  <div class='ocr_page' id='page_1' title='image "/cluster/home/n/w/nwhite01/storage/ocr_20150623/78/nnc1.0046980008/772.png"; bbox 0 0 3906 6416; ppageno 0'>
   <div class='ocr_carea' id='block_1_1' title="bbox 1066 278 3508 388">
    <p class='ocr_par' dir='ltr' id='par_1_1' title="bbox 1066 278 3508 388">
     <span class='ocr_line' id='line_1_1' title="bbox 1066 278 3508 388; baseline 0.002 -7"><span class='ocrx_word' id='word_1_1' title='bbox 1066 302 1606 382; x_wconf 77' lang='lat' dir='ltr'><strong>EPISTOLARUM</strong></span> <span class='ocrx_word' id='word_1_2' title='bbox 1642 318 1788 379; x_wconf 85' lang='lat' dir='ltr'><strong>LIB.</strong></span> <span class='ocrx_word' id='word_1_3' title='bbox 1824 322 1894 381; x_wconf 93' lang='lat' dir='ltr'><strong>v.</strong></span> <span class='ocrx_word' id='word_1_4' title='bbox 1919 345 1990 357; x_wconf 92' lang='lat'><strong>—</strong></span> <span class='ocrx_word' id='word_1_5' title='bbox 2030 312 2267 384; x_wconf 86' lang='lat' dir='ltr'><strong>EPIST.</strong></span> <span class='ocrx_word' id='word_1_6' title='bbox 2308 322 2534 382; x_wconf 78' lang='lat' dir='ltr'><strong>CXLIV</strong></span> <span class='ocrx_word' id='word_1_7' title='bbox 3360 278 3508 388; x_wconf 76' lang='lat' dir='ltr'><strong>tuo</strong></span> 
     </span>
    </p>
   </div>
   <div class='ocr_carea' id='block_1_2' title="bbox 230 328 365 393">
    <p class='ocr_par' dir='ltr' id='par_1_2' title="bbox 230 328 365 393">
     <span class='ocr_line' id='line_1_2' title="bbox 230 328 365 393; baseline 0 0"><span class='ocrx_word' id='word_1_8' title='bbox 230 328 365 393; x_wconf 73' lang='grc'><strong>1409</strong></span> 
     </span>
    </p>
   </div>
   <div class='ocr_carea' id='block_1_3' title="bbox 220 434 1802 514">
    <p class='ocr_par' dir='ltr' id='par_1_3' title="bbox 220 434 1802 514">
     <span class='ocr_line' id='line_1_3' title="bbox 220 434 1802 514; baseline -0.008 -18"><span class='ocrx_word' id='word_1_9' title='bbox 220 444 492 514; x_wconf 78' lang='grc' dir='ltr'><strong>φήσαντι·</strong></span> <span class='ocrx_word' id='word_1_10' title='bbox 543 458 563 493; x_wconf 77' lang='grc' dir='ltr'><strong>ι</strong></span> <span class='ocrx_word' id='word_1_11' title='bbox 622 437 689 492; x_wconf 86' lang='grc' dir='ltr'>Τί</span> <span class='ocrx_word' id='word_1_12' title='bbox 747 438 855 510; x_wconf 85' lang='lat'><strong>7&amp;9</strong></span> <span class='ocrx_word' id='word_1_13' title='bbox 905 435 1181 505; x_wconf 79' lang='grc' dir='ltr'><strong>ὠφελήσει</strong></span> <span class='ocrx_word' id='word_1_14' title='bbox 1235 434 1549 506; x_wconf 80' lang='grc' dir='ltr'>ἄνθρωπον,</span> <span class='ocrx_word' id='word_1_15' title='bbox 1601 435 1699 488; x_wconf 89' lang='grc' dir='ltr'><strong>ἐάν</strong></span> <span class='ocrx_word' id='word_1_16' title='bbox 1726 434 1802 487; x_wconf 63' lang='grc' dir='ltr'>τὺπ</span> 
     </span>
    </p>
   </div>
   <div class='ocr_carea' id='block_1_4' title="bbox 1901 434 3505 514">
    <p class='ocr_par' dir='ltr' id='par_1_4' title="bbox 1928 435 3505 506">
     <span class='ocr_line' id='line_1_4' title="bbox 1928 435 3505 506; baseline 0.003 -17"><span class='ocrx_word' id='word_1_17' title='bbox 1928 436 2151 504; x_wconf 86' lang='lat' dir='ltr'><strong>prodest</strong></span> <span class='ocrx_word' id='word_1_18' title='bbox 2192 437 2443 502; x_wconf 81' lang='lat' dir='ltr'><strong>homini,</strong></span> <span class='ocrx_word' id='word_1_19' title='bbox 2495 437 2543 491; x_wconf 90' lang='lat' dir='ltr'><strong>si</strong></span> <span class='ocrx_word' id='word_1_20' title='bbox 2580 435 2891 491; x_wconf 83' lang='lat' dir='ltr'><strong>universum</strong></span> <span class='ocrx_word' id='word_1_21' title='bbox 2940 437 3199 493; x_wconf 86' lang='lat' dir='ltr'><strong>mundum</strong></span> <span class='ocrx_word' id='word_1_22' title='bbox 3233 440 3505 506; x_wconf 88' lang='lat' dir='ltr'><strong>lucretur,</strong></span> 
     </span>
    </p>
   </div>
   <div class='ocr_carea' id='block_1_5' title="bbox 219 523 1802 605">
    <p class='ocr_par' dir='ltr' id='par_1_5' title="bbox 219 524 1802 605">
     <span class='ocr_line' id='line_1_5' title="bbox 219 524 1802 605; baseline -0.008 -17"><span class='ocrx_word' id='word_1_23' title='bbox 219 535 429 605; x_wconf 78' lang='grc' dir='ltr'><strong>κόσμον</strong></span> <span class='ocrx_word' id='word_1_24' title='bbox 455 533 579 588; x_wconf 77' lang='grc' dir='ltr'>ὅλον</span> <span class='ocrx_word' id='word_1_25' title='bbox 600 532 865 605; x_wconf 79' lang='grc' dir='ltr'>κερδήσῃ,</span> <span class='ocrx_word' id='word_1_26' title='bbox 888 530 988 599; x_wconf 85' lang='grc' dir='ltr'>τὴν</span> <span class='ocrx_word' id='word_1_27' title='bbox 1008 527 1065 581; x_wconf 83' lang='grc' dir='ltr'>δὲ</span> <span class='ocrx_word' id='word_1_28' title='bbox 1080 526 1260 598; x_wconf 78' lang='grc' dir='ltr'>ψυχὴν</span> <span class='ocrx_word' id='word_1_29' title='bbox 1285 526 1452 579; x_wconf 82' lang='grc' dir='ltr'>αὑτοῦ</span> <span class='ocrx_word' id='word_1_30' title='bbox 1477 524 1731 596; x_wconf 77' lang='grc' dir='ltr'><strong>ζημιωθῇ</strong></span> <span class='ocrx_word' id='word_1_31' title='bbox 1751 541 1765 589; x_wconf 91' lang='grc'>;</span> <span class='ocrx_word' id='word_1_32' title='bbox 1786 543 1802 576; x_wconf 80' lang='grc' dir='ltr'><strong>ι</strong></span> 
     </span>
    </p>
   </div>
   <div class='ocr_carea' id='block_1_6' title="bbox 1901 523 3507 605">
    <p class='ocr_par' dir='ltr' id='par_1_6' title="bbox 1918 523 3507 601">
     <span class='ocr_line' id='line_1_6' title="bbox 1918 523 3507 601; baseline 0.004 -24"><span class='ocrx_word' id='word_1_33' title='bbox 1918 524 2114 580; x_wconf 74' lang='lat' dir='ltr'><strong>animm</strong></span> <span class='ocrx_word' id='word_1_34' title='bbox 2137 540 2265 580; x_wconf 88' lang='lat' dir='ltr'><strong>vero</strong></span> <span class='ocrx_word' id='word_1_35' title='bbox 2296 540 2408 580; x_wconf 65' lang='lat' dir='ltr'><strong>sua:</strong></span> <span class='ocrx_word' id='word_1_36' title='bbox 2429 523 2702 595; x_wconf 77' lang='lat' dir='ltr'><strong>iacturam</strong></span> <span class='ocrx_word' id='word_1_37' title='bbox 2734 524 2997 580; x_wconf 77' lang='lat' dir='ltr'><strong>faciat“?</strong></span> <span class='ocrx_word' id='word_1_38' title='bbox 3028 546 3045 579; x_wconf 73' lang='grc' dir='ltr'><strong>ι</strong></span> <span class='ocrx_word' id='word_1_39' title='bbox 3076 525 3133 582; x_wconf 90' lang='lat' dir='ltr'><strong>Si</strong></span> <span class='ocrx_word' id='word_1_40' title='bbox 3160 528 3346 601; x_wconf 79' lang='lat' dir='ltr'><strong>itaque</strong></span> <span class='ocrx_word' id='word_1_41' title='bbox 3382 544 3507 584; x_wconf 91' lang='lat' dir='ltr'><strong>cor-</strong></span> 
     </span>
    </p>
   </div>
   <div class='ocr_carea' id='block_1_7' title="bbox 218 616 1802 697">
    <p class='ocr_par' dir='ltr' id='par_1_7' title="bbox 218 616 1802 697">
     <span class='ocr_line' id='line_1_7' title="bbox 218 616 1802 697; baseline -0.006 -19"><span class='ocrx_word' id='word_1_42' title='bbox 218 626 283 678; x_wconf 81' lang='lat' dir='ltr'><strong>El</strong></span> <span class='ocrx_word' id='word_1_43' title='bbox 329 625 446 697; x_wconf 87' lang='lat'><strong>7&amp;9</strong></span> <span class='ocrx_word' id='word_1_44' title='bbox 488 624 587 679; x_wconf 84' lang='grc' dir='ltr'>τοῦ</span> <span class='ocrx_word' id='word_1_45' title='bbox 621 624 879 693; x_wconf 80' lang='grc' dir='ltr'><strong>συνάγειν</strong></span> <span class='ocrx_word' id='word_1_46' title='bbox 928 619 1205 690; x_wconf 78' lang='grc' dir='ltr'><strong>ἀποσταίη</strong></span> <span class='ocrx_word' id='word_1_47' title='bbox 1252 618 1397 673; x_wconf 85' lang='grc' dir='ltr'><strong>κατά</strong></span> <span class='ocrx_word' id='word_1_48' title='bbox 1450 616 1669 689; x_wconf 72' lang='grc' dir='ltr'>μικρὸν,</span> <span class='ocrx_word' id='word_1_49' title='bbox 1710 617 1802 670; x_wconf 77' lang='grc' dir='ltr'>καὶ</span> 
     </span>
    </p>
   </div>
   <div class='ocr_carea' id='block_1_8' title="bbox 1901 616 3504 697">
    <p class='ocr_par' dir='ltr' id='par_1_8' title="bbox 1907 616 3504 686">
     <span class='ocr_line' id='line_1_8' title="bbox 1907 616 3504 686; baseline 0.003 -15"><span class='ocrx_word' id='word_1_50' title='bbox 1907 618 2103 671; x_wconf 86' lang='lat' dir='ltr'><strong>radere</strong></span> <span class='ocrx_word' id='word_1_51' title='bbox 2158 616 2422 686; x_wconf 76' lang='lat' dir='ltr'><strong>paulatim</strong></span> <span class='ocrx_word' id='word_1_52' title='bbox 2495 616 2747 682; x_wconf 85' lang='lat' dir='ltr'><strong>desinat,</strong></span> <span class='ocrx_word' id='word_1_53' title='bbox 2803 624 2859 674; x_wconf 89' lang='lat' dir='ltr'><strong>et</strong></span> <span class='ocrx_word' id='word_1_54' title='bbox 2925 618 2993 673; x_wconf 87' lang='lat' dir='ltr'><strong>ad</strong></span> <span class='ocrx_word' id='word_1_55' title='bbox 3053 619 3504 677; x_wconf 89' lang='lat' dir='ltr'><strong>distribuendum</strong></span> 
     </span>
    </p>
   </div>
   <div class='ocr_carea' id='block_1_9' title="bbox 218 705 1802 787">
    <p class='ocr_par' dir='ltr' id='par_1_9' title="bbox 218 707 1802 787">
     <span class='ocr_line' id='line_1_9' title="bbox 218 707 1802 787; baseline -0.004 -19"><span class='ocrx_word' id='word_1_56' title='bbox 218 716 299 779; x_wconf 88' lang='grc' dir='ltr'><strong>είς</strong></span> <span class='ocrx_word' id='word_1_57' title='bbox 352 716 419 770; x_wconf 81' lang='grc' dir='ltr'>τὸ</span> <span class='ocrx_word' id='word_1_58' title='bbox 466 714 793 787; x_wconf 81' lang='grc' dir='ltr'>μεταδοῦναι</span> <span class='ocrx_word' id='word_1_59' title='bbox 846 712 990 784; x_wconf 74' lang='grc' dir='ltr'>ἥξει,</span> <span class='ocrx_word' id='word_1_60' title='bbox 1044 710 1141 764; x_wconf 71' lang='grc' dir='ltr'>καὶ</span> <span class='ocrx_word' id='word_1_61' title='bbox 1186 710 1288 773; x_wconf 89' lang='grc' dir='ltr'><strong>είς</strong></span> <span class='ocrx_word' id='word_1_62' title='bbox 1329 707 1546 762; x_wconf 81' lang='grc' dir='ltr'>τελείαν</span> <span class='ocrx_word' id='word_1_63' title='bbox 1597 708 1802 778; x_wconf 80' lang='grc' dir='ltr'>ὑγίειαν</span> 
     </span>
    </p>
   </div>
   <div class='ocr_carea' id='block_1_10' title="bbox 1901 705 3505 787">
    <p class='ocr_par' dir='ltr' id='par_1_10' title="bbox 1906 705 3505 782">
     <span class='ocr_line' id='line_1_10' title="bbox 1906 705 3505 782; baseline 0.004 -23"><span class='ocrx_word' id='word_1_64' title='bbox 1906 705 2184 778; x_wconf 78' lang='lat' dir='ltr'><strong>largiendo</strong></span> <span class='ocrx_word' id='word_1_65' title='bbox 2233 709 2449 775; x_wconf 89' lang='lat' dir='ltr'><strong>veniat,</strong></span> <span class='ocrx_word' id='word_1_66' title='bbox 2488 706 2537 763; x_wconf 90' lang='lat' dir='ltr'><strong>is</strong></span> <span class='ocrx_word' id='word_1_67' title='bbox 2588 707 2858 778; x_wconf 74' lang='lat' dir='ltr'><strong>integram</strong></span> <span class='ocrx_word' id='word_1_68' title='bbox 2904 711 3257 782; x_wconf 89' lang='lat' dir='ltr'><strong>recuperabit</strong></span> <span class='ocrx_word' id='word_1_69' title='bbox 3288 711 3505 768; x_wconf 88' lang='lat' dir='ltr'><strong>valetu-</strong></span> 
     </span>
    </p>
   </div>
   <div class='ocr_carea' id='block_1_11' title="bbox 217 799 1802 881">
    <p class='ocr_par' dir='ltr' id='par_1_11' title="bbox 217 808 750 881">
     <span class='ocr_line' id='line_1_11' title="bbox 217 808 750 881; baseline 0.002 -18"><span class='ocrx_word' id='word_1_70' title='bbox 217 808 750 881; x_wconf 75' lang='grc' dir='ltr'><strong>ἀνακομισθήσεται.</strong></span> 
     </span>
    </p>
   </div>
   <div class='ocr_carea' id='block_1_12' title="bbox 1901 799 2111 881">
    <p class='ocr_par' dir='ltr' id='par_1_12' title="bbox 1906 799 2111 855">
     <span class='ocr_line' id='line_1_12' title="bbox 1906 799 2111 855; baseline 0.01 -2"><span class='ocrx_word' id='word_1_71' title='bbox 1906 799 2111 855; x_wconf 80' lang='lat' dir='ltr'><strong>dinem.</strong></span> 
     </span>
    </p>
   </div>
   <div class='ocr_carea' id='block_1_13' title="bbox 555 885 1802 989">
    <p class='ocr_par' dir='ltr' id='par_1_13' title="bbox 555 912 1491 983">
     <span class='ocr_line' id='line_1_13' title="bbox 555 912 1491 983; baseline -0.006 -12"><span class='ocrx_word' id='word_1_72' title='bbox 555 918 733 973; x_wconf 86' lang='lat' dir='ltr'><strong>PMI&quot;.</strong></span> <span class='ocrx_word' id='word_1_73' title='bbox 767 947 836 957; x_wconf 91' lang='grc'><strong><em>-</em></strong></span> <span class='ocrx_word' id='word_1_74' title='bbox 862 914 1138 983; x_wconf 78' lang='grc' dir='ltr'><strong>ΣΕΡΗΝῼ</strong></span> <span class='ocrx_word' id='word_1_75' title='bbox 1167 912 1491 983; x_wconf 79' lang='grc' dir='ltr'><strong>ΔΙΑΚΟΝῼ.</strong></span> 
     </span>
    </p>
   </div>
   <div class='ocr_carea' id='block_1_14' title="bbox 1901 885 3203 989">
    <p class='ocr_par' dir='ltr' id='par_1_14' title="bbox 2203 885 3203 989">
     <span class='ocr_line' id='line_1_14' title="bbox 2203 885 3203 989; baseline 0.004 -25"><span class='ocrx_word' id='word_1_76' title='bbox 2203 906 2439 964; x_wconf 78' lang='lat' dir='ltr'><strong>CXLIII.</strong></span> <span class='ocrx_word' id='word_1_77' title='bbox 2463 939 2536 949; x_wconf 88' lang='lat'><strong>—</strong></span> <span class='ocrx_word' id='word_1_78' title='bbox 2566 885 2840 964; x_wconf 70' lang='lat' dir='ltr'><strong>SERENO</strong></span> <span class='ocrx_word' id='word_1_79' title='bbox 2881 898 3203 989; x_wconf 54' lang='lat' dir='ltr'><strong>otiootio.</strong></span> 
     </span>
    </p>
   </div>
   <div class='ocr_carea' id='block_1_15' title="bbox 1193 999 2528 1072">
    <p class='ocr_par' dir='ltr' id='par_1_15' title="bbox 1193 999 2528 1072">
     <span class='ocr_line' id='line_1_15' title="bbox 1193 999 2528 1072; baseline -0.004 -12"><span class='ocrx_word' id='word_1_80' title='bbox 1193 1004 1348 1060; x_wconf 64' lang='grc' dir='ltr'>ϐάθεα</span> <span class='ocrx_word' id='word_1_81' title='bbox 1377 1004 1623 1058; x_wconf 78' lang='lat' dir='ltr'><strong>vindicta:</strong></span> <span class='ocrx_word' id='word_1_82' title='bbox 1669 1000 1931 1070; x_wconf 71' lang='lat' dir='ltr'><strong>cupiditas</strong></span> <span class='ocrx_word' id='word_1_83' title='bbox 1970 999 2165 1054; x_wconf 84' lang='lat' dir='ltr'><strong>multos</strong></span> <span class='ocrx_word' id='word_1_84' title='bbox 2202 1001 2528 1072; x_wconf 78' lang='lat' dir='ltr'><strong>pessumdat.</strong></span> 
     </span>
    </p>
   </div>
   <div class='ocr_carea' id='block_1_16' title="bbox 305 1110 1802 1191">
    <p class='ocr_par' dir='ltr' id='par_1_16' title="bbox 305 1110 1802 1191">
     <span class='ocr_line' id='line_1_16' title="bbox 305 1110 1802 1191; baseline -0.007 -16"><span class='ocrx_word' id='word_1_85' title='bbox 305 1118 529 1191; x_wconf 83' lang='grc' dir='ltr'><strong>Ἐπειδὴ</strong></span> <span class='ocrx_word' id='word_1_86' title='bbox 586 1118 648 1172; x_wconf 83' lang='grc' dir='ltr'>τὸ</span> <span class='ocrx_word' id='word_1_87' title='bbox 718 1118 899 1173; x_wconf 83' lang='grc' dir='ltr'>κοινὸν</span> <span class='ocrx_word' id='word_1_88' title='bbox 970 1118 1131 1188; x_wconf 77' lang='grc' dir='ltr'>μῖσος</span> <span class='ocrx_word' id='word_1_89' title='bbox 1206 1113 1519 1187; x_wconf 85' lang='grc' dir='ltr'>ἀνθρώποις</span> <span class='ocrx_word' id='word_1_90' title='bbox 1597 1110 1802 1184; x_wconf 66' lang='grc' dir='ltr'>μάλιστ</span> 
     </span>
    </p>
   </div>
   <div class='ocr_carea' id='block_1_17' title="bbox 1901 1110 3499 1191">
    <p class='ocr_par' dir='ltr' id='par_1_17' title="bbox 1985 1110 3499 1179">
     <span class='ocr_line' id='line_1_17' title="bbox 1985 1110 3499 1179; baseline 0.005 -16"><span class='ocrx_word' id='word_1_91' title='bbox 1985 1110 2214 1179; x_wconf 83' lang='lat' dir='ltr'><strong>Quando</strong></span> <span class='ocrx_word' id='word_1_92' title='bbox 2285 1126 2575 1168; x_wconf 89' lang='lat' dir='ltr'><strong>commune</strong></span> <span class='ocrx_word' id='word_1_93' title='bbox 2635 1113 2819 1169; x_wconf 93' lang='lat' dir='ltr'><strong>odium</strong></span> <span class='ocrx_word' id='word_1_94' title='bbox 2888 1113 3197 1169; x_wconf 86' lang='lat' dir='ltr'><strong>hominibus</strong></span> <span class='ocrx_word' id='word_1_95' title='bbox 3264 1115 3499 1170; x_wconf 79' lang='lat' dir='ltr'><strong>maxime</strong></span> 
     </span>
    </p>
   </div>
   <div class='ocr_carea' id='block_1_18' title="bbox 218 1201 1802 1278">
    <p class='ocr_par' dir='ltr' id='par_1_18' title="bbox 218 1202 1802 1278">
     <span class='ocr_line' id='line_1_18' title="bbox 218 1202 1802 1278; baseline -0.008 -11"><span class='ocrx_word' id='word_1_96' title='bbox 218 1212 455 1267; x_wconf 74' lang='grc' dir='ltr'>ἄπιστον</span> <span class='ocrx_word' id='word_1_97' title='bbox 482 1205 799 1265; x_wconf 75' lang='grc' dir='ltr'>εἶναιδοκεῖ</span> <span class='ocrx_word' id='word_1_98' title='bbox 844 1210 926 1274; x_wconf 86' lang='grc' dir='ltr'><strong>είς</strong></span> <span class='ocrx_word' id='word_1_99' title='bbox 958 1206 1166 1278; x_wconf 78' lang='grc' dir='ltr'>φιλίαν,</span> <span class='ocrx_word' id='word_1_100' title='bbox 1216 1207 1313 1260; x_wconf 70' lang='grc' dir='ltr'><strong>κα)⁸</strong></span> <span class='ocrx_word' id='word_1_101' title='bbox 1360 1206 1420 1260; x_wconf 87' lang='grc' dir='ltr'><strong>ἐν</strong></span> <span class='ocrx_word' id='word_1_102' title='bbox 1459 1202 1677 1266; x_wconf 83' lang='grc' dir='ltr'><strong>πολλοῖς</strong></span> <span class='ocrx_word' id='word_1_103' title='bbox 1697 1202 1802 1256; x_wconf 90' lang='grc' dir='ltr'>δια-</span> 
     </span>
    </p>
   </div>
   <div class='ocr_carea' id='block_1_19' title="bbox 1901 1201 3499 1278">
    <p class='ocr_par' dir='ltr' id='par_1_19' title="bbox 1912 1201 3499 1273">
     <span class='ocr_line' id='line_1_19' title="bbox 1912 1201 3499 1273; baseline 0.002 -16"><span class='ocrx_word' id='word_1_104' title='bbox 1912 1201 2138 1258; x_wconf 89' lang='lat' dir='ltr'><strong>inlldum</strong></span> <span class='ocrx_word' id='word_1_105' title='bbox 2182 1218 2310 1261; x_wconf 89' lang='lat' dir='ltr'><strong>esse</strong></span> <span class='ocrx_word' id='word_1_106' title='bbox 2353 1204 2422 1259; x_wconf 92' lang='lat' dir='ltr'><strong>ad</strong></span> <span class='ocrx_word' id='word_1_107' title='bbox 2471 1203 2768 1260; x_wconf 81' lang='lat' dir='ltr'><strong>amicitiam</strong></span> <span class='ocrx_word' id='word_1_108' title='bbox 2808 1205 3093 1273; x_wconf 90' lang='lat' dir='ltr'><strong>videatur,</strong></span> <span class='ocrx_word' id='word_1_109' title='bbox 3126 1214 3183 1260; x_wconf 92' lang='lat' dir='ltr'><strong>et</strong></span> <span class='ocrx_word' id='word_1_110' title='bbox 3217 1205 3272 1260; x_wconf 92' lang='lat' dir='ltr'><strong>in</strong></span> <span class='ocrx_word' id='word_1_111' title='bbox 3317 1207 3499 1260; x_wconf 85' lang='lat' dir='ltr'><strong>multis</strong></span> 
     </span>
    </p>
   </div>
   <div class='ocr_carea' id='block_1_20' title="bbox 217 1290 1802 1377">
    <p class='ocr_par' dir='ltr' id='par_1_20' title="bbox 217 1290 1802 1377">
     <span class='ocr_line' id='line_1_20' title="bbox 217 1290 1802 1377; baseline -0.007 -19"><span class='ocrx_word' id='word_1_112' title='bbox 217 1304 544 1377; x_wconf 82' lang='grc' dir='ltr'>φερόμενοι,</span> <span class='ocrx_word' id='word_1_113' title='bbox 595 1304 656 1357; x_wconf 86' lang='grc' dir='ltr'><strong>ἐν</strong></span> <span class='ocrx_word' id='word_1_114' title='bbox 702 1301 936 1365; x_wconf 83' lang='grc' dir='ltr'>ἐκείνοις</span> <span class='ocrx_word' id='word_1_115' title='bbox 996 1298 1411 1372; x_wconf 90' lang='grc' dir='ltr'>συμϐαίνουσιν,</span> <span class='ocrx_word' id='word_1_116' title='bbox 1453 1296 1512 1350; x_wconf 84' lang='grc' dir='ltr'><strong>ἐν</strong></span> <span class='ocrx_word' id='word_1_117' title='bbox 1557 1290 1641 1359; x_wconf 75' lang='grc' dir='ltr'><strong>οἷς</strong></span> <span class='ocrx_word' id='word_1_118' title='bbox 1684 1294 1802 1358; x_wconf 82' lang='grc' dir='ltr'>τοὺς</span> 
     </span>
    </p>
   </div>
   <div class='ocr_carea' id='block_1_21' title="bbox 1901 1290 3496 1377">
    <p class='ocr_par' dir='ltr' id='par_1_21' title="bbox 1912 1296 3496 1368">
     <span class='ocr_line' id='line_1_21' title="bbox 1912 1296 3496 1368; baseline 0.001 -18"><span class='ocrx_word' id='word_1_119' title='bbox 1912 1296 2302 1352; x_wconf 87' lang='lat' dir='ltr'><strong>dissentientes</strong></span> <span class='ocrx_word' id='word_1_120' title='bbox 2354 1296 2411 1351; x_wconf 88' lang='lat' dir='ltr'><strong>in</strong></span> <span class='ocrx_word' id='word_1_121' title='bbox 2462 1296 2531 1352; x_wconf 91' lang='lat' dir='ltr'><strong>iis</strong></span> <span class='ocrx_word' id='word_1_122' title='bbox 2570 1297 2958 1361; x_wconf 89' lang='lat' dir='ltr'><strong>consentiant,</strong></span> <span class='ocrx_word' id='word_1_123' title='bbox 2992 1298 3045 1351; x_wconf 94' lang='lat' dir='ltr'><strong>in</strong></span> <span class='ocrx_word' id='word_1_124' title='bbox 3094 1297 3293 1368; x_wconf 93' lang='lat' dir='ltr'><strong>quibus</strong></span> <span class='ocrx_word' id='word_1_125' title='bbox 3330 1298 3496 1352; x_wconf 88' lang='lat' dir='ltr'><strong>etiam</strong></span> 
     </span>
    </p>
   </div>
   <div class='ocr_carea' id='block_1_22' title="bbox 218 1385 1802 1467">
    <p class='ocr_par' dir='ltr' id='par_1_22' title="bbox 218 1385 1802 1467">
     <span class='ocr_line' id='line_1_22' title="bbox 218 1385 1802 1467; baseline -0.008 -15"><span class='ocrx_word' id='word_1_126' title='bbox 218 1397 425 1461; x_wconf 78' lang='grc' dir='ltr'>αὐτοὺς</span> <span class='ocrx_word' id='word_1_127' title='bbox 497 1394 729 1467; x_wconf 77' lang='grc' dir='ltr'>ἐχθροὺς</span> <span class='ocrx_word' id='word_1_128' title='bbox 814 1392 1100 1465; x_wconf 76' lang='grc' dir='ltr'>ἡγοῦνται.</span> <span class='ocrx_word' id='word_1_129' title='bbox 1189 1388 1659 1462; x_wconf 85' lang='grc' dir='ltr'>Παραφυλακτέον</span> <span class='ocrx_word' id='word_1_130' title='bbox 1736 1385 1802 1440; x_wconf 89' lang='grc' dir='ltr'><strong>τά</strong></span> 
     </span>
    </p>
   </div>
   <div class='ocr_carea' id='block_1_23' title="bbox 1901 1385 3495 1467">
    <p class='ocr_par' dir='ltr' id='par_1_23' title="bbox 1916 1388 3495 1457">
     <span class='ocr_line' id='line_1_23' title="bbox 1916 1388 3495 1457; baseline 0.001 -16"><span class='ocrx_word' id='word_1_131' title='bbox 1916 1389 2063 1457; x_wconf 85' lang='lat' dir='ltr'><strong>ipsos</strong></span> <span class='ocrx_word' id='word_1_132' title='bbox 2113 1388 2274 1442; x_wconf 83' lang='lat' dir='ltr'><strong>simul</strong></span> <span class='ocrx_word' id='word_1_133' title='bbox 2309 1402 2494 1443; x_wconf 82' lang='lat' dir='ltr'><strong>secum</strong></span> <span class='ocrx_word' id='word_1_134' title='bbox 2555 1389 2899 1444; x_wconf 81' lang='lat' dir='ltr'><strong>adversarios</strong></span> <span class='ocrx_word' id='word_1_135' title='bbox 2944 1390 3060 1443; x_wconf 79' lang='lat' dir='ltr'><strong>fore</strong></span> <span class='ocrx_word' id='word_1_136' title='bbox 3110 1392 3495 1456; x_wconf 72' lang='lat' dir='ltr'><strong>arbitrantur;</strong></span> 
     </span>
    </p>
   </div>
   <div class='ocr_carea' id='block_1_24' title="bbox 214 1478 1802 1559">
    <p class='ocr_par' dir='ltr' id='par_1_24' title="bbox 214 1478 1802 1559">
     <span class='ocr_line' id='line_1_24' title="bbox 214 1478 1802 1559; baseline -0.008 -16"><span class='ocrx_word' id='word_1_137' title='bbox 214 1488 484 1543; x_wconf 70' lang='grc' dir='ltr'>ωιαῦταο</span> <span class='ocrx_word' id='word_1_138' title='bbox 545 1487 783 1559; x_wconf 86' lang='grc' dir='ltr'>μάλιστα</span> <span class='ocrx_word' id='word_1_139' title='bbox 837 1486 939 1558; x_wconf 79' lang='grc' dir='ltr'>μὲν</span> <span class='ocrx_word' id='word_1_140' title='bbox 982 1484 1093 1557; x_wconf 91' lang='grc' dir='ltr'><strong>γάρ</strong></span> <span class='ocrx_word' id='word_1_141' title='bbox 1139 1479 1553 1554; x_wconf 74' lang='grc' dir='ltr'>φιλοσοφητέον,</span> <span class='ocrx_word' id='word_1_142' title='bbox 1585 1479 1682 1533; x_wconf 77' lang='grc' dir='ltr'>καὶ</span> <span class='ocrx_word' id='word_1_143' title='bbox 1705 1478 1802 1532; x_wconf 82' lang='grc' dir='ltr'>οὐκ</span> 
     </span>
    </p>
   </div>
   <div class='ocr_carea' id='block_1_25' title="bbox 1901 1478 3497 1559">
    <p class='ocr_par' dir='ltr' id='par_1_25' title="bbox 1920 1481 3497 1536">
     <span class='ocr_line' id='line_1_25' title="bbox 1920 1481 3497 1536; baseline 0 -2"><span class='ocrx_word' id='word_1_144' title='bbox 1920 1482 2220 1535; x_wconf 84' lang='lat' dir='ltr'><strong>cavendum</strong></span> <span class='ocrx_word' id='word_1_145' title='bbox 2257 1491 2343 1536; x_wconf 90' lang='lat' dir='ltr'><strong>est</strong></span> <span class='ocrx_word' id='word_1_146' title='bbox 2395 1496 2463 1536; x_wconf 89' lang='lat' dir='ltr'><strong>ne</strong></span> <span class='ocrx_word' id='word_1_147' title='bbox 2524 1481 2681 1536; x_wconf 86' lang='lat' dir='ltr'><strong>alteri</strong></span> <span class='ocrx_word' id='word_1_148' title='bbox 2743 1491 2934 1536; x_wconf 91' lang='lat' dir='ltr'><strong>contra</strong></span> <span class='ocrx_word' id='word_1_149' title='bbox 2987 1482 3214 1536; x_wconf 88' lang='lat' dir='ltr'><strong>alterum</strong></span> <span class='ocrx_word' id='word_1_150' title='bbox 3258 1481 3497 1535; x_wconf 83' lang='lat' dir='ltr'><strong>l&#39;era&#39;mus</strong></span> 
     </span>
    </p>
   </div>
   <div class='ocr_carea' id='block_1_26' title="bbox 215 1570 1802 1651">
    <p class='ocr_par' dir='ltr' id='par_1_26' title="bbox 215 1570 1802 1651">
     <span class='ocr_line' id='line_1_26' title="bbox 215 1570 1802 1651; baseline -0.007 -18"><span class='ocrx_word' id='word_1_151' title='bbox 215 1579 511 1651; x_wconf 77' lang='grc' dir='ltr'>ἀμυντέον.</span> <span class='ocrx_word' id='word_1_152' title='bbox 538 1580 603 1632; x_wconf 83' lang='lat' dir='ltr'><strong>Ei</strong></span> <span class='ocrx_word' id='word_1_153' title='bbox 641 1578 701 1631; x_wconf 76' lang='grc' dir='ltr'>δὲ</span> <span class='ocrx_word' id='word_1_154' title='bbox 746 1577 964 1632; x_wconf 77' lang='grc' dir='ltr'>οὐδέπω</span> <span class='ocrx_word' id='word_1_155' title='bbox 1013 1576 1266 1641; x_wconf 82' lang='grc' dir='ltr'>δυνατὸν,</span> <span class='ocrx_word' id='word_1_156' title='bbox 1322 1570 1802 1644; x_wconf 88' lang='grc' dir='ltr'>παραφυλακτέον,</span> 
     </span>
    </p>
   </div>
   <div class='ocr_carea' id='block_1_27' title="bbox 1901 1570 3495 1651">
    <p class='ocr_par' dir='ltr' id='par_1_27' title="bbox 1914 1571 3495 1640">
     <span class='ocr_line' id='line_1_27' title="bbox 1914 1571 3495 1640; baseline -0.001 -16"><span class='ocrx_word' id='word_1_157' title='bbox 1914 1571 2195 1626; x_wconf 78' lang='lat' dir='ltr'><strong>auxilium.</strong></span> <span class='ocrx_word' id='word_1_158' title='bbox 2233 1571 2388 1639; x_wconf 84' lang='lat' dir='ltr'><strong>Quod</strong></span> <span class='ocrx_word' id='word_1_159' title='bbox 2431 1571 2477 1626; x_wconf 91' lang='lat' dir='ltr'><strong>si</strong></span> <span class='ocrx_word' id='word_1_160' title='bbox 2514 1586 2579 1625; x_wconf 93' lang='lat' dir='ltr'><strong>ne</strong></span> <span class='ocrx_word' id='word_1_161' title='bbox 2610 1574 2711 1625; x_wconf 87' lang='lat' dir='ltr'><strong>hoc</strong></span> <span class='ocrx_word' id='word_1_162' title='bbox 2756 1572 2975 1640; x_wconf 83' lang='lat' dir='ltr'><strong>quidem</strong></span> <span class='ocrx_word' id='word_1_163' title='bbox 3013 1571 3126 1625; x_wconf 80' lang='lat' dir='ltr'><strong>ﬁeri</strong></span> <span class='ocrx_word' id='word_1_164' title='bbox 3155 1572 3370 1640; x_wconf 87' lang='lat' dir='ltr'><strong>possit,</strong></span> <span class='ocrx_word' id='word_1_165' title='bbox 3402 1586 3495 1625; x_wconf 88' lang='lat' dir='ltr'><strong>ca-</strong></span> 
     </span>
    </p>
   </div>
   <div class='ocr_carea' id='block_1_28' title="bbox 217 1661 1802 1743">
    <p class='ocr_par' dir='ltr' id='par_1_28' title="bbox 217 1662 1802 1741">
     <span class='ocr_line' id='line_1_28' title="bbox 217 1662 1802 1741; baseline -0.006 -17"><span class='ocrx_word' id='word_1_166' title='bbox 217 1672 437 1741; x_wconf 80' lang='grc' dir='ltr'>μήποτε</span> <span class='ocrx_word' id='word_1_167' title='bbox 496 1669 710 1741; x_wconf 83' lang='grc' dir='ltr'>θατέρῳ</span> <span class='ocrx_word' id='word_1_168' title='bbox 755 1668 898 1722; x_wconf 87' lang='grc' dir='ltr'><strong>κατά</strong></span> <span class='ocrx_word' id='word_1_169' title='bbox 955 1666 1052 1721; x_wconf 81' lang='grc' dir='ltr'><strong>τοῦ</strong></span> <span class='ocrx_word' id='word_1_170' title='bbox 1101 1666 1292 1737; x_wconf 76' lang='grc' dir='ltr'>ἑτέρου</span> <span class='ocrx_word' id='word_1_171' title='bbox 1360 1662 1802 1735; x_wconf 79' lang='grc' dir='ltr'><strong>συμπράξαντες,</strong></span> 
     </span>
    </p>
   </div>
   <div class='ocr_carea' id='block_1_29' title="bbox 1901 1661 3495 1743">
    <p class='ocr_par' dir='ltr' id='par_1_29' title="bbox 1913 1661 3495 1743">
     <span class='ocr_line' id='line_1_29' title="bbox 1913 1661 3495 1743; baseline 0.003 -32"><span class='ocrx_word' id='word_1_172' title='bbox 1913 1661 2145 1717; x_wconf 89' lang='lat' dir='ltr'><strong>vendum</strong></span> <span class='ocrx_word' id='word_1_173' title='bbox 2179 1676 2246 1716; x_wconf 91' lang='lat' dir='ltr'><strong>ne</strong></span> <span class='ocrx_word' id='word_1_174' title='bbox 2275 1677 2442 1716; x_wconf 90' lang='lat' dir='ltr'><strong>unum</strong></span> <span class='ocrx_word' id='word_1_175' title='bbox 2483 1677 2583 1731; x_wconf 91' lang='lat' dir='ltr'><strong>pro</strong></span> <span class='ocrx_word' id='word_1_176' title='bbox 2613 1661 3179 1738; x_wconf 11' lang='lat' dir='ltr'><strong>aliovcounuittentes,</strong></span> <span class='ocrx_word' id='word_1_177' title='bbox 3210 1671 3269 1717; x_wconf 85' lang='lat' dir='ltr'><strong>ut</strong></span> <span class='ocrx_word' id='word_1_178' title='bbox 3296 1664 3495 1743; x_wconf 27' lang='lat' dir='ltr'><strong>&#39;videa-</strong></span> 
     </span>
    </p>
   </div>
   <div class='ocr_carea' id='block_1_30' title="bbox 212 1743 1802 1830">
    <p class='ocr_par' dir='ltr' id='par_1_30' title="bbox 212 1752 1802 1830">
     <span class='ocr_line' id='line_1_30' title="bbox 212 1752 1802 1830; baseline -0.004 -17"><span class='ocrx_word' id='word_1_179' title='bbox 212 1760 367 1822; x_wconf 82' lang='grc' dir='ltr'>ὅπως</span> <span class='ocrx_word' id='word_1_180' title='bbox 399 1758 643 1830; x_wconf 81' lang='grc' dir='ltr'><strong>δόξωμεν</strong></span> <span class='ocrx_word' id='word_1_181' title='bbox 671 1757 790 1822; x_wconf 74' lang='grc' dir='ltr'>ἑνὸς</span> <span class='ocrx_word' id='word_1_182' title='bbox 834 1756 1032 1829; x_wconf 82' lang='grc' dir='ltr'>ἐχθροῦ</span> <span class='ocrx_word' id='word_1_183' title='bbox 1078 1753 1540 1818; x_wconf 89' lang='grc' dir='ltr'>ἀπαλλάττεσθαι,</span> <span class='ocrx_word' id='word_1_184' title='bbox 1576 1752 1802 1825; x_wconf 77' lang='grc' dir='ltr'>ὕστερον</span> 
     </span>
    </p>
   </div>
   <div class='ocr_carea' id='block_1_31' title="bbox 1901 1743 3492 1830">
    <p class='ocr_par' dir='ltr' id='par_1_31' title="bbox 1910 1753 3492 1824">
     <span class='ocr_line' id='line_1_31' title="bbox 1910 1753 3492 1824; baseline 0.001 -18"><span class='ocrx_word' id='word_1_185' title='bbox 1910 1768 2031 1807; x_wconf 88' lang='lat' dir='ltr'><strong>tnur</strong></span> <span class='ocrx_word' id='word_1_186' title='bbox 2064 1769 2231 1807; x_wconf 90' lang='lat' dir='ltr'><strong>unum</strong></span> <span class='ocrx_word' id='word_1_187' title='bbox 2254 1755 2484 1808; x_wconf 81' lang='lat' dir='ltr'><strong>evadere</strong></span> <span class='ocrx_word' id='word_1_188' title='bbox 2508 1753 2809 1815; x_wconf 90' lang='lat' dir='ltr'><strong>inimicum,</strong></span> <span class='ocrx_word' id='word_1_189' title='bbox 2846 1756 3060 1808; x_wconf 89' lang='lat' dir='ltr'><strong>tandem</strong></span> <span class='ocrx_word' id='word_1_190' title='bbox 3085 1754 3185 1822; x_wconf 91' lang='lat' dir='ltr'><strong>ipsi</strong></span> <span class='ocrx_word' id='word_1_191' title='bbox 3208 1755 3492 1824; x_wconf 87' lang='lat' dir='ltr'><strong>capiamur</strong></span> 
     </span>
    </p>
   </div>
   <div class='ocr_carea' id='block_1_32' title="bbox 213 1843 1805 1919">
    <p class='ocr_par' dir='ltr' id='par_1_32' title="bbox 213 1843 1805 1919">
     <span class='ocr_line' id='line_1_32' title="bbox 213 1843 1805 1919; baseline -0.003 -18"><span class='ocrx_word' id='word_1_192' title='bbox 213 1848 315 1901; x_wconf 72' lang='grc' dir='ltr'>καὶ</span> <span class='ocrx_word' id='word_1_193' title='bbox 340 1848 495 1902; x_wconf 81' lang='grc' dir='ltr'>αὐτοὶ</span> <span class='ocrx_word' id='word_1_194' title='bbox 521 1848 743 1919; x_wconf 85' lang='grc' dir='ltr'>ἁλῶμεν</span> <span class='ocrx_word' id='word_1_195' title='bbox 780 1846 859 1919; x_wconf 85' lang='grc' dir='ltr'>τῷ</span> <span class='ocrx_word' id='word_1_196' title='bbox 893 1846 1229 1919; x_wconf 73' lang='grc' dir='ltr'>ἰσχυροτέρῳ</span> <span class='ocrx_word' id='word_1_197' title='bbox 1258 1844 1369 1900; x_wconf 80' lang='grc' dir='ltr'>ἀπὸ</span> <span class='ocrx_word' id='word_1_198' title='bbox 1396 1844 1498 1915; x_wconf 69' lang='grc' dir='ltr'>τῆς</span> <span class='ocrx_word' id='word_1_199' title='bbox 1528 1843 1805 1916; x_wconf 81' lang='grc' dir='ltr'>ἡμετέρας</span> 
     </span>
    </p>
   </div>
   <div class='ocr_carea' id='block_1_33' title="bbox 217 1941 958 2015">
    <p class='ocr_par' dir='ltr' id='par_1_33' title="bbox 217 1941 958 2015">
     <span class='ocr_line' id='line_1_33' title="bbox 217 1941 958 2015; baseline -0.001 -2"><span class='ocrx_word' id='word_1_200' title='bbox 217 1941 549 2015; x_wconf 76' lang='grc' dir='ltr'>συμμαχίας</span> <span class='ocrx_word' id='word_1_201' title='bbox 577 1942 958 2013; x_wconf 69' lang='grc' dir='ltr'>γεγενημένῳ.</span> 
     </span>
    </p>
   </div>
   <div class='ocr_carea' id='block_1_34' title="bbox 656 2048 1344 2123">
    <p class='ocr_par' dir='ltr' id='par_1_34' title="bbox 656 2048 1344 2123">
     <span class='ocr_line' id='line_1_34' title="bbox 656 2048 1344 2123; baseline 0.003 -18"><span class='ocrx_word' id='word_1_202' title='bbox 656 2053 842 2108; x_wconf 79' lang='lat' dir='ltr'><strong>PMA&#39;.</strong></span> <span class='ocrx_word' id='word_1_203' title='bbox 870 2081 939 2091; x_wconf 89' lang='grc'><strong>-</strong></span> <span class='ocrx_word' id='word_1_204' title='bbox 963 2048 1344 2123; x_wconf 77' lang='grc' dir='ltr'><strong>ΜΑΚΡΟΒΙῼ.</strong></span> 
     </span>
    </p>
   </div>
   <div class='ocr_carea' id='block_1_35' title="bbox 1912 1843 3325 1914">
    <p class='ocr_par' dir='ltr' id='par_1_35' title="bbox 1912 1843 3325 1914">
     <span class='ocr_line' id='line_1_35' title="bbox 1912 1843 3325 1914; baseline 0.004 -17"><span class='ocrx_word' id='word_1_205' title='bbox 1912 1843 1983 1898; x_wconf 87' lang='lat' dir='ltr'><strong>ab</strong></span> <span class='ocrx_word' id='word_1_206' title='bbox 2011 1858 2100 1909; x_wconf 84' lang='lat' dir='ltr'><strong>eo,</strong></span> <span class='ocrx_word' id='word_1_207' title='bbox 2125 1844 2215 1914; x_wconf 80' lang='lat' dir='ltr'><strong>qui</strong></span> <span class='ocrx_word' id='word_1_208' title='bbox 2246 1852 2434 1899; x_wconf 88' lang='lat' dir='ltr'><strong>nostra</strong></span> <span class='ocrx_word' id='word_1_209' title='bbox 2459 1844 2618 1898; x_wconf 78' lang='lat' dir='ltr'><strong>fortis</strong></span> <span class='ocrx_word' id='word_1_210' title='bbox 2638 1855 2722 1899; x_wconf 89' lang='lat' dir='ltr'><strong>est</strong></span> <span class='ocrx_word' id='word_1_211' title='bbox 2759 1845 3001 1899; x_wconf 85' lang='lat' dir='ltr'><strong>redditus</strong></span> <span class='ocrx_word' id='word_1_212' title='bbox 3043 1845 3325 1902; x_wconf 78' lang='lat' dir='ltr'><strong>societate.</strong></span> 
     </span>
    </p>
   </div>
   <div class='ocr_carea' id='block_1_36' title="bbox 2329 2040 3070 2100">
    <p class='ocr_par' dir='ltr' id='par_1_36' title="bbox 2329 2040 3070 2100">
     <span class='ocr_line' id='line_1_36' title="bbox 2329 2040 3070 2100; baseline 0.003 -2"><span class='ocrx_word' id='word_1_213' title='bbox 2329 2040 2561 2098; x_wconf 79' lang='lat' dir='ltr'><strong>CXLIV.</strong></span> <span class='ocrx_word' id='word_1_214' title='bbox 2596 2073 2666 2087; x_wconf 89' lang='lat'><strong><em>—</em></strong></span> <span class='ocrx_word' id='word_1_215' title='bbox 2702 2042 3070 2100; x_wconf 78' lang='lat' dir='ltr'><strong>MACROBIO.</strong></span> 
     </span>
    </p>
   </div>
   <div class='ocr_carea' id='block_1_37' title="bbox 879 2133 2839 2214">
    <p class='ocr_par' dir='ltr' id='par_1_37' title="bbox 879 2133 2839 2214">
     <span class='ocr_line' id='line_1_37' title="bbox 879 2133 2839 2214; baseline -0.004 -17"><span class='ocrx_word' id='word_1_216' title='bbox 879 2143 1169 2214; x_wconf 85' lang='lat' dir='ltr'><strong>Nunquam</strong></span> <span class='ocrx_word' id='word_1_217' title='bbox 1198 2160 1232 2198; x_wconf 88' lang='lat' dir='ltr'><strong>a</strong></span> <span class='ocrx_word' id='word_1_218' title='bbox 1253 2141 1522 2212; x_wconf 79' lang='lat' dir='ltr'><strong>spirituali</strong></span> <span class='ocrx_word' id='word_1_219' title='bbox 1570 2155 1747 2210; x_wconf 80' lang='lat' dir='ltr'><strong>pugna</strong></span> <span class='ocrx_word' id='word_1_220' title='bbox 1776 2137 2109 2192; x_wconf 79' lang='lat' dir='ltr'><strong>cessandum.</strong></span> <span class='ocrx_word' id='word_1_221' title='bbox 2140 2133 2379 2205; x_wconf 78' lang='lat' dir='ltr'><strong>(Confer.</strong></span> <span class='ocrx_word' id='word_1_222' title='bbox 2412 2137 2562 2203; x_wconf 78' lang='lat' dir='ltr'><strong>epist.</strong></span> <span class='ocrx_word' id='word_1_223' title='bbox 2607 2136 2696 2200; x_wconf 78' lang='grc'><strong>18,</strong></span> <span class='ocrx_word' id='word_1_224' title='bbox 2722 2136 2839 2208; x_wconf 73' lang='grc'><strong>28.)</strong></span> 
     </span>
    </p>
   </div>
   <div class='ocr_carea' id='block_1_38' title="bbox 284 2215 1808 2326">
    <p class='ocr_par' dir='ltr' id='par_1_38' title="bbox 284 2215 1808 2326">
     <span class='ocr_line' id='line_1_38' title="bbox 284 2215 1808 2326; baseline -0.002 -18"><span class='ocrx_word' id='word_1_225' title='bbox 284 2253 384 2325; x_wconf 71' lang='grc' dir='ltr'><strong>Μὴ</strong></span> <span class='ocrx_word' id='word_1_226' title='bbox 432 2215 511 2325; x_wconf 73' lang='grc' dir='ltr'>τῷ</span> <span class='ocrx_word' id='word_1_227' title='bbox 556 2252 762 2326; x_wconf 83' lang='grc' dir='ltr'>ἀπαξῆ</span> <span class='ocrx_word' id='word_1_228' title='bbox 817 2252 1073 2326; x_wconf 86' lang='grc' dir='ltr'>δεύτερον</span> <span class='ocrx_word' id='word_1_229' title='bbox 1123 2254 1470 2325; x_wconf 83' lang='grc' dir='ltr'>νενικηκέναι</span> <span class='ocrx_word' id='word_1_230' title='bbox 1496 2253 1589 2307; x_wconf 83' lang='grc' dir='ltr'>τὸν</span> <span class='ocrx_word' id='word_1_231' title='bbox 1636 2251 1808 2322; x_wconf 76' lang='grc' dir='ltr'>θυμὸν</span> 
     </span>
    </p>
   </div>
   <div class='ocr_carea' id='block_1_39' title="bbox 216 2341 1803 2417">
    <p class='ocr_par' dir='ltr' id='par_1_39' title="bbox 216 2341 1803 2417">
     <span class='ocr_line' id='line_1_39' title="bbox 216 2341 1803 2417; baseline -0.001 -20"><span class='ocrx_word' id='word_1_232' title='bbox 216 2345 319 2399; x_wconf 76' lang='grc' dir='ltr'>καὶ</span> <span class='ocrx_word' id='word_1_233' title='bbox 338 2344 441 2416; x_wconf 81' lang='grc' dir='ltr'>τὴν</span> <span class='ocrx_word' id='word_1_234' title='bbox 466 2344 788 2417; x_wconf 81' lang='grc' dir='ltr'>ἐπιθυμίαν,</span> <span class='ocrx_word' id='word_1_235' title='bbox 817 2344 887 2400; x_wconf 83' lang='grc' dir='ltr'><strong>τά</strong></span> <span class='ocrx_word' id='word_1_236' title='bbox 912 2346 1023 2400; x_wconf 82' lang='grc' dir='ltr'><strong>τῶν</strong></span> <span class='ocrx_word' id='word_1_237' title='bbox 1048 2344 1226 2401; x_wconf 88' lang='grc' dir='ltr'>ἀλλων</span> <span class='ocrx_word' id='word_1_238' title='bbox 1245 2344 1435 2400; x_wconf 84' lang='grc' dir='ltr'>παθῶν</span> <span class='ocrx_word' id='word_1_239' title='bbox 1466 2341 1803 2415; x_wconf 84' lang='grc' dir='ltr'>τυραννικώ-</span> 
     </span>
    </p>
   </div>
   <div class='ocr_carea' id='block_1_40' title="bbox 210 2433 1804 2509">
    <p class='ocr_par' dir='ltr' id='par_1_40' title="bbox 210 2433 1804 2509">
     <span class='ocr_line' id='line_1_40' title="bbox 210 2433 1804 2509; baseline -0.003 -20"><span class='ocrx_word' id='word_1_240' title='bbox 210 2453 376 2509; x_wconf 89' lang='grc' dir='ltr'>τερα,</span> <span class='ocrx_word' id='word_1_241' title='bbox 429 2436 709 2507; x_wconf 79' lang='grc' dir='ltr'>ἀναπέσῃς</span> <span class='ocrx_word' id='word_1_242' title='bbox 774 2436 872 2492; x_wconf 72' lang='grc' dir='ltr'>καὶ</span> <span class='ocrx_word' id='word_1_243' title='bbox 915 2436 1147 2509; x_wconf 75' lang='grc' dir='ltr'>νομίσῃς</span> <span class='ocrx_word' id='word_1_244' title='bbox 1186 2434 1370 2489; x_wconf 84' lang='grc' dir='ltr'>τέλεον</span> <span class='ocrx_word' id='word_1_245' title='bbox 1425 2433 1804 2506; x_wconf 82' lang='grc' dir='ltr'>νενικηκέναι,</span> 
     </span>
    </p>
   </div>
   <div class='ocr_carea' id='block_1_41' title="bbox 211 2526 1835 2601">
    <p class='ocr_par' dir='ltr' id='par_1_41' title="bbox 211 2526 1835 2601">
     <span class='ocr_line' id='line_1_41' title="bbox 211 2526 1835 2601; baseline -0.002 -20"><span class='ocrx_word' id='word_1_246' title='bbox 211 2529 312 2582; x_wconf 81' lang='grc' dir='ltr'>καὶ</span> <span class='ocrx_word' id='word_1_247' title='bbox 348 2529 533 2600; x_wconf 84' lang='grc' dir='ltr'>πάσης</span> <span class='ocrx_word' id='word_1_248' title='bbox 586 2528 935 2600; x_wconf 83' lang='grc' dir='ltr'>ἀπηλλάχθαι</span> <span class='ocrx_word' id='word_1_249' title='bbox 988 2528 1201 2601; x_wconf 82' lang='grc' dir='ltr'>μάχης’</span> <span class='ocrx_word' id='word_1_250' title='bbox 1249 2526 1387 2583; x_wconf 87' lang='grc' dir='ltr'><strong>ἀλλά</strong></span> <span class='ocrx_word' id='word_1_251' title='bbox 1436 2528 1516 2599; x_wconf 83' lang='grc' dir='ltr'><strong>τῷ</strong></span> <span class='ocrx_word' id='word_1_252' title='bbox 1568 2526 1835 2599; x_wconf 71' lang='grc' dir='ltr'>μάλιστα</span> 
     </span>
    </p>
   </div>
   <div class='ocr_carea' id='block_1_42' title="bbox 211 2619 1804 2693">
    <p class='ocr_par' dir='ltr' id='par_1_42' title="bbox 211 2619 1804 2693">
     <span class='ocr_line' id='line_1_42' title="bbox 211 2619 1804 2693; baseline -0.001 -18"><span class='ocrx_word' id='word_1_253' title='bbox 211 2620 584 2691; x_wconf 78' lang='grc' dir='ltr'>νενικηκέναι,</span> <span class='ocrx_word' id='word_1_254' title='bbox 622 2620 891 2693; x_wconf 86' lang='grc' dir='ltr'>ἀγρύπνει</span> <span class='ocrx_word' id='word_1_255' title='bbox 917 2621 1012 2676; x_wconf 75' lang='grc' dir='ltr'>καὶ</span> <span class='ocrx_word' id='word_1_256' title='bbox 1043 2621 1316 2692; x_wconf 78' lang='grc' dir='ltr'>φρόντιζε,</span> <span class='ocrx_word' id='word_1_257' title='bbox 1366 2620 1577 2693; x_wconf 83' lang='grc' dir='ltr'>μήποτε</span> <span class='ocrx_word' id='word_1_258' title='bbox 1605 2619 1705 2673; x_wconf 73' lang='grc' dir='ltr'>καὶ</span> <span class='ocrx_word' id='word_1_259' title='bbox 1729 2619 1804 2674; x_wconf 90' lang='grc' dir='ltr'><strong>τά</strong></span> 
     </span>
    </p>
   </div>
   <div class='ocr_carea' id='block_1_43' title="bbox 212 2712 1803 2786">
    <p class='ocr_par' dir='ltr' id='par_1_43' title="bbox 212 2712 1803 2786">
     <span class='ocr_line' id='line_1_43' title="bbox 212 2712 1803 2786; baseline 0.001 -21"><span class='ocrx_word' id='word_1_260' title='bbox 212 2713 464 2785; x_wconf 82' lang='grc' dir='ltr'>πρότερα</span> <span class='ocrx_word' id='word_1_261' title='bbox 491 2713 731 2780; x_wconf 88' lang='grc' dir='ltr'>τρόπαια</span> <span class='ocrx_word' id='word_1_262' title='bbox 773 2712 1152 2786; x_wconf 86' lang='grc' dir='ltr'>ἀμαυρωθείη.</span> <span class='ocrx_word' id='word_1_263' title='bbox 1180 2713 1376 2769; x_wconf 75' lang='grc' dir='ltr'>Πολλοὶ</span> <span class='ocrx_word' id='word_1_264' title='bbox 1414 2714 1545 2785; x_wconf 88' lang='lat'><strong>7&amp;9,</strong></span> <span class='ocrx_word' id='word_1_265' title='bbox 1571 2712 1632 2766; x_wconf 77' lang='grc' dir='ltr'>οὔ</span> <span class='ocrx_word' id='word_1_266' title='bbox 1658 2728 1803 2784; x_wconf 88' lang='grc' dir='ltr'>φημι</span> 
     </span>
    </p>
   </div>
   <div class='ocr_carea' id='block_1_44' title="bbox 210 2786 1801 2877">
    <p class='ocr_par' dir='ltr' id='par_1_44' title="bbox 210 2786 1801 2877">
     <span class='ocr_line' id='line_1_44' title="bbox 210 2786 1801 2877; baseline -0.001 -20"><span class='ocrx_word' id='word_1_267' title='bbox 210 2786 423 2874; x_wconf 68' lang='grc' dir='ltr'>τρίτον,</span> <span class='ocrx_word' id='word_1_268' title='bbox 447 2803 583 2859; x_wconf 90' lang='grc' dir='ltr'><strong>ἀλλά</strong></span> <span class='ocrx_word' id='word_1_269' title='bbox 611 2805 875 2877; x_wconf 83' lang='grc' dir='ltr'>μυριάκις</span> <span class='ocrx_word' id='word_1_270' title='bbox 893 2803 1265 2877; x_wconf 83' lang='grc' dir='ltr'>νενικηκότες,</span> <span class='ocrx_word' id='word_1_271' title='bbox 1285 2803 1511 2876; x_wconf 80' lang='grc' dir='ltr'>ὕστερον</span> <span class='ocrx_word' id='word_1_272' title='bbox 1531 2803 1801 2869; x_wconf 79' lang='grc' dir='ltr'>ἑάλωσαν,</span> 
     </span>
    </p>
   </div>
   <div class='ocr_carea' id='block_1_45' title="bbox 212 2890 1803 2965">
    <p class='ocr_par' dir='ltr' id='par_1_45' title="bbox 212 2890 1803 2965">
     <span class='ocr_line' id='line_1_45' title="bbox 212 2890 1803 2965; baseline -0.001 -20"><span class='ocrx_word' id='word_1_273' title='bbox 212 2894 315 2946; x_wconf 67' lang='lat' dir='ltr'><strong>ut</strong></span> <span class='ocrx_word' id='word_1_274' title='bbox 344 2892 578 2947; x_wconf 77' lang='grc' dir='ltr'>ἐλεεινὸν</span> <span class='ocrx_word' id='word_1_275' title='bbox 605 2893 930 2965; x_wconf 89' lang='grc' dir='ltr'>γεγένηνται</span> <span class='ocrx_word' id='word_1_276' title='bbox 974 2892 1155 2963; x_wconf 89' lang='grc' dir='ltr'>θέαμα</span> <span class='ocrx_word' id='word_1_277' title='bbox 1185 2891 1326 2963; x_wconf 83' lang='grc' dir='ltr'>μετὰ</span> <span class='ocrx_word' id='word_1_278' title='bbox 1350 2892 1421 2947; x_wconf 83' lang='grc' dir='ltr'><strong>τά</strong></span> <span class='ocrx_word' id='word_1_279' title='bbox 1460 2890 1630 2946; x_wconf 78' lang='grc' dir='ltr'>πολλὰ</span> <span class='ocrx_word' id='word_1_280' title='bbox 1675 2890 1803 2964; x_wconf 90' lang='grc' dir='ltr'>τρό-</span> 
     </span>
    </p>
   </div>
   <div class='ocr_carea' id='block_1_46' title="bbox 211 2980 1801 3056">
    <p class='ocr_par' dir='ltr' id='par_1_46' title="bbox 211 2980 1801 3056">
     <span class='ocr_line' id='line_1_46' title="bbox 211 2980 1801 3056; baseline -0.001 -21"><span class='ocrx_word' id='word_1_281' title='bbox 211 3000 358 3036; x_wconf 75' lang='grc' dir='ltr'>παια</span> <span class='ocrx_word' id='word_1_282' title='bbox 390 2983 727 3054; x_wconf 82' lang='grc' dir='ltr'>αἰχμάλωτοι</span> <span class='ocrx_word' id='word_1_283' title='bbox 769 2982 1129 3056; x_wconf 81' lang='grc' dir='ltr'>ἀπαχθέντες.</span> <span class='ocrx_word' id='word_1_284' title='bbox 1176 2980 1350 3037; x_wconf 82' lang='grc' dir='ltr'>Τοῦτο</span> <span class='ocrx_word' id='word_1_285' title='bbox 1376 2981 1487 3053; x_wconf 83' lang='grc' dir='ltr'><strong>γὰρ</strong></span> <span class='ocrx_word' id='word_1_286' title='bbox 1540 2983 1801 3052; x_wconf 82' lang='grc' dir='ltr'>ἐννοήσας</span> 
     </span>
    </p>
   </div>
   <div class='ocr_carea' id='block_1_47' title="bbox 211 3071 1798 3145">
    <p class='ocr_par' dir='ltr' id='par_1_47' title="bbox 211 3071 1798 3145">
     <span class='ocr_line' id='line_1_47' title="bbox 211 3071 1798 3145; baseline 0 -20"><span class='ocrx_word' id='word_1_287' title='bbox 211 3090 300 3137; x_wconf 84' lang='grc' dir='ltr'><strong>τις</strong></span> <span class='ocrx_word' id='word_1_288' title='bbox 330 3075 399 3127; x_wconf 87' lang='grc' dir='ltr'><strong>ἐκ</strong></span> <span class='ocrx_word' id='word_1_289' title='bbox 423 3073 521 3127; x_wconf 81' lang='grc' dir='ltr'><strong>τοῦ</strong></span> <span class='ocrx_word' id='word_1_290' title='bbox 562 3073 924 3128; x_wconf 87' lang='grc' dir='ltr'>ἀποστολικοῦ</span> <span class='ocrx_word' id='word_1_291' title='bbox 952 3073 1132 3145; x_wconf 68' lang='grc' dir='ltr'>τχοροῦ</span> <span class='ocrx_word' id='word_1_292' title='bbox 1160 3073 1313 3140; x_wconf 87' lang='grc' dir='ltr'>ἐϐόα,</span> <span class='ocrx_word' id='word_1_293' title='bbox 1356 3072 1532 3143; x_wconf 84' lang='grc' dir='ltr'>λέγων</span> <span class='ocrx_word' id='word_1_294' title='bbox 1560 3088 1577 3105; x_wconf 90' lang='grc'><strong>·</strong></span> <span class='ocrx_word' id='word_1_295' title='bbox 1611 3091 1631 3125; x_wconf 73' lang='grc' dir='ltr'><strong>ε</strong></span> <span class='ocrx_word' id='word_1_296' title='bbox 1663 3071 1798 3126; x_wconf 82' lang='grc' dir='ltr'>Βλέ-</span> 
     </span>
    </p>
   </div>
   <div class='ocr_carea' id='block_1_48' title="bbox 1978 2244 3490 2322">
    <p class='ocr_par' dir='ltr' id='par_1_48' title="bbox 1978 2244 3490 2322">
     <span class='ocr_line' id='line_1_48' title="bbox 1978 2244 3490 2322; baseline 0.005 -21"><span class='ocrx_word' id='word_1_297' title='bbox 1978 2244 2162 2301; x_wconf 88' lang='lat' dir='ltr'><strong>Scmel</strong></span> <span class='ocrx_word' id='word_1_298' title='bbox 2194 2246 2504 2316; x_wconf 88' lang='lat' dir='ltr'><strong>iterumque</strong></span> <span class='ocrx_word' id='word_1_299' title='bbox 2535 2246 2580 2301; x_wconf 91' lang='lat' dir='ltr'><strong>si</strong></span> <span class='ocrx_word' id='word_1_300' title='bbox 2621 2248 2817 2303; x_wconf 82' lang='lat' dir='ltr'><strong>viceris</strong></span> <span class='ocrx_word' id='word_1_301' title='bbox 2848 2248 2983 2302; x_wconf 87' lang='lat' dir='ltr'><strong>iram</strong></span> <span class='ocrx_word' id='word_1_302' title='bbox 3026 2249 3490 2322; x_wconf 84' lang='lat' dir='ltr'><strong>cupiditatemque</strong></span> 
     </span>
    </p>
   </div>
   <div class='ocr_carea' id='block_1_49' title="bbox 1906 2339 3495 2412">
    <p class='ocr_par' dir='ltr' id='par_1_49' title="bbox 1906 2339 3495 2412">
     <span class='ocr_line' id='line_1_49' title="bbox 1906 2339 3495 2412; baseline 0.005 -20"><span class='ocrx_word' id='word_1_303' title='bbox 1906 2339 2051 2410; x_wconf 67' lang='lat' dir='ltr'><strong>(quae</strong></span> <span class='ocrx_word' id='word_1_304' title='bbox 2080 2339 2365 2407; x_wconf 88' lang='lat' dir='ltr'><strong>majorem,</strong></span> <span class='ocrx_word' id='word_1_305' title='bbox 2399 2353 2562 2409; x_wconf 90' lang='lat' dir='ltr'><strong>quam</strong></span> <span class='ocrx_word' id='word_1_306' title='bbox 2599 2350 2811 2395; x_wconf 70' lang='lat' dir='ltr'><strong>cmterte</strong></span> <span class='ocrx_word' id='word_1_307' title='bbox 2845 2340 3013 2396; x_wconf 89' lang='lat' dir='ltr'><strong>animi</strong></span> <span class='ocrx_word' id='word_1_308' title='bbox 3052 2343 3495 2412; x_wconf 86' lang='lat' dir='ltr'><strong>perturbationes</strong></span> 
     </span>
    </p>
   </div>
   <div class='ocr_carea' id='block_1_50' title="bbox 1907 2424 3495 2505">
    <p class='ocr_par' dir='ltr' id='par_1_50' title="bbox 1907 2424 3495 2505">
     <span class='ocr_line' id='line_1_50' title="bbox 1907 2424 3495 2505; baseline 0.004 -21"><span class='ocrx_word' id='word_1_309' title='bbox 1907 2430 2255 2501; x_wconf 88' lang='lat' dir='ltr'><strong>tyrannidem</strong></span> <span class='ocrx_word' id='word_1_310' title='bbox 2304 2429 2611 2497; x_wconf 79' lang='lat' dir='ltr'><strong>exercent),</strong></span> <span class='ocrx_word' id='word_1_311' title='bbox 2668 2446 2736 2486; x_wconf 91' lang='lat' dir='ltr'><strong>ne</strong></span> <span class='ocrx_word' id='word_1_312' title='bbox 2783 2424 3166 2501; x_wconf 86' lang='lat' dir='ltr'><strong>conquiescas,</strong></span> <span class='ocrx_word' id='word_1_313' title='bbox 3224 2443 3495 2505; x_wconf 84' lang='lat' dir='ltr'><strong>putesque</strong></span> 
     </span>
    </p>
   </div>
   <div class='ocr_carea' id='block_1_51' title="bbox 1904 2521 3488 2592">
    <p class='ocr_par' dir='ltr' id='par_1_51' title="bbox 1904 2521 3488 2592">
     <span class='ocr_line' id='line_1_51' title="bbox 1904 2521 3488 2592; baseline 0.004 -17"><span class='ocrx_word' id='word_1_314' title='bbox 1904 2521 2065 2592; x_wconf 90' lang='lat' dir='ltr'><strong>plane</strong></span> <span class='ocrx_word' id='word_1_315' title='bbox 2102 2531 2156 2575; x_wconf 88' lang='lat' dir='ltr'><strong>te</strong></span> <span class='ocrx_word' id='word_1_316' title='bbox 2201 2521 2466 2577; x_wconf 84' lang='lat' dir='ltr'><strong>victorem</strong></span> <span class='ocrx_word' id='word_1_317' title='bbox 2516 2522 2777 2592; x_wconf 90' lang='lat' dir='ltr'><strong>omnique</strong></span> <span class='ocrx_word' id='word_1_318' title='bbox 2805 2523 3122 2580; x_wconf 89' lang='lat' dir='ltr'><strong>delunctum</strong></span> <span class='ocrx_word' id='word_1_319' title='bbox 3167 2528 3488 2583; x_wconf 86' lang='lat' dir='ltr'><strong>certamine.</strong></span> 
     </span>
    </p>
   </div>
   <div class='ocr_carea' id='block_1_52' title="bbox 1904 2610 3491 2688">
    <p class='ocr_par' dir='ltr' id='par_1_52' title="bbox 1904 2610 3491 2688">
     <span class='ocr_line' id='line_1_52' title="bbox 1904 2610 3491 2688; baseline 0.003 -20"><span class='ocrx_word' id='word_1_320' title='bbox 1904 2610 2106 2669; x_wconf 79' lang='lat' dir='ltr'><strong>Verum</strong></span> <span class='ocrx_word' id='word_1_321' title='bbox 2137 2626 2262 2668; x_wconf 91' lang='lat' dir='ltr'><strong>cum</strong></span> <span class='ocrx_word' id='word_1_322' title='bbox 2292 2613 2532 2668; x_wconf 81' lang='lat' dir='ltr'><strong>maxime</strong></span> <span class='ocrx_word' id='word_1_323' title='bbox 2561 2613 2780 2679; x_wconf 80' lang='lat' dir='ltr'><strong>viceris,</strong></span> <span class='ocrx_word' id='word_1_324' title='bbox 2828 2614 2987 2686; x_wconf 82' lang='lat' dir='ltr'><strong>vigila</strong></span> <span class='ocrx_word' id='word_1_325' title='bbox 3051 2625 3108 2671; x_wconf 90' lang='lat' dir='ltr'><strong>et</strong></span> <span class='ocrx_word' id='word_1_326' title='bbox 3151 2616 3218 2671; x_wconf 89' lang='lat' dir='ltr'><strong>da</strong></span> <span class='ocrx_word' id='word_1_327' title='bbox 3245 2632 3491 2688; x_wconf 88' lang='lat' dir='ltr'><strong>operam,</strong></span> 
     </span>
    </p>
   </div>
   <div class='ocr_carea' id='block_1_53' title="bbox 1903 2707 3492 2779">
    <p class='ocr_par' dir='ltr' id='par_1_53' title="bbox 1903 2707 3492 2779">
     <span class='ocr_line' id='line_1_53' title="bbox 1903 2707 3492 2779; baseline 0.002 -15"><span class='ocrx_word' id='word_1_328' title='bbox 1903 2719 1975 2765; x_wconf 80' lang='lat' dir='ltr'><strong>ne</strong></span> <span class='ocrx_word' id='word_1_329' title='bbox 2021 2707 2211 2779; x_wconf 87' lang='lat' dir='ltr'><strong>priora</strong></span> <span class='ocrx_word' id='word_1_330' title='bbox 2263 2707 2631 2763; x_wconf 89' lang='lat' dir='ltr'><strong>obscurentur</strong></span> <span class='ocrx_word' id='word_1_331' title='bbox 2688 2716 2909 2777; x_wconf 68' lang='lat' dir='ltr'><strong>trepm.</strong></span> <span class='ocrx_word' id='word_1_332' title='bbox 2964 2708 3117 2765; x_wconf 86' lang='lat' dir='ltr'><strong>Multi</strong></span> <span class='ocrx_word' id='word_1_333' title='bbox 3178 2711 3323 2765; x_wconf 88' lang='lat' dir='ltr'><strong>enim</strong></span> <span class='ocrx_word' id='word_1_334' title='bbox 3384 2726 3492 2767; x_wconf 92' lang='lat' dir='ltr'><strong>nou</strong></span> 
     </span>
    </p>
   </div>
   <div class='ocr_carea' id='block_1_54' title="bbox 1903 2799 3489 2872">
    <p class='ocr_par' dir='ltr' id='par_1_54' title="bbox 1903 2799 3489 2872">
     <span class='ocr_line' id='line_1_54' title="bbox 1903 2799 3489 2872; baseline 0.002 -15"><span class='ocrx_word' id='word_1_335' title='bbox 1903 2801 2082 2858; x_wconf 88' lang='lat' dir='ltr'><strong>dicam</strong></span> <span class='ocrx_word' id='word_1_336' title='bbox 2111 2808 2212 2868; x_wconf 89' lang='lat' dir='ltr'><strong>ter,</strong></span> <span class='ocrx_word' id='word_1_337' title='bbox 2236 2799 2332 2856; x_wconf 87' lang='lat' dir='ltr'><strong>sed</strong></span> <span class='ocrx_word' id='word_1_338' title='bbox 2384 2799 2583 2855; x_wconf 85' lang='lat' dir='ltr'><strong>millies</strong></span> <span class='ocrx_word' id='word_1_339' title='bbox 2612 2800 2840 2856; x_wconf 81' lang='lat' dir='ltr'><strong>victoria</strong></span> <span class='ocrx_word' id='word_1_340' title='bbox 2888 2800 3068 2871; x_wconf 81' lang='lat' dir='ltr'><strong>potiti,</strong></span> <span class='ocrx_word' id='word_1_341' title='bbox 3099 2802 3241 2872; x_wconf 86' lang='lat' dir='ltr'><strong>capti</strong></span> <span class='ocrx_word' id='word_1_342' title='bbox 3275 2806 3489 2860; x_wconf 87' lang='lat' dir='ltr'><strong>tandem</strong></span> 
     </span>
    </p>
   </div>
   <div class='ocr_carea' id='block_1_55' title="bbox 1901 2893 3488 2966">
    <p class='ocr_par' dir='ltr' id='par_1_55' title="bbox 1901 2893 3488 2966">
     <span class='ocr_line' id='line_1_55' title="bbox 1901 2893 3488 2966; baseline 0.001 -15"><span class='ocrx_word' id='word_1_343' title='bbox 1901 2902 2055 2964; x_wconf 80' lang='lat' dir='ltr'><strong>sunt,</strong></span> <span class='ocrx_word' id='word_1_344' title='bbox 2114 2893 2600 2962; x_wconf 85' lang='lat' dir='ltr'><strong>miserandumque</strong></span> <span class='ocrx_word' id='word_1_345' title='bbox 2662 2893 2783 2949; x_wconf 86' lang='lat' dir='ltr'><strong>aliis</strong></span> <span class='ocrx_word' id='word_1_346' title='bbox 2853 2893 2981 2949; x_wconf 79' lang='lat' dir='ltr'><strong>facti</strong></span> <span class='ocrx_word' id='word_1_347' title='bbox 3034 2895 3414 2966; x_wconf 85' lang='lat' dir='ltr'><strong>spectaculum</strong></span> <span class='ocrx_word' id='word_1_348' title='bbox 3473 2914 3488 2952; x_wconf 90' lang='lat'><strong>:</strong></span> 
     </span>
    </p>
   </div>
   <div class='ocr_carea' id='block_1_56' title="bbox 1901 2983 3489 3059">
    <p class='ocr_par' dir='ltr' id='par_1_56' title="bbox 1901 2983 3489 3059">
     <span class='ocr_line' id='line_1_56' title="bbox 1901 2983 3489 3059; baseline 0 -16"><span class='ocrx_word' id='word_1_349' title='bbox 1901 2983 2135 3059; x_wconf 80' lang='lat' dir='ltr'><strong>postque</strong></span> <span class='ocrx_word' id='word_1_350' title='bbox 2185 2984 2357 3040; x_wconf 88' lang='lat' dir='ltr'><strong>multa</strong></span> <span class='ocrx_word' id='word_1_351' title='bbox 2403 2985 2472 3040; x_wconf 88' lang='lat' dir='ltr'><strong>de</strong></span> <span class='ocrx_word' id='word_1_352' title='bbox 2515 2984 2767 3040; x_wconf 87' lang='lat' dir='ltr'><strong>hostibus</strong></span> <span class='ocrx_word' id='word_1_353' title='bbox 2812 2985 2989 3055; x_wconf 81' lang='lat' dir='ltr'><strong>posita</strong></span> <span class='ocrx_word' id='word_1_354' title='bbox 3028 2994 3254 3056; x_wconf 67' lang='lat' dir='ltr'><strong>tropaea,</strong></span> <span class='ocrx_word' id='word_1_355' title='bbox 3290 2987 3489 3058; x_wconf 81' lang='lat' dir='ltr'><strong>captivi</strong></span> 
     </span>
    </p>
   </div>
   <div class='ocr_carea' id='block_1_57' title="bbox 1902 3076 3487 3150">
    <p class='ocr_par' dir='ltr' id='par_1_57' title="bbox 1902 3076 3487 3150">
     <span class='ocr_line' id='line_1_57' title="bbox 1902 3076 3487 3150; baseline 0.001 -16"><span class='ocrx_word' id='word_1_356' title='bbox 1902 3078 2122 3136; x_wconf 87' lang='lat' dir='ltr'><strong>tandem</strong></span> <span class='ocrx_word' id='word_1_357' title='bbox 2149 3077 2369 3133; x_wconf 90' lang='lat' dir='ltr'><strong>abducti</strong></span> <span class='ocrx_word' id='word_1_358' title='bbox 2388 3085 2538 3133; x_wconf 88' lang='lat' dir='ltr'><strong>sunt.</strong></span> <span class='ocrx_word' id='word_1_359' title='bbox 2566 3076 2722 3145; x_wconf 85' lang='lat' dir='ltr'><strong>Quod</strong></span> <span class='ocrx_word' id='word_1_360' title='bbox 2744 3078 2967 3147; x_wconf 90' lang='lat' dir='ltr'><strong>quidam</strong></span> <span class='ocrx_word' id='word_1_361' title='bbox 2995 3079 3277 3149; x_wconf 87' lang='lat' dir='ltr'><strong>apostolici</strong></span> <span class='ocrx_word' id='word_1_362' title='bbox 3303 3080 3487 3150; x_wconf 77' lang='lat' dir='ltr'><strong>gregis</strong></span> 
     </span>
    </p>
   </div>
   <div class='ocr_carea' id='block_1_58' title="bbox 211 3164 1802 3242">
    <p class='ocr_par' dir='ltr' id='par_1_58' title="bbox 211 3164 1802 3238">
     <span class='ocr_line' id='line_1_58' title="bbox 211 3164 1802 3238; baseline 0.001 -21"><span class='ocrx_word' id='word_1_363' title='bbox 211 3181 375 3229; x_wconf 84' lang='grc' dir='ltr'>πετε,</span> <span class='ocrx_word' id='word_1_364' title='bbox 434 3165 512 3237; x_wconf 77' lang='grc' dir='ltr'><strong>μή</strong></span> <span class='ocrx_word' id='word_1_365' title='bbox 562 3165 870 3238; x_wconf 80' lang='grc' dir='ltr'>ἀπολέσητε</span> <span class='ocrx_word' id='word_1_366' title='bbox 921 3164 953 3218; x_wconf 81' lang='grc' dir='ltr'><strong>ὃ</strong></span> <span class='ocrx_word' id='word_1_367' title='bbox 1015 3164 1371 3236; x_wconf 76' lang='grc' dir='ltr'>εἰργάσασθε,</span> <span class='ocrx_word' id='word_1_368' title='bbox 1421 3164 1562 3221; x_wconf 84' lang='grc' dir='ltr'>ἀλλὰ</span> <span class='ocrx_word' id='word_1_369' title='bbox 1606 3164 1802 3237; x_wconf 80' lang='grc' dir='ltr'>μισθὸν</span> 
     </span>
    </p>
   </div>
   <div class='ocr_carea' id='block_1_59' title="bbox 1901 3164 3490 3242">
    <p class='ocr_par' dir='ltr' id='par_1_59' title="bbox 1902 3167 3490 3242">
     <span class='ocr_line' id='line_1_59' title="bbox 1902 3167 3490 3242; baseline 0.001 -15"><span class='ocrx_word' id='word_1_370' title='bbox 1902 3169 2149 3227; x_wconf 84' lang='lat' dir='ltr'><strong>clamans</strong></span> <span class='ocrx_word' id='word_1_371' title='bbox 2181 3170 2263 3225; x_wconf 89' lang='lat' dir='ltr'><strong>sic</strong></span> <span class='ocrx_word' id='word_1_372' title='bbox 2310 3167 2553 3225; x_wconf 81' lang='lat' dir='ltr'><strong>extulit:</strong></span> <span class='ocrx_word' id='word_1_373' title='bbox 2589 3186 2608 3222; x_wconf 81' lang='grc' dir='ltr'><strong>ι</strong></span> <span class='ocrx_word' id='word_1_374' title='bbox 2657 3167 2891 3233; x_wconf 81' lang='lat' dir='ltr'><strong>Videte,</strong></span> <span class='ocrx_word' id='word_1_375' title='bbox 2956 3184 3024 3225; x_wconf 90' lang='lat' dir='ltr'><strong>ne</strong></span> <span class='ocrx_word' id='word_1_376' title='bbox 3077 3171 3321 3241; x_wconf 87' lang='lat' dir='ltr'><strong>perdalis</strong></span> <span class='ocrx_word' id='word_1_377' title='bbox 3366 3188 3490 3242; x_wconf 65' lang='lat' dir='ltr'><strong>quae</strong></span> 
     </span>
    </p>
   </div>
   <div class='ocr_carea' id='block_1_60' title="bbox 211 3255 1802 3338">
    <p class='ocr_par' dir='ltr' id='par_1_60' title="bbox 211 3255 1801 3330">
     <span class='ocr_line' id='line_1_60' title="bbox 211 3255 1801 3330; baseline 0.002 -22"><span class='ocrx_word' id='word_1_378' title='bbox 211 3256 405 3328; x_wconf 87' lang='grc' dir='ltr'>πλήρη</span> <span class='ocrx_word' id='word_1_379' title='bbox 445 3256 785 3327; x_wconf 78' lang='grc' dir='ltr'>ἀπολάϐητε.</span> <span class='ocrx_word' id='word_1_380' title='bbox 814 3273 835 3309; x_wconf 76' lang='grc' dir='ltr'><strong>ι</strong></span> <span class='ocrx_word' id='word_1_381' title='bbox 897 3256 1012 3311; x_wconf 75' lang='grc' dir='ltr'><strong>Καὶ</strong></span> <span class='ocrx_word' id='word_1_382' title='bbox 1045 3255 1259 3321; x_wconf 81' lang='grc' dir='ltr'>Παῦλος</span> <span class='ocrx_word' id='word_1_383' title='bbox 1283 3256 1362 3323; x_wconf 79' lang='grc' dir='ltr'>δὲ,</span> <span class='ocrx_word' id='word_1_384' title='bbox 1410 3258 1439 3311; x_wconf 85' lang='grc' dir='ltr'><strong>ὁ</strong></span> <span class='ocrx_word' id='word_1_385' title='bbox 1472 3258 1644 3330; x_wconf 88' lang='grc' dir='ltr'>μυρία</span> <span class='ocrx_word' id='word_1_386' title='bbox 1671 3257 1801 3328; x_wconf 74' lang='lat'><strong>1:96-</strong></span> 
     </span>
    </p>
   </div>
   <div class='ocr_carea' id='block_1_61' title="bbox 1901 3255 3489 3338">
    <p class='ocr_par' dir='ltr' id='par_1_61' title="bbox 1901 3263 3489 3338">
     <span class='ocr_line' id='line_1_61' title="bbox 1901 3263 3489 3338; baseline 0 -18"><span class='ocrx_word' id='word_1_387' title='bbox 1901 3264 2110 3336; x_wconf 88' lang='lat' dir='ltr'><strong>operati</strong></span> <span class='ocrx_word' id='word_1_388' title='bbox 2153 3264 2311 3328; x_wconf 89' lang='lat' dir='ltr'><strong>estis,</strong></span> <span class='ocrx_word' id='word_1_389' title='bbox 2350 3263 2477 3318; x_wconf 88' lang='lat' dir='ltr'><strong>‘sed</strong></span> <span class='ocrx_word' id='word_1_390' title='bbox 2526 3273 2588 3317; x_wconf 91' lang='lat' dir='ltr'><strong>ut</strong></span> <span class='ocrx_word' id='word_1_391' title='bbox 2635 3265 2941 3319; x_wconf 88' lang='lat' dir='ltr'><strong>mercedem</strong></span> <span class='ocrx_word' id='word_1_392' title='bbox 2991 3265 3204 3335; x_wconf 83' lang='lat' dir='ltr'><strong>plenam</strong></span> <span class='ocrx_word' id='word_1_393' title='bbox 3242 3268 3489 3338; x_wconf 81' lang='lat' dir='ltr'><strong>accipia-</strong></span> 
     </span>
    </p>
   </div>
   <div class='ocr_carea' id='block_1_62' title="bbox 210 3343 1802 3428">
    <p class='ocr_par' dir='ltr' id='par_1_62' title="bbox 210 3343 1802 3418">
     <span class='ocr_line' id='line_1_62' title="bbox 210 3343 1802 3418; baseline 0.002 -22"><span class='ocrx_word' id='word_1_394' title='bbox 210 3360 361 3397; x_wconf 87' lang='grc' dir='ltr'>παια</span> <span class='ocrx_word' id='word_1_395' title='bbox 376 3344 521 3398; x_wconf 84' lang='grc' dir='ltr'><strong>κατά</strong></span> <span class='ocrx_word' id='word_1_396' title='bbox 543 3344 645 3415; x_wconf 84' lang='grc' dir='ltr'>τῆς</span> <span class='ocrx_word' id='word_1_397' title='bbox 674 3343 919 3415; x_wconf 80' lang='grc' dir='ltr'>ἐμφύτου</span> <span class='ocrx_word' id='word_1_398' title='bbox 957 3344 1255 3417; x_wconf 71' lang='grc' dir='ltr'>ἐπιθυμίας</span> <span class='ocrx_word' id='word_1_399' title='bbox 1307 3346 1511 3418; x_wconf 88' lang='grc' dir='ltr'>στήσας</span> <span class='ocrx_word' id='word_1_400' title='bbox 1534 3362 1551 3377; x_wconf 89' lang='grc'><strong>·</strong></span> <span class='ocrx_word' id='word_1_401' title='bbox 1580 3364 1601 3398; x_wconf 77' lang='grc' dir='ltr'><strong>ι</strong></span> <span class='ocrx_word' id='word_1_402' title='bbox 1623 3347 1802 3399; x_wconf 82' lang='grc' dir='ltr'>’Υπω-</span> 
     </span>
    </p>
   </div>
   <div class='ocr_carea' id='block_1_63' title="bbox 1901 3343 3493 3428">
    <p class='ocr_par' dir='ltr' id='par_1_63' title="bbox 1905 3352 3493 3428">
     <span class='ocr_line' id='line_1_63' title="bbox 1905 3352 3493 3428; baseline 0.003 -18"><span class='ocrx_word' id='word_1_403' title='bbox 1905 3356 1976 3412; x_wconf 88' lang='lat' dir='ltr'><strong>tis</strong></span> <span class='ocrx_word' id='word_1_404' title='bbox 2002 3356 2071 3411; x_wconf 84' lang='grc'><strong>³⁸.</strong></span> <span class='ocrx_word' id='word_1_405' title='bbox 2104 3373 2125 3409; x_wconf 74' lang='grc' dir='ltr'><strong>ι</strong></span> <span class='ocrx_word' id='word_1_406' title='bbox 2153 3355 2239 3410; x_wconf 88' lang='lat' dir='ltr'><strong>Ad</strong></span> <span class='ocrx_word' id='word_1_407' title='bbox 2266 3355 2383 3410; x_wconf 66' lang='lat' dir='ltr'><strong>haec</strong></span> <span class='ocrx_word' id='word_1_408' title='bbox 2406 3352 2631 3421; x_wconf 85' lang='lat' dir='ltr'><strong>Paulus,</strong></span> <span class='ocrx_word' id='word_1_409' title='bbox 2682 3357 2775 3426; x_wconf 89' lang='lat' dir='ltr'><strong>qui</strong></span> <span class='ocrx_word' id='word_1_410' title='bbox 2812 3366 3012 3424; x_wconf 73' lang='lat' dir='ltr'><strong>tropma</strong></span> <span class='ocrx_word' id='word_1_411' title='bbox 3063 3357 3295 3428; x_wconf 88' lang='lat' dir='ltr'><strong>amplius</strong></span> <span class='ocrx_word' id='word_1_412' title='bbox 3343 3359 3493 3414; x_wconf 86' lang='lat' dir='ltr'><strong>mille</strong></span> 
     </span>
    </p>
   </div>
   <div class='ocr_carea' id='block_1_64' title="bbox 210 3436 1802 3522">
    <p class='ocr_par' dir='ltr' id='par_1_64' title="bbox 210 3436 1802 3511">
     <span class='ocr_line' id='line_1_64' title="bbox 210 3436 1802 3511; baseline 0.002 -21"><span class='ocrx_word' id='word_1_413' title='bbox 210 3436 409 3501; x_wconf 77' lang='grc' dir='ltr'>πιάζω</span> <span class='ocrx_word' id='word_1_414' title='bbox 426 3454 528 3508; x_wconf 90' lang='grc' dir='ltr'><strong>μου</strong></span> <span class='ocrx_word' id='word_1_415' title='bbox 548 3437 611 3490; x_wconf 81' lang='grc' dir='ltr'>τὸ</span> <span class='ocrx_word' id='word_1_416' title='bbox 641 3437 802 3509; x_wconf 85' lang='grc' dir='ltr'>σῶμα</span> <span class='ocrx_word' id='word_1_417' title='bbox 836 3437 935 3493; x_wconf 74' lang='grc' dir='ltr'>καὶ</span> <span class='ocrx_word' id='word_1_418' title='bbox 972 3436 1322 3509; x_wconf 81' lang='grc' dir='ltr'>δουλαγωγῶ,</span> <span class='ocrx_word' id='word_1_419' title='bbox 1368 3439 1444 3511; x_wconf 87' lang='grc' dir='ltr'><strong>μή</strong></span> <span class='ocrx_word' id='word_1_420' title='bbox 1475 3456 1593 3503; x_wconf 77' lang='grc' dir='ltr'><strong>πως</strong></span> <span class='ocrx_word' id='word_1_421' title='bbox 1619 3438 1802 3505; x_wconf 84' lang='grc' dir='ltr'>ἀλλοις</span> 
     </span>
    </p>
   </div>
   <div class='ocr_carea' id='block_1_65' title="bbox 1901 3436 3488 3522">
    <p class='ocr_par' dir='ltr' id='par_1_65' title="bbox 1905 3448 3488 3522">
     <span class='ocr_line' id='line_1_65' title="bbox 1905 3448 3488 3522; baseline -0.001 -17"><span class='ocrx_word' id='word_1_422' title='bbox 1905 3449 1974 3505; x_wconf 90' lang='lat' dir='ltr'><strong>de</strong></span> <span class='ocrx_word' id='word_1_423' title='bbox 2008 3450 2195 3505; x_wconf 85' lang='lat' dir='ltr'><strong>innata</strong></span> <span class='ocrx_word' id='word_1_424' title='bbox 2237 3450 2418 3506; x_wconf 86' lang='lat' dir='ltr'><strong>carnis</strong></span> <span class='ocrx_word' id='word_1_425' title='bbox 2449 3449 2750 3521; x_wconf 86' lang='lat' dir='ltr'><strong>cupiditate</strong></span> <span class='ocrx_word' id='word_1_426' title='bbox 2784 3450 2976 3504; x_wconf 88' lang='lat' dir='ltr'><strong>statuit</strong></span> <span class='ocrx_word' id='word_1_427' title='bbox 3012 3468 3029 3506; x_wconf 88' lang='lat'><strong>:</strong></span> <span class='ocrx_word' id='word_1_428' title='bbox 3066 3468 3085 3502; x_wconf 76' lang='grc' dir='ltr'><strong>ι</strong></span> <span class='ocrx_word' id='word_1_429' title='bbox 3117 3448 3358 3522; x_wconf 84' lang='lat' dir='ltr'><strong>Castigo.</strong></span> <span class='ocrx_word' id='word_1_430' title='bbox 3389 3452 3488 3515; x_wconf 85' lang='lat' dir='ltr'><strong>ait,</strong></span> 
     </span>
    </p>
   </div>
   <div class='ocr_carea' id='block_1_66' title="bbox 210 3528 1802 3614">
    <p class='ocr_par' dir='ltr' id='par_1_66' title="bbox 210 3528 1799 3603">
     <span class='ocr_line' id='line_1_66' title="bbox 210 3528 1799 3603; baseline 0.001 -21"><span class='ocrx_word' id='word_1_431' title='bbox 210 3528 487 3601; x_wconf 80' lang='grc' dir='ltr'>κηρύξας,</span> <span class='ocrx_word' id='word_1_432' title='bbox 509 3528 673 3592; x_wconf 82' lang='grc' dir='ltr'>αὐτὸς</span> <span class='ocrx_word' id='word_1_433' title='bbox 703 3528 964 3602; x_wconf 86' lang='grc' dir='ltr'>ἀδόκιμος</span> <span class='ocrx_word' id='word_1_434' title='bbox 997 3531 1269 3600; x_wconf 85' lang='grc' dir='ltr'>γένωμαι.</span> <span class='ocrx_word' id='word_1_435' title='bbox 1301 3549 1321 3583; x_wconf 74' lang='grc' dir='ltr'><strong>ι</strong></span> <span class='ocrx_word' id='word_1_436' title='bbox 1357 3531 1513 3603; x_wconf 88' lang='grc' dir='ltr'>ᾜδει</span> <span class='ocrx_word' id='word_1_437' title='bbox 1537 3529 1667 3603; x_wconf 87' lang='grc' dir='ltr'>γὰρ,</span> <span class='ocrx_word' id='word_1_438' title='bbox 1703 3528 1799 3585; x_wconf 76' lang='grc' dir='ltr'>ἆτε</span> 
     </span>
    </p>
   </div>
   <div class='ocr_carea' id='block_1_67' title="bbox 1901 3528 3487 3614">
    <p class='ocr_par' dir='ltr' id='par_1_67' title="bbox 1901 3541 3487 3614">
     <span class='ocr_line' id='line_1_67' title="bbox 1901 3541 3487 3614; baseline -0.001 -15"><span class='ocrx_word' id='word_1_439' title='bbox 1901 3555 2101 3614; x_wconf 89' lang='lat' dir='ltr'><strong>corpus</strong></span> <span class='ocrx_word' id='word_1_440' title='bbox 2134 3556 2341 3608; x_wconf 88' lang='lat' dir='ltr'><strong>meum,</strong></span> <span class='ocrx_word' id='word_1_441' title='bbox 2367 3552 2423 3599; x_wconf 91' lang='lat' dir='ltr'><strong>et</strong></span> <span class='ocrx_word' id='word_1_442' title='bbox 2447 3543 2499 3597; x_wconf 92' lang='lat' dir='ltr'><strong>in</strong></span> <span class='ocrx_word' id='word_1_443' title='bbox 2526 3542 2841 3598; x_wconf 88' lang='lat' dir='ltr'><strong>servitutem</strong></span> <span class='ocrx_word' id='word_1_444' title='bbox 2873 3541 3074 3612; x_wconf 88' lang='lat' dir='ltr'><strong>redigo,</strong></span> <span class='ocrx_word' id='word_1_445' title='bbox 3105 3557 3174 3597; x_wconf 88' lang='lat' dir='ltr'><strong>ne</strong></span> <span class='ocrx_word' id='word_1_446' title='bbox 3205 3542 3344 3599; x_wconf 83' lang='lat' dir='ltr'><strong>forte</strong></span> <span class='ocrx_word' id='word_1_447' title='bbox 3364 3560 3487 3599; x_wconf 87' lang='lat' dir='ltr'><strong>cum</strong></span> 
     </span>
    </p>
   </div>
   <div class='ocr_carea' id='block_1_68' title="bbox 208 3621 1802 3706">
    <p class='ocr_par' dir='ltr' id='par_1_68' title="bbox 208 3621 1801 3694">
     <span class='ocr_line' id='line_1_68' title="bbox 208 3621 1801 3694; baseline 0.003 -19"><span class='ocrx_word' id='word_1_448' title='bbox 208 3621 613 3692; x_wconf 78' lang='grc' dir='ltr'>διεσκεμμένος</span> <span class='ocrx_word' id='word_1_449' title='bbox 649 3621 813 3694; x_wconf 78' lang='grc' dir='ltr'>ἀνὴρ,</span> <span class='ocrx_word' id='word_1_450' title='bbox 845 3622 943 3676; x_wconf 73' lang='grc' dir='ltr'>καὶ</span> <span class='ocrx_word' id='word_1_451' title='bbox 970 3621 1049 3693; x_wconf 85' lang='grc' dir='ltr'>μὴ</span> <span class='ocrx_word' id='word_1_452' title='bbox 1085 3622 1508 3694; x_wconf 84' lang='grc' dir='ltr'>ἀπερισκέπτως</span> <span class='ocrx_word' id='word_1_453' title='bbox 1551 3622 1634 3687; x_wconf 70' lang='grc' dir='ltr'><strong>είς</strong></span> <span class='ocrx_word' id='word_1_454' title='bbox 1672 3625 1801 3689; x_wconf 80' lang='grc' dir='ltr'>τοὺς</span> 
     </span>
    </p>
   </div>
   <div class='ocr_carea' id='block_1_69' title="bbox 1901 3621 3485 3706">
    <p class='ocr_par' dir='ltr' id='par_1_69' title="bbox 1904 3633 3485 3706">
     <span class='ocr_line' id='line_1_69' title="bbox 1904 3633 3485 3706; baseline -0.002 -15"><span class='ocrx_word' id='word_1_455' title='bbox 1904 3636 2027 3692; x_wconf 89' lang='lat' dir='ltr'><strong>aliis</strong></span> <span class='ocrx_word' id='word_1_456' title='bbox 2079 3635 2493 3706; x_wconf 67' lang='lat' dir='ltr'><strong>praedicavero,</strong></span> <span class='ocrx_word' id='word_1_457' title='bbox 2567 3634 2683 3704; x_wconf 91' lang='lat' dir='ltr'><strong>ipse</strong></span> <span class='ocrx_word' id='word_1_458' title='bbox 2755 3636 3017 3703; x_wconf 84' lang='lat' dir='ltr'><strong>reprobus</strong></span> <span class='ocrx_word' id='word_1_459' title='bbox 3082 3633 3288 3689; x_wconf 76' lang='lat' dir='ltr'><strong>eiﬁciar</strong></span> <span class='ocrx_word' id='word_1_460' title='bbox 3341 3635 3411 3690; x_wconf 79' lang='lat'><strong>&quot;.</strong></span> <span class='ocrx_word' id='word_1_461' title='bbox 3462 3654 3485 3688; x_wconf 73' lang='grc' dir='ltr'><strong>ι</strong></span> 
     </span>
    </p>
   </div>
   <div class='ocr_carea' id='block_1_70' title="bbox 210 3710 1802 3799">
    <p class='ocr_par' dir='ltr' id='par_1_70' title="bbox 210 3710 1801 3784">
     <span class='ocr_line' id='line_1_70' title="bbox 210 3710 1801 3784; baseline 0 -17"><span class='ocrx_word' id='word_1_462' title='bbox 210 3711 443 3782; x_wconf 83' lang='grc' dir='ltr'>ἀγῶνας</span> <span class='ocrx_word' id='word_1_463' title='bbox 466 3710 682 3784; x_wconf 84' lang='grc' dir='ltr'>χωρῶν,</span> <span class='ocrx_word' id='word_1_464' title='bbox 708 3711 806 3765; x_wconf 73' lang='grc' dir='ltr'>καὶ</span> <span class='ocrx_word' id='word_1_465' title='bbox 835 3710 933 3765; x_wconf 82' lang='grc' dir='ltr'>τοῦ</span> <span class='ocrx_word' id='word_1_466' title='bbox 961 3710 1211 3767; x_wconf 87' lang='grc' dir='ltr'>διαϐόλου</span> <span class='ocrx_word' id='word_1_467' title='bbox 1250 3711 1351 3776; x_wconf 82' lang='grc' dir='ltr'>τὰς</span> <span class='ocrx_word' id='word_1_468' title='bbox 1400 3712 1672 3783; x_wconf 85' lang='grc' dir='ltr'>μηχανὰς,</span> <span class='ocrx_word' id='word_1_469' title='bbox 1703 3713 1801 3767; x_wconf 78' lang='grc' dir='ltr'>καὶ</span> 
     </span>
    </p>
   </div>
   <div class='ocr_carea' id='block_1_71' title="bbox 1901 3710 3488 3799">
    <p class='ocr_par' dir='ltr' id='par_1_71' title="bbox 1901 3725 3488 3799">
     <span class='ocr_line' id='line_1_71' title="bbox 1901 3725 3488 3799; baseline 0 -16"><span class='ocrx_word' id='word_1_470' title='bbox 1901 3728 2136 3783; x_wconf 79' lang='lat' dir='ltr'><strong>Noverat</strong></span> <span class='ocrx_word' id='word_1_471' title='bbox 2160 3729 2330 3793; x_wconf 88' lang='lat' dir='ltr'><strong>enim,</strong></span> <span class='ocrx_word' id='word_1_472' title='bbox 2359 3735 2545 3797; x_wconf 92' lang='lat' dir='ltr'><strong>utpote</strong></span> <span class='ocrx_word' id='word_1_473' title='bbox 2572 3725 2728 3781; x_wconf 88' lang='lat' dir='ltr'><strong>miles</strong></span> <span class='ocrx_word' id='word_1_474' title='bbox 2758 3725 3096 3780; x_wconf 76' lang='lat' dir='ltr'><strong>exercitatus</strong></span> <span class='ocrx_word' id='word_1_475' title='bbox 3126 3727 3488 3799; x_wconf 86' lang='lat' dir='ltr'><strong>certandique</strong></span> 
     </span>
    </p>
   </div>
   <div class='ocr_carea' id='block_1_72' title="bbox 208 3812 1802 3891">
    <p class='ocr_par' dir='ltr' id='par_1_72' title="bbox 208 3812 1800 3887">
     <span class='ocr_line' id='line_1_72' title="bbox 208 3812 1800 3887; baseline -0.001 -18"><span class='ocrx_word' id='word_1_476' title='bbox 208 3815 319 3886; x_wconf 84' lang='grc' dir='ltr'>τῆς</span> <span class='ocrx_word' id='word_1_477' title='bbox 354 3814 557 3887; x_wconf 81' lang='grc' dir='ltr'>σαρκὸς</span> <span class='ocrx_word' id='word_1_478' title='bbox 584 3812 683 3886; x_wconf 75' lang='grc' dir='ltr'>τὴν</span> <span class='ocrx_word' id='word_1_479' title='bbox 705 3813 1081 3870; x_wconf 79' lang='grc' dir='ltr'>ἐπανάστασιν</span> <span class='ocrx_word' id='word_1_480' title='bbox 1108 3814 1209 3886; x_wconf 79' lang='grc' dir='ltr'>(ὅτι</span> <span class='ocrx_word' id='word_1_481' title='bbox 1246 3814 1276 3868; x_wconf 81' lang='grc' dir='ltr'><strong>ό</strong></span> <span class='ocrx_word' id='word_1_482' title='bbox 1315 3815 1415 3887; x_wconf 79' lang='grc' dir='ltr'>μὲν</span> <span class='ocrx_word' id='word_1_483' title='bbox 1455 3817 1574 3879; x_wconf 81' lang='grc' dir='ltr'>ταῖς</span> <span class='ocrx_word' id='word_1_484' title='bbox 1602 3815 1800 3887; x_wconf 76' lang='grc' dir='ltr'>ἥτταις</span> 
     </span>
    </p>
   </div>
   <div class='ocr_carea' id='block_1_73' title="bbox 1901 3812 3485 3891">
    <p class='ocr_par' dir='ltr' id='par_1_73' title="bbox 1902 3815 3485 3891">
     <span class='ocr_line' id='line_1_73' title="bbox 1902 3815 3485 3891; baseline -0.001 -17"><span class='ocrx_word' id='word_1_485' title='bbox 1902 3820 2189 3891; x_wconf 84' lang='lat' dir='ltr'><strong>gnarus,et</strong></span> <span class='ocrx_word' id='word_1_486' title='bbox 2212 3818 2411 3874; x_wconf 91' lang='lat' dir='ltr'><strong>diaboli</strong></span> <span class='ocrx_word' id='word_1_487' title='bbox 2441 3819 2725 3874; x_wconf 89' lang='lat' dir='ltr'><strong>machinas</strong></span> <span class='ocrx_word' id='word_1_488' title='bbox 2749 3856 2764 3880; x_wconf 87' lang='lat'><strong>,</strong></span> <span class='ocrx_word' id='word_1_489' title='bbox 2799 3826 2856 3871; x_wconf 91' lang='lat' dir='ltr'><strong>et</strong></span> <span class='ocrx_word' id='word_1_490' title='bbox 2885 3815 3067 3871; x_wconf 82' lang='lat' dir='ltr'><strong>carnis</strong></span> <span class='ocrx_word' id='word_1_491' title='bbox 3113 3818 3485 3873; x_wconf 86' lang='lat' dir='ltr'><strong>rebellionem.</strong></span> 
     </span>
    </p>
   </div>
   <div class='ocr_carea' id='block_1_74' title="bbox 214 3900 1802 3982">
    <p class='ocr_par' dir='ltr' id='par_1_74' title="bbox 214 3900 1801 3979">
     <span class='ocr_line' id='line_1_74' title="bbox 214 3900 1801 3979; baseline -0.001 -18"><span class='ocrx_word' id='word_1_492' title='bbox 214 3908 427 3979; x_wconf 77' lang='grc' dir='ltr'>μᾶλλον</span> <span class='ocrx_word' id='word_1_493' title='bbox 467 3905 860 3979; x_wconf 84' lang='grc' dir='ltr'>παροξύνεται)</span> <span class='ocrx_word' id='word_1_494' title='bbox 909 3900 1005 3960; x_wconf 75' lang='grc' dir='ltr'>καὶ</span> <span class='ocrx_word' id='word_1_495' title='bbox 1031 3906 1133 3961; x_wconf 82' lang='grc' dir='ltr'>οὐκ</span> <span class='ocrx_word' id='word_1_496' title='bbox 1175 3904 1332 3971; x_wconf 73' lang='grc' dir='ltr'>εἰδὼς</span> <span class='ocrx_word' id='word_1_497' title='bbox 1356 3904 1455 3978; x_wconf 77' lang='grc' dir='ltr'>τὴν</span> <span class='ocrx_word' id='word_1_498' title='bbox 1486 3905 1546 3974; x_wconf 85' lang='grc' dir='ltr'><strong>ἐξ</strong></span> <span class='ocrx_word' id='word_1_499' title='bbox 1583 3906 1801 3970; x_wconf 83' lang='grc' dir='ltr'>εὐθείας</span> 
     </span>
    </p>
   </div>
   <div class='ocr_carea' id='block_1_75' title="bbox 1901 3900 3488 3982">
    <p class='ocr_par' dir='ltr' id='par_1_75' title="bbox 1901 3908 3488 3982">
     <span class='ocr_line' id='line_1_75' title="bbox 1901 3908 3488 3982; baseline 0 -17"><span class='ocrx_word' id='word_1_500' title='bbox 1901 3908 2003 3966; x_wconf 86' lang='lat' dir='ltr'><strong>Hic</strong></span> <span class='ocrx_word' id='word_1_501' title='bbox 2026 3910 2172 3965; x_wconf 89' lang='lat' dir='ltr'><strong>enim</strong></span> <span class='ocrx_word' id='word_1_502' title='bbox 2188 3909 2409 3966; x_wconf 86' lang='lat' dir='ltr'><strong>victusa</strong></span> <span class='ocrx_word' id='word_1_503' title='bbox 2431 3909 2587 3965; x_wconf 90' lang='lat' dir='ltr'><strong>clade</strong></span> <span class='ocrx_word' id='word_1_504' title='bbox 2612 3910 2787 3980; x_wconf 82' lang='lat' dir='ltr'><strong>surgit</strong></span> <span class='ocrx_word' id='word_1_505' title='bbox 2813 3908 3052 3964; x_wconf 87' lang='lat' dir='ltr'><strong>alacrior</strong></span> <span class='ocrx_word' id='word_1_506' title='bbox 3075 3910 3488 3982; x_wconf 74' lang='lat' dir='ltr'><strong>incitatiorque,</strong></span> 
     </span>
    </p>
   </div>
   <div class='ocr_carea' id='block_1_76' title="bbox 214 3998 1802 4073">
    <p class='ocr_par' dir='ltr' id='par_1_76' title="bbox 214 3998 1801 4073">
     <span class='ocr_line' id='line_1_76' title="bbox 214 3998 1801 4073; baseline 0.001 -20"><span class='ocrx_word' id='word_1_507' title='bbox 214 4002 406 4073; x_wconf 84' lang='grc' dir='ltr'>μάχην</span> <span class='ocrx_word' id='word_1_508' title='bbox 431 4015 447 4031; x_wconf 81' lang='grc'><strong>’</strong></span> <span class='ocrx_word' id='word_1_509' title='bbox 488 4000 633 4055; x_wconf 85' lang='grc' dir='ltr'>ἐάλω</span> <span class='ocrx_word' id='word_1_510' title='bbox 675 3999 787 4072; x_wconf 88' lang='lat'><strong>7&amp;9</strong></span> <span class='ocrx_word' id='word_1_511' title='bbox 838 3998 907 4055; x_wconf 83' lang='grc' dir='ltr'><strong>ἀν</strong></span> <span class='ocrx_word' id='word_1_512' title='bbox 950 3999 1148 4073; x_wconf 76' lang='grc' dir='ltr'>ῥᾳδίως</span> <span class='ocrx_word' id='word_1_513' title='bbox 1173 4016 1190 4033; x_wconf 80' lang='grc' dir='ltr'><strong>ο</strong></span> <span class='ocrx_word' id='word_1_514' title='bbox 1226 3999 1410 4070; x_wconf 86' lang='grc' dir='ltr'>φιλίας</span> <span class='ocrx_word' id='word_1_515' title='bbox 1456 4003 1801 4073; x_wconf 87' lang='grc' dir='ltr'>προσωπεῖον</span> 
     </span>
    </p>
   </div>
   <div class='ocr_carea' id='block_1_77' title="bbox 1901 3998 3485 4073">
    <p class='ocr_par' dir='ltr' id='par_1_77' title="bbox 1901 3999 3485 4071">
     <span class='ocr_line' id='line_1_77' title="bbox 1901 3999 3485 4071; baseline -0.003 -13"><span class='ocrx_word' id='word_1_516' title='bbox 1901 4011 1957 4059; x_wconf 80' lang='lat' dir='ltr'><strong>et</strong></span> <span class='ocrx_word' id='word_1_517' title='bbox 1989 4016 2112 4057; x_wconf 89' lang='lat' dir='ltr'><strong>cum</strong></span> <span class='ocrx_word' id='word_1_518' title='bbox 2161 3999 2339 4071; x_wconf 91' lang='lat' dir='ltr'><strong>palam</strong></span> <span class='ocrx_word' id='word_1_519' title='bbox 2390 4010 2690 4071; x_wconf 88' lang='lat' dir='ltr'><strong>apertoque</strong></span> <span class='ocrx_word' id='word_1_520' title='bbox 2723 3999 2899 4054; x_wconf 85' lang='lat' dir='ltr'><strong>Marte</strong></span> <span class='ocrx_word' id='word_1_521' title='bbox 2940 4000 3197 4070; x_wconf 74' lang='lat' dir='ltr'><strong>congredi</strong></span> <span class='ocrx_word' id='word_1_522' title='bbox 3251 4003 3485 4065; x_wconf 80' lang='lat' dir='ltr'><strong>nesciat,</strong></span> 
     </span>
    </p>
   </div>
   <div class='ocr_carea' id='block_1_78' title="bbox 211 4090 1802 4160">
    <p class='ocr_par' dir='ltr' id='par_1_78' title="bbox 211 4090 1798 4158">
     <span class='ocr_line' id='line_1_78' title="bbox 211 4090 1798 4158; baseline -0.001 -13"><span class='ocrx_word' id='word_1_523' title='bbox 211 4092 442 4157; x_wconf 79' lang='grc' dir='ltr'>ὑποδὺς,</span> <span class='ocrx_word' id='word_1_524' title='bbox 485 4092 613 4155; x_wconf 80' lang='grc' dir='ltr'>τοὺς</span> <span class='ocrx_word' id='word_1_525' title='bbox 660 4090 1016 4155; x_wconf 87' lang='grc' dir='ltr'>νενικηκότας</span> <span class='ocrx_word' id='word_1_526' title='bbox 1056 4090 1320 4154; x_wconf 88' lang='grc' dir='ltr'>πολλάκις</span> <span class='ocrx_word' id='word_1_527' title='bbox 1364 4092 1564 4158; x_wconf 83' lang='grc' dir='ltr'>ύπτιοί,</span> <span class='ocrx_word' id='word_1_528' title='bbox 1596 4093 1692 4145; x_wconf 77' lang='grc' dir='ltr'>καὶ</span> <span class='ocrx_word' id='word_1_529' title='bbox 1723 4092 1798 4155; x_wconf 84' lang='grc' dir='ltr'><strong>ὡς</strong></span> 
     </span>
    </p>
   </div>
   <div class='ocr_carea' id='block_1_79' title="bbox 1901 4090 3485 4160">
    <p class='ocr_par' dir='ltr' id='par_1_79' title="bbox 1901 4090 3485 4160">
     <span class='ocr_line' id='line_1_79' title="bbox 1901 4090 3485 4160; baseline 0 -13"><span class='ocrx_word' id='word_1_530' title='bbox 1901 4107 2023 4148; x_wconf 87' lang='lat' dir='ltr'><strong>cum</strong></span> <span class='ocrx_word' id='word_1_531' title='bbox 2051 4092 2132 4147; x_wconf 85' lang='lat' dir='ltr'><strong>sic</strong></span> <span class='ocrx_word' id='word_1_532' title='bbox 2162 4105 2271 4146; x_wconf 88' lang='lat' dir='ltr'><strong>non</strong></span> <span class='ocrx_word' id='word_1_533' title='bbox 2296 4090 2512 4146; x_wconf 79' lang='lat' dir='ltr'><strong>diliieile</strong></span> <span class='ocrx_word' id='word_1_534' title='bbox 2546 4099 2938 4160; x_wconf 83' lang='lat' dir='ltr'><strong>superaretur,</strong></span> <span class='ocrx_word' id='word_1_535' title='bbox 2982 4091 3239 4146; x_wconf 70' lang='lat' dir='ltr'><strong>amicitia:</strong></span> <span class='ocrx_word' id='word_1_536' title='bbox 3278 4091 3485 4147; x_wconf 83' lang='lat' dir='ltr'><strong>larvam</strong></span> 
     </span>
    </p>
   </div>
   <div class='ocr_carea' id='block_1_80' title="bbox 210 4180 1802 4254">
    <p class='ocr_par' dir='ltr' id='par_1_80' title="bbox 210 4180 1798 4253">
     <span class='ocr_line' id='line_1_80' title="bbox 210 4180 1798 4253; baseline 0 -18"><span class='ocrx_word' id='word_1_537' title='bbox 210 4181 476 4235; x_wconf 81' lang='grc' dir='ltr'>οὐδέποτε</span> <span class='ocrx_word' id='word_1_538' title='bbox 514 4180 915 4252; x_wconf 80' lang='grc' dir='ltr'>ἡττηθήσονται</span> <span class='ocrx_word' id='word_1_539' title='bbox 959 4181 1277 4253; x_wconf 82' lang='grc' dir='ltr'>ἀπατήσας,</span> <span class='ocrx_word' id='word_1_540' title='bbox 1325 4180 1563 4246; x_wconf 87' lang='grc' dir='ltr'>ἐκλύσας</span> <span class='ocrx_word' id='word_1_541' title='bbox 1599 4198 1661 4235; x_wconf 86' lang='grc' dir='ltr'><strong>τε</strong></span> <span class='ocrx_word' id='word_1_542' title='bbox 1706 4180 1798 4235; x_wconf 82' lang='grc' dir='ltr'>τὸν</span> 
     </span>
    </p>
   </div>
   <div class='ocr_carea' id='block_1_81' title="bbox 1901 4180 3482 4254">
    <p class='ocr_par' dir='ltr' id='par_1_81' title="bbox 1902 4183 3482 4254">
     <span class='ocr_line' id='line_1_81' title="bbox 1902 4183 3482 4254; baseline 0.001 -16"><span class='ocrx_word' id='word_1_543' title='bbox 1902 4184 2101 4248; x_wconf 86' lang='lat' dir='ltr'><strong>induit,</strong></span> <span class='ocrx_word' id='word_1_544' title='bbox 2130 4193 2293 4252; x_wconf 89' lang='lat' dir='ltr'><strong>atque</strong></span> <span class='ocrx_word' id='word_1_545' title='bbox 2318 4184 2390 4237; x_wconf 91' lang='lat' dir='ltr'><strong>ita</strong></span> <span class='ocrx_word' id='word_1_546' title='bbox 2422 4183 2657 4239; x_wconf 87' lang='lat' dir='ltr'><strong>victores</strong></span> <span class='ocrx_word' id='word_1_547' title='bbox 2699 4184 2847 4252; x_wconf 87' lang='lat' dir='ltr'><strong>ipsos</strong></span> <span class='ocrx_word' id='word_1_548' title='bbox 2876 4200 2983 4239; x_wconf 86' lang='lat' dir='ltr'><strong>non</strong></span> <span class='ocrx_word' id='word_1_549' title='bbox 3014 4199 3141 4240; x_wconf 84' lang='lat' dir='ltr'><strong>raro</strong></span> <span class='ocrx_word' id='word_1_550' title='bbox 3161 4186 3482 4254; x_wconf 81' lang='lat' dir='ltr'><strong>prosternit,</strong></span> 
     </span>
    </p>
   </div>
   <div class='ocr_carea' id='block_1_82' title="bbox 211 4257 1802 4347">
    <p class='ocr_par' dir='ltr' id='par_1_82' title="bbox 211 4257 1798 4346">
     <span class='ocr_line' id='line_1_82' title="bbox 211 4257 1798 4346; baseline 0 -19"><span class='ocrx_word' id='word_1_551' title='bbox 211 4275 403 4339; x_wconf 82' lang='grc' dir='ltr'>πόνον,</span> <span class='ocrx_word' id='word_1_552' title='bbox 432 4274 532 4328; x_wconf 78' lang='grc' dir='ltr'>καὶ</span> <span class='ocrx_word' id='word_1_553' title='bbox 559 4257 660 4345; x_wconf 77' lang='grc' dir='ltr'><strong>τήν</strong></span> <span class='ocrx_word' id='word_1_554' title='bbox 687 4273 1050 4346; x_wconf 84' lang='grc' dir='ltr'>παρασκευὴν</span> <span class='ocrx_word' id='word_1_555' title='bbox 1067 4273 1287 4328; x_wconf 76' lang='grc' dir='ltr'>ἅπασαν</span> <span class='ocrx_word' id='word_1_556' title='bbox 1307 4273 1592 4341; x_wconf 86' lang='grc' dir='ltr'>διαλύσας,</span> <span class='ocrx_word' id='word_1_557' title='bbox 1623 4274 1798 4338; x_wconf 78' lang='grc' dir='ltr'>οὕτως</span> 
     </span>
    </p>
   </div>
   <div class='ocr_carea' id='block_1_83' title="bbox 1901 4257 3484 4347">
    <p class='ocr_par' dir='ltr' id='par_1_83' title="bbox 1901 4273 3484 4347">
     <span class='ocr_line' id='line_1_83' title="bbox 1901 4273 3484 4347; baseline -0.001 -17"><span class='ocrx_word' id='word_1_558' title='bbox 1901 4273 2062 4347; x_wconf 80' lang='lat'><strong>597</strong></span> <span class='ocrx_word' id='word_1_559' title='bbox 2095 4283 2152 4330; x_wconf 92' lang='lat' dir='ltr'><strong>et</strong></span> <span class='ocrx_word' id='word_1_560' title='bbox 2185 4274 2340 4345; x_wconf 88' lang='lat' dir='ltr'><strong>quasi</strong></span> <span class='ocrx_word' id='word_1_561' title='bbox 2376 4288 2656 4342; x_wconf 87' lang='lat' dir='ltr'><strong>nunquam</strong></span> <span class='ocrx_word' id='word_1_562' title='bbox 2704 4275 2954 4329; x_wconf 86' lang='lat' dir='ltr'><strong>vincendi</strong></span> <span class='ocrx_word' id='word_1_563' title='bbox 2996 4284 3204 4341; x_wconf 76' lang='lat' dir='ltr'><strong>essent,</strong></span> <span class='ocrx_word' id='word_1_564' title='bbox 3254 4274 3484 4340; x_wconf 74' lang='lat' dir='ltr'><strong>deludit.</strong></span> 
     </span>
    </p>
   </div>
   <div class='ocr_carea' id='block_1_84' title="bbox 212 4363 1802 4441">
    <p class='ocr_par' dir='ltr' id='par_1_84' title="bbox 212 4363 1797 4438">
     <span class='ocr_line' id='line_1_84' title="bbox 212 4363 1797 4438; baseline -0.003 -17"><span class='ocrx_word' id='word_1_565' title='bbox 212 4365 418 4431; x_wconf 78' lang='grc' dir='ltr'>αὐτοὺς</span> <span class='ocrx_word' id='word_1_566' title='bbox 462 4367 543 4429; x_wconf 84' lang='grc' dir='ltr'><strong>είς</strong></span> <span class='ocrx_word' id='word_1_567' title='bbox 572 4364 635 4418; x_wconf 83' lang='grc' dir='ltr'>τὸ</span> <span class='ocrx_word' id='word_1_568' title='bbox 665 4363 941 4438; x_wconf 85' lang='grc' dir='ltr'>βάραθρον</span> <span class='ocrx_word' id='word_1_569' title='bbox 976 4364 1080 4437; x_wconf 80' lang='grc' dir='ltr'>τῆς</span> <span class='ocrx_word' id='word_1_570' title='bbox 1123 4364 1414 4435; x_wconf 86' lang='grc' dir='ltr'>ἀσελγείας</span> <span class='ocrx_word' id='word_1_571' title='bbox 1459 4367 1797 4435; x_wconf 86' lang='grc' dir='ltr'>κατήνεγκεν</span> 
     </span>
    </p>
   </div>
   <div class='ocr_carea' id='block_1_85' title="bbox 1901 4363 3489 4441">
    <p class='ocr_par' dir='ltr' id='par_1_85' title="bbox 1901 4363 3489 4436">
     <span class='ocr_line' id='line_1_85' title="bbox 1901 4363 3489 4436; baseline -0.001 -15"><span class='ocrx_word' id='word_1_572' title='bbox 1901 4365 2224 4436; x_wconf 70' lang='lat' dir='ltr'><strong>deiectoque</strong></span> <span class='ocrx_word' id='word_1_573' title='bbox 2257 4365 2311 4420; x_wconf 91' lang='lat' dir='ltr'><strong>iu</strong></span> <span class='ocrx_word' id='word_1_574' title='bbox 2341 4363 2529 4418; x_wconf 90' lang='lat' dir='ltr'><strong>labore</strong></span> <span class='ocrx_word' id='word_1_575' title='bbox 2554 4363 2739 4417; x_wconf 88' lang='lat' dir='ltr'><strong>animo</strong></span> <span class='ocrx_word' id='word_1_576' title='bbox 2763 4402 2781 4428; x_wconf 90' lang='lat'><strong>,</strong></span> <span class='ocrx_word' id='word_1_577' title='bbox 2810 4377 3140 4433; x_wconf 88' lang='lat' dir='ltr'><strong>omnemque</strong></span> <span class='ocrx_word' id='word_1_578' title='bbox 3174 4363 3489 4419; x_wconf 79' lang='lat' dir='ltr'><strong>dissolvens</strong></span> 
     </span>
    </p>
   </div>
   <div class='ocr_carea' id='block_1_86' title="bbox 221 4455 1802 4530">
    <p class='ocr_par' dir='ltr' id='par_1_86' title="bbox 221 4456 1801 4529">
     <span class='ocr_line' id='line_1_86' title="bbox 221 4456 1801 4529; baseline -0.003 -18"><span class='ocrx_word' id='word_1_579' title='bbox 221 4458 293 4511; x_wconf 80' lang='grc' dir='ltr'><strong><em>Ἥ</em></strong></span> <span class='ocrx_word' id='word_1_580' title='bbox 312 4458 373 4511; x_wconf 83' lang='grc' dir='ltr'>δὲ</span> <span class='ocrx_word' id='word_1_581' title='bbox 408 4456 637 4510; x_wconf 79' lang='grc' dir='ltr'>ὑπάττει</span> <span class='ocrx_word' id='word_1_582' title='bbox 659 4456 772 4529; x_wconf 81' lang='grc'><strong>(15)</strong></span> <span class='ocrx_word' id='word_1_583' title='bbox 801 4456 898 4512; x_wconf 78' lang='grc' dir='ltr'>καὶ</span> <span class='ocrx_word' id='word_1_584' title='bbox 921 4457 1138 4528; x_wconf 81' lang='grc' dir='ltr'>σκιρτᾷ,</span> <span class='ocrx_word' id='word_1_585' title='bbox 1164 4457 1259 4511; x_wconf 73' lang='grc' dir='ltr'>καὶ</span> <span class='ocrx_word' id='word_1_586' title='bbox 1282 4456 1405 4510; x_wconf 82' lang='grc' dir='ltr'>οὐδὲ</span> <span class='ocrx_word' id='word_1_587' title='bbox 1431 4459 1546 4521; x_wconf 86' lang='grc' dir='ltr'>τοῖς</span> <span class='ocrx_word' id='word_1_588' title='bbox 1563 4457 1801 4527; x_wconf 69' lang='grc' dir='ltr'>κατατήρ</span> 
     </span>
    </p>
   </div>
   <div class='ocr_carea' id='block_1_87' title="bbox 1901 4455 3488 4530">
    <p class='ocr_par' dir='ltr' id='par_1_87' title="bbox 1904 4455 3488 4530">
     <span class='ocr_line' id='line_1_87' title="bbox 1904 4455 3488 4530; baseline -0.001 -18"><span class='ocrx_word' id='word_1_589' title='bbox 1904 4466 2225 4530; x_wconf 87' lang='lat' dir='ltr'><strong>apparatum</strong></span> <span class='ocrx_word' id='word_1_590' title='bbox 2281 4456 2336 4511; x_wconf 88' lang='lat' dir='ltr'><strong>in</strong></span> <span class='ocrx_word' id='word_1_591' title='bbox 2398 4455 2652 4526; x_wconf 83' lang='lat' dir='ltr'><strong>abyssum</strong></span> <span class='ocrx_word' id='word_1_592' title='bbox 2712 4456 2857 4524; x_wconf 89' lang='lat' dir='ltr'><strong>ipsos</strong></span> <span class='ocrx_word' id='word_1_593' title='bbox 2911 4464 3179 4525; x_wconf 72' lang='lat' dir='ltr'><strong>proterva:</strong></span> <span class='ocrx_word' id='word_1_594' title='bbox 3240 4456 3488 4511; x_wconf 85' lang='lat' dir='ltr'><strong>libidinis</strong></span> 
     </span>
    </p>
   </div>
   <div class='ocr_carea' id='block_1_88' title="bbox 212 4546 1802 4623">
    <p class='ocr_par' dir='ltr' id='par_1_88' title="bbox 212 4548 1799 4623">
     <span class='ocr_line' id='line_1_88' title="bbox 212 4548 1799 4623; baseline 0 -20"><span class='ocrx_word' id='word_1_595' title='bbox 212 4566 409 4603; x_wconf 89' lang='grc' dir='ltr'>κουσιν</span> <span class='ocrx_word' id='word_1_596' title='bbox 449 4548 621 4621; x_wconf 81' lang='grc' dir='ltr'>αὐτὴν</span> <span class='ocrx_word' id='word_1_597' title='bbox 654 4550 795 4604; x_wconf 73' lang='grc' dir='ltr'>εἴκει</span> <span class='ocrx_word' id='word_1_598' title='bbox 842 4549 1075 4623; x_wconf 72' lang='grc' dir='ltr'>ῥαδίως·</span> <span class='ocrx_word' id='word_1_599' title='bbox 1118 4549 1232 4604; x_wconf 85' lang='grc' dir='ltr'>ἀλλ’</span> <span class='ocrx_word' id='word_1_600' title='bbox 1275 4550 1571 4621; x_wconf 84' lang='grc' dir='ltr'>ήττηθεῖσα</span> <span class='ocrx_word' id='word_1_601' title='bbox 1598 4548 1799 4603; x_wconf 64' lang='grc' dir='ltr'>πολλάς</span> 
     </span>
    </p>
   </div>
   <div class='ocr_carea' id='block_1_89' title="bbox 1901 4546 3484 4623">
    <p class='ocr_par' dir='ltr' id='par_1_89' title="bbox 1901 4546 3484 4618">
     <span class='ocr_line' id='line_1_89' title="bbox 1901 4546 3484 4618; baseline 0 -14"><span class='ocrx_word' id='word_1_602' title='bbox 1901 4550 2138 4604; x_wconf 81' lang='lat' dir='ltr'><strong>abduxit.</strong></span> <span class='ocrx_word' id='word_1_603' title='bbox 2164 4548 2297 4615; x_wconf 65' lang='lat' dir='ltr'><strong>Quae</strong></span> <span class='ocrx_word' id='word_1_604' title='bbox 2336 4547 2503 4602; x_wconf 90' lang='lat' dir='ltr'><strong>libido</strong></span> <span class='ocrx_word' id='word_1_605' title='bbox 2559 4556 2690 4601; x_wconf 87' lang='lat' dir='ltr'><strong>tunc</strong></span> <span class='ocrx_word' id='word_1_606' title='bbox 2724 4546 2956 4618; x_wconf 89' lang='lat' dir='ltr'><strong>insurgit</strong></span> <span class='ocrx_word' id='word_1_607' title='bbox 2991 4556 3151 4618; x_wconf 83' lang='lat' dir='ltr'><strong>atque</strong></span> <span class='ocrx_word' id='word_1_608' title='bbox 3184 4548 3393 4613; x_wconf 80' lang='lat' dir='ltr'><strong>exsilit,</strong></span> <span class='ocrx_word' id='word_1_609' title='bbox 3426 4558 3484 4604; x_wconf 89' lang='lat' dir='ltr'><strong>et</strong></span> 
     </span>
    </p>
   </div>
   <div class='ocr_carea' id='block_1_90' title="bbox 211 4637 1802 4711">
    <p class='ocr_par' dir='ltr' id='par_1_90' title="bbox 211 4638 1795 4711">
     <span class='ocr_line' id='line_1_90' title="bbox 211 4638 1795 4711; baseline -0.004 -15"><span class='ocrx_word' id='word_1_610' title='bbox 211 4657 304 4703; x_wconf 84' lang='grc' dir='ltr'><strong>κις</strong></span> <span class='ocrx_word' id='word_1_611' title='bbox 342 4640 405 4693; x_wconf 86' lang='grc' dir='ltr'><strong>ἐν</strong></span> <span class='ocrx_word' id='word_1_612' title='bbox 444 4639 679 4709; x_wconf 87' lang='grc' dir='ltr'>νεότητι,</span> <span class='ocrx_word' id='word_1_613' title='bbox 724 4641 785 4693; x_wconf 87' lang='grc' dir='ltr'><strong>ἐν</strong></span> <span class='ocrx_word' id='word_1_614' title='bbox 818 4641 997 4711; x_wconf 81' lang='grc' dir='ltr'>γήρᾳ,</span> <span class='ocrx_word' id='word_1_615' title='bbox 1053 4639 1434 4710; x_wconf 84' lang='grc' dir='ltr'>ἀνεμαχέσατο</span> <span class='ocrx_word' id='word_1_616' title='bbox 1468 4638 1569 4702; x_wconf 85' lang='grc' dir='ltr'>τὰς</span> <span class='ocrx_word' id='word_1_617' title='bbox 1606 4638 1795 4709; x_wconf 75' lang='grc' dir='ltr'>ἥττας,</span> 
     </span>
    </p>
   </div>
   <div class='ocr_carea' id='block_1_91' title="bbox 1901 4637 3491 4711">
    <p class='ocr_par' dir='ltr' id='par_1_91' title="bbox 1901 4637 3491 4711">
     <span class='ocr_line' id='line_1_91' title="bbox 1901 4637 3491 4711; baseline 0.001 -18"><span class='ocrx_word' id='word_1_618' title='bbox 1901 4640 2047 4694; x_wconf 89' lang='lat' dir='ltr'><strong>illam</strong></span> <span class='ocrx_word' id='word_1_619' title='bbox 2075 4638 2493 4709; x_wconf 85' lang='lat' dir='ltr'><strong>reprimentibus</strong></span> <span class='ocrx_word' id='word_1_620' title='bbox 2524 4653 2630 4693; x_wconf 91' lang='lat' dir='ltr'><strong>non</strong></span> <span class='ocrx_word' id='word_1_621' title='bbox 2657 4637 2816 4694; x_wconf 81' lang='lat' dir='ltr'><strong>facile</strong></span> <span class='ocrx_word' id='word_1_622' title='bbox 2841 4640 3006 4705; x_wconf 90' lang='lat' dir='ltr'><strong>cedit,</strong></span> <span class='ocrx_word' id='word_1_623' title='bbox 3038 4640 3132 4695; x_wconf 90' lang='lat' dir='ltr'><strong>sed</strong></span> <span class='ocrx_word' id='word_1_624' title='bbox 3155 4653 3299 4711; x_wconf 67' lang='lat' dir='ltr'><strong>saepe</strong></span> <span class='ocrx_word' id='word_1_625' title='bbox 3318 4641 3371 4695; x_wconf 87' lang='lat' dir='ltr'><strong>in</strong></span> <span class='ocrx_word' id='word_1_626' title='bbox 3392 4640 3491 4708; x_wconf 29' lang='lat' dir='ltr'><strong>ju-.</strong></span> 
     </span>
    </p>
   </div>
   <div class='ocr_carea' id='block_1_92' title="bbox 212 4731 1794 4804">
    <p class='ocr_par' dir='ltr' id='par_1_92' title="bbox 212 4731 1794 4804">
     <span class='ocr_line' id='line_1_92' title="bbox 212 4731 1794 4804; baseline -0.001 -19"><span class='ocrx_word' id='word_1_627' title='bbox 212 4733 310 4786; x_wconf 78' lang='grc' dir='ltr'>καὶ</span> <span class='ocrx_word' id='word_1_628' title='bbox 331 4731 404 4786; x_wconf 85' lang='grc' dir='ltr'>τὰ</span> <span class='ocrx_word' id='word_1_629' title='bbox 432 4731 665 4804; x_wconf 84' lang='grc' dir='ltr'>λαμπρὰ</span> <span class='ocrx_word' id='word_1_630' title='bbox 684 4733 870 4786; x_wconf 82' lang='grc' dir='ltr'>ἐκεῖνα</span> <span class='ocrx_word' id='word_1_631' title='bbox 896 4732 1136 4804; x_wconf 85' lang='grc' dir='ltr'>τρόπαια</span> <span class='ocrx_word' id='word_1_632' title='bbox 1181 4733 1251 4785; x_wconf 84' lang='grc' dir='ltr'><strong>τά</strong></span> <span class='ocrx_word' id='word_1_633' title='bbox 1292 4732 1414 4786; x_wconf 85' lang='grc' dir='ltr'>κατ’</span> <span class='ocrx_word' id='word_1_634' title='bbox 1449 4731 1619 4801; x_wconf 84' lang='grc' dir='ltr'>αὐτῆς</span> <span class='ocrx_word' id='word_1_635' title='bbox 1661 4731 1794 4800; x_wconf 85' lang='grc' dir='ltr'>ἐγη-</span> 
     </span>
    </p>
   </div>
   <div class='ocr_carea' id='block_1_93' title="bbox 210 4819 1795 4897">
    <p class='ocr_par' dir='ltr' id='par_1_93' title="bbox 210 4819 1795 4897">
     <span class='ocr_line' id='line_1_93' title="bbox 210 4819 1795 4897; baseline -0.003 -18"><span class='ocrx_word' id='word_1_636' title='bbox 210 4825 462 4897; x_wconf 83' lang='grc' dir='ltr'>γερμένα</span> <span class='ocrx_word' id='word_1_637' title='bbox 533 4826 788 4895; x_wconf 70' lang='grc' dir='ltr'>ἠφάνισε.</span> <span class='ocrx_word' id='word_1_638' title='bbox 832 4824 930 4891; x_wconf 86' lang='grc' dir='ltr'>Τίς</span> <span class='ocrx_word' id='word_1_639' title='bbox 972 4819 1068 4879; x_wconf 81' lang='grc' dir='ltr'>οὖν</span> <span class='ocrx_word' id='word_1_640' title='bbox 1117 4823 1291 4887; x_wconf 75' lang='grc' dir='ltr'>οὕτως</span> <span class='ocrx_word' id='word_1_641' title='bbox 1346 4823 1592 4894; x_wconf 87' lang='grc' dir='ltr'>ἀνόητος,</span> <span class='ocrx_word' id='word_1_642' title='bbox 1644 4822 1679 4892; x_wconf 80' lang='grc' dir='ltr'>ἢ</span> <span class='ocrx_word' id='word_1_643' title='bbox 1712 4822 1795 4886; x_wconf 86' lang='grc' dir='ltr'><strong>τίς</strong></span> 
     </span>
    </p>
   </div>
   <div class='ocr_carea' id='block_1_94' title="bbox 209 4914 1791 4989">
    <p class='ocr_par' dir='ltr' id='par_1_94' title="bbox 209 4914 1791 4989">
     <span class='ocr_line' id='line_1_94' title="bbox 209 4914 1791 4989; baseline -0.001 -18"><span class='ocrx_word' id='word_1_644' title='bbox 209 4918 387 4981; x_wconf 76' lang='grc' dir='ltr'>οὕτως</span> <span class='ocrx_word' id='word_1_645' title='bbox 406 4917 835 4989; x_wconf 89' lang='grc' dir='ltr'>ἀπερίσκεπτος,</span> <span class='ocrx_word' id='word_1_646' title='bbox 859 4918 1007 4980; x_wconf 83' lang='grc' dir='ltr'>ὅστις</span> <span class='ocrx_word' id='word_1_647' title='bbox 1042 4915 1185 4988; x_wconf 83' lang='grc' dir='ltr'>ὀρῶν</span> <span class='ocrx_word' id='word_1_648' title='bbox 1228 4916 1319 4970; x_wconf 82' lang='grc' dir='ltr'>τὸν</span> <span class='ocrx_word' id='word_1_649' title='bbox 1343 4914 1791 4985; x_wconf 80' lang='grc' dir='ltr'>πνευματοφόρον</span> 
     </span>
    </p>
   </div>
   <div class='ocr_carea' id='block_1_95' title="bbox 209 5002 1787 5079">
    <p class='ocr_par' dir='ltr' id='par_1_95' title="bbox 209 5002 1787 5079">
     <span class='ocr_line' id='line_1_95' title="bbox 209 5002 1787 5079; baseline -0.004 -17"><span class='ocrx_word' id='word_1_650' title='bbox 209 5007 384 5079; x_wconf 78' lang='grc' dir='ltr'>ἄνδρα</span> <span class='ocrx_word' id='word_1_651' title='bbox 425 5008 567 5078; x_wconf 88' lang='grc' dir='ltr'><strong>μετά</strong></span> <span class='ocrx_word' id='word_1_652' title='bbox 612 5007 785 5078; x_wconf 86' lang='grc' dir='ltr'>μυρία</span> <span class='ocrx_word' id='word_1_653' title='bbox 828 5007 1073 5079; x_wconf 85' lang='grc' dir='ltr'>τρόπαια</span> <span class='ocrx_word' id='word_1_654' title='bbox 1116 5004 1414 5074; x_wconf 85' lang='grc' dir='ltr'>ἐναγώνιον</span> <span class='ocrx_word' id='word_1_655' title='bbox 1452 5004 1532 5075; x_wconf 88' lang='grc' dir='ltr'>τῷ</span> <span class='ocrx_word' id='word_1_656' title='bbox 1578 5002 1787 5075; x_wconf 75' lang='grc' dir='ltr'>άπαξῆ</span> 
     </span>
    </p>
   </div>
   <div class='ocr_carea' id='block_1_96' title="bbox 208 5095 1790 5172">
    <p class='ocr_par' dir='ltr' id='par_1_96' title="bbox 208 5095 1790 5172">
     <span class='ocr_line' id='line_1_96' title="bbox 208 5095 1790 5172; baseline -0.003 -19"><span class='ocrx_word' id='word_1_657' title='bbox 208 5100 467 5171; x_wconf 83' lang='grc' dir='ltr'>δεύτερον</span> <span class='ocrx_word' id='word_1_658' title='bbox 490 5099 912 5172; x_wconf 87' lang='grc' dir='ltr'>κεκρατηκέναι,</span> <span class='ocrx_word' id='word_1_659' title='bbox 958 5098 1382 5169; x_wconf 84' lang='grc' dir='ltr'>ὐπτιωθήσεται,</span> <span class='ocrx_word' id='word_1_660' title='bbox 1416 5096 1514 5151; x_wconf 74' lang='grc' dir='ltr'>καὶ</span> <span class='ocrx_word' id='word_1_661' title='bbox 1554 5095 1790 5161; x_wconf 81' lang='grc' dir='ltr'>ἐκλύσας</span> 
     </span>
    </p>
   </div>
   <div class='ocr_carea' id='block_1_97' title="bbox 207 5184 1811 5267">
    <p class='ocr_par' dir='ltr' id='par_1_97' title="bbox 207 5184 1811 5267">
     <span class='ocr_line' id='line_1_97' title="bbox 207 5184 1811 5267; baseline -0.002 -22"><span class='ocrx_word' id='word_1_662' title='bbox 207 5192 311 5257; x_wconf 85' lang='grc' dir='ltr'>τὴν</span> <span class='ocrx_word' id='word_1_663' title='bbox 354 5191 714 5263; x_wconf 85' lang='grc' dir='ltr'>παρασκευὴν</span> <span class='ocrx_word' id='word_1_664' title='bbox 749 5192 847 5246; x_wconf 78' lang='grc' dir='ltr'>καὶ</span> <span class='ocrx_word' id='word_1_665' title='bbox 889 5190 992 5263; x_wconf 81' lang='grc' dir='ltr'>τὴν</span> <span class='ocrx_word' id='word_1_666' title='bbox 1030 5190 1295 5259; x_wconf 84' lang='grc' dir='ltr'>ἀγωνίαν,</span> <span class='ocrx_word' id='word_1_667' title='bbox 1341 5188 1611 5260; x_wconf 88' lang='grc' dir='ltr'>ἀήττητος</span> <span class='ocrx_word' id='word_1_668' title='bbox 1648 5184 1811 5267; x_wconf 29' lang='grc' dir='ltr'>εἶναι·</span> 
     </span>
    </p>
   </div>
   <div class='ocr_carea' id='block_1_98' title="bbox 207 5278 1790 5353">
    <p class='ocr_par' dir='ltr' id='par_1_98' title="bbox 207 5278 1790 5353">
     <span class='ocr_line' id='line_1_98' title="bbox 207 5278 1790 5353; baseline -0.003 -18"><span class='ocrx_word' id='word_1_669' title='bbox 207 5283 490 5353; x_wconf 73' lang='grc' dir='ltr'>οὶήσεταις</span> <span class='ocrx_word' id='word_1_670' title='bbox 529 5282 668 5335; x_wconf 83' lang='grc' dir='ltr'>Ἀλλ’</span> <span class='ocrx_word' id='word_1_671' title='bbox 683 5282 802 5353; x_wconf 73' lang='grc' dir='ltr'>οὐχὶ</span> <span class='ocrx_word' id='word_1_672' title='bbox 826 5281 992 5336; x_wconf 90' lang='grc' dir='ltr'>πλέον</span> <span class='ocrx_word' id='word_1_673' title='bbox 1032 5278 1537 5353; x_wconf 83' lang='grc' dir='ltr'>παρασκευάσεται,</span> <span class='ocrx_word' id='word_1_674' title='bbox 1576 5278 1697 5349; x_wconf 77' lang='grc' dir='ltr'>οὐχὶ</span> <span class='ocrx_word' id='word_1_675' title='bbox 1729 5280 1790 5332; x_wconf 86' lang='grc' dir='ltr'><strong>τὺ</strong></span> 
     </span>
    </p>
   </div>
   <div class='ocr_carea' id='block_1_99' title="bbox 278 5388 1857 5501">
    <p class='ocr_par' dir='ltr' id='par_1_99' title="bbox 278 5388 1857 5501">
     <span class='ocr_line' id='line_1_99' title="bbox 278 5388 1857 5501; baseline -0.001 -10"><span class='ocrx_word' id='word_1_676' title='bbox 278 5438 328 5471; x_wconf 58' lang='lat' dir='ltr'>ﬂ</span> <span class='ocrx_word' id='word_1_677' title='bbox 366 5437 558 5493; x_wconf 80' lang='lat' dir='ltr'><strong>Matth.</strong></span> <span class='ocrx_word' id='word_1_678' title='bbox 587 5452 699 5501; x_wconf 78' lang='lat' dir='ltr'><strong>Im,</strong></span> <span class='ocrx_word' id='word_1_679' title='bbox 726 5435 820 5491; x_wconf 72' lang='lat'><strong>26.</strong></span> <span class='ocrx_word' id='word_1_680' title='bbox 894 5437 940 5468; x_wconf 79' lang='grc'><strong><em>⁸⁸</em></strong></span> <span class='ocrx_word' id='word_1_681' title='bbox 969 5433 1013 5488; x_wconf 93' lang='lat' dir='ltr'><strong>ll</strong></span> <span class='ocrx_word' id='word_1_682' title='bbox 1050 5434 1205 5491; x_wconf 84' lang='lat' dir='ltr'><strong>Joan.</strong></span> <span class='ocrx_word' id='word_1_683' title='bbox 1231 5433 1285 5490; x_wconf 86' lang='lat'><strong>8.</strong></span> <span class='ocrx_word' id='word_1_684' title='bbox 1364 5434 1411 5466; x_wconf 77' lang='lat'>“</span> <span class='ocrx_word' id='word_1_685' title='bbox 1443 5434 1459 5487; x_wconf 95' lang='lat' dir='ltr'><strong>l</strong></span> <span class='ocrx_word' id='word_1_686' title='bbox 1486 5388 1613 5489; x_wconf 80' lang='lat' dir='ltr'><strong>cor.</strong></span> <span class='ocrx_word' id='word_1_687' title='bbox 1644 5448 1722 5495; x_wconf 83' lang='lat' dir='ltr'><strong>Ix,</strong></span> <span class='ocrx_word' id='word_1_688' title='bbox 1764 5432 1857 5489; x_wconf 74' lang='lat'><strong>27.</strong></span> 
     </span>
    </p>
   </div>
   <div class='ocr_carea' id='block_1_100' title="bbox 1894 4730 3483 4803">
    <p class='ocr_par' dir='ltr' id='par_1_100' title="bbox 1894 4730 3483 4803">
     <span class='ocr_line' id='line_1_100' title="bbox 1894 4730 3483 4803; baseline -0.001 -14"><span class='ocrx_word' id='word_1_689' title='bbox 1894 4741 2116 4789; x_wconf 75' lang='lat' dir='ltr'><strong>ventute</strong></span> <span class='ocrx_word' id='word_1_690' title='bbox 2153 4731 2323 4795; x_wconf 86' lang='lat' dir='ltr'><strong>victa,</strong></span> <span class='ocrx_word' id='word_1_691' title='bbox 2365 4730 2420 4785; x_wconf 89' lang='lat' dir='ltr'><strong>in</strong></span> <span class='ocrx_word' id='word_1_692' title='bbox 2468 4739 2753 4786; x_wconf 88' lang='lat' dir='ltr'><strong>senectute</strong></span> <span class='ocrx_word' id='word_1_693' title='bbox 2779 4746 3013 4799; x_wconf 89' lang='lat' dir='ltr'><strong>pugnam</strong></span> <span class='ocrx_word' id='word_1_694' title='bbox 3062 4732 3483 4803; x_wconf 85' lang='lat' dir='ltr'><strong>redintegraqu</strong></span> 
     </span>
    </p>
   </div>
   <div class='ocr_carea' id='block_1_101' title="bbox 1892 4821 3481 4894">
    <p class='ocr_par' dir='ltr' id='par_1_101' title="bbox 1892 4821 3481 4894">
     <span class='ocr_line' id='line_1_101' title="bbox 1892 4821 3481 4894; baseline 0 -15"><span class='ocrx_word' id='word_1_695' title='bbox 1892 4824 2139 4893; x_wconf 86' lang='lat' dir='ltr'><strong>superior</strong></span> <span class='ocrx_word' id='word_1_696' title='bbox 2179 4825 2376 4890; x_wconf 85' lang='lat' dir='ltr'><strong>evasit,</strong></span> <span class='ocrx_word' id='word_1_697' title='bbox 2425 4830 2482 4879; x_wconf 85' lang='lat' dir='ltr'><strong>et</strong></span> <span class='ocrx_word' id='word_1_698' title='bbox 2522 4821 2663 4878; x_wconf 89' lang='lat' dir='ltr'><strong>elata</strong></span> <span class='ocrx_word' id='word_1_699' title='bbox 2706 4822 2794 4877; x_wconf 86' lang='lat' dir='ltr'><strong>illa</strong></span> <span class='ocrx_word' id='word_1_700' title='bbox 2838 4824 2908 4878; x_wconf 89' lang='lat' dir='ltr'><strong>de</strong></span> <span class='ocrx_word' id='word_1_701' title='bbox 2949 4838 3011 4879; x_wconf 89' lang='lat' dir='ltr'><strong>se</strong></span> <span class='ocrx_word' id='word_1_702' title='bbox 3054 4832 3254 4894; x_wconf 65' lang='lat' dir='ltr'><strong>tropaea</strong></span> <span class='ocrx_word' id='word_1_703' title='bbox 3298 4838 3481 4879; x_wconf 85' lang='lat' dir='ltr'><strong>erecta</strong></span> 
     </span>
    </p>
   </div>
   <div class='ocr_carea' id='block_1_102' title="bbox 1896 4913 3480 4985">
    <p class='ocr_par' dir='ltr' id='par_1_102' title="bbox 1896 4913 3480 4985">
     <span class='ocr_line' id='line_1_102' title="bbox 1896 4913 3480 4985; baseline 0.001 -14"><span class='ocrx_word' id='word_1_704' title='bbox 1896 4915 2150 4971; x_wconf 87' lang='lat' dir='ltr'><strong>abolevit.</strong></span> <span class='ocrx_word' id='word_1_705' title='bbox 2187 4913 2321 4981; x_wconf 84' lang='lat' dir='ltr'><strong>Quis</strong></span> <span class='ocrx_word' id='word_1_706' title='bbox 2351 4915 2514 4985; x_wconf 88' lang='lat' dir='ltr'><strong>igitur</strong></span> <span class='ocrx_word' id='word_1_707' title='bbox 2546 4917 2684 4971; x_wconf 89' lang='lat' dir='ltr'><strong>adeo</strong></span> <span class='ocrx_word' id='word_1_708' title='bbox 2715 4916 2937 4972; x_wconf 88' lang='lat' dir='ltr'><strong>demens</strong></span> <span class='ocrx_word' id='word_1_709' title='bbox 2961 4933 3026 4972; x_wconf 88' lang='lat' dir='ltr'><strong>ac</strong></span> <span class='ocrx_word' id='word_1_710' title='bbox 3046 4918 3393 4982; x_wconf 83' lang='lat' dir='ltr'><strong>temerarius,</strong></span> <span class='ocrx_word' id='word_1_711' title='bbox 3421 4928 3480 4972; x_wconf 80' lang='lat' dir='ltr'><strong>ut</strong></span> 
     </span>
    </p>
   </div>
   <div class='ocr_carea' id='block_1_103' title="bbox 1893 5006 3479 5080">
    <p class='ocr_par' dir='ltr' id='par_1_103' title="bbox 1893 5006 3479 5080">
     <span class='ocr_line' id='line_1_103' title="bbox 1893 5006 3479 5080; baseline 0.003 -19"><span class='ocrx_word' id='word_1_712' title='bbox 1893 5006 2248 5063; x_wconf 89' lang='lat' dir='ltr'><strong>considerans</strong></span> <span class='ocrx_word' id='word_1_713' title='bbox 2277 5007 2453 5061; x_wconf 88' lang='lat' dir='ltr'><strong>virum</strong></span> <span class='ocrx_word' id='word_1_714' title='bbox 2481 5007 2780 5077; x_wconf 87' lang='lat' dir='ltr'><strong>spiritalem</strong></span> <span class='ocrx_word' id='word_1_715' title='bbox 2812 5018 2937 5075; x_wconf 83' lang='lat' dir='ltr'><strong>post</strong></span> <span class='ocrx_word' id='word_1_716' title='bbox 2989 5010 3157 5064; x_wconf 82' lang='lat' dir='ltr'><strong>multa</strong></span> <span class='ocrx_word' id='word_1_717' title='bbox 3194 5020 3391 5080; x_wconf 56' lang='lat' dir='ltr'><strong>tropaea</strong></span> <span class='ocrx_word' id='word_1_718' title='bbox 3422 5010 3479 5066; x_wconf 77' lang='lat' dir='ltr'><strong>in</strong></span> 
     </span>
    </p>
   </div>
   <div class='ocr_carea' id='block_1_104' title="bbox 1892 5099 3479 5171">
    <p class='ocr_par' dir='ltr' id='par_1_104' title="bbox 1892 5099 3479 5171">
     <span class='ocr_line' id='line_1_104' title="bbox 1892 5099 3479 5171; baseline 0.004 -21"><span class='ocrx_word' id='word_1_719' title='bbox 1892 5112 2065 5167; x_wconf 90' lang='lat' dir='ltr'><strong>agone</strong></span> <span class='ocrx_word' id='word_1_720' title='bbox 2107 5106 2435 5164; x_wconf 87' lang='lat' dir='ltr'><strong>certantem,</strong></span> <span class='ocrx_word' id='word_1_721' title='bbox 2492 5113 2618 5154; x_wconf 89' lang='lat' dir='ltr'><strong>cum</strong></span> <span class='ocrx_word' id='word_1_722' title='bbox 2675 5099 2841 5154; x_wconf 86' lang='lat' dir='ltr'><strong>semel</strong></span> <span class='ocrx_word' id='word_1_723' title='bbox 2897 5100 3204 5171; x_wconf 87' lang='lat' dir='ltr'><strong>iterumque</strong></span> <span class='ocrx_word' id='word_1_724' title='bbox 3243 5102 3479 5167; x_wconf 79' lang='lat' dir='ltr'><strong>vicerit,</strong></span> 
     </span>
    </p>
   </div>
   <div class='ocr_carea' id='block_1_105' title="bbox 1893 5189 3479 5261">
    <p class='ocr_par' dir='ltr' id='par_1_105' title="bbox 1893 5189 3479 5261">
     <span class='ocr_line' id='line_1_105' title="bbox 1893 5189 3479 5261; baseline 0.004 -18"><span class='ocrx_word' id='word_1_725' title='bbox 1893 5189 2087 5257; x_wconf 84' lang='lat' dir='ltr'><strong>supine</strong></span> <span class='ocrx_word' id='word_1_726' title='bbox 2136 5189 2315 5244; x_wconf 82' lang='lat' dir='ltr'><strong>adhuc</strong></span> <span class='ocrx_word' id='word_1_727' title='bbox 2364 5204 2548 5261; x_wconf 87' lang='lat' dir='ltr'><strong>agere,</strong></span> <span class='ocrx_word' id='word_1_728' title='bbox 2576 5199 2633 5246; x_wconf 89' lang='lat' dir='ltr'><strong>et</strong></span> <span class='ocrx_word' id='word_1_729' title='bbox 2654 5191 2724 5245; x_wconf 90' lang='lat' dir='ltr'><strong>ab</strong></span> <span class='ocrx_word' id='word_1_730' title='bbox 2766 5191 2937 5247; x_wconf 84' lang='lat' dir='ltr'><strong>armis</strong></span> <span class='ocrx_word' id='word_1_731' title='bbox 2966 5191 3249 5248; x_wconf 83' lang='lat' dir='ltr'><strong>discedens</strong></span> <span class='ocrx_word' id='word_1_732' title='bbox 3270 5208 3329 5248; x_wconf 89' lang='lat' dir='ltr'><strong>se</strong></span> <span class='ocrx_word' id='word_1_733' title='bbox 3356 5207 3479 5248; x_wconf 79' lang='lat' dir='ltr'><strong>esse</strong></span> 
     </span>
    </p>
   </div>
   <div class='ocr_carea' id='block_1_106' title="bbox 1862 5278 3479 5356">
    <p class='ocr_par' dir='ltr' id='par_1_106' title="bbox 1862 5278 3479 5356">
     <span class='ocr_line' id='line_1_106' title="bbox 1862 5278 3479 5356; baseline 0.005 -23"><span class='ocrx_word' id='word_1_734' title='bbox 1862 5278 2363 5356; x_wconf 65' lang='lat' dir='ltr'><strong>inexpugnabilem</strong></span> <span class='ocrx_word' id='word_1_735' title='bbox 2417 5282 2746 5337; x_wconf 78' lang='lat' dir='ltr'><strong>existimet?</strong></span> <span class='ocrx_word' id='word_1_736' title='bbox 2790 5283 2919 5352; x_wconf 86' lang='lat' dir='ltr'><strong>quin</strong></span> <span class='ocrx_word' id='word_1_737' title='bbox 2967 5284 3147 5354; x_wconf 83' lang='lat' dir='ltr'><strong>potius</strong></span> <span class='ocrx_word' id='word_1_738' title='bbox 3194 5285 3372 5355; x_wconf 88' lang='lat' dir='ltr'><strong>magis</strong></span> <span class='ocrx_word' id='word_1_739' title='bbox 3416 5299 3479 5341; x_wconf 78' lang='lat' dir='ltr'><strong>se</strong></span> 
     </span>
    </p>
   </div>
   <div class='ocr_carea' id='block_1_107' title="bbox 1313 5564 2353 5625">
    <p class='ocr_par' dir='ltr' id='par_1_107' title="bbox 1313 5564 2353 5625">
     <span class='ocr_line' id='line_1_107' title="bbox 1313 5564 2353 5625; baseline 0 -2"><span class='ocrx_word' id='word_1_740' title='bbox 1313 5565 1546 5623; x_wconf 70' lang='lat' dir='ltr'><strong>VARl/E</strong></span> <span class='ocrx_word' id='word_1_741' title='bbox 1580 5565 1967 5624; x_wconf 86' lang='lat' dir='ltr'><strong>LECTIONES</strong></span> <span class='ocrx_word' id='word_1_742' title='bbox 1999 5566 2089 5622; x_wconf 79' lang='grc' dir='ltr'><strong>ΕΤ</strong></span> <span class='ocrx_word' id='word_1_743' title='bbox 2117 5564 2353 5625; x_wconf 59' lang='lat' dir='ltr'><strong>NOTAE.</strong></span> 
     </span>
    </p>
   </div>
   <div class='ocr_carea' id='block_1_108' title="bbox 284 5685 1802 5802">
    <p class='ocr_par' dir='ltr' id='par_1_108' title="bbox 284 5685 1790 5802">
     <span class='ocr_line' id='line_1_108' title="bbox 284 5685 1790 5802; baseline -0.003 -15"><span class='ocrx_word' id='word_1_744' title='bbox 284 5729 403 5802; x_wconf 74' lang='grc'><strong>(15)</strong></span> <span class='ocrx_word' id='word_1_745' title='bbox 454 5728 734 5798; x_wconf 78' lang='grc' dir='ltr'>’Υπᾴττει.</span> <span class='ocrx_word' id='word_1_746' title='bbox 772 5728 812 5783; x_wconf 84' lang='grc' dir='ltr'><strong>Ε</strong></span> <span class='ocrx_word' id='word_1_747' title='bbox 843 5727 1062 5798; x_wconf 86' lang='lat' dir='ltr'><strong>regione</strong></span> <span class='ocrx_word' id='word_1_748' title='bbox 1088 5722 1249 5795; x_wconf 82' lang='lat' dir='ltr'><strong>hujus</strong></span> <span class='ocrx_word' id='word_1_749' title='bbox 1281 5724 1424 5796; x_wconf 90' lang='lat' dir='ltr'><strong>apud</strong></span> <span class='ocrx_word' id='word_1_750' title='bbox 1452 5685 1571 5782; x_wconf 82' lang='lat' dir='ltr'><strong>cod.</strong></span> <span class='ocrx_word' id='word_1_751' title='bbox 1596 5724 1790 5795; x_wconf 36' lang='lat' dir='ltr'><strong>Altain</strong></span> 
     </span>
    </p>
   </div>
   <div class='ocr_carea' id='block_1_109' title="bbox 1901 5685 3147 5802">
    <p class='ocr_par' dir='ltr' id='par_1_109' title="bbox 1901 5723 3147 5795">
     <span class='ocr_line' id='line_1_109' title="bbox 1901 5723 3147 5795; baseline 0.002 -15"><span class='ocrx_word' id='word_1_752' title='bbox 1901 5723 2070 5795; x_wconf 76' lang='lat' dir='ltr'><strong>trgine</strong></span> <span class='ocrx_word' id='word_1_753' title='bbox 2101 5723 2316 5794; x_wconf 77' lang='lat' dir='ltr'><strong>legitur,</strong></span> <span class='ocrx_word' id='word_1_754' title='bbox 2346 5725 2565 5793; x_wconf 68' lang='grc' dir='ltr'>ἄλλως,</span> <span class='ocrx_word' id='word_1_755' title='bbox 2597 5726 2883 5793; x_wconf 82' lang='grc' dir='ltr'>ὑποτύφει.</span> <span class='ocrx_word' id='word_1_756' title='bbox 2922 5726 3147 5785; x_wconf 76' lang='lat' dir='ltr'><strong>Possm.</strong></span> 
     </span>
    </p>
   </div>
  </div>
