3906 6416
431 267 560 335 Ill]
1637 275 1699 336 S.
1742 275 2039 338 ISIDORI
2077 277 2519 342 PELUSIOTIE
3569 287 3695 354 1412

429 385 655 449 muniat,
705 397 815 439 non
866 384 1131 439 hactenus
1157 383 1378 449 vicisse,
1420 387 1514 441 sed
1560 387 1611 440 in
1641 388 1802 442 tinem
1847 404 2017 458 usque

2128 394 2464 464 νενικηκέναι
2496 393 2618 465 ἤδη,
2659 394 2794 448 ἀλλὰ
2829 395 2889 449 τδ
2925 397 3001 468 μὴ
3043 398 3332 469 νικηθῆναι
3373 398 3479 462 ἕως
3515 402 3696 468 τέλους

429 491 537 531 non
597 486 911 546 superatum
985 492 1106 532 sese
1171 493 1425 549 magnum
1502 495 1621 533 csse
1674 481 2017 536 existimans.

2128 486 2269 555 μέγα
2337 487 2669 557 ἡγούμενος;
2742 489 2871 551 Τοῖς
2931 490 3041 559 γὰρ
3117 490 3359 559 μάλιστα
3432 491 3695 563 θησαυρὺν

428 565 764 622 Thesaurum
792 569 935 621 enim
971 569 1230 623 virtutum
1258 571 1657 639 possidentibus
1691 573 2016 643 vigilandum

2128 576 2332 646 ἀρετῶν
2353 577 2537 645 ἔχουσι
2558 577 2760 648 πρέπει
2784 581 3103 649 ἀγρυπνεῖν,
3134 580 3168 651 ἢ
3198 583 3311 642 τοῖς
3340 581 3512 651 μηδὲν
3539 584 3695 636 καλὸν

429 660 730 724 magis.est,
769 672 932 727 quam
965 660 1099 714 nihil
1132 661 1478 717 habentibus.
1513 662 1591 716 Illi
1615 665 1761 717 enim
1792 666 2014 731 habent,

2128 672 2493 742 κτησαμένοις
2517 688 2533 701 ⁸
2563 673 2613 725 οἱ
2646 672 2747 743 μὲν
2771 674 2879 744 γὰρ
2913 672 3149 743 ἔχουσιν,
3176 677 3225 728 οἱ
3258 675 3316 728 δὲ
3348 675 3453 727 οὐκ
3493 675 3694 746 ἔχωσιν

428 750 484 804 hi
516 765 622 803 non
656 750 806 814 item,
837 751 980 820 quod
1011 753 1320 807 custodiant
1347 772 1360 807 :
1401 768 1577 822 neque
1610 755 1753 810 enim
1790 756 2016 823 perinde

2128 763 2150 817 Β
2179 761 2458 835 φυλάξωσι
2476 781 2491 794 ·
2525 763 2620 817 καὶ
2668 763 2766 833 οὐχ
2808 762 2952 817 οὕτω
2977 763 3139 818 λυπεῖ
3181 771 3243 818 τὸ
3270 764 3350 838 μὴ
3378 766 3596 836 κτηθέν,
3622 766 3693 831 ὡς

427 841 616 896 dolore
647 841 836 909 allicit,
875 842 1010 898 nihil
1035 844 1342 914 possidere,
1376 860 1539 915 quam
1572 847 1714 916 quod
1739 846 2012 915 habuerit,

2128 859 2155 929 η
2187 857 2297 912 τῶν
2331 856 2692 928 ὑπαρξάντων
2722 858 2981 931 στέρησις

426 947 494 989 eo
536 949 760 1005 privari.

948 1059 1153 1117 CXLV.
1190 1092 1263 1104 -—
1313 1060 1492 1119 NILO.

2649 1058 2829 1113 PME'.
2856 1087 2928 1098 —
2953 1058 3184 1130 Nemo.

998 1150 1137 1207 Bene
1157 1153 1364 1209 dicendi
1404 1156 1619 1210 virtutes
1671 1154 1781 1222 IV,
1805 1172 1869 1210 ea:
1900 1153 2242 1224 Hermogenis
2286 1149 2452 1204 ldeis.
2497 1147 2733 1220 (Confer.
2774 1150 2931 1219 epist.
2958 1150 3111 1221 217.)

500 1255 774 1315 Orationis
803 1259 1035 1317 virtutes
1060 1261 1275 1332 quidem
1320 1275 1449 1319 sunt
1478 1284 1492 1319 :
1537 1280 1723 1320 verum
1743 1306 1757 1329 ,
1794 1266 2010 1321 concisa

2186 1261 2362 1330 Λόγου
2393 1262 2591 1333 ἀρεταὶ
2637 1262 2758 1332 μὲν,
2792 1259 3043 1331 ἀλήθεια,
3084 1260 3373 1331 συντομία,
3411 1260 3687 1329 σαφήνεια,

432 1347 692 1414 brevitas,
735 1353 1090 1422 perspicuitas
1116 1362 1173 1408 et
1224 1356 1624 1424 opportunitas.
1664 1358 1803 1412 Vitia
1831 1372 2015 1416 autem

2128 1353 2379 1424 εὐκαιρία
2397 1370 2411 1384 ·
2442 1353 2635 1408 κακίαι
2669 1354 2749 1421 δὲ,
2777 1353 2998 1424 ψεῦδος,
3038 1354 3417 1424 μακρηγορία,
3440 1354 3685 1423 ἀσάφεια,

430 1434 701 1497 contraria
746 1454 873 1498 sunt
903 1463 916 1499 :
969 1445 1163 1500 falsum
1186 1489 1199 1512 ,
1250 1447 1455 1515 prolixa
1481 1449 1680 1513 oratio,
1705 1450 2017 1506 obscuritas

2128 1446 2182 1501 τὸ
2232 1446 2337 1511 ἔξω
2369 1446 2482 1500 τῶν
2536 1446 2745 1518 καιρῶν
2792 1447 3078 1515 φέρεσθαι.
3124 1446 3191 1498 Τί
3235 1446 3344 1516 γάρ
3393 1444 3600 1513 ὄφελος,
3642 1447 3684 1498 εί

431 1542 487 1586 et
534 1533 843 1603 importune
871 1536 1069 1592 dicere.
1113 1536 1252 1603 Quid
1288 1539 1432 1593 enim
1456 1541 1761 1607 commodi,
1811 1541 1856 1595 si
1884 1557 2013 1597 vera

2128 1539 2326 1610 ἀληθὴς
2354 1539 2455 1609 μὲν
2483 1540 2593 1610 εἴη,
2625 1537 2701 1610 μὴ
2745 1538 3011 1609 σύντομος
3059 1539 3139 1605 δὲ,
3167 1537 3284 1591 ἀλλ’
3338 1536 3545 1607 ἐνοχλεῖ
3573 1538 3685 1600 τοὺς

432 1624 651 1693 quidem
699 1626 773 1679 sit
800 1627 1012 1692 oratio,
1066 1644 1171 1682 non
1225 1637 1404 1681 tamen
1450 1630 1707 1698 concisa,
1757 1634 1851 1687 sed
1893 1648 2015 1702 quas

2128 1630 2451 1698 ἀκούοντας
2482 1631 2516 1701 ἢ
2546 1631 2811 1702 σύντομος
2843 1632 2969 1701 μὲν,
2994 1631 3071 1703 μὴ
3104 1630 3283 1703 σαφὴς
3308 1632 3400 1698 δέ;
3443 1633 3477 1702 ἢ
3527 1632 3685 1699 σαφὴς

432 1714 590 1783 copia
633 1727 824 1772 enecet
864 1718 1187 1772 auditores?
1245 1719 1312 1772 Et
1344 1721 1560 1774 concisa
1589 1720 1847 1790 quidem,
1908 1737 2016 1777 non

2128 1724 2248 1792 μὲν,
2285 1721 2362 1792 μὴ
2407 1723 2619 1794 καίριος
2667 1724 2763 1791 δέ;
2796 1725 2928 1777 εἰδὲ
2979 1725 3160 1788 πάσας
3190 1724 3305 1795 ἔχοι
3351 1725 3450 1788 τὰς
3484 1725 3684 1794 ἀρετὰς

433 1807 580 1861 clara
627 1810 837 1862 tamen?
864 1808 963 1863 Vel
992 1809 1142 1864 clara
1165 1812 1424 1879 quidem,
1469 1827 1573 1866 non
1619 1823 1794 1868 tamen
1819 1828 2022 1883 oppor-

2128 1813 2245 1865 τότε
2272 1813 2599 1884 δραστήριος
2622 1814 2796 1880 ἔσται,
2830 1815 2926 1868 καὶ
2979 1816 3177 1886 γοργὸς
3220 1816 3317 1868 καὶ
3347 1815 3601 1885 ἔμψυχος,
3624 1818 3682 1887 τῇ

437 1908 563 1951 tuna
589 1897 613 1953 ?
665 1898 725 1953 Si
750 1915 879 1954 vero
904 1915 1094 1956 omnes
1144 1901 1342 1957 habeat
1370 1903 1633 1958 orationis
1661 1904 1919 1972 virtutes,
1950 1907 2022 1961 sit

2130 1904 2232 1974 μὲν
2294 1904 2525 1975 ἀληθείᾳ
2582 1905 2713 1968 τοὺς
2761 1905 3061 1970 ἀκούοντας
3105 1907 3478 1977 χειρούμενος,
3527 1910 3590 1978 τῇ
3633 1908 3683 1960 δὲ

434 1997 491 2043 et
520 1988 706 2044 eliicax
727 2030 743 2055 ,
788 1991 1010 2046 incitata
1031 2031 1045 2055 ,
1070 2006 1134 2048 ac
1162 1993 1326 2047 veluti
1384 1995 1616 2063 spirans,
1642 1998 1871 2051 veritate
1901 1998 2021 2066 qui-

435 2081 559 2135 dem
613 2083 889 2137 auditores
932 2086 1156 2149 ducens,
1200 2085 1469 2140 brevitate
1507 2101 1638 2140 vero
1680 2101 2019 2158 expugnans,

438 2171 818 2240 perspicuitate
849 2172 1013 2227 veluti
1053 2175 1294 2242 capiens,
1339 2175 1743 2243 opportunitate
1789 2177 2023 2246 denique

435 2275 693 2315 coronam
728 2263 1032 2330 imponens.

727 2368 958 2425 CXLVI.
997 2400 1067 2411 —
1119 2370 1351 2427 HELM‘I
1394 2372 1713 2429 DIACONO.

2130 1997 2395 2067 συντομία
2439 1995 2983 2067 καταγωνιζόμενος·
3026 1997 3123 2050 καὶ
3167 1999 3237 2069 τῇ
3286 1998 3389 2069 μὲν
3441 1998 3685 2069 σαφηνείᾳ

2128 2087 2566 2157 καθαπτόμενος,
2596 2090 2661 2159 τῇ
2686 2088 2744 2142 δὲ
2769 2086 3025 2161 εὐκαιρίᾳ
3059 2086 3529 2160 στεφανούμενος..

2494 2380 2688 2438 FMG".
2715 2409 2785 2420 -
2818 2376 2985 2452 ΗΛΙᾼ
3028 2377 3357 2450 ΔΙΑΚΟΝῼ.

1129 2463 1209 2518 De
1235 2465 1507 2519 oculorum
1536 2466 1739 2521 decenti
1771 2469 2022 2522 verecund

2136 2470 2374 2543 (Confer.
2400 2475 2548 2543 epist.
2582 2475 2668 2540 17,
2706 2473 2797 2537 46,
2831 2473 2979 2540 159.)

508 2584 726 2655 Pupilla:
774 2586 826 2641 in
853 2587 1027 2643 oculis
1068 2588 1233 2643 veluti
1267 2593 1502 2664 virgines
1535 2593 1584 2646 in
1625 2593 1864 2647 thalamo
1903 2602 2031 2649 sunt

436 2678 737 2746 collocatae,
769 2680 910 2733 ciliis
946 2695 1039 2735 seu
1083 2681 1355 2751 palpebris
1385 2693 1640 2754 tanquam
1673 2686 1807 2741 velis
1830 2696 2025 2744 tectte:

2199 2587 2265 2639 Αἱ
2296 2584 2455 2656 κόραι
2499 2587 2556 2638 ai.
2605 2588 2738 2639 εἵσω
2776 2586 2885 2639 τῶν
2921 2585 3241 2657 ὀφθαλμῶν,
3271 2584 3526 2655 καθάπερ
3563 2601 3686 2656 παρα

2127 2676 2273 2731 θένοι
2308 2677 2421 2747 (16)
2454 2678 2512 2730 ἐν
2539 2678 2803 2747 θαλάμοις
2838 2678 3144 2748 ἱδρυμέναι,
3201 2678 3298 2731 καὶ
3347 2679 3459 2739 τοῖς
3508 2676 3685 2747 βλεφά-

436 2784 648 2838 aaqttum
700 2770 882 2840 itaque
921 2771 1088 2826 fuerit
1129 2775 1380 2842 prudenti
1433 2776 1645 2830 ratione
1681 2792 1775 2831 eas
1812 2778 1927 2848 regi
1959 2792 2022 2833 ac

2128 2785 2242 2839 ροις
2267 2766 2521 2840 καθάπερ
2542 2768 3007 2839 παραπετάσμασι
3029 2767 3470 2837 κεκαλυμμέναι,
3497 2767 3682 2819 δίκαιαι

440 2862 635 2928 tutari,
678 2872 737 2916 ut
783 2863 1000 2919 assidue
1043 2864 1259 2933 quidem
1296 2868 1664 2932 erubescant,
1716 2869 2023 2938 pudeatque

435 2967 622 3008 eorum
663 2969 783 3023 qua:
808 2966 1043 3023 oportet.
1105 2955 1161 3010 Si
1206 2972 1335 3011 vero
1365 2967 1418 3011 et
1463 2958 1691 3011 aliorum
1728 2960 2024 3027 spectarint

437 3041 895 3111 pulchritudinem
916 3080 933 3108 ,
984 3044 1216 3112 amplius
1244 3045 1604 3111 erubescant,
1638 3046 1865 3117 velaque
1892 3062 2025 3103 con-

2124 2857 2193 2913 ἂν
2248 2857 2359 2912 εἷεν
2415 2859 2523 2912 ὑπὸ
2580 2859 2856 2931 σώφρονος
2899 2858 3162 2928 λογισμοῦ
3224 2857 3681 2930 ἐπιτροπεύεσθαι,

2128 2951 2217 3003 ἵνα
2253 2949 2548 3021 ἐρυθριῶσι
2596 2952 2697 3019 μὲν
2750 2951 2859 3017 ἀεὶ,
2901 2952 2997 3003 καὶ
3042 2950 3409 3020 αἰσχύνωνται
3452 2949 3489 3003 ἃ
3514 2949 3683 3002 δεῑ.Εί

2122 3041 2182 3094 δέ
2210 3058 2342 3094 ¹ποτε
2360 3042 2463 3095 καὶ
2496 3041 2779 3111 ἀλλότριον
2820 3042 3016 3105 κάλλος
3046 3041 3348 3107 θεάσοιντο,
3396 3040 3553 3094 πλέον
3576 3042 3687 3108 ἐρυ-

440 3135 678 3198 traliant,
723 3144 779 3188 et
831 3137 1087 3189 deorsum
1138 3135 1324 3190 oculos
1364 3137 1671 3203 demittant,
1715 3148 2022 3207 terramque

2128 3131 2341 3204 θριῶσι,
2401 3134 2496 3187 καὶ
2538 3133 2739 3185 ἕλκωσι
2787 3132 2853 3186 τὰ
2877 3133 3380 3205 παραπετάσματα,
3433 3132 3526 3185 καὶ
3553 3133 3688 3187 κάτω

437 3226 607 3280 veluti
640 3235 869 3280 matrem
910 3227 1249 3291 intueantur,
1282 3242 1402 3297 qua:
1438 3229 1628 3282 doceat
1651 3244 1756 3283 non
1781 3242 2025 3283 nosuam

438 3315 597 3370 modo
620 3325 889 3381 naturam,
911 3317 1004 3370 sed
1026 3325 1081 3371 et
1098 3326 1395 3386 spectatam
1415 3318 1560 3371 illam
1593 3329 1930 3374 venustatem
1954 3334 2020 3373 ex

438 3409 554 3479 ipsa
596 3406 915 3474 eﬂloruisse,
939 3418 994 3462 et
1027 3410 1204 3462 denuo
1235 3421 1662 3464 marcoscentem
1689 3412 1742 3465 in
1770 3411 1912 3464 illam
1937 3411 2024 3465 lu”—

438 3517 555 3557 cem
581 3502 894 3556 redituram.
920 3501 978 3553 Id
1008 3502 1051 3555 si
1081 3500 1332 3555 ell‘ectum
1361 3503 1529 3569 dabit,
1556 3503 1813 3558 decorum
1838 3505 2020 3571 reipsa

434 3594 673 3662 virgines
720 3593 1011 3649 servarint.
1077 3592 1174 3646 Sin
1223 3594 1592 3663 imprudenter
1631 3604 1794 3660 atque
1841 3596 2018 3664 impo-

441 3694 618 3738 tenter
655 3684 857 3753 quasvis
904 3685 1331 3753 conspexerint,
1377 3700 1473 3752 pro
1509 3686 1807 3753 virginibus
1856 3700 2022 3740 canes

438 3788 558 3828 esse
591 3774 770 3844 potius
807 3774 1129 3843 comperies,
1155 3775 1245 3842 qui
1289 3774 1341 3827 in
1368 3774 1601 3829 alienam
1652 3776 2022 3844 pulchritudi-

439 3878 563 3919 nem
591 3864 751 3919 veluti
790 3866 937 3920 rabie
969 3866 1337 3935 impellantur.

601 3986 769 4061 593
819 3988 1072 4046 cxnvn.
1108 4020 1183 4031 —
1216 3991 1484 4048 Tuom:
1518 3994 1876 4051 MONACHO.

2122 3224 2399 3290 κύπτωσι,
2427 3224 2522 3279 καὶ
2542 3224 2641 3296 τὴν
2665 3225 2771 3295 γῆν
2808 3222 2906 3278 ἅτε
2950 3225 3166 3295 μητέρα
3187 3222 3563 3296 ruptas-ton:th
3594 3220 3684 3292 τὴν

2129 3316 2510 3381 παιδεύουσαν,
2568 3316 2630 3368 ού
2680 3316 2839 3386 μόνον
2892 3315 2992 3386 τὴν
3049 3315 3326 3385 ἡμετέραν
3380 3313 3556 3383 φύσιν,
3581 3311 3686 3366 ἀλλ’

2126 3410 2209 3463 ὃτι
2262 3410 2354 3462 καὶ
2397 3409 2458 3461 τὸ
2507 3408 2669 3477 ὀφθὲν
2710 3408 2905 3472 κάλλος
2948 3408 3008 3472 ἐξ
3065 3409 3238 3478 αὐτῆς
3294 3408 3532 3479 ἧνθησε,
3600 3405 3689 3459 καὶ

2092 3570 2095 3571 ν
2128 3504 2207 3564 είς
2232 3500 2400 3570 αὐτὴν
2427 3499 2759 3571 ὑποστρέφει
2786 3499 3291 3571 μαρανθησόμενον.
3317 3500 3382 3552 Εἰ
3407 3498 3514 3569 γὰρ
3544 3497 3687 3550 τοῦτο

2125 3593 2403 3662 δράσαιεν,
2459 3592 2757 3662 φυλάξαιεν
2797 3591 3012 3662 ἀληθῶς
3044 3592 3105 3645 τὸ
3144 3592 3358 3663 πρέπον
3390 3590 3683 3663 παρθένοις·

2125 3685 2175 3737 εἰ
2222 3684 2281 3736 δὲ
2317 3683 2573 3755 ἀκρατῶς
2617 3684 2712 3737 καὶ
2757 3682 3131 3754 ἀναισχύντως
3177 3681 3480 3752 καθορῷεν,
3543 3680 3686 3741 κύνες

2127 3776 2251 3829 ἀντὶ
2276 3775 2565 3846 παρθένων
2592 3774 3002 3846 εὑρεθήσονται,
3050 3776 3163 3837 τοῖς
3192 3773 3494 3845 ἀλλοτρίοις
3519 3769 3689 3825 κάλλε-

2128 3886 2212 3924 σιν
2239 3868 2620 3923 έπιλυττῶσαι.

2441 3981 2623 4037 PMZ'.
2651 4011 2724 4021 —
2752 3980 2942 4051 ΘΩΜᾼ
2966 3977 3402 4043 ΜΟΝΑΖΟΝΤΙ.

934 4081 1013 4137 De
1041 4082 1268 4139 Eusebio
1308 4102 1517 4139 rursum
1557 4086 1726 4141 malos
1769 4089 2050 4142 ordinante
2097 4082 2414 4140 sacerdotes.
2451 4078 2637 4147 (Supr.
2676 4074 2827 4142 epist.
2874 4073 2938 4127 l6
2971 4082 3019 4127 et
3060 4072 3211 4142 140.)

514 4189 573 4244 Si
623 4205 722 4260 per
764 4190 1186 4257 imprudentiam
1240 4192 1507 4250 Eusebius
1559 4197 1674 4250 illos
1724 4198 2019 4267 ordinavit,

2195 4192 2260 4245 Εί
2302 4192 2401 4262 μὲν
2453 4186 2664 4257 ἀγνοῶν
2726 4182 2985 4247 Εὐσέϐιος
3026 4184 3435 4255 ἐχειροτόνησεν
3485 4184 3683 4248 αὐτοὺς,

443 4282 662 4335 modico
687 4281 948 4351 indigebit
995 4282 1299 4351 patrocinio
1327 4284 1719 4355 imprudentiae.
1776 4288 1872 4342 Sin
1903 4327 1919 4352 ,
1964 4298 2023 4343 ut

444 4374 664 4440 scribis,
706 4376 887 4430 studio
906 4376 1140 4446 dataque
1161 4392 1325 4446 opera
1356 4378 1407 4432 id
1448 4378 1598 4444 fecit,
1625 4395 1758 4435 sane
1787 4381 1928 4451 lupis
1952 4382 2024 4438 ob

448 4466 1099 4533 rapacitatem,~canibus
1145 4470 1216 4522 ob
1260 4470 1595 4525 salacitatem
1623 4511 1637 4535 ,
1679 4472 1749 4525 ob
1769 4472 2020 4527 callidam

442 4573 572 4613 vero
596 4559 848 4612 astutiam
876 4558 1129 4629 vulpibus
1176 4575 1392 4630 gregem
1444 4576 1600 4615 suum
1628 4562 1857 4617 credidit
1901 4562 2023 4630 (pro

443 4664 555 4717 quo
579 4655 759 4700 tamen
807 4647 1105 4715 pretiosum
1132 4648 1297 4701 etiam
1329 4648 1647 4718 sanguinem
1687 4663 1844 4702 suum
1867 4648 2022 4702 Chri-

444 4748 559 4793 stus
581 4737 863 4811 profudit),
890 4740 1107 4808 gravius
1141 4754 1302 4809 quam
1326 4748 1384 4792 ut
1405 4739 1656 4794 excusari
1686 4747 1866 4807 queat,
1893 4754 2024 4808 pec-

440 4831 610 4887 cavit.
650 4828 775 4885 Haec
799 4844 931 4884 vero
950 4831 1093 4893 dico,
1120 4846 1224 4884 non
1250 4831 1403 4899 quasi
1448 4829 1522 4883 illi
1555 4845 1585 4884 a
1614 4831 1902 4886 reddendis
1934 4846 2024 4884 ra-

446 4920 685 4975 tionibus
728 4920 1016 4984 immuues,
1041 4934 1106 4974 ac
1149 4933 1325 4986 pretia:
1363 4920 1432 4974 ab
1459 4919 1567 4973 illis
1591 4920 1871 4989 exigendae
1916 4935 2023 4974 non

442 5013 591 5078 sint,
635 5013 731 5068 sed
774 5021 833 5065 ut
872 5013 1044 5081 magis
1078 5011 1382 5081 puniendus
1425 5012 1497 5066 sit
1546 5010 1658 5077 ille,
1689 5012 1780 5079 qui
1820 5011 2028 5066 semina

441 5116 789 5177 peccatorum
807 5106 1022 5176 jecerit.
1044 5104 1146 5170 Qui
1164 5104 1308 5158 enim
1325 5117 1545 5157 causam
1560 5102 1793 5168 dederit,
1815 5118 2026 5170 eorum,

441 5215 562 5269 quae
592 5199 895 5263 evenerint,
927 5206 1120 5251 auctor
1152 5194 1457 5249 habendus.

2127 4284 2237 4351 ἕξει
2278 4283 2505 4357 μετρίαν
2549 4283 2845 4351 ἀπολογίαν
2889 4284 2948 4335 ἐν
2976 4280 3202 4351 ἀγνοίᾳ’
3248 4280 3298 4331 εί
3325 4278 3404 4343 δὲ,
3453 4277 3529 4341 ὡς
3574 4277 3684 4347 φὴς,

2131 4376 2275 4448 μάλα
2333 4374 2578 4446 ἀκριϐῶς
2631 4375 3020 4444 ἐπιστάμενος,
3074 4372 3260 4434 λύκοις
3309 4370 3411 4440 μὲν
3475 4368 3560 4423 διὰ
3602 4368 3687 4431 τὰς

2127 4468 2406 4538 ἁρπαγὰς,
2447 4465 2575 4518 κυσὶ
2598 4465 2654 4518 δὲ
2684 4465 2770 4518 διὰ
2800 4465 2900 4528 τὰς
2930 4463 3208 4532 λαγνείας,
3248 4460 3490 4524 ἀλώπεξι
3522 4460 3574 4512 δὲ
3614 4458 3686 4510 διὰ

2128 4557 2226 4629 τὴν
2255 4556 2592 4628 κακουργίαν
2609 4556 2962 4627 παραδέδωκε
2989 4555 3051 4608 τὸ
3071 4554 3321 4624 ποίμνιον
3343 4552 3508 4625 (ὑπὲρ
3527 4546 3585 4604 οὗ
3607 4549 3686 4602 καὶ

2127 4649 2190 4703 τό
2217 4649 2397 4719 τίμιον
2420 4647 2581 4701 αὐτοῦ
2604 4642 2742 4718 αἷμα
2757 4647 2970 4718 ἐξέχεεν
2992 4647 3020 4698 ό
3050 4645 3305 4717 Χριστός)
3328 4660 3344 4674 ο
3370 4645 3551 4715 πάσης
3573 4645 3684 4697 ἁπο-

2125 4743 2314 4812 λογίας
2366 4743 2583 4812 ἦμαρ-ιε
2645 4740 2887 4810 μείζονα.
2941 4738 3125 4791 Ταῦτα
3167 4736 3225 4790 δέ
3264 4754 3429 4807 φημι,
3481 4737 3576 4805 οὐχ
3622 4734 3685 4795 ὡς

2129 4832 2358 4886 ἐκείνων
2376 4828 2684 4883 ἀνευθύνων
2697 4828 2995 4897 ἐσομένων,
3014 4826 3111 4879 καὶ
3131 4825 3288 4889 δίκας
3310 4825 3386 4896 μὴ
3400 4822 3683 4890 ἀπαιτηθη-

2136 4923 2405 4994 σομένων,
2444 4922 2561 4976 ἀλλ’
2610 4921 2688 4984 ὡς
2717 4919 2812 4973 τοῦ
2843 4921 2913 4972 τὰ
2969 4919 3261 4989 σπέρματα
3316 4918 3428 4970 τῶν
3467 4920 3685 4987 ἁμαρτη-

2137 5014 2322 5086 μάτων
2348 5012 2769 5084 ·παρασχόντος,
2813 5011 3078 5081 μειζόνως
3114 5009 3600 5079 κολασθησομένου.
3635 5005 3682 5057 ’0

2132 5107 2242 5178 γὰρ
2277 5105 2378 5176 τὴν
2402 5105 2584 5159 αἰτίαν
2604 5104 2801 5171 διδοὺς,
2855 5102 2965 5157 τῶν
2983 5102 3344 5155 ἐκϐαινόντων
3374 5100 3545 5163 αἴτιος
3569 5096 3678 5153 καθ-

2132 5198 2390 5269 έστηκεν.

1536 5347 1773 5404 VARle
1805 5348 2187 5406 LECTIONES
2218 5350 2305 5406 ET
2343 5347 2575 5405 NOTAE.

510 5510 625 5581 (l6)
662 5506 938 5581 Παρθένος
968 5517 1023 5562 et
1050 5506 1301 5577 virginem
1332 5513 1403 5581 et_
1425 5506 1697 5581 pupillum,
1726 5507 2019 5577 signiﬁcat,

438 5590 498 5635 ut
523 5577 582 5635 et
606 5577 776 5650 κόρη.
824 5579 878 5632 In
908 5581 1006 5650 h_ac
1037 5594 1168 5650 voce
1185 5593 1262 5650 ex
1302 5577 1555 5650 aliibiguo
1598 5578 1727 5650 lusit
1759 5581 2020 5648 Diogenes

438 5646 724 5720 Cynicus;
745 5646 883 5704 teste
930 5648 1147 5720 Laenio
1182 5647 1235 5699 in
1271 5646 1573 5720 ejuslita.
1636 5646 2021 5720 Demosthenes

440 5716 571 5777 item
596 5735 662 5777 ac
685 5717 921 5775 'l‘imazus
956 5718 1246 5773 historicus
1280 5717 1420 5786 apud
1451 5716 1732 5773 Plutarch.
1775 5719 1911 5775 libro
1941 5718 2020 5774 De

2117 5508 2299 5563 inutili
2328 5508 2661 5561 verecundia.
2695 5505 2753 5559 In
2787 5506 2875 5561 illa
2909 5520 3039 5561 voce
3061 5506 3192 5561 lusit
3215 5515 3269 5561 et
3297 5506 3605 5575 Xenophon,
3630 5510 3674 5552 ut

2120 5587 2303 5632 monet
2328 5577 2613 5649 Dionysius
2640 5577 3071 5649 Longinuslibro
3098 5579 3235 5649 ΠερὶΣ
3266 5576 3457 5649 ὕψους,
3488 5578 3671 5649 locaque

2120 5649 2325 5773 gotavit
2367 5638 2563 5704 Pau'lus
2587 5638 2898 5716 Leopa'rdus
2928 5648 3022 5704 lib.
3055 5663 3147 5703 xvr
3174 5638 3568 5715 Miscellg‘cap.
3596 5638 3667 5693 24.

2161 5734 2363 5775 cuorr.
