3906 6416
224 348 359 413 1413

294 346 359 414 13
1142 356 1557 416 EPISTOLAR

466 458 652 512 PMH’.
683 488 755 500 —
794 457 1060 531 ιοΑΝΝῌ
1102 461 1558 531 ΣΧΟΛΑΣΤΙΚῼ.

1142 355 1675 416 EPISTOLARUM
1714 354 1863 414 LIB.
1904 356 1971 416 V.
2008 378 2077 389 -
2114 354 2349 415 EPIST.
2383 355 2557 414 CLII.

1836 473 1885 527 Α

3348 355 3494 425 Mlti

2105 461 2381 518 CXLVIII.
2422 492 2490 502 —--
2527 461 2767 515 JUANNI
2807 463 3299 521 SCIIOLASTICO.

738 569 811 625 1η
849 588 1029 626 mensa
1061 576 1355 629 servandus
1382 576 1486 629 cibi
1508 576 1717 629 modus.
1751 574 1987 629 Satietas
2018 574 2156 627 enim
2186 587 2232 628 et
2273 576 2561 629 insalubris
2582 589 2627 630 et
2654 578 2967 645 injucunda.

288 677 363 729 Τὸ
396 677 619 732 κυνικὸν
648 679 743 733 καὶ
775 678 1037 750 θηριῶδες
1079 682 1189 736 τῶν
1230 683 1465 755 ὀρέξεων
1489 685 1589 755 οὐχ
1626 668 1811 736 ἐστιαο

1990 683 2229 739 Caninos
2273 699 2336 739 ac
2378 685 2568 737 brutos
2613 686 2882 753 appetitus
2907 687 3128 754 opipara
3178 702 3364 741 mensa
3412 703 3497 739 re-

215 770 344 822 τέον
413 769 666 843 τραπέζῃ
738 772 1045 835 πολυτελεῖ,
1128 774 1267 828 ἀλλὰ
1322 777 1436 838 τοῖς
1484 775 1800 844 ἀναγκαίοις

1917 791 2107 831 creare
2150 792 2255 830 non
2307 777 2500 840 decet,
2552 778 2646 831 sed
2699 778 3023 832 necessariis
3070 788 3277 833 tantum
3318 781 3496 850 epulis

216 861 534 932 εὐωχητέον
563 879 577 893 °
628 864 681 917 εἴ
707 879 771 931 γε
793 865 827 932 ή
859 864 1064 934 εὐωχία
1093 866 1154 918 τὸ
1193 862 1254 920 εὖ
1291 866 1437 938 ἔχειν
1470 868 1685 939 μηνύει,
1720 868 1809 920 ἵνα

216 954 314 1006 καὶ
336 954 549 1026 ἥμερον
587 956 722 1025 ἡμῖν
753 957 846 1009 καὶ
878 956 1165 1027 χειρόηθες
1195 959 1444 1030 γένηται.
1471 962 1536 1013 Ui
1564 960 1674 1030 γὰρ
1707 961 1807 1031 τὴν

215 1045 559 1116 αὐτάρκειαν
604 1047 1065 1118 ὐπερνηχόμενοι,
1118 1050 1216 1103 καὶ⁸
1261 1050 1355 1104 τὸν
1398 1052 1561 1122 κόρον
1590 1050 1678 1104 διὰ
1706 1051 1807 1121 τῆς

215 1136 542 1207 πλησμονῆς
592 1138 896 1208 ὑϐρίζουσι,
942 1140 1035 1192 καὶ
1078 1139 1177 1204 τὰς
1227 1141 1513 1213 αἰσθήσεις
1548 1159 1839 1219 καταμαγ

222 1227 493 1297 ραίνουσι,
528 1230 621 1281 καὶ
650 1228 976 1311 λανθάνουσι
1024 1230 1112 1284 διὰ
1136 1231 1237 1303 τῆς
1272 1233 1468 1304 ἡδονῆς
1492 1233 1592 1304 τὴν
1611 1234 1809 1309 ἡδονὴν

213 1321 322 1391 τῆς
361 1320 569 1392 τροφῆς
595 1319 953 1384 ἀπολλύντες.

433 1518 614 1572 ΡΜΘ⁹.
647 1549 720 1560 -
749 1518 1079 1591 ΘΕΟΔΟΣΙῼ
1131 1520 1591 1593 ΣΧΟΛΑΣΤΙΚῼ.

1914 868 2211 932 utendum;
2254 868 2298 923 si
2346 869 2564 935 quidem
2606 883 2637 921 a
2677 866 2881 923 Gracis
2927 868 3160 939 εὐωχία,
3209 872 3498 924 convivium

1913 961 2070 1027 quasi
2096 961 2221 1014 bene
2243 960 2431 1013 habere
2463 969 2555 1013 aut
2578 960 2743 1013 vivere
2766 961 3034 1030 designat,
3060 971 3118 1015 ιιι
3138 973 3194 1016 et
3222 963 3494 1032 placidmn

1907 1051 2000 1104 ﬁat
2067 1067 2129 1107 ac
2180 1060 2518 1106 mansuetum
2566 1052 2720 1106 vobis
2769 1053 3101 1107 convivium.
3184 1055 3291 1121 Qui
3338 1058 3484 1109 enim

1905 1142 2163 1211 amplius,
2188 1157 2351 1211 quam
2381 1144 2514 1197 satis
2538 1152 2643 1206 est,
2668 1152 2910 1209 sumunt,
2940 1144 3013 1197 illi
3040 1154 3096 1199 et
3125 1147 3491 1200 valetudinem

1906 1235 2070 1289 nimis
2119 1235 2390 1302 epulando
2415 1234 2656 1297 violant,
2692 1221 2965 1289 etsensus
2989 1236 3355 1307 exstinguunt
3398 1239 3496 1290 ob-

1911 1326 2273 1393 tunduntque,
2307 1340 2406 1379 nec
2434 1326 2621 1380 vident
2666 1341 2785 1381 sese
2810 1327 2879 1381 ob
2910 1327 3134 1381 nimiam
3172 1328 3228 1382 in
3274 1339 3498 1399 gustatu

1907 1417 2328 1471 delectationem
2366 1416 2639 1483 voluptate
2682 1417 2908 1487 privari.

2047 1522 2277 1578 CXLIX.
2317 1553 2391 1564 —
2428 1523 2819 1580 TIIEODUSIO
2854 1523 3350 1582 SCIIOLASTICO.

886 1612 1111 1668 Pessimi
1151 1624 1298 1678 sunt,
1328 1616 1418 1684 qui
1455 1616 1550 1668 sub
1579 1615 1749 1684 specie
1792 1615 1934 1681 boni,
1974 1615 2106 1669 mali
2139 1626 2283 1672 sunt.
2329 1616 2554 1671 Iustitia
2593 1619 2831 1674 colenda.

288 1720 673 1791 Κομψοφανὴς
702 1721 797 1773 καὶ
819 1721 1195 1791 δικαιοφανὴς,
1220 1723 1281 1776 οὐ
1317 1723 1424 1794 μὴν
1449 1722 1635 1777 δικαία
1662 1722 1800 1790 ἐδοξέ

1986 1725 2283 1795 Speciosa,
2321 1742 2426 1779 non
2463 1735 2643 1780 autent
2673 1728 2821 1797 justa
2861 1730 2991 1784 mihi
3035 1740 3123 1783 tua
3158 1746 3321 1785 causa
3356 1733 3492 1799 visa,

212 1831 315 1883 μοι
345 1815 379 1883 ἡ
410 1811 561 1865 αἰτία
590 1813 656 1882 ἣν
682 1811 991 1881 γέγραφας.
1038 1813 1247 1868 Οὐκοῦν
1286 1817 1335 1868 εί
1361 1814 1522 1886 πείθῃ
1558 1815 1807 1869 Πλάτωνι

212 1902 470 1971 εἰρηκότι
496 1917 510 1930 ·
550 1920 569 1953 ι
600 1894 771 1964 Οὗτος
799 1901 906 1974 γὰρ
928 1901 1153 1972 ἐσχατός
1180 1906 1329 1957 ἐστιν
1361 1905 1484 1975 ὅρος
1501 1905 1719 1967 κακίας,
1746 1904 1807 1957 τὸ

211 1994 399 2046 δοκεῖν
418 1992 626 2044 δίκαιον
644 1987 783 2045 εἶναι
817 1992 892 2063 μὴ
919 1993 1070 2050 ὄντα.
1098 2012 1117 2046 ι
1145 1995 1236 2064 Μὴ
1263 1995 1335 2048 τά
1356 1994 1636 2057 δοκοῦντα,
1667 1995 1806 2049 ἀλλά

211 2082 287 2134 τά
348 2082 481 2134 ὂντα
531 2082 716 2136 δίκαια
765 2081 907 2154 θήρα
937 2100 952 2115 ο
1000 2082 1144 2136 οὕτω
1188 2084 1298 2154 γάρ
1356 2084 1451 2137 καὶ
1488 2086 1516 2138 ὁ
1550 2084 1683 2148 Θεός
1744 2102 1806 2137 σε

213 2174 596 2236 ἐπαινέσεται,
637 2175 733 2228 καὶ
768 2174 1047 2246 ἄνθρωποι
1086 2175 1458 2242 ἀποδέξονται,
1501 2176 1595 2229 καὶ
1618 2178 1647 2229 ὁ
1683 2176 1803 2235 διά-

213 2264 368 2327 δικος
393 2268 423 2317 ὁ
457 2266 549 2328 σὸς
581 2266 832 2338 εὐμερῶς
860 2268 1213 2332 διακείσεται,
1244 2268 1462 2339 καὶτῆς
1504 2268 1805 2341 ἀπεχθείας

213 2354 379 2425 ἑπιλή
390 2374 564 2411 σεται.

678 2466 808 2521 PN'.
835 2495 907 2506 -
934 2466 1348 2522 XAIPHMONI.

1912 1814 1982 1868 de
2010 1830 2116 1882 qua
2150 1815 2368 1869 scribis.
2422 1816 2600 1882 Quare
2629 1816 2838 1872 Platoni
2871 1818 3019 1874 dicto
3049 1820 3125 1875 sis
3154 1821 3381 1876 audiens
3413 1826 3496 1877 IlI-

1913 1907 2092 1959 centi:
2133 1907 2445 1960 «Summum
2476 1908 2527 1960 id
2564 1924 2687 1963 esse
2721 1909 3100 1979 improbitatis,
3128 1914 3334 1982 justum
3355 1915 3496 1969 velle

1914 1996 2120 2060 videri,
2150 1998 2243 2066 qui
2299 2012 2405 2051 non
2439 1998 2532 2053 sit.
2560 2017 2579 2050 ι
2636 1997 2756 2053 Noli
2787 2017 2850 2055 ea
2886 2018 3007 2070 quze
3040 2015 3299 2074 apparent
3322 2044 3340 2071 ,
3395 2010 3491 2061 sed

1914 2100 2035 2155 qua:
2065 2102 2255 2142 revera
2285 2089 2396 2142 sint
2446 2092 2585 2144 bona
2635 2093 2858 2150 sectari.
2916 2095 2991 2149 Ita
3026 2097 3154 2162 ﬂet,
3196 2108 3335 2153 utet
3386 2100 3497 2153 Deo

1912 2178 2150 2247 placeas,
2181 2178 2541 2251 hominesque
2572 2192 2624 2238 te
2643 2187 3092 2255 complectantur,
3114 2199 3169 2244 et
3197 2192 3247 2245 in
3280 2193 3495 2261 judicio

1914 2268 2225 2338 disceptaus
2277 2270 2487 2339 placide
2532 2274 2870 2345 benigneque
2895 2281 3234 2347 acquiescat,
3266 2282 3494 2338 oblivis-

1916 2367 2175 2428 caturque
2204 2363 2443 2415 animum
2480 2364 2795 2432 deponendo
2831 2369 3107 2426 infestum.

2356 2471 2463 2526 CL.
2508 2503 2571 2514 --
2610 2474 3064 2537 CHEREMONI.

939 2562 1225 2631 Hortatur,
1257 2574 1315 2618 ut
1338 2566 1622 2636 instigatus
1653 2565 1946 2635 resipiscat,
1980 2580 2043 2618 ne
2077 2581 2172 2633 pro
2210 2566 2485 2635 desacrato
2514 2571 2790 2628 habeatur.

286 2668 387 2740 Μὴ
423 2670 652 2738 φαίνοιο,
696 2662 741 2723 ὧ
771 2669 1040 2741 βέλτιστε,
1092 2671 1429 2743 ἀγριώτερον
1471 2673 1664 2740 νοσῶν,
1714 2674 1803 2743 ἐφ’

212 2756 420 2832 οἷσπερ
458 2762 619 2825 ἁλοὺς
672 2762 865 2833 πρώην
916 2762 1074 2834 δίκην
1127 2763 1366 2827 δέδωκας
1393 2778 1410 2794 ·
1463 2764 1552 2817 ἵνα
1604 2763 1680 2836 μὴ
1726 2764 1803 2830 ώς

211 2844 553 2926 ἀνάλγητος,
605 2855 698 2908 καὶ
763 2855 904 2926 μηδὲ
952 2858 1022 2927 τῇ
1070 2856 1316 2929 τιμωρίᾳ
1386 2859 1800 2929 σωφρονισθεὶς,

213 2946 689 3019 καταγνωσθείης.

683 3057 858 3112 PNA’.
894 3088 966 3098 —
1014 3060 1103 3129 Τῼ
1140 3058 1345 3128 arra.

1981 2674 2060 2732 Ne
2090 2676 2352 2743 ferocius,
2392 2680 2629 2735 virorum
2660 2685 2861 2751 optime
2881 2727 2897 2752 ,
2948 2687 3194 2744 laborare
3229 2691 3491 2758 videaris,

1911 2784 2010 2837 pro
2033 2768 2231 2837 quibus
2259 2786 2431 2839 nuper
2461 2772 2711 2828 detentus
2742 2790 2930 2843 poenas
2982 2780 3196 2846 dedisti,
3228 2798 3297 2837 ne
3324 2800 3492 2854 agun-

1911 2862 2088 2916 scaris
2144 2872 2203 2916 ut
2260 2863 2611 2932 impmuitens
2637 2880 2703 2921 ac
2764 2883 2926 2935 pCBna
2979 2872 3205 2928 minime
3255 2876 3498 2930 redditus

1833 3004 1876 3060 ϐ
1910 2955 2247 3022 prudentior.

2445 3066 2574 3122 CLI.
2616 3098 2686 3108 —
2735 3069 2966 3125 EIDEM.

658 3148 949 3217 Bonorum,
982 3167 1086 3203 non
1135 3151 1397 3204 malorum
1427 3153 1664 3222 exempla
1714 3151 1999 3208 imitanda.
2037 3153 2297 3225 Exempla
2337 3174 2441 3212 non
2479 3172 2733 3215 excusant
2779 3177 3069 3231 peccatum.

287 3241 432 3295 Κατ’
462 3241 609 3311 ῐχνος
635 3241 743 3313 χρὴ
775 3241 980 3311 βαίνειν
1008 3241 1118 3295 τῶν
1157 3244 1288 3305 τοὺς
1314 3242 1496 3308 θείους
1544 3245 1813 3315 φυλαξάν-

210 3352 330 3389 των
354 3333 574 3404 νόμους,
606 3332 744 3386 ἀλλά
774 3334 849 3404 μὴ
875 3333 984 3386 τῶν
1008 3333 1476 3404 παραϐεϐηκότων
1505 3337 1721 3401 αὐτούς’
1750 3337 1811 3390 τὸ

212 3430 326 3501 μὲν
359 3427 469 3499 γάρ
498 3426 759 3497 ἀσφαλὲς,
789 3427 852 3481 τό
878 3427 936 3481 δὲ
962 3429 1253 3501 σφαλερὸν,
1284 3430 1366 3483 διὸ
1392 3431 1515 3485 οὐδὲ
1545 3430 1806 3501 ζηλωτόν.

211 3521 300 3573 Δι’
329 3521 398 3590 ἢν
426 3518 608 3571 αἰτίαν
626 3518 808 3571 τοίνυν
855 3518 1085 3572 τοιαῦτα
1131 3519 1273 3591 δρῶν
1297 3523 1396 3575 οὐκ
1425 3521 1595 3588 ἀξιοῖς
1622 3522 1807 3576 δοῦναι

213 3613 385 3680 δίκην
412 3628 427 3675 ;
462 3610 652 3681 ἐπειδή
688 3628 832 3673 τινες
853 3610 1155 3682 δράσαντες
1188 3613 1247 3666 οὐ
1277 3613 1575 3669 δεδώκασιν
1605 3616 1799 3671 ἐνταῦ-

214 3704 315 3757 θα.
370 3702 509 3754 Ἀλλ’
567 3702 699 3769 ἴσθι,
741 3703 824 3756 ὅτι
872 3703 1060 3758 πολλοὶ
1088 3705 1204 3775 μὲν
1251 3705 1531 3759 κάνταῦθα
1591 3707 1802 3763 ἔδοσαν.

213 3797 285 3847 Εἰ
317 3794 373 3847 δέ
415 3811 560 3858 τινες
602 3795 879 3864 διέφυγον,
923 3796 1016 3849 ἐπὶ
1065 3797 1220 3868 κακῷ
1257 3797 1357 3866 τῆς
1390 3798 1600 3852 ἑαυτῶν
1630 3817 1803 3869 κεφα-

212 3886 344 3954 λῆς·
377 3883 704 3949 ἀπελθόντες
727 3888 856 3956 γὰρ,
887 3887 1007 3941 ἐκεῖ
1026 3888 1256 3943 δώσουσι
1282 3890 1669 3962 χαλεπωτέραν
1687 3909 1703 3925 ο
1736 3894 1801 3947 σὺ

212 3977 274 4031 δὲ
312 3978 395 4029 ὅτι
419 3976 479 4030 τὸ
516 3978 795 4048 ἀζήλωτον
826 3979 1127 4051 ὲζήλωσας,
1175 3981 1395 4052 μείζονα
1445 3983 1662 4047 πάντως
1702 3983 1802 4055 μὲν

212 4067 361 4120 ἐκεῖ.
435 4066 577 4120 Ἐσθ’
627 4068 715 4121 ὅτε
750 4068 809 4121 δὲ
854 4070 1137 4129 κάνταῦθα
1163 4072 1321 4144 δίκην
1366 4073 1516 4146 δοίης
1541 4094 1553 4107 ·
1588 4076 1648 4128 οὐ
1691 4076 1799 4147 γὰρ

212 4156 274 4210 εἴ
330 4173 384 4208 τι
440 4158 500 4210 ὲν
560 4161 672 4222 τοῖς
734 4161 1138 4231 παρεληλυθόσι
1195 4164 1410 4236 χρόνοις
1486 4167 1801 4239 παράλογον

1991 3263 2190 3319 Eorum
2227 3268 2469 3338 vestigiis
2521 3270 2918 3340 insistendum,
2974 3279 3064 3345 qui
3109 3276 3343 3335 divinam
3393 3285 3494 3337 ob-

1916 3368 2203 3412 servarunt
2236 3359 2427 3431 legem,
2462 3378 2569 3417 non
2604 3365 2694 3433 qui
2730 3380 2848 3419 eam
2885 3372 3207 3440 transgressi
3239 3379 3495 3442 praevari-

1913 3451 2018 3505 cati
2061 3462 2207 3507 sunt.
2271 3450 2404 3508 Illud
2439 3456 2587 3509 enim
2623 3465 2803 3512 tutum
2835 3469 2920 3514 est
2949 3477 3016 3516 ac
3059 3478 3352 3533 securum;
3388 3468 3494 3524 hoc

1912 3557 2041 3597 vero
2077 3544 2390 3612 periculosae
2419 3547 2633 3615 plenum
2664 3566 2799 3620 opus
2828 3552 2990 3607 alem:
3022 3569 3195 3623 quare
3228 3572 3333 3612 non
3365 3559 3497 3614 imi—

1912 3635 2154 3688 tandum.
2211 3635 2360 3690 Talia
2406 3638 2568 3707 igitur
2616 3652 2894 3710 patrantes
2932 3662 3036 3699 non
3100 3661 3294 3704 censes
3334 3666 3493 3720 paena

1908 3722 2121 3793 dignos,
2144 3729 2582 3796 quandoquidem
2617 3743 2909 3799 peccantes
2933 3737 3149 3804 quidam
3182 3739 3271 3796 hic
3304 3758 3495 3810 pmuas

1909 3830 2011 3867 non
2045 3817 2351 3885 dederunt;
2402 3820 2497 3874 sed
2541 3823 2684 3878 scias
2724 3826 2922 3882 multos
2953 3831 3116 3884 etiam
3150 3831 3203 3886 in
3237 3832 3342 3889 hac
3373 3837 3485 3890 vita

1907 3920 2095 3972 pcenas
2137 3908 2375 3965 dedisse.
2431 3910 2596 3982 599
2651 3914 2709 3970 Si
2746 3931 2876 3972 vero
2928 3933 3117 3986 poenas
3147 3924 3369 3991 quidam
3410 3928 3492 3979 ef-

1905 3997 2185 4067 fugerint,
2235 4003 2376 4058 malo
2409 4007 2573 4074 capiti
2604 4022 2792 4063 eorum
2839 4011 3189 4080 imminente,
3225 4019 3489 4075 abeuntes

1911 4094 2125 4147 tandem
2158 4096 2265 4149 vita
2297 4098 2519 4167 gravius
2549 4099 2619 4154 ibi
2672 4102 2986 4171 punientur.
3044 4105 3121 4159 Tu
3154 4123 3306 4173 vero,
3346 4116 3490 4180 quml

1910 4198 2016 4236 non
2046 4197 2166 4241 erat
2201 4187 2561 4257 imitandum,
2600 4193 2847 4260 imitans,
2881 4197 3128 4263 graviora
3159 4200 3375 4268 quidem
3415 4205 3489 4258 ibi

213 4248 476 4319 ἐπράχθη
512 4248 601 4319 (σὺ
633 4249 691 4303 δὲ
729 4249 874 4304 τοῦτ’
915 4253 1244 4325 ὲζήλωσας),
1281 4257 1369 4311 διὰ
1411 4258 1558 4312 τοῦτ’
1587 4260 1799 4330 ἀποφύ·

2548 4248 2559 4257 ,
2832 4248 2846 4260 ,
2882 4248 2909 4263 .,
2993 4248 3128 4251 ηητ
3164 4248 3375 4268 ..-υ-ν.--
3415 4248 3488 4258 ω.

1915 4274 2169 4343 patieris,
2211 4277 2427 4334 etiamsi
2480 4281 2569 4336 hic
2619 4298 2833 4350 poenam
2880 4288 3017 4341 luas.
3079 4287 3195 4343 Non
3245 4294 3387 4346 enim
3442 4295 3488 4350 si

212 4358 363 4410 γοις,
418 4340 557 4395 ἀλλά
586 4340 766 4413 πολλῷ
802 4343 1003 4414 μᾶλλον
1036 4345 1286 4411 δώκειας.
1331 4349 1542 4422 Ὥσπερ
1586 4352 1694 4424 γὰρ
1752 4355 1800 4407 εί

1915 4362 2107 4433 elapsis
2140 4369 2476 4435 temporibus
2510 4372 2709 4427 malum
2742 4375 2870 4444 quid
2925 4390 3193 4445 patratum

209 4450 308 4496 τις
366 4432 592 4488 ἐκείνων
658 4436 905 4508 προήλω,
973 4439 1037 4493 σὺ
1089 4439 1205 4493 τάδ’
1248 4440 1349 4495 οὐκ
1397 4441 1466 4497 ἀν
1533 4443 1801 4520 ἔδρασας·

205 4524 399 4590 οὕτως
419 4525 489 4582 ἀν
511 4527 577 4581 σὺ
603 4526 770 4599 ἁλῷς,
796 4528 955 4594 ἀλλος
990 4530 1052 4584 οὐ
1077 4530 1350 4601 δράσειεν.

442 4817 617 4873 PNB'.
656 4848 729 4858 —
763 4818 970 4891 ΦΙΛΕᾼ
1000 4820 1571 4900 ΠυΛιΤΕΥΟΜΕΝῼ.

3273 4392 3328 4437 ιιι
3360 4401 3490 4442 vero

1907 4386 2107 4433 υιᾰψδιδ
2141 4386 2476 4435 temporibus
2510 4386 2709 4427 malum
2742 4386 2870 4444 quid
2925 4390 3193 4445 patratum
3249 4386 3328 4451 (ιιι
3360 4401 3490 4442 vero

1905 4453 2008 4510 hoc
2034 4469 2093 4511 es
2130 4456 2393 4530 imitatus)
2448 4473 2737 4533 prepterea
2780 4465 3043 4538 eﬂugias,
3098 4474 3192 4526 sed
3245 4476 3490 4544 punieris

1903 4544 2074 4601 multo
2101 4548 2296 4619 magis.
2360 4549 2427 4608 Ut
2462 4555 2606 4609 enim
2644 4558 2689 4611 si
2725 4559 2847 4627 quis
2905 4560 3115 4616 illorum
3159 4575 3321 4622 antea
3362 4583 3489 4626 reus

1904 4633 2131 4704 fuisset,
2165 4648 2221 4693 tu
2263 4640 2349 4695 illa
2386 4658 2492 4699 non
2529 4650 2899 4707 commisisses
2930 4669 2947 4720 ;
3002 4654 3084 4710 sic
3114 4670 3238 4712 cum
3278 4670 3333 4714 tu
3364 4677 3490 4718 reus

1907 4725 2099 4795 fueris,
2135 4730 2275 4788 alius
2307 4734 2361 4790 in
2395 4746 2671 4803 posterum
2710 4756 2814 4797 non
2848 4748 3174 4804 committet.
3467 4737 3478 4751 ’

2108 4841 2263 4900 CLII.
2298 4876 2371 4891 -
2410 4845 2689 4907 PHILEIE
2732 4852 2944 4911 ΒΕΜΡ.
2976 4856 3300 4918 GERENTI.

286 4907 585 4978 Expertum
609 4910 897 4968 vanitatem
923 4910 1109 4981 gloria:
1135 4916 1419 4972 mundanae
1447 4920 1711 4989 hortatur,
1741 4931 1799 4977 ut
1824 4936 2073 4984 (sternam
2095 4934 2318 5001 ambiat,
2351 4954 2509 5008 quam
2539 4950 2588 4994 et
2614 4952 2819 4999 terrena
2849 4962 2984 5015 swpe
3015 4950 3390 5018 subsequatur.
3490 5000 3495 5007 .

282 5017 694 5087 Τεταραγμένῳ
718 5015 942 5083 δεινῶς,
980 5018 1069 5073 διὰ
1103 5020 1163 5073 τὸ
1192 5021 1352 5093 δόξης
1375 5024 1663 5098 πολιτικῆς
1705 5028 1784 5082 δι-

201 5108 619 5180 ημαρτηκέναι,
647 5108 725 5171 ώς
755 5110 1055 5183 ἐπυθόμην,
1077 5111 1275 5178 ἔοικας.
1301 5116 1594 5189 Ἐννοήσας
1614 5121 1794 5176 τοίνυν

198 5202 309 5270 τὴν
333 5197 578 5263 εὐδοξίαν
611 5198 704 5252 τοῦ
733 5199 850 5271 βίου
879 5202 1091 5271 τούτου,
1113 5205 1225 5259 τῶν
1246 5207 1496 5279 ἀραχνῶν
1525 5211 1622 5281 μὲν
1644 5214 1794 5266 εὐτε-

198 5292 504 5365 λεστέραν,
528 5294 757 5365 ὀνείρων
779 5295 836 5350 δὲ
858 5296 1262 5369 ἀδρανεστέραν
1281 5339 1297 5364 ,
1325 5301 1406 5363 εἰς
1438 5301 1530 5355 τὸν
1564 5303 1795 5375 ὑπερκό-

201 5399 374 5453 σμιον
417 5384 695 5453 μετάγαγε
731 5386 933 5440 σαυτοῦ
959 5387 1052 5441 τὸν
1081 5389 1207 5442 νοῦν
1228 5427 1245 5454 ,
1272 5391 1365 5443 καὶ
1401 5393 1620 5463 στήσεις
1660 5397 1790 5466 ῥᾷον

197 5472 300 5525 τὸν
338 5471 568 5543 θόρυϐον
596 5476 695 5547 τῆς
732 5476 935 5549 ψυχῆς.
982 5480 1057 5532 Οὐ
1088 5480 1198 5553 γὰρ
1244 5482 1571 5555 ἀμφοτέρων
1602 5488 1790 5555 ὀρεγό-

205 5581 377 5634 μενον
396 5603 412 5629 ,
444 5565 773 5638 ἀμφοτέρων
795 5567 946 5621 ἐστιν
989 5570 1269 5641 ἐπιτυχεῖν
1294 5588 1305 5600 ·
1336 5576 1520 5643 τυχεῖν
1550 5576 1650 5645 μὲν
1676 5578 1786 5647 ἀμ.-

204 5650 458 5722 φοτέρων
485 5652 667 5722 ἔστιν,
689 5656 817 5710 ὅταν
852 5655 928 5728 μὴ
962 5657 1286 5731 ἀμφοτέρων
1306 5701 1320 5727 ,
1357 5662 1492 5716 ἀλλὰ
1526 5665 1627 5735 τῆς
1658 5669 1787 5736 μιᾶς

202 5740 311 5811 τῆς
334 5744 402 5799 ἐκ
427 5743 534 5799 τῶν
555 5736 819 5819 οὐρανῶῦ,
847 5747 1441 5824 ἐρῶμεν-’ἀμφοτέρων
1472 5754 1527 5808 δὲ
1553 5757 1784 5828 ἐρῶντα,

1976 5035 2230 5095 Graviter
2264 5044 2479 5098 turbato
2508 5047 2705 5103 similis
2735 5064 2794 5105 es
2826 5053 2970 5121 quod
3005 5054 3149 5109 civili
3181 5056 3350 5127 gloria
3388 5076 3489 5116 ex-

1902 5125 2100 5183 cidisse
2130 5131 2204 5185 sis
2230 5133 2396 5188 visus.
2436 5135 2698 5194 Existima
2731 5139 2913 5210 itaque
2946 5143 3069 5200 vita:
3098 5125 3257 5213 hujus
3283 5148 3481 5208 bonam

1901 5217 2360 5279 existimationem
2420 5227 2543 5283 telis
2598 5245 2925 5287 aranearum
2983 5239 3282 5293 tenuiorem
3336 5255 3481 5312 esse,

1902 5309 2238 5379 somniisque
2267 5314 2440 5385 magis
2470 5317 2687 5373 exilem.
2730 5318 2788 5373 In
2822 5322 3062 5378 coelestia
3109 5325 3293 5395 itaque
3326 5309 3484 5384 mea;

1901 5406 2011 5451 tem
2046 5407 2193 5454 tuam
2234 5405 2426 5475 dirige,
2464 5410 2741 5479 animique
2773 5414 3057 5468 tumultum
3098 5415 3259 5472 facile
3298 5419 3483 5488 placa-

1898 5488 2001 5543 bis.
2061 5490 2163 5557 Qui
2194 5495 2336 5548 enim
2367 5507 2657 5569 utrumque
2694 5514 2950 5572 exoptat,
2991 5518 3186 5563 neutro
3216 5510 3477 5577 potietur.

1899 5578 2171 5650 Consequi
2202 5598 2332 5640 vero
2360 5597 2649 5657 utrmnque
2680 5591 2880 5657 licebit,
2913 5596 3127 5663 quando
3156 5612 3260 5651 non
3290 5600 3474 5665 ambo,

1896 5672 1991 5725 sed
2043 5688 2130 5729 res
2164 5683 2372 5731 tantum
2403 5681 2653 5737 caelestes
2700 5687 2987 5741 adamarit.
3049 5687 3154 5755 Qui
3201 5691 3307 5744 duo
3336 5705 3473 5746 con-

1895 5772 2162 5835 sectatur,
2197 5779 2447 5827 neutrum
2474 5775 2619 5845 capit
2655 5774 2734 5847 (ut
2767 5777 2820 5833 in
2848 5780 3165 5849 venatione,
3201 5786 3465 5858 leporem)
