3906 6416
461 335 604 405 1415
1693 347 1756 408 S.
1795 347 2001 407 ISlDO

2161 349 2569 410 ’ELUSIOT/E
3587 354 3703 420 Ἥθ

457 449 825 516 Quamobrem
860 451 906 506 si
939 451 1168 520 gloriam
1209 451 1457 522 sequeris
1485 493 1499 519 ,
1533 453 1774 508 divinam
1811 464 1999 511 sectari

2166 457 2252 510 ›ὐκ
2281 458 2433 511 ἐστιν
2457 455 2790 528 ἀμφοτέραιν
2815 457 3126 529 ἐπιτυχεῖνο
3159 459 3301 513 ὥστε
3329 464 3376 516 εἰ
3406 441 3558 534 δόξης
3582 467 3708 534 ἐφιε-

456 560 620 615 quam
656 545 792 612 haec,
823 561 944 616 quze
975 547 1028 601 in
1061 547 1224 602 terris
1257 557 1363 612 est,
1398 549 1714 603 comitatur.

2167 565 2278 613 rat,
2321 549 2424 621 ἔρα
2461 550 2562 621 τῆς
2595 548 2782 614 θείας,
2815 547 2964 623 ᾗπερ
3003 551 3099 604 καὶ
3131 554 3166 624 ἡ
3206 554 3442 609 ἐνταῦθα
3476 556 3709 621 πολλάκις

2146 641 2454 696 ἀκολουθεῖ.

763 746 936 802 CLIII.
968 777 1038 786 —
1073 747 1376 802 EUTONIO
1411 749 1727 803 DIACONO.

2462 746 2629 802 PNl".
2669 779 2739 788 -
2773 747 3076 820 ΕΥΤΟΝΙῼ
3109 749 3428 821 ΔιΑιςοΝςι.

941 838 1082 892 Dum
1114 849 1250 893 recte
1284 857 1433 909 agas,
1471 856 1534 893 ne
1567 852 1769 894 metuas
1799 841 2006 910 iniquas
2040 837 2302 893 malorum
2331 855 2601 893 censuras.
2636 839 2877 910 (Confer.
2916 842 3066 907 epist.
3104 842 3219 911 47.)

530 945 587 1001 Si
642 947 932 1014 inquibus
990 948 1146 1002 laude
1203 950 1440 1004 maxime
1468 963 1528 1003 es
1568 949 1810 1018 dignus.
1872 949 1924 1003 in
1977 949 2044 1002 iis

2223 947 2287 998 Et
2327 946 2386 1000 ὲν
2415 941 2498 1008 οἷς
2540 949 2782 1000 ἐπαίνων
2816 943 2869 1000 εἴ
2912 949 3187 1018 μεγίστων
3221 947 3402 1013 ἄξιος,
3443 951 3499 1002 ἐν
3529 951 3714 1013 τούτοις

455 1038 588 1106 ipsis
643 1039 714 1090 ab
767 1039 850 1091 his
899 1041 992 1106 qui
1043 1038 1275 1092 aliorum
1305 1039 1540 1093 virtutes
1591 1038 1807 1108 propria
1845 1039 1997 1092 damn

2177 1039 2340 1103 ιῦτοῖς
2380 1040 2486 1093 ὑπὸ
2533 1039 2644 1092 τῶν
2672 1041 2882 1104 οἰκείας
2923 1043 3258 1111 νομιζόντων
3306 1043 3588 1112 συμφορὰς
3635 1045 3719 1105 τὰς

454 1141 577 1181 esse
609 1128 814 1181 ducunt
865 1129 1278 1193 contemnaris,
1327 1131 1568 1184 animum
1623 1129 1865 1197 abjicere
1908 1129 1996 1183 uol

2181 1130 2356 1202 τέρων
2395 1130 2602 1198 ἀρετὰς
2647 1130 2816 1202 ψέγῃ,
2868 1133 2945 1203 μὴ
2986 1132 3210 1203 ἀθύμει.
3255 1132 3434 1186 Τοῦτο
3470 1134 3576 1204 γὰρ
3605 1133 3721 1186 αὕτδ

455 1219 699 1289 Namque
729 1220 833 1274 hoc
876 1219 1050 1288 ipsum
1100 1220 1448 1289 potissimum
1482 1221 1781 1275 maximum
1813 1231 1898 1275 est
1928 1220 1997 1274 vii

1815 1231 1898 1275 est
1928 1220 2040 1274 νει-ο
2152 1223 2392 1293 μάλιστα
2424 1223 2626 1293 δεῖγμα
2654 1223 2917 1294 μέγιστόν
2949 1225 3101 1277 ἐστιν
3127 1223 3357 1295 ἀρετῆς.

455 1313 588 1366 tutis
615 1321 1016 1382 argumentum.-

969 1418 1150 1475 CLW.
1181 1449 1252 1460 ——
1285 1417 1516 1475 EIDEM.

2630 1423 2800 1481 PNA'.
2833 1456 2906 1466 —
2937 1426 3026 1498 To
3063 1427 3266 1499 Αγτᾳ.

1414 1510 1640 1566 Hostilis
1682 1514 2061 1580 expugnandus
2093 1520 2306 1574 animus
2356 1521 2780 1573 mansuetudine.

529 1615 771 1688 Intelligo
807 1627 860 1673 te
899 1618 967 1674 ad
1000 1634 1124 1674 eum
1150 1617 1432 1684 delatum,
1460 1634 1622 1688 quem
1662 1621 1846 1675 dicere
1876 1636 2038 1674 ηοιοε

2221 1628 2575 1698 Πυνθάνομαι
2612 1625 2955 1697 διενηνέχθαι
3003 1644 3064 1681 σε
3102 1627 3243 1697 πρὸς
3274 1627 3336 1680 ὃν
3377 1628 3441 1679 οὐ
3485 1626 3719 1698 βούλομαι

457 1723 631 1778 neque
655 1713 799 1764 enim
827 1710 912 1764 vel
944 1711 1214 1765 nominari
1238 1712 1434 1782 dignus
1450 1713 1543 1777 sit,
1569 1713 1660 1781 qui
1680 1715 1841 1766 vitam
1863 1713 1999 1767 vivet

2177 1719 2364 1788 »ἐγεινο
2399 1719 2474 1791 μὴ
2509 1719 2620 1791 γὰρ
2648 1718 2734 1790 ετη
2775 1721 3001 1790 μνήμης
3029 1719 3200 1786 ἄξιος.
3231 1717 3334 1789 ζῇν
3362 1720 3719 1790 προῃρημένος

456 1801 712 1855 statuerit
770 1803 1054 1856 molestam
1105 1812 1161 1856 et
1218 1817 1491 1858 morosam
1530 1803 1910 1873 difﬁcilemque
1938 1805 1998 1858 νει

2178 1811 2371 1882 ιαρέως
2393 1850 2407 1874 ,
2441 1811 2536 1864 καὶ
2565 1811 2703 1882 πρὸς
2734 1811 2863 1874 τοὺς
2895 1810 3221 1882 φιλαρέτους
3254 1811 3551 1874 δυσκόλως.
3593 1812 3720 1882 Πλὴν

457 1904 625 1948 tutem
654 1895 986 1950 amantibus.
1040 1895 1410 1951 Nihilominus
1440 1897 1485 1950 si
1519 1897 1830 1966 resipiscet,
1865 1897 1999 1965 reci[

2176 1899 2268 1952 ιλλ⁹
2302 1901 2352 1952 εί
2383 1898 2484 1970 μὲν
2511 1901 2841 1971 γνωσιμαχῇ
2865 1939 2878 1962 ,
2911 1900 3060 1966 δέξαι
3103 1899 3547 1970 ἀπολογούμενον
3565 1915 3578 1926 '
3603 1901 3645 1951 εξ
3672 1901 3718 1951 δὲ

454 1998 516 2039 ιιι
551 1997 856 2054 purgatum.
901 1986 996 2041 Sin
1025 2002 1203 2052 secus,
1236 2001 1532 2056 cognosces
1559 1987 1604 2042 si
1636 1987 1845 2056 primus
1880 2002 1996 2041 acet

2175 1989 2253 2061 ιὴ,
2290 1990 2586 2060 γινώσκεις
2610 1991 2669 2044 δὲ
2693 1991 2752 2043 εί·
2779 1991 2993 2062 πρῶτος
3025 1991 3426 2061 ὲπιπηδήσειας
3458 1993 3524 2061 τῇ
3553 1993 3717 2062 εἰρήνῃ

454 2079 552 2132 das
581 2078 699 2146 paci
732 2094 797 2130 ex
829 2078 1032 2133 debito.
1064 2079 1142 2149 Et
1171 2079 1273 2133 hoc
1304 2095 1424 2148 age.
1458 2078 1735 2149 Duplicem
1764 2078 1909 2133 enim
1945 2091 1996 2132 cr

2175 2063 2679 2154 ὺφεληθησόμενον,
2723 2083 2823 2136 καὶ
2862 2082 3022 2135 τοῦτο
3067 2083 3318 2154 ποίησον.
3364 2082 3592 2136 Διπλοῦν
3627 2083 3717 2152 γὰρ

453 2185 642 2224 ronam
672 2171 1054 2240 consequeris,
1086 2187 1210 2226 cum
1239 2173 1308 2226 ob
1341 2173 1507 2226 vitam
1539 2189 1567 2226 a
1586 2181 1642 2227 te
1669 2172 1899 2236 obitam,
1927 2178 1995 2225 tul

2176 2170 2296 2236 ﬁat;
2316 2169 2412 2223 τὸν
2447 2169 2717 2240 στέφανον
2738 2213 2754 2236 ,
2791 2170 2892 2238 τῆς
2931 2187 2990 2222 τε
3023 2171 3221 2223 σαυτοῦ
3257 2172 3380 2243 (17)
3407 2171 3718 2241 φιλοσοφίας,

454 2260 680 2318 affectus
714 2263 1043 2332 pietatisque
1079 2263 1277 2332 gratia.

2149 2262 2251 2333 τῆς
2281 2278 2340 2315 τε
2373 2261 2583 2315 ἐκείνου
2613 2261 2927 2326 διαθέσεως.

722 2389 880 2444 CLV.
914 2419 984 2431 —-
1027 2389 1423 2445 ISCHYRIONI
1457 2386 1773 2444 DIACONO.

2427 2384 2600 2440 PNE'.
2639 2414 2710 2426 -—
2746 2383 3095 2440 ΙΣΧΥΡΙΩΝΙ
3133 2384 3464 2456 ΔΙΔΚΟΝῼ.

1776 2480 2103 2550 Dialogismo
2139 2479 2434 2548 respondet.

527 2587 803 2658 Exponam
839 2596 1026 2657 aperte
1052 2587 1270 2643 brevem
1293 2626 1309 2652 ,
1340 2603 1500 2657 quem
1537 2588 1700 2642 habui
1721 2603 1866 2667 tcum
1901 2602 2039 2657 quo-

2235 2588 2342 2641 Τὸν
2374 2585 2742 2657 γεγενημένον
2780 2603 2872 2656 μοι
2906 2585 3045 2657 πρός
3081 2603 3205 2639 τινα
3247 2586 3466 2658 βραχὺν
3504 2586 3721 2658 διάλογον

455 2681 580 2736 dam
600 2720 616 2746 ,
652 2694 958 2736 sermonem
982 2719 998 2745 ,
1029 2695 1191 2750 quem
1219 2680 1602 2750 opponendum
1630 2681 1759 2734 duxi
1805 2680 1893 2746 iis,
1916 2694 1997 2747 qu:

2177 2678 2388 2751 ηλώσας
2424 2677 2649 2747 σαφῶς,
2686 2672 2842 2748 οἶμαι
2892 2678 3290 2749 ἀποκεκρίσθαι
3331 2680 3472 2750 πρὸς
3503 2681 3570 2733 τὰ
3607 2697 3719 2752 γρα-

455 2771 748 2841 scripsisti.
790 2770 958 2825 lucidi
992 2770 1132 2825 forte
1162 2770 1214 2823 in
1237 2773 1529 2838 quemdam
1561 2769 1692 2825 mihi
1728 2770 1997 2824 dicentem

2173 2773 2309 2826 ιέντα
2343 2770 2497 2842 παρὰ
2545 2769 2663 2824 σοῦ.
2707 2769 3055 2839 Ἐντυχόντος
3087 2770 3197 2840 γάρ
3269 2770 3367 2840 μοί
3399 2771 3528 2824 ποτέ
3563 2789 3715 2833 τινος,

457 2855 568 2914 Fac
623 2873 712 2914 me
769 2857 1005 2929 justum.
1085 2859 1360 2929 Respondi
1391 2875 1406 2912 :
1447 2855 1591 2913 Fieri
1620 2856 1713 2928 qui
1745 2867 1958 2927 potest,
1991 2875 1999 2910 ε

2173 2861 2243 2913 ιαὶ
2285 2859 2576 2928 γέγοντος,
2625 2856 2864 2928 Ποίησον
2913 2874 2981 2927 με
3023 2856 3270 2911 δίκαιον·
3312 2860 3715 2930 ἀπεκρινάμην

455 2953 533 3006 sis
590 2952 826 3020 peccatis
855 2950 1173 3005 obnoxius?
1237 2950 1423 3005 Intulit
1474 2951 1601 3005 ille:
1654 2948 1772 3004 Non
1808 2949 1997 3017 ampliu

2176 2952 2256 3005 ἰαὶ
2283 2952 2402 3014 πῶς
2422 2950 2610 3002 δύναιο
2633 2948 2887 3018 γενέσθαι
2915 2948 3250 3019 ἁμαρτάνων
3270 2966 3285 3014 ;
3307 2949 3424 3002 Τοῦ
3454 2950 3510 3003 δὲ
3536 2952 3718 3020 φήσαν-

456 3057 646 3111 pecco.
718 3041 829 3111 Ego
860 3056 1031 3096 vero:
1088 3042 1146 3096 Si
1182 3057 1308 3096 vera
1339 3043 1512 3110 dicis,
1554 3043 1730 3098 factus
1759 3057 1819 3096 es
1843 3081 1858 3106 ,
1893 3056 1998 3112 quo

2175 3059 2236 3106 ος
2272 3041 2469 3112 μηκέτι
2499 3039 2839 3111 ἁμαρτάνειν
2861 3053 2876 3069 ·
2908 3037 3082 3109 ἔφην·
3113 3039 3330 3093 Οὐκοῦν
3364 3040 3416 3092 εί
3439 3040 3717 3110 ἀληθεύεις,

457 3136 541 3187 vis
567 3149 708 3189 esse.

2143 3136 2375 3204 γέγονας
2401 3135 2540 3206 ὅπερ
2569 3134 2862 3203 ἠθέλησας.

657 3243 824 3315 600
859 3242 1039 3299 CLVI.
1067 3271 1141 3286 --
1177 3242 1452 3298 ISIDORO
1483 3242 1834 3300 EPISCOPO.

2439 3242 2626 3310 Pqu.
2667 3273 2739 3284 --
2785 3243 3048 3311 ΙΣΙΔΩΡῼ
3085 3242 3462 3316 ΕΠΙΣΚΟΠῼ.

1237 3336 1315 3391 De
1347 3338 1624 3405 explorato
1654 3337 1827 3390 amico
1859 3335 2158 3405 cujusdam.
2188 3335 2429 3407 (Confer.
2463 3336 2612 3404 epist.
2644 3334 2771 3400 192,
2797 3335 2947 3406 199.)

533 3444 686 3499 Venit
729 3445 796 3499 ad
848 3460 968 3509 me,
997 3445 1066 3500 de
1104 3460 1211 3515 quo
1245 3446 1544 3516 scripseras
1566 3489 1581 3513 ,
1618 3447 1701 3500 vir
1731 3447 1855 3508 ille.
1890 3448 2040 3501 visus

2229 3444 2479 3515 Ἐνέτυχέ
2515 3463 2606 3516 μοι
2634 3446 2662 3498 ὁ
2691 3445 2831 3517 ἀνὴρ
2856 3446 2984 3516 περὶ
3011 3435 3072 3497 οὗ
3097 3445 3415 3515 γέγραφας,
3447 3446 3611 3499 δοκῶν
3636 3445 3715 3516 μὲν

451 3537 670 3607 quidem
708 3537 911 3600 tristis,
959 3537 1131 3606 magis
1162 3553 1292 3591 vero
1326 3540 1591 3608 gaudens.
1639 3537 1856 3592 Vultum
1889 3539 1993 3592 enil

2180 3537 2455 3603 υπετσθαι,
2485 3538 2815 3592 κινδυνεύων
2841 3538 2897 3591 δὲ
2930 3539 3164 3609 χαίρειν.
3195 3536 3287 3609 Τῷ
3323 3538 3439 3609 γὰρ
3471 3539 3717 3610 προσώπῳ

455 3631 671 3685 tametsi
706 3640 956 3685 mcestum
986 3641 1039 3684 et
1069 3632 1321 3686 tetricum
1356 3647 1466 3701 prze
1494 3647 1551 3686 se
1580 3632 1767 3697 ferret,
1800 3642 1997 3687 menter

2173 3629 2308 3684 μὺτοῦ
2339 3631 2518 3685 καίτοι
2557 3631 3014 3702 προσποιουμένῳ
3044 3630 3504 3700 σκυθρωπάζειν,
3560 3631 3715 3698 σαφὴς

455 3731 635 3776 tamen
685 3721 913 3774 hilarem
951 3721 1098 3776 clare
1123 3721 1391 3776 exhibuit.
1445 3720 1510 3775 Ut
1547 3723 1692 3777 enim
1727 3723 1907 3776 verbis
1935 3737 1997 3777 ex

2177 3723 2440 3777 νέστακτο
2468 3722 2595 3786 νοῦς
2621 3723 2838 3794 ἡδονῆς.
2890 3723 2980 3786 Ὧς
3014 3722 3072 3775 δὲ
3109 3720 3430 3792 βασανίζων
3472 3723 3625 3775 αὐτὸν
3655 3721 3719 3772 λό-

452 3811 668 3880 plorare
697 3810 841 3881 (εωρί
875 3849 891 3875 ,
925 3823 1046 3879 quae
1088 3811 1368 3864 recondita
1401 3821 1560 3865 erant
1587 3852 1603 3877 ,
1655 3812 1708 3866 in
1765 3812 1937 3868 lucem
1972 3829 1994 3867 ε

2174 3831 2303 3876 ὀις,
2345 3813 2417 3866 τὰ
2455 3813 2741 3884 ἀπόρρητα
2782 3814 2861 3876 είς
2893 3813 3009 3883 φῶς
3055 3813 3372 3882 ἐξενεγκεῖν
3427 3815 3716 3882 ἠνάγκασα,

454 3899 700 3969 proferre
730 3901 905 3967 coegi.
937 3900 1030 3954 Ille
1052 3901 1216 3954 veluti
1249 3909 1461 3971 captus,
1498 3904 1667 3956 risum
1697 3903 1792 3957 ine
1817 3903 1996 3958 mistui

2178 3906 2266 3958 ὁτε
2300 3905 2363 3977 δὴ
2400 3899 2511 3957 οἷον
2548 3905 2730 3968 ἁλοὺς,
2764 3905 3030 3977 μειδίαμα
3064 3905 3225 3976 θυμῷ
3261 3905 3609 3978 κεκραμένον
3647 3903 3719 3958 διὰ

452 4006 552 4062 per
584 3992 831 4046 maxillas
863 3991 1067 4046 emisit.
1134 3991 1275 4047 Hinc
1320 3992 1494 4047 effuso
1529 3994 1865 4049 cachinnans
1903 3995 1994 4049 risi

2181 3999 2246 4068 ἧς
2277 4000 2510 4068 παρειάς
2539 3997 2785 4069 ἐπεμψεν
2806 4014 2820 4028 ο
2852 3994 2972 4052 εἶτα
3007 3998 3217 4051 πλατὺν
3250 3997 3472 4067 γέλωτα
3502 4000 3717 4063 ἀνακαγ-

454 4081 544 4145 iis,
574 4081 666 4150 qui
692 4080 1029 4144 acciderant,
1063 4081 1236 4136 lactari
1267 4097 1328 4138 se
1353 4082 1529 4152 palam
1560 4084 1838 4154 professus
1865 4093 1965 4141 est.

2175 4090 2348 4159 [ἀσας,
2377 4088 2650 4160 ᾐσθῆσθαι
2685 4089 2804 4142 λίαν
2828 4089 2924 4142 ἐπὶ
2955 4093 3066 4153 τοῖς
3097 4091 3481 4163 συμϐεϐηκόσι
3519 4089 3717 4160 διαρρή-

2149 4183 2248 4254 δην
2275 4181 2619 4254 ὡμολόγησε.

984 4281 1187 4339 CLVII.
1220 4313 1292 4324 —
1329 4281 1511 4338 NILO.

2652 4291 2823 4345 PNZ'.
2871 4323 2942 4332 —
2991 4293 3221 4365 Nemo.

1091 4375 1321 4430 Perinde
1350 4393 1463 4430 esse
1490 4391 1591 4446 quo
1626 4378 1742 4446 quis
1775 4375 1889 4430 loco
1923 4377 2227 4444 sepeliatur,
2264 4397 2382 4434 cum
2417 4383 2585 4436 omnis
2621 4393 2761 4436 terra
2798 4384 2974 4452 patria
3007 4386 3075 4437 sit

528 4483 932 4555 Sepeliendum,
967 4493 1025 4538 ut
1053 4484 1187 4539 mihi
1222 4485 1437 4553 quidem
1471 4484 1713 4550 videtur,
1749 4500 1968 4555 corpus,
1995 4494 2052 4540 et

2225 4489 2368 4560 Χρὴ,
2391 4491 2466 4552 ὼς
2485 4489 2674 4559 ἔμοιγε
2698 4491 2866 4555 δοκεῖ,
2895 4491 3124 4546 θάπτειν
3145 4493 3206 4545 τὺ
3224 4494 3412 4565 σῶμα,
3439 4509 3534 4547 και
3559 4490 3717 4545 ὁσιοῦν

449 4578 598 4648 justa
649 4577 1008 4647 persolvenda
1065 4577 1120 4630 in
1155 4591 1220 4630 eo
1255 4577 1393 4646 ipso,
1425 4590 1533 4643 quo
1566 4575 1851 4641 discessit,
1901 4577 1991 4629 IOCl

2174 4581 2230 4642 ηις
2258 4581 2350 4633 τὸν
2376 4581 2574 4644 τόπον,
2601 4584 2680 4645 εἰς
2707 4582 2766 4635 ὂν
2792 4583 2886 4635 κα)⁸
2915 4583 3258 4655 ἐτελεύτησε.
3286 4585 3608 4645 Γυναικείας
3626 4583 3716 4649 γὰρ

454 4669 737 4724 Muliebris
783 4670 928 4722 enim
965 4670 1326 4737 angustique,
1360 4668 1576 4737 Opinor,
1624 4680 1706 4722 est
1737 4669 1947 4732 animi,
1976 4684 1996 4722 ε

2174 4670 2306 4743 ιῖμαι
2337 4673 2432 4726 καὶ
2467 4675 2668 4744 μικρᾶς
2707 4674 2949 4739 διανοίας
2980 4676 3043 4728 τὸ
3068 4677 3176 4730 ἀπὸ
3202 4677 3418 4730 πόλεων
3451 4678 3529 4740 εἰς
3560 4674 3716 4734 πόλεις

455 4760 685 4815 urbibus
734 4761 786 4814 in
823 4761 990 4814 urbes
1025 4759 1260 4814 cadaver
1288 4757 1665 4822 circumferre,
1699 4767 1862 4828 atque
1891 4769 1997 4814 nati

2172 4764 2580 4835 ιετακομίζειν,
2613 4766 2710 4820 καὶ
2750 4767 2819 4821 τὰ
2864 4770 3144 4839 μυστήρια
3186 4769 3286 4836 τῆς
3318 4770 3538 4839 φύσεως
3571 4769 3714 4838 δημο-

455 4865 530 4904 rae
562 4849 825 4920 evulgare
877 4850 1200 4920 mysterium
1230 4890 1246 4916 ,
1296 4865 1419 4906 cum
1454 4851 1636 4906 omnis
1671 4860 1822 4906 terra
1866 4854 1997 4922 patri

1866 4852 2044 4922 patria
2153 4855 2387 4921 σιεύειν,
2423 4856 2605 4927 πάσης
2636 4857 2737 4928 τῆς
2775 4857 2881 4928 γῆς
2921 4861 3181 4931 πατρίδος
3212 4860 3408 4932 οὕσης.

455 4938 612 4993 nobis
648 4937 740 4992 sit.

750 5047 974 5104 CLVIII.
1013 5078 1085 5090 -
1131 5046 1412 5104 HIERACI
1443 5047 1761 5105 DIACONO.
2495 5055 2674 5112 PNH'.
2709 5090 2776 5100 —
2806 5059 3040 5114 IEPAKI
3069 5060 3394 5133 ΔΙᾹΚΟΝῼ.

1199 5141 1267 5197 In
1298 5159 1400 5214 quo
1430 5158 1639 5197 summa
1673 5142 1928 5197 bonorum
1979 5145 2251 5200 consistat.
2287 5147 2446 5218 (Vide
2487 5150 2639 5218 epist.
2683 5151 2741 5207 ⁸50

1453 5158 1639 5196 ὐηιηια
1673 5142 1928 5197 bonorum
1979 5145 2251 5200 consistat.
2287 5147 2446 5218 (Vide
2487 5150 2639 5218 epist.
2683 5151 2810 5216 ⁸506,
2846 5151 2995 5221 409.)

523 5266 670 5322 Cave
703 5283 890 5322 mensa
921 5265 1145 5323 ferculis
1159 5273 1456 5333 relerta,et
1483 5267 1750 5323 dissoluto
1779 5277 1942 5323 cantu
1977 5283 2042 5324 ac

2219 5271 2312 5341 Μὴ
2341 5271 2593 5345 τραπέζῃ
2634 5273 2950 5347 πληθούσῃ,
2990 5277 3090 5330 καὶ
3131 5276 3257 5348 ὠδῷ
3291 5277 3600 5347 ἀνειμένῳ.
3633 5275 3709 5327 καὶ

453 5360 592 5416 luxu
622 5358 1267 5414 divitiarumfelicitatem
1289 5361 1545 5424 metiare;
1583 5359 1692 5414 imo
1719 5357 1995 5415 sufﬁcienti

2165 5360 2367 5432 πλούτῳ
2396 5363 2573 5434 ῥέοντι
2605 5366 2706 5437 τὴν
2741 5368 3118 5439 μακαριότητα
3139 5369 3351 5440 ὁρίζου,
3384 5369 3505 5423 ἀλλ’
3532 5369 3707 5436 abrup-

453 5466 518 5506 ae
548 5451 628 5508 rei
674 5451 876 5505 nullius
905 5452 1230 5506 necessariae
1265 5451 1587 5520 indigentia.
1629 5449 1708 5505 llli
1746 5451 1893 5506 enim
1925 5466 1995 5507 εει

2163 5454 2308 5524 seta,
2355 5457 2450 5508 καὶ
2491 5457 2572 5528 τῷ
2621 5459 2849 5531 μηδενὸς
2897 5461 3007 5514 τῶν
3054 5462 3371 5532 ἀναγκαίων
3411 5458 3705 5515 λείπεσθαν

1555 5604 1790 5662 VARIAE
1823 5605 2209 5664 LECTIONES
2248 5606 2336 5662 ET
2376 5609 2611 5667 ΝΟΤᾹΞ.

528 5763 643 5837 (l7)
682 5763 785 5820 Pro
834 5764 1029 5819 σαυτοῦ
1063 5764 1218 5821 codd.
1269 5763 1385 5819 Vat.
1425 5765 1528 5820 650
1577 5775 1626 5820 ct
1677 5765 1784 5821 Alt.
1845 5764 2046 5821 habent

1017 5764 1218 5821 icodd.
1269 5763 1385 5819 Vat.
1425 5765 1528 5820 650
1577 5775 1626 5820 et
1677 5765 1784 5821 Alt.
1845 5764 2046 5821 habent
2075 5767 2306 5821 ἐκείνου.
2347 5766 2559 5826 Possm.
