3906 6416
494 295 628 362 1419

1682 305 1745 367 S.
1788 303 2081 364 ISIDOBI
2117 301 2552 363 PELUSIOTIE

3614 302 3735 369 1420

492 416 727 479 robore,
777 422 834 467 ct
863 414 1044 484 mole,
1093 414 1323 487 aliisque
1372 415 1487 471 fere
1533 415 1749 473 dotibus
1794 415 2059 475 omnibus.

2172 418 2283 479 τοῖς
2311 416 2490 479 ἄλλοις
2522 416 2707 487 σχεδὸν
2740 417 2934 472 ἆπασι.
2965 417 3055 471 Διδ
3079 419 3174 472 καὶ
3197 418 3307 473 τῶν
3328 419 3571 490 ποιητῶν
3601 421 3629 472 ὁ
3656 438 3734 473 κο-

491 501 852 567 Quamobrem
879 512 932 559 et
960 515 1242 574 poetarum
1276 505 1528 575 princeps
1554 503 1632 559 ait
1661 520 1676 558 :

633 615 684 670 Ν
693 616 731 669 il
759 617 969 670 homine
992 617 1047 671 in
1077 618 1230 671 terris
1258 616 1570 671 imbecillius
1594 618 1758 671 omni.

565 732 772 785 Donum
797 745 926 786 vero
944 730 1038 786 Dei
1057 743 1179 787 esse
1196 730 1410 787 dicendi
1429 732 1715 797 rationem,
1750 730 1872 785 audi
1893 731 2067 786 disse-

490 834 700 879 rentem
720 838 845 879 eum
878 824 987 879 Deo
1006 822 1235 879 .Iobum:
1273 841 1293 876 ι
1331 822 1430 879 Vel
1458 834 1512 878 tu
1541 825 1814 895 pulverem
1845 824 1897 878 in
1925 834 2066 878 terra

490 913 708 982 capiens
762 912 963 967 animal
1013 912 1281 981 formasti,
1330 922 1387 968 et
1453 913 1761 983 loquentem
1820 915 1872 967 in
1923 926 2064 967 terra

489 1005 762 1061 collocasti
800 1006 865 1060 ³⁷.
924 1023 943 1057 ι
977 1003 1112 1060 illud
1146 1005 1288 1059 enim
1319 1005 1570 1076 λαλητὸν,
1594 1007 1695 1061 etsi
1730 1005 1947 1075 quidam
1970 1021 2068 1075 pro

488 1098 658 1152 vocali
690 1108 989 1167 exponunt,
1023 1097 1297 1168 signiﬁcat
1345 1109 1526 1153 tamen
1556 1098 1819 1153 rationale
1865 1099 2063 1167 potius,

489 1193 632 1259 quod
663 1189 913 1258 loquendi
948 1190 1000 1243 vi
1050 1189 1369 1259 percipitur.
1408 1189 1511 1256 Qui
1541 1191 1686 1245 enim
1716 1190 1899 1245 vocale
1936 1190 2065 1259 quid

488 1284 602 1349 ﬁet,
634 1283 735 1338 nisi
773 1283 843 1337 sit
867 1283 955 1352 qui
990 1283 1363 1339 ratiocinando
1389 1299 1547 1339 sensa
1572 1286 1767 1338 mentis
1795 1282 2067 1353 explicet?

487 1376 555 1429 Et
584 1386 806 1432 sanctus
834 1374 1038 1429 Paulus
1078 1391 1349 1429 summum
1402 1374 1546 1430 inter
1584 1376 1918 1430 charismata
1952 1389 2065 1430 cm-

486 1468 643 1524 lestia
677 1467 958 1537 sapientia:
983 1466 1285 1521 orationem
1315 1467 1562 1521 collocat.
1616 1466 1724 1523 Res
1772 1468 1953 1537 itaque
1979 1468 2064 1522 di-

486 1559 610 1612 vina
641 1557 817 1612 oratio
843 1565 945 1619 est,
980 1564 1037 1610 at
1065 1556 1238 1611 virtus
1270 1557 1504 1612 divinior
1531 1567 1619 1612 est
1658 1574 1674 1611 :
1724 1558 2062 1612 divinissima

486 1660 615 1699 vero
641 1645 794 1699 ﬁdes.
825 1644 1064 1698 Primum
1100 1644 1399 1697 orationem
1430 1644 1647 1714 quidem
1688 1658 1885 1699 censeo
1918 1645 2063 1699 velut

2170 512 2400 581 ρυφαῖος
2433 510 2537 581 ἔφη
2557 527 2572 542 ο

2170 621 2365 676 Οὐδὲν
2397 622 2781 692 ἀκιδνότερον
2822 625 2961 694 γαῖα
2997 626 3197 695 τρέφει
3238 627 3574 696 ἀνθρώποιο
3608 626 3730 697 (18).

2169 734 2293 788 Ὅτι
2338 736 2397 789 δὲ
2441 734 2586 788 θεῖόν
2628 736 2746 788 ἐστι
2787 734 2997 806 δῶρον,
3032 736 3199 789 ἄκουε
3248 734 3345 789 τοῦ
3398 738 3731 808 Δημιουργοῦ

2166 825 2243 897 τῷ
2278 825 2399 880 Ἰὼϐ
2421 826 2805 897 διαλεγομένου
2826 843 2841 856 ’
2875 828 2978 880 (Ἢ
3008 828 3071 881 σὺ
3101 826 3281 881 λαϐὼν
3310 827 3444 898 χοῦν
3483 828 3591 881 ἀπὸ
3617 830 3730 897 γῆς,

2171 914 2415 979 ἔπλασας
2445 915 2608 983 ζῶον,
2626 916 2720 970 καὶ
2738 915 2970 987 λαλητὸν
2996 917 3127 970 αὐτὸ
3156 916 3281 971 ἔθου
3309 918 3403 971 ἐπὶ
3435 918 3535 988 τῆς
3563 919 3680 990 γῆς.
3709 939 3727 973 ι

2167 1007 2244 1061 Τὸ
2261 1007 2371 1079 γὰρ
2391 1007 2621 1079 λαλητὺν
2651 1010 2701 1061 εί
2723 1008 2814 1062 καί
2839 1026 2983 1072 τινες
3005 1010 3208 1063 οίονται
3232 1010 3557 1080 περιϐόητον
3580 1006 3729 1077 εἶναι,

2166 1093 2226 1150 εὖ
2254 1096 2449 1168 μηνύει
2478 1093 2677 1169 μᾶλλον
2707 1098 2769 1152 τὸ
2791 1098 3031 1168 λογικὸν,
3054 1100 3118 1152 τὸ
3138 1099 3227 1154 διὰ
3263 1100 3358 1154 τοῦ
3391 1100 3573 1155 λαλεῖν
3600 1119 3729 1170 γνω-

2167 1187 2472 1261 ριζόμενον.
2505 1190 2629 1254 Πῶς
2663 1189 2772 1260 γὰρ
2801 1190 2996 1262 ἔμελλε
3019 1191 3302 1262 διαϐόητον
3334 1190 3499 1259 εἶναι,
3530 1195 3628 1248 οὐκ
3644 1197 3729 1253 bv-

2165 1299 2274 1335 των
2304 1282 2413 1335 τῶν
2443 1282 2532 1335 διὰ
2562 1282 2723 1351 λόγου
2762 1283 3145 1354 κηρυττόντων
3169 1302 3185 1351 ;
3216 1285 3333 1339 Καὶ
3359 1286 3412 1337 ὁ·
3440 1285 3645 1349 Παῦλος
3679 1287 3730 1341 δὲ

2165 1372 2594 1441 κορυφαιότατον
2631 1373 2740 1427 τῶν
2772 1372 3041 1444 οὐρανίων
3071 1376 3432 1446 χαρισμάτων
3465 1375 3557 1429 τὸν
3589 1376 3730 1445 λόγον

2169 1465 2270 1535 τῆς
2305 1465 2498 1536 σοφίας
2539 1465 2796 1536 ὡρίσατο.
2846 1466 3000 1520 Θεῖον
3043 1468 3143 1538 μὲν
3175 1463 3270 1522 οῦν
3300 1486 3353 1522 τι
3382 1468 3571 1540 χρῆμα
3600 1471 3628 1523 ὁ
3648 1469 3729 1522 15—

2164 1573 2296 1625 γος,
2322 1558 2596 1632 θειότερον
2641 1560 2699 1613 δὲ
2728 1561 2762 1631 ἡ
2794 1560 2996 1631 ἀρετὴ,
3035 1561 3311 1615 θειότατον
3340 1561 3400 1615 δὲ
3443 1564 3477 1632 ή
3526 1562 3727 1625 πίστις·

2164 1650 2263 1703 καὶ
2293 1650 2385 1704 τὸν
2415 1651 2516 1721 μὲν
2559 1651 2815 1722 ὁρίζομαι
2845 1645 2986 1704 εῐναι
3016 1650 3093 1714 ὡς
3138 1651 3381 1723 κόσμον,
3432 1650 3534 1723 τὴν
3572 1650 3629 1705 δὲ
3662 1650 3729 1713 ὡς

485 1746 735 1792 ornatum
762 1750 884 1790 esse
910 1753 924 1789 :
962 1735 1213 1789 virtutem
1243 1750 1372 1789 vero
1402 1736 1545 1789 velut
1571 1750 1788 1805 corpus,
1820 1744 1875 1790 et
1900 1735 2058 1791 ﬁdem

2165 1740 2358 1811 σῶμα,
2414 1742 2516 1812 τὴν
2568 1742 2627 1794 δὲ
2673 1742 2751 1806 ὡς
2800 1742 3005 1812 ψυχήν.
3064 1736 3136 1814 Ὦ
3195 1743 3298 1814 μὲν
3344 1738 3443 1797 οὖν
3492 1742 3563 1796 τὰ
3614 1742 3731 1814 τρία

486 1826 634 1881 velut
666 1826 924 1881 animam.
965 1826 1132 1894 Igitur
1156 1826 1241 1879 cui
1278 1825 1393 1881 haec
1420 1827 1519 1880 tria
1542 1835 1852 1896 suppetunt,
1882 1826 2060 1882 excel-

487 1918 605 1972 lens
639 1917 1135 1985 perfectusqueest
1189 1916 1305 1984 vir;
1360 1918 1449 1986 qui
1481 1932 1610 1972 vero
1643 1918 1825 1989 aliquo
1868 1919 2053 1974 deﬁci-

487 2017 595 2073 tur,
634 2016 745 2061 tum
782 2020 847 2061 eo
886 2007 1026 2076 quod
1086 2006 1160 2060 sit
1214 2007 1448 2061 maxime
1502 2007 2058 2077 praeferendum,‘non

486 2109 569 2153 est
596 2099 837 2154 numeris
877 2099 1162 2154 absolutus
1200 2100 1473 2164 omnibus,
1514 2101 1641 2169 quia
1676 2100 1855 2170 aliquo
1896 2101 2061 2156 desti-

488 2191 687 2255 tuitur;
738 2189 1003 2259 siquidem
1035 2205 1360 2259 magnopere
1402 2189 1676 2245 diﬁ‘erunt.
1730 2191 1861 2246 lllud
1914 2193 2057 2248 enim

487 2300 769 2354 magnum,
802 2285 974 2354 majus
1007 2286 1258 2349 alterum,
1296 2286 1514 2340 tertium
1559 2302 1691 2341 vero
1728 2288 2057 2355 maximum;

488 2388 545 2430 at
576 2378 887 2431 necessaria
939 2386 1022 2432 est
1063 2377 1395 2446 conjunctio.
1440 2379 1603 2448 602
1640 2379 1828 2433 Oratio
1857 2380 2059 2434 etenim

488 2469 588 2523 etsi
616 2469 783 2539 magis
802 2484 963 2537 quam
991 2478 1202 2523 torrens
1217 2468 1364 2535 ﬂuat,
1383 2470 1653 2539 quomodo
1675 2470 1892 2525 ornabit
1911 2484 2057 2536 eum,

492 2561 585 2629 qui
634 2562 893 2615 virtutem
924 2561 1089 2615 veluti
1133 2576 1329 2630 corpus
1364 2577 1469 2617 non
1516 2562 1788 2631 possidet?
1818 2562 1875 2617 Si
1913 2562 2057 2618 enim

488 2666 595 2705 non
625 2652 716 2716 sit,
749 2652 841 2720 qui
892 2660 1137 2717 ornetur,
1183 2666 1658 2719 supervacaneum
1690 2651 1858 2707 fuerit
1895 2666 2061 2708 orna-

489 2752 754 2798 mentum.
788 2742 1070 2810 Quomodo
1104 2759 1231 2798 vero
1266 2744 1512 2798 auditum
1539 2744 1661 2814 quis
1688 2758 1795 2798 non
1834 2754 2057 2798 contur-

486 2834 579 2889 bet
614 2834 726 2889 sola
786 2850 918 2890 voce
964 2835 1029 2889 de
1074 2834 1412 2904 philosophia
1452 2835 1867 2891 ratiocinando?
1913 2835 2059 2891 Prae-

487 2934 597 2979 stat
626 2941 820 2994 corpus
847 2927 968 2981 sine
997 2938 1189 2982 ornatu
1225 2928 1635 2997 habererquam
1660 2939 1911 2983 ornatum
1939 2930 2058 2985 sine

486 3031 736 3085 corpore.
794 3016 981 3071 Virtus
1036 3026 1216 3072 autem
1251 3018 1521 3086 quomodo
1556 3026 1766 3073 mortua
1802 3034 1906 3073 non
1942 3021 2058 3073 exi-

2165 1834 2492 1905 πρόσεστιν,
2537 1827 2693 1897 οὗτος
2736 1834 3146 1906 ἀνυπέρϐλητός
3197 1836 3316 1888 ἐστι
3362 1834 3464 1888 καὶ
3508 1834 3727 1897 τέλειος·

2164 1919 2210 1995 ᾧ
2254 1927 2311 1980 δὲ
2358 1927 2621 1998 ὁπότερον
2654 1926 2869 1993 λείπει,
2915 1926 3011 1980 καὶ
3056 1925 3294 1997 μάλιστα
3327 1925 3390 1978 τὸ
3423 1926 3733 1996 προτιμότεσ

2168 2035 2296 2090 ρον,
2338 2011 2493 2082 οὗτος
2539 2018 2739 2089 ἀτελής
2788 2019 2907 2072 ἐστι
2948 2019 3069 2072 κατ’
3113 2019 3313 2081 ἐκεῖνο,
3346 2016 3474 2071 καθ’
3504 2018 3535 2070 ὃ
3585 2018 3733 2071 ἐλλεί-

2166 2124 2278 2160 πει.
2314 2107 2376 2159 Εἰ
2420 2105 2529 2177 γὰρ
2569 2106 2664 2158 καὶ
2709 2103 2880 2176 πολλή
2913 2105 3063 2159 ἐστιν
3093 2105 3274 2159 αὐτῶν
3314 2107 3348 2175 ή
3385 2106 3652 2175 διαφορά·
3679 2105 3733 2158 τὸ

2168 2200 2268 2270 μὲν
2295 2198 2403 2268 γάρ
2434 2200 2581 2249 ἐστιν
2609 2195 2791 2249 αὐτῶν
2825 2196 2990 2266 μέγα,
3024 2195 3086 2249 τὸ
3110 2195 3169 2249 δὲ
3206 2195 3417 2264 μεῖζον,
3454 2193 3517 2247 τὸ
3549 2196 3606 2247 δὲ
3647 2195 3732 2264 μὲ-

2165 2308 2351 2359 γιστον
2370 2305 2384 2320 °
2414 2289 2531 2343 ἀλλ’
2557 2287 2835 2357 ἀναγκαία
2865 2288 3044 2341 αὐτῶν
3066 2289 3101 2359 ἡ
3134 2287 3373 2350 σύνοδος.
3415 2288 3479 2339 '0
3516 2288 3615 2357 μὲν
3639 2288 3731 2355 γὰρ

2165 2383 2343 2452 λόγος,
2381 2380 2485 2436 κᾶν
2512 2381 2654 2451 ὑπὲρ
2680 2382 2809 2443 τοὺς
2841 2380 3121 2448 ποταμοὺς
3161 2379 3261 2451 ῥέῃ
3281 2420 3296 2442 ,
3325 2378 3446 2442 πῶς
3476 2379 3729 2446 κοσμήσει

2163 2473 2256 2526 τὸν
2306 2471 2381 2543 μὴ
2429 2471 2622 2542 ἔχοντα
2658 2470 2893 2541 ἀρετὴν,
2924 2468 3179 2539 καθάπερ
3225 2468 3429 2539 σῶμα;
3465 2468 3562 2539 Μὴ
3598 2468 3729 2531 ὖντος

2164 2563 2274 2635 γὰρ
2297 2563 2390 2619 τοῦ
2411 2563 2809 2634 κοσμουμένου,
2837 2563 2932 2615 καὶ
2958 2561 3021 2614 τὸ
3040 2560 3282 2632 κοσμοῦν
3310 2561 3591 2633 περιττόν.
3623 2560 3730 2623 Πῶς

2164 2656 2221 2709 δὲ
2251 2657 2352 2709 οὐκ
2400 2656 2612 2727 ἐνοχλεί
2638 2654 2740 2717 τὰς
2784 2653 2955 2715 ἀκοὰς
2983 2654 3069 2707 διὰ
3100 2654 3286 2724 φωνῆς
3332 2654 3503 2724 μόνης
3535 2652 3731 2723 φιλοσο-

2164 2748 2313 2818 φῶν;
2350 2748 2607 2819 ’Ἄμεινον
2638 2746 2747 2818 γὰρ
2783 2747 2942 2816 σῶμα
2980 2745 3126 2815 ἔχειν
3164 2747 3294 2801 ἄνευ
3324 2748 3556 2817 κόσμου,
3591 2748 3626 2818 ἢ
3648 2746 3727 2800 κό-

2165 2854 2302 2907 σμον
2332 2839 2460 2892 ἄνευ
2494 2837 2765 2908 σώματος.
2824 2836 2889 2889 Ἡ
2914 2835 2968 2890 δὲ
2994 2835 3166 2907 ἁρετὴ
3194 2835 3312 2899 πῶς
3332 2837 3437 2890 οὐκ
3470 2836 3625 2889 ἔσται
3654 2854 3730 2890 νε-

2164 2930 2308 2999 κρὰ,
2342 2930 2448 2983 ὑπὸ
2479 2931 2584 3000 τῆς
2637 2930 2874 2993 πίστεως
2920 2928 3174 3001 καθάπερ
3211 2928 3392 2999 ψυχῆς
3436 2928 3513 3000 μὴ
3549 2928 3730 2998 ψυχουο

2166 3024 2334 3094 μένη;
2366 3022 2490 3087 Πῶς
2523 3023 2580 3075 δὲ
2618 3024 2653 3094 ἡ
2679 3023 2861 3085 πίστις
2896 3023 3167 3090 φανεῖται,
3202 3020 3278 3091 μὴ
3306 3021 3509 3091 ἔχουσα
3544 3022 3729 3093 ἀρετὴν

487 3105 906 3171 διίωειυιι,ληὶεἱ
945 3105 1049 3160 ﬁde
1091 3106 1393 3161 animetur?
1444 3106 1606 3163 Fides
1656 3123 1841 3164 rursus
1880 3110 2055 3178 qualis

2164 3115 2223 3168 δι’
2262 3111 2331 3187 ἧς
2374 3116 2697 3185 ὲνεργήσει;
2745 3113 3013 3184 Καθάπερ
3047 3112 3156 3182 γὰρ
3207 3112 3470 3186 μουσικὸς
3520 3112 3727 3182 ἄριστος

488 3206 748 3266 appareat
779 3197 977 3251 virtute
1023 3197 1303 3261 destituta,
1337 3212 1434 3267 per
1471 3213 1633 3267 quam
1669 3200 1965 3270 operetur?
1992 3200 2060 3255 Ut

486 3291 631 3344 enim
665 3289 898 3358 optimus
955 3289 1196 3344 musicus
1255 3290 1428 3359 lyram
1464 3305 1572 3345 non
1621 3292 1848 3354 habens.
1888 3306 2062 3361 neque

438 3453 445 3460 _
486 3381 777 3437 scientiam
825 3381 1104 3436 exhibebit
1161 3398 1177 3435 :
1223 3381 1296 3435 ita
1336 3393 1392 3436 et
1426 3383 1596 3452 pietas
1644 3385 1761 3438 sine
1808 3386 2062 3453 operibus

485 3473 630 3545 (quae
656 3488 858 3539 organa
898 3475 1306 3543 repraesentem)
1333 3483 1543 3528 mortua
1575 3490 1693 3529 esse
1733 3485 1787 3530 et
1817 3474 2059 3530 inefﬁcax

486 3563 703 3618 videtur
735 3578 843 3617 non
875 3574 1119 3619 externae
1151 3565 1313 3618 modo
1346 3567 1586 3621 scientia:
1616 3567 1942 3633 hominibus,
1967 3570 2059 3623 sed

484 3664 537 3708 et
563 3654 733 3707 sacris
756 3654 920 3708 etiam
946 3654 1227 3711 Litteris:
1276 3675 1295 3707 ι
1336 3657 1495 3713 Fides
1548 3659 1720 3724 enim,
1770 3659 1845 3713 ait
1902 3661 2053 3715 Seri-

486 3756 663 3812 ptura,
691 3745 809 3798 sine
835 3746 1322 3813 operibusmortua
1345 3757 1448 3802 est.
1484 3767 1503 3800 ι
1528 3748 1850 3820 Quicunque
1879 3751 2060 3821 itaque

486 3838 697 3890 dicendi
722 3846 845 3891 sunt
877 3837 1133 3892 facultate
1160 3840 1396 3907 praediti,
1424 3857 1488 3894 ne
1515 3841 2055 3913 glorientur,quzeso,

491 3930 649 3999 quasi
687 3929 867 3997 adepti
898 3929 1009 3983 sint
1045 3930 1322 3985 universa.
1356 3931 1557 3987 Desunt
1606 3936 1749 3989 enim
1781 3952 1899 4005 quae
1931 3954 2061 4007 pra:-

489 4022 751 4076 stantiora
787 4029 933 4084 sunt,
967 4022 1140 4076 virtus
1196 4036 1259 4076 ac
1289 4023 1462 4091 pietas
1509 4023 1626 4096 [seu
1662 4026 1837 4099 ﬁdes].
1875 4026 2061 4095 Neque

486 4113 684 4165 virtute
704 4110 935 4179 praediti,
965 4110 1058 4165 sed
1089 4119 1335 4167 carentes
1370 4112 1581 4167 dicendi
1606 4118 1795 4185 peritia
1834 4133 1897 4171 ae
1935 4118 2056 4183 ﬁde,

494 4217 615 4258 sese
645 4201 893 4269 eﬁ‘erant,
912 4202 1037 4271 quia
1059 4201 1192 4257 ﬁdes
1212 4202 1363 4258 deest
1379 4213 1431 4257 et
1457 4206 1652 4261 oratio.
1672 4205 1856 4277 Neque
1881 4209 1969 4278 qui
1996 4208 2060 4263 li-

486 4296 605 4348 dem
638 4292 1127 4363 habent,operibus
1152 4308 1281 4349 vero
1301 4303 1355 4349 et
1381 4298 1625 4353 oratione
1646 4300 1883 4354 destituti
1907 4306 2056 4367 sunt,

2160 3207 2329 3277 λύραν
2363 3207 2437 3278 μὴ
2478 3206 2657 3277 ἔχων,
2704 3206 2825 3259 οὐδὲ
2868 3206 2968 3276 τὴν
3015 3205 3329 3276 ἐπιστήμην
3374 3205 3728 3269 ἐπιδείξεται,

2160 3300 2301 3353 οὕτω
2334 3300 2429 3353 καὶ
2456 3300 2488 3371 ἡ
2519 3299 2773 3352 ἐὐσέϐεια
2806 3299 2880 3369 μὴ
2905 3298 2972 3351 δι’
3006 3297 3187 3368 ἔργων
3216 3298 3473 3369 καθάπερ
3500 3299 3732 3369 ὀργάνων

2160 3388 2510 3458 δεικνυμένη,
2546 3387 2717 3459 νεκρὰ
2752 3388 2847 3441 καὶ
2878 3387 3245 3458 ἀνενέργητος
3293 3384 3435 3441 εἶναι
3477 3389 3643 3453 δοκεῖ,
3674 3388 3731 3442 οὐ

2160 3483 2273 3544 τοῖς
2310 3479 2509 3546 ἔξωθεν
2541 3479 2723 3550 μόνον,
2765 3479 2901 3533 ἀλλὰ
2941 3479 3038 3534 καὶ
3078 3482 3201 3543 ταῖς
3248 3478 3426 3543 θείαις
3463 3480 3730 3552 Γραφαῑςο

2171 3592 2189 3625 ι
2214 3574 2278 3625 Ἡ
2304 3573 2489 3635 πίστις
2515 3571 2645 3643 γὰρ,
2665 3572 2820 3641 φησὶ,
2837 3570 3007 3643 χωρὶς
3031 3570 3141 3624 τῶν
3161 3572 3344 3640 ἔργων
3358 3572 3532 3642 νεκρά
3563 3574 3724 3625 ἐστι.»

2158 3665 2304 3736 Μήτ’
2349 3658 2443 3718 οῦν
2481 3664 2533 3716 οἱ
2569 3663 2727 3731 λόγον
2762 3665 2924 3734 μόνον
2965 3662 3186 3733 ἔχοντες
3219 3664 3728 3735 ὲναϐρυνέσθωσαν,

2159 3757 2236 3821 ὼς
2283 3757 2341 3811 τὸ
2389 3759 2497 3811 πᾶν
2548 3755 3000 3827 κατορθώσαντες
3054 3756 3268 3825 (λείπει
3314 3756 3427 3828 γὰρ
3464 3756 3643 3819 αὐτοῖς
3670 3758 3732 3809 τὰ

2161 3847 2555 3918 προτιμότερα,
2603 3848 2772 3917 ἀρετή
2802 3863 2863 3899 τε
2903 3847 2996 3899 καὶ
3024 3845 3320 3915 εὐσέϐεια)·
3360 3846 3497 3917 μήτε
3534 3848 3732 3918 02:195—

2160 3937 2258 4007 τὴν
2284 3936 2497 4008 ἔχοντες
2526 3935 2656 3990 ἄνευ
2699 3936 2856 4005 λόγου
2881 3936 2975 3989 καὶ
3009 3936 3249 4000 πίστεως
3292 3936 3731 4006 σεμνυνέσθωσαν

2162 4030 2360 4100 (λείπει
2416 4031 2526 4099 γὰρ
2574 4029 2761 4092 αὐτοῖς
2811 4028 2970 4098 λόγος
3006 4046 3068 4083 τε
3100 4028 3197 4083 κα)⁵
3240 4029 3488 4099 πίστις)”
3515 4031 3652 4101 μήτε
3688 4031 3734 4084 οἱ

2162 4121 2349 4173 πίστιν
2373 4118 2609 4188 ἔχοντες,
2638 4119 2815 4189 ἔργων
2839 4119 2897 4171 δὲ
2930 4119 3025 4172 καὶ
3044 4118 3208 4187 λόγου
3239 4119 3588 4190 χηρεὺοντες,
3618 4121 3735 4183 τοὺς

2161 4212 2356 4275 ἄλλους
2390 4211 2875 4279 κατακρινέτωσαν
2910 4208 3251 4281 (ἐλέγχονται
3278 4210 3392 4281 γὰρ
3421 4212 3533 4274 τοῖς
3565 4210 3736 4280 {mox

2160 4302 2366 4373 ταύτην
2391 4302 2736 4374 ἀρνούμενοι)
2758 4318 2771 4332 ·
2807 4300 2945 4354 ἀλλὰ
2971 4300 3033 4355 τὸ
3058 4301 3246 4355 λεῖπον
3282 4301 3504 4355 ἕκαστοι
3539 4304 3735 4372 κτήσα-

486 4384 624 4451 alios
669 4393 873 4439 temere
932 4386 1316 4442 condemnent.
1368 4386 1855 4465 Deprehenduntur
1913 4391 2057 4445 enim

2166 4395 2291 4449 σθαι
2321 4393 2803 4458 σπουδαςέτωσαψ
2841 4394 2909 4447 ἶν’
2943 4392 3161 4464 ἔχοντες
3192 4393 3292 4465 τὴν
3325 4394 3425 4465 μὲν
3456 4392 3642 4446 πίστιν
3669 4391 3736 4453 ὡς

485 4471 741 4542 Operibus
779 4471 939 4527 ﬁdem
984 4485 1265 4543 negantes.
1315 4476 1432 4531 Sed
1462 4464 1844 4547 quae'desunt,
1873 4494 2059 4535 omnes

2164 4487 2364 4557 ψυχὴν,
2407 4486 2506 4558 τὴν
2549 4487 2606 4540 δὲ
2650 4487 2853 4559 ἀρετὴν
2889 4458 3196 4557 ὡςήσιῆμα,
3385 4486 3444 4539 δὲ
3474 4487 3641 4555 ,λόγον
3669 4484 3735 4547 ὡς

486 4563 712 4631 adipisci
735 4564 1011 4629 studeant,
1035 4577 1094 4619 ut
1111 4566 1268 4621 ﬁdem
1287 4568 1502 4636 quidem
1528 4571 1788 4626 habentes
1809 4582 2059 4641 tanquam

2164 4578 2592 4649 ἐγκαλλώπισμα
2613 4619 2628 4644 ,
2662 4578 2942 4632 κάνταῦθα
2979 4578 3216 4649 ἀοίδιμοι
3247 4579 3603 4650 τυγχάνοιεν,
3646 4579 3735 4631 κὰ-

489 4653 755 4716 animam,
785 4653 1040 4709 virtutem
1078 4670 1206 4712 vero
1231 4673 1330 4728 pro
1356 4674 1602 4728 corpore,
1622 4663 1919 4717 orationem
1956 4665 2066 4718 de-

487 4745 648 4813 nique
701 4745 1008 4800 ornamenti
1052 4750 1258 4816 gratia;
1306 4750 1385 4804 sic
1418 4754 1711 4806 venerandi
1756 4757 2063 4820 exsistant,

488 4837 541 4890 in
575 4836 863 4906 pretioque
886 4839 1054 4895 habiti
1084 4856 1148 4895 ac
1178 4844 1421 4898 coronati
1446 4846 1678 4916 denique
1707 4849 2061 4917 triumphent.

560 4988 604 5018 ³⁷
640 4985 739 5040 Job
766 4988 1116 5053 xxxvm,-38.

2159 4673 2308 4724 κεῖσε
2336 4670 2611 4741 εὐδόκιμοι
2636 4671 2731 4724 καὶ
2763 4672 3082 4739 στεφανῖται
3114 4670 3515 4741 πομπεύσειαν.

1577 5121 1811 5180 νΑιιιίΕ
1852 5124 2235 5186 LECTIONES
2269 5128 2357 5185 ET
2392 5132 2625 5191 NOTAE.

554 5276 667 5346 (l8)
707 5275 923 5348 Homeri
974 5276 1485 5348 loctts;est‘0dyss.
1527 5276 1615 5345 vi,
1665 5294 1718 5333 ν.
1757 5278 1881 5335 129.
1922 5282 2056 5337 Vide

479 5347 872 5417 Adagallomo
912 5348 1079 5400 bulla.
1121 5346 1219 5409 Et,
1271 5346 1473 5412 σκοπὸς
1501 5350 1528 5401 ὁ
1556 5349 1733 5417 λόγος.
1773 5349 1965 5405 Posset
2001 5362 2057 5406 et

480 5418 637 5480 τόκος
667 5416 769 5487 legi
814 5434 909 5487 pro
938 5428 1116 5485 partu.
1169 5417 1235 5471 Et
1275 5431 1395 5487 post
1436 5416 1637 5487 panln,’
1666 5420 1714 5470 εί
1761 5421 1857 5474 καί
1887 5438 2052 5485 τινες.

479 5487 643 5540 Forte
674 5483 1095 5557 eivatvscri‘ptnnt
1118 5498 1251 5541 erat.
1275 5483 1400 5542 ξιοὺί
1426 5483 1513 5542 hic
1542 5483 1817 5557 loeusjam
1844 5508 1873 5543 a
1899 5483 2056 5546 nobis

484 5569 732 5624 repertus
751 5566 831 5611 est
860 5558 911 5611 in
940 5556 1104 5623 LXX,
1132 5572 1250 5626 cap.
1281 5573 1514 5623 xxxvm,
1543 5573 1683 5613 vers.
1710 5556 1805 5624 7M,
1836 5576 1964 5622 non,
1998 5572 2054 5616 ut

485 5633 565 5701 ad
588 5643 738 5679 oram
775 5628 945 5701 Graeci
981 5628 1303 5701 appositum,
1338 5629 1437 5701 λθξ,
1466 5641 1562 5697 pro
1591 5645 1697 5701 quo
1724 5645 1923 5698 repone
1948 5632 2053 5701 λη’,

482 5698 568 5750 ubi
601 5714 694 5766 pro
716 5696 869 5768 χοῦν,
909 5697 1049 5768 quod
1081 5698 1168 5753 hic
1208 5696 1479 5765 occurrit,
1511 5699 1682 5768 πηλὸν
1713 5696 1910 5758 editur.
1952 5696 2054 5756 Pa-

2162 5285 2357 5362 gninus
2381 5300 2453 5362 es
2470 5286 2605 5341 lluh.
2636 5306 2650 5341 :
2685 5288 2861 5343 Venet
2882 5307 2936 5344 se
2962 5300 3101 5345 terra
3121 5293 3262 5345 sicut
3282 5292 3454 5345 lutum
3483 5284 3663 5362 signa.
3687 5300 3728 5344 et

2161 5356 2375 5431 stabunt
2406 5360 2546 5431 sicut
2582 5363 2966 5413 vestimentum.
3014 5362 3204 5415 Latina
3239 5363 3451 5431 vulgata
3490 5356 3573 5415 sic
3604 5381 3617 5415 :
3646 5362 3729 5414 Rc-

2162 5426 2411 5478 stituetur
2448 5440 2502 5480 ut
2529 5428 2701 5481 lutum
2732 5432 3092 5499 signaculum,
3124 5444 3176 5487 et
3210 5426 3375 5485 stabit
3416 5434 3554 5487 sicut
3592 5432 3727 5485 crsti-

2163 5508 2414 5569 mentum.
2451 5501 2518 5550 At
2555 5498 2809 5569 Septuag.
2836 5517 2901 5554 ex
2936 5501 3092 5554 Rom.
3126 5503 3260 5555 edit.
3291 5502 3463 5556 Flam.
3500 5502 3683 5555 [\‘obilit
3714 5516 3727 5551 :

2163 5566 2264 5638 ᾼιιι
2296 5575 2349 5616 tu
2384 5583 2591 5621 sumens
2630 5566 2833 5621 terram
2878 5571 3047 5624 lutum
3095 5571 3380 5638 plasmain
3427 5572 3646 5630 animal,
3688 5578 3727 5620 et

2162 5634 2405 5757 ibtloneum
2433 5639 2502 5689 ad
2531 5638 2846 5707 loquendum
2883 5634 3105 5710 posuisti
3136 5658 3253 5696 eum
3304 5659 3459 5712 super
3510 5639 3726 5697 terram!

2206 5720 2401 5757 ωιυττ.

2206 5720 2401 5759 CJIUTT.
