3906 6416
217 376 346 442 1421

389 479 392 482 ⁷
428 471 588 551 ΡΞΡ.
626 525 698 537 -
734 497 891 550 ΤυιΣ
925 494 1275 550 ΔοΜΕΤιυΥ
1307 496 1563 553 ΠΑιΣιΝ.

1235 378 1771 441 EPISTOLARUM
1810 380 1956 439 LIB.
1995 379 2062 441 V.
2102 404 2171 413 -
2200 378 2440 440 EPIST.
2474 381 2718 442 CLXIV.

1821 507 1870 562 Α

3343 380 3468 444 HQ?

2215 493 2443 550 CLXIII.
2472 526 2542 536 —
2566 492 2824 551 DOMITH
2867 493 3158 550 LIBERIS.

278 610 358 666 De
385 611 576 682 fratris
613 591 760 663 abitu
798 611 1072 680 redituque
1113 611 1354 689 adsitas.
1399 610 1537 664 Puto
1576 612 1796 680 fratrem
1823 608 1986 689 illum
2039 608 2623 689 Christianugtfuisse,
2663 620 2712 664 et
2758 626 2880 664 suos
2927 611 3195 680 religionis
3241 629 3404 665 causa

1097 682 1389 751 reliquisse,
1419 689 1556 752 quod
1595 699 1708 750 spes
1744 682 1892 733 nulla
1937 682 2265 732 convertendi
2295 680 2591 748 aﬁ‘ulgeret.

276 791 343 844 El
378 793 473 846 καὶ
502 793 531 846 ό
576 774 864 861 ἀδελφὸςό
906 791 1174 864 ὑμέτερος
1232 793 1332 863 μὲν
1381 792 1524 846 κατά
1577 793 1788 864 σάρκα,

203 881 478 953 ἡμέτερος
532 867 591 935 δὲ
646 881 789 936 κατά
835 882 1087 952 πνεῦμα,
1145 884 1326 954 ἀπῆρε
1390 883 1489 954 μὲν
1540 881 1792 935 ἐντεῦθεν

205 971 423 1042 πρώην,
467 972 544 1036 ὡς
575 973 772 1043 μηκέτι
803 974 1194 1042 ὲτιιφοιτήσων,
1229 976 1276 1026 εἰ
1309 974 1384 1045 μὴ
1414 975 1558 1044 ὑμᾶς
1598 973 1794 1044 θηρεύ-

207 1079 353 1114 σειεν
372 1076 388 1091 ·
422 1063 750 1132 ὲπεφοίτησε
775 1063 833 1115 δὲ
867 1062 1048 1128 πάλιν,
1086 1063 1160 1124 ὡς
1185 1063 1383 1134 μηκέτι
1409 1061 1789 1131 ὑποστρέψων,

203 1154 401 1224 ἐπειδὴ
438 1155 678 1226 ἀπέτυχε
728 1155 828 1223 τῆς
861 1154 1066 1226 θήραςο
1110 1154 1224 1206 ἀλλ’
1263 1154 1366 1207 ὑπὸ
1418 1153 1520 1224 τῆς
1568 1153 1792 1222 ἀγάπης

203 1245 695 1318 ἀναγκαζόμενος,
748 1245 870 1317 ἥξει
926 1245 1120 1312 πάλιν,
1181 1243 1466 1317 θηρεύσων
1525 1244 1671 1314 ὑμᾶς
1712 1233 1795 1306 είς

204 1335 378 1407 ζωήν.
1189 1413 1192 1416 Ι

617 1444 775 1498 ΡΞΔἎ
819 1474 890 1484 -
926 1443 1080 1496 ΤΟΙΣ
1111 1443 1380 1496 ΑΥΤΟίΣ.

1970 783 2082 837 Ειεί
2111 782 2286 836 frater
2327 785 2543 854 quidem
2569 848 2582 862 ο
2601 795 2780 840 vester
2805 789 3088 856 sanguine,
3126 791 3320 843 'noster
3349 805 3472 845 vero

1899 875 2115 944 spiritu,
2148 875 2362 930 ablatus
2394 877 2524 930 hinc
2555 876 2774 944 quidem
2803 894 2997 947 nuper,
3034 881 3188 948 quasi
3219 895 3325 935 non
3359 898 3460 934 am-

1897 967 2040 1038 plius
2068 967 2364 1034 rediturus,
2416 968 2523 1021 nisi
2575 977 2635 1021 ut
2673 983 2769 1023 vos
2799 979 3044 1037 quaerat;
3075 973 3306 1026 accessit
3346 987 3474 1027 vero

1899 1056 2097 1121 denuo,
2133 1064 2192 1108 ut
2248 1071 2355 1110 non
2391 1057 2625 1127 amplius
2680 1059 2950 1124 abiturus,
3000 1071 3193 1116 nactus
3236 1064 3474 1130 prazdam

1871 1139 1989 1200 seu
2013 1153 2320 1215 capturam,
2350 1147 2444 1200 sed
2468 1163 2496 1200 a
2530 1148 2803 1204 charitate
2840 1151 3124 1220 impulsus,
3155 1153 3338 1208 veniet
3370 1155 3473 1209 ite-

1891 1252 2010 1292 rum
2051 1253 2302 1310 quazrens
2328 1254 2422 1294 vos
2451 1241 2517 1295 ad
2548 1241 2737 1295 vitam.

2387 1438 2617 1494 CLXIV.
2646 1469 2718 1480 -
2745 1440 2976 1496 EIDEM.

204 1542 287 1594 ΑΛ
326 1541 570 1594 virtutem
605 1540 876 1593 colendam
916 1539 1143 1608 gentium
1185 1537 1368 1591 invitat
1408 1535 1675 1615 exemplis,
1701 1533 1826 1670 qtkia
1863 1528 2217 1669 ϐἒηίἷιῗαηαηι
2252 1537 2558 1600 respuebant
2595 1533 2913 1603 religionem.
2945 1533 3180 1605 (Confer.
3209 1541 3362 1606 epist.
3404 1541 3472 1593 92

1648 1621 1703 1657 ιη
1791 1620 1865 1665 η.,
1944 1617 1974 1651 ι.
2018 1639 2031 1652 .

1648 1621 1703 1657 m
1747 1617 1865 1665 nm,
1905 1617 2031 1652 κει.

277 1721 344 1772 Εἰ
401 1707 494 1772 καί
537 1717 685 1788 δῆλοι
725 1706 859 1770 πᾶσι
894 1715 1156 1785 γεγόνατε
1208 1713 1304 1767 καὶ
1336 1713 1562 1784 φανεροὶ
1593 1711 1782 1765 ἀποδι-

203 1811 540 1882 δράσκοντες
569 1809 668 1875 τὴν
703 1800 985 1877 θειοτάτην
1011 1805 1332 1877 θρησκείαν,
1364 1806 1432 1860 δι’
1467 1805 1656 1876 ἕτερον
1690 1804 1788 1875 μὲν

201 1905 359 1957 οὐδὲν
390 1901 726 1973 (ὲκθειάζετε
763 1899 872 1970 γὰρ
903 1900 1096 1969 αὐτὴν,
1132 1899 1208 1962 ὠς
1237 1897 1566 1969 ἐπυθόμην),
1605 1896 1696 1950 διά
1727 1895 1784 1949 δὲ

202 1997 268 2048 τὺ
319 1996 395 2065 μὴ
429 1991 715 2062 βούλεσθαι
764 1990 967 2062 ἀρετὴν
999 1991 1188 2044 ἀσκεῖν
1222 1989 1366 2057 (τοῖς
1400 1987 1508 2057 γὰρ
1557 2004 1790 2057 σωματι-

203 2089 327 2150 κοῖς
355 2085 585 2139 πάθεσιν
618 2082 1070 2152 ὲγκαλινδεῖσθαι,
1103 2080 1178 2144 ὥς
1219 2097 1374 2149 φασι,
1410 2075 1782 2151 προῄρησθε),

201 2175 347 2230 ἀλλά
396 2192 461 2244 γε
519 2172 621 2227 κᾶν
683 2174 781 2244 ὀψέ
841 2190 971 2226 ποτε
1004 2171 1204 2226 δίκαιοι
1252 2175 1318 2228 ἂν
1369 2172 1519 2242 εἴητε
1559 2169 1787 2232 ἑαυτοὺς

201 2271 437 2332 πεῖσαι,
503 2266 585 2319 ὅτι
639 2266 674 2335 ἡ
741 2266 840 2337 μὲν
897 2263 1066 2318 κακία
1120 2265 1382 2336 αἰσχύνην
1438 2263 1532 2317 καὶ
1587 2261 1789 2322 ὄνειδος

201 2361 304 2412 καὶ
360 2359 583 2413 κόλασιν
641 2357 784 2429 ἔχει,
837 2357 872 2428 ἡ
931 2356 988 2410 δὲ
1045 2357 1215 2428 ἀρετὴ
1271 2356 1434 2428 τιμὴν
1489 2355 1585 2409 καὶ
1630 2353 1789 2416 κλέος

203 2453 306 2505 καὶ
342 2451 659 2518 στεφάνους.
695 2448 805 2500 Καὶ
853 2447 903 2500 εἰ
943 2448 1052 2517 (19)
1106 2447 1299 2517 ἡδονὴν
1354 2445 1602 2517 νομίζετε
1643 2443 1787 2514 ἔχειν

200 2543 310 2614 τὴν
349 2541 568 2605 κακίαν,
621 2538 720 2610 τὴν
767 2539 813 2592 δ’
863 2526 1063 2610 ἀρετὴν
1115 2539 1312 2600 πόνους
1362 2537 1458 2590 καὶ
1515 2535 1783 2606 ἱδρῶταςο

201 2629 327 2684 ἀλλ’
361 2630 565 2682 ἐννοεῖν
605 2625 852 2696 ὀφείλετε
876 2665 890 2688 ,
923 2626 1004 2678 ὅτι
1037 2626 1070 2696 ἡ
1111 2625 1207 2696 μὲν
1245 2623 1404 2694 ἡδονὴ
1439 2623 1568 2694 πρὶν
1601 2623 1787 2692 σχεδὸν

203 2711 448 2790 φανῆναι
502 2717 823 2781 σϐέννυται,
866 2717 900 2786 ἡ
930 2716 974 2769 δ’
1023 2715 1190 2787 ἀρετὴ
1221 2716 1483 2769 ἀθάνατον
1528 2713 1645 2785 ἔχει
1687 2714 1786 2785 τὴν

201 2806 572 2880 εὐφροσύνην
603 2807 697 2859 καὶ
739 2803 904 2877 ἠμὲν
933 2807 1022 2860 διὰ
1049 2805 1309 2868 πλατείας
1338 2803 1434 2858 καὶ
1474 2804 1784 2875 εὐρυχώρου

204 2899 514 2970 βαδίζουσα
539 2898 659 2952 όδοῦ
685 2939 698 2964 ,
744 2899 826 2960 εἰς
858 2897 1041 2951 στενὸν
1070 2898 1162 2951 καὶ
1195 2895 1562 2963 ἀδιεξόδευτον
1605 2896 1785 2968 χῶρον

201 2994 475 3064 τελευτᾷ·
509 2994 542 3062 ἡ
577 2991 633 3045 δὲ
659 2991 745 3044 διὰ
783 2991 963 3044 πόνων
994 2991 1088 3043 καὶ
1129 2986 1366 3058 ἱδρώτων
1391 2985 1669 3052 ὁδεύουσα,
1706 2989 1786 3051 είς

203 3086 484 3156 εὐθυμίαν
531 3083 788 3137 πλατεῖαν
825 3082 1088 3152 καταντᾷ.
1137 3081 1201 3132 El
1233 3079 1290 3132 δὲ
1334 3080 1448 3141 τοῖς
1491 3079 1784 3148 ἡμετέροις

203 3179 520 3240 ἀπιστεῖτε,
552 3175 659 3229 ἀπὸ
683 3173 1099 3248 τῶνδύμετέρων
1133 3172 1276 3241 ὑμᾶς
1307 3172 1492 3222 πεῖσαι
1529 3170 1790 3240 πειράσο-

207 3286 338 3339 μαι.
373 3266 600 3320 Πλάτων
633 3265 732 3336 μὲν
754 3263 864 3335 γὰρ
903 3262 1274 3332 φιλοσοφήσας
1302 3259 1544 3328 ἀοίδιμος
1576 3259 1787 3326 γέγονε,

169 3347 496 3422 ΔΔιονύσιος
547 3357 603 3410 δὲ
646 3357 990 3428 τυραννήσας
1037 3352 1270 3423 ἐσϐέσθη
1294 3370 1308 3383 ·
1336 3350 1451 3403 καὶ
1492 3350 1792 3423 Σωκράτης

207 3455 318 3523 μὲν
358 3451 544 3523 ᾅδεται
565 3492 580 3518 ,
635 3448 926 3520 Ἀρχέλαος
961 3447 1019 3499 δὲ
1060 3449 1088 3500 ὁ
1120 3446 1376 3515 βασιλεὺς
1407 3445 1747 3516 σεσιώπηται
1773 3460 1787 3474 ο

205 3543 312 3596 καὶ
336 3542 514 3596 Σόλων
562 3540 661 3612 μὲν
710 3540 1029 3610 ἀνυμνεῖται
1052 3535 1067 3602 ,
1093 3531 1327 3609 Κροῖσος
1376 3538 1432 3592 δὲ
1487 3541 1515 3592 ό
1573 3539 1793 3591 πάντων

127 3636 138 3648 ⁸
207 3631 526 3702 ἀνθρώπων
565 3630 794 3700 νομίσας
836 3625 976 3682 εἶναι
1023 3629 1518 3701 εὐδαιμονέστερος,
1563 3628 1655 3682 καὶ
1685 3627 1793 3692 ζῶν

208 3723 385 3786 ἑάλω,
421 3722 518 3776 καὶ
562 3721 737 3792 πυρὸς
763 3721 921 3792 ἔργον
957 3719 1228 3791 Περσικοῦ
1259 3720 1452 3792 ἔμελλε
1480 3720 1786 3790 γίγνεσθαι.

168 3803 172 3814 ί
207 3815 280 3868 ΕΞ
313 3813 373 3867 δὲ
409 3811 632 3875 τούτους
657 3811 976 3880 φιλοσόφους
1000 3810 1240 3881 ἡγεῖσθε,
1275 3810 1390 3881 ἥξω
1422 3811 1518 3864 καὶ
1547 3811 1641 3864 ἐπὶ
1663 3811 1791 3873 τοὺς

171 3905 179 3910 ’
209 3903 734 3975 πολιτευσαμένους,
766 3905 860 3957 καὶ
891 3897 1374 3974 στρατηγήσαντας
1409 3902 1546 3972 μετά
1577 3902 1792 3972 φιλοσο-

209 3986 373 4067 φίας.
415 3989 827 4066 Ἐπαμινώνδας
852 3996 879 4048 ὁ
908 3993 1160 4065 Θηϐαίων
1199 3994 1525 4065 στρατηγὸς,
1553 3996 1580 4047 ό
1612 3995 1792 4049 Λακε-

208 4088 533 4161 δαιμονίους
572 4089 630 4140 ὲν
675 4086 972 4158 Λεύκτροις
1004 4087 1428 4157 χειρωσάμενος,
1471 4086 1531 4140 ἓν
1579 4087 1792 4157 ἱμάτιον

210 4183 386 4254 ἔχων,
423 4181 518 4235 καὶ
550 4180 641 4234 διὰ
671 4180 828 4234 τοῦτο
858 4182 938 4244 είς
971 4181 1267 4251 ἐκκλησίαν
1307 4179 1482 4234 ἐλθεῖν
1513 4179 1587 4251 μὴ
1630 4178 1792 4235 δυνά-

215 4291 412 4348 μενος,
453 4271 648 4343 ἐπειδὴ
691 4273 814 4326 κατ’
840 4271 1057 4342 ἐκείνην
1083 4271 1179 4343 τὴν
1211 4272 1423 4342 ἡμέραν
1458 4271 1792 4342 πλυνόμενον

210 4367 416 4436 ἔτυχε,
459 4365 556 4418 καὶ
599 4364 787 4438 ἕτερον
816 4363 1209 4436 περιϐαλέσθαι
1250 4364 1350 4417 οὐκ
1383 4359 1496 4434 εἶχε
1525 4403 1540 4428 ,
1571 4364 1790 4418 πάντων

1963 1708 2198 1763 Tametsi
2242 1708 2353 1763 ηοιί
2379 1724 2444 1764 ac
2480 1711 2652 1766 notati
2695 1713 2816 1768 sitis
2853 1715 2920 1769 ab
2954 1716 3225 1781 omnibus,
3257 1718 3335 1772 uti
3381 1735 3466 1772 τρο-

1893 1798 2163 1869 fugientes
2218 1811 2625 1857 sacrosanctam
2659 1804 2998 1874 religionem,
3031 1822 3093 1862 ac
3115 1809 3316 1862 nullam
3350 1815 3470 1879 qni-

1895 1893 2014 1947 dem
2047 1891 2208 1945 aliam
2261 1892 2330 1946 ob
2377 1909 2622 1959 causam,
2663 1905 2842 1949 tamen
2889 1898 3067 1953 colitis
3108 1901 3378 1963 eamdem,
3415 1915 3472 1954 ut

1895 1978 2026 2031 mihi
2063 1981 2378 2048 persuadeo.
2421 1983 2555 2048 Quia
2594 1998 2724 2038 vero
2753 1985 3006 2040 virtutem
3073 1989 3252 2044 colere
3287 1993 3468 2044 detre-

1895 2071 2054 2125 ctatis
2092 2071 2557 2140 (corporis'enim
2605 2074 2981 2132 affectionibus
3027 2079 3246 2145 involvi,
3282 2093 3341 2137 ut
3388 2084 3468 2137 fc-

1895 2175 2042 2228 runt,
2070 2162 2380 2235 elegistis),
2417 2175 2658 2222 attamen
2701 2183 2912 2238 aequum
2937 2171 3009 2225 sit
3053 2173 3206 2228 vobis
3252 2177 3466 2231 tandem

1865 2252 2185 2321 aliquando
2246 2257 2567 2324 persnasum
2613 2271 2759 2323 esse,
2794 2259 3194 2330 improbitatem
3247 2266 3467 2320 vitium-

1893 2358 1999 2412 que
2023 2345 2280 2413 consequi
2321 2346 2577 2415 pudorem
2603 2386 2618 2412 ,
2656 2343 2978 2406 dedecus'ac
3008 2368 3221 2422 ptenam
3249 2372 3263 2409 :
3293 2359 3467 2411 virtu-

1896 2443 2001 2488 tem
2032 2446 2219 2488 contra
2245 2435 2490 2491 comitari
2516 2437 2680 2492 decus
2710 2448 2872 2508 atque
2899 2455 3177 2497 coronam.
3210 2443 3467 2515 Volupta-

1895 2535 1998 2580 tem
2027 2527 2243 2596 quidem
2276 2541 2398 2582 esse
2438 2527 2672 2598 aliquam
2698 2529 2752 2584 in
2785 2543 3005 2599 peccato
3039 2534 3082 2588 si
3121 2535 3464 2601 existimatis,

1892 2626 2083 2673 contra
2125 2619 2338 2675 labores
2381 2621 2434 2675 in
2481 2623 2680 2676 virtute
2711 2635 2878 2694 atque
2919 2628 3168 2683 sudores.
3201 2629 3360 2701 603
3407 2632 3464 2685 lu

1892 2711 2135 2766 animum
2190 2721 2369 2766 tamen
2412 2713 2673 2782 inducite,
2724 2716 3138 2772 delectationem
3175 2721 3320 2775 illam
3373 2724 3464 2777 vix

1893 2816 2243 2874 conspectam
2275 2806 2456 2861 statim
2483 2807 2756 2876 exstingui
2803 2826 2817 2862 :
2857 2808 3030 2864 virtus
3064 2825 3190 2864 vero
3226 2813 3434 2868 oblecta

1895 2896 2096 2951 tionem
2128 2897 2289 2952 habet
2319 2900 2730 2968 sempiternam.
2764 2901 2856 2955 Illa
2881 2901 3099 2976 quidem
3125 2903 3208 2957 via
3239 2903 3347 2959 lata
3385 2917 3468 2958 est

1893 3004 1960 3042 ac
1987 2989 2248 3058 spatiosa,
2282 2991 2333 3043 in
2378 2999 2662 3060 angustam
2704 3000 2866 3060 atque
2912 2991 3346 3063 inexplicabilem
3372 2997 3466 3051 de-

1893 3081 2076 3136 sinens
2106 3082 2380 3153 regionem
2412 3101 2426 3137 :
2453 3084 2567 3137 haec
2602 3099 2729 3139 vero
2751 3084 2948 3140 laboris
2975 3099 3038 3141 ac
3064 3088 3276 3144 sudoris
3310 3089 3468 3160 plena

1893 3173 1947 3227 iu
1984 3172 2216 3242 amplam
2278 3175 2456 3228 fertur
2487 3175 2657 3230 animi
2706 3178 3182 3246 tranquillitatem.
3232 3182 3383 3248 Quod
3419 3188 3465 3239 si

1859 3265 2094 3344 nostris
2135 3262 2296 3318 fidem
2340 3262 2601 3322 adhibere
2634 3269 2923 3334 recusatis,
2965 3273 3205 3326 conabor
3245 3289 3468 3344 persna-

1893 3355 2020 3408 dere
2059 3353 2111 3407 id
2143 3353 2299 3428 vobis
2335 3354 2646 3410 testimonio
2678 3366 2962 3410 auctorum
2997 3355 3266 3417 veterum.
3313 3359 3467 3413 Plato

1893 3443 2110 3513 quidem
2143 3443 2375 3499 celebris
2407 3459 2437 3498 a
2459 3445 2804 3516 philosophia
2835 3449 3024 3502 evasit.
3060 3449 3131 3502 At
3179 3450 3468 3522 Dionysius

1892 3535 2054 3590 etiam
2095 3552 2262 3605 regno
2292 3537 2674 3593 administrate
2705 3541 2968 3595 memoria
3007 3541 3230 3598 excidit.
3270 3542 3470 3600 Socra-

1894 3635 1974 3681 tes
2000 3627 2216 3697 quidem
2255 3629 2595 3683 decantatur.
2648 3627 2952 3686 Archelaus
3012 3648 3107 3688 rex
3154 3647 3344 3689 contra
3394 3639 3469 3690 si-

1892 3718 2060 3775 lentio
2096 3721 2397 3790 premitur;
2446 3720 2611 3776 Solon
2653 3721 3019 3791 praedicatur;
3060 3717 3282 3782 Crtesus
3317 3743 3468 3795 vero,

1893 3813 1982 3880 qui
2034 3826 2092 3866 se
2123 3812 2365 3866 omnium
2407 3825 2531 3866 esse
2575 3813 2884 3866 mortalium
2932 3814 3302 3871 felicissimum
3354 3821 3470 3889 Opi-

1895 3900 2145 3971 nabatur,
2185 3903 2339 3958 vivus
2376 3911 2568 3973 captus
2607 3914 2712 3969 est,
2745 3914 2800 3958 et
2848 3905 2958 3974 igni
3001 3903 3222 3963 Persico
3259 3918 3466 3964 tantum

1893 4012 1999 4051 non
2027 3990 2477 4051 combustusest.
2518 3995 2677 4052 Tales
2721 4009 2902 4052 autem
2939 3992 3288 4070 philosOphos
3337 4003 3474 4057 dun-

1895 4098 2062 4154 taxat,
2078 4099 2134 4142 ut
2155 4087 2420 4168 asseritis,
2438 4085 2606 4144 fuisse
2628 4089 2875 4160 equidem
2899 4104 3003 4144 non
3026 4092 3212 4146 iverim
3239 4094 3469 4150 inﬁcias.

1893 4180 1999 4236 Sed
2031 4188 2082 4234 et
2111 4179 2504 4246 rempublicam
2540 4182 3026 4250 administrante-5;
3057 4193 3257 4253 etpost
3292 4188 3472 4256 philo-

1893 4267 2142 4336 sophiam
2170 4268 2448 4321 exercitus
2471 4267 2734 4324 ducentes
2779 4270 3033 4326 referam.
3074 4271 3472 4342 Epaminondas

1894 4361 2279 4415 Thebanorum
2316 4359 2447 4426 dux,
2478 4361 2569 4429 qui
2623 4359 3066 4420 Lacedaemonios
3106 4383 3280 4437 pugna
3317 4368 3474 4424 Leu-

209 4459 330 4512 τῶν
359 4455 648 4528 Περσικῶν
673 4456 939 4526 βασιλέων
959 4455 1355 4526 ἐπισημότερος
1375 4455 1619 4524 γέγονεν.
1648 4455 1790 4525 Ἀρι·
1816 4465 1828 4520 ]

1895 4455 2060 4508 clrica
2092 4451 2327 4520 subegit,
2363 4466 2468 4506 una
2491 4463 2780 4508 contentus
2811 4465 2990 4518 veste,
3028 4471 3150 4510 cum
3200 4459 3471 4528 quondam

199 4541 441 4620 ’στείδης
463 4549 522 4602 δὲ
555 4547 792 4618 τοσαύτῃ
825 4547 986 4618 πενίᾳ
1011 4545 1354 4622 ρυμϐιώσας,
1385 4545 1462 4610 ὡς
1487 4546 1589 4617 τὴν
1633 4545 1791 4616 Ἀθη-

209 4643 390 4696 ναίων
423 4638 580 4693 πόλιν
620 4638 784 4692 αὑτὸν
838 4638 935 4708 μὲν
981 4637 1149 4708 θάψαι
1196 4637 1536 4691 ἀποθανόντα
1561 4677 1576 4702 ,
1604 4636 1703 4701 τὰς
1735 4637 1792 4690 δὲ

209 4731 530 4803 θυγατέρας
575 4729 742 4784 αὑτοῦ
797 4729 1158 4801 προικίσασαν
1204 4729 1462 4802 ἀνδράσιν
1507 4729 1790 4796 ἐκδοῦναι,

211 4829 446 4881 πάντων
481 4823 708 4878 ἐκείνων
741 4821 849 4876 τῶν
885 4821 1016 4892 περὶ
1050 4821 1287 4874 Καλλίαν
1329 4820 1421 4874 τὸν
1449 4819 1794 4875 λακκόπλου-

207 4935 308 4970 τον
341 4916 479 4988 (20),
514 4916 611 4970 καὶ
650 4913 1016 4984 Ἀλκιϐιάδην,
1039 4913 1148 4966 τῶν
1173 4913 1270 4966 καὶ
1293 4911 1508 4984 πλούτῳ
1533 4913 1626 4966 καὶ
1642 4913 1790 4982 γένει

212 5008 318 5061 καὶ
333 5006 622 5077 δυναστείᾳ
639 5004 1003 5076 κρατούντων,
1025 5004 1402 5075 λαμπρότερος
1413 4999 1502 5075 ἦν.
1513 5003 1768 5058 Αίδεσθέν
1781 5033 1799 5046 ο

210 5119 315 5165 τες
354 5097 536 5152 τοίνυν
564 5097 669 5151 κᾶν
703 5095 739 5150 ἃ.
783 5094 1120 5166 πρεσϐεύετε
1144 5136 1159 5160 ,
1196 5094 1516 5148 ἀσπάσασθε
1541 5094 1640 5166 τὴν
1666 5096 1798 5163 ἀρε-

217 5191 353 5260 τὴν,
385 5189 454 5242 δι’
483 5185 552 5260 ἦς
584 5187 785 5260 ῥᾳδίως
815 5190 910 5240 καὶ
942 5186 1034 5240 ἐπὶ
1062 5185 1161 5258 τὴν
1191 5185 1474 5256 θειοτάτην
1504 5185 1797 5258 θρησκείαν

217 5282 520 5356 βαδιεῖσθε.

1889 4547 1944 4601 in
1982 4544 2202 4600 comitia
2235 4545 2436 4599 venire
2471 4560 2577 4599 non
2623 4559 2832 4615 posset,
2877 4549 3018 4617 quod
3064 4548 3152 4602 illa
3198 4549 3475 4608 lavaretur

1889 4637 2157 4707 aliamque
2211 4647 2415 4691 vestem
2471 4651 2578 4691 non
2624 4636 2881 4702 haberet,
2935 4637 3164 4694 Persicis
3205 4643 3458 4698 omnibus

1889 4729 2110 4799 regibus
2160 4728 2358 4783 clarior
2416 4737 2501 4782 est
2545 4727 2793 4782 habitus.”
2838 4729 3129 4788 Aristides
3157 4733 3293 4788 adeo
3335 4751 3472 4805 pau-

1892 4834 1989 4889 per
2018 4818 2175 4881 vixit,
2203 4828 2264 4872 ut
2309 4818 2484 4887 ipsum
2514 4816 2624 4870 vita
2674 4816 2918 4872 functum
2971 4819 3331 4879 Athenienses
3382 4823 3493 4882 se?

1894 4910 2086 4980 pelire,
2125 4910 2369 4979 ﬁliasque
2413 4909 2625 4978 publice
2674 4911 2889 4966 dotatas
2938 4911 3069 4966 viris
3111 4911 3327 4970 elocare
3372 4919 3470 4972 de-

1893 5002 2131 5057 buerint.
2169 5000 2344 5066 Quid?
2407 4999 2606 5055 Callias
2646 5001 2920 5055 thesauris
2969 5001 3351 5072 locupletatus,
3417 5019 3474 5063 et

1893 5090 2205 5146 Alcibiades
2239 5089 2469 5156 divitiis,
2513 5096 2733 5158 genere,
2777 5101 2832 5144 et
2881 5092 3114 5160 imperio
3159 5097 3472 5161 potentibus

1891 5184 2307 5238 autecellebant.
2363 5181 2544 5248 Quare
2592 5198 2689 5238 vos
2742 5186 2947 5254 pudore
2995 5184 3174 5242 affecti
3225 5202 3468 5256 quamam

1893 5275 2194 5344 profertis?
2248 5276 2505 5331 virtutem
2553 5277 2738 5346 itaque
2767 5277 3229 5348 complectamini,
3283 5292 3338 5336 et
3394 5285 3458 5336 ad

1892 5367 2132 5422 divinam
2158 5366 2474 5436 religionem
2507 5370 2751 5424 accedite

1308 5499 1543 5556 VARl/E
1586 5497 1963 5555 LECTIONES
2001 5498 2091 5554 ET
2129 5496 2360 5554 NOTIE.

219 5658 408 5779 Mli?)
443 5659 549 5712 Pro
575 5658 672 5712 καὶ
693 5660 742 5711 εἰ
767 5657 926 5714 codd.
967 5659 1088 5714 Vat.
1111 5657 1214 5713 650
1243 5665 1297 5712 et
1319 5656 1429 5712 All.
1457 5655 1656 5711 habent
1677 5655 1793 5709 ἀλλ’

219 5747 284 5779 Ἰἶο
311 5767 324 5779 .
402 5744 570 5779 οεκικ.

213 5744 338 5799 rp.
361 5744 570 5783 I’OSSIN.

293 5798 408 5868 (20)
443 5781 1086 5870 Aaxxdrtlovtonddag.
1114 5781 1400 5871 Hesychia,
1421 5809 1471 5854 et
1515 5795 1792 5854 Plutarch.

1901 5654 2407 5736 iAIIMAl'iS_lide,hAt3¢
2457 5657 2519 5710 τὸ
2570 5663 2882 5730 περιτυχεῖν
2931 5662 3116 5734 χρυσῴ
3163 5665 3242 5727 είς
3293 5664 3468 5736 φρέαρ

1904 5725 2138 5795 βεϐλημέ
2147 5743 2237 5796 νῳ.
2270 5726 2506 5782 δειιοττ.
