3906 6416
473 294 608 364 1423

715 408 920 467 CLXV.
949 442 1016 453 -—
1056 412 1404 472 IAMPETIO
1443 413 1797 472 EPISCOPO.

1674 303 1731 362 S.
1773 303 2067 365 ISIDORI
2102 302 2541 366 P'ELUSIOT/E

3587 300 3719 367 “2t

2415 419 2582 473 PEE'.
2624 450 2693 460 -
2723 375 3082 489 Amoene
3113 417 3482 491 ΕΠΙΣΚΟΙΙῼ.

469 521 586 577 Etsi
627 523 679 578 in
715 521 929 580 Zasimo
987 527 1318 582 admonendo
1364 543 1578 596 operam
1614 530 1932 666 ρενάὶἱίὲνὶι,
1987 529 2212 654 (alio???)
2242 537 2428 669 ιηῗὲιῖ
2465 530 2747 584 mercedem
2800 530 2942 599 apud
2980 529 3150 585 Deum
3217 531 3505 599 repositam
3559 530 3704 584 habet

1841 612 2084 668 up.eptst.
2219 639 2235 666 ,
2387 637 2402 653 .

1841 612 2084 668 up.eptst.
2115 612 2235 666 ιυῧ,
2279 612 2402 655 116.

542 701 826 769 Quamvis,
849 713 909 756 ut
933 704 1170 772 optimus
1201 704 1446 759 medicus
1477 705 1530 758 in
1559 704 1739 762 alieno
1767 705 1908 760 malo
1943 706 2053 760 vei-

472 804 530 848 ut
563 811 626 848 ex
660 795 876 864 propria
919 795 1236 864 aegritudine
1283 795 1513 849 I'mctum
1553 798 1875 864 percipiens,
1903 798 2055 853 dolo-

471 903 562 942 res
597 888 662 940 ad
701 889 1075 941 lassitudinem
1128 888 1429 953 desudasti,
1461 887 1658 942 Zosimi
1694 899 1886 943 curatu
1920 905 2052 944 sane

472 981 848 1050 perdifﬁcilem
885 982 1132 1034 morbum
1171 997 1278 1036 non
1318 981 1476 1036 modo
1520 981 1830 1049 explorans,
1873 982 1970 1036 sed
1997 991 2052 1036 et

472 1073 581 1143 igni
621 1083 675 1126 et
707 1071 852 1126 ferro
903 1073 1140 1126 adurens
1196 1071 1728 1142 admonitionemque
1756 1074 2046 1138 adhibens,

468 1173 526 1218 et
560 1163 726 1218 multa
767 1164 986 1234 quidem
1025 1167 1090 1219 ad
1122 1167 1378 1235 pietatem
1409 1167 1720 1236 singulatim
1745 1167 2044 1233 inculcatis,

470 1256 637 1310 multa
668 1272 884 1327 quoque
932 1258 1165 1326 benigna
1224 1274 1288 1312 ac
1332 1259 1594 1314 salutaria
1627 1258 1882 1323 suadens,
1919 1259 2053 1312 nihil

469 1359 665 1417 praeter
696 1350 1005 1404 irrisiouem
1057 1360 1113 1404 et
1162 1351 1346 1404 odium
1402 1350 1472 1405 ab
1503 1350 1595 1404 illo
1651 1350 1925 1416 retuleris,
1962 1366 2053 1416 ne,

469 1452 676 1506 quasso,
709 1440 859 1508 parvi
901 1440 1162 1506 restitues,
1188 1440 1284 1494 sed
1316 1440 1632 1493 memineris
1659 1441 1838 1508 potius
1876 1442 2050 1496 maxi-

471 1545 616 1583 mam
648 1540 699 1584 te
721 1532 862 1600 apud
891 1530 1064 1586 Deum
1103 1545 1324 1586 manere
1352 1532 1680 1587 mercedem.

733 1640 964 1699 CLXVI.
1001 1671 1071 1682 —
1109 1641 1385 1698 lSIDORO
1419 1640 1774 1700 EPISCOPO.

2227 710 2291 763 Εί
2315 710 2411 763 καὶ
2449 709 2526 772 ὡς
2557 709 2780 780 ἀριστος
2832 708 3054 780 ἰατρὸς,
3102 708 3161 762 ἐν
3193 707 3503 779 ἀλλοτρίοις
3545 669 3758 774 κακοῖς⁹

2159 801 2294 864 ίδίας
2329 800 2714 872 καρπούμενος
2764 799 2962 866 λύπας,
2999 799 3289 870 ἀπέκαμες
3317 839 3332 864 ,
3385 799 3446 852 τὸ
3477 799 3727 853 δυσίατον
3775 800 3778 803 ’

2156 893 2406 963 Ζωσίμου
2430 892 2664 964 νόσημα,
2703 891 2778 964 μὴ
2815 892 2972 962 μόνον
3003 891 3282 944 κατανοῶν
3309 890 3612 960 (ἰυίάλλά
3638 894 3730 945 καὶ

2155 986 2492 1053 κατακαίων,
2528 986 2663 1057 πυρί
2692 1003 2751 1039 τε
2788 987 2880 1038 καὶ
2915 985 3130 1056 σιδήρῳ
3163 984 3240 1054 τῷ
3275 983 3364 1038 διά
3398 984 3576 1052 λόγων
3601 985 3735 1056 χρώ·

2159 1092 2316 1145 μενος
2337 1093 2350 1106 ·
2382 1077 2479 1129 καὶ
2512 1076 2684 1128 πολλὰ
2721 1076 2822 1146 μὲν
2852 1077 2990 1147 πρὸς
3019 1075 3118 1146 τὴν
3149 1075 3407 1128 ἀσέϐειαν
3449 1075 3734 1145 ἀποτομώ-

2153 1184 2293 1220 τατα
2326 1168 2542 1237 φράσας
2564 1208 2577 1233 ,
2619 1167 2791 1220 πολλά
2821 1167 2878 1220 δὲ
2907 1166 3156 1239 προσηνῆ
3187 1167 3282 1219 καὶ
3316 1167 3566 1239 σωτήρια
3598 1184 3735 1238 συμ-

2153 1255 2482 1321 δουλεύσας,
2517 1256 2671 1309 οὐδὲν
2723 1255 2818 1310 τοῦ
2879 1255 3247 1326 χλευασθῆναι
3295 1257 3393 1309 καὶ
3439 1256 3734 1328 μισηθῆναι

2153 1350 2284 1419 παρ’
2319 1347 2486 1402 αὑτοῦ
2521 1349 2683 1402 πλέον
2710 1348 3012 1418 ἀπηνέγκω
3034 1365 3050 1380 ο
3091 1349 3170 1420 μὴ
3207 1348 3578 1420 ὀλιγωρήσῃς,
3619 1348 3731 1402 ἀλλ’

2155 1439 2266 1493 ῐσθι
2297 1439 2452 1510 παρά
2472 1439 2568 1494 τοῦ
2595 1439 2731 1493 Θεοῦ
2769 1441 3034 1509 μεγίστας
3063 1441 3200 1507 ἕξων
3236 1440 3339 1504 τὰς
3365 1440 3633 1512 ἀμοιϐάς.

2449 1641 2636 1710 ΡΞςῖν.
2666 1670 2738 1684 --
2774 1640 3035 1714 ιΣΙΔΩΡῼ
3061 1641 3434 1716 ΕΠΙΣΚΟΠῼ.

838 1785 847 1795 .
1187 1737 1257 1791 1η
1297 1747 1590 1808 martyrum
1625 1738 1984 1809 persecutione
2021 1736 2233 1792 irritum
2262 1753 2372 1792 esse
2397 1753 2726 1806 paganorum
2754 1744 3020 1790 conatum.

545 1827 656 1882 Etsi
690 1826 1019 1881 nefariorum
1054 1828 1491 1883 cacodaemouum
1537 1839 1593 1884 et
1639 1829 2054 1885 simulacrorum

2231 1829 2296 1882 Ei
2330 1829 2427 1882 καὶ
2465 1829 2514 1880 oi
2543 1827 2654 1882 τῶν
2707 1827 2980 1895 δαιμόνων
3017 1825 3126 1879 τῶν
3161 1829 3440 1900 πονηρῶν,
3490 1829 3584 1883 καὶ
3631 1829 3739 1882 τῶν

474 1934 671 1974 sensus
696 1920 875 1973 omnis
908 1919 1210 1989 expertium
1259 1917 1495 1974 cultores
1533 1934 1597 1974 ea
1628 1919 1681 1974 in
1705 1920 1854 1976 verbi
1884 1918 2052 1973 divini

475 2027 752 2080 praecones
785 2021 1050 2065 tormenta
1078 2011 1477 2080 excogitarunt,
1507 2027 1626 2081 qua:
1658 2026 1832 2080 neque
1871 2011 2054 2066 verbis

475 2102 707 2171 proferri
737 2111 959 2172 queant,
1000 2115 1176 2172 neque
1222 2101 1426 2171 reipsa,
1449 2102 1646 2172 quibus
1677 2103 1950 2172 perterriti
1983 2100 2054 2156 ab

474 2195 780 2247 orthodoxa
841 2193 1100 2263 opinione
1156 2191 1530 2257 deﬂectereut,
1583 2194 1694 2248 sint
1741 2193 2053 2261 toleranda;

470 2286 639 2358 604
706 2295 944 2339 attamen
999 2288 1182 2340 omnia
1234 2286 1350 2340 haec
1403 2297 1734 2356 superarunt
1790 2295 2059 2356 martyres

473 2391 638 2448 atque
660 2387 988 2443 evaserunt,
1053 2384 1239 2445 utpote
1285 2375 1352 2430 ad
1400 2380 1728 2431 certantium
1776 2375 2055 2428 victoriam

472 2470 834 2526 illustriorem
868 2457 1224 2535 reddendam,
1255 2477 1310 2523 et
1333 2468 1400 2524 ad
1426 2468 1664 2538 ipsorum
1688 2467 2056 2537 torquentium

472 2565 771 2636 perniciem
800 2564 981 2634 potius
1005 2563 1305 2618 destinata.

682 2652 937 2710 CLXVII.
960 2683 1030 2694 —
1065 2651 1331 2708 Ι)ιυῖΜο
1355 2650 1842 2706 PRESBYTEIIO.

2154 1920 2388 1973 εἰδώλων
2415 1919 2525 1972 τῶν
2544 1920 2818 1989 ἀκινήτων
2842 1921 3234 1988 προσκυνηταὶ,
3261 1919 3387 1974 οὔτε
3410 1921 3555 1992 λόγῳ
3579 1921 3734 1992 ρητά,

2155 2011 2280 2064 οὒτε
2309 2011 2455 2082 ἔργῳ
2495 2011 2739 2081 φορητὰ,
2773 2010 2914 2064 κατά
2946 2011 3053 2064 τῶν
3084 2012 3144 2064 τὸ
3170 2013 3313 2066 θεῖον
3349 2013 3728 2083 κηρυττόντων

2155 2101 2419 2172 κήρυγμα
2445 2099 2746 2168 ἐπενόησαν
2775 2098 3189 2170 βασανιστήρια,
3222 2100 3297 2162 ὡς
3326 2099 3504 2170 ταύτῃ
3541 2099 3734 2160 αὐτοὺς

2157 2190 2631 2260 καταπλήξοντες,
2667 2189 2763 2243 καὶ
2816 2189 2909 2242 τοῦ
2938 2190 3099 2260 ὀρθοῦ
3153 2191 3508 2261 φρονήματος
3541 2191 3736 2257 sueti;-

2158 2297 2370 2345 σοντες·
2398 2281 2536 2335 ἀλλά
2564 2298 2629 2350 γε
2656 2282 2835 2336 πάντα
2866 2283 3051 2345 αὐτοῖς
3087 2283 3252 2345 ἑάλω,
3286 2283 3380 2335 καὶ
3421 2281 3604 2335 πάντα
3634 2282 3736 2333 ὑπ·

2157 2371 2377 2440 έκυψεν,
2405 2370 2596 2442 ὥσπερ
2626 2372 2708 2434 είς
2729 2371 2828 2443 τὴν
2853 2373 2963 2424 τῶν
2998 2371 3424 2442 πολεμηθέντων
3460 2371 3622 2440 νίκην
3653 2371 3736 2422 εὐ-

2157 2464 2488 2534 κλεεστέραν
2515 2503 2530 2527 ,
2591 2465 2686 2516 καὶ
2736 2466 2815 2526 εἰς
2859 2464 2952 2517 τὸν
3003 2464 3113 2517 τῶν
3157 2464 3735 2534 παρασκευασαμένων

2153 2555 2376 2626 ὄλεθρον
2403 2556 2852 2627 εὐτρεπισθέντα.

2406 2649 2573 2702 ΡΞΖ’.
2609 2680 2681 2688 -
2705 2649 2963 2719 ΔΙΔΥΜῼ
3000 2647 3478 2719 ΠΡΕΣΒΥΤΕΡῼ.

473 2745 714 2801 Primum
741 2755 814 2802 est
841 2747 1063 2813 vincere,
1096 2761 1188 2801 nec
1225 2761 1454 2815 unquam
1485 2746 1756 2814 superari;
1783 2743 2237 2815 proximum,_etsi
2277 2741 2432 2815 initio
2471 2742 2875 2815 superatus__s_i_t,_
2906 2742 3129 2794 vincere.
3177 2739 3237 2794 Si
3275 2742 3505 2809 primum
3536 2739 3733 2807 assequi

1315 2809 1558 2886 nequeat,
1598 2809 1909 2870 studendum
1936 2813 2231 2880 posteriori.
2267 2809 2505 2882 (Canter.
2547 2812 2699 2880 epist.
2734 2810 2885 2880 554.)

541 2926 798 2992 Praestat,
822 2941 855 2980 ο
885 2924 1316 2996 sapientissime,
1341 2939 1531 2994 puram
1564 2938 1594 2978 a
1623 2923 1778 2978 clade
1804 2921 2047 2977 nancisci

469 3019 779 3081 victoriam,
810 3031 972 3086 quam
1007 3016 1095 3069 uhi
1132 3016 1208 3070 sis
1233 3015 1407 3069 victus
1439 3014 1662 3069 victoria
1694 3013 1877 3083 potiri.
1915 3011 2048 3066 Illud

2226 2919 2414 2990 Πολλῷ
2462 2920 2561 2990 μὲν
2618 2921 2890 2991 κρεῖττον,
2937 2911 2983 2972 ὧ
3027 2917 3332 2988 σοφώτατε,
3378 2918 3440 2973 τὸ
3483 2919 3732 2988 καθαρὰν

2154 3012 2327 3083 ἥττης
2355 3011 2503 3082 ἔχειν
2534 3011 2632 3082 τὴν
2668 3012 2844 3082 νίκην,
2876 3011 2970 3064 τοῦ
3005 3013 3143 3082 μετὰ
3175 3011 3276 3080 τὴν
3297 3007 3466 3085 ἧτταν
3490 3013 3729 3082 νικῆσαι.

469 3110 615 3165 enim
643 3108 770 3161 licet
802 3107 895 3161 lini
928 3107 1219 3169 cohaereat,
1251 3113 1489 3160 attamen
1525 3105 1851 3175 principium
1887 3104 2050 3158 habet

2159 3103 2229 3156 Τὸ
2261 3103 2360 3175 μὲν
2401 3105 2512 3175 γὰρ
2551 3104 2601 3156 εί
2627 3103 2722 3157 καὶ
2753 3104 2832 3174 τῷ
2869 3102 3015 3156 τέλει
3058 3103 3426 3167 συνάπτεται,
3458 3103 3580 3157 ἀλλ’
3622 3103 3731 3172 ἔχει

468 3213 720 3270 praacone
755 3198 1014 3267 dignum;
1047 3200 1165 3252 haec
1194 3212 1325 3253 vero
1362 3196 1492 3251 licet
1539 3198 1591 3250 in
1636 3197 1740 3250 [ine
1781 3196 2048 3265 obtingat,

473 3301 653 3347 tamen
683 3291 838 3344 clade
861 3290 929 3342 ab
967 3287 1121 3342 initio
1149 3295 1365 3356 accepta
1397 3286 1741 3340 obscuratur.
1769 3283 1928 3340 Prius
1955 3285 2052 3339 ita-

468 3398 575 3454 que
614 3383 746 3438 illud
795 3379 989 3434 melius
1024 3388 1129 3443 est,
1165 3378 1212 3434 si
1252 3393 1384 3432 vero
1430 3376 1697 3448 effugerit,
1749 3376 2046 3431 secundant

468 3477 543 3531 sit
572 3483 899 3543 maneatque
924 3471 1243 3527 secundum.
1277 3468 1468 3524 Melius
1511 3480 1594 3525 est
1624 3470 1768 3522 enim
1795 3468 2046 3538 praelium

476 3575 787 3630 maturare,
842 3579 1005 3634 quam
1055 3562 1110 3617 in
1162 3560 1416 3615 conﬂictu
1467 3559 1809 3615 occumbere.
1860 3558 2047 3628 Neque

467 3666 680 3712 tantum
701 3672 730 3710 a
753 3655 936 3727 priore
958 3653 1222 3717 vincitur,
1238 3663 1498 3721 quantum
1517 3652 1584 3706 ab
1610 3651 1802 3705 ultimo
1819 3667 2049 3723 supera-

473 3759 584 3804 tur.
619 3747 734 3803 Iloc
766 3748 932 3816 igitur
979 3746 1139 3810 satis,
1181 3746 1282 3799 etsi
1321 3759 1427 3798 non
1477 3753 1538 3798 ut
1578 3743 1833 3814 primum,
1867 3743 2053 3797 lauda-

474 3847 564 3893 tur
592 3848 803 3892 tamen.
837 3838 930 3893 Ille
964 3851 1092 3892 vero
1125 3834 1388 3890 ridiculus
1427 3843 1532 3899 est,
1579 3841 1634 3889 et
1684 3833 1937 3890 omnibus
1968 3849 2055 3889 re-

469 3925 841 3995 prehendendi
874 3939 995 3980 sese
1029 3925 1310 3978 materiam
1336 3925 1556 3992 praebet.

857 4032 1138 4089 CLXVIII.
1167 4061 1239 4072 —-—
1265 4031 1644 4088 TIMOTHEO.

2155 3195 2250 3247 καὶ
2279 3193 2377 3264 τὴν
2398 3193 2574 3265 ἀρχὴν
2603 3194 3092 3264 ἀνακηρύττουσαν
3115 3209 3128 3222 ·
3159 3194 3221 3246 τὸ
3250 3192 3309 3245 δὲ
3334 3194 3384 3245 εί
3413 3195 3512 3246 καὶ
3542 3193 3620 3264 τῷ
3653 3193 3732 3246 τέ-

2151 3287 2234 3338 λει
2270 3286 2579 3356 συμϐαίνει,
2609 3288 2676 3357 τῇ
2701 3287 2852 3357 παρὰ
2874 3287 2972 3357 τὴν
2998 3285 3174 3356 ἀρχὴν
3203 3285 3552 3357 ἀμαυροῦται
3571 3288 3728 3356 ἥττῃ.

2155 3379 2412 3448 ’Ἄμεινον
2449 3377 2548 3449 μὲν
2569 3373 2664 3430 οὗν
2697 3378 2756 3430 τὺ
2788 3378 3080 3447 πρότερον·
3111 3380 3160 3431 εἰ
3189 3377 3247 3430 δὲ
3271 3377 3580 3445 διαφεύγοι,
3615 3377 3730 3428 δεύ-

2150 3486 2306 3540 τερον
2335 3468 2477 3521 ἔστω
2502 3469 2563 3522 τὸ
2587 3468 2860 3539 δεύτερον.
2899 3470 3159 3539 Ἀμεινον
3187 3468 3298 3536 γὰρ
3329 3469 3425 3522 τοῦ
3461 3472 3644 3539 μεῖναι
3675 3471 3727 3520 ὲν

2150 3563 2218 3631 τῇ
2251 3561 2388 3632 ἥττῃ
2422 3560 2479 3614 τὸ
2516 3560 2966 3632 ἀναμαχέσασθαι
2994 3561 3219 3631 ταύτην.
3245 3560 3323 3613 Οὐ
3344 3560 3597 3614 τοσοῦτον
3624 3560 3727 3628 γὰρ
3751 3620 3758 3628 ι

2154 3652 2249 3704 τοῦ
2278 3651 2496 3723 πρώτου
2526 3652 2882 3706 ἀπολείπεται
2910 3692 2925 3717 ,
2958 3652 3067 3722 ὅσῳ
3098 3652 3191 3705 τοῦ
3229 3651 3543 3704 τελευταίου
3569 3653 3730 3720 ὑπερ·

2152 3742 2299 3812 ἐχει·
2337 3741 2537 3812 μᾶλλον
2569 3742 2625 3796 δὲ
2659 3744 2686 3795 ὁ
2723 3742 2856 3813 μὲν,
2887 3743 2936 3794 εἰ
2979 3743 3076 3795 καὶ
3127 3741 3202 3811 μὴ
3235 3741 3314 3803 ὡς
3346 3742 3376 3794 ὁ
3420 3742 3684 3811 πρότερος
3709 3781 3727 3802 ,

2152 3834 2300 3904 ὅμως
2328 3833 2372 3885 δ’
2395 3830 2490 3886 οὖν
2509 3835 2945 3905 ἀνακηρύττεται
2965 3850 2978 3863 ·
3009 3834 3219 3896 ἐκεῖνος
3240 3833 3297 3886 δὲ
3327 3834 3727 3900 καταγέλαστός

2151 3926 2286 3992 ἐστι,
2322 3925 2419 3979 καὶ
2445 3926 2737 3997 κωμῳδίας
2765 3925 2938 3981 ἅπασι
2964 3926 3250 3997 πρόκειται
3289 3925 3565 3989 ὑπόθεσις.

2633 4030 2806 4086 ΡΞιιν.
2835 4062 2904 4071 -
2931 4031 3255 4102 ΤΙΜΟΘΕῼ.

470 4129 604 4198 Qua:
620 4127 844 4196 principi
867 4125 1362 4194 necessaria§Solon
1378 4125 1604 4191 dicebat,
1621 4125 1823 4180 duobus
1837 4127 2206 4193 rempublicam
2227 4127 2506 4191 contineri,
2529 4129 2744 4194 prcemio
2758 4135 2806 4180 et
2823 4142 2996 4195 pmna.
3022 4124 3154 4196 (Cic.
3182 4123 3353 4193 Epist.
3374 4125 3442 4177 ad
3462 4123 3726 4191 Brutum.)

541 4236 902 4305 Imperantem
953 4235 1130 4300 decet,
1173 4244 1234 4290 ut
1289 4234 1421 4290 mihi
1477 4234 1693 4302 quidem
1724 4234 1961 4300 videtur,
1987 4246 2044 4290 et

471 4327 760 4383 amabilem
786 4340 911 4381 esse
940 4333 998 4379 et
1028 4324 1372 4380 terribilem:
1400 4332 1458 4377 ut
1478 4334 1630 4379 recta
1666 4335 1887 4394 agentes
1909 4339 2043 4380 con-

2223 4233 2326 4286 Τὸν
2371 4235 2650 4303 ἄρχοντα,
2690 4236 2768 4296 ὼς
2801 4234 2988 4304 ἔμοιγε
3033 4235 3210 4299 δοκεῖ,
3246 4234 3482 4304 χρὴ-καὶ
3525 4235 3726 4304 ἀγαθὸν

2152 4321 2289 4382 εἶναι
2330 4327 2423 4380 καὶ
2456 4325 2683 4397 φοϐερόν
2717 4327 2850 4396 (22).
2882 4327 2978 4380 Ἶν⁹
3014 4329 3064 4379 oi
3109 4327 3207 4396 μὲν
3234 4324 3296 4381 εὖ
3328 4326 3570 4398 βιοῦντες
3598 4327 3726 4397 θαρ-

474 4419 670 4482 tldant,
694 4426 988 4486 peccantes
1008 4424 1204 4472 contra
1221 4424 1473 4486 paveant.
1496 4415 1740 4470 Alterum
1762 4417 1906 4470 enim
1931 4415 2047 4471 sine

2159 4419 2319 4488 ροἶεν,
2357 4420 2406 4470 oi
2436 4417 2494 4471 δὲ
2523 4418 2932 4488 ἁμαρτάνοντες
2965 4417 3176 4470 ὀκνοίεν
3198 4433 3212 4448 ο
3242 4416 3472 4487 θάτερον
3503 4417 3611 4487 γὰρ
3639 4417 3725 4468 θαι

477 4509 654 4562 altero
677 4506 888 4574 imperii
921 4505 1107 4559 verius
1133 4514 1218 4560 est
1237 4506 1502 4570 carentia,
1525 4520 1690 4575 quam
1741 4507 2048 4573 imperium.

473 4599 532 4655 Si
571 4599 791 4669 quidem
819 4613 1009 4654 omnes
1038 4597 1240 4654 subditi
1277 4598 1466 4652 virtuti
1512 4606 1694 4653 essent
1718 4597 1904 4663 dediti,
1936 4598 2053 4651 sola

470 4705 609 4758 opus
641 4699 792 4743 esset
819 4690 1078 4745 comitate
1104 4705 1122 4755 ;
1165 4690 1215 4744 si
1247 4699 1428 4744 autem
1469 4689 1617 4744 vitiis
1654 4688 1878 4755 addicti,
1905 4699 2052 4742 metu

409 4798 416 4806 ’
476 4797 668 4836 omnes
702 4789 891 4835 essent
925 4781 1236 4835 coercendi.
1269 4779 1500 4845 Quando
1551 4780 1717 4847 igitur
1749 4779 1874 4834 boni
1923 4787 2056 4833 sunt

473 4881 637 4937 atque
678 4869 802 4922 ntali
840 4870 1043 4924 subditi
1076 4885 1178 4925 nec
1233 4869 1626 4939 imperantibus
1660 4878 1875 4937 parent,
1898 4878 2049 4922 utra-

469 4977 576 5030 que
607 4976 684 5024 re,
723 4961 815 5030 qui
849 4961 1099 5030 imperat,
1132 4960 1335 5030 indiget
1366 4976 1545 5014 arnore
1569 4974 1634 5015 ac
1673 4961 1859 5014 timore
1888 4975 1906 5014 :
1935 4960 2042 5014 sci-

470 5053 604 5109 licet
643 5061 702 5106 ut
747 5061 1115 5121 temperantes
1154 5065 1222 5105 ac
1261 5051 1528 5121 moderati
1575 5051 1816 5106 bonitate
1845 5054 2048 5106 contir-

471 5153 724 5208 mentur,
773 5142 994 5214 pessimi
1037 5151 1226 5198 contra
1264 5157 1294 5196 a
1329 5141 1584 5210 peccandi
1629 5140 1852 5196 libidine
1893 5157 2048 5196 coer-

469 5245 714 5290 ceantur.

2153 4508 2313 4579 τέρου
2361 4509 2530 4580 χωρὶς
2576 4508 2812 4581 ἀναρχία
2847 4509 3048 4580 μᾶλλόν
3074 4511 3223 4562 ἐστιν
3266 4509 3302 4579 ῆ
3331 4508 3601 4579 senii
3631 4507 3724 4578 μὲν

2149 4599 2258 4670 γὰρ
2287 4596 2427 4670 ἦσαν
2456 4600 2659 4664 πάντες
2695 4602 2746 4652 oi
2786 4602 3021 4670 ὑπήκοοι
3052 4601 3354 4670 φιλάρετοι,
3385 4601 3721 4671 aquilam-:0;

2150 4684 2220 4759 ἦν
2280 4690 2441 4760 χρεία
2493 4690 2691 4760 μόνης’
2737 4692 2786 4744 εί
2837 4691 2896 4744 δὲ
2943 4689 3473 4760 φιλαμαρτήμονες,
3537 4691 3714 4758 φόὗου.

2161 4780 2386 4852 Ἐπειδὴ
2417 4781 2474 4833 δὲ
2510 4781 2606 4835 καὶ
2636 4781 2875 4851 ἀγαθοὺς
2907 4783 3002 4836 καὶ
3029 4783 3301 4850 πονηροὺς
3334 4778 3479 4834 εἶναι
3514 4783 3714 4849 ἀνάγκη

2147 4875 2208 4924 ὲν
2261 4875 2374 4936 τοίς
2424 4874 2750 4943 ἀρχομένοις
2778 4915 2794 4939 ,
2828 4874 3115 4945 ἀμφότερα
3167 4873 3608 4944 μεταχειριστέον
3649 4873 3716 4940 τῷ

2152 4963 2375 5033 ἄρχοντι
2401 4966 2466 5016 ἵν’
2487 4968 2520 5034 ὴ
2549 4965 2650 5034 μὲν
2667 4966 2969 5034 ἀγαθότης
2999 4965 3231 5037 στηρίζῃ
3259 4967 3388 5027 τοὺς
3417 4969 3715 5036 σώφρονας,

2148 5055 2175 5104 ὁ
2220 5053 2278 5107 δὲ
2313 5057 2498 5124 φόϐος
2540 5057 2948 5130 προαναστέλλῃ
2985 5058 3092 5112 τῶν
3147 5057 3430 5111 κακίστων
3473 5059 3542 5109 zz:
3575 5055 3714 5108 πταί-

2151 5163 2350 5208 σματα.

1562 5342 1801 5401 νΑιιιΑε]
1841 5345 2228 5404 LECTIONES
2261 5350 2350 5405 ET
2391 5350 2622 5407 NUT/E.

542 5500 654 5568 (2|)
686 5499 790 5553 Pro
821 5499 1102 5555 κατανοῶν
1129 5500 1290 5560 ambo
1327 5498 1449 5555 cod.
1484 5499 1604 5556 Vat.
1642 5509 1695 5556 et
1738 5501 1851 5557 Alt.
1883 5503 2040 5558 codd.

467 5575 709 5625 scrihuut
758 5570 1079 5625 καταιονῶν.
1122 5571 1280 5626 Vers.
1320 5570 1354 5622 5
1387 5581 1441 5625 et
1473 5572 1527 5625 6.
1576 5586 1661 5638 cp.
1707 5587 1804 5639 pro
1844 5575 2042 5626 ἀποτο-

468 5640 692 5709 μώτατα
726 5640 884 5692 iidem
918 5640 1098 5708 legunt
1127 5642 1220 5710 καὶ
1247 5643 1348 5708 τὴν
1375 5640 1692 5710 ὁμοιότητα.
1722 5642 1932 5696 ΡοεςιΝ.

537 5712 650 5781 (2:2)
682 5710 789 5762 Kal
822 5709 1045 5782 ἀγαθὸν
1078 5708 1174 5766 καὶ
1221 5711 1495 5777 φοϐερόν.
1533 5708 1748 5772 suidas.
1780 5715 1870 5783 qui
1901 5715 2037 5769 hanc

2147 5504 2432 5577 epistolam
2477 5505 2726 5577 aIl‘ert‘in
2789 5503 2958 5560 Ἰωάν.
3005 5507 3274 5577 Ἀντιοχ.,
3331 5507 3541 5562 δίκαιον
3583 5504 3706 5561 εἶναι

2149 5574 2260 5626 δεῖ·
2291 5575 2382 5627 sed
2432 5577 2613 5629 verior
2652 5574 2895 5631 Vaticani
2931 5579 3051 5631 cod.
3097 5574 3404 5642 est—lectio,
3455 5594 3570 5632 mea
3600 5579 3703 5646 qui-

2149 5647 2268 5720 dem
2302 5647 2591 5720 sententia.
2629 5646 2885 5715 Sequitur
2931 5649 3076 5704 enim
3129 5647 3472 5720 ἀγαθὸτητος
3503 5659 3555 5704 et
3579 5651 3701 5714 ἀγα·

2150 5713 2330 5782 θύτης.
2361 5717 2599 5770 Scuo'rr.
