3906 6416
207 437 286 500 342

184 439 322 502 [425
1070 439 1521 500 EPISTOLARE

424 549 588 605 Ρεθο.
629 581 700 590 --
725 550 1121 622 ΑΠΟΛΛΩΝΙῼ
1149 555 1521 624 smmum).

1070 437 1602 502 EPISTOLARUM
1640 443 1783 501 LlB-
1827 445 1893 504 V.
1935 471 2000 478 —
2026 445 2259 505 EPIST.
2303 445 2524 506 CLXX.

3305 448 3440 512 1426

2079 558 2314 614 CLXIX.
2344 590 2414 600 —
2450 556 2837 616 AI’OLLONIO
2878 559 3230 618 EPISCOPO.

181 666 447 720 Hortatur
475 678 529 720 ut
564 667 744 740 virtuti
772 667 978 740 studeat
1008 669 1118 720 sine
1137 669 1479 720 ostentatione
1493 684 1519 740 ,-
1552 670 1831 740 ostentntio
1858 670 1994 721 enim
2032 670 2235 740 odium,
2265 671 2534 724 humilitas
2564 671 2800 740 favorem
2824 673 3067 726 conciliat
3091 689 3112 739 ,'
3148 691 3239 728 uec
3274 675 3440 729 virtus

569 739 694 790 solis
724 739 892 789 instar
923 738 1014 790 diu
1041 740 1202 790 latere
1233 748 1421 805 potest.
1452 739 1688 808 (Confer.
1740 739 1956 809 (ἕτερον.
1995 739 2246 809 Nysam,
2284 758 2401 808 cap.
2433 741 2526 804 ‘24,
2565 738 2660 796 lib.
2697 741 2771 795 De
2806 743 3037 812 virginit.

247 842 315 895 El
345 841 440 894 καί
465 859 608 905 τινες
637 842 747 895 τῶν
777 844 861 895 σοὶ
902 843 1396 914 συνδιατριψάντων
1427 845 1616 899 σ6έσαι
1654 863 1757 916 μου

175 933 276 1004 τὴν
309 933 406 985 ἐπὶ
432 932 494 985 τὸ
523 933 827 986 ἐπιστεῖλαί
860 951 942 986 σοι
970 935 1147 1005 ὁρμὴν
1168 933 1498 1006 πειρώμενοι
1529 937 1760 1007 ἔφασαν,

175 1027 252 1089 ὡς
278 1028 409 1090 τοὺς
437 1026 536 1096 μέν
573 1026 968 1090 κολακεύοντας
997 1027 1138 1096 ἄγαν
1167 1029 1366 1099 τιμᾷς,
1399 1029 1510 1082 τῶν
1529 1030 1586 1082 δὲ
1615 1048 1760 1101 συμ-

176 1117 546 1171 ϐουλευόντων
598 1119 979 1186 καταφρονεῖς.
1045 1117 1186 1170 Ἀλλ’
1243 1119 1344 1189 ἐμὲ
1397 1118 1497 1172 ούκ
1553 1120 1619 1175 ἄν
1673 1138 1761 1185 τις

177 1209 446 1274 πείσειεν,
479 1209 556 1273 ὡς
589 1204 700 1262 οἷόν
732 1227 791 1262 τε
825 1209 937 1279 (25)
977 1211 1234 1265 τοσοῦτον
1264 1211 1358 1264 καὶ
1387 1213 1454 1283 τῇ
1494 1214 1760 1283 φρονήσει

176 1301 276 1354 καὶ
299 1302 414 1364 τοῖς
440 1299 623 1370 ἔργοις
642 1302 962 1369 διενεγκεῖν,
993 1302 1059 1372 ῆν
1089 1304 1162 1373 μή
1192 1320 1278 1366 τις
1310 1302 1420 1356 τῶν
1461 1304 1559 1374 μὲν
1583 1305 1761 1376 μαθη-

175 1391 300 1463 τὴς,
339 1391 449 1446 τῶν
481 1392 537 1446 δέ
566 1393 862 1463 ἀκροατὴς,
893 1393 1004 1446 τῶν
1033 1394 1089 1446 δέ
1113 1393 1340 1465 εὑρετὴς
1361 1396 1627 1468 τυγχάνῃ.
1662 1398 1760 1452 Διά

177 1484 358 1539 ταῦτα
387 1485 484 1556 μὲν
508 1480 603 1539 οῦν
619 1486 906 1539 ἐπέστειλα
927 1503 940 1515 ·
965 1488 1012 1539 εἰ
1039 1485 1098 1538 δέ
1124 1487 1767 1559 παρρησιαστικώτερον,

179 1579 213 1648 ῆ
248 1579 302 1630 οἱ
333 1576 773 1648 πεπλησιακότες
821 1578 933 1648 (9.4)
968 1595 1050 1631 σοι
1089 1581 1287 1650 γράφω
1313 1621 1328 1645 ,
1365 1578 1442 1650 μὴ
1472 1579 1559 1633 διὰ
1600 1579 1761 1633 τοῦτο

179 1669 494 1741 θορηδηθῇς
513 1687 526 1699 ·
561 1669 699 1724 ἀλλά
725 1670 790 1723 δι’
820 1670 951 1723 αὑτό
983 1687 1048 1740 με
1075 1671 1233 1723 τοῦτο
1261 1670 1517 1734 ἀπόδεξαι
1543 1712 1558 1737 ,
1589 1671 1670 1724 ὅτι
1699 1671 1762 1725 τδ

179 1762 395 1831 πρέπον
427 1763 548 1833 ἐμοὶ
575 1762 680 1833 πρὸ
705 1761 798 1814 τοῦ
829 1763 1198 1832 συμφέροντος
1225 1761 1553 1832 είλόμην.”0
1583 1779 1636 1815 τι
1665 1758 1769 1817 οὖν-

1939 848 2050 902 Etsi
2102 863 2291 903 eorum
2359 851 2607 919 quidam,
2657 852 2748 921 qui
2813 860 2990 906 tecum
3040 862 3164 907 sunt
3215 854 3438 919 versati,

1865 941 2117 996 dixerunt
2145 944 2322 1012 reipsa
2356 942 2494 996 idem
2528 945 2758 1012 experti,
2789 944 3054 1013 restingui
3080 960 3257 998 meum
3285 947 3352 999 ad
3387 956 3441 1000 te

1861 1034 2135 1089 scribendi
2159 1034 2442 1105 impetum,
2470 1036 2614 1106 quod
2645 1036 2812 1090 nimio
2833 1045 3205 1090 assentatores
3236 1037 3440 1091 honoro

1862 1124 2092 1190 afﬁcias,
2130 1127 2417 1182 consilium
2457 1143 2588 1182 vero
2615 1142 2804 1183 sanum
2840 1129 3033 1183 dantes
3071 1138 3391 1183 contemnas
3422 1148 3436 1183 :

1861 1229 2023 1268 nemo
2048 1225 2228 1270 tamen
2266 1217 2396 1270 mihi
2445 1215 2606 1271 facile
2650 1219 2981 1286 persuaserit
3011 1218 3134 1272 illos
3164 1234 3322 1279 posse
3355 1220 3437 1272 vel

1860 1303 2146 1372 prudentia
2174 1304 2257 1358 vel
2287 1305 2541 1374 operibus
2565 1312 2779 1358 tantum
2805 1305 3006 1371 valere,
3033 1305 3134 1358 nisi
3169 1304 3250 1357 vel
3275 1304 3438 1356 disci-

1859 1395 2021 1464 pulus
2057 1395 2141 1449 vel
2170 1394 2409 1460 auditor,
2441 1395 2530 1450 vel
2557 1397 2789 1463 denique
2816 1395 3065 1449 inventor
3092 1395 3272 1448 fuerit.
3302 1393 3435 1446 Pro-

1866 1495 2055 1555 pterea
2082 1486 2197 1540 haec
2232 1487 2298 1539 ad
2330 1496 2381 1540 te
2427 1486 2644 1554 scripsi.
2701 1485 2856 1552 Quod
2900 1486 2946 1539 si
2992 1485 3212 1538 liberius
3256 1484 3433 1553 paulo.

1865 1590 2028 1646 quant
2074 1575 2150 1630 tui
2187 1575 2483 1630 familiares
2525 1575 2719 1641 solent,
2757 1578 2824 1629 ad
2885 1585 2935 1630 te
2965 1577 3168 1641 scribo,
3209 1591 3278 1629 ne
3311 1590 3437 1644 pro-

1864 1679 2047 1738 pterea
2074 1668 2329 1731 turberis,
2354 1667 2448 1721 sed
2485 1682 2550 1721 eo
2573 1682 2658 1721 me
2685 1667 2943 1736 approba,
2975 1669 3116 1736 quod
3148 1667 3434 1721 honestum

1865 1773 1960 1813 seu
1995 1758 2250 1813 decorum
2281 1757 2394 1812 utili
2425 1775 2453 1811 a
2481 1773 2566 1813 me
2589 1759 2841 1826 anteponi
2883 1757 3038 1814 solet.
3058 1757 3216 1825 Ωιιοά
3257 1755 3436 1826 itaque

182 1851 450 1921 βούλομαι
491 1855 688 1915 εἰπεῖν,
741 1852 940 1905 αὐτίκα
989 1851 1134 1922 μάλα
1178 1853 1494 1922 εἰρήσεται·
1542 1854 1604 1906 ού
1649 1853 1758 1925 γὰρ

1868 1865 2110 1904 censeam
2145 1851 2462 1915 dicendum,
2483 1851 2632 1905 brevi
2673 1851 2978 1921 expediam.
3002 1849 3117 1904 Non
3146 1851 3288 1904 enim
3317 1867 3438 1905 ver-

183 1943 646 2013 προκατασκευῆς
675 1942 885 1996 δέονται
910 1943 960 1994 οἱ
993 1943 1170 2011 σοφοὶ,
1200 1943 1335 1996 ἀλλά
1365 1943 1426 1996 τὸ
1452 1943 1617 1996 καλὸν
1645 1945 1759 1997 ἀτε-

179 2033 327 2102 χνῶς
371 2031 711 2102 ἐπιτηδεύειν
740 2032 1017 2086 εἰώθασιν.
1048 2033 1112 2085 El
1143 2033 1244 2103 τὴν
1280 2033 1484 2105 ἀρετὴν
1531 2034 1723 2097 ἀσκεῖς
1743 2075 1760 2101 ,

185 2127 263 2196 μὴ
301 2124 380 2194 τῷ
427 2124 831 2177 ἐπιδείκνυσθαι
876 2122 1162 2193 ἀμαυροῦν
1204 2123 1266 2177 τὸ
1310 2124 1513 2193 ταύτης
1563 2125 1757 2189 κάλλος,

181 2217 404 2285 ἀνέχου.
438 2215 596 2283 Μέγα
633 2215 732 2284 μέν
766 2214 874 2285 γὰρ
918 2213 1114 2285 ἀρετὴ,
1163 2214 1279 2268 ἀλλ’
1309 2215 1440 2268 ὅταν
1467 2217 1634 2286 ἑαυτῇ
1688 2216 1764 2288 μὴ

187 2312 468 2380 μαρτυρῇ,
530 2306 734 2378 μείζων
792 2307 884 2360 καὶ
933 2305 1241 2378 ὡραιοτέρα
1297 2310 1408 2372 τοῖς
1457 2308 1766 2379 ἀνθρώποις

183 2399 461 2453 δείκνυται
493 2398 625 2467 (25).
663 2398 724 2449 Ei
755 2397 812 2450 δέ
839 2397 1080 2466 νομίζεις
1125 2395 1404 2466 λήσεσθαι,
1447 2398 1494 2450 el
1537 2397 1612 2469 μὴ
1643 2401 1766 2452 ἐπι-

182 2492 388 2555 δείξαιο
411 2533 426 2556 ,
478 2488 786 2543 τούναντίον
833 2487 1042 2558 νόμιζε,
1081 2488 1162 2541 ὅτι
1189 2489 1310 2541 τότε
1339 2489 1598 2560 λάμψεις,
1634 2493 1764 2546 ὅταν

188 2583 264 2654 μὴ
315 2581 625 2646 ἐπιδείξαιο.
691 2580 992 2632 Φιλόνεικον
1044 2581 1152 2651 γάρ
1213 2597 1332 2644 πως
1377 2580 1437 2633 τὸ
1487 2581 1597 2634 τῶν
1667 2583 1766 2635 ἀν-

187 2676 425 2744 θρώπων
485 2674 640 2741 γένος
687 2671 831 2723 ἐστί’
874 2671 970 2723 καὶ
1013 2671 1150 2742 πρὸς
1187 2671 1283 2741 μὲν
1319 2672 1445 2734 τοὺς
1496 2672 1771 2742 μεγαλαυ-

184 2767 418 2839 χοῦντας
451 2763 964 2835 ἀντιστρατεύεται.,
1017 2765 1128 2824 τοῖς
1182 2763 1242 2816 δέ
1293 2761 1582 2815 ταπεινοῦν
1636 2764 1765 2815 έαυ-

182 2862 315 2924 τοὺς
372 2857 734 2920 σπουδάζουσι
812 2853 932 2924 μεθ’
988 2853 1184 2925 ἡδονῆς
1258 2855 1526 2924 ἡττᾶταιο
1585 2854 1774 2907 κάκεί-

180 2971 299 3017 νοις
359 2952 460 3022 μὲν
499 2951 824 3004 ἀναστέλλον
872 2949 1052 3004 αὐτῶν
1108 2949 1170 3002 τὸ
1212 2948 1516 3018 φιλότιμον,
1575 2949 1670 3002 καὶ
1699 2949 1770 3002 τὰ

184 3045 265 3115 μὴ
320 3042 592 3114 προσόντα
644 3040 1033 3112 προστρίϐεται
1082 3040 1268 3094 κακά’
1318 3039 1532 3103 τούτοις
1576 3041 1631 3093 δὲ
1674 3041 1768 3094 καὶ

1865 1939 2056 1994 borum
2097 1941 2374 2010 sapientes
2403 1943 2643 2012 indigent
2687 1952 2974 2011 apparatu,
3011 1943 3104 1996 sed
3148 1943 3433 1997 honestum

1868 2033 1990 2086 sine
2029 2031 2153 2085 fuco
2182 2036 2490 2088 consectari
2521 2043 2938 2088 consueverunt.
2983 2034 3143 2104 605
3177 2035 3232 2088 Si
3265 2036 3436 2088 virtu-

1872 2133 1976 2177 tem
2001 2138 2240 2186 exerces.
2269 2139 2334 2178 ne
2357 2125 2471 2194 ejus
2494 2126 2766 2180 obscurari
2790 2125 3238 2194 pulchritudinem
3255 2137 3437 2180 ostenc

1870 2216 2072 2269 talione
2121 2215 2414 2270 sustineas.
2467 2215 2654 2288 Magna
2715 2218 2933 2285 quidem
2965 2232 3059 2272 res
3109 2217 3283 2272 virtus
3327 2227 3435 2281 est,

1867 2308 1963 2360 sed
1993 2308 2207 2375 quando
2237 2307 2339 2362 sibi
2366 2308 2576 2362 laudem
2619 2322 2725 2362 non
2750 2308 3058 2376 impertitur
3091 2309 3227 2378 ipsa,
3263 2307 3438 2379 major

1873 2406 1930 2452 et
1964 2398 2246 2452 venustior
2303 2409 2528 2466 apparet
2575 2399 2903 2454 hominibus.
2979 2399 3034 2453 Si
3086 2415 3218 2454 vero
3279 2409 3437 2468 putas

1865 2489 2132 2544 occultam
2177 2490 2313 2551 fore,
2348 2486 2450 2542 nisi
2481 2497 2802 2554 ostentetur,
2827 2490 3157 2543 contrarium
3188 2488 3280 2542 tibi
3311 2505 3435 2559 per-

1866 2581 2055 2644 suade,
2104 2582 2246 2650 quod
2298 2590 2425 2634 tunc
2485 2580 2648 2634 etiam
2715 2580 3044 2649 splendebis,
3091 2597 3211 2635 cum
3245 2597 3352 2635 non
3387 2591 3438 2636 te

1867 2672 2184 2726 ostentabis.
2217 2671 2430 2724 Etenim
2471 2672 2762 2725 humanum
2794 2686 2960 2739 genus
2982 2669 3279 2726 animosius
3307 2687 3438 2727 con-

1869 2763 2264 2832 tentiosiusque
2285 2773 2390 2827 est,
2417 2771 2472 2817 et
2492 2762 2960 2831 arrogantioribus
2991 2765 3207 2833 quidem
3245 2766 3438 2819 adver—

1869 2868 2042 2922 satur,
2071 2871 2130 2911 se
2157 2871 2286 2910 vero
2315 2855 2601 2910 humiliare
2629 2855 2971 2924 cupientibus
3011 2871 3132 2910 cum
3166 2856 3440 2925 voluptate

1869 2948 2040 3002 cedit.
2089 2947 2155 3000 Et
2187 2946 2292 3001 illis
2341 2947 2555 3016 quidem
2600 2947 2977 3016 arrogantibus
3033 2946 3220 3014 objicit
3265 2947 3440 3002 laudis

1869 3039 2108 3093 Studium
2145 3038 2392 3102 nitnium,
2429 3052 2656 3107 quaeque
2683 3036 2923 3092 nondum
2950 3039 3032 3093 eis
3075 3040 3272 3092 adsunt
3299 3038 3437 3092 mala

179 3138 252 3190 τὰ
299 3137 378 3207 μὴ
413 3135 690 3205 προσόντα
724 3133 1050 3204 ἐπιφημίζει
1102 3133 1264 3187 καλά.
1302 3133 1511 3197 ’Ἄλλως
1546 3133 1604 3186 δὲ
1641 3133 1763 3186 ούδέ

1872 3131 2121 3185 attribuit
2156 3148 2171 3185 :
2217 3130 2514 3185 humilibus
2555 3144 2684 3185 vero
2727 3129 2890 3184 etiam
2946 3146 3066 3200 quae
3102 3145 3207 3184 non
3246 3131 3440 3183 adsunt

181 3193 392 3300 ἀρετὴν
419 3193 533 3281 οίόν
560 3243 621 3279 τε
653 3193 854 3288 λαθεῖν,
885 3193 1022 3278 ἀλλά
1055 3224 1161 3278 κᾶν
1191 3222 1329 3294 πρὸς
1363 3193 1543 3292 ὀλίγον
1588 3223 1765 3295 φθόνῳ

1873 3224 2036 3288 bona,
2067 3236 2293 3292 quaeque
2328 3221 2620 3276 obscurare
2655 3229 2944 3286 conantur,
2973 3222 3220 3276 celebrat
3248 3237 3262 3275 :
3299 3235 3439 3289 prat-

183 3314 548 3385 ἐπισκιασθῇ,
579 3310 735 3376 αὖθις
763 3313 1110 3384 ἀναλάμπει,
1147 3313 1242 3365 καὶ
1276 3312 1386 3366 τῶν
1418 3314 1771 3367 ἐπισκιασάν-

180 3425 294 3459 των
305 3406 699 3477 κρατεῖ.”Ωσπε
706 3423 736 3475 ρ
753 3404 861 3476 γὰρ
874 3404 935 3456 τὸ
947 3403 1064 3472 φῶς
1082 3401 1302 3474 ούχοῖόν
1315 3421 1375 3457 τε
1389 3402 1771 3469 λαθεῖν,οὓτως

180 3499 309 3550 οὐδὲ
355 3496 456 3567 τὴν
484 3495 688 3566 ἀρετήν
709 3512 722 3526 ο
756 3495 851 3547 καὶ
879 3493 1054 3547 ταῦτα
1085 3494 1184 3563 μὲν
1230 3492 1470 3564 λελέχθω
1513 3495 1641 3566 περὶ
1667 3496 1768 3566 τῆς

181 3591 295 3644 τῶν
325 3589 632 3661 ἀνθρώπων
655 3589 858 3659 ψήφου.
908 3589 972 3641 Ei
1013 3587 1072 3642 δὲ
1108 3587 1203 3641 καὶ
1231 3587 1332 3656 τὴν
1363 3587 1515 3640 θείαν
1564 3588 1771 3653 ἐθέλεις

184 3683 409 3751 μαθεῖν,
441 3680 586 3751 έχεις
611 3682 670 3733 ἐν
690 3682 799 3743 τοίς
833 3679 998 3742 θείοις
1025 3678 1382 3747 Εὑαγγελίοις
1402 3679 1472 3732 τά
1501 3680 1645 3734 κατά
1674 3681 1770 3736 τὸν

181 3775 497 3843 Φαρισαῖον
525 3773 620 3831 καὶ
657 3772 766 3828 τὸνι
794 3770 1038 3842 τελώνην
1082 3769 1352 3842 λαμπρῶς
1385 3771 1769 3845 στηλογραφη-

183 3867 376 3920 θέντα.

664 4057 790 4112 eo:
830 4087 902 4098 —
931 4057 1254 4130 Τιιιοθεᾳ.

1871 3313 2060 3370 sertim
2081 3330 2203 3369 cum
2231 3315 2404 3370 virtus
2430 3315 2596 3369 latere
2621 3323 2872 3385 nequeat,
2909 3323 2968 3370 et
2989 3315 3213 3382 invidia,
3245 3329 3441 3384 quam-

1870 3407 1954 3461 vis
1978 3409 2046 3462 ad
2077 3415 2312 3477 tempus,
2356 3407 2644 3462 obscurata
2687 3409 2882 3464 iterum
2912 3407 3204 3472 elucescat,
3232 3406 3442 3461 nubila-

1868 3511 1976 3567 que
2034 3497 2280 3566 dissipet.
2326 3497 2792 3562 Quemadmodum
2836 3497 2984 3551 enim
3043 3496 3243 3563 lumen,
3281 3497 3353 3551 ita
3390 3505 3446 3551 et

1866 3589 2124 3642 virtutem
2158 3587 2328 3642 latere
2357 3588 2692 3656 impossibile
2737 3595 2842 3642 est.
2879 3586 3057 3656 Atque
3093 3587 3209 3641 haec
3229 3586 3445 3656 quidem

1867 3679 1936 3735 de
1972 3679 2282 3734 hominibus
2305 3694 2427 3733 cum
2453 3677 2662 3748 judicio
2690 3678 2800 3733 sint
2852 3679 3021 3732 dicta.
3058 3678 3116 3733 Si
3148 3693 3276 3732 vero
3304 3677 3445 3732 divi—

1869 3786 1998 3826 nttm
2029 3785 2242 3839 quoque
2281 3771 2363 3826 vis
2410 3769 2676 3824 calculum
2713 3777 2770 3824 et
2800 3767 3139 3840 sulfragiulu,
3184 3769 3349 3824 habes
3389 3768 3444 3822 in

1868 3877 2028 3917 sacro
2058 3861 2347 3933 Evangelio
2377 3861 2426 3894 ³⁸
2453 3864 2521 3917 de
2556 3862 2832 3916 Pltarisaro
2879 3869 2936 3916 et
2982 3861 3273 3931 publicano
3302 3859 3449 3914 clare

1871 3955 2193 4024 perscripta.

2296 4063 2502 4121 CLXX.
2532 4096 2598 4109 --
2643 4053 3024 4125 ΤῘΜΟἸῊΕΟ.

690 4151 924 4206 Gloriam
950 4156 1196 4223 temporis
1227 4155 1499 4223 longitudo
1531 4172 1638 4210 non
1666 4156 2060 4222 imminuit,sed
2089 4159 2225 4213 venit
2259 4174 2320 4212 ea
2349 4170 2429 4213 sat
2460 4161 2585 4225 cito,
2610 4161 2657 4213 si
2683 4170 2766 4233 sat
2797 4161 2945 4215 bene.

265 4263 498 4325 Ἔοικας
524 4261 842 4327 δεδοικέναι,
879 4262 954 4332 μὴ
991 4263 1090 4331 τὴν
1107 4261 1263 4327 δόξαν
1290 4265 1386 4316 τοῦ
1412 4265 1765 4337 κατορθώμα-

1946 4267 2185 4323 Metuere
2237 4267 2367 4322 milti
2401 4269 2549 4324 visus
2601 4285 2683 4333 es,
2736 4284 2806 4325 ne
2845 4279 2992 4325 recte
3027 4268 3294 4324 factorum
3331 4270 3448 4340 glu-

182 4371 282 4416 τος
312 4353 375 4406 τὸ
403 4353 576 4424 μῆκος
603 4351 887 4424 ἐλαττώσῃ
923 4352 1018 4406 τοῦ
1063 4353 1290 4425 χρόνου*
1326 4355 1462 4411 ἀλλά
1489 4357 1597 4429 χρὴ
1632 4359 1765 4412 είδέ-

1875 4359 2012 4413 riam
2067 4359 2324 4428 temporis
2354 4359 2638 4413 imminuat
2672 4358 3058 4430 longinquitas.
3088 4359 3240 4415 Scito
3267 4361 3451 4428 itaque

183 4459 305 4507 ναι,
336 4446 422 4498 ὅτι
451 4444 546 4498 τοῦ
575 4445 716 4516 μετὰ
745 4443 946 4515 τάχους
977 4446 1283 4518 σφαλεροῦς
1307 4447 1369 4502 τὸ
1407 4449 1548 4519 μετὰ
1576 4449 1765 4522 βραδυ-

1872 4448 2030 4518 longe
2054 4448 2107 4503 id
2136 4462 2255 4504 esse
2285 4448 2490 4512 utilius,
2524 4449 2667 4519 quod
2695 4463 2889 4504 secure
2921 4450 3200 4518 peragitur
3218 4464 3285 4504 ac
3309 4460 3448 4506 tuto.

181 4537 356 4607 τῆτος
382 4535 623 4604 ἀσφαλὲς
664 4535 1128 4608 λυσιτελέστερον.
1160 4539 1273 4609 Οὐχ
1301 4535 1467 4612 ἦττον
1493 4540 1606 4613 γὰρ
1632 4541 1765 4596 ἀλλὰ

1877 4539 2268 4610 Nequeminus
2294 4540 2424 4594 clari
2463 4549 2609 4602 sunt,
2635 4540 2880 4609 qulnimo
2913 4539 3233 4598 illustriores
3263 4545 3449 4611 etiam,

183 4629 290 4682 καὶ
336 4627 537 4698 μᾶλλον
585 4627 961 4702 εὐκλεέστεροι
1008 4630 1152 4684 κατὰ
1193 4631 1358 4701 τάχος
1408 4632 1679 4705 λαμπρῶν
1715 4635 1765 4687 οἱ

1876 4629 1968 4699 qui
2015 4638 2226 4684 mature
2267 4638 2322 4684 et
2369 4627 2515 4684 lente
2559 4629 2755 4684 similia
2805 4642 2969 4700 opera
2996 4631 3452 4700 praestiteruntiis

184 4719 414 4772 συνέσει
444 4720 856 4793 καὶσβραδυτῆτι
874 4722 945 4777 τὰ
969 4722 1058 4776 ίσα
1089 4724 1415 4794 πράξαντες.
1447 4726 1529 4778 Οἱ.
1539 4725 1637 4796 μὲν
1659 4727 1765 4800 γὰρ

1874 4722 1968 4790 qui
2000 4721 2070 4776 ob
2106 4720 2440 4776 celeritatem
2468 4721 2926 4789 celebrantur,.et
2961 4721 3265 4779 lentitudini
3296 4725 3450 4793 paria

184 4812 290 4864 καὶ
319 4812 581 4882 χρήματα
622 4814 719 4866 καὶ
750 4813 979 4884 σώματα
1007 4815 1382 4880 ἀναλώσαντες
1407 4819 1755 4889 νενικηκέναι

1875 4813 2104 4869 faciunt.
2139 4814 2219 4868 Illi
2265 4813 2484 4883 quidem
2534 4815 2674 4869 bona
2725 4829 2821 4869 sua
2873 4823 3040 4885 atque
3079 4815 3216 4872 adeo
3255 4831 3452 4886 corpus

182 4902 465 4957 δοκοῦσιν
498 4905 548 4956 οί.
582 4904 640 4959 δὲ
667 4905 798 4960 ἄνευ
835 4905 1039 4978 ζημίας
1060 4907 1162 4980 τὴν
1190 4909 1349 4980 νίκην
1387 4909 1731 4981 καρποῦνται
1751 4929 1765 4944 ·

1871 4905 2471 4975 impendentes-vicisse
2517 4905 2796 4972 videntur;
2825 4905 2882 4960 hi
2909 4920 3038 4962 vero
3085 4907 3204 4962 sine
3248 4907 3452 4962 damno

184 4994 292 5046 καὶ
317 4995 368 5046 οἱ
401 4995 502 5065 μὲν
528 4995 632 5050 οὐκ
663 4996 848 5067 έχουσι
892 4998 1144 5070 καθαρὰν
1185 5000 1423 5071 ἀθυμίας
1457 5001 1673 5074 ἡδονὴν,
1722 5003 1765 5056 ol

1873 4999 2154 5054 victoriam
2187 4999 2505 5069 decerpunt.
2546 4997 2613 5053 Et
2660 4997 2734 5052 illi
2786 4997 3002 5067 quidem
3056 4998 3325 5068 impuram
3362 5013 3451 5053 so-

185 5083 251 5138 δὲ
284 5082 555 5155 εἰλικρινῆ
585 5085 926 5157 καρποῦνται
958 5087 1058 5159 τὴν
1089 5088 1450 5162 εὐφροσύνην.

1873 5089 2072 5143 cordia:
2101 5089 2321 5157 capiunt
2341 5089 2667 5158 voluptatem
2689 5103 2706 5152 ;
2729 5088 2930 5143 ltivero
2944 5089 3216 5145 sincerum
3247 5089 3451 5145 laetitiae

1877 5185 2095 5254 capiunt
2113 5183 2367 5238 fructum.

218 5333 271 5366 “
308 5333 444 5388 Luc.
478 5349 671 5399 xmu,
708 5333 799 5391 1οι

1304 5480 1542 5538 νΑιιιλΕ
1580 5481 1968 5538 LECTIONES
2004 5483 2096 5540 ET
2135 5486 2370 5546 NOTAE.

270 5643 394 5713 (9.5)
433 5642 539 5695 Pro
587 5635 698 5695 οἶόν
727 5658 785 5694 τε
829 5639 985 5694 codd.
1032 5637 1151 5694 Vat.
1186 5637 1292 5693 650
1333 5645 1389 5692 ct
1422 5637 1529 5691 Alt.
1582 5636 1783 5692 habent
1879 5639 2244 5713 conjecturam
2280 5645 2346 5696 ad
2377 5643 2763 5700 tliv'inationem
2793 5663 2930 5700 verm
2965 5647 3232 5700 lectionis.
3270 5646 3346 5701 lo.

188 5710 447 5788 οἴονται..
462 5713 674 5788 1³0851ιίἶ
875 5780 884 5788 _
1014 5780 1048 5788 η
1073 5781 1084 5788 _
1293 5779 1324 5788 ,,
1593 5778 1608 5788 .
1669 5781 1682 5788 -

1951 5710 2062 5780 (25)
2084 5712 2374 5788 Asinum
2405 5717 2566 5772 iidem
2601 5720 2760 5773 ambo
2807 5720 2963 5774 codd.
3003 5727 3214 5772 mutant
3244 5719 3294 5771 in
3329 5719 3455 5788 φαίο

271 5784 386 5850 (ιιι)
415 5782 518 5834 Pro
548 5780 979 5852 πεπλησιακότες
1014 5780 1173 5833 iidem
1199 5779 1443 5852 scribunt
1479 5778 1765 5852 πεπλησιαι

1878 5778 2050 5836 vetat.
2080 5781 2156 5836 In.

196 5848 472 5920 στικότες,
504 5848 731 5909 fortasse
766 5853 1054 5918 mendoso,
1083 5854 1176 5907 sed
1210 5849 1352 5920 quod
1397 5856 1562 5917 queat
1587 5848 1779 5918 juvare
