3982 6420
489 362 623 430 1427

1690 367 1749 426 S.
1793 366 2087 427 ISIDORI
2124 365 2560 427 PELUSIOT/E

3625 372 3754 438 1428

483 481 719 537 etut.
805 478 1563 565 LEONTlonkul‘tarblhinglO
1640 483 1730 537 ET
1814 482 2069 565 ALPllIO

2174 484 2344 538 nox.
2381 515 2453 524 -
2487 483 3233 565 ΛΕοΝΤῐῼλΑιῃιῃέετῐῼ,
3288 488 3582 559 amata.
3614 488 3749 543 tam-

1091 548 1461 606 EPISCOPIS.

2779 556 3094 610 ΣΚΟΠΟΙΣ.

485 661 735 716 Primum
770 663 1028 726 consulto,
1058 660 1177 713 dein
1202 662 1345 730 facto
1374 678 1502 730 opus
1524 673 1619 717 est.
1649 664 1937 718 Dementia:
1969 675 2045 718 est
2068 666 2204 719 male
2231 667 2524 731 consulere,
2558 668 2807 735 levitatis,
2836 670 2975 738 quod
3000 681 3200 722 rectum
3223 680 3320 736 est,
3352 688 3457 723 non
3483 673 3749 737 perficere.

551 773 703 840 Quod
731 773 1018 842 pulchrum
1061 786 1184 829 esse
1205 777 1481 829 decretum
1504 786 1609 838 est,
1647 776 1697 830 id
1735 776 1846 840 liat,
1880 786 1935 832 et
1962 779 2060 833 de-

480 864 775 919 liberantes
814 864 945 920 lldes
976 865 1051 919 rei
1081 874 1248 936 gesta:
1278 866 1570 921 comitetur
1599 875 1833 934 oportet.
1856 867 2061 934 Quibus

478 971 610 1011 vero
653 955 835 1011 tuendi
869 966 1050 1026 partes
1081 974 1186 1013 non
1232 959 1470 1027 suppetit
1506 957 1756 1025 facultas,
1787 958 1843 1013 hi
1874 975 2062 1014 neces-
2098 948 2099 953 “

478 1048 627 1102 sario
657 1048 710 1103 in
745 1048 1009 1105 alterutro
1039 1050 1375 1119 delinquunt,
1414 1050 1499 1105 vel
1534 1052 1916 1116 decernentes,
1943 1067 2064 1119 quae
2102 1038 2103 1041 “

478 1154 588 1193 non
621 1138 846 1209 liqueut,
884 1141 966 1194 vel
994 1156 1023 1195 a
1061 1141 1273 1210 placitis
1294 1142 1404 1197 cito
1428 1142 1790 1199 discedentes.
1821 1140 2062 1208 Quorum

480 1231 613 1287 illud
639 1233 853 1302 quidem
879 1234 1257 1304 imprudentiae
1279 1245 1363 1290 est
1396 1235 1746 1289 intoleranda:
1767 1254 1782 1303 ;
1807 1235 1912 1290 hoc
1936 1251 2064 1292 vero

481 1325 694 1379 veniam
742 1337 1015 1396 utcunque
1069 1337 1328 1383 meretur.
1373 1328 1474 1395 Qui
1516 1343 1645 1382 vero
1680 1339 1908 1399 utroque
1934 1344 2067 1398 prae-

482 1424 629 1469 stare
654 1427 902 1487 possunt,
933 1418 1182 1488 adsitque
1230 1435 1351 1473 cum
1384 1421 1636 1475 voluntas
1661 1431 1772 1475 tum
1812 1421 2062 1486 facultas,

482 1515 543 1561 ut
569 1508 637 1562 ad
666 1509 867 1562 exitum
895 1510 1090 1579 placita
1132 1526 1227 1565 sua
1269 1513 1587 1581 perducant,
1632 1513 1684 1567 hi
1742 1515 1787 1568 si
1832 1512 2064 1568 alterum

486 1598 974 1667 transgrediuntur,
1005 1602 1244 1668 graviter
1263 1610 1392 1656 sunt
1417 1603 1867 1671 reprehendendi.

622 1727 788 1800 606
822 1727 1078 1786 CLXXII.
1120 1760 1189 1771 —-
1222 1730 1497 1789 lSlDORO
1556 1732 1914 1789 EPISCOPO.

2241 777 2315 829 Τὸ
2346 776 2667 848 δεδογμένον
2701 778 2865 832 καλὸν
2894 780 3148 846 γινέσθω,
3179 781 3278 834 καὶ
3314 784 3429 844 τοῖς
3472 781 3752 851 βεϐουλευ-

2173 865 2354 935 μένοις
2388 868 2421 937 ἡ
2450 867 2540 920 διὰ
2564 866 2673 920 τῶν
2703 866 2880 937 ἔργων
2917 868 3101 932 πίστις
3131 871 3370 923 ἑπέσθω.
3395 868 3495 934 Οἷς
3524 874 3624 942 μὲν
3647 878 3749 946 γὰρ

2170 956 2267 1027 οὐχ
2287 956 2481 1010 ἕπεται
2509 959 2645 1030 πρὸς
2670 959 2731 1012 τὸ
2755 960 3050 1029 φυλάττειν
3077 964 3110 1031 ή
3137 962 3390 1031 δύναμις,
3418 956 3571 1016 οὗτοι
3595 966 3751 1034 ἀναγ-

2172 1047 2765 1127 καίως-πλημμελοῦσι
2804 1053 2929 1105 καθ’
2958 1053 3241 1125 ἑκάτερον,
3268 1056 3362 1107 καὶ
3388 1056 3749 1127 ψηφιζόμενα

2172 1124 2438 1208 ἀνέφικτα
2458 1180 2473 1205 ,
2507 1141 2600 1192 καὶ
2625 1141 2846 1204 λύοντες
2872 1138 3028 1206 αὖθις
3060 1124 3133 1196 τάγ
3159 1124 3427 1208 δόξαντα·
3456 1124 3539 1198 γῶν
3569 1124 3629 1200 to
3656 1148 3750 1216 μὲν

2171 1216 2582 1302 ἀνυπέρϐλητον
2605 1232 2811 1300 ἄνοιαν,
2833 1234 2893 1286 τὸ
2919 1234 2977 1287 δὲ
3009 1235 3232 1305 μετρίαν
3262 1237 3599 1308 συγγνώμην
3621 1238 3746 1309 ἔχει.

2172 1317 2267 1387 Οἷς
2306 1324 2351 1377 δ’
2399 1325 2566 1396 ἄμφω
2596 1322 2706 1380 οἷόν
2752 1344 2812 1379 τε
2868 1328 3212 1398 συνδραμεῖν,
3263 1332 3357 1399 καὶ
3396 1332 3461 1384 τὸ
3510 1333 3749 1401 βουλεύε-

2170 1414 2316 1480 σθαι,
2351 1417 2446 1470 καὶ
2490 1416 2549 1469 τὸ
2574 1417 2835 1471 δύνασθαι
2866 1421 2945 1481 είς
2995 1422 3170 1492 πέρας
3208 1422 3366 1489 ἄγειν
3393 1424 3464 1476 τὰ
3505 1425 3748 1489 δόξαντα,

2166 1504 2376 1569 τούτοις
2425 1506 2653 1577 θάτερον
2699 1510 3131 1578 παραϐαίνουσιν
3189 1514 3571 1587 ἀπαραίτητος
3612 1534 3740 1569 κατ-

2102 1592 2103 1597 “
2166 1600 2386 1670 ηγορία.

2468 1731 2632 1787 POB'.
2681 1763 2740 1775 -—
2763 1734 3025 1807 ΙΣΙΔΩΡῼ
3057 1737 3431 1809 ΕΠιΣΚΟΠῼ.

1730 1848 1900 1901 Amici
1928 1851 2186 1917 quomodo
2216 1861 2478 1918 parentur.

551 1955 655 2023 Qui
694 1972 794 2026 pro
842 1959 1033 2014 amicis
1073 1959 1344 2015 sollicitus
1397 1970 1480 2016 est
1532 1972 1696 2031 atque
1761 1972 2062 2031 opportune
2093 1957 2135 2010 B

479 2049 761 2116 prospicit,
790 2060 845 2104 et
898 2051 1134 2119 ipsorum
1167 2052 1324 2107 bonis
1364 2054 1687 2120 oblectatur,
1721 2065 1774 2111 et
1822 2059 2065 2113 adversis

479 2150 671 2195 contra
708 2158 894 2197 eorum
943 2145 1320 2211 contristatur,
1361 2161 1446 2200 nae
1479 2146 1568 2201 ille
1599 2148 1848 2219 egregius
1892 2149 2065 2203 bono-

481 2249 625 2299 rum,
662 2250 783 2304 quze
827 2244 952 2290 sunt
1002 2235 1055 2290 in
1097 2237 1362 2303 amicitia,
1398 2248 1627 2294 venator
1654 2250 1758 2295 est.
1791 2239 1892 2294 Tot
1916 2242 2061 2296 enim
2102 2316 2105 2317 ν

478 2325 580 2381 sibi
610 2325 982 2392 obstrinxerit,
1011 2328 1154 2398 quod
1186 2328 1380 2382 viderit
1435 2348 1449 2383 :
1500 2339 1578 2384 tot
1625 2342 1801 2386 autem
1842 2331 2057 2399 viderit,

479 2428 610 2487 quot
645 2418 931 2475 celebritas
959 2420 1115 2475 fama:
1147 2421 1210 2475 ad
1241 2421 1387 2474 illum
1437 2421 1771 2489 perduxerit.
1802 2422 1903 2477 Tot
1930 2438 2060 2477 vero

480 2509 861 2577 perducentur,
896 2521 1025 2581 quot
1067 2513 1306 2567 honestae
1354 2514 1477 2567 vitae
1516 2513 1817 2568 institutum
1866 2517 2061 2569 arden-
2100 2588 2103 2593 Α

481 2612 561 2655 ter
589 2601 914 2659 adamarint.
957 2602 1088 2670 Quis
1146 2604 1313 2674 igitur
1359 2603 1460 2657 hoc
1516 2605 1781 2659 celebrior
1814 2607 2058 2671 exsistet,

478 2703 571 2747 aut
601 2692 812 2748 beatior
840 2710 926 2760 eo,
957 2696 1048 2764 qui
1095 2696 1289 2751 talibus
1323 2699 1556 2769 stipatus
1597 2696 1760 2751 fuerit
1795 2697 2025 2753 amicis?

814 2901 1094 2957 CLXXIII.
1124 2931 1193 2942 —
1217 2900 1714 2958 ANDROMACHO.

2247 1964 2305 2017 '0
2345 1964 2643 2035 κηδόμενος
2690 1965 2799 2018 τῶν
2848 1965 3114 2019 συνόντων
3147 1968 3242 2020 καὶ
3289 1968 3604 2039 προπονῶν,
3652 1972 3741 2024 καὶ

2174 2056 2538 2126 συνηδόμενος
2581 2057 2680 2125 μὲν
2722 2059 2817 2110 ἐπὶ
2847 2060 2959 2121 τοῖς
2992 2058 3217 2127 ἀγαθοῖς
3256 2061 3438 2115 αὐτῶν
3467 2080 3480 2091 ·
3511 2063 3742 2133 ἀχθόμε-

2170 2162 2258 2221 νος
2288 2145 2345 2197 δὲ
2376 2146 2471 2198 ἐπὶ
2509 2148 2621 2209 τοῖς
2649 2146 2934 2211 δυσκόλοις
2957 2187 2973 2212 ,
3004 2148 3176 2211 δεινός
3211 2152 3328 2202 ἐστι
3375 2150 3624 2221 θηρατὴς
3651 2152 3741 2205 τού

2168 2234 2267 2304 τῆς
2295 2234 2478 2304 φιλίας
2522 2238 2828 2306 χρήματος.
2860 2238 3161 2299 Τοσούτους
3213 2240 3321 2311 γὰρ
3366 2242 3551 2312 ἑαυτῷ
3584 2261 3749 2312 xpos-

2166 2326 2352 2397 δήσει,
2380 2327 2539 2391 ὅσους
2573 2328 2669 2380 καὶ
2710 2327 2958 2382 θεάσοιτο
2981 2347 2995 2360 ο
3045 2330 3334 2395 τοσούτους
3386 2333 3445 2386 δὲ
3479 2332 3749 2399 θεάσοιτο,

2166 2417 2327 2479 ὅσους
2359 2418 2392 2488 ἡ
2437 2418 2667 2488 εὐκλεὴς
2701 2420 2858 2490 φήμη
2891 2420 3030 2492 πρὸς
3078 2421 3240 2475 αὑτὸν
3291 2428 3743 2495 χειραγωγήσει·

2167 2510 2412 2564 τοσοῦτοι
2468 2510 2525 2564 δὲ
2574 2513 3190 2584 χειραγωγηθήσονται,
3238 2517 3351 2570 ὅσοι
3408 2517 3520 2569 τῶν
3570 2519 3751 2571 καλῶν

2167 2603 2622 2673 ἐπιτηδευμάτων
2658 2603 2915 2673 διὰπυροί
2952 2609 3097 2659 εἰσιν
3126 2608 3379 2678 ἐρασταί.
3404 2609 3503 2673 Τίς
3532 2606 3628 2663 οὖν
3654 2611 3746 2662 τοῦ

2166 2684 2408 2749 τοιούτου
2434 2697 2886 2769 εύκ).εέστερος,ἣ
2912 2699 2995 2761 τίς
3023 2702 3495 2771 μακαριστότερος
3522 2701 3617 2754 τοῦ
3649 2702 3749 2754 ὑπὸ

2169 2788 2439 2842 τοσούτων
2458 2788 2638 2859 ,φίλων
2673 2790 3148 2861 δορυφορουμένου
3177 2809 3192 2857 ;

2583 2899 2749 2953 P01".
2776 2929 2846 2937 -
2877 2900 3325 2973 ΑΝΔΡΟΜΑΧῼ.

480 3015 566 3072 Ex
605 3026 813 3084 aspectu
846 3022 1083 3073 nascitur
1130 3037 1295 3073 amor.
1336 3019 1567 3073 Proinde
1612 3020 1860 3073 vitandus
1892 3018 2171 3089 mulierum
2217 3025 2543 3089 conspectus.
2574 3014 2655 3089 .4_d
2694 3013 3070 3089 illud-Matth.
3100 3031 3153 3076 v,
3183 3015 3298 3089 28:
3337 3035 3357 3066 ι
3391 3016 3498 3080 Qui
3542 3017 3739 3086 respicit

1023 3092 1313 3151 mulierem,
1341 3110 1359 3142 ι
1393 3100 1490 3143 etc.
1535 3089 1775 3159 (Confer.
1810 3091 1963 3159 epist.
1992 3090 2075 3149 l7,
2106 3085 2197 3150 46,
2224 3095 2271 3137 et
2309 3084 2376 3138 03
2409 3082 2792 3150 Xenophontis,
2826 3085 2917 3137 lib.
2955 3101 2983 3137 ν
3005 3084 3199 3153 locus.)

551 3224 645 3277 Vel
684 3224 872 3278 videns
907 3239 973 3279 ne
1016 3239 1188 3290 ames,
1233 3223 1315 3276 vel
1373 3239 1565 3277 amans
1621 3239 1688 3277 ne
1745 3222 1950 3274 videas.
2002 3219 2061 3273 Si

480 3318 628 3384 prius
652 3316 779 3369 illud
809 3314 1020 3371 difﬁcile
1042 3316 1364 3385 quibusdam
1401 3326 1646 3384 apparet,
1674 3314 1763 3368 alii
1785 3329 1914 3369 vero
1944 3312 2059 3366 fieri
2100 3324 2101 3327 ‘

479 3426 640 3480 posse
693 3418 909 3479 negent,
958 3409 1185 3462 alterum
1237 3422 1366 3463 sane
1420 3407 1705 3461 tenendum
1766 3420 1829 3459 ac
1883 3405 2099 3472 reipsa'

2242 3214 2311 3266 Ἢ
2333 3213 2477 3283 ὁρῶν
2502 3212 2575 3283 μὴ
2608 3212 2730 3285 ἔρα,
2760 3213 2793 3284 ἢ
2819 3213 2957 3284 ἐρῶν
2990 3214 3065 3285 μὴ
3098 3215 3219 3287 ὅρα.
3242 3214 3365 3267 Είδὲ
3394 3214 3455 3268 τὸ
3488 3215 3743 3285 πρότερον

2166 3307 2277 3359 τισὶ
2309 3306 2408 3377 μὲν
2427 3305 2686 3358 δύσκολον
2715 3308 2988 3375 φαίνεται,
3018 3309 3131 3360 τισὶ
3165 3308 3221 3360 δὲ
3245 3307 3531 3380 saevam,
3554 3307 3613 3359 τὸ
3636 3308 3742 3359 δεύ·

2166 3415 2327 3471 τερον
2368 3399 2670 3467 ἀσκητέονο
2709 3398 2933 3467 ἄμεινον
2978 3398 3088 3469 γὰρ
3132 3400 3405 3468 ἀσφάλεια
3436 3399 3742 3469 φιλοτιμίας

481 3503 768 3572 agendum.
800 3501 1075 3556 Securitas
1103 3499 1246 3555 enim
1280 3499 1567 3568 cautioque
1593 3506 1816 3567 praestat
1850 3496 2059 3563 impru-

2174 3490 2400 3560 ἀκρίτου
2430 3504 2442 3518 ·
2469 3489 2565 3541 καὶ
2604 3488 2765 3542 τοῦτο
2797 3491 2928 3558 ἡμῖν
2959 3488 3059 3558 μὲν
3090 3489 3235 3551 θεῖος
3260 3490 3595 3559 προστάττει
3614 3506 3742 3559 χρη-

480 3595 628 3648 denti
655 3593 1148 3661 ambitione,idque
1169 3592 1411 3647 divinum
1435 3591 1736 3659 prmscribit
1759 3589 2060 3643 oraculum.

480 3689 613 3741 Cum
647 3703 776 3743 vero
802 3688 1041 3754 gentium
1077 3696 1225 3757 gesta
1253 3683 1617 3752 deprzcdicare
1654 3682 1847 3744 soleas,
1884 3679 1968 3734 vel
1998 3695 2064 3734 ex

483 3779 611 3847 ipsis
636 3778 842 3833 oraculi
871 3778 1155 3831 veritatem
1186 3789 1460 3843 exponere
1489 3773 1582 3828 tibi
1610 3772 1865 3827 conabor.
1894 3769 2066 3825 Omit-

483 3885 590 3924 tam
624 3871 807 3939 itaque
837 3884 1030 3924 causas
1058 3866 1283 3938 Troiani
1312 3866 1437 3920 belli
1469 3874 1523 3919 et
1552 3863 1868 3918 Messeniaci
1905 3881 1918 3915 :
1952 3862 2065 3917 Cir-

484 3963 762 4015 rhensium
807 3975 1022 4029 quoque
1065 3974 1188 4014 cum
1225 3958 1482 4027 Argivis;
1518 3956 1904 4009 Thebanorum
1934 3952 2061 4007 item

480 4070 602 4107 cum
629 4054 1019 4117 Phocensibus,
1071 4060 1255 4121 utpote
1287 4050 1398 4119 jam
1448 4035 1765 4103 decantatas
1818 4062 1882 4101 ac
1935 4061 2061 4115 pro-

484 4149 637 4203 tritas
669 4146 873 4218 (omnia
899 4146 1044 4201 enim
1076 4146 1189 4199 haec
1223 4143 1359 4197 bella
1391 4153 1445 4195 et
1470 4144 1654 4195 decem
1693 4147 1849 4194 erant
1879 4153 2065 4191 anno-

484 4255 623 4305 rum,
676 4247 733 4293 et
775 4239 846 4292 ob
900 4235 1132 4291 feminas
1177 4241 1303 4288 sunt
1357 4229 1529 4301 gesta)
1570 4231 1615 4282 Α
1658 4226 2064 4296 Xenophonteis

480 4347 633 4395 vero,
658 4345 778 4400 qua:
799 4328 992 4384 suntin
1018 4327 1285 4387 manibus,
1309 4323 1617 4392 exemplum
1649 4338 1880 4376 sumam.
1911 4318 2062 4373 Scito

482 4422 645 4489 igitur
697 4416 1153 4488 quemadmodum
1206 4413 1380 4483 Cyrus
1443 4426 1617 4480 neque
1674 4411 1857 4465 videre
1919 4408 2061 4461 Pan-

484 4516 684 4568 theiam
729 4512 919 4574 voluit,
974 4508 1188 4564 tametsi
1250 4506 1699 4560 formosissimum
1745 4501 2100 4571 iudicatam,~

483 4618 591 4658 non
617 4602 775 4655 modo
803 4600 1024 4655 libidine
1057 4597 1309 4659 invictus,
1344 4596 1453 4647 imo
1489 4592 1845 4659 temperantia
1883 4590 2061 4645 conti-
2098 4644 2099 4647 η

2168 3582 2326 3652 σμός.
2372 3581 2592 3651 Ἐπειδὴ
2640 3580 2697 3633 δὲ
2739 3581 2803 3634 σὺ
2836 3581 2904 3634 τὰ
2946 3580 3215 3650 Ἑλλήνων
3247 3582 3575 3653 πρεσϐεύεις
3600 3623 3614 3643 ,
3643 3584 3739 3635 κά-

2167 3675 2350 3729 κεῖθέν
2385 3692 2469 3726 σοι
2518 3674 2614 3727 τοῦ
2652 3673 2903 3745 χρησμοῦ
2945 3675 3044 3745 τὴν
3083 3674 3347 3744 ἀλήθειαν
3395 3676 3739 3745 παραστῆσαι

2168 3768 2527 3837 πειράσομαι.
2573 3765 2687 3827 Τὰς
2729 3766 2829 3834 μὲν
2885 3761 2981 3819 οὖν
3030 3766 3213 3829 αἰτίας
3263 3766 3361 3819 τοῦ
3412 3785 3473 3819 τε
3517 3765 3738 3820 Ἰλιακοῦ

2168 3858 2404 3929 πολέμου
2430 3901 2444 3924 ,
2482 3858 2578 3909 καὶ
2614 3856 2707 3908 τοῦ
2754 3855 3142 3927 Μεσσηνιακοῦ
3168 3897 3183 3922 ,
3223 3858 3319 3910 τοῦ
3359 3872 3421 3910 τε
3462 3858 3741 3930 Κιρραίων

2167 3949 2303 4019 πρὸς
2345 3949 2648 4018 Ἀργείους,
2671 3947 2766 4000 τοῦ
2805 3966 2865 4000 τε
2902 3948 3157 4019 Θηϐαίων
3184 3950 3321 4019 πρὸς
3356 3951 3580 4012 Φωκέας
3609 3966 3742 4019 παρ-

2166 4041 2304 4110 ήσω,
2357 4041 2433 4104 ὡς
2474 4040 3005 4112 κατημαξευμέναςο
3075 4040 3281 4104 πάντες
3325 4042 3436 4112 γὰρ
3478 4038 3623 4095 οὗτοι
3650 4040 3741 4093 καὶ

2166 4134 2443 4195 δεκαετεῖς
2466 4173 2480 4196 ,
2513 4135 2607 4186 καὶ
2631 4134 2718 4187 διὰ
2751 4135 3019 4199 γυναῖκας
3058 4134 3325 4202 ἐγένοντο.
3374 4136 3513 4187 Ἀπὸ
3547 4136 3605 4188 δὲ
3635 4135 3739 4188 τῶν

2166 4224 2526 4293 Ξενοφῶντος,
2546 4219 2628 4288 οἷς
2658 4226 2753 4278 καὶ
2777 4225 3130 4296 κεχείρωσαι,
3153 4224 3253 4297 τὴν
3281 4227 3560 4293 ἀπόδειξιν
3586 4228 3737 4297 ποιή-

2169 4334 2351 4385 σομαι.
2383 4315 2520 4369 ’Ίσθι
2549 4317 2750 4381 τοίνυν,
2781 4316 2859 4378 ὡς
2898 4319 2926 4371 ὁ
2955 4319 3052 4387 μὲν
3097 4318 3281 4390 Κῦρος
3313 4320 3453 4389 μηδὲ
3488 4320 3615 4373 ἰδεῖν
3639 4320 3734 4389 τὴν

2167 4407 2436 4459 Πάνθειαν
2483 4407 2886 4477 ἀνασχόμενος.
2946 4409 3126 4461 καίτοι
3199 4410 3486 4480 ἀμήχανον
3555 4410 3738 4474 κάλλος

2166 4496 2309 4567 ἔχειν
2367 4499 2842 4569 μαρτυρουμένην,
2895 4499 2956 4552 οὐ
3006 4499 3165 4569 μόνον
3206 4501 3302 4553 τοῦ
3360 4502 3460 4571 τῆς
3499 4502 3741 4571 λαγνείας

2172 4590 2443 4660 χειμῶνος
2487 4592 2588 4643 οὐκ
2632 4590 2899 4661 ἐπειράθη
2924 4629 2942 4653 ,
2991 4591 3128 4644 ἀλλά
3174 4593 3271 4645 καὶ
3314 4594 3640 4665 σωφροσύνῃ
3667 4594 3742 4646 δι-

482 4696 783 4763 nentiaque.
805 4693 1002 4747 clarus.
1034 4692 1273 4759 Araspas
1314 4703 1441 4742 vero
1472 4688 1571 4741 etsi
1603 4693 1749 4740 esset
1789 4686 1841 4738 in
1873 4684 2062 4752 primis

2174 4680 2435 4751 έλαμψεν.
2478 4682 2536 4734 'U
2560 4681 2617 4734 δὲ
2666 4682 2950 4753 Ἀράσπας
2972 4722 2988 4746 ,
3021 4683 3224 4753 καίπερ
3261 4684 3737 4755 μεγαλοφρονῆσας

483 4788 883 4859 magnanimus,
922 4785 995 4838 ita
1036 4792 1091 4837 ut
1130 4782 1338 4835 videret
1368 4782 1620 4849 quidem,
1665 4793 1771 4832 non
1801 4776 2062 4845 concupi-

2174 4772 2243 4836 ὡς
2267 4774 2360 4826 καὶ
2381 4773 2525 4844 ὁρῶν
2555 4773 2649 4827 καὶ
2678 4774 2752 4844 μὴ
2785 4775 2947 4843 ἐρῶν,
2982 4776 3063 4837 εἰς
3091 4774 3365 4843 τοσαύτην
3400 4777 3740 4829 κατέπαυσεν

480 4853 659 4935 sceret
681 4888 882 4949 tamen,
898 4875 1123 4945 pudoris
1146 4873 1360 4927 tandem
1382 4872 1652 4940 iacturam
1675 4870 1797 4925 fecit
1825 4888 1837 4923 :
1867 4879 2060 4938 captus

2174 4865 2454 4935 αἰσχύνην,
2487 4866 2743 4936 ἐρασθεὶς
2772 4867 2966 4937 αὐτῆς,
3008 4866 3107 4919 καὶ
3142 4867 3430 4931 ἱκετεύσας
3456 4908 3473 4933 ,
3516 4870 3615 4922 καὶ
3633 4868 3740 4922 δια-

483 4973 625 5026 illius
653 4984 841 5025 amore
892 4984 956 5023 ac
1006 4967 1226 5037 supplex
1275 4979 1617 5034 peccausque
1657 4962 1950 5025 desiderio,
2003 4969 2062 5014 ut

484 5063 630 5117 mille
653 5061 930 5114 machinas
944 5059 1144 5129 Cyrum
1164 5059 1423 5113 adhibere
1448 5055 1871 5116 fueritnecesse,
1898 5059 2061 5120 atque
2102 5108 2103 5111 η

481 5172 617 5225 opus
643 5155 805 5209 fuerit
853 5153 1105 5214 inventis,
1147 5167 1255 5219 quo
1280 5165 1309 5203 a
1338 5148 1475 5217 turpi
1508 5147 1658 5200 illum
1685 5159 1872 5199 amore
1905 5158 2062 5197 aver-

484 5257 645 5302 teret.
682 5246 812 5301 Uter
859 5244 1026 5313 igitur
1057 5242 1248 5297 melior
1298 5241 1391 5294 tibi
1446 5240 1594 5293 visus
1640 5248 1754 5300 est,
1804 5237 1921 5291 isne
1967 5235 2061 5304 qui

481 5348 599 5395 tuto
646 5354 741 5392 sua
777 5336 1095 5405 disponens,
1126 5343 1181 5389 et
1214 5333 1282 5386 ad
1328 5333 1469 5386 hanc
1509 5331 1651 5385 diem
1689 5328 2061 5397 temperantiae

483 5434 703 5486 nomine
728 5430 1052 5499 praedicatus
1076 5443 1092 5491 ;
1114 5434 1208 5478 aut
1237 5425 1327 5493 qui
1358 5423 1735 5492 intempestiva
1764 5423 2061 5478 ambitione

479 5517 716 5589 teipsum
757 5519 927 5573 ftedes
978 5532 1042 5571 ac
1084 5513 1388 5570 deformas?
1424 5529 1486 5568 ac
1523 5523 1651 5566 tunc
1679 5513 1896 5583 quidem
1937 5530 2062 5582 pro-

481 5612 654 5681 priam
701 5607 1063 5677 comprimens
1109 5603 1359 5673 loquendi
1392 5603 1719 5666 libertatem,
1752 5602 1844 5657 sed
1880 5602 2060 5657 omni-
2096 5658 2099 5661 ,

484 5703 587 5753 bus
616 5700 842 5768 posthac
891 5695 1119 5751 victuris
1149 5693 1457 5762 superbiam
1487 5692 1865 5762 duplicemque
1906 5693 2061 5761 igno-

485 5792 705 5848 miniam
761 5789 1025 5847 exhibens
1088 5785 1459 5842 deridendam.
1497 5785 1859 5855 Quamobrem
1915 5797 2059 5843 recte

2173 4956 2395 5027 μαρτὼν
2418 4957 2516 5027 τῆς
2548 4956 2846 5027 ἐπιθυμίας
2864 4997 2879 5021 ,
2913 4957 2988 5019 ὡς
3012 4957 3429 5026 ἀναγκασθῆναι
3456 4958 3551 5011 τὸν
3573 4958 3743 5027 Κῦρον

2174 5047 2400 5118 μυρίαις
2438 5042 2710 5117 μηχαναῖς
2759 5048 2856 5100 καὶ
2897 5048 3164 5108 ἐπινοίαις
3217 5048 3565 5119 χρήσασθαι,
3612 5050 3742 5104 ὥστε

2172 5138 2477 5203 ἀπαλλάξαι
2500 5140 2706 5192 ἐκεῖνον
2723 5140 2956 5209 αἰσχρᾶς
2986 5139 3326 5209 ὑπολήψεως.
3354 5141 3453 5204 Τίς
3474 5138 3568 5195 οὖν
3592 5141 3741 5212 ἀμεί-

2171 5248 2277 5284 νων
2313 5231 2466 5303 παρὰ
2512 5232 2616 5295 σοὶ,
2653 5232 2682 5284 ὁ
2712 5231 2971 5300 ἀσφαλῶς
3004 5232 3075 5284 τὰ
3116 5232 3240 5285 καθ’
3282 5234 3480 5289 ἑαυτὸν
3526 5236 3739 5300 διαθεὶς,

2169 5325 2267 5376 καὶ
2306 5323 2471 5394 μέχρι
2523 5322 2616 5377 νῦν
2657 5324 2750 5376 ἐπὶ
2800 5323 3126 5396 σωφροσύνῃ
3178 5325 3623 5396 ἀνυμνούμενος,
3659 5326 3740 5395 ἢὸ

2169 5415 2453 5487 φιλοτιμίᾳ
2485 5416 2697 5487 ἀκαίρῳ
2732 5417 2923 5470 ἑαυτὸν
2955 5417 3346 5488 καταισχύνας,
3382 5421 3483 5474 καὶ
3503 5420 3627 5473 τότε
3650 5422 3736 5490 μὲν

2166 5505 2266 5575 τὴν
2297 5506 2505 5558 οἰκείαν
2547 5506 2863 5577 παρρησίαν
2900 5506 3121 5571 σϐέσας,
3160 5509 3279 5570 τοῖς
3319 5507 3377 5560 δὲ
3407 5509 3551 5577 μετὰ
3578 5508 3735 5562 ταῦτα

2170 5599 2445 5669 παραδοὺς
2472 5598 2807 5669 κωμῳδῆσαι
2838 5599 2936 5653 καὶ
2962 5598 3062 5668 τὴν
3094 5594 3374 5669 προτέραν
3400 5599 3728 5662 ἀλαζονείαν,

2168 5691 2262 5743 καὶ
2282 5691 2381 5762 τὴν
2411 5690 2671 5761 δευτέραν
2706 5688 2952 5755 ἀδοξίαν;
2996 5689 3299 5759 Τοιγαροῦν
3343 5690 3443 5742 καὶ
3474 5690 3634 5752 αὐτὸς
3667 5687 3725 5740 τά

2171 5783 2312 5839 κατὰ
2339 5783 2567 5836 σεαυτὸν
2593 5780 2774 5846 καλῶς
2805 5778 3038 5847 οἰάκιζε,
3072 5781 3167 5834 καὶ
3192 5780 3267 5853 μὴ
3288 5781 3507 5854 ἀκαίρῳ
3541 5781 3719 5851 φιλοτι-
