3982 6420
191 404 337 468 ἱξὲθ

184 603 337 672 θρων
370 608 572 661 σαυτὸν
597 609 781 680 φέρων
816 612 1257 682 κατακρήμνιξε.

480 791 645 846 rear.
676 822 749 832 —
783 793 1019 864 nam;
1059 795 1490 852 MONAZONTI.

1091 412 1635 475 EPISTOLAHUM‘
1670 414 1817 474 LIB.
1853 414 1922 475 V.
1964 439 2033 449 —
2070 413 2308 477 EPIST.
2350 416 2685 478 CLXXVII.

189 513 293 582 μίᾳ
314 512 815 587 ὲκόακχευόμενος,
843 518 989 573 κατὰ
1025 519 1147 573 τιῖ>νη
1164 522 1267 591 τῆς
1294 522 1586 593 ἀσελγείας
1614 522 1789 593 βαρά-

3342 406 3481 473 1430

1892 534 1979 577 tua
2015 540 2159 580 nunc
2190 526 2432 593 institue,
2468 542 2602 581 neve
2651 523 3006 580 immoderato
3042 523 3225 578 litrens
3274 524 3480 576 ambitu

1900 615 1950 668 in
2013 616 2329 670 barathrum
2374 617 2607 671 lascivia:
2639 617 2867 686 teipsutn
2901 614 3249 683 libidinisque
3290 613 3483 682 praeci-

1897 708 2053 777 pites.

2067 784 2231 869 6'07
2261 797 2541 853 CLXXIV.
2575 828 2644 837 —
2680 797 2911 854 PAULO
2955 796 3310 851 uomcno.

1284 888 1545 945 Fratrum
1581 892 1744 945 trium
1778 891 2021 945 virtutem
2046 891 2401 945 commendat.

256 988 443 1054 Αὐτὸς
503 990 602 1063 μὲν
646 992 799 1059 ἄξιος
842 994 1083 1051 ἐπαίνων
1124 997 1440 1069 τυγχάνεις,
1486 1000 1515 1053 ὁ
1556 999 1613 1053 δὲ
1638 1017 1792 1078 ,πρε-

185 1081 465 1155 σὸύτερός
519 1102 613 1137 σου
648 1085 1220 1161 ἀδελφὸςᾜξιώτερος,
1270 1093 1298 1145 ὁ
1324 1090 1381 1145 δὲ
1415 1091 1792 1162 πρεσϐύτατος

186 1174 523 1240 ἀξιώτατος.
556 1178 690 1241 Ταῖς
720 1178 829 1251 γὰρ
856 1179 1099 1249 ἡλικίαις
1133 1181 1227 1236 καὶ
1250 1183 1285 1255 ή
1310 1183 1411 1253 τῆς
1440 1183 1643 1254 ἀρετῆς
1671 1182 1788 1236 ἐπί⁸

178 1269 339 1349 δόσις
376 1269 751 1342 συνέδραμεν·
812 1270 938 1327 ὅθεν
986 1273 1084 1327 καὶ
1136 1274 1230 1327 ἐπὶ
1274 1274 1383 1340 σοὶ,
1418 1274 1513 1328 καὶ
1555 1274 1654 1328 ἐπὶ
1708 1274 1787 1345 τῷ

181 1358 563 1434 πρεσϐυτέρῳ
608 1362 821 1439 χρηστὴ
852 1363 1006 1428 tam;
1028 1364 1200 1429 ἀνθεῖ,
1232 1366 1309 1429 ὼς
1348 1365 1443 1419 τοῦ
1471 1366 1785 1438 πρεσὸυτά-

179 1472 279 1506 του
314 1442 749 1526 προκοπτούσης
789 1455 891 1525 τῆς
915 1455 1132 1525 ἡλικίας
1158 1457 1258 1511 οὐκ
1289 1457 1782 1531 ἀπολειφθήσεσθε,

180 1545 306 1598 ἀλλ’
340 1546 584 1617 ἀοίδιμοι
636 1546 761 1599 κατ’
791 1547 1003 1601 ἐκεῖνον
1038 1549 1355 1619 γενήσεσθε.
1407 1548 1663 1619 Ἔχοντες
1692 1545 1789 1604 οὖν

184 1639 503 1708 συγγενικά
561 1636 999 1711 κατορθώματα,
1052 1641 1194 1713 πρὸς
1239 1642 1378 1696 αὐτὰ
1435 1643 1646 1697 τείνατε
1694 1644 1788 1699 τὸν

186 1731 432 1786 σκοπόν.

534 1822 703 1879 POE'.
742 1852 813 1864 -
851 1822 1087 1879 ῙΕΡΑΚΙ
1126 1825 1449 1898 ΔιΑιςοΝι).

1969 1000 2166 1069 Dignus
2195 1009 2247 1053 tu
2271 999 2489 1068 quidem
2517 999 2695 1061 laude,
2719 999 2948 1069 amplius
2967 1013 3101 1053 vero
3121 999 3211 1068 qui
3241 1005 3292 1052 te
3318 1006 3480 1051 aetate
3514 1064 3519 1071 t

1891 1092 2186 1159 antecellit,
2213 1090 2421 1159 frater;
2458 1093 2693 1147 maxime
2740 1106 2890 1157 vero,
2932 1091 3023 1162 qui
3053 1099 3180 1145 natu
3209 1089 3481 1143 maximus
3536 1152 3537 1157 η

1891 1194 1994 1241 est.
2024 1184 2159 1241 Cum
2186 1194 2348 1241 aetate
2370 1186 2586 1239 virtutis
2612 1200 2826 1255 quoque
2854 1185 2971 1239 ﬁeri
3019 1192 3166 1238 amat
3209 1184 3477 1236 accessio.

1891 1278 2047 1334 Unde
2072 1266 2126 1333 et
2152 1278 2203 1332 in
2236 1289 2306 1345 te,
2335 1286 2393 1333 et
2418 1276 2624 1346 majore
2651 1286 2779 1330 natu
2807 1275 2976 1329 fratre
3006 1290 3128 1345 spes
3161 1274 3299 1328 bona
3336 1277 3480 1342 viget

1887 1370 2023 1434 fore,
2055 1378 2112 1423 ut
2140 1369 2423 1424 deﬁciente
2458 1368 2509 1423 in
2544 1367 2760 1423 seniore
2805 1378 2896 1421 tuo
2946 1365 3119 1421 fratre
3168 1374 3348 1428 aetate,
3380 1365 3478 1431 ipsi

1888 1479 1991 1515 non
2026 1460 2384 1531 degeneretis,
2417 1460 2512 1515 sed
2536 1459 2670 1514 clari
2700 1474 2915 1527 semper
2945 1467 2999 1512 et
3023 1472 3121 1511 vos
3156 1454 3479 1510 reddamini.

1885 1554 2124 1623 Cognata
2166 1552 2329 1622 igitur
2368 1562 2518 1606 recte
2548 1549 2691 1605 facta
2736 1549 3021 1615 habentes,
3049 1548 3106 1601 in
3158 1546 3296 1616 ipsa,
3329 1554 3388 1599 ut
3426 1536 3481 1599 in

1888 1658 2134 1712 scopum,
2168 1642 2455 1698 intendite.

2161 1827 2419 1885 CLXXV.
2451 1857 2521 1868 -
2555 1825 2836 1881 IIIERACI
2878 1823 3200 1881 DIACONO.

659 1914 984 1985 Improbitas
1010 1926 1060 1972 et
1087 1919 1133 1972 si
1167 1919 1274 1973 lato
1303 1920 1564 1989 principio
1592 1935 1702 1974 esse
1722 1924 1980 2003 videatur,
2012 1934 2184 1976 tamen
2210 1923 2365 1992 ﬁnem
2400 1923 2779 1990 respiciendum
2806 1929 3002 1973 monet.

258 2024 334 2077 Εἰ
368 2024 467 2078 καὶ
498 2024 635 2097 πρὸς
675 2025 862 2098 κέρδος
906 2027 1264 2100 ἀνελεύθερον
1297 2030 1457 2102 ὁρῶν,
1494 2032 1589 2084 καὶ
1636 2031 1785 2101 φιλο-

185 2118 518 2187 χρηματίας
558 2118 723 2189 ἐρῶν,
766 2119 1053 2177 κάλλιστον
1085 2123 1271 2194 σαυτῷ
1301 2126 1411 2196 ἡγῇ
1447 2125 1784 2197 πεπρᾶχθαι,

186 2211 317 2265 ἀλλ’
353 2212 401 2266 ἀ.
430 2214 669 2283 μάλιστα
719 2215 820 2286 μὲν
849 2217 945 2271 καὶ
985 2218 1150 2283 αὐτὸς
1180 2218 1408 2289 βούλοιο,
1442 2220 1579 2291 πρὸς
1623 2222 1788 2292 τιμὴν

187 2301 297 2353 καὶ
319 2301 481 2365 δόξαν
505 2302 651 2357 ἐστὶν
681 2306 960 2376 αἴσχιστα.
986 2308 1049 2361 Εἰ
1069 2309 1126 2361 δὲ
1154 2308 1251 2362 καὶ
1276 2308 1373 2381 τὴν
1404 2311 1581 2380 πάντη
1601 2328 1661 2364 τε
1698 2324 1792 2365 και

188 2393 426 2457 πάντως
460 2393 734 2466 ὲψομένην
761 2399 873 2461 τοῖς
902 2398 1167 2463 τοιούτοις
1196 2401 1513 2473 τολμήμασι
1544 2403 1809 2471 λογίσαιοη

188 2483 381 2553 δίκην,
435 2480 493 2538 εὖ
541 2481 637 2539 οἷδ’
683 2487 765 2541 ὅτι
810 2489 1291 2563 καταθρηνήσειας
1324 2493 1539 2548 σαυτόν.
1587 2494 1789 2549 Σκόπει

188 2570 292 2628 οὖν
330 2575 394 2629 τὸ
428 2576 548 2630 δέον
568 2580 585 2610 δ
634 2578 698 2632 τὸ
746 2580 856 2652 γάρ
904 2581 1058 2647 τέλος
1092 2582 1155 2636 τὸ
1187 2584 1467 2640 κάνταῦθα
1496 2585 1656 2641 κάκεῖ
1680 2589 1792 2651 τοῖς

190 2665 493 2722 πταίουσιν
522 2668 788 2741 ἑπόμενον
822 2666 990 2737 οἶδας.

683 2852 868 2921 Ροςν.
898 2885 970 2896 -
993 2856 1082 2928 Tu
1107 2855 1313 2928 AYTQ.

1961 2036 2077 2089 Etsi
2122 2037 2187 2092 ad
2234 2034 2550 2090 illiberalem
2593 2042 2855 2104 quaestum
2912 2038 3163 2101 respectu
3209 2026 3396 2082 habito
3425 2034 3483 2081 et

1894 2125 2125 2180 habendi
2168 2126 2421 2183 incensus
2463 2124 2760 2194 cupiditate
2810 2123 3014 2191 optime
3065 2128 3242 2173 tecum
3271 2116 3475 2171 factum

1890 2218 2195 2284 existimes;
2227 2218 2320 2271 sed
2350 2232 2469 2287 quae
2498 2216 2835 2286 potissimum
2873 2215 2988 2281 ipse
3031 2219 3268 2281 reputes,
3311 2222 3378 2261 ea
3409 2208 3477 2260 ad

1895 2310 2153 2363 honorem
2193 2307 2525 2377 gloriamque
2565 2316 2691 2361 sunt
2752 2305 3086 2372 turpissima.
3146 2302 3205 2357 Si
3251 2314 3381 2355 vero
3424 2308 3480 2354 et

1896 2400 2136 2469 undique
2189 2406 2353 2467 atque
2388 2400 2610 2452 omnino
2657 2396 2782 2451 talia
2830 2395 3073 2449 facinora
3126 2392 3479 2448 comitantem

1899 2507 2112 2563 ptenam
2149 2494 2332 2547 animo
2354 2489 2611 2555 volveris,
2631 2498 2784 2544 certo
2804 2488 2918 2543 scio
2937 2488 3075 2554 lore,
3103 2495 3162 2540 ut
3190 2484 3483 2553 aliquando

1897 2583 2142 2652 deplores
2182 2581 2433 2651 teipsum.
2469 2578 2650 2646 Quare
2710 2577 3022 2642 considera,
3064 2574 3205 2645 quod
3242 2581 3480 2640 oportet.

1899 2672 2050 2729 Nosti
2083 2674 2227 2728 enim
2258 2680 2520 2742 quantum
2559 2670 2886 2740 supplicium
2926 2670 3014 2725 hic
3072 2677 3127 2723 et
3184 2668 3238 2720 in
3300 2666 3481 2718 futura

1901 2774 2114 2820 maneat
2142 2766 2248 2819 vita
2280 2763 2413 2833 legis
2443 2773 2898 2833 transgressores.

2366 2854 2644 2909 CLXXVI.
2675 2883 2746 2895 —-
2777 2852 3002 2907 ElDEM.

498 2937 856 3009 Ἀκόλαστος
892 2947 1030 3014 quis.
1077 2945 1214 3000 Vitio
1253 2956 1452 3014 careat,
1479 2948 1569 3017 qui
1603 2949 1766 3072 alium
1795 2947 2152 3030 reprehendit;
2184 2963 2307 3001 nam
2331 2962 2348 2999 :
2369 2944 2537 3014 Turpe
2564 2957 2641 2999 est
2672 2946 2895 3009 doctori,
2932 2960 3049 2996 cum
3077 2942 3231 3009 culpa

1590 3036 1644 3072 re
1687 3031 1855 3072 arumt
1891 3034 2083 3072 ipsum.

1590 3031 1855 3089 redarguit
1891 3034 2083 3086 Ipsum.

277 3127 348 3181 '0
400 3126 719 3191 ἀκόλαστος,
771 3124 1071 3191 τουτέστιν,
1118 3126 1147 3177 ὁ
1175 3124 1437 3198 ῥᾳθύμως
1479 3126 1650 3198 βιοὺς,
1698 3129 1821 3183 καὶ¹

1964 3122 2234 3191 Nequam,
2293 3123 2344 3176 id
2407 3131 2512 3186 est,
2578 3120 2911 3190 negligenter
2965 3118 3173 3181 vivens,
3236 3131 3334 3171 nec
3389 3132 3486 3171 sua

188 3219 304 3283 τὰς
338 3220 552 3282 οἰκείας
586 3218 661 3289 μὴ
712 3215 959 3279 κολάζων
996 3216 1314 3288 ἐπιθυμίας,
1344 3218 1483 3273 ἀλλὰ
1508 3219 1610 3281 τὰς
1638 3219 1796 3289 ἡνίας

190 3312 398 3373 αὐτοῖς
432 3309 670 3372 ἐνδιδοὺς
696 3307 791 3362 τοῦ
836 3309 971 3362 ὅπου
1021 3307 1297 3378 βούλοιντο
1335 3311 1557 3379 χωρεῖν,
1589 3310 1639 3362 εἰ
1670 3311 1796 3363 ἐπι-

191 3400 425 3471 χειροίη
490 3399 591 3464 τὰς
638 3400 750 3452 τῶν
814 3398 992 3453 ἄλλων
1055 3398 1329 3467 κολάζειν,
1388 3401 1799 3471 καταγέλαστος

192 3492 365 3545 ἔσται
408 3490 505 3544 καὶ
540 3491 922 3555 ἐπονείδιστος.
954 3491 1030 3545 Οὐ
1066 3490 1224 3562 μόνον
1258 3492 1368 3565 γὰρ
1390 3493 1546 3548 οὐδὲν
1586 3495 1796 3559 ἀνύσει,

194 3581 349 3635 ἀλλά
377 3583 473 3634 καὶ
504 3581 797 3652 κωμῳδίας
826 3581 1081 3645 ὑπόθεσις
1110 3582 1426 3654 γενήσεται,
1450 3583 1798 3653 κατορθῶσαι

199 3675 265 3726 ἐν
324 3673 507 3738 ἄλλοις
544 3671 905 3743 πειρώμενος,
944 3672 1087 3742 ἅπερ
1124 3674 1286 3737 αὐτὸς
1316 3674 1376 3727 οὐ
1412 3675 1798 3748 κατώρθωσεν.

199 3764 286 3816 Οὐ
336 3762 450 3833 γὰρ
503 3760 670 3827 ἔστιν,
714 3761 815 3814 οὐκ
864 3760 981 3813 ἔστι
1025 3760 1133 3814 τῶν
1191 3760 1491 3834 ἀλλοτρίων
1530 3764 1800 3836 κρατῆσαι

199 3853 433 3920 παθῶν,
470 3852 561 3905 τὸν
601 3852 713 3905 τῶν
754 3852 991 3905 οἰκείων
1016 3852 1100 3923 μὴ
1128 3854 1541 3924 περιγινόμενον
1561 3871 1576 3886 ·
1606 3856 1802 3909 ταυτὸν

200 3947 330 4017 γὰρ
364 3946 532 4009 ποιεῖ,
566 3938 679 3997 οἷον
723 3942 790 3997 ἂν
819 3944 871 3997 εί
895 3962 978 4007 τις
1008 3946 1315 4016 στρατηγὸς
1338 3948 1439 4018 τὴν
1465 3947 1567 4017 μὲν
1594 3948 1802 4002 οἰκείαν

201 4040 399 4104 πόλιν,
426 4036 693 4107 ἐμφύλιον
722 4037 951 4108 ἔχουσαν
985 4037 1245 4108 πόλεμον,
1272 4039 1368 4092 καὶ
1396 4038 1677 4106 νοσοῦσαν,
1708 4042 1804 4094 καλ⁹

206 4130 628 4194 στασιάζουσαν
680 4131 762 4192 εἰς
817 4128 1070 4198 ὁμόνοιαν
1118 4130 1466 4201 ἀγαγεῖνιμὴ
1521 4130 1801 4203 δυνηθείη,

203 4222 328 4274 τῶν
369 4221 430 4274 δὲ
460 4219 660 4287 ἔξωθεν
711 4219 965 4290 πολέμων
1003 4220 1356 4291 περιέσεσθαι
1390 4222 1801 4291 ἐπαγγέλλοιτο.

208 4312 367 4383 Πρὸς
437 4311 496 4365 ὃν
558 4328 643 4374 τις
696 4310 923 4373 εἰκότως
977 4310 1112 4380 φαίη
1140 4327 1154 4341 ·
1199 4310 1600 4383 Ἐμὸρόντητε,
1670 4314 1802 4379 ἴσως

206 4404 459 4473 ἀγνοεῖς,
494 4403 578 4455 ὅτι
609 4402 671 4455 οὐ
701 4402 955 4454 τοσοῦτον
984 4402 1034 4453 οἰ
1068 4401 1354 4470 ἀλλόφυλοι
1394 4403 1646 4472 πόλεμοι,
1680 4405 1805 4459 ὅσον

1897 3214 2191 3265 emendans
2232 3212 2360 3264 vitia
2400 3219 2560 3277 atque
2586 3209 2961 3277 cupiditatem,
3002 3206 3098 3259 sed
3145 3204 3384 3258 habenas
3415 3205 3486 3259 iis

1897 3302 2106 3367 laxans,
2139 3317 2264 3371 quo-
2284 3301 2397 3357 vult
2424 3301 2647 3366 deferri,
2677 3300 2965 3371 permittit,
2997 3300 3041 3354 si
3073 3297 3482 3367 reprehendere

1898 3403 2145 3458 conatur,
2185 3394 2231 3448 is
2274 3394 2534 3449 ridiculus
2567 3394 2777 3448 tandem
2812 3393 3006 3447 evadet
3050 3402 3213 3460 atque
3245 3389 3485 3445 infamis.

1899 3487 2015 3543 Non
2050 3489 2222 3542 solum
2264 3488 2409 3542 enim
2455 3485 2587 3540 nihil
2622 3484 2856 3553 expedit,
2897 3486 2990 3538 sed
3024 3492 3079 3537 et
3106 3483 3247 3551 vulgi
3297 3484 3355 3537 lit
3405 3482 3488 3535 fa-

1899 3580 2048 3648 bula,
2083 3580 2357 3649 corrigere
2391 3580 2443 3633 in
2474 3579 2595 3633 aliis
2624 3586 2860 3643 tentans,
2896 3576 2949 3629 in
2995 3591 3103 3645 quo
3153 3576 3269 3643 ipse
3320 3572 3491 3629 delin-

1900 3675 2037 3744 quit.
2069 3672 2256 3744 Neque
2298 3674 2445 3728 enim
2485 3673 2616 3727 mihi
2666 3674 2848 3737 crede,
2890 3670 3119 3724 aliorum
3160 3669 3287 3723 vitia
3329 3680 3489 3723 sana-

1902 3769 2001 3835 bit,
2046 3768 2137 3836 qui
2174 3782 2280 3822 non
2325 3766 2543 3837 propria
2591 3763 3003 3834 expugnaverit.
3033 3761 3179 3817 Idem
3214 3761 3358 3815 enim
3388 3760 3490 3829 ipsi

1906 3856 2179 3921 usuvenit,
2201 3857 2515 3928 quod‘duci,
2548 3857 2637 3926 qui
2667 3856 2946 3911 civitatem
2981 3868 3133 3908 suam
3167 3851 3311 3908 bello
3350 3852 3493 3905 inte-

1905 3951 2045 4005 stino
2073 3948 2326 4004 alllictam
2357 3949 2825 4016 seditionibusque
2853 3946 3112 4015 agitatam
3152 3944 3218 3999 ad
3256 3958 3490 3999 concor-

1906 4042 2046 4096 diam
2072 4042 2341 4097 adducere
2365 4056 2488 4096 cum
2513 4055 2619 4096 non
2649 4040 2839 4107 possit,
2863 4036 3104 4093 externis
3135 4034 3331 4090 bellum
3364 4048 3481 4087 uto-

1906 4140 2049 4188 veat.
2080 4133 2179 4188 Cui
2209 4133 2405 4187 merito
2439 4131 2563 4202 quis
2609 4130 2849 4186 dixerit:
2882 4129 3077 4193 Stulte,
3128 4142 3197 4181 an
3248 4128 3490 4198 ignoras,

1909 4242 2012 4279 non
2040 4225 2262 4295 perinde
2291 4225 2477 4279 hostes
2502 4230 2756 4277 externos
2786 4234 2982 4274 nocere
3015 4228 3177 4288 atque
3202 4219 3445 4271 internos
3469 4217 3493 4271 ?

1910 4316 2064 4371 Prius
2088 4318 2268 4385 itaque
2297 4314 2455 4370 civile
2487 4313 2687 4369 bellum
2709 4321 2793 4367 est
2816 4309 3271 4380 componendum,
3293 4308 3492 4362 deinde

1909 4408 2116 4464 externi
2148 4405 2498 4477 aggrediendi
2520 4413 2645 4460 sunt
2666 4404 2870 4458 hostes.

206 4500 265 4553 οἰ
326 4496 586 4568 ἐμφύλιοι
642 4495 1074 4565 διαφθείρουσι;,
1102 4495 1224 4567 Χρὴ
1278 4494 1379 4551 οὖν
1427 4497 1646 4568 πρῶτον
1707 4500 1799 4554 τὸν
1858 4502 2007 4558 ἔνδον
2052 4501 2244 4555 σϐέσαι
2278 4500 2536 4569 πόλεμον,
2589 4496 2684 4551 καὶ
2747 4496 2869 4549 τότε
2904 4496 3014 4559 τοῖς
3081 4492 3186 4559 ἔξω
3216 4490 3495 4562 πολεμίοις

214 4588 522 4663 μάχεσθαι.

685 4681 853 4736 POZ'.
893 4713 964 4723 —
1000 4684 1344 4755 ΕΠΙΦΑΝΙῼ.

2267 4676 2571 4736 CLXXVII.
2615 4708 2684 4717 —
2751 4672 3137 4731 EPIPHANIO.

1277 4797 1356 4853 De
1385 4800 1450 4853 iis
1479 4816 1701 4870 quonam
1729 4801 1831 4853 vita
1859 4798 2111 4851 doctrina;
2149 4809 2254 4847 non
2277 4791 2534 4845 convenit.

313 4873 538 4959 Ἐπέιδὴ
586 4887 890 4959 θαυμάζειν
920 4889 1076 4960 ἔφης,
1106 4890 1254 4954 ὅπως
1291 4892 1341 4944 οἰ
1378 4893 1477 4962 μὲν
1507 4891 1641 4947 θεῖοι
1672 4910 1810 4964 χρη-

220 4981 365 5052 σμοὶ
419 4980 653 5050 ἡσυχίαν
710 4982 863 5051 ἡμᾶς
920 4982 1076 5049 ἀγειν
1125 4983 1261 5050 φασὶ
1297 4983 1517 5053 χρῆναι,
1576 4983 1678 5037 κᾶν
1728 5000 1813 5047 τις

220 5073 384 5142 ἡμᾶς
430 5070 616 5142 ἀδικῇ,
656 5073 707 5125 οἱ
736 5072 794 5126 δὲ
824 5071 1031 5125 τούτων
1058 5073 1396 5144 ἑρμηνευταὶ
1437 5074 1499 5126 οὐ
1532 5073 1812 5144 βούλονται

1989 4884 2435 4955 Quandoquidem
2466 4881 2734 4936 mirarite
2761 4881 2843 4935 ais
2867 4892 3066 4935 sacras-
3084 4878 3317 4934 Litteras
3347 4888 3497 4934 tran-

1911 4982 2081 5051 quillo
2114 4989 2173 5033 ut
2200 4978 2372 5032 simus
2394 4974 2718 5045 placidoque
2745 4971 2933 5026 animo
2962 4970 3253 5040 imperare,
3280 4971 3496 5025 etiamsi

1914 5076 2035 5145 quis
2083 5070 2241 5126 laedat
2269 5063 2813 5136 iniuriaque-alliciat
2849 5063 2934 5129 ”;
2973 5062 3067 5132 qui
3109 5075 3240 5117 vero
3268 5059 3385 5130 ejus
3411 5060 3495 5115 in-

222 5161 688 5233 ήσυχίαν-ἀγειν,
708 5162 937 5229 ¹οὐδενὸς
968 5164 1167 5227 αὐτοὺς
1200 5165 1536 5229 ἀδικοῦντος.
1571 5164 1693 5219 Κάν
1731 5181 1815 5227 τις

1917 5173 2184 5235 terpretes
2208 5161 2505 5229 Seripturze
2531 5156 2804 5213 exsistunt
2830 5155 3112 5224 quiescere
3141 5152 3354 5212 nolunt,
3393 5152 3498 5208 etsi

227 5254 439 5318 αὐτοὺς
480 5253 725 5324 ἐλέγχειν
772 5255 1100 5327 ἐπιχειροίη,
1132 5255 1490 5328 λοιδορεῖσθαι
1522 5257 1812 5324 φάσκουσι,

228 5348 333 5401 καὶ
358 5346 438 5410 ὡς
466 5346 559 5398 ἐπὶ
591 5344 920 5400 καθοσιώσει
946 5348 1143 5403 ἁλόντα
1171 5348 1328 5413 δίκας
1356 5349 1654 5418 πράττουσι
1680 5347 1815 5419 (26).

313 5459 361 5492 ³⁸³
403 5456 598 5511 Matth.
637 5471 691 5524 v,
728 5456 822 5511 29.

1916 5271 1945 5310 a
2006 5255 2221 5309 nemine
2269 5253 2565 5317 laedantur;
2599 5259 2654 5303 et
2688 5248 2732 5303 si
2756 5248 2888 5318 quis
2929 5247 3084 5316 ipsos
3104 5243 3502 5316 reprehendere

1916 5357 2165 5412 conetur,
2196 5345 2357 5400 irrisu
2395 5341 2761 5411 conviciisque
2797 5339 3018 5395 onerari
3071 5352 3132 5394 se
3173 5348 3498 5407 queruntur,

1341 5542 1574 5601 VABIIE
1606 5542 1992 5601 LECTIONES
2028 5542 2121 5599 ET‘
2154 5541 2391 5597 NOTIE.

315 5682 432 5753 (26)
462 5683 570 5737 Kal
597 5684 677 5747 ὡς
708 5679 805 5734 ἐπὶ
839 5678 1193 5753 κᾳθοσιώσει
1452 5677 1624 5753 δίκας
1647 5677 1822 5747 πράτ-

1930 5683 2010 5729 est
2043 5674 2286 5729 homines
2325 5674 2457 5741 pios.
2486 5681 2538 5727 et
2583 5673 2689 5727 Deo
2732 5679 3079 5726 consecratos
3129 5667 3413 5731 traducere
3445 5677 3503 5741 et

239 5739 484 5808 τοὺσίν.
533 5739 779 5812 Reddidi,
828 5752 964 5805 velut
1015 5752 1071 5802 in
1120 5751 1398 5818 sacrilegio
1447 5739 1821 5815 deprehensum
1932 5744 2270 5818 ralumniari,
2304 5739 2518 5818 quodet
2549 5742 2707 5818 larva).
2734 5742 3037 5809 hujusumdi
3080 5741 3415 5818 prodendum
3451 5739 3496 5818 si

241 5807 437 5894 puniri
454 5824 650 5878 volunt.
676 5807 830 5878 Alter
852 5829 1009 5877 antea
1038 5839 1050 5877 :
1076 5820 1275 5876 Verum
1307 5807 1450 5875 Enim
1481 5807 1823 5887 sacrilegium
1933 5819 1997 5871 de
2047 5814 2284 5885 peccatis
2322 5807 2583 5883 'vitiisque
2622 5807 3032 5867 adittoneantur.
3087 5808 3162 5865 De
3209 5823 3339 5864 νυεο
3377 5807 3502 5861 mlta
