3982 6420
189 398 328 464 1433

1077 395 1604 458 EPISTOLARUM
1643 398 1793 460 LIB.
1831 399 1901 459 V.
1941 421 2009 432 -
2035 395 2272 457 EPIST.
2300 387 2623 462 CLXXXV.

3335 396 3472 462 1434

187 512 538 585 σϐεστηρίοις
577 509 849 580 χρώμενοι
890 506 989 577 τὴν
1033 507 1210 577 φλόγα
1241 507 1670 564 καταπαύουσιν.
1713 509 1775 561 El
1805 524 1833 579 Α

1909 507 2021 572 ιὶΙίε,
2053 509 2168 569 sed,
2199 523 2320 574 quae
2343 510 2691 578 exstinguere
2718 517 2845 565 nata
2869 510 2979 564 sint
3013 508 3305 572 ﬂammam,
3334 509 3473 576 adii-

185 606 372 658 τοίνυν
421 597 524 656 και
567 601 730 662 αὐτὸς
785 599 960 668 βούλει
1009 600 1110 669 τὴν
1171 600 1274 669 τῆς
1335 601 1775 671 φιλοχρηματίας

188 696 386 749 σϐέσαι
424 694 676 764 κάμινον,
705 695 772 762 τῇ
803 690 1174 762 ὑπεξαιρέσει,
1221 691 1359 747 ἀλλὰ
1393 692 1468 762 μὴ
1503 695 1568 763 τῇ
1603 709 1774 762 προσ-

187 790 336 861 θήκῃ
380 786 539 840 τοῦτο
584 785 783 855 ῥᾳδίως
842 784 1060 837 ἀνύσειν
1116 783 1340 847 ἔλπιζε·
1383 784 1686 854 σϐεστήρια
1720 784 1790 838 δὲ·

189 873 584 945 φιλαργυρίας,
613 870 976 943 ἐλεημοσύνη,
1005 873 1099 925 καὶ
1127 873 1161 943 ἡ
1190 871 1299 926 τῶν
1319 873 1592 944 δεομένων
1618 874 1776 944 εὐερ-

189 967 378 1036 γεσία.

440 1075 611 1129 PIIB'.
641 1103 713 1113 —
741 1071 982 1144 ΛΟΥΚᾼ
1025 1073 1517 1145 ΛΑΜΠΡΟΤΑΤῼ.

1882 599 2052 652 ciunt.
2101 598 2155 650 Si
2209 599 2392 666 itaque
2423 608 2477 653 et
2514 601 2630 668 ipse
2660 602 3011 670 exstinguere
3046 598 3290 652 avaritia:
3326 597 3473 651 desi-

1883 691 2041 746 deras
2093 689 2392 753 fornacem,
2445 706 2551 744 non
2614 692 2839 759 adjemis
2879 693 3001 746 aliis
3042 691 3196 745 facile
3232 700 3285 744 te
3314 703 3474 757 posse

1883 781 2144 852 perficere
2191 795 2398 850 speres,
2430 785 2525 836 sed
2575 785 2930 838 detrahendo.
2964 783 3257 838 Avaritiam
3288 790 3472 834 autem

1885 873 2175 943 restinguit
2233 872 2601 946 eleemosyna,
2651 886 2816 946 atque
2878 876 2933 930 in
2980 885 3201 945 egentes
3251 871 3473 926 muniti-

1885 965 2088 1020 centia.

2015 1074 2319 1130 CLXXXII.
2337 1107 2407 1116 —
2420 1076 2629 1134 [ιυοΕ
2674 1077 3096 1136 CLARISSIMO
3145 1076 3335 1134 VIRO.

260 1169 495 1226 Himera
518 1176 786 1223 exerceant
809 1167 968 1221 etiam
1000 1167 1281 1235 sapientes.
1311 1166 1458 1220 Auro
1479 1166 1575 1234 jus
1610 1167 1944 1305 perger‘tiitur.
1979 1171 2047 1221 At
2094 1169 2174 1223 vir
2200 1173 2378 1238 justus
2400 1186 2464 1224 ea:
2504 1187 2654 1241 wquo
2683 1183 2732 1227 et
2781 1171 2936 1238 bona,
2979 1188 3081 1224 non
3108 1187 3171 1225 ea:
3209 1169 3403 1238 a/Tectu

1747 1254 1778 1289 ιι
1821 1249 1944 1293 ισαι.

1747 1249 1944 1293 uatcat.

274 1350 471 1422 Ὄρθον
501 1349 563 1403 τὸ
587 1348 796 1403 δίκαιον
825 1348 1020 1417 ἐκείνῳ
1047 1345 1318 1416 φαίνεται,
1353 1347 1431 1418 τῷ
1475 1365 1580 1419 χρη
1592 1351 1776 1417 μάτων

190 1445 490 1516 κρείττονι,
517 1436 564 1511 ᾧ
591 1443 745 1496 οὐδὲν
771 1442 965 1512 κέρδος
993 1445 1106 1504 τοῖς
1148 1442 1248 1510 τῆς
1274 1441 1454 1510 ψυχῆς
1478 1440 1777 1510 ὀφθαλμοῖς

190 1537 513 1591 ἐπισκοπεῖ.
543 1535 608 1588 Et
636 1534 745 1606 γὰρ
767 1533 916 1606 δῶρα
945 1533 1203 1601 ἐκτυφλοϊ
1227 1531 1540 1600 ὀφθαλμοὺς
1578 1530 1778 1599 σοφῶν,

1956 1347 2182 1404 Rectum
2242 1348 2317 1404 illi
2371 1349 2635 1418 judicium
2689 1357 2938 1420 apparet,
2971 1349 3067 1419 qui
3107 1348 3333 1403 avaritia
3365 1363 3473 1404 non

1884 1451 2248 1511 expugnatur,
2277 1442 2362 1496 cui
2396 1442 2528 1496 lucri
2573 1443 2813 1498 studium
2871 1443 3066 1496 anima:
3125 1441 3310 1496 oculos
3362 1457 3468 1494 non

1886 1533 2216 1602 exstinguat.
2253 1532 2310 1588 Si
2344 1534 2488 1589 enim
2525 1553 2544 1586 ι
2585 1550 2810 1589 munera
2842 1536 3150 1604 sapientum
3185 1541 3472 1587 excazcant

190 1629 325 1692 τοὺς
345 1627 583 1694 ἀσόφους
606 1625 659 1678 τί
681 1625 782 1678 οὐκ
817 1624 1144 1696 emacem;
1181 1623 1390 1693 Ὥσπερ
1419 1623 1529 1693 γὰρ
1565 1621 1659 1675 ἐὰν
1690 1624 1783 1676 ἐπὶ

1909 1625 2092 1678 umina
2122 1623 2187 1691 “,
2215 1644 2234 1676 ›
2258 1625 2605 1693 insipientum
2637 1627 2766 1696 quid
2799 1641 2904 1681 non
2939 1624 3182 1681 facient?
3209 1623 3476 1691 Quemad-

194 1719 406 1789 θάτερα
458 1716 554 1770 τοῦ
618 1715 786 1784 ζυγοῦ
841 1714 1064 1785 χρυσίον
1121 1713 1524 1785 προσενέγκῃς,
1583 1713 1782 1767 καθέλ-

1909 1716 2106 1770 nodum
2142 1717 2188 1771 si
2219 1717 2378 1770 alteri
2425 1716 2626 1771 bilanci
2687 1733 2879 1772 aurum
2918 1717 3188 1786 imponas,
3219 1714 3347 1769 lanx
3376 1714 3471 1766 de-

195 1826 356 1862 κεται
383 1808 498 1880 (27)
529 1810 563 1878 ἡ
592 1807 882 1874 πλάστιγξ,
919 1806 1014 1859 καὶ
1058 1804 1244 1859 ἄνισον
1273 1805 1514 1857 δείκνυσι
1549 1804 1643 1858 τὸν
1683 1803 1780 1868 ζυ-
1817 1844 1833 1904 1

1909 1807 2161 1872 ιτίιηίιιιν,
2195 1818 2248 1861 et
2281 1808 2542 1877 inaequale
2578 1811 2819 1863 ostendit
2865 1809 3055 1879 jugnm
3085 1826 3099 1864 :
3125 1809 3201 1863 sic
3231 1816 3286 1862 et
3309 1805 3475 1874 judex

198 1897 327 1963 γόν·
367 1897 515 1949 οὕτω
564 1897 658 1950 καὶ
704 1898 833 1949 ὅταν
883 1897 911 1948 ὁ
960 1894 1062 1964 τῆς
1109 1895 1293 1964 ψήφου
1337 1895 1524 1964 κύριος
1561 1895 1782 1965 χρυσίον
1817 1894 1833 1904 “

1909 1915 2012 1952 :um
2042 1915 2175 1954 auro
2225 1901 2616 1968 corrumpitur,
2667 1901 2800 1953 nihil
2856 1910 3066 1954 rectum
3109 1907 3203 1952 aut
3242 1896 3479 1952 salutare

198 1985 380 2047 λάϐοι,
405 1985 558 2038 οὐδὲν
586 1984 652 2039 ἂν
673 1985 850 2055 ὀρθῶς
875 1983 983 2036 οὐδ’
1011 1984 1180 2051 ὑγιῶς
1205 1983 1519 2053 ψηφιεῖταιο
1551 1986 1577 2036 ὀ
1600 1983 1657 2035 δὲ
1675 1983 1784 2036 τῶν

1909 1991 2111 2045 udicat.
2150 1991 2254 2057 Qui
2319 2007 2450 2046 vero
2489 1993 2679 2062 judicii
2745 1992 3038 2045 terminum
3098 1990 3312 2053 statuit,
3359 2003 3469 2042 non

197 2077 441 2146 κρίσεων
486 2077 611 2148 ὅρον
655 2077 717 2129 τὸ
759 2076 986 2141 δίκαιον,
1041 2075 1102 2128 οὐ
1138 2076 1237 2145 τὴν
1289 2075 1498 2127 οίκείαν
1531 2074 1786 2145 βούλησιν

1909 2083 2167 2151 iropriam
2210 2084 2572 2148 voluntatem,
2610 2098 2676 2138 eo
2735 2084 3002 2139 inclinare
3041 2081 3174 2139 facit
3230 2082 3476 2146 decreta,

199 2165 552 2236 ποιούμενος,
584 2169 702 2220 ἐκεῖ
749 2167 936 2235 ῥέπειν
965 2166 1381 2235 παρασκευάζει
1423 2167 1520 2229 τὰς
1547 2166 1784 2237 ψήφους,

1909 2188 1997 2244 [uo
2024 2173 2291 2244 justitiam
2326 2191 2549 2246 vergere
2581 2174 2910 2230 observarit.

199 2257 335 2310 ἔνθα
356 2258 458 2330 τὴν
487 2258 642 2327 δίκην
668 2257 928 2310 νεύουσαν
954 2257 1217 2311 θεάσοιτοε

511 2364 682 2419 PfIl".
719 2393 786 2404 —
812 2365 1060 2435 ΑΛΦΕΙῼ
1099 2363 1470 2434 ΕΠΙΣΚΟΠῼ.

2135 2369 2824 2427 CLXXXlli.—ALPHIO
2878 2369 3230 2425 EPISCOPO.

202 2458 471 2510 Aduersus
497 2473 604 2522 eos,
644 2458 735 2527 qui
765 2470 1102 2524 spontaneum
1150 2456 1803 2538 paupertatemuprofessi,
1847 2477 1966 2538 opes
2009 2467 2248 2518 omnibus
2286 2467 2455 2521 modis
2505 2472 2827 2532 corradunt,
2858 2474 2909 2520 et
2951 2463 3304 2533 eleemosynas
3353 2475 3481 2529 pau-

1431 2528 1641 2595 peribus
1671 2528 2275 2594 debitasinterverlunt.

288 2634 563 2699 Ἦλιθίους
592 2632 770 2703 ἔγωγε
796 2633 932 2704 ἡγοῦ
941 2650 1040 2704 μαι
1065 2633 1192 2696 τοὺς
1220 2633 1314 2685 ἐπὶ
1352 2633 1451 2704 μὲν
1476 2633 1586 2687 τῶν
1612 2635 1790 2704 λόγων

200 2726 305 2790 τὰς
332 2725 682 2789 ἐναντιώσεις
707 2725 970 2791 ὁρῶντας,
1003 2726 1096 2778 ἐπὶ
1121 2724 1180 2778 δὲ
1216 2726 1327 2778 τῶν
1350 2726 1527 2796 ἔργων
1552 2726 1626 2798 μὴ
1655 2729 1790 2782 καθ-

1961 2641 2169 2696 Stultus
2200 2643 2246 2697 is
2293 2642 2568 2712 equidem,
2595 2642 2809 2710 opinor,
2863 2647 2968 2705 est,
3009 2641 3255 2706 quicum
3318 2638 3479 2693 verba

1893 2741 2079 2801 aperte
2139 2733 2337 2787 viderit
2404 2733 2731 2802 pugnantia,
2792 2743 2970 2786 tamen
3033 2746 3214 2786 rerum
3273 2729 3478 2784 nullum

201 2820 474 2889 ορῶντας.
523 2819 596 2872 Τὸ
643 2819 753 2889 γὰρ
802 2819 910 2872 ἀπὸ
954 2817 1062 2871 τῶν
1135 2818 1514 2889 συλλογισμῶν
1569 2819 1812 2888 εὔλογον

1911 2826 2055 2880 labet
2125 2835 2454 2894 respectum.
2525 2822 2658 2878 Nam
2715 2824 3148 2895 syllogismorum
3213 2824 3483 2877 rationem

204 2909 661 2981 προϐαλλόμενοι,
696 2909 956 2962 τάναντία
997 2903 1072 2962 ὧν
1103 2925 1237 2977 φασι
1291 2909 1426 2980 δρᾷν
1477 2910 1538 2962 οὐ
1588 2927 1790 2980 παραι-

1909 2917 2252 2981 )roferentes,
2279 2917 2556 2970 contraria
2617 2916 2707 2981 iis,
2742 2931 2862 2984 quae
2904 2916 3110 2979 dicunt,
3154 2928 3320 2983 agere
3376 2929 3484 2966 non

203 3002 451 3056 τοῦνται.
501 3001 612 3072 Τὴν
643 3001 776 3070 γοῦν
826 3001 1216 3071 ἀκτημοσύνην
1267 3002 1521 3071 μέγιστον
1565 3001 1790 3069 ἀγαθὸν,

1909 3022 2169 3064 verentur.
2201 3008 2440 3078 inopiam
2478 3007 2662 3076 itaque
2712 3007 3032 3072 maximum,
3060 3017 3118 3061 ut
3147 3014 3228 3062 est
3259 3019 3474 3067 revera,

204 3090 401 3162 ὥσπερ
428 3087 524 3145 οὖν
552 3092 649 3144 καὶ
675 3091 844 3156 ἐστιν,
878 3090 1262 3160 ὑποτιθέμενοι
1291 3090 1429 3159 (28),
1464 3093 1529 3144 ἐκ
1555 3090 1665 3143 τῶν
1699 3093 1796 3143 ἀλ-

1909 3117 2159 3156 mnorum
2199 3110 2522 3165 statuentes,
2557 3115 2623 3153 ex
2656 3100 2886 3153 aliorum
2933 3100 3149 3153 damnis
3208 3106 3481 3167 qumstum

204 3184 441 3255 λοτρίων
499 3183 841 3254 κερδαίνουσι
887 3184 1218 3254 συμφορῶνο
1272 3184 1368 3236 καὶ
1417 3183 1516 3252 τὴν
1569 3171 1833 3253 ἐλεημο-⁴

1909 3196 2127 3260 faciunt,
2151 3196 2217 3248 et"
2253 3191 2651 3263 eleemosynam
2687 3202 2746 3247 ut
2787 3208 2902 3248 rem
2939 3192 3177 3245 divinam
3215 3186 3486 3242 extollen-

207 3277 382 3347 σύνην
405 3276 803 3359 ἐκθειᾲζοντες,
833 3277 903 3329 τὰ
933 3275 1044 3328 τῶν
1073 3275 1343 3329 ἐλεεῖσθαι
1367 3275 1636 3345 δεομένων
1665 3293 1796 3344 σφεα

1909 3296 2022 3350 tes,
2063 3301 2292 3355 quorum
2348 3285 2594 3339 misereri
2637 3290 2945 3352 'oporterel,
2979 3280 3191 3334 illorum
3221 3292 3310 3332 res
3359 3289 3490 3330 suas

206 3369 548 3442 τεριζόμενοι
595 3369 698 3422 οὐκ
736 3368 1070 3440 ἐρυθριῶσι·
1104 3369 1199 3421 καὶ
1241 3368 1305 3421 τὸ
1335 3369 1656 3422 κοινωνικὸν
1700 3369 1794 3422 καὶ

1909 3376 2130 3440 faciunt,
2162 3391 2262 3430 nec
2289 3375 2641 3429 erubescunt.
2671 3373 2910 3441 Denique
2940 3366 3487 3424 communicationem

208 3461 573 3532 εὐμετάδοτον
626 3461 1118 3532 ἀνακηρύττοντες,
1174 3461 1644 3532 χρηματιζόμενοι
1693 3461 1795 3514 οὐκ

1909 3467 2365 3538 largitionemque
2409 3467 2865 3537 depraedicantes,
2895 3462 3054 3518 bonis
3108 3458 3325 3514 inhiare
3381 3471 3489 3510 non

209 3551 583 3622 αἰσχύνονται.

1909 3566 2192 3610 νει-οιιιιιτ.

557 3660 725 3714 ΡΠΔ¹.
753 3690 825 3702 -
852 3660 1087 3714 IEPAKI
1107 3661 1450 3733 ΔΙΑΚΟΝῼ.
2150 3664 2865 3726 CLXXXIV.—illERACl
2912 3658 3239 3717 DlACONO.

388 3753 458 3808 In
484 3756 636 3838 malis
667 3763 900 3818 acutum,
926 3753 1154 3808 hebetem
1179 3755 1437 3816 in'nobis,
1462 3753 1615 3823 jubet
1642 3753 1809 3808 animi
1838 3753 2048 3808 oculum
2072 3761 2322 3827 purgare,
2361 3768 2417 3812 ut
2453 3759 2645 3812 bonum
2691 3754 2990 3823 "salumque
3013 3753 3311 3821 dignoscat.

281 3865 493 3929 Πάντες
543 3863 748 3935 σχεδὸν,
793 3859 875 3927 οἷς
906 3865 1106 3934 ἀρετῆς
1139 3863 1318 3931 λόγος,
1370 3863 1555 3932 φασὶν,
1589 3862 1665 3926 ὡς
1697 3861 1792 3930 ὀξὺ

1970 3865 2370 3937 Propemodum
2401 3884 2594 3926 omnes
2629 3867 2836 3924 virtute
2884 3863 3099 3936 praediti
3155 3860 3400 3917 referunt
3431 3866 3488 3910 te

215 3956 318 4028 μὲν
370 3956 510 4025 πρὸς
555 3956 656 4027 τὴν
708 3955 906 4009 κακίαν
935 3956 1088 4027 ὁρᾷς,
1115 3953 1444 4024 τυφλώττεις
1479 3953 1536 4006 δὲ
1560 3954 1697 4025 πρὸς
1727 3954 1796 4007 τὰ

1909 3958 2122 4028 quidem
2141 3967 2303 4014 acute
2320 3962 2586 4018 malitiam
2610 3958 3120 4030 improbitatemque
3147 3965 3390 4009 cernere.
3422 3948 3491 4001 ad

212 4049 502 4105 κάλλιστα.
548 4051 610 4104 Εί
644 4052 826 4104 τοίνυν
868 4050 1024 4104 ταῦθ’
1068 4049 1242 4114 οὕτως
1278 4049 1424 4119 ἔχει,
1458 4049 1803 4120 ἀνακάθαρον

1915 4051 2140 4106 honesta
2173 4067 2305 4108 vero
2359 4053 2630 4108 caccutire.
2669 4050 2821 4115 Quod
2857 4050 2899 4100 si
2933 4033 3004 4098 ita
3042 4058 3100 4098 se
3143 4057 3229 4096 res
3266 4041 3491 4100 habeat,

215 4141 420 4195 σαυτοῦ
459 4143 553 4195 τδν
584 4140 710 4195 νοῦν
732 4158 748 4173 ·
805 4133 962 4206 οὗτος
1004 4141 1113 4212 γάρ
1146 4143 1296 4194 ἐστιν
1328 4142 1356 4193 ὁ
1378 4140 1477 4209 τῆς
1505 4140 1682 4210 ψυχῆς
1708 4139 1806 4208 ὀφ-

1911 4159 2010 4212 age
2042 4153 2302 4209 mentem,
2323 4160 2442 4214 qua:
2461 4143 2657 4196 anima:
2690 4140 2880 4193 oculus
2912 4147 3018 4200 est,
3039 4135 3218 4190 denuo
3237 4141 3488 4201 purgato,

214 4234 424 4305 θαλμός
463 4233 606 4304 (29)°
649 4233 792 4305 τάχα
831 4251 950 4296 πως
986 4235 1057 4288 τά
1098 4250 1158 4286 τε
1192 4231 1334 4286 καλὰ
1379 4232 1473 4285 καὶ
1509 4231 1578 4285 τὰ
1604 4231 1805 4302 αἰσχρὰ

1910 4233 2058 4288 nullo
2092 4243 2152 4288 ut
2192 4233 2406 4302 negotio
2437 4231 2660 4303 pulchra
2684 4231 2931 4298 foedaque
2961 4228 3270 4280 discernere
3297 4233 3486 4290 queas.

212 4327 494 4399 διακρῖναι
534 4325 843 4398 δυνηθείης.
905 4327 1002 4379 Ἐκ
1045 4325 1154 4395 γὰρ
1195 4324 1398 4396 ταύτης
1435 4323 1535 4393 τῆς
1569 4322 1803 4395 βασάνου

1913 4321 2027 4380 Hoc
2055 4324 2200 4379 enim
2235 4325 2608 4394 experimento
2635 4338 2756 4394 qua:
2799 4319 3093 4390 sequenda,
3119 4328 3349 4385 quaeque
3382 4310 3493 4365 sint

212 4421 286 4474 τὰ
318 4421 422 4490 μὲν
449 4419 616 4484 ἑλεῖν,
645 4419 714 4474 τὰ
747 4419 804 4473 δὲ
829 4421 1022 4487 φυγεῖν
1060 4416 1493 4488 προθυμηθείης.

1909 4414 2162 4484 fugienda
2189 4416 2372 4470 animo
2401 4413 2712 4470 condisces.

517 4531 692 4584 PﬂE'.
729 4561 800 4570 -
829 4530 1158 4601 ΑΡΠΟΚΡᾼ
1195 4529 1508 4600 molam.

1975 4524 2142 4594 elo
2175 4522 2482 4579 ccxxxv.
2503 4515 2993 4576 —HARPOCR1E
3026 4487 3412 4570 semusta.

601 4625 643 4677 Α
673 4623 814 4677 ludis
839 4633 885 4677 et
913 4621 1247 4691 spectaculis,
1276 4637 1498 4691 quorum
1533 4619 1680 4687 origo
1719 4615 2036 4686 explicatur,
2067 4627 2125 4670 ut
2145 4634 2268 4671 suos
2299 4618 2546 4681 abducat,
2578 4616 2663 4668 hic
2692 4615 2938 4668 hortatur
2965 4608 3103 4682 (50).

291 4719 419 4771 ’Ὀτι
470 4716 568 4788 μὲν
613 4717 664 4770 οἱ
712 4717 772 4770 ἐν
815 4714 1230 4787 διεφθαρμένοις
1275 4713 1434 4785 ῆθεσι
1478 4711 1804 4784 τρεφόμενοι

1987 4708 2194 4765 Pueros
2244 4709 2315 4763 ob
2362 4709 2557 4764 malam
2591 4705 2972 4763 educationem
3012 4700 3197 4773 pravis
3249 4695 3495 4752 moribus

200 4935 218 4954 ,
297 4873 347 4905 ³⁸
378 4871 560 4930 Exod;
585 4885 782 4938 xum,
809 4870 879 4940 8;
920 4871 1076 4927 Deut.
1104 4885 1221 4937 xw,
1248 4869 1346 4936 l9;
1383 4867 1553 4925 Eccli.
1587 4883 1680 4933 xx,
1707 4867 1800 4921 51.

1324 4983 1563 5040 VARUE
1598 4979 1983 5037 LECTIONES
2021 4977 2113 5033 ET
2144 4975 2380 5034 NOTE.

302 5107 422 5176 (27)
455 5103 563 5176 Pro
590 5101 916 5176 καθέλκεται
949 5101 1106 5158 codd.
1140 5101 1258 5158 Vat.
1302 5100 1408 5157 650
1442 5109 1497 5157 et
1538 5100 1646 5154 Alt.
1677 5099 1811 5155 scri-

225 5173 367 5232 bunt
388 5175 511 5228 καθ’
541 5173 792 5227 ἕκαστον.
823 5174 1032 5227 Possm.

300 5246 420 5315 (28)
456 5244 705 5315 Elegaus_
721 5243 805 5296 hic
828 5253 1138 5315 spontaneaa
1173 5251 1256 5295 est
1283 5239 1615 5315 paupertatis
1653 5253 1804 5315 com-

226 5310 508 5371 mendatio
537 5310 574 5368 ι’
590 5323 645 5367 et
671 5311 958 5382 Zosymum
985 5312 1355 5378 presbyterum
1381 5310 1668 5382 perstringi
1699 5325 1799 5382 a_p_-

305 5395 388 5439 ret
409 5400 476 5438 ex
505 5385 666 5454 epist.
695 5379 802 5436 2l0
826 5396 877 5436 et
903 5381 1029 5436 501.
1075 5382 1141 5434 Et
1169 5379 1642 5454 (homines‘ljngna
1683 5379 1803 5446 phi-

251 5457 462 5524 osoplia
493 5450 651 5507 inerti
684 5468 868 5519 Opera,
898 5464 956 5524 ut
998 5467 1117 5524 sup.
1149 5450 1284 5524 dixit
1306 5466 1396 5524 ep.
1427 5450 1498 5503 28
1525 5451 1599 5524 in_
1616 5461 1800 5502 extre-

228 5540 339 5583 mo.
357 5518 432 5576 ’ἐν
456 5524 635 5590 λόγοις
661 5518 983 5592 φιλοσοφῶν,
1008 5521 1190 5592 ἔργοις
1194 5521 1548 5592 ρφιλόσοφος.
1567 5518 1805 5592 _SCH01"I‘.

306 5594 425 5662 (29)
458 5589 609 5647 Méns
633 5589 798 5646 animi
826 5589 911 5646 est
930 5589 1153 5662 (oculus.
1193 5589 1523 5660 Epicharmi,
1573 5589 1677 5643 hoc
1703 5597 1808 5654 est,

233 5660 564 5735 Pythagora;
597 5662 882 5735 auditoris,
927 5660 1224 5735 Trochaico
1265 5674 1584 5728 expressum
1626 5673 1809 5735 versu,

231 5727 346 5804 quo
397 5727 655 5788 c‘arminis
705 5747 903 5801 genere
944 5730 1241 5786 delectatus
1291 5727 1389 5785 sua
1441 5727 1808 5797 conscripsit:

233 5827 384 5892 Νοῦς
417 5827 520 5899 όρᾷ
546 5825 637 5885 καὶ
661 5823 784 5899 νοῦς
815 5822 1002 5880 ἀκούει
1023 5841 1039 5860 ο
1063 5841 1092 5878 τ
1137 5822 1273 5881 ἄλλα
1305 5822 1464 5894 κωφὰ
1494 5820 1588 5876 καὶ
1616 5818 1810 5890 τυφλά.

1924 5095 2072 5150 Mens
2113 5095 2273 5160 videt,
2307 5109 2452 5147 mens
2489 5089 2638 5144 audit
2675 5106 2780 5142 una
2809 5103 2828 5142 :
2857 5096 3044 5141 cwtera
3080 5083 3245 5225 ειινιῖα
3281 5091 3333 5204 εἴ
3359 5098 3499 5137 cazca

3211 5169 3307 5206 sun
3338 5191 3353 5205 .

3211 5169 3353 5206 sum.

1906 5256 2059 5318 Apud
2087 5255 2418 5311 Clementem
2450 5252 2542 5306 lib.
2564 5267 2600 5305 ιι
2621 5250 2879 5304 Stromat.
2912 5255 2964 5300 et
2994 5244 3324 5318 Theodoret.
3355 5242 3449 5318 lib.
3477 5257 3494 5297 ι

1910 5312 2231 5391 Therapeut.
2266 5324 2496 5378 Aristot.
2538 5322 2590 5374 in
2631 5320 2958 5391 Problemat.
3011 5327 3064 5370 et
3095 5313 3320 5391 Qassius
3352 5312 3496 5391 [ξι-ο-

1907 5397 2061 5450 blem.
2089 5382 2202 5448 22:
2244 5394 2390 5456 Νοῦς
2429 5393 2487 5446 δὲ
2532 5393 2655 5462 ὁρᾷ,
2697 5389 2773 5450 ῶς
2803 5387 2937 5459 φησι
2958 5403 3041 5449 τις
3071 5383 3182 5438 τῶν
3228 5382 3496 5453 ἀρχαίων.

1908 5467 2149 5522 δοιιοττ.

1979 5535 2092 5604 (50)
2122 5533 2235 5588 Hac
2273 5532 2501 5604 epistola
2545 5527 2790 5600 sequenti
2827 5543 2858 5582 a
2892 5524 3215 5604 spectaculis
3244 5531 3301 5577 et
3339 5521 3484 5578 ludis

1907 5595 2120 5666 avocat,
2159 5613 2215 5657 ut
2245 5595 2391 5657 et'B.
2423 5595 2843 5670 Cltryso'stomus
2877 5595 3019 5664 saepe
3041 5595 3095 5649 in
3132 5595 3198 5670 iis
3235 5607 3370 5661 quas
3389 5609 3491 5670 an-

1907 5662 2198 5729 dn‘anticas
2228 5673 2292 5726 ad
2329 5662 2584 5741 populuin
2619 5662 3016 5741 Antiochenam
3041 5662 3490 5741 _nomina_nt,-l|o-

1909 5744 2095 5809 miliis,
2132 5751 2189 5797 et
2209 5730 2553 5803 Tertullum,
2602 5750 2657 5793 et
2701 5747 2822 5809 ι)οὲ
2870 5734 3190 5809 illosLJoan.
3243 5730 3490 5809 Mariana

1908 5799 2101 5874 societ:
2133 5822 2332 5871 nostra:
2380 5799 2658 5884 theologus
2697 5799 2752 5866 in
2779 5805 3140 5864 Tractatibus-
3171 5821 3185 5859 :
3216 5812 3273 5861 et
3293 5801 3393 5860 inf.
3429 5799 3491 5857 S.
