3982 6420
499 407 640 473 1435

1694 402 1757 465 S.
1797 397 2092 461 ISIDORI
2124 393 2568 457 PELUSIOTAZ

3632 388 3759 455 H36

496 523 742 568 assuetos
786 510 924 565 haud
986 509 1142 564 facile
1194 509 1259 565 ad
1286 522 1578 580 generosos
1622 506 1843 561 virtutis
1895 519 2071 559 mores

2179 500 2389 564 παῖδες,
2435 499 2497 552 ού
2531 497 2728 570 ῥᾳδίως
2763 497 2881 568 μετ’
2912 496 3114 569 ἀρετῆς
3156 498 3240 562 είς
3265 498 3495 570 ἀνδρίαν
3527 500 3643 571 (51)
3673 503 3763 556 ἐκ-

496 620 806 673 assurgere,
834 604 946 673 ipse
978 605 1141 667 nosti,
1176 614 1435 671 quantum
1462 617 1492 656 e
1524 601 1627 655 luis
1661 601 1725 653 ad
1759 614 1842 653 me
1875 600 2078 655 litteris

497 698 682 751 didici.
711 694 786 748 lta
820 709 949 749 vero
974 710 1084 748 rem
1120 709 1182 748 se
1233 694 1454 755 habere,
1491 707 1635 745 nunc
1685 691 1934 758 pluribus
1964 692 2079 759 ipse

498 788 800 843 ostendam.
833 785 1266 854 Temperantiam
1286 785 1429 839 enim
1457 782 1746 853 juvenibus
1764 782 1924 850 eripit
1954 797 2078 835 cum

499 878 801 933 libidinosis
822 876 1183 930 familiaritas.
1212 875 1558 929 Prudentiam
1584 874 1852 944 verofoga
1880 873 2079 927 laboris

500 972 554 1024 in
587 972 654 1024 iis
712 970 971 1041 legendis,
1018 983 1137 1038 qua:
1188 968 1429 1022 decent:
1468 966 1839 1020 fortitudinem
1893 975 2076 1019 autem

500 1059 677 1115 aufert
725 1061 979 1115 mollities
1039 1057 1684 1127 histrionum,justitiam
1714 1055 2077 1126 deniqueadi-

506 1163 662 1207 munt
688 1154 973 1207 mimorum
1000 1151 1261 1220 perjuria.
1294 1149 1428 1214 Quis
1458 1150 1641 1217 itaque
1671 1164 1775 1201 non
1795 1147 2079 1203 condoleat

512 1253 982 1297 commoveaturve
1016 1242 1229 1297 decoris
1263 1249 1406 1295 statu
1439 1240 1648 1293 minuto
1685 1254 1845 1309 quem
1893 1253 2080 1291 neces-

501 1332 646 1386 sario
691 1332 1046 1400 consequitur
1086 1340 1179 1385 aut
1213 1330 1428 1385 irrideri
1460 1338 1554 1385 aut
1593 1328 1840 1383 turbari?
1870 1327 2073 1382 Horum

501 1420 628 1474 illud
660 1419 874 1489 quidem
912 1434 1110 1486 scenae,
1143 1420 1245 1475 hoc
1274 1434 1404 1473 vero
1431 1418 1767 1473 Circensium
1799 1418 2074 1484 ludorum,

501 1511 591 1564 ubi
621 1511 777 1580 equis
825 1512 1192 1573 concurritur,
1226 1509 1505 1580 proprium
1555 1519 1659 1564 est.
1686 1508 1853 1563 Batus
1896 1508 2078 1578 itaque

498 1618 664 1672 grave
696 1618 816 1658 esse
855 1602 1080 1672 juvenes
1114 1602 1204 1656 tali
1252 1602 1374 1672 capi
1394 1600 1726 1671 spectaculo,
1759 1600 2076 1654 in-terdicito

500 1696 627 1759 illis,
660 1693 843 1749 verbis
895 1694 1264 1763 potissimum,
1294 1700 1351 1746 et
1398 1691 1502 1746 nisi
1546 1700 1775 1761 pareant
1822 1691 2075 1759 dictoque

498 1787 610 1841 sint
652 1784 956 1850 audientes,
981 1794 1127 1837 metu
1179 1783 1344 1837 etiam
1402 1790 1655 1837 coerceto
1689 1800 1702 1836 :
1741 1781 1813 1835 ita
1866 1781 1978 1847 fiet,
2018 1789 2077 1835 ut

498 1876 653 1932 facile
681 1876 878 1947 probos
910 1877 1055 1932 viros
1091 1885 1446 1943 oratoresque
1475 1875 1720 1946 egregios
1755 1874 1982 1929 formes.
2004 1874 2075 1929 At

497 1968 566 2031 si,
608 1976 665 2020 ut
692 1968 907 2030 scribis,
935 1981 1099 2038 grave
1140 1966 1269 2028 illis.
1304 1967 1701 2036 molestumque
1732 1966 1933 2021 accidit
1963 1966 2075 2035 pri-

497 2061 615 2115 vari
651 2060 1035 2128 voluptatibus.
1055 2076 1174 2130 quae
1201 2060 1517 2114 Sirenarnm
1548 2060 1729 2114 cantui
1759 2073 2078 2129 comparan-

499 2160 607 2215 tur,
634 2152 789 2219 cujus
822 2152 1093 2206 silentium
1114 2152 1418 2207 hominibus
1440 2151 1626 2206 utilius
1654 2159 1736 2207 est
1765 2169 1779 2207 :
1808 2152 2073 2220 siquidem

497 2251 813 2297 asseverent
865 2242 1008 2296 illam
1053 2242 1370 2306 invaluisse,
1402 2252 1457 2296 et
1487 2242 1696 2312 legibus
1748 2244 2072 2311 permissam

495 2350 638 2399 esse,
676 2334 777 2388 hoc
804 2333 1035 2396 discant,
1061 2338 1204 2402 quod
1234 2332 1467 2388 fortasse
1518 2344 1577 2388 ut
1620 2334 1724 2388 alia
1759 2334 1926 2388 multa
1960 2334 2076 2402 pul-

495 2426 624 2479 chra
658 2426 933 2495 ignorant,
966 2426 1202 2495 perverti
1258 2441 1356 2497 per
1382 2426 1554 2491 illam,
1579 2436 1633 2485 et
1660 2427 1727 2481 ad
1759 2426 1958 2480 malum
1988 2427 2077 2480 in-

497 2517 719 2571 formari
753 2516 1397 2586 juventutem.Quoniam
1439 2516 1529 2586 qui
1565 2519 1664 2572 sub
1699 2518 1800 2572 hac
1828 2517 2067 2571 delecta-

499 2609 645 2662 tione
673 2607 1008 2662 mortiferam
1040 2606 1369 2676 voluptatem
1408 2609 1460 2662 in
1524 2608 1771 2661 civitates
1816 2607 1883 2661 ab
1918 2609 2073 2663 initio

498 2701 840 2764 invexerunt,
880 2714 946 2755 ac
991 2714 1269 2775 venenum
1301 2700 1405 2754 hoc
1454 2714 1523 2753 ex
1575 2699 1807 2754 humani
1855 2703 2073 2769 generis

495 2792 668 2848 bosus
696 2800 818 2845 voto
849 2790 977 2862 (qui
1008 2801 1061 2846 et
1087 2791 1386 2848 incidentes
1423 2791 1742 2847 occasiones
1771 2793 1839 2845 ad
1874 2793 2070 2847 interi—

498 2896 607 2939 tum
647 2884 1005 2954 spectantium
1037 2884 1343 2954 convertit)
1375 2884 1789 2938 commiscentes
1821 2899 1925 2939 non
1954 2901 2059 2940 una

494 2977 706 3031 ratione
768 2977 873 3035 huc
927 2983 1306 3044 pervenerunt.
1360 2974 1574 3030 Etenim
1635 2975 1781 3045 leges
1835 2986 2076 3030 externae

495 3085 602 3123 non
649 3067 1061 3138 prohibuerint;
1104 3077 1160 3122 at
1190 3067 1404 3122 scilicet
1452 3067 1506 3121 id
1557 3067 1841 3137 probabile
1882 3068 1985 3123 hac
2009 3070 2093 3123 de

2182 591 2457 673 σήσονται,
2483 592 2576 643 καὶ
2605 592 2638 661 ἡ
2667 590 2734 661 σὴ
2766 590 2981 653 σύνεσις
3000 590 3068 643 δι’
3091 583 3449 662 ὧνςέγραψεν,
3474 591 3761 662 ἐδήλωσεν.

2181 680 2304 733 Ὅτι
2345 681 2403 734 δὲ
2454 680 2552 733 καὶ
2588 678 2763 743 οὕτως
2810 679 2925 751 ἔχει
2963 680 3025 733 τὸ
3066 682 3320 751 πρᾶγμα,
3366 682 3573 735 αὐτίκα
3624 683 3763 753 μάλα

2174 775 2479 844 εἰρήσεται.
2510 772 2621 844 Τὴν
2672 773 2773 842 μὲν
2806 773 2918 845 γὰρ
2947 773 3305 845 σωφροσύνην
3342 775 3532 838 αὐτοῖς
3562 792 3761 845 παραι-

2179 868 2352 936 ρεῖται
2392 864 2453 917 τὸ
2494 866 2609 927 τοῖς
2657 864 3040 933 ἀσελγαίνουσι
3092 865 3527 936 συνδιατρίϐειν·
3565 865 3663 937 τὴν
3708 867 3762 921 δὲ

2179 955 2438 1026 φρόνησιν
2478 956 2536 1008 τὸ
2563 956 2690 1019 τοὺς
2717 957 2778 1009 ἐν
2806 958 2921 1019 τοῖς
2945 957 3312 1028 προσήκουσιν
3338 956 3763 1028 ἀναγνώσμασιν

2181 1046 2410 1117 ἱδρῶτας
2435 1046 2885 1117 ἀποδιδράσκειν·
2916 1047 3016 1117 τὴν
3052 1046 3108 1100 δὲ
3131 1048 3356 1118 ἀνδρίαν
3387 1049 3422 1119 ή
3458 1047 3571 1101 τῶν
3602 1050 3763 1119 ὀρχη-

2180 1136 2321 1189 στῶν
2366 1137 2661 1208 ἀνανδρία·
2703 1137 2804 1207 τὴν
2846 1137 2905 1192 δὲ
2948 1137 3296 1208 δικαιοσύνην
3338 1140 3373 1209 ή
3424 1137 3537 1191 τῶν
3587 1139 3762 1208 μίμων

2178 1230 2456 1300 ἐπιορκία.
2507 1230 2626 1283 Τίνι
2659 1229 2706 1283 δ’
2737 1230 2804 1283 ἂν
2839 1230 2873 1301 ἢ
2915 1230 3331 1301 συναχθεσθεῖεν
3360 1231 3395 1302 ἦ
3447 1232 3762 1302 συνησθεῖεν

2181 1322 2320 1392 μετά
2350 1325 2449 1394 τῆς
2472 1322 2790 1395 πρεπούσης
2820 1324 3230 1390 καταστάσεως,
3262 1320 3346 1386 οἷς
3367 1324 3525 1378 δυοῖν
3548 1312 3760 1396 ἀνάγκῆ

2178 1412 2423 1485 θάτερον,
2474 1414 2509 1484 ἢ
2564 1413 2752 1485 γελᾷν,
2783 1414 2817 1483 ἢ
2867 1414 3238 1486 τεταράχθαι;
3283 1409 3387 1468 Ὧν
3423 1415 3488 1468 τὸ
3535 1416 3639 1485 μὲν
3668 1417 3768 1485 τῆς

2180 1506 2405 1575 σκηνῆς,
2435 1505 2497 1559 τὸ
2543 1506 2601 1559 δέ
2645 1506 2741 1560 τοῦ
2775 1507 3110 1579 ἱπποδρόμου
3142 1506 3316 1579 δῶρόν
3362 1508 3536 1562 ἐστιν.
3586 1509 3771 1561 Δεινὺν

2176 1596 2480 1667 ἡγούμενος
2521 1598 2583 1652 τὸ
2616 1601 2683 1669 τῇ
2724 1598 2824 1671 θέᾳ
2871 1599 3171 1653 ἑαλωκέναι
3212 1600 3341 1662 τοὺς
3378 1600 3557 1663 νέους,
3614 1596 3761 1671 εἶργε

2175 1687 2421 1754 τούτους,
2477 1690 2715 1760 μάλιστα
2765 1690 2868 1761 μὲν
2915 1691 3081 1762 λόγῳ,
3135 1692 3183 1745 εί
3227 1691 3285 1744 δέ
3331 1690 3408 1763 μὴ
3465 1691 3757 1755 πείθοιντο,

2178 1780 2350 1851 φόϐῳ.
2408 1781 2613 1851 Ῥᾷστα
2656 1780 2767 1852 γὰρ
2806 1780 2873 1835 ἂν
2912 1781 3086 1845 οὕτως
3136 1781 3391 1853 ἀρίστους
3438 1782 3642 1854 ἄνδρας
3673 1784 3760 1837 καὶ

2106 1844 2150 1903 Β
2175 1844 2381 1936 δεινοὺς
2410 1844 2647 1945 ῥήτορας
2668 1844 3128 1947 ⁷δημιουργήσεεις.
3157 1844 3221 1927 Ii}!
3244 1875 3321 1937 δὲ,
3349 1844 3425 1938 ti);
3453 1844 3759 1945 γέγραφας,

2176 1960 2348 2014 δεινὸν
2382 1961 2645 2033 ἡγοῦνται
2680 1963 2742 2015 τὸ
2787 1964 2887 2033 τῆς
2920 1963 3165 2033 τέρψεως
3199 1964 3414 2035 ἐκείνης
3451 1966 3753 2035 εἴργεσθαι,

2174 2051 2298 2122 ἥτις
2332 2052 2574 2121 ἀτεχνῶς
2597 2053 2743 2107 ἔοικε
2775 2056 2840 2126 τῇ
2876 2055 2985 2108 τῶν
3015 2055 3288 2126 Σειρήνων
3317 2055 3454 2128 ᾠδῇ,
3482 2053 3553 2126 ἦς
3571 2059 3606 2128 ή
3640 2058 3757 2127 σιγή

2175 2144 2567 2214 χρησιμωτέρα
2610 2146 2726 2208 τοῖς
2779 2145 3111 2216 ἀνθρώποις.
3140 2147 3246 2198 Ἦν
3279 2146 3675 2217 ίσχυρίζων-Αί
3702 2164 3757 2199 τε

2174 2235 2492 2308 νενομίσθαι
2530 2234 2733 2304 ταύτην
2762 2236 2861 2290 καὶ
2887 2237 3364 2308 συγκεχωρῆσθαι,
3401 2239 3593 2291 ἐκεῖνο»
3632 2256 3763 2308 μαν-

2176 2327 2490 2381 θανέτωσαν
2515 2366 2530 2391 ,
2584 2330 2722 2399 ὅπερ
2781 2329 2909 2393 ἴσως
2969 2330 3109 2399 μετά
3167 2329 3276 2383 τῶν
3336 2330 3519 2383 ἄλλων
3583 2329 3758 2383 καλῶν

2174 2419 2522 2488 ἀγνοοῦντες,
2568 2421 2873 2475 ἀδικεῖσθαι
2901 2423 3103 2476 οἴονται
3133 2421 3232 2493 τὴν
3260 2422 3493 2493 νεότητα
3522 2423 3623 2476 καὶ
3658 2441 3759 2476 πα-

2177 2512 2528 2581 ρανομεῖσθαι
2547 2529 2561 2543 ·
2588 2514 2668 2566 ὅτι
2701 2513 2751 2566 οἱ
2788 2514 2887 2583 τὴν
2912 2513 3019 2566 ἀπὸ
3046 2514 3145 2583 τῆς
3169 2512 3411 2584 τέρψεως
3432 2513 3642 2583 ταύτης
3669 2513 3755 2567 θα-

2176 2604 2484 2675 νατηφόρον
2524 2604 2805 2675 ήδονὴνέξ
2836 2604 3012 2675 ἀρχῆς
3060 2607 3140 2668 είς
3168 2605 3266 2668 τάς
3316 2605 3504 2668 πόλεις
3549 2606 3756 2672 εἰσαγα-

2174 2694 2383 2761 γόντες,
2433 2696 2525 2747 καὶ
2567 2695 2628 2748 τὺ
2678 2694 3005 2765 δηλητήριον
3061 2696 3205 2750 κατά
3250 2696 3482 2767 γνώμην
3529 2697 3628 2749 τοῦ
3663 2699 3756 2766 τῆς

2175 2787 2593 2857 ἅνθρωπότητος
2638 2786 2833 2857 ἐχθροῦ
2898 2788 3025 2858 (τοῦ
3075 2789 3171 2842 καὶ
3210 2790 3312 2853 τὰς
3376 2790 3754 2859 ἐμπιπτούσας

2176 2878 2475 2948 προφάσεις
2505 2880 2585 2942 είς
2618 2879 2896 2934 ἀπώλειαν
2927 2880 3225 2952 τρέποντος
3256 2884 3382 2945 ταῖς
3414 2881 3621 2952 ψυχαῖς
3654 2880 3753 2934 τῶν

2176 2966 2495 3036 θεωμένων)
2548 2966 2902 3036 κεράσαντες,
2943 2969 3046 3022 οὐκ
3093 2970 3162 3023 ἂν
3211 2969 3399 3033 ἁπλῶς
3448 2966 3619 3041 ἦλθον
3666 2969 3753 3022 ἐπὶ

2172 3056 2331 3110 τοῦτο
2380 3053 2446 3129 (ἦ
2493 3058 2599 3129 γὰρ
2641 3058 2706 3111 ἂν
2736 3059 2858 3112 οὐδὲ
2885 3060 2936 3113 oi
2966 3059 3166 3124 ἔξωθεν
3190 3062 3349 3131 νόμοι
3384 3061 3748 3131 ἐπέτρεψαν),

492 3177 682 3216 causa.
710 3160 1031 3230 Conspectis
1087 3159 1233 3215 enim
1263 3160 1615 3227 exercitibus,
1650 3161 1743 3229 qui
1774 3176 1805 3215 a
1833 3160 2071 3223 Caesari-

2173 3148 2310 3202 ἀλλά
2343 3149 2461 3218 μετ’
2490 3148 2712 3218 εὐλόγου
2735 3150 2895 3222 δῆθεν
2924 3152 3123 3215 αἰτίας.
3162 3151 3435 3223 ὐρῶντες
3463 3153 3574 3223 γάρ
3596 3169 3751 3223 στρα-

493 3254 593 3307 bus
620 3252 946 3322 regibusque
967 3250 1291 3318 penderent,
1311 3260 1365 3306 et
1398 3251 1514 3306 haec
1542 3266 1637 3320 per
1664 3267 1880 3307 omnem
1904 3253 2072 3308 vitam

492 3343 894 3413 praestantibus,
928 3341 1139 3411 pupulis
1160 3356 1290 3395 vero
1330 3342 1464 3397 visis
1487 3343 1705 3398 urbium
1738 3345 1952 3408 incolis,
1979 3345 2071 3415 qui

490 3435 853 3504 periculorum
873 3435 1080 3489 nullum
1108 3434 1161 3489 in
1180 3434 1350 3488 armis
1374 3434 1575 3490 habent
1593 3437 2026 3504 experimentum
2052 3452 2072 3503 ;

490 3527 713 3596 insuper
748 3540 864 3592 eos,
898 3527 992 3596 qui
1041 3527 1095 3581 in
1147 3527 1238 3581 tali
1300 3528 1674 3583 relaxamcnto
1722 3539 2073 3585 versarentur

491 3616 700 3686 (neque
726 3617 869 3671 enim
900 3631 1091 3671 omnes
1117 3618 1303 3683 quiete
1341 3618 1410 3672 ad
1441 3618 1640 3673 bonum
1675 3620 1934 3690 utuntur)
1963 3636 2069 3676 sae-

491 3722 789 3776 penumero
829 3708 1068 3778 juvenile
1122 3710 1379 3780 quiddam
1440 3712 1770 3782 cogitantes,
1806 3726 2068 3768 resecan-

490 3787 616 3854 dam
648 3800 932 3868 opinantes
962 3809 1156 3870 sponte
1191 3809 1373 3855 natam
1402 3802 1758 3857 rebellionum
1784 3804 2065 3862 radicem:

490 3905 663 3958 neque
728 3890 925 3959 duplex
980 3891 1287 3947 rectoribus
1334 3892 1646 3961 reipublicae
1688 3893 1887 3950 bellum
1949 3912 2071 3954 esse

489 3982 1146 4052 permittendum,partim
1195 3990 1501 4052 externum,
1520 3985 1717 4055 partim
1753 3988 2068 4043 intestinum

488 4089 581 4129 seu
602 4072 780 4139 civile,
814 4074 955 4128 hanc
982 4075 1393 4143 occupationem
1430 4086 1773 4145 repererunt,
1789 4079 1862 4133 ac
1895 4083 2067 4148 quod-

488 4166 572 4220 vis
602 4164 807 4221 facinus
836 4165 1202 4235 imprudenter
1232 4165 1433 4226 audere
1486 4168 1770 4223 consuetis
1828 4172 2068 4226 tradide-

490 4264 634 4319 runt,
674 4255 909 4325 ipsisque
937 4256 1298 4311 contentionis
1322 4257 1662 4312 occasionem
1695 4260 2064 4328 prazbuerunt.

2172 3239 2370 3293 τόπεδα
2415 3241 2515 3311 μὲν
2558 3244 2670 3305 τοῖς
2713 3242 3023 3313 βασιλεῦσιν
3060 3244 3426 3317 ἐξηρτυμένα,
3472 3247 3568 3299 καὶ
3605 3246 3751 3300 ταῦτ’

2174 3330 2540 3397 ἐξασκοῦντας
2583 3333 2672 3387 διὰ
2718 3333 2817 3388 τοῦ
2859 3334 3010 3405 βίου,
3050 3337 3176 3400 τοὺς
3221 3337 3267 3389 δ’
3296 3339 3357 3391 ἐν
3397 3317 3522 3399 ταῖς
3570 3338 3749 3391 πόλεσι

2172 3422 2376 3493 δήμους
2415 3424 2666 3480 ἀτέλειαν
2706 3425 2931 3498 ἔχοντας
2960 3427 3070 3482 τῶν
3099 3430 3158 3481 ἐν
3196 3430 3310 3491 τοῖς
3357 3429 3547 3493 ὅπλοις
3578 3430 3748 3483 κινδύ-

2172 3530 2300 3580 νων,
2323 3515 2418 3569 καὶ
2444 3516 2643 3587 πολλὴν
2666 3518 2898 3587 ἄγοντας
2926 3519 3028 3591 τὴν
3052 3520 3250 3592 σχολήν
3267 3537 3281 3549 ·
3307 3521 3668 3589 γινώσκοντές
3692 3538 3755 3574 τε-

2170 3616 2298 3680 τοὺς
2333 3617 2394 3671 ἐν
2428 3617 2653 3691 τοιαύτῃ
2686 3620 2940 3693 ῥᾳστώνῃ
2981 3622 3141 3686 ὄντας
3174 3623 3271 3695 (ού
3301 3622 3413 3694 γὰρ
3456 3624 3658 3688 πάντες
3682 3627 3744 3696 τῇ

2173 3709 2337 3782 σχολῇ
2380 3711 2474 3765 ἐπὶ
2517 3712 2669 3784 καλῷ
2720 3714 3015 3787 χρῶνται),
3072 3715 3333 3780 πολλάκις
3380 3717 3648 3790 νεώτερόν
3696 3737 3747 3772 τι

2173 3802 2554 3873 βουλεύοντας·
2612 3807 2847 3877 ἐκκόψαι
2893 3808 3006 3863 δεῖν
3052 3810 3331 3881 οίηθέντες
3376 3794 3746 3883 αὐτόπρεμνον

2169 3894 2277 3949 τῶν
2309 3897 2733 3953 ἐπαναστάσεων
2765 3899 2861 3972 τὴν
2892 3899 3070 3971 ῥίζαν,
3096 3905 3192 3956 καὶ
3227 3903 3301 3974 μὴ
3325 3904 3550 3957 διπλοῦν
3596 3906 3757 3958 ἐᾶσαι

2169 3988 2283 4049 τοῖς
2311 3988 2633 4059 ἡγουμένοις
2662 3990 2754 4044 τὸν
2779 3993 3039 4063 πόλεμον,
3067 3992 3161 4047 τὸν
3189 3995 3289 4065 μὲν
3322 3993 3549 4061 ἔξωθεν,
3580 3995 3757 4049 τὺννδέ.

2169 4075 2405 4144 ἔνδοθεν,
2433 4080 2689 4150 ἀσχολίαν
2715 4083 2837 4137 τι.νά
2875 4084 3081 4157 ταύτην
3119 4087 3441 4160 ἐξηύραντο,
3491 4090 3588 4143 καὶ
3616 4105 3744 4141 κατ-

2167 4168 2470 4224 εσκεύασαν
2495 4174 2609 4236 τοῖς
2640 4173 3064 4246 ἀπερισκέπτως
3084 4178 3263 4232 ὁτιοῦν
3283 4179 3494 4252 τολμᾷν
3512 4180 3741 4234 εἰωθόσι·

2169 4258 2263 4311 καὶ
2295 4259 2591 4316 δεδώκασιν
2620 4265 2804 4328 αὐτοῖς
2834 4267 2915 4330 είς
2944 4268 3276 4337 φιλονεικίαν
3309 4272 3591 4343 ἀφορμὴν,
3617 4288 3737 4326 τοσ-

489 4346 618 4413 Quae
645 4347 860 4415 quidem
899 4362 1012 4401 rem
1035 4355 1238 4402 tantam
1270 4350 1533 4417 perﬁcere
1573 4366 1679 4405 non
1714 4352 1946 4419 valebat,
1972 4358 2067 4411 sed

2173 4350 2322 4406 οῦτον
2354 4352 2453 4422 μὲν
2485 4354 2638 4407 οὐδὲν
2674 4355 2872 4411 ἀνῦσαι
2905 4358 3223 4428 ἰσχύουσαν,
3250 4360 3433 4433 δεινὴν
3458 4363 3516 4415 δὲ
3537 4364 3630 4417 τὸν
3660 4363 3746 4416 θυ-

489 4450 671 4489 acrem
705 4436 884 4504 potius
923 4437 1163 4491 animum
1204 4438 1306 4492 hac
1358 4440 1750 4496 exercitatione
1777 4458 2067 4499 consume-

2170 4443 2269 4511 μὸν
2304 4444 2611 4516 δαπανῆσαι
2654 4447 2785 4519 περὶ
2832 4450 3003 4521 αὑτήν
3029 4467 3044 4480 ⁸
3081 4451 3228 4505 τοῦτ’
3258 4453 3407 4507 ἔστιν
3447 4457 3481 4525 ή
3513 4455 3621 4509 τῶν
3666 4456 3745 4508 ἴπο

488 4527 613 4579 bat.‘
659 4526 864 4581 Similis
920 4537 1002 4582 est
1063 4528 1324 4583 continua
1375 4544 1636 4600 equorum
1680 4535 1962 4589 contentio
2007 4545 2063 4591 et

2173 4549 2281 4585 πων
2304 4533 2533 4605 συνεχὴς
2553 4534 2776 4605 ἅμιλλα,
2805 4538 3054 4617 πολιτική
3076 4559 3159 4606 τις
3180 4541 3317 4614 ἔρις,
3342 4546 3744 4616 ἐπιστρέφουσα

488 4617 708 4687 politica
768 4619 1012 4687 qumdam
1052 4622 1387 4676 concertatio
1415 4623 1575 4693 611
1629 4625 1695 4678 ad
1746 4625 1849 4679 hoc
1880 4636 2057 4682 certa-

488 4724 611 4763 men
665 4709 902 4764 invitans
946 4725 1061 4777 eos,
1126 4713 1217 4782 qui
1271 4713 1406 4767 nihil
1459 4717 1802 4770 commodum
1837 4725 1891 4772 et
1932 4719 2063 4775 utile

488 4817 648 4871 agere
699 4801 902 4868 volunt,
931 4813 988 4857 et
1039 4804 1106 4859 ad
1152 4806 1325 4859 otium
1377 4804 1608 4861 fortasse
1656 4817 1712 4862 et
1755 4810 2059 4864 socordiam

2173 4825 2262 4872 τας
2283 4826 2298 4841 ·
2329 4809 2476 4863 τοῦθ’
2506 4814 2539 4884 ή
2568 4815 2698 4887 περὶ
2728 4814 2826 4887 τὴν
2853 4817 3169 4893 ὀρχήστραν
3189 4801 3437 4876 ποικιλία
3457 4841 3473 4855 ·
3498 4801 3630 4888 τοὺς
3654 4826 3740 4892 μὲν

487 4894 746 4962 aspirant.
788 4893 935 4950 Talis
969 4896 1056 4950 ille
1089 4910 1267 4951 scena:
1313 4908 1604 4966 apparatus
1635 4908 1773 4963 erat,
1798 4902 2061 4956 varietate

487 4984 703 5053 quidem
750 4993 1057 5054 spectantes
1108 5000 1359 5056 pascens,
1396 4987 1704 5042 auditorum
1741 5003 1868 5044 vero
1913 4990 2064 5044 auri-

2164 4625 2304 4696 πρὸς
2329 4628 2541 4682 τουτονὶ
2566 4629 2659 4684 τὸν
2690 4632 2882 4701 ἀγῶνα
2908 4636 3037 4701 τοὺς
3069 4638 3174 4691 ὑπὸ
3197 4639 3290 4692 τοῦ
3321 4640 3494 4712 μηδὲν
3519 4642 3743 4713 χρηστὸν

2167 4715 2373 4772 ἐθέλειν
2410 4722 2604 4787 ποιεῖν,
2656 4722 2789 4789 ἴσως
2830 4724 2897 4779 ἄν
2930 4744 2983 4780 τι
3029 4728 3441 4802 ἀργαλεώτερον
3471 4734 3743 4803 ἐννοήσον·

2167 4903 2273 4970 γὰρ
2306 4901 2571 4973 θεάμασιν
2592 4886 2852 4975 ἑστιῶσα,
3023 4886 3081 4967 δέ
3115 4914 3427 4986 ἀκούσμασι
3456 4918 3558 4989 τὴν
3580 4886 3738 4988 ἀκοὴν
3768 4886 3787 4915 ⁸

2165 4992 2520 5063 γοητεύουσα,
2571 4997 2738 5066 ἔδοξε,
2772 5000 2952 5056 καίτοι
3003 5006 3270 5077 πονηρίας
3296 5008 3572 5078 γέμουσα,
3618 5026 3736 5063 στα·

1583 5159 1818 5218 νΑῐὶΙΑΞ
1857 5162 2241 5222 LECTIONES
2278 5166 2367 5223 ET
2407 5169 2642 5228 ΝΟΤἉΕ.

485 5337 721 5426 [Ἰίιίοιιιε
737 5350 1075 5426 'tlurs'ttt'r'tep'.“
1087 5334 1568 5426 7,_'—lg‘hu9cydidigs
1597 5347 1774 5426 autem
1802 5339 1950 5420 locus
1973 5351 2058 5426 est
2165 5345 2389 5426 Q-ct’ves,
2420 5352 2573 5416 cives,
2601 5356 2885 5420 qna-renda
2911 5360 3132 5425 pecunia
3172 5376 3399 5426 prmmm
3430 5375 3531 5425 est,

487 5409 577 5459 lib.
629 5424 684 5460 ιιι
727 5407 803 5459 De
849 5406 979 5459 bello
1011 5405 1493 5472 Peloponnesiaco,
1543 5408 1595 5461 in
1638 5408 1855 5464 Cleonis
1905 5424 2042 5467 erat,

488 5476 701 5539 Utilior,
734 5477 1169 5548 inquit,_insciti_a
1201 5477 1627 5548 cum‘modestt’a,
1656 5495 1813 5548 quam
1846 5482 2061 5534 callidi-

484 5558 564 5615 tas
589 5562 706 5597 cum
734 5546 1077 5600 immanitate.
1114 5546 1281 5600 Sicet
1311 5546 1516 5601 Statius
1551 5546 1803 5615 Papinius
1831 5568 1844 5605 :

487 5614 766 5683 Ingenium
790 5616 1023 5681 probitas
1052 5617 1318 5685 animique
1346 5618 1609 5670 industria
1630 5614 1821 5670 ’vincit.

490 5717 606 5799 Illos
642 5721 739 5773 hos
760 5719 1005 5799 _l_sidorus
1034 5725 1382 5799 reprehendit
1424 5724 1577 5793 quasi
1626 5724 1879 5781 virtutem
1912 5732 2061 5799 fuge-

490 5796 631 5854 rent,
666 5801 724 5842 ut
759 5789 1012 5847 Horatius
1043 5791 1269 5848 Flaccus
1302 5812 1316 5848 :

2174 5414 2346 5470 Virtus
2376 5431 2488 5487 post
2516 5414 2826 5480 nummos...

2160 5524 2330 5605 Locus
2357 5544 2483 5605 vero
2517 5529 2770 5605 Isocratis
2810 5535 3006 5594 allatus
3032 5577 3049 5605 ,
3083 5549 3169 5596 est
3217 5542 3377 5599 initio
3420 5546 3721 5601 Pammelict'

2160 5596 2228 5647 ad
2266 5597 2623 5653 Demnm’cum.
2659 5603 2899 5661 SCHOTT.

2232 5667 2586 5743 (51),Ρ[ο,εὶς
2614 5672 2835 5743 ἀνδρίαν
2868 5678 3026 5738 codd.
3059 5679 3183 5738 Vat.
3229 5683 3334 5739 650
3388 5694 3444 5740 ct
3482 5687 3585 5741 Alt.
3629 5689 3717 5743 ha-

2157 5734 2287 5792 bent
2315 5739 2394 5802 εἰς
2420 5738 2637 5812 ἄνδρας.
2674 5734 2882 5802 Ροδεια.
