3982 6420
164 396 310 462 1437

1031 398 1569 463 EPISTOLARUM
1607 404 1756 463 LIB.
1798 404 1867 464 V.
1896 426 1965 436 -·-
1995 401 2233 461 EPIST.
2276 400 2628 461 CLXXXVI.

3336 395 3472 463 H33

168 511 404 576 σιώδους
440 511 634 583 βουλῆς
654 512 998 585 ἐμπόδισμα.
1022 514 1210 569 Ταῦτα
1240 516 1629 589 συνεχώρησαν
1658 515 1766 569 τῶν
1798 570 1800 576 λ

1881 514 1974 569 bus
2028 514 2279 569 illudens.
2327 512 2566 568 Tametsi
2629 512 2746 567 haec
2801 511 3115 581 spectacula
3169 526 3347 582 neque
3386 518 3473 568 vi-

163 603 482 657 ὲλαττόνων
514 602 622 673 (ὡς
667 603 963 676 ᾠήθησαν)
1000 604 1302 676 ὠνούμενοι
1339 608 1409 661 τά
1454 606 1646 678 μείζω,
1673 607 1772 679 τήν

162 695 412 765 ἡσυχίαν
434 695 533 767 τὴν
555 695 874 764 ἀσφάλειαν·
894 697 1047 761 νέους
1064 698 1121 751 δὲ
1144 699 1516 769 τρεφομένους
1537 701 1617 763 εἰς
1640 702 1771 771 ἀρε-

163 788 295 856 τὴν,
333 788 434 841 καὶ
455 788 552 858 τὴν
588 788 881 859 καλλίστην
905 790 1173 861 ἁρμονίαν
1206 792 1650 863 ἀρμοττομένους
1668 832 1683 856 ,
1710 792 1771 844 ού

163 877 333 948 θέμις
364 880 461 932 ἐπὶ
483 879 581 951 τὴν
612 882 906 951 μετουσίαν
934 882 1327 955 τούτωνίέναι,
1353 884 1460 937 οὐδ’
1492 876 1690 955 ἄνδρας
1716 883 1773 936 δὲ

160 968 277 1023 τῶν
294 970 517 1024 οἰκείων
532 971 716 1042 ψυχῶν
742 974 1224 1046 ἐπιμελουμένους·
1245 974 1443 1029 οὐκοῦν
1462 974 1569 1028 οὐδ’
1593 976 1699 1029 ἁπέ
1707 995 1771 1047 ρ-

162 1079 361 1131 χονται
396 1052 755 1134 μεθέξοντες,
774 1066 889 1121 ἀλλ’
910 1068 1168 1138 ἀμείνους
1199 1068 1351 1139 παρά
1381 1068 1599 1122 πάντων
1632 1066 1772 1122 εἶναι

160 1153 483 1225 κέκρινται,
520 1157 800 1228 κρείττους
827 1158 979 1223 ὄντες
1007 1161 1105 1230 τῆς
1136 1159 1380 1231 ὀλεθρίου
1406 1159 1611 1231 ταύτης
1644 1159 1770 1231 τέρ-

162 1242 322 1311 ψεως
358 1245 456 1298 καὶ
486 1246 701 1317 μάλισθ’
735 1249 817 1301 ὅτι
848 1249 943 1303 καὶ
980 1249 1186 1313 πόλεώς
1215 1253 1263 1303 τ’
1295 1252 1343 1303 εί
1371 1252 1467 1304 καὶ
1493 1251 1693 1314 πάντες
1722 1253 1771 1304 oi

163 1336 544 1407 συρφετώδεις
569 1340 661 1393 καὶ
690 1342 940 1413 ἀγοραῖοι
967 1343 1485 1413 γνωσιμαχήσαντες
1511 1342 1610 1406 τὰς
1639 1344 1773 1413 ήσυ-

161 1427 295 1497 χίας
312 1424 474 1500 ἦγον.
503 1432 597 1485 καὶ
617 1432 935 1504 φιλοσοφίαν
960 1435 1291 1505 ἠσπάζοντο,
1323 1435 1635 1489 ἐκέκλειστο
1671 1436 1771 1506 μὲν
1805 1464 1823 1483 ο

160 1520 232 1573 ἂν
263 1522 341 1575 τὰ
370 1522 624 1595 θέατραῆ
651 1526 746 1579 καὶ⁷
766 1527 1093 1598 ἀνοιγόμενα
1122 1528 1312 1581 οὐδένα
1332 1529 1597 1599 ἐπήγετο’
1616 1528 1771 1583 ἀπώ-

161 1612 296 1666 λετο
314 1614 360 1667 δ’
379 1616 450 1670 ἂν
467 1618 559 1670 καὶ
570 1618 726 1689 ἡτῶν
743 1619 926 1685 αὐτοῖς
947 1620 1135 1683 κακῶς
1151 1618 1571 1690 ἀγωνιζομένων
1583 1620 1769 1690 τέχνην

165 1707 385 1775 μᾶλλον
421 1709 479 1763 δὲ
519 1713 876 1783 κακοτεχνία·
912 1714 1007 1767 καὶ
1044 1713 1172 1785 τρία
1207 1713 1275 1767 τά
1299 1713 1531 1784 μέγιστα
1552 1713 1768 1784 κατώρ-

1879 608 2109 662 deantur
2143 606 2299 676 plena
2335 605 2611 660 seditiosae
2655 604 3081 660 machinationis
3110 603 3472 673 impedimen-

1877 708 2012 764 tum,
2048 706 2305 767 tanquam
2343 696 2523 751 minus
2590 694 2792 749 malum
2848 696 2965 751 haec
3028 696 3473 752 condonarunta

1876 790 2195 855 majoribus,
2224 798 2284 842 ut
2315 788 2536 857 quidem
2594 788 2842 843 arbitrati
2878 797 3007 842 sunt
3042 806 3057 844 :
3095 789 3147 844 id
3178 789 3323 858 quod
3357 804 3469 843 ma-

1869 881 1959 950 jus
1988 891 2095 945 est,
2129 892 2374 937 ementes
2427 880 2668 949 quietem
2712 888 2765 934 et
2820 881 3198 936 securitatem.
3228 878 3471 936 Juvenes

1872 988 2001 1026 vero
2027 972 2093 1027 ad
2126 974 2381 1027 virtutem
2409 972 2710 1037 institutos,
2746 981 2801 1026 et
2853 972 3215 1041 pulcherrima
3267 987 3471 1028 conve-

1874 1066 2086 1118 nientes
2149 1063 2434 1118 harmonia
2476 1064 2769 1119 interresse
2802 1063 2870 1117 iis
2908 1078 3012 1117 non
3064 1064 3374 1133 oportebat,
3405 1079 3472 1120 ac

1874 1173 1943 1211 ne
1965 1172 2096 1211 voce
2126 1157 2342 1225 quidem
2370 1157 2569 1226 quibus
2587 1157 2781 1210 anima:
2803 1156 2949 1211 salus
2977 1157 3126 1211 cordi
3160 1164 3323 1212 esset.
3348 1154 3468 1210 Non

1875 1249 2059 1318 itaque
2120 1249 2493 1319 frequentant,
2525 1253 2618 1305 sed
2665 1249 2948 1318 probiores
2980 1250 3291 1317 habentur;
3324 1250 3470 1320 quod

1872 1342 2091 1397 noxiam
2151 1342 2297 1395 illam
2359 1342 2641 1411 spectandi
2696 1351 3049 1398 contemnant
3098 1341 3467 1411 voluntatem;

1871 1438 2324 1504 praesertimcum
2373 1434 2612 1505 plurimi,
2648 1434 2759 1488 imo
2793 1448 2986 1490 omnes
3047 1434 3212 1488 etiam
3266 1434 3470 1504 plebeii

1872 1529 2256 1597 resipiscentes
2294 1544 2324 1582 a
2363 1527 2694 1599 spectaculis
2737 1526 3240 1582 etcertaminibus
3298 1526 3472 1580 absti-

1874 1622 2112 1683 nuerint.
2148 1622 2546 1690 philosOphiam
2592 1620 2739 1675 serio
2768 1618 3024 1689 amplexi.
3051 1616 3249 1673 Clausa
3282 1618 3477 1689 itaque

1872 1722 2000 1767 sunt
2032 1713 2265 1777 theatra,
2305 1722 2360 1767 et
2391 1728 2511 1783 quae
2542 1721 2730 1781 aperta
2785 1718 2964 1775 erant,
2992 1725 3024 1766 a
3076 1709 3297 1765 nemine
3348 1706 3465 1764 fre-

164 1798 321 1853 θωτο
346 1801 437 1867 ἂν,
463 1802 498 1874 ἦ
527 1820 585 1856 τε
614 1804 724 1857 τῶν
745 1804 937 1874 ψυχῶν
970 1804 1237 1877 σωτηρία,
1270 1805 1313 1875 ἧ’
1335 1822 1394 1857 τε
1416 1801 1537 1857 ’τῶν
1559 1804 1767 1858 πόλεων

1881 1805 2298 1874 quentabantur.
2337 1803 2507 1859 Periit
2557 1818 2685 1858 vero
2739 1817 3035 1872 pravorum
3096 1801 3468 1870 agonistarum

163 1891 543 1957 κατάστασις,
593 1895 630 1965 θή
670 1913 729 1949 τε
764 1896 873 1950 τῶν
920 1897 1200 1969 ἀρχόντων
1241 1896 1531 1965 ἀσφάλεια.
1581 1896 1771 1951 Ταῦτα

1881 1911 1986 1962 ars,
2018 1912 2110 1951 seu
2140 1898 2319 1966 potius
2354 1911 2611 1967 perversa
2657 1910 2768 1960 ars,
2804 1894 3022 1964 triaque
3071 1893 3295 1948 maximi
3352 1908 3472 1949 mo-

167 1981 276 2051 μὲν
327 1980 437 2037 ὀὖν
488 1984 798 2040 ἀκουόντων
864 1988 1018 2058 παρὰ
1086 1991 1187 2057 τῆς
1250 1988 1349 2057 σῆς
1405 1986 1766 2049 παιδεύσεως.

1881 1990 2046 2042 menti
2112 1991 2251 2044 bona
2332 1999 2461 2045 sunt
2524 1994 2863 2044 consecuta:
2900 1989 3206 2042 animorum
3261 1987 3479 2042 scilicet

177 2076 417 2149 Ἐπειδὴ
439 2077 497 2130 δὲ
520 2079 615 2132 καὶ
637 2080 735 2151 τὴν
754 2080 894 2151 ἐμὴν
916 2081 1137 2149 κινῆσαι
1160 2080 1408 2148 γλῶτταν
1431 2079 1541 2131 δεῖν
1561 2078 1771 2149 ᾠήθης,

1881 2081 2237 2145 δίδωθι-θριξὶ
2279 2081 2592 2151 reipublicae
2642 2081 2934 2147 institutio,
2990 2080 3225 2149 denique
3278 2094 3468 2134 eorum

164 2165 247 2229 ῶς
296 2169 516 2237 μεγάλα
555 2171 677 2224 τινὰ
711 2173 880 2243 (ὅπερ
927 2174 1026 2225 οὐκ
1069 2167 1260 2243 οἶμαι)
1306 2172 1634 2238 ἀνύσουσαν,
1685 2173 1771 2225 ἵνα

1881 2173 1963 2239 qui
2026 2182 2285 2239 przesunt,
2334 2174 2625 2227 securitas.
2695 2171 3069 2242 Haecritaque
3129 2170 3471 2225 auditoribus

166 2260 248 2329 μὴ
283 2259 430 2326 δόξω
460 2280 519 2316 σε
539 2264 752 2328 λυπεῖν,
787 2265 1041 2337 καὶπρὸς
1069 2266 1267 2328 αὐτοὺς
1299 2264 1571 2334 γέγραφα.
1660 2312 1665 2318 .

1881 2265 2173 2333 disciplinae
2224 2276 2327 2318 tua:
2374 2265 2702 2320 commissis.
2734 2264 2962 2329 Quando
2992 2278 3122 2318 vero
3152 2264 3267 2318 haec
3300 2262 3469 2316 etiam

165 2368 195 2405 a
234 2369 328 2406 me
357 2354 808 2411 disserendaesse
832 2357 1259 2421 duxeris,veluti
1291 2354 1771 2426 magnaqtmdam,
1846 2357 1941 2409 sed
2002 2357 2190 2412 nescio
2251 2373 2319 2411 an
2376 2356 2683 2427 profutura,
2739 2373 2807 2411 ne
2895 2365 2949 2411 te
3016 2356 3203 2410 videar
3258 2354 3481 2409 contri--

169 2460 353 2512 stare,
416 2450 482 2502 ad
560 2449 681 2504 illos
756 2452 919 2505 etiatn
1012 2453 1293 2521 sequentia
1377 2449 1777 2518 praescribenda
1813 2449 1963 2505 duxi.

473 2562 664 2628 PHG’.
712 2592 784 2601 -
835 2562 1168 2617 ΕΛΛΗΝΩΝ
1206 2562 1461 2615 ΠΑΙΣΙΝ.

2093 2562 2503 2619 CLXXXVI.—
2522 2560 2933 2618 GRIECORUM
2964 2558 3254 2613 LIBERIS.

168 2651 253 2703 De
297 2656 482 2705 endem
518 2670 571 2706 re
620 2671 652 2707 a
678 2656 991 2708 soectnculis
1023 2668 1068 2709 et
1111 2655 1251 2708 ludis
1292 2669 1480 2721 pueros
1518 2662 1743 2706 revocat.
1787 2652 2047 2708 Virtutem
2081 2657 2145 2708 iis
2201 2656 2550 2718 commendat,
2606 2656 2800 2709 divitiix
2832 2654 3139 2722 prmferens,
3165 2661 3216 2705 et
3257 2651 3327 2704 ad
3354 2670 3469 2709 enm

753 2725 1027 2779 colendam
1057 2726 1267 2793 prolixa
1301 2724 1626 2792 eleg/antique
1652 2724 1750 2776 hac
1786 2726 1942 2793 epist.
1972 2730 2241 2779 hortatur.
2274 2724 2512 2795 (Confer.
2546 2728 2698 2792 epist.
2745 2726 2894 2793 109.)

247 2830 327 2887 Ὦ
350 2836 616 2907 μειράκια
647 2837 775 2908 (χρὴ
819 2837 927 2910 γὰρ
963 2840 1092 2909 ὑμῖν
1148 2837 1477 2909 ἀρχομένοις
1518 2836 1613 2890 τοῦ
1654 2836 1772 2907 βίου

1950 2822 2340 2877 Adulescentes
2381 2823 2578 2892 (decet
2626 2822 2770 2875 enim
2829 2821 2996 2874 vitam
3024 2820 3177 2876 vobis
3210 2820 3473 2891 ingressis

174 2928 357 2999 μηδὲν
396 2932 703 3001 παράλογον
748 2932 977 3003 φράσαι,
1018 2932 1159 2986 ἀλλά
1199 2932 1295 3003 τὴν
1350 2934 1612 3003 ἀλήθειαν
1666 2933 1775 2985 ἀπ·

1881 2911 2016 2965 nihil
2051 2913 2225 2965 otiose
2271 2913 2477 2975 dicere,
2513 2911 2608 2965 sed
2649 2912 2934 2964 veritatem
2977 2912 3117 2966 nude
3161 2911 3495 2982 explicare)‘

173 3022 513 3093 αμφιάσαι),
553 3023 774 3077 πάντων
819 3024 928 3077 τῶν
956 3024 1125 3077 ὄντων
1156 3023 1187 3093 ἢ
1225 3024 1526 3077 δοκούντων
1556 3023 1776 3092 ἀγαθῶν

1881 3005 2141 3067 omnium,
2173 3020 2294 3073 quae
2311 3014 2438 3059 sunt
2462 3012 2557 3057 aut
2584 3004 2836 3057 videntur
2871 3004 3136 3057 bonorum
3171 3003 3470 3058 maximum

177 3112 454 3182 μέγιστόν
480 3131 535 3167 τε
561 3116 653 3167 καὶ
681 3115 966 3167 κάλλιστόν
995 3117 1141 3166 ἐστιν
1186 3116 1219 3183 ἡ
1253 3115 1422 3184 ἀρετή
1445 3130 1459 3144 ·
1498 3116 1593 3168 καὶ
1638 3132 1772 3167 ταυ-

1881 3108 2043 3166 atque
2102 3097 2529 3166 pulcherrimum
2569 3096 2741 3151 virtus
2801 3105 2886 3150 est
2921 3114 2934 3149 :
2978 3097 3281 3164 eodemque
3310 3098 3474 3151 modo

172 3206 278 3260 τόν
314 3205 457 3258 εἰσιν
479 3208 529 3259 οἱ
567 3207 743 3279 ταύτῃ
780 3206 1139 3276 συμϐιοῦντες
1166 3208 1301 3278 πρὸς
1332 3209 1457 3271 τοὺς
1480 3206 1776 3279 ἀμοιροῦν-

173 3313 312 3361 τας,
343 3297 484 3368 ὅπερ
500 3300 699 3352 ἐκεῖνοι
721 3299 823 3369 μὲν
848 3298 1063 3369 πρὸςτά
1085 3299 1249 3368 θηρία
1267 3315 1281 3328 °
1300 3298 1522 3367 ἄγγελοι
1556 3298 1612 3351 δὲ
1639 3299 1778 3369 πρὸς

173 3386 321 3451 pm;
371 3388 732 3461 ἀνθρώπους⁹
796 3392 1073 3461 βαδίζουσι
1119 3389 1251 3459 γοῦν
1294 3391 1384 3444 διὰ
1430 3391 1531 3461 τῆς
1572 3393 1803 3463 ἀγορᾶς

177 3479 450 3547 ἀγγέλοις
477 3482 734 3545 ἐοικότες.
759 3483 972 3554 Ὥσπερ
997 3481 1107 3551 γὰρ
1134 3482 1459 3552 λαμπτῆρες
1493 3484 1552 3535 ἐν
1603 3483 1781 3554 σκότῳ

178 3572 459 3643 ἐξαίφνης
508 3574 770 3647 ἀρθέντες
817 3576 1207 3646 ἐπιστρέφουσι
1251 3575 1389 3645 πρὸς
1425 3575 1655 3639 ἑαυτοὺς
1680 3576 1781 3640 τὰς

176 3668 301 3720 τῶν
334 3665 511 3720 ἄλλων
536 3668 708 3737 ὄψεις,
733 3667 877 3721 οὕτω
930 3668 1027 3721 καὶ
1084 3660 1231 3720 οῦτοι
1259 3669 1386 3729 τοὺς
1441 3667 1636 3730 ἄλλους
1686 3668 1801 3721 καὶ

178 3755 564 3827 ἐκπλήττουσι
590 3758 684 3811 καὶ
700 3757 1047 3826 φωτίζουσιν.
1080 3758 1143 3810 Οἱ
1167 3757 1225 3810 δὲ
1250 3757 1482 3826 ἀφέντες
1511 3758 1579 3810 τὰ
1608 3759 1783 3809 οἰκεῖα

177 3850 423 3901 ἕπονται
453 3848 590 3920 πρὸς
623 3850 724 3919 τὴν
744 3851 930 3919 φωνὴν
953 3848 1314 3919 ἀγαλλόμενοι
1335 3866 1350 3880 ο
1380 3850 1473 3901 καὶ
1500 3849 1780 3917 γίγνονται

180 3941 334 4011 πρὸς
365 3940 629 4005 ἐκείνους,
681 3941 710 3993 ὃ
750 3942 814 4012 δὴ
865 3942 1002 4012 πρὸς
1037 3941 1164 4004 τοὺς
1215 3940 1478 4011 ποιμένας
1522 3940 1591 3993 τὰ
1640 3941 1778 4010 πρό-

180 4033 358 4095 ϐατα,
391 4031 805 4103 συγχωροῦντες
852 4032 1009 4101 ἄγειν
1059 4032 1260 4095 αὐτοὺς
1308 4028 1475 4103 ὅπῃῇ
1526 4031 1735 4101 βέλτιον
1762 4047 1778 4064 ο

179 4126 235 4177 οἱ
277 4124 340 4177 δὲ
377 4125 789 4196 παραλαϐόντες
819 4126 1153 4196 πειθηνίους,
1174 4125 1495 4196 ἐξηγοῦνται
1521 4125 1779 4194 καθάπερ

180 4221 476 4288 προφῆται
504 4217 572 4271 τά
615 4218 902 4290 μέλλοντα.
939 4217 1157 4288 Ἐπειδὴ
1190 4216 1299 4287 γὰρ
1329 4215 1514 4269 πολλοὶ⁴
1546 4213 1652 4268 τῶν
1715 4214 1779 4266 οὐ

182 4309 364 4362 πολὺν
393 4309 496 4377 τῆς
549 4309 755 4379 ἀρετῆς
811 4308 1152 4377 ποιουμένων
1202 4306 1382 4375 λόγον,
1440 4305 1571 4376 παρ’
1627 4300 1709 4367 οἷς
1740 4305 1773 4372 ἡ

184 4398 514 4468 παραυτίκα
572 4399 733 4469 ἡδονὴ
786 4399 881 4452 καὶ
930 4398 1180 4469 ῥᾳστώνη
1234 4398 1418 4468 μεῖζον
1462 4395 1634 4466 ίσχύει
1682 4394 1777 4447 τοῦ

1883 3207 1943 3246 se
1980 3190 2204 3255 habent,
2254 3188 2348 3258 qui
2402 3203 2525 3242 cum
2581 3188 2785 3243 virtute
2824 3188 2991 3243 vitam
3053 3189 3368 3255 instituunt,
3400 3189 3469 3244 ad

1884 3284 2024 3347 illos,
2046 3283 2218 3352 quiea
2247 3291 2462 3346 carent,
2487 3290 2545 3335 ut
2589 3282 2806 3335 ratione
2856 3281 3069 3350 praediti
3121 3281 3372 3335 homines
3401 3282 3471 3337 ad

1884 3375 2029 3431 feras
2070 3374 2285 3441 noxias,
2311 3384 2367 3429 et
2396 3373 2573 3444 angeli
2603 3389 2727 3428 cum
2760 3374 3074 3428 hominibus
3106 3374 3311 3427 collati.
3339 3374 3472 3427 Am-

1883 3468 2071 3521 bulant
2113 3466 2258 3521 enim
2288 3480 2384 3535 per
2426 3464 2657 3536 compita
2717 3461 2819 3521 hac
2882 3463 3116 3531 praediti,
3155 3463 3472 3533 angelorum

1883 3559 2109 3614 similes.
2160 3556 2230 3612 Ut
2273 3556 2415 3613 enim
2472 3554 2619 3609 faces
2653 3555 2705 3619 in
2762 3554 3002 3608 tenebris
3050 3555 3341 3623 derepente
3382 3554 3473 3607 in-

1883 3662 2058 3702 censa
2082 3645 2322 3699 omnium
2347 3643 2401 3696 in
2440 3655 2500 3697 se
2526 3641 2712 3695 oculos
2764 3650 3114 3703 convertunt,
3148 3643 3219 3695 ita
3255 3643 3307 3695 hi
3334 3656 3470 3710 quo-

1883 3757 1989 3812 que
2010 3739 2359 3794 admirationi
2392 3736 2514 3792 aliis
2559 3735 2849 3789 exsistunt.
2900 3732 3129 3798 Quidam
3167 3734 3311 3787 enim
3340 3749 3474 3803 pro-

1886 3836 2021 3906 priis
2051 3833 2255 3887 relictis
2286 3830 2491 3884 uadibus
2524 3842 2709 3881 vocem
2746 3840 2935 3880 eorum
2968 3825 3152 3878 animo
3181 3824 3471 3879 exsultan-

1884 3939 1966 3983 tes
1992 3933 2315 3994 sequuntur,
2342 3921 2586 3989 ﬁuntque
2613 3919 2720 3972 illis
2750 3917 2894 3987 quod
2922 3926 3052 3971 sunt
3085 3917 3290 3986 pastori
3322 3932 3473 3983 oves,

1884 3994 2264 4089 permittentes
2302 4027 2360 4067 se
2386 4012 2455 4065 ab
2486 4010 2593 4063 illis
2620 4007 2976 4070 circumduci,
3006 4021 3113 4073 quo
3142 4015 3226 4061 est
3257 4006 3474 4061 melius.

1884 4108 1963 4164 Illi
1986 4123 2115 4163 vero
2164 4103 2525 4173 suscipientes
2559 4099 2682 4153 illos
2717 4108 2775 4151 ut
2828 4100 3192 4166 obsequentes
3222 4098 3477 4167 dictoque

1885 4204 2168 4257 audientes
2223 4197 2410 4251 futura
2470 4200 2773 4263 exponunt,
2806 4201 2866 4245 ut
2898 4192 3175 4259 prophetae
3225 4190 3356 4244 olim
3388 4207 3475 4245 so-

1886 4295 2016 4351 lent.
2048 4293 2184 4348 Cum
2210 4305 2342 4344 vero
2367 4286 2609 4359 plurimi,
2642 4285 2862 4339 virtutis
2896 4284 3041 4338 nullo
3078 4284 3264 4338 habito
3291 4299 3475 4352 respe-

1887 4397 2000 4453 ctu,
2027 4384 2224 4456 quibus
2282 4382 2486 4435 caduca
2539 4377 2793 4446 voluptas
2846 4376 3124 4444 animique
3185 4374 3476 4430 delectatio

182 4489 318 4544 ποθ’
343 4490 572 4561 ὕστερον
597 4490 953 4552 συνοίσοντος.
988 4491 1050 4543 Οἳ
1075 4489 1162 4543 διά
1195 4489 1293 4560 μὲν
1339 4488 1647 4558 ἀπληστίαν
1686 4488 1781 4541 καὶ

1891 4481 2009 4547 plus
2053 4477 2215 4539 valet,
2237 4488 2400 4544 quam
2456 4472 2603 4542 quod
2639 4479 2827 4539 postea
2886 4466 3128 4520 futurum
3178 4473 3265 4521 est
3319 4465 3471 4553 utile.

182 4582 413 4636 ἀδικίαν
458 4582 527 4634 τά
576 4582 821 4652 παρόντα
881 4582 1160 4650 ἀγαπῶσι,
1219 4581 1307 4635 διὰ
1367 4580 1424 4633 δέ
1482 4580 1781 4650 σκαιότητα

182 4675 418 4747 τρόπων
445 4673 555 4727 τῶν
576 4675 714 4743 μετά
739 4673 915 4727 ταῦτα
938 4674 1091 4727 οὐδὲν
1123 4673 1425 4745 προορῶσι,
1450 4672 1559 4725 τῶν
1581 4675 1639 4725 ἐν
1666 4689 1782 4742 χει-

190 4768 312 4836 ροῖν
342 4763 504 4835 μόνον
530 4765 787 4835 φροντίδα
804 4765 1077 4836 τιθέμενοι
1109 4766 1399 4838 φράζουσιο
1435 4783 1454 4816 ι
1500 4765 1575 4817 Τὸ
1602 4763 1780 4835 παρὸν

187 4855 252 4913 εὖ
289 4856 477 4911 τίθεν
502 4876 521 4909 ι
553 4859 751 4912 ἐκεῖνοι
783 4860 853 4912 τά
890 4858 1154 4929 μέλλοντα
1191 4856 1528 4921 σκοποῦντες
1561 4873 1781 4927 προμη-

188 4950 404 5014 νύουσι,
458 4951 554 5003 καὶ
594 4949 702 5003 τῶν
755 4952 1100 5022 πραγμάτων
1130 4950 1409 5004 ἐκϐάντων
1457 4948 1604 5004 κατά
1654 4950 1781 5012 τοὺς

188 5040 392 5109 λόγους
454 5038 845 5110 στεφανοῦνται
900 5043 995 5095 καὶ
1060 5041 1549 5114 ἀνακηρύττονται.
1617 5034 1780 5094 Οὗτοι

189 5132 403 5196 ζῶντες
463 5131 564 5203 μὲν
584 5133 684 5196 τὰς
720 5134 1052 5204 κεκλιμένας
1115 5134 1213 5205 μὲν
1282 5132 1533 5204 ὀρθοῦσι,
1582 5134 1680 5195 τὰς
1735 5132 1780 5184 δ’

190 5223 445 5286 ἑστώσας
484 5222 755 5293 κοσμοῦσι
806 5225 1013 5291 πόλεις,
1052 5224 1479 5295 τελευτήσαντες
1521 5223 1579 5277 δὲ
1610 5224 1781 5291 ἐγκα-

188 5314 518 5368 ταλείπουσι
572 5314 797 5387 κέντρον
851 5315 946 5369 τοῦ
997 5317 1203 5371 πόθουο
1252 5315 1513 5387 ἐπίσημοι
1567 5314 1677 5385 γὰρ
1733 5316 1782 5368 οἱ

187 5409 384 5477 τάφοι,
423 5409 479 5459 ἐν
529 5411 664 5478 τιμῇ
710 5409 767 5462 δὲ
816 5408 885 5462 τὰ
936 5408 1094 5480 γένη,
1144 5406 1397 5480 διηνεκὴς
1418 5406 1475 5459 δὲ
1517 5407 1553 5477 ἡ
1596 5406 1788 5478 μνήμη

187 5498 447 5552 δικαίων.
494 5497 721 5568 Ἀρετῆς
770 5499 880 5571 γὰρ
929 5501 1229 5570 ἐκτήσαντο
1274 5499 1458 5568 φύσιν,
1489 5491 1557 5568 ἦς
1585 5496 1647 5549 οὐ
1687 5496 1787 5549 πέ-

190 5605 372 5659 φυκεν
400 5589 667 5642 ἅπτεσθαι
709 5590 957 5664 τελευτή,
993 5592 1115 5647 Τῶν
1168 5592 1266 5662 μὲν
1302 5590 1413 5661 γὰρ
1458 5588 1791 5660 σωματικῶν

190 5680 702 5751 πλεονεκτημάτων
725 5684 927 5755 ῥαδίως
969 5684 1203 5740 ἕκαστον
1247 5681 1667 5750 ἀποσϐέννυται,
1697 5680 1793 5737 καὶ

272 5839 325 5871 ⁸³
355 5840 550 5896 Matth.
596 5858 706 5903 va.
744 5842 830 5897 17.

1887 4543 2051 4643 δι2
2086 4567 2162 4623 11ιί
2185 4543 2497 4635 ineXplebili
2534 4565 2848 4632 injustaque
2898 4560 3203 4628 cupiditate
3240 4543 3475 4627 praesen-

1880 4670 1953 4722 tia
1980 4668 2252 4726 adamant,
2283 4671 2448 4729 atque
2473 4660 2541 4711 ob
2568 4670 2800 4712 sczevam
2844 4667 3056 4707 morum
3110 4651 3468 4705 consuetudi-

1879 4774 2029 4823 nem,
2066 4771 2187 4825 quze
2251 4754 2613 4808 subsecutura
2651 4745 3047 4810 suul,miuime
3081 4743 3475 4813 provident,iis

1881 4853 2181 4912 duntaxat,
2214 4860 2334 4914 quae
2368 4846 2424 4898 in
2485 4840 2738 4896 manibus
2792 4846 2939 4900 sunt,
2982 4834 3200 4899 intenti,
3243 4835 3470 4887 dicunt:

1887 4960 1907 4994 ι
1952 4940 2247 4995 Praesentia
2309 4949 2586 4992 curemus.
2622 4950 2669 4983 η»
2722 4929 2827 4983 Alii
2902 4936 3093 4984 contra
3161 4924 3471 4979 futurorum

1890 5042 2199 5097 satagentes
2264 5027 2657 5099 praenuntiant,
2713 5032 2768 5077 et
2820 5020 2892 5075 ob
2930 5021 3069 5075 bene
3134 5017 3353 5081 merita,
3415 5024 3476 5069 ut

1888 5127 2170 5195 Scriptura
2230 5119 2611 5189 pollicetur”,
2644 5130 2904 5172 coronam
2973 5111 3250 5181 accipiunt
3311 5117 3474 5174 atque

1890 5219 2198 5274 laudantur.
2225 5214 2290 5270 Hi
2325 5213 2571 5268 viventes
2628 5208 2847 5279 quidem
2897 5219 2983 5258 res
3024 5201 3313 5257 inclinatas
3361 5199 3474 5253 eri-

1890 5314 2043 5376 gunt,
2078 5316 2275 5372 resque
2304 5300 2548 5371 publicas
2586 5298 2909 5353 constitutas
2932 5301 3151 5357 ornant,
3186 5298 3474 5358 morteque

1886 5396 2083 5451 sublati
2126 5392 2457 5448 desiderium
2485 5390 2566 5443 sui
2618 5387 2957 5455 relinquunt.
2987 5383 3133 5437 Clari
3182 5379 3330 5435 enim
3373 5388 3464 5433 tu-

1888 5488 2156 5544 mulorum
2210 5481 2601 5544 monumentis,
2662 5480 2829 5548 stirps
2891 5490 3109 5546 quoque
3171 5472 3224 5526 in
3267 5474 3475 5525 honore

1888 5592 1992 5651 est,
2027 5590 2080 5637 et
2126 5580 2287 5647 longa
2328 5575 2451 5646 jure
2505 5573 2713 5643 Optimo
2758 5570 3019 5625 memoria
3065 5576 3170 5621 est.
3202 5563 3473 5617 Virtutem

1890 5676 2037 5734 enim
2095 5671 2401 5745 possident,
2450 5682 2574 5738 qua:
2627 5681 2731 5721 non
2776 5661 2985 5720 interit.
3026 5658 3288 5729 Corporis
3346 5668 3477 5710 vero
