3982 6420
200 309 338 376 Im

994 316 1532 380 EPISTOLARUM
1571 318 1720 381 LIB.
1758 317 1830 382 V.
1868 346 1937 356 -
1962 321 2200 387 EPIST.
2236 326 2595 395 CLXXXVI.

3330 340 3469 408 1442

193 445 329 491 τους
367 425 716 499 παραίνεσιν,
739 427 840 500 οὐχ
875 428 1061 495 ἀπλῶς
1087 430 1406 502 εἰρημένην,
1433 432 1554 485 οὐδέ
1585 431 1784 504 ῥᾳδίως

1887 434 2210 505 simpliciter
2256 440 2548 509 prolatam,
2600 456 2776 512 neque
2813 444 2881 498 ad
2935 446 3285 507 refellendum
3341 456 3471 514 faci-

196 520 602 591 ἐλεγχομένην,
637 519 775 574 ἀλλά
805 523 872 592 τῇ
907 521 1137 593 ἀληθείᾳ
1179 520 1573 595 ὠχυρωμένην.
1608 523 1782 576 Πλοῦ-

193 627 287 673 τος
340 611 402 664 δὲ
450 610 650 675 κακίας
707 611 912 683 μᾶλλον
954 612 988 684 ἢ
1032 611 1437 682 καλοκαγαθίας
1501 614 1785 685 ὑπηρέτης

193 701 384 755 ἐστίν’
443 702 692 768 ἐξουσίαν
745 702 848 772 μὲν
896 704 963 774 τῇ
1023 703 1268 775 ῥᾳθυμίᾳ
1317 705 1780 774 παρασκευάζων,

193 793 292 846 ἐπὶ
333 794 396 846 δέ
424 795 524 858 τὰς
566 793 760 865 ἡδονὰς
803 794 930 859 τοὺς
980 793 1136 857 νέους
1182 794 1537 863 παρακαλῶν
1566 813 1585 848 ι
1625 794 1688 848 Εἰ
1724 795 1780 849 δέ

191 888 313 949 τοῖς
334 886 554 950 πολλοῖς
572 886 887 941 τούναντίον
915 886 1085 951 δοκεῖ,
1121 885 1209 940 διά
1253 886 1315 940 τὸ
1364 889 1464 957 τὴν
1516 886 1780 941 δοκοῦσαν

191 976 292 1028 καὶ
321 976 385 1028 οὐ
412 975 514 1046 τὴν
550 970 717 1029 οὖσαν
769 975 1079 1046 εὐπραγίαν
1131 976 1618 1047 περιεργάζεσθαι,
1650 977 1779 1031 θαυ-

187 1065 409 1135 μαστὸν
441 1065 617 1119 οὐδέν.
653 1065 722 1118 Οἵ
743 1082 806 1119 τε
839 1066 948 1136 γάρ
974 1064 1128 1135 παρά
1151 1065 1251 1136 τὴν
1285 1064 1448 1130 ἀξίαν
1481 1065 1779 1120 πλουτοῦν-

185 1173 310 1220 τες,
366 1155 518 1227 αὐτῷ
569 1157 745 1228 τούτῳ
799 1156 879 1228 τῷ
945 1157 1080 1229 παρ’
1141 1157 1302 1222 ἀξίαν
1367 1157 1777 1230 γνωριμώτεροι

193 1247 562 1304 καθίστανται
588 1265 603 1280 ⁸
636 1249 686 1301 οί
717 1246 774 1301 δὲ
804 1247 1030 1312 είκότως
1057 1248 1480 1320 εὐημεροῦντες,
1517 1249 1667 1322 αὐτῷ
1699 1249 1776 1321 τῷ

187 1340 425 1404 εἰκότως
447 1341 744 1413 εὐημερεῖν
780 1341 842 1394 οὐ
872 1342 1182 1412 παρέχουσι
1209 1359 1318 1395 τινι
1348 1341 1671 1410 θαυμάζειν.
1701 1342 1778 1396 Τδ

185 1433 305 1503 γὰρ
335 1432 662 1503 παράδοξον,
693 1433 864 1486 πλείω
888 1435 1036 1486 ποιεῖ
1064 1433 1156 1487 τὸν
1199 1433 1339 1504 ὑπὲρ
1368 1433 1565 1488 ἐαυτοῦ
1593 1433 1774 1502 λόγον.

181 1521 294 1575 Διά
347 1522 495 1576 τοῦτ’
530 1522 662 1585 ῖσως
708 1522 964 1585 ἐλάττους
993 1523 1148 1587 ὄντες
1183 1524 1233 1575 οί
1279 1523 1432 1594 παρά
1475 1523 1576 1594 τὴν
1617 1523 1776 1590 ἀξίαν

181 1617 570 1689 εὐφερόμενοι,
607 1619 708 1690 τὴν
731 1617 826 1673 τοῦ
857 1618 1102 1683 πλείονος
1146 1613 1288 1673 εῖναι
1320 1618 1481 1687 δόξαν
1527 1619 1775 1690 ἀπηνέγ-

181 1727 382 1764 καντο.
437 1711 632 1780 Θῶμεν
683 1710 865 1764 τοίνυν
931 1709 1060 1782 (χρὴ
1095 1709 1205 1782 γάρ
1255 1711 1350 1764 καὶ
1389 1708 1499 1764 ἀπὸ
1551 1709 1776 1780 συγκρί-

1885 523 2016 613 lem,
2063 526 2158 580 sed
2199 527 2430 582 veritate
2476 528 2787 587 munitam:
2823 549 2842 584 ι
2872 531 3103 604 Βίνίιίω,
3142 538 3338 613 inquit,
3382 544 3469 599 vi-

1887 612 2086 667 tiorum
2117 616 2302 685 potius
2324 631 2489 686 quam
2525 619 2744 675 virtutis
2779 622 3191 698 honestatisque
3221 612 3345 686 sunt
3373 637 3468 689 ad-

1885 707 2169 765 ministrat.
2218 711 2300 766 Ad
2342 714 2649 768 socordiam
2696 716 2840 771 enim
2887 719 3030 774 viam
3062 731 3336 790 sternunt,
3374 727 3466 794 ju-

1883 813 2158 869 venesque
2190 803 2256 855 ad
2285 802 2616 873 voluptatem
2654 806 2907 863 invitant.
2940 828 2960 862 ι
2998 812 3150 879 Quod
3192 816 3238 870 si
3275 819 3468 887 pleris-

1883 906 1990 960 que
2019 901 2208 948 contra
2245 893 2516 962 videatur,
2550 899 2641 967 qui
2680 899 2751 954 ob
2794 915 2899 956 non
2930 917 3058 958 vere
3086 907 3464 976 exsistentetn,

1881 981 1976 1037 sed
2018 994 2368 1052 apparentem
2415 989 2828 1058 prosperitatem
2871 991 3188 1062 elaborent,
3239 999 3464 1056 minime

1881 1071 2212 1128 mirandum.
2261 1073 2366 1142 Qui
2415 1090 2546 1132 vero
2599 1075 2874 1133 immerito
2928 1079 3129 1148 ditsti,
3182 1083 3284 1138 hoc
3345 1085 3465 1154 ipso

1882 1162 2025 1232 quod
2051 1164 2162 1219 sint
2185 1165 2384 1222 divites
2408 1176 2608 1238 praeter
2640 1170 2897 1225 meritum
2921 1172 3266 1229 admirationi
3300 1187 3461 1242 sunt;

1878 1261 1935 1308 at
1963 1253 2053 1322 qui
2074 1251 2221 1321 juste
2246 1255 2520 1310 secundos
2545 1256 2750 1313 habent
2770 1272 3078 1327 successus,
3102 1263 3246 1332 quod
3269 1266 3464 1320 merito

1877 1343 2117 1406 feliciter
2142 1356 2327 1416 agant,
2363 1363 2521 1404 nemo
2547 1349 2850 1406 admiratur
2877 1370 2892 1406 :
2919 1354 3061 1423 quod
3103 1355 3247 1410 enim
3283 1357 3462 1427 inopi-

1878 1446 2067 1493 natum
2098 1447 2201 1505 est,
2233 1439 2300 1494 de
2329 1454 2396 1495 eo
2436 1441 2666 1510 amplius
2695 1442 2810 1498 fere
2837 1443 3132 1515 loquimur.
3168 1446 3458 1518 Propterea

1876 1527 2110 1586 fortasse
2149 1541 2340 1601 putant
2385 1531 2476 1587 isti
2524 1533 2795 1599 homines,
2833 1537 2928 1606 qui
2974 1547 3173 1605 praeter
3205 1541 3458 1595 meritum

1875 1632 2136 1688 prospera
2175 1618 2512 1674 extolluntur
2542 1621 2782 1689 fortuna,
2815 1624 2958 1693 quod
2996 1624 3254 1692 majorem
3292 1643 3458 1696 quant

1878 1710 2031 1781 probi
2078 1705 2179 1764 viri
2223 1709 2454 1780 gloriam
2500 1713 2758 1782 consequi
2800 1714 3071 1771 videntur.
3106 1715 3306 1772 Demus
3352 1721 3458 1772 ἱιει-

185 1820 334 1866 σεως
380 1802 444 1855 τὸ
487 1802 606 1856 δέον
659 1780 1187 1874 σκοπῆσαιγῐσους-
1221 1801 1422 1866 αὐτοὺς
1447 1795 1584 1855 εἶναι
1611 1815 1626 1832 ·
1679 1801 1776 1855 καὶ

1879 1780 1987 1871 que
2018 1799 2190 1871 (paria
2220 1799 2367 1855 enim
2397 1780 2763 1871 comparando
2801 1814 2929 1857 sunt
2955 1807 3269 1876 spectanda)
3298 1823 3460 1876 pares

184 1894 546 1966 σκεψώμεθα,
570 1895 800 1966 πότερον
825 1894 1049 1965 ἀμεινον
1080 1895 1197 1965 μετ’
1237 1894 1441 1966 ἀρετῆς
1466 1893 1495 1946 ό
1518 1892 1772 1958 πλοῦτος,

181 1986 221 2056 ἦ
250 1985 381 2040 καθ’
412 1986 623 2041 ἑαυτόν.
680 1986 791 2040 Καὶ
837 1985 943 2057 μὴν
982 1986 1012 2039 δ
1044 1985 1143 2056 μὲν
1173 1984 1275 2055 τῆς
1312 1985 1616 2057 εὐημερίας
1648 1985 1774 2039 ἐπι-

183 2077 510 2149 λειπούσης,
568 2077 648 2147 τῷ
680 2077 920 2148 κτήματι
956 2077 1057 2147 τῆς
1097 2075 1303 2148 ἀρετῆς
1346 2075 1460 2146 ἔχει
1501 2075 1730 2148 θαρρεῖν
1754 2091 1769 2108 ο

182 2168 280 2220 τὸν
323 2165 396 2222 ’δὲ
458 2169 750 2240 οἰχομένης
797 2169 897 2239 τῆς
948 2168 1254 2240 εὐπραγίας
1308 2167 1505 2238 ἄτιμον
1552 2168 1768 2238 ἀνάγκη

181 2259 431 2317 κεῖσθαι.
468 2258 829 2330 Ὑποθώμιθα
853 2259 910 2313 δὲ
939 2260 1121 2312 πᾶσαν
1154 2257 1428 2330 ῥᾳθυμίας
1448 2257 1567 2311 ὁδὸν
1605 2256 1768 2310 ἐκκό-

179 2367 439 2415 πτοντες,
475 2351 570 2404 καὶ
598 2349 932 2421 κεχωρίσθαι
965 2348 1141 2403 ταῦτα
1175 2351 1243 2420 τῇ
1276 2347 1458 2419 φύσει,
1511 2349 1607 2402 καὶ
1651 2351 1770 2412 τοῖς

180 2445 292 2514 μὲν
321 2444 424 2515 τὴν
444 2443 666 2515 ἀρετὴν,
698 2445 814 2506 τοῖς
847 2443 906 2496 δέ
944 2441 1038 2496 τὸν
1071 2441 1301 2495 πλοῦτον
1346 2441 1771 2513 μεμερισμένως

183 2535 590 2606 περιγίνεσθαι,
640 2534 734 2588 καὶ
785 2534 860 2606 μὴ
887 2533 1252 2614 μεταπίπτειν
1294 2531 1395 2603 τὴν
1442 2532 1766 2603 εὐημερίαν,

180 2627 382 2696 ὥσπερ
415 2625 515 2696 τὴν
548 2625 806 2696 Κροίσου.
842 2623 938 2688 Τίς
965 2619 1060 2678 οὐν
1099 2625 1200 2678 οὐκ
1243 2624 1310 2677 ἂν
1343 2623 1518 2676 εἵλετο
1563 2622 1767 2694 μᾶλλον

181 2719 369 2772 Σόλων
401 2713 542 2770 εἶναι
573 2717 606 2787 ἢ
641 2719 909 2788 Κροῖσος;
943 2716 1040 2780 Τίς
1069 2716 1128 2770 δὲ
1156 2716 1279 2787 οὐχὶ
1309 2715 1555 2780 Πλάτων,
1583 2715 1618 2786 ἢ
1649 2716 1768 2768 Διο-

179 2810 416 2874 νύσιος;
465 2809 551 2872 τίς
597 2808 654 2861 δέ
682 2809 743 2862 οὐ
780 2807 1078 2879 Σωκράτης
1105 2807 1327 2877 μᾶλλον,
1359 2807 1394 2878 ἢ
1439 2807 1767 2878 ’Δρχέλαος;

180 2902 283 2956 καὶ
322 2902 376 2954 τί
399 2901 482 2955 δεῖ
507 2900 734 2966 πολλοὺς
763 2900 1087 2971 φιλοσόφως
1116 2899 1461 2970 καταλέγειν,
1511 2900 1606 2954 καὶ
1638 2915 1770 2970 συγ-

179 2995 399 3065 κρίνειν
425 2996 727 3066 τυράννοις,
759 2986 837 3049 ὦν
869 2995 966 3048 καὶ
1009 2994 1044 3064 ἡ
1101 2994 1290 3065 μνήμη
1322 2992 1388 3048 ἃν
1429 2992 1686 3063 ἐσϐέσθη,
1717 2993 1767 3045 εἰ

1880 1891 2111 1947 invicem
2165 1907 2309 1959 esse,
2356 1901 2413 1947 et
2460 1901 2641 1947 utrum
2695 1902 2974 1963 praestent,
3025 1898 3456 1962 consideremus,

1877 1997 2004 2038 cum
2037 1983 2239 2039 virtute
2262 1984 2485 2050 divitiae,
2509 1999 2577 2038 an
2605 1999 2702 2053 per
2723 1999 2806 2040 se.
2829 1985 2922 2040 llle
2950 1987 3215 2055 siquidem
3239 1988 3457 2045 fortuna

1873 2083 1930 2129 et
1958 2075 2302 2144 possessione
2332 2075 2621 2131 deficiente
2652 2076 2834 2145 habet,
2867 2079 2956 2133 cui
2987 2079 3136 2144 fidat,
3163 2081 3454 2148 virtutem;

1874 2166 1964 2222 hic
1977 2181 2110 2223 vero
2135 2167 2418 2224 deficiente
2438 2183 2695 2239 prospero
2716 2184 2971 2225 successu
2996 2171 3257 2240 inglorius
3284 2173 3455 2236 vivat.

1874 2273 2096 2314 necesse
2131 2267 2234 2314 est.
2266 2257 2541 2314 Ponamus
2569 2260 2792 2330 itaque;
2827 2260 3089 2330 prwclusa
3118 2262 3458 2332 negligentia:

1872 2351 1981 2416 via,
2011 2351 2090 2406 rei
2115 2361 2307 2405 natura
2329 2351 2596 2414 accidere.
2623 2362 2682 2406 ut
2713 2352 2836 2406 aliis
2866 2353 3082 2422 quidem
3115 2354 3308 2416 virtus,
3335 2354 3457 2410 aliis

1871 2457 2004 2498 vero
2033 2443 2233 2498 divitiae
2271 2451 2418 2498 sorte
2457 2443 2761 2513 obtingant,
2808 2459 2908 2500 nec
2943 2444 3196 2500 recedere
3233 2461 3458 2516 prospe-

1871 2548 1986 2589 ram
2011 2534 2283 2588 fortunam
2315 2553 2330 2590 :
2362 2545 2421 2589 ut
2448 2533 2642 2590 Crmso
2669 2535 2886 2590 accidit.
2919 2535 3118 2605 Ecquis
3159 2537 3322 2603 igitur
3345 2554 3452 2592 non

1871 2623 2027 2678 malit
2061 2623 2225 2677 Solon
2257 2625 2437 2694 potius
2470 2639 2594 2680 esse
2621 2640 2784 2695 quam
2816 2625 3074 2681 Crtesus?
3100 2627 3254 2681 Plato
3276 2629 3455 2698 potius

1871 2728 2034 2784 quam
2070 2715 2395 2784 Dionysius?
2424 2725 2479 2770 et
2506 2715 2764 2771 Socrates
2797 2732 2961 2787 quam
2998 2719 3455 2774 Archelaus‘ised

1871 2806 1999 2876 quid
2031 2805 2212 2876 plures
2260 2821 2691 2862 commemorare
2732 2808 3082 2878 philosophos
3126 2810 3359 2865 attinet?
3391 2826 3455 2866 ac

1871 2913 2026 2968 reges
2059 2913 2386 2969 componere
2419 2899 2548 2968 quid
2577 2899 2845 2954 necesse?
2884 2899 3125 2966 Quorum
3155 2901 3300 2956 fama
3343 2904 3458 2972 qui-

1870 2993 1990 3046 dem
2033 2991 2307 3046 ex3tincta
2349 2999 2455 3057 est,
2495 3006 2600 3044 non
2648 3005 2858 3056 eorum,
2891 2990 2980 3060 qui
3017 2992 3218 3046 virtute
3263 3001 3319 3046 et
3364 3009 3456 3047 sa-

183 3086 267 3158 μὴ
305 3087 398 3140 διά
416 3086 516 3156 τὴν
547 3088 772 3140 ἐκείνων
820 3086 1023 3158 ἀρετήν
1058 3103 1116 3138 τε
1150 3085 1245 3139 καὶ
1278 3085 1509 3156 σοφίαν;
1561 3085 1642 3139 διὸ
1669 3084 1768 3138 καὶ⁸

1873 3084 2074 3152 pientia
2107 3083 2441 3136 claruerunt.
2480 3082 2844 3148 Quamobrem
2879 3083 3001 3138 istis
3045 3084 3226 3140 valere
3263 3086 3453 3155 jussis,

178 3179 415 3241 τούτους
440 3177 660 3250 παρεὶς,
688 3177 783 3230 ἐπὶ
817 3178 908 3230 τὸν
934 3176 1396 3248 συμϐουλευτικὸν
1436 3177 1638 3248 τρόπον
1674 3177 1768 3230 τὸν

178 3269 349 3338 λόγον
380 3268 672 3339 τρέψαιμι.
697 3269 758 3321 El
782 3267 965 3321 τοίνυν
992 3267 1167 3339 ἀρετὴ
1209 3267 1310 3338 μὲν
1336 3267 1601 3340 κρείττων
1629 3285 1768 3338 χρη-

183 3364 403 3434 μάτων.
429 3364 462 3432 ἡ
508 3361 564 3414 δὲ
618 3360 890 3431 εὐημερία
937 3359 970 3430 ἡ
1012 3359 1220 3430 ἀληθὴς
1264 3361 1378 3423 τοῖς
1447 3359 1764 3423 σπουδαίοις

177 3452 496 3514 ἀκολουθεῖ,
542 3453 636 3505 καὶ
664 3455 697 3523 ἠ
736 3451 969 3505 δοκοῦσα
1001 3451 1060 3504 δὲ
1104 3450 1290 3512 αὐτοῖς
1316 3450 1511 3504 ἕπεται
1535 3468 1548 3481 ·
1590 3452 1640 3504 εί
1673 3452 1770 3504 καὶ

175 3545 274 3599 διὰ
301 3543 363 3596 τὸ
385 3541 610 3605 εἰκότως
647 3541 957 3611 εὐδοκιμεῖν
993 3540 1056 3593 οὐ
1102 3539 1402 3610 παρέχουσι
1442 3540 1766 3610 θαυμάζειν,

176 3637 298 3690 τῶν
329 3633 549 3704 φαύλων
581 3633 672 3686 διὰ
698 3633 760 3686 τὸ
785 3633 915 3703 παρ’
951 3631 1109 3697 ἀξίαν
1132 3632 1385 3685 πλουτεῖν
1417 3632 1770 3704 γνωριμωτέ-

181 3745 301 3798 ρων
342 3725 740 3788 καθεστώτων,
791 3725 888 3778 καὶ
935 3724 1197 3778 πλειόνων
1240 3722 1562 3777 δοκούντων.
1614 3724 1677 3776 Εί
1710 3723 1768 3776 δὲ

179 3819 282 3871 καὶ
312 3819 420 3870 ῐσοι
452 3813 563 3869 εἷεν
583 3815 661 3885 τῷ
709 3814 952 3886 ἀριθμῷ,
1001 3813 1259 3885 ἀμείνους
1303 3813 1354 3866 oi
1405 3812 1522 3884 μετ’
1566 3813 1769 3884 ἀρετῆς

177 3909 610 3980 εὐημεροῦντες.
636 3909 699 3962 Ei
727 3909 783 3962 δὲ
816 3909 910 3961 καὶ
947 3905 1253 3978 κεχώριστο
1278 3904 1454 3960 ταῦτα
1485 3908 1552 3978 τῇ
1583 3905 1766 3974 φύσει,

177 4003 287 4072 τὴν
345 3999 548 4070 ἀρετὴν
598 3999 705 4071 πρὸ
754 3999 854 4069 τῆς
902 3999 1204 4070 εὐημερίας
1250 3998 1532 4068 αἱρετέονο
1569 3997 1622 4052 τί
1670 4016 1770 4052 xa-

178 4091 654 4162 ταρῤαθυμοῦμεν
697 4090 790 4143 τὸν
842 4090 942 4160 τῆς
989 4091 1193 4162 ἀρετῆς
1251 4089 1594 4160 προδιδόντες
1648 4090 1769 4145 στέ-

181 4201 392 4254 φανον;
421 4182 636 4236 Τούτων
674 4182 773 4253 μὲν
806 4177 903 4236 οὖν
928 4184 1020 4236 καὶ
1043 4180 1219 4235 ἄλλων
1249 4181 1462 4236 πολλῶν
1487 4182 1691 4249 ἕνεκεν,
1722 4176 1769 4237 ῶ

182 4277 384 4334 παῖδες
419 4277 483 4329 ἐκ
504 4275 629 4338 νέας
660 4274 878 4344 ἡλικίας
912 4275 1018 4346 χρὴ
1050 4274 1150 4344 τὴν
1177 4274 1380 4346 ἀρετὴν
1408 4275 1598 4328 ἀσκεῖν
1617 4292 1631 4306 ·
1667 4276 1768 4346 οὐχ

179 4369 396 4438 ἥκιστα
420 4365 498 4430 δὲ,
541 4364 678 4419 ἀλλά
723 4365 820 4418 καὶ
861 4364 1098 4434 μάλιστα
1137 4363 1234 4417 τοῦ
1286 4363 1698 4435 ῥηθησομένουο
1738 4367 1768 4418 ό

1871 3189 2178 3229 sermonem
2228 3175 2294 3228 ad
2350 3175 2634 3228 consilium
2687 3175 3035 3230 transferam.
3080 3175 3215 3231 Cum
3268 3180 3456 3248 itaque

1869 3266 2045 3320 virtus
2081 3266 2286 3320 divitiis
2313 3267 2386 3320 sit
2413 3267 2610 3335 potior,
2645 3282 2773 3322 vera
2803 3267 3037 3323 felicitas
3071 3271 3219 3325 viros
3253 3273 3454 3342 probos

1870 3357 2134 3425 sequitur,
2163 3371 2428 3427 apparens
2445 3367 2621 3412 autem
2649 3358 2924 3428 improbos
2945 3361 3238 3416 comitatur
3269 3383 3282 3418 :
3313 3375 3454 3420 tam-

1870 3445 1972 3497 etsi
2036 3444 2166 3498 illud
2213 3445 2354 3513 quod
2407 3446 2604 3500 merito
2659 3448 2814 3517 probi
2861 3449 3166 3506 habeantur
3205 3454 3452 3510 admira-

1871 3539 2073 3594 tionem
2117 3553 2222 3591 non
2270 3539 2466 3607 pariat,
2511 3554 2632 3594 cum
2681 3542 2934 3612 improbi,
2989 3544 3135 3612 quod
3181 3545 3452 3603 immerito

1870 3629 2130 3695 ditentur,
2157 3629 2324 3702 6M.
2346 3631 2584 3687 notiores
2619 3631 2752 3687 fiant
2783 3633 3062 3704 plurisque
3091 3637 3452 3696 aestimentur.

1869 3719 2024 3784 Quod
2049 3721 2094 3774 si
2125 3736 2283 3788 pares
2314 3737 2538 3778 numero
2561 3722 2786 3788 fuerint,
2819 3725 3074 3782 meliores
3105 3728 3292 3797 utique
3317 3731 3448 3796 sint,

1869 3811 1960 3878 qui
1991 3826 2113 3865 cum
2153 3812 2354 3866 virtute
2381 3815 2648 3868 secundos
2686 3816 2991 3871 sortiantur
3017 3828 3268 3873 eventus.
3295 3820 3450 3886 Quod

1869 3902 1916 3957 si
1966 3913 2160 3956 natura
2210 3903 2326 3959 haec
2384 3916 2738 3972 concurrant,
2793 3909 2970 3963 virtus
3023 3924 3158 3966 sane
3203 3911 3448 3968 felicitati

1869 4009 2032 4064 opum
2073 3998 2470 4065 anteponenda.
2497 3998 2638 4065 Quid
2682 3999 2866 4069 itaque
2906 4003 3123 4057 virtutis
3157 4005 3452 4071 prodentes

1868 4101 2128 4142 coronam
2161 4103 2258 4157 per
2285 4088 2548 4143 incuriam
2591 4091 2932 4147 amittimus?
2970 4091 3170 4146 Horum
3199 4095 3362 4164 igitur
3391 4106 3448 4151 et

1869 4175 2096 4232 aliarum
2142 4193 2320 4232 rerum
2347 4178 2581 4248 plurittm
2624 4195 2808 4245 causa,
2839 4196 2873 4235 ο
2899 4181 3152 4249 juvenes,
3181 4198 3211 4236 a
3241 4186 3445 4240 teneris

1822 4300 1828 4305 -
1867 4268 2042 4323 virtus
2071 4277 2154 4323 est
2191 4270 2516 4334 exercenda,
2553 4285 2659 4325 non
2715 4271 2916 4338 minus,
2953 4273 3062 4327 imo
3103 4288 3234 4329 vero
3276 4277 3447 4343 magis

1867 4360 1937 4415 ob
1957 4376 2044 4426 ea,
2073 4375 2193 4429 quae
2219 4377 2342 4415 mox
2374 4361 2792 4417 declarabimus.
2821 4365 2923 4431 Qui
2952 4365 3098 4420 enim
3129 4380 3292 4421 senex
3329 4367 3443 4435 jam

183 4460 296 4528 μὲν
330 4457 440 4526 γάρ
484 4457 544 4509 ἐν
576 4457 725 4528 γήρα
779 4454 983 4526 ταύτην
1034 4455 1445 4525 ἀσπασάμενος,
1487 4455 1607 4510 ὅλον
1633 4456 1767 4510 ἀνα-

1873 4450 2126 4506 virtutem
2163 4449 2560 4522 complectitur,
2609 4466 2771 4508 omne
2805 4454 3070 4523 reliquum
3107 4459 3448 4527 consumpsit

180 4551 369 4605 λίσκει
395 4549 486 4602 τὸν
519 4548 800 4601 ἐπίλοιπον
831 4547 1041 4618 χρόνον,
1067 4547 1156 4600 ἵνα
1181 4547 1382 4620 δυνηθῇ
1420 4548 1490 4603 τά
1514 4548 1768 4620 ἀμαρτη-

180 4643 354 4697 θέντα
411 4639 560 4711 αὐτῷ
600 4640 741 4694 κατά
789 4640 889 4710 τὴν
938 4637 1164 4710 πρώτην
1217 4640 1316 4693 καὶ
1365 4638 1627 4710 δευτέραν
1673 4640 1769 4692 καὶ

179 4731 385 4804 τρίτην
439 4730 662 4801 ἡλικίαν
705 4729 1134 4800 ἀποτρίψασθαι,
1193 4730 1287 4783 καὶ
1343 4731 1494 4783 πᾶσα
1546 4729 1696 4800 αὐτῷ
1731 4731 1766 4801 η

181 4821 399 4890 σπουδὴ
428 4822 508 4883 εἰς
542 4819 702 4873 τούτο
737 4820 1067 4874 δαπανᾶται.
1105 4819 1216 4872 Καὶ
1255 4819 1366 4874 οὐδ’
1398 4818 1541 4874 οὕτω
1569 4819 1768 4873 πολλά-

179 4929 277 4976 κις
326 4914 518 4982 ἀρκεῖ·
578 4911 694 4979 εἴγε
748 4911 1109 4979 ἀσύγγνωστα
1141 4911 1247 4981 εἴη,
1300 4912 1395 4965 καὶ
1438 4911 1650 4982 μεγάλα
1698 4910 1768 4964 τά

177 5001 554 5072 ἐπταισμένα,
601 5001 717 5056 ἀλλ’
769 5001 1130 5056 ἀπελεύσεται
1175 5001 1312 5072 πρὸς
1348 5003 1440 5056 τὸν
1473 5003 1766 5056 ἀδέκαστον

179 5095 407 5165 κριτὴν,
430 5092 661 5162 λείψανα
689 5092 798 5145 τῶν
821 5093 1151 5164 τραυμάτων
1178 5093 1591 5164 ἐπιφερόμενος.
1625 5093 1685 5145 '0
1710 5093 1766 5146 δὲ

179 5186 249 5238 ἐκ
286 5184 416 5247 νέας
461 5183 680 5252 ἡλικίας
721 5183 822 5255 τὴν
860 5183 1062 5254 ἀρετὴν
1106 5186 1578 5256 περιπτυξάμενος
1602 5225 1619 5251 ,
1663 5187 1765 5239 οὐκ

178 5281 264 5342 είς
281 5277 446 5331 τοῦτο
461 5277 741 5331 ἀναλίσκει
758 5277 850 5330 τὸν
875 5297 907 5348 χ
914 5279 1089 5350 ρὸνον,
1108 5279 1230 5331 οὐδὲ
1247 5278 1484 5348 κάθηται
1507 5278 1765 5352 ὥσπερέν

180 5375 273 5427 ίατ
282 5369 435 5441 ρείῳ,
454 5369 677 5423 δυσίατα
703 5369 836 5442 ἕλκη
861 5370 1201 5442 θεραπεύων,
1215 5370 1312 5424 καὶ
1332 5370 1484 5443 παρὰ
1500 5372 1610 5425 τῶν
1625 5389 1766 5443 παρ-

177 5463 266 5515 οδε
275 5461 483 5514 υόντων
496 5459 677 5524 ἄθλιος
694 5456 832 5514 εἶναι
852 5460 1228 5532 νομιζόμενος·
1250 5462 1364 5517 ἀλλ’
1382 5465 1447 5516 ἐκ
1463 5465 1764 5537 προοιμίων

176 5554 418 5623 λαμπρά
441 5552 659 5622 δέχεται
693 5551 762 5606 τά
791 5553 1022 5624 βραδεῖα
1043 5570 1055 5583 ·
1091 5553 1344 5619 κάκεῖνος
1385 5555 1486 5626 μὲν
1520 5558 1761 5629 στέργει,

174 5649 273 5697 καὶ
301 5642 591 5712 ἀγαπητὸν
621 5644 858 5712 ἡγεῖται,
891 5641 959 5712 ἢν
991 5641 1092 5706 τάς
1114 5642 1286 5712 ἥττας
1306 5643 1764 5716 ἀναμαχέσασθαι

177 5736 365 5799 πάσας
389 5732 615 5805 δυνηθῇ.
648 5727 816 5800 οὗτος
836 5733 894 5790 δέ
922 5733 988 5788 ἐκ
1013 5732 1264 5805 βαλϐίδος
1287 5734 1456 5804 αὐτῆς
1476 5737 1760 5804 τροπαίοις

1868 4542 2112 4613 elapsum
2161 4549 2402 4611 tempus,
2455 4558 2565 4614 quo
2613 4546 2785 4612 possit
2825 4545 2879 4599 in
2940 4546 3113 4615 prima
3141 4585 3158 4611 ,
3207 4551 3444 4603 secunda

1867 4636 2138 4706 tertiaque
2176 4643 2338 4691 aetate
2384 4636 2453 4691 ab
2497 4636 2612 4706 ipso
2657 4638 2948 4692 commissa
2996 4639 3189 4694 delicta
3236 4641 3446 4696 abster-

1867 4729 2042 4797 gendo
2068 4727 2297 4793 diluere,
2350 4736 2514 4798 atque
2561 4743 2721 4783 omne
2769 4730 3007 4784 studium
3054 4731 3106 4784 iu
3141 4745 3207 4785 eo
3251 4747 3445 4786 consu-

1868 4821 2067 4877 mendo
2108 4820 2314 4893 posuit,
2346 4836 2410 4875 ac
2445 4835 2512 4876 ne
2542 4821 2595 4876 id
2639 4822 2856 4892 quidem
2907 4837 3282 4893 saepenumero
3312 4827 3446 4881 satis

1867 4923 1971 4969 est.
2003 4913 2152 4980 Quod
2180 4915 2226 4969 si
2259 4916 2444 4985 gravia
2482 4916 2613 4980 sint,
2645 4925 2698 4969 et
2735 4915 2933 4984 quibus
2963 4917 3166 4986 ignosci
3203 4933 3311 4972 non
3349 4919 3446 4974 de-

1866 5007 2016 5070 beat,
2060 5005 2258 5061 delicta
2282 5044 2298 5070 ,
2331 5006 2559 5060 sistetur
2584 5017 2763 5062 tamen
2790 5007 3104 5078 incorrupto
3126 5007 3318 5079 judiei,
3351 5011 3444 5078 qui

1864 5094 2153 5150 vulnerum
2209 5104 2388 5162 gestat
2438 5096 2744 5150 cicatrices.
2804 5096 2905 5162 Qui
2954 5111 3083 5151 vero
3143 5099 3211 5152 ab
3262 5098 3446 5152 adole-

1865 5182 2078 5236 scentia
2111 5182 2366 5236 virtutem
2396 5183 2468 5237 sit
2496 5185 2828 5253 complexus,
2862 5200 2970 5240 non
2999 5187 3071 5241 ita
3104 5189 3282 5256 perdit
3308 5199 3446 5244 tem-

1865 5287 1996 5342 pus,
2054 5286 2232 5341 neque
2273 5273 2549 5327 decumbit
2602 5275 2770 5330 veluti
2837 5276 2892 5330 in
2944 5277 3143 5332 medici
3189 5277 3441 5344 oflicina,

1865 5372 2062 5418 curatu
2114 5361 2423 5418 difﬁcilibus
2463 5365 2788 5420 medicinam
2836 5367 3104 5424 adhibens
3149 5369 3442 5438 ulceribus,

1866 5465 1922 5510 et
1946 5469 1976 5508 a
2002 5456 2458 5524 praetereuntibus
2491 5457 2658 5513 miser
2678 5458 3033 5534 aestimandus
3061 5478 3075 5514 :
3104 5463 3231 5531 quin
3264 5466 3443 5534 potius

1865 5564 1898 5605 a
1936 5549 2063 5603 vitae
2109 5548 2333 5603 exordio
2394 5547 2625 5602 illustria
2676 5549 2873 5619 accipit
2914 5551 3162 5621 praemia,
3199 5561 3254 5607 et
3297 5564 3446 5609 amat

1865 5642 2085 5713 quidem
2115 5640 2231 5707 ille,
2258 5641 2597 5710 eharumque
2637 5638 2808 5706 ducit,
2839 5640 2883 5696 si
2923 5641 3261 5700 calamitates
3291 5660 3446 5700 aver-

1867 5749 2101 5794 runcare
2139 5742 2305 5807 queat
2337 5734 2640 5793 universas.
2681 5732 2776 5792 llic
2822 5749 2853 5792 a
2884 5750 3081 5794 cursus
3131 5737 3289 5796 initio
3330 5749 3447 5796 tro-
