3982 6420
524 339 663 403 1443

1729 344 1792 404 S.
1832 339 2129 402 ISIDORI
2168 326 2612 399 PELUSIOTAL‘

3671 332 3791 396 1444

526 455 657 522 pacis
699 467 761 508 ac
801 453 1089 522 praeconiis
1119 454 1379 521 exsultat,
1416 455 1982 527 victoriasquejungit
2029 455 2114 508 vi-

2241 450 2310 502 ιαὶ
2358 449 2731 520 ἀναῤῥήσεσιν
2788 444 3120 516 ἀγάλλεται,
3169 448 3264 501 καὶ
3328 448 3484 513 νίκας
3546 452 3791 506 συνάπτει

527 545 741 599 ctoriis.
813 544 884 598 Et
930 544 1080 599 velut
1124 559 1155 598 a
1210 545 1351 601 linea
1403 546 1774 618 Olytnpionica
1832 547 2006 600 victor
2059 546 2127 599 ad

529 636 815 705 praemium
844 650 968 689 cum
991 635 1154 692 laude
1179 638 1463 693 contendit
1492 657 1505 691 :
1530 640 1604 692 ita
1632 640 1697 691 ad
1724 638 2125 698 munerarium,

531 729 621 797 qui
678 726 1018 783 certantibus
1074 731 1295 797 prmmia
1350 730 1600 801 largitur,
1650 718 1913 799 sedetque
1958 731 2129 800 judex

529 819 720 873 talium
745 821 1139 885 certaminum,
1168 820 1437 890 perveniet
1466 823 1633 876 variis
1657 823 1930 891 clarisque
1952 830 2117 889 caput

502 911 749 965 icorollis
790 913 1097 966 redimitus.
1141 912 1272 967 Esse
1310 926 1442 965 vero
1482 924 1605 982 post
1644 914 1787 967 hanc
1825 916 1948 966 vitae
1983 913 2126 966 viam

528 1002 773 1057 divinum
820 1001 1060 1057 tribunal
1110 1017 1216 1056 non
1280 1019 1369 1057 res
1412 1005 1572 1055 modo
1628 1014 1809 1071 gestas
1860 1011 1914 1057 et
1964 1003 2130 1057 verba

528 1093 814 1161 cujusque,
852 1093 945 1147 sed
982 1101 1036 1147 et
1082 1094 1449 1163 cogitationes
1485 1104 1744 1147 accurate
1785 1094 2128 1170 examinans,

530 1183 800 1250 spondent
834 1193 1209 1251 testanturque
1230 1184 1395 1237 etiam
1429 1185 1758 1253 philosophi,
1787 1184 2129 1238 fabularum-

535 1290 642 1345 que
701 1277 1021 1346 scriptores,
1054 1287 1249 1345 poetic,
1323 1287 1568 1331 oratores
1624 1285 1789 1345 atque
1846 1276 2117 1343 historici,

534 1380 768 1435 quorum
802 1367 943 1419 dicta
971 1381 1033 1419 ac
1070 1367 1377 1420 testimonia
1411 1366 1537 1419 huic
1567 1365 1806 1432 adjicere
1829 1356 2130 1434 potuissem

538 1457 881 1523 hortationi,
953 1458 1055 1511 nisi
1121 1467 1336 1527 turpem
1398 1458 1690 1512 oblivionis
1747 1469 1930 1511 notam
1980 1458 2135 1513 vobis

538 1547 681 1601 inuri
718 1558 962 1617 putarem
1018 1565 1202 1603 earum
1254 1550 1632 1615 scientiarum,
1690 1565 1825 1619 quas
1868 1551 2131 1613 memoria

540 1641 759 1694 tenetis.
800 1640 857 1694 Si
892 1650 1073 1696 autem
1114 1642 1385 1711 judicium
1434 1653 1517 1697 est
1557 1644 1822 1708 futurum,
1858 1654 1918 1698 ut
1952 1660 2134 1699 verum

538 1740 644 1796 est,
672 1732 849 1787 virtus
878 1748 1009 1802 ergo
1049 1737 1372 1789 exercenda.
1409 1735 1560 1800 Quod
1603 1737 1647 1789 si
1685 1724 1967 1791 nonnullis
1994 1735 2134 1789 ditii-

2228 542 2405 605 νίκαις
2430 558 2444 572 ·
2477 540 2573 593 καὶ
2602 539 2853 610 καθάπερ
2884 539 3308 610 Ὀλυμπιονίκης
3330 540 3439 593 ἀπὸ
3457 544 3719 613 γραμμῆς
3735 543 3797 597 δι’

2228 631 2586 703 ἀναρρήσεων
2616 630 2710 684 ἐπὶ
2743 630 2804 683 τὸ
2834 630 3004 701 γέρας
3033 630 3249 699 ὁδεύων,
3302 632 3479 695 οὕτως
3507 633 3799 687 ἀπελεύσε-

2228 740 2319 775 ται
2352 722 2490 792 πρὸς
2535 722 2626 775 τὸν
2649 722 2995 792 ἀγωνοθέτην
3036 724 3131 777 καὶ
3166 723 3361 794 κριτὴν
3403 725 3517 778 τῶν
3561 725 3801 780 τοιούτων

2230 813 2649 884 παλαισμάτων,
2702 814 2920 879 πολλοῖς
2964 815 3059 868 καὶ
3098 815 3374 887 λαμπροῖς
3423 817 3528 887 τὴν
3572 818 3803 889 κεφαλὴν

2230 909 2639 978 ἀναδησάμενος
2686 908 2995 978 στεφάνοις.
3032 907 3154 961 Ὀτι
3209 908 3319 979 γὰρ
3345 908 3495 961 ἔστιν
3546 910 3687 977 μετά
3715 911 3805 979 τὴν

2231 1000 2483 1053 ἐντεῦθεν
2532 1000 2845 1071 ἀποδημίαν
2894 1000 3038 1053 θεῖον
3093 999 3466 1070 δικαστήριον,
3529 1001 3591 1053 οὐ
3656 1003 3805 1071 μόνον

2233 1093 2595 1164 πραγμάτων,
2633 1092 2754 1145 οὐδὲ
2799 1094 3096 1163 ῥημάτων,
3143 1092 3281 1146 ἀλλά
3324 1095 3422 1146 καὶ
3470 1094 3690 1147 ἐννοιῶν
3729 1094 3807 1160 ἐξ·

2232 1186 2542 1251 εταστικὸν,
2568 1186 2662 1238 καὶ
2686 1184 2988 1253 φιλόσοφοι,
3010 1185 3105 1239 καὶ
3135 1185 3432 1253 λογοποιοὶ,
3456 1187 3553 1239 καὶ
3570 1188 3805 1256 ῥήτορες,

2233 1279 2327 1332 καὶ
2360 1278 2617 1348 ποιηταὶ,
2652 1278 2748 1336 καὶ
2771 1281 3110 1349 συγγραφεῖς
3132 1278 3463 1346 ἐγγυῶνται.
3489 1271 3592 1330 Ὧν
3613 1280 3811 1342 καὶτὰς

2237 1367 2429 1436 ῥήσεις
2477 1367 2800 1437 παρεθέμην
2852 1366 2917 1419 ἂν
2969 1367 3194 1438 τῇδετῇ
3244 1366 3593 1436 παραινέσει,
3641 1369 3688 1419 εί
3737 1370 3809 1437 μη

2196 1508 2201 1515 ,
2234 1456 2457 1527 λεληθὸς
2484 1456 2687 1519 ὄνειδος
2743 1456 2902 1527 ᾠμην
2951 1458 3080 1525 ὑμῖν
3122 1457 3583 1527 προστρίϐεσθαι,
3623 1458 3810 1511 ἔναυλα

2236 1548 2421 1617 έχουσι
2448 1547 2515 1601 τά
2541 1547 2861 1618 μαθήματα.
2888 1549 2951 1600 Et
2979 1548 3035 1600 δὲ
3066 1549 3251 1618 κρίσις
3284 1550 3459 1613 ἐστὶν,
3511 1549 3697 1617 ὥσπερ
3721 1546 3809 1603 οὖν

2237 1641 2333 1694 καὶ
2365 1640 2503 1707 ἔστι,
2526 1639 2624 1710 τὴν
2648 1640 2854 1711 ἀρετὴν
2876 1634 3144 1709 ἀσκητέον
3164 1657 3178 1670 ·
3204 1642 3251 1693 εί
3282 1641 3339 1694 δὲ
3359 1642 3456 1694 καί
3487 1658 3629 1694 τισιν
3672 1638 3806 1694 εἶναι

2236 1734 2505 1804 δυσχερὴς
2560 1732 2731 1798 δοκεῖ,
2788 1734 2948 1803 ῥᾳδία
2996 1733 3124 1803 ὑμῖν
3167 1732 3344 1797 ἔσται,
3390 1734 3441 1786 εἰ
3491 1733 3713 1803 φύγοιτε
3749 1734 3811 1786 τὰ

541 1824 644 1879 cile
683 1841 745 1879 ac
784 1825 1074 1880 molestum
1108 1827 1404 1893 videbitur,
1441 1828 1593 1883 vobis
1627 1845 1761 1882 sane
1796 1828 1958 1883 facile
1996 1831 2124 1895 erit,

2241 1824 2440 1895 θέατρα
2474 1824 2717 1889 καὶτοὺς
2741 1824 3134 1895 ἱπποδρόμους,
3167 1826 3269 1896 τὴν
3296 1825 3485 1896 κοινὴν
3519 1824 3621 1896 τῆς
3642 1828 3813 1879 οἱκουο

517 1916 591 1970 'si
644 1916 849 1970 theatra
910 1928 1074 1985 atque
1121 1919 1532 1989 hippodromos,
1580 1920 1905 1990 curulesque
1959 1920 2132 1986 ludos,

546 2009 652 2063 hoc
684 2019 789 2076 est,
827 2023 1171 2064 communem
1214 2011 1457 2066 universi
1500 2012 1666 2067 totius
1712 2020 1914 2081 pestem
1958 2011 2136 2082 fugie-

544 2098 614 2152 tis
647 2099 863 2153 :dieam
924 2099 1194 2167 amplius,
1249 2117 1355 2155 non
1405 2103 1644 2157 universi
1697 2104 1885 2169 modo,
1931 2104 2027 2158 sed
2083 2110 2137 2157 et

544 2191 784 2258 urbium,
809 2191 861 2246 iu
894 2193 1090 2261 quibus
1118 2207 1180 2245 ea
1208 2193 1537 2248 exhibentur
1560 2195 1868 2265 spectacula
1897 2212 1909 2249 :
1937 2210 1997 2249 ac
2030 2210 2136 2250 non

545 2294 756 2338 tantum
791 2286 1005 2339 urbium
1036 2286 1340 2352 interitum,
1378 2288 1473 2342 sed
1505 2289 1685 2357 potius
1733 2289 1801 2343 iis
1832 2289 2136 2343 deditorum

545 2378 613 2430 ad
648 2377 751 2430 hoc
793 2376 991 2430 malum
1039 2378 1322 2432 hominum
1358 2380 1551 2449 gignit.
1580 2380 1808 2434 Cunctis
1841 2396 1974 2451 ergo
2005 2380 2138 2434 viri-

546 2464 647 2518 bus
690 2466 753 2519 ad
808 2466 1025 2520 virtutis
1080 2473 1165 2520 est
1198 2477 1474 2522 certamen
1525 2470 1986 2522 contendendum.
2034 2466 2137 2534 Qui

545 2556 712 2611 claris
741 2558 846 2611 orti
879 2560 1201 2625 parentibus
1224 2559 1474 2613 dedecori
1501 2575 1570 2614 ne
1597 2559 1707 2613 sint
1739 2559 1892 2628 stirpi
1921 2559 2138 2628 generis

546 2648 652 2702 sui.
689 2647 790 2714 Qui
837 2663 966 2703 vero
1009 2649 1198 2704 humili
1238 2659 1365 2704 simt
1398 2650 1521 2704 loco
1551 2651 1685 2714 nati,
1718 2659 1973 2719 parentes
2011 2664 2140 2704 suos

533 2738 855 2795 'illustrent.
909 2739 1118 2795 Divites
1168 2741 1385 2810 quidem
1444 2742 1706 2794 mundum
1756 2749 2139 2809 ornatumque,

549 2831 743 2900 inopes
770 2845 900 2885 vero
947 2841 1162 2900 portum
1210 2830 1623 2901 perfugiumque
1669 2831 1872 2885 virtute
1922 2846 2143 2899 compa-

550 2927 755 2977 rantes.
806 2918 899 2974 Sic
943 2921 1056 2987 liet,
1106 2933 1163 2975 ut
1199 2932 1455 2990 parentes
1496 2937 1593 2976 vos
1642 2922 1942 2977 honoretis.
1977 2921 2141 2993 615

550 3014 652 3081 Qui
683 3029 813 3070 vero
846 3024 1147 3083 sequentur
1189 3014 1371 3077 liberi,
1413 3025 1701 3083 parentum
1745 3029 1842 3067 vos
1875 3015 1996 3069 loco
2030 3017 2141 3069 sint

552 3106 814 3169 habituri,
875 3121 939 3159 ac
997 3106 1241 3159 divinum
1290 3106 1444 3159 vobis
1495 3106 1711 3160 coalitus
1763 3102 1891 3160 Jesu
1942 3106 2141 3160 Christi

551 3196 733 3250 lumen
771 3195 1068 3265 all‘ulgehit.
1127 3196 1219 3249 Sic
1271 3197 1421 3249 enim
1477 3196 1631 3250 vobis
1682 3210 1794 3248 rem
1830 3194 2143 3264 gerentibus

552 3288 754 3343 claram
786 3289 999 3343 virtutis
1022 3288 1269 3357 lampada
1294 3287 1593 3341 accendent
1625 3286 1677 3339 in
1715 3286 1922 3341 cmlcsti
1954 3300 2140 3355 regno,

555 3392 611 3437 et
640 3396 913 3435 summam
943 3381 997 3434 in
1030 3395 1093 3436 eo
1132 3380 1417 3434 beatorum
1459 3377 1798 3447 maiestatem
1843 3392 2146 3445 conseque--

557 3491 711 3528 ιιιιιιι.

554 3582 910 3639 CLXXXVII.
949 3613 1021 3622 —
1064 3582 1371 3637 ᾸΞΟΫΡΤΟ
1410 3578 1889 3636 PRESBYTERO.
1943 3579 2145 3645 (Forte

945 3652 1218 3718 ALYPIO,
1257 3655 1344 3708 cui
1380 3668 1520 3722 saepe
1556 3653 1759 3721 alias.)

2238 1915 2406 1987 μένης
2436 1916 2647 1987 λύμην·
2679 1916 2881 1986 μᾶλλον
2938 1916 2995 1968 δὲ
3039 1917 3102 1970 ού
3153 1919 3253 1987 τῆς
3283 1918 3639 1987 οἰκουμένης,
3683 1918 3813 1972 ἀλλά

2208 2007 2343 2063 ,τῶν
2372 2008 2584 2061 πόλεων
2613 2008 2723 2060 τῶν
2756 2007 2994 2078 ἐχουσῶν
3018 2007 3333 2062 τὰτοιαῦτα
3371 2009 3623 2079 θεάματα
3644 2025 3658 2040 ·
3687 2010 3814 2079 μᾶλ-

2235 2100 2327 2153 λον
2354 2100 2411 2153 δὲ
2439 2100 2561 2153 οὐδὲ
2587 2099 2701 2153 τῶν
2730 2100 2961 2163 πόλεων,
2993 2099 3128 2152 ἀλλά
3151 2100 3261 2152 τῶν
3306 2100 3668 2171 βουλομένων,
3721 2104 3809 2155 καὶ

2238 2191 2822 2261 ὑποκατακλινομένων
2851 2194 2963 2256 τοῖς
2982 2191 3247 2255 τοιούτοις
3276 2195 3490 2255 κακοῖς.
3524 2194 3694 2246 Παντὶ
3712 2194 3815 2246 τοί-

2237 2301 2330 2337 νυν
2348 2281 2503 2353 θυμῷ
2533 2282 2669 2354 πρὸς
2693 2283 2821 2345 τοὺς
2847 2282 2947 2352 τῆς
2972 2282 3172 2351 ἀρετῆς
3195 2281 3394 2345 ἄθλους
3428 2283 3749 2337 ἀποδυτέον·
3767 2285 3813 2336 οι

2241 2376 2340 2446 μὲν
2374 2376 2439 2426 ὲκ
2462 2373 2733 2445 λαμπρῶν
2756 2373 2957 2442 γονέων
2981 2372 3289 2444 τεχθέντες,
3332 2373 3410 2444 μὴ
3437 2374 3813 2444 καταισχύνον-

2238 2485 2329 2530 τες
2359 2467 2421 2519 τὸ
2453 2466 2609 2535 γένος
2633 2481 2646 2494 ·
2694 2467 2743 2517 οἱ
2774 2465 2830 2518 δὲ
2860 2467 2925 2518 ἐκ
2969 2466 3244 2519 ταπεινῶν
3291 2466 3516 2535 φύντες,
3567 2467 3809 2539 λαμπρύ-

2240 2576 2423 2623 νοντες
2446 2559 2573 2622 τοὺς
2602 2558 2863 2621 τεκόντας
2889 2574 2902 2607 ·
2936 2559 2984 2610 οἱ
3009 2558 3107 2629 μὲν
3136 2557 3382 2611 πλούσιοι
3421 2558 3649 2629 κόσμον,
3688 2563 3734 2612 οἱ
3760 2560 3813 2612 δὲ

2241 2653 2476 2723 πένητες
2536 2652 2705 2722 ὅρμον
2754 2650 3259 2716 κατασκευάζοντες
3318 2653 3555 2714 έαυτοῖς·
3626 2653 3676 2704 οἱ
3724 2654 3813 2719 μὲν

2244 2743 2499 2815 ὑμέτεροι
2537 2742 2773 2813 πατέρες
2827 2743 2970 2812 ὑμᾶς
2999 2742 3398 2795 αἱδείσθωσαν·
3443 2743 3495 2794 οἱ
3534 2743 3591 2795 δὲ
3630 2744 3815 2812 ἑτέρω-

2244 2837 2334 2889 θεν
2354 2836 2582 2905 ἥκοντες
2606 2834 2815 2898 παῐδες,
2840 2833 3084 2905 πατέρας
3106 2835 3250 2904 ὑμᾶς
3270 2834 3645 2904 ἡγείσθωσαν.
3667 2835 3813 2887 Οὕτω

2243 2920 2352 3000 γὰρ
2383 2929 2511 2999 ὑμῖν
2568 2927 3030 2997 πολιτευομένοις,
3078 2927 3172 2981 καὶ
3224 2926 3489 2997 λαμπρὰν
3528 2928 3816 2981 ἀνάπτουσι

2243 3020 2343 3090 τῆς
2376 3020 2576 3090 ἀρετῆς
2600 3018 2696 3090 τὴν
2728 3019 3011 3090 λαμπάδα,
3063 3020 3159 3072 καὶ
3216 3019 3277 3072 τὸ
3308 3020 3453 3072 θεῖον
3486 3019 3615 3087 ὑμῖν
3659 3020 3809 3087 οὖρα-

2247 3107 2400 3160 νόθεν
2447 3107 2543 3161 τοῦ
2610 3108 2853 3179 Χριστοῦ
2902 3111 3250 3177 ὲπιφανεῖται
3299 3110 3396 3161 καὶ
3459 3109 3813 3161 ἐπισπάσεται

2250 3198 2386 3269 πρὸς
2417 3198 2577 3251 ἑαυτὸ
2613 3198 2800 3263 σέλας,
2830 3198 3218 3253 ἀποκαλύπτον
3268 3201 3402 3270 ὑμῖν
3429 3200 3525 3254 καὶ
3584 3202 3681 3270 τὴν
3718 3200 3818 3250 τῶν

2249 3291 2495 3362 οὐρανῶν
2547 3291 2846 3361 βασιλείαν,
2908 3293 3004 3345 καὶ
3053 3293 3155 3363 τὴν
3211 3294 3269 3345 ὲν
3315 3293 3457 3362 αύτῇ
3508 3292 3622 3346 τῶν
3662 3293 3817 3361 ἁγίων

2253 3381 2645 3455 ὑπέρλαμπρον
2667 3380 2846 3447 ἀξίαν.

2462 3590 2633 3642 ΡΠΖ’.
2676 3619 2747 3629 —
2775 3589 3076 3661 ΑΙΓΥΠΤῼ
3118 3589 3593 3661 ΠΡΕΣΒΥΤΕΡῼ.

974 3762 1051 3816 De
1081 3774 1274 3817 natura
1305 3764 1499 3817 anima:
1529 3762 1834 3833 quwsitum,
1872 3760 2136 3829 quomodo
2175 3759 2358 3814 divina
2384 3760 2611 3814 essentia
2644 3760 2873 3814 dicatur.
2910 3760 3062 3831 (Mox
3086 3762 3239 3831 epist.
3269 3762 3420 3833 191.)

631 3872 879 3926 Divinam
912 3873 1161 3941 equidem
1185 3887 1307 3927 esse
1343 3872 1506 3927 credo
1535 3871 1795 3934 animam,
1826 3884 1931 3924 non
1965 3879 2146 3923 tamen

561 3963 867 4019 divinitatis
913 3963 1183 4033 regiaeque
1236 3974 1443 4032 partem
1487 3972 1735 4031 naturae;
1783 3961 2145 4017 immortalem

560 4070 802 4124 quoque,
835 4070 1026 4109 verum
1061 4054 1329 4124 principio
1372 4070 1480 4109 non
1529 4064 1805 4108 carentem
1838 4053 2151 4121 ejusdemve

558 4159 689 4211 cum
732 4143 1045 4198 Conditoris
1090 4152 1285 4197 natura
1340 4145 1692 4199 substantiae.
1739 4144 1796 4198 Si
1853 4144 1999 4197 enim
2051 4141 2149 4197 Dei

562 4234 855 4289 inelIabilis
896 4235 1039 4290 foret
1086 4250 1246 4303 pars,
1293 4250 1571 4302 nunquam
1620 4245 1900 4305 peccasset
1944 4235 2149 4302 anima,

563 4344 629 4382 ac
673 4343 741 4383 ne
765 4327 1015 4398 iudicata
1050 4337 1195 4384 esset
1247 4343 1505 4398 unquam.
1546 4330 1699 4396 Quod
1734 4344 1858 4384 cum
1905 4329 1982 4383 illi
2020 4344 2155 4383 con-

2326 3869 2489 3924 Θείαν
2522 3870 2619 3938 μὲν
2644 3869 2932 3942 ἡγούμεθα
2962 3866 3103 3926 εῖναι
3143 3872 3243 3944 τὴν
3271 3872 3474 3943 ψυχὴν,
3506 3872 3571 3926 οὗ
3608 3872 3712 3943 μὴν
3734 3872 3820 3939 τῆς

2255 3962 2541 4032 θειοτάτης
2584 3963 2680 4015 καὶ
2728 3961 3164 4035 βασιλικωτάτης
3213 3966 3432 4033 φύσεως
3475 3967 3706 4036 μοῖραν·
3736 3965 3819 4017 καὶ

2249 4053 2541 4119 ἀθάνατον,
2571 4054 2685 4107 ἀλλ’
2707 4055 2768 4107 οὐ
2795 4054 2899 4123 τῆς
2921 4054 3160 4125 ἀνάρχου
3187 4054 3281 4109 καὶ
3303 4056 3602 4126 ποιητικῆς
3624 4055 3821 4124 φύσεως

2249 4145 2560 4214 ὁμοούσιον.
2609 4146 2673 4199 Et
2702 4148 2811 4217 γὰρ
2844 4146 3062 4217 ἐκείνης
3114 4146 3215 4216 τῆς
3250 4148 3495 4219 ἀρρήτου
3540 4143 3612 4219 ἦν
3647 4147 3817 4217 μέρος,

2249 4239 2352 4291 οὐκ
2390 4237 2456 4290 ἂν
2482 4238 2752 4310 ἥμαρτεν,
2798 4237 2919 4291 οὐδὲ
2950 4238 3143 4310 ἐκρίθη
3169 4254 3183 4268 ·
3227 4240 3276 4291 εί
3304 4239 3363 4292 δὲ
3384 4238 3563 4292 ταῦτα
3602 4241 3819 4308 πάσχει,

2252 4329 2352 4397 τῆς
2382 4328 2646 4381 ἀνωτάτω
2674 4326 2867 4390 οὐσίας
2890 4328 3104 4398 ποίημα
3136 4327 3363 4391 δικαίως
3392 4328 3460 4381 ἂν
3495 4328 3817 4396 πιστευθείτι,

566 4421 763 4490 tigerit-
788 4422 1161 4485 condemnari,
1205 4422 1403 4476 divinas
1443 4437 1783 4492 summaeque
1832 4422 2139 4478 substantia

2259 4420 2321 4472 οὐ
2365 4420 2562 4491 μέρος·
2616 4421 2706 4473 ῖνα
2747 4422 2821 4491 μὴ
2866 4421 3066 4492 ἑαυτὴν
3096 4423 3130 4491 ὴ
3161 4420 3295 4490 ίθεία
3344 4422 3511 4490 φύσις
3557 4424 3817 4495 κρίνουσα,

564 4528 701 4582 opus
740 4528 846 4565 non
887 4527 1014 4581 pars
1047 4526 1172 4566 esse
1218 4512 1414 4567 merito
1466 4512 1839 4567 credendum:
1877 4528 1944 4568 ne
1972 4514 2153 4568 divina

565 4605 653 4659 vis
699 4604 976 4674 iudicasse
1030 4604 1264 4672 seipsam
1319 4604 1779 4674 deprehendatur,
1836 4606 1919 4659 vel
1974 4608 2152 4677 potius

567 4696 963 4751 condemnasse
991 4695 1259 4749 videatur.

564 4805 941 4864 CLXXXVIII.
993 4805 1514 4877 ﬁgisvauowo
1577 4807 1894 4864 omcouo.
1958 4807 2154 4877 (Lego

1008 4874 1400 4941 EVANGELO,
1429 4894 1488 4933 ut
1516 4881 1665 4934 alibi.
1696 4880 1714 4947 )

2264 4511 2468 4584 μᾶλλον
2498 4511 2555 4565 δὲ
2591 4512 2998 4584 κατακρίνουσα
3026 4511 3331 4584 φωραθείη.

2529 4808 2710 4863 ΡΠΗ’.
2746 4837 2815 4847 -
2848 4808 3231 4879 ΕΥΑΓΓΕΛΙῼ
3275 4808 3599 4880 ΔΙΑΚΟΝῼ.

578 4971 841 5026 Virtutem
864 4970 921 5023 in
954 4969 1318 5025 mediocritate
1341 4973 1646 5028 consistere.
1693 4972 1873 5028 Virtus
1900 4982 1977 5028 est
2024 4973 2253 5025 medium
2276 4973 2553 5054 .vitiorum,
2600 4982 2705 5025 etc.
2740 4968 3007 5039 (Hortat.,
3033 4970 3125 5024 lib.
3162 4985 3178 5023 ι
3215 4969 3365 5037 epist.
3405 4971 3491 5035 18,
3524 4987 3591 5024 ex
3622 4969 3818 5025 Aristots

2064 5049 2365 5109 sententia.)
2672 5049 2677 5054 ’

642 5149 716 5206 Ut
752 5149 1197 5219 praestantissimi
1245 5148 1495 5204 statuarii
1541 5150 1608 5202 ad
1651 5151 1910 5205 amussim
1951 5152 2159 5205 exami-

574 5246 708 5293 nant
744 5238 929 5306 operis
965 5239 1391 5308 proportionem,
1426 5241 1479 5292 in
1522 5253 1627 5307 qua
1678 5240 1873 5295 artifex
1917 5256 2158 5309 symme-

578 5330 733 5386 triam
766 5347 872 5386 non
907 5332 1143 5399 excedit,
1181 5332 1254 5387 ita
1284 5341 1341 5387 et
1377 5333 1567 5387 virtuti
1606 5333 1772 5388 dediti
1805 5334 2157 5389 mediocrita-

2337 5149 2553 5220 Ὂσπερ
2579 5150 2629 5202 οἱ
2667 5150 2880 5219 ἄριστοι
2909 5148 3016 5200 τῶν
3052 5148 3514 5219 ἀγαλματοποιῶν
3558 5149 3818 5221 σταθμῶν-

2265 5258 2355 5293 ται
2385 5240 2482 5311 τὴν
2527 5241 2896 5312 συμμετρίαν,
2944 5242 3030 5309 ἐφ’
3056 5234 3125 5311 ἧς
3156 5242 3189 5309 ἡ
3220 5241 3551 5311 δημιουργία
3579 5242 3679 5310 τὴν
3710 5259 3821 5309 cup-

2246 5336 2497 5405 μετρίαν
2543 5335 2652 5405 (54)
2707 5335 3013 5388 διαϐαίνει·
3072 5332 3213 5387 οὕτω
3251 5334 3345 5387 καὶ
3409 5337 3454 5388 οἱ
3494 5338 3591 5405 τῆς
3640 5333 3818 5405 ἀρετῆς

1679 5505 1913 5561 ῩΑΒΙᾹΞ
1953 5504 2344 5563 LEC'l‘lONES
2381 5507 2468 5563 ET
2508 5505 2745 5563 NOTAE.

649 5660 760 5731 (54)
792 5661 896 5735 Illa
930 5663 1096 5735 verba
1136 5663 1235 5734 τὴν
1267 5664 1607 5735 συμμετρίαν
1655 5663 1861 5735 absunt
1903 5664 1969 5717 ab
2010 5674 2160 5718 utro-

2268 5665 2447 5755 ltialus
2470 5665 2802 5755 δημιουργία
2842 5670 3193 5725 continuatur
3224 5685 3345 5725 cum
3393 5668 3672 5723 διαϐαίνει.
3699 5664 3816 5721 Pos-

578 5745 685 5801 que
703 5735 819 5788 cod.
855 5733 971 5789 Vat.
1006 5733 1110 5788 650
1142 5733 1200 5790 et
1218 5733 1407 5790 Alt.'in
1433 5736 1628 5806 quibus
1667 5735 1787 5790 sine
1816 5734 1923 5791 ullo
1955 5735 2154 5792 indicio
2256 5750 2366 5791 sm.
