3982 6420
551 334 707 402 1447
745 388 752 396 .
1786 331 1847 392 S.
1891 331 2188 392 ISIDORI
2223 330 2669 394 PELUSIOTE
3716 329 3831 396 1M8

563 449 715 504 cadit
755 445 959 518 (neque
985 443 1134 500 enim
1174 439 1350 499 oculis
1391 439 1542 498 cerni
1581 441 1781 511 potest)
1823 444 1992 499 robur
2034 457 2135 498 cori

2263 443 2459 516 ῥώμην
2514 441 2870 514 παρέχουσαν
2897 457 2914 475 ο
2954 436 3023 515 ῆς
3054 441 3510 513 ἁποφοιτησάσης
3531 479 3550 506 ,
3585 441 3650 495 οὐ
3689 444 3831 513 μόνον

566 539 689 609 pori
735 538 999 606 viresque
1036 537 1278 605 prazbeat
1309 551 1326 590 :
1359 548 1466 604 qua
1498 533 1812 588 discedente
1852 548 1958 588 non
1996 535 2138 588 modt

2261 537 2452 607 νεκρὸν
2493 535 2648 606 μένει
2692 535 2754 588 τὸ
2802 536 2967 605 σῶμα
2986 576 3002 603 ,
3039 536 3174 590 ἀλλὰ
3200 536 3296 588 καὶ
3316 534 3622 589 διαλύεται.
3653 536 3759 589 Καὶ
3786 539 3833 588 ὲν

561 635 836 683 mortuum
884 633 1134 680 remanet
1178 639 1402 693 corpus,
1449 622 1544 678 sed
1591 622 1755 677 etiam
1811 621 2130 677 dissolvitur

2262 630 2367 691 τοῖς
2405 627 2718 698 βοηθήμασι
2743 627 2802 680 δὲ
2840 631 2953 690 τοῖς
2986 630 3252 699 ἰατρικοῖς
3283 628 3302 697 (
3329 627 3439 699 χρὴ
3469 627 3582 698 γὰρ
3619 629 3712 680 καὶ
3740 629 3834 682 ἀπὸ

558 719 740 789 Atque
778 717 831 772 in
861 716 1148 772 medicina:
1175 717 1395 785 quidem
1435 715 1696 771 remediis
1721 716 1812 784 (ab
1853 725 1968 771 arte
2009 717 2130 770 enin

2260 718 2357 788 τῆς
2391 719 2492 790 σῆς
2513 718 2709 790 τέχνης
2740 719 2833 773 τὸν
2866 719 3090 790 ἔλεγχον
3138 720 3519 790 ποιήσασθαι)
3548 721 3580 789 ἡ
3618 719 3832 789 δύναμις

562 817 653 862 tua
688 807 1127 876 experimentum
1175 805 1458 873 ducatur),
1515 803 1837 873 incorporea
1885 806 1966 859 vis
2010 804 2128 858 exsi

2260 807 2550 878 ἀσώματος
2579 805 2738 874 οὖσα,
2768 811 3094 883 ἰσχυροτέρα
3115 810 3237 864 ἐστὶ
3266 809 3364 862 τοῦ
3393 809 3832 879 σώματοςὈταν

558 911 712 957 stens
749 901 1027 957 robustior
1052 909 1139 955 est
1189 914 1353 970 quam
1387 898 1656 969 corporis.
1705 897 1936 964 Quando
1969 899 2130 970 itaqtn

2257 897 2352 954 οὖν
2381 900 2443 953 τὸ
2476 901 2679 972 ἑαυτῆς
2717 903 2921 974 ποιήσῃ
2968 903 3065 955 καὶ
3108 903 3492 974 ἀποφοιτήσῃ,
3528 901 3654 954 τότε
3683 903 3715 972 ή
3747 902 3827 971 ἐμ-

557 995 824 1059 eﬂ'ecerlt,
863 993 1008 1062 quod
1038 992 1091 1046 in
1123 1006 1184 1048 se
1228 1001 1332 1056 est,
1373 991 1631 1060 viresque
1673 991 2002 1056 exseruerit,
2037 1001 2129 1046 tun

2259 993 2539 1062 πλαστρος
2565 995 2742 1047 κεῖται
2785 995 3192 1065 ἀχρηστοτάτη.
3240 995 3308 1047 El.
3335 995 3448 1065 γὰρ
3490 993 3572 1064 μὴ
3597 995 3632 1062 ή
3670 994 3831 1061 ἔγκει-

556 1085 917 1156 emplastrum
948 1082 1143 1139 inutile
1170 1083 1437 1137 redditur.
1481 1082 1539 1136 Si
1567 1082 1714 1137 enim
1751 1081 1913 1136 insita
1947 1082 2030 1136 vis
2056 1083 2128 1136 in-

2262 1082 2400 1153 μένη
2441 1081 2671 1152 δύναμις
2719 1081 3015 1152 ἀσώματος
3057 1078 3196 1136 οὖσα
3221 1120 3238 1146 ,
3279 1083 3375 1134 καὶ
3420 1082 3742 1151 πράττουσα
3779 1079 3828 1133 τὸ

556 1192 818 1248 corporea
859 1177 1168 1242 cxsistens,
1219 1190 1342 1231 cum
1392 1173 1646 1230 effectum
1699 1189 1858 1228 suum
1906 1173 2118 1229 dederit

2259 1173 2482 1244 ἑαυτῆς,
2515 1174 2823 1242 ἀφίπτατο,
2863 1175 2931 1227 δι’
2966 1175 3034 1246 ἢν
3063 1175 3245 1228 αἰτίαν
3269 1173 3527 1244 ἀμείϐεις
3547 1171 3620 1224 τὰ
3653 1171 3828 1242 βοηθή-

559 1284 667 1324 non
721 1267 1047 1332 avolaverit,
1105 1281 1207 1322 cur
1241 1267 1438 1322 iterato
1480 1265 1720 1320 remedia
1773 1264 1975 1334 repetis
2005 1265 2131 1320 salv:

2260 1283 2409 1336 ματα
2443 1265 2552 1320 τῶν
2585 1267 2729 1320 ὑλῶν
2759 1266 3128 1337 σωζομένωνς
3159 1266 3324 1322 Ἀλλά
3367 1266 3527 1336 δῆλόν
3561 1267 3728 1328 ἐστιν,
3761 1264 3825 1325 ὡς

548 1358 662 1428 jam
694 1359 1043 1415 substantia?
1089 1360 1194 1414 Sed
1235 1368 1421 1413 notum
1465 1367 1572 1423 est,
1617 1356 1757 1424 quod
1790 1357 1942 1410 vivat
1975 1370 2120 1412 reme

2255 1360 2322 1432 ζῇ
2365 1362 2465 1431 μὲν
2493 1361 2554 1414 τὸ
2585 1361 2841 1432 βοήθημα
2877 1361 2978 1431 τῆς
3004 1361 3286 1431 δυνάμεως
3320 1359 3579 1430 ἐνούσης,
3611 1357 3825 1426 ἀποθνή-

550 1451 700 1506 dium
728 1466 824 1522 per
849 1452 1068 1506 insitam
1100 1450 1186 1506 sui
1210 1451 1466 1506 virtutem
1503 1466 1518 1504 :
1553 1450 1822 1504 moriatur
1851 1463 2007 1516 vero,
2045 1449 2122 1506 ill:

1625 1450 1822 1503 )riatur
1851 1463 2007 1516 vero,
2045 1449 2141 1507 illa
2254 1469 2374 1506 σκει
2397 1452 2456 1506 δὲ
2483 1453 2700 1525 ἐκείνης
2726 1453 3197 1524 ἀποφοιτησάσης.

547 1542 719 1598 semel
751 1544 1043 1598 exhausta.

783 1652 993 1710 CXCII.
1026 1683 1099 1692 —
1142 1652 1495 1710 LAMPETIO
1545 1653 1901 1711 EPISCOPO.

2536 1657 2701 1725 ΡιιΒο.
2733 1686 2808 1699 ·-
2833 1657 3196 1728 ΛΑΜΠΕΤΙῼ
3230 1657 3609 1729 ΕΠΙΣΚΟΠῼ.

1010 1744 1217 1800 Malum
1246 1749 1486 1801 animum
1513 1757 1563 1801 et
1606 1764 1905 1817 perversum
1933 1762 1999 1802 ea:
2029 1747 2193 1816 signis
2221 1749 2378 1819 facile
2405 1749 2604 1819 colligi.
2631 1749 2870 1821 (Confer.
2896 1752 3050 1820 epist.
3083 1751 3206 1816 I56,
3243 1751 3392 1821 199.)

617 1855 870 1926 Acceptis
918 1855 1118 1910 litteris
1173 1856 1495 1912 hortatoriis
1539 1872 1605 1912 ac
1664 1856 1992 1926 perutilibus
2037 1865 2189 1924 tuae]

2321 1861 2403 1915 Τὰ
2461 1863 2830 1931 παραινετικά
2870 1863 2967 1916 καὶ
3009 1861 3276 1930 ὠφελείας
3319 1861 3557 1916 πνέοντα
3591 1861 3688 1931 τῆς
3730 1863 3820 1933 σῆς

547 1947 814 2002 doctrinae
842 1944 1056 2000 Gothus
1090 1945 1253 2001 homo
1297 1948 1450 2002 rudis
1477 1956 1534 2002 et
1578 1947 1882 2001 litterarum
1928 1949 2118 2018 imperi

2255 1952 2596 2018 παιδεύσεως
2620 1955 2918 2026 δεξάμενος
2942 1955 3270 2025 γράμματα,
3301 1955 3502 2024 Γότθος
3530 1958 3560 2008 ό
3582 1956 3817 2010 ἀπαίδευ-

545 2046 634 2092 tus
679 2037 785 2110 (sic
823 2037 968 2092 enim
1023 2038 1198 2108 ipsum
1253 2039 1527 2109 appellare
1574 2038 1780 2109 liceat),
1811 2039 1975 2110 617
2006 2055 2117 2108 quo-

2249 2061 2336 2108 τος
2364 2043 2548 2115 (οὕτω
2577 2045 2688 2116 γὰρ
2716 2045 2880 2099 αὐτὸν
2919 2046 3105 2100 καλεῖν
3135 2045 3379 2116 θέμις),
3419 2046 3572 2108 ὅπως
3618 2047 3714 2117 μὲν
3746 2048 3821 2100 δι-

545 2131 707 2184 modo
748 2131 823 2184 sit
861 2127 1116 2196 affectus,
1158 2146 1266 2185 non
1310 2146 1529 2202 possum
1575 2132 1829 2201 equidem
1878 2131 2018 2186 bene
2057 2146 2117 2187 re

2245 2135 2426 2205 ετέθη,
2455 2137 2702 2207 ἀκριϐῶς
2736 2137 2836 2207 μὲν
2869 2137 2971 2190 οὐκ
2995 2137 3106 2208 ἔχω
3134 2137 3341 2205 λέγειν,
3377 2137 3490 2190 ἀπὸ
3513 2137 3572 2190 δὲ
3611 2138 3718 2190 τῶν
3749 2139 3817 2208 τῷ

544 2221 710 2278 ferre.
773 2223 937 2292 Signa
982 2242 1113 2281 vero
1159 2240 1281 2296 quas
1325 2226 1378 2278 in
1420 2224 1573 2277 vultu
1621 2223 1864 2287 elucent,
1903 2222 1990 2278 vel
2022 2222 2116 2292 ipsi

2249 2228 2526 2299 προσώπῳ
2563 2229 2993 2301 ὲπανθησὰντων
3031 2229 3276 2300 σημείων
3323 2229 3419 2282 καὶ
3445 2229 3609 2294 αὐτὸς
3656 2230 3718 2283 ἂν
3740 2248 3821 2282 τε·

549 2317 874 2371 ostenderit.
906 2317 1078 2374 Lente
1106 2319 1253 2373 enim
1289 2317 1480 2372 risisse
1511 2317 1783 2386 apparuit,
1817 2314 1964 2370 facie
1989 2330 2121 2371 comi

2242 2320 2509 2392 κμήραιο.
2530 2321 2836 2385 Μειδιάσας
2864 2322 2972 2392 γὰρ
3000 2321 3215 2393 ἡρέμα,
3238 2320 3411 2392 ἔφηνε
3443 2321 3523 2391 τῷ
3554 2321 3814 2393 προσώπῳ

544 2417 863 2465 monstrans
893 2425 960 2465 ex
993 2409 1272 2465 iracundia
1316 2408 1527 2463 devicta
1563 2406 2002 2462 delectationem.

1422 2408 1527 2462 icta
1563 2406 2002 2462 delectationem.
2241 2411 2436 2483 ήδονήν
2467 2413 2780 2484 ὲκνικώσης
2805 2414 2993 2485 ὀργῆς.

610 2541 838 2599 CXCIII.
868 2573 942 2584 ——
975 2543 1279 2612 AQUIL/E,
1308 2540 1627 2598 AMMONIO
1673 2540 1764 2596 ET
1791 2539 2048 2597 ORIONI.

2375 2540 2540 2608 Ριιιν.
2569 2571 2640 2581 -
2667 2542 2995 2614 sumas,
3025 2542 3350 2615 ΑΜΜαΝιο
3382 2585 3398 2610 ,
3440 2543 3693 2599 ΩΡιοΝι.

540 2633 749 2690 Malum
781 2637 920 2691 malo
966 2653 1073 2692 non
1122 2635 1470 2711 reddendum,
1508 2635 1604 2711 sed
1641 2633 1840 2687 malum
1883 2633 2141 2711 patientia
2172 2635 2527 2711 superandum
2552 2644 2604 2711 _et
2629 2636 2894 2711 judicium
2930 2639 3076 2711 juste
3097 2637 3373 2711 judicanti
3399 2637 3809 2711 relinquendum:

1115 2705 1185 2761 In
1215 2705 1350 2758 illud
1381 2719 1400 2758 :
1440 2724 1458 2756 ‹
1495 2705 1650 2759 Decet
1689 2721 1782 2758 nos
1812 2720 2018 2758 omnem
2051 2703 2320 2773 justitiam
2361 2703 2673 2772 adimplere.
2711 2726 2729 2759 ι
2769 2703 2987 2775 (Matth.
3031 2703 3114 2772 ut,
3145 2708 3261 2775 15.)

608 2817 781 2882 Multi,
818 2816 1010 2888 optimi
1037 2816 1160 2882 viri,
1202 2814 1536 2870 adversariis
1587 2813 1738 2884 paria
1772 2812 1860 2869 vel
1917 2811 2127 2881 majora

2295 2815 2535 2880 Πολλοὶ,
2595 2835 2642 2872 ω
2700 2815 3000 2888 βέλτιστοι,
3049 2818 3379 2881 ἀντιπάλους
3434 2818 3468 2888 ῆ
3526 2835 3621 2880 και
3661 2817 3813 2888 μείζω

536 2914 700 2968 etiam
730 2912 814 2968 his
836 2925 956 2980 quae
985 2910 1222 2980 perpessi
1260 2918 1406 2971 sunt,
1444 2907 1627 2962 facere
1655 2915 1963 2976 sperantes,
1996 2921 2108 2977 gra-

2234 2907 2465 2963 ὲνταῦθα
2497 2904 2572 2965 ὧν
2619 2911 3043 2976 ἐπεπόνθεισαν,
3079 2911 3276 2980 δρᾶσαι
3309 2912 3774 2982 προσδοκήσαντες
3794 2952 3806 2972 ,

533 3004 689 3058 viora
719 3003 886 3058 etiam
910 3015 1073 3070 quam
1108 3003 1177 3054 ab
1207 3000 1362 3055 initio
1399 2999 1546 3070 passi
1575 3008 1724 3064 sunt;
1761 2997 2103 3069 pertulerunt

2240 2999 2627 3074 ἀργαλεώτερα
2655 2997 2731 3057 ὧν
2767 3004 2919 3076 παρὰ
2958 3004 3054 3075 τὴν
3088 3003 3262 3075 ἀρχὴν
3291 3003 3664 3058 ἐπεπόνθεσαν
3689 3003 3812 3053 ἐπα-

534 3092 815 3164 nonjusto
863 3091 1101 3157 devicto,
1150 3089 1245 3144 sed
1305 3088 1359 3142 in
1420 3087 1590 3140 altera
1627 3087 1736 3140 vita
1789 3101 1911 3138 cum
1953 3083 2106 3155 glori:

2236 3093 2353 3156 θον,
2380 3093 2442 3145 οὐ
2475 3093 2577 3147 τοῦ
2631 3095 2845 3148 δικαίου
2881 3096 3208 3166 ἡττηθέντος
3233 3136 3247 3160 ,
3278 3095 3395 3149 ἀλλ’
3432 3097 3512 3158 είς
3560 3094 3648 3148 τὸν
3684 3110 3807 3163 μετ-

538 3183 840 3239 recondito.
877 3183 1058 3248 Quare
1094 3189 1311 3250 oportet
1345 3177 1637 3247 tranquille
1670 3192 1733 3230 ac
1755 3174 2110 3246 pliilosophict

2238 3184 2428 3241 ἔπειτα
2465 3184 2579 3256 βίον
2613 3186 2887 3258 λαμπρῶς
2911 3187 3327 3258 ταμιευθέντος.
3358 3187 3450 3240 Διὸ
3482 3187 3590 3258 χρὴ
3616 3187 3810 3256 ἠσυχίᾳ

535 3275 678 3330 mala
710 3275 1007 3329 inferentes
1046 3269 1408 3326 remunerari.
1439 3269 1516 3322 Ibi
1538 3267 1681 3321 enim
1732 3275 1995 3336 perpetuo
2035 3266 2107 3334 ju

2237 3274 2437 3346 μᾶλλον
2471 3277 2567 3329 καὶ
2601 3275 2896 3348 φιλοσοφίᾳ
2942 3279 3069 3341 τοὺς
3123 3279 3311 3341 κακῶς
3345 3279 3496 3348 ἡμᾶς
3536 3266 3809 3338 ποιοῦντας

535 3366 683 3422 stitia
739 3365 942 3435 justum
993 3365 1194 3433 cinget,
1255 3371 1311 3417 et
1373 3374 1699 3416 coronarum
1760 3356 2107 3429 propositiont

2234 3362 2572 3433 ἀμύνασθαι.
2608 3362 2822 3418 Ἐκεῖσε
2855 3366 2966 3436 γὰρ
2997 3367 3219 3430 πάντως
3258 3367 3291 3438 ή
3339 3367 3463 3438 δίκη
3509 3367 3570 3419 τὸ
3611 3367 3806 3418 δίκαιον

537 3460 864 3514 tentationes
897 3457 1252 3515 oblitterabit.

2232 3455 2387 3526 όριεῖ,
2423 3456 2577 3527 ήκα)¹
2623 3459 2907 3527 στεφάνων
2946 3458 3235 3523 ὑποθέσεις
3275 3459 3404 3523 τοὺς
3453 3460 3581 3531 τῇδε
3621 3475 3804 3530 πειρα-

2229 3549 2404 3619 σμοὺς
2436 3549 2841 3618 ἀποφαίνουσα.

816 3654 1054 3716 CXCIV.
1113 3654 1197 3710 PA
1207 3652 1334 3709 LLA
1347 3651 1458 3708 DIO
1515 3648 1840 3706 DIACONO.

2532 3654 2693 3722 ΡιιΔκ
2728 3684 2800 3699 -
2829 3653 3171 3728 massam
3208 3654 3533 3729 ΔΙΑΚΟΝῼ.

1272 3745 1487 3801 Mutare
1515 3746 1675 3799 vitam
1707 3744 1761 3798 in
1793 3742 1978 3797 melius
2014 3742 2221 3813 suadet,
2253 3757 2309 3801 ut
2335 3753 2700 3804 accusantium
2729 3767 2822 3804 ora
2854 3749 3081 3807 obturet.

613 3858 673 3915 Si
708 3873 840 3914 vera
885 3867 1035 3919 sunt.
1078 3870 1200 3925 qua:
1232 3856 1298 3911 de
1348 3864 1400 3908 te
1451 3853 1806 3918 nuntiantur,
1847 3851 2120 3906 verisimi-

2294 3859 2357 3911 Εἰ
2391 3858 2490 3928 μὲν
2514 3858 2688 3931 ἀληθῆ
2716 3859 2785 3914 τὰ
2809 3861 3230 3929 ἀπαγγελθέντα
3262 3861 3394 3934 περὶ
3420 3862 3515 3918 σοῦ
3537 3902 3551 3928 ,
3581 3861 3799 3933 πιθανὴν

531 3952 639 4008 lem
679 3951 794 4021 ipse
817 3948 1190 4005 defensionem
1212 3945 1492 4008 conficies,
1545 3958 1645 3997 nec
1690 3957 1817 3995 vera
1847 3939 2103 4011 proferes.

2226 3950 2327 4023 μὲν
2353 3953 2484 4015 ἴσως
2521 3953 2821 4022 ἀπολογίαν
2851 3954 3255 4027 λογοποιήσειζ,
3284 3957 3461 4026 ἀληθῆ
3489 3956 3548 4009 δὲ
3577 3957 3637 4008 ού
3664 3957 3798 4025 φρά-

533 4045 630 4101 Sin
660 4043 794 4098 falsa
819 4042 884 4096 de
911 4050 964 4095 te
984 4039 1330 4100 nuntiantur,
1357 4036 1537 4090 scribe
1569 4035 1754 4102 utique
1785 4032 2105 4102 apologiam1

2225 4061 2339 4108 σεις
2369 4059 2384 4073 ⁸
2419 4043 2552 4098 εἰδὲ
2575 4044 2766 4117 ψευδῆ,
2795 4048 2974 4118 γράφε
3006 4048 3071 4119 δὴ
3109 4048 3208 4119 τὴν
3252 4049 3576 4118 ἀπολογίαν,
3619 4050 3796 4118 ἥντινα

531 4152 697 4209 quam
733 4150 854 4197 nos,
894 4132 1098 4188 auditis
1126 4144 1246 4198 qua:
1279 4129 1330 4182 in
1385 4137 1438 4182 te
1469 4126 1890 4196 reprehendunt,
1927 4124 2103 4179 molie'

2223 4139 2384 4209 ἡμεῖς
2409 4139 2531 4201 ταῖς
2563 4140 2757 4202 ἀκοαῖς
2794 4139 2902 4193 τῶν
2942 4140 3350 4211 κωμῳδούντων
3381 4157 3442 4193 σε
3476 4141 3790 4209 ἐγκαθιδρύ-

529 4243 678 4284 mur.
707 4224 864 4293 Quod
916 4223 962 4278 si
1014 4237 1044 4276 a
1102 4219 1468 4289 voluptatibus
1503 4216 1858 4286 temperabis,
1887 4229 2009 4284 quae
2051 4230 2101 4269 at

2225 4242 2430 4297 σωμεν.
2471 4228 2534 4282 El
2581 4229 2639 4282 δὲ
2673 4229 2906 4282 παύσοιο
2957 4230 3060 4300 τῆς
3110 4231 3323 4302 τρυφῆς
3371 4231 3474 4301 τῆς
3517 4232 3598 4296 είς
3627 4234 3795 4284 πᾶσαν

527 4330 752 4374 omnem
807 4313 1038 4370 rationis
1096 4319 1374 4380 expertem
1446 4307 1706 4376 impetum
1761 4304 2099 4374 atl‘ectumqm

2224 4320 2415 4389 ἄλογον
2472 4320 2652 4392 ὁρμὴν
2697 4321 3016 4393 χωρούσης,
3058 4324 3155 4376 καὶ
3205 4324 3315 4396 πρὸ
3360 4325 3462 4397 τῆς
3512 4324 3796 4392 ﬁrmioris;

526 4406 770 4477 rapiunt,
808 4412 1010 4460 canent
1047 4401 1175 4472 ipsi,
1215 4409 1274 4455 ut
1315 4398 1534 4470 opinor,
1560 4410 1661 4465 pro
1691 4395 1934 4467 apologia
1982 4395 2098 4464 pali-

1602 4410 1661 4451 ro
1691 4395 1934 4467 apologia
1982 4395 2119 4464 paIi-
2217 4406 2373 4482 οἶμαι
2401 4411 2601 4476 αὐτοὺς
2630 4411 2960 4484 παλινῳδίας
2990 4413 3165 4485 ᾄσειν.

525 4499 768 4555 nodiam.

472 4592 478 4598 ’
1015 4601 1228 4659 cxcv.
1256 4630 1329 4642 -
1356 4599 1640 4657 λεδΑιΑε.

2145 4609 2201 4668 ι)
2757 4597 2920 4673 Ριιεο.
2947 4626 3018 4636 -
3051 4596 3273 4668 ΗΣΑΙᾼ.

529 4717 801 4774 Hortatur
825 4725 883 4771 ut
918 4716 1164 4784 apologia
1191 4714 1358 4783 placet
1391 4728 1699 4779 eum,quem
1730 4710 1930 4779 injuria
1957 4709 2229 4778 affecerat.
2254 4705 2350 4780 (Ut
2377 4707 2530 4776 epist.
2554 4705 2707 4778 190.)
2729 4705 2981 4762 Forensis
3005 4709 3155 4777 epist.
3187 4717 3287 4774 est,
3316 4706 3538 4779 ideoque
3561 4708 3792 4763 obscura.

592 4825 711 4880 Non
741 4825 984 4894 ignoras,
1037 4820 1475 4892 prudentissime
1517 4821 1626 4886 vir,
1682 4819 1881 4888 injuste
1927 4833 2110 4889 agens,

2296 4812 2372 4867 Ού
2411 4811 2719 4877 λανθάνεις,
2750 4805 2797 4866 ὦ
2821 4813 3094 4867 δεινότατε
3137 4813 3341 4866 ἀδικῶν
3360 4829 3375 4842 ο
3405 4817 3504 4868 καὶ
3528 4813 3613 4867 διὰ
3639 4813 3791 4865 τοῦτο

519 4931 588 4970 ac
632 4923 920 4983 propterea
968 4919 1119 4967 recta
1185 4925 1250 4965 ac
1309 4911 1547 4979 legitima
1603 4909 1957 4975 defensione,
1999 4909 2091 4963 δίνη

2220 4905 2319 4976 τὴν
2371 4906 2469 4977 μὲν
2515 4905 2828 4959 εὐθυδικίαν
2874 4905 3114 4974 φεύγων,
3158 4907 3253 4958 ἐπὶ
3313 4905 3370 4958 δὲ
3430 4904 3789 4976 παραγραφὰς

519 5001 773 5057 criminis
859 5000 1113 5055 intentati
1181 4999 1506 5069 depulsione
1588 5000 1855 5064 abutens,
1950 5009 2091 5068 atqui

2219 4994 2604 5065 καταφεύγων,
2642 4996 2741 5059 τὰς
2785 4996 2924 5065 πρὸς
2968 4996 3223 5067 βοήθειαν
3270 4997 3381 5049 τῶν
3407 4998 3784 5066 ἀδικουμένων,

518 5094 922 5163 exceptionem,
1003 5107 1108 5163 qua
1161 5090 1426 5161 judicium
1479 5089 1823 5153 declinatur,
1873 5104 1966 5143 seu
1999 5090 2090 5143 liti:

2217 5087 2333 5142 ἀλλ’
2357 5088 2458 5141 οὐκ
2487 5089 2567 5151 είς
2590 5089 2882 5159 ἀποφυγὴν
2905 5088 3014 5142 τῶν
3038 5089 3368 5142 ἀδικούντων
3389 5088 3786 5158 ἐπινοηθείσας.

429 5169 446 5185 κ
517 5186 979 5244 contestationem
1055 5182 1353 5254 refugiens,
1410 5180 1650 5237 subsidio
1707 5182 1774 5236 iis
1829 5197 1972 5242 esse,

2058 5180 2110 5235 ui
2215 5179 2383 5243 Γνοὺς
2412 5173 2506 5233 οὖν
2530 5179 2607 5244 ὡς
2631 5178 2980 5252 πεφώρασαι,
3014 5179 3074 5248 ἐξ
3101 5179 3316 5242 εὐθείας
3344 5178 3630 5249 ἀπολογοῦ.

518 5279 716 5350 injuria
743 5280 1147 5349 opprimuntur,
1173 5291 1278 5330 non
1306 5275 1397 5344 qui
1427 5271 1624 5342 injuria
1644 5272 1900 5326 alliciunt.
1927 5272 2110 5338 Quare

516 5373 762 5438 noveris,
796 5379 855 5426 ut
889 5371 943 5426 in
979 5368 1125 5424 furto
1169 5369 1544 5437 deprehensus
1591 5368 1797 5420 directe
1826 5364 2106 5421 defendas.

801 5479 1033 5537 CXCVI.
1068 5512 1137 5522 —
1164 5477 1425 5534 THEONI
1468 5473 1817 5533 EPISCOPO.

2556 5479 2736 5546 Ριςν.
2767 5508 2835 5521 -
2869 5477 3071 5531 esum
3101 5477 3473 5547 ΕΠΙΣΚΟΠῼ.

589 5570 794 5638 Monet,
822 5579 880 5625 ut
913 5569 978 5625 de
1004 5568 1225 5625 Eusebii
1256 5566 1483 5650 episcopi
1519 5566 1723 5650 Pelusii
1757 5563 1897 5650 ciliis
1924 5563 2256 5650 si-bincauettt,
2292 5566 2879 5650 ne‘ipsleiapiaturaiils:
2903 5585 3020 5637 qua:
3056 5570 3114 5622 in
3149 5568 3255 5622 alio
3287 5565 3714 5638 reprehendebat.

1371 5633 1612 5707 (Confer.
1641 5636 1797 5704 epist.
1831 5635 1920 5700 is,
1963 5633 2086 5702 ιιι),
2125 5636 2246 5702 m,
2294 5633 2416 5703 κως
2455 5633 2736 5703 176,230,
2774 5633 2927 5708 250.}

585 5752 858 5817 Quantum
895 5766 1004 5822 prae
1027 5749 1238 5808 caeteris
1273 5751 1480 5804 honore
1512 5761 1599 5802 me
1642 5743 1836 5811 silicis,
1890 5751 2100 5800 tantum

2285 5747 2436 5818 Ὀσῳ
2466 5750 2532 5820 τῇ
2564 5750 2696 5820 τιμῇ
2739 5749 2891 5820 παρὰ
2945 5749 3032 5803 σοὶ
3077 5748 3187 5804 τῶν
3233 5749 3414 5807 ἄλλων
3443 5749 3778 5814 πλεονεκτεῖ).
