3982 6420
168 400 314 486 ius

1054 397 1606 511 pEPISTOLARUM
1642 421 1790 485 LIB.
1830 422 1899 482 v.
1927 446 1995 457 ——
2033 402 2269 482 EPIST.
2309 421 2581 484 CXCVII.

3292 413 3443 481 1450³

168 532 424 602 τοσούτῳ
450 508 790 602 πειράσομαι
830 531 955 595 τοὺς
984 508 1205 597 λοιποὺς
1234 532 1417 604 εὐνοίᾳ
1457 532 1569 605 (56)
1605 549 1749 603 παρος

1855 533 2046 601 etipse
2077 532 2292 588 caeteris
2337 535 2390 586 in
2418 516 2476 587 te
2524 516 2751 585 colendo
2788 524 3135 585 'anteceilere'
3167 529 3429 585 conabor.

162 622 443 688 ενεγκεῖν.
481 621 592 673 Καὶ
617 620 726 690 γὰρ
753 620 976 687 ἄτοπον,
997 621 1102 692 πρὸ
1136 622 1237 691 μὲν
1260 621 1370 677 τῶν
1392 622 1566 676 ἄλλων
1593 619 1747 689 παρά

164 712 253 764 eoi.
294 711 594 780 τετάχθαι,
628 710 767 780 μετὰ
797 710 854 763 δὲ
879 710 990 765 τῶν
1025 713 1124 785 οὐχ
1153 711 1295 768 οὕτω
1339 714 1666 785 τιμωμένων
1694 714 1756 765 ὲν

161 804 280 864 τοῖς
316 802 436 863 σοῖς
464 802 759 872 σιωπῆσαι.
797 802 951 856 Ἐπεὶ
971 802 1154 856 τοίνυν
1190 804 1497 876 γέγραφας,
1530 803 1605 867 ὡς
1641 803 1749 856 Εὑ-

162 891 352 953 σὲὅιος
386 892 418 943 6
445 890 742 954 ἐπίσκοπος
770 891 867 943 τοῦ
909 892 1211 960 Πηλουσίου
1243 894 1339 947 καὶ
1386 893 1524 965 πρὸς
1574 892 1754 962 ὁρμήν

161 984 322 1036 ἐστιν
355 982 659 1055 ὀξύρροπος
681 1022 697 1047 ,
730 984 824 1037 καὶ
856 984 995 1055 πρὸς
1034 982 1290 1056 ἁρπαγὴν
1316 984 1427 1037 τῶν
1458 983 1754 1054 ἀλλοτρίων

160 1075 416 1145 ἕτοιμος,
444 1075 539 1127 καὶ
566 1075 703 1146 πρὸς
730 1075 793 1129 τὸ
834 1076 1236 1149 παροξυνθῆναι
1268 1074 1460 1146 ταχὺς,
1492 1075 1587 1128 καὶ⁹
1615 1074 1753 1146 πρὸς

162 1165 269 1229 τὰς
314 1165 555 1235 ἀμοιϐὰς
586 1166 697 1220 τῶν
742 1166 971 1220 δεόντων
1027 1166 1267 1238 βραδύςο
1299 1167 1394 1220 καὶ
1448 1165 1751 1236 συλλήϐδην

160 1260 373 1323 εἰπεῖν,
401 1258 617 1313 πάντων
648 1257 757 1311 τῶν
791 1258 1166 1329 ἀνελευθέρων
1200 1257 1391 1311 παθῶν
1412 1259 1657 1327 ἀκρατής
1691 1273 1748 1309 τε

160 1350 263 1402 καὶ
299 1348 419 1401 ἐστι
447 1349 541 1402 καὶ
573 1349 872 1419 νομίζεται·
905 1350 1067 1412 αὐτὸς
1098 1349 1213 1417 εἴγε
1236 1348 1590 1419 εὐδοκιμῆσαι
1621 1347 1750 1417 βού-

156 1438 268 1499 λει.
303 1439 417 1492 τῶν
443 1438 699 1493 τοιούτων
724 1439 948 1493 ὀνειδῶν
974 1439 1241 1511 ἄχραντον
1262 1439 1459 1494 σαυτὸν
1488 1438 1752 1509 διατήρη-

157 1548 286 1597 σον.
318 1531 556 1585 ’Δτοπον
587 1531 694 1599 γάρ
726 1547 784 1584 σε
825 1530 1031 1585 ἁλῶναι
1058 1534 1171 1596 τοῖς
1207 1531 1414 1598 αὐτοῖς,
1448 1527 1530 1595 οἷς
1562 1530 1751 1601 ἕτερον

154 1622 633 1693 περιπεπτωκότα
662 1623 812 1694 αἰτιᾷ
830 1640 843 1652 ·
875 1624 969 1677 καὶ
993 1623 1176 1695 ἰατρὸν
1205 1622 1316 1696 (57)
1339 1622 1500 1679 ἄλλου
1546 1621 1752 1675 ἐθέλειν

156 1709 313 1768 εἶναι
345 1714 443 1769 τὸν
498 1714 708 1769 ἕλκεσι
751 1715 1041 1784 βρύονταο
1077 1716 1173 1769 καὶ
1224 1716 1489 1787 πράττειν
1519 1714 1707 1771 ἐκεῖνα
1732 1751 1751 1781 ,

156 1798 244 1861 ὧν
280 1804 483 1877 πικρὸς
514 1807 804 1877 τυγχάνεις
836 1807 1160 1878 κατήγορος.

1855 623 2165 679 Absurdum
2196 624 2345 678 enim
2374 621 2538 678 fuerit
2562 634 2646 677 me
2675 622 2771 676 abs
2800 629 2852 677 te
2894 620 3117 677 cmteris‘
3146 619 3431 686 anteferri,

1852 729 1975 770 cum
2019 714 2085 769 iis
2109 725 2311 776 tamen,
2343 714 2434 783 qui
2467 729 2571 768 non
2609 712 2835 783 perinde
2885 712 3224 767 cohonestati
3276 722 3426 778 sunt,

1850 805 1918 858 de
1940 815 1992 860 te
2025 806 2236 875 tuisque
2264 804 2425 860 rebus
2456 805 2635 860 silere.
2681 803 2814 859 Cum
2863 806 3044 874 itaque
3070 804 3136 858 ad
3173 817 3259 858 me
3292 804 3431 859 scri-

1851 896 1949 953 bas
1988 898 2284 953 Eusebium
2313 897 2624 967 episcopum
2652 896 2851 952 Pelusii
2896 897 3009 951 suis
3049 894 3428 951 aﬂ‘ectionibus

1852 989 1961 1042 cito
2011 1002 2134 1042 esse
2210 987 2563 1051 mutabilem,
2615 987 2789 1041 aliena
2840 1002 3032 1057 rapere
3093 996 3423 1056 promptum,

1851 1079 2031 1135 animo
2064 1078 2297 1135 celerem
2333 1079 2681 1147 exacerbato,
2723 1080 2931 1136 lentum
2962 1090 3149 1134 contra
3188 1079 3429 1133 tardum-

1849 1187 1955 1240 que
1987 1172 2039 1226 in
2066 1172 2264 1228 debitis
2296 1172 2636 1227 exsolvendis
2672 1187 2686 1221 :
2747 1182 2805 1225 ut
2847 1170 3030 1241 paucis
3073 1170 3424 1240 complectar,

1848 1272 1905 1319 et
1942 1277 2065 1319 esse
2114 1271 2170 1318 et
2216 1262 2405 1318 haberi
2456 1262 2805 1332 impotentem
2854 1261 2923 1315 ad
2988 1259 3427 1331 perturbationes

1850 1353 2021 1409 malas
2061 1353 2394 1430 servilesque
2421 1353 2771 1409 edemandas.
2807 1350 2987 1418 Quare
3013 1354 3056 1406 si
3089 1351 3289 1421 probus
3326 1352 3425 1404 ha-

1850 1445 1967 1499 beri
1997 1445 2172 1514 cupis,
2202 1443 2271 1498 ab
2294 1444 2379 1498 bis
2403 1443 2628 1499 mat-uiis
2657 1459 2852 1513 purum
2891 1454 2941 1499 te
2973 1444 3090 1511 ipse
3112 1456 3424 1496 conserves.

1848 1533 2016 1605 618
2061 1534 2365 1589 Absurdum
2414 1533 2562 1589 enim
2629 1533 2774 1589 vitiis
2827 1533 3121 1588 obnoxium
3161 1546 3280 1587 esse
3327 1531 3430 1584 alio

1848 1641 2036 1695 quem,
2073 1639 2305 1695 quorum
2334 1631 2552 1680 accuset
2578 1623 2744 1678 alium
2780 1638 2796 1678 :
2830 1638 2894 1679 ac
2948 1623 3242 1686 medicum,
3277 1621 3425 1690 quod

1848 1715 2024 1779 aiunt,
2059 1728 2183 1769 esse
2228 1714 2485 1780 aliorum,
2532 1715 2623 1783 qui
2674 1713 2935 1767 ulceribus
2982 1721 3202 1775 scateat,
3244 1710 3424 1766 velle:

1849 1822 1913 1873 ea
1951 1806 2188 1877 denique
2237 1806 2581 1861 committere
2624 1814 2802 1874 turpe,
2844 1818 2965 1875 quae
3005 1805 3198 1860 acerbe
3244 1817 3430 1873 repre-

1775 1910 1819 1967 B
1849 1896 2067 1951 ltendat.

508 2008 665 2074 rt,z'.
703 2039 772 2050 —
803 2008 1064 2079 ῙΣΙΔΩΡῼ
1091 2006 1414 2078 ΔΙΛΚΟΝῼ.
1590 2053 1599 2060 .

2144 2001 2396 2059 CXCVII.
2430 2030 2504 2045 ——
2525 2000 2801 2059 ISIDORO
2831 2000 3143 2058 DIACONO.

160 2098 453 2164 Quomodo
478 2106 529 2152 et
553 2115 718 2169 quare
740 2097 921 2154 Judazi
944 2099 1045 2167 ﬁlii
1068 2100 1122 2153 in
1151 2098 1436 2166 Scriptura
1467 2097 1814 2167 appellentur.
1858 2094 1935 2218 DZ
1957 2093 2238 2163 adoptione
2267 2106 2453 2151 nostra
2493 2108 2588 2165 per
2617 2093 2907 2161 Christum,
2936 2105 2985 2149 et
3017 2103 3216 2164 quanto
3253 2096 3428 2152 studio

1616 2182 1900 2218 conservati
1939 2183 1992 2218 α.

1616 2182 1859 2222 conserva
1866 2182 1970 2219 nua
1976 2204 1992 2217 .

249 2275 477 2347 Ἐπειδὴ
508 2274 753 2347 γέγραφέ
782 2276 936 2346 σουὴ
984 2275 1228 2341 σύνεσις,
1269 2277 1352 2330 ὃτι
1398 2276 1492 2331 καὶ
1515 2278 1564 2330 οἱ
1609 2277 1745 2331 Ἰου-

1922 2271 2207 2330 Scribente
2251 2280 2339 2328 tua
2380 2274 2702 2345 prudentia,
2764 2274 3071 2346 adoptionis
3102 2276 3425 2346 dignitatem

154 2368 308 2421 δαῖοι
338 2362 486 2435 εἶχον
510 2365 572 2418 τὸ
591 2365 695 2436 τῆς
719 2364 991 2429 υἱοθεσίας
1011 2366 1226 2437 ἀξίωμα
1257 2366 1588 2439 (γέγραπται
1614 2367 1743 2437 γάρ’

1857 2362 2058 2421 Judais
2091 2364 2256 2420 etiam
2290 2365 2599 2430 obvenisse,
2622 2367 2747 2436 quia
2782 2367 3043 2437 scriptum
3066 2367 3137 2423 sit
3166 2386 3181 2423 :
3216 2386 3235 2420 ι
3260 2366 3431 2422 Filios

161 2477 182 2509 ι
226 2458 403 2520 Υίοὺς
438 2455 704 2527 ἐγέννησα
735 2455 829 2508 καὶ
868 2455 1062 2526 ὕψωσα
1090 2496 1104 2521 ,
1139 2457 1295 2511 αὐτοὶ
1331 2458 1389 2511 δέ
1427 2476 1493 2529 με
1544 2456 1748 2529 ἠθέτη-

1857 2457 2090 2512 euutrivi
2122 2464 2179 2512 et
2204 2456 2460 2523 exaltavi,
2495 2457 2598 2527 ipsi
2629 2467 2810 2515 autem
2840 2469 3160 2530 spreverunt
3199 2460 3362 2516 me".
3403 2478 3424 2512 ι

154 2565 293 2604 σοιν·
332 2567 353 2602 s
381 2547 501 2609 καὶ,
541 2566 559 2599 ι
581 2546 714 2600 Θεὸν
740 2545 833 2601 τὸν
862 2548 1198 2618 γεννήσαντά
1220 2564 1277 2601 σε
1302 2548 1655 2617 ἐγκατέλιπες
1674 2547 1747 2619 ι).

1862 2548 1930 2602 Ει
1963 2547 2088 2603 alibi
2123 2563 2137 2599 :
2186 2565 2205 2599 ι
2262 2546 2454 2614 Deum,
2487 2548 2577 2618 qui
2624 2556 2678 2604 te
2704 2551 2907 2618 genuit,
2934 2548 3369 2620 deneliq‘nisti“;
3403 2568 3423 2603 ι

157 2641 337 2712 φημὶ,
371 2638 458 2693 ὅτι
477 2638 574 2709 οὐχ
602 2638 845 2710 εὑρίσκω
871 2639 1008 2704 ὅλως
1032 2640 1091 2706 ἐξ
1121 2633 1197 2695 ὧν
1229 2642 1576 2712 προήνεγκας
1610 2657 1752 2711 μαρ-

1861 2641 1983 2695 dico
2037 2655 2143 2694 non
2192 2637 2435 2709 reperire
2488 2655 2573 2695 me
2616 2642 2842 2696 omnino
2889 2656 2956 2697 ex
2990 2643 3079 2705 iis,
3123 2657 3243 2711 qum
3285 2649 3430 2695 attu-

154 2732 375 2804 τυριῶν
400 2730 823 2802 ἀπολελυμένην,
855 2730 977 2784 οὐδὲ
1004 2731 1249 2803 καθαρὰν
1269 2732 1368 2802 τὴν
1406 2731 1594 2802 τιμὴν,
1618 2730 1755 2786 ἀλλὰ

1852 2730 1980 2792 iisti,
2011 2729 2338 2785 testimoniis
2371 2729 2678 2785 absolutum
2712 2740 2875 2800 atque
2920 2746 3115 2802 purum
3142 2733 3424 2795 honorem.

166 2825 242 2892 τῇ
287 2820 597 2892 κατηγορίᾳ
638 2821 1159 2893 συμπεπλεγμένην.
1209 2823 1371 2875 Ὥστε
1401 2823 1450 2876 εί
1501 2822 1578 2894 μὴ
1623 2839 1754 2876 κατε

1851 2824 1943 2878 sed
1998 2822 2407 2892 reprehensioni
2463 2822 2718 2887 mistum,
2768 2823 2843 2878 ita
2906 2832 2965 2878 ut
3024 2824 3126 2879 nisi
3182 2823 3425 2894 prolapsi

163 2914 455 2984 ηγορῆσαι
485 2912 664 2967 αὐτῶν
691 2913 977 2986 ἠθέλησεν,
1007 2914 1110 2967 οὐκ
1138 2913 1205 2968 ἂν
1232 2914 1298 2984 ἣν
1336 2913 1441 2985 φὴς
1468 2914 1633 2986 τιμὴν
1657 2906 1754 2967 ἁνέ

1851 2913 2017 2969 ιιιάιεί
2038 2923 2241 2981 essent,
2283 2913 2430 2994 ipsos
2450 2915 2875 2971 honoriﬁce'nou
2902 2915 3305 2991 compellasset,
3331 2915 3438 2971 sed

155 3006 469 3079 εκήρυξεν.
502 3008 564 3060 Ei
598 3006 672 3078 μὴ
696 3006 979 3073 ἔπταισαν,
1016 3007 1117 3061 οὐκ
1149 3006 1215 3061 ἂν
1245 3006 1440 3078 ἔτυχον
1482 3008 1615 3072 ἴσως
1651 3008 1751 3078 τῆς

1851 3008 1903 3063 in
1960 3008 2183 3078 majoris
2242 3009 2687 3079 reprehensionis
2731 3019 3108 3080 argumentum
3166 3010 3426 3064 honorem

158 3098 552 3201 tmd'fifopia‘;
573 3116 586 3129 -
615 3098 732 3201 ἀλλ’
763 3098 1129 3201 sic-peltam;
1167 3098 1505 3201 κατηγορίας
1549 3098 1748 3201 θπόθε-
1773 3156 1779 3188 1

1851 3101 2191 3157 contumelia:
2225 3098 2525 3171 conjunxit.
2558 3097 2816 3169 Tangeris
2853 3100 2999 3156 enim
3034 3100 3177 3167 illos,
3209 3110 3264 3155 et
3323 3099 3425 3154 du-

158 3196 256 3239 dsv
276 3183 389 3256 τὴν
420 3183 587 3256 τιμὴν
613 3186 681 3257 τῇ
727 3186 933 3256 μέμψει
973 3187 1260 3254 συνέζευξε
1280 3203 1294 3217 ο
1333 3186 1747 3257 καθαπτόμενος
1776 3183 1779 3188 ’

1851 3193 2035 3248 ritiam
2061 3193 2185 3249 aliis
2226 3194 2534 3263 patefacere
2582 3192 2831 3263 cupiens,
2880 3190 3214 3248 accusationi
3257 3190 3430 3246 hono-

158 3276 284 3346 γὰρ
314 3275 497 3329 αὐτῶν
528 3276 624 3330 καὶ
650 3275 1034 3348 ὲκπομπεῦσαι
1071 3279 1172 3349 τὴν
1204 3278 1567 3361 ἀναισθησίαν
1623 3277 1748 3337 βου-

1851 3298 1964 3340 rem
2012 3284 2327 3349 admiscuit,
2375 3293 2470 3339 aut
2502 3284 2687 3340 verius
2730 3283 2936 3340 honore
2984 3282 3172 3338 habite
3208 3296 3432 3337 accusa-

158 3366 423 3437 λόμενος,
459 3369 526 3438 τῇ
559 3367 799 3421 αἰτιάσει
824 3369 924 3440 τὴν
953 3369 1119 3442 τιμὴν
1155 3370 1467 3441 παρέπλεξε
1490 3387 1506 3400 ·
1549 3370 1751 3440 μᾶλλον

1851 3375 2057 3429 tionem
2087 3374 2243 3429 venia
2270 3373 2550 3444 indignam
2584 3386 2706 3429 esse
2737 3372 2994 3429 ostendit.
3022 3372 3101 3427 De
3142 3371 3212 3427 iis
3254 3370 3427 3436 enim,

154 3459 226 3514 δὲ
247 3461 321 3512 ὲκ
354 3459 454 3529 τῆς
482 3458 648 3529 τιμῆς
676 3458 778 3530 τὴν
806 3460 1146 3532 κατηγορίαν
1174 3462 1396 3530 μείζονα
1420 3461 1754 3532 συγγνώμης

160 3552 448 3620 ἀπέφηνε,
472 3551 603 3622 περὶ
631 3552 688 3605 δὲ
716 3551 826 3606 τῶν
843 3553 901 3606 ὲν
923 3556 989 3623 τῇ
1020 3553 1203 3623 χάριτι
1224 3552 1326 3624 βοᾷ
1345 3555 1374 3607 6
1401 3554 1502 3623 τῆς
1524 3553 1755 3624 βροντῆς

162 3640 293 3701 υἱός
319 3655 335 3668 ·
376 3657 396 3692 ι
449 3642 602 3694 Ὅσοι
643 3640 701 3695 δὲ
732 3641 926 3696 ξλαῦον
944 3643 1128 3706 αὐτὸν,
1160 3642 1362 3696 ἔδωκεν
1386 3644 1573 3707 αὐτοῖς
1604 3641 1757 3708 ἕξου-

164 3730 304 3784 σίαν
340 3731 671 3787 τέκναΘεοῦ
701 3732 983 3802 γενέσθαι.
1019 3751 1039 3786 s
1094 3735 1225 3788 Ἰδοὺ
1254 3734 1386 3788 ἄνευ
1418 3736 1757 3806 κατηγορίας

168 3822 338 3893 τιμή·
371 3822 489 3877 ἰδοὺ
509 3823 609 3894 τῆς
649 3823 924 3889 υἱοθεσίας
956 3825 1017 3879 τὸ
1043 3825 1262 3897 ἀξίωμα
1285 3842 1300 3858 ο
1322 3827 1433 3881 ἰδοὺ
1463 3828 1564 3897 τῆς
1587 3827 1758 3897 ὑπερ-

162 3912 413 3983 κοσμίου
461 3914 767 3985 συγκλήτου
798 3916 861 3969 τὸ
893 3916 1162 3988 σύνθημα.
1204 3919 1271 3970 ὐ
1320 3917 1434 3972 ἄνω
1458 3919 1553 3971 καὶ
1605 3916 1758 3970 κάτω

170 4006 477 4077 προφέρων
504 4010 534 4061 6
565 4008 757 4079 Σωτὴρ
791 4007 1001 4077 ελεγενο
1038 4026 1059 4060 r
1098 4009 1290 4073 Ὅπως
1317 4008 1551 4080 γένησθε
1578 4009 1757 4079 ὅμοιοι

160 4098 269 4154 τοῦ
297 4097 511 4168 [ἰατρὸς
531 4099 685 4170 ὑμῶν
712 4099 806 4152 τοῦ
835 4101 895 4152 ὲν
919 4102 1030 4162 τοῖς
1058 4100 1361 4171 οὐρανοῐςί
1393 4102 1510 4166 καὶ,
1547 4117 1568 4152 s
1599 4095 1757 4154 Οἶδεν

160 4190 201 4242 ὁ
238 4186 440 4258 Πατὴρ
473 4187 627 4259 ὑμῶν
653 4188 683 4240 6
711 4188 982 4260 οὐράνιος,
1002 4181 1077 4242 ὧν
1108 4188 1298 4260 χρείαν
1325 4188 1499 4259 ἔχετε,
1522 4189 1631 4260 πρὸ
1659 4188 1757 4243 τοῦ

162 4278 510 4349 αἰτήσασθαι
553 4278 739 4334 αὐτόν.
786 4279 961 4342 Αὐτὸς
992 4278 1095 4349 μὲν
1134 4274 1233 4333 οὖν
1273 4280 1302 4333 6
1347 4281 1447 4351 τῆς
1484 4280 1758 4344 υἱοθεσίας

164 4370 355 4433 αἴτιος
386 4369 449 4423 τὸ
484 4368 702 4440 ἀξίωμα
747 4369 1028 4441 πανταχοῦ
1066 4370 1454 4442 ἀνακηρύττιι.
1498 4372 1557 4425 ’0
1599 4371 1658 4424 δὲ
1697 4372 1758 4436 ἐξ

182 4461 495 4530 Ἰουδαῐκῆς
535 4459 810 4531 ἐπάλξεως
851 4461 1206 4530 εὐαγγελικὸν
1250 4463 1551 4535 μηχάνημα
1595 4479 1756 4532 γεγο·

167 4550 308 4616 νὼς,
332 4551 548 4614 δεικνὺς
585 4551 686 4623 τὴν
713 4551 879 4622 τιμὴν
905 4551 1111 4624 ταύτην
1149 4552 1297 4624 ἔργῳ
1339 4552 1754 4623 βεϐαιωθείσαν,

1855 3462 1945 3532 qui
1976 3464 2034 3518 in
2056 3463 2231 3533 gratia
2263 3470 2391 3519 sunt
2423 3462 2541 3528 Dei,
2576 3461 2778 3518 clamat
2818 3462 3047 3517 toaitrui
3088 3460 3232 3535 ﬁlius
3263 3458 3430 3515 Joan-

1853 3568 1953 3608 nes
1985 3569 2000 3607 :
2035 3572 2055 3606 ι
2089 3552 2366 3623 Quotth
2390 3561 2571 3607 autem
2609 3559 2931 3621 receperunt
2975 3565 3125 3615 eum,
3171 3550 3318 3605 dedit
3350 3549 3434 3604 eis

1855 3654 2179 3717 potestatem
2210 3644 2352 3701 illius
2390 3643 2484 3701 Dei
2516 3643 2725 3699 ﬁeri”.
2770 3661 2789 3696 ι
2836 3640 2980 3699 Ecce
3008 3643 3214 3710 absque
3262 3640 3434 3696 casti-.-

1856 3737 2073 3807 gatione
2121 3737 2379 3792 honorem
2429 3735 2603 3790 :vide
2652 3734 2959 3805 adeptionis
3019 3735 3184 3790 decus
3240 3751 3256 3787 :
3308 3733 3434 3788 vide

1857 3829 2098 3885 celestis
2120 3828 2367 3883 ordinem
2391 3826 2728 3882 vocationis?
2765 3824 2919 3892 Quod
2935 3822 3107 3880 semel
3125 3823 3437 3890 iterumque

1862 3921 2123 3977 Servator
2153 3918 2441 3990 proferens
2472 3920 2548 3973 ait
2574 3935 2589 3972 :
2626 3936 2646 3972 ι
2677 3917 2748 3975 Ut
2773 3917 2892 3973 sitis
2917 3913 3012 3972 (iiii
3037 3915 3215 3971 Patris
3242 3913 3441 3979 vestri,

1858 4013 1950 4081 qui
1979 4014 2034 4067 in
2074 4011 2230 4067 coriis
2276 4017 2361 4066 est
2382 4008 2451 4066 “.
2489 4028 2509 4061 ι
2540 4007 2609 4064 Ει
2651 4016 2776 4078 post
2805 4022 2914 4063 non
2965 4008 3127 4077 longe
3180 4024 3197 4060 :
3258 4022 3281 4056 ι
3318 4002 3435 4078 Scit

1858 4102 2017 4158 Pater
2044 4109 2222 4156 vester
2255 4099 2497 4155 caelestis
2534 4098 2733 4168 quibus
2772 4096 3083 4168 indigestis,
3135 4103 3430 4165 antequam

1860 4193 2057 4264 petatis
2074 4192 2141 4247 ⁸⁸.
2176 4209 2198 4243 ι
2234 4190 2356 4260 ipse
2398 4191 2567 4260 igitur
2612 4188 2921 4257 adoptionis
2971 4196 3165 4242 auctor
3197 4185 3427 4255 dignita-

1861 4293 1967 4340 tem
1993 4287 2113 4354 ejus
2156 4283 2358 4352 ubique
2410 4281 2755 4349 depraedicat.
2788 4278 2890 4346 Qui
2936 4266 3157 4333 veroex
3199 4277 3433 4332 Iudaico

1860 4374 2074 4444 fastigio
2123 4371 2400 4438 Evangelii
2445 4370 2623 4426 iactus
2654 4379 2741 4425 est
2782 4384 2901 4435 vas,
2929 4368 3223 4425 ostendens
3258 4367 3431 4423 hono-

1787 4495 1832 4551 ι)
1862 4481 1974 4521 retu
2030 4464 2176 4518 hunc
2204 4477 2370 4532 Opere
2405 4462 2815 4528 conﬁrmatum,
2860 4462 3040 4551 dicit:
3092 4477 3116 4551 ι
3178 4459 3296 4514 Non
3348 4474 3434 4551 ac:

1861 4553 2080 4622 cepistis
2100 4552 2351 4621 spiritum
2403 4551 2683 4606 servitutis
2730 4551 2926 4606 iterum
2968 4550 3022 4605 in
3064 4550 3281 4617 timore,
3335 4550 3432 4605 sed

164 4644 281 4713 ἔφη
314 4658 329 4671 ο
368 4660 387 4692 ι
426 4644 500 4695 Οὐ
530 4641 640 4712 γὰρ
695 4642 919 4697 ἐλάϐετε
966 4643 1185 4716 πνεῦμα
1214 4644 1456 4707 δουλείας
1489 4645 1650 4699 πάλιν
1679 4646 1759 4708 είς

1859 4643 2141 4712 accepistis
2194 4642 2443 4713 spiritum
2488 4642 2814 4713 adoptionis,
2862 4643 2916 4711 in
2967 4655 3078 4716 quo
3103 4640 3426 4713 clamamus,

164 4733 362 4803 φόϐον,
394 4732 532 4787 ἀλλὰ
551 4732 772 4802 πνεῦμα
790 4732 1082 4800 υἱοθεσίας,
1114 4735 1171 4787 ὲν
1192 4727 1237 4801 ᾧ
1257 4734 1553 4806 κράζομεν,
1585 4734 1756 4787 Ἀὁδᾶ

1861 4732 2035 4801 Abba,
2074 4720 2259 4788 Pater.
2289 4733 2409 4801 Ipse
2444 4732 2679 4802 Spiritus
2704 4732 3068 4787 testimonium
3096 4731 3272 4787 reddit
3316 4732 3432 4801 spi-

161 4829 196 4878 6
226 4826 428 4896 Πατήρ
454 4840 469 4855 °
500 4824 631 4878 αὐτὸ
661 4824 725 4879 τὺ
778 4823 998 4894 πνεῦμα
1041 4832 1425 4897 συμμαρτυρεῖ
1462 4825 1542 4896 τῷ
1589 4825 1754 4879 πνεύ-

1853 4824 1982 4879 ritui
2011 4835 2221 4890 nostro,
2260 4824 2404 4894 quod
2441 4839 2627 4878 sumus
2650 4821 2744 4877 lilii
2770 4821 2885 4877 Dei.
2919 4823 2974 4877 Si
3006 4832 3187 4879 alitem
3221 4823 3339 4889 lilii,
3374 4833 3429 4876 et

164 4934 317 4988 ματι
348 4915 532 4987 ἡμῶν,
575 4916 659 4970 ὅτι
690 4918 860 4988 ἐσμὲν
890 4918 1058 4972 τέκνα
1085 4918 1222 4971 Θεοῦ
1250 4935 1263 4947 ·
1300 4918 1433 4972 εἰδὲ
1460 4919 1624 4972 τέκνα
1659 4918 1754 4971 καὶ

1856 4916 2098 4970 haeredes
2148 4916 2439 4970 :hzeredes
2460 4915 2677 4985 quidem
2729 4913 2845 4979 Dei,
2888 4916 3197 4970 cohaeredes
3246 4924 3429 4969 autem

159 5006 536 5078 κληρονόμοι·
580 5006 909 5082 κληρονόμοι
950 5009 1052 5079 μὲν
1097 5009 1273 5074 Θεοῦ,
1324 5007 1755 5080 συγκληρονόμοι

1851 5009 2146 5065 Christi“.
2185 5028 2206 5062 ι
2236 5006 2283 5063 0
2324 5010 2593 5078 ingentem
2629 5006 2924 5061 honorem!
2968 5007 3140 5073 Quam
3166 5007 3273 5059 alte
3309 5020 3431 5060 ere-

161 5098 229 5152 δὲ
262 5098 531 5167 Χριστοῦ.
568 5119 588 5153 s
610 5100 786 5155 Βαῦαὶ
813 5100 916 5173 τῆς
939 5101 1141 5173 τιμῆςι
1179 5100 1303 5164 Πῶς
1347 5100 1461 5171 ('58)
1503 5101 1615 5154 ἄνω
1656 5101 1754 5154 ἀν-

1853 5098 2101 5155 xithumi
2131 5099 2471 5168 prostratos!
2509 5095 2710 5153 Eadem
2739 5099 3073 5169 enimopera
3126 5109 3181 5154 et
3218 5094 3430 5152 Juuaeo—

238 5258 291 5290 ³⁷
325 5256 434 5313 isa.
469 5274 511 5318 ι.
540 5257 598 5312 2.
676 5258 720 5289 ³⁸
748 5258 907 5313 Deut.
938 5273 1114 5324 xxx",
1147 5262 1233 5312 18.
1309 5261 1354 5288 ⁸⁹
1376 5271 1535 5310 soon.
1564 5254 1710 5319 ι,12.

1870 5251 2063 5307 Matth.
2090 5252 2252 5321 v,£5.
2329 5253 2369 5285 “
2392 5252 2580 5308 Matth.
2603 5268 2678 5317 vr,
2708 5254 2764 5309 8.
2834 5253 2881 5287 “
2910 5253 3067 5309 Rom.
3092 5269 3207 5318 Vill,
3235 5252 3396 5315 15-17

1287 5391 1519 5449 νΑΗιΔΕ
1559 5390 1949 5447 LECTIONES
1983 5390 2072 5445 ET
2107 5388 2341 5445 NOTAE.

1864 5520 2001 5574 Aliis
2035 5522 2270 5584 medens,
2306 5530 2361 5573 at
2399 5522 2565 5591 ipsius
2600 5524 2859 5577 utsenbus
2886 5535 3115 5578 scatens.

1862 5613 2047 5684 Utitur
2073 5622 2129 5665 et
2149 5610 2443 5684 Gregorius
2469 5612 2776 5684 Theologus
2797 5614 3054 5683 Apologia
3081 5615 3147 5668 de
3164 5632 3262 5669 sua
3279 5615 3426 5684 fuga,

1855 5693 1911 5753 et
1941 5681 2182 5735 Plutare.
2231 5681 2325 5736 lib.
2374 5681 2450 5740 De
2496 5681 2726 5739 utilitaie
2770 5700 2835 5739 ea:
2883 5681 3113 5739 inimicis
3150 5681 3431 5753 capte-sila.

245 5528 363 5602 (36)
398 5529 835 5602 E6voiq_mutaut
871 5529 922 5602 in
964 5529 1175 5602 ευνοίας
1217 5528 1375 5602 ambo
1408 5527 1567 5602 iidem
1594 5523 1755 5578 codd.

162 5610 223 5657 et
256 5596 639 5669 versaiud'e’d,
668 5612 764 5666 pro
788 5597 963 5669 ὁρμὴν
1004 5600 1187 5669 legunt
1225 5597 1424 5668 ὁρμήν.
1466 5596 1679 5669 ifossur.

244 5669 364 5739 (37)
418 5668 772 5727 Proverbialis
812 5667 895 5723 est
922 5667 972 5722 ’e
1026 5667 1208 5725 vetere
1261 5667 1532 5737 ’tragmdia
1600 5678 1755 5720 seua-

200 5750 291 5793 'us
324 5755 341 5792 :

166 5757 392 5885 ξνἿΑλλιων
427 5828 631 5898 ἰατρὸς,
658 5830 819 5894 αὐτὸς
844 5809 1026 5883 ἕλκεσι
1059 5828 1258 5901 βρύων.

1857 5750 2094 5808 Scito".
3214 5750 3222 5753 ’

1932 5822 2045 5892 (38)
2082 5821 2291 5879 ﬂutant
2321 5822 2482 5878 iidem
2514 5823 2629 5887 πῶς
2660 5825 2711 5881 in
2744 5823 2869 5880 ποῦ.
2899 5822 3110 5879 Possm.
3143 5868 3147 5875 .
3228 5882 3231 5885 _

497 5918 772 5986 Panos.
813 5925 929 5986 Ga.
973 5923 1290 5986 LXXVIII.

2998 5917 3071 5979 46
