3982 6420
552 360 689 431 tit-31

1776 357 1841 417 s.
1881 315 2176 416 Isioom
2223 354 2657 415 PELUSIOT/E

3687 361 3806 430 “52

553 486 702 531 rum‘
737 471 1133 545 ignobilitatem
1196 466 1485 539 Apostolus
1541 467 1612 522 ob
1671 464 1860 520 oculos
1918 463 2127 534 ponit:

2241 478 2374 531 γαγε
2407 474 2536 526 τους
2578 462 2755 534 χαμαὶ
2798 463 3131 535 κειμένους;
3171 463 3338 537 Ὁμοῦ
3370 485 3433 522 τε
3464 469 3576 543 γὰρ
3599 472 3690 527 καὶ
3719 478 3806 547 τὴν

554 566 895 624 nobilitatem
923 571 1114 618 contra
1143 559 1600 622 Christianorum,
1633 570 1799 627 quam
1849 554 1999 610 omni
2028 567 2133 622 ope

552 672 772 715 servare
788 657 994 728 justum
1026 653 1213 719 fuerit,
1249 668 1319 708 ne
1345 654 1546 709 honore
1568 649 1886 704 excidentes
1918 647 2138 717 gravius

550 751 902 819 castigemur,
927 753 1116 816 utpote
1143 752 1295 799 tanto
1324 742 1529 813 indigni
1557 741 1783 795 honore.

704 1039 983 1098 CXCVIII.
1022 1070 1093 1081 —
1138 1034 1540 1094 HABPOCRAE
1591 1030 1979 1089 SOPHIS'UE.

2252 554 2524 609 Ἰουδαίων
2548 554 2989 627 μικροπρέπειαν
3016 556 3289 611 δείκνυσιν
3309 563 3338 615 ὁ
3367 561 3711 629 ’Δτώστολος,
3728 570 3808 623 καὶ

2236 644 2337 716 τὴν
2370 644 2715 716 Χριστιανῶν
2774 646 3255 717 μεγαλοπρέπειαν
3280 665 3295 680 ⁸
3349 651 3416 723 ἢν
3450 656 3613 709 παντὶ
3652 658 3809 712 σθένει

2237 742 2438 795 δίκαιοι
2473 741 2540 795 ἂν
2594 743 2788 813 εἴημεν
2833 742 3109 812 φυλάξαι·
3162 745 3250 798 ῖνα
3281 748 3358 819 μὴ
3392 749 3494 818 τῆς
3545 749 3700 817 ἀξίας
3728 753 3809 805 ὲκ-

2241 833 2500 898 πεσόντες
2522 873 2537 898 ,
2569 828 2988 905 ἀργαλεώτερον
3028 835 3407 909 κώασθῶμεν,
3454 839 3531 905 ὡς
3579 843 3709 914 μηδὲ
3753 850 3810 917 τῇ

2237 920 2477 993 τοσαύτῃ
2510 924 2643 993 τιμῇ
2668 921 3080 993 βελτιωθέντες.

2532 1032 2702 1099 Pun.
2731 1061 2805 1074 -
2830 1035 3166 1106 ΑΡΠΟΚΡᾼ
3201 1035 3519 1110 meum.

1733 1125 2004 1197 Graphica
2034 1125 2373 1196 hypotypoais
2418 1124 2659 1180 laudata.

628 1246 695 1304 Ut
728 1259 1054 1318 generosum
1101 1257 1300 1312 equum
1345 1248 1522 1311 pictor
1577 1239 1818 1305 optimus
1860 1237 2005 1293 elata
2046 1236 2136 1292 de-

555 1341 788 1413 pingens
812 1334 1027 1391 cervice
1045 1334 1337 1403 spirantem
1363 1343 1531 1399 prope
1548 1326 1716 1398 619
1743 1334 2135 1395 repraesentare

552 1431 783 1487 studens
808 1436 1013 1483 etcum
1068 1424 1184 1493 ipsa
1235 1436 1487 1493 pugnans
1520 1429 1711 1474 natura
1768 1415 2004 1488 imponit
2030 1415 2133 1484 ipsi

2314 1233 2528 1305 Ὥσπερ
2545 1232 2765 1305 ἄριστος
2793 1233 3088 1304 ζωγράφος
3111 1234 3279 1291 ἵππον
3307 1237 3520 1309 γαῦρον
3536 1242 3633 1295 καὶ
3656 1243 3814 1313 ὑψαύ-

2238 1339 2370 1394 χενα
2434 1323 2701 1392 γράφων,
2755 1324 3039 1393 μονονουχὶ
3090 1323 3332 1394 ἔμπνουν
3391 1328 3558 1382 αὐτὸν
3611 1334 3813 1402 ποιῆσαι

2240 1415 2727 1487 φιλοτιμούμενος,
2774 1417 2868 1469 καὶ
2903 1416 3042 1487 πρὸς
3079 1416 3179 1487 τὴν
3208 1416 3373 1487 φύσιν
3416 1421 3811 1492 ἁμιλλώμενος,

552 1536 676 1577 cum
737 1520 895 1575 freno
945 1517 1318 1589 prudentiam,
1369 1512 1515 1567 sistit
1566 1511 1764 1581 ipsum,
1818 1523 1928 1580 quo
1988 1515 2130 1563 stare

2241 1508 2491 1579 latitius;
2540 1508 2641 1580 μὲν
2691 1507 2845 1579 αὐτῷ
2910 1509 3051 1579 μετά
3105 1510 3201 1563 τοῦ
3267 1513 3492 1582 χαλινοῦ
3554 1517 3809 1587 φρόνημα,

551 1613 667 1669 vult
695 1612 849 1668 loco:
886 1610 963 1664 sic
990 1617 1045 1663 et
1092 1618 1183 1663 tua
1237 1606 1474 1662 eruditio
1522 1618 1623 1660 suo
1680 1615 1935 1659 sermone
1987 1598 2134 1654 clare

554 1703 709 1758 nobis
731 1698 1075 1771 prudentiam
1107 1697 1249 1752 illius
1299 1697 1397 1750 viri
1428 1693 1722 1766 impressit,
1759 1703 1821 1748 ut
1854 1691 2005 1746 illum
2053 1689 2134 1744 vi-

553 1794 679 1849 dere
703 1793 880 1863 potius
905 1805 1071 1861 quam
1105 1789 1319 1844 litteras
1359 1787 1593 1858 scriptas
1632 1785 1820 1856 legens
1857 1783 2132 1839 videatur.

1043 2079 1277 2138 CXCIX.
1296 2110 1366 2119 —
1398 2076 1631 2134 EIDEM.

2239 1600 2420 1671 ἵστησι
2451 1600 2507 1652 δὲ
2551 1599 2716 1656 αὑτὸν
2758 1601 2816 1653 ὲν
2853 1600 3005 1671 αὐτῷ
3038 1601 3118 1672 τῷ
3168 1602 3348 1657 θέλειν
3383 1604 3611 1660 ἑστάναι
3640 1624 3654 1636 ·
3688 1609 3815 1663 οὕτω

2250 1691 2413 1762 καὶὴ
2457 1692 2524 1763 σὴ
2568 1690 2852 1756 παίδευσις
2890 1691 2979 1745 διά
3023 1692 3120 1746 τοῦ
3160 1694 3321 1763 λόγου
3374 1696 3568 1766 σαφῶς
3606 1700 3734 1769 ἡμῖν
3760 1700 3814 1753 τὺ

2254 1781 2510 1854 φρόνημα
2565 1783 2791 1854 τάνδρὸς
2837 1783 3207 1855 ἐνεχάραξεν,
3270 1788 3348 1851 ὡς
3418 1789 3586 1842 αὑτὸν
3627 1791 3815 1844 ἐκεῖνον

2256 1876 2391 1948 ὁρᾷν
2440 1875 2569 1939 τοὺς
2624 1874 3103 1946 ἀναγινώσκοντας
3170 1879 3374 1949 μᾶλλον
3427 1880 3463 1953 ἢ
3529 1881 3597 1936 τὰ
3653 1884 3817 1956 γράμ-

2168 1978 2213 2035 Β
2243 1983 2413 2038 ματα.

2721 2080 2886 2149 Ριτθι.
2920 2110 2994 2123 -
3020 2082 3109 2153 τι]
3140 2082 3348 2154 arra.

763 2180 850 2234 Ea:
884 2178 1030 2235 vultu
1055 2176 1273 2247 conjicit
1302 2176 1365 2230 de
1394 2176 1596 2239 animo,
1636 2171 1840 2227 Zosimi
1866 2171 2075 2242 opinor,
2122 2172 2209 2226 cui
2242 2172 2446 2229 litteras
2491 2176 2809 2231 tradiderat.
2847 2175 3079 2246 (Similis
3116 2179 3273 2247 epist.
3314 2178 3442 2244 156,
3486 2179 3637 2253 199.)

623 2290 993 2359 Simulatque
1038 2294 1142 2341 tuae
1170 2283 1459 2356 probitatis
1506 2282 1717 2339 litteras
1762 2280 1855 2338 ille
1896 2281 2128 2352 accepit,

552 2397 715 2452 quem
753 2380 1037 2436 nominare
1085 2377 1212 2433 nolo
1246 2377 1376 2447 (non
1430 2375 1577 2430 enim
1602 2374 1809 2444 scripto
1843 2373 2131 2427 memoria-

551 2487 658 2542 que
685 2480 770 2526 est
794 2468 1011 2540 dignus)
1057 2466 1420 2538 perniciosum
1476 2466 1607 2536 quid
1637 2481 1705 2520 ac
1763 2465 1905 2521 rictu
1948 2465 2133 2519 minax

552 2562 761 2629 arrisit,
810 2570 871 2616 ut
929 2560 1168 2625 assolet,
1222 2557 1438 2627 quoties
1482 2556 1560 2611 ira
1604 2557 1797 2627 plenus
1848 2555 2128 2625 turgescit.

551 2658 841 2712 Certamen
873 2663 1054 2708 autem
1102 2651 1386 2707 horridum
1433 2663 1724 2721 aggressus
1756 2656 1858 2715 est,
1907 2657 1964 2702 et
1998 2647 2133 2701 forte

551 2745 800 2818 perfecit,
840 2744 947 2800 nisi
976 2745 1089 2813 ipse
1115 2741 1510 2798 ecclesiasticis
1540 2740 1919 2795 sanctionibus
1950 2738 2132 2794 factus

550 2839 624 2895 sit
657 2836 977 2894 certaminis
1003 2835 1244 2891 occasio.

835 2942 942 3001 CC.
960 2974 1031 2986 —-—
1050 2940 1347 3001 OPHELIO
1371 2937 1867 2997 SCHOLASTICO.

2314 2284 2407 2350 Ὠς
2446 2280 2665 2349 ἐδέξατο
2694 2286 2795 2355 τῆς
2829 2283 2928 2355 σῆς
2964 2284 3373 2355 καλοκάγαθίας
3418 2290 3491 2343 τὰ
3522 2290 3813 2364 γράμματα

2233 2377 2465 2441 ἐκεῖνος,
2496 2374 2555 2431 ὃν
2584 2376 2643 2429 οὐ
2673 2375 2935 2447 βούλομαι
2964 2376 3144 2446 λέγειν
3183 2378 3203 2448 (
3226 2378 3307 2451 μὴ
3335 2379 3446 2452 γὰρ
3482 2381 3571 2454 εἴη
3610 2386 3812 2455 γραφῆς

2240 2470 2336 2522 καὶ
2354 2469 2575 2541 μνήμης
2602 2467 2798 2538 ἄξιος),
2828 2468 3071 2541 ὀλέθριον
3098 2471 3197 2541 μέν
3217 2472 3380 2527 τικαὶ
3402 2475 3635 2544 σεσηρὺς
3662 2492 3815 2546 προσ-

2235 2558 2565 2628 εμειδίασεν·
2609 2553 2722 2613 οἷον
2762 2560 2980 2626 εἰώθει,
3011 2562 3194 2615 εἴποτε
3238 2563 3409 2635 ὀργῆς
3451 2566 3808 2638 ἐμπλησθείη·

2236 2650 2399 2706 ἄθλου
2428 2650 2484 2704 δὲ
2520 2651 2697 2722 ἥψατο
2740 2651 3085 2724 φρικώδους,
3126 2655 3224 2707 καὶ
3272 2656 3727 2722 ἀποτελεσθέντος
3750 2660 3809 2713 ἄν

2240 2744 2403 2809 ἴσως,
2433 2745 2483 2797 εἱ
2528 2743 2605 2816 μὴ
2652 2745 2816 2810 αὐτὸς
2854 2745 3071 2816 ἐγένετο
3098 2742 3262 2813 ἆθλος
3291 2748 3404 2821 (40)
3437 2753 3571 2819 ,τοῖς
3624 2753 3809 2824 ἐκκλη-

2240 2836 2541 2897 σιαστικοῖς
2570 2834 2814 2905 θεσμοῖς.

2550 2942 2624 2998 Σο.
2664 2973 2737 2984 -
2780 2943 3026 3017 oculo
3054 2947 3521 3021 ΣΧΟΛΑΣΤΙΚῼ.

971 3033 1173 3090 Contra
1207 3034 1431 3088 nimium
1457 3031 1737 3086 mulierum
1767 3039 2033 3086 ornatum.
2068 3030 2248 3104 (Conf.
2285 3035 2440 3104 epist.
2473 3034 2562 3101 66,
2595 3035 2690 3090 lib.
2736 3052 2822 3102 ιιι,
2851 3046 2902 3092 et
2938 3054 3057 3109 sup.
3093 3041 3251 3109 epist.
3281 3040 3399 3112 25.)

620 3146 849 3203 Miriﬁce
912 3145 1166 3216 equidem
1221 3143 1386 3199 laudo
1434 3153 1675 3198 veterem
1728 3142 2126 3212 Spartanorum

2299 3141 2435 3196 Λίαν
2468 3142 2683 3213 ἄγαμαι
2728 3143 2829 3215 τὴν
2874 3144 3115 3200 παλαιὰν
3149 3148 3581 3219 Λακεδαίμονα,
3606 3156 3812 3223 κοσμεῖ·

548 3237 741 3293 urbem
774 3236 1019 3292 honestis
1071 3235 1339 3290 matronis
1387 3242 1643 3289 ornatum
1686 3232 2134 3297 interdicentem,

547 3344 710 3401 quem
734 3327 932 3384 scortis
971 3327 1308 3398 impurisque
1345 3323 1564 3380 feminis
1602 3324 1776 3395 magis
1815 3323 2133 3391 convenire,

548 3440 670 3494 quae
727 3422 951 3491 laqueos
990 3433 1055 3473 ac
1095 3419 1234 3473 retia
1271 3416 1711 3471 adolescentibus
1761 3414 1973 3469 luxuria
2013 3427 2137 3469 cor-

552 3518 726 3586 ruptis
760 3514 1005 3578 tendant,
1033 3511 1401 3566 existimabat.
1433 3508 1566 3574 Qua:
1599 3505 1746 3560 enim
1795 3518 1920 3559 sese
1959 3515 2121 3558 ornet

549 3612 851 3682 pudicaque
881 3616 1159 3679 appareat,
1184 3614 1381 3660 ornatu
1411 3603 1583 3657 nimio
1614 3600 1863 3656 morbum
1893 3608 2134 3655 ostentat

550 3717 734 3760 suum.
788 3700 943 3767 Quod
1012 3712 1172 3753 sacra
1228 3695 1561 3750 denuntians
1615 3692 1896 3760 Scriptura
1940 3692 2136 3745 suadet

547 3809 658 3850 non
698 3803 754 3848 et
810 3789 1148 3860 margaritis,
1196 3787 1282 3843 vel
1329 3786 1565 3857 pretiosa
1616 3793 1789 3849 veste,
1824 3782 1918 3838 sed
1972 3782 2135 3838 bonis

546 3886 804 3956 operibus
825 3883 1083 3953 pietatem
1117 3879 1361 3935 colentes
1388 3874 1732 3932 exornari“.
1768 3873 1828 3928 ld
1854 3872 1902 3928 si
1937 3886 2035 3943 per
2071 3887 2133 3928 se

549 3976 890 4045 inspiciatur,
919 3973 1062 4038 dico,
1091 3968 1342 4035 monilia,
1369 3967 1605 4037 lapidum
1634 3964 1920 4035 fulgorem,
1962 3973 2019 4019 et
2045 3964 2133 4019 in-

550 4080 732 4131 aures,
771 4081 894 4120 cum
922 4062 1152 4119 deformi
1192 4060 1406 4116 mulieri
1465 4068 1578 4113 tum
1631 4056 1874 4128 pulchrae
1913 4057 2129 4112 obesse.

551 4158 701 4212 Illam
732 4157 878 4213 enim
922 4155 1350 4227 reprehendunt,
1412 4151 1481 4205 ab
1537 4149 1642 4204 hac
1671 4163 1803 4204 vcro
1855 4155 2129 4203 avertunt.

548 4247 979 4319 Beprehendunt
1042 4246 1289 4317 quidem,
1370 4242 1676 4313 turpiorem
1756 4240 2128 4306 ostendendo;

550 4340 830 4396 abducunt
852 4353 984 4395 vero
1007 4352 1036 4393 α
1058 4338 1325 4408 pulchris,
1348 4351 1473 4391 cum
1501 4337 1569 4390 de
1601 4333 1709 4389 illis
1726 4332 1872 4404 loqui
1900 4331 2128 4401 nollent,

550 4433 619 4490 de
657 4441 856 4489 ornatu
886 4431 1057 4489 nimio
1086 4439 1270 4487 tamen
1302 4431 1467 4486 verba
1501 4427 1729 4485 faciunt.

830 4627 964 4685 CCI.
1010 4658 1083 4671 —
1136 4626 1437 4684 ELAPHIO
1489 4626 1847 4685 EPISCOPO.

2238 3234 2361 3289 σθαι
2402 3234 2868 3308 ἀπαγορεύσασαν
2918 3239 3042 3301 ταῖς
3081 3237 3329 3310 σώφροσι
3371 3240 3484 3294 τῶν
3523 3242 3809 3310 γυναικὶνδ

2237 3326 2482 3398 ἑταίραις
2510 3328 2620 3397 γὰρ
2653 3316 2892 3395 πρέπειν
2911 3328 3054 3383 τοῦτ’
3085 3330 3330 3400 ἐνόμισε,
3359 3335 3481 3395 ταῖς
3510 3334 3607 3386 καὶ
3640 3335 3807 3403 πάγας

2234 3420 2330 3472 καὶ
2356 3420 2546 3473 δίκτυα
2584 3422 2679 3475 ἐπὶ
2716 3422 2860 3493 θήρᾳ
2906 3422 3017 3475 τῶν
3059 3422 3375 3478 ἀκολάστων
3410 3424 3549 3478 νέων
3579 3428 3809 3481 ἐπινοού-

2237 3528 2381 3575 σαις.
2426 3512 2493 3565 Ἥ
2520 3512 2630 3583 γὰρ
2663 3513 2865 3584 κοσμία
2898 3515 2992 3567 καὶ
3022 3515 3259 3587 σώφρων
3285 3511 3430 3570 εἶναι
3457 3518 3689 3573 δοκοῦσα
3710 3559 3727 3586 ,
3758 3522 3803 3572 εἰ

2234 3600 2392 3655 τοῦτο
2420 3600 2659 3672 δράσειε,
2692 3601 2792 3673 τὴν
2819 3602 3029 3657 οἰκείαν
3058 3605 3405 3676 ὲκπομπεὺει
3431 3608 3609 3661 νόσον.
3637 3609 3802 3679 Ἀπερ

2235 3692 2693 3763 ἀποκηρύττουσα
2732 3695 2767 3765 ἡ
2815 3694 2936 3747 θεία
2968 3695 3159 3768 Γραφὴ
3188 3700 3483 3769 παραινεῖ,
3524 3701 3600 3770 μὴ
3629 3701 3799 3772 χρυσῷ

2235 3785 2331 3838 καὶ
2362 3787 2767 3858 μαργαρίταις,
2815 3787 2850 3860 ἢ
2893 3789 3086 3860 ἐσθῆτι
3123 3791 3432 3857 πολυτελεῖ,
3480 3795 3597 3848 ἀλλ’
3637 3797 3807 3867 ἔργοις

2235 3874 2464 3943 ἀγαθοῖς
2487 3875 2813 3944 κοσμεῖσθαι
2842 3876 2942 3940 τὰς
2961 3878 3063 3949 τῆς
3087 3878 3400 3946 θεοσεϐείας
3424 3884 3731 3955 ἐφιεμένας.
3754 3887 3810 3938 EI

2232 3965 2291 4019 δὲ
2328 3966 2437 4037 χρὴ
2482 3966 2581 4021 καὶ
2612 3968 2745 4021 αὐτὸ
2782 3968 2844 4022 τὸ
2879 3973 3112 4040 πρᾶγμα
3154 3972 3278 4026 καθ’
3320 3974 3485 4028 ἑαυτὸ
3528 3977 3810 4046 σκοπῆσαι,

2234 4058 2381 4126 φημὶ
2407 4058 2546 4126 (41),
2586 4058 2668 4111 ὅτι
2706 4058 2868 4130 ὅρμοι
2892 4101 2908 4126 ,
2956 4061 3053 4114 καὶ
3096 4062 3267 4129 αὐγαὶ
3312 4063 3501 4131 λίθων,
3540 4068 3637 4120 καὶ
3665 4084 3808 4137 περι-

2230 4147 2459 4220 δέῥραια
2488 4150 2584 4202 καὶ
2620 4152 2740 4215 ταῖς
2772 4151 3075 4217 δυσειδέσι,
3110 4153 3207 4207 καὶ
3251 4157 3376 4219 ταῖς
3419 4158 3565 4226 ἄγαν
3586 4159 3809 4230 «bonist;

2232 4238 2678 4308 ἀντιπράττουσιο
2709 4240 2808 4305 τάς
2832 4241 2932 4312 μὲν
2965 4242 3076 4314 γάρ
3105 4244 3413 4315 ἐλέγχουσι,
3461 4247 3574 4301 τῶν
3622 4250 3679 4303 δὲ
3716 4252 3808 4302 ἁπ-

2231 4331 2448 4399 άγουσιο
2465 4329 2567 4395 τάς
2586 4332 2687 4402 μὲν
2699 4331 2989 4405 ἐλέγχουσι
3003 4374 3018 4399 ,
3042 4336 3305 4401 κακίονας
3325 4339 3771 4411 ὲπιδεικνυμένας
3786 4358 3801 4373 ο

2230 4424 2345 4478 τῶν
2388 4423 2447 4477 δὲ
2490 4425 2817 4495 ἀπάγουσιν.
2866 4426 3156 4499 ’Δφέμενοι
3188 4429 3300 4500 γὰρ
3340 4430 3437 4484 τοῦ
3476 4433 3608 4503 περὶ
3639 4431 3807 4486 αὐτῶν

2161 4491 2207 4548 Ῐ)
2236 4515 2476 4587 φράσαι,
2504 4491 2637 4588 περῖ
2667 4516 2777 4571 τῶν
2803 4491 3048 4591 κοσμίων
3076 4491 3444 4591 διαλέγονται.

2552 4626 2675 4682 ΣΑ’.
2717 4654 2789 4667 -—-
2824 4628 3074 4704 ΕΛΑΦῙῼ
3111 4632 3489 4707 ΕΠῙΣΚΟΠῼ.

550 4735 733 4807 Ofﬁcii
765 4739 848 4792 sui
875 4739 1238 4820 admonendos
1269 4753 1382 4819 esse
1417 4740 1837 4820 concinnatores,
1867 4736 2098 4820 eleganti
2137 4738 2323 4820 suadet
2348 4739 2503 4820 epist.
2547 4755 2771 4820 quorum
2810 4740 3121 4820 prwdicatio
3152 4754 3209 4796 ut
3239 4762 3259 4795 ι
3292 4746 3347 4798 in
3379 4748 3799 4815 persuasibilibts

976 4810 1227 4863 humana:
1257 4809 1534 4877 sapientia:
1555 4809 1745 4877 verbis,
1764 4824 1869 4862 non
1896 4809 1952 4861 in
1990 4809 2285 4863 ostensione
2311 4810 2532 4878 spiritus
2561 4818 2609 4861 et
2644 4809 2876 4865 virtutis.
2918 4829 2938 4863 ι
2983 4810 3035 4881 (1
3066 4810 3191 4869 Cor.
3222 4830 3281 4880 ιι,
3316 4809 3397 4885 4.)

643 4915 953 4973 Vehemens
1014 4917 1229 4973 dicendi
1280 4917 1518 4972 studium
1576 4925 1789 4971 mentes
1844 4915 2127 4971 hominum

547 5009 687 5066 mire
740 5009 842 5065 hoc
909 5008 1108 5064 szeculo
1179 5008 1401 5077 invasit,
1468 5007 1816 5076 Sermonum,
1882 5006 2124 5077 inquam,

2308 4917 2495 4981 Δεινὸς
2524 4916 2698 4984 λόγων
2726 4917 2865 4990 ἔρως
2895 4923 3017 4983 ταῖς
3040 4921 3152 4974 τῶν
3179 4923 3485 4996 ἀνθρώπων
3510 4928 3700 5001 ψυχαῖς
3724 4932 3793 4993 είς

2232 5007 2423 5060 τοῦτον
2456 5007 2548 5062 τὸν
2576 5010 2767 5080 καιρὸν
2800 5011 3128 5083 ἐπεκώμασε
3152 5033 3168 5047 ο
3204 5014 3378 5086 λόγων
3407 5018 3501 5083 δὲ,
3536 5023 3703 5092 φημὶ,
3738 5022 3787 5075 οὐ

546 5101 807 5169 studium,
839 5115 948 5157 non
975 5101 1069 5171 qui
1107 5100 1176 5156 ad
1214 5099 1587 5172 prudentiam,
1623 5098 1717 5155 sed
1753 5100 1819 5153 ad
1867 5098 2118 5168 volupta-

2241 5100 2335 5154 rth
2370 5102 2747 5171 σωφρονίζειν,
2787 5104 2926 5160 ἀλλά
2966 5107 3075 5161 τῶν
3103 5107 3330 5180 τέρπειν
3364 5113 3494 5178 τοὺς
3519 5115 3785 5175 ἀκούοντας

618 5260 665 5293 ⁸³
688 5257 711 5312 ι
733 5258 876 5315 Tim.
913 5272 979 5324 ιι,
1013 5257 1066 5316 9.

1638 5358 1877 5417 ἾΑΒΙᾹΞ
1921 5360 2305 5418 LECTIONES
2342 5362 2432 5419 ET
2470 5366 2702 5427 ΝΟΤᾸΕ.

622 5508 738 5579 (40)
757 5503 983 5572 *Αθλος
1002 5503 1262 5575 ἐγένετο.
1283 5499 1548 5579 suspicor
1566 5500 1676 5579 leg._
1692 5498 1871 5579 θθλος,
1893 5499 2124 5579 ineptire,

2227 5505 2549 5593 EocAlegas,
2593 5508 2645 5565 id
2692 5520 2808 5572 est.
2860 5516 3085 5586 irritus,
3140 5520 3468 5593 abragalus,
3515 5522 3771 5578 abdicatus-

546 5571 755 5634 ne'vox
788 5571 975 5645 denuo,
989 5571 1286 5645 repetatur,
1312 5572 1582 5645 dicatque,
1608 5571 1725 5645 _n_i_si
1755 5571 2123 5645 ecclesiasticis
2227 5571 2468 5632 δαιοτῇ

546 5648 915 5703 sanctionibus
960 5639 1115 5698 ludos
1173 5644 1376 5715 fecerit.
1431 5639 1551 5704 Vel,
1598 5640 1781 5715 ἆθλος,
1827 5640 2122 5715 priva_ndus

546 5718 779 5787 scilicet"
810 5717 981 5786 gradu
1040 5710 1391 5787 presbyterii,
1439 5719 1531 5765 aut
1572 5710 1744 5787 sacris
1762 5711 2055 5787 arcendus
2100 5728 2115 5766 :

548 5796 607 5840 ut
634 5788 702 5842 de
744 5778 960 5843 Zo'situo
986 5778 1071 5855 ep.
1105 5784 1171 5844 l2
1205 5778 1264 5841 ct
1292 5782 1419 5851 569,
1446 5797 1570 5853 pag.
1594 5780 1720 5835 285.
1755 5778 1894 5847 Quid
1922 5781 1964 5835 si
1992 5778 2115 5834 ἄθε-

2296 5626 2547 5724 (ίίγριό
2592 5654 2735 5725 φημὶ
2777 5626 2932 5713 codd.
2982 5659 3100 5715 Vat.
3147 5660 3255 5716 650
3291 5672 3347 5718 et
3396 5663 3508 5719 Alt.
3555 5662 3762 5719 scribunt

2222 5716 2461 5790 φήσαιμί
2493 5731 2547 5777 et
2575 5716 2720 5781 vers.
2751 5741 2867 5798 seq.
2911 5745 3011 5802 pro
3038 5730 3272 5804 ὡραίας,
3300 5716 3759 5805 ὧραᾶιςξῇοεςιιε.
