3982 6420
196 375 337 445 1ί53

1132 376 1670 442 EPISTOLARUM
1708 377 1857 442 LIB.
1897 382 1968 443 V.
2006 404 2077 418 -
2113 378 2353 441 EPIST.
2390 377 2562 438 CCII.

3317 376 3452 443 145's

188 485 529 559 δυναμένων,
573 483 636 538 οὐ
664 484 1080 555 πνευματικῶν,
1126 484 1266 540 ἀλλά
1295 487 1647 557 σοφιστικῶν
1673 487 1775 543 οὐκ

1893 497 1990 543 tem
2039 486 2571 556 delectationemque
2619 481 2963 540 auditoribus
3025 483 3453 556 ingenerandam

183 577 597 643 ἀποστολικῶν,
633 577 773 632 ἀλλὰ
810 577 1251 648 Δημοσθενικῶν
1286 580 1349 633 οὐ
1393 580 1771 651 προφητικῶν,

182 670 303 723 ἀλλ’
331 667 645 741 ἐριστικῶν
676 666 739 721 οὐ
763 666 873 721 τῶν
898 666 999 739 τὴν
1034 666 1214 738 ψυχὴν
1247 668 1515 739 εὐφρᾶναι
1542 667 1774 739 δυναμέ-

182 779 318 827 νων,
343 761 484 815 ἁλλὰ
510 760 620 813 τῶν
645 760 745 831 τὴν
790 758 962 829 ἀκοὴν
994 758 1209 828 θέλγειν
1238 759 1528 814 εἰωθότων
1560 760 1623 813 οὐ
1662 759 1775 814 τῶν

183 851 279 905 διὰ
311 851 411 905 τοῦ
442 849 769 921 ἐμπνεῖσθαι
818 851 923 903 ὑπὸ
948 848 1058 903 τῶν
1100 849 1354 921 πράξεων
1386 850 1482 903 τοῦ
1521 850 1774 918 λέγοντος

184 944 431 1017 ζώντων,
463 942 600 996 ἀλλὰ
629 942 738 996 τῶν
767 941 856 995 διὰ
888 940 987 1013 τὴν
1019 942 1354 1011 εὐγλωττίαν
1383 943 1465 1007 εἰς
1493 943 1665 1007 ἀκοάς
1690 961 1775 999 νε-

186 1036 329 1105 κρὰς
348 1032 748 1105 ὲνηχουμένων.
780 1031 845 1084 Τί
871 1026 964 1085 οὖν
986 1032 1277 1102 ποιητέον;
1320 1033 1645 1104 σιωπητέον,
1678 1032 1775 1085 καὶ

181 1125 345 1179 οὐδὲν
399 1123 655 1189 λεκτέον;
716 1121 832 1177 ἀλλ’
885 1120 1249 1177 ἐπικίνδυνον.
1320 1122 1484 1175 Ἀλλὰ
1539 1121 1771 1193 ρητὲονς

178 1217 301 1270 ἀλλ’
340 1216 442 1269 οὐκ
469 1215 550 1277 είς
588 1214 859 1284 ὠφέλειαν
898 1215 927 1267 6
968 1213 1127 1282 λόγος
1160 1212 1465 1282 καὶ-ἔργων
1492 1212 1772 1281 ἐπίδειξιν,

178 1310 302 1363 ἀλλ’
351 1310 432 1372 είς
484 1308 681 1379 κρότον
716 1306 881 1377 μόνον
928 1306 1199 1376 τελευτᾷο
1232 1304 1348 1359 ἀλλ’
1394 1304 1442 1357 εί
1489 1305 1585 1358 καὶ
1631 1302 1776 1357 οὕτω

179 1399 361 1454 ταῦτα
391 1399 504 1471 ἔχει
525 1439 541 1465 ,
568 1399 811 1469 ἄμεινον,
842 1398 918 1462 ὡς
942 1394 1119 1469 οἶμαι,
1151 1397 1377 1451 εἰπόντα
1404 1396 1479 1469 μὴ
1505 1394 1775 1467 ἀκουσθῆ-

178 1509 305 1556 ναι,
343 1492 380 1563 ἦ
420 1493 496 1563 μὴ
545 1491 769 1545 εἰπόντα
808 1489 1174 1561 ἐγκληθῆναιδ
1216 1508 1235 1542 t
1283 1489 1439 1543 Διατί
1491 1488 1552 1542 τὸ
1602 1486 1777 1559 ἀργύ-

182 1584 305 1654 ριόν
336 1602 443 1655 μου
480 1584 541 1636 οὐ
591 1581 895 1645 κατέϐαλες
937 1582 1032 1635 ἐπὶ
1061 1581 1187 1646 τοὺς
1225 1577 1582 1652 τραπεζίτας,
1622 1575 1779 1647 κάγὼ

182 1677 362 1730 ἐλθὼν
393 1675 654 1748 ἀπῄτησα
671 1676 736 1730 ἂν
756 1674 889 1729 αὐτὸ
915 1675 1012 1729 σὺν
1035 1673 1115 1745 τῷ
1150 1674 1295 1744 τόκῳ
1318 1688 1333 1737 ;
1358 1692 1377 1724 ι
1406 1672 1630 1741 Λεγέτω
1665 1688 1779 1725 τοι-

180 1766 399 1838 γαροῦν
427 1769 457 1820 6
486 1765 806 1837 δυνάμενος,
856 1765 944 1819 ἵνα
973 1764 1112 1836 πρὸς
1144 1764 1271 1828 τοὺς
1306 1761 1604 1827 ἀκούοντας
1699 1761 1779 1833 τῷ

182 1862 353 1932 κριτῇ
387 1859 417 1912 ό
446 1857 625 1928 λόγος.

602 2060 719 2116 se.
746 2090 817 2100 —
859 2057 1368 2130 ΟΛΥΜΠΙΟΔΩΡῼ.

1879 578 2101 635 valent:
2159 594 2265 633 non
2299 578 2367 632 de
2398 576 2561 632 rebus
2600 573 2969 645 spiritualibus
3014 575 3207 639 habiti,
3253 578 3347 633 sed
3389 579 3461 634 de

1875 670 2192 737 fallacibus;
2244 684 2352 723 non
2393 667 2461 723 de
2487 666 2823 735 apostolicis,
2859 666 2953 720 sed
2985 665 3454 732 Demostheuicis;

1878 778 1984 817 non
2032 760 2390 832 propheticis,
2450 760 2547 813 sed
2612 758 2999 822 eontentiosis;
3066 774 3170 814 non
3232 759 3299 813 de
3337 763 3457 815 ani-

1882 868 2029 907 mum
2108 850 2584 913 exhilarantihus,
2656 851 2750 903 sed
2808 850 3052 905 auditum
3144 849 3458 906 demulcere

1877 944 2085 1011 solitis;
2139 957 2245 998 non
2293 943 2383 1013 qui
2437 942 2613 997 vivida
2665 942 2894 997 dicentis
2951 956 3115 1011 opera
3169 942 3455 1012 inSpirant,

1876 1035 1971 1090 sed
2039 1035 2134 1105 qui
2192 1044 2416 1106 propter
2471 1032 2839 1103 eloquentiam
2910 1033 3057 1088 nudo
3114 1047 3180 1087 ac
3246 1044 3461 1089 mortuo

1878 1127 2067 1181 auditu
2110 1127 2476 1197 excipiuntur.
2511 1125 2654 1192 Quid
2686 1126 2850 1195 igitur
2888 1123 3237 1180 faciendum?
3268 1134 3461 1181 tacen-

1879 1217 2117 1273 dutnnel
2143 1219 2235 1274 sed
2264 1218 2366 1273 hoc
2389 1216 2750 1287 periculosum
2781 1226 2884 1271 est.
2920 1216 3002 1271 An
3058 1231 3190 1283 ergo
3236 1200 3471 1287 loquen-b

1881 1308 2044 1363 dum?
2087 1316 2144 1363 at.
2165 1308 2218 1363 id
2251 1308 2396 1379 quod
2416 1307 2636 1371 dicitur,
2672 1307 2838 1379 620
2879 1321 3056 1377 neque
3103 1306 3337 1362 fructum
3363 1322 3465 1363 nec

1880 1415 2104 1471 operum
2171 1400 2425 1456 effectum
2475 1400 2722 1465 sortitur,
2774 1404 2867 1454 sed
2925 1400 2976 1453 in
3024 1400 3273 1469 plausum
3321 1400 3457 1456 abit.

1882 1491 1988 1548 Sed
2020 1492 2122 1547 etsi
2158 1492 2230 1546 ita
2282 1506 2371 1547 res
2402 1492 2590 1557 habet,
2642 1492 2925 1547 dicendum
2959 1492 3311 1547 nihilominus
3352 1502 3458 1557 est,
3514 1527 3519 1533 -

1881 1593 2230 1655 praestatque,
2261 1593 2317 1639 ut
2348 1584 2563 1654 Opinor,
2601 1584 2874 1638 dicentem
2924 1599 3030 1637 non
3056 1583 3259 1647 audiri,
3298 1597 3462 1653 quam

1884 1689 1989 1729 non
2017 1674 2287 1729 dicentem
2338 1688 2368 1727 a
2400 1673 2629 1728 Domino
2655 1673 2973 1740 reprehendi
3011 1691 3025 1728 :
3067 1692 3086 1723 ι
3123 1672 3302 1740 Quare
3356 1686 3465 1726 non

1885 1764 2077 1820 dedisti
2111 1764 2394 1835 pecuniam
2425 1778 2599 1818 meam
2630 1765 2696 1817 ad
2727 1780 2995 1831 mensam,
3024 1773 3079 1819 et
3105 1779 3203 1834 ego
3242 1763 3466 1818 veniens

1808 1860 1852 1920 Β
1881 1857 1947 1910 ad
1977 1871 2196 1912 usuram
2227 1857 2529 1926 exegissem
2561 1855 2710 1911 illam
2731 1849 2804 1904 “3
2839 1875 2858 1907 ι
2910 1853 3136 1911 Peroret
3182 1856 3350 1925 igitur
3373 1854 3468 1925 qui

1892 1958 2090 2018 potest,
2121 1964 2187 2004 ne
2217 1948 2283 2002 ad
2319 1948 2597 2003 auditores
2620 1947 2873 2015 sitjudici
2899 1961 3098 2002 sermo.

2247 2056 2403 2115 CCII.
2458 2089 2530 2101 -ι
2589 2057 3105 2117 OLYMPIODORO.

186 2172 556 2244 Xenophontis
578 2172 641 2227 de
675 2169 896 2227 Socrate
916 2169 1124 2241 judicio
1150 2180 1202 2225 et
1230 2168 1466 2239 exemplo
1491 2168 1846 2293 hortattur,.ut
1874 2173 2077 2297 gizeria
2099 2174 2283 2229 otiosis
2309 2182 2359 2229 et
2380 2174 2630 2229 inanibus
2664 2174 3189 2245 contemplationibus
3216 2186 3470 2231 virtutum

1566 2257 1628 2294 ac
1658 2258 1770 2296 tont
1800 2258 1856 2297 se
1922 2261 1949 2297 e
1989 2256 2065 2297 at.

1566 2256 1770 2296 acuant
1800 2258 1856 2297 88
1884 2256 2065 2299 dedat.

271 2351 614 2422 Ἀφέμενος,
655 2343 701 2404 ὧ
752 2348 923 2420 σοφὲ,
971 2347 1082 2402 τῶν
1130 2346 1640 2420 μεταρσιολεσχῶν,
1688 2349 1785 2402 καὶ

185 2439 737 2514 μετεωροσοφιστῶν,
778 2440 873 2493 καὶ
914 2437 1237 2509 λεξιθήρων,
1272 2438 1384 2491 τῶν
1413 2437 1579 2491 πλέον
1607 2438 1784 2507 λόγων

183 2537 430 2607 ἑχόντων
482 2532 673 2602 μηδὲν,
720 2531 800 2594 εἰς
850 2530 950 2602 τὴν
992 2528 1301 2601 πρακτικὴν
1334 2529 1537 2602 ἀρετὴν
1585 2528 1784 2583 σαυτὸν

187 2629 497 2689 σύντεινον,
528 2624 628 2696 τὴν
675 2622 982 2695 μακαρίους
1011 2621 1423 2690 ἀποφαίνουσαν
1469 2622 1597 2685 τοὺς
1647 2622 1782 2693 ερα-

190 2719 365 2782 στάςο
416 2719 466 2771 εἰ
519 2716 577 2770 δὲ
627 2716 730 2769 οἴει
775 2717 894 2778 ταῖς
937 2714 1047 2768 τῶν
1096 2713 1339 2784 ἀρχαίων
1390 2712 1639 2784 γνώμαις
1708 2711 1786 2766 δί-

188 2828 357 2863 καιον
411 2803 553 2863 εἶναι
620 2806 822 2878 μᾶλλον
864 2805 1200 2868 ἀκολουθεῖν,
1223 2805 1348 2868 τοὺς
1404 2804 1600 2866 ἄλλους
1650 2804 1787 2869 τέως

190 2902 426 2973 παρεὶς,
465 2899 630 2956 αὑτὸν
672 2899 764 2953 τὸν
801 2899 932 2967 παρ’
963 2896 1142 2951 αὐτῶν
1188 2897 1502 2967 σοφώτατον
1531 2896 1789 2950 ἁπάντων

191 2992 511 3066 ἀνθρώπων
576 2990 1007 3062 κηρυττόμενον,
1057 2989 1334 3059 ἐγγυητὴν
1389 2988 1497 3043 τῶν
1547 2987 1785 3059 ἐμαυτοῦ

199 3089 383 3156 λόγων
434 3084 762 3157 παρέξομαι.
797 3082 863 3136 Τί
903 3080 997 3137 οὖν
1030 3099 1164 3152 φησι
1217 3080 1469 3150 Ξενοφῶν
1526 3079 1656 3151 περὶ
1686 3078 1779 3132 αὑ-

196 3177 304 3234 τοῦ
349 3177 502 3249 (42);
547 3194 570 3228 ι
601 3175 791 3239 Οὐδεὶς
826 3173 1048 3228 πώποτε
1089 3173 1412 3244 Σωκράτους
1469 3171 1620 3225 οὐδὲν
1660 3171 1790 3225 ἀσε-

198 3269 328 3334 δὶς,
392 3267 545 3321 οὐδὲν
599 3265 836 3330 ἀνόσιον,
892 3262 1018 3317 οὔτε
1069 3262 1401 3335 πράττοντος
1450 3256 1611 3325 εἶδεν,
1664 3259 1789 3313 οὕτε

198 3362 465 3432 λέγοντος
509 3359 765 3430 ἤκουσεν.
818 3355 955 3410 Οὐδὲ
1001 3356 1109 3427 γάρ
1162 3355 1291 3426 περὶ
1346 3355 1445 3425 τῆς
1492 3352 1603 3407 τῶν
1655 3353 1794 3407 πάν-

201 3471 321 3507 των
354 3451 590 3521 φύσεως,
622 3450 767 3518 άπερ
790 3447 901 3501 τῶν
927 3447 1101 3500 ἄλλων
1127 3447 1178 3500 οἱ
1201 3446 1442 3501 πλεῖστοι
1465 3444 1792 3514 διελέγοντο,

205 3544 439 3601 σκοπῶν
461 3544 611 3607 ὅπως
630 3542 662 3596 6
681 3541 848 3596 καλού
857 3557 1016 3612 μενος
1042 3539 1147 3593 ὑπὸ
1160 3538 1270 3593 τῶν
1292 3539 1562 3609 σοφιστῶν
1590 3538 1795 3609 κόσμος

203 3640 351 3711 ἔχει,
381 3638 479 3693 καὶ⁵
503 3637 648 3691 τίσιν
696 3636 966 3705 ἀνάγκαις
991 3635 1200 3688 ἕκαστα
1233 3633 1446 3703 γίνεται
1477 3632 1586 3687 τῶν
1622 3633 1793 3704 οὐρα-

206 3733 374 3797 νίων,
405 3729 541 3784 ἀλλὰ
571 3729 669 3784 καὶ
699 3727 826 3791 τοὺς
859 3726 1241 3799 φροντίζοντας
1272 3727 1531 3791 τοιαῦτα,
1585 3723 1795 3797 μωραί-

200 3839 407 3886 νοντας
430 3820 763 3875 ὲπεδείκνυε.
796 3820 905 3874 Καὶ
934 3817 1151 3890 πρῶτον
1185 3818 1302 3889 μετ’
1333 3816 1515 3871 αὐτῶν
1545 3815 1791 3883 ἐσκόπει,

209 3916 453 3987 πότερόν
495 3929 625 3967 ποτε
670 3912 992 3983 νομίσαντες
1039 3911 1243 3975 ἱκανῶς
1296 3911 1399 3981 ήδη
1446 3907 1795 3979 τάνθρώπινα

204 4008 446 4073 ειδέναι,
475 4007 726 4079 ἔρχονται
766 4004 861 4058 ἐπὶ
894 4004 960 4057 τὸ
999 4002 1260 4056 τοιούτων
1296 3998 1624 4073 φροντίζειν
1652 3998 1688 4070 ἢ
1726 3998 1797 4052 τὰ

208 4099 320 4170 μὲν
339 4096 660 4170 ἀνθρώπινα
687 4096 977 4167 παρέντες,
1000 4095 1069 4147 τά
1094 4092 1351 4164 δαιμόνια
1377 4092 1437 4146 δὲ
1464 4090 1795 4153 σκοποῦντες

204 4190 477 4263 ἡγοῦνται
506 4188 573 4243 τὰ
605 4188 956 4259 προσήκοντα
981 4184 1245 4257 πράττειν
1263 4200 1279 4215 ·
1314 4183 1592 4254 ἐθαύμαζε
1622 4182 1679 4236 δὲ
1699 4224 1714 4249 ,
1746 4184 1794 4235 εἰ

208 4285 297 4355 μὴ
320 4282 556 4353 φανερόν
601 4283 751 4335 ἐστιν
785 4280 1002 4343 αὐτοῖς,
1037 4280 1120 4333 ὃτι
1148 4277 1326 4333 ταῦτα
1353 4278 1414 4331 οὐ
1448 4277 1675 4331 δυνατὸν
1699 4279 1795 4330 ἀν-

1960 2352 2220 2421 Omissis,
2259 2369 2293 2410 o
2320 2355 2562 2425 sapiens,
2618 2354 2832 2409 sublimi
2873 2355 3173 2424 loquentia,
3226 2367 3469 2412 meteoro

1891 2447 2215 2516 sophistica,
2262 2460 2325 2501 ac
2350 2446 2642 2501 verborum
2675 2444 3049 2515 inquisitione,
3094 2461 3215 2516 quae
3268 2452 3461 2511 verba,

1884 2549 2154 2611 praeterea
2209 2540 2384 2607 nihil,
2443 2539 2717 2605 continet,
2752 2540 3017 2594 contende
3055 2554 3161 2608 qua
3194 2550 3348 2609 potes
3403 2538 3472 2592 ad

1891 2632 2171 2697 virtutem,
2197 2631 2393 2702 quaain
2419 2632 2633 2685 actione
2666 2639 2749 2685 est
2779 2628 2976 2700 posita,
3010 2644 3076 2683 ac
3107 2629 3189 2684 sui
3224 2638 3473 2684 amantes

1890 2723 2082 2778 beatos
2112 2723 2311 2779 reddit.
2344 2722 2415 2775 At
2431 2722 2475 2776 si
2521 2733 2770 2776 veterum
2807 2721 2986 2788 patina
3015 2720 3303 2775 sententiis
3349 2720 3473 2774 duci

1892 2814 2122 2882 placeat,
2155 2828 2276 2867 cum
2310 2812 2432 2866 aliis
2461 2811 2724 2866 hactenus
2759 2811 3072 2876 adl'tzcseris,
3126 2826 3273 2874 eum,
3311 2827 3473 2879 quem

1895 2904 2207 2959 mortalium
2240 2903 2485 2957 omnium
2520 2901 2984 2971 sapientissimum
3009 2899 3109 2970 ipsi
3148 2899 3475 2969 pronuntia-

1896 3003 2042 3061 runt,
2096 3005 2377 3050 auctorem
2449 2994 2554 3048 mei
2602 2994 2763 3063 hujus
2819 2992 2947 3046 dieli
2996 2993 3180 3044 laudo.
3233 2992 3308 3045 De
3367 3006 3476 3062 quo

1894 3087 2061 3157 quid,
2101 3101 2307 3157 quaeso,
2362 3070 2663 3156 Xenophon
2714 3085 2912 3140 refert?
2963 3103 2983 3136 ι
3034 3081 3227 3151 Nemo,
3279 3084 3476 3155 inquit,

1820 3200 1862 3255 ρ
1899 3182 2183 3234 Socratem
2235 3178 2459 3247 impitnn
2499 3178 2628 3246 quid
2691 3185 2784 3231 aut
2843 3174 3135 3231 nefandum
3188 3176 3479 3243 designare

1900 3268 2053 3329 vidit,
2114 3276 2208 3322 aut
2264 3268 2452 3321 dicere
2513 3266 2739 3320 audivit.
2793 3263 2907 3320 Nec
2968 3267 3113 3320 enim
3169 3265 3235 3320 de
3295 3281 3477 3320 rerum

1897 3362 2141 3414 onmium
2177 3369 2372 3413 natura
2416 3359 2495 3413 sic
2544 3357 2870 3424 disserebat,
2928 3357 3005 3413 uti
3045 3358 3355 3426 complures
3384 3357 3477 3412 alii

1899 3452 2201 3522 philosophi
2256 3467 2271 3505 :
2313 3450 2570 3505 nimirum
2627 3450 3004 3514 considerans,
3057 3465 3165 3518 quo
3227 3458 3387 3516 pacto
3434 3450 3481 3503 is

1900 3544 1991 3613 qui
2028 3560 2056 3597 a
2094 3542 2498 3612 professoribus
2550 3541 2835 3611 sapientiae
2882 3542 3114 3595 mundus
3156 3540 3482 3610 appellatur,

1900 3646 2055 3692 ortus
2080 3637 2174 3700 sit,
2200 3636 2510 3706 quibusque
2541 3634 2607 3689 de
2651 3634 2832 3689 causis
2876 3633 3206 3688 necessariis
3254 3634 3484 3702 singula:

1902 3741 1991 3783 res
2023 3726 2273 3782 caelestes
2294 3722 2581 3780 ﬁant.hno
2616 3738 2731 3790 eos,
2768 3723 2859 3792 qui
2903 3723 2988 3776 his
3030 3720 3192 3775 rebus
3242 3734 3480 3790 occupa-

1903 3829 2113 3884 rentur,
2132 3818 2309 3873 fatuos
2339 3833 2462 3872 esse
2477 3816 2912 3873 demonstrabat.
2944 3814 3022 3870 Ac
3054 3814 3289 3884 primum
3314 3814 3382 3867 de
3414 3812 3483 3867 iis

1903 3913 2007 3967 hoc
2057 3909 2464 3970 considerabat,
2508 3923 2577 3962 an
2629 3907 2773 3977 quod
2818 3906 2926 3961 rati
2974 3920 3033 3960 se
3092 3904 3328 3959 humana
3367 3901 3482 3971 jam

1901 4004 2036 4061 satis
2072 4002 2381 4072 intelligere
2435 3999 2502 4054 ad
2554 4013 2618 4054 ea
2659 3999 2941 4054 tractanda
3001 3996 3345 4059 accederent,
3408 4008 3479 4048 an

1905 4095 2108 4150 relictis
2190 4092 2353 4146 rebus
2429 4088 2683 4144 humanis
2737 4087 2950 4142 divinas
3020 4084 3479 4153 contemplantes,

1901 4200 2021 4254 quae
2052 4183 2133 4239 sui
2171 4190 2356 4237 essent
2378 4179 2563 4241 ollicii,
2614 4191 2675 4231 se
2725 4174 2907 4231 facere
2936 4181 3215 4243 putarent.
3246 4172 3482 4226 Miraba-

1907 4288 1996 4329 tur
2018 4275 2182 4328 etiam
2231 4288 2336 4327 non
2381 4285 2476 4325 eos
2511 4268 2817 4324 clarissime
2860 4266 3191 4336 perspicere,
3229 4263 3477 4318 homines

206 4353 459 4444 θρώποις
484 4372 684 4443 εὑρεῖν.
723 4371 878 4425 Ἐπεὶ
905 4371 998 4424 καὶ
1019 4370 1147 4433 τοὺς
1180 4369 1440 4441 μέγιστον
1461 4366 1786 4439 φρονοῦντας

1896 4366 2015 4422 haec
2032 4364 2277 4420 invenire
2294 4377 2397 4415 non
2431 4374 2609 4429 posse.
2635 4356 2746 4412 Nec
2760 4356 2903 4411 enim
2926 4371 3037 4421 eos,
3063 4355 3153 4425 qui
3186 4353 3477 4425 plurimum

208 4466 310 4519 ἐπὶ
348 4464 428 4534 τῷ
465 4465 598 4536 περὶ
632 4463 840 4517 τούτων
887 4463 1093 4532 λέγειν,
1142 4463 1204 4517 οὐ
1246 4461 1317 4515 τὰ
1361 4461 1502 4515 αὐτὰ
1549 4459 1786 4527 δοξάζειν

1902 4463 2159 4527 arrogant
2190 4453 2313 4516 sibi,
2344 4451 2487 4521 quod
2510 4450 2577 4504 de
2611 4450 2698 4505 his
2726 4449 2999 4503 disserere
3024 4446 3227 4510 norint,
3257 4445 3480 4501 easdem

208 4555 506 4627 ἀλλήλοις,
541 4553 677 4608 ἀλλὰ
724 4555 836 4618 τοῖς
882 4552 1233 4625 μαινομένοις
1268 4551 1471 4622 ὁμοίως
1494 4549 1786 4606 διακεῖσθαι

1908 4549 2048 4601 inter
2089 4558 2151 4600 se
2203 4543 2489 4614 opiniones
2533 4540 2739 4605 fovere,
2797 4540 2893 4593 sed
2930 4539 3261 4592 furiosorum
3302 4537 3480 4590 instar

210 4625 359 4717 πρὸς
401 4643 688 4715 ἀλλήλους.
723 4662 741 4695 ι
776 4641 963 4697 Ταῦτα
993 4643 1091 4715 μὲν
1132 4637 1228 4696 οὖν
1255 4640 1503 4710 Ξενοφῶν
1530 4639 1769 4713 ἔγραψεν

1906 4638 2047 4691 inter
2070 4649 2130 4689 se
2155 4641 2498 4701 comparatos
2526 4644 2701 4685 esse.»
2726 4629 2793 4683 Et
2820 4629 2934 4683 haec
2946 4628 3161 4698 quidem
3177 4625 3478 4696 Xenophon

210 4716 310 4793 καὶ
351 4736 580 4790 Πλάτων
599 4735 658 4789 δὲ
683 4738 713 4789 6
739 4735 849 4789 τῶν
874 4734 1051 4789 ἄλλων
1071 4734 1329 4788 ἁπάντων
1350 4732 1786 4803 ὲλλογιμὼτεροςη

1904 4728 2109 4797 scripta
2162 4723 2403 4795 reliquit.
2454 4721 2609 4777 Plato
2663 4734 2882 4791 quoque
2944 4718 3164 4774 czeteris
3222 4716 3476 4772 omnibus

211 4828 314 4882 καὶ
342 4826 583 4895 μάλιστα
616 4825 835 4880 πάντων
868 4827 958 4880 τὸν
982 4825 1279 4898 Σωκράτην
1309 4823 1672 4894 ἐπιστάμενος
1690 4864 1704 4887 ,
1735 4822 1786 4875 τὲ

1908 4819 2086 4885 magis
2159 4816 2394 4872 disertus
2458 4816 2511 4869 in
2573 4814 2827 4868 omnibus
2880 4827 3019 4881 pene
3074 4810 3304 4881 dialogis
3339 4809 3483 4864 idem

210 4920 359 4973 αὐτὰ
391 4916 469 4988 τῷ
510 4916 815 4986 Ξενοφῶντι
852 4916 942 4971 διὰ
983 4918 1200 4972 πάντων
1238 4915 1431 4969 ἑαυτοῦ
1461 4914 1650 4985 σχεδὸν
1692 4914 1786 4966 τῶι

1911 4910 2150 4966 tradidit.
2172 4908 2339 4979 Igitur
2375 4906 2419 4961 si
2463 4898 2571 4960 iste
2614 4904 2696 4961 vel
2743 4905 2815 4959 illi
2854 4905 3037 4974 potius
3078 4913 3133 4959 et
3178 4909 3486 4959 statuerunt

208 5011 485 5079 διαλόγων
527 5009 952 5064 κατεσκεύασεν.
980 5010 1043 5063 Ei
1068 5011 1247 5063 τοίνυν
1276 5010 1530 5079 κάκεῖνος
1550 5049 1565 5073 ,
1603 5006 1786 5078 μᾶλλοι

1909 5010 1965 5055 et
2012 5001 2303 5065 dixerunt,
2352 4997 2800 5067 scripseruntque
2865 4996 3121 5050 virtutem
3174 4994 3226 5047 in
3269 4993 3484 5046 actione

209 5104 271 5157 δὲ
304 5076 567 5167 κάκεῖνοι,
594 5101 690 5156 καὶ
705 5101 1053 5174 ἐπετήδευον,
1072 5102 1165 5156 καὶ
1192 5076 1399 5171 ἔλεγον,
1418 5100 1513 5153 καὶ
1539 5076 1786 5171 ἔγραφον,

1911 5094 2140 5165 positam
2174 5092 2530 5149 exercendam
2573 5103 2715 5146 esse.
2743 5087 2860 5158 Ipsa
2883 5088 3027 5142 enim
3057 5132 3070 5153 ,
3101 5096 3159 5141 ιιι
3195 5094 3248 5139 et
3270 5081 3485 5139 Plutoni

284 5258 339 5289 “
368 5256 561 5312 Malib.
584 5273 710 5323 xxv,
733 5257 825 5310 27.

1331 5364 1566 5421 VARIxE
1608 5361 1993 5419 LECTIONES
2032 5360 2119 5415 ET
2150 5359 2379 5415 NOT/E.

298 5529 417 5603 (ιὲ)
601 5526 676 5582 De
706 5526 860 5603 dictis
901 5534 951 5579 et
996 5522 1151 5603 [actis
1203 5521 1464 5603 socratis,
1516 5521 1634 5603 init.
1665 5519 1805 5603 Tra-

221 5592 361 5659 didit
386 5592 440 5653 et
462 5598 655 5653 Cicero
686 5599 752 5651 de
783 5596 937 5651 Socr.
978 5592 1372 5663 philosophiam
1400 5606 1431 5644 e
1457 5592 1594 5644 C(elt)
1623 5592 1808 5663 inter—

221 5690 320 5729 ras
363 5672 660 5737 domosque
704 5659 1005 5737 revocasse.
1053 5659 1266 5718 Tt'trcul.
1292 5662 1417 5737 __lih.
1461 5677 1514 5737 v_,
1556 5661 1803 5737 Academ.

222 5745 322 5798 lib.
362 5757 405 5803 ι,
431 5750 487 5794 et
524 5754 539 5792 ι
573 5731 671 5792 lib.
708 5736 784 5791 De
834 5749 947 5790 nat.
1004 5737 1243 5787 deorum.
1292 5731 1667 5803 Xenophontis
1711 5745 1808 5803 au-

223 5825 337 5869 tem
365 5799 423 5867 et
453 5807 713 5872 Plan-sis,
759 5806 997 5863 Socratis
1026 5804 1355 5868 auditorum,
1391 5816 1460 5857 an
1505 5801 1682 5866 aliqua
1732 5799 1809 5852 si-

1903 5520 2102 5571 multas
2137 5515 2317 5576 fncrit,
2355 5514 2596 5583 disputat
2625 5510 2865 5583 Agellitts
2896 5510 2967 5563 lib
3004 5506 3485 5583 xtv_iVocl._5itt_ic..

1905 5604 2023 5654 cap.
2056 5589 2126 5652 ὃς
2162 5586 2255 5639 sed
2286 5575 2480 5637 refellit
2516 5582 2591 5654 AM.
2623 5575 2750 5635 Aut.
2785 5580 3038 5654 biurelus
3084 5579 3173 5654 lib.
3206 5593 3233 5628 ν
3261 5575 3488 5654 ’ναι-ἕατ’.

1905 5650 2048 5722 lect,
2076 5650 2197 5724 cap.
2238 5654 2325 5721 Μ,
2366 5663 2419 5706 ut
2445 5652 2736 5724 Athenaeus
2785 5650 2879 5724 lib.
2915 5650 3201 5703 undecimo
3244 5650 3486 5700 Δειπνο·

1907 5721 2049 5796 σοςρ.
2081 5721 2411 5781 οιῖιηοηίυε
2446 5723 2497 5777 in
2527 5722 2771 5776 Platone.
2802 5721 3039 5775 Sc'torr.

2495 5900 2525 5907 .-
