3982 6420
517 369 655 435 1455
1720 369 1777 428 S.
1821 368 2089 428 ISIDOR?

2195 366 2585 428 ELUSIOT/E
3659 359 3767 424 1156

510 484 732 553 placuit,
779 483 865 536 via
896 490 977 536 est
1013 481 1216 550 optima
1257 482 1320 534 ad
1355 481 1610 548 pietatem
1668 480 1891 544 ducens,
1945 489 1998 534 ct
2038 480 2082 533 in

2195 478 2292 549 τὴν
2324 479 2636 550 πρακτικὴν
2661 479 2868 531 ἀσκεῖν’
2897 475 3036 546 αὕτη
3059 476 3190 546 γὰρ,
3212 475 3287 538 ὡς
3305 475 3400 528 καὶ
3427 474 3508 545 τῷ
3534 474 3767 529 Πλάτωνι

507 573 936 630 atttmnissimum
976 573 1228 626 desinens
1269 587 1540 641 campum.

2198 570 2365 633 δοκεῖ,
2392 569 2654 638 καλλίστη
2685 571 2834 623 ἐστὶν
2855 569 2991 632 ὁδὸς,
3011 569 3103 620 ἐπὶ
3120 566 3220 636 τὴν
3247 567 3532 620 εὐσέϐειαν
3553 567 3768 634 ἄγουσα,

2206 661 2299 714 καὶ
2325 662 2405 723 είς
2433 661 2694 714 πλατεῖαν
2723 661 3072 731 εὐρυχωρίαν
3101 657 3428 712 τελευτῶσα.

971 769 1148 826 CCIII.
1177 800 1246 811 -—
1276 769 1631 825 CASSIANO.

2681 768 2796 823 ΣΓο.
2829 798 2897 807 -
2927 766 3294 835 ΚΔΣΣΙΑΝῼ.

1560 863 1698 930 Quid
1731 863 2003 933 differant,
2035 861 2262 927 ἄϐουλος
2290 862 2386 915 καὶ
2412 861 2731 925 ἀὸούλτιτος.

580 973 694 1031 Νοιι
723 975 861 1032 idem
899 985 982 1030 est
1006 976 1366 1046 imprudentia
1394 984 1448 1032 et
1478 976 1905 1032 involuntarium
1937 975 2094 1030 ἄϐου-

2261 973 2337 1026 Ού
2388 973 2585 1026 ταυτὸν
2625 976 2688 1026 τδ
2730 972 2979 1039 ἄϐουλον,
3012 973 3110 1026 καὶ
3140 973 3201 1025 τὸ
3231 971 3551 1043 ἀϐούλητον·
3583 985 3645 1024 το
3681 988 3771 1042 μεν

504 1066 596 1118 λον
654 1065 749 1119 καὶ
809 1063 1131 1133 ἀϐούλητον.
1180 1064 1312 1119 Illud
1369 1065 1512 1119 enim
1551 1065 2076 1120 inconsiderantiam

2201 1061 2308 1134 γὰρ
2332 1063 2393 1116 τὺ
2420 1063 2848 1135 ἀπερίσκεπτον,
2873 1063 2935 1116 τὸ
2972 1064 3029 1116 δὲ
3054 1063 3116 1116 τὸ
3143 1062 3397 1115 ἀκούσιον
3442 1061 3654 1133 μηνύει⁶
3685 1063 3773 1114 καὶ

504 1154 611 1208 hoc
657 1167 790 1209 vero
845 1154 1069 1208 invitum
1101 1165 1156 1208 et
1193 1169 1300 1210 non
1341 1156 1611 1209 volentem
1644 1153 1917 1223 signiﬁcat
1962 1172 1975 1208 :
2037 1168 2076 1208 ei

2199 1155 2258 1207 τὸ
2283 1155 2382 1226 μὲν
2411 1158 2491 1219 εἰς
2522 1158 2581 1209 τὸ
2613 1157 2896 1228 πράττειν,
2925 1156 2988 1209 τὸ
3014 1157 3069 1208 δὲ
3101 1157 3180 1218 εἰς
3219 1155 3278 1207 τὸ
3312 1155 3546 1224 πάσχειν
3576 1154 3771 1224 βλέπει.

504 1246 639 1300 illud
668 1244 718 1298 in
747 1245 981 1315 agendo,
1012 1245 1116 1298 hoc
1137 1245 1190 1299 in
1213 1245 1466 1315 patiendo
1487 1244 1649 1315 621
1674 1243 1930 1300 cernitur.
1956 1241 2076 1298 Nam

2199 1249 2273 1300 Τὸ
2310 1249 2409 1318 μὲν
2443 1250 2552 1321 γάρ
2587 1249 2734 1303 ἐστιν
2761 1249 3038 1312 ἄσκεπτος
3071 1247 3300 1317 πρᾶξις,
3333 1246 3395 1298 τὸ
3429 1246 3487 1299 δὲ
3512 1262 3771 1315 κατηναγ-

507 1338 638 1392 illud
689 1338 833 1394 actio
894 1346 979 1393 est
1017 1336 1451 1404 inconsiderata,
1515 1338 1620 1390 hoc
1701 1348 1835 1391 vero
1888 1343 2078 1390 coacta

1125 1337 1451 1404 msiderata,
1515 1338 1620 1390 hoc
1701 1348 1835 1391 vero
1888 1343 2078 1390 coacta
2198 1340 2475 1408 κασμὲνον
2508 1338 2697 1402 πάθος.

505 1429 705 1498 passio.

975 1536 1150 1593 CCIV.
1188 1567 1260 1577 ——
1297 1535 1620 1593 AUSONIO.

2684 1543 2800 1596 ΣΔυ.
2837 1571 2906 1583 -
2946 1539 3266 1610 ΑΥΣΟΝΙῼ.

1069 1630 1342 1696 Quomodo
1376 1641 1511 1684 recte
1528 1629 1794 1699 judicium
1825 1631 2248 1687 administretur.
2275 1630 2512 1687 Pulchra
2539 1633 2616 1688 rei
2654 1633 2902 1692 iudicata:
2934 1631 3201 1702 gradatio.

575 1737 764 1793 Omnis
791 1736 1161 1792 controversia
1209 1735 1410 1803 judicio
1441 1735 1726 1789 dirimatur
1755 1752 1769 1790 :
1816 1734 2076 1803 judicium

2265 1739 2332 1793 Ἠ
2361 1741 2462 1810 μὲν
2491 1741 2904 1812 ἀμφισϐήτησις
2933 1743 3112 1811 κρίσει
3135 1737 3486 1810 ἀναρτάσθω·
3509 1738 3543 1808 ἡ
3566 1737 3621 1790 δὲ
3651 1737 3765 1808 κρί-

506 1848 631 1887 tero
655 1843 992 1886 accusatores
1009 1830 1316 1888 examinet;
1349 1842 1576 1881 examen
1607 1842 1819 1896 aequum
1841 1827 2078 1894 deﬁniat,

2193 1847 2276 1893 σις
2300 1831 2424 1894 τοὺς
2461 1829 2721 1901 ἐλέγχους
2750 1828 3106 1900 βασανιζέτωο
3143 1829 3178 1899 ἡ
3205 1829 3260 1881 δὲ
3293 1828 3533 1898 βάσανος
3568 1827 3628 1880 τὸ
3657 1828 3765 1881 δέον

504 1925 733 1994 ejusque
764 1922 1030 1977 sententia
1064 1920 1357 1976 scribatur.
1399 1916 1610 1987 Scripta
1644 1933 1771 1974 vero
1800 1919 2076 1974 conﬁrme-

2187 1921 2452 1993 ὀριζέτω’
2500 1924 2528 1975 ὁ
2558 1922 2614 1975 δὲ
2648 1923 2778 1994 ὅρος
2816 1921 3134 1992 γεγράφθω·
3176 1920 3246 1973 τὰ
3292 1920 3352 1972 δὲ
3403 1920 3759 1990 γεγραμμένα

507 2029 614 2083 tur,
647 2017 965 2072 conﬁrmata
995 2015 1168 2084 reipsa
1199 2011 1528 2067 stabiliatur.
1571 2010 1762 2065 Omnis
1793 2026 1924 2066 vero
1957 2026 2057 2065 con

2190 2011 2501 2084 κυρούσθω·
2532 2014 2599 2067 τὰ
2625 2013 2681 2066 δὲ
2713 2013 3031 2085 κυρωθέντα
3067 2011 3406 2083 βεϐαιούσθω
3429 2015 3545 2075 τοῖς
3577 2011 3761 2081 ἔργοις·

503 2111 678 2163 tentio
709 2109 886 2172 absit,
922 2116 977 2160 et
1005 2105 1242 2160 amicitia
1273 2106 1564 2169 succedat,
1593 2101 1681 2158 cui
1712 2102 1842 2156 nihil
1877 2116 1974 2170 par
2003 2111 2075 2157 est

2191 2104 2341 2158 πᾶσά
2364 2121 2425 2156 τε
2452 2104 2730 2174 ἁψιμαχία
2774 2104 3027 2175 οἰχέσθω,
3057 2105 3152 2156 καὶ
3189 2102 3347 2171 φιλία
3376 2103 3673 2174 χορευέτω·
3705 2097 3763 2172 ἧς

501 2211 557 2252 ει
590 2199 885 2253 secundum
918 2236 934 2262 ,
991 2211 1112 2251 cum
1158 2194 1225 2249 ad
1249 2195 1504 2248 virtutem
1537 2234 1552 2259 ,
1591 2202 1702 2246 tum
1736 2193 1802 2246 ad
1851 2193 2073 2261 gloriam

2194 2196 2305 2250 ίσον
2334 2196 2508 2250 οὐδέν⁸
2537 2197 2630 2249 καὶ
2674 2197 2756 2260 εἰς
2794 2196 2994 2268 ἀρετῆς
3014 2235 3029 2261 ,
3080 2194 3176 2249 καὶ
3205 2194 3620 2264 εύδοκιμήσεως
3639 2235 3654 2261 ,
3681 2193 3766 2245 καὶ

501 2290 956 2362 consequendam,
987 2303 1052 2344 ac
1083 2288 1310 2357 denique
1338 2285 1403 2342 ad
1438 2286 1761 2341 hilaritatem
1795 2295 1956 2355 atque
1988 2285 2073 2341 lte-

1280 2301 1310 2342 e
1338 2285 1403 2342 ad
1438 2286 1761 2341 hilaritatem
1795 2295 1956 2355 atque
1988 2285 2084 2341 laa-
2189 2287 2272 2350 είς
2305 2287 2650 2360 εὐφροσύνης
2676 2288 2852 2357 λόγον.

505 2394 700 2440 titiam.

947 2465 1103 2524 CCV.
1144 2496 1208 2506 —
1245 2464 1640 2522 PHILETRIO.

2686 2471 2804 2525 Σεν.
2841 2499 2912 2512 --
2947 2467 3292 2540 ΦΙΛΗΤΡΙῼ.

1189 2559 1450 2616 Amicitiae
1479 2562 1575 2615 vis.
1602 2560 1683 2614 Ad
1713 2577 1898 2614 nomen
1928 2560 2125 2615 alludit
2155 2561 2425 2617 P/tiletrii.
2459 2562 2698 2633 (Confer.
2722 2563 2878 2632 epist.
2915 2561 3061 2632 145.)

574 2671 714 2738 Ergo
731 2668 982 2724 amicitiae
1011 2683 1302 2738 umoreque
1321 2668 1462 2740 capti
1495 2684 1690 2725 nomen
1722 2685 1919 2738 gerens
1945 2670 2080 2725 alios

2263 2670 2528 2742 Ἐμελλες
2557 2672 2686 2743 ἄρα,
2721 2671 2758 2742 ἢ
2788 2670 2968 2740 φιλίας
2988 2712 3004 2737 ,
3030 2671 3063 2740 ἢ
3087 2669 3183 2722 τοῦ
3210 2668 3517 2739 τετρῶσθαι
3553 2668 3659 2721 ὑπὸ
3683 2685 3759 2737 φιν

501 2765 661 2819 etiam
694 2761 879 2818 eodem
911 2761 1186 2830 impellis?
1227 2761 1365 2816 Ecce
1392 2762 1537 2816 enim
1586 2777 1685 2817 nos
1714 2765 1877 2817 etiam
1925 2763 2073 2834 longe

2189 2762 2308 2826 λίας
2333 2762 2620 2834 ἐπώνυμος
2657 2762 2732 2817 ὣν
2763 2763 2858 2817 καὶ
2883 2763 3076 2826 ἄλλους
3119 2764 3199 2826 είς
3227 2762 3433 2832 ταύτην
3473 2760 3757 2830 ἐμϐαίνειν.

501 2857 755 2920 dissitos,
791 2855 1058 2924 nullisque
1096 2857 1194 2908 abs
1224 2864 1273 2907 te
1311 2853 1502 2908 litteris
1551 2869 1791 2924 unquam
1820 2856 2073 2923 acccptis,

2204 2855 2335 2909 Ἰδοὺ
2371 2855 2477 2926 γὰρ
2513 2856 2609 2910 καὶ
2637 2857 2784 2927 ἡμᾶς
2819 2855 3008 2927 πόρρω
3043 2855 3449 2924 τυγχάνοντας,
3484 2855 3581 2904 καί⁵
3613 2852 3755 2922 μηδε-

504 2948 578 3002 ιιιί
638 2962 822 3002 amore
869 2947 1099 3001 miriﬁce
1147 2946 1419 3009 incendis,
1473 2946 1716 3015 adeoque
1766 2945 2076 3010 vulnerasti,

2189 2944 2409 2999 πώποτε
2461 2948 2929 3018 συντετυχηκότας
2983 2946 3073 3000 διὰ
3129 2946 3501 3015 γραμμάτων,
3551 2943 3632 3006 είς
3675 2942 3759 3012 τὴν

501 3052 562 3096 ut
599 3056 667 3096 ne
699 3034 969 3095 momento
1003 3039 1218 3108 quidem
1272 3039 1528 3110 temporis
1562 3039 1637 3094 tui
1664 3037 1910 3096 oblivisci
1957 3054 2073 3110 pos-

2196 3034 2398 3088 σαυτοῦ
2446 3037 2669 3107 ἀγάπην
2731 3036 3135 3107 ὲξεϐάκχευσας
3191 3037 3286 3089 καὶ
3333 3034 3590 3088 τοσοῦτον
3642 3051 3753 3086 κατ-

500 3132 692 3190 simus.
2189 3126 2458 3196 έτρωσας,
2493 3126 2568 3190 ὡς
2612 3127 2746 3200 μηδὲ
2793 3127 2930 3198 πρὸς
2973 3127 3031 3182 τὸ
3061 3128 3270 3200 ἀκαρὲς
3312 3125 3575 3179 δύνασθαι
3602 3126 3751 3194 ἀμνττ

1733 3274 1735 3278 η
2110 3209 2152 3266 C
2188 3219 2391 3287 μονείν.

743 3321 918 3380 CCVI.
952 3351 1020 3364 —
1054 3320 1315 3377 DIDYMO
1347 3320 1843 3376 SCIlOLASTICO.

2465 3328 2598 3394 Σςν.
2632 3357 2704 3368 —
2741 3329 2997 3400 ΔΙΔΥΜῼ
3030 3327 3488 3398 ΣΧΟΛΑΣΤΙΚῼ.
3581 3369 3583 3373 -

1177 3412 1442 3466 Hortatur
1467 3423 1523 3466 ut
1554 3416 1688 3467 inter
1716 3414 1858 3483 ﬁlios
1885 3430 2006 3467 suos
2045 3417 2341 3473 reconciliet
2384 3420 2723 3474 concordiam
2750 3432 2799 3475 et
2838 3438 3092 3476 amorem.

577 3523 772 3578 Filium
808 3531 954 3576 tuum
986 3521 1278 3575 niaximum
1311 3537 1338 3574 a
1377 3531 1505 3574 natu
1543 3523 1764 3576 minimo
1782 3523 1938 3577 Valde
1970 3523 2088 3577 dis-

2261 3525 2366 3578 Τὸν
2395 3526 2774 3597 πρεσϐύτατόν
2803 3546 2900 3582 σου
2921 3529 3029 3583 τῶν
3054 3530 3263 3583 παίδων
3287 3529 3426 3600 πρὸς
3451 3529 3545 3583 τὸν
3568 3528 3749 3583 νεώτα-

505 3617 704 3679 sitlere,
743 3625 900 3684 teque
928 3615 1046 3682 ejus
1079 3613 1155 3668 rei
1201 3613 1379 3666 ferunt
1409 3613 1684 3666 consciunt
1712 3653 1728 3678 ,
1770 3613 1974 3684 lingere
2008 3623 2077 3667 ta-

2182 3629 2275 3667 τον
2301 3615 2660 3687 διαφέρεσθαί
2681 3618 2825 3681 τινές
2852 3637 3006 3687 φασι,
3025 3623 3120 3675 καὶ
3147 3622 3209 3674 σὲ
3237 3622 3335 3691 μὲν
3359 3620 3584 3682 ειδέναι,
3606 3638 3751 3692 προσ-

504 3723 660 3771 men,
695 3707 850 3776 quasi
879 3705 1112 3760 nescias.
1154 3705 1405 3772 Deposita
1443 3705 1626 3772 itaque
1666 3716 1964 3774 spontanea
1997 3707 2076 3759 illa

2184 3708 2458 3760 ποιεῖσθαι
2506 3709 2564 3762 δὲ
2597 3711 2672 3780 μὴ
2717 3711 2948 3766 ειδέναιο
2988 3712 3184 3766 θᾶττον
3215 3715 3392 3766 τοίνυν
3433 3712 3753 3781 ἀποθέμενος

503 3797 826 3867 ignorantia,
858 3810 1078 3857 conare,
1110 3810 1312 3864 quaeso,
1351 3795 1468 3848 illos
1493 3796 1560 3849 ad
1597 3806 1836 3849 ntutnunt
1867 3797 2075 3866 adigere

2183 3798 2284 3868 τὴν
2311 3800 2560 3855 ἑκούσιον
2599 3803 2845 3871 ἄγνοιαν,
2888 3804 3182 3877 πειράθητι
3225 3806 3426 3867 αὐτοὺς
3463 3806 3542 3867 εἰς
3589 3804 3750 3873 φιλίαν

501 3903 740 3942 amorem
773 3926 790 3951 ,
837 3901 905 3941 ne
959 3887 1352 3942 immedicabile
1417 3887 1543 3940 hinc
1592 3886 1790 3940 malum
1836 3890 2073 3944 exsistat.

2188 3891 2557 3959 συναλλάξαι,
2591 3895 2668 3964 μή
2699 3895 2832 3948 ποτε
2872 3913 2926 3949 τι
2971 3898 3275 3966 ἀνήκεστον
3308 3896 3529 3966 τεχθείη
3571 3895 3746 3948 κακόν·

503 3979 780 4033 Discordia
815 3978 960 4032 enim
991 3979 1114 4032 boni
1149 3978 1281 4032 nihil
1313 3978 1506 4048 gigttil.
1546 3977 1638 4033 Sic
1673 3979 1784 4043 ﬁet,
1811 3991 1870 4034 ιιι
1897 3997 2075 4050 quem-

2205 3986 2267 4038 οὐ
2303 3987 2412 4057 γάρ
2443 4003 2495 4039 τι
2537 3987 2774 4056 χρηστὸν
2816 3989 2850 4058 ἡ
2891 3989 3193 4058 φιλονεικία
3218 3990 3425 4043 ὠδίνει·
3467 3991 3536 4042 ἵν’
3582 3989 3751 4056 ὥσπερ

502 4071 790 4123 admodum
822 4068 942 4123 illos
985 4083 1182 4140 parens
1215 4070 1445 4139 genuisti
1475 4111 1490 4134 ,
1522 4071 1603 4125 sic
1635 4082 1688 4126 et
1729 4071 1868 4126 bene
1892 4072 1995 4127 illis
2026 4084 2074 4127 ul

2180 4077 2275 4131 τοῦ
2305 4073 2447 4130 εἶναι
2477 4078 2618 4148 μετὰ
2636 4079 2734 4148 τὴν
2763 4080 3019 4151 πρόνοιαν
3050 4084 3238 4146 αὐτοῖς
3265 4082 3537 4153 κατέστης
3570 4084 3749 4147 αἴτιος,

503 4162 595 4224 sit,
623 4159 843 4216 eﬁicias.

2179 4168 2326 4222 οὕτω
2359 4170 2454 4223 καὶ
2485 4170 2581 4224 τοῦ
2607 4166 2670 4225 εὖ
2703 4167 2842 4226 εἶναι
2871 4175 3229 4243 κατασταίης.

1017 4244 1218 4302 CCVII.
1251 4277 1308 4284 —
1357 4246 1586 4302 EIDEM.

2670 4261 2786 4315 ΣΖν.
2817 4292 2887 4301 -
2933 4263 3021 4335 To
3065 4265 3268 4334 ΑΥΤῼ.

1869 4341 1956 4396 Vis
1987 4348 2183 4401 amoris
2213 4350 2401 4404 mutui.

575 4447 642 4504 Ut
673 4449 852 4501 odium
901 4448 1192 4518 aliquando
1220 4449 1523 4504 convicium
1566 4464 1636 4504 ex
1677 4452 1830 4506 hoste
1879 4450 2081 4520 plausi-
2113 4448 2147 4502 1]

2258 4459 2473 4531 ’Ὠσπερ
2517 4461 2552 4532 ἡ
2584 4461 2857 4532 ἀπέχθεια
2892 4463 3297 4534 εὐπαράδεκτόν
3339 4480 3461 4527 πως
3493 4463 3591 4526 τὴν
3614 4461 3749 4533 παρὰ

503 4540 611 4594 1›11ε
645 4542 821 4610 parit,
853 4539 924 4593 ita
958 4549 1148 4594 contra
1184 4539 1419 4593 amicitia
1457 4539 1634 4610 rejicit
1676 4555 1741 4596 ac
1765 4541 1915 4598 velut
1951 4558 2075 4613 pro-

2186 4549 2295 4604 τῶν
2333 4550 2543 4623 ἐχθρῶν
2569 4554 2862 4624 ἐργάζεται
2891 4555 3182 4626 λοιδορίαν,
3209 4554 3383 4619 οὕτως
3408 4556 3443 4626 ἡ
3469 4555 3617 4624 φιλία
3645 4554 3749 4607 δια-

505 4630 632 4683 telat
666 4630 915 4699 iurgium.

2186 4642 2445 4711 κρούεται
2472 4643 2679 4716 ταύτην
2707 4648 2803 4700 καὶ
2831 4647 3107 4711 ἀκοντίζει
3139 4649 3273 4719 (45).

975 4735 1198 4792 CCVIII.
1236 4759 1304 4775 υ·-
1340 4735 1598 4792 0111οΝ1.

2724 4755 2846 4809 ΣΗθ.
2881 4784 2954 4793 -
2989 4755 3238 4810 ΩΡΙΩΝΙ.

1559 4830 1875 4886 Gratulatur
1902 4833 1970 4886 ad
2004 4833 2192 4891 bonam
2228 4857 2434 4899 reverso
2465 4845 2691 4916 frugem.

571 4937 966 4994 Incredibiliter
1005 4954 1122 4993 sunt
1171 4939 1381 4993 laetatus
1408 4983 1423 5004 ,
1473 4939 1688 5010 cognito
1713 4940 1879 4994 vitam
1919 4950 1971 4996 te
2018 4942 2074 4996 in

2253 4951 2465 5024 Ἦσθην
2515 4954 2832 5023 ὑπερφυῶς,
2884 4955 3072 5026 μαθών
3113 4974 3210 5009 σου
3249 4956 3350 5028 τὴν
3395 4957 3624 5029 ἀρίστην
3662 4971 3745 5025 με·

500 5032 692 5086 melius
738 5041 1134 5094 commutasse,
1195 5032 1436 5102 mihique
1493 5033 1794 5102 persuadeo
1846 5031 1963 5088 fore
2022 5044 2072 5088 ul

2188 5043 2445 5114 ταόολήν·
2479 5047 2573 5098 καὶ
2604 5046 2865 5112 πιστεύω,
2912 5048 2986 5111 ὡς
3012 5049 3287 5122 ἀποτρίψῃ
3316 5049 3416 5119 μὲν
3439 5050 3514 5114 ὡς
3537 5051 3743 5119 τάχιστα

500 5121 862 5192 ignominiam
889 5135 958 5176 ex
1001 5122 1141 5176 male
1176 5129 1428 5176 anteacta
1459 5125 1570 5176 vita
1603 5131 1935 5178 contractam
1985 5123 2072 5179 de-

2179 5133 2278 5202 τὴν
2309 5133 2546 5198 ἀδοξίαν,
2577 5137 2678 5206 τὴν
2709 5137 2772 5187 ἐκ
2814 5139 2915 5206 τῆς
2939 5138 3140 5202 κακίας
3159 5121 3359 5209 πριίιην
3392 5137 3741 5210 προσγενομέ-

499 5211 640 5273 leas,
676 5210 1000 5281 virtutisque
1031 5221 1411 5266 ornamentum
1455 5212 1605 5267 brevi
1656 5216 1905 5283 acquiras
1947 5230 2071 5271 con-

2179 5236 2308 5287 νηνο
2353 5221 2607 5295 ἀναλήψῃ
2649 5223 2706 5276 δὲ
2735 5225 2826 5277 τὸν
2867 5225 2967 5295 τῆς
3003 5226 3208 5296 ἀρετῆς
3236 5227 3443 5298 κόσμον
3472 5227 3564 5285 καὶ
3605 5226 3740 5285 κλέος

496 5303 756 5372 ciliesque
783 5302 950 5359 decus
981 5303 1367 5374 sempiternum
1400 5321 1413 5369 ;
1462 5304 1551 5358 hic
1585 5304 1799 5374 quidem
1833 5306 1885 5360 in
1919 5309 2068 5363 terris

2180 5312 2423 5383 ἀοίδιμον
2453 5313 2617 5380 ἕξεις,
2643 5315 2877 5369 ἐνταῦθα
2909 5316 3008 5386 μὲν
3030 5318 3183 5388 παρὰ
3209 5317 3430 5372 πάντων
3457 5320 3739 5389 ἀνακηρυτ-

496 5412 526 5450 a
556 5396 769 5451 cunctis
802 5396 1136 5463 laudandus,
1189 5398 1244 5451 in
1279 5396 1447 5451 altera
1477 5411 1606 5452 vero
1634 5399 1742 5451 vita
1793 5414 1821 5452 a
1865 5415 2068 5455 summo

2177 5403 2429 5474 τόμενος,
2455 5408 2635 5460 ὲκεῖσε
2667 5407 2723 5461 δὲ
2754 5409 2907 5480 παρὰ·
2931 5409 3026 5462 τοῦ
3048 5409 3242 5482 κριτοῦ
3267 5411 3699 5481 στεφανούμενος.

490 5488 670 5556 judice
700 5488 1066 5543 coronandus.

1581 5641 1815 5696 γΑιιιΕ
1856 5642 2244 5702 LECTIONES
2278 5647 2364 5702 ET
2399 5650 2629 5709 NOT/E.

568 5783 701 5844 (55)
746 5781 915 5837 Ambo
966 5782 1125 5837 codd.
1180 5781 1454 5844 ἀκοντίζει
1516 5791 1712 5852 augent
1779 5785 2137 5852 praepositae

863 5797 915 5837 ιο
966 5782 1125 5837 codd.
1180 5781 1454 5844 ἀκοντίζει
1516 5791 1712 5852 augent
1779 5785 2073 5852 praeposito
2113 5787 2191 5852 ἐξ.
2227 5786 2435 5848 Possm.
