3982 6420
224 400 375 466 πει

517 514 634 573 ΣΘ’.
686 548 756 558 --
794 519 1021 593 ΠΕΤΡῼ
1068 524 1531 595 ΣΧΟΛΑΣΤΙΚῼ.

1131 409 1671 473 EPISTULARUM
1698 408 1851 473 LIB.
1891 410 1961 472 V.
2000 435 2070 447 -
2099 411 2338 474 EPIST.
2375 414 2599 474 CCXII.

1858 531 1906 586 A

3386 411 3526 484 1458

2165 525 2353 581 CCIX.
2393 557 2464 568 ——
2508 527 2739 584 PETRO
2776 526 3284 586 SCHOLASTICO.

1387 638 1511 694 Non
1544 649 1736 692 temere
1765 637 1829 691 de
1867 635 1977 691 alio
2009 637 2387 707 jadicandum.

303 740 450 809 Ἐγὼ
489 743 554 795 ού
596 743 1053 818 ωταψηφιοῦμαι
1075 788 1091 815 ,
1145 748 1270 804 οὔτε
1310 749 1808 820 καταποφανοῦμαι

206 831 434 917 ἀνδρὸς,
462 827 528 888 οὗ
560 837 698 906 μήτε
729 837 1008 909 ἀκροατὴς
1040 841 1328 913 ἐγενόμην,
1359 843 1497 913 μήτε
1528 840 1813 910 δικαστής

216 924 267 975 εί
307 924 365 977 δὲ
398 926 721 997 κρινόμενος
762 929 917 1002 ἁλοίη
937 971 952 996 ,
983 932 1047 986 τὸ
1070 934 1375 1004 τηνικαῦτα
1417 935 1451 1005 ἡ
1483 934 1604 988 κατ’
1638 929 1807 987 αὐτοῦ

218 1015 632 1088 ἐξενεχθήσεται
671 1020 870 1091 ψῆφος.

500 1130 601 1184 ΣΡ.
642 1159 715 1172 -
748 1133 1001 1205 ΖΩΣΙΜῼ
1039 1136 1516 1209 ΠΡΕΣΒΥΤΕΡῼ.

1996 749 2261 820 Equidem
2320 769 2499 825 neque
2546 757 2873 817 sententiam
2920 756 3073 824 fero,
3121 772 3299 828 neque
3348 760 3515 832 622

1922 852 2112 899 contra
2140 845 2337 914 virum,
2357 863 2517 917 quem
2544 864 2650 904 non
2680 850 2966 921 audierim,
3001 851 3312 921 pronuntio,
3336 868 3514 923 neque

1918 935 2082 991 sedeo
2116 936 2233 1006 ejus
2261 937 2451 1007 judex.
2493 939 2549 997 Si
2582 956 2719 997 vero
2752 944 3020 998 sententia
3048 942 3153 997 lata
3183 944 3517 1001 condemne-

1916 1033 2026 1089 tur,
2056 1037 2246 1087 contra
2274 1029 2426 1085 illum
2459 1040 2586 1087 tunc
2611 1031 2878 1100 judicium
2914 1032 3143 1088 feretur.

2171 1139 2329 1196 CCX.
2369 1172 2442 1183 ——
2476 1142 3250 1201 ZOSIMO'PRESBYTERO.

212 1218 490 1285 Quantum
511 1222 680 1277 scelus
694 1241 983 1295 pauperum
998 1229 1329 1285 intervenere
1346 1232 1717 1300 eleemosgnas,
1739 1236 1785 1280 et
1799 1239 1893 1295 per
1907 1224 2181 1288 luxuriam
2195 1251 2284 1291 eas
2310 1236 2618 1306 abligurire.
2641 1238 2879 1310 (Confer.
2899 1242 3049 1309 epist.
3068 1239 3191 1305 185,
3214 1240 3312 1295 50l
3326 1282 3341 1307 ,
3358 1239 3508 1317 169.)

279 1328 346 1379 Εἰ
388 1328 451 1380 ού
504 1328 687 1399 βούλει
726 1332 1058 1404 θεραπεύειν
1097 1355 1187 1405 τι,
1225 1340 1321 1392 καί
1360 1339 1655 1417 ἐπιτείνεις
1686 1338 1809 1392 ’τῶν

209 1421 464 1490 πενήτων
490 1420 558 1474 τά
597 1422 928 1494 τραύματα,
966 1427 1018 1480 τί
1054 1430 1169 1494 τοῖς
1209 1431 1539 1502 μαχομένοις
1580 1431 1658 1500 τῷ
1683 1430 1807 1483 δυσ-

208 1504 526 1584 νουθετήτῳ
561 1514 657 1566 καὶ
693 1513 955 1588 δυσμάχῳ
980 1518 1079 1588 τῆς
1115 1522 1389 1591 πτωχείας
1435 1520 1609 1593 θηρίῳ
1645 1521 1808 1592 χαλε-

1981 1345 2040 1401 Si
2073 1346 2216 1403 ferre
2245 1346 2367 1402 aliis
2387 1361 2544 1417 opem
2575 1362 2681 1402 non
2699 1348 2803 1413 vis,
2833 1349 2962 1419 quin
2993 1349 3173 1418 potius
3198 1364 3497 1419 pauperum

1908 1442 2145 1510 adauges
2172 1440 2418 1506 vulnera,
2449 1439 2580 1510 quid
2609 1454 2732 1495 cum
2764 1439 2968 1511 ingenti
2997 1450 3158 1511 atque
3194 1452 3503 1511 expugnatu

1912 1533 2112 1590 diﬂicili
2145 1531 2256 1587 fera
2282 1532 2627 1586 mendicitate
2656 1546 2890 1600 pugnam
2914 1530 3093 1586 reddis
3116 1530 3496 1597 diﬂiciliorem,

207 1600 461 1674 πὼτερον
505 1607 936 1673 κατασκευάζεις
966 1609 1057 1663 τὸν
1100 1612 1323 1681 ἀγῶνα,
1365 1613 1458 1667 τὸν
1500 1614 1653 1686 παρὰ
1694 1612 1791 1667 τῶι

1912 1627 2037 1681 dum
2069 1639 2188 1696 quae
2221 1639 2250 1677 a
2286 1624 2388 1694 piis
2417 1622 2726 1679 [nominibus
2756 1622 2809 1676 in
2843 1622 3157 1676 alimoniam
3194 1638 3488 1693 pauperum

208 1691 527 1763 ἐλεημόνων
573 1697 757 1760 αὐτοῖς
798 1700 880 1761 είς
923 1700 1132 1771 τροφὴν
1193 1704 1567 1775 παρεχόμενον
1614 1703 1791 1775 ἔρανοι

1911 1726 2038 1773 sunt
2076 1691 2301 1779 relicta,
2328 1728 2393 1768 ea
2440 1711 2770 1767 assumenda
2817 1721 2967 1766 tuum
3029 1713 3081 1765 in
3113 1713 3330 1781 epulum
3360 1728 3494 1769 con-

210 1785 709 1857 σφετεριςόμενοςς
759 1789 824 1842 Τί
865 1790 930 1843 ἐκ
973 1791 1232 1846 τοιούτων
1280 1794 1487 1867 κερδῶν
1520 1795 1620 1868 τὴν
1669 1798 1791 1851 ἀκό-

1905 1808 2065 1875 dcis?
2101 1806 2242 1874 Quid
2270 1802 2534 1873 ejusmodi
2570 1800 2736 1856 lucris
2769 1801 3144 1870 inexplebilem
3180 1811 3329 1856 tuum
3363 1818 3496 1857 ven-

212 1892 414 1944 ρεστον
467 1877 667 1931 σαυτοῦ
712 1882 1005 1951 ἐμπιπλῶν
1046 1885 1324 1956 γαστέρα,
1374 1886 1614 1959 νομίζεις
1663 1891 1797 1943 dmo-

204 1967 434 2036 λαύειν;
468 1970 768 2041 Διάὸλεψον
814 1975 1007 2044 μικρὸν
1042 1977 1354 2045 ἀνενεγκὼν
1389 1980 1453 2032 ἐκ
1481 1980 1581 2051 τῆς
1611 1980 1798 2034 τοιαύ-

203 2075 305 2127 της
328 2059 743 2131 παραπληξίας.
786 2063 926 2116 Είπὲ
952 2066 1091 2136 πρὸς
1116 2066 1310 2120 ἑαυτόν
1334 2082 1352 2099 ⁶
1380 2071 1430 2122 εί
1461 2070 1489 2122 ὁ
1529 2071 1798 2125 τάιοίκεῖα

201 2149 284 2212 είς
327 2148 703 2222 ἐλεημοσύνην
748 2152 825 2224 μὴ
867 2155 1234 2225 προϊέμενος,
1303 2160 1385 2224 είς
1424 2162 1515 2213 τὸν
1553 2163 1796 2231 ποταμὸν

202 2240 490 2309 πέμπεται
529 2243 623 2296 τοῦ
664 2244 875 2315 πυρὸς,
916 2246 1183 2318 ἀφόρηταὶ
1223 2248 1792 2323 βασανισθησόμενος·

200 2330 231 2380 ό
270 2329 369 2382 καὶ
399 2329 469 2382 τά
497 2330 606 2384 τῶν
644 2334 895 2403 πενήτων
926 2334 1383 2408 ἰδιοποιούμενος,
1414 2341 1468 2394 τί
1507 2342 1792 2412 πείσεται;

201 2418 265 2470 EE
294 2420 324 2471 ό
346 2419 417 2473 τά
453 2421 649 2476 ἑαυτοῦ
680 2422 756 2494 μὴ
778 2424 957 2491 διδοὺς
998 2429 1061 2481 οὐ
1096 2431 1581 2504 συγγνωσθήσεται
1604 2474 1619 2499 ,
1650 2436 1679 2488 ὁ
1702 2436 1796 2489 καὶ

197 2507 272 2561 τὰ
294 2509 555 2581 διδόμενα
578 2514 867 2571 ἀποσυλῶν
889 2517 992 2571 ποῦ
1016 2520 1296 2591 χωρήσει;
1328 2522 1391 2576 Εἰ
1423 2525 1522 2594 μὲν
1548 2526 1658 2596 γὰρ
1689 2527 1794 2581 ὑπὸ

201 2603 404 2666 πενίας
432 2606 877 2679 ἀναγκαζόμενος
913 2611 1015 2682 τὴν
1050 2614 1243 2684 καινὴν
1277 2614 1483 2688 ταύτην
1515 2617 1791 2689 λῃστείαν,

202 2694 413 2762 μᾶλλον
455 2696 513 2751 δέ
565 2699 955 2773 τυμϐωρυχίας
1009 2704 1231 2776 χείρονα
1289 2711 1627 2781 κακουργίαν
1688 2713 1789 2765 ἐπ-

197 2786 458 2858 ενόησας,
493 2786 561 2862 ἦν
583 2791 650 2846 ἀν
677 2811 759 2848 σοι
787 2796 883 2849 καὶ
911 2796 1055 2867 ἴχνος
1089 2801 1450 2871 ἀναισχύντου
1472 2805 1790 2874 ἀπολογίας.

208 2878 440 2952 Ἐπειδὴ
472 2883 531 2936 δὲ
556 2886 782 2955 τρυφῶν
808 2888 904 2941 καὶ
929 2891 1188 2960 σκιρτῶν,
1216 2892 1315 2956 τὰς
1343 2894 1631 2967 ἀλλοτρίας
1656 2915 1794 2970 συμ-

195 2973 381 3042 φορὰς
427 2975 545 3028 δέον
590 2978 988 3048 ἐπικουφίζειν,
1029 2985 1365 3055 ἐπιτρίόεις,
1406 2988 1537 3041 ποία
1579 3006 1661 3043 σοι
1702 2990 1792 3044 λε-

195 3062 449 3131 λείψεται
509 3067 805 3137 ἀπολογία;
871 3072 969 3136 Τίς
1026 3073 1214 3142 ἐλεοςς
1274 3078 1404 3131 ποία
1457 3081 1786 3153 συγγνώμη;

1902 1920 2042 1965 trem
2076 1898 2343 1970 explendo
2372 1895 2707 1964 voluptatem
2736 1892 2921 1962 capis?
2958 1892 3255 1948 Considera
3302 1894 3493 1964 paulu-

1904 2000 2012 2054 lum
2048 2005 2102 2050 te
2137 1994 2251 2063 ipse
2285 1989 2545 2057 colligens
2576 1985 2646 2042 ab
2668 1985 2762 2040 illa
2790 1985 3008 2040 vesania
3031 2024 3048 2050 ,
3085 1992 3261 2040 tecum
3292 1985 3371 2041 sic
3412 2002 3489 2040 ra-

1905 2087 2250 2145 tiocinando:
2307 2081 2366 2135 Si
2416 2080 2509 2148 qui
2561 2092 2657 2133 sua
2705 2077 2929 2148 pauperi
2978 2094 3083 2131 non
3114 2078 3393 2134 distribuit
3430 2080 3483 2134 in

1902 2182 2333 2247 eleemosynam,
2367 2172 2421 2227 in
2454 2170 2660 2241 ignium
2686 2176 2957 2224 torrentes
2981 2168 3335 2223 intolerandis
3365 2171 3492 2224 mit-

1903 2272 2037 2327 titur
2074 2265 2472 2326 excruciandus
2506 2260 2667 2332 epulo
2709 2261 3053 2331 evangelicus
3104 2261 3380 2331 suppliciis
3403 2262 3486 2329 ⁶⁸;

1900 2365 1994 2435 qui
2023 2376 2143 2432 quae
2172 2367 2299 2415 sunt
2333 2369 2628 2427 pauperum
2659 2353 2765 2409 sibi
2798 2368 2892 2424 per
2922 2351 3075 2408 nefas
3107 2362 3365 2423 usurpat,
3397 2369 3489 2409 ec-

1900 2455 2029 2527 quid
2072 2449 2353 2525 patietur?
2433 2446 2491 2501 Si
2526 2446 2619 2515 qui
2662 2461 2760 2501 sua
2805 2461 2911 2499 non
2966 2445 3226 2515 largitur,
3277 2446 3326 2500 ei
3379 2462 3484 2500 non

1888 2524 2219 2615 ignoscitur,
2261 2553 2367 2610 quo
2397 2538 2613 2593 tandem
2650 2535 2850 2603 abibit,
2877 2536 2972 2606 qui
3019 2537 3086 2592 ab
3117 2536 3237 2592 aliis
3259 2536 3387 2593 data
3431 2538 3483 2592 in

1897 2637 2297 2706 eleemosynam
2324 2629 2635 2700 exspoliat?
2674 2629 2733 2683 Si
2761 2628 2904 2683 enim
2934 2629 3113 2699 inopia
3141 2630 3365 2685 adactus
3396 2645 3485 2685 no-

1897 2743 2024 2783 vum
2059 2728 2162 2782 hoc
2205 2723 2552 2780 latrocinium
2583 2719 2667 2777 vel
2704 2721 2883 2791 potius
2913 2721 3283 2791 sepulcrorum
3315 2724 3483 2779 viola-

1901 2818 2051 2873 tione
2097 2815 2275 2871 scelns
2329 2811 2573 2867 deterius
2630 2810 2979 2875 incltoasses,
3032 2821 3179 2865 esset
3226 2813 3478 2867 omnibus

1896 2908 2061 2963 etiam
2082 2911 2457 2976 argumentum
2479 2899 2812 2969 impudentis
2837 2898 3166 2956 defensionis
3188 2903 3477 2973 reliquum.

1895 3000 2033 3056 Cum
2058 3014 2187 3062 vero
2213 2996 2361 3051 luxui
2389 2994 2671 3062 indulgens
2714 3002 2876 3062 atque
2909 2992 3241 3049 insolescens
3272 2996 3479 3052 alienas

1896 3060 2232 3147 calamitates
2291 3103 2429 3159 quas
2487 3085 2778 3142 sublevare
2828 3083 3055 3140 deberes
3112 3090 3327 3142 easdem
3386 3104 3481 3159 ag-

191 3155 393 3225 Ταῦτα
422 3158 654 3229 δάκρυσι
676 3164 862 3233 σχεδὸν
907 3167 1149 3238 κεράσας
1169 3168 1230 3222 τὸ
1257 3170 1449 3239 μέλαν,
1468 3173 1784 3229 ἀπέστειλα.

1905 3200 2107 3256 graves,
2138 3155 2428 3252 ecqua-tibi
2456 3180 2646 3235 relicta
2669 3176 2946 3233 defensio?
2973 3192 3093 3247 quae
3113 3182 3478 3249 exspectanda

196 3247 359 3319 Τάχα
388 3267 506 3314 πως
552 3254 748 3307 σαυτὸν
784 3258 884 3327 μὲν
915 3257 1101 3328 γνοίης
1126 3298 1141 3322 ,
1168 3261 1298 3324 τοὺς
1329 3262 1387 3315 δὲ
1414 3263 1654 3336 πένητας
1679 3266 1792 3320 ἀδια-

196 3340 317 3394 κῶν
364 3342 696 3416 ἀποσταίης,
730 3347 820 3401 τὸν
852 3347 911 3402 δὲ
954 3350 1149 3421 κριτὴν
1190 3350 1500 3421 ἐξιλάσαιο,
1551 3359 1700 3428 ἡμᾶς
1730 3377 1791 3413 τε

191 3430 294 3483 ἐπὶ
323 3434 394 3503 τῇ
427 3433 626 3488 σαυτοῦ
668 3437 927 3511 μετανοίᾳ
965 3437 1306 3512 εὐφροσύνης
1337 3441 1627 3515 ἐμπλήσας
1655 3445 1789 3517 (44).

445 3730 586 3786 ΣΙΝ.
619 3761 690 3774 -
717 3733 1045 3807 ΘΕΟΔΟΣΙῼ
1077 3738 1544 3815 ΠΡΕΣΒΥΤΕΡῼ.

1894 3273 2315 3331 misericordia?
2361 3287 2483 3342 quae
2527 3270 2762 3338 denique
2799 3267 3003 3321 venia?
3048 3266 3177 3324 Haec
3220 3270 3481 3341 lacrymis

1893 3366 2286 3439 propemodum
2321 3364 2559 3419 miscens
2584 3370 2952 3416 atramentum
2981 3362 3049 3414 ad
3080 3370 3133 3415 te
3157 3364 3476 3433 conscripsi,

1888 3466 1957 3513 ut
1982 3456 2201 3515 tandem
2232 3456 2461 3526 teipsum
2491 3452 2735 3516 noveris,
2761 3452 2903 3507 etab
2927 3449 3122 3519 injuria
3150 3454 3479 3522 pauperibus

1881 3547 2178 3605 inferenda
2199 3561 2402 3612 cesses,
2417 3560 2483 3602 ac
2502 3544 2740 3616 judicem
2766 3543 2933 3599 Deum
2955 3543 3227 3614 placatum
3252 3546 3472 3613 reddas,

1890 3654 2103 3711 nosque
2133 3648 2228 3695 tua
2260 3636 2639 3708 resipiscentia
2672 3635 2870 3707 gaudio
2898 3636 3191 3705 compleas.

2066 3749 2251 3806 CCXI.
2286 3777 2361 3790 —-
2398 3745 2793 3803 THEODOSIO
2825 3742 3312 3803 PRESBYTERU.

820 3823 1002 3880 Virum
1034 3829 1336 3899 religiosum
1363 3837 1781 3905 peregrinantem
1810 3844 2162 3909 commendat,
2199 3851 2255 3895 ut
2289 3841 2514 3909 hospitio
2550 3842 2866 3911 excipiatur.

278 3928 448 3997 Ἀνήρ
491 3928 857 4001 διαφεροντως
882 3937 951 4006 τῇ
994 3935 1245 4011 θειοτάτῃ
1279 3939 1544 4015 θρησκείᾳ
1571 3945 1791 4000 ἀνακεί-

192 4038 382 4092 μενος,
410 4022 503 4074 καὶ
528 4024 639 4086 τοῖς
660 4023 729 4078 τὰ
752 4024 893 4080 αὐτά
917 4029 1065 4100 αύτῷ
1092 4030 1368 4100 μετιοῦσιν
1389 4036 1631 4107 ἐντυχεῖν
1662 4058 1728 4093 πε
1738 4040 1792 4111 pi.

190 4111 399 4165 πολλοῦ
432 4115 774 4185 ποιούμενος,
810 4119 1038 4174 κάκεῖσε
1071 4123 1316 4192 ἀφῖκται.
1348 4126 1583 4196 Ξεναγὺς
1611 4129 1789 4185 τοίνυν

190 4204 405 4273 ἀγαθὸς
450 4207 599 4278 αύτῷ
637 4209 821 4279 γενοῦο
855 4212 941 4266 ἵνα
990 4214 1052 4267 σέ
1091 4232 1152 4268 τε
1200 4219 1296 4271 καὶ
1338 4217 1438 4283 τὰς
1484 4220 1650 4285 ἄλλας
1686 4223 1785 4293 τῆς

188 4299 401 4369 ἀρετῆς
446 4299 783 4374 Θεασάμενος
812 4306 1068 4376 εἰκόνας,
1122 4308 1379 4389 ἐμπλήσῃ
1437 4312 1530 4367 τὸν
1584 4316 1780 4371 οἰκεῖοιν

190 4389 397 4461 ἔρωτα.

442 4503 585 4559 ΣΙΒ’.
620 4536 691 4545 —
718 4507 1017 4587 Arroth
1042 4510 1506 4568 ΚΟΡΡΗΚΤΩΡΙ.

1809 4510 1860 4567 D

1964 3949 2063 4006 Hic
2088 3950 2174 4007 vir
2204 3950 2397 4006 divinae
2428 3950 2741 4020 religionis,
2784 3962 2843 4006 ut
2894 3955 3099 4009 incidat
3148 3957 3200 4009 in
3225 3971 3352 4020 eos,
3384 3957 3475 4025 qui

1891 4044 2138 4098 eamdem
2166 4050 2384 4108 tenent,
2433 4043 2500 4097 ad
2546 4058 2643 4099 vos
2687 4045 3072 4113 proﬁciscitur.
3128 4048 3260 4101 Esto
3293 4047 3476 4117 itaque

1891 4138 2066 4192 bonus
2092 4135 2166 4190 illi
2192 4149 2256 4189 ac
2282 4133 2546 4205 benignus
2570 4135 2790 4205 hospes,
2819 4147 2878 4192 ut
2907 4146 2957 4194 te
2987 4148 3217 4208 tuasque
3246 4140 3475 4195 intuitus

1890 4227 2122 4283 virtutes
2154 4240 2340 4281 amore
2370 4225 2778 4295 complectatur.

2108 4513 2313 4575 CCXII.
2348 4546 2419 4556 —
2456 4514 2759 4572 AUSONIO
2790 4516 3253 4576 CORRECTORI.

687 4599 887 4655 Rustici
915 4618 1136 4657 causam
1167 4608 1516 4676 commendat,
1539 4625 1692 4681 quem
1721 4610 1907 4665 rabula
1937 4610 2157 4680 quidam
2188 4624 2313 4665 rure
2341 4610 2410 4663 ad
2433 4607 2610 4679 {orum
2647 4621 2978 4667 extraxerat.

277 4721 497 4793 Ἐπειδὴ
536 4724 680 4796 ἀνήρ
708 4743 794 4788 τις
840 4727 1096 4798 ἀγοραῖος
1129 4731 1244 4801 (45)
1267 4770 1282 4795 ,
1310 4732 1612 4803 πράγματα
1652 4733 1777 4804 βου-

187 4810 420 4881 λόμενος
450 4818 754 4886 παρασχεῖν
782 4817 1055 4891 ἀνθρώπῳ
1088 4820 1488 4897 ἀπραγμοσύνῃ
1519 4823 1774 4892 συζῶντι,

188 4903 446 4957 εἵλκυσεν
478 4907 642 4959 αὑτὸν
676 4910 756 4971 είς
792 4909 1163 4981 δικαστήριονο
1195 4914 1554 4981 καταξίωσον,
1586 4915 1779 4971 θᾶττον

192 4992 300 5062 μὲν
348 4994 588 5049 κωλύσαι
620 4997 812 5051 τοῦτον
838 4999 1112 5071 ἀδικῆσαν
1149 5008 1314 5077 χαριῇ
1345 5005 1452 5076 γάρ
1481 5006 1648 5077 αὐτῷ·
1690 5008 1781 5061 τὸν

186 5084 247 5137 δὲ
287 5085 368 5148 εἰς
400 5087 500 5157 τὴν
541 5090 832 5161 ἀγροικίαν
871 5092 1105 5163 πέμψαι,
1152 5098 1253 5169 τῆς
1303 5097 1463 5170 φίλης
1509 5100 1783 5172 γεωργίας

188 5176 293 5247 τήν
334 5178 601 5235 ἀντίδοσιν
632 5183 1038 5257 ἀσπασόμενον.

269 5356 320 5387 ’⁸⁵
344 5354 477 5411 Luc.
512 5372 628 5426 xvr,
651 5359 741 5416 25.

1954 4734 2179 4802 Quando
2223 4734 2533 4790 causidicus
2578 4735 2802 4805 quidam
2853 4738 3134 4807 negotium
3193 4739 3470 4798 favesccre

1884 4826 2115 4895 studens
2135 4826 2320 4898 quiete
2348 4841 2414 4881 ac
2444 4825 2738 4897 tranquille
2758 4826 2978 4897 degenti
3024 4828 3078 4883 in
3099 4828 3189 4896 jus
3214 4844 3338 4884 eum
3365 4845 3467 4884 ex-

1881 4918 2154 4987 traxerit,
2208 4920 2449 4991 digneris
2499 4935 2663 4990 quam
2720 4920 2959 4987 primum
3012 4920 3185 4990 ipsius
3241 4921 3468 4991 injurias

1877 5025 2150 5067 coercere.
2194 5011 2421 5067 Gratum
2469 5012 2520 5065 id
2550 5012 2695 5066 enim
2751 5010 2827 5069 illi
2862 5013 3093 5069 accidet.
3153 5014 3306 5071 llunc
3335 5030 3469 5071 vero

1882 5119 1972 5159 rus
2000 5106 2183 5169 mitte,
2234 5116 2401 5177 gratae
2439 5105 2538 5175 ipsi
2564 5103 2911 5177 agriculturae
2964 5108 3464 5164 remunerationem

1881 5204 2251 5267 accepturum.

1298 5474 1533 5530 VARle
1576 5476 1962 5535 LECTIONES
2000 5479 2085 5534 ET
2118 5481 2355 5541 ΝΟΤΔΕ.

272 5626 388 5695 (44)
425 5626 529 5682 Pro
590 5628 879 5700 ἐμπλήσας
929 5630 1088 5685 iidem
1134 5631 1349 5703 legunt,
1412 5634 1774 5706 ἐμπλήσειας.

180 5696 614 5844 Ροῗῖὲῗβειύὺυ
648 5770 945 5844 νάγόραιος,
973 5788 1102 5844 non
1157 5783 1216 5828 ut
1259 5774 1461 5844 editum
1511 5775 1607 5831 Gr.
1648 5777 1779 5844 ἀγο-

204 5838 380 5909 patec.
411 5838 729 5898 Ammonius
771 5838 920 5898 enim
953 5842 1018 5898 de
1048 5858 1239 5901 vocum
1284 5842 1620 5913 differentiis,
1663 5838 1779 5904 sive

1885 5638 2010 5724 quis
2048 5638 2199 5724 alius.
2224 5650 2415 5724 auctor
2443 5658 2527 5699 est
2558 5665 2570 5699 :
2617 5648 2900 5724 ᾋγόραιος
2942 5653 3199 5724 σημαίνει
3229 5651 3335 5724 τὸν
3364 5671 3467 5707 πο-

1886 5708 2053 5777 νηρὸν
2086 5711 2143 5763 ἐν
2174 5711 2351 5782 ἀγορᾷ
2378 5708 2761 5788 κεσχαμμένον
2792 5719 2857 5791 (?)
2878 5708 2900 5749 ί
2926 5708 3182 5793 ἀγόραιος
3203 5724 3260 5778 δὲ
3290 5722 3383 5777 τὸν
3408 5725 3467 5777 ἐν

1885 5778 2063 5850 ἀγορᾷ
2083 5780 2413 5853 τιμώμενον.
2442 5783 2548 5839 Sed
2572 5787 2622 5841 id
2648 5804 2754 5843 non
2790 5791 3002 5847 videtur
3025 5795 3230 5848 servari
3260 5805 3463 5853 usoue-
3518 5828 3521 5831 ν

1885 5809 2063 5850 appr,
2083 5809 2413 5851 ἰιμωμξνυν.
2442 5809 2548 5839 aeu
2572 5809 2622 5841 lu
2648 5809 2754 5843 non
2790 5809 3002 5847 Vluetur
3025 5809 3230 5848 servart
3260 5809 3363 5866 usq

1884 5861 2121 5921 quaque.
2156 5859 2213 5907 ut
2234 5852 2396 5913 epist.
2426 5855 2548 5925 185,
2592 5874 2713 5930 pag.
2743 5859 2829 5926 96,
2866 5862 3028 5918 v.15.
3062 5862 3273 5921 Scaon
