3982 6420
537 401 673 467 1459

638 508 800 581 623
868 508 1095 565 CCXIII.
1125 544 1194 552 —
1233 508 1488 567 ZOSIMO
1521 510 2001 568 PRESBYTERO.

1700 407 1759 467 S.
1802 405 2093 466 ISIDORI
2130 403 2570 467 PELUSIOT/E

2139 521 2186 577 Α

3652 391 3774 457 1460

2485 509 2626 565 XII".
2667 537 2736 549 —
2770 506 3022 578 ΖΩΣῘΜῼ
3053 501 3518 574 ΠΡΕΣΒΥΤΕΡῼ.

1158 625 1430 695 Exemplis
1461 627 1634 696 potius
1664 643 1824 698 quam
1855 627 2022 682 verbis
2051 625 2402 682 suadendum.
2438 625 2676 698 (Confer.
2713 625 2866 694 epist.
2891 622 3022 686 2'55,
3053 619 3204 685 508.)

605 736 722 792 Non
752 738 950 803 verbis,
975 736 1116 793 bone
1139 741 1244 805 vir,
1271 736 1549 795 inescandi
1576 739 1870 802 auditores.
1901 741 1995 795 sed
2021 755 2109 795 re-

537 828 651 896 ipsa
686 838 739 881 et
779 828 1073 898 exemplis,
1097 829 1190 898 qui
1222 843 1322 884 nos
1347 837 1578 884 cernunt
1621 831 1896 886 trahendi.
1937 829 2115 886 Mores

535 920 682 973 enim
727 922 1100 987 persuadentis
1123 922 1415 976 venerandi
1453 931 1615 988 sunt,
1653 938 1760 978 non
1790 924 1987 980 oratio.
2031 924 2114 978 Illi

535 1011 679 1063 enim
708 1020 1014 1080 spectantes
1036 1012 1280 1079 flectunt,
1309 1015 1424 1068 haec
1445 1027 1577 1068 vero
1602 1013 1876 1070 auditores
1903 1014 2110 1084 fatigat.

536 1100 724 1170 Igitur,
764 1102 910 1170 quod
954 1103 1138 1158 dicere
1178 1103 1421 1159 volebam
1446 1141 1466 1171 ,
1513 1119 1659 1159 nunc
1701 1104 1947 1161 eIIeram.
2015 1103 2113 1160 Vir

536 1191 755 1256 quidam
783 1193 982 1248 virtute
1005 1202 1228 1250 ornatus
1259 1194 1417 1248 valde
1449 1194 1542 1250 tibi
1587 1195 1920 1266 indignatur,
1944 1197 2114 1252 multa

536 1285 754 1353 quidem
798 1285 1042 1341 referens
1062 1325 1078 1349 ,
1120 1303 1286 1342 unum
1311 1301 1440 1342 vero
1466 1287 1746 1344 admirans
1765 1327 1781 1352 ,
1815 1289 2111 1358 quomodo,

535 1389 657 1429 etim
681 1373 936 1430 Ecclesia:
961 1376 1036 1430 sis
1077 1377 1332 1445 probrum
1361 1415 1376 1440 ,
1400 1375 1567 1430 vitam
1615 1376 2020 1432 immaculatam
2043 1393 2111 1433 ex

536 1468 876 1522 orationibus
903 1468 1161 1522 aestimari
1209 1467 1504 1523 sustineas.
1571 1467 1627 1522 Si
1666 1469 1809 1522 enim
1851 1484 1972 1539 qua:
2017 1483 2114 1523 sua

537 1568 703 1623 sunt,
733 1561 941 1628 inquit,
964 1558 1217 1624 confert,
1246 1568 1394 1627 petat
1422 1575 1437 1624 ;
1471 1559 1515 1614 si
1542 1574 1670 1614 vero
1695 1568 1749 1613 et
1773 1561 1907 1614 alios
1935 1561 2116 1629 inqui-

537 1667 668 1706 nare
717 1667 782 1705 ex
833 1651 1079 1717 turpibus
1113 1650 1227 1704 suis
1274 1658 1448 1719 potest
1494 1649 1844 1712 actionibus,
1893 1665 2001 1718 qua
2051 1653 2117 1705 de

2285 739 2364 793 υύ
2402 741 2471 810 τῇ
2507 737 2708 809 φράσει
2753 735 2895 807 χρὴ,
2943 726 2989 786 ὦ
3037 729 3309 801 βέλτιστε,
3363 723 3782 792 καταγοητεύειν

2215 831 2344 896 τοὺς
2375 830 2793 901 ἀκροωμένους,
2819 825 2962 880 ἀλλὰ
2989 826 3056 894 τῇ
3090 820 3288 892 πράξει
3317 816 3637 890 χειροῦσθαι
3668 817 3783 879 τοὺς

2218 923 2556 994 θεωμένουςο
2583 923 2611 974 6
2651 919 2858 991 τρόπος,
2879 916 2988 987 γάρ
3014 918 3130 969 ἐστι
3156 912 3252 967 τοῦ
3279 911 3561 971 πείθοντος
3592 911 3620 961 6
3651 907 3785 960 αἰδέ-

2218 1031 2407 1084 σιμος,
2449 1015 2548 1084 οὐχ
2580 1014 2608 1065 6
2640 1010 2820 1078 λόγος.
2869 1007 2930 1063 Ὀ
2960 1006 3057 1078 μὲν
3085 1005 3194 1074 γὰρ
3221 1002 3497 1064 δυσωπεῖ,
3537 999 3568 1051 6
3607 997 3667 1051 δὲ
3713 998 3786 1048 ὲν-

2213 1105 2384 1176 οχλεῖ.
2415 1104 2480 1158 Τί
2509 1103 2690 1156 τοίνυν
2724 1100 2986 1173 βούλομαι
3023 1099 3220 1159 εἰπεῖν,
3249 1093 3466 1164 φράσω
3517 1089 3684 1158 Ἀνήρ
3713 1104 3784 1148 τις

2211 1198 2319 1252 τῶν
2357 1197 2530 1268 ἀρετῇ
2564 1193 3034 1268 κεκοσμημένων,
3074 1188 3240 1250 πολὺς
3278 1185 3430 1256 ἔρρει
3480 1179 3630 1234 κατὰ
3668 1178 3785 1242 σοῦ,

2212 1288 2383 1343 πολλὰ
2429 1288 2529 1358 μὲν
2576 1286 2837 1357 φράζων,
2890 1283 2949 1336 ἓν
2998 1281 3056 1335 δὲ
3088 1277 3426 1348 θαυμάζων,
3479 1271 3600 1336 πῶς
3643 1269 3788 1338 κηλὶς

2220 1380 2295 1432 ῶν
2331 1378 2433 1448 τῆς
2478 1377 2826 1446 Ἐκκλησίας,
2858 1371 3189 1444 ἀκηλίδωτον
3225 1367 3342 1438 βίον
3375 1366 3434 1416 ὲν
3463 1364 3586 1424 ταῖς
3616 1360 3787 1428 εύχαῖς

2214 1470 2400 1525 λαϐεῖν
2454 1469 2645 1534 ἀξιοῖς.
2678 1466 2740 1520 Ei
2799 1465 2897 1537 μὲν
2929 1465 3038 1534 γὰρ
3087 1461 3156 1513 τά
3193 1459 3322 1528 παρ’
3363 1453 3590 1520 ἑαυτοῦ,
3615 1451 3788 1521 φησὶν,

2213 1562 2496 1632 εἰσφέρει,
2548 1560 2797 1614 αἰτείτω·
2851 1555 2960 1609 εἰδὲ
2995 1555 3088 1608 καὶ
3117 1551 3312 1613 ἄλλους
3354 1549 3545 1618 μιᾶναι
3583 1547 3648 1597 ὲκ
3693 1544 3788 1596 τῶν

2213 1654 2508 1723 αἰσχίστων
2538 1649 2704 1704 αὐτοῦ
2740 1648 2996 1720 πράξεων
3021 1641 3130 1708 οἷός
3158 1644 3218 1696 τέ
3256 1645 3374 1694 ἐστι
3395 1680 3409 1703 ,
3436 1639 3503 1692 δι’
3529 1641 3596 1708 ἣν
3624 1635 3788 1723 αἰτίαν

537 1757 699 1795 causa
727 1742 779 1794 id
803 1751 956 1811 Oplal.
981 1741 1276 1810 consequi,
1307 1740 1448 1809 quod
1489 1740 1688 1795 habere
1716 1741 1896 1795 nolit?
1941 1743 2111 1811 Equi-

2225 1719 2372 1798 τοῦτο
2403 1742 2621 1813 εὔχεται
2649 1719 2857 1803 λαϐεῖν,
2888 1737 2917 1790 6
2946 1735 3090 1806 ἔχειν
3121 1733 3180 1785 ού
3206 1731 3382 1795 θέλεις
3406 1727 3561 1828 ἐΕγὼ
3592 1725 3689 1828 μὲν

537 1835 657 1887 dem
709 1833 904 1886 rubore
945 1830 1295 1886 sull‘undebar
1322 1831 1551 1885 audiens
1575 1871 1591 1898 ,
1623 1839 1938 1900 terramque
1971 1832 2116 1900 aspi-

535 1923 779 1988 ciebam,
803 1939 867 1978 ac
906 1939 970 1978 ne
991 1939 1051 1978 os
1082 1922 1302 1992 quidem
1338 1923 1550 1991 aperire
1577 1932 1842 1991 poteram.
1886 1922 2110 1988 Verum,

536 2018 627 2084 qui
676 2015 1126 2082 aderant,claris
1171 2015 1318 2069 illum
1357 2014 1706 2085 applausibus
1750 2015 2113 2080 honorabant,

537 2124 704 2162 unum
730 2107 938 2163 causati
958 2146 973 2172 ,
1001 2123 1105 2161 non
1143 2107 1384 2177 potuisse
1405 2106 1676 2161 inscitiam
1704 2114 1848 2158 luam
1877 2120 1975 2175 pro
2001 2121 2114 2160 meo

537 2203 644 2255 rito
699 2200 1108 2269 depraedicare:
1167 2208 1222 2252 tu
1269 2199 1450 2269 itaque
1492 2199 1705 2265 videto,
1749 2213 1855 2266 qua
1905 2199 2114 2253 ratione

539 2294 678 2346 hanc
712 2292 1190 2360 reprehensionem
1227 2290 1483 2359 depellas.

764 2398 996 2454 CCXIV.
1024 2429 1094 2438 -—-
1127 2398 1356 2455 PAULO
1393 2397 1876 2453 PRESBYTERO.

2221 1833 2498 1905 ἠρυθρίων
2537 1829 2750 1886 ἁκούων
2771 1868 2786 1892 ,
2819 1827 2917 1882 καὶ
2941 1827 3229 1897 προσεῖχον
3259 1824 3339 1884 εἰς
3367 1818 3474 1888 γῆν
3500 1860 3515 1884 ,
3552 1818 3643 1869 καὶ
3680 1814 3787 1868 οὐδὲ

2215 1927 2400 1998 διᾶραι
2418 1925 2481 1980 τὸ
2504 1925 2676 1995 στόμα
2704 1924 2887 1993 ἴσχυον
2910 1934 2924 1949 ⁸
2949 1920 2998 1972 oi
3021 1918 3077 1971 δὲ
3105 1915 3374 1986 παρόντες
3405 1910 3622 1982 κρότοις
3657 1908 3787 1960 ἐκεῖ·

2224 2038 2307 2075 δον
2337 2020 2666 2088 ἐστεφάνουν
2710 2016 3014 2086 λαμπροῖς,
3051 2011 3109 2064 ἓν
3148 2010 3310 2080 μόνον
3358 2004 3708 2073 αἰτιώμενοι,
3733 1999 3788 2053 τό

2220 2112 2297 2183 μὴ
2335 2110 2659 2183 δεδυνῆσθαι
2691 2107 2932 2172 ἐπαξίως
2974 2106 3075 2174 τῆς
3118 2103 3217 2173 σῆς
3257 2097 3623 2159 ἀπαιδευσίας
3661 2094 3788 2166 φρά-

2219 2220 2346 2259 σαι·
2382 2203 2551 2266 Αὐτὸς
2584 2197 2678 2255 οὖν
2711 2199 2942 2263 σκόπει,
2973 2197 3123 2260 ὅπως
3150 2192 3356 2263 ταύτην
3383 2188 3667 2260 άποτρίψῃ
3700 2187 3788 2257 τὴν

2218 2295 2534 2367 κωμῳδίαν.

2499 2403 2638 2457 ΣῐΔ’.
2674 2433 2745 2442 ——
2781 2401 3015 2471 ΠΑΥΛῼ
3049 2393 3515 2464 ΠΡΕΣΒΥΤΕΡῼ,

537 2490 663 2546 Non
692 2492 756 2545 de
784 2491 979 2544 levibus
1010 2489 1358 2559 [milibusque
1407 2491 1558 2544 rebus
1603 2491 1877 2544 conciones
1915 2490 2187 2615 habendis.
2217 2495 2398 2633 (Ct)mf.
2423 2497 2578 2564 epist.
2617 2493 2741 2557 H9,
2782 2490 2882 2547 201
2913 2500 2960 2545 et
3004 2489 3130 2545 253.
3160 2487 3229 2543 1η
3274 2487 3533 2557 loquendo
3563 2482 3788 2538 conside-

2037 2578 2132 2615 run
2178 2581 2283 2619 um.

2037 2578 2283 2619 γιιηαιιηι.

607 2669 752 2724 Cave
796 2667 954 2723 exilia
994 2664 1258 2736 falsaque,
1295 2666 1389 2720 sed
1425 2666 1602 2735 potius
1627 2681 1748 2736 qua:
1777 2665 1924 2720 dictu
1949 2666 2111 2735 digna

537 2771 703 2826 sunt,
747 2761 948 2828 passim
989 2773 1197 2813 narres.
1239 2756 1491 2827 Plerique
1516 2759 1661 2812 enim
1695 2758 1884 2828 nugari
1931 2769 1983 2812 te
2011 2774 2112 2827 pu-

541 2863 748 2916 tantes,
793 2863 850 2907 et
887 2853 997 2907 cito
1025 2853 1272 2916 abeunt,
1305 2860 1362 2904 et
1403 2849 1559 2906 facile
1587 2849 1850 2920 culpant,
1897 2850 2114 2919 citoque

540 2945 894 3012 persuadent.

747 3049 953 3107 ccxv.
983 3080 1053 3092 -
1091 3045 1368 3105 DANIELI
1409 3034 1897 3105 PRESBYTERO.

2293 2670 2385 2742 Μὴ
2422 2671 2552 2741 περὶ
2593 2669 2808 2742 μικρῶν
2841 2669 2936 2722 καὶ
2977 2667 3197 2737 φαύλων
3217 2709 3232 2732 ,
3265 2665 3405 2720 ἀλλὰ
3433 2663 3564 2734 περὶ
3603 2654 3676 2714 ὧν
3707 2658 3787 2710 λέ.

2224 2778 2342 2829 γειν
2381 2761 2528 2829 ἄξιον
2565 2764 2680 2825 τοῖς
2714 2760 3103 2830 ἐντυγχάνουσι
3152 2757 3350 2829 φράζε,
3398 2754 3661 2824 Φλυαρεῖν
3690 2749 3786 2820 γάρ

2227 2867 2287 2904 σε
2325 2853 2637 2923 νομίζοντες
2679 2852 2895 2916 πολλοὶ,
2935 2851 3030 2904 καὶ
3057 2848 3396 2918 ἁποφοιτῶσι
3424 2849 3665 2916 ταχέως,
3703 2842 3786 2896 καὶ

2225 2943 2504 2998 αἰτιῶνται
2539 2944 2759 3015 ῥαδίως,
2789 2944 2886 2998 καὶ⁹
2914 2941 3193 2996 πείθουσιν
3227 2941 3418 3008 ὀξέως.

2476 3053 2616 3108 ΣΙΕ’.
2656 3081 2728 3092 --·
2763 3051 3026 3106 ΔΑΝΙΗΛ
3070 3048 3544 3121 ΠΡΕΣΒΥΤΕΡῼ.

540 3167 626 3221 Ne
657 3166 912 3220 malorum
944 3165 1194 3234 felicitate
1225 3165 1280 3219 in
1320 3165 1418 3219 hoc
1450 3167 1645 3220 seculo
1675 3165 1996 3235 oﬂ‘endatur,
2023 3166 2133 3292 sieod5
2161 3168 2288 3293 Ιιῖῗέ
2309 3170 2678 3308 riertitudinem
2709 3170 2930 3224 extremi
2965 3165 3161 3234 judicii
3189 3165 3392 3219 credat.
3440 3160 3618 3235 (Cani.
3644 3171 3786 3230 epist.

609 3344 692 3400 Ne
717 3355 765 3401 te
799 3360 827 3399 a
865 3355 1042 3414 coepto
1069 3345 1286 3401 virtutis
1309 3385 1324 3408 .
1353 3360 1389 3400 ο
1417 3348 1558 3401 bone
1594 3345 1699 3410 vir,
1741 3357 1953 3402 avertat
2002 3355 2116 3402 tra-

2294 3350 2385 3418 Μὴ
2432 3367 2566 3414 σου,
2611 3344 2656 3403 ῶ
2709 3348 2982 3420 μακάριε,
3034 3347 3129 3402 τὸν
3168 3349 3248 3411 είς
3290 3344 3389 3418 τὴν
3441 3343 3639 3414 ἀρετὴν
3675 3339 3786 3412 δρό-

537 3441 706 3503 mite,
748 3441 892 3507 quod
937 3438 1190 3494 Zosimns
1234 3439 1480 3509 impurus
1515 3439 1736 3509 Deoque
1779 3442 2015 3508 invisus,
2058 3449 2119 3496 ut

539 3529 734 3584 scribis
756 3568 772 3595 ,
805 3528 978 3583 sacris
1026 3528 1229 3583 initiari
1273 3543 1440 3584 ausus
1467 3527 1662 3594 fuerit,
1692 3531 1777 3585 vel
1803 3532 2118 3587 sacriﬁcare

539 3621 770 3677 audeat:
815 3621 946 3690 quin
991 3621 1167 3690 potius
1213 3623 1314 3676 hoc
1333 3622 1401 3674 ad
1435 3623 1863 3677 confirmandum
1895 3624 1996 3678 fide
2025 3638 2120 3677 va-

539 3713 648 3768 leat
673 3711 915 3766 futurum
938 3714 1160 3768 omnino
1178 3711 1463 3781 judicium,
1490 3727 1598 3782 quo
1623 3713 1921 3767 secundum
1951 3727 2118 3782 opera

539 3806 738 3875 cuique
766 3806 1039 3860 reddetur.
1089 3807 1144 3860 Si
1169 3807 1314 3861 enim
1355 3807 1443 3862 hic
1464 3822 1656 3863 omnes
1705 3807 2000 3878 promerita
2026 3821 2119 3862 ac-

540 3899 819 3968 ciperent,
865 3898 1012 3967 impii
1040 3899 1259 3968 quidem
1301 3913 1523 3968 pinnas,
1571 3899 1704 3968 justi
1743 3913 1872 3953 vero
1895 3899 2117 3967 praemia

540 3990 782 4055 virtutis,
810 4004 1268 4058 supervacaneum
1293 4000 1438 4046 esset
1474 3990 1760 4058 judicium.
1807 3989 1864 4045 Si
1901 3990 2118 4059 quidem

543 4079 696 4133 multi
743 4080 868 4133 mali
917 4079 970 4134 in
1021 4080 1125 4136 hoc
1157 4081 1355 4135 nmndo
1380 4091 1546 4151 agunt
1592 4080 1822 4136 feliciter
1868 4100 1881 4135 :
1928 4090 2119 4135 contra

541 4187 672 4226 vero
700 4171 833 4240 justi
875 4188 1016 4241 saepe
1051 4173 1295 4228 adversis
1324 4173 1727 4228 conflictantur.
1777 4171 1834 4226 Id
1883 4172 2014 4241 ipsis
2043 4181 2121 4225 tu-

544 4264 770 4316 multum
798 4264 1053 4329 roncitat,
1081 4265 1224 4333 quod
1257 4266 1469 4318 turbam
1508 4265 1904 4332 tmnultumque
1932 4263 2120 4314 tollere

542 4353 764 4408 deberet
788 4353 999 4418 merito,
1027 4356 1167 4422 quod
1193 4369 1290 4424 pro
1314 4352 1513 4408 merito
1534 4354 1731 4422 cuique
1753 4351 2116 4406 distribuitur.

539 4447 732 4517 Neque
757 4449 899 4502 enim
943 4449 1122 4518 justus
1144 4448 1285 4504 foret
1323 4449 1486 4514 Deus,
1510 4450 1603 4518 qui
1641 4449 1754 4503 hanc
1777 4446 1956 4502 futura
1994 4463 2121 4516 pro-

543 4537 771 4600 viderit,
818 4539 920 4592 nisi
945 4539 1268 4604 verborum,
1298 4540 1602 4604 actionum,
1638 4548 1801 4607 atque
1835 4539 2120 4606 cogitatio-

541 4639 669 4679 num
720 4626 986 4680 rationem
1031 4638 1218 4695 postea
1260 4629 1640 4693 redderemus,
1676 4636 1732 4682 et
1777 4627 1862 4681 his
1900 4627 2117 4693 quidem

541 4717 796 4786 praemia,
829 4717 934 4772 illis
968 4733 1097 4773 vero
1128 4734 1320 4789 poenas
1349 4720 1688 4774 decerneret.

755 4825 987 4881 CCXVI.
1022 4857 1090 4868 —
1125 4826 1517 4881 STRATEGIO
1549 4823 1902 4881 MONACHO.

2226 3459 2328 3512 μον
2352 3441 2464 3511 (46)
2493 3442 2554 3494 τὸ
2579 3441 2776 3512 μιαρὸν
2808 3441 2901 3495 καὶ
2935 3441 3161 3510 θεομισῆ
3188 3483 3202 3504 ,
3237 3440 3314 3500 ὡς
3335 3437 3653 3507 γέγραφας,
3687 3431 3784 3485 Ζώ-

2225 3551 2382 3605 σιμον
2417 3534 2668 3606 ἱερᾶσθαι
2696 3533 2903 3604 τολμᾷν
2925 3546 2938 3560 ⁸
2970 3531 3086 3585 ἀλλ’
3128 3529 3261 3584 αύτδ
3290 3527 3450 3582 τοῦτό
3499 3543 3558 3580 σε
3604 3524 3784 3594 μᾶλλον

2227 3626 2480 3696 ρωννύτω
2508 3628 2588 3689 είς
2615 3627 2675 3679 τὸ
2708 3625 2980 3678 πιστεύειν
3016 3623 3236 3685 πάντως
3265 3617 3403 3673 εἶναι
3434 3620 3646 3690 κρίσιν,
3674 3618 3726 3668 ἐν

2225 3718 2440 3787 ἑκάστῳ
2474 3717 2535 3770 τὸ
2561 3718 2870 3789 πρόσφορον
2894 3713 3396 3785 ἀπονεμηθήσεται.
3429 3712 3492 3764 Εἰ
3524 3711 3633 3778 γὰρ
3664 3708 3784 3761 πάν-

2223 3824 2314 3871 τες
2358 3807 2592 3861 ἐνταῦθα
2638 3807 3022 3877 ἀπελάμϐανον
3073 3806 3142 3859 τά
3191 3803 3573 3875 προσήκοντα,
3621 3802 3666 3853 oi
3700 3800 3786 3869 μὲν

2223 3897 2324 3960 τὰς
2369 3897 2638 3966 ἀμοιϐὰς,
2683 3900 2730 3951 οἱ
2775 3898 2833 3951 δὲ
2877 3897 3210 3968 τάπίχειρα,
3241 3893 3496 3966 περιττὸς
3525 3889 3594 3964 ἦν
3631 3895 3658 3944 6
3700 3891 3785 3958 τῆς

2224 3989 2458 4061 κρίσεως
2486 3989 2664 4058 λόγος.
2709 3989 2924 4060 Ἐπειδὴ
2955 3989 3013 4043 δὲ
3038 3987 3222 4042 πολλοὶ
3253 3985 3350 4058 μὲν
3374 3986 3570 4054 φαῦλοι
3601 3983 3783 4052 εύημεο

2227 4079 2417 4151 ροῢσι,
2456 4081 2644 4134 πολλοὶ
2682 4080 2738 4133 δὲ
2774 4080 3051 4134 σπουδαῖοι
3091 4077 3641 4150 παρευημεροῦνται,
3669 4072 3786 4127 αὐτὸ

2225 4172 2384 4226 τοῦτο
2403 4172 2431 4224 ὃ
2452 4172 2544 4225 τὸν
2575 4173 2800 4243 θόρυϐον
2819 4175 2983 4238 ποιεῖ,
3010 4173 3105 4225 τοῦ
3129 4170 3358 4242 θορύϐου
3391 4169 3486 4222 καὶ
3511 4169 3611 4238 τῆς
3634 4182 3784 4235 ταρα-

2225 4264 2327 4334 χῆς
2357 4263 2560 4334 ὀφείλει
2591 4260 2729 4318 εἶναι
2779 4263 3157 4335 ἀναιρετικὸν,
3196 4265 3279 4317 ὅτι
3318 4262 3533 4332 ἑκάστῳ
3561 4261 3621 4313 τὸ
3665 4255 3785 4327 πρέο

2225 4373 2326 4408 πον
2368 4355 2785 4427 ἀποδοθήσεται.
2830 4357 2907 4409 Οὐ
2959 4356 3066 4428 γὰρ
3115 4356 3182 4409 ἂν
3224 4355 3432 4413 δίκαιος
3479 4354 3554 4406 ῶν
3599 4354 3627 4405 6
3669 4349 3786 4410 Θεὸς

2225 4445 2396 4498 ταῦτα
2429 4446 2668 4515 περιεῖδε
2714 4446 3007 4517 γινόμενα,
3054 4447 3106 4500 εί
3142 4445 3216 4518 μὴ
3258 4444 3450 4516 ἔμελλε
3502 4443 3599 4496 καὶ
3629 4441 3786 4508 λόγων

2226 4533 2322 4588 καὶ⁹
2377 4533 2630 4606 πράξεων
2693 4537 2788 4588 καὶ
2848 4535 3068 4589 ἐννοιῶν
3129 4536 3268 4606 μετά
3318 4532 3495 4586 ταῦτα
3555 4531 3788 4585 ἀπαιτεῖν

2226 4627 2456 4692 εὐθύνας
2475 4645 2489 4657 ·
2525 4627 2756 4692 καὶτοῖς
2787 4629 2887 4700 μὲν
2919 4630 3122 4700 τιμάς,
3159 4631 3274 4691 τοῖς
3301 4628 3358 4682 δὲ
3385 4629 3655 4699 τιμωρίας
3686 4624 3785 4696 ὁρί-

2145 4736 2198 4797 Ῑ)
2223 4721 2358 4785 ζειν.

2437 4831 2596 4896 Σῐςν.
2631 4860 2702 4869 -
2736 4829 3118 4903 ΣΤΡΑΤΗΓΙῼ
3151 4831 3552 4885 ΜΟΝΔΖΟΝΤΙ

1221 4915 1494 4970 Promittit
1523 4933 1577 4971 se
1600 4917 1888 4971 invisurum
1919 4916 2117 4972 amicos
2143 4919 2201 4972 in
2229 4925 2565 4974 monasterio.
2599 4920 2764 4990 (lnfr.
2792 4925 2944 4989 epist.
2979 4921 3132 4992 494.)

612 5028 733 5086 Jam
755 5045 864 5095 me,
893 5046 1014 5084 cum
1043 5031 1183 5083 bono
1212 5030 1318 5085 Deo
1341 5030 1514 5084 dicam
1536 5071 1550 5095 ,
1577 5030 1631 5084 in
1660 5031 1990 5085 monasterio
2019 5046 2116 5085 ex-

546 5132 749 5192 specta.
806 5122 1073 5176 Accedam
1103 5123 1243 5175 enim
1267 5160 1282 5186 ,
1322 5132 1378 5175 ut
1407 5131 1566 5176 antea
1588 5137 1802 5177 omnem
1832 5121 1998 5193 625,
2025 5122 2120 5178 Dei

547 5214 747 5267 cultmn
785 5213 1067 5282 inspiciam
1091 5252 1106 5274 ,
1135 5225 1186 5268 et
1217 5229 1312 5281 per
1338 5213 1518 5267 omnia
1543 5214 1918 5267 admirandum
1943 5213 2124 5271 Theo-

547 5306 756 5359 dosium
781 5306 893 5376 jam
918 5306 1122 5375 pridem
1153 5307 1382 5360 amicum
1407 5304 1632 5372 factum,
1655 5307 1864 5361 honore
1885 5309 2123 5362 maximo

549 5398 946 5468 complexurus.

2299 5033 2436 5103 Ἤδη
2482 5051 2548 5103 με
2570 5073 2585 5098 ,
2621 5034 2716 5086 σὺν
2749 5035 2868 5103 Θεῷ
2907 5035 2965 5088 δὲ
3015 5033 3258 5105 εἰρήσθω
3280 5077 3296 5101 ,
3343 5034 3708 5105 προσδόκησον
3735 5033 3783 5083 ἐν

2227 5123 2305 5194 τῷ
2339 5126 2685 5197 μοναστηρίῳ
2710 5143 2723 5155 ·
2765 5127 2882 5197 ἥξω
2923 5126 3032 5197 γὰρ
3061 5128 3159 5198 τὴν
3205 5127 3304 5198 σὴν
3346 5127 3453 5198 πρό
3482 5144 3544 5195 γε
3587 5126 3781 5179 πάντων

2225 5215 2492 5285 ὀψόμενος
2521 5216 2861 5279 θεοσέϐειαν,
2893 5217 2988 5270 καὶ
3025 5217 3117 5269 τὸν
3148 5216 3237 5269 διὰ
3277 5216 3459 5270 πάντα
3503 5214 3782 5285 θαυμάσιον

2225 5307 2505 5361 Θεοδόσιον
2519 5351 2537 5374 ,,
2572 5308 2660 5361 διὰ
2688 5308 2902 5380 μακροῦ
2940 5308 3053 5377 (47)
3099 5309 3252 5377 φίλον
3278 5308 3441 5374 ὄντα,
3478 5308 3571 5361 καὶ
3599 5305 3782 5375 σφόδρα

2225 5400 2357 5470 ἡμῖν
2387 5400 2785 5473 τετιμημένον,
2822 5400 3311 5472 περιπτυξόμενος.

1649 5571 1883 5632 νΑιιιΕ
1923 5575 2301 5632 LECTIONES
2340 5575 2428 5630 ET
2467 5575 2699 5632 NOTAE.

623 5734 732 5799 (46)
760 5734 901 5787 Inter
932 5735 1130 5802 apium;
1172 5744 1225 5791 et
1258 5734 1316 5788 τὸ
1349 5735 1592 5790 inserunt
1631 5733 1790 5789 ambo
1831 5733 1986 5791 codd.
2019 5736 2114 5788 ἐκ-

558 5803 819 5856 κοπτέτω.
852 5804 1058 5859 I‘ossm.

2297 5732 2411 5805 (67)
2441 5731 2544 5805 Pro
2577 5732 2664 5785 διὰ
2692 5736 2914 5805 μακροῦ
2946 5737 3106 5793 codd.
3147 5737 3271 5793 Vat.
3305 5735 3412 5792 650
3442 5745 3495 5793 ct
3521 5735 3624 5792 Αιι.
3656 5731 3771 5790 scri-

2232 5804 2362 5860 bunt
2396 5803 2483 5856 διὰ
2520 5803 2734 5874 μικροῦ.
2775 5803 2848 5859 lo.
