3982 6420
221 313 357 379 1461

538 427 677 482 ΣιΖο.
722 458 789 467 -
826 424 1156 496 ΑΡΠΟΚΡᾼ
1188 426 1504 496 sociam.

1150 312 1689 377 EPISTOLARUM
1725 312 1873 376 LIB.
1914 312 1987 376 ν.
2025 338 2093 348 -
2121 287 2360 374 EPIST.
2400 311 2653 377 CCXIX.

1733 488 1741 494 .
1848 435 1898 494 Α

3372 304 3520 373 Πιθὲ

2111 422 2366 480 CCXVII.
2397 453 2469 465 —
2502 417 2901 477 HARPOCBIE
2934 412 3319 474 SOPHISTzE.

964 541 1042 595 De
1074 542 1233 595 variis
1264 544 1532 598 rhetorum
1564 543 1772 597 dicendi
1808 540 2108 613 generibus.
2140 540 2380 613 (Confer.
2416 548 2570 609 epist.
2616 536 2765 607 145.)

288 646 417 698 Τῶν
478 644 840 715 συγγραφέων
891 645 943 699 οἱ
1000 646 1099 716 μὲν
1145 646 1372 717 αίσχρδν
1418 646 1681 718 ἡγοῦνται
1736 646 1812 718 μὴ

217 738 398 807 σαφὲς
448 741 661 803 εἰπεῖν,
716 741 767 792 oi
801 739 859 791 δὲ
903 740 962 792 ἐν
1012 742 1080 811 τῇ
1127 740 1371 812 ἀσαφείᾳ
1424 741 1664 795 τίθενται
1714 743 1814 812 τὴν

218 832 383 901 ίσχῦν
406 870 423 896 ,
468 832 565 885 καὶ
594 833 641 885 oi
677 831 777 903 μὲν
806 831 1009 902 τιμῶσι
1038 833 1099 886 τὸ
1124 834 1346 905 μέτριον
1365 873 1382 899 ,
1412 836 1462 888 oi
1488 834 1546 889 δὲ
1583 834 1689 899 ἔξω
1721 835 1816 905 φέ-

217 943 413 997 ρονται
442 927 553 980 τῶν
589 927 800 998 καιρῶν
822 944 836 958 ’
863 929 912 980 οἱ
942 928 1042 999 μὲν
1079 928 1191 982 τῶν
1226 929 1626 1001 ἠκριϐωμένων
1657 928 1814 984 ὤτων

217 1018 583 1087 στοχάζονται
603 1059 619 1084 ,
656 1021 768 1081 τοῖς
798 1018 855 1071 δὲ
888 1018 1050 1090 ἀρκεῖ
1078 1020 1147 1073 τά
1185 1020 1444 1091 μειράκια
1477 1023 1654 1075 σεῖσαι
1674 1036 1689 1051 ⁸
1719 1020 1815 1073 καὶ

213 1111 267 1161 οἱ
302 1110 408 1179 μὲν
433 1109 715 1180 ἀμείνονες
736 1111 818 1172 είς
844 1110 1134 1179 προοιμίου
1161 1110 1375 1180 χρείαν,
1392 1111 1441 1163 oi
1459 1110 1519 1164 δέ
1547 1111 1606 1163 ἐν
1635 1127 1817 1181 παραυ

213 1200 518 1270 δείγμασίν
564 1202 672 1254 εἰσι
720 1201 997 1254 πλούσιοι·
1066 1202 1115 1255 οἱ
1175 1202 1274 1271 μὲν
1328 1198 1509 1255 οἶκτον
1555 1201 1815 1271 ἐμϐαλεῖν

213 1292 391 1346 δεινοὶ
408 1332 427 1359 ,
450 1294 502 1345 οἱ
528 1293 584 1346 δὲ
609 1293 780 1364 θυμόν
800 1309 816 1325 ο
838 1293 949 1347 τῶν
977 1292 1076 1364 μὲν
1104 1293 1164 1347 τὸ
1202 1293 1368 1365 βραδὺ
1398 1293 1673 1364 λυπηρὸν,
1706 1292 1820 1345 τῶν

212 1381 278 1434 δὲ
326 1383 392 1436 τὸ
440 1384 578 1453 ταχὺ
606 1383 839 1455 τερπνόν
863 1400 878 1415 ·
910 1384 959 1437 οἱ
1009 1383 1109 1455 μὲν
1136 1382 1305 1437 ὕπνον
1354 1381 1674 1454 ἐμποιοῦσι,
1714 1382 1815 1453 μιᾷ

214 1472 650 1544 καταχρώμενοι
687 1474 822 1545 ἰδέᾳ,
860 1476 909 1528 oi
939 1474 997 1527 δέ
1027 1475 1120 1528 καὶ
1158 1473 1454 1544 ἀφαιροῦσι
1483 1476 1603 1536 ταῖς
1643 1489 1816 1543 μετα-

214 1563 437 1626 ϐολαῖς.
490 1562 613 1635 Χρὴ
666 1564 853 1618 τοίνυν
903 1564 998 1619 τὸν
1056 1564 1346 1635 βασανίσαι
1403 1564 1816 1635 συγγράμματα

214 1655 423 1721 δεινὸν,
456 1656 637 1727 πάσης
659 1658 754 1710 καὶ
783 1658 1009 1729 χάριτος
1032 1658 1126 1712 καὶ
1144 1656 1442 1727 ἀπεχθείας
1469 1656 1600 1710 ὄντα
1628 1655 1815 1726 κρείτ-

214 1763 354 1799 τονα
376 1787 393 1811 ,
429 1746 660 1801 ἑκάστου
698 1748 1063 1819 συγγραφέως
1105 1747 1202 1802 καὶ¹
1230 1747 1331 1818 τὴν
1360 1747 1559 1801 κακίαν
1590 1748 1685 1801 καὶ
1712 1747 1812 1817 τὴν

1992 650 2332 720 Scriptorum
2362 648 2756 720 rhetorumque
2782 647 2839 702 hi
2864 649 3084 718 quidem
3121 657 3277 718 turpe
3302 649 3509 705 ducunt

1919 740 2155 796 obscure
2177 740 2359 795 dicere
2387 756 2402 793 :
2437 739 2527 793 alii
2567 738 2620 792 in
2641 737 2974 793 obscuritate
2997 738 3162 793 decus
3188 738 3459 793 collocant
3486 757 3503 806 ;

1920 840 1974 887 et
2001 830 2093 885 alii
2137 830 2374 886 medium
2398 839 2630 896 tenent;
2666 828 2758 884 alii
2788 830 3004 884 modum
3032 830 3327 885 excedunt.
3375 830 3511 898 Qui-

1922 925 2046 979 dam
2075 923 2254 979 acutis
2273 922 2503 977 audiunt
2531 921 2791 990 auribus;
2835 921 2929 977 alii
2951 924 3189 979 contenti
3218 932 3350 979 sunt
3376 924 3513 977 ado-

1920 1014 2185 1071 lescentes
2226 1014 2484 1069 movisse.
2548 1012 2803 1069 Nonnulli
2833 1014 3076 1070 exordiis
3106 1024 3323 1073 utentes
3367 1032 3513 1087 prae-

1920 1114 2100 1173 stant,
2131 1105 2395 1174 exemplis
2436 1103 2529 1159 alii
2572 1103 2880 1162 abundant.
2955 1103 3509 1164 Commiserationem

1920 1198 2139 1267 quidam
2174 1206 2378 1252 norunt
2418 1196 2666 1251 incutere
2690 1235 2708 1261 ,
2743 1196 2882 1251 iram
2910 1196 3025 1253 alii.
3070 1197 3307 1265 Quidam
3336 1200 3509 1253 tardi-

1926 1299 2037 1345 tate
2061 1288 2389 1360 displicent,
2434 1288 2529 1343 alii
2574 1288 2858 1344 celeritate
2907 1288 3142 1359 placent.
3201 1290 3307 1344 Alii
3346 1292 3507 1346 unica

1876 1444 1881 1449 l
1920 1379 2140 1436 dicendi
2180 1378 2362 1434 forma
2410 1394 2664 1435 somnum
2702 1380 3043 1449 conciliant,
3091 1380 3182 1437 alii
3226 1382 3513 1438 celeritate

1921 1473 2173 1528 eumdem
2199 1471 2507 1529 excutiunt.
2558 1471 2723 1528 Decet
2764 1472 2948 1542 itaque
2983 1488 3109 1529 eum
3130 1516 3145 1540 ,
3175 1473 3266 1544 qui
3308 1475 3510 1545 scripta

1924 1564 2153 1620 aliorum
2193 1565 2265 1620 sit
2287 1564 2711 1635 exploraturus,
2741 1580 2928 1621 amore
2968 1575 3132 1635 atque
3157 1567 3363 1621 invidia
3401 1582 3511 1623 non

1923 1657 2205 1726 superari,
2244 1658 2501 1727 omnique
2549 1657 2687 1713 adeo
2718 1658 2973 1726 scriptori
2995 1658 3191 1713 vitium
3239 1658 3393 1727 juxta
3444 1674 3512 1713 ac

1920 1749 2093 1803 virtus
2113 1750 2487 1816 cognoscenda
2518 1767 2533 1804 :
2587 1750 2728 1805 hanc
2756 1750 2974 1820 quidem
3024 1750 3325 1822 laudando,
3364 1751 3513 1808 illam

215 1838 434 1909 ἀρετὴν
462 1839 663 1895 εἰδέναι
682 1855 697 1871 ·
730 1840 829 1894 καὶ
850 1842 918 1912 τῇ
953 1839 1053 1911 μὲν
1082 1838 1457 1911 ψηφίσασθαι,
1482 1841 1550 1911 τῇ
1579 1839 1638 1893 δὲ
1668 1838 1813 1910 μέμ-

1931 1856 2047 1897 vero
2082 1842 2461 1913 vituperando.

218 1932 462 2000 ψασθαι.

715 2041 867 2094 me.
903 2069 976 2081 —
1010 2040 1324 2113 ΑψθοΝιᾳ.

2325 2045 2604 2101 CCXVIII.
2640 2076 2707 2089 -—
2738 2044 3117 2103 APHTONIO.

304 2130 602 2201 Virginitas
633 2142 680 2186 et
702 2130 985 2202 {ornicatio
1015 2134 1121 2186 duo
1146 2142 1404 2199 extrema,
1436 2133 1739 2204 conjugium
1766 2135 2018 2203 medium,
2068 2138 2161 2191 sed
2203 2137 2507 2207 virginitate
2546 2137 2790 2207 inferius.
2828 2136 3065 2210 (Confer.
3098 2137 3246 2208 epist.
3282 2138 3436 2208 255).

293 2240 413 2294 Kal.
447 2241 481 2311 ἡ
504 2239 806 2312 παρθενία,
851 2234 897 2295 ὦ
948 2239 1194 2311 βέλτιστε
1216 2282 1231 2307 ,
1277 2241 1373 2295 καὶ
1408 2243 1447 2313 ἡ
1481 2240 1706 2313 πορνεία
1748 2239 1822 2295 τὰ

222 2332 412 2405 μέτρα
440 2332 537 2386 τοῦ
588 2332 756 2400 νόμου
799 2332 1105 2405 ἐξέϐησαν,
1138 2333 1253 2387 ἀλλ’
1294 2334 1397 2387 οὐκ
1439 2334 1534 2387 ἐπὶ
1574 2337 1688 2398 τοῖς
1717 2334 1819 2388 αὖ·

216 2403 377 2487 τοῖς.⁸
403 2424 467 2476 Ἦ
498 2422 600 2493 μὲν
628 2423 738 2495 γὰρ
761 2403 1067 2495 ὑπερέπτη,
1097 2425 1130 2494 ἠ
1156 2426 1212 2479 δὲ
1247 2424 1487 2496 παρέϐη.
1518 2426 1629 2478 Καὶ
1658 2426 1691 2495 ἡ
1720 2425 1819 2495 μὲν

218 2516 298 2570 τὰ
335 2515 513 2585 κοῦφα
540 2517 636 2570 καὶ
667 2518 964 2587 ἀνωφερῆ,
999 2519 1095 2570 καὶ
1123 2518 1217 2570 τὸν
1252 2519 1481 2589 οὐρανὸν
1516 2517 1779 2572 πολοῦντα
1802 2557 1818 2583 ,

215 2611 258 2681 ἡ
301 2608 359 2662 δὲ
401 2608 471 2663 τά
505 2609 799 2682 κατωφερῆ
838 2610 933 2663 καὶ
982 2610 1156 2682 βαρέα
1191 2608 1422 2680 σώματα
1467 2611 1817 2680 ἐμιμήσατοο

222 2704 263 2771 ἡ
302 2702 405 2771 μὲν
440 2701 625 2755 διώκει
656 2701 725 2755 τὰ
757 2702 1062 2773 μεταϐολῆς
1089 2702 1407 2773 κρείττονα,
1452 2704 1487 2773 ὴ
1516 2702 1574 2755 δέ
1607 2704 1820 2769 ἐκεῖνα,

220 2786 307 2846 ὧν
332 2796 368 2863 ἠ
405 2792 678 2864 μεταϐολὴ
708 2796 998 2865 συμφυὴς,
1047 2795 1142 2847 καὶ
1171 2795 1205 2863 ἡ
1238 2794 1458 2857 κόλασις
1487 2793 1819 2866 σύντροφος⁸

219 2885 255 2937 ὁ
284 2885 343 2939 δὲ
366 2885 549 2956 τίμιος
574 2887 753 2957 γάμος
778 2886 984 2940 τούτων
1012 2885 1293 2957 ἑκατέρων
1324 2885 1490 2957 μέσος
1513 2888 1821 2956 τυγχάνων,

1996 2243 2330 2316 Virginitas,
2358 2246 2499 2301 bone
2520 2245 2627 2313 vir,
2654 2260 2719 2301 ac
2744 2244 3040 2302 fornicatio
3065 2245 3202 2319 legis
3238 2248 3513 2305 excedunt

1926 2338 2145 2393 modum
2176 2380 2191 2404 ,
2238 2338 2345 2393 etsi
2393 2353 2500 2393 non
2532 2338 2723 2393 eodem
2765 2338 2949 2394 modo.
3014 2336 3106 2392 Illa
3138 2339 3284 2395 enim
3325 2356 3519 2410 super-

1927 2431 2204 2502 greditur;
2255 2432 2370 2486 haec
2395 2430 2816 2502 transgreditur.
2872 2431 2967 2486 llla
2990 2470 3007 2496 ,
3040 2441 3101 2486 ut
3136 2430 3276 2488 levia
3312 2432 3515 2501 solent,

1929 2537 2146 2578 sursum
2177 2522 2371 2585 fertur,
2421 2523 2474 2577 in
2507 2522 2814 2593 coelumque
2844 2523 3015 2580 tendit
3047 2538 3064 2579 :
3115 2523 3231 2581 haec
3259 2524 3517 2581 deorsum

1931 2612 2162 2680 rapitur,
2203 2612 2386 2682 gravia
2422 2611 2643 2668 imitans
2677 2628 2929 2683 corpora.
2992 2612 3089 2668 Illa
3122 2622 3365 2669 sectatur
3396 2630 3517 2669 mu-

1932 2704 2120 2759 tationi
2164 2719 2269 2758 non
2304 2705 2536 2760 obnoxia
2563 2745 2579 2769 ,
2636 2705 2753 2760 haec
2806 2705 3090 2760 mutationi
3123 2714 3353 2777 cognata
3384 2747 3401 2771 ,
3445 2722 3511 2762 ac

1929 2796 2109 2867 potius
2180 2796 2437 2852 obnoxia.
2470 2794 2870 2852 Matrimonium
2931 2798 3017 2853 his
3063 2799 3276 2854 duobus
3337 2803 3515 2859 inter-

1925 2886 2127 2958 iectum
2154 2904 2169 2953 ;
2201 2886 2307 2942 alio
2335 2886 2555 2957 quidem
2591 2887 2827 2942 inferius
2851 2899 2957 2956 est,
2984 2888 3157 2944 altero
3187 2904 3314 2946 vero
3343 2892 3515 2949 subli-

219 2976 334 3047 τῆς
382 2976 485 3046 μέν
532 2978 648 3030 ἐστι
705 2977 1018 3049 κατώτερπ
1064 2976 1277 3047 πολλῷ,
1308 2977 1408 3048 τῆς
1453 2977 1511 3031 δὲ
1555 2976 1827 3048 ἀνώτερος

1931 2978 2093 3033 mins.
2121 2977 2448 3050 Virginitate
2472 2977 2620 3033 enim
2655 2977 2962 3050 conjugium
2998 2980 3179 3036 minus
3211 2990 3295 3037 est
3322 2991 3377 3038 et
3408 2984 3511 3037 hu-

218 3069 397 3122 πλέον
416 3109 431 3134 ,
462 3068 496 3139 ῆ
529 3069 655 3122 ὅσον
686 3069 850 3133 αὐτὸς
890 3070 994 3141 τῆς
1028 3069 1331 3140 παρθενίας
1358 3070 1476 3123 ἐστὶ
1511 3070 1823 3123 ταπεινότε-

224 3177 346 3231 ρος.
392 3160 484 3214 Διὸ
518 3162 612 3215 καὶ
652 3161 753 3231 τῆς
786 3160 885 3232 μὲν
913 3161 1380 3232 στεφανουμένης,
1425 3162 1529 3231 τῆς
1557 3161 1614 3215 δὲ
1654 3178 1825 3217 κατα-

220 3250 596 3322 κρινομένης,
626 3246 782 3314 οὗτος
813 3251 1131 3322 σύμμετρον
1166 3251 1281 3323 ἔχει
1310 3250 1372 3305 τὸ
1400 3251 1701 3323 ἐγκώμιον.

551 3360 690 3415 me.
732 3392 797 3402 -
832 3360 1137 3433 ΘΕΟΔΩΡῼ
1173 3362 1500 3433 ΔΙΑΚΟΝῼ.

1933 3066 2133 3123 milius.
2172 3066 2305 3124 Hae"
2325 3066 2471 3124 enim
2494 3077 2759 3123 coronata
2778 3107 2794 3133 ,
2823 3076 2879 3121 et
2912 3067 3275 3126 fornicatione
3301 3069 3512 3140 judicio

1930 3159 2287 3213 condemnata
2318 3197 2334 3223 ,
2395 3158 2803 3213 matrimonium
2864 3174 3019 3215 suam
3066 3161 3235 3217 etiam
3296 3163 3513 3219 laudem

1931 3249 2304 3319 consequitur.

2169 3359 2401 3416 CCXIX.
2439 3392 2507 3403 —-
2544 3359 2922 3418 THEODORO
2952 3362 3275 3421 DIACONO.

217 3455 369 3511 Cum
396 3471 521 3510 suas
564 3466 739 3523 partes
765 3456 929 3525 egerit
960 3456 1014 3508 in
1041 3453 1256 3509 Zosimo
1297 3454 1831 3526 sodalibusqueejus
1865 3452 2236 3526 admonendis,
2278 3453 2527 3526 iniquum‘
2548 3469 2667 3526 esse
2697 3451 2888 3526 probet
2924 3453 3025 3508 sibi
3071 3455 3346 3526 imputari,
3377 3458 3518 3526 quod

888 3526 1340 3579 admonitionibus
1372 3540 1477 3578 non
1509 3527 1575 3578 sit
1607 3525 1822 3579 relictus
1864 3525 2030 3578 locus.
2063 3522 2301 3593 (Confer.
2324 3526 2476 3590 epist.
2501 3522 2572 3577 ΞΟ
2603 3533 2653 3577 et
2689 3522 2846 3593 220.)

305 3637 373 3692 Ei
416 3637 610 3706 λόγους
639 3635 879 3705 ἔφασκον
913 3634 1059 3707 ἔχειν
1088 3633 1272 3705 πάσης
1316 3633 1514 3697 κακίας
1544 3634 1823 3704 ἀναιρετι-

2005 3629 2063 3686 Si
2091 3645 2374 3687 sermones
2404 3632 2606 3686 habere
2624 3648 2709 3688 me
2734 3634 2993 3689 dixissem
3023 3635 3286 3691 malitiam
3302 3652 3517 3693 omnem

225 3732 405 3797 κοὺς,
457 3729 683 3792 εἰκότως
713 3727 780 3782 ἂν
830 3723 976 3798 εἶχον
1026 3726 1347 3791 ἀλαζονείας
1396 3724 1599 3780 αἰτίαν.
1661 3726 1724 3777 Ei
1768 3725 1827 3778 δὲ

1933 3723 2206 3788 tollentes,
2243 3723 2435 3778 merito
2466 3722 2729 3793 gloriandi
2761 3741 2950 3781 ansam
2982 3728 3261 3783 haberem.
3297 3728 3355 3784 Si
3391 3744 3521 3784 vero

221 3823 396 3878 τοῦτο
432 3822 666 3894 μάλιστα
696 3821 913 3875 πάντων
943 3820 1282 3890 ἐπίσταμαι,
1318 3819 1401 3873 ὅτι
1425 3818 1521 3872 τοῦ
1553 3819 1653 3890 μὲν
1680 3836 1826 3889 παρ-

1931 3814 2062 3868 illud
2096 3814 2344 3867 omnium
2389 3814 2506 3884 ipse
2540 3813 2707 3884 probe
2738 3816 2897 3882 novi,
2924 3818 3272 3874 adhortantis
3297 3821 3519 3889 quidem

221 3915 513 3980 αινοῦντός
568 3918 684 3969 ἐστι
739 3915 801 3968 τὸ
866 3916 1042 3967 εἰπεῖν
1092 3913 1162 3966 τὰ
1224 3913 1520 3984 βέλτιστα·
1592 3911 1687 3965 τοῦ
1756 3911 1817 3965 δὲ

1931 3920 2053 3961 esse
2093 3906 2300 3973 optima
2343 3905 2571 3975 dicere;
2626 3907 2743 3976 ejus
2789 3924 2955 3975 vero,
2995 3911 3082 3965 cui
3133 3914 3522 3981 persuadetur,

228 4006 748 4078 συμϐουλευομένου
790 4005 852 4059 τὸ
889 4004 1201 4075 πεισθῆναι.
1251 4005 1310 4057 '0
1343 4003 1444 4075 μὲν
1473 4003 1582 4075 γὰρ
1612 4002 1707 4057 τοῦ
1736 4002 1828 4056 λέ·-

1931 4012 2092 4053 aures
2123 3998 2538 4053 accommodare
2586 4010 2641 4054 et
2692 4001 2919 4056 reddere
2948 4019 2965 4057 :
3014 4018 3187 4073 quare
3220 4004 3267 4058 si
3299 4007 3522 4074 quando

227 4117 388 4168 γειν,
431 4100 461 4152 ὁ
503 4098 560 4151 δὲ
610 4096 706 4151 τοῦ
756 4098 1019 4169 πράττειν
1060 4095 1266 4166 Κύριός
1312 4096 1472 4149 ἐστι’
1522 4094 1575 4148 τί
1629 4094 1829 4166 παρεὶς

1932 4087 2158 4141 laudare
2191 4086 2381 4152 nolles,
2415 4087 2606 4143 saltem
2640 4089 2921 4159 ignoscere
2952 4091 3200 4148 deberes.
3228 4092 3521 4167 Vituperas

229 4189 638 4260 συγγινώσκειν
662 4229 677 4254 ,
720 4189 836 4258 εῐγε
881 4188 1246 4255 ἀποδέξασθαι
1281 4188 1356 4260 μὴ
1393 4187 1634 4259 βούλοιο,
1677 4190 1827 4260 αἰτιᾷ

1931 4178 2075 4233 enim
2099 4193 2223 4233 eum
2255 4180 2348 4247 qui
2384 4194 2509 4248 quae
2542 4195 2769 4237 suarum
2798 4194 2957 4238 erant
2989 4187 3227 4253 partium
3255 4189 3517 4257 explevit.

226 4279 326 4338 τὸν
367 4283 494 4351 τόγε
521 4280 686 4336 αὐτοῦ
714 4280 882 4352 μέρος
907 4278 1370 4350 κατορθώσαντα;
1396 4278 1443 4332 εί
1468 4279 1524 4332 δὲ
1540 4277 1664 4349 μηδ’
1683 4277 1827 4332 οὕτω

1934 4269 1991 4324 Si
2021 4271 2163 4324 enim
2200 4285 2299 4325 nec
2330 4271 2430 4326 hoc
2454 4270 2671 4338 fateris,
2704 4272 2817 4344 jam
2847 4285 2900 4332 et
2938 4276 3266 4334 ineffabilem
3300 4280 3397 4336 Dei
3428 4296 3521 4337 sa-

228 4374 517 4446 καταδέχῃ
541 4414 557 4442 ,
602 4371 719 4445 ὥρα
752 4389 812 4425 σε
848 4371 944 4425 καὶ
984 4370 1083 4442 τὴν
1126 4369 1369 4442 ἄρρητον
1419 4369 1614 4439 σοφίαν
1645 4371 1827 4424 αἰτιά-

231 4466 458 4533 σασθαι,
500 4466 600 4536 τὴν
634 4467 773 4537 μήτε
824 4465 951 4527 τοὺς
985 4464 1474 4534 ἀποστατήσαντας
1514 4462 1825 4528 Ἰουδαίους,

234 4562 381 4633 μήτε
408 4559 502 4614 τὸν
532 4559 802 4631 προδότην
826 4557 1112 4611 πείσασαν.
1144 4554 1419 4617 Τοσοῦτον
1439 4554 1549 4628 γὰρ
1582 4555 1825 4625 ἀπέσχον

228 4654 331 4708 τοῦ
373 4652 700 4721 πεισθῆναι,
730 4653 813 4705 ὅτι
859 4654 887 4707 ὁ
923 4653 1021 4723 μὲν
1052 4648 1368 4722 προῦδωκεν
1391 4688 1406 4713 ,
1452 4648 1503 4703 oi
1537 4647 1593 4701 δὲ
1638 4648 1829 4700 ἐσταύ-

233 4764 445 4819 ρωσαν.
482 4747 545 4800 Εἰ
584 4746 639 4799 δὲ
684 4746 778 4800 καὶ
810 4745 886 4818 μὴ
942 4744 1180 4798 πείσασα
1213 4743 1308 4796 κα)⁹
1360 4740 1618 4804 σώσασα,
1676 4739 1827 4810 παρά

232 4839 459 4892 πάντων
494 4837 932 4907 ἀνακηρύττεται
953 4853 965 4865 ’
996 4836 1103 4889 ἀπὸ
1134 4834 1245 4905 γὰρ
1275 4836 1373 4905 τῆς
1408 4833 1784 4905 προαιρέσεως
1807 4872 1823 4897 ,

231 4930 341 4982 οὐκ
369 4927 480 4981 ἀπὸ
523 4928 623 4998 τῆς
675 4926 958 4990 ἐκϐάσεως
994 4925 1063 4978 τά
1107 4925 1413 4997 πράγματα
1446 4923 1693 4993 κρίνεται
1718 4940 1731 4952 ·
1771 4921 1825 4973 τί

233 5021 390 5091 αἰτιᾷ
428 5020 520 5072 τὸν
548 5018 786 5072 τοσαῦτα
833 5017 1213 5087 πεποιηκότα,
1262 5015 1360 5069 καὶ
1400 5015 1478 5086 μὴ
1525 5011 1828 5083 δυνηθέντα

235 5116 428 5166 πεῖσαι
457 5112 825 5184 Μαρτινιανόν
856 5129 917 5164 τε
953 5111 1050 5164 καὶ
1087 5109 1370 5180 Ζώσιμον,
1399 5107 1496 5161 καὶ
1540 5107 1786 5176 Μάρωνα
1811 5145 1828 5169 ,

237 5206 334 5259 xui.
386 5204 685 5258 Εὐστάθιον
735 5203 1072 5274 ἀποσχέσθαι
1114 5201 1355 5266 κακίας-;
1401 5197 1669 5253 Τοσοῦτον
1721 5198 1830 5269 γάρ

234 5298 430 5366 ἀπέχω
457 5297 551 5351 τοῦ
576 5296 837 5369 ἐρυθριᾷν
858 5297 951 5350 ἐπὶ
968 5295 1143 5367 τούτῳ
1178 5293 1395 5367 (καίτοι
1425 5290 1685 5365 ἐρυθριᾷν
1715 5290 1829 5361 (48)

236 5389 443 5452 παντὸς
483 5389 686 5461 μᾶλλον
706 5429 721 5452 ,
749 5387 825 5451 ὥς
857 5405 925 5456 γε
945 5387 1237 5459 ἐμαυτὸν,
1258 5387 1315 5438 ἐν
1347 5378 1428 5448 οἷς
1460 5384 1522 5438 τὸ
1553 5382 1817 5455 ἐρυθριᾷν

1935 4363 2192 4433 pientiam
2212 4364 2613 4434 reprehendere
2644 4367 2876 4435 poteris,
2907 4385 3030 4439 quae
3058 4386 3159 4427 nec
3186 4376 3517 4443 apostatanti

1933 4456 2077 4524 genti
2102 4454 2365 4522 Judaicae,
2399 4471 2498 4512 nec
2526 4455 2686 4513 Juda:
2713 4462 2976 4530 proditori
3012 4465 3311 4533 persuasit.
3352 4466 3523 4539 635

1934 4544 2167 4601 Tantum
2195 4548 2341 4603 enim
2372 4549 2563 4604 aberat
2592 4559 2652 4604 ut
2692 4555 3149 4624 persuaserit,,ut
3177 4558 3268 4614 hic
3294 4560 3518 4629 quidem

1936 4640 2284 4705 vendiderit,
2324 4640 2415 4695 illa
2447 4656 2578 4697 vero
2618 4643 2767 4699 natio
2794 4648 2946 4702 cruci
2988 4648 3246 4705 edixerit.
3299 4650 3356 4706 Si
3388 4667 3518 4707 vero

1932 4732 2112 4788 divina
2151 4733 2239 4788 illa
2275 4734 2556 4805 sapientia.
2590 4751 2709 4805 qua:
2737 4753 2914 4809 neque
2945 4739 3058 4796 illis
3084 4744 3394 4812 persuasit,
3424 4759 3519 4798 nec

1930 4838 2038 4893 que
2076 4840 2176 4880 eos
2211 4824 2481 4893 salvavit,
2531 4831 2600 4883 ab
2625 4828 3167 4889 omnibuslaudetur
3200 4833 3252 4905 (ιι
3289 4834 3520 4889 consilio

1929 4916 2108 4982 enim,
2134 4932 2240 4971 non
2275 4916 2343 4977 ab
2368 4930 2561 4973 eventu
2596 4922 3071 4994 resjudicantur),
3108 4926 3238 4995 quid
3276 4940 3503 4980 accusas

1932 5021 2219 5065 conantem
2257 5019 2312 5065 et
2344 5028 2449 5069 non
2487 5013 2758 5071 valentem
2795 5018 3128 5086 persuadere
3157 5017 3515 5082 Martiniano,

1929 5103 2167 5168 Zosinio,
2202 5113 2259 5158 et
2304 5102 2514 5161 Maroni
2548 5115 2710 5176 atque
2742 5107 3052 5174 Eustathio,
3120 5118 3180 5163 ut
3210 5112 3281 5165 ab
3311 5109 3516 5181 impro-

1929 5194 2098 5249 bitate
2129 5196 2440 5251 desistant?
2468 5198 2701 5253 Tantum
2734 5199 2926 5255 absum
2967 5210 3025 5255 ut
3068 5211 3357 5272 pr0pterea
3386 5218 3515 5257 eru-

1930 5286 2148 5341 bescam
2193 5288 2364 5358 magis
2398 5304 2561 5358 quam
2600 5291 2888 5360 quisquam
2921 5291 3059 5347 alius
3083 5330 3099 5357 ,
3149 5292 3192 5347 si
3240 5292 3371 5346 mihi
3410 5292 3511 5363 ipsi

1932 5392 2037 5430 non
2064 5376 2418 5451 persuadeam
2444 5378 2553 5443 illa,
2578 5379 2631 5434 in
2654 5381 2851 5452 quibus
2866 5380 3194 5437 erubescere
3227 5379 3513 5451 pulchrum

236 5478 439 5544 καλὸν,
496 5476 910 5549 ἐπιστάμενος),
939 5477 1022 5531 ὅτι
1072 5477 1166 5530 καὶ
1212 5476 1551 5547 σεμνύνομαι
1598 5473 1692 5526 ἐπὶ
1736 5470 1815 5542 τῷ

1931 5483 2046 5525 esse
2078 5470 2213 5537 scio,
2250 5481 2313 5527 ut
2345 5472 2509 5528 etiam
2555 5473 2753 5545 glorier
2782 5472 2837 5529 in
2876 5473 2999 5541 hoc,
3031 5482 3090 5528 ut
3120 5488 3186 5528 ex
3242 5481 3395 5545 parte
3424 5470 3514 5532 sal

1362 5609 1597 5665 VARle
1650 5606 2038 5665 LECTIONES
2069 5605 2156 5660 ET
2192 5604 2407 5663 ΝΟΤᾹΞ

314 5774 429 5847 (48)
459 5772 563 5831 Pro
598 5772 856 5847 ἐρυθριᾷν
897 5773 1040 5830 solus
1080 5773 1199 5830 cod.
1244 5769 1354 5826 Alt.
1396 5768 1607 5836 scribit,
1639 5765 1841 5840 ’ἐρυορί

1941 5763 2025 5823 ἄν.
2053 5763 2285 5835 Ροεειικι.Δ
