3982 6420
448 247 589 314 1463

1615 247 1681 311 8.
1716 245 2014 321 ISIDORI
2050 244 2492 320 PELUSIOT/E

3588 244 3720 310 1466

449 373 556 416 tem
584 361 898 428 passionum
910 357 1109 414 Christi
1136 318 1347 414 Domini
1370 358 1572 429 possim
1589 372 1710 414 esse
1721 318 2022 429 particeps,

2152 359 2234 413 ιᾶν
2278 359 2343 412 ἑκ
2388 357 2592 430 μέρους
2609 359 2727 422 τοῖς
2760 359 3122 422 Δεσποτικοῖς
3152 355 3353 412 πάθεσι
3386 373 3719 426 κεκοινωνη-

766 563 921 619 CCX.
946 595 1017 609 -
1047 560 1352 619 EUTONIO
1389 558 1710 617 DIACONO.

2138 452 2313 507 κέναι.

2453 560 2583 617 τις.
2615 589 2687 601 --
2726 561 3032 625 amomo
3063 560 3389 631 meum.

518 679 597 734 De
628 678 828 734 Zosimi
865 688 915 734 et
948 677 1189 734 Maronis
1211 677 1350 733 uitiis
1378 677 1589 742 iterum,
1619 682 1669 729 et
1695 676 1766 729 de
1789 673 2024 729 Iudaica
2054 677 2300 745 perﬁdia.
2337 676 2501 751 (Vide
2533 693 2650 747 sup.
2675 688 2722 733 et
2753 678 2909 742 epist.
2933 676 3025 743 20,
3055 675 3132 730 De
3159 674 3303 730 Juaa
3331 672 3653 736 proditore.)

521 789 577 844 Si
611 787 838 858 quodvis
886 786 1150 857 supplicio
1184 786 1406 857 dignum
1449 783 1628 840 scelus
1652 785 2033 847 committunt,

451 890 506 934 et
557 881 765 950 impura
826 892 1054 948 quaque
1112 877 1276 932 verba
1345 875 1631 946 proferunt
1682 874 1929 929 Zosimus
1978 883 2036 930 et

455 972 667 1039 Maron,
726 979 891 1041 atque
957 970 1010 1024 in
1052 970 1316 1039 optimum
1372 980 1646 1038 quemque
1701 967 2033 1021 incurrunt:

455 1078 575 1130 «tum
603 1076 778 1131 neque
795 1060 1047 1127 dicenda,
1066 1074 1241 1130 neque
1268 1073 1332 1114 re
1350 1059 1461 1114 sint
1482 1058 1827 1128 exsequenda
1860 1056 2041 1113 dicen—

456 1167 539 1211 tes
567 1154 770 1224 pariter
815 1161 871 1208 et
908 1160 1132 1223 agentes
1160 1168 1179 1206 :
1207 1151 1313 1208 noli
1351 1149 1670 1217 existimare
1715 1148 1975 1203 ultionem
2009 1162 2040 1202 a

458 1248 571 1305 Deo
616 1247 835 1316 negligi,
875 1246 1075 1299 mirare
1129 1244 1312 1313 potius
1358 1242 1821 1312 longanimitatetn
1870 1240 2040 1295 divini

457 1338 700 1394 numinis
735 1339 802 1391 ad
831 1334 1204 1406 pmnitentiam
1235 1335 1381 1403 ipsos
1412 1333 1753 1399 invitantem,
1788 1339 1844 1386 et
1874 1345 2040 1387 excu-

459 1429 726 1485 sationem
766 1427 1075 1498 praecisam,
1111 1440 1296 1481 verum
1338 1424 1619 1480 enimvero
1663 1432 1787 1493 post
1814 1436 1921 1479 non
1949 1421 2041 1475 diu

460 1522 542 1577 vel
574 1522 628 1576 iu
660 1522 762 1576 hac
791 1522 931 1588 vita,
952 1519 1034 1574 vel
1072 1520 1125 1575 in
1172 1518 1341 1577 altera
1369 1517 1518 1589 gravi
1546 1531 1642 1572 eos
1669 1515 1937 1586 supplicio
1965 1515 2044 1568 in-

460 1625 803 1687 sequentem.
853 1611 911 1669 Si
968 1613 1115 1669 enim
1165 1613 1258 1683 qui
1326 1622 1453 1667 ante
1499 1610 1762 1667 diluvium
1808 1609 2040 1665 nefanda

460 1717 737 1783 patrantes
755 1704 830 1771 “,
856 1706 941 1759 vel
988 1704 1045 1759 in
1078 1701 1327 1759 Sodomis
1378 1702 1613 1757 immane
1664 1707 1951 1770 peccantes
1976 1698 2044 1764 ",

462 1808 555 1855 aut
581 1799 626 1855 si
643 1799 709 1853 in
756 1796 1041 1852 Dominum
1068 1793 1403 1851 insanientes
1433 1792 1581 1848 rabie
1602 1790 1771 1849 Judaei
1799 1790 2047 1860 nnpuniti

460 1891 762 1954 abierunt,
841 1887 1069 1943 abibunt
1126 1894 1180 1941 et
1227 1884 1336 1940 isti.
1389 1882 1447 1939 Si
1498 1898 1629 1938 vero
1691 1882 1905 1937 illorum
1956 1880 2047 1936 alii

462 1989 588 2034 sunt
644 1976 900 2034 ﬂuctibus
942 1975 1166 2042 obruti,
1214 1975 1304 2030 alii
1354 1973 1463 2045 igni
1510 1988 1573 2028 ac
1615 1973 1761 2028 bello
1791 1971 2049 2027 exstincti

462 2072 767 2140 perierunt,
799 2056 1056 2124 ulomnes
1082 2082 1204 2123 cum
1231 2068 1443 2137 priores
1466 2075 1576 2122 tum
1603 2064 1812 2120 futuras
1839 2073 2047 2135 traga-

462 2163 577 2219 dias
604 2148 978 2227 obscurarint,
1003 2161 1175 2214 etiam
1219 2158 1309 2214 hic
1357 2157 1577 2213 ultimas
1620 2159 1719 2213 has
1744 2157 2043 2228 patientur,

464 2266 680 2322 pmnas.
701 2249 812 2307 Cur
832 2250 998 2320 igitur
1017 2249 1155 2304 nihil
1172 2249 1223 2304 id
1263 2248 1419 2314 facis,
1445 2247 1602 2319 quasi
1623 2247 1730 2303 sint
1755 2248 2051 2320 impuniti'!

463 2344 542 2398 Ibi
559 2342 705 2399 enim
729 2357 921 2413 poenas
945 2342 1170 2396 daturos
1203 2348 1414 2407 notum,
1441 2342 1669 2396 veritate
1696 2341 1769 2396 ita
1801 2357 2049 2413 pronun-

460 2436 675 2490 tiante:
733 2451 752 2485 ι
797 2432 1158 2488 Tolerabilius
1223 2434 1329 2486 erit
1382 2442 1539 2487 terrae
1585 2430 1940 2488 Sodomorum
1995 2439 2051 2488 et

461 2527 938 2583 Gomorrhaaorum
970 2524 1023 2582 in
1056 2524 1144 2579 die
1165 2523 1354 2594 judicii
1375 2563 1391 2588 ,
1424 2540 1584 2595 quam
1617 2524 1826 2580 civitati
1855 2523 2001 2581 illi‘8
2030 2543 2046 2582 :

464 2620 595 2688 quia
646 2618 947 2674 Jerusalem
990 2628 1272 2688 persecuta
1313 2627 1397 2672 est
1438 2617 1686 2672 veritatis
1746 2632 2047 2689 praecones.

463 2711 589 2767 Haec
609 2711 729 2765 ideo
757 2709 941 2778 retuli,
975 2720 1231 2779 tanquam
1263 2707 1373 2763 sint
1414 2707 1487 2762 illi
1520 2710 1737 2779 gravius
1766 2709 2047 2779 puniendi,

468 2801 762 2858 Sodomita:
781 2816 913 2857 vero
947 2800 1228 2857 remissius
1255 2815 1319 2855 ac
1349 2800 1555 2864 mitius,
1585 2814 1690 2853 non
1725 2800 1883 2854 modo
1922 2799 2049 2870 quia

466 2896 519 2950 in
544 2896 647 2951 ltac
673 2895 783 2949 vita
813 2908 1009 2965 pinnas
1057 2892 1475 2964 pependerunt,
1500 2889 1593 2945 sed
1616 2899 1671 2944 et
1700 2891 1830 2961 quia
1856 2898 2047 2945 contra

2210 788 2275 842 Ei
2319 786 2488 857 μηδὲν
2534 787 2653 856 μετ’
2706 784 3002 847 ἀκολασίας
3050 781 3159 853 (49)
3199 780 3364 852 ἔργον
3406 779 3719 848 ἄπρακτον,

2144 880 2281 949 μήτε
2299 878 2458 945 λόγον
2478 877 2703 948 αἰσχρὸν
2724 878 2985 949 ἄρρητον,
3008 874 3084 938 ὡς
3105 872 3235 943 φὴς,
3262 869 3723 943 παραλελοιπότες

2143 964 2394 1035 Ζώσιμός
2423 981 2484 1018 τε
2513 966 2611 1018 καὶ
2650 966 2889 1037 Μάρων,
2926 965 3007 1016 ἐτι
3034 964 3130 1015 καὶ
3173 960 3317 1015 κατά
3346 958 3461 1012 τῶν
3489 956 3724 1029 ἀρίστων

2146 1056 2503 1126 ἐπιφύονται,
2540 1055 2577 1110 ἀ
2608 1063 2748 1127 μήτε
2778 1056 2924 1126 λόγῳ
2955 1053 3094 1126 ῥητὰ
3113 1093 3130 1118 ,
3171 1054 3310 1123 μήτε
3336 1051 3491 1122 ἔργῳ
3520 1048 3724 1119 φορητά

2145 1153 2243 1206 καὶ
2272 1150 2575 1223 φράζοντες
2602 1152 2696 1204 καὶ
2731 1149 3096 1221 πράττοντες*
3136 1147 3211 1219 μὴ
3250 1146 3352 1217 τῆς
3391 1144 3545 1207 θείας
3574 1143 3723 1213 δίκης

2145 1245 2408 1316 ἀμέλειαν
2433 1244 2813 1316 καταψηφίσῃ,
2858 1242 2996 1297 ἀλλὰ
3028 1237 3280 1311 θαύμαζε
3303 1239 3481 1310 αὐτῆς
3501 1238 3603 1310 τὴν
3625 1254 3722 1309 μα·-

2146 1338 2477 1411 κροθυμίαν,
2503 1337 2600 1408 τὴν
2626 1336 2721 1391 νῦν
2748 1338 2849 1408 μὲν
2879 1338 2960 1399 είς
2989 1335 3283 1407 μετάνοιαν
3309 1332 3513 1395 αὐτοὺς
3540 1329 3723 1385 καλοῦ-

2148 1447 2251 1485 σαν
2269 1471 2284 1497 ,
2322 1430 2416 1483 καὶ
2448 1429 2548 1499 τὴν
2577 1428 2875 1496 ἀπολογίαν
2912 1425 3365 1497 ἀποτεμνομένην
3385 1465 3401 1488 ,
3449 1423 3643 1493 μικρὸν
3671 1422 3723 1476 δὲ

2150 1524 2378 1596 ὕστερον
2407 1526 2441 1597 ἢ
2485 1522 2741 1586 ἐνταῦθα,
2776 1522 2810 1594 ἢ
2845 1523 2961 1574 ἐκεῖ
2999 1520 3221 1573 κολάσει
3257 1517 3602 1587 σφοδροτάτῃ
3631 1514 3727 1567 ac;

2146 1616 2274 1679 τοὺς
2320 1613 2809 1687 μετελευσομένην.
2841 1613 2903 1666 Εί
2928 1611 3030 1683 μὲν
3058 1610 3171 1681 γὰρ
3212 1611 3264 1663 οἱ
3293 1609 3403 1679 πρὸ
3430 1607 3528 1661 τοῦ
3563 1624 3724 1660 κατα-

2149 1705 2396 1779 κλυσμοῦ
2424 1705 2460 1760 ἃ
2496 1705 2570 1777 μὴ
2601 1704 2760 1775 θέμις
2784 1702 3108 1777 δράσαντες,
3127 1702 3162 1773 ἦ
3190 1702 3251 1754 ἐν
3279 1700 3547 1770 Σοδόμοις
3566 1700 3724 1767 ὑπερ-

2147 1801 2276 1871 όρια
2313 1798 2675 1861 πταίσαντες,
2709 1797 2743 1869 ἢ
2779 1799 2831 1851 oi
2861 1795 3006 1851 κατά
3046 1796 3141 1849 τοῦ
3190 1795 3468 1848 Δεσπότου
3513 1792 3724 1845 ἐπιλυτ-

2147 1890 2215 1960 τή
2224 1906 2417 1952 σαντες
2443 1888 2688 1943 Ἰουδαῖοι
2703 1886 3043 1958 ἀτιμώρητοι
3058 1886 3340 1955 διέφυγον,
3352 1882 3726 1952 διαφεύξονται

2149 1979 2245 2032 καὶ
2268 1972 2437 2033 οὗτοι.
2461 1977 2527 2031 Ei
2554 1977 2611 2031 δὲ
2638 1977 2864 2031 ἐκείνων
2889 1974 3125 2031 ἐνταῦθα
3151 1976 3205 2028 οί
3236 1974 3337 2045 μὲν
3360 1971 3726 2043 κατεκλύσθη-

2151 2084 2251 2124 σαν
2273 2107 2289 2132 ,
2323 2069 2373 2122 oi
2404 2067 2463 2121 δὲ
2497 2067 2673 2139 πυρὸς
2696 2106 2711 2131 ,
2743 2067 2794 2122 oi
2820 2066 2880 2119 δὲ
2910 2065 3151 2136 πολέμου
3180 2064 3344 2134 ἔργον
3374 2064 3725 2133 γεγένηνται,

2148 2160 2225 2226 ὡς
2264 2160 2448 2225 πάσας
2485 2160 2582 2219 καὶ
2615 2160 2716 2222 τάς
2755 2160 3067 2232 ἔμπροσθεν
3087 2199 3104 2226 ,
3132 2158 3357 2222 καὶτὰς
3393 2156 3538 2230 μεςά
3566 2155 3730 2212 ταῦτα

2149 2252 2469 2324 ἀποκρύψαι
2503 2251 2833 2324 τραγῳδίας,
2867 2252 3091 2305 κάκεῖσε
3121 2250 3179 2303 δὲ
3216 2248 3317 2312 τὰς
3348 2249 3591 2317 ἐσχάτας
3618 2247 3729 2299 πεί-

2151 2362 2333 2401 σονται
2368 2346 2642 2416 τιμωρίας
2663 2360 2676 2373 ’
2725 2344 2792 2398 δι’
2822 2344 2890 2415 ῆν
2928 2343 3111 2398 αἰτίαν
3138 2342 3464 2411 ὀλιγωρεῖς,
3509 2340 3590 2404 ὡς
3619 2342 3729 2395 ἀτι-

2152 2441 2425 2512 μωρήτων
2469 2438 2676 2495 τούτων
2718 2438 2923 2504 ὅντων;
2964 2437 3093 2490 Ὅτι
3136 2436 3249 2505 γὰρ
3297 2434 3465 2488 κάκεῖ
3503 2432 3731 2486 δώσουσι

2147 2538 2342 2607 δίκην,
2398 2535 2594 2607 δῆλον,
2650 2535 2718 2589 ἐκ
2778 2532 2873 2587 τοῦ
2932 2532 3033 2603 τὴν
3097 2531 3360 2602 ἀλήθειαν
3420 2526 3725 2598 εἰρηκέναι.

2155 2649 2174 2681 ι
2223 2628 2603 2700 Ἀνεκτότερον
2637 2625 2791 2682 ἔσται
2835 2627 2909 2697 γῇ
2940 2624 3189 2694 Σόδομων
3221 2623 3316 2675 καὶ
3345 2620 3667 2691 Γομόρρων,
3696 2616 3727 2686 ἢ

2146 2723 2214 2793 τῇ
2256 2720 2409 2774 πόλει
2451 2718 2668 2792 ἐκείνῃ,
2717 2737 2737 2771 ι
2790 2719 2858 2788 τῇ
2891 2714 3134 2785 διωξάσῃ
3176 2712 3423 2783 δηλονότι
3466 2710 3598 2773 τοὺς
3638 2708 3725 2776 τῆς

2147 2812 2409 2886 ἀληθείας
2441 2812 2693 2883 κήρυκας
2711 2825 2728 2843 ο
2764 2809 2925 2863 τοῦτο
2953 2808 3010 2861 δὲ
3035 2803 3187 2861 εἶπεν
3206 2847 3222 2871 ,
3265 2804 3343 2869 ὡς
3377 2803 3612 2857 ἐκείνων
3639 2800 3725 2872 μὲν

2149 2902 2573 2976 ἀργαλεωτεψαν
2597 2899 2881 2955 δωσόντων
2913 2899 3074 2969 δίκην
3094 2937 3112 2964 ,
3150 2893 3463 2965 Σοδομιτῶν
3507 2892 3566 2947 δὲ
3596 2892 3721 2960 ἡμε-

466 3000 716 3042 natnram
750 2986 877 3041 vino
918 3002 984 3041 ac
1038 2984 1263 3039 libidine
1306 2992 1433 3039 sunt
1481 2980 1824 3038 debacchati.
1871 2978 2045 3038 Judaei

2152 2996 2418 3071 ρωτέραν,
2451 2993 2512 3046 οὐ
2544 2991 2707 3063 μόνον
2731 2990 2821 3045 διὰ
2845 2989 2908 3044 τὸ
2939 2986 3222 3045 κάνταῦθα
3244 2984 3568 3046 δεδωκέναι,
3601 2978 3723 3036 ἀλλὰ

466 3094 603 3134 vero
626 3079 897 3135 adversus
910 3086 1114 3133 naturae
1137 3076 1425 3131 Dominum
1451 3074 1817 3145 deliquerunt.

970 3376 1203 3434 CCXXL
1235 3405 1307 3422 σ-
1330 3374 1539 3430 EIDEM
1550 3419 1564 3434 .

2148 3090 2247 3147 καὶ
2295 3087 2386 3142 διὰ
2413 3086 2477 3140 τὸ
2519 3085 2649 3148 τοὺς
2693 3084 2794 3155 μὲν
2829 3082 2975 3136 κατὰ
3001 3080 3106 3151 τῆς
3147 3078 3364 3149 φύσεως
3401 3088 3719 3144 πεπαρῳνη-

2151 3182 2330 3247 κέναι,
2350 3179 2477 3244 τοὺς
2500 3179 2558 3234 δέ
2583 3177 2730 3232 κατά
2755 3174 2850 3230 τοῦ
2875 3175 3150 3228 Δεσπότου
3175 3172 3276 3242 τῆς
3299 3168 3523 3239 φύσεως
3553 3166 3721 3218 λελυτο

2150 3273 2398 3345 τηκέναι.

2612 3377 2786 3432 xxa'.
2823 3408 2895 3420 -
2933 3376 3023 3445 To
3061 3373 3265 3441 ΔΥΤῼ.

782 3492 861 3548 De
888 3508 1040 3564 pana
1068 3493 1229 3563 hujus
1257 3501 1304 3547 et
1340 3492 1561 3547 alterius
1585 3493 1723 3546 vitae.
1756 3489 1871 3555 (Ex
1901 3493 2002 3547 hac
2032 3504 2081 3549 et
2114 3499 2383 3566 superiore
2406 3500 2557 3567 epist.
2598 3496 2828 3565 conﬂata
2851 3496 3002 3563 epist.
3034 3492 3165 3561 203,
3195 3490 3288 3545 lib.
3323 3490 3437 3562 ιιι.)

542 3614 714 3682 Scito,
750 3616 891 3672 bone
919 3616 1023 3682 vir,
1048 3618 1194 3685 quod
1216 3617 1259 3672 si
1288 3615 1480 3672 leviter
1504 3631 1568 3671 ac
1597 3617 1860 3673 tolerabili
1890 3619 2050 3675 modo

470 3718 775 3778 curatuque
812 3707 975 3763 facile
1014 3708 1376 3778 peccavimus,
1408 3709 1637 3779 ideoque
1669 3710 1884 3765 adversi
1922 3713 2051 3778 quid

471 3800 743 3872 patimur,
792 3810 921 3854 tunc
970 3799 1200 3855 crimina
1256 3798 1609 3869 detergimus.
1673 3798 1871 3855 Gravia
1920 3816 2052 3857 vero

472 3902 636 3961 atque
690 3891 980 3946 immodica
1034 3900 1335 3960 patrantes,
1383 3891 1440 3945 in
1490 3891 1666 3946 altera
1723 3892 1888 3946 etiam
1940 3893 2049 3947 vita

472 3985 705 4039 luemus.
732 3983 907 4055 628
930 3981 1130 4037 Levius
1178 3991 1359 4038 tamen
1391 3997 1456 4037 ac
1481 3983 1690 4047 mitius,
1727 3984 1772 4038 si
1801 3984 1930 4053 quid
1966 3986 2053 4039 hic

469 4078 710 4148 patimur
751 4076 1000 4140 adversi;
1045 4075 1263 4142 gravius
1303 4089 1467 4142 vero,
1517 4075 1564 4131 si
1606 4076 1743 4130 nihil
1778 4076 1866 4131 hic
1907 4077 2050 4146 passi

468 4167 583 4221 vita
609 4166 943 4221 deeedimus.
970 4162 1170 4220 Verum
1204 4179 1274 4220 ne
1315 4180 1404 4221 me
1429 4166 1586 4221 dicas
1613 4166 1779 4221 veluti
1802 4181 2051 4235 narrare,

471 4274 667 4314 action
702 4260 1103 4323 demonstrare,
1136 4260 1364 4314 testibus
1393 4261 1650 4314 utendum
1681 4270 1766 4315 est
1799 4275 2050 4316 necessa-

474 4351 599 4406 riis.
637 4350 864 4406 Divinus
906 4352 1087 4420 itaque
1130 4350 1328 4407 Paulus
1364 4351 1430 4405 de
1475 4352 1563 4419 iis,
1591 4351 1682 4423 qui
1718 4352 1807 4408 hic
1853 4352 2050 4407 delicta

474 4445 651 4508 luunt,
673 4443 826 4498 testis
843 4442 989 4498 omni
1014 4443 1335 4512 exceptione
1358 4442 1553 4512 major,
1579 4442 1911 4512 redarguens
1937 4459 2052 4510 eos,

474 4536 567 4605 qui
595 4536 819 4606 indigne
848 4547 1189 4589 sacramenta
1218 4543 1608 4604 perceperant:
1635 4551 1657 4585 ι
1682 4532 1825 4597 Ideo,
1855 4533 2051 4603 inquit,

475 4629 617 4683 inter
642 4643 740 4683 vos
777 4627 931 4682 multi
967 4627 1165 4681 inﬁrmi
1211 4639 1265 4682 et
1307 4626 1601 4681 imbecilles
1625 4666 1641 4693 ,
1685 4635 1741 4681 et
1781 4627 2057 4681 dormiunt

477 4719 657 4773 multi.
705 4718 861 4785 Quod
921 4720 968 4775 si
1015 4720 1379 4787 nosmetipsos
1429 4717 1892 4788 dijudicaremus,
1947 4733 2054 4772 non

477 4811 661 4880 utique
672 4811 1062 4879 iudicaremur.
1082 4810 1214 4865 Dum
1231 4809 1754 4880 judicamurautem.
1778 4824 1808 4862 a
1827 4806 2055 4862 Domino

477 4902 827 4971 corripimur,
858 4913 919 4957 ut
944 4917 1049 4956 non
1073 4916 1196 4956 cum
1224 4903 1326 4957 hoc
1352 4900 1555 4955 mundo
1590 4900 1915 4956 damnentur
1938 4901 2043 4956 δ’.»

479 4990 615 5047 ιιιυά
640 4992 805 5047 etiam
853 4993 961 5063 igni
1007 4992 1319 5048 excruciato
1359 4991 1512 5046 diviti
1545 4991 1750 5046 dictum
1778 4992 1845 5046 ab
1876 4991 2051 5046 Abra-

480 5086 645 5139 hamo
661 5085 850 5141 eodem
875 5086 1107 5154 pertinet
1141 5103 1155 5139 :
1190 5102 1208 5135 ι
1232 5083 1358 5148 Fili,
1380 5084 1668 5139 recordare
1689 5084 1821 5153 quia
1844 5084 2057 5152 recepi-

481 5178 549 5233 sti
584 5178 723 5234 bona
768 5181 822 5235 in
869 5180 976 5233 vita
1025 5188 1136 5234 tua.
1172 5178 1415 5233 Lazarus
1461 5177 1712 5232 similiter
1759 5177 1899 5231 mala
1929 5176 1998 5231 ⁸ο.
2032 5196 2051 5227 ι

2176 3612 2181 3617 ξ
2231 3624 2397 3687 Ἴσθι,
2447 3619 2494 3679 ὦ
2538 3624 2747 3694 ἀγαθὲ,
2802 3624 2887 3677 ὅτι
2940 3623 2989 3675 εί
3036 3622 3193 3676 οἱστά
3233 3620 3332 3673 καὶ
3382 3618 3600 3690 φορητά
3647 3617 3729 3670 καὶ

2157 3718 2348 3772 εύΐατα
2379 3717 2707 3787 πταίσοιμεν
2727 3757 2742 3783 ,
2770 3716 2864 3768 καὶ
2894 3715 3165 3785 πάθοιμεν
3192 3730 3247 3766 τι
3276 3712 3522 3766 ἐνταῦθα
3551 3711 3728 3771 δεινὸν.

2156 3805 2569 3879 ἀποτριϐόμεθα
2597 3803 2667 3858 τὰ
2704 3803 3027 3874 πταίσματα
3049 3819 3065 3835 ο
3097 3803 3147 3856 εί
3173 3801 3232 3856 δὲ
3268 3800 3623 3871 ἀπάνθρωπα
3646 3799 3730 3851 καὶ

2154 3898 2305 3954 δεινὰ
2328 3939 2344 3965 ,
2376 3898 2601 3952 κάκεῖσε
2643 3893 3183 3966 τιμωρηθησόμεθα,
3223 3893 3565 3964 κουφότερον
3620 3894 3728 3963 μὲν,

2148 3993 2199 4045 εί
2224 3990 2507 4045 κάνταῦθά
2547 4007 2600 4042 τι
2638 3988 2908 4060 πάθοιμεν
2931 4028 2946 4051 ,
2981 3988 3284 4060 βαρύτερον
3310 3988 3391 4053 δὲ,
3429 3989 3483 4041 εἰ
3510 3989 3727 4051 ἀπαθεῖς

2149 4080 2481 4150 ἀπέλθοιμεν
2500 4095 2515 4109 ⁸
2547 4078 2663 4135 ἀλλ’
2697 4080 2785 4133 ἵνα
2813 4079 2889 4151 μὴ
2927 4078 3107 4147 λέγειν
3133 4079 3279 4149 ἔχοις
3318 4079 3395 4141 ὡς
3427 4078 3573 4150 αὕτη
3610 4079 3729 4133 ἀπό-

2149 4173 2316 4241 φασίς
2349 4173 2467 4224 ἐστι
2509 4172 2607 4225 καὶ
2632 4173 2733 4224 οὐκ
2771 4171 3067 4237 ἀπόδειξις,
3099 4172 3190 4225 διὰ
3228 4172 3552 4242 μαρτυριῶν
3604 4171 3725 4234 ἀξιον

2151 4265 2330 4335 χρέων
2363 4264 2627 4334 βαδιεῖται
2657 4266 2685 4317 ὁ
2714 4263 2907 4332 λόγος.
2938 4265 3073 4335 Περὶ
3094 4259 3187 4318 οὖν
3213 4263 3324 4316 τῶν
3349 4262 3593 4317 ἐνταῦθα
3622 4264 3727 4315 ἀπο

2151 4356 2489 4426 τριϐομένων
2544 4354 2615 4407 τὰ
2678 4355 3022 4425 πταίσματα,
3090 4353 3301 4425 μάρτυς
3361 4352 3724 4423 παραγραφὴ)

2154 4449 2230 4521 μὴ
2273 4448 2658 4518 ἐπιδεχόμενος
2684 4450 2713 4503 ό
2752 4447 3039 4511 θεσπέσιος
3086 4447 3335 4510 Παῦλος,
3378 4448 3563 4515 λέγων
3617 4446 3729 4516 περὶ

2151 4539 2260 4592 τῶν
2306 4539 2541 4603 ἀναξίως
2587 4539 2697 4591 τῶν
2740 4539 3056 4608 μυστηρίων
3088 4538 3529 4608 μετειληφότων·
3576 4555 3596 4588 ι
3645 4534 3732 4588 Διὰ

2151 4631 2315 4685 τοῦτο
2341 4634 2398 4685 ὲν
2441 4632 2567 4703 ὑμῖν
2616 4631 2803 4683 πολλοὶ
2845 4632 3092 4694 ἀσθενεῖς
3137 4631 3235 4684 καὶ
3290 4629 3607 4701 ἀρῤωστοι,
3648 4626 3731 4678 καί

2153 4724 2454 4795 κοιμῶνται
2523 4725 2732 4778 ἱκανοί·
2789 4724 2838 4776 εί
2899 4724 3010 4794 γὰρ
3066 4723 3296 4786 ἑαυτοὺς
3349 4720 3724 4791 διεκρίνομεν,

2155 4816 2258 4869 οὐκ
2309 4814 2376 4869 ἂν
2430 4815 2796 4886 ἐκρινόμεθα·
2855 4815 3168 4885 κρινόμενοι
3218 4814 3309 4879 δὲ,
3365 4811 3473 4865 ὑπὸ
3531 4812 3726 4882 Κυρίου

2157 4907 2558 4977 παιδευόμεθα,
2609 4908 2696 4959 ἵνα
2753 4906 2829 4978 μὴ
2883 4908 2982 4960 σὺν
3028 4905 3104 4976 τῷ
3149 4905 3339 4974 κόσμῳ
3388 4901 3727 4972 κατακριθῶ-

2159 5013 2278 5067 μεν.
2310 5017 2328 5048 ι
2362 4996 2475 5049 Καὶ
2496 4996 2555 5048 τὸ
2584 4996 2876 5068 εἰρημένον
2902 4997 2960 5050 δὲ
3002 4997 3136 5068 πρὸς
3176 4996 3267 5049 τὸν
3293 4992 3714 5064 Ἀποτηγανιζό-

2163 5100 2329 5154 μενον
2358 5082 2636 5148 πλούσιον,
2661 5085 2864 5156 ταύτης
2884 5086 3003 5137 ἐστί
3031 5086 3131 5154 τῆς
3170 5084 3404 5148 ἐννοίας,
3444 5084 3529 5136 ὅτι
3558 5102 3577 5133 ι
3602 5083 3722 5134 Ἀπο

2162 5174 2357 5239 έλαὸες
2388 5176 2458 5229 τὰ
2487 5175 2667 5244 ἀγαθά
2694 5191 2788 5228 σου
2823 5178 2882 5230 ὲν
2921 5178 2989 5247 τῇ
3018 5174 3129 5246 ζωῇ
3162 5191 3253 5227 σου
3276 5214 3292 5239 ,
3327 5172 3532 5244 ὁμοίως
3559 5172 3618 5225 δὲ
3644 5169 3721 5225 καὶ

558 5349 762 5406 “Gen.
789 5367 862 5416 vt,
890 5352 913 5405 l
941 5366 1096 5421 seqq.
1172 5350 1217 5383 ’θ’
1254 5351 1391 5406 Gen.
1419 5366 1532 5416 nx,
1574 5353 1741 5421 lseq.
1817 5351 1863 5383 ⁸⁸
1892 5349 2085 5415 Matth,
2128 5367 2180 5415 χ,
2209 5349 2295 5404 15.
2372 5351 2461 5405 "l
2500 5352 2628 5405 Cor.
2673 5367 2749 5417 χι,
2781 5350 2975 5407 50-52.
3051 5351 3100 5382 '°
3136 5348 3270 5405 Luc.
3307 5365 3397 5404 xvi
3422 5389 3441 5415 ,
3468 5346 3557 5404 25.

1586 5501 1821 5557 VARIE.
1857 5499 2241 5559 LECTIONES
2277 5500 2367 5556 ET
2406 5500 2638 5559 NOTAE.

567 5657 671 5733 μθ)
706 5659 812 5718 Pro
843 5664 958 5731 μετ’
988 5660 1140 5716 ἀκολ.
1177 5661 1330 5718 codd.
1360 5658 1478 5714 Val.
1513 5660 1619 5715 650
1649 5670 1697 5718 et
1733 5661 1841 5719 Alt.
1863 5659 2040 5719 haben

2152 5661 2233 5732 ἥτ’
2265 5663 2357 5717 ἁκ.
2379 5660 2599 5719 Possm.
