3982 6420
226 317 362 388 1465

1143 333 1679 406 EPISTOLARUM
1716 344 1864 408 LIB.
1898 349 1968 411 V.
1992 374 2064 387 -·
2086 351 2327 415 EPIST.
2364 353 2650 420 CCXXII.

3368 354 3504 447 1466

220 435 586 538 Λάζαρος.τά
792 463 807 479 ·
856 466 876 500 ι
911 452 1231 518 τουτέστιν,
1263 455 1326 507 ΕΞ
1358 456 1683 530 πέπρακταί
1719 462 1803 516 σοί

1911 465 2074 532 Quasi
2117 467 2372 523 diceret?
2421 467 2477 523 Si
2526 468 2657 538 quid
2710 467 2838 524 boni
2900 467 2954 524 in
3001 467 3112 523 vita
3159 466 3373 533 fecisti,
3404 444 3506 523 hoc

219 545 272 580 τι
292 531 546 625 χρηστὸν
565 573 589 625 ,ῃ
620 536 767 591 τοῦτ’
791 538 1140 615 ἀπείληφας,
1182 548 1472 619 τρυφήσας
1504 553 1599 623 καὶ
1645 553 1808 625 μηδε-

223 618 353 715 μιᾶς
398 623 684 694 πειραθεὶς
727 632 1053 703 μεταϐολῆς.
1104 635 1169 689 Ei
1209 636 1267 690 δέ
1316 618 1368 692 τι
1417 618 1660 715 κάκείνω
1705 618 1806 699 πε-

218 712 613 785 πλημμέληται
633 760 650 783 ,
700 722 846 775 τοῦτ’
870 724 1173 798 ἀπείληφεν
1190 729 1249 783 ὲν
1281 734 1347 802 τῇ
1382 712 1806 807 ἀπαραμυθήτῳ

219 806 387 877 πενίᾳ
421 806 896 883 δεδαπανημένος·
939 793 1160 889 περί-δὲ
1190 820 1301 875 τῶν
1321 793 1618 880 ’κάνταῦθα
1645 793 1807 881 636m.-

219 899 400 992 κάτων
438 901 636 974 δίκην,
680 907 845 961 κάκεῖ
873 909 1190 980 δωσόντων,
1235 917 1399 981 αὐτὸς
1430 919 1458 971 6
1497 921 1698 992 κριτὴς
1748 925 1807 976 ἐν

218 990 583 1089 ξῦαγγελίοις
628 997 993 1089 ἀπεφήνατο*
1047 1024 1066 1058 ι
1103 1006 1487 1083 Ἀνεκτὸτερον
1532 990 1684 1069 ἔσται
1731 1019 1802 1089 γῇ

219 1082 473 1179 Σοδόμων
627 1088 940 1164 Γομόρρων,
972 1096 1006 1169 ἢ
1058 1100 1125 1170 τῇ
1166 1101 1325 1155 πόλει
1378 1105 1579 1179 ἐκείνῃ.
1621 1127 1640 1160 ι
1675 1082 1810 1163 Kal"-

217 1190 298 1265 τοι
325 1176 612 1233 κάνταῦθα
631 1180 897 1239 δεδώκασι
923 1166 1211 1258 δίκην-καὶ
1237 1166 1645 1265 Σοδομῖταίκαὶ
1683 1200 1809 1253 Ἰου-

216 1263 393 1366 6410:,
426 1269 476 1319 οἱ
513 1270 612 1366 μὲᾼν
632 1274 795 1366 Απυρὶ
821 1275 1250 1348 δαπανηθέντες,
1277 1284 1326 1336 οί
1360 1263 1418 1337 δὲ
1448 1286 1671 1360 πολέμῳ
1712 1291 1809 1345 κα)⁵

216 1352 366 1425 λιμῷ
412 1359 831 1430 παραδοθέντες,
883 1368 979 1421 καὶ
1009 1369 1091 1433 είς
1135 1373 1405 1445 τοσαύτην
1437 1352 1675 1449 ἀπορίαν
1710 1398 1811 1435 κα-

215 1448 555 1516 ταστάντες,
586 1452 664 1516 ὡς
710 1455 938 1510 καὶτῶν
968 1460 1190 1515 οίκείων
1221 1464 1524 1532 γεύσασθαι
1556 1448 1768 1524 παίδων
1790 1487 1808 1503 °

216 1538 442 1604 πάντως
463 1541 572 1612 γάρ
589 1544 683 1598 ὑπ’
709 1546 932 1613 ὀδόντας
955 1549 1131 1606 ἐλθεῖν
1146 1554 1180 1619 ἠ
1211 1555 1429 1627 ἀνάγκη
1457 1558 1805 1623 ἐξεϐιάσατο.

659 1821 662 1823 Α
695 1748 864 1806 ΑΚΒν.
900 1783 972 1797 α-
1008 1753 1096 1826 Τῼ
1134 1755 1339 1827 arm.

1911 560 2165 630 recepisti
2185 560 2514 628 deliciando,
2534 562 2847 633 nullamque
2866 571 3154 631 exspectas
3172 560 3499 616 mercedem.

1908 649 1967 704 Si
1992 650 2123 722 quid
2158 665 2290 706 vero
2319 667 2348 705 a
2386 651 2596 706 Lazaro
2638 652 2956 707 humanitus
2995 658 3081 707 est
3121 649 3502 713 commissum,

1909 742 2186 810 expiatum
2222 742 2276 797 id
2326 743 2395 798 ab
2440 742 2822 798 inconsolabili
2875 743 3056 811 inopia
3112 741 3532 810 propemodum

1909 831 2216 901 absumpto.
2246 833 2321 889 De
2343 834 2411 889 iis
2428 849 2557 889 vero
2582 835 2671 903 qui
2699 834 2788 889 hic
2810 848 3000 904 poenas
3030 831 3317 896 dederunt,
3353 830 3509 885 luent

1909 937 2041 978 vero
2082 932 2137 979 et
2174 925 2225 979 in
2273 925 2444 979 altera
2493 927 2628 993 vita,
2681 935 2916 982 testatur
2962 935 3016 980 et
3073 926 3190 995 ipse
3232 922 3400 992 judex
3447 923 3503 977 in

1909 1012 2217 1087 Evangeliis
2250 1035 2265 1073 :
2304 1037 2325 1070 ι
2366 1016 2731 1074 Tolerabilius
2768 1018 2872 1073 erit
2909 1026 3075 1072 terrm
3132 1014 3504 1071 Sodomorum

1908 1117 1965 1163 et
2023 1107 2556 1179 Gomorrhazorum,
2622 1125 2785 1181 quam
2849 1110 3059 1165 civitati
3114 1108 3190 1163 illi
3219 1108 3288 1162 σί.
3328 1125 3349 1159 ›
3389 1104 3505 1160 Etsi

1908 1215 2041 1257 vero
2089 1201 2307 1258 luerunt
2341 1214 2397 1259 et
2443 1204 2532 1259 hic
2582 1202 2878 1259 Sodomita:
2925 1211 3092 1272 atque
3158 1200 3326 1256 Judaei
3354 1238 3371 1264 ,
3427 1197 3503 1253 illi

1909 1289 2128 1358 quidem
2181 1290 2392 1345 cmlesti
2453 1291 2579 1361 igne
2624 1290 2967 1360 consumpti;
3021 1290 3074 1344 hi
3106 1304 3237 1344 vero
3269 1286 3410 1343 bello
3450 1293 3504 1339 et

1909 1380 2052 1434 fame
2084 1381 2280 1447 attriti,
2316 1383 2381 1435 ad
2403 1396 2547 1447 eam,
2584 1384 2828 1450 inquam,
2848 1381 3024 1435 adacti
3054 1381 3298 1435 ciborum
3331 1392 3502 1448 penn-

1908 1471 2070 1536 riam,
2105 1480 2165 1525 ut
2202 1481 2257 1526 et
2294 1471 2497 1527 liberos
2542 1472 2749 1528 obsessi
2796 1487 2826 1526 a
2859 1471 3124 1525 Romanis
3164 1470 3502 1525 devorarlnt.

1908 1557 2102 1615 Omnia
2131 1561 2275 1616 enim
2308 1570 2367 1615 ut
2394 1561 2648 1617 dentibus
2685 1572 2964 1626 vorarent,
2990 1575 3202 1615 summa
3241 1556 3505 1628 compulit

1909 1660 2141 1721 egestas.

2391 1762 2651 1821 CCXXII.
2678 1794 2750 1805 —
2774 1763 3000 1818 EIDEM.
3040 1756 3045 1763 ’

906 1842 985 1899 De
1016 1847 1202 1902 eadem
1233 1865 1309 1914 re,
1338 1850 1393 1903 in
1427 1853 1681 1907 mercedis
1720 1853 2108 1911 distributione.
2143 1854 2308 1927 (Vide
2340 1857 2490 1921 epist.
2528 1855 2618 1921 78,
2651 1854 2803 1926 502.)

288 1966 480 2041 Ὅπερ
506 1970 702 2042 πρώην
725 1974 981 2046 περὶτῶν
1006 1976 1432 2050 ἁμαρτημάτων
1456 1980 1618 2053 ἔφην,
1648 1982 1811 2037 τοῦτο

1982 1985 2135 2053 Quod
2167 2001 2343 2057 nuper
2374 1985 2443 2041 de
2487 1986 2731 2056 peccatis
2775 1990 3147 2055 scripseram,
3178 1981 3321 2037 idem
3357 1997 3505 2039 nunc

215 2057 314 2121 νῦν
345 2060 479 2130 περὶ
520 2062 633 2115 τῶν
679 2066 1128 2137 κατορθωμάτων
1155 2069 1307 2142 ἐρῶ·
1356 2072 1440 2125 ὅτι
1493 2074 1671 2145 μικρά
1714 2076 1812 2131 καὶ

214 2150 415 2221 εὖτελῆ
462 2154 861 2225 κατορθώσας,
916 2161 967 2214 εί
1018 2160 1318 2217 ἀπολαύσει
1371 2164 1520 2230 τινὸς
1565 2167 1809 2238 χρηστοῦ

212 2243 473 2307 ἐνταῦθα,
503 2247 694 2316 ἀφέξει
731 2249 823 2303 τὸν
850 2251 1059 2321 μισθόνι
1086 2254 1149 2308 Ei
1177 2254 1232 2307 δὲ
1265 2255 1480 2326 μεγάλα
1509 2259 1607 2312 καὶ
1640 2259 1811 2331 ὑπερο

213 2337 331 2407 φυῆ
380 2340 475 2393 καὶ
513 2340 951 2413 ἀξιοθαύμαστα,
1001 2347 1228 2401 κάκεῖσε
1280 2349 1658 2421 ἀπολήψεται,
1709 2369 1810 2421 με·

212 2428 388 2500 τρίως
433 2430 555 2502 μὲν,
591 2434 643 2486 εί
678 2434 959 2495 κάνταῦθα
988 2437 1281 2510 ἀπείληφε.
1319 2441 1393 2494 Τὸ
1433 2442 1544 2514 γὰρ
1572 2443 1813 2499 ἐνταῦθα

211 2521 409 2576 λαϐεῖν
451 2523 819 2596 ὑποτέμνεται
851 2529 1046 2599 μισθοῦ
1084 2531 1251 2602 μέρος
1279 2532 1341 2585 οὐ
1372 2534 1570 2606 μικρόν
1594 2551 1609 2567 ·
1642 2536 1812 2608 ὑπερ-

211 2614 524 2681 ϐαλλόντως
556 2617 636 2685 δὲ,
686 2620 735 2671 εί
766 2620 844 2692 μὴ
884 2622 1208 2693 ἀπείληφεν.
1240 2626 1351 2679 Καὶ
1385 2628 1433 2679 εί
1482 2626 1686 2698 βούλει,
1718 2628 1809 2683 διὰ

210 2708 666 2779 παραδείγματος
709 2712 995 2783 σαφηνίσω
1040 2715 1101 2767 τὸ
1146 2714 1462 2788 λεγόμενον.
1521 2719 1810 2774 Ἔστωσαν

209 2797 532 2864 ὑποθέσεως
575 2800 738 2873 χάριν
785 2802 880 2856 δύο
918 2802 1156 2871 δίκαιοι,
1207 2807 1369 2879 ἀκροι
1420 2808 1521 2881 τὴν
1566 2811 1807 2883 ἀρετήν’

209 2890 333 2945 ἀλλ’
381 2894 411 2946 6
467 2893 567 2964 μὲν
603 2893 841 2948 ἐνταῦθα
890 2895 1229 2965 πλουτείτω,
1283 2900 1313 2953 6
1364 2900 1422 2954 δὲ
1460 2901 1747 2956 πενέσθω·
1781 2905 1811 2960 6

211 2983 320 3054 μὲν
358 2983 702 3052 δοξαζέσθω,
735 2987 765 3040 6
796 2986 855 3040 δὲ
885 2988 1230 3061 ὐὸριζέσθω·
1279 2991 1309 3043 6
1345 2991 1446 3062 μὲν
1489 2993 1645 3065 παρὰ
1671 2994 1811 3049 πάν-

209 3093 325 3130 των
372 3077 726 3142 ἐπαινείσθω,
762 3082 792 3134 6
818 3080 877 3134 δὲ
924 3082 1317 3154 κωμῳδείσθιυ.
1356 3077 1809 3156 τΑλραάπεὶθὸν-

209 3184 309 3229 τες
373 3169 519 3235 ἐκεῖ
551 3168 645 3223 τὸν
690 3166 810 3225 ἴσον
855 3171 1119 3244 λήψονται
1176 3175 1485 3244 στέφανον;
1535 3175 1610 3231 Οῦ
1667 3195 1809 3249 φημι

209 3259 434 3328 ἔγωγε,
477 3260 657 3315 καίτοι
700 3262 850 3327 ῐσους
876 3281 940 3328 γε
973 3265 1204 3329 ἑαυτοὺς
1234 3265 1448 3329 ἔφαμεν
1493 3263 1637 3323 εῖναι
1667 3269 1810 3323 κατά

1265 3284 1448 3337 φαμεν
1493 3284 1637 3323 ειναι
1667 3284 1810 3323 κατα
1836 3296 1880 3355 C
1915 3284 2184 3327 uixertm‘t
2214 3284 2309 3325 seu
2338 3284 2465 3321 Vlltﬁ
2494 3284 2599 3320 nuc
2627 3284 2889 3319 trauuma:
2916 3284 3057 3317 ratlu
3084 3284 3268 3329 urapur
3288 3284 3503 3312 νιι-ιιιιιδ

1272 3356 1512 3411 ἐνταῦθα
1545 3357 1663 3428 βίου
1712 3360 1802 3412 ἀν·
1858 3430 1859 3433 η
1913 3362 2282 3432 aequalitatem
2340 3359 2409 3414 ad
2446 3354 2873 3427 inaequalitatem
2918 3351 3174 3416 adducet,
3204 3349 3387 3418 judice
3419 3349 3503 3402 in-

207 3351 305 3405 τὸν
332 3351 436 3421 τῆς
464 3351 666 3424 ἀρετῆς
695 3352 888 3422 λόγον’
918 3355 1036 3409 ἀλλ’
1062 3356 1096 3426 ἡ
1144 3355 1242 3409 τοῦ
1272 3356 1512 3411 ἐνταῦθα
1545 3357 1663 3428 βίου
1712 3360 1802 3412 ἀν-

207 3442 439 3515 ωμαλία
462 3445 560 3515 τὴν
592 3446 816 3518 ἰσότητα
847 3447 947 3517 τῆς
986 3449 1192 3520 ἀρετῆς
1226 3450 1309 3515 είς
1333 3449 1397 3503 τὸ
1428 3449 1616 3505 ἀνισον
1634 3468 1805 3506 κατα-

210 3538 446 3607 στήσειι
487 3538 551 3591 οὐ
602 3538 701 3593 τοῦ
743 3539 1046 3595 ἀδεκάστου
1091 3542 1282 3614 κριτοῦ
1332 3543 1519 3597 ἄδικον
1571 3543 1808 3614 ψηφιου-

210 3626 409 3698 μένου,
467 3626 604 3681 ἀλλά
652 3628 731 3700 τῷ
786 3631 885 3701 μὲν
929 3631 1211 3686 κάνταῦθα
1257 3634 1420 3686 κάκεῖ
1468 3633 1561 3687 τὸν
1615 3634 1811 3705 μισθὸν

210 3720 778 3791 συμμετρησομένου,
814 3720 894 3792 τῷ
941 3722 999 3775 δὲ
1034 3723 1274 3794 ἄκρατον
1323 3725 1425 3797 τὴν
1470 3725 1810 3797 εὐφροσύνην

209 3810 658 3883 βεϐαιώσαντος·
701 3812 909 3867 δίκαιον
960 3815 1069 3886 γὰρ
1112 3816 1350 3870 τοσαῦτα
1395 3815 1498 3888 μὲν
1531 3816 1812 3888 κατορθώ-

212 3921 419 3968 σαντα,
457 3905 530 3976 μὴ
574 3904 687 3958 τῶν
719 3906 902 3959 αὐτῶν
933 3907 990 3960 δὲ
1020 3907 1435 3971 ἀπολαύσαντα,
1475 3908 1684 3979 μείζονι
1715 3910 1810 3962 καὶ

208 3995 591 4068 λαμπροτὲρῳ
624 3997 971 4070 κοσμηθῆναι
1010 3999 1285 4070 στεφάνῳ.
1322 4000 1399 4053 Οὐ
1432 3999 1596 4070 μόνον
1629 4000 1686 4053 δὲ
1716 3999 1810 4053 ἐπὶ

208 4089 328 4143 τῶν
377 4091 847 4162 κατορθωμάτων,
878 4086 925 4146 ὦ
968 4093 1232 4163 μακάριε,
1261 4093 1399 4147 ἀλλὰ
1443 4093 1538 4147 καὶ
1577 4094 1810 4147 ἐπὶτῶν

209 4182 636 4253 ἁμαρτημάτων
674 4185 734 4238 τὸ
777 4185 912 4238 αὐτὸ
939 4186 1243 4242 ἀκολουθεῖ.
1272 4187 1560 4240 Ἔστωσαν
1593 4186 1723 4257 γὰρ,
1759 4188 1809 4241 εί

208 4271 394 4336 δοκεῖ,
421 4273 517 4327 δύο
538 4275 879 4347 ἁμαρτωλοὶ,
903 4278 984 4340 εἰς
1014 4277 1186 4349 αὐτὴν
1211 4278 1312 4349 τῆς
1341 4279 1543 4342 κακίας
1566 4279 1809 4348 φθάσαν-

207 4381 307 4429 τες
327 4364 432 4433 τὴν
461 4366 730 4438 κορυφὴν,
750 4367 827 4432 ὡς
861 4369 1030 4440 μηδὲν
1051 4369 1239 4440 ἕτερον
1265 4369 1456 4441 ἐτέρου
1486 4370 1768 4441 διαφέρειν
1790 4386 1807 4402 ·

208 4449 289 4509 ὧν
311 4455 343 4507 6
372 4456 470 4527 μὲν
487 4456 807 4525 πλουτείτω,
832 4461 861 4513 6
880 4460 936 4514 δὲ
960 4462 1291 4531 πτωχευέτω
1316 4477 1330 4491 ’
1362 4461 1392 4514 6
1415 4463 1512 4533 μὲν
1534 4462 1808 4533 τιμάσθω,

210 4549 241 4601 6
268 4547 329 4601 δὲ
354 4547 660 4619 ὖσριζέσθω
680 4566 695 4581 ·
719 4553 748 4606 6
772 4551 872 4623 μὲν
900 4554 1138 4625 ἀρχέτω,
1166 4557 1195 4608 6
1214 4555 1272 4608 δὲ
1302 4554 1638 4620 κολαζέσθω.
1662 4552 1811 4628 Ἀρα

1912 2079 1980 2133 de
2008 2078 2167 2133 bonis
2198 2078 2378 2133 dicam
2409 2076 2656 2132 moribus
2686 2091 2702 2129 :
2735 2075 2878 2147 quod
2903 2074 2996 2145 qui
3026 2087 3192 2144 parva
3237 2082 3292 2127 et
3324 2070 3502 2126 facilia

1912 2181 2065 2227 recte
2093 2169 2352 2242 gesserit,
2397 2168 2443 2224 si
2472 2168 2606 2238 quid
2649 2176 2736 2224 est
2761 2166 2890 2221 boni
2918 2164 3183 2235 adeptus,
3216 2161 3501 2237 praemium

1911 2260 2120 2316 retulit.
2143 2258 2216 2312 At
2245 2258 2337 2328 qui
2376 2272 2567 2327 magna
2596 2264 2654 2311 et
2678 2251 2997 2321 admiranda
3021 2252 3236 2315 fecerit,
3270 2244 3503 2318 accipiet

1912 2353 2268 2409 nihilominus
2303 2359 2359 2406 et
2401 2349 2512 2405 illic
2554 2347 2863 2403 mercedem
2889 2384 2906 2410 ,
2943 2346 3045 2401 etsi
3080 2343 3374 2399 mediocria
3414 2342 3504 2396 hic

1913 2446 2078 2502 fuerit
2107 2452 2455 2501 consecutus.
2483 2442 2585 2497 Hic
2630 2440 2779 2496 cnim
2826 2438 2987 2509 potiri
3019 2449 3105 2492 est
3139 2452 3246 2490 non
3275 2449 3501 2505 parvam

1911 2537 2187 2594 mercedis
2251 2534 2501 2604 accipere
2574 2531 2903 2602 portionem.
2958 2528 3315 2596 Abundanter
3371 2538 3504 2579 vero

1914 2629 2360 2686 remunerabitur
2379 2668 2395 2694 ,
2429 2626 2474 2680 si
2507 2624 2650 2679 nihil
2690 2621 2987 2691 acceperit.
3017 2620 3073 2674 Id
3099 2633 3200 2686 ego
3228 2616 3500 2685 exemplo.

1910 2721 1957 2776 si
1992 2721 2063 2775 ita
2092 2718 2385 2785 videbitur,
2416 2714 2744 2786 explanabo.
2793 2712 2937 2776 Sint,
2974 2709 3125 2765 verbi
3161 2709 3363 2779 gratia,
3396 2708 3503 2762 duo

1905 2812 2039 2884 justi
2086 2811 2292 2866 virtute
2341 2809 2580 2863 maxime
2625 2804 2839 2876 praediti
2877 2821 2892 2859 :
2931 2816 3072 2857 unus
3129 2801 3305 2866 dives,
3362 2798 3504 2853 alter

1911 2904 2093 2975 inops.
2140 2902 2236 2958 ille
2286 2900 2525 2958 celebris
2590 2899 2710 2965 sit,
2768 2897 2861 2953 hic
2923 2895 3125 2966 injuria
3195 2900 3499 2961 prematur.

1912 2995 2189 3052 Laudetur
2234 2994 2325 3049 ille
2372 3008 2474 3064 per
2524 2991 2731 3055 omnia,
2777 2989 2867 3044 hic
2916 2984 3370 3057 reprehendatur.
3415 2982 3501 3036 An

1913 3089 2055 3144 forte
2105 3087 2233 3143 hinc
2286 3086 2554 3141 abeuntes
2604 3081 2725 3153 pari
2768 3080 3072 3134 afﬁcientur
3101 3075 3347 3132 corona?
3380 3072 3500 3127 Non

1915 3180 2171 3249 equidem
2231 3175 2490 3231 existimo
2524 3214 2540 3237 ,
2600 3171 2705 3228 etsi
2763 3169 2981 3225 virtutis
3050 3167 3263 3222 ratione
3341 3179 3502 3235 pares

1915 3269 2184 3327 dixerim?
2214 3268 2309 3325 sed
2338 3267 2465 3321 vitae
2493 3267 2599 3320 huc
2627 3263 2889 3319 traducta:
2916 3260 3057 3317 ratio
3084 3259 3268 3329 dispar
3283 3256 3503 3312 virtutis

1912 3462 2167 3523 corrupto
2217 3451 2465 3522 iniquum
2517 3448 2649 3504 nihil
2691 3454 3001 3512 statuente,
3035 3444 3132 3500 sed
3189 3444 3278 3499 hic
3309 3452 3364 3497 et
3392 3442 3504 3496 illic

1913 3546 2191 3617 praemium
2243 3544 2440 3612 cuique
2483 3542 2796 3607 ordinante,
2858 3551 2967 3608 quo
3023 3552 3228 3592 meram
3282 3535 3505 3604 augebit

1913 3637 2175 3693 laatitiam.
2197 3634 2362 3707 627
2388 3633 2621 3703 Equum
2640 3633 2786 3688 enim
2817 3641 2937 3688 erat
2965 3640 3249 3699 tantopere
3270 3627 3505 3697 castiga-

1914 3738 2028 3785 tum
2071 3728 2344 3792 moribus,
2374 3739 2549 3791 neque
2573 3724 2662 3779 hic
2685 3723 2875 3779 eadem
2906 3723 3045 3777 bona
3076 3721 3356 3790 adeptum,
3386 3724 3505 3771 ma-‘

1910 3818 2030 3889 jore
2068 3827 2233 3888 atque
2272 3816 2571 3871 illustriore
2615 3814 2801 3870 ornari
2842 3827 3065 3870 corona.
3092 3810 3266 3875 Idem,
3290 3826 3323 3865 ο
3357 3810 3500 3864 bone

1911 3911 2028 3978 vir,
2068 3926 2176 3966 non
2226 3910 2279 3965 in
2326 3910 2489 3978 justis
2547 3907 2707 3961 modo
2752 3906 2933 3973 valet,
2984 3906 3078 3961 sed
3110 3915 3165 3960 et
3198 3902 3507 3972 peccatori-

1912 4002 2013 4058 bus
2055 4000 2333 4056 usuvenit.
2378 3999 2601 4062 Demus,
2644 3997 2687 4053 si
2716 3997 2938 4052 videtur
2962 4035 2978 4061 ,
3010 3995 3137 4051 boni
3164 3994 3376 4049 delictis
3396 3993 3507 4048 sint

1910 4093 2140 4150 obnoxii
2172 4092 2475 4161 eodemque
2503 4089 2558 4143 in
2584 4089 2753 4159 gradu
2785 4096 3132 4158 peccatorum
3185 4084 3503 4151 constituti;

1911 4196 2106 4242 neuter
2152 4198 2283 4239 vero
2333 4185 2563 4237 alterum
2617 4180 2851 4236 crimine
2895 4179 3101 4243 vincat,
3139 4192 3375 4248 quorum
3416 4175 3506 4230 hic

1911 4280 2132 4352 quidem
2199 4278 2270 4333 sit
2334 4275 2617 4344 locuples,
2672 4272 2811 4328 alter
2869 4271 3087 4340 inops?
3146 4268 3246 4324 Hic
3293 4268 3494 4337 injuria

1912 4380 2212 4444 prematur,
2271 4368 2478 4423 honore
2529 4380 2661 4421 vero
2711 4364 2804 4419 ille
2857 4362 3144 4418 aﬂlciatur.
3199 4359 3352 4416 Unus
3378 4374 3505 4414 cum

1913 4464 2142 4535 imperio
2188 4462 2293 4525 sit,
2338 4460 2639 4527 castigetur
2688 4457 2845 4513 alter.
2898 4457 2980 4512 An
3025 4455 3189 4526 igitur
3232 4454 3403 4507 altera
3450 4452 3506 4505 in

1912 4557 2018 4611 vita
2055 4555 2245 4611 eadem
2291 4554 2402 4609 sint
2465 4566 2629 4623 paena
2678 4546 2993 4621 plectendi?
3050 4546 3291 4601 minime
3330 4557 3503 4605 vero,

211 4638 554 4703 ἀπελθόντες
575 4643 693 4696 ἐκεῖ
712 4642 810 4714 τὴν
834 4645 1004 4717 αὐτὴν
1032 4644 1263 4700 δώσουσι
1285 4646 1443 4718 δίκην
1468 4664 1482 4714 ;
1508 4647 1608 4701 οὐκ
1631 4646 1808 4716 ἔγωγε

1918 4649 2133 4704 tametsi
2162 4662 2322 4717 pares
2345 4645 2555 4701 delictis
2576 4642 2829 4698 dixerim.
2856 4638 2966 4695 Sed
2988 4638 3149 4711 hujus
3172 4637 3298 4692 vitae
3327 4642 3509 4690 status

213 4726 414 4800 οἶμαι,
474 4732 655 4787 καίτοι
702 4734 848 4799 ἴσους
892 4753 955 4806 γε
1003 4738 1205 4815 αὐτοὺς
1250 4736 1461 4809 ἔφημεν
1491 4734 1629 4791 εἶναι
1668 4738 1810 4792 κατὰ

1920 4740 2141 4797 malitiae
2177 4736 2545 4807 mqualitatem
2580 4735 2709 4789 facit
2744 4734 2798 4787 in
2841 4730 3103 4801 aequalem
3155 4739 3420 4799 apparere
3451 4725 3509 4779 in

214 4824 311 4876 τὸν
343 4824 444 4894 τῆς
479 4827 682 4889 κακίας
709 4824 868 4896 λόγον
888 4844 903 4860 ·
933 4828 1051 4882 ἀλλ’
1084 4830 1118 4897 ἡ
1161 4830 1257 4883 τοῦ
1301 4830 1536 4885 ἐνταῦθα
1569 4831 1684 4902 βίου
1711 4850 1810 4885 κα-

213 4916 486 4981 τάστασις
508 4916 608 4990 τὴν
642 4918 864 4991 ἰσότητα
892 4920 994 4993 τῆς
1019 4923 1215 4986 κακίας
1244 4923 1430 4979 ἄνισον
1464 4924 1545 4987 είς
1579 4923 1671 4977 τὸν
1705 4923 1809 4993 τῆς

214 5008 575 5073 ἀναστάσεως
619 5013 913 5082 ἀποφαίνει
951 5014 1165 5086 καιρὸν,
1201 5014 1263 5070 οὐ
1301 5018 1403 5087 τῆς
1435 5016 1592 5087 δίκης
1635 5016 1698 5068 τὸ
1732 5015 1813 5068 δί-

216 5116 379 5152 καιον
403 5101 813 5174 παροψομένης,
842 5105 977 5159 ἀλλά
1001 5106 1080 5178 τῷ
1107 5108 1208 5178 μὲν
1224 5108 1503 5162 κάνταῦθα
1528 5109 1691 5162 κάκεῖ
1713 5109 1813 5179 τὴν

216 5193 498 5264 τιμωρίαν
533 5199 1086 5270 συμμετρησομὲνης,
1113 5199 1190 5271 τῷ
1223 5200 1280 5254 δὲ
1307 5202 1426 5254 ἐκεῖ
1456 5200 1566 5273 (50)
1595 5201 1811 5272 ἀπαρα-

225 5284 475 5356 μύθητον
505 5287 603 5358 τὴν
633 5288 855 5343 κόλασιν
893 5293 1293 5364 ψηφιουμένης.
1327 5293 1544 5347 Δίκαιον
1578 5293 1687 5365 γάρ
1718 5292 1811 5347 τὸν

1919 4832 2323 4889 resurrectione
2378 4828 2602 4892 carnis,
2650 4842 2757 4881 non
2805 4822 3015 4893 justitia
3069 4822 3279 4893 justum
3328 4818 3511 4887 ipsum

1920 4931 2232 4994 spernente,
2289 4920 2384 4975 sed
2438 4918 2600 4987 hujus
2628 4918 2755 4971 vitae
2788 4912 3114 4984 supplicium
3167 4924 3291 4966 cum
3325 4907 3515 4960 futuro

1919 5021 2430 5076 Commensurante;
2504 5009 2660 5063 alteri
2733 5022 2864 5063 vero
2924 5004 2997 5060 ibi
3056 4998 3513 5058 inconsolabilem

1916 5120 2134 5176 poenam
2188 5111 2481 5159 statuente.
2515 5098 2733 5156 Justum
2766 5105 2848 5152 est
2873 5096 3017 5152 enim
3063 5092 3249 5148 eadem
3284 5087 3506 5159 quidem

1914 5200 2227 5261 facientem,
2268 5210 2375 5250 non
2424 5198 2612 5250 eadem
2657 5201 2837 5248 tamen
2872 5200 3190 5261 perpessum
3222 5180 3514 5256 graviores

1916 5294 2047 5347 dare
2078 5305 2282 5361 pcenas.

222 5378 298 5434 τὰ
332 5379 475 5434 αὐτὰ
510 5381 610 5452 μὲν
638 5382 955 5453 δεδρακότα,
998 5386 1075 5458 μὴ
1121 5386 1189 5440 τὰ
1222 5384 1362 5442 αὐτά
1390 5387 1443 5442 δὲ
1481 5386 1806 5452 πεπονθότα,
1853 5386 2074 5456 μείζονα
2100 5382 2285 5438 δοῦναι
2316 5378 2491 5450 δίκην.

298 5498 348 5533 ³¹
373 5496 567 5553 Matth.
597 5514 630 5552 Χ
679 5499 757 5554 15

1335 5610 1567 5667 VARUS
1601 5609 1985 5668 LECTIONES
2024 5608 2111 5664 ET
2150 5606 2388 5665 NOTAE.

306 5772 423 5836 (50)
472 5772 577 5829 Pro
616 5771 749 5829 τῶδε
786 5772 944 5827 ambo
984 5770 1145 5827 iidem
1194 5770 1351 5826 codd.
1397 5768 1640 5826 scribunt
1674 5768 1783 5825 τῶν
1818 5768 1827 5819 ε

1911 5768 2024 5834 κεῖ,
2050 5774 2157 5823 etc.
2185 5763 2376 5821 Possm
