3982 6420
488 375 592 441 146

595 379 629 442 '1
1700 379 1742 425 δ
1776 379 1875 434 ,ιδ

698 488 1079 546 CCXXlll.——
1112 480 1510 539 HARPOCBAS
1542 478 1875 535 RHETORI.

1700 367 1742 425 S
1776 363 2099 434 ,ISIDORI
2138 353 2579 422 PELUSIOTIE

3629 345 3759 409 1468

2467 469 2640 523 zxr'.
2693 496 2761 509 -
2810 462 3141 535 ΑΡΠΟΚΡᾼ
3169 463 3479 534 Σοψιετῌ.

497 603 758 657 Virtutem
780 602 954 669 potius
982 615 1096 654 cum
1124 596 1558 661 adversitatibus,
1596 611 1757 666 quam
1792 593 1917 646 vitia

2183 587 2469 726 Ξιὲηῗὶῑαιε,
2495 582 2735 638 colenda.
2769 579 3009 653 (Confer.
3035 582 3190 649 epist.
3228 580 3320 644 18,
3345 577 3441 644 68,
3476 575 3609 642 229,
3633 574 3758 639 284,

2073 676 2121 713 ει
2146 676 2272 713 440.

560 804 689 861 Scio
728 803 859 859 mihi
901 801 1100 872 partim
1148 800 1413 857 creditum
1450 812 1556 853 non
1613 797 1711 864 iri,
1767 795 2075 867 partimque

420 951 427 959 ,
491 892 784 965 hyperbole
825 892 1053 946 videbor
1083 890 1182 956 uti,
1218 889 1322 943 nisi
1366 903 1544 943 meum
1572 887 1788 943 noveris
1821 899 2071 941 morem:

489 987 713 1041 alterius
744 984 975 1039 fortasse
1003 998 1109 1051 non
1140 982 1357 1037 dixero.
1384 978 1521 1035 Novi
1547 979 1748 1035 etenim
1782 979 2073 1049 plerosque

489 1093 589 1147 per
617 1092 675 1132 se
698 1076 764 1132 de
788 1076 910 1130 aliis
948 1074 1090 1130 ferre
1118 1074 1297 1129 solere
1332 1071 1620 1141 judicium.
1660 1070 1791 1125 Dico
1817 1069 2073 1125 libentius

492 1183 579 1222 me
605 1167 806 1222 bonum
841 1167 1051 1237 agendo
1080 1164 1307 1220 adversa
1338 1162 1473 1233 pati,
1507 1178 1670 1233 quam
1696 1160 1835 1215 male
1866 1160 2074 1231 agendo

488 1260 763 1316 coronari.
821 1259 887 1315 Ut
942 1259 1085 1313 enim
1140 1267 1410 1312 transeam
1465 1255 1655 1311 virtuti
1699 1268 1956 1310 coronam
2015 1253 2069 1307 iu

488 1351 658 1406 altera
712 1352 822 1405 vita
880 1349 1215 1419 repositam,
1269 1363 1486 1419 poenam
1553 1352 1692 1401 vero
1738 1344 2073 1415 improbitati

490 1452 874 1513 prmparatam,
919 1442 1090 1496 virtus
1122 1440 1353 1510 ipsamet
1379 1453 1583 1495 corona
1610 1452 1674 1493 ac
1696 1452 1909 1493 merces
1939 1436 2070 1491 mihi

490 1548 614 1588 esse
642 1532 887 1598 videtur,
929 1541 984 1587 et
1028 1532 1217 1586 vitium
1263 1546 1386 1586 esse
1434 1528 1781 1599 supplicium.
1838 1526 1906 1582 Et
1962 1543 2072 1583 nou

493 1625 898 1693 praeelegerim,
954 1624 1001 1679 si
1065 1624 1321 1678 virtutem
1371 1622 1587 1692 quidem
1622 1619 2071 1686 calumniantur;

493 1716 680 1769 vitium
729 1730 859 1771 vero
901 1714 1163 1770 extollunt
1192 1732 1206 1768 :
1235 1724 1292 1769 et
1351 1713 1498 1768 illam
1545 1711 1760 1782 quidem
1798 1712 2072 1776 deserere,

2250 782 2380 839 Οῐδα
2425 784 2508 838 ὅτι
2558 781 2711 854 παρά
2755 797 2918 834 τινων
2966 779 3066 851 μὲν
3096 779 3572 851 ἀπιστηθήσομαι,
3619 779 3763 849 παρὰ

2179 893 2343 930 τινων
2374 876 2432 930 δέ
2469 873 2743 944 ὑπερϐολῇ
2795 870 3103 942 κεχρῆσθαι
3145 869 3591 942 νομισθήσομαι·
3628 870 3763 939 πλὴν

2180 969 2298 1022 ἀλλ’
2351 968 2654 1038 ἐπειδήπερ
2708 962 2866 1019 οἶσθά
2900 982 3003 1034 μου
3060 964 3152 1017 τὸν
3181 962 3380 1032 τρόπον
3444 961 3616 1032 (ἀλλο
3661 962 3763 1032 γὰρ

2182 1055 2312 1119 ἴσως
2358 1057 2461 1109 οὐκ
2491 1055 2558 1109 ἂν
2612 1051 2767 1108 εἶπον
2792 1072 2809 1086 ·
2843 1050 2961 1106 οἶδα
3000 1052 3111 1124 γὰρ
3139 1052 3369 1115 πολλοὺς
3411 1052 3479 1105 ἐκ
3508 1050 3623 1104 τῶν
3646 1049 3763 1103 καθ’

2180 1148 2409 1211 ἑαυτοὺς
2439 1149 2535 1202 καὶ
2561 1148 2662 1212 τὰς
2702 1145 2963 1218 περὶτῶν
3000 1145 3177 1200 ἄλλων
3203 1145 3475 1216 φέροντας
3506 1142 3761 1213 ψήφους),

2181 1241 2345 1309 φημὶ,
2374 1241 2461 1295 ὄτι
2487 1239 2892 1311 ἀσμενέστερον
2922 1238 3035 1308 (51)
3082 1239 3289 1308 ἀρετὴν
3319 1237 3509 1291 ἀσκῶν
3542 1235 3766 1289 ἐνταῦθα

2180 1332 2377 1403 πάσχω
2426 1331 2632 1396 κακῶς,
2659 1331 2694 1402 ἧ
2743 1331 2948 1385 κακίαν
2981 1329 3183 1401 μετιὼν
3221 1327 3624 1399 στεφανοῦμαι.
3655 1328 3764 1381 Ἵνα

2179 1422 2288 1494 γὰρ
2316 1423 2475 1493 παρῶ
2496 1423 2588 1478 τὸν
2622 1422 2891 1493 στέφανον
2938 1424 3029 1477 τὸν
3052 1425 3120 1494 τῇ
3154 1424 3324 1493 ἀρετῇ
3368 1422 3554 1474 ἐκεῖσε
3582 1419 3763 1491 εὔτρε-

2178 1513 2462 1580 πισθέντα,
2496 1515 2592 1569 καὶ
2642 1513 2742 1585 τὴν
2792 1515 3018 1569 κόλασιν
3067 1512 3169 1584 τὴν
3218 1515 3287 1583 τῇ
3320 1512 3495 1582 κακίᾳ
3551 1512 3763 1581 ἑτοιμα-

2188 1605 2430 1670 σθείσαν,
2484 1604 2624 1678 αὑτὴ
2669 1607 2704 1676 ἡ
2753 1605 2925 1676 ἀρετὴ
2960 1605 3222 1672 στέφανος
3261 1597 3410 1655 εἷναί
3468 1618 3562 1671 μοι
3599 1601 3760 1663 δοκεῖ,

2180 1698 2274 1751 καὶ
2302 1698 2337 1767 ἡ
2368 1695 2538 1750 κακία
2589 1696 2835 1759 κόλασις.
2888 1696 3002 1750 Καὶ⁵
3039 1696 3141 1750 οὐκ
3175 1696 3242 1748 ἂν
3287 1694 3544 1765 ἑλοίμην,
3580 1695 3629 1747 ει
3669 1694 3761 1765 τὴν

495 1808 597 1861 hoc
646 1822 777 1861 vero
822 1806 1099 1877 amplecti.
1141 1806 1623 1861 Verumenimvero
1670 1802 1810 1858 lianc
1860 1801 2075 1872 quidem

2186 1787 2286 1857 μὲν
2320 1787 2524 1859 ἀρετὴν
2572 1785 2846 1858 ὑϐρίζοιέν
2888 1802 3053 1853 τινες,
3100 1786 3202 1856 τὴν
3236 1784 3293 1838 δὲ
3323 1784 3530 1840 κακίαν
3574 1801 3762 1852 στεφα-

493 1896 688 1966 iujuria
716 1897 843 1953 licet
871 1897 1120 1951 alfectam
1140 1895 1441 1964 amplector
1465 1904 1521 1949 et
1555 1908 1698 1960 amo,
1716 1892 1907 1947 vitium
1924 1906 2076 1959 vero,

493 1989 713 2044 tametsi
742 1996 1087 2054 coronatum,
1120 2001 1380 2043 exsecror
1401 1996 1563 2056 atque
1585 1985 1694 2041 odi.

597 2188 879 2247 CCXXIV.
917 2217 990 2229 —
1031 2186 1338 2245 HYPATIO
1376 2180 1966 2243 REMPUBUBLICAM

999 2257 1573 2319 ADMINISTRANTI.

2183 1880 2347 1945 νοϊεν,
2373 1878 2476 1949 τῆς
2517 1876 2619 1949 μὲν
2659 1877 3053 1949 ἀποφοιτῆσαι,
3099 1877 3202 1947 τῆς
3232 1876 3291 1931 δὲ
3338 1875 3724 1931 ἀντιλαϐέσθαι
3748 1890 3762 1904 ·

2181 1968 2320 2024 ἀλλά
2345 1969 2447 2039 τὴν
2480 1968 2580 2039 μὲν
2605 1968 2701 2022 καὶ
2733 1968 3096 2041 ὑϐριζομένην
3123 1969 3449 2038 ἀσπάζομαι
3479 1967 3576 2021 καὶ
3608 1966 3763 2036 φιλῶ,

2183 2061 2283 2134 τὴν
2312 2060 2372 2115 δὲ
2400 2061 2496 2114 καὶ
2540 2060 2989 2132 στεφανουμένην
3017 2060 3381 2132 βδελύττομαι
3409 2058 3505 2113 καὶ
3548 2057 3715 2129 μισῶ.

2395 2170 2565 2225 ΣΚΔ¹.
2595 2200 2667 2210 -
2693 2166 2955 2241 ruma
2980 2168 3553 2240 ΠΟΛΙΤΕΥΟΜΕΝῼ.

1295 2373 1590 2427 Avaritiam
1626 2369 1953 2440 fugienaam.
1989 2369 2226 2443 (Confer.
2266 2370 2415 2440 epist.
2451 2370 2509 2435 8,
2555 2371 2646 2437 55,
2675 2369 2767 2439 67,
2814 2368 2964 2440 ΗΞ.)

563 2509 1010 2588 Quandoquidem
1055 2508 1294 2572 ditiicile,
1355 2510 1460 2562 hoc
1510 2516 1618 2572 est,
1662 2505 1948 2561 molestum
1981 2503 2071 2569 sit,

490 2601 581 2670 qui
616 2601 928 2656 divitiarum
958 2612 1151 2671 captus
1180 2615 1368 2656 amore
1390 2610 1510 2671 .est,
1555 2600 1879 2669 resipiscere
1911 2597 2076 2668 (aegre

490 2697 639 2752 enim
686 2694 970 2752 emendari
1018 2703 1217 2764 potest,
1254 2708 1321 2748 ne
1369 2693 1573 2761 dicam,
1622 2691 2071 2747 inemendabilem

491 2785 795 2853 huiusmodi
840 2784 1009 2854 esse),
1039 2784 1173 2839 nihil
1206 2799 1315 2838 non
1350 2782 1649 2853 agendum,
1696 2796 1763 2837 ue
1805 2783 1906 2837 hoc
1929 2781 2073 2836 malo

489 2878 747 2946 capiaris.
780 2876 1018 2931 Facilius
1043 2876 1187 2931 enim
1242 2884 1326 2931 est
1372 2891 1480 2930 non
1524 2874 1666 2945 capi,
1695 2889 1859 2944 quam
1904 2872 2076 2929 semel

487 2978 707 3038 captum
736 2969 804 3023 ab
830 2983 897 3022 eo
927 2968 1117 3022 morbo
1138 2966 1383 3022 liberari.

736 3096 992 3155 CCXXV.
1028 3127 1100 3137 —
1124 3094 1465 3151 PAIJLADIO
1496 3092 1819 3150 DIACONO.

2275 2500 2491 2572 Ἐπειδὴ
2521 2500 2781 2571 χαλεπὸν,
2812 2515 3060 2555 τουτεστι
3089 2501 3372 2566 δύσκολον,
3400 2500 3496 2555 τὸν
3528 2501 3612 2565 εἰς
3637 2500 3767 2572 ἐρω-

2183 2611 2252 2648 τα
2301 2592 2603 2664 χρημάτων
2648 2592 2963 2663 ἐμπεσόντα
3016 2590 3313 2646 ἀνανεῦσαι
3356 2590 3767 2664 (δυσδιόρθωτος

2181 2687 2314 2759 γὰρ,
2349 2686 2436 2740 ἵνα
2467 2684 2542 2757 μὴ
2574 2684 2716 2739 εἴπω
2740 2684 3098 2757 ἀδιόρθωτος,
3133 2687 3162 2739 ό
3188 2684 3435 2748 τοιοῦτος
3480 2684 3758 2755 γίνεται),

2180 2777 2360 2830 πάντα
2402 2776 2508 2847 χρὴ
2556 2776 2818 2847 πράττειν
2839 2815 2857 2842 ,
2918 2776 3061 2831 ὥστε
3112 2776 3190 2847 μὴ
3220 2775 3429 2829 ἁλῶναι
3481 2776 3564 2846 τῷ
3588 2775 3761 2845 δεινῷ.

2182 2866 2563 2939 Εὑκολὼτερον
2582 2866 2692 2937 γὰρ
2720 2866 2798 2938 μὴ
2821 2867 3047 2931 ἁλῶναι,
3074 2866 3327 2938 ἢάλόντα
3351 2865 3764 2938 ἀνακτήσασθαι

2181 2958 2397 3015 ἑαυτόν.

2464 3091 2636 3147 ΣΚΕν.
2666 3123 2738 3134 -
2768 3093 3117 3165 ΠΑΛΛΔΔΙῼ
3158 3093 3488 3165 maxum.

490 3213 593 3280 Qui
618 3212 741 3266 bene
767 3212 1022 3281 paruerit,
1053 3212 1099 3266 is
1126 3219 1263 3266 recte
1307 3210 1603 3281 imperabit.
1645 3207 1821 3285 (Plut.
1870 3206 2177 3285 A‘ristot.‘et
2209 3206 2345 3285 alii;
2396 3207 2555 3285 e_o_n_[._
2587 3209 2742 3279 epist.
2773 3209 2900 3279 455,
2928 3221 2975 3267 et
3012 3211 3086 3265 ibi
3134 3222 3318 3268 notata
3366 3212 3519 3285 σχολ.
3564 3212 3761 3268 Similis

1687 3279 1811 3332 huic
1854 3277 1924 3331 ad
1963 3277 2199 3331 eumdem
2230 3278 2379 3347 epist.
2410 3277 2563 3349 275.)

560 3413 617 3466 Si
662 3412 921 3482 legibus,
980 3412 1179 3483 quibus
1232 3410 1545 3481 respublica
1604 3409 2066 3475 administratur,

2242 3409 2306 3462 Ei
2335 3408 2467 3472 τοὺς
2491 3408 2768 3481 ὑπηκόους
2793 3409 2903 3464 τῶν
2941 3410 3145 3481 νόμων,
3178 3413 3303 3465 καθ’
3333 3404 3416 3466 ὧν
3442 3412 3748 3468 πολιτεύον-

487 3505 657 3577 628
688 3506 960 3574 subjectos
988 3505 1216 3561 minime
1256 3506 1513 3560 convertit
1548 3503 1903 3559 refractarios
1927 3516 2072 3566 esse,

489 3598 660 3652 multo
722 3598 901 3653 minus
949 3597 1043 3667 qui
1097 3597 1389 3667 imperant.
1466 3599 1583 3664 Qua
1650 3597 1797 3651 enim
1861 3595 2078 3650 ratione

486 3687 722 3742 subditis
769 3688 917 3757 leges
970 3697 1299 3757 proponent,
1360 3686 1442 3741 vel
1495 3686 1708 3755 justum
1756 3687 1826 3741 ab
1872 3685 2078 3754 injusto

488 3779 825 3842 discernent,
875 3780 969 3848 qui
1004 3780 1276 3848 imperare
1307 3778 1593 3834 nesciant?
1642 3777 1849 3833 Horum
1896 3777 2079 3847 itaque

486 3871 653 3926 rudes
681 3881 737 3925 et
785 3871 981 3938 ignari,
1011 3872 1213 3940 quique
1244 3871 1377 3926 nihil
1429 3878 1577 3926 recte
1608 3871 1879 3940 imperare
1912 3869 2077 3938 (quod

486 3976 620 4017 sane
650 3977 845 4016 munus
889 3977 998 4019 non
1041 3972 1126 4018 est
1154 3961 1430 4034 exiguum)
1463 3961 1773 4026 didicerint,
1823 3960 2079 4016 maudare

489 4051 537 4105 si
574 4051 1163 4120 aggredianturyidem
1193 4052 1301 4108 illis
1334 4051 1603 4118 usuvenit,
1621 4049 1765 4121 quod
1790 4049 2076 4119 aurigandi

489 4142 782 4213 imperitis,
808 4159 1002 4198 currus
1034 4144 1404 4199 conscendere
1423 4142 1599 4207 ausis,
1629 4142 1724 4213 qui
1749 4157 1808 4198 se
1826 4151 1880 4197 et
1909 4154 2079 4210 equos

489 4236 761 4303 perditum
788 4243 916 4289 eant
946 4252 961 4290 :
992 4235 1075 4289 vel
1120 4235 1413 4306 navigandi
1462 4235 1694 4290 rudibus
1758 4234 1815 4288 in
1870 4242 2076 4288 tantam

486 4324 897 4393 erumpentibus
960 4326 1286 4381 dementiam
1320 4366 1335 4391 ,
1395 4335 1466 4380 -ut
1527 4325 1803 4396 ingentem
1884 4339 2077 4379 navem

488 4418 852 4485 gubernaculo
899 4433 1091 4489 regere
1142 4418 1269 4473 dum
1326 4426 1580 4480 tentant,
1639 4418 1695 4473 in
1752 4416 2078 4487 profundum

489 4506 663 4576 pelagi
697 4507 859 4563 simul
897 4508 1305 4576 demergantur.
1350 4508 1608 4579 Quisquis
1633 4508 1815 4577 itaque
1844 4508 2079 4565 salutem

490 4609 639 4652 autat
671 4614 850 4663 suam,
881 4600 1058 4669 primo
1083 4615 1146 4655 se
1178 4600 1472 4655 multorum
1491 4599 1830 4656 subditorum
1853 4615 2081 4655 numero

489 4701 769 4761 aggreget.
803 4691 960 4758 Quod
998 4693 1045 4748 si
1091 4692 1292 4747 nimius
1334 4692 1511 4760 ipsum
1567 4691 1870 4763 imperandi
1926 4707 2081 4746 amor

492 4778 771 4847 invaserit,
818 4780 968 4834 illum
997 4797 1026 4835 a
1063 4796 1122 4836 se
1162 4780 1431 4851 repellat:
1467 4790 1561 4835 aut
1593 4779 1881 4850 imperium
1924 4786 2075 4835 recte

491 4869 718 4925 ferendo
770 4886 937 4941 posse
991 4882 1142 4927 recte
1204 4872 1478 4942 imperare
1529 4871 1738 4940 discat;
1786 4881 1842 4926 et
1891 4886 1959 4927 ne
2010 4886 2073 4927 se

491 4962 708 5033 negotio
756 4963 986 5030 ingerat.
1025 4963 1120 5018 Sin
1150 4965 1218 5018 ad
1241 4966 1313 5032 .id
1348 4970 1574 5020 vocatus
1609 4963 1793 5031 fuerit,
1830 4973 2071 5028 recuset,

491 5053 537 5110 si
564 5054 678 5108 ﬁeri
701 5055 891 5124 possit,
924 5057 1097 5111 satius
1117 5056 1259 5110 enim
1283 5074 1299 5124 ;
1322 5056 1406 5112 sin
1420 5071 1551 5113 vero
1586 5056 1689 5113 etsi
1720 5057 1823 5113 sub
1843 5056 2083 5129 legibus,

491 5144 764 5215 imperans
792 5145 1027 5202 obetliet.

2179 3519 2304 3562 ται,
2349 3501 2613 3569 ἀνηκόους
2654 3496 2793 3554 εἷναι
2845 3501 2907 3554 οὐ
2964 3502 3094 3572 χρὴ,
3147 3501 3331 3573 πολλῷ
3384 3504 3594 3573 μᾶλλον
3637 3504 3753 3569 τοὺς

2179 3594 2372 3665 ἄρχειν
2403 3593 2702 3663 λαχόντας·
2744 3593 2863 3656 πῶς
2901 3592 3011 3664 γὰρ
3040 3593 3108 3647 ἂν
3147 3597 3263 3658 τοῖς
3292 3596 3621 3667 ἀρχομένοις
3650 3597 3756 3651 δια·

2181 3685 2445 3756 λεχθεῖεν.
2474 3686 2591 3756 ἢτδ
2627 3685 2841 3739 δίκαιον
2865 3687 2930 3738 ἐκ
2963 3685 3057 3739 τοῦ
3105 3686 3291 3740 ἀδίκου
3323 3688 3680 3760 διακρίνοιεν,
3708 3690 3753 3741 oi

2185 3775 2323 3846 μηδὲ
2381 3775 2532 3839 ὅπως
2583 3775 2692 3846 χρὴ
2747 3775 2937 3845 ἄρχειν
2986 3775 3386 3846 ἐπιστάμενοι;
3459 3779 3617 3833 Ὅσοι
3674 3774 3761 3832 οὖν

2183 3866 2391 3920 τούτων
2433 3865 2656 3937 ἄπειροι
2710 3866 2897 3930 ὄντες,
2944 3866 3041 3919 καὶ
3088 3866 3212 3920 οὐδὲ
3263 3868 3447 3933 καλῶς
3504 3869 3760 3942 ἄρχεσθαι

2185 3956 2595 4029 μεμαθηκότεςτ
2626 3958 2742 4030 (καὶ
2792 3958 2952 4012 τοῦτο
2999 3958 3108 4029 γὰρ
3154 3960 3217 4013 οὐ
3273 3961 3516 4032 μικρὸν),
3583 3963 3763 4034 ἄρχειν

2181 4050 2571 4120 ἐπεχείρησαν,
2618 4049 2815 4103 ταυτὸν
2855 4050 3158 4104 πεπόνθασι
3199 4053 3318 4116 τοῖς
3370 4052 3622 4125 ἀπείροις
3670 4052 3763 4124 μέν

2180 4159 2286 4196 που
2319 4141 2529 4214 (52-53)
2553 4141 2810 4212 ἠνιοχεῖν,
2835 4142 3091 4212 ἐπιϐῆναι
3118 4142 3176 4196 δὲ
3197 4145 3313 4206 τοῖς
3340 4143 3554 4215 δίφροις
3572 4145 3765 4216 τολμή-

2182 4251 2332 4297 σασι,
2364 4232 2460 4287 καὶ
2481 4233 2711 4296 ἐαυτοὺς
2741 4234 2832 4286 καὶ
2853 4233 2981 4296 τοὺς
3006 4233 3209 4297 ἵππους
3242 4235 3727 4303 προσαπολὲσασιν
3746 4254 3762 4266 ⁸

2178 4324 2214 4397 ἢ
2236 4326 2349 4389 τοῖς
2374 4325 2860 4397 ἀπειροθαλάττοις
2890 4325 3011 4396 μὲν,
3037 4328 3119 4389 είς
3163 4327 3440 4397 τοσαύτην
3481 4326 3540 4379 δὲ
3572 4328 3762 4398 μανίαν

2181 4415 2542 4482 ἐξοκείλασιν,
2585 4417 2662 4480 ὡς
2713 4417 2809 4469 καὶ¹
2861 4416 3216 4489 μυριαγωγὺν
3263 4417 3472 4472 ὁλκάδα
3524 4418 3762 4473 οίακίσαι

2181 4498 2555 4579 ἐπιχειρῆσαι,
2620 4508 2741 4579 μεθ’
2787 4502 2857 4580 ἦς
2885 4510 2966 4573 είς
2997 4508 3090 4562 τὸν
3138 4507 3300 4579 βυθὸν
3346 4509 3450 4579 τῆς
3500 4509 3761 4580 θαλάττης

2182 4599 2489 4671 ἐχώρησαν.
2527 4598 2585 4653 Ὀ
2604 4598 2786 4652 τοίνυν
2807 4599 2907 4669 τῆς
2940 4597 3217 4668 σωτηρίας
3236 4598 3432 4652 ἑαυτοῦ
3462 4600 3763 4654 ἀντιποιού-

2186 4708 2368 4761 μενος,
2405 4684 2640 4761 μάλιστα
2679 4688 2780 4761 μὲν
2814 4691 2893 4753 εἰς
2930 4690 3029 4760 τὴν
3073 4690 3183 4742 τῶν
3222 4689 3548 4761 ἀρχομένων
3580 4691 3760 4744 ἑαυτὸν

2182 4779 2569 4833 καταταττέτω
2595 4778 2806 4849 πληθύν
2828 4795 2842 4808 ·
2876 4780 2925 4830 εί
2941 4777 2997 4831 δὲ
3020 4779 3222 4842 ἄτοπος
3250 4778 3429 4849 ἀρχῆς
3460 4778 3598 4848 ἔρως
3622 4776 3759 4847 αὐτῷ

2180 4871 2468 4942 ἐπιπταίη,
2501 4868 2839 4935 ἐξελαυνέτω
2868 4868 3059 4922 τοῦτον
3096 4870 3193 4937 ἀφ’
3229 4867 3447 4929 ἑαυτοῦ.
3483 4869 3517 4940 ἣ
3546 4869 3632 4922 διὰ
3667 4868 3754 4921 τοῦ

2183 4961 2362 5026 καλῶς
2392 4960 2659 5033 ἄρχεσθαι
2689 4960 2751 5012 τὸ
2792 4959 3053 5013 δύνασθαι
3092 4958 3278 5022 καλῶς
3303 4960 3468 5030 ἄρξαι
3516 4959 3754 5012 παιδευὲ-

2185 5053 2331 5107 σθω·
2386 5054 2483 5107 καὶ
2534 5054 2610 5124 μὴ
2663 5052 3037 5123 ἐπιῤῥιπτέτω
3101 5051 3203 5121 μὲν
3243 5052 3439 5107 ἑαυτὸν
3498 5052 3579 5123 τῷ
3622 5051 3755 5121 πρά-

2185 5162 2395 5217 γματιο
2457 5147 2507 5200 εί
2561 5145 2619 5200 δὲ
2672 5144 2921 5216 κληθείη,
2981 5144 3374 5215 παραιτείσθω,
3424 5146 3473 5199 εί
3512 5139 3621 5197 οἷόν
3664 5158 3750 5194 τε·

2183 5237 2406 5308 ἄμεινον
2434 5237 2576 5308 γάρ’
2632 5236 2680 5289 εί
2706 5235 2765 5289 δὲ
2799 5235 2897 5307 μὴ,
2924 5235 3028 5290 κᾶν
3062 5233 3171 5289 ὑπὸ
3219 5235 3328 5290 τῶν
3379 5236 3579 5308 νόμων,
3606 5234 3751 5307 βασι-

2183 5327 2308 5381 λευό
2314 5346 2473 5400 μενος
2499 5326 2734 5400 ἀρχέτω.

1593 5506 1831 5563 VARIIE
1871 5504 2259 5563 LECTIONES
2298 5505 2386 5560 ET
2421 5504 2658 5562 ΝΟΤᾸΞ.

572 5685 685 5755 (51)
748 5687 1173 5759 Ἀσμενέστερον
1228 5688 1388 5743 iidem
1422 5688 1713 5743 mulautiu
1740 5687 2078 5759 ἀσμενέστα-

494 5773 582 5821 τα,
611 5768 665 5811 ct
694 5773 835 5813 vcrs.
861 5775 975 5828 seq.
998 5758 1095 5830 pm
1118 5760 1311 5830 πάσχω
1335 5760 1839 5829 δοτίὺυηιπὰσχων.
1873 5758 2085 5815 Possm.

2198 5684 2469 5813 ll’(5‘2-55)
2511 5685 2615 5743 Pro
2643 5684 2746 5739 ποῦ
2762 5683 2962 5742 habent
2994 5683 3087 5739 τοῦ
3110 5684 3269 5741 codd.
3296 5684 3418 5742 Val.
3446 5684 3547 5741 650
3568 5694 3620 5740 ct
3640 5681 3744 5741 Alt.
