3982 6420
218 374 354 439 1469

1052 372 1589 434 EPISTOLARUM
1622 372 1770 433 LIB.
1804 371 1872 434 V.
1905 367 1973 407 έ-
2009 369 2249 431 EPIST.
2290 363 2616 427 CCXXVII.

506 486 694 553 Σκςν.
729 514 800 526 --
832 483 1133 556 ΟΥΡΑΝΙῼ
1189 482 1512 554 ΔΙΑΚΟΝῼ.
1826 489 1876 546 Α

3261 355 3410 421 ’14

2175 370 2249 430 lT.
2290 363 2616 427 CCXXVII.
3261 365 3263 367 ’
3347 356 3486 423 147.)

2175 475 2454 534 CCXXV].
2480 505 2552 515 —
2581 468 2872 529 URBANO
2903 466 3224 525 DIACONO.

218 601 294 655 De
323 599 460 655 bono
497 601 868 656 tentationum.
898 598 966 654 Et
996 600 1052 652 in
1083 598 1218 653 illud
1256 597 1499 654 Christi:
1529 615 1548 650 ι
1586 600 1846 722 ΟέιέιεἸιὲι
1873 611 1986 719 (nam
2036 593 2242 713 intretis
2284 592 2344 646 in
2384 589 2722 644 tentationem
2757 586 2827 640 δ’.
2861 601 2882 637 ι
2919 581 3160 655 (Confer.
3204 580 3356 650 epist.
3393 581 3486 647 '59,

1708 705 1725 722 .
1831 709 1845 722 .
1895 681 2072 722 t.tt.,

1708 705 1725 733 ,
1757 681 1845 735 ιο,
1873 681 1968 722 tta.
1995 681 2072 736 ιι.)

289 778 356 831 Τί
376 779 460 843 εἰς
488 778 718 842 πολλοὺς
749 778 1141 848 καταφεύγεις,
1171 777 1293 844 ἐξὸν
1320 779 1399 842 είς
1429 778 1559 844 ἕνας
1589 778 1644 830 τί
1671 777 1804 831 πολ-

216 871 346 934 λοὺς
417 871 764 938 κολακεύεις,
812 873 988 943 παρὸν
1042 873 1141 926 ἕνα
1185 873 1520 938 ἀντιϐολεῖνς
1557 872 1624 926 Τί
1676 872 1804 935 τοὺς

217 961 471 1025 ἀσθενεῖς
510 963 602 1016 ἐπὶ
649 962 970 1033 συμμαχίαν
1022 963 1230 1031 καλεῖς,
1254 963 1373 1017 δέον
1407 964 1502 1016 ἐπὶ
1529 964 1630 1034 τὴν
1669 963 1804 1032 ἀήτ-

221 1069 389 1123 τητον
417 1052 599 1116 δεξιὰν
649 1053 1042 1122 καταφεύγειν,
1094 1055 1190 1108 καὶ
1223 1056 1425 1118 παντὸς
1456 1053 1803 1124 ἀπηλλάχθαι

1980 776 2123 843 Quid
2153 773 2402 843 confugis
2445 769 2511 826 ad
2563 768 2765 840 plures,
2812 765 2880 821 ad
2913 779 3082 821 unum
3117 778 3239 818 cum
3270 763 3446 827 possis
3467 761 3492 801 ν

1910 869 2043 939 quid
2080 867 2277 923 multos
2301 863 2624 925 assectaris,
2673 875 2840 914 unum
2892 869 3090 926 rogare
3139 869 3261 910 cum
3299 852 3496 906 liceat?

1910 962 2021 1018 Cur
2060 958 2356 1016 imbecilles
2409 956 2462 1012 in
2511 953 2640 1010 belli
2687 950 2922 1006 arcessis
2958 947 3314 1007 societatem,
3363 960 3488 998 cum

1910 1055 2110 1112 debeas
2135 1052 2202 1106 ad
2230 1045 2703 1119 inexpugnabilem
2725 1043 2821 1097 Dei
2847 1041 3140 1097 dexteram
3173 1036 3492 1104 confugere,

221 1146 571 1216 ττειρασμοῦς
615 1147 924 1218 Πειρασμὺς
954 1149 1061 1219 γάρ
1095 1150 1263 1210 ἐστιν,
1312 1149 1371 1201 ού
1400 1149 1461 1202 τὸ
1492 1151 1808 1219 περιπεσεῖν

1942 1142 2282 1201 ttentatione
2309 1143 2454 1196 omni
2484 1149 2536 1194 te
2579 1134 2878 1205 expedire?
2911 1131 3138 1187 Tentari
3172 1137 3276 1194 est,
3305 1135 3495 1181 nonut

222 1235 544 1307 πειρασμῷ,
579 1236 656 1299 ὼς
679 1239 810 1308 ἡγῇ,
852 1238 988 1292 ἀλλὰ
1027 1218 1089 1291 τὸ
1112 1240 1409 1310 ἡττηθῆναι
1442 1218 1612 1309 αὐτῷ·
1645 1239 1727 1292 ὃτι
1749 1237 1807 1291 δέ

1944 1237 2168 1305 pinaris,
2195 1233 2434 1291 incidere
2457 1233 2511 1287 in
2537 1229 2914 1291 tentationem,
2933 1224 3027 1280 sed
3057 1223 3125 1278 ab
3139 1236 3201 1277 ea
3224 1218 3494 1290 superari.

224 1327 408 1392 τοῦτο,
421 1329 471 1380 εί
491 1329 584 1381 καὶ
603 1329 752 1382 δοκεῖ
767 1330 978 1395 πολλοῖς
1000 1332 1228 1386 ἄπιστον
1245 1327 1404 1393 εἶναι,
1421 1331 1622 1402 ἀληθές
1636 1332 1806 1394 ἐστιν,

225 1418 389 1486 ὀλίγα
421 1420 543 1474 τινὰ
571 1421 636 1474 ἐκ
666 1421 777 1475 τῶν
805 1423 965 1493 ἱερῶν
998 1423 1518 1494 μεταχειρισάμενος
1547 1421 1803 1493 Γραφῶν,

152 1597 159 1602 _
225 1511 394 1580 δῆλον
422 1514 652 1584 ποιήσω.
696 1513 770 1566 Τὸ
801 1513 898 1583 μὲν
925 1509 1019 1567 οὖν
1045 1515 1197 1585 παρὰ
1222 1513 1315 1566 τοῦ
1346 1513 1557 1567 Παύλου
1591 1513 1757 1583 ῥηθὲν
1789 1550 1806 1577 ,

235 1621 256 1653 ι
295 1602 486 1666 Οὐδεὶς
544 1604 934 1673 στεφανοῦται,
979 1606 1030 1658 εί
1089 1605 1163 1676 μὴ
1215 1606 1461 1676 νομίμως
1508 1605 1748 1676 ἁλήθσῃ,
1783 1623 1801 1654 ι

229 1693 564 1766 ἐπειδήπέερ
598 1697 709 1749 τισὶ
739 1696 888 1750 δοκεῖ
915 1697 1107 1766 μόνους
1136 1696 1263 1761 τοὺς
1289 1698 1389 1766 τῆς
1413 1696 1615 1768 ἀρετῆς
1639 1695 1811 1749 αἰνίτ-

1907 1329 1964 1384 ld
1996 1343 2120 1398 ego,
2156 1329 2258 1382 etsi
2292 1325 2566 1397 plerisque
2616 1322 2868 1376 videatur
2905 1314 3247 1379 incredibile,
3304 1327 3491 1366 verum

1916 1435 2036 1476 esse
2062 1419 2251 1490 paucis
2280 1433 2312 1473 e
2343 1433 2498 1473 sacra
2530 1415 2815 1484 Scriptura
2847 1410 3055 1466 clarum
3081 1405 3310 1462 reddere
3339 1418 3501 1459 cona-

1918 1515 2036 1570 bor.
2062 1511 2274 1567 Dictum
2297 1509 2443 1566 enim
2477 1524 2504 1562 a
2532 1515 2720 1562 sancto
2753 1502 2920 1558 Paulo
2949 1519 2963 1555 :
3004 1519 3023 1551 ι
3056 1496 3228 1552 Nemo
3266 1509 3499 1550 corona-

1921 1618 2028 1671 tur,
2081 1604 2185 1659 nisi
2234 1604 2325 1673 qui
2381 1601 2621 1672 legitime
2678 1593 2972 1652 certaverit
2995 1591 3066 1644 ⁸³.
3099 1609 3118 1643 ι
3179 1588 3316 1655 Quia
3369 1601 3504 1640 vero

1922 1697 2198 1752 nonnullis
2249 1695 2464 1749 videtur
2510 1690 2657 1746 solos
2701 1685 2929 1742 virtutis
2975 1684 3192 1738 labores
3245 1680 3500 1740 innuere,

231 1786 428 1839 τεσθαι
457 1787 672 1855 πόνους,
726 1790 1049 1861 παραλείψω
1071 1830 1088 1854 ,
1124 1793 1208 1859 ἐφ’
1240 1792 1432 1863 ἑτέραν
1473 1791 1531 1844 δὲ
1571 1790 1687 1861 ἥξω
1717 1791 1812 1861 ῥῆ-
1843 1783 1852 1838 Ῑ

1942 1801 2136 1841 ranseo
2175 1785 2240 1839 ad
2277 1783 2418 1838 aliud
2464 1777 2863 1834 testimonium.
2903 1774 2996 1828 Ait
3040 1770 3142 1826 Job
3171 1769 3503 1825 fortissimus

238 1892 348 1930 σιν.
408 1872 575 1930 Εἶπεν
626 1880 655 1933 ὁ
720 1881 1097 1952 ἀνδρειότατος
1189 1881 1328 1936 Ἰὼϐ·
1407 1899 1428 1936 ι
1477 1883 1812 1953 Πιρατήριὸν

234 1968 390 2022 ἐστιν
422 1969 450 2021 ὀ
500 1969 612 2039 βίος
661 1971 950 2042 ἀνθρώπου
997 1974 1090 2027 ἐπὶ
1127 1973 1229 2044 τῆς
1283 1975 1386 2045 γῆς
1412 2015 1427 2028 .
1472 1993 1492 2027 ι
1530 1975 1598 2028 Ei
1633 1975 1814 2028 τοίνυν

236 2058 412 2122 αὐτὸς
443 2061 473 2112 ό
506 2059 621 2130 βίος
673 2062 1030 2134 πειρατήριόν
1067 2065 1208 2129 ἐστι,
1263 2063 1381 2128 πῶς
1407 2059 1522 2119 οἷόν
1548 2081 1610 2117 τε
1637 2064 1729 2118 τὸν
1759 2067 1818 2116 ἐν

235 2149 320 2220 τῷ
355 2153 646 2223 πειρασμῷ
696 2153 846 2220 ὄντα,
888 2155 1186 2227 πειρασμῷ
1220 2157 1297 2228 μὴ
1355 2158 1711 2229 περιπεσεῖν;
1745 2155 1821 2210 Τὸ

236 2242 352 2313 γὰρ
414 2244 566 2314 παρὰ
618 2245 719 2315 τῆς
779 2246 1059 2317 Ἀληθείας
1120 2247 1326 2319 λεχθὲν,
1389 2266 1409 2301 ι
1443 2247 1821 2318 Προσεύχεσθε

241 2333 319 2403 μὴ
365 2333 623 2387 εἰσελθεῖν
654 2339 735 2396 εἰς
774 2339 1115 2408 πειρασμὸν“,
1141 2359 1160 2391 ι
1202 2339 1442 2394 τοιοῦτόν
1470 2341 1606 2394 ἐστι·
1646 2341 1822 2411 Προσ-

238 2423 507 2494 εύχεσθε,
546 2426 634 2479 ἵνα
685 2427 760 2498 μὴ
809 2428 1080 2499 ἡττηθῆτε
1128 2431 1208 2500 τῷ
1241 2430 1555 2503 πειρασμῷ.
1590 2431 1667 2484 Ού
1713 2431 1824 2502 γὰρ

239 2511 419 2580 εἶπεν,
448 2517 532 2586 μὴ
563 2519 870 2587 ἐμπεσεῖν,
910 2520 1047 2574 ἀλλὰ
1079 2521 1166 2592 μὴ
1199 2523 1518 2586 εἰσελθεῖν,
1555 2522 1822 2587 τουτέστι,

244 2607 324 2678 μὴ
353 2609 725 2679 καταποθῆναι
768 2611 860 2663 ὑπ’
913 2612 1098 2667 αὐτοῦ.
1133 2613 1225 2683 Μὴ
1253 2614 1515 2683 ἐμπεσεῖν
1562 2614 1662 2684 μέν
1691 2614 1824 2685 γὰρ,

241 2699 348 2769 ούχ
372 2693 484 2753 οἷόν
539 2717 622 2764 τε,
676 2701 993 2769 ἐμπεσόντα
1043 2701 1100 2754 δέ
1150 2702 1539 2774 ἀνευρίσασθαι
1574 2703 1686 2774 (54)
1733 2703 1828 2756 καὶ

247 2790 670 2860 στεφανωθῆναι
700 2786 812 2845 οἶόν
839 2810 920 2846 τε.
955 2793 1067 2845 Καὶ
1099 2794 1150 2846 εί
1196 2793 1406 2864 βούλει,
1452 2793 1540 2848 διὰ
1567 2794 1830 2864 παραδεί-

243 2895 462 2948 γματος
487 2882 902 2952 συντομωτάτω
935 2883 1094 2936 τοῦτο
1129 2886 1344 2955 ποιήσω
1376 2886 1568 2954 σαφές.
1600 2887 1833 2940 Δυνατὸν

250 2970 358 3039 μὲν
405 2971 514 3044 γὰρ
568 2973 878 3044 ἐμπεσόντα
927 2974 1052 3028 τινὰ
1087 2975 1168 3038 εἰς
1203 2976 1392 3030 λέοντα
1434 2975 1831 3047 διασωθῆναιῆ

253 3062 443 3135 ῥώμῃ,
470 3065 504 3134 ἢ
529 3064 692 3137 τέχνῃ
711 3081 724 3096 ·
754 3065 850 3119 καὶ
877 3066 929 3118 τί
970 3065 1114 3135 λέγω
1142 3066 1507 3137 διασωθῆναι;
1533 3068 1687 3131 Τινὲς
1726 3069 1835 3140 γὰρ

250 3154 351 3206 καὶ
372 3155 736 3223 ἐχειρώσαντο
768 3154 1042 3219 τοιούτους
1075 3155 1268 3226 θῆρας.
1308 3157 1414 3208 Τὸν
1452 3157 1508 3210 δέ
1547 3159 1839 3229 καταϐρω-

253 3246 422 3303 θὲντα
465 3248 559 3299 καὶ
583 3249 663 3310 είς
700 3248 798 3317 τὴν
850 3248 1058 3301 κοιλίαν
1102 3249 1197 3302 τοῦ
1248 3248 1414 3320 θηρὸς
1450 3252 1840 3321 γεγενημένον,

254 3333 381 3397 πιῖις
408 3333 583 3387 ἔνεστι
607 3334 890 3404 διαφυγεῖν
912 3351 928 3401 ;
970 3336 1142 3389 Τοῦτο
1170 3336 1352 3389 τοίνυν
1368 3337 1487 3389 ἐστὶ
1509 3338 1573 3390 τὸ
1603 3337 1709 3390 ὑπὸ
1748 3335 1845 3391 τοῦ

254 3425 500 3497 Χριστοῦ
537 3426 702 3498 ῥηθέν
726 3442 743 3458 ο
775 3427 858 3480 ὅτι
891 3427 1151 3480 ἀδύνατον
1187 3430 1286 3498 μέν
1342 3428 1464 3480 ἐστι
1507 3428 1581 3500 μὴ
1613 3445 1844 3499 περιπε-

258 3519 381 3570 σεῖν
404 3517 716 3588 πειρασμῷ,
747 3518 972 3590 δυνατὸν
1021 3519 1079 3573 δὲ
1117 3519 1538 3590 περιγενέσθαι·
1587 3521 1683 3574 καὶ
1718 3522 1849 3574 ἐκα-

256 3609 423 3679 τέρου
464 3608 660 3663 τούτων
715 3609 811 3662 καὶ
850 3610 1118 3680 ἐγγυηταὶ⁵
1155 3611 1250 3663 καὶ
1300 3609 1579 3682 μάρτυρες
1622 3612 1671 3664 oi
1702 3611 1847 3679 ἅγιοι

259 3701 488 3765 πάντες,
540 3699 635 3764 οὓς
668 3700 928 3754 τοσαῦται
967 3702 1189 3770 νιφάδες
1245 3701 1574 3771 πειρασμῶν
1624 3702 1849 3754 κατετό-

263 3793 486 3858 ξευσαν,
519 3791 596 3855 ὡς
658 3791 778 3844 ὅλον
831 3791 1017 3861 σχεδὸν
1064 3792 1157 3844 τὸν
1199 3792 1327 3862 τῇδε
1370 3791 1486 3860 βίον
1534 3791 1843 3860 διαθλῆσαι.

263 3886 462 3948 Οὐδεὶς
500 3881 596 3940 οὖν
634 3886 812 3940 αὐτῶν
842 3885 1208 3957 εἰσηκούσθη,
1253 3886 1384 3956 φαίη
1445 3904 1533 3951 τις
1590 3886 1678 3940 ἄν·
1713 3887 1844 3939 Εἰσ-

265 3978 624 4048 ηκούσθησαν
653 3979 750 4049 μέν
775 3973 870 4032 οὖν
900 3995 915 4010 ⁸
940 3978 1002 4030 τὸ
1023 3978 1080 4031 δέ
1112 3978 1536 4048 εἰσακουσθῆναι
1571 3977 1730 4031 τοῦτο
1757 3974 1848 4048 ἦν,

265 4068 330 4122 οὐ
380 4067 440 4120 τὸ
488 4068 562 4138 μὴ
620 4070 880 4138 ἐμπεσεῖν
932 4069 1014 4132 είς
1061 4068 1387 4139 πειρασμόνο
1420 4068 1682 4122 ἀδύνατον
1712 4069 1845 4139 γάρ·

266 4159 410 4213 ἀλλὰ
438 4159 500 4212 τὸ
538 4159 849 4230 ἐμπεσόντα
872 4200 888 4225 ,
944 4160 1019 4229 μὴ
1053 4159 1213 4224 μόνον
1259 4159 1548 4225 ἀϐλαϐῶς,
1585 4157 1722 4212 ἀλλὰ
1750 4159 1845 4212 καὶ

1918 1876 2007 1932 ille
2053 1874 2256 1930 athleta
2288 1891 2302 1929 :
2333 1891 2352 1926 ι
2411 1869 2664 1925 Tentatio
2710 1875 2795 1921 est
2843 1863 2953 1918 vita
3002 1861 3286 1916 hominum
3339 1870 3506 1926 super

1919 1979 2116 2026 terram
2155 1965 2225 2021 “.
2281 1985 2300 2019 ι
2352 1964 2533 2030 Quare
2585 1961 2628 2015 si
2674 1958 2787 2015 vita
2847 1953 3156 2011 mortalium
3221 1946 3504 2005 tentationi

1916 2061 2174 2128 obnoxia,
2216 2057 2484 2128 quomodo
2523 2053 2640 2108 ﬁeri
2684 2050 2878 2122 possit,
2909 2057 2972 2102 ut
2998 2045 3090 2116 qui
3118 2045 3173 2098 in
3205 2041 3505 2097 tentatione

1918 2155 2012 2222 sit,
2069 2154 2124 2208 in
2175 2150 2530 2208 teutationem
2580 2161 2686 2200 non
2734 2141 2957 2198 incidat.
3007 2136 3153 2192 Dixit
3184 2134 3334 2188 enim
3387 2133 3506 2201 ipsa

1921 2246 2134 2304 Veritas
2162 2257 2179 2298 :
2211 2259 2231 2295 ι
2267 2239 2454 2304 Orate,
2495 2247 2554 2292 ut
2577 2253 2681 2291 non
2714 2232 2927 2289 intretis
2954 2232 3008 2286 in
3052 2229 3450 2288 tentationem;
3482 2241 3501 2274 ι

1920 2339 2026 2396 hoc
2057 2344 2163 2402 est,
2189 2341 2340 2390 orate
2370 2346 2438 2384 ne
2461 2326 2791 2398 superemini
2823 2341 2854 2380 a
2873 2324 3194 2378 tentatione.
3219 2317 3338 2372 Non
3362 2314 3507 2369 enim

1923 2431 2021 2495 ait,
2082 2443 2145 2481 ne
2206 2422 2495 2487 incidatis,
2551 2419 2675 2480 sed,
2733 2433 2796 2470 ne
2849 2414 3099 2478 intretis,
3157 2411 3259 2465 hoc
3310 2417 3394 2463 est
3442 2419 3511 2458 ne

1925 2515 2329 2576 absorbeamini
2367 2514 2436 2566 ab
2475 2510 2586 2566 illa.
2639 2508 2786 2563 Fieri
2813 2507 2958 2561 enim
2990 2519 3098 2560 non
3134 2507 3346 2572 potest,
3377 2495 3508 2566 quin

1927 2609 2252 2670 incidamus,
2302 2604 2633 2660 incidentem
2668 2614 2798 2654 vero
2839 2596 3102 2651 victorem
3131 2591 3402 2647 exsistere
3447 2601 3512 2639 ac

1927 2698 2204 2758 coronari.
2254 2696 2343 2761 Et,
2404 2693 2452 2749 si
2507 2692 2719 2763 placet,
2782 2685 3106 2744 brevissimo
3159 2679 3412 2750 exemplo
3459 2677 3514 2729 id

1928 2789 2230 2847 ostendam.
2267 2785 2452 2840 Potest
2497 2783 2642 2837 enim
2699 2780 2823 2848 quis
2873 2778 2928 2832 in
2981 2776 3187 2829 leonem
3243 2770 3514 2833 incidens,

1933 2878 2161 2942 servari,
2223 2876 2388 2946 idque
2414 2873 2498 2928 vel
2526 2872 2748 2935 robore,
2799 2868 2883 2923 vel
2911 2875 3049 2922 arte.
3102 2862 3208 2918 Sed
3238 2861 3366 2931 quid
3398 2859 3521 2913 dico

1936 2969 2188 3028 servari?
2232 2967 2462 3035 Quidam
2497 2966 2642 3020 enim
2681 2965 2782 3017 has
2825 2960 2970 3015 feras
3019 2958 3405 3014 dilacerarunt.
3449 2950 3522 3003 At

1939 3064 2230 3118 devoratus
2279 3069 2333 3115 et
2374 3060 2426 3114 in
2468 3058 2595 3112 fera:
2640 3064 2885 3111 ventrem
2915 3051 3208 3111 demissus,
3248 3044 3523 3117 quomodo

1946 3150 2208 3220 eﬁ‘ugiat?
2236 3147 2403 3219 629
2440 3145 2553 3201 Hoc
2593 3145 2849 3199 nimirum
2888 3139 3140 3195 Christus
3186 3135 3264 3190 ait
3309 3134 3520 3202 impos-

1946 3244 2104 3299 sibile
2133 3242 2349 3312 quidem
2378 3253 2498 3294 esse
2520 3247 2702 3293 utnon
2735 3234 3036 3290 incidamus
3065 3227 3523 3288 intentationem,

1945 3334 2062 3390 ﬁeri
2093 3348 2223 3388 vero
2267 3347 2427 3401 posse
2473 3338 2533 3383 ut
2578 3340 2915 3397 superemus.
2969 3321 3177 3380 Horum
3228 3328 3525 3386 utrumque

1947 3431 2220 3480 testantur
2261 3434 2456 3475 omnes
2498 3418 2666 3472 etiam
2702 3415 2876 3471 sancti
2918 3422 3208 3481 martyres,
3236 3422 3376 3477 quos
3404 3416 3526 3460 ten-

1948 3518 2216 3570 tationum
2288 3509 2542 3583 procellae
2599 3515 3023 3579 Oppugnarunt,
3088 3513 3150 3558 ut
3225 3502 3339 3554 fere
3417 3505 3528 3552 tota

1946 3607 2282 3663 decertarint
2312 3607 2449 3659 vita.
2478 3603 2689 3657 Dixerit
2717 3600 2840 3670 quis
2871 3616 2887 3653 :
2935 3595 3106 3652 Nemo
3142 3594 3312 3665 igitur
3337 3605 3530 3646 eorum

1948 3706 2032 3756 est
2050 3698 2361 3756 exauditus.
2385 3695 2570 3750 Auditi
2595 3693 2817 3763 quidem
2839 3698 2988 3755 sunt,
3012 3693 3107 3743 sed
3137 3701 3244 3742 non
3271 3685 3324 3738 in
3353 3698 3439 3746 eo,
3473 3690 3535 3736 ut

1948 3791 2005 3847 in
2030 3790 2384 3845 tentationem
2415 3801 2519 3841 non
2544 3785 2869 3849 inciderent,
2897 3781 3040 3852 quod
3064 3779 3180 3835 ﬁeri
3201 3791 3306 3832 non
3333 3783 3533 3844 potest,

1949 3885 2046 3939 sed
2095 3897 2219 3938 cum
2267 3879 2625 3942 incidissent,
2693 3893 2799 3931 non
2865 3876 3024 3930 modo
3083 3871 3280 3936 illaesi,
3340 3882 3532 3923 verum

1949 3971 2195 4027 coronati
2225 3986 2256 4025 e
2278 3971 2456 4026 stadio
2481 3968 2718 4023 exirent.
2742 3967 2923 4032 Quare
2950 3979 3055 4019 non
3085 3971 3170 4017 est
3196 3961 3526 4031 Optandum,

1950 4079 2057 4118 non
2091 4063 2331 4118 incidere
2362 4062 2416 4115 in
2452 4060 2834 4123 tentationem,
2863 4057 2958 4113 sed
2989 4070 3113 4112 cum
3158 4051 3538 4116 inciderimus,

1951 4165 2010 4210 ut
2031 4156 2289 4211 clariores
2314 4153 2630 4207 evadamus.

273 4253 417 4322 μετὰ
454 4251 733 4319 στεφάνων
770 4253 835 4304 ἐκ
868 4251 962 4305 τοῦ
987 4251 1204 4305 σταδίου
1235 4250 1492 4315 ἐξελθεῖν.
1548 4251 1641 4323 Μὴ
1670 4251 1849 4306 τοίνυν
1886 4247 2044 4304 τοῦτο
2064 4247 2341 4320 ζητῶμεν,
2367 4245 2431 4299 τὸ
2481 4245 2558 4316 μὴ
2625 4243 2956 4315 πειρασμοῖς
2997 4237 3371 4312 περιπίπτειν,
3403 4234 3544 4292 ἀλλὰ

268 4347 335 4404 τὸ
363 4349 751 4419 περιπεσόντες
777 4347 1147 4419 λαμπρότεροι
1173 4347 1578 4417 ἀποφανθῆναι.

591 4458 758 4511 ΣΚΖ¹.
803 4485 873 4497 -
906 4456 1112 4510 ΘΕΩΝῐ
1159 4456 1532 4527 Ειιιειςοιιιι.

1881 4445 1927 4500 D

2196 4446 2500 4505 CCXXVII.
2534 4485 2605 4496 --
2633 4441 2895 4501 THEONI
2928 4439 3286 4498 EPISCOPO.

769 4551 908 4608 [λπεὶ
935 4561 1143 4607 nostras
1174 4551 1404 4621 injurias
1437 4551 1788 4616 vindicamus,
1823 4548 1922 4603 Dei
1964 4563 2081 4602 vero
2128 4544 2460 4615 negligimus.
2497 4541 2675 4611 (Conf.
2707 4542 2860 4610 epist.
2894 4538 3047 4609 248.)

349 4661 512 4728 Ἶσθι,
542 4655 587 4715 ῶ
611 4661 876 4732 βέλτιστε,
906 4660 980 4724 ὼς
1009 4660 1122 4730 (55)
1146 4661 1248 4713 κάν
1275 4658 1450 4729 τούτῳ
1475 4656 1763 4727 πταίομεν,
1787 4656 1859 4708 τὰ

2038 4654 2208 4721 Scito,
2241 4653 2447 4723 optime
2477 4651 2581 4716 vir,
2636 4651 2688 4703 in
2725 4649 2829 4702 hoc
2879 4661 2908 4700 a
2955 4643 3113 4699 nobis
3143 4641 3382 4711 peccari,
3419 4639 3548 4694 dum

276 4753 383 4825 μὲν
422 4755 500 4815 εἰς
549 4753 774 4815 ἑαυτοὺς
813 4752 1069 4823 δρώμενα
1118 4748 1482 4812 ἐκδικοῦντες,
1540 4747 1611 4801 τὰ
1666 4748 1723 4801 δὲ
1780 4747 1852 4811 εἰς

1967 4762 2089 4817 quae
2118 4747 2172 4802 in
2200 4760 2302 4801 nos
2329 4743 2628 4801 commissa
2663 4748 2812 4806 sunt,
2847 4737 3189 4792 vindicamus
3217 4752 3231 4800 ;
3265 4747 3386 4802 quae
3421 4746 3553 4785 vero

271 4847 370 4902 τὸν
402 4845 533 4899 Θεὸν
567 4842 935 4918 παρορῶντες.
957 4844 1127 4897 Ὅταν
1171 4841 1272 4912 μὲν
1319 4841 1428 4912 γὰρ
1460 4841 1621 4911 ἡμεῖς
1659 4838 1862 4892 ἀδικώ-

1970 4839 2022 4892 in
2055 4834 2252 4903 Deum,
2285 4833 2630 4906 negligimus.
2654 4831 2790 4888 Cum
2822 4832 2965 4885 enim
3011 4824 3208 4884 iniuria
3241 4838 3341 4878 nos
3378 4819 3548 4876 allici-

350 5028 396 5059 "
428 5021 619 5078 Matth.
653 5034 801 5084 xxvr,
832 5020 930 5093 ¹Μ.
1001 5018 1048 5049 ⁸³
1083 5016 1125 5070 ll
1154 5016 1295 5071 Tim.
1335 5031 1394 5079 ιι,
1425 5015 1480 5069 5.
1547 5015 1595 5046 ⁸⁵
1633 5011 1736 5068 Job
1761 5027 1861 5075 vn,
1887 5011 1938 5064 l.

1379 5129 1614 5186 VARIIE
1645 5122 2036 5182 LECTIONES
2071 5120 2162 5176 ET
2201 5117 2440 5176 ΝΟΤᾸΞ.

361 5296 468 5372 (54‘)
518 5295 902 5372 Ἔμπεσόντα.
1054 5289 1515 5372 ἀγεςιίρίσασθᾳι.

281 5391 337 5426 ιιι
364 5351 614 5437 ‘elegaitti
670 5368 772 5419 hac
821 5361 1049 5437 epistola
1102 5351 1293 5437 Isid'ori
1341 5359 1476 5437 napi
1527 5351 1860 5437 πειρασμοῦ.

278 5423 636 5509 (Σοιιξεὲει-ιιιῐι
658 5508 662 5509 ί
689 5437 813 5509 leg._
832 5423 938 5509 pro
962 5423 1428 5509 Adveupicaaliatn,“
1453 5423 1861 5509 ἀγωνίσασθαιὲ

283 5493 602 5578 ᾖὸείίειίιιιιι
644 5493 1068 5576 ἁναίρῥίίἶέασθαι,
1109 5493 1167 5551 iit.
1215 5493 1570 5578 ἀναρρίπτειν
1606 5495 1783 5564 μάχην
1830 5493 1858 5564 ἢ

283 5567 553 5640 κίνδυνον,
581 5567 763 5630 subire
781 5567 1008 5642 pugnam
1037 5579 1128 5623 aut
1158 5567 1470 5642 periculum.
1499 5567 1651 5642 μυηο
1673 5580 1861 5642 assen-

286 5632 398 5706 tior
453 5632 568 5703 viro
614 5632 790 5700 docto.
828 5632 1104 5709 réponenti
1158 5632 1432 5709 aversio-eat
1464 5638 1532 5709 ab
1587 5632 1854 5709 ανευὰζω,

287 5704 435 5790 quod
478 5728 580 5782 est,
630 5704 1022 5790 pictorem'mut
1055 5720 1307 5790 ovantem
1357 5707 1638 5790 celebrare.
1682 5704 1855 5790 Supra

287 5775 452 5862 paulo
478 5775 662 5859 εειμὴ
695 5783 983 5840 εἰσελθεῖν
1024 5782 1103 5838 sic
1132 5783 1332 5837 dictum
1379 5779 1634 5842 fortasse.
1662 5785 1718 5831 ut
1747 5775 1851 5831 La-

1555 5285 1736 5339 Notlus
1779 5282 1866 5337 hic
1977 5277 2108 5332 linis
2161 5278 2215 5331 in
2248 5275 2478 5331 stadium

2514 5273 2756 5342 prodire,
2808 5268 2995 5342 aut_in
3045 5280 3281 5342 scamma
3315 5271 3554 5342 :‘utqne,

1973 5349 2028 5402 in
2062 5364 2271 5402 scenam
2301 5334 2529 5412 prodire.
2557 5343 2797 5395 Scnor'r.
2823 5371 2894 5412 -τ
2913 5339 3019 5392 Pro
3042 5334 3427 5412 ἀνευρίσασθαι
3459 5349 3551 5412 so-

1973 5418 2058 5472 lus
2097 5421 2218 5472 cod.
2249 5403 2360 5470 Alt.
2395 5416 2552 5468 habet
2586 5410 2968 5482 ἁναρίσασθαι,
3015 5408 3157 5461 unde
3181 5403 3323 5482 forte
3350 5403 3551 5482 gratius

1976 5487 2091 5543 fieri
2119 5488 2183 5540 ad
2207 5485 2584 5554 primigenia!"
2618 5476 2902 5554 lectionem
2928 5476 3325 5554 assequendatu
3349 5476 3545 5553 possit,

1970 5542 2130 5627 quam
2171 5542 2418 5627 suspicor
2448 5553 2611 5606 fuisse
2635 5542 3090 5627 ayappﬁaaaﬁatl'.
3115 5547 3218 5627 hoc
3241 5543 3385 5598 enim
3412 5542 3551 5597 satis

1968 5615 2093 5681 cum
2128 5615 2373 5694 sequenti
2407 5615 3112 5694 ccecpavwllﬁvatconvcnit.
3145 5615 3356 5694 Possm.

1963 5765 2004 5822 Ρ
2037 5697 2150 5767 (55)
2208 5681 2297 5760 Ὦς
2334 5681 2544 5750 mutant
2590 5695 2642 5748 in
2685 5681 2768 5746 ὅτι
2815 5690 2972 5746 codd.
3021 5685 3144 5742 Vat.
3193 5685 3298 5742 650
3338 5692 3387 5739 ο·
3436 5681 3546 5736 Alt.
3583 5739 3587 5744 _

2007 5782 2177 5822 ossuv.

2007 5782 2177 5824 055m.
