3982 6420
490 313 622 391 1471

493 517 639 573 Deus
666 517 903 582 lmditur,
924 530 981 572 ut
1016 521 1095 585 (it,
1126 537 1154 574 a
1181 522 1307 577 vino
1338 521 1669 594 lasciviaque
1698 523 1950 592 iniuriam
1986 526 2070 580 in-

493 609 794 666 ferentibus
816 610 940 681 (ncc
962 612 1108 666 enim
1142 629 1310 666 unum
1346 614 1400 667 in
1424 624 1686 669 aeternum
1719 615 1889 670 Deum
1920 631 2076 672 nom

493 703 1084 774 committiturgenus)
1124 705 1285 761 irasci
1315 706 1515 776 iustius
1553 707 1658 773 sit,
1687 724 1848 777 quam
1886 709 2078 764 conni-

495 809 642 850 vere.
689 792 800 849 Nos
851 805 1043 849 contra
1103 795 1352 859 facimus,
1400 797 1491 866 qui
1545 796 1782 852 inimicis
1821 799 2077 864 nolumus

494 884 780 953 ignoscere
812 902 825 938 :
873 884 939 939 iis
969 900 1101 943 vero
1135 886 1225 955 qui
1264 886 1315 938 in
1348 885 1515 939 Deum
1550 884 1787 956 linguam
1818 896 2076 952 exerunt,

494 975 654 1029 mites
687 990 877 1031 sumus
904 985 1069 1045 atque
1099 976 1340 1045 benigni.
1367 974 1685 1048 Indignatus
1705 988 1788 1031 est
1822 978 2074 1048 aliquan-

494 1060 563 1119 do
597 1066 922 1121 mitissimus
964 1066 1141 1121 Moses
1169 1065 1450 1132 Israelitis,
1483 1069 1575 1137 qui
1611 1069 1838 1123 vitulum
1872 1072 2080 1125 conﬂa-

496 1167 694 1215 verant
723 1160 771 1191 ⁸⁸
796 1176 816 1226 η;
845 1174 967 1229 quae
992 1159 1074 1214 ira
1099 1161 1248 1214 omni
1276 1160 1470 1214 melior
1497 1159 1597 1215 fuit
1632 1163 2073 1220 mansuetudine.

497 1236 645 1306 Elias
671 1253 981 1308 idololatris
1012 1254 1082 1318 ⁸⁸,
1107 1263 1159 1309 et
1186 1251 1425 1309 Joannes
1446 1254 1689 1325 Baptista
1713 1253 1999 1324 Herodi",
2027 1266 2084 1313 et

498 1344 699 1400 Paulus
730 1344 936 1416 Elymze
981 1347 1179 1411 iratus,
1227 1362 1333 1401 non
1386 1361 1566 1410 snam,
1608 1348 1703 1401 sed
1745 1348 2085 1405 vindicantes

501 1436 672 1492 divini
714 1438 956 1493 numinis
987 1438 1242 1508 iniuriam
1268 1438 1315 1470 ⁸⁸
1347 1455 1361 1493 :
1389 1440 1532 1508 quod
1553 1438 1658 1493 etsi
1691 1440 1794 1493 sibi
1824 1439 2082 1507 sufﬁciat,

500 1529 765 1584 bonorum
804 1539 985 1585 tamen
1019 1530 1073 1584 in
1102 1530 1231 1585 vitia
1263 1530 1448 1585 odium
1499 1531 1903 1602 complectitur,
1945 1533 2088 1603 iniu-

502 1621 613 1674 rias
647 1635 776 1675 vero
805 1621 907 1677 sibi
949 1622 1130 1677 illatas
1156 1624 1507 1692 spernebant.
1544 1620 1699 1678 Hanc
1730 1623 1880 1678 enim
1910 1622 2086 1678 virtu-

502 1700 613 1769 tem
645 1729 713 1767 ac
742 1713 1143 1783 philosophiam
1183 1730 1372 1771 veram
1408 1715 1820 1771 existimabant.

646 1822 972 1881 CCXXVII].
1006 1855 1075 1868 -—-
1116 1823 1426 1882 AUSONIO
1463 1824 1933 1881 CORREC'I‘ORI.

1654 321 1716 382 S.
1761 321 2057 383 ISIDORI
2095 322 2539 385 PELUSIOTA‘J

492 442 639 489 mur,
673 424 964 482 utilissima
995 434 1080 482 est
1112 429 1476 489 mansuetudo
1508 444 1570 486 ac
1599 431 1820 487 lenitas.
1850 432 1922 487 At
1947 449 2070 489 cum

2193 438 2345 502 satia,
2372 437 2405 506 ἡ
2436 438 2682 508 πραότης
2726 435 3125 509 χρησιμωτάτη
3151 451 3163 466 '
3212 437 3341 491 ὅταν
3379 436 3437 490 δέ
3482 436 3542 490 τὺ
3574 438 3729 505 Θεῖον,

2174 528 2301 596 τόγε
2335 527 2445 585 τῶν
2473 527 2880 599 παροινούντων
2926 528 3091 600 μέρος
3128 529 3376 600 (οὐδεμία
3401 528 3512 599 γάρ
3539 530 3615 594 είς
3647 532 3733 602 τὴν

2108 1823 2156 1881 Β

3612 322 3729 390 1472

2175 620 2455 691 ἀκήρατον
2482 620 2700 692 ἐκείνην
2726 620 2889 689 φύσιν
2916 621 3185 676 διαϐαίνει
3214 620 3435 691 βλάϐη),
3465 624 3564 692 τῆς
3583 623 3736 676 ἐπιει-

2178 713 2334 777 κείας
2376 713 2406 764 ὁ
2469 713 2643 782 θυμὸς
2690 714 3058 786 ὼραιότερος·
3103 717 3265 786 ἡμεῖς
3313 713 3373 767 δὲ
3446 714 3737 769 τούναντίον

2177 803 2416 876 δρῶμεν,
2462 806 2577 869 τοῖς
2618 805 2718 875 μὲν
2762 807 3057 879 ἡμετέροις
3104 806 3317 877 ἐχθροῖς
3362 804 3736 873 ἀσύγγνωστοι,

2178 898 2293 959 τοῖς
2324 894 2382 950 δὲ
2414 895 2558 950 κατά
2583 897 2679 951 τοῦ
2715 897 2853 951 Θεοῦ
2901 897 3186 963 ὁπλίζουσι
3223 897 3325 966 τὴν
3351 895 3598 964 γλῶτταν
3618 897 3741 965 ἦμε-

2183 1004 2267 1058 ροι
2314 987 2468 1052 ὄντες
2527 989 2626 1044 καὶ
2693 988 3091 1061 φιλάνθρωποι.
3164 987 3549 1058 Ἠγανάκτησέ
3625 1005 3738 1042 me

2180 1080 2421 1151 Μωῡσῆς
2465 1081 2495 1133 ὁ
2544 1081 2857 1152 πραότατος
2900 1081 3046 1136 κατὰ
3083 1080 3193 1135 τῶν
3242 1081 3739 1151 μοσχοποιησάντων

2182 1171 2557 1242 ἀγανάκτησιν
2635 1173 2820 1243 πάσης
2887 1173 3196 1245 πραότητος
3260 1171 3551 1243 κρείττονα
3576 1212 3591 1236 ,
3662 1172 3743 1224 καὶ

2182 1262 2373 1326 Ἠλίας
2404 1264 2549 1318 κατά
2575 1265 2686 1319 τῶν
2733 1265 3140 1337 είδωλολατρῶν
3171 1307 3187 1332 ,
3218 1266 3316 1318 καὶ
3360 1263 3615 1334 Ἰωάννης
3638 1263 3743 1316 καθ’

2196 1353 2439 1425 Ἡρώδου
2463 1395 2478 1419 ,
2549 1356 2646 1411 καὶ
2698 1356 2914 1421 Παῦλος
2970 1358 3114 1412 κατά
3189 1356 3288 1410 τοῦ
3370 1356 3577 1425 Ἐλύμα
3596 1372 3611 1386 ο
3660 1356 3743 1426 οὐχ

2186 1444 2434 1509 ἑαυτοὺς,
2492 1446 2629 1501 ἀλλά
2688 1447 2752 1501 τὸ
2800 1448 2956 1502 Θεϊον
3010 1448 3381 1512 ἐκδικοῦντες,
3429 1445 3625 1517 ἀρκοῦν
3663 1447 3744 1516 μὲν

2186 1535 2391 1608 ἐαυτῷ,
2443 1536 2546 1608 τὴν
2576 1537 2637 1592 δὲ
2681 1537 2792 1593 τῶν
2825 1539 3136 1610 φιλαρέτων
3186 1539 3589 1610 μισοπονηρίαν
3627 1538 3742 1592 ἀτω-

2184 1626 2476 1698 δεχόμενον
2500 1628 2635 1701 (56)’
2666 1629 2765 1694 τὰς
2786 1630 2843 1684 δὲ
2872 1633 2951 1695 είς
2973 1630 3204 1694 ἑαυτοὺς
3228 1629 3425 1701 ὕϐρεις
3446 1627 3741 1699 παρεώρων·

2187 1718 2393 1795 ταύτην
2425 1721 2534 1794 γὰρ
2563 1724 2767 1796 ἀρετὴν
2798 1720 2941 1779 εἶναι
2966 1724 3219 1794 ἐνόμιζον
3255 1724 3356 1777 καὶ
3379 1719 3696 1792 φιλοσοφίαν.

2418 1832 2595 1887 ΣΚΗἏ
2637 1862 2710 1873 -
2740 1832 3041 1904 ΔΥΣΟΝἹῼ
3068 1831 3547 1887 ΚΟΡΡΗΚΤΩΡΙ.

1658 1922 1740 1973 Ad
1769 1920 2039 1990 justitiam
2061 1931 2120 1977 ut
2134 1920 2374 1991 judicent
2404 1924 2618 1981 invitat.

576 2027 973 2103 Fortitudinem
1010 2037 1156 2083 tuam
1185 2027 1364 2100 legum
1396 2030 1596 2085 robore
1626 2039 1898 2085 armatam
1929 2032 2090 2087 decet

502 2114 722 2190 cogere,
754 2131 814 2176 ut
843 2120 913 2176 ab
941 2121 1139 2192 iniuria
1185 2121 1261 2177 illi
1292 2122 1605 2178 abstineant
1648 2132 1928 2180 amantes
1958 2126 2092 2180 dex-

507 2222 680 2267 teram
723 2227 880 2267 suam
921 2222 1111 2267 contra
1157 2212 1586 2277 imbecilliores,
1629 2213 1758 2270 dum
1794 2216 1942 2272 unde
1974 2232 2083 2273 non

503 2314 742 2374 oportet,
774 2303 985 2359 lucrum
1024 2304 1207 2362 facere
1233 2314 1521 2361 conantur.

775 2412 1059 2471 CCXXIX.
1090 2444 1155 2454 —
1183 2414 1445 2470 JACOBO
1485 2414 1806 2473 LECTORI.

2267 2032 2479 2104 Πρέπει
2502 2036 2570 2106 τῇ
2602 2035 2669 2105 σῇ
2713 2034 2930 2107 ἀνδρίᾳ,
2962 2038 3029 2107 τῇ
3084 2034 3195 2089 τῶν
3227 2033 3417 2105 νόμων
3464 2030 3746 2105 ὡπλισμένῃ

2194 2121 2343 2194 ίσχύῖ
2376 2124 2513 2195 (57),
2554 2125 2892 2194 ἀναγκάζειν
2914 2124 3217 2195 ἀπέχεσθαι
3247 2122 3345 2177 τοῦ
3382 2122 3613 2186 ἀδικεῖν,
3643 2120 3746 2182 τοὺς

2190 2211 2316 2265 ὅθεν
2367 2213 2432 2266 οὐ
2479 2214 2585 2285 χρὴ
2645 2214 2957 2286 κερδαίνειν
3011 2212 3434 2283 ἐπιχειροῦντας
3483 2214 3616 2266 κατά
3654 2209 3745 2263 τῶν

2189 2304 2598 2377 ἀσθενεστέρων
2628 2306 2953 2370 ὁπλίζοντας
2995 2306 3095 2379 τὴν
3134 2305 3343 2372 δεξιάν.

2430 2420 2605 2476 ΣΚΘ’.
2666 2451 2738 2460 -
2799 2420 3051 2489 ΙΑΚΩΒῼ
3101 2418 3544 2489 ΑΝΑΓΝΩΣἹᾘ.

1259 2506 1463 2573 Virtus',
1492 2510 1588 2563 etsi
1622 2510 1908 2577 laboriosa,
1930 2511 2047 2582 ipsa
2081 2520 2257 2568 tamen
2293 2512 2393 2568 sibi
2416 2528 2629 2570 merces.
2667 2510 2852 2583 (Supr.
2892 2513 3045 2585 223.)

586 2618 697 2675 Etsi
756 2620 1027 2676 laboriosa
1083 2620 1218 2675 mihi
1277 2620 1453 2675 virtus
1511 2630 1635 2686 est,
1692 2622 1869 2691 ipsum
1911 2631 2091 2695 tamen

508 2713 679 2784 ipsius
709 2728 866 2783 opus,
900 2713 1045 2784 quod
1072 2728 1280 2769 merces
1303 2713 1553 2784 sequitur
1581 2754 1597 2779 ,
1628 2713 1863 2770 alterum
1890 2716 2093 2772 donum

507 2820 629 2859 esse
673 2806 912 2861 videtur.
974 2805 1230 2862 Admiror
1293 2805 1483 2861 adhaec
1525 2821 1856 2878 magnopere
1898 2808 2096 2864 divinae

506 2896 779 2971 largitatis
813 2895 1178 2967 maiestatem,
1215 2898 1656 2970 quandoquidem
1681 2914 1902 2955 coronae
1933 2914 2094 2955 coro-

510 3004 637 3043 nam
660 2988 1005 3058 gratiiicandi
1042 2988 1351 3044 accumulat
1402 2990 1565 3057 Deus,
1621 3004 1807 3046 veram
1838 2990 2093 3047 virtutem

507 3081 718 3137 crelesti
758 3096 1031 3136 exornans
1065 3097 1253 3152 regno.

885 3189 1050 3261 σευ
1077 3188 1338 3245 ccxxx.
1371 3216 1442 3232 ——
1466 3188 1704 3247 EIDEM.

2196 2612 2197 2615 η
2278 2624 2435 2697 Ἐμοὶ
2479 2626 2529 2679 εἰ
2579 2626 2674 2680 καὶ
2718 2624 2979 2689 ἐπίπονός
3034 2626 3186 2679 ἐστιν
3256 2624 3291 2694 ἡ
3331 2621 3523 2692 ἀρετὴ,
3554 2617 3745 2685 ἀλλάγι

2196 2718 2293 2771 καὶ
2324 2717 2456 2772 αὐτὸ
2476 2718 2537 2772 τὸ
2557 2718 2718 2789 ἔργον
2754 2718 2947 2788 αὐτῆς,
2980 2710 3025 2785 ᾧ
3051 2720 3080 2771 ὁ
3118 2716 3313 2787 μισθὸς
3348 2715 3560 2775 ἕπεται,
3586 2712 3742 2781 ἕτερον

2194 2808 2366 2881 δῶρον
2394 2805 2538 2862 εἷναι
2561 2810 2727 2865 δοκεῖ.
2779 2809 2889 2863 Καὶ
2909 2809 3033 2864 λίαν
3058 2807 3331 2880 θαυμάζω
3357 2807 3458 2877 τῆς
3486 2805 3625 2866 θείας
3667 2820 3745 2871 με·

2195 2899 2544 2970 γαλοδωρεᾶς
2598 2898 2697 2970 τὴν
2730 2899 3066 2969 φιλοτιμίαν,
3106 2900 3189 2953 ὅτι
3234 2898 3505 2966 στέφανον
3533 2894 3741 2962 στεφάνῳ

2196 2989 2507 3061 χαρίζεται,
2559 2989 2662 3060 τὴν
2706 2988 2999 3062 ἀκίϐδηλον
3031 2988 3235 3061 ἀρετὴν
3281 2990 3356 3059 τῇ
3408 2987 3513 3041 τῶν
3541 2980 3745 3054 οὐρανῶν

2120 3116 2166 3174 C
2200 3081 2449 3153 βασιλείᾳ
2477 3080 2787 3153 κοσμοῦσα.

2692 3192 2818 3245 ΣΛν.
2867 3217 2938 3232 --
2969 3190 3059 3261 To
3098 3189 3303 3259 ΑΥΤῼ.

503 3246 688 3341 .Bonos
718 3246 1065 3355 offendi“an
1093 3284 1240 3339 decet
1289 3246 1555 3341 malorum
1604 3284 1876 3350 felicitate.
1912 3282 2519 3427 (Dagusélgg)Peiusii
2560 3283 2790 3350 episcop.
2833 3281 2978 3351 conf.
3012 3246 3165 3353 epist.
3212 3246 3304 3345 Iii,
3344 3278 3466 3343 140,
3495 3278 3607 3345 147,
3648 3275 3745 3338 196,

583 3465 728 3522 Cave
757 3476 948 3521 contra
975 3464 1146 3523 Deum
1186 3466 1361 3522 malos
1395 3465 1720 3521 tolerantem
1771 3465 2095 3522 vocifereris

510 3568 736 3631 propter
762 3557 982 3614 Eusebii
1016 3558 1247 3629 eiusque
1274 3559 1611 3613 asseclarum
1645 3572 1733 3612 res
1779 3560 2050 3613 secundas
2078 3576 2091 3611 :

510 3652 609 3721 qui
644 3650 833 3706 virtuti
865 3650 1083 3719 quidem
1108 3650 1341 3714 inimici,
1373 3648 1778 3718 improbitatem
1803 3649 2092 3715 extollunt,

502 3756 685 3811 .eaque
717 3757 777 3796 se
808 3741 1057 3809 iactant:
1099 3757 1285 3797 verum
1338 3741 1614 3797 admirare
1640 3743 1821 3811 potius
1866 3741 2097 3797 immen-

514 3849 632 3889 sam
665 3833 807 3892 illam
848 3834 941 3888 Dei
983 3835 1381 3905 benignitatem
1425 3834 1492 3888 ad
1520 3835 1899 3903 paenitentiam
1945 3834 2095 3905 ipsos

514 3936 823 3990 vocantem,
852 3935 1017 3995 utque
1047 3942 1107 3982 se
1155 3926 1258 3999 ipsi
1289 3935 1609 3997 agnoscant,
1640 3942 1891 3997 precare,
1934 3936 1995 3982 ut
2040 3937 2097 3983 tu

506 4019 851 4077 .ol‘fendiculo
879 4019 1155 4085 libereris,
1196 4021 1299 4091 ipsi
1330 4036 1460 4076 vero
1490 4021 1777 4091 supplicio,
1809 4021 2099 4091 cultusque

517 4115 734 4168 divinus
765 4114 1053 4170 dedecore.
1088 4114 1242 4181 Quod
1272 4116 1325 4169 ni
1349 4114 1464 4179 ﬁat,
1489 4114 1557 4169 ad
1588 4123 1892 4170 extremum
1921 4128 2091 4182 usque

500 4204 869 4274 .improbitate
904 4205 1412 4271 debacchabuntur,
1445 4215 1504 4260 et
1528 4204 1713 4260 furore
1738 4219 1804 4259 ac
1831 4204 1985 4263 rabie
2017 4204 2101 4258 la-

518 4295 812 4363 borabunt,
860 4297 930 4351 ob
973 4312 1096 4366 quae
1123 4297 1177 4350 in
1211 4296 1380 4351 altera
1418 4297 1528 4350 vita
1567 4297 1880 4365 patientur,
1929 4309 2104 4365 agno-

2273 3468 2367 3539 Μὴ
2426 3463 2674 3522 καταϐὁα
2744 3465 2846 3535 τῆς
2922 3464 3076 3528 θείας
3134 3462 3496 3530 ἀνεξικακίας
3550 3460 3628 3517 διὰ
3666 3459 3746 3529 τὴν

2204 3559 2467 3614 Εὑσεϐίου
2511 3558 2606 3613 καὶ
2634 3558 2744 3613 τῶν
2788 3558 2920 3629 παρ’
2960 3556 3129 3612 αὑτοῦ
3176 3553 3649 3628 συγκροτουμένων
3679 3551 3747 3603 εὖ·

2201 3653 2475 3726 ημερίανο
2504 3654 2703 3716 οἵτινες
2731 3653 2832 3724 τὴν
2868 3652 2968 3723 μὲν
2992 3649 3196 3723 ἀρετὴν
3227 3649 3565 3721 ὑϐρίζοντες,
3600 3645 3683 3717 τὴν
3702 3643 3746 3697 δὲ

2203 3746 2405 3801 κακίαν
2436 3746 2830 3817 στεφανοῦντες
2870 3746 2965 3799 καὶ
3007 3745 3430 3816 ἐναϐρύνονται·
3473 3740 3599 3796 ἀλλά
3639 3738 3743 3791 θαύ-

2206 3839 2346 3909 μαζε
2380 3837 2574 3909 αὐτὴν,
2601 3837 2701 3908 τὴν
2733 3838 2801 3891 δι’
2841 3836 3294 3908 ὑπερϐάλλουσαν
3328 3834 3654 3905 χρηστότητα
3678 3829 3739 3890 είς

2206 3930 2500 4001 μετάνοιαν
2544 3929 2745 3992 αὐτοὺς
2781 3928 3056 3983 καλοῦσαν
3086 3944 3101 3959 ·
3161 3929 3257 3982 καὶ
3280 3928 3439 3994 εὖξαί
3492 3942 3551 3994 γε
3588 3921 3747 3982 αὐτοὺς

2205 4019 2587 4088 μεταγνῶναι·
2635 4019 2726 4074 ἴνα
2775 4020 2842 4073 σὺ
2878 4019 2977 4089 μὲν
3012 4004 3328 4073 ¹σκανδάλου
3383 4014 3733 4084 ἀπαλλαγείης.

2193 4111 2347 4163 αὐτοὶ⁷
2375 4109 2432 4163 δὲ
2466 4110 2757 4181 τιμωρίας,
2795 4111 2827 4182 ἡ
2854 4110 2911 4163 δὲ
2935 4109 3226 4181 θρησκεία,
3265 4107 3557 4180 κωμῳδίας
3576 4119 3590 4134 ο
3620 4105 3662 4157 εί
3683 4101 3743 4163 δὲ.

2210 4199 2237 4252 δ
2267 4200 2341 4270 μὴ
2362 4199 2593 4269 γένοιτο,
2621 4200 2727 4264 ἕως
2754 4202 2943 4265 τέλους
2992 4200 3097 4253 ὑπὸ
3121 4200 3225 4271 τῆς
3254 4200 3462 4263 κακίας
3490 4196 3745 4265 ἐκϐακχευ-

2211 4292 2372 4357 θῶσι,
2404 4292 2500 4346 καὶ
2528 4292 2729 4363 οἴστρῳ
2748 4292 2845 4346 καὶ
2869 4292 3039 4363 μανίᾳ
3060 4292 3395 4364 λυττήσωσι,
3415 4291 3481 4344 δι’
3508 4282 3576 4344 ὧν
3602 4288 3747 4340 ἐκεῖσε

518 4398 673 4441 scent
722 4389 1005 4444 moderate
1067 4389 1231 4442 vitam
1287 4389 1574 4443 instituere
1622 4394 2090 4458 temperanterqnt

2208 4384 2513 4452 πείσονται,
2541 4385 2867 4455 γνώσονται,
2893 4386 2977 4439 ὅτι
3005 4384 3231 4457 ἄμεινον
3250 4380 3319 4458 ἦν
3352 4386 3416 4439 τὸ
3448 4382 3725 4455 σωφρονεῖν.

524 4480 708 4535 vivere
741 4491 945 4551 quanto
970 4482 1041 4535 sit
1075 4481 1464 4550 praestabilius.

720 4588 1004 4644 CCXXXI.
1033 4620 1104 4630 —
1130 4587 1385 4643 ZOSIMO
1419 4584 1897 4643 PRESBYTERO.

2448 4585 2618 4640 ΣΛΔ’.
2657 4610 2720 4622 --ν
2753 4581 3022 4654 ΖΩΣΙΜῼ]
3051 4583 3524 4653 ΠΡΕΣΒΥΤΕΡῼ.

769 4678 944 4733 Monet
977 4688 1035 4732 ut
1065 4694 1333 4733 senescens
1364 4679 1575 4733 tandem
1609 4679 1888 4748 resipiscat
1923 4677 1986 4732 ob
2021 4676 2379 4731 imminentem
2419 4676 2538 4730 vita:
2567 4675 2873 4730 terminum.
2917 4673 3083 4746 (Vide
3121 4677 3278 4745 epist.
3302 4672 3378 4728 22
3399 4686 3445 4728 et
3471 4673 3578 4741 99.)

589 4787 828 4846 Juvenes
858 4791 1074 4860 quidem
1106 4790 1349 4859 ignotum
1378 4791 1582 4846 habent
1613 4793 1741 4847 vitae
1769 4791 2096 4858 terminum;

522 4897 682 4938 senes
712 4898 841 4938 vero
868 4884 1240 4939 manifestum.
1272 4883 1350 4938 Illi
1385 4885 1555 4952 enim,
1594 4886 1809 4940 tametsi
1840 4900 1987 4940 mors
2019 4899 2103 4939 re-

530 4983 785 5031 vereatur
814 4976 1088 5030 neminem
1125 4975 1425 5045 (grassatur
1452 4978 1595 5032 enim
1622 4992 1721 5046 per
1737 4992 1926 5031 omnes
1971 4986 2105 5031 ξηια-

530 5078 616 5129 ιεε
641 5076 802 5134 atque
823 5052 1091 5133 ordines),
1111 5078 1332 5134 sperant
1364 5084 1424 5121 se
1459 5068 1525 5122 ad
1553 5078 1829 5127 senectam
1870 5082 2102 5138 perven-

596 5223 645 5255 ⁵⁸
682 5223 855 5280 Exod.
880 5238 1054 5289 xxvn,
1092 5224 1117 5278 ι
1152 5238 1303 5293 seqq.

2276 4789 2340 4843 Εί
2374 4788 2473 4842 καὶ
2495 4790 2544 4842 oi
2573 4787 2682 4841 νέοι
2714 4786 2911 4859 ἄδηλον
2933 4786 3121 4857 ἔχουσι
3158 4787 3221 4841 τὸ
3246 4788 3444 4860 πέρας,
3468 4783 3595 4839 ἀλλά
3620 4798 3675 4851 γε
3702 4780 3739 4832 oi

2216 4882 2591 4954 γεγηρακότες
2634 4880 2921 4953 πρόδηλον.
2953 4881 3018 4934 Oi
3069 4881 3167 4951 μὲν
3211 4882 3341 4953 γὰρ,
3377 4884 3425 4934 εί
3469 4880 3557 4934 καὶ
3593 4875 3746 4931 οὐδένα

2212 4975 2441 5028 αἰδεῖται
2467 4976 2494 5027 ὁ
2525 4974 2754 5037 θάνατος
2784 4973 2964 5046 (κατὰ
2986 4973 3169 5043 πάσης
3190 4974 3301 5046 γὰρ
3330 4974 3425 5029 καὶ
3442 4971 3641 5044 ἡλικίας
3667 4966 3740 5020 καὶ

2210 5066 2368 5132 ἀξίας
2400 5065 2635 5139 χωρεῖ),
2670 5067 2787 5120 ἀλλ’
2833 5062 2928 5120 οὖν
2972 5084 3037 5135 γε
3076 5066 3270 5122 ἐλπίδα
3318 5066 3441 5122 τινὰ
3489 5064 3651 5136 ἔχουσι
3681 5059 3742 5119 εἷς

1380 5223 1427 5255 ⁸⁸
1454 5222 1523 5279 IV
1553 5222 1685 5293 Reg.
1714 5238 1755 5286 ι,
1786 5224 1813 5278 1
1847 5238 2005 5294 seqq.
2071 5225 2090 5256 ⁸

2193 5221 2345 5279 [atth.
2380 5240 2491 5288 xrv,
2524 5223 2680 5280 1.12.
2760 5222 2806 5255 ⁸⁸
2840 5224 2963 5281 Act.
2996 5240 3118 5291 xm,
3155 5222 3213 5280 8.
3284 5304 3287 5309 Ι

1639 5380 1871 5438 VARI/IS
1913 5380 2301 5440 LECTIONES
2339 5383 2425 5438 ET
2465 5382 2700 5439 NOTAE.

600 5538 719 5682 (56;
746 5541 916 5607 Idem,
942 5541 1358 5613 ἀποδεχόμενος.
1382 5540 1595 5595 Possm.

603 5612 696 5673 (57
738 5610 1011 5682 ANimirum
1041 5614 1144 5666 hoc
1170 5611 1415 5680 estquod
1443 5612 1570 5681 imp.

751 5610 1011 5667 Nimirum
1041 5609 1145 5666 hoc
1170 5609 1252 5666 est
1275 5611 1415 5680 quod
1443 5612 1570 5681 imp.
1603 5609 1940 5666 Jnslinianus
1968 5612 2110 5680 prin-

2214 5550 2351 5596 tnm.
2385 5559 2403 5591 ι
2445 5538 2689 5595 Scao'r'r.

2296 5609 2407 5681 (58)
2436 5609 2619 5678 Ipsum
2646 5620 2842 5681 tamen.
2866 5608 2927 5664 Id
2975 5616 3084 5675 est,
3118 5608 3169 5661 in
3215 5608 3431 5681 virtutis
3471 5618 3614 5674 opere
3652 5613 3728 5681 non

521 5667 1137 5750 'cipio'Institntionnm
1176 5667 1319 5750 juris
1371 5682 1476 5746 ait,
1521 5667 1556 5733 ἱ·
1586 5698 1688 5735 non
1730 5682 1902 5736 solum
1945 5667 2114 5737 armis
2223 5667 2431 5735 tantum
2466 5667 2680 5750 merces,
2726 5679 2863 5747 ipsa,
2910 5667 3082 5745 quam'
3123 5679 3384 5744 recepturi
3430 5667 3624 5736 sumus,
3661 5667 3731 5722 scd

535 5754 872 5819 decoratum,
917 5753 1011 5810 sed
1063 5754 1227 5809 etiam
1285 5750 1490 5822 legibus
1532 5760 1746 5825 oportet
1771 5764 1890 5810 esse
1931 5768 2114 5808 arma-

2218 5752 2396 5823 ipsum
2426 5764 2562 5822 opus
2593 5749 2723 5806 mihi
2761 5765 2860 5821 pro
2896 5750 3040 5805 dono
3066 5758 3168 5805 est.
3203 5750 3435 5804 Scaorr.
