3982 6420
232 342 364 424 itis

1073 370 1613 433 EPISTOLARUM
1650 371 1805 434 LIB.
1858 373 1927 435 V.
1968 395 2039 407 -
2078 371 2318 433 EPIST.
2359 367 2714 432 CCXXXIV.

3363 370 3513 437 14η

233 472 412 541 γῆρας
442 469 634 540 ἥξειν’
662 486 713 524 οι
750 471 809 527 δὲ
854 474 1008 529 οὐδὲν
1035 475 1245 549 ἕτερον,
1276 479 1310 549 ἢ
1356 479 1427 532 τὺ
1454 481 1525 551 γῆ
1566 480 1822 549 γενέσθαι

1929 488 2097 537 turos.
2125 478 2296 537 Senes
2321 494 2453 537 vero
2477 480 2607 536 illud
2626 489 2836 535 tantum
2865 492 3211 554 exspectant,
3231 485 3285 539 in
3306 492 3510 543 terram

233 562 401 633 (κατὰ
431 562 498 617 τὸ
528 563 692 636 σῶμα
723 566 833 638 γάρ
867 567 1036 641 φημι)
1077 571 1440 641 προσδοκῶσι.
1477 572 1552 625 Τὸ
1574 572 1685 643 γὰρ
1717 571 1823 643 γῆ-

237 669 336 721 ρας
361 651 586 725 εἴρηται
620 654 774 726 παρὰ
814 655 876 709 τὸ
906 661 1010 727 γῆς
1038 658 1192 727 ὲρᾷν.
1246 658 1339 711 Διὸ
1362 659 1461 711 καὶ
1495 659 1546 712 οἱ
1580 676 1822 730 γεγηραι·

230 744 389 808 κότες
417 746 623 818 τρόπον
648 747 774 801 τινὰ
804 749 1132 819 κυρτοῦνται
1178 749 1276 804 καὶ
1325 750 1740 823 κυριτοὸατοῦσι,
1763 750 1825 805 τὸ

226 838 305 901 είς
338 838 447 909 γῆν
521 839 847 909 ἐπείγεσθαι
921 841 1443 914 διαμαρτυράμενοι.
1519 844 1585 898 El
1641 844 1825 898 τοίνυν

224 930 404 984 ταῦτα
452 930 630 996 οὕτως
663 931 803 1004 ἔχει,
843 934 908 987 δι’
958 936 1024 1006 ἦν
1076 935 1258 991 αἰτίαν
1302 936 1396 991 ἐπὶ
1451 936 1641 1009 γήρως
1679 936 1822 1008 οὐδῷ

223 1025 575 1098 νεωτερίζεις
591 1028 709 1091 τοῖς
736 1026 1070 1098 ἀδικήμασιν
1100 1027 1243 1101 (59)ς

1927 584 2011 634 se,
2066 585 2334 640 corpore,
2377 572 2621 640 inquam,
2667 572 2949 642 deposito,
3008 574 3277 631 abituros.
3323 576 3508 648 Γῆρας

1926 660 2074 717 enim
2112 672 2360 747 senectus
2406 662 2561 735 παρὰ
2603 663 2666 716 τὸ
2698 663 2805 734 γῆς
2838 664 2972 735 ὲρᾷν
3017 664 3223 721 Graecis
3265 668 3466 723 dicitur
3491 709 3510 735 ,

1925 754 2081 823 quasi
2133 764 2333 809 terram
2381 766 2581 810 ament.
2619 754 2759 810 Hinc
2803 766 2860 811 et
2891 771 3053 813 senes
3087 773 3321 829 corpore
3367 760 3511 816 ﬂexo

1926 846 2311 915 incurvantur,
2344 848 2705 904 testiﬁcantes
2728 863 2789 904 se
2820 859 3021 905 terram
3051 860 3319 921 repetere.
3352 853 3509 919 Quod

1923 952 2048 993 cum
2084 939 2157 993 ita
2186 939 2279 1005 sit,
2316 953 2480 1009 quam
2520 940 2590 994 ob
2639 955 2858 995 causam
2900 941 2954 996 in
2994 944 3292 998 senectutis
3323 943 3510 998 limine

1919 1031 2218 1089 maleﬁciis
2244 1032 2558 1101 juvenescis
2583 1032 2608 1087 ι
3240 1054 3241 1057 η

460 1135 627 1192 ΣΛΒ¹.
652 1163 724 1175 --
773 1134 1080 1208 ΘΕΟΔΩΡῼ
1109 1136 1567 1209 ΣΧΟΛΑΣΤΙΚῼ.

2030 1140 2338 1198 CCXXXII.
2376 1173 2447 1183 —
2483 1138 2860 1199 THEODORO
2904 1142 3403 1203 SCHOLASTICO.

711 1225 930 1297 Injuria
971 1229 1280 1298 ofﬁcientem
1310 1244 1461 1299 (equo
1490 1229 1629 1298 ferat
1654 1233 1920 1288 moderate
1965 1236 2143 1289 animo
2177 1251 2196 1291 :
2224 1236 2331 1290 sive
2359 1236 2424 1290 de
2454 1236 2773 1289 vindicanda
2802 1238 3024 1307 injuria.
3482 1242 3487 1267 "

294 1338 372 1391 Τὸ
400 1339 499 1410 μὲν
518 1338 843 1411 ἀδικηθέντα
875 1340 951 1413 μὴ
991 1339 1330 1412 ἀμύνασθαι,
1366 1340 1513 1395 θεῖον
1546 1341 1813 1414 ἡγοῦμαι·

2005 1346 2105 1415 Qui
2140 1348 2305 1403 lassus
2335 1347 2537 1417 injuria
2557 1347 2651 1413 sit,
2679 1362 2797 1402 eam
2831 1363 2937 1403 non
2988 1346 3177 1404 ulcisci
3207 1388 3224 1413 ,
3259 1349 3506 1405 divinum

221 1430 287 1484 τὸ
312 1432 374 1485 δὲ
405 1431 718 1503 ἀμύνασθαι
747 1431 1007 1505 μετρίως,
1040 1432 1274 1505 νόμιμον
1299 1433 1396 1488 καὶ
1428 1433 1773 1504 ἀνθρώπινον
1796 1450 1811 1465 ο

1925 1440 1977 1497 id
2021 1456 2160 1511 opus
2220 1442 2525 1497 existimo:
2568 1441 2849 1497 moderate
2896 1454 3027 1495 vero
3060 1441 3364 1507 vindicare,
3413 1441 3507 1511 jus

221 1524 366 1577 τὸδὲ
397 1524 676 1595 ἀμέτρως,
701 1525 1023 1597 παράνομον
1049 1527 1146 1579 καὶ
1178 1526 1481 1598 ἀλιτήριον,
1514 1527 1715 1599 μᾶλλον
1755 1526 1814 1580 δὲ

1925 1531 2117 1604 fasque
2173 1544 2261 1590 est
2290 1543 2452 1604 atque
2489 1533 2809 1589 humanum.
2842 1531 3112 1588 Cazterum
3148 1534 3511 1590 immoderate

220 1614 553 1668 διαδολικόν.
584 1615 824 1680 Πολλοὺς
857 1616 972 1688 (60)
1025 1619 1135 1687 γάρ
1174 1616 1337 1689 ἄρξαι
1370 1618 1572 1689 χειρῶν
1614 1617 1818 1672 ἀδίκων

1927 1620 2144 1687 ulcisci,
2186 1621 2240 1676 id
2267 1622 2485 1677 demum
2519 1621 2671 1677 nefas
2705 1622 2768 1678 ac
2801 1622 2996 1677 Sceleri
3037 1622 3219 1688 amne,
3266 1625 3373 1679 imo
3398 1625 3511 1679 dia-

225 1704 305 1776 μὴ
332 1705 550 1771 πείσας,
586 1705 664 1776 τῷ
712 1706 879 1778 δήλην
930 1701 1071 1761 εἶναι
1109 1706 1209 1779 τὴν
1244 1707 1542 1778 ἁμαρτίαν,
1588 1707 1679 1761 διὰ
1721 1706 1816 1761 τοῦ

1925 1707 2181 1765 bolicum.
2214 1709 2366 1765 Multi
2397 1712 2541 1769 enim
2575 1712 2718 1781 quod
2745 1713 2930 1781 pravis
2957 1721 3118 1783 atque
3149 1714 3370 1784 injustis
3400 1714 3504 1768 im-

220 1795 487 1867 ἀμέτρως
516 1797 791 1864 ἐπεξιέναι
809 1800 891 1863 είς
912 1798 974 1853 τὺ
1004 1798 1117 1853 τῶν
1143 1798 1538 1872 καταρξάντων
1563 1797 1817 1870 ἔγκλημα

1925 1802 2195 1872 perarint,
2226 1801 2280 1856 in
2314 1782 2660 1857 manifestum
2698 1802 3006 1857 inciderant
3034 1782 3338 1874 peccatum,
3375 1806 3504 1875 quia

227 1890 620 1962 περιέστησεν.
663 1890 723 1944 Ὀ
754 1891 865 1961 γὰρ
899 1892 1170 1947 ἐκϐαίνων
1212 1892 1324 1946 τῶν
1363 1892 1721 1964 ἀδικημάτων
1752 1892 1816 1946 τὸ

1925 1893 2215 1949 immodice
2238 1893 2577 1951 subditorum
2602 1895 2810 1950 crimen
2838 1895 3211 1950 vindicarunt.
3232 1897 3332 1963 Qui
3357 1897 3505 1951 enim

218 1983 452 2054 μέτρον,
486 1984 581 2037 καὶ
613 1981 839 2055 μείζους
869 1984 978 2038 τῶν
1013 1984 1392 2041 πταισθέντων
1434 1984 1689 2040 ἀπαιτῶν
1714 1984 1816 2049 τὰς

1925 1985 2145 2040 modum
2173 1985 2393 2041 excedit
2412 1985 2669 2055 iustitiae,
2698 1995 2753 2040 et
2778 1986 3062 2056 graviores
3100 1990 3129 2040 a“
3162 1987 3505 2058 delinquen-

218 2074 382 2139 δίκας
401 2117 418 2143 ,
450 2077 499 2129 εί
528 2076 625 2130 καὶ
650 2076 803 2130 δοκεῖ
844 2078 1071 2143 δικαίως
1094 2078 1479 2149 πεποιηκέναι,
1518 2079 1600 2141 είς
1626 2077 1689 2132 τὺ
1717 2075 1814 2131 τοῦ

1925 2076 2070 2133 tibus
2093 2092 2283 2148 poenas
2317 2078 2509 2148 exigit,
2545 2078 2760 2132 tametsi
2802 2078 2952 2148 juste
2998 2077 3193 2133 fecisse
3233 2078 3504 2144 videatur,

218 2168 283 2234 ἐξ
309 2168 493 2239 ἀρχῆς
535 2168 896 2241 ἀδικήσαντος
945 2167 1016 2239 (εἰ
1048 2169 1145 2223 καὶ
1170 2169 1477 2241 παράδοξον
1502 2166 1644 2223 εῖναι
1671 2166 1814 2232 δόξει

215 2260 285 2313 τὺ
332 2260 784 2333 λεχθησόμενον),
836 2262 1191 2333 περιίσταται
1222 2261 1515 2334 ἔγκλημα*
1558 2260 1813 2333 δεύτερος

214 2348 332 2424 γὰρ
360 2351 520 2423 ἄρχει
546 2352 712 2406 πάλιν
739 2351 874 2423 (61).

392 2463 556 2519 ΣΛΓ’.
602 2492 676 2505 —-
702 2462 1130 2536 ΘΕΟΠΕΜΠΤῼ
1158 2462 1636 2535 ΠΡΕΣΒΥΤΕΡῼ.

1923 2167 1978 2223 in
2004 2167 2144 2237 ejus,
2176 2169 2266 2238 qui
2296 2167 2452 2223 initio
2485 2168 2607 2239 (etsi
2634 2167 2795 2223 ﬁdem
2821 2166 3107 2231 excedere,
3132 2169 3274 2239 quod
3304 2169 3506 2236 dicam,

1919 2257 2194 2321 videatur)
2226 2257 2442 2330 culpam
2469 2257 2680 2324 incidit,
2712 2258 2959 2313 secundo
2986 2257 3241 2326 iniuriam
3280 2259 3431 2315 facit.

1989 2459 2322 2519 CCXXXIII.
2357 2491 2429 2502 —
2475 2458 2902 2517 THEOPOMI’O
2948 2458 3425 2516 PRESBYTERO.

979 2555 1126 2628 Opus
1154 2574 1313 2627 quam
1349 2558 1523 2612 oratio
1561 2556 1730 2628 magis
1786 2565 1970 2612 mouet.
2006 2554 2191 2625 (Conf.
2222 2571 2370 2625 supr.
2411 2556 2565 2625 epist.
2600 2553 2755 2626 2I5.)

294 2662 468 2719 Ὅταν
504 2665 605 2736 μὲν
627 2666 784 2735 λόγος
808 2665 974 2739 ἔργου
1004 2664 1237 2741 χηρεύῃ,
1259 2666 1322 2720 οὐ
1348 2666 1510 2737 μόνον
1537 2666 1637 2720 οὐκ
1669 2666 1815 2736 ὡφε-

213 2758 327 2825 λεῖ,
353 2757 488 2810 ἀλλὰ
514 2758 607 2812 καὶ
653 2758 895 2829 ἐνοχλεῖν
938 2758 1097 2812 εἴωθε
1145 2760 1272 2823 τοὺς
1304 2757 1636 2821 ἀκούοντας·
1682 2758 1813 2812 ὅταν

213 2849 278 2902 δὲ
308 2848 472 2921 ἔργον
496 2848 659 2918 λόγου
702 2848 912 2921 ἔρημον
963 2850 1076 2922 εἴη,
1123 2851 1395 2905 δυσωπεῖν
1440 2850 1654 2920 πέφυκε
1682 2851 1811 2915 τούς

217 2940 564 3012 θεωμένους.
614 2942 679 2996 El
729 2941 787 2995 δὲ
823 2940 920 2995 καὶ
950 2942 1118 3011 ἄμφω
1140 2941 1407 3015 συμὸαίη,
1459 2944 1554 2997 καὶ⁵
1601 2942 1814 3012 ὁλόγος

1999 2665 2229 2731 Quando
2254 2678 2420 2736 opere
2448 2663 2821 2729 caretoratio,
2848 2677 2952 2717 non
2986 2664 3146 2718 modo
3175 2663 3307 2718 nihil
3334 2663 3498 2739 prode

1921 2766 2026 2825 est,
2052 2758 2149 2812 sed
2195 2764 2251 2812 et
2295 2755 2627 2811 conturbare
2662 2769 2725 2810 ac
2758 2754 2993 2825 fatigare
3040 2755 3315 2810 auditores
3362 2750 3500 2810 eon-

1922 2847 2121 2902 suevit.
2154 2845 2293 2902 Cum
2326 2861 2461 2901 vero
2485 2861 2624 2916 opus
2652 2836 2906 2902 oratione
2945 2856 3106 2901 vacat
3153 2845 3371 2901 ﬂectere
3399 2861 3502 2916 pn-

1916 2939 2217 3009 doremque
2242 2939 2381 2995 solet
2401 2938 2651 2994 incutere
2673 2939 3077 3010 spectantibus.
3103 2939 3159 2994 Si
3186 2939 3348 2995 ambo
3367 2954 3503 2994 con-

217 3035 332 3103 ὐπδ
378 3035 479 3107 τῆς
530 3034 788 3107 πράξεως
830 3035 1158 3108 κοσμηθείη,
1187 3035 1249 3090 τὺ
1289 3035 1593 3108 τηνικαῦτα
1640 3035 1814 3107 πολλή

1925 3040 2162 3097 currant,
2207 3042 2263 3088 et
2288 3032 2467 3088 oratio
2502 3032 2571 3088 ab
2596 3036 2811 3087 actione
2836 3040 3088 3098 ornetur,
3129 3041 3258 3087 tunc
3300 3047 3497 3103 magna

215 3126 471 3191 ἐπίδοσις
499 3126 656 3182 ἔσται
678 3128 791 3191 τοῖς
811 3128 1120 3199 φοιτηταῖς,
1156 3127 1205 3181 εἰ
1231 3125 1579 3199 εὐγνώμονες
1604 3123 1734 3183 εἷεν.

730 3333 893 3387 ΣΑΔι.
922 3361 995 3374 -
1021 3331 1301 3402 mrum.

1838 3104 1881 3165 ο
1915 3124 1978 3179 ru
2008 3125 2424 3189 accedentibus,
2462 3124 2508 3178 si
2534 3124 2694 3179 modo
2728 3122 2865 3193 aequi
2902 3122 3127 3191 fuerint,
3158 3138 3223 3180 ac
3249 3124 3496 3195 benigni,

1918 3216 2163 3272 accessio
2194 3230 2259 3271 ac
2284 3214 2518 3270 lucrum.

2233 3325 2395 3399 331
2427 3323 2759 3381 ccxxxw.
2791 3355 2862 3365 —
2900 3324 3176 3383 ALYPIO.

507 3408 575 3482 In
600 3425 822 3481 alterius
854 3426 1048 3480 erratis
1104 3424 1583 3480 animadvertendis
1612 3424 1783 3497 lyncei
1813 3438 2017 3485 sumus,
2045 3422 2101 3476 in
2122 3422 2331 3476 nostris
2370 3420 2551 3489 talpae.
2581 3418 2784 3475 Contra
2817 3419 2874 3473 in
2907 3419 3210 3475 virtutibus.

289 3554 435 3610 Δίαν
468 3551 757 3626 θαυμάζω,
796 3552 914 3616 πῶς
948 3551 1061 3605 τῶν
1093 3551 1196 3623 μὲν
1220 3551 1432 3622 ἑτέροις
1472 3552 1809 3625 πεπλημμε-

210 3647 478 3720 λημένων
503 3647 599 3701 καὶ
647 3645 1121 3717 ἁμαρτανομένων
1157 3644 1350 3715 πικροὶ
1392 3644 1684 3717 καθήμεθα
1726 3647 1809 3701 δι-

211 3740 445 3805 κασταὶ,
475 3739 546 3793 τὰ
586 3738 645 3792 δὲ
684 3737 894 3792 ἑαυτῶν
938 3736 1281 3806 πταίσματα,
1312 3737 1649 3810 συγγνώμης
1687 3738 1817 3794 δντα

212 3833 492 3895 πολλάκις
516 3830 766 3902 μείζονα,
801 3827 1168 3900 παρορῶμεν*
1213 3829 1310 3883 καὶ
1345 3828 1474 3903 περὶ
1502 3830 1604 3901 μὲν
1638 3830 1709 3885 τά
1734 3833 1814 3885 oi-

211 3928 347 3980 κεῖα
367 3923 778 3994 τυφλώττομεν,
821 3920 897 3975 τὰ.
922 3921 982 3976 δὲ
1010 3920 1121 3974 τῶν
1157 3919 1332 3985 πέλας
1358 3919 1529 3985 ὀξέως
1557 3921 1775 3994 ὁρῶμεν
1792 3938 1810 3954 υ

223 4018 328 4071 ἐπὶ
359 4016 418 4070 δὲ
443 4015 555 4070 τῶν
583 4012 1032 4085 κατορθωμάτων
1056 4011 1373 4067 τούναντίον
1407 4013 1717 4083 πάσχομεν,
1745 4010 1814 4066 τὰ

215 4111 324 4183 μὲν
366 4109 478 4180 γὰρ
530 4110 732 4171 οἰκεῖα,
775 4105 879 4159 κᾶν
916 4104 1091 4177 μικρὰ
1137 4099 1297 4177 ᾗκαὶ
1330 4105 1546 4175 εὐτελῆ,
1595 4103 1806 4176 μεγάλα

216 4201 511 4270 φαίνεταιο
559 4201 629 4254 τά
655 4199 714 4254 δὲ
765 4197 877 4252 τῶν
921 4195 1174 4268 πλησίον,
1216 4195 1323 4250 κᾶν
1369 4196 1581 4268 μεγάλα
1710 4196 1807 4250 καὶ

215 4291 544 4364 θαυμαστὰ,
593 4290 771 4363 μικρὰ
810 4289 906 4344 καὶ
954 4288 1157 4359 φαῦλα.
1188 4283 1356 4358 Οἶμαι
1405 4288 1608 4353 τοίνυν,
1657 4288 1738 4341 ὅτι
1768 4289 1802 4359 ή

200 4383 483 4454 φιλαυτία
506 4383 714 4439 τούτων
736 4384 887 4440 αίτία
912 4382 1274 4452 καθέστηκεν,
1305 4382 1341 4452 ή
1370 4380 1471 4452 τὴν
1500 4378 1666 4453 ὀρθὴν
1689 4380 1803 4453 (62)

1984 3551 2315 3623 Magnopere
2340 3548 2589 3620 equidem
2621 3548 2887 3614 admiror,
2916 3564 3018 3606 cur
3046 3550 3098 3604 in
3144 3549 3376 3605 aliorum
3404 3563 3495 3604 er-

1912 3657 2030 3703 rata
2055 3644 2363 3714 delictaque
2388 3643 2564 3699 severi
2584 3641 2798 3711 judices
2817 3644 3127 3711 sedeamus,
3150 3652 3335 3698 nostra
3363 3657 3494 3699 vero

1910 3746 2160 3808 peccata,
2182 3726 2390 3804 majora
2425 3748 2824 3805 saepenumero,
2854 3749 3017 3804 quam
3046 3744 3103 3790 ut
3135 3734 3348 3790 veniam
3378 3751 3498 3790 me-

1913 3838 2160 3897 reantur,
2197 3829 2556 3899 negligamus.
2594 3826 2665 3881 Et
2692 3828 2761 3884 ad
2797 3838 2987 3884 nostra
3014 3829 3231 3899 quidem
3270 3828 3496 3884 cazcuti-

1913 3935 2034 3976 mus
2064 3920 2222 3987 vitia,
2253 3921 2322 3975 ad
2353 3919 2587 3975 aliorum
2616 3933 2750 3975 vero
2795 3934 2884 3975 res
2926 3929 3144 3975 acutum
3180 3920 3485 3975 cernimus.

1911 4012 2117 4069 Contra
2152 4025 2287 4065 vero
2333 4010 2389 4065 in
2434 4020 2583 4065 recte
2628 4009 2792 4066 factis
2841 4012 2997 4067 nobis
3039 4012 3243 4068 evenit.
3290 4010 3491 4068 Nostra

1911 4105 2083 4171 enim,
2114 4102 2216 4158 etsi
2261 4116 2429 4171 parva
2462 4103 2574 4156 sint
2613 4110 2669 4155 et
2713 4102 2875 4157 exilia
2900 4139 2917 4169 ,
2963 4103 3190 4172 grandia
3224 4102 3382 4157 nobis
3412 4101 3495 4157 vi-

1896 4198 2112 4253 .dentur
2134 4212 2148 4263 ;
2171 4194 2406 4267 proximi
2436 4207 2571 4249 vero
2601 4192 2768 4259 bona,
2800 4195 3055 4264 quamvis
3082 4208 3276 4267 magna
3310 4202 3366 4249 et
3392 4193 3493 4249 ad-

1913 4288 2184 4351 miranda,
2220 4300 2389 4357 parva
2422 4294 2478 4340 et
2504 4284 2714 4340 exilia:
2760 4300 2918 4340 amor
2964 4287 3107 4340 enim
3157 4285 3238 4340 sui
3276 4292 3491 4340 rectum

1912 4377 2210 4435 labefactat
2258 4374 2674 4445 corrumpitque
2721 4373 3008 4444 judicium,
3069 4386 3238 4446 atque
3290 4375 3492 4432 iisdem

1330 4537 1561 4596 VARIE
1599 4535 1994 4595 LECTIONES
2029 4534 2123 4592 ET
2158 4533 2397 4592 ΝΟΤᾹΕ.

302 4693 521 4770 (591A?
541 4694 630 4770 ᾖν
658 4695 860 4770 atriis!
887 4696 987 4750 ἐπὶ
1021 4695 1216 4770 γήρως
1255 4693 1414 4760 οὐδῷ
1440 4693 1797 4770 νεωτερίξεφ

211 4766 352 4838 toi;
377 4766 765 4835 ἀδικήμασιν.
792 4767 1003 4838 Γήραος
1021 4766 1179 4838 οὐδῷ,
1205 4778 1420 4838 senectae
1450 4766 1607 4838 limen
1631 4766 1793 4838 illo-

214 4837 487 4891 mericum
519 4834 602 4892 est
632 4834 973 4906 proverbium
1022 4834 1338 4906 Odyss._0,
1388 4849 1531 4906 vers.
1581 4834 1689 4889 246
1738 4844 1794 4889 et

214 4906 350 4971 547,
376 4916 431 4960 et
456 4907 532 4971 Ψ,
568 4904 792 4972 ν.’212;
822 4905 987 4959 Iliad.
1028 4904 1185 4970 X,’v.
1227 4904 1315 4970 60,
1347 4914 1401 4958 et
1426 4904 1591 4959 Iliad.
1633 4906 1696 4967 Ω,
1733 4921 1788 4960 v.

211 4977 350 5031 487.
395 4975 574 5031 Utitur
603 4976 862 5045 Herodot.
889 4975 1076 5030 Thalia
1099 4990 1119 5030 :
1156 4974 1246 5039 Ἐς
1290 4975 1534 5045 πτωχίαν
1562 4976 1793 5044 ἀφῖκται

212 5047 313 5100 ἐπὶ
344 5048 551 5117 γήραος
596 5046 771 5117 οὐδῷ,
804 5044 889 5117 In,
910 5046 1100 5117 limine
1145 5055 1362 5101 senecta:
1403 5044 1472 5099 ad
1518 5057 1794 5116 egestatem

211 5116 472 5185 pervenit.
495 5116 740 5173 Catullus
772 5117 841 5170 ad
873 5116 1155 5171 Manlium.

396 5206 467 5262 Et
497 5226 531 5263 a
563 5209 750 5264 mortis
775 5208 956 5263 limine
982 5210 1274 5263 restituam.

214 5300 510 5428 ll_.lt)icrlilatius
532 5316 749 5372 quoque
776 5315 919 5371 saepe
935 5302 992 5356 in
1010 5301 1189 5357 limine
1206 5302 1297 5357 leti
1315 5300 1456 5357 dixit
1483 5314 1581 5368 pro
1605 5309 1802 5356 morte.

238 5389 251 5427 Ι
296 5410 317 5426 ο
401 5409 418 5425 ο

238 5389 317 5427 ΙΙ).
356 5389 418 5426 ll.

405 5462 545 5516 Nam
572 5479 737 5532 quare
774 5465 969 5533 potius,
998 5464 1087 5518 leti
1110 5471 1228 5534 jam
1258 5462 1437 5518 limine
1463 5462 1528 5516 ab
1552 5463 1661 5534 ipso

401 5534 479 5586 Ad
509 5536 670 5588 vitam
694 5536 899 5602 possint
920 5533 1159 5590 conlecta
1182 5542 1352 5589 mente
1380 5533 1585 5589 reterti.

265 5624 406 5679 tlib.
443 5640 545 5679 vt:

265 5626 406 5679 tlib.
443 5640 496 5679 vt
531 5640 545 5679 :

215 5626 259 5681 Ε
291 5714 360 5769 Et
391 5717 532 5770 omni
560 5734 842 5787 .angueaa,
874 5735 1061 5790 corpus
1109 5717 1198 5775 leti
1227 5718 1344 5788 jam
1372 5717 1553 5773 limine
1584 5716 1641 5773 in
1666 5716 1801 5786 ipso.

218 5808 369 5864 Idem
408 5809 590 5864 statim
621 5826 635 5863 :

2009 4691 2079 4747 Et
2109 4696 2343 4764 graviter
2370 4694 2566 4763 partim
2596 4702 2882 4750 metuentes
2910 4693 3097 4749 limina
3126 4692 3238 4749 leti.

1901 4856 1951 4910 ὁ,
1973 4785 2038 4869 Et
2069 4785 2208 4841 alius
2235 4795 2391 4855 poeta
2432 4786 2602 4841 nrimo
2637 4789 2693 4841 in
2742 4786 2925 4842 limine
2966 4786 3085 4841 vita:
3115 4800 3217 4857 pro
3255 4783 3489 4840 infantia

1942 4866 2056 4911 util.

1899 4948 2161 5005 Juvenari
2189 4957 2373 5005 autem
2404 4947 2699 5004 Horatiana
2724 4963 2828 5003 vox
2855 4948 2909 5004 in
2935 4948 3062 5003 Arte
3082 4949 3288 5017 poetica

1902 5042 2008 5094 Aut
2045 5042 2294 5096 nimirum
2340 5042 2531 5095 teneris
2571 5043 2892 5109 juvenentur
2936 5041 3168 5095 versibus
3219 5056 3473 5107 unquam,

1894 5132 2048 5204 quod
2077 5143 2158 5187 est
2192 5131 2489 5204 νεανιεύειν
2528 5142 2587 5186 ιιι
2626 5133 2713 5187 hic
2740 5135 3102 5204 νεωτερίζειν,
3145 5132 3288 5203 quod
3319 5133 3488 5188 etiam

1907 5202 2122 5268 Capitur
2151 5204 2302 5257 rebus
2330 5203 2543 5257 studere
2580 5205 2745 5257 novis.
2782 5202 3021 5259 Scno'r'r.

1980 5271 2093 5342 (60)
2130 5271 2369 5336 Πολλοὺς
2416 5274 2663 5328 breviant
2702 5274 2759 5327 in
2796 5275 2994 5328 πολλοῦ
3029 5274 3186 5330 codd.
3222 5272 3347 5329 Vat.
3379 5273 3490 5330 650

1907 5352 1962 5398 et
1985 5342 2093 5398 Alt.
2120 5342 2330 5399 Possm.

1982 5413 2097 5484 liii)
2136 5412 2250 5485 Hoc
2268 5424 2372 5478 est,
2404 5412 2493 5482 qui
2527 5411 2759 5481 majores
2782 5413 2929 5482 justo
2955 5429 3145 5485 pennas
3169 5415 3360 5484 exigit,
3387 5415 3489 5471 ite-

1906 5498 2027 5537 rum
2071 5484 2280 5553 injuria:
2311 5484 2581 5553 secundus
2630 5494 2823 5539 auctor
2855 5494 2939 5538 est
2960 5484 2983 5538 ':
3012 5486 3237 5540 alterius
3274 5485 3485 5552 injuriae

1906 5554 1998 5624 dat
2031 5552 2376 5624 principium.
2405 5552 2676 5621 Explicat,
2706 5555 2848 5623 quod
2872 5557 2984 5624 jam
3009 5556 3169 5619 dixit,
3204 5573 3224 5607 ι
3262 5555 3314 5609 in
3344 5557 3485 5624 ejus,

1904 5622 1997 5694 qui
2016 5638 2055 5694 7a
2094 5622 2361 5694 principio
2387 5624 2654 5694 peccavit,
2681 5622 2936 5680 delictum
2964 5625 3170 5681 incidit.
3196 5644 3217 5677 ι
3241 5622 3483 5681 Sotion.

1975 5693 2090 5764 (62)
2121 5693 2218 5747 Ed.
2261 5693 2434 5767 Paris.
2470 5693 2566 5747 καὶ
2613 5694 2942 5767 θαυμαστᾲη·
2971 5695 3139 5767 ὀρθὴν
3183 5696 3326 5767 τῷν,
3374 5708 3485 5752 etc.

1902 5762 1944 5818 L
1975 5712 2090 5764 μη)
2121 5712 2218 5747 b0.
2262 5712 2434 5749 rarts.
2470 5712 2566 5747 και
2613 5712 2904 5819 υαιψαστα
2928 5712 2942 5717 “
2971 5712 3139 5819 090T
3183 5713 3326 5759 των,
3374 5721 3377 5742 ε

1950 5779 2119 5821 acuna
2154 5763 2435 5835 suppletur
2458 5778 2525 5820 ex
2550 5766 2674 5821 cod.
2746 5774 2820 5820 at.
2862 5764 2967 5823 650
2994 5776 3050 5823 et
3128 5771 3188 5822 lt.
3219 5764 3377 5829 Eutr.
