3982 6420
269 333 407 400 M77

1224 337 1760 398 EPISTOLARUM
1799 336 1946 398 LIB.
1989 337 2062 400 ν.
2102 363 2173 374 -
2211 338 2455 399 EPIST.
2495 337 2737 402 CCXLI.

3398 331 3536 400 1478

264 451 580 520 γέγραφας,
608 446 711 502 οὔκ
744 445 828 513 εἷς
865 448 1188 522 ἀποτροπὴν
1214 452 1418 523 ἀρετῆς
1461 450 1716 521 εἰρῆσθαι
1763 468 1849 504 νο-
1881 455 1897 510 1

1967 452 2089 522 pati,
2126 470 2147 503 ι
2194 467 2300 506 non
2345 452 2412 506 ad
2473 453 2813 507 avocandum
2862 466 2891 504 a
2937 450 3155 512 virtute,
3203 458 3263 503 ut
3291 450 3518 513 scribis,

257 542 495 610 ματέον
519 556 536 573 ·
566 540 630 592 οὐ
659 541 769 611 7&9
793 540 881 594 ἵνα
909 543 991 606 είς
1024 544 1229 596 κακίαν
1262 543 1554 614 βαδίσοιεν,
1590 543 1666 606 ὼς
1693 541 1852 610 ἔφης,

263 634 313 683 οί
363 630 741 702 ἀκροώμενοιο
775 631 894 685 ἀλλ’
944 634 1033 686 ἵνα
1084 635 1166 697 είς
1219 635 1539 703 φιλοσοφίαν
1578 634 1856 703 ὲναχθεῖεν

263 722 510 794 εἴρηται.
547 724 622 776 Οὐ
651 725 759 796 γὰρ
784 726 975 796 ἐπειδὴ
1000 726 1218 790 πάντως
1245 725 1625 797 λοιδορηθῆναι
1663 727 1857 780 δεῖκαὶ

261 813 358 865 τὸν
389 807 451 866 εὖ
488 813 728 882 βιοῦντα,
762 815 862 886 τὴν
894 816 1091 888 ἡδονὴν
1119 816 1366 887 αἱρετέον
1389 833 1404 848 ’
1443 817 1558 870 ἀλλ’
1595 817 1678 870 ὅτι
1718 818 1856 870 πάν-

259 909 372 966 τως
399 905 506 957 ὑπὸ
543 905 653 958 τῶν
689 908 948 979 πονηρῶν
970 908 1099 971 τοὺς
1131 907 1391 979 ἀρίστους
1421 907 1857 978 κακηγορεῖσθαι

264 993 580 1063 συμϐαίνει,
637 995 1050 1067 φιλοσοφητέον.
1104 998 1332 1070 Ἐρρέθη
1367 997 1478 1069 γὰρ
1513 998 1614 1051 οὐκ
1665 998 1744 1060 είς
1794 998 1856 1050 τὸ

273 1089 477 1152 φυγεῖν
504 1087 728 1158 ἀρετὴν,
755 1088 892 1141 ἀλλά
924 1089 1062 1158 πρὸς
1091 1089 1151 1142 τὸ
1177 1090 1303 1152 τοὺς
1333 1088 1635 1151 ἀσκοῦντας
1663 1087 1854 1158 αὐτὴν,

263 1174 671 1245 κακιζομένους
710 1178 1022 1247 φιλοσοφεῖν
1042 1194 1055 1207 ’
1087 1180 1116 1231 ὁ
1148 1179 1258 1249 γάρ
1308 1179 1502 1246 φθόνος
1549 1179 1733 1241 αὐτοῖς
1764 1178 1856 1231 ἀν-

260 1267 764 1337 τιστρατευόμενος
799 1268 1184 1340 κωμῳδεῖσθαι
1213 1270 1411 1333 αὐτοὺς
1447 1269 1706 1334 πολλάκις
1751 1271 1855 1326 πά-

263 1356 623 1427 ρασκευάζει.
664 1360 921 1429 ’Ἄμεινον
953 1354 1068 1426 οὖν,
1123 1360 1172 1412 εί
1207 1360 1424 1423 πάντως
1477 1357 1855 1431 λοιδορηθῆναι

259 1448 371 1516 δεῖ,
400 1450 606 1515 ἀδίκως
645 1442 794 1503 τοῦθ’
828 1453 1154 1523 ὑπομεῖναι·
1189 1452 1250 1506 τὸ
1292 1452 1401 1521 γὰρ
1438 1451 1687 1516 δικαίως,
1739 1455 1855 1516 τοῖς

260 1545 534 1612 πονηροῖς
563 1542 848 1614 πρόσεστι.

825 1649 993 1703 mea
1033 1679 1101 1690 —
1130 1635 1380 1722 ΠΕΤΡῼ.

1961 556 2282 615 usurpatum
2321 561 2447 601 esse
2469 545 2896 601 existimandum
2929 553 3014 599 est
3047 560 3060 596 :
3097 557 3271 611 neque
3299 551 3359 598 ιιι
3403 542 3535 597 illud

1961 635 2272 701 audientes,
2313 639 2390 692 uti
2411 637 2624 699 aiebas,
2649 635 2874 690 malitiae
2896 648 3018 689 sese
3044 635 3262 700 dedant,
3303 634 3399 688 sed
3440 650 3540 702 po-

1961 725 2066 781 tius
2098 736 2159 782 ut
2185 729 2253 782 ad
2285 728 2714 798 philosopliicam
2743 740 2804 781 se
2850 726 3136 780 conferant
3166 726 3362 789 vitam,
3413 724 3538 778 ideo

1961 818 2187 874 dictum.
2234 817 2351 874 Non
2411 819 2557 873 enim
2604 817 2732 888 quia
2769 817 2994 872 omnino
3042 815 3303 870 conviciis
3343 814 3535 883 impeti

1966 915 2180 977 oportet
2230 917 2380 962 recte
2421 908 2684 972 viventes,
2731 907 2979 976 voluptas
3021 916 3106 961 est
3138 904 3534 974 amplectenda,

1962 998 2055 1052 sed
2083 998 2213 1066 quia
2242 997 2311 1051 ab
2334 997 2595 1068 improbis
2619 996 2856 1067 optimos
2881 996 3120 1051 accusati
3155 995 3375 1049 omnino
3407 1009 3540 1049 con-

1967 1087 2148 1157 tingit,
2179 1088 2676 1158 philosophandum
2705 1096 2809 1142 est.
2850 1088 3062 1142 Dictum
3100 1086 3246 1141 enim
3286 1097 3391 1152 est,
3429 1099 3536 1138 non

1973 1191 2034 1232 ut
2061 1179 2236 1233 virtus
2264 1179 2522 1250 fugiatur,
2558 1179 2652 1235 sed
2686 1188 2743 1233 ut
2770 1192 2888 1233 eam
2915 1186 3235 1232 exercentes
3265 1177 3404 1232 male
3431 1191 3541 1230 ac—

1957 1273 2102 1341 cepti
2133 1270 2857 1342 philosophentur..lnvidia
2901 1271 3045 1324 enim
3083 1285 3178 1324 eos
3219 1285 3541 1339 oppugnans

1957 1363 2090 1418 facit
2116 1380 2227 1419 non
2271 1380 2418 1428 raro,
2450 1374 2509 1417 ut
2541 1362 3038 1432 reprehendantur.
3085 1359 3314 1415 Praestat
3351 1363 3538 1428 itaque

1955 1456 2002 1509 si
2033 1455 2301 1511 conviciis
2330 1456 2553 1509 omnino
2593 1454 2815 1508 obnoxii
2845 1467 3056 1516 sumus,
3085 1452 3288 1520 injuste
3332 1452 3384 1505 id
3415 1466 3538 1520 per-

1957 1547 2090 1616 peti.
2150 1546 2310 1601 Juste
2352 1547 2498 1601 enim
2550 1545 2896 1614 reprehendi,
2946 1544 3201 1598 convenit
3254 1544 3538 1613 improbis.

2382 1650 2720 1708 CCXXXIX.
2749 1680 2822 1691 —
2861 1648 3111 1704 PETRO.

1082 1740 1322 1795 llwreses
1349 1749 1443 1795 aut
1471 1757 1536 1794 ea:
1555 1741 1859 1804 ambitione,
1894 1754 2068 1798 antea:
2087 1744 2375 1811 pertinacia
2407 1756 2714 1799 nascuntur.

347 1851 420 1902 Ἢ
468 1849 535 1901 ὲκ
582 1849 896 1921 φιλαρχίας,
929 1843 1105 1920 οἳμαι,
1154 1849 1188 1920 ἢ
1243 1851 1310 1902 ὲκ
1359 1848 1707 1920 προλήψεως,
1763 1848 1897 1910 δύο]

2031 1854 2110 1908 Ex
2144 1853 2458 1908 dominandi
2513 1853 2760 1921 libidine,
2800 1863 2854 1908 et
2898 1862 3226 1923 prmsumpta
3259 1851 3538 1922 opinione,

262 1941 792 2010 δυσκαταγωνίστων
812 1941 1023 2009 παθῶν,
1054 1942 1153 2005 τάς
1179 1941 1423 2013 αἱρέσεις
1443 1941 1695 2012 τετέχθαι
1720 1942 1855 2014 (65)·

263 2036 336 2086 Ui.
369 2034 475 2104 μὲν
503 2032 614 2104 7&9
657 2035 714 2086 ὲν
743 2036 857 2095 τοῖς
885 2032 1148 2104 ὑπηκόοις
1180 2032 1256 2103 μὴ
1298 2032 1630 2097 ἀξιώσαντες
1675 2029 1820 2088 εἶναι
1842 2073 1859 2102 ,

262 2126 322 2177 οῖ
348 2125 406 2177 δὲ
439 2123 580 2196 μετά
619 2123 681 2176 τὸ
722 2123 1124 2195 προληφθῆναι,
1157 2123 1469 2195 διδαχθῆναι
1518 2124 1594 2195 μὴ
1628 2125 1858 2179 καταδε-

266 2214 524 2284 ξᾶμενοι,
578 2214 848 2285 νεωτέρας
893 2214 1245 2278 διδασκαλίας
1300 2215 1594 2286 σπέρματα
1631 2216 1860 2269 καταϐεο

267 2308 530 2377 σλήκασι,
557 2308 670 2372 τοῖς
695 2305 1090 2378 καθεστηκόσιν
1120 2306 1379 2378 ἐμμεῖναι
1406 2307 1482 2380 μὴ
1504 2307 1852 2374 ἀξιώσαντες.

558 2508 692 2566 m'.
721 2539 792 2550 —
817 2509 1033 2579 Nemo
1071 2509 1533 2580 ΣΧΟΛΑΣΤΙΚῼ.

1962 1944 2172 1998 duabus
2199 1959 2342 2013 aegre
2369 1946 2622 2014 superari
2650 1945 2830 2000 solitis
2853 1943 3253 2010 aﬂ‘ectionibus,
3297 1945 3536 1998 haereses

1963 2047 2105 2089 natae
2133 2045 2280 2092 sunt.
2335 2034 2616 2106 Siquidem
2654 2037 2854 2106 partim
2907 2036 3138 2104 subjecti
3188 2051 3311 2090 esse
3357 2037 3540 2090 detre-

1961 2136 2197 2190 ctantes,
2248 2127 2448 2197 partim
2499 2142 2635 2182 vero
2686 2137 2808 2197 post
2848 2135 3280 2195 praeoccupatam
3320 2125 3538 2196 opinio-

1962 2231 2087 2270 nem
2124 2215 2542 2270 instructionem
2576 2227 2920 2287 respuentes,
2958 2231 3113 2271 novae
3147 2218 3412 2272 doctrina:
3453 2232 3542 2271 se-

1977 2309 2120 2361 mina
2167 2306 2399 2374 jaciunt,
2446 2318 2767 2364 recusantes
2807 2309 2977 2364 semel
3021 2317 3171 2364 recte
3218 2308 3534 2364 constitutis

1961 2401 2231 2456 inhaerere
2259 2401 2622 2472 dogmatibus.

2236 2509 2440 2567 CCXL.
2465 2540 2538 2551 —
2568 2510 2727 2566 ΝΙιο
2758 2510 3255 2568 SCHOLASTICO.

918 2599 1176 2655 Virtutem
1199 2599 1457 2654 doctrina!
1475 2599 1821 2670 jungendum.
1855 2597 2016 2654 Fides
2047 2609 2093 2654 et
2135 2617 2311 2670 opera.
2349 2601 2534 2672 (Supr.
2565 2603 2717 2670 epist.
2756 2600 2904 2672 162.)

343 2710 567 2783 Τυφλδς
599 2711 700 2782 μὲν
730 2713 760 2766 δ
786 2713 896 2766 τῶν
929 2710 1139 2782 ἀρετῶν
1167 2711 1349 2783 χορὸς,
1392 2710 1556 2782 ὀρθοῦ
1602 2711 1677 2782 μὴ
1721 2711 1854 2766 καθ-

271 2803 590 2875 ηγουμένου
624 2805 891 2875 δόγματος
915 2820 929 2835 ·
970 2803 1140 2874 ἀργὸν
1183 2804 1240 2857 δὲ
1285 2803 1381 2856 καὶ⁸
1423 2803 1484 2855 τὸ
1512 2802 1672 2876 ὀρθὸν
1713 2803 1852 2856 καθ-

276 2896 592 2966 ηγούμενον
607 2896 805 2968 δόγμα,
825 2897 873 2948 εί
895 2899 922 2948 ὁ
939 2896 1047 2949 τῶν
1064 2896 1275 2966 ἀρετῶν
1295 2895 1456 2966 χορὸς
1480 2895 1856 2965 ἀπολειφθείηο

275 2989 328 3040 εί
355 2988 414 3041 δὲ
451 2988 511 3041 τὸ
546 2989 646 3058 μὲν
671 2991 968 3060 κορυφαῖον
998 2986 1338 3059 ταξιαρχοίη,
1388 2989 1444 3041 al
1472 2987 1528 3041 δὲ
1556 2986 1854 3059 χορεύοιεν,

277 3082 446 3135 παντὶ
475 3081 662 3152 τρόπῳ
714 3083 742 3134 ὁ
773 3081 935 3153 χορὸς
965 3081 1347 3152 στεφθήσεται,
1381 3079 1457 3146 ὡς
1493 3081 1740 3150 νομίμως
1766 3079 1857 3132 τὸν

274 3172 470 3242 ἀγῶνα
497 3172 722 3237 διαθείς.

772 3282 954 3337 ΣΜΑς
992 3310 1063 3324 -
1098 3281 1185 3353 Τῼ
1222 3282 1427 3353 ΔΥΤῼ.

2032 2708 2224 2764 Caecus
2249 2711 2468 2778 quidem
2496 2720 2578 2766 est
2601 2712 2864 2767 virtutum
2908 2713 3108 2767 chorus
3137 2727 3240 2766 non
3270 2723 3418 2767 recta
3444 2713 3543 2768 do—

1964 2801 2140 2855 ctrina
2182 2803 2411 2856 imbuto.
2465 2800 2655 2859 Otiosa
2697 2804 2938 2858 vicissim
2986 2813 3137 2858 recta
3188 2805 3437 2858 doctrina
3475 2820 3540 2858 ea

1967 2891 2240 2958 instituto,
2280 2892 2383 2946 nisi
2419 2893 2683 2947 virtutum
2720 2893 2947 2948 chorum
2975 2893 3286 2948 comitetur.
3312 2894 3371 2948 Si
3402 2909 3537 2948 vero

1967 2985 2212 3039 doctrina
2248 2985 2478 3039 chorum
2516 2985 2682 3039 veluti
2735 2986 2934 3049 ducat,
2971 2984 3312 3054 virtutesque
3349 2984 3541 3039 subse-

1965 3088 2226 3146 quantur,
2258 3078 2450 3146 quavis
2484 3079 2695 3133 ratione
2725 3080 2927 3133 chorus
2956 3078 3333 3143 coronabitur,
3362 3087 3420 3133 ut
3458 3077 3537 3134 le-

1888 3151 1936 3213 C
1965 3170 2153 3240 gitime
2181 3178 2401 3239 peracto
2422 3170 2743 3224 certamine.

2453 3279 2682 3336 CCXLI.
2718 3310 2790 3320 —
2820 3278 3058 3334 EIDEM.

667 3397 830 3451 Deum
856 3413 958 3451 non
987 3396 1142 3450 modo
1168 3395 1512 3462 adulterium,
1545 3396 1637 3450 sed
1666 3394 2084 3465 fornicationem,
2121 3404 2169 3451 et
2202 3411 2352 3450 ontne
2381 3393 2702 3464 impnritatis
2724 3409 2887 3462 genus
2915 3393 3155 3448 vetuisse.

351 3523 419 3579 ΕΙ
457 3523 555 3579 καὶ
587 3522 750 3586 αὐτὸς
774 3523 948 3594 αίτιᾷ,
979 3520 1096 3576 ἀλλ’
1124 3521 1234 3590 ἐγὼ
1279 3536 1386 3576 καν
1436 3521 1611 3593 τούτῳ
1662 3522 1858 3593 κομιδῇ

277 3615 496 3686 ἄγαμαι
513 3613 608 3667 τοῦ
638 3613 932 3683 νομοθέτου
958 3611 1058 3683 τὴν
1090 3612 1302 3681 σοφίαν,
1339 3613 1420 3666 ὃτι
1452 3615 1518 3665 ὲκ
1546 3612 1743 3666 πολλοῦ
1765 3611 1859 3664 τοῦ

279 3705 568 3776 περιόντος
631 3702 732 3764 τάς
798 3701 1088 3770 ἀσελγείας
1147 3700 1555 3772 έξοστρακίσαι,
1609 3701 1704 3755 καὶ
1761 3701 1862 3765 τὰς

278 3795 615 3858 ἀκολάστους
664 3791 893 3864 γνώμας
942 3792 1246 3864 χαλινῶσαι
1293 3792 1596 3864 προῄρητο.
1640 3793 1702 3844 '0
1750 3792 1860 3862 7&9

275 3890 384 3961 τὴν
421 3886 678 3941 ἀκούσιον
715 3883 965 3955 ἔκκρισιν
1000 3884 1252 3957 μολύνειν
1286 3883 1724 3955 ἀποφηνάμενος,
1756 3883 1857 3952 τὴν

278 3979 531 4034 ἑκούσιον
559 3973 760 4048 πρᾶξιν
788 3973 971 4043 πολλῷ
1007 3973 1210 4044 μᾶλλον
1230 3974 1600 4044 ἀπηγόρευσε.
1632 3971 1720 4042 Τῷ
1749 3971 1856 4042 γὰρ

277 4070 381 4142 τὴν
402 4068 704 4138 ἀϐούλητον
732 4065 908 4136 ῥύσιν,
931 4064 1030 4137 τὴν
1062 4066 1200 4135 μήτε
1223 4065 1530 4136 ἁμάρτημα
1559 4063 1859 4131 τυγχάνου-

280 4179 408 4226 σαν,
446 4162 583 4232 μήτε
633 4159 740 4212 ὑπὸ
774 4158 1046 4229 τιμωρίαν
1085 4157 1349 4226 ἄγουσαν,
1397 4157 1672 4228 μολυσμὸν
1714 4150 1857 4209 εἶναι

279 4255 482 4325 φῆσαι,
506 4252 602 4306 καὶ
655 4250 972 4322 καθαρσίων
1003 4249 1255 4315 ἀξιῶσαι,
1287 4250 1350 4304 τὸ
1397 4249 1642 4302 ἑκούσιον
1671 4248 1857 4318 πλημ-

282 4345 510 4416 μέλημα
546 4341 748 4414 μᾶλλον
784 4341 1115 4399 ἀνέστειλεν.
1155 4341 1374 4413 Ἐπειδὴ
1393 4341 1451 4394 δὲ
1476 4342 1576 4412 τὴν
1611 4339 1856 4410 μοιχείαν

2037 3522 2154 3578 Etsi
2184 3522 2300 3592 ipse
2340 3519 2734 3591 reprehendas,
2762 3534 2862 3590 ego
2898 3534 3029 3575 vero
3065 3521 3230 3574 etiam
3259 3518 3536 3591 legislato-

1963 3615 2041 3669 ris
2066 3615 2158 3669 Dei
2184 3613 2512 3684 sapientiam
2543 3612 2902 3667 vehementer
2927 3614 3193 3678 admiror,
3220 3616 3366 3683 quod
3399 3630 3426 3667 a
3455 3615 3542 3670 vi-

1964 3707 2103 3762 vidis
2143 3704 2456 3761 hoininibus
2519 3703 2812 3774 proﬂigare
2866 3703 3124 3760 libidines
3193 3715 3248 3758 et
3303 3704 3542 3760 lascivas

1963 3805 2176 3851 mentes
2203 3796 2358 3850 freno
2385 3809 2643 3850 coercere
2663 3795 2940 3849 maluerit.
2978 3793 3347 3851 Pronuntians
3374 3798 3539 3852 etiam

1964 3889 2388 3944 involuntariam
2436 3889 2872 3943 exsecrationem
2924 3888 3263 3958 inquinare,
3319 3891 3545 3944 damnat

1964 3980 2138 4034 multo
2173 3979 2346 4049 magis
2381 3979 2751 4033 voluntariam
2785 3979 3082 4033 actionem.
3120 3978 3252 4034 Cum
3282 3981 3430 4036 enim
3458 3981 3542 4036 in-

1966 4070 2337 4125 voluntarium
2369 4070 2597 4136 ﬂuxum,
2628 4070 2721 4139 qui
2753 4079 2809 4124 et
2836 4069 2957 4125 sine
2985 4084 3212 4140 peccato
3253 4073 3331 4136 lit,
3366 4089 3542 4144 neque

1966 4164 2039 4220 sit
2063 4178 2239 4233 paenae
2271 4162 2568 4227 obnoxius,
2616 4161 2969 4231 pollutionem
3017 4176 3142 4216 esse
3181 4163 3340 4232 dixit,
3376 4180 3541 4233 opus-

1962 4267 2070 4324 que
2103 4251 2426 4322 purgatione
2453 4250 2685 4316 censuit,
2728 4250 2888 4319 longe
2924 4249 3126 4320 justius
3173 4252 3538 4309 voluntarium

1965 4342 2167 4413 repulit
2215 4341 2498 4396 delictum.
2543 4340 2998 4409 Quandoquidem
3035 4355 3165 4396 vero
3212 4342 3538 4401 adulterium

280 4437 457 4507 μόνην
492 4434 749 4506 ἐνόμισας
791 4433 956 4488 αὑτὸν
981 4434 1443 4504 ἀπηγορευκέναι,
1471 4432 1646 4495 δοκεῖς
1700 4448 1790 4501 μοι
1821 4429 1857 4502 ἢ
1887 4447 1897 4506 ]

1967 4438 2230 4491 duntaxat
2261 4434 2434 4490 Deum
2464 4435 2730 4489 damnare
2757 4434 3063 4502 existimas,
3091 4435 3296 4489 videris
3320 4446 3413 4490 aut
3434 4453 3539 4493 non

283 4531 363 4602 μὴ
395 4529 759 4598 ἀνεγνωκέναι
789 4527 849 4581 τὸ
877 4525 1316 4599 Δεύτερονόμιον,
1345 4524 1378 4595 ἢ
1417 4524 1494 4596 μὴ
1519 4523 1856 4594 νενοηκέναι,

279 4623 466 4676 καίτοι
533 4620 720 4691 σαφῶς
767 4618 1055 4689 κείμενονο
1129 4635 1150 4671 ι
1199 4617 1314 4671 Οὐκ
1360 4616 1511 4670 ἔσται
1554 4615 1685 4686 γὰρ,
1727 4614 1856 4685 ἔφη,

281 4714 484 4784 πόρνος
521 4712 631 4766 ἀπὸ
669 4710 803 4764 υἱῶν
845 4707 1084 4780 Ἰσραὴλ,
1113 4708 1208 4762 καὶ
1239 4707 1340 4761 οὐκ
1369 4705 1522 4759 ἔσται
1554 4705 1729 4775 πόρνη
1751 4703 1860 4759 ἀπὸ

282 4803 602 4875 θυγατέρων
642 4801 878 4873 Ἰσραήλ.
907 4820 925 4853 ι
955 4801 1018 4854 El
1048 4800 1155 4871 γὰρ
1175 4800 1272 4853 καὶ
1297 4797 1654 4870 χαλεπωτέρα
1680 4796 1861 4867 πολλῷ

279 4900 314 4968 ἠ
344 4896 559 4967 μοιχεία
574 4895 672 4964 τῆς
691 4893 969 4965 πορνείας,
993 4891 1088 4946 καὶ
1110 4889 1440 4961 συγγνώμης
1472 4889 1693 4960 μείζων,
1726 4889 1862 4942 ἀλλά

280 4988 382 5042 καὶ
401 4990 435 5059 ἡ
460 4987 686 5058 πορνεία
707 4985 987 5056 τιμωριῶν
1007 4985 1150 5051 ἀξία,
1173 4983 1222 5036 εί
1248 4981 1515 5036 καὶτοῦτο
1533 4983 1648 5043 τοῖς
1665 4980 1864 5045 ἔξωθεν

280 5078 627 5150 νομοθέταις,
659 5078 760 5131 οὐκ
783 5073 878 5131 οἷδ’
903 5078 1073 5142 ὅπως,
1106 5075 1554 5147 παραλέλειπται.
1590 5073 1716 5134 Τοῖς
1757 5073 1864 5142 γὰρ

285 5169 466 5242 ὀρθῶς
495 5169 672 5240 βιοῦσι
701 5169 1068 5240 καθαρευτέον
1093 5169 1188 5223 καὶ
1205 5167 1312 5222 ἀπὸ
1331 5166 1564 5237 ταύτης·
1590 5183 1608 5216 ι
1629 5164 1863 5237 Πορνεία

285 5266 417 5335 γὰρ,
453 5264 584 5335 φησι
609 5263 1003 5329 ὁδἈπόστολος,
1025 5261 1120 5316 καὶ
1144 5259 1454 5330 ἀκαθαρσία
1488 5257 1623 5330 μηδὲ
1661 5258 1864 5326 ὀνομα-

285 5355 466 5419 ζέσθω
509 5357 566 5407 ὲν
612 5355 761 5425 ύμῖν,
793 5354 975 5419 καθὼς
1007 5353 1208 5426 πρέπει
1249 5352 1445 5422 ἁγίοις.
1489 5369 1508 5401 ι
1550 5349 1663 5402 Καὶ
1699 5348 1862 5400 πάλιν

351 5536 400 5570 ⁸³
428 5527 583 5589 Deut;
617 5547 779 5594 χχιιι,
811 5530 894 5585 l7.

1963 4529 2160 4597 legisse
2209 4526 2692 4590 Deutcronomim,
2744 4535 2840 4579 aut
2895 4540 3002 4579 non
3052 4524 3376 4581 intellixisse
3431 4536 3538 4581 tam

1965 4620 2110 4676 clare
2140 4619 2245 4674 hoc
2276 4618 2708 4688 pronuntiatum.
2732 4615 2893 4687 633
2926 4635 2944 4668 ι
2986 4616 3108 4671 Non
3139 4619 3244 4672 erit
3275 4621 3536 4673 meretrix

1967 4714 2034 4769 de
2062 4713 2278 4768 ﬁliabus
2306 4711 2497 4777 Israel,
2523 4720 2616 4764 aut
2661 4719 2936 4764 scortator
2966 4709 3034 4765 de
3062 4709 3188 4763 ﬁliis
3211 4708 3380 4764 Israel
3411 4711 3476 4764 δ’.
3520 4731 3537 4762 ι

1969 4804 2084 4861 Etsi
2133 4807 2279 4860 enim
2330 4806 2506 4875 majus
2552 4803 2816 4873 ﬂagitium
2854 4811 2941 4858 est
2975 4804 3329 4869 adulterium,
3379 4820 3542 4873 quam

1970 4897 2287 4960 furnicatio,
2316 4905 2370 4950 et
2411 4897 2570 4949 venia
2597 4895 2816 4964 gravius
2849 4894 2941 4957 sit,
2993 4893 3110 4948 hac
3149 4903 3329 4947 tamen
3380 4909 3541 4962 pcena

1965 5003 2184 5059 quoque
2236 4988 2406 5058 digna
2461 4997 2568 5053 est,
2600 4986 2848 5054 quamvis
2905 4998 3122 5054 pmnam
3168 4985 3356 5040 nescio
3409 5001 3544 5054 quo-

1968 5084 2128 5135 modo
2155 5080 2203 5133 ei
2256 5094 2361 5135 non
2395 5077 2832 5148 praescripserint
2871 5078 3113 5146 gentium
3171 5075 3540 5146 legislatures.

1968 5171 2138 5226 Recte
2169 5173 2314 5224 enim
2347 5170 2595 5224 viventes
2623 5168 2692 5221 ab
2716 5168 2820 5221 hac
2843 5181 3009 5236 puros
3036 5181 3095 5222 se
3124 5166 3364 5235 prazbere
3391 5180 3546 5234 opor-

1974 5269 2047 5314 tet
2081 5277 2096 5313 :
2135 5276 2153 5310 ι
2199 5258 2534 5324 Fornicatio,
2564 5257 2742 5326 inquit
2768 5255 3083 5327 Apostolus,
3115 5265 3170 5311 et
3212 5255 3389 5310 omnis
3435 5255 3540 5309 im-

1967 5351 2228 5406 munditia
2264 5365 2332 5404 ne
2357 5348 2673 5407 nominetur
2704 5348 2926 5419 quidem
2960 5349 3012 5404 in
3052 5347 3206 5404 vobis
3231 5389 3247 5412 ,
3278 5348 3416 5402 sicut
3449 5346 3541 5401 de-

1387 5613 1620 5672 VARUE
1661 5611 2047 5671 LECTIONES
2086 5612 2174 5667 ET
2209 5612 2440 5671 NOTAE.

373 5763 476 5835 (65)
517 5763 620 5822 Pro
663 5766 910 5840 τετέχθαι
962 5770 1140 5840 legunt
1185 5767 1400 5825 codices
1449 5764 1610 5819 iidem
1649 5759 1925 5832 τετάχθαι.
1949 5757 2163 5814 Possm.
