3982 6420
217 331 365 400 υὸι

1072 328 1610 399 EPISTULARUM
1644 327 1792 388 LIB.
1836 328 1903 387 V.
1931 350 2001 361 --
2037 317 2457 391 EPISTJCCL.

3347 317 3483 380 1482

221 454 331 505 οὐκ
359 450 645 522 ἐρυθριᾷς,
672 448 766 513 οὓς
802 447 1011 511 ζῶντας
1060 447 1409 511 ἐκολάκευες,
1440 444 1663 507 τούτους
1721 460 1806 496 τε-

1916 441 2222 504 erubescas,
2257 440 2450 509 quibus
2487 418 2790 490 viventibus
2837 430 3041 487 adulari
3083 427 3315 497 solebas,
3360 447 3485 485 eos—

186 525 192 535 ’
224 541 538 606 λευτῶντας
562 538 913 610 κακηγορῶν.

550 648 721 701 ΣΜΖ’.
762 675 832 688 -
860 646 1094 700 ῐΕΡΑΚΙ
1126 644 1437 716 ΔΙΑΚΟΝῼ

1910 532 2030 586 dem
2067 533 2176 586 vita
2207 531 2422 585 functos
2445 525 2789 585 calumniari.

2173 636 2473 696 CCXLVIII.
2501 667 2573 683 -
2602 634 2879 693 HIERACI
2910 631 3227 691 DIACONO.

1570 726 1850 807 Fugienaiz
1870 736 2034 792 tibide
2053 746 2150 791 est.

300 855 364 907 Εί
401 851 645 924 ἀκριϐῶς
671 850 988 916 ἐπίστασαι,
1018 849 1153 921 ὅπερ
1183 851 1279 904 καὶ
1299 849 1495 922 ἀληθές
1526 850 1663 914 ἐστι,
1699 848 1804 903 κᾶν

220 945 274 995 οἱ
314 942 550 1014 ῥᾴθυμοι
586 940 1084 1011 παραγράψωνται,
1110 938 1192 992 ὃτι
1228 940 1262 1009 ή
1288 937 1386 1009 μὲν
1418 935 1683 991 ἀκολασία
1708 935 1804 989 κό-

222 1034 387 1088 λασιν
417 1035 619 1098 ὡδίνει,
660 1035 695 1104 ὴ
725 1033 781 1086 δὲ
817 1031 1012 1100 ἁγνεία,
1056 1029 1368 1101 ἁγιωσύνης
1414 1029 1700 1098 στέφανον’
1733 1027 1807 1080 δι’

221 1129 294 1197 ἣν
316 1128 499 1180 αἰτίαν
525 1125 745 1188 διώκεις
775 1124 874 1195 μὲν
902 1123 969 1193 ἢν
1009 1122 1233 1191 φεύγειν
1259 1120 1385 1192 χρὴ,
1412 1119 1632 1189 φεύγεις
1656 1118 1713 1172 δὲ
1741 1118 1807 1187 ἦν

218 1219 448 1273 διώκειν
483 1219 639 1289 θέμις
660 1236 677 1282 ;

729 1326 914 1383 mir.
948 1358 1018 1369 —
1041 1325 1296 1397 ΠΑΥΛῼ.

1980 845 2040 902 ει
2072 853 2217 901 recte
2257 844 2513 911 aestimes,
2542 843 2688 915 quod
2738 849 2795 898 et
2824 856 3013 897 verum
3041 850 3148 906 est,
3176 842 3277 895 etsi
3309 840 3485 911 ignari

1907 938 2226 1008 exceptione
2252 938 2629 999 submoveant,
2654 934 2817 990 libido
2842 947 3056 1004 ponam
3076 932 3290 1003 gignit;
3321 933 3484 985 casti-

1911 1039 1994 1084 tas
2016 1038 2204 1083 contra
2228 1027 2601 1082 sanctimonia:
2649 1025 2791 1096 parit
2836 1039 3091 1081 coronam
3129 1042 3142 1077 :
3172 1039 3271 1078 cur
3305 1024 3487 1089 itaque

1910 1118 2165 1188 fugienda
2219 1118 2753 1189 consectaris,.fugis
2795 1129 2985 1173 contra
3014 1131 3134 1186 quae
3183 1116 3484 1172 consectari

1913 1224 2125 1279 aequum
2153 1210 2274 1265 est?

2338 1316 2658 1375 CCXLVIII.
2697 1349 2770 1394 —_—
2825 1318 3076 1376 PAULO.

1093 1417 1173 1472 De
1199 1425 1337 1471 metu
1358 1415 1455 1470 Dei
1480 1422 1530 1469 et
1563 1412 1849 1467 hominum.
1876 1412 2107 1484 (Confer.
2134 1414 2283 1481 epist.
2315 1412 2351 1466 5
2370 1411 2460 1467 lib.
2493 1416 2594 1482 Iv.)

300 1529 573 1592 Πολλάκις
596 1529 719 1581 κατ’
754 1526 989 1596 ἐμαυτὸν
1019 1524 1237 1590 ἐννοῶν,
1264 1523 1382 1587 πῶς
1402 1518 1431 1577 δ
1457 1522 1567 1577 τῶν
1599 1520 1804 1593 ἀνθρώ-

220 1638 350 1674 πων
386 1620 549 1690 φόϐος
598 1618 693 1672 τοῦ
739 1618 884 1672 Θείου
934 1616 1083 1671 ἐστὶν
1140 1616 1507 1689 ἰσχυρότερος,
1538 1613 1635 1668 καὶ
1670 1613 1805 1685 μηδὲ

1980 1521 2364 1593 Saepenumero
2424 1536 2636 1577 mecum
2707 1521 2823 1591 ipse
2884 1522 3141 1591 cogitavi,
3214 1521 3486 1591 quomodo

1908 1622 2153 1670 metuere
2183 1614 2457 1670 soleamus
2488 1616 2737 1670 homines
2786 1615 3054 1671 valentius
3084 1630 3245 1685 quam
3277 1613 3482 1669 Deum:

222 1712 325 1781 τὴν
360 1711 572 1766 ἔννοιαν
596 1710 697 1779 τῆς
732 1709 964 1774 ἀτοπίας
995 1708 1211 1781 χωρῶν,
1246 1709 1687 1777 κατεγίγνωσκον
1705 1706 1806 1776 τῆς

1916 1712 1962 1758 et
1980 1704 2245 1759 rationem
2274 1704 2564 1760 absurdam
2589 1719 2694 1760 non
2719 1706 3205 1775 comprehenderis,
3235 1706 3486 1761 damnavi

223 1804 459 1857 ἀλέκτου
494 1801 789 1874 ῥᾳθυμίας.
836 1803 975 1865 Τοὺς
1012 1802 1109 1872 μὲν
1135 1801 1243 1873 γὰρ
1278 1800 1680 1868 δυνατωτέρους
1708 1799 1805 1853 καὶ

222 1896 556 1967 ὑϐρίζοντας
608 1896 848 1967 φέρομεν
899 1896 1039 1963 μετά
1084 1894 1385 1957 ἐπιεικείας
1438 1893 1660 1963 πολλῆς,
1708 1893 1803 1947 τοῦ

222 1986 399 2053 φόϐου
438 1987 561 2039 ἀντὶ
591 1984 810 2056 χαλινοῦ
845 1984 1154 2055 γινομένου,
1194 1985 1289 2037 καὶ¹
1330 1983 1641 2055 περαιτέρω
1673 2000 1805 2054 προ-

221 2076 389 2146 ϐῆναι
419 2078 493 2148 μὴ
523 2077 912 2147 ἐπιτρέποντος
933 2093 947 2105 '
984 2072 1121 2148 πρὸς
1147 2076 1204 2129 δὲ
1234 2076 1361 2139 τοὺς
1380 2074 1804 2145 ἀσθενεστέρους

224 2166 367 2237 μηδὲ
393 2165 767 2237 λελυπηκότας
791 2164 1226 2237 ἀπεχθανόμεθα,
1247 2166 1424 2219 καίτοι
1449 2164 1542 2218 τοῦ
1566 2163 1803 2236 Χριστοῦ

220 2258 790 2328 παρακελευσαμένου
819 2274 835 2290 ο
872 2277 891 2309 ι
928 2258 1021 2329 Μὴ
1074 2257 1295 2329 ὀργίζου
1337 2257 1415 2329 τῷ
1454 2256 1668 2328 ἀδελφῷ
1711 2275 1803 2310 σου

221 2343 371 2413 εἰκῆ.
418 2362 437 2394 ι
480 2343 658 2415 Ὅπερ
682 2345 857 2415 πολλῷ
895 2348 1041 2399 ἐστιν
1073 2343 1437 2418 εὐκολώτερον
1475 2347 1571 2401 τοῦ
1620 2347 1804 2418 φέρειν

206 2432 418 2502 ἕτερον
450 2432 810 2504 ὑϐριζόμενον
838 2433 987 2502 είκῆ.
1031 2433 1179 2487 Ἐκεῖ
1229 2435 1327 2505 μὲν
1352 2435 1463 2506 γὰρ
1514 2434 1682 2507 πολλὴ
1707 2434 1801 2487 τού

224 2524 405 2593 πυρὸς
440 2526 475 2595 ἡ
502 2523 626 2594 ὕλη,
659 2524 892 2578 ἐνταῦθα
936 2525 993 2578 δὲ
1025 2524 1158 2595 ὖλης
1195 2525 1270 2597 μὴ
1303 2526 1669 2596 ὑποκειμένης
1703 2526 1803 2596 τὴν

224 2613 409 2682 φλόγα
432 2615 746 2683 ἀνάπτομεν
771 2632 785 2644 ·
815 2615 915 2668 οὐκ
940 2614 1056 2668 έστι
1081 2615 1139 2667 δὲ
1184 2616 1372 2687 ἐτέρου
1400 2616 1510 2685 πῦρ
1544 2616 1804 2686 φέροντος

226 2705 304 2775 μὴ
333 2705 759 2770 κατακαίεσθαι,
792 2706 923 2767 ἴσον,
946 2706 1040 2759 καὶ
1076 2706 1303 2776 μηδενὸς
1340 2702 1802 2777 παρενοχλοῦντος

219 2798 528 2869 ἡσυχάζειν
557 2799 650 2850 καὶ
673 2799 923 2869 ἠρεμεῖν.
977 2797 1037 2850 Ὀ
1075 2798 1176 2867 μὲν
1202 2798 1308 2869 γὰρ
1346 2797 1557 2851 ἐκείνου
1592 2797 1800 2866 κρατή-

225 2906 352 2953 σας,
406 2890 715 2961 ἀκροτατης
762 2888 1084 2958 φιλοσοφίας
1115 2888 1338 2959 δοκίμια
1384 2888 1641 2940 δέδωκενο
1684 2888 1713 2940 ὁ
1745 2887 1802 2940 δὲ

222 2981 389 3034 τοῦτο
418 2982 609 3046 ποιῶν,
640 2980 915 3053 θαύματὸς
945 2983 1092 3035 ἐστιν
1131 2980 1378 3052 ἄμοιρος.
1428 2981 1595 3032 Ὅταν
1623 2975 1717 3032 οὖν
1740 2979 1802 3032 τὸ

1909 1794 2283 1851 incredibilem
2315 1797 2593 1851 hominum
2617 1797 2947 1852 socordiam.
2966 1796 3310 1853 Potentiores
3341 1798 3485 1853 enim

1908 1889 2204 1943 toleramus
2232 1888 2402 1944 multa
2422 1888 2703 1960 patientia,
2734 1890 2899 1944 etiam
2925 1891 3179 1961 injurios,
3206 1901 3352 1944 metu
3382 1904 3483 1943 nos

1904 1981 2070 2036 veluti
2096 1982 2251 2038 freno
2277 1984 2566 2047 retinente,
2609 1992 2665 2039 et
2706 1983 2935 2039 ulterius
2964 1984 3213 2053 progredi
3238 1992 3482 2049 vetante;

1905 2075 2183 2130 tenuiores
2227 2090 2354 2131 vero
2402 2076 2569 2131 etiam
2606 2090 2713 2129 non
2745 2074 3038 2130 allicientes
3091 2076 3285 2146 injuria
3328 2074 3485 2128 fasti-

1906 2166 2085 2221 dimus
2112 2174 2179 2220 et
2231 2181 2572 2224 aversamur.
2603 2166 2769 2237 Atqui
2818 2165 2972 2235 jubet
3012 2165 3309 2222 Christus:
3350 2186 3369 2218 ι
3407 2164 3487 2219 Νε

1907 2257 2162 2311 irascaris
2214 2256 2371 2312 fratri
2424 2266 2515 2312 tuo
2570 2267 2772 2313 temere
2819 2257 2884 2311 “.
2929 2277 2949 2309 ι
2981 2257 3135 2323 Quod
3193 2256 3361 2310 multo
3401 2264 3485 2310 est

1907 2346 2140 2410 facilius,
2170 2362 2335 2416 quam
2370 2346 2514 2403 ferre
2551 2348 2780 2402 alterum
2824 2347 3079 2418 injuriam
3111 2356 3313 2403 temere
3351 2346 3486 2401 infc-

1908 2438 2237 2495 rentem.lbi
2263 2441 2409 2494 enim
2447 2440 2614 2495 multa
2646 2440 2784 2510 ignis
2821 2441 3049 2495 materia
3081 2450 3187 2503 est,
3228 2440 3320 2494 hic
3357 2440 3486 2493 vero

1905 2531 2129 2585 materia
2183 2546 2291 2585 non
2336 2530 2583 2600 subjecta
2628 2526 2899 2585 ﬂammam
2950 2530 3317 2585 accendimus.
3351 2528 3484 2583 Nam

1906 2636 2011 2675 non
2052 2630 2222 2690 potes,
2245 2620 2416 2677 altero
2446 2622 2627 2689 ignem
2663 2619 2948 2689 inferente,
2968 2635 3087 2674 non
3116 2620 3304 2682 aduri;
3346 2618 3485 2674 forte

1903 2713 2090 2778 etiam,
2116 2712 2329 2767 nemine
2374 2713 2643 2779 turbante,
2691 2713 2972 2783 quiescere
3006 2721 3170 2781 atque
3198 2726 3479 2782 apparere.

1904 2802 2007 2869 Qui
2034 2818 2165 2873 ergo
2203 2804 2258 2857 in
2292 2802 2384 2858 illo
2413 2818 2472 2859 se
2504 2814 2744 2873 superat,
2780 2804 2825 2858 is
2855 2802 3318 2872 praestantissimm
3356 2800 3477 2871 plri-

1903 2893 2158 2962 losophiae
2187 2895 2424 2963 speciem
2455 2894 2620 2950 dedit.
2654 2893 2753 2961 Qui
2785 2909 2913 2948 vero
2941 2894 3043 2948 hoc
3068 2893 3338 2963 posterius
3365 2902 3485 2945 tan-

1904 2990 2016 3037 tum
2050 2992 2293 3054 praestat,
2338 2985 2698 3041 admiratione
2750 2986 2943 3056 dignus
2999 2998 3104 3039 non
3150 2992 3254 3040 est.
3305 2981 3483 3049 Quare

228 3073 421 3143 μεῖζον
450 3073 538 3125 διὰ
585 3073 675 3126 τὸν
708 3072 817 3126 τῶν
849 3071 1151 3144 ἀνθρώπων
1199 3072 1363 3141 φόϐον
1396 3072 1669 3139 ἀνύοντες,
1713 3071 1824 3126 διὰ·

1916 3090 2027 3130 cum
2054 3075 2327 3147 quidpiam
2364 3078 2645 3132 hominum
2679 3089 2828 3133 metu
2850 3077 3190 3146 expedimus,
3232 3076 3324 3131 Dei
3350 3091 3478 3130 vero

221 3164 321 3217 τὸν
350 3164 496 3218 θεῖον
526 3166 659 3234 μηδὲ
688 3166 749 3218 τὸ
794 3164 1017 3218 ἔλαττον
1057 3162 1377 3234 βουλώμεθα
1419 3164 1635 3229 ἀνύσαι,
1672 3164 1802 3218 ποία

226 3254 364 3323 ἡμῖν
391 3253 696 3324 λελείψεται
724 3254 1019 3322 ἀπολογίας

584 3357 755 3413 mea
774 3389 843 3398 —
870 3358 1131 3431 ΕΡΜΙΝῼ
1159 3360 1453 3416 KOMHTl.

1910 3176 2058 3221 metu
2118 3184 2187 3224 ne
2249 3169 2530 3223 minimum
2591 3170 2807 3237 quidem
2867 3184 3242 3241 properamus,
3300 3183 3484 3237 ecqua:

1908 3272 2038 3328 ergo
2069 3260 2255 3315 relicta
2293 3261 2449 3315 nobis
2477 3270 2563 3316 est
2591 3263 2955 3317 excusationis
2982 3263 3238 3316 occasio?

2195 3368 2468 3428 CCXLIX.
2501 3403 2572 3411 —
2598 3370 2907 3429 HEBMINO
2936 3371 3188 3428 COMITI.

218 3449 302 3507 ‘Ut
334 3452 505 3516 capite
526 3452 832 3521 a‘grotante,
858 3458 1023 3505 totum
1058 3469 1247 3521 corpus
1291 3455 1429 3508 male
1460 3454 1637 3522 habet,
1679 3458 1753 3511 sic
1780 3460 1874 3513 sub
1919 3462 2061 3517 malo
2095 3463 2333 3534 episcopo
2376 3473 2487 3518 tota
2516 3463 2772 3519 Ecclesia.
2799 3452 2957 3536 (Vide
2990 3482 3106 3536 sup.
3140 3466 3292 3533 epist.
3328 3465 3479 3535 250.)

300 3585 472 3639 Ὅταν
500 3585 536 3654 ἡ
563 3583 798 3654 κεφαλὴ,
830 3585 863 3655 ἡ
892 3560 1143 3657 καθάπερ
1165 3586 1464 3658 ἀκρόπολις
1488 3587 1585 3641 τοῦ
1619 3590 1805 3661 σώμα-

226 3693 323 3737 τος
363 3670 520 3739 οὖσα,
561 3674 659 3726 καὶ
700 3674 810 3728 τῶν
857 3675 1311 3743 ἀναγκαιοτάτων
1336 3678 1431 3730 καὶ
1458 3681 1805 3749 τιμιωτάτων

226 3765 540 3837 ἀνθρώποις
561 3765 870 3838 αἰσθήσεων
888 3770 1226 3840 οἰκητήριον,
1262 3770 1557 3839 ὀφείλουσα
1586 3775 1713 3837 τοὺς
1741 3776 1807 3829 ὲκ

228 3856 327 3910 τοῦ
354 3855 603 3926 σώματος
625 3857 1119 3929 ἀναπεμπομένους
1151 3860 1361 3930 ἀθμοὺς
1383 3862 1496 3935 (67)
1525 3867 1799 3937 πονηροὺς

228 3951 528 4020 διοικῆσαι,
564 3951 659 4004 καὶ
680 3953 759 4014 είς
780 3951 841 4003 τὸ
880 3952 997 4005 δέον
1029 3954 1315 4026 καθιστᾷν,
1350 3956 1424 4027 μὴ
1462 3956 1621 4028 μόνον
1646 3957 1805 4013 τοῦτο

214 4096 219 4101 ,
228 4041 307 4112 μὴ
336 4041 760 4113 διαπράττηται,
803 4042 943 4096 ἀλλὰ
966 4045 1060 4098 καὶ
1093 4046 1232 4117 αὑτὴ
1261 4046 1383 4101 καθ’
1409 4049 1613 4120 ἑαυτὴν
1645 4049 1808 4103 ἀσθε-

226 4135 325 4203 νὴς
356 4130 493 4186 οὖσα
522 4134 681 4205 τύχῃ,
708 4134 808 4197 τὰς
856 4135 1110 4200 νοσώδεις
1140 4139 1317 4201 αἰτίας
1354 4140 1805 4212 ἀποκρούσασθαι

228 4226 307 4294 μὴ
327 4224 628 4295 δυναμένη·
670 4224 799 4277 ποία
822 4225 975 4290 ἐλπὶς
1004 4226 1081 4298 τῷ
1121 4228 1333 4299 σώματί
1360 4230 1393 4297 ἢ
1436 4232 1728 4302 σωτηρίας⁹
1770 4232 1804 4304 ἢ

1978 3594 2114 3651 Cum
2171 3605 2353 3667 caput,
2400 3599 2541 3666 quod
2590 3596 2758 3652 veluti
2816 3612 2915 3651 arx
2975 3605 3059 3652 est
3108 3599 3370 3667 corporis,
3420 3615 3484 3654 ac

1908 3688 2143 3742 maxime
2230 3690 2666 3744 necessariorum
2722 3690 3193 3760 pretiosorumque
3248 3692 3483 3747 homini-

1906 3779 2007 3834 bus
2029 3793 2282 3835 sensuum
2313 3781 2665 3846 domicilium,
2690 3782 2833 3851 quod
2868 3782 3028 3838 debet
3049 3784 3279 3857 emissos
3300 3800 3332 3841 e
3356 3800 3480 3841 cor-

1908 3884 2038 3940 pore
2068 3870 2343 3940 improbos
2371 3887 2601 3945 vapores
2636 3874 2968 3944 dispensare,
2999 3884 3076 3941 et,
3104 3890 3211 3946 quo
3242 3885 3481 3947 oportet,

1908 3964 2224 4030 amandare,
2260 3965 2390 4019 illud
2431 3981 2537 4020 non
2584 3967 2744 4022 modo
2786 3982 2894 4021 non
2927 3968 3108 4032 faciet,
3158 3970 3252 4024 sed
3293 3978 3350 4025 et
3388 3984 3485 4038 per

1903 4058 2144 4126 seipsum
2188 4072 2309 4112 esse
2341 4057 2666 4114 imbecillum
2716 4060 3002 4131 contingit,
3056 4075 3156 4115 nec
3206 4061 3484 4115 morbosas

1906 4145 2207 4215 propellere
2246 4160 2437 4200 causas
2465 4148 2662 4212 valeat,
2693 4163 2815 4217 quae
2844 4150 3089 4218 corporis
3120 4165 3246 4218 spes
3274 4150 3481 4218 reliqna

1907 4236 2101 4291 salutis
2131 4246 2223 4290 aut
2255 4236 2500 4292 roboris?
2540 4237 2704 4292 nulla.
2738 4238 2883 4295 Sane
2920 4223 3259 4295 Pelusiensis
3295 4240 3482 4295 Eccle-

226 4319 486 4387 ρώσεωςς
522 4317 782 4387 Οὐδεμία.
828 4319 919 4370 Διὸ
944 4319 1209 4374 καὶκατὰ
1258 4319 1319 4373 τὸ
1368 4321 1688 4392 Πηλούσιον,
1731 4323 1807 4387 ὡς

1916 4328 2015 4392 sia,
2044 4337 2101 4379 ut
2129 4326 2346 4392 scribis,
2380 4327 2447 4381 ab
2482 4327 2717 4385 Eusebio
2745 4330 3123 4385 administrata
3172 4330 3480 4384 morborum

224 4411 538 4479 γέγραφας,
571 4409 868 4480 Ἐκκλησία
888 4413 921 4481 ἡ
945 4411 1048 4463 ὑπὸ
1066 4411 1327 4465 Εὑσεδίου
1354 4414 1805 4486 οἰκονομουμένη,

228 4498 462 4569 μυρίαις
492 4500 814 4570 νοσημάτων
838 4499 932 4553 καὶ
954 4498 1139 4553 παθῶν
1160 4502 1543 4574 ἐμπέπλησται
1563 4504 1803 4570 κακίαις,

224 4590 325 4642 τοῦ
357 4590 649 4655 δοκοῦντος
674 4591 928 4662 ἡγεῖσθαι
961 4591 1187 4662 ταύτης,
1221 4594 1300 4657 εἰς
1360 4595 1536 4665 αὐτὴν
1568 4597 1806 4664 ἐγκατα-

226 4682 565 4753 σκήψαντος.

474 4792 597 4846 ΣΝ’.
637 4823 709 4834 -
743 4795 1044 4869 ΔΩΡΟΘΕῼ
1082 4796 1572 4870 ΛΑΜΠΡΟΤΑΤῼ.

1914 4418 2061 4473 mille
2076 4419 2504 4489 .passionumque
2540 4420 2699 4475 malis
2740 4420 2941 4477 referta
2966 4431 3069 4488 est,
3098 4436 3218 4477 cum
3270 4424 3360 4492 qui
3398 4439 3485 4476 rc-

1914 4523 2042 4577 gere
2080 4524 2200 4563 eam
2248 4510 2612 4579 existimetur,
2658 4511 2704 4567 is
2760 4513 2815 4567 in
2881 4514 3051 4583 ipsam
3101 4513 3283 4581 potius
3322 4529 3485 4584 gras-

1910 4611 2029 4655 setu
2038 4617 2082 4654 Γ.

2027 4803 2189 4876 635
2222 4803 2372 4861 CCL.
2410 4835 2481 4848 —
2526 4805 2900 4864 DOROTllEO
2935 4802 3367 4863 CLAlilSSlMO.

208 4885 289 4943 .Si
322 4886 650 4969 legislatores
678 4889 876 4969 legibus
889 4901 954 4969 Ie:
984 4894 1148 4969 poenis
1192 4893 1491 4969 homines}
1520 4895 1748 4969 peccatis
1766 4911 2009 4969 goercere
2046 4918 2149 4954 non
2176 4905 2407 4969 possint;
2434 4903 2596 4956 multo
2630 4904 2801 4959 minus
2825 4905 2919 4958 alii
2961 4906 3118 4959 nudis
3162 4905 3487 4959 admonitio-

296 4959 451 5012 nibus
480 4961 533 5011 id
556 4970 821 5027 poterunt.
856 4960 1039 5030 (Cani.
1064 4964 1216 5030 epist.
1255 4964 1381 5017 131.
1410 4959 1643 5017 Rursum
1670 4968 1734 5019 de
1756 4965 1980 5023 Eusebio
2004 4959 2190 5039 opim,
2215 4972 2340 5026 item
2365 4959 2693 5040 IieZosimo,
2720 4974 3044 5030 Martiniano
3074 4985 3123 5029 et
3150 4974 3416 5044 Marone.)

297 5070 365 5123 Εί
391 5071 441 5122 οἱ
467 5070 787 5138 νομοθέται,
822 5064 866 5124 ὦ
908 5072 1069 5141 σοφὲ,
1101 5074 1149 5125 οἱ
1193 5073 1393 5145 μυρίας
1414 5078 1525 5138 τοῖς
1552 5077 1805 5148 ἁμαρτά-

220 5178 380 5215 νουσι
425 5161 689 5233 τιμωρίας
720 5165 1215 5237 ὲπανατεινόμενσι,
1259 5166 1323 5219 ού
1355 5167 1564 5230 πάντας
1615 5168 1809 5221 πεπεί-

303 5317 351 5349 ⁶¹
369 5316 563 5373 Matth.
594 5334 649 5381 ν,
681 5317 773 5373 22.

1987 5081 2044 5134 Si
2079 5082 2435 5153 legislatores,
2465 5086 2550 5139 vir
2586 5085 3005 5156 sapientissime,
3028 5086 3174 5141 mille
3202 5099 3482 5156 poenarum

1915 5183 2113 5238 genera
2152 5171 2364 5229 delictis
2393 5174 2731 5246 imponentes
2789 5189 2897 5231 non
2959 5176 3211 5231 omnibus
3262 5189 3485 5246 persua-

1358 5431 1594 5487 VARIA'I
1628 5431 2020 5497 LECTIONES
2056 5436 2143 5494 ET
2180 5438 2414 5499 ΝΟΤᾹΕ.

300 5583 415 5654 (67)
458 5584 559 5660 Pro
583 5586 1075 5660 dapob;_rescribe
1121 5588 1349 5659 ἀτμούς.
1379 5590 1535 5645 Vers.
1582 5600 1705 5660 post
1746 5593 1800 5659 5,

228 5657 374 5728 inter
406 5657 498 5710 καὶ
529 5665 585 5710 ει
620 5658 760 5728 κατὰ
807 5656 1036 5728 ἰηεεῐεὴ
1083 5674 1144 5712 ex
1192 5656 1348 5714 codd.
1397 5656 1607 5716 iisdem:
1644 5656 1798 5717 ¹νει-ε.

232 5727 331 5783 ult.
367 5740 453 5797 ep.
476 5740 573 5795 pro
594 5725 798 5797 ταύτης
822 5731 981 5782 ambo
1010 5725 1167 5783 codd.
1190 5731 1375 5799 optimi
1397 5731 1576 5800 legunt
1599 5732 1801 5798 ταύτας

548 5818 819 5880 Pareae.
872 5820 984 5882 Gn.
1041 5823 1355 5886 LXXVllI.

1909 5606 1965 5651 ut
1993 5596 2259 5674 referatur
2295 5602 2506 5674 uon_ad
2547 5606 2820 5674 ἡγεῖσθαι,
2867 5607 2963 5664 sed
2997 5607 3063 5663 ad
3106 5606 3345 5670 κακίαις,
3388 5618 3483 5661 su-

1910 5670 2091 5739 perius
2123 5670 2378 5740 positum.
2402 5670 2612 5729 Possm;

3131 5838 3163 5851 ﬁ

3094 5848 3155 5897 43
