3982 6420
555 267 692 375 1483

1758 307 1817 365 S.
1859 304 2152 366 ISIDORI
2189 296 2629 366 PELUSIOT/E

3630 318 3735 383 llSl

546 424 679 478 dcnt
717 437 731 475 :
774 418 866 490 qui
908 422 1071 474 verbo
1127 428 1177 473 et
1247 417 1618 473 admonitione
1677 417 1927 483 suadent,
1990 424 2050 470 ut
2103 432 2119 470 ι

2240 434 2420 470 κασιν·
2451 419 2500 470 οἱ
2549 417 2693 486 λόγῳ
2741 417 2833 470 καὶ
2872 421 3192 490 παραινέσει
3232 422 3541 494 πειρώμενοι
3577 430 3739 483 πείθειν

546 512 698 568 vitiis
750 510 872 581 quis
927 510 1219 574 abstineat,
1268 509 1391 564 idne
1445 509 1844 578 persuadeam?
1891 507 1983 563 Vel
2027 522 2131 560 non

545 604 935 674 persuadentes
976 602 1031 655 in
1067 602 1273 655 crimen
1306 600 1615 670 lvocentur?
1645 607 1700 654 et
1728 600 2039 669 quomodo?
2073 600 2131 655 Si

545 711 677 751 vero
744 694 1199 764 patrocinandum
1256 693 1659 764 legislatoribus
1722 701 1830 757 est,
1882 692 2131 761 equidem

547 803 801 844 censeam
853 786 1241 856 suppliciorum
1286 788 1610 854 gravitatem
1661 799 1754 839 eos
1807 798 2129 853 proponere,

548 896 655 934 non
682 880 836 949 quasi
872 879 1166 933 humanum
1214 892 1387 945 genus
1433 877 1664 931 invisum
1719 878 2001 941 ducentes,
2036 878 2131 931 sed

550 987 807 1046 tanquam
836 975 954 1045 ejus
1005 990 1192 1031 curam
1239 975 1519 1029 habentes.
1558 974 1614 1028 ld
1657 974 1802 1028 enim
1829 974 1932 1027 illis
1965 972 2133 1042 potis-

546 1070 745 1124 simum
798 1068 977 1122 studio
1034 1075 1141 1131 est,
1195 1068 1542 1136 persuadere,
1586 1080 1655 1121 ne
1704 1066 1947 1135 improbe
2001 1065 2130 1134 quid

545 1169 759 1228 agatur.
788 1156 953 1212 Praua
997 1172 1125 1211 vero
1167 1156 1549 1211 secundarium
1587 1155 1714 1223 quid
1767 1164 1872 1217 est,
1921 1162 1976 1208 et
2023 1168 2128 1207 non

544 1248 923 1304 obedientibus
954 1248 1276 1318 praestituta.
1304 1245 1492 1315 Neque
1530 1246 1673 1299 enim
1728 1244 1831 1297 illis
1886 1243 2132 1311 proposi-

548 1353 684 1406 tttm,
716 1351 777 1395 ut
808 1340 959 1394 multi
1001 1341 1112 1395 sint
1148 1353 1380 1408 nequam
1432 1347 1487 1391 et
1536 1336 1795 1406 improbi,
1832 1336 1921 1404 qui
1952 1333 2129 1403 puniri

542 1436 777 1491 debeant
820 1451 836 1489 :
885 1434 994 1487 imo
1047 1440 1240 1487 contra
1285 1430 1424 1496 frugi
1470 1444 1660 1483 omnes
1699 1442 1819 1481 esse
1856 1428 2131 1496 bonosque

542 1530 749 1594 volunt,
794 1527 1051 1597 nullaque
1102 1542 1235 1596 opus
1276 1539 1398 1579 esse
1453 1522 1641 1576 multa.
1678 1522 1767 1575 Sic
1809 1519 1885 1574 illi
1916 1519 2143 1588 lcgisla-t

543 1630 691 1676 tores
723 1619 937 1687 quidem
992 1625 1194 1672 terrent
1222 1635 1235 1670 :
1267 1613 1494 1683 improbi
1531 1628 1660 1667 vero
1706 1612 1978 1681 peccando
2008 1626 2127 1664 eam

542 1708 763 1772 laedunt,
809 1721 985 1776 neque
1034 1716 1245 1774 tempus
1302 1703 1469 1757 ullum
1522 1717 1550 1755 a
1601 1700 1818 1770 ﬂagitiis
1877 1715 2126 1766 vacuum,

2234 509 2433 572 κακίας
2465 508 2788 579 ἀπέχεσθαι,
2834 512 3052 575 πάντως
3082 514 3391 579 πείσουσιν;
3420 515 3449 586 ἢ
3477 517 3542 585 μὴ
3568 519 3740 572 πείσειν.

2231 617 2321 664 τες
2355 600 2818 672 ἐγκληθήσονται;
2855 603 2950 655 καὶ
2980 604 3098 667 πῶς
3135 604 3244 675 (68)
3273 606 3371 659 οὐκ
3398 606 3599 677 εὖηθεςς
3630 612 3679 663 Ei
3700 613 3741 666 δὲ

2233 695 2339 765 χρὴ
2370 694 2464 747 καὶ
2498 694 2678 747 αὐτῶν
2708 694 2815 747 τῶν
2844 696 3153 766 νομοθετῶν
3186 699 3739 770 ύπεραπολογήσαςθαι,

2234 786 2400 855 φαίην
2425 785 2490 838 ἂν
2510 827 2525 851 ,
2553 785 2635 839 ὅτι
2657 786 2727 839 τὰ
2761 787 2965 857 μεγέθη
2998 788 3106 841 τῶν
3129 788 3404 860 τιμωριῶν
3426 791 3744 845 τετυπώκαπιν

2232 877 2331 946 οὐχ
2359 875 2435 939 ὡς
2464 877 2871 949 μισάνθρωποι,
2903 880 3019 933 ἀλλ’
3052 880 3129 944 ὡς
3158 882 3448 951 κηδεμόνες
3470 881 3552 934 τοῦ
3578 886 3743 950 γένους.

2234 966 2381 1037 Αὖτη
2411 969 2519 1039 γὰρ
2552 969 2801 1039 αὐτοῖςή
2853 970 3100 1041 σπουδὴ,
3149 974 3333 1025 πεῖσαι
3390 973 3460 1043 μὴ
3507 976 3747 1043 πονηρεὺε-

2231 1060 2392 1112 σθαι’
2428 1060 2490 1112 τὸ
2520 1059 2579 1113 δὲ
2618 1062 2718 1131 τῆς
2758 1064 3062 1133 τιμωρίας,
3092 1063 3342 1134 δεύτερόν
3383 1083 3433 1118 τι
3469 1068 3552 1119 καὶ
3586 1070 3677 1129 τοῖς
3701 1072 3746 1122 oti

2233 1153 2577 1224 πειθομένοις
2622 1154 2965 1225 ὁριζόμενον·
3010 1158 3071 1210 ού
3115 1158 3224 1229 γὰρ
3264 1156 3405 1210 τοῦτ’
3446 1159 3746 1222 ἐσπούδασαν,

2230 1241 2368 1299 εἷναί
2404 1264 2463 1299 τε
2487 1247 2715 1311 πολλοὺς
2744 1250 3034 1319 πονηροὺς,
3064 1253 3159 1303 καὶ
3184 1249 3520 1315 κολάζεσθαι·
3552 1252 3605 1304 τδ
3631 1255 3748 1307 ἐναν-

2230 1339 2343 1391 τίον
2370 1338 2449 1419 δὲο,
2488 1341 2697 1404 πάντας
2728 1337 2867 1394 εἶναι
2895 1343 3168 1412 χρηστοὺς
3198 1343 3296 1395 καὶ
3327 1343 3574 1413 μηδεμιᾶς
3602 1346 3748 1415 χρείαν

2230 1426 2370 1485 εἶναι
2401 1431 2626 1503 ζημίας.
2685 1433 2825 1486 Ἀλλ’
2858 1436 2905 1487 οἱ
2961 1436 3058 1504 μὲν
3089 1434 3367 1502 φοϐοῦσιν,
3409 1437 3454 1488 οἱ
3490 1436 3542 1487 δὲ
3572 1438 3750 1505 πονηῄ

2231 1524 2616 1595 κακουργοῦσι.
2645 1525 2850 1594 Χρόνος
2875 1525 2932 1579 δὲ
2954 1526 3128 1589 οὐδεὶς
3151 1526 3391 1597 καθαρὸς
3419 1526 3595 1589 κακίας
3616 1569 3628 1589 ,
3648 1528 3750 1580 ἀλλὰ

2231 1614 2401 1669 πολλὰ
2434 1617 2527 1669 καὶ
2563 1616 2882 1670 παντοδαπὰ
2915 1617 3238 1681 ἐπιπολάζει
3272 1619 3573 1688 νοσήματα,
3599 1618 3656 1670 δι’
3695 1613 3751 1670 ὧν

2230 1704 2533 1759 δεικνύουσι
2564 1707 2639 1776 μὴ
2667 1705 2951 1760 πείθεσθαι
2981 1708 3093 1778 (69)
3128 1710 3243 1771 τοῖς
3270 1708 3473 1778 νόμοις.
3500 1707 3649 1762 Ὅταν
3669 1711 3750 1779 γάρ

539 1800 635 1855 sed
664 1798 832 1853 multa
864 1798 1125 1864 variaque
1155 1798 1205 1849 in
1239 1795 1356 1850 dies
1384 1802 1670 1863 emergunt
1700 1792 1857 1853 mala,
1892 1807 2012 1861 qua:
2041 1806 2119 1845 res

2230 1813 2314 1859 τις
2347 1796 2502 1869 δίκην
2534 1797 2643 1869 δῷ,
2684 1798 2821 1868 ὁμοῦ
2868 1815 2927 1851 τε
2962 1799 3323 1862 κεκόλασται,
3376 1800 3466 1852 καὶ
3506 1801 3559 1853 τὸ
3590 1801 3651 1871 μὴ
3678 1819 3752 1853 πε-

540 1889 720 1961 arguit
759 1888 967 1956 legibus
1002 1904 1107 1942 non
1141 1887 1370 1941 obcdiri.
1408 1885 1539 1939 Cum
1574 1885 1695 1952 quis
1728 1885 1908 1953 itaque
1942 1896 2129 1953 pmnas

541 1984 653 2046 dat,
679 1981 846 2036 simul
891 1980 1210 2051 castigatur,
1238 1988 1293 2032 et
1322 1993 1380 2032 se
1410 1978 1706 2048 legislatori
1752 1992 1853 2031 non
1880 1976 2128 2046 paruisse

539 2072 802 2127 ostendit.
843 2070 1097 2138 Quinimo
1151 2070 1251 2139 ipsi
1305 2068 1642 2139 legislatores
1692 2082 1796 2121 non
1851 2068 2123 2135 ignorant,

541 2178 648 2217 non
671 2163 1015 2233 persuadere
1045 2176 1101 2215 se
1124 2160 1397 2224 omnibus,
1423 2169 1480 2213 ut
1510 2159 1619 2214 sint
1668 2159 1815 2215 boni.
1848 2158 2124 2229 Supplicia

540 2256 739 2309 etenim
774 2254 1191 2325 praescriberth
1231 2264 1431 2308 norunt
1464 2254 1629 2323 probe
1663 2268 1769 2307 non
1802 2268 1991 2308 omnes
2025 2254 2122 2307 ba-

542 2347 753 2400 bituros
784 2345 928 2399 dicto
965 2345 1248 2399 audientes
1276 2345 1551 2415 acjustos.
1587 2343 1798 2398 Suntne
1839 2344 2024 2413 itaque
2053 2344 2120 2397 il-

538 2436 714 2490 lorum
767 2435 985 2490 hostes?
1014 2435 1231 2489 Minime
1254 2449 1408 2502 vero,
1442 2436 1534 2489 sed
1564 2435 1928 2489 meminerunt
1955 2436 2121 2505 legis-

538 2524 740 2579 latores
796 2541 853 2580 se
901 2539 1023 2579 esse
1063 2535 1118 2578 ct
1155 2524 1433 2594 praedicari
1482 2542 1495 2578 :
1549 2524 1777 2592 improbi
1827 2539 1954 2578 vero
1986 2525 2122 2580 male

538 2615 839 2670 multantur
872 2631 937 2669 ac
968 2615 1307 2686 plectuntur.
1350 2616 1549 2671 Eadem
1605 2626 1689 2671 est
1730 2617 1872 2671 ratio
1932 2619 2121 2672 admo-

538 2708 803 2772 uentium,
845 2710 1061 2778 quando
1113 2707 1218 2761 illis
1262 2725 1367 2762 non
1413 2719 1652 2777 paretur.
1703 2707 1817 2761 Non
1872 2710 2014 2763 enim
2057 2725 2121 2763 eo

536 2800 680 2870 quod
715 2799 979 2856 Eusebius
1009 2808 1061 2853 et
1107 2799 1485 2866 Martinianus,
1531 2800 1780 2855 Zosimus
1826 2810 1879 2855 et
1935 2800 2119 2855 Maron

539 2892 732 2947 morbo
792 2892 1178 2948 immedicabili
1245 2892 1515 2957 laborant,
1581 2894 1727 2946 dicto
1793 2903 1971 2946 tamen
2024 2910 2124 2948 au-

538 2983 755 3038 dientes
819 3000 928 3038 uon
990 2993 1139 3050 sunt,
1192 2999 1367 3054 neque
1414 2982 1617 3038 faciunt
1655 2984 1798 3052 quod
1842 2984 2123 3054 jubcmur,

2234 1888 2455 1942 πεῖσθαι
2485 1892 2596 1953 τοῖς
2623 1890 2944 1961 νομοθέταις
2972 1891 3236 1944 δείκνυσι.
3267 1891 3477 1945 Μᾶλλον
3496 1891 3547 1944 δὲ
3570 1892 3693 1945 αὐτοὶ
3712 1895 3750 1945 οἱ

2232 1980 2521 2049 νομοθέται
2573 1982 2649 2044 ὡς
2698 1983 2759 2035 ού
2808 1983 3057 2035 πείσουσι
3109 1982 3323 2047 πάντας
3372 1979 3504 2036 εἶναι
3533 1983 3749 2053 ἀγαθοὺς,

2234 2072 2432 2126 ῐσασιν⁶
2464 2076 2516 2127 oi.
2567 2074 2677 2145 γὰρ
2712 2073 2986 2146 ὁρίζοντες
3017 2075 3116 2138 τὰς
3145 2078 3415 2148 τιμωρίας
3438 2119 3452 2141 ,
3478 2076 3547 2139 ὡς
3569 2078 3621 2129 οὐ
3648 2078 3750 2129 καθ-

2230 2162 2412 2229 έξουσι
2444 2166 2572 2228 τοὺς
2613 2168 2885 2237 πονηροὺς
2906 2208 2921 2233 ,
2949 2166 3098 2237 δῆλοί
3140 2170 3280 2220 εἰσιν
3310 2168 3519 2233 ειδότες.
3543 2163 3649 2240 'Ap’
3682 2164 3752 2221 οὗν

2227 2256 2458 2311 ἐναντίοι
2490 2256 2665 2323 είσίν;
2700 2260 2775 2312 Oti
2807 2260 3001 2329 δήπου.
3049 2260 3190 2312 Ἀλλ’
3231 2261 3343 2313 οὐδ’
3371 2260 3639 2314 ἀπόλλυται
3676 2262 3751 2314 a5-

2225 2351 2338 2412 τοῖς
2372 2348 2433 2402 τὸ
2466 2349 2762 2419 νομοθέτας
2804 2346 2962 2405 εἶναι.
3015 2349 3155 2403 Ἀλλ’
3185 2352 3388 2403 ἐκεῖνοι
3422 2350 3517 2421 μὲν
3550 2350 3749 2421 ᾅδονται,

2227 2442 2274 2494 οἱ
2323 2440 2382 2494 δὲ
2429 2440 2865 2512 κακουργοῦντες
2916 2442 3260 2505 κακίζονται.
3308 2442 3380 2509 ⁴Ὀ
3429 2441 3578 2503 αὐτὸς
3616 2441 3752 2492 τοίνυν

2228 2532 2385 2601 λόγος
2406 2532 2546 2586 ἔστω
2576 2534 2669 2587 καὶ
2691 2535 2819 2605 περὶ
2846 2533 2955 2587 τῶν
2978 2533 3412 2606 παραινούντων,
3444 2533 3513 2604 μὴ
3536 2533 3753 2586 ἀνυόντων

2224 2626 2302 2679 δέ·
2336 2627 2396 2678 οὐ
2426 2625 2535 2696 γὰρ
2564 2627 2613 2679 εί
2642 2625 2900 2689 Εὑσέόιός
2922 2642 2981 2678 τε
3015 2626 3109 2679 καὶ
3141 2624 3524 2695 Μαρτινιανὸς,
3555 2622 3751 2691 Ζώσιμις

2224 2734 2286 2769 τε
2327 2716 2422 2769 καὶ
2457 2716 2665 2788 Μάρων
2717 2717 3005 2788 κρείττονα
3050 2717 3351 2788 θεραπείας
3388 2716 3585 2769 νοσοῦσι
3615 2714 3749 2776 νότον,

2227 2809 2329 2879 ἢδη
2363 2812 2476 2873 τοῖς
2512 2809 2872 2881 παραινέσασι
2896 2810 3015 2881 μὲν,
3048 2809 3122 2881 μὴ
3151 2810 3388 2862 ἁνύσασι
3413 2808 3466 2861 δὲ
3495 2806 3747 2877 ἐγκλητέον·

2227 2900 2366 2953 ἀλλὰ
2415 2900 2637 2965 τούτους
2689 2902 2789 2973 μὲν
2828 2902 3177 2965 ἀποδεκτέον,
3218 2902 3464 2965 ἐκείνους
3512 2900 3563 2954 δὲ
3596 2902 3659 2963 είς
3680 2898 3750 2951 τὸ·

2232 2991 2369 3063 μηδὲ
2398 2992 2696 3063 θεραπείαν
2725 2992 3084 3064 προϊεμένους
3114 2991 3344 3045 ὠστέον.

535 3079 828 3134 accusandi
881 3080 1137 3133 .videntur
1178 3079 1277 3144 illi,
1330 3080 1422 3149 qui
1465 3080 1834 3135 admonitione
1902 3096 2005 3134 non
2064 3087 2479 3152 persuaserint;
2538 3088 2781 3157 quinimo
2827 3086 3082 3142 laudandi
3128 3096 3260 3142 sunt
3339 3087 3466 3141 isti:
3521 3085 3588 3141 illi
3632 3098 3747 3138 verm

533 3172 628 3244 qui
661 3170 986 3228 medicinam
1022 3185 1128 3225 non
1152 3171 1490 3235 admiserint,
1518 3170 1765 3225 feriendi.

1048 3281 1231 3337 .CCLI.
1256 3312 1327 3322 —
1356 3280 1589 3337 EIDEM.

2693 3283 2865 3338 XNA'.
2899 3314 2971 3323 —
3002 3284 3090 3355 Τῼ
3125 3283 3340 3355 arm.

1070 3374 1203 3430 Cum
1227 3374 1511 3428 humilibus
1539 3383 1590 3427 et
1622 3374 1858 3444 superbis
1892 3391 1994 3429 non
2023 3375 2200 3430 eodem
2229 3377 2487 3448 agendum
2522 3378 2697 3432 modo.
2728 3377 2905 3447 (Conf.
2937 3377 3090 3445 epist.
3116 3376 3272 3450 127.)

602 3488 739 3543 Cum
784 3485 943 3540 bonis
985 3484 1203 3555 quidem
1254 3484 1479 3537 remisse
1527 3491 1612 3537 est
1652 3482 1942 3552 agendum,
1991 3498 2114 3536 cum

535 3579 835 3633 audacibus
870 3576 1138 3631 severius.
1164 3572 1297 3629 Nam
1334 3573 1721 3643 benignitatem
1754 3574 1826 3626 illi
1863 3573 2113 3628 virtutem

537 3678 812 3739 reputant,
843 3670 1138 3737 mitemque
1167 3682 1328 3732 esse;
1370 3677 1558 3721 contra
1605 3667 1656 3720 bi
1686 3667 1967 3721 audaciam
2002 3665 2113 3721 for-

537 3762 819 3816 titudinem
873 3761 1162 3815 aestimant.
1219 3758 1374 3828 Apud
1430 3757 1551 3813 illos
1606 3759 1789 3827 itaque
1841 3759 2107 3813 modestia

533 3853 874 3920 adhibenda;
927 3853 983 3906 in
1044 3851 1129 3907 bis
1174 3850 1506 3920 praeﬁdentia
1558 3850 1949 3918 exstinguenda
2002 3860 2107 3915 est,

532 3953 587 3999 et
614 3942 798 4012 opinio
830 3958 895 3996 ex
924 3941 1149 3995 audacia
1200 3948 1361 3994 orta:
1405 3938 1603 3993 ut-illis
1647 3938 1865 4007 quidem
1914 3940 2105 4007 prosit,

532 4035 631 4091 bos
678 4049 809 4090 vero
852 4032 1122 4103 deprimat
1158 4031 1464 4099 prudentia.
1511 4029 1695 4097 Neque
1727 4030 1869 4083 enim
1910 4029 2103 4084 iisdem

530 4143 721 4184 omnes
750 4127 1060 4193 capiuntur,
1089 4138 1262 4192 neque
1298 4122 1487 4176 iisdem
1523 4121 1699 4176 cuncti
1736 4120 1994 4175 remediis
2019 4135 2109 4174 cu-

529 4230 743 4283 rantur,
772 4219 865 4274 sed
897 4225 1053 4287 prout
1094 4224 1178 4270 est
1203 4211 1547 4267 aliectionum
1571 4209 1882 4275 multitudo,
1915 4209 1995 4263 sic
2022 4218 2106 4264 est

526 4323 582 4369 et
613 4312 970 4366 medelarum.

603 4421 772 4494 636
804 4417 1001 4476 CCLll.
1034 4447 1104 4456 ——
1134 4412 1504 4473 DOROTHEO
1546 4409 2027 4465 PRESBYTERO.

2295 3484 2439 3558 Πρὸς
2473 3484 2574 3556 μὲν
2606 3485 2877 3556 χρηστοὺς
2917 3483 3174 3538 ταπεινὸν
3213 3478 3361 3537 εἶναι
3397 3481 3499 3555 χρὴ
3520 3523 3535 3547 ,
3570 3481 3682 3554 πρὸς
3707 3480 3749 3531 δὲ

2224 3576 2445 3649 θρασεῖς
2494 3577 2715 3647 ὑψηλόν.
2774 3576 2991 3647 Ἐπειδὴ
3039 3576 3148 3645 γὰρ
3179 3576 3229 3628 οἱ
3287 3576 3385 3645 μὲν
3418 3575 3603 3646 ἀρετὴν
3644 3570 3747 3625 εἶναι

2221 3669 2479 3740 ἡγοῦνται
2515 3669 2611 3739 τὴν
2648 3668 2973 3733 ἐπιείκειαν,
3009 3668 3059 3720 οί
3105 3667 3162 3720 δὲ
3197 3667 3429 3740 ἀνδρίαν
3461 3667 3551 3738 τὴν
3584 3664 3746 3738 θρασύ-

2218 3779 2359 3833 τητα
2383 3801 2397 3824 ,
2429 3761 2656 3820 ἐκείνοις
2691 3761 2786 3830 μὲν
2816 3762 2915 3831 τὴν
2938 3760 3452 3831 ταπεινοφροσύνην
3480 3759 3573 3829 χρὴ
3614 3772 3746 3827 apes.

2217 3852 2425 3922 φέρειν,
2463 3853 2668 3914 τούτοις
2696 3851 2752 3903 δὲ
2785 3850 2882 3921 τὴν
2933 3850 3156 3921 ἀνδρίαν
3179 3890 3193 3913 ,
3229 3851 3581 3903 σϐεννύουσαν
3606 3845 3745 3899 αὐτῶν

2211 3945 2312 4014 τὴν
2342 3945 2449 3998 ἀπὸ
2475 3945 2573 4016 τῆς
2618 3943 2957 4013 θρασύτητος
2999 3943 3177 4007 δόξαν·
3217 3943 3311 3996 ἵνα
3358 3943 3482 4005 τοὺς
3520 3940 3609 4011 μὲν
3636 3939 3745 4006 ὠφε-

2211 4035 2370 4106 λήσῃ,
2396 4037 2522 4099 τοὺς
2546 4035 2607 4089 δὲ
2633 4033 2942 4105 ταπεινώσῃ
2965 4034 3027 4086 τὸ
3056 4035 3337 4104 φρόνημα.
3366 4034 3437 4085 Οὐ
3464 4033 3562 4103 γὰρ
3587 4030 3744 4092 πάντες

2210 4126 2323 4186 τοῖς
2350 4124 2532 4186 αὐτοῖς
2558 4123 2858 4194 χαίρουσιν,
2894 4123 3016 4175 οὐδὲ
3050 4124 3260 4186 πάντες
3290 4126 3405 4186 τοῖς
3437 4124 3602 4184 αὐτοῖς
3619 4121 3744 4191 θερί--

2212 4214 2471 4267 πεύονται
2499 4212 2860 4283 βοηθήμασιψ
2893 4213 3007 4267 ἀλλ’
3041 4214 3164 4277 ὅσος
3191 4213 3306 4266 τῶν
3342 4212 3570 4266 παθῶνὸ
3594 4209 3742 4280 ἐσμὸς,

2210 4304 2463 4368 τοσοῦτος
2497 4304 2591 4356 καὶ
2613 4306 2641 4357 ὁ
2670 4304 2778 4356 τῶν
2806 4304 3133 4374 θεραπειῶν.

2461 4412 2626 4465 ΣΝΒ’.
2649 4441 2720 4451 —
2743 4413 3046 4484 ΔΩΡΟΘΕῼ
3075 4413 3539 4485 ΠΡΕΣΒΥΤΕΡῼ.

1331 4503 1499 4557 Fama
1528 4503 1876 4571 memoriaque
1908 4501 2162 4554 bonorum
2193 4504 2452 4569 perennis.
2486 4501 2619 4574 (Inf.
2655 4497 2806 4571 epist.
2845 4503 2991 4573 518.)

596 4619 710 4674 Etsi
743 4617 900 4672 amici
951 4631 1122 4686 nuper
1166 4616 1274 4669 vita
1327 4612 1498 4668 functi
1553 4612 1815 4667 memoria
1865 4613 2005 4680 apud
2055 4623 2105 4667 te

2289 4613 2351 4666 Εἰ
2382 4613 2475 4665 καὶ
2514 4611 2657 4665 ἔοικε
2688 4612 2767 4683 τῷ
2792 4612 3049 4667 τεθνεῶτι
3077 4614 3215 4685 φίλῳ
3242 4615 3398 4687 παρὰ
3436 4616 3565 4685 σοὶὴ
3592 4613 3742 4684 μνήμη

525 4727 635 4767 una
663 4710 1009 4765 intercidisse
1037 4708 1309 4772 videatur,
1340 4708 1478 4777 apud
1505 4720 1590 4759 me
1620 4714 1799 4759 tamen
1824 4705 2102 4760 intermori

530 4806 616 4859 illa
657 4818 763 4856 non
797 4809 974 4872 potest
1006 4818 1019 4854 :
1052 4801 1124 4854 ita
1157 4810 1214 4853 ut
1241 4800 1326 4853 bic
1358 4799 1573 4867 quidem
1632 4813 1737 4851 non
1793 4798 2106 4867 exstingua-

527 4907 633 4961 tur,
661 4896 714 4951 in
746 4895 915 4948 altera
945 4908 1074 4947 vero
1110 4893 1215 4945 vita
1252 4893 1421 4961 magis
1453 4892 1745 4945 eluccscat.

744 5002 963 5060 CCLlll.
994 5034 1064 5043 ——
1100 5002 1349 5057 ALYPIO
1385 4999 1874 5056 SCHOLASTICO.

2215 4702 2667 4773 συντεθνηκὲναι,
2706 4705 2836 4774 παρ’
2875 4704 2999 4773 ἐμοί
3037 4706 3184 4757 ἐστιν
3221 4705 3525 4769 ἀθάνατος·
3556 4704 3742 4758 ἐνταῦθα

2216 4796 2316 4865 μὲν
2352 4795 2427 4867 μὴ
2456 4795 2877 4866 ἁποθνήσκουσα
2900 4837 2914 4861 ,
2950 4798 3129 4849 ἐκεῖσε
3168 4799 3264 4850 καὶ
3301 4798 3501 4868 μᾶλλον
3525 4797 3742 4864 ζωοποιη·

2213 4887 2506 4959 θησομένη.

2456 4997 2624 5049 ΣΝΓν.
2663 5024 2726 5036 -
2778 4996 3036 5067 ΑΛΥΠΙῼ
3077 4998 3536 5071 ΣΧΟΛΑΣΤΙΚῼ.

1259 5095 1335 5149 De
1370 5097 1501 5148 bono
1532 5094 1849 5164 virginitatis
1881 5092 2128 5162 conjugio
2154 5090 2472 5158 prwslantis.
2508 5088 2689 5159 (Conf.
2715 5092 2865 5155 epist.
2897 5088 3046 5158 2|8.)

506 5232 510 5237 ’
594 5212 786 5265 Divina
830 5226 916 5265 res
941 5209 1227 5278 virginitas
1258 5222 1360 5271 est,
1406 5214 1760 5275 naturamque
1809 5204 2097 5259 excedens.

526 5302 914 5358 llonorandum
955 5315 1085 5355 vero
1131 5300 1427 5369 legitimum
1462 5310 1543 5351 est
1572 5297 1899 5366 conjugium.
1937 5294 2099 5349 Scor-

523 5395 655 5449 tatio
679 5409 804 5448 vero
827 5404 1013 5446 contra
1044 5393 1186 5461 leges
1202 5400 1304 5446 est.
1338 5391 1703 5456 Quamobrem
1731 5389 1819 5442 illa
1847 5387 1985 5441 coelo
2009 5394 2092 5440 est

2291 5199 2356 5250 Ἠ
2400 5200 2499 5267 μὲν
2534 5198 2802 5267 παρθενία
2854 5198 3102 5268 θειοτάτη
3155 5200 3274 5251 ἐστὶ
3323 5200 3418 5253 καὶ
3468 5194 3735 5269 ὑπερφυὴς,

2206 5293 2234 5343 ὁ
2264 5290 2320 5343 δὲ
2349 5291 2576 5359 νόμιμος
2606 5289 2781 5357 γάμος
2803 5288 3003 5358 τίμιος,
3039 5291 3071 5358 ἡ
3099 5290 3154 5342 δὲ
3186 5292 3416 5359 πορνεία
3445 5290 3735 5360 παράνομος.

2200 5384 2291 5437 Διὸ
2313 5384 2407 5437 καὶ
2436 5385 2469 5452 ἡ
2501 5383 2599 5453 μὲν
2624 5383 2733 5435 τῶν
2760 5383 3006 5454 οὐρανῶν
3031 5385 3180 5437 ἐστιν
3207 5384 3355 5450 ἀξία,
3386 5386 3414 5437 ὁ
3438 5384 3493 5438 δὲ
3524 5384 3611 5459 τῆς
3634 5379 3733 5449 γῆς.

1620 5563 1852 5619 VARle
1895 5558 2277 5618 LECTIONES
2306 5558 2405 5615 ‘ET
2446 5558 2680 5615 ΝΟΤίΕ.

596 5730 704 5798 (68)
738 5729 907 5783 Ambo
938 5727 1093 5782 codd.
1125 5725 1240 5787 πῶς
1274 5732 1483 5778 mutant
1511 5722 1564 5776 in
1602 5721 1723 5774 πού.
1760 5721 1972 5775 Ροεςιῖι.

2280 5716 2388 5787 (69)
2417 5715 2611 5781 Iidem,
2654 5713 2961 5768 πεπεῖσθαι.
2994 5715 3067 5769 In.
