3982 6420
266 273 419 340 1485
1018 332 1023 337 .
1181 273 1719 333 EPISTOLARUM
1758 273 1906 331 LIB.
1948 274 2012 331 Υ.
2036 271 2360 332 —EPIST..
2398 271 2666 333 CCLVII.
3418 276 3554 345 1:135

265 393 303 461 ἡ
336 390 394 443 δὲ
423 388 520 443 τοῦ
552 389 701 461 ᾇδου·
726 393 792 460 τῇ
827 388 923 457 μὲν
953 385 1061 458 γὰρ
1093 387 1356 453 στέφανος
1382 389 1761 457 χρεωστεῖται,
1786 386 1863 455 τῷ

1995 388 2149 453 ligna,
2186 386 2414 439 alterum
2442 394 2583 438 terra
2623 392 2721 439 :at
2748 384 3046 440 -fornicatio
3084 386 3289 444 inferis.
3322 390 3413 447 Illa
3461 411 3555 448 ου-

263 479 329 533 δὲ
377 479 694 552 σύμμετρον
749 478 1045 548 ἐγκώμιον,
1093 480 1159 548 τῇ
1210 477 1265 529 δὲ
1315 477 1577 547 τιμωρία.
1630 476 1861 546 Μοιχεία

1995 492 2162 528 'ouam
2190 475 2544 542 adipiscitur;
2581 476 2680 528 hoc
2718 476 2957 528 modeste
2987 487 3044 528 ut
3068 477 3347 534 laudetur:
3386 482 3526 537 lorni

265 571 385 643 γάρ
413 613 429 634 ,
464 572 562 626 καὶ
607 571 767 640 φόνος
806 570 943 638 (70),
991 569 1087 622 καὶ
1128 569 1198 621 τὰ
1235 568 1369 621 ἄλλα
1402 568 1753 638 πταίσματα,
1789 564 1864 620 ὧν

1995 570 2118 621 :atio
2174 583 2302 621 vero
2363 567 2627 635 supplicio
2677 569 2857 638 digna.
2898 568 3238 625 Adulterium
3280 586 3461 629 autem
3503 586 3559 631 et

265 664 399 717 οὐδὲ
442 663 755 733 μνησθῆναι
791 662 985 733 θέμις,
1018 661 1259 731 τοσούτῳ
1291 660 1409 713 ἐστὶ¹
1447 662 1543 715 καὶ
1584 661 1686 730 τῆς
1726 678 1862 731 πορ-

1995 659 2164 719 aedes,
2188 659 2400 729 aliaque
2425 658 2647 729 ﬂagitia,
2673 675 2795 729 quae
2820 662 2900 715 vel
2926 663 3207 718 nominare
3230 665 3300 718 sit
3329 667 3550 727 nefas”.

266 756 429 821 νείας
466 756 774 829 βαρύτερα,
824 757 935 825 ὅσῳ
966 754 1076 807 τῶν
1116 754 1259 807 κατὰ
1297 753 1460 821 φύσιν
1505 753 1868 823 πταισμάτων

1998 760 2126 803 anto
2169 749 2531 805 fornicatione
2555 752 2826 819 graviora,
2851 761 3056 819 quanto
3088 756 3433 811 naturalibus
3460 760 3556 812 de-

266 849 344 902 τά
376 849 528 921 παρά
560 848 722 917 φύσιν
757 846 1096 919 μιαρώτερα.
1155 845 1315 898 Ἀλλὰ
1356 844 1535 898 ταῦτα
1585 844 1763 897 πάντα
1796 844 1867 897 τὰ

1995 843 2117 896 ictis
2137 843 2316 912 pejora
2351 852 2496 909 sunt,
2532 858 2653 912 qurc
2685 853 2874 898 contra
2909 854 3159 900 naturam
3201 851 3559 905 committun-

267 940 426 993 κακὰ
479 940 752 1009 μετάνοια
804 938 1106 1009 εἰλικρινὴς
1166 936 1493 1008 θεραπεύειν
1548 936 1865 1002 ἐπίσταται,

2000 952 2080 989 ur.
2109 935 2310 990 Verum
2347 935 2461 990 haec
2486 937 2668 991 omnia
2700 926 2892 991 delicta
2970 938 3186 994 sincera
3239 943 3556 1009 ptenitentia

268 1030 430 1098 παρά
459 1030 553 1084 τοῦ
598 1029 785 1102 κριτοῦ
846 1029 944 1101 τὴν
986 1028 1293 1099 ἐπιστήμην
1330 1027 1534 1100 ταύτην
1561 1031 1867 1097 ἐγκεχειρι-

1995 1030 2197 1097 ιιρίειιο
2230 1030 2397 1093 novit,
2445 1044 2510 1083 ex
2559 1030 2785 1085 scientia
2850 1045 3012 1100 quam
3069 1049 3316 1089 summus
3365 1035 3562 1090 indidit

280 1124 484 1194 σμένη.

1995 1119 2168 1175 iudex.

510 1235 677 1289 ENA’.
706 1264 775 1276 —-
804 1231 1109 1300 ΤΙΜΟΘΕῼ
1148 1230 1607 1301 ΣΧΟΛΔΣΤΙΚῼ.

2148 1226 2373 1283 CCLIV.
2395 1258 2466 1267 —
2495 1226 2847 1283 TIMOTHEO
2880 1227 3375 1287 SCHOLA‘STICO.

1371 1323 1607 1376 Adversa
1633 1324 1742 1391 pati
1770 1321 1969 1391 injuste
2006 1322 2061 1375 in
2090 1322 2194 1375 vita
2223 1321 2463 1387 perutile.

356 1436 578 1506 Ἐπειδὴ
607 1435 670 1488 τὸ
695 1434 861 1506 μηδὲν
883 1433 1076 1487 παθεῖν
1101 1435 1158 1485 ἐν
1186 1432 1263 1503 τῷ
1294 1433 1525 1503 παρόντι
1555 1432 1655 1503 βίῳ
1687 1435 1868 1503 κρεῖτ·

2044 1430 2178 1486 Cum
2216 1431 2267 1484 in
2292 1431 2394 1485 hac
2414 1431 2526 1483 vita
2552 1430 2692 1485 nihil
2720 1432 2932 1485 adversi
2966 1433 3180 1502 perpeti
3215 1448 3380 1504 supra
3410 1450 3559 1491 mor-

264 1549 364 1585 τον
395 1531 431 1601 ἢ
472 1529 614 1582 κακά
641 1527 944 1599 ἄνθρωπον,
994 1526 1217 1596 ἄμεινον
1249 1526 1310 1579 τὸ
1350 1526 1555 1588 ἀδίκως
1586 1544 1638 1578 τι
1672 1524 1866 1579 παθεῖν

1999 1523 2164 1577 alium
2192 1524 2263 1576 sit
2288 1534 2515 1586 sortem,
2549 1524 2623 1577 ita
2651 1523 2844 1578 melius
2881 1523 3078 1590 injuste
3108 1526 3235 1595 quid
3265 1528 3370 1595 pati
3397 1542 3559 1596 quam

273 1622 560 1695 ῆδικαίως
586 1620 722 1692 (7|).
777 1619 849 1672 Τὸ
882 1619 982 1689 μὲν
1022 1618 1130 1689 γάρ
1178 1617 1485 1686 φιλοσόφων
1525 1617 1665 1682 ἐστὶ,
1712 1617 1774 1670 τὸ
1809 1617 1869 1671 δὲ

1998 1624 2137 1668 uste.
2169 1613 2281 1667 Hoc
2311 1614 2454 1668 enim
2491 1622 2575 1668 est
2604 1615 3035 1685 philosophicum
3093 1631 3159 1671 ac
3208 1619 3392 1687 pium;
3430 1619 3560 1673 illud

273 1716 630 1786 κακούργωνο
658 1713 718 1766 τὸ
744 1712 843 1782 μὲν
870 1711 1194 1781 εὐδοκίμων,
1222 1710 1285 1763 τὺ
1316 1711 1373 1763 δὲ
1403 1709 1749 1780 ἐργολάϐωνί·
1778 1713 1872 1763 καὶ

1995 1719 2104 1759 rero
2138 1704 2510 1772 improborum
2544 1708 2845 1776 proprium.
2880 1707 2993 1762 Hoc
3021 1710 3319 1777 proborum
3348 1728 3411 1765 ac
3444 1712 3561 1766 lau-

274 1808 335 1861 τδ
368 1808 473 1877 μέν
509 1807 628 1858 ἐστι
657 1804 938 1872 στεφάνων
964 1801 1242 1865 ὑπόθεσις,
1280 1801 1341 1854 τὺ
1363 1802 1420 1854 δὲ
1452 1801 1866 1872 ἁμαρτημάτων

1995 1797 2273 1850 landorum
2300 1804 2416 1860 est;
2459 1796 2588 1850 illud
2631 1797 3087 1867 sycophantarum
3113 1812 3208 1853 seu
3232 1801 3561 1872 quadrupla-

271 1898 567 1962 ἀντίδοσιςθ
593 1898 654 1950 τὸ
680 1895 1083 1968 μὲν-ὀφειλέτην
1106 1894 1395 1965 καθίστησι
1416 1895 1505 1947 τὸν
1533 1893 1690 1957 Θεὸν,
1722 1895 1783 1947 τὸ
1803 1894 1859 1947 δὲ

1997 1902 2172 1941 orum.
2196 1887 2264 1940 Et
2286 1887 2385 1942 hoc
2409 1888 2626 1957 quidem
2660 1903 2917 1942 coronam
2970 1900 3242 1959 meretur;
3276 1892 3404 1946 illud
3437 1909 3563 1962 pec-

272 1990 615 2062 ὀφλημάτων
641 1991 759 2042 ἐστὶ
786 1988 1053 2051 διάλυσις.

1995 1990 2219 2035 :atorum
2264 1990 2345 2035 est
2389 1995 2598 2036 merces
2644 1993 2659 2034 :
2700 1980 2966 2051 hujusque
3016 1983 3229 2039 debitor
3257 1984 3399 2042 Deus
3440 1995 3559 2052 est;

1970 2074 2100 2128 illud
2129 2089 2256 2129 vero
2288 2072 2591 2128 debitorum
2619 2074 2926 2130 dissolutio.

560 2189 729 2243 ENE’.
760 2217 830 2227 —
855 2185 1213 2258 ΛΑΜΠΕΤΙῼ
1254 2185 1575 2256 ΔΙΑΚΟΝῼ.

2241 2181 2444 2238 CCLV.
2474 2211 2543 2223 -
2573 2181 2928 2240 LAMPETIO
2958 2184 3277 2244 DIACONO.

736 2278 895 2348 Regis
918 2291 963 2333 et
998 2281 1210 2349 tyranni
1237 2280 1540 2333 discrimen.
1567 2276 1763 2332 Contra
1799 2276 1999 2345 factum
2025 2277 2372 2347 quorumdam
2398 2277 2559 2345 episc.
2592 2275 2754 2343 (Vide
2779 2279 2930 2346 epiSt.
2964 2280 3113 2351 126.)

349 2386 491 2441 Δίαν
524 2385 813 2457 θαυμάζω,
856 2386 973 2451 πῶς
1007 2387 1157 2451 τινὲς
1200 2386 1300 2458 μὲν
1334 2388 1447 2440 τῶν
1481 2387 1728 2459 ἀρχαίων
1771 2387 1868 2450 τὰς

266 2475 604 2548 ’τυραννίδας
630 2478 711 2539 εἰς
748 2476 1021 2547 πατρικὴν
1064 2476 1394 2546 κηδεμονίαν
1429 2475 1690 2546 ἔτρεψαν
1722 2474 1872 2537 τινὲς

277 2568 339 2621 δὲ
370 2568 485 2621 τῶν
513 2568 633 2620 νυνὶ
669 2566 1125 2638 νεωτεριζόντων,
1168 2566 1266 2619 καὶ⁸
1290 2566 1390 2637 τὴν
1420 2565 1746 2637 ποιμενικὴν
1778 2580 1870 2632 φι-

278 2660 609 2731 ἇιοστοργίαν
658 2660 739 2723 εἰς
788 2658 1119 2732 τυραννικὴν
1169 2658 1498 2729 αὐτονομίαν
1551 2656 1866 2728 μετέϐαλον*

282 2752 387 2823 οὐχ
414 2749 712 2804 ὑπεύθυνον
742 2751 917 2821 ἀρχὴν
944 2749 1415 2821 ὲμπεπιστεῦθαι,
1447 2749 1563 2803 ἀλλ’
1596 2751 1871 2820 αὐτοκρα-

284 2843 518 2914 τορικὴν
556 2843 804 2911 ἐξουσίαν
829 2842 1212 2915 κεκληρῶσθαι
1245 2843 1589 2913 νομίσαντες.

598 3045 779 3115 :Nq'.
806 3077 878 3088 -
912 3047 1100 3119 lum
1144 3046 1572 3101 MONAZONTI.

2049 2388 2303 2461 Admiror
2338 2387 2588 2457 equidem
2616 2397 2677 2441 ut
2702 2388 3005 2458 antiquitus
3032 2390 3278 2447 nonnulli
3313 2395 3561 2462 tyranni-

1974 2478 2095 2532 dem
2128 2494 2249 2532 cum
2279 2478 2454 2547 patrio
2504 2486 2882 2546 permularunt
2908 2476 3105 2533 ofﬁcio.
3149 2478 3380 2547 Quidam
3429 2497 3564 2537 vero

1981 2585 2127 2624 nunc
2164 2571 2326 2624 rebus
2356 2569 2510 2623 novis
2533 2570 2837 2635 studentes,
2873 2585 2937 2625 ac
2967 2572 3295 2639 pastoralem
3319 2589 3562 2630 amorem

1978 2677 2103 2733 erga
2139 2676 2355 2732 gregem
2384 2661 2485 2715 sibi
2510 2661 2860 2716 commissum
2882 2661 2937 2715 in
2973 2664 3314 2732 tyrannidem
3344 2676 3561 2721 verten-

1981 2766 2063 2809 tes
2105 2770 2208 2808 non
2257 2762 2533 2819 rexerunt,
2570 2752 2723 2822 quasi
2768 2754 3169 2809 creditum-sibi
3217 2765 3362 2810 esset
3399 2756 3567 2826 impe-

1980 2848 2143 2910 rium,
2176 2847 2268 2901 sed
2306 2845 2454 2899 velut
2474 2845 2772 2915 imperandi
2800 2853 3127 2915 potestatem
3153 2856 3299 2903 sorte
3326 2847 3562 2904 oblatam

1980 2937 2087 2990 sint
2127 2936 2294 2990 nacti.

2305 3042 2530 3098 CCLV].
2560 3071 2632 3083 -
2655 3040 2843 3099 CYRO
2875 3041 3230 3100 MONACHO.

1670 3138 1750 3193 De
1772 3136 1926 3205 maid
1954 3138 2189 3193 invidiae.

364 3250 431 3305 Οἱ
462 3248 558 3304 νοῦ
591 3250 687 3303 καὶ
720 3249 1034 3321 φρονήσεως
1060 3246 1439 3320 ἀμοιροῦντες,
1480 3245 1719 3310 ἐκείνους
1762 3245 1875 3299 δια-

290 3340 512 3394 τελοῦσι
562 3340 884 3412 μισοῦντες,
934 3338 1029 3401 οὓς
1078 3340 1145 3393 ἂν
1196 3336 1583 3392 ὑποπτεύσωσι
1634 3335 1878 3407 βελτίους

295 3434 505 3487 ἑαυτῶν
550 3433 730 3497 ὄντας·
772 3435 868 3488 καὶ
898 3432 977 3497 τὸ,
1008 3434 1164 3504 μῖσος
1205 3429 1501 3501 τρέφουσιν
1547 3429 1648 3482 οὐκ
1674 3429 1767 3498 ἀφ’
1801 3422 1876 3482 ὧν

286 3525 635 3597 ἠδικήθησαν
679 3520 861 3599 (ἦττον
887 3526 996 3598 γὰρ
1027 3525 1092 3579 ἂν
1122 3520 1190 3597 ἦν
1224 3522 1354 3586 ἴσως
1383 3522 1602 3594 κακὸν),
1639 3521 1752 3574 ἀλλ’
1782 3520 1876 3589 ἀφ’

290 3610 371 3671 ὧν
393 3615 492 3687 τῆς
516 3616 633 3669 κατ’
668 3616 870 3687 ἀρετὴν
898 3614 1148 3678 εὐκλείας
1170 3614 1658 3685 ἀπολιμπάνονται.

557 3727 726 3785 ΣΝΖ’.
754 3757 824 3767 -
856 3727 1108 3798 ΖΩΣΙΜῼ
1144 3726 1619 3796 ΠΡΕΣΒΥΤΕΡῼ.

2055 3246 2158 3315 Qui
2206 3257 2388 3303 mente
2434 3247 2833 3318 prudentiaque
2884 3261 3097 3315 carent,
3149 3244 3333 3307 odisse
3388 3253 3566 3307 solent

1984 3353 2241 3412 perpetuo
2299 3357 2435 3410 quos
2482 3357 2604 3397 sese
2668 3342 2920 3397 meliores
2993 3356 3115 3398 esse
3193 3345 3562 3412 suspicantur,

1983 3436 2241 3504 aluntque
2261 3436 2440 3489 odium
2468 3451 2603 3506 terga
2656 3449 2772 3502 eos,
2804 3451 2910 3491 non
2937 3451 2968 3490 a
2994 3436 3189 3506 quibus
3217 3437 3395 3493 aﬂ‘ecti
3426 3440 3568 3508 inju-

1985 3529 2064 3582 ria
2094 3536 2221 3582 sunt
2245 3527 2447 3598 (minus
2478 3529 2623 3582 enim
2655 3527 2710 3582 id
2742 3528 2942 3582 malum
2980 3528 3212 3586 fortasse
3246 3529 3438 3596 foret),
3467 3534 3565 3587 sed

1976 3633 2018 3673 aa
2058 3620 2258 3690 quibus
2290 3619 2506 3675 virtutis
2547 3619 2715 3690 gloria
2749 3630 3099 3689 superantur.

2196 3728 2445 3784 CCLV'II.
2472 3759 2542 3770 —
2575 3728 2830 3786 ZOSIMO
2867 3729 3351 3790 PRESBYTBIO.

742 3820 823 3873 Ad
851 3822 1043 3883 bonam
1078 3821 1270 3875 invitat
1301 3820 1527 3890 frugem,
1556 3820 1989 3891 acquiescendum
2016 3822 2253 3876 consiliis
2279 3823 2553 3877 bonorum.
2588 3821 2778 3894 (Supr.
2803 3824 2953 3893 epist.
2978 3825 3129 3895 105.)

364 3929 461 4000 Μὴ
490 3927 589 3999 τὴν
621 3930 687 3982 ὲκ
720 3929 817 3998 τῆς
844 3928 1052 3992 οἰκείας
1090 3928 1367 4000 ῥᾳθυμίας
1408 3928 1610 4000 ψῆφον,
1648 3929 1746 4000 τὴν
1776 3929 1883 3982 ὑπὸ

288 4023 403 4078 τῶν
436 4022 507 4076 τὰ
538 4022 680 4076 αὑτά
709 4039 792 4075 σοι
824 4020 1074 4093 δρώντων
1108 4021 1473 4095 κυρουμένην,
1504 4023 1605 4091 τῆς
1631 4022 1887 4094 ἀληθείας

280 4112 437 4173 εἶναι
472 4116 702 4188 νομίσῃς
740 4115 1189 4188 ἀξιοπιστοτέραν
1240 4118 1311 4187 (εί
1345 4117 1454 4187 γὰρ
1487 4117 1646 4187 καὶιὴ
1688 4134 1885 4186 χειρω-

292 4211 510 4281 σαμένη
558 4227 617 4262 σε
656 4210 756 4280 τῆς
801 4210 999 4276 κακίας
1046 4212 1201 4271 νόσος
1231 4210 1408 4296 ταῇτά
1448 4227 1530 4263 σοι
1561 4208 1880 4280 νομοθετεῖ,

2053 3931 2134 3988 Ne
2167 3933 2399 4002 propriae
2443 3933 2674 4004 ignavia:
2700 3934 3024 3991 sententiam
3055 3936 3124 3992 ab
3142 3936 3240 4002 iis,
3273 3937 3436 4010 637
3470 3941 3562 4010 qni

1986 4027 2039 4079 in
2077 4026 2266 4081 eadem
2320 4035 2498 4081 tecum
2544 4025 2698 4095 culpa
2742 4037 2892 4091 sunt,
2922 4027 3298 4082 conﬁrmatam
3332 4031 3563 4086 veritate

1984 4118 2092 4172 fide
2119 4118 2416 4188 digniorem
2449 4132 2569 4173 esse
2607 4129 2786 4187 putes.
2818 4117 2880 4173 Si
2914 4119 3059 4173 enim
3088 4129 3143 4174 et
3170 4120 3564 4177 malitiaemor-

1983 4211 2110 4272 bus,
2147 4224 2254 4279 quo
2309 4207 2538 4279 raperis,
2571 4208 2688 4264 haec
2739 4210 2835 4265 tibi
2889 4210 3211 4280 praescribit,
3254 4213 3569 4283 habeasque

290 4305 392 4357 καὶ
415 4302 544 4366 τοὺς
568 4302 639 4355 τά
669 4302 807 4356 αὐτά
833 4319 915 4355 σοι
948 4302 1237 4365 νοσοῦντας
1253 4300 1545 4365 ἐπαινέτας
1576 4300 1733 4372 ἕχει)·
1764 4299 1879 4354 ἀλλ’

1995 4302 2290 4356 laudatores
2340 4302 2438 4365 lui,
2484 4302 2574 4370 qui
2618 4301 2806 4355 eodem
2859 4312 3034 4355 tecum
3078 4302 3267 4357 morbo
3294 4302 3565 4369 laborant,

288 4395 347 4448 εῐ
368 4410 431 4464 γε
458 4394 533 4466 μὴ
559 4394 641 4459 είς
670 4394 966 4465 ἀνήκεστον
997 4391 1159 4466 ἦλθες
1190 4393 1484 4465 ρᾳθυμίαν,
1516 4394 1617 4447 οὐκ
1638 4393 1748 4447 άπὸ
1775 4394 1886 4445 τῶν

287 4485 595 4540 νοσούντων
654 4487 862 4550 δίκαιος
915 4486 981 4539 ἂν
1031 4484 1149 4555 εἴης
1196 4484 1381 4538 λαϐεῖν
1440 4485 1542 4548 τὰς
1592 4485 1723 4556 περὶ
1776 4484 1888 4538 τῶν

290 4580 640 4653 πραγμάτων
702 4579 912 4649 ψήφους
975 4578 1066 4649 (εί
1119 4578 1228 4649 γὰρ
1276 4577 1488 4635 τούτοις
1542 4577 1727 4647 ἕψοιο,
1795 4576 1888 4629 καὶ

278 4673 552 4743 ίατρικῆς
605 4673 701 4724 καὶ
760 4670 1079 4741 φιλοσοφίας
1126 4670 1561 4741 καταψηφίσῃ),
1612 4670 1727 4723 ἀλλ’
1774 4668 1884 4722 ἀπὸ

286 4760 406 4815 τῶν
453 4762 822 4830 ὑγιαινόντων.
874 4762 936 4813 Ei
969 4761 1013 4813 δ’
1064 4760 1236 4824 οὐδείς
1288 4778 1371 4813 σοι
1413 4760 1675 4829 ὑγιαίνειν
1712 4760 1881 4823 δοκεῖ,

293 4854 535 4926 μάλιστα
586 4854 684 4925 μὲν
740 4856 915 4918 νοσεῖς
974 4854 1159 4923 (72)·
1214 4856 1263 4918 εἰ
1314 4854 1371 4907 δὲ
1426 4855 1714 4919 ἀπιστεῖς,
1766 4856 1884 4917 ταῖς

291 4945 471 5009 θείαις
505 4947 544 4997 Γ
548 4948 746 5016 ραφαῖς
774 4943 1038 5015 ἐντυχὼν,
1076 4946 1197 5017 είσῃ
1220 4948 1314 4999 καὶ
1341 4946 1434 4999 τοῦ
1459 4949 1762 5018 νοσήματος
1784 4946 1883 5018 τὴν

286 5037 523 5101 κακίαν,
551 5037 649 5091 καὶ
685 5037 780 5107 τῆς
809 5037 1010 5101 κακίας
1042 5037 1142 5108 τὴν
1172 5038 1517 5109 ἀπαλλαγήν.

368 5196 414 5227 ⁸³
452 5196 652 5266 Ephes.
686 5212 739 5262 v,
770 5196 839 5262 '5;
867 5194 1078 5251 Coloss.
1108 5210 1194 5263 ιιι,
1228 5195 1263 5249 5

1983 4393 2107 4465 (nisi
2154 4393 2205 4447 in
2256 4392 2606 4447 incurabilem
2659 4391 2800 4448 forte
2851 4392 3098 4447 morbum
3151 4392 3435 4465 incidisti),
3462 4411 3567 4449 non

1986 4486 2060 4543 sit
2086 4501 2298 4555 aequum
2341 4487 2407 4541 ab
2455 4486 2613 4555 mgris
2643 4487 2892 4556 accipere
2935 4499 3119 4540 rerum
3162 4493 3376 4540 tuarum
3422 4486 3571 4555 judi-

1990 4578 2133 4634 cium
2165 4578 2315 4645 (nam
2362 4576 2407 4631 si
2460 4590 2555 4632 eos
2583 4576 2850 4643 sequaris,
2884 4574 3334 4630 condemnaberis
3373 4576 3571 4630 merito

1991 4682 2021 4721 a
2049 4667 2275 4722 medicis
2302 4681 2365 4721 ac
2391 4666 2750 4736 philosophis)
2790 4667 2885 4721 sed
2927 4681 2957 4720 a
3006 4676 3153 4720 recte
3179 4666 3483 4721 valentibus
3507 4682 3572 4720 ac

1991 4759 2159 4813 sanis.
2196 4756 2349 4824 Quod
2391 4757 2437 4812 si
2475 4773 2632 4814 nemo
2662 4757 2849 4812 valens
2878 4756 2971 4811 tibi
3018 4756 3270 4812 videatur
3314 4758 3570 4827 (aegrotas

1991 4853 2135 4907 enim
2166 4850 2425 4921 valde)ac
2452 4851 2498 4905 si
2539 4865 2644 4903 non
2685 4848 2863 4903 credis
2895 4858 3041 4904 reeta
3069 4849 3342 4914 suadenti,
3380 4853 3446 4903 ad
3485 4865 3574 4903 sa-

1970 4960 2143 5005 .cram
2194 4944 2533 5012 Scripturam
2576 4952 2627 4995 te
2679 4942 2927 5011 recipito,
2970 4949 3031 4993 ut
3077 4941 3250 4995 morbi
3272 4956 3575 5012 cognoscas

1994 5037 2101 5093 vim
2132 5044 2187 5091 et
2213 5036 2432 5090 malitia:
2465 5036 2683 5090 haurias
2712 5036 3129 5091 OOI'rOCIiOtletll.

1402 5310 1637 5366 VARle
1685 5310 2076 5368 LECTIONES
2114 5310 2203 5364 ET
2241 5308 2475 5365 NOTAﬁ.

370 5448 486 5519 (το)
518 5448 689 5503 Codd.
722 5447 847 5503 Vat.
872 5446 985 5502 650
1014 5456 1070 5502 el
1092 5447 1228 5509 ΑΙι..
1254 5446 1465 5519 epam-
1500 5444 1681 5516 placet
1703 5454 1880 5498 tamen

294 5516 433 5574 mihi
465 5516 674 5587 quidem
705 5520 874 5584 magis
897 5520 1026 5573 editi
1064 5519 1241 5572 lectio.
1277 5516 1487 5569 Possm.

371 5582 498 5660 (7!)?
521 5587 659 5643 Edit.
692 5582 891 5660 Paris,
921 5589 1144 5657 ἄμεινον
1168 5588 1236 5660 τὸ
1268 5588 1468 5649 ἀδίκως
1494 5603 1506 5618 ·
1541 5582 1882 5660 τὸμὲν⁹γὰρ

299 5656 608 5729 φιλοσόφων
646 5659 783 5711 ἐστί.
817 5656 993 5715 Locus
1027 5658 1305 5729 suppletur
1335 5674 1399 5713 ex
1452 5658 1571 5712 cod.
1604 5658 1709 5710 Alt.
1742 5656 1883 5724 apud

297 5730 610 5785 Possiuum.
636 5730 792 5783 Ειιιτ.

2064 5444 2305 5516 (ῚΞΗΞιΙ.
2327 5443 2522 5509 Paris.,
2548 5444 2674 5498 εἰσί.
2707 5443 3013 5516 Legendum
3044 5461 3169 5501 esse
3185 5452 3359 5511 νοσεῖς
3389 5464 3453 5503 ex
3484 5465 3565 5501 se-

1991 5515 2280 5585 quentibus
2313 5526 2558 5584 apparet,
2584 5526 2637 5569 et
2663 5515 2813 5583 supr.
2837 5532 2925 5584 ep.
2948 5518 3047 5569 159
3067 5558 3081 5578 ,
3105 5534 3225 5585 pag.
3248 5519 3333 5580 79,
3356 5535 3496 5573 vers.
3516 5521 3572 5582 5,

1990 5580 2101 5656 ὅσῳ
2147 5580 2239 5638 οὖν
2284 5580 2498 5660 -χείρων
2542 5587 2572 5637 ὁ
2602 5586 2698 5660 *μὴ
2732 5580 3071 5660 ζαίσθβμενος
3107 5580 3265 5651 ’τέως
3314 5590 3415 5660 τῆς
3484 5580 3573 5642 νόὲ

1995 5674 2109 5721 σου,
2143 5666 2246 5712 elc.
2284 5656 2419 5710 Vide
2445 5667 2497 5711 et
2529 5657 2685 5725 epist.
2728 5657 2760 5710 8
2784 5668 2834 5712 et
2865 5658 2988 5711 '26:).
3026 5658 3264 5712 Sanun.
