3982 6420
454 247 586 314 1487
1644 250 1707 313 S.
1751 250 2045 312 ISI‘DORI
2084 242 2529 307 PELUSIOTZE
3569 229 3685 295 MSS

844 358 1112 416 CCLVIII.
1129 361 1342 415 —ADA
1353 358 1635 415 ΜΑΝΤΙΟ.
2063 368 2114 425 Α

2063 368 2114 425 Α
2556 348 2731 401 ΣΝιιι.
2773 375 2845 387 --
2888 340 3303 412 ΑΔΑΜΑΝτιᾳ.

1609 474 1936 546 Eloquentia:
1970 481 2191 541 praestat
2230 471 2581 542 philosophia.

524 576 674 633 Scito
703 581 935 637 amicum
976 583 1127 638 illum
1164 595 1315 640 tuum
1383 585 1791 656 magniloquum
1840 585 2034 637 verbo-

2217 581 2355 635 Ἴσθι
2381 621 2394 645 ,
2428 580 2504 643 ὡς
2533 581 2561 632 ὁ
2599 577 2753 651 φίλος
2784 575 2815 628 ὁ
2852 575 2942 638 σὸς
2970 574 2999 626 ὁ
3035 569 3412 645 μεγαλήγορος
3453 566 3544 621 καὶ
3572 566 3696 631 λεξι-

455 685 681 739 rmnque
713 684 1021 729 venatorem
1052 677 1117 730 ad
1167 693 1253 733 me
1291 687 1351 732 ut
1388 679 1607 733 domum
1661 685 2027 732 revertentem

2142 672 2314 745 θήρας
2338 666 2469 741 ἦλθε
2505 668 2605 739 μὲν
2633 667 2707 730 ὡς
2743 662 3101 735 ἀναστρέψων
3144 660 3329 714 οἴκαδε
3358 701 3374 724 ,
3431 657 3699 727 παρέμεινε

458 763 689 825 venisse,
722 767 990 821 mansisse
1013 784 1141 823 vero
1172 778 1391 838 captum
1426 770 1611 823 studio
1638 766 2030 840 philosophiae;

2141 763 2200 818 δὲ
2228 763 2388 826 ἁλοὺς
2411 761 2491 833 τῷ
2510 762 2608 833 τῆς
2636 758 2955 829 φιλοσοφίας
2977 756 3161 825 ἔρωτι·
3192 752 3288 806 καὶ
3317 749 3411 803 νῦν
3432 748 3525 821 τὴν
3551 749 3701 818 γλῶτ-

457 863 510 903 et
546 870 685 908 nunc
710 870 770 909 os
806 857 1064 916 claudens
1112 871 1347 917 mentem
1413 861 1616 917 excolit
1669 861 2029 931 potissimum,

2143 874 2244 909 ταν
2283 853 2675 925 ἐπιστομίζων,
2720 852 2820 922 τῆς
2865 848 3095 920 γνώμης
3133 845 3498 917 ἐπιμελεῖται·
3529 843 3701 911 μικρὸν

458 944 707 999 edoctum
730 946 843 1016 jam
881 950 1017 1005 bene
1069 951 1322 1023 loquendi
1369 954 1479 1008 vim
1508 954 1761 1025 exiguum
1798 950 1929 1022 quid
1978 966 2030 1006 at

2146 948 2382 1018 πρᾶγμα
2411 946 2509 1018 τὴν
2542 942 2879 1013 εὐγλωττίαν
2909 939 3049 1010 πρὸς
3096 938 3195 1006 τὴν
3240 934 3553 1007 φιλοσοφίαν
3586 931 3706 991 εἶναι

460 1036 854 1108 philosophiam
889 1054 1262 1113 comparatum
1292 1059 1440 1100 esse.
1904 1100 1907 1103 λ

909 1054 1262 1113 :omparatum
1292 1059 1440 1100 esse.
1904 1100 1907 1103 λ
2147 1037 2481 1101 παιδευθείς.

764 1147 989 1205 CCLIX.
1006 1181 1074 1191 -—
1096 1150 1374 1208 DIOGENI
1424 1150 1742 1209 DlACONO.

2467 1145 2636 1201 ΣΝΘ’.
2654 1174 2717 1185 -—
2743 1140 3057 1197 ΔΙΟΓΕΝΕΙ
3093 1138 3420 1207 ΔΙΑΚΟΝῼ.

1076 1244 1270 1299 Dit-ino
1300 1246 1478 1313 potius
1506 1260 1666 1315 quam
1698 1244 1930 1298 humano
1957 1242 2054 1296 niti
2083 1241 2227 1296 decet
2273 1239 2501 1295 auxilio.
2534 1237 2758 1310 (Similis
2792 1237 2947 1305 epist.
2985 1232 3139 1304 29.6.)

533 1345 663 1413 Cur,
717 1362 752 1403 ο
800 1349 884 1403 vir
938 1352 1159 1419 Optime.
1203 1353 1296 1409 Dei
1361 1355 1703 1422 praesentiam
1760 1354 2044 1409 hominum

2218 1351 2393 1415 Διατί,
2433 1344 2478 1404 ὦ
2507 1349 2753 1419 βέλτιστε
2775 1387 2789 1410 ,
2818 1347 2918 1417 τὴν
2950 1345 3104 1399 θείαν
3132 1343 3458 1414 συμμαχίαν
3484 1342 3711 1414 δευτέραν

466 1442 888 1505 postponendam
919 1444 1121 1499 auxilio
1148 1447 1371 1502 censes?
1411 1457 1503 1500 aut
1526 1462 1695 1516 quare
1730 1445 2038 1501 mortalium

2147 1444 2249 1513 τῆς
2274 1441 2387 1495 τῶν
2407 1440 2714 1512 ἀνθρώπων
2746 1435 3069 1507 ἐπικουρίας
3092 1437 3200 1507 ἡγῇ
3224 1476 3239 1500 ,
3268 1436 3302 1505 ἢ
3335 1434 3429 1486 τοῦ
3460 1434 3609 1504 χάριν
3629 1435 3708 1503 τὴν

468 1530 761 1585 amicitiam
787 1538 1073 1603 anteponis
1107 1539 1341 1593 divin-.e?
1369 1539 1533 1593 Decet
1563 1549 1767 1600 autem,
1808 1537 2040 1592 adhibita

2146 1535 2257 1588 τῶν
2292 1532 2502 1604 θνητῶν
2532 1530 2713 1602 φιλίαν
2745 1530 3018 1601 προτέραν
3046 1529 3201 1597 ἄγεις
3233 1526 3339 1596 τῆς
3376 1526 3555 1591 θείας;
3590 1528 3712 1580 Καί-

470 1617 523 1710 in
562 1620 849 1676 consilium
876 1626 1109 1693 ratione,
1154 1644 1259 1682 non
1290 1630 1538 1683 humanae
1575 1628 1848 1696 fragilitati
1878 1628 2042 1683 victo-

2153 1643 2234 1680 τοι
2266 1626 2404 1695 χρῆν
2441 1624 2614 1694 δήπου
2643 1623 2733 1676 τὸν
2763 1620 3024 1691 λογισμὸν
3060 1620 3123 1672 τὸ
3150 1619 3273 1673 δέον
3302 1617 3616 1681 σκοποῦντα,
3648 1620 3713 1689 μὴ

472 1706 563 1759 ria:
589 1717 769 1774 partes
812 1715 1133 1783 concedere,
1164 1732 1354 1773 verum
1403 1718 1617 1772 invictae
1682 1716 1775 1771 Dei
1815 1717 2044 1774 dextera:

2150 1718 2218 1788 τῇ
2266 1715 2487 1770 ἀσθενεῖ
2538 1714 2645 1768 τῶν
2688 1712 2991 1783 ἀνθρώπων
3034 1711 3266 1783 δυνάμει
3310 1710 3413 1781 τὴν
3451 1710 3546 1781 τῆς
3579 1712 3711 1780 νίκης

472 1799 802 1856 attribuere:
829 1803 913 1856 cui
954 1805 1221 1863 inhaerens
1259 1809 1506 1878 superior
1534 1808 1788 1865 omnibus
1822 1823 2044 1879 appare-

2157 1807 2473 1879 ὲπιτρέπειν
2495 1806 2696 1877 ψῆφον,
2719 1804 2854 1858 ἀλλά
2882 1808 2980 1876 τῆς
3002 1804 3274 1875 ἀηττήτου
3299 1802 3517 1872 ἔχεσθαι
3539 1803 3707 1869 δεξιᾶς·

476 1887 557 1941 bis
588 1893 1007 1949 teutationibus.

2159 1894 2227 1970 ἧς
2270 1900 2700 1989 ὁρντεχόμενος
2743 1900 3009 1967 κρείττων
3051 1897 3224 1967 δήπου
3265 1895 3377 1949 τῶν
3430 1888 3725 1966 πειρασμῶν

474 1994 477 1997 ’
2160 1990 2625 2064 ἁποφανθήσεται.

509 2081 707 2138 CCLX.
728 2087 1264 2159 -—MARTINIANO,
1301 2094 1577 2159 ZOSIMO,
1609 2093 2025 2152 EUSTATHIO.

2244 2102 2360 2156 ΣΞ’.
2395 2131 2467 2142 -
2497 2098 2955 2170 ΜΑΡΤΙΝΙΑΝῼ,
2988 2097 3263 2169 ΖΩΣΙΜῼ,
3306 2093 3640 2165 ΕΥΣΤΛΘΙῼ.

1067 2182 1451 2241 Exltortatoria
1484 2199 1557 2242 est
1586 2186 1655 2242 ad
1685 2189 1800 2242 vitae
1826 2187 2260 2248 emendationem.
2290 2192 2451 2259 (Vide
2479 2192 2628 2261 epist.
2656 2191 2746 2254 87,
2790 2189 2890 2244 120
2915 2198 2965 2244 et
2997 2186 3151 2257 269.)

551 2282 628 2337 Ne
655 2285 993 2356 existimetis,
1025 2292 1149 2346 boni
1190 2294 1550 2366 viri,impune
1579 2312 1672 2351 vos
1700 2306 2056 2366 peccaturos:

2235 2306 2327 2378 Μὴ
2367 2304 2616 2372 νομίζετε
2640 2343 2655 2367 ,
2690 2297 2735 2356 ὦ
2780 2301 3085 2372 βέλτιστοι,
3136 2297 3456 2369 ἀτιμωρητὶ
3496 2294 3710 2366 ἁμαρτά-

484 2378 649 2433 nolite
703 2380 797 2435 Dei
848 2381 1315 2454 longanimitatem
1373 2389 1717 2457 interpretari
1780 2388 2056 2459 negligen-

2167 2415 2298 2451 νειν·
2334 2398 2470 2469 μηδὲ
2504 2396 2766 2468 ἀμέλειαν
2803 2395 2902 2466 τὴν
2937 2394 3089 2448 Θείαν
3120 2390 3509 2464 μακροθυμίαν
3532 2391 3705 2459 ἡγήση-

488 2470 638 2534 tiam,
675 2487 846 2539 neque
885 2477 1172 2532 sanitatem
1212 2481 1455 2547 corporis
1497 2481 1757 2534 malorum
1804 2495 1923 2535 esse
1986 2490 2060 2535 to-

2170 2488 2263 2542 σθε
2285 2528 2301 2554 ,
2341 2488 2474 2560 μηδὲ
2525 2485 2807 2559 ῥᾳστώνην
2847 2485 2945 2559 τὴν
2977 2483 3360 2549 ἀνεξικακίαν·
3397 2480 3525 2551 μηδὲ
3555 2479 3714 2549 ἐπειδὴ

489 2559 811 2628 lerantiam;
854 2581 919 2621 ac
960 2583 1050 2635 ne,
1112 2571 1241 2639 quia
1292 2574 1476 2626 statim
1532 2590 1639 2629 non
1697 2572 2061 2644 castigamini,

2170 2559 2511 2652 παραχρῆμα
2532 2582 2632 2633 οὐκ
2658 2578 3014 2648 ἐκολάσθητε,
3045 2578 3137 2630 καὶ
3159 2576 3253 2629 ἐπὶ
3280 2576 3392 2629 τῶν
3418 2573 3547 2643 μετὰ
3572 2571 3713 2624 ταῦτα

490 2652 667 2707 futura
692 2654 781 2710 Dei
819 2657 1273 2739 eﬂugerejudicia
1301 2663 1579 2719 credatis:
1607 2664 1738 2732 quin
1764 2665 1967 2733 p0tius,
2008 2679 2062 2718 re

2169 2669 2452 2739 διαφυγεῖν
2478 2667 2808 2739 ὑπολάϐητε·
2837 2668 2949 2720 ἀλλ’
2986 2667 3090 2729 ἕως
3118 2666 3322 2733 ἔξεστι,
3366 2664 3708 2735 μετανοήσατε.

492 2746 669 2801 adhuc
693 2749 921 2820 integra,
961 2733 1319 2822 pmuitemiui.
1338 2755 1643 2810 Absurdum
1671 2754 1813 2809 enim
1838 2755 2064 2809 maxime

2182 2759 2555 2814 Ἀτοπώτατον
2604 2760 2744 2831 γὰρ,
2783 2758 2881 2829 τὴν
2929 2756 3081 2810 θείαν
3130 2756 3484 2823 ἀνεξικακίαν
3524 2756 3612 2823 τὴν
3652 2755 3710 2810 εἰς

492 2835 586 2891 Dei
622 2840 936 2907 patientiam
987 2846 1053 2899 ad
1101 2847 1476 2914 pmttitentiam
1518 2847 1855 2911 invitantem,
1881 2861 2064 2900 ansam

2135 2851 2461 2922 bpetdvomv
2529 2850 2821 2913 καλοῦσαν,
2874 2849 3085 2918 ἐφόδων
3146 2847 3418 2917 μειζόνων
3476 2841 3707 2897 ποιεῖσθαι

492 2944 613 2985 esse
642 2936 1093 3006 occasionemque
1142 2939 1374 3006 plurium
1412 2940 1757 2995 delictorum.
1800 2938 1856 2993 Si
1908 2954 2062 3005 vero,

2138 2952 2139 2971 ‘
2173 2916 2607 3016 ἀμαρτημάτων.
2637 2944 2700 2996 Εἰ
2724 2942 2781 2995 δὲ
2806 2916 2981 2996 διὰτὸ
3015 2916 3243 3010 μηδέπω
3276 2937 3557 2993 δεδωκέναι
3586 2937 3710 3003 δίκην

493 3025 634 3091 quod
661 3041 847 3093 poenas
888 3032 1122 3085 nondum
1157 3032 1403 3098 dedistis,
1440 3048 1539 3088 nec
1562 3047 1684 3088 esse
1712 3033 1938 3087 daturos
1961 3046 2061 3087 ex-

2171 3036 2293 3090 οὑδὲ
2321 3035 2503 3089 δοῦναι
2536 3034 2872 3106 προσδοκᾶτε
2893 3047 2909 3062 ο
2938 3026 2997 3085 εὖ
3024 3030 3138 3083 ῖστε
3163 3072 3177 3094 ,
3203 3029 3285 3093 ὡς
3314 3029 3376 3081 τὸ
3400 3028 3542 3081 Θεῖον
3563 3026 3716 3095 ὥσπε)

496 3118 771 3185 spectatis,
800 3134 924 3175 vere
941 3123 1151 3187 scitote,
1172 3125 1409 3178 divinum
1432 3123 1664 3189 Numen,
1692 3132 1751 3178 ut
1770 3126 2064 3179 humanum

2176 3126 2556 3199 φιλάνθρωπόν
2589 3128 2755 3191 ἐστιν,
2789 3124 2932 3178 οὓτω
2964 3123 3057 3178 καὶ
3084 3121 3321 3193 ἀψευδὲς
3367 3122 3459 3174 καὶ
3503 3119 3706 3172 δυνατόν·

495 3218 579 3260 est
604 3217 659 3262 et
683 3210 998 3281 benignum,
1033 3213 1109 3268 ita
1140 3214 1303 3268 etiam
1351 3229 1518 3270 verax
1580 3229 1725 3279 esse,
1762 3222 1817 3269 et
1854 3225 2067 3284 potens,

2176 3219 2684 3291 φιλανθρωπεύεται
2713 3217 2864 3287 γοῦν,
2896 3216 2989 3270 καὶ
3018 3216 3087 3271 τὰ
3111 3215 3313 3286 πρῶτα
3343 3214 3449 3267 τῶν
3485 3209 3715 3280 πταισμά-

499 3300 830 3373 minimeque
855 3308 1109 3363 mendax.
1137 3308 1370 3364 Exhibet
1421 3310 1605 3378 itaque
1659 3310 2071 3380 benignitatem,

2178 3331 2289 3368 των
2316 3313 2575 3383 παρίησιν
2611 3309 2955 3382 ἀτιμώρητα,
2987 3309 3177 3380 καιρὸν
3204 3306 3618 3378 ἐπανορθώσεως
3641 3319 3716 3371 χιι-

500 3393 738 3460 priorum
765 3396 1081 3452 delictorum
1115 3398 1369 3455 diﬂ‘erens
1404 3400 1836 3470 punitionem,et
1866 3409 2072 3469 tempus

2184 3403 2486 3475 ριζόμενοψ
2520 3401 2721 3471 ὁμοίως
2747 3401 2803 3453 δὲ
2824 3441 2837 3464 ,
2871 3399 2904 3469 ἢ
2938 3400 3031 3451 καλ⁸
3060 3396 3265 3468 μᾶλλον
3301 3396 3409 3449 τῶν
3440 3392 3714 3463 πλημμελη-

502 3485 738 3552 largiens
785 3489 1178 3545 emendationis
1224 3509 1237 3544 :
1286 3491 1451 3546 simul
1520 3506 1652 3546 vero
1702 3492 2074 3547 crescentibus

2187 3496 2369 3565 μάτων
2402 3492 2779 3563 ἀκμαζόντων,
2806 3490 3115 3543 τελευταῖον
3144 3487 3416 3559 ἀμύνεται
3436 3502 3451 3517 ο
3489 3486 3575 3537 καὶ
3605 3480 3715 3550 ὁμοῦ

504 3576 717 3631 delictis
752 3579 971 3633 tandem
998 3581 1285 3650 aliquando
1319 3583 1493 3651 punit,
1531 3584 1803 3653 simulque
1830 3585 2074 3639 omnium

2185 3587 2423 3651 πάντων,
2464 3587 2574 3639 τῶν
2601 3603 2661 3636 τε
2695 3582 3026 3653 ἔμπροσθεν,
3066 3579 3176 3634 τῶν
3200 3596 3263 3632 τε
3306 3577 3526 3647 ὕστερον
3553 3575 3716 3643 τολμη-

505 3667 825 3723 delictorum
877 3672 1293 3739 praecedentium
1326 3688 1391 3727 at:
1422 3674 1868 3743 subsequentium
1917 3673 2077 3729 scele«

1443 3674 1868 3743 iubsequentium
1917 3673 2085 3729 scele-
2186 3677 2386 3733 θέντων
2424 3679 2579 3741 δίκας
2605 3675 3015 3746 εἰσπράττεται.

509 3776 625 3814 rum
660 3776 847 3831 poenas
878 3763 1065 3831 exigit.

821 3870 989 3943 938
1019 3870 1242 3933 CCLXI.
1257 3870 1756 3945 wISCHYRIONI.

1742 3914 1756 3928 .
2650 3873 2813 3927 ΣΞΑ’.
2829 3904 2903 3914 -
2925 3873 3305 3927 ΙΣΧΥΡΙΩΝΙ.

1496 3963 1725 4021 Peccata
1751 3965 1960 4030 publica
1987 3967 2342 4038 scandaiaque
2382 3986 2415 4020 α
2438 3968 2548 4022 Deo
2576 3968 2784 4033 punita.

578 4072 688 4126 Etsi
724 4072 1098 4127 admirandum
1157 4083 1463 4144 prmterque
1510 4076 1836 4156 Iopinionem
1904 4077 2079 4131 visum

2257 4079 2321 4134 Et
2360 4081 2456 4133 καὶ
2496 4079 2811 4149 θαυμαστὸν
2843 4081 2941 4133 καὶ
2989 4077 3298 4149 παράδοξον
3340 4072 3475 4131 εἷναί
3512 4091 3585 4127 σοι
3610 4070 3720 4133 δόξει

508 4167 573 4219 iri
609 4166 751 4235 quod
778 4166 956 4220 dicam
989 4167 1124 4230 scio,
1169 4166 1543 4233 nihilominus,
1569 4168 1695 4238 quia
1751 4183 1936 4222 verum
1974 4179 2079 4234 est,

2187 4171 2249 4225 τδ
2281 4170 2675 4242 ῥηθησόμενον.
2712 4170 2825 4235 ἀλλ’
2867 4171 3018 4241 ὅμως
3048 4170 3248 4241 ἀληθὲς
3281 4169 3341 4223 ὃν
3369 4166 3634 4231 λελέξεται·
3659 4163 3718 4214 ὃτι

509 4258 779 4328 proferam
814 4276 828 4312 :
867 4261 1119 4311 nimirum
1163 4260 1254 4327 qui
1311 4270 1500 4327 peccat
1546 4261 1786 4330 gravius,
1821 4260 1958 4315 clam
2009 4269 2081 4315 ta-

2195 4265 2225 4317 ὁ
2255 4263 2467 4334 μεγάλα
2486 4262 2739 4329 πταίσας,
2762 4261 2939 4315 λαθὼν
2958 4261 3015 4314 δὲ
3037 4262 3133 4315 καὶ
3160 4261 3365 4330 μηδένα
3391 4255 3718 4313 σκανδαλίσας,

511 4365 655 4415 men,
692 4361 749 4404 et
800 4350 1185 4405 oﬂendiculutn
1249 4348 1409 4404 aﬂert
1455 4351 1680 4417 nemini,
1750 4352 1933 4405 minus
1966 4366 2083 4407 esse

2150 4353 2163 4399 ⁵
2191 4354 2285 4408 τοῦ
2315 4354 2713 4424 καταδεέστερα
2746 4354 2845 4423 μὲν
2871 4352 3425 4423 πεπλημμεληκότος,
3464 4346 3588 4417 μετά
3611 4344 3722 4410 παῤ·

510 4443 861 4511 punieudum,
897 4459 1058 4512 quam
1084 4443 1173 4512 qui
1203 4445 1380 4498 minus
1411 4443 1653 4511 graviter
1672 4454 1884 4513 peccat,
1917 4444 2082 4498 libere

2198 4446 2393 4519 ρησίας
2437 4445 2495 4499 δὲ
2542 4446 2635 4498 καὶ
2674 4444 2769 4497 τοῦ
2811 4444 3041 4507 πολλοὺς
3078 4442 3432 4497 ὑποσκελίσαι
3457 4480 3470 4500 ,
3509 4438 3721 4490 ἐλάττονα

513 4547 690 4589 tamen
732 4534 956 4589 oﬂ'endit
980 4550 1040 4588 ac
1073 4535 1386 4605 supplantat
1445 4534 1894 4603 quamplurimas.
1927 4534 2083 4601 Quod

2193 4537 2354 4591 δώσει
2382 4538 2558 4609 δίκην.
2596 4539 2659 4591 Εἰ
2687 4537 2742 4590 δὲ
2771 4538 3019 4599 ἀπιστεῖς
3041 4576 3058 4601 ,
3089 4537 3185 4589 καὶ
3214 4531 3513 4604 ὑπερϐολὴν
3536 4541 3722 4591 καταγι-

511 4629 554 4682 si
583 4628 716 4682 meis
752 4627 912 4680 ﬁdem
951 4627 1107 4681 dictis
1135 4626 1341 4681 habere
1395 4640 1638 4687 recusas,
1665 4639 1763 4693 pro
1796 4625 2083 4696 hyperbole

2196 4632 2426 4694 νώσκεις
2467 4628 2561 4682 τοῦ
2591 4629 2780 4696 λόγου,
2823 4630 2922 4699 τὴν
2951 4629 3131 4700 ψῆφόν
3182 4645 3263 4680 σοι
3307 4625 3504 4695 ταύτην
3533 4620 3644 4674 οἴσω
3673 4619 3720 4668 ἐκ

514 4720 587 4774 rei
624 4719 782 4774 ﬁdem
819 4720 1139 4783 excedente,
1198 4717 1524 4771 sententiam
1548 4731 1578 4769 e
1610 4716 1749 4770 etelo
1791 4730 2086 4781 arcessam,

2197 4722 2305 4775 τῶν
2331 4720 2599 4789 οὐρανῶν,
2626 4721 2722 4776 καὶ
2754 4722 2846 4774 τὸν
2875 4722 3039 4792 νόμον
3074 4720 3264 4774 τοῦτον
3293 4717 3497 4772 ἐκεῖθεν
3523 4707 3722 4777 ἀναγνώ-

512 4812 793 4883 legemque
868 4810 993 4865 inde
1046 4811 1186 4864 hanc
1248 4807 1535 4862 revocabo.
1571 4805 1716 4859 Nihil
1767 4807 1912 4860 enim
1947 4807 2084 4860 aliud

2201 4832 2385 4884 captat.
2419 4815 2522 4867 Τὸν
2543 4816 2651 4886 γὰρ
2672 4814 3005 4884 πανάριστον
3034 4815 3257 4878 Μωσέα,
3288 4812 3381 4865 τὸν
3404 4812 3569 4863 πᾶσαν
3598 4799 3721 4856 ἐπελ-

510 4903 705 4974 Moysi,
740 4904 855 4958 viro
876 4903 1243 4971 integerrimo,
1262 4915 1450 4955 omnes
1472 4899 1587 4968 jam
1611 4899 1839 4952 virtutes
1872 4899 2082 4967 adepto,

2200 4902 2358 4957 θόντα
2386 4904 2608 4974 ἀρετὴν,
2636 4904 2791 4957 οὐδὲν
2812 4905 2997 4976 ἓτερον
3020 4903 3262 4957 ἐκώλυσε
3293 4900 3428 4972 μετὰ
3449 4899 3505 4953 τὸ
3532 4895 3721 4959 πέλαγος

514 5010 770 5063 mareque
812 4994 921 5065 jam
975 4992 1219 5047 Rubrum
1282 5003 1642 5061 transgresso,
1671 4989 1867 5044 indixit
1919 4988 2086 5054 Deus,

2201 4995 2296 5048 καὶ
2326 4994 2420 5047 τοῦ
2452 4995 2669 5065 λιμένος
2688 4998 2891 5066 τυχεῖν,
2921 4997 2955 5069 ἤ
2980 4996 3041 5049 τὸ
3067 4995 3413 5050 σκανδαλίσαι
3437 4992 3553 5051 τοὺς
3578 4984 3722 5040 συνόν-

512 5102 671 5154 quam
702 5101 769 5139 ne
801 5100 913 5147 eos,
946 5086 1037 5152 qui
1096 5098 1279 5137 secum
1333 5097 1504 5151 aquas
1546 5080 1897 5144 transierant,
1934 5096 2084 5135 scau-

2200 5103 2300 5150 τας
2326 5087 2473 5157 αὐτῷ
2516 5087 2610 5140 ἐπὶ
2640 5086 2735 5140 τοῦ
2767 5087 2979 5152 ὓδατος.
3024 5089 3086 5142 Εἰ
3132 5088 3243 5159 γὰρ
3274 5088 3368 5141 καὶ
3430 5081 3603 5154 πρώην
3629 5075 3720 5128 τινὰ

513 5176 979 5231 dulnoﬂ'enderet.
1032 5175 1310 5245 Siquidem
1358 5182 1413 5227 et
1456 5182 1616 5228 antea
1670 5171 1776 5225 alia
1828 5174 2085 5226 comitata

2204 5178 2653 5250 παρηκολούθησε
2690 5180 2805 5250 (καὶ
2834 5180 2941 5250 γὰρ
2970 5179 3192 5233 ἀντεῖπε
3219 5178 3295 5249 τῷ
3340 5174 3475 5246 Θεῷ,
3504 5172 3586 5225 καὶ
3607 5164 3719 5227 ἅπαξ

513 5279 636 5324 sunt
667 5270 799 5342 (Deo
815 5270 959 5324 enim
982 5267 1487 5339 ipsicontrodixit),
1514 5266 1679 5322 semel
1704 5267 2008 5336 iterumque
2041 5269 2085 5321 iu

2202 5268 2297 5322 καὶ
2329 5270 2429 5337 ἃςν
2469 5273 2821 5342 πεμπόμενος
2848 5274 2926 5336 εἰς
2950 5272 3271 5341 Αἴγυπτον),
3300 5271 3394 5323 καὶ
3431 5265 3557 5337 μετὰ
3584 5258 3718 5313 ταῦτα

512 5363 802 5434 Αέδγριυηι
844 5364 1063 5429 missus,
1097 5363 1211 5417 lttec
1264 5360 1528 5430 subjiciL:
1566 5377 1584 5410 ι
1627 5358 1893 5413 Sescenta
1930 5361 2084 5412 millia

2203 5358 2386 5413 εἶπεν·
2442 5382 2458 5412 ι
2520 5363 2834 5426 Ἑξακόσιαι
2888 5364 3124 5434 χιλιάδες
3167 5364 3275 5416 εἰσὶ
3313 5358 3517 5424 πεζῶν·
3554 5352 3633 5406 καὶ
3670 5346 3714 5398 σὺ

515 5457 753 5524 peditum
771 5454 928 5522 hujus
947 5454 1125 5524 populi
1153 5453 1432 5507 lsraelitici
1448 5460 1571 5506 sunt
1587 5467 1601 5516 ;
1617 5460 1672 5506 et
1689 5461 1744 5507 tu
1761 5451 1894 5505 dicis
1916 5469 1928 5505 :
1949 5452 2087 5506 Dabo

2204 5446 2362 5513 εἴπας
2385 5466 2399 5479 °
2432 5452 2587 5524 Κρὲα
2619 5452 2776 5506 δώσω
2806 5454 3012 5519 αὐτοῖς,
3044 5454 3137 5505 καὶ
3168 5452 3423 5520 φάγονται
3450 5446 3577 5517 μῆνα
3610 5442 3716 5507 ήμ⁶⁶

515 5549 593 5599 eis
619 5563 768 5602 esum
790 5548 1035 5601 carnium
1062 5561 1248 5617 mense
1275 5546 1507 5615 integro.
1533 5542 1787 5612 Nunquid
1813 5542 2087 5597 caedentur

2206 5530 2335 5612 ρῶν.
2364 5543 2454 5613 Μὴ
2504 5546 2755 5615 πρόϐατα
2793 5547 2889 5599 καὶ
2920 5545 3042 5615 βόες
3082 5545 3441 5616 σφαγήσονται
3464 5555 3479 5603 ;
3508 5537 3538 5608 ἢ
3566 5532 3655 5585 πᾶν
3674 5524 3716 5577 τὸ

515 5656 642 5697 oves
672 5651 725 5696 et
758 5641 951 5697 boves?
973 5640 1055 5696 vel
1079 5655 1266 5695 omnes
1302 5640 1475 5708 pisces
1507 5636 1671 5691 maris
1698 5637 1749 5690 in
1776 5651 1939 5691 unum
1973 5650 2087 5689 con-

2204 5632 2334 5702 ὄψον
2376 5635 2473 5703 τῆς
2517 5634 3256 5709 θαλάσσηςσυναχθήσεται,
3289 5634 3379 5689 καὶ
3422 5616 3713 5703 ἀρκέσειαῦ-
