3982 6420
222 478 357 545 1489

1090 489 1621 553 EPISTOLARUM
1662 493 1811 556 LIB.
1851 499 1917 559 V.
1944 524 2013 533 -
2050 499 2285 561 EPIST.
2327 504 2614 566 CCLXIV.

3349 504 3503 575 Ῑάθθι

218 600 364 664 τοῖςς
403 614 422 649 ι
456 597 568 652 Καὶ
627 596 767 668 μετὰ
827 596 999 650 ταῦτα
1054 601 1511 675 κατωλιγώρησε,
1566 605 1660 658 καὶ
1710 606 1855 671 τοῦέ

1906 610 2293 680 gregabuntur,
2320 622 2375 666 et
2428 614 2659 668 sulllciet
2706 615 2784 670 eis
2813 616 2896 670 6‘?
2936 636 2955 669 ι
2990 619 3094 673 Sed
3144 620 3337 678 deinde
3383 598 3493 677 ηρ-⁸

218 691 391 760 δήμου
419 689 520 759 τὴν
561 687 893 759 προστασίαν
938 692 1295 760 παρῃτήσατο
1317 709 1331 722 ·
1362 694 1477 749 ἀλλ’
1499 697 1648 749 οὐδὲν
1678 698 1797 751 ἔτει

220 799 310 851 ρον
342 780 503 834 αὐτὸν
531 780 800 834 ἐκώλυσεν
833 780 1091 835 εἰσελθεῖν
1122 784 1201 847 εἰς
1229 786 1329 856 τὴν
1364 787 1468 857 γῆν
1496 788 1593 853 τῆς
1624 790 1800 859 ἐπαγ.

215 875 427 943 γελίας,
452 866 519 945 ἦς
549 875 737 928 ἕνεκεν
758 874 867 927 τῶν
892 875 1066 928 ἄλλων
1087 875 1341 931 ἁπάντων
1368 874 1435 950 ἦν
1460 879 1555 934 καὶ
1577 882 1799 952 ἡγεμὼν

214 966 311 1019 καὶ
357 965 688 1036 δημαγωγὸς
709 1008 725 1032 ,
757 966 790 1035 ἢ
824 966 885 1019 τὸ
930 968 1023 1020 ἐπὶ
1052 968 1143 1021 τοῦ
1192 968 1381 1033 ὓδατος
1412 972 1645 1043 συμόάν.
1701 974 1799 1029 Διὰ

212 1058 373 1110 τοῦτο
411 1058 507 1110 καὶ
550 1059 577 1111 ὁ
609 1057 883 1129 ἀκήρατος
914 1057 1040 1121 νοῦς
1069 1059 1167 1129 τῆς
1197 1061 1473 1133 ἁμαρτίας
1500 1062 1599 1134 τὴν
1637 1064 1797 1133 φύσιν

214 1151 607 1217 ἐκπομπεύων,
638 1152 732 1202 καὶ
764 1150 1089 1221 παραδηλῶν
1113 1151 1235 1206 ὅθεν
1258 1153 1481 1222 γέγονεν
1515 1154 1798 1224 ἀσυγγνω-

213 1253 375 1304 στος,
429 1239 556 1310 ἔφη,
607 1241 689 1294 ὅτι
733 1259 752 1293 ι
798 1242 938 1312 Ὀὐχ
986 1240 1252 1313 ἡγιάσατὲ
1304 1260 1371 1313 με
1410 1243 1641 1298 ἐνώπιον
1687 1246 1797 1301 τῶν

212 1333 347 1385 υἱῶν
396 1331 628 1403 Ἰσραὴλ,
664 1332 754 1387 διὰ
784 1332 941 1386 τοῦτο
1002 1335 1100 1387 οὐκ
1153 1335 1485 1406 είσαγάγητε
1531 1336 1633 1405 τὴν
1674 1354 1797 1391 συν-

211 1421 439 1491 αγωγὴν
472 1422 677 1493 ταύτην
714 1426 793 1482 είς
821 1425 919 1495 τὴν
945 1428 1047 1495 γῆν
1073 1466 1087 1491 ,
1118 1426 1184 1496 ἥν
1215 1425 1389 1480 ἔδωκα
1416 1428 1621 1492 αὐτοῖς.
1658 1447 1678 1481 ι
1713 1428 1791 1501 Τῇ

213 1511 312 1581 μὲν
343 1512 455 1583 γὰρ
480 1512 639 1581 φύσει
666 1513 885 1566 ἔλαττον
912 1508 981 1584 ἦν
1011 1514 1235 1568 ἐκείνων
1257 1514 1415 1568 τοῦτο
1433 1515 1494 1569 τὸ
1521 1518 1790 1586 πταῖσμαο

209 1602 287 1674 τῷ
313 1604 377 1656 δὲ
413 1605 551 1675 μετὰ
600 1606 699 1677 τῆς
729 1606 934 1678 ἐτέρων
963 1606 1232 1678 κραθῆναι
1267 1606 1501 1679 βλάὸης,
1533 1609 1594 1662 οὐ
1624 1609 1791 1678 μόνον

210 1697 464 1761 ἐκείνων,
509 1696 644 1750 ἀλλὰ
687 1698 782 1750 καὶ
823 1697 1153 1768 συγγνώμης
1203 1698 1387 1768 μεῖζον
1431 1699 1668 1768 ἐγένετο.
1710 1701 1791 1754 Τά

212 1787 312 1856 μὲν
345 1787 458 1859 γὰρ
501 1788 622 1841 κατ’
658 1788 793 1842 ίδίαν
834 1790 928 1842 καὶ
961 1788 1355 1859 λανθανόντως,
1403 1790 1465 1844 τδ
1487 1791 1544 1845 δὲ
1572 1792 1665 1844 ἐπὶ
1694 1792 1790 1846 τοῦ

209 1878 386 1949 δήμου
421 1879 625 1944 παντὸς
650 1881 1016 1952 ἡμαρτάνετο.

642 1988 800 2043 sse.
845 2020 915 2035 -
940 1989 1356 2062 ΔΔΑΜΑΝΤΙῼ.

1905 700 2092 770 glexit,
2119 710 2173 756 et
2200 703 2375 772 populi
2398 705 2770 772 praefecturam
2795 708 3115 777 deprecatus
3140 722 3223 766 est
3246 730 3259 766 :
3291 728 3477 769 verum

1903 789 2049 845 aliud
2080 791 2211 845 nihil
2238 793 2414 862 ipsum
2450 793 2728 861 impedivit
2768 796 2973 866 ingredi
3026 798 3079 853 in
3116 809 3318 854 terram
3353 818 3479 871 pro-

1902 882 2178 937 missionis
2209 883 2401 955 (cujus
2428 887 2504 939 rei
2530 901 2692 940 causa
2720 886 2825 942 dux
2849 898 2903 944 et
2944 891 3274 947 intercessor
3294 895 3472 962 populi

1900 982 2019 1027 erat
2056 976 2422 1046 constitutus)
2462 970 2637 1046 'quam
2694 979 2835 1047 quod
2880 980 2945 1034 ad
3002 997 3175 1051 aquas
3229 985 3475 1053 contigit.

1898 1063 2187 1135 Propterea
2220 1076 2275 1121 et
2300 1082 2451 1122 mens
2481 1068 2690 1139 integra
2726 1073 2932 1139 peccati
2970 1082 3216 1127 naturam
3240 1074 3467 1144 pellens,

1896 1157 2298 1226 ostendensque
2319 1173 2415 1212 cur
2437 1160 2594 1213 venia
2640 1160 2896 1227 indignus
2936 1170 3104 1227 esset,
3130 1163 3205 1217 ait
3242 1183 3254 1218 :
3303 1183 3320 1215 ι
3358 1163 3471 1217 Non
3560 1152 3563 1155 ’

1896 1250 2277 1306 sanetilicastis
2325 1266 2413 1306 me
2454 1251 2594 1306 inter
2622 1251 2762 1306 lllios
2810 1250 3001 1307 Israel.
3033 1254 3327 1324 Propterea
3362 1271 3467 1308 non

1896 1338 2250 1395 introducetis
2284 1354 2616 1411 synagogam
2654 1341 2706 1394 in
2739 1356 2858 1394 eam
2909 1351 3134 1410 terram,
3160 1359 3320 1411 quam
3350 1345 3470 1397 dedi

1895 1431 2026 1500 ipsis
2044 1432 2113 1489 ⁸⁸.
2144 1450 2163 1484 ι
2194 1431 2394 1486 Natura
2428 1433 2645 1502 quidem
2687 1442 2741 1488 et
2782 1436 2959 1505 reipsa
3017 1435 3193 1490 minus
3235 1445 3357 1490 erat
3398 1437 3472 1497 id,

1893 1534 2054 1589 quam
2078 1518 2289 1574 illorum
2309 1520 2601 1585 delictum;
2630 1522 2884 1591 quoniam
2906 1530 3084 1578 tamen
3106 1524 3157 1578 id
3192 1537 3313 1577 cum
3339 1522 3475 1576 alio-

1893 1624 2012 1663 rum
2036 1610 2236 1665 damno
2256 1612 2579 1680 contigerat,
2603 1626 2708 1665 non
2725 1615 2884 1667 modo
2908 1615 3020 1667 haec
3045 1614 3363 1683 promeruit,
3382 1628 3473 1667 ve-

1893 1716 2013 1756 rum
2033 1702 2196 1756 etiam
2221 1701 2396 1771 majus
2412 1702 2531 1766 fuit,
2551 1718 2711 1773 quam
2733 1714 2790 1756 ut
2807 1705 3017 1758 veniam
3037 1717 3359 1761 mereretur.
3379 1705 3468 1759 Ille

1891 1795 2037 1848 enim
2054 1794 2303 1862 privatim
2330 1804 2383 1847 et
2410 1795 2570 1859 clam,
2606 1796 2705 1849 hoc
2726 1809 2857 1849 vero
2877 1811 3060 1850 coram
3095 1798 3293 1867 populo
3316 1812 3472 1855 com-

1895 1885 2122 1940 missum
2147 1894 2249 1939 est.

2284 1992 2530 2049 CCLXII.
2550 2024 2621 2033 —
2652 1992 3082 2049 ADAMANTIO.

1381 2083 1708 2156 Eloquentia:
1738 2096 2022 2141 ostentator
2039 2086 2304 2155 explosus.

286 2192 353 2247 Ὀ
389 2192 544 2263 φίλος
574 2194 604 2248 ὁ
637 2193 729 2259 σδς
756 2190 887 2267 ἦλθε
914 2195 1013 2265 μὲν
1041 2196 1103 2250 οὐ
1136 2194 1541 2267 μαθησόμενος,
1572 2195 1647 2258 ὡς
1679 2195 1791 2247 ἑλε-

209 2301 329 2353 γεν,
368 2284 484 2338 ἀλλ’
512 2284 914 2358 ἐπιδειξόμενος
938 2288 1031 2341 καί⁵
1056 2287 1301 2352 διδάξων,
1334 2287 1427 2339 καὶ
1453 2285 1515 2337 τὸ
1536 2286 1791 2356 φρόνημα

188 2370 319 2430 τῶν
371 2374 672 2431 δοκούντων
708 2394 762 2432 τι
804 2378 1002 2433 ειδέναι
1049 2379 1278 2433 σϐέσων.
1324 2378 1558 2449 ’Δπῆλθε
1590 2378 1646 2431 δὲ
1682 2396 1788 2433 πα-

206 2466 344 2533 θὼν,
374 2467 403 2522 ὃ
427 2469 627 2539 δρᾶσαι
656 2469 1078 2541 προσεδόκησεν.

567 2672 719 2729 sar.
755 2705 825 2717 -
856 2676 1157 2748 οΥΡΑΝιῼ
1179 2676 1498 2749 ΔΙΑΚΟΝῼ.

1966 2196 2187 2250 Amicus
2214 2196 2302 2249 ille
2331 2204 2452 2250 tuus
2492 2196 2660 2260 venit,
2696 2209 2804 2249 non
2855 2194 3072 2265 quidem
3137 2195 3344 2266 aliquid
3373 2198 3471 2251 do-

1897 2286 2123 2353 cendus,
2157 2295 2215 2341 ut
2244 2286 2552 2351 aiebat,sed
2582 2287 2840 2340 docturus
2863 2288 3465 2357 demonstraturusque,

1896 2388 2061 2445 atque
2086 2393 2298 2440 eorum,
2332 2380 2422 2446 qui
2467 2379 2567 2431 sibi
2601 2378 2745 2432 scire
2802 2377 3003 2445 aliquid
3050 2381 3324 2445 videntur,
3350 2382 3469 2447 opi-

1896 2469 2112 2522 nionem
2144 2468 2499 2523 relutaturns.
2535 2469 2681 2522 Abiit
2715 2468 2896 2539 itaque
2922 2470 3049 2522 illud
3083 2486 3296 2540 passus,
3324 2472 3467 2539 quod

1893 2560 2161 2614 facturum
2194 2575 2253 2615 se
2276 2560 2550 2628 sperabat.

2179 2669 2450 2726 CCLXIII.
2476 2669 2813 2727 —URAN|0
2854 2669 3171 2727 DIACONO.

1200 2766 1427 2823 Dicendi
1470 2772 1609 2825 ratio
1644 2768 1860 2837 Optima,
1891 2763 2132 2830 simplex,
2163 2764 2273 2817 sine
2314 2762 2479 2830 fastu.

286 2870 362 2925 Ἥ
391 2870 500 2925 τῶν
527 2871 704 2943 ὀρθῶς
740 2872 836 2926 καὶ
884 2874 1024 2945 μετὰ
1060 2876 1223 2929 πόνου
1249 2876 1607 2931 διδασκόντων
1638 2873 1787 2945 ψυχὴ

1958 2871 2125 2925 Recte
2180 2869 2555 2935 Iaborioseque
2624 2869 2935 2924 docentium
2996 2870 3210 2924 animus
3271 2870 3465 2937 (multi

201 2962 437 3030 (πολλοὶ
482 2963 591 3034 γὰρ
641 2965 758 3034 μετ’
815 2965 1127 3029 ἐπιδείξεως
1173 2966 1270 3019 καί⁹
1329 2967 1789 3038 καταφρονήσεως

1901 2964 2027 3018 anim
2063 2977 2184 3018 cum
2216 2962 2583 3017 05tentatioue
2610 2971 2773 3029 atque
2812 2971 3124 3029 contemptu
3174 2962 3467 3030 explanan-

204 3054 569 3124 ἐξηγούμενοι
617 3055 869 3109 ἐκλύουσι
907 3058 1005 3112 καὶ
1055 3057 1163 3111 τῶν
1210 3059 1495 3129 ἀκροατῶν
1526 3058 1624 3128 τὴν
1652 3074 1787 3128 προ-

1901 3070 1968 3109 .es
2014 3069 2263 3125 magnam
2304 3052 2620 3107 auditorum
2679 3054 2919 3108 discendi
2976 3053 3461 3121 proinptitudinem

201 3144 271 3198 ὐυ
281 3146 460 3215 μίαν),
482 3146 701 3216 πρῶτον
731 3149 829 3218 μὲν
851 3147 939 3202 διὰ
964 3148 1072 3201 τῶν
1097 3148 1391 3221 ὀφθαλμῶν
1420 3147 1786 3220 ἐμφαίνειτὴν

1907 3142 2228 3213 nfringunt)
2253 3142 2486 3212 primum
2514 3142 2733 3210 quidem
2763 3142 2936 3198 oculis
2976 3142 3234 3211 pietatem
3267 3159 3377 3213 prie
3406 3159 3465 3200 se

201 3236 499 3290 εὐλάϐειαν
517 3253 532 3268 ’
558 3237 732 3291 πολλὰ
766 3243 876 3310 γὰρ
899 3240 1079 3294 αὐτῶν
1104 3241 1239 3311 πρὸς
1267 3242 1357 3295 τὸν
1381 3242 1537 3310 λόγον
1567 3242 1637 3295 τά
1664 3241 1785 3294 κέν·
1812 3260 1854 3319 C

1901 3237 2157 3292 iert:eos
2184 3236 2328 3291 enim
2371 3235 2511 3289 oculi
2574 3250 2887 3290 sermonum
2943 3236 3193 3291 stimulos
3237 3237 3462 3291 addunt.

201 3349 332 3402 τρα·
368 3332 560 3386 ἔπειτα
585 3333 643 3387 δὲ
675 3334 770 3387 καὶ
800 3335 890 3389 διὰ
931 3335 1040 3389 τῶν
1078 3335 1296 3406 ὀφρύων
1326 3335 1669 3407 διασημαίνει
1692 3334 1784 3388 τὸν

1901 3329 2093 3383 Deinde
2115 3329 2278 3383 etiam
2315 3327 2618 3397 superciliis
2646 3335 2879 3380 mentem
2907 3342 3235 3397 sensumque
3254 3329 3461 3383 doctrio

202 3424 335 3476 νοῦν
362 3424 469 3477 τῶν
497 3424 859 3495 διδαγμάτωνε
893 3427 1037 3499 λόγῳ
1068 3428 1126 3481 δὲ
1162 3428 1367 3500 μετρίῳ
1393 3428 1629 3499 χρῆται,
1660 3426 1785 3481 οὔτε

1901 3436 1974 3474 nae
2000 3435 2110 3474 Siue
2143 3421 2417 3485 indicant;
2443 3417 2610 3489 639
2638 3418 2885 3471 oratione
2913 3432 3041 3472 vero
3079 3419 3249 3473 utitur
3280 3420 3469 3472 mode-

200 3514 312 3566 ὗπὸ
366 3514 580 3583 τρυφῆς
633 3515 1003 3585 ἐξυϐρίζοντι,
1055 3516 1179 3571 οὔτε
1248 3518 1353 3571 ὑπὸ
1402 3516 1788 3586 ταπεινότητος

1901 3522 2036 3576 rata,
2063 3512 2275 3567 deliciis
2310 3526 2416 3564 non
2444 3510 2781 3575 lasciviente,
2815 3524 2995 3576 neque
3049 3510 3360 3567 humilitate
3384 3513 3467 3565 ni-

199 3602 689 3675 ἑξευτελιζομένῳ.
736 3604 798 3658 Ei
824 3606 935 3677 γάρ
970 3607 1065 3660 καὶ
1089 3609 1124 3678 ἠ
1160 3607 1359 3679 φράσις
1395 3608 1481 3676 εῐη
1508 3605 1785 3662 ἁναττίκι-

202 3708 367 3755 στος,
396 3692 534 3746 ἀλλά
564 3710 627 3761 γε
657 3694 725 3747 τὰ
751 3695 1127 3766 ὑποδείγματα
1162 3698 1257 3751 καὶ
1297 3698 1359 3751 τὸ
1392 3699 1470 3762 εἰς
1500 3696 1787 3751 εὐλάϐειαν

201 3780 436 3851 βλέπειν
462 3783 812 3857 διαναστήσει
840 3788 967 3851 τοὺς
996 3791 1278 3859 φοιτητὰς.

736 3895 892 3950 ΣΞΔι.
930 3927 999 3937 -
1029 3898 1256 3969 Hasta.

1893 3606 1997 3659 mis
2022 3612 2323 3658 attenuata.
2356 3603 2413 3658 Si
2439 3604 2583 3658 enim
2620 3601 2837 3672 phrasis
2875 3601 3057 3656 Attica
3096 3617 3203 3656 non
3240 3602 3333 3668 sit,
3369 3604 3465 3657 sed

1888 3698 2139 3766 simplex,
2169 3697 2415 3765 exempla
2448 3706 2626 3750 tamen
2656 3696 2724 3750 ad
2748 3694 3003 3764 pietatem
3025 3695 3267 3750 excitare
3292 3695 3380 3765 plu
3392 3696 3464 3750 ri-

1889 3807 2035 3847 mutn
2068 3790 2359 3861 discipulos
2402 3790 2602 3844 valent.

2358 3896 2632 3954 CCLXIV.
2655 3897 2989 3953 —~ESAIIE.

1093 3990 1167 4045 De
1200 3992 1374 4046 activa
1400 3993 1507 4047 vita
1536 4008 1629 4047 seu
1657 3995 1945 4065 negotiosa.
1979 3992 2218 4065 (Confer.
2250 3993 2403 4061 epist.
2442 3991 2587 4062 HO.)

272 4096 375 4170 Μὴ
403 4095 481 4168 τῷ
508 4096 679 4161 δεινὸς
731 4092 872 4153 εῖναι
914 4100 1200 4171 πράγμασι
1234 4100 1490 4173 χρῆσθαι,
1513 4101 1589 4166 ὡς
1616 4103 1785 4175 ἁδρα-

200 4193 320 4255 νεῖς
368 4190 505 4261 ψέγε
552 4191 679 4254 τοὺς
724 4192 824 4261 τῆς
864 4191 1298 4263 ἀπραγμοσύνης
1346 4194 1587 4265 ἐρῶντας
1638 4195 1781 4266 (7'5)-

198 4282 349 4337 ἀλλὰ
378 4282 457 4354 τῷ
487 4282 747 4346 πολλάκις
776 4284 855 4346 είς
884 4284 1161 4354 χειμῶνας
1186 4284 1455 4355 χαλεποὺς
1487 4286 1783 4355 ἐμπεπτω-

198 4374 385 4437 κέναι,
406 4372 677 4446 μακάριζε
700 4375 846 4440 τοὺς,
870 4375 945 4437 ὡς
960 4375 1250 4446 ἐνδέχεται,
1270 4377 1349 4439 εἰς
1365 4376 1455 4428 τὸν
1474 4375 1667 4446 λιμένα
1685 4376 1785 4446 τῆς

197 4464 446 4536 ἡσυχίας
475 4466 780 4536 ὁρμῶντας.
817 4466 882 4520 El
898 4466 955 4519 δὲ
976 4468 1070 4520 καὶ
1086 4468 1271 4531 αὐτοῖς
1305 4467 1564 4531 πολλάκις
1587 4469 1783 4522 σπιλά-

1967 4103 2109 4159 Cave
2152 4116 2241 4167 ne,
2277 4102 2422 4171 quod
2465 4103 2540 4156 sis
2586 4100 2750 4156 rebus
2800 4102 3050 4170 gerendis
3108 4102 3354 4166 idoneus,
3409 4114 3467 4157 ut

1891 4195 2114 4265 ignavos
2148 4207 2372 4264 spernas
2399 4208 2515 4256 eos,
2540 4192 2633 4261 qui
2656 4193 2887 4246 otiosam
2912 4192 3267 4262 inutilemque
3298 4194 3461 4248 vitam

1892 4284 2312 4354 amplectuntur.
2357 4282 2464 4337 Sed
2507 4283 2649 4351 quod
2689 4297 2832 4353 saepe
2879 4284 2932 4337 in
2969 4293 3315 4354 tempestates
3351 4302 3465 4340 mo-

1891 4377 2165 4446 Iestasque
2204 4375 2473 4446 procellas
2523 4374 2802 4439 incideris,
2837 4375 3026 4431 felices
3083 4390 3177 4431 eos
3208 4377 3464 4446 pra-dice,

1891 4470 2032 4537 quod
2064 4483 2159 4524 eos
2181 4467 2291 4536 jam
2331 4468 2741 4538 tranquillitatis
2760 4468 3035 4538 exceperit
3064 4478 3269 4537 portus.
3302 4467 3465 4522 Tam-

197 4557 291 4622 δες
316 4557 825 4628 κατασκήπτουσιν,
852 4557 966 4612 ἀλλ’
998 4558 1097 4612 οὐκ
1121 4557 1267 4612 ἔστιν
1295 4554 1411 4613 ἴσον
1435 4561 1497 4612 τὸ
1521 4560 1595 4631 μὴ
1627 4560 1785 4630 μόνον
1817 4581 1855 4637 Ι]

1901 4561 1991 4615 etsi
2030 4559 2173 4613 enim
2206 4559 2307 4629 ipsi
2350 4573 2492 4628 saepe
2536 4574 2600 4615 ex
2644 4572 2908 4628 aquarum
2952 4559 3252 4614 verticibus
3291 4574 3462 4613 emer-

198 4649 272 4700 τὰ
296 4648 515 4717 πελάγη
539 4648 648 4701 τῶν
668 4650 1010 4720 πραγμάτων
1025 4648 1292 4715 διαπλεῖν,
1322 4651 1459 4705 ἀλλὰ
1478 4653 1571 4705 καὶ
1593 4652 1786 4706 ἑαυτὸν

1901 4651 2085 4716 serint,
2128 4650 2243 4705 lieri
2310 4661 2490 4706 tamen
2552 4652 2765 4721 nequit,
2810 4660 2870 4705 ut
2933 4652 3058 4721 quis
3124 4652 3469 4722 negotiorum

198 4741 283 4802 ei;
330 4739 397 4792 τὸ
432 4739 665 4807 πέλαγος
689 4738 799 4793 τῶν
848 4739 1037 4794 παθῶν
1068 4739 1377 4811 ἐμΰάλλειν,
1408 4743 1502 4795 καὶ
1545 4743 1637 4796 τὸν
1662 4760 1785 4796 πει-

1901 4751 2188 4797 transmeet
2212 4742 2452 4813 pelagus,
2485 4743 2614 4810 quin
2648 4742 2918 4797 interdum
2945 4744 3107 4797 etiam
3154 4744 3470 4814 passionum

200 4833 424 4905 ρασμδν
478 4835 740 4903 ἐνεγκεῖν.
797 4835 869 4888 Τὸ
902 4835 1003 4906 μὲν
1050 4835 1162 4907 γὰρ
1191 4834 1581 4907 ῥιψοκινδύνων
1636 4838 1784 4890 ἐστὶν

1901 4832 2141 4889 ﬂuctibus
2165 4833 2546 4895 absorbeatur,
2570 4841 2625 4888 et
2651 4832 2703 4887 in
2745 4835 3075 4889 tentationes
3125 4834 3306 4888 varias
3338 4834 3465 4888 inci-

196 4926 445 4997 ἀνδρῶν,
489 4928 581 4980 καὶ
615 4927 916 4999 ἐμπορικὸν
946 4927 1062 4999 βίον
1108 4929 1499 5003 ἀνῃρημένων
1531 4929 1592 4983 τὸ
1617 4928 1672 4981 δὲ
1700 4929 1783 4982 δι-

1901 4926 2003 4979 dat.
2043 4923 2177 4979 Illud
2236 4925 2379 4978 enim
2439 4925 2681 4979 virorum
2733 4934 2821 4981 est
2887 4926 3165 4996 proprium
3210 4924 3469 4995 projectm.

197 5016 380 5070 καίων
408 5015 875 5087 δοκιμαζομένων,
924 5019 1019 5071 καὶ
1052 5016 1241 5090 ὥσπερ
1269 5017 1468 5089 χρυσὸς
1498 5016 1782 5088 βασανιζο-

1901 5017 2127 5071 audacite
2172 5017 2662 5087 mercatoriamque
2729 5018 2897 5072 vitam
2956 5018 3278 5074 sectantium
3315 5038 3327 5073 :
3364 5020 3465 5073 hoc

204 5106 416 5177 μένων.
471 5105 535 5158 Εί
600 5105 657 5159 δὲ
699 5106 762 5159 τὸ
825 5108 1126 5177 πρακτικόν
1174 5125 1256 5161 σοι
1313 5110 1407 5161 καὶ
1458 5108 1781 5181 δραστήριον

1901 5125 2021 5164 vero
2052 5124 2241 5164 eorum
2292 5111 2381 5177 qui
2430 5108 2563 5177 justi
2620 5108 2907 5174 habentur,
2945 5124 3009 5164 ac
3061 5108 3229 5163 veluti
3260 5110 3311 5163 in
3346 5111 3468 5178 igne

196 5200 454 5268 ἀρέσκει,
488 5198 727 5268 μάνθανε
761 5198 843 5252 ὅτι
884 5200 984 5253 οὐκ
1029 5200 1144 5254 ἔστι
1173 5200 1331 5254 τοῦτο
1358 5200 1387 5253 δ
1417 5202 1481 5254 σὺ
1510 5202 1635 5272 φής·
1665 5202 1787 5255 ἐπεὶ

1901 5218 2074 5256 turum
2108 5203 2326 5272 probari
2391 5202 2587 5257 solent.
2612 5200 2669 5257 Si
2705 5216 2837 5256 vero
2885 5203 3030 5256 actio
3095 5202 3192 5256 tibi
3236 5202 3457 5269 vitaque

198 5288 352 5342 κατὰ
393 5289 588 5360 μικρὸν
627 5289 853 5361 προϊὼν,
896 5292 991 5344 καὶ
1022 5293 1149 5355 τοὺς
1184 5292 1527 5362 συκοφάντας
1562 5291 1669 5346 τῶν
1699 5310 1787 5361 φι-

1901 5291 2094 5346 ilaceat
2135 5293 2436 5362 negotiosa,
2471 5293 2621 5348 disce
2652 5306 2757 5347 non
2784 5307 2905 5347 esse
2928 5292 3072 5362 quod
3107 5302 3161 5345 tu
3189 5292 3458 5360 opinaris.

198 5380 458 5449 λοσόφων
497 5382 878 5451 προτιμήσεις,
908 5381 1004 5436 καὶ
1029 5384 1153 5447 τοὺς
1184 5382 1635 5456 παλιγκαπήλους
1676 5384 1786 5439 τῶν

1901 5382 2171 5438 Paululum
2222 5384 2369 5438 enim
2405 5398 2727 5454 pragressus
2764 5394 2820 5440 et
2867 5384 3233 5455 sycophantas
3286 5386 3463 5453 philo-

196 5471 529 5542 ἐλευθερίως
553 5472 1084 5543 μεταχειριζομένων
1106 5473 1176 5526 τὰ
1198 5474 1518 5545 πράγματα,
1548 5474 1783 5539 καὶτοὺς

1901 5478 2079 5547 sophis
2115 5478 2319 5532 honore
2358 5476 2635 5547 praeferes,
2675 5485 2732 5533 et
2788 5478 3066 5534 institores
3101 5476 3270 5532 libere
3299 5491 3461 5546 nego—

279 5628 330 5661 “
350 5629 512 5685 Num.
539 5647 617 5703 ιι,
656 5634 750 5701 21,
789 5630 881 5687 22.
960 5629 1006 5661 ⁸⁸
1035 5628 1195 5685 Deut.
1241 5646 1413 5696 χχχιι,
1443 5632 1533 5687 5|.

1313 5747 1548 5803 VARI/I3
1587 5748 1965 5806 LECTIONES
2004 5748 2092 5804 ET
2132 5748 2361 5808 ΝΟΤᾸΞ.

280 5903 397 5975 (73)
426 5903 529 5963 Pro
580 5905 822 5977 ἐρῶντας
854 5904 1013 5963 ambo
1063 5903 1221 5962 codd.
1262 5904 1384 5962 Vat.
1429 5906 1532 5964 650
1579 5914 1631 5962 ct
1659 5908 1768 5964 Alt.

1901 5908 2127 5964 scribunt
2172 5908 2397 5979 ἔρωτας.
2433 5906 2645 5969 Possm.
