3982 6420
546 440 696 535 ttat
1699 476 1758 534 ε.
1800 476 2096 537 ISIDORI
2134 477 2573 542 PELUSIOT/E
3326 442 3327 445 γ
3610 486 3720 553 1492

547 602 589 651 ti
633 596 831 656 “tibus,
864 593 1081 648 I'i'audcs
1133 594 1513 649 machinantes
1563 594 1826 664 dolosque
1871 604 2117 659 suentes,

2149 601 2195 657 Λ
2222 599 2321 663 τὰς
2364 600 2612 671 μηχανὰς
2653 599 2972 665 πλέκοντας,
3011 600 3107 654 καὶ
3140 599 3323 663 δόλους
3357 601 3612 671 ρἁτοντας
3637 610 3716 663 τῶν

551 691 615 742 iis
658 686 1034 756 quijuStitiam
1072 686 1122 739 in
1185 686 1362 755 lingua
1414 686 1836 752 circumferunt;
1869 687 1965 740 sed
2000 702 2119 741 eam

2224 690 2285 742 τὸ
2313 691 2518 745 δίκαιον
2546 693 2637 744 ἐπὶ
2664 691 2910 762 γλώττης
2946 692 3218 763 φερόντων
3241 708 3255 722 ⁸
3280 692 3406 747 ἀλλὰ
3441 696 3493 748 τὺ
3516 698 3595 761 τὰς
3621 701 3717 770 ἀρε-

553 781 717 832 vitam
792 778 1020 833 activam
1079 777 1305 832 virtutes
1359 792 1479 833 esse
1535 792 1697 834 cense
1745 792 2022 844 exercere,
2068 788 2125 834 et

2222 782 2320 841 τὰς
2360 782 2579 848 ἀσκεῖν,
2623 784 2717 837 καὶ
2763 784 2895 854 περὶ
2930 783 3135 848 ταύτας
3196 785 3372 838 πᾶσαν
3416 787 3504 857 τὴν
3541 791 3721 863 σπονδὴν

549 883 709 924 omne
735 868 973 924 studium
1004 868 1072 923 iis
1105 869 1438 938 impendere.

1105 869 1438 938 impendere.
2228 872 2656 928 ἐπιδείκνυσθαι.

851 960 1104 1017 CCLXV.
1121 961 1437 1017 —-IIEL|1E
1485 962 1810 1020 DIACONO.

2604 965 2767 1020 ΣΞΕυ.
2804 995 2873 1005 -
2907 964 3075 1037 ΗΛΙᾼ
3112 966 3421 1039 AIAKoNa.

819 1055 1071 1110 Docentis
1107 1074 1170 1111 ac
1202 1057 1565 1112 concionantis
1594 1068 1673 1112 est
1698 1060 1845 1126 prius
1866 1075 2042 1129 agere,
2072 1058 2263 1112 dehinc
2293 1057 2500 1114 docere.
2539 1057 2778 1129 (Confer.
2807 1059 2961 1126 cpist.
2992 1059 3045 1123 ό,
3078 1060 3170 1122 55,
3206 1059 3312 1113 2I3
3338 1072 3383 1112 et
3406 1061 3518 1115 9.35.

621 1166 1019 1222 Consulendum
1057 1178 1142 1223 est
1169 1168 1402 1235 dicturo,
1450 1180 1509 1223 ut
1543 1169 1853 1223 nonverbis
1884 1177 2121 1233 tantum,

2301 1167 2663 1221 Βουλεύεσθαι
2690 1168 2796 1239 χρὴ
2820 1168 2909 1220 τὸν
2941 1167 3227 1239 ὑφηγητὴν
3252 1170 3341 1239 ,μὴ
3364 1169 3413 1222 τί
3442 1171 3565 1223 εἴποι
3589 1172 3727 1241 μόνον,

551 1260 645 1314 sed
706 1276 898 1329 reapse
944 1262 1264 1330 persuadeat
1333 1261 1692 1317 auditoribus.
1732 1260 1927 1316 Omnis
1977 1260 2123 1314 enim

2231 1260 2370 1314 ἀλλὰ
2408 1261 2462 1313 τί
2491 1261 2705 1331 πράξας
2747 1260 2927 1313 πείσοι
2954 1261 3083 1324 τοὺς
3114 1261 3392 1330 φοιτητὰς.
3424 1262 3524 1325 Πᾶς
3552 1263 3631 1332 μὲν
3650 1266 3728 1336 γὰρ

551 1351 727 1405 oratio
752 1365 915 1420 opere
965 1352 1223 1407 destituta
1266 1367 1372 1407 non
1427 1361 1636 1406 tantum
1688 1352 1848 1406 inane
1908 1351 2036 1420 quid
2070 1359 2123 1407 et

2232 1350 2409 1419 λόγος,
2460 1349 2590 1404 ὅταν
2654 1348 2818 1421 ἔργου
2873 1348 3107 1420 χηρεύῃ,
3163 1349 3229 1403 οὐ
3275 1350 3427 1419 μόνον
3470 1351 3658 1422 μάταιόν
3692 1371 3732 1407 τι

552 1442 838 1496 evanidum
872 1450 976 1507 est,
1008 1443 1100 1497 sed
1120 1443 1283 1499 etiam
1321 1443 1670 1513 opprobrium
1689 1440 1866 1505 ali‘ert,
1903 1442 2124 1512 potissi-

2235 1443 2485 1512 φαίνεται
2507 1440 2608 1496 καὶ
2626 1441 2805 1504 κενὸν,
2832 1441 2968 1495 ἀλλὰ
2990 1442 3085 1494 καὶ
3109 1441 3190 1503 είς
3217 1440 3413 1504 ὖνειδος
3435 1442 3729 1511 περιίσταται·

555 1549 700 1588 mum
739 1534 965 1600 dicenti,
990 1550 1019 1588 a
1053 1549 1160 1603 quo
1209 1534 1504 1602 profertur.
1524 1532 1740 1600 Quanto
1771 1534 1917 1588 enim
1960 1547 2126 1602 expe-

2238 1536 2477 1606 μάλιστα
2511 1534 2569 1587 δέ
2613 1534 2649 1587 ὁ·
2691 1534 2846 1604 παρὰ
2899 1532 3009 1586 τῶν
3055 1531 3340 1603 ἐξηγητῶν
3380 1534 3733 1605 προφερόμενος.

553 1627 750 1682 ιιίιίοιιο
780 1627 857 1681 ιιιί
882 1642 1133 1682 sermone
1172 1628 1414 1692 student,
1441 1636 1589 1681 tanto
1616 1625 1795 1681 minus
1824 1626 1989 1679 etiam
2023 1624 2125 1679 illis

2243 1627 2396 1697 ’Όσῳ
2441 1625 2547 1699 γὰρ
2584 1625 2913 1694 ἐτοιμότατα
2952 1623 3105 1693 αὐτῷ
3150 1622 3385 1693 χρῆσθαι
3423 1624 3733 1690 σπουδάζουσι,

553 1717 794 1771 creditur
822 1735 835 1772 :
861 1721 954 1773 sed
981 1719 1195 1774 etrisus
1229 1730 1608 1788 argumentum
1642 1732 1763 1772 esse
1787 1716 2125 1771 existimant.

2235 1718 2476 1788 τοσούτῳ
2527 1716 2728 1788 μᾶλλον
2775 1714 3097 1769 ἀπιστοῦσιν
3146 1716 3385 1777 ἅπαντες
3440 1713 3593 1784 αὐτῷ’
3632 1715 3734 1769 ἀλλὰ

553 1814 735 1874 Quare
758 1811 927 1879 magis
951 1812 1241 1881 agendum,
1278 1825 1439 1880 quam
1496 1809 1808 1865 dicendum.
1835 1808 1891 1863 Si
1944 1817 2122 1863 autem

2237 1809 2332 1862 καὶ
2359 1808 2595 1877 γέλωτος
2639 1806 2899 1860 ὑπόθεσιν
2932 1806 3096 1859 αὑτὸν
3137 1801 3281 1860 εἶναι
3308 1806 3600 1875 νομίζουσιν.
3630 1809 3736 1860 Οὐκ-

556 1902 731 1958 nulint
759 1918 937 1973 agere,
970 1918 1036 1957 ne
1060 1904 1245 1959 dicant
1270 1905 1510 1972 quidem.

2164 1920 2203 1976 Β
2229 1897 2324 1951 οὖν
2367 1896 2599 1968 μάλιστα
2640 1895 2739 1966 μὲν
2776 1896 3068 1966 πρακτέον,
3102 1895 3199 1949 καὶ
3246 1894 3485 1948 λεκτέον·
3517 1898 3558 1949 εί
3597 1896 3641 1948 δὲ
3678 1896 3736 1967 μὴ

2242 1988 2536 2059 βούλοιντο,
2569 1986 2691 2040 οὐδὲ
2723 1986 2963 2039 λεκτέον.

767 2088 1041 2145 (ιιιωινι.
1060 2119 1131 2130 ——
1148 2088 1408 2146 THEONI
1443 2086 1921 2144 PRESBYTERO.

2521 2078 2697 2144 EEG’.
2730 2109 2798 2118 —
2835 2077 3039 2130 ΘΕΩΝΙ
3072 2076 3526 2147 ΠΡΕΣΒΥΤΕΡῼ.

1569 2178 1796 2248 Tempus
1835 2177 1962 2249 quia
1989 2174 2212 2236 labitur,
2240 2169 2382 2222 ratio
2408 2167 2805 2237 ejushabenda.

636 2274 713 2331 Ne
750 2286 962 2344 tempus
1016 2276 1173 2329 abire
1225 2290 1288 2328 ac
1340 2272 1507 2328 ﬂuere
1564 2274 1898 2341 ignoremus,
1947 2268 2131 2325 multis

2312 2278 2428 2332 Ἵνα
2459 2276 2535 2349 μὴ
2569 2277 2709 2348 ῥέων
2732 2278 2761 2330 ὁ
2793 2277 2985 2347 χρόνος
3016 2276 3211 2348 ἄδηλος
3237 2272 3299 2351 ᾖ,
3330 2276 3528 2339 πολλοῖς
3551 2275 3741 2345 σημείοις

555 2366 860 2421 ostenditur
890 2365 1066 2434 signis
1106 2373 1164 2417 et
1199 2364 1534 2431 argumentis
1569 2380 1583 2416 :
1617 2372 1744 2431 puta
1807 2370 1988 2424 nocte,
2016 2358 2127 2423 die,

2234 2367 2537 2439 κατάδηλος
2578 2366 2822 2435 γέγονεν,
2856 2367 3042 2437 ἡμέρᾳ
3078 2367 3172 2419 καὶ
3205 2367 3385 2429 νυκτὶ,
3425 2364 3646 2435 ἐδδομάδι
3676 2366 3746 2417 καὶ

558 2452 915 2516 hebdomade,
957 2466 1164 2517 mense,
1194 2465 1354 2515 anno,
1395 2460 1557 2518 atque
1613 2448 1954 2521 Olympiade.
1985 2444 2126 2499 Olim

2239 2462 2393 2531 μηνὶ,
2436 2459 2670 2529 ἐνιαυτῷ
2710 2477 2771 2512 τε
2811 2460 2907 2512 καὶ
2946 2458 3295 2529 Ὀλυμπιάδι.
3318 2459 3506 2531 Πρὼην
3539 2459 3629 2527 γὰρ
3656 2459 3745 2519 ταῖς

558 2543 702 2596 enim
764 2540 1172 2613 Olympiadibus
1232 2540 1673 2609 dignoscebatur.
1730 2538 2130 2609 lmperantibus

2252 2551 2582 2623 Ὀλυμπιάσι
2617 2550 3018 2619 διεγινώσκετο’
3052 2550 3356 2622 Ῥωμαίων
3376 2552 3429 2604 δὲ
3461 2548 3748 2621 βασιλευσάν-

562 2646 741 2689 autem
776 2634 1054 2697 Romanis,
1079 2633 1448 2687 consulatibus
1477 2633 1879 2703 designabatur.
1902 2630 1958 2686 Si
1988 2632 2131 2686 enim

2234 2661 2363 2709 των,
2387 2646 2507 2706 ταῖς
2533 2642 2820 2705 ὑπατείαις
2842 2641 3120 2713 γνώριμος
3143 2641 3479 2696 καθίσταται.
3504 2641 3660 2710 Εἰγὰρ
3678 2639 3747 2692 καὶ

562 2737 736 2782 motus
764 2726 911 2793 caeli,
944 2735 1001 2780 ut
1030 2726 1193 2780 tradit
1237 2724 1416 2791 Plato,
1448 2725 1612 2796 640
1661 2735 1877 2794 tempus
1906 2724 2133 2793 genuit;

2237 2735 2469 2807 οὐρανοῦ
2507 2734 2743 2806 κίνησις,
2781 2734 2857 2798 ὥς
2884 2752 3015 2805 φησι
3054 2734 3310 2799 Πλάτων,
3342 2733 3431 2787 τὸν
3450 2734 3616 2805 χρόνον
3635 2731 3747 2799 ἐγέν-

558 2817 640 2873 sol
671 2825 851 2871 autem
895 2817 1116 2871 metitur
1144 2827 1197 2871 et
1219 2817 1537 2872 consulatus
1589 2816 1787 2871 format
1816 2816 1962 2887 (ipsi
1989 2814 2130 2869 enim

2238 2842 2437 2894 νησεν·
2475 2825 2589 2879 ἀλλ’
2638 2824 2790 2896 ἥλιος
2835 2826 3026 2895 μετρεῖ
3060 2824 3157 2877 καὶ
3194 2824 3429 2878 ὑπατεία
3466 2826 3639 2895 μορφοῖ
3671 2822 3748 2891 (τῷ

558 2926 703 2967 anno
732 2910 785 2964 id
820 2924 1036 2977 nomen,
1061 2910 1257 2979 quibus
1288 2920 1343 2964 et
1374 2909 1688 2964 consulibus
1719 2907 2000 2977 ornatur).
2028 2908 2130 2962 Ista

2242 2918 2353 2986 γὰρ
2378 2917 2610 2988 ἐνιαυτῷ
2639 2916 2798 2970 τοῦτο
2826 2917 3017 2987 δνομα,
3053 2912 3242 2988 ὦνπερ
3274 2919 3373 2971 καὶ
3413 2919 3609 2972 ὑπάτων
3632 2916 3751 2985 tas»

558 3018 691 3059 vero
716 3003 895 3059 omnia
924 3004 1061 3056 ﬁunt
1082 3002 1373 3071 signa,nec
1396 3011 1603 3055 tantum
1635 3010 1856 3069 propter
1880 3014 2130 3068 corpora,

2238 3010 2377 3081 ται).
2430 3009 2619 3064 Ταῦτα
2658 3010 2714 3062 δέ
2757 3009 2938 3063 πάντα
2984 3010 3178 3079 γέγονε
3207 3011 3281 3063 τὰ
3329 3014 3534 3080 σημεῖα,
3559 3010 3609 3061 οὐ
3634 3010 3750 3078 μόνον

558 3108 613 3150 ct
644 3095 789 3161 vita),
820 3104 878 3148 ut
909 3095 1060 3148 aiunt
1089 3092 1331 3162 quidam,
1360 3092 1576 3161 negotia
1625 3101 1791 3161 atque
1818 3101 2130 3146 contractus

2238 3102 2325 3157 διὰ
2353 3101 2423 3156 τὰ
2461 3102 2686 3172 σώματα
2706 3103 2799 3155 καὶ
2817 3102 2885 3156 τὰ
2916 3101 3163 3172 βιωτικὰ,
3191 3102 3270 3165 ὦς
3295 3102 3424 3170 φασί
3449 3119 3596 3167 τινες,
3622 3099 3752 3171 πρᾶγ·

561 3189 721 3250 (nam
747 3197 802 3240 et
826 3193 1147 3239 testamenta
1190 3193 1244 3238 et
1279 3182 1497 3248 tabulae,
1534 3190 1586 3237 et
1640 3183 1844 3246 omnia,
1873 3190 1933 3235 ut
1972 3183 2133 3237 verbo

2179 3205 2205 3264 δ
2242 3196 2386 3266 ματά
2424 3212 2483 3248 τε
2515 3195 2610 3248 καὶ
2639 3195 2941 3265 συμϐόλαια
2969 3195 3094 3263 (καὶ
3137 3194 3248 3267 γὰρ
3304 3194 3399 3248 καὶ
3449 3194 3501 3246 αἱ
3537 3191 3751 3259 διαθῆκαι,

561 3277 760 3342 dicam,
783 3274 1094 3330 securitatis
1121 3274 1349 3344 pignora
1384 3288 1480 3341 per
1506 3274 1607 3328 ista
1651 3273 1987 3343 signantur)
2021 3288 2133 3327 ma-

2239 3289 2336 3340 καὶ
2376 3286 2445 3339 τὰ
2474 3291 2855 3357 γραμματεῖα,
2884 3287 2979 3341 καὶ
3007 3286 3216 3351 πάντα,
3258 3286 3339 3350 ὼς
3371 3286 3494 3349 ἔπος
3527 3278 3756 3344 εἰπεῖν,τᾶ

562 3366 763 3421 nifesta
789 3377 916 3420 sunt
941 3374 995 3421 et
1019 3365 1190 3434 clara,
1222 3365 1317 3419 sed
1344 3366 1507 3419 etiam
1551 3378 1619 3417 ne
1670 3373 1726 3419 et
1776 3379 1876 3419 nos
1909 3363 2055 3417 velut
2084 3365 2134 3416 in

2238 3379 2337 3449 τῆς
2383 3378 2682 3447 ἀσφαλείας
2731 3380 2962 3452 ἐνέχυρα
3015 3379 3104 3432 διὰ
3149 3378 3364 3432 τούτων
3419 3375 3752 3447 σφραγίζεταιὶι

562 3461 750 3528 ignoto
777 3458 966 3529 pelago
997 3458 1343 3527 navigantes,
1378 3471 1479 3511 nec
1542 3456 1714 3526 signis
1760 3456 1892 3510 illud
1954 3456 2131 3510 dime-

2239 3470 2375 3541 δῆλά
2412 3471 2468 3523 τέ
2508 3466 2623 3524 ἐστι
2662 3473 2755 3525 καὶ
2792 3474 2958 3542 σαφῆσ
3013 3472 3130 3525 ἀλλ’
3175 3473 3267 3526 ἵνα
3304 3473 3400 3525 καὶ
3444 3472 3587 3540 ἡμεῖς
3620 3466 3678 3537 μὴ
3703 3463 3757 3527 ὡς

564 3553 784 3616 tientcs,
820 3560 1024 3604 temere
1049 3564 1115 3603 ac
1134 3558 1337 3616 sponte
1377 3549 1443 3602 ad
1498 3547 1683 3603 littora
1728 3549 2008 3603 venientes
2047 3563 2136 3602 va-

2243 3563 2423 3633 ἀδήλῳ
2467 3564 2697 3632 πελάγει
2746 3564 3026 3629 πλέοντες,
3074 3566 3169 3618 καὶ
3214 3564 3463 3635 σημείοις
3500 3562 3566 3632 μὴ
3602 3562 3757 3626 ἀναμε-

562 3643 680 3697 cuis
720 3641 969 3696 manibus
1022 3648 1235 3709 portum
1275 3641 1588 3707 subeamus,
1640 3642 1735 3694 sed
1790 3649 1850 3693 ut
1912 3642 2134 3707 tempori

2241 3653 2498 3724 τροῦντες
2534 3654 2712 3720 τοῦτο,
2749 3657 3075 3727 αὐτομάτως
3118 3658 3199 3721 εἰς
3234 3658 3366 3721 τοὺς
3395 3656 3599 3726 λιμένας
3626 3651 3757 3706 ἐλθόν-

564 3734 909 3788 velocissimo
931 3747 995 3786 ac
1019 3732 1242 3787 retineri
1295 3732 1379 3786 vel
1432 3733 1632 3787 reverti
1664 3742 1756 3785 aut
1802 3733 1968 3787 etiam
1998 3744 2136 3787 stare

2241 3763 2335 3809 τες
2363 3750 2546 3811 κεναῖς
2579 3749 2932 3820 ὁρμισθῶμεν
2966 3751 3185 3820 χερσίνο
3223 3749 3365 3803 ἀλλὰ
3399 3749 3475 3819 τῷ
3499 3748 3653 3818 χρόνῳ
3671 3745 3757 3807 ὀξυ·

567 3827 751 3882 nescio
794 3825 1183 3879 concurrentia
1229 3823 1371 3877 bona
1410 3839 1573 3892 opera
1632 3824 1994 3893 possidentes,
2018 3841 2139 3879 cum

2244 3834 2392 3905 τὰτῳ
2418 3836 2554 3901 ὄντι,
2584 3837 2679 3889 καὶ
2712 3839 2849 3908 μήτε
2874 3839 3163 3908 ἄγχεσθαι.
3198 3843 3344 3911 μήτε
3376 3835 3758 3909 παλινδρομῆσαιι

566 3917 751 3971 multis
779 3915 1047 3971 mercibus
1096 3917 1162 3970 ad
1212 3914 1393 3969 littora
1445 3914 1802 3984 appellamus.
1835 3915 2138 3971 Habeamus

2245 3924 2380 3977 ἀλλὰ
2406 3925 2539 3994 μηδὲ
2566 3926 2759 3995 στῆναι
2781 3926 3132 3998 ἐπισταμένῳ
3152 3928 3485 3990 συνθεούσας
3501 3926 3588 3987 τὰς
3602 3922 3762 3991 ἀγαθὰς

568 4010 751 4077 itaque
796 4008 1052 4062 instantis
1094 4010 1359 4077 temporis
1406 4008 1697 4062 rationem.
1731 4007 1868 4063 Nam
1919 4018 2047 4061 tunc
2090 4018 2140 4063 et

2247 4017 2476 4087 πράξεις
2507 4019 2857 4089 κεκτημένοι,
2904 4020 3042 4089 μετὰ
3069 4020 3277 4091 πολλῆς
3312 4021 3413 4090 τῆς
3453 4016 3686 4089 ἐμπορίας
3706 4013 3763 4073 εἰς

566 4102 684 4170 capi
711 4111 888 4171 potest
923 4110 978 4155 ct
1004 4100 1249 4155 retineri.
1278 4099 1621 4154 Praeteritum
1675 4101 1821 4155 enim
1876 4100 2138 4168 elapsum-

2248 4112 2374 4173 τοὺς
2401 4110 2627 4178 λιμένας
2649 4110 2958 4180 ὲλάσωμεν.
2996 4110 3291 4181 Ἐχώμεθα
3317 4112 3494 4165 τοίνυν
3518 4108 3600 4161 τοῦ
3619 4105 3765 4176 χρόνον

567 4209 673 4262 que
721 4193 933 4262 assequi
991 4208 1099 4247 non
1153 4206 1464 4260 possumus.
1497 4192 1713 4246 Alatum
1770 4192 1917 4246 enim
1943 4201 2028 4246 est
2089 4202 2139 4245 et

2248 4199 2679 4268 πλησιάζοντος’
2728 4199 2907 4264 ἔξεστι
2964 4202 3073 4269 γὰρ
3116 4200 3241 4253 τότε
3294 4202 3389 4254 καὶ
3430 4196 3660 4251 λαϐέσθαι
3696 4191 3765 4245 καὶ

568 4287 745 4352 κηειοχ,
779 4296 833 4340 et
873 4287 1032 4354 longe
1060 4300 1089 4337 a
1139 4294 1288 4353 tergo
1320 4284 1573 4354 relinquit
1616 4284 1992 4354 insequentes:
2016 4285 2140 4353 quin

2249 4295 2545 4361 κατασχεῖν
2564 4307 2580 4323 ο
2612 4294 3066 4363 παραδραμόντος
3096 4293 3204 4365 γὰρ
3251 4291 3596 4364 μεταδιώκειν
3615 4289 3766 4357 ἀνήνυ-

568 4382 731 4433 etiam
756 4378 1004 4434 cominus
1029 4376 1297 4446 prehendi
1327 4376 1534 4445 nequit.

2250 4399 2363 4436 τον.
2437 4384 2854 4453 Ἐπτερωμένος
2911 4385 3019 4455 γὰρ
3064 4384 3141 4436 ὢν
3179 4386 3277 4438 καὶ
3322 4384 3498 4448 ὠκὺς,
3542 4377 3767 4451 πόρρωθεν

2256 4476 2356 4543 μὲν
2401 4476 2595 4545 ἀφίησι
2633 4477 2760 4538 τοὺς
2794 4475 3121 4542 διώκοντας,
3163 4478 3449 4548 ἀμήχανος
3489 4476 3541 4529 δέ
3570 4475 3667 4527 ἐστι
3701 4468 3771 4523 καὶ

2179 4541 2223 4594 D
2252 4541 2571 4638 χενομέ-νοίς
2597 4568 2765 4637 ἐγγὺς
2792 4567 3084 4638 ληφθῆναι.

1041 4651 1418 4707 CCLXVIL—
1438 4650 1666 4707 EIDEM.

2744 4655 2903 4711 ΣΞΖν.
2928 4688 2994 4696 -
3015 4658 3103 4731 Tn
3130 4661 3333 4732 ΑΥΤῼ.

1570 4751 1734 4805 Poena
1756 4755 1965 4822 quando
2001 4753 2309 4824 irroganda.
2346 4754 2499 4823 (Sup.
2536 4754 2687 4821 epist.
2727 4753 2842 4823 ἆτ’..)

649 4848 785 4907 Dum
809 4852 1073 4907 ellrenate
1106 4847 1307 4902 insanit
1344 4846 1687 4916 improbitas,
1713 4862 1887 4916 neque
1937 4850 2150 4903 accedit

2337 4849 2401 4900 Ἣ
2437 4850 2671 4918 πονηρία
2718 4847 2846 4899 ὅταν
2889 4846 3210 4909 ἀκαθέκτως
3257 4845 3520 4914 λυττήσῃ,
3548 4841 3632 4895 καὶ
3671 4834 3767 4907 par}

574 4944 899 5009 moderatio,
929 4952 1057 4996 tunc
1108 4954 1268 5010 poena
1320 4938 1497 4994 solum
1527 4954 1592 4995 ac
1642 4939 1908 5009 supplicio
1969 4950 2146 5009 potest

2257 4939 2636 5009 σωφρονισμὸν
2661 4923 2978 5009 προσίηται,
3010 4937 3115 4991 ὑπὸ
3138 4935 3413 5007 τιμωρίας
3442 4935 3599 5006 μόνης

573 5036 836 5092 coerceri.

2259 5031 2383 5084 σθαι
2419 5030 2682 5099 πέφυκεν.

793 5124 1115 5182 CCLXVIII.
1140 5123 1514 5180 -—-CYRILLO
1567 5123 1921 5179 EPISCOPO.

2539 5124 2702 5177 ΣΞΗ’.
2731 5152 2795 5162 -
2834 5122 3142 5193 ΚΥΡΙΛΛῼ
3182 5121 3545 5189 ΕΠΙΣΚΟΠῼ.

577 5191 744 5291 Regia
772 5229 1003 5291 potestas
1049 5220 1250 5273 clerum
1270 5220 1325 5273 in
1362 5219 1597 5291 ordinent
1642 5219 1876 5291 redigere
1906 5235 1974 5271 an
2013 5218 2198 5291 possit.
2232 5217 2417 5291 (σοιιῄ
2453 5218 2608 5286 epist.
2646 5217 2789 5291 9.78,
2828 5226 2877 5269 et
2910 5215 3003 5268 lib.
3040 5191 3293 5291 ιπερὶδι.
3330 5213 3461 5278 254,
3507 5221 3551 5266 ct
3601 5206 3679 5261 lib.
3716 5214 3767 5263 ιτ.

1312 5290 1465 5358 epist.
1489 5289 1615 5344 219.
1662 5288 1790 5341 Vide
1828 5287 2105 5358 Chrysost.
2140 5288 2212 5344 De
2245 5289 2377 5358 regis
2407 5298 2452 5341 et
2490 5288 2735 5340 monachi
2760 5286 3193 5355 comparatione.)

642 5380 944 5435 Sacerdotii
984 5380 1115 5434 olim
1158 5380 1395 5448 dignitas
1447 5390 1734 5448 peccantes
1787 5380 2150 5446 redarguebat

2330 5378 2505 5431 Πάλαι
2544 5378 2706 5447 μὲνὴ
2755 5375 3022 5446 ἱερωσύνη
3075 5376 3379 5429 πταίουσαν
3411 5375 3508 5445 τὴν
3552 5364 3769 5443 βασιλείαν

577 5487 753 5542 rcges,
777 5475 1127 5543 regebatque,
1156 5488 1299 5527 nunc
1326 5487 1452 5526 vero
1494 5472 1577 5526 his
1625 5470 1867 5540 subjecta
1896 5481 1980 5525 est
2004 5489 2016 5523 :
2053 5471 2147 5524 de-

2256 5470 2553 5542 διωρθοῦτο
2596 5470 2691 5522 καὶ
2712 5469 3069 5539 ἐσωφρόνιζε,
3096 5469 3190 5523 νῦν
3220 5469 3277 5521 δὲ
3302 5459 3393 5521 ὑπ’
3437 5467 3635 5536 ἐκείνην
3657 5462 3770 5529 τέγη-

575 5580 672 5618 cus
705 5573 881 5618 tamen
911 5565 1198 5633 pristinum
1231 5580 1337 5617 non
1369 5564 1574 5628 amisit,
1609 5564 1704 5617 sed
1750 5564 1843 5633 qui
1895 5563 2147 5618 sacerdo-

2256 5579 2366 5626 νεν,
2421 5562 2481 5613 οὐ
2519 5560 2582 5612 τὸ
2636 5561 2835 5613 οἰκεῖον
2874 5560 3091 5629 ἁξιωμα
3138 5560 3483 5623 ἀπολέσασα,
3520 5557 3642 5612 ἀλλὰ
3679 5551 3769 5612 τοὺς

578 5656 653 5708 tio
679 5656 875 5710 initiati
900 5667 1049 5723 sunt,
1077 5672 1180 5712 non
1208 5657 1396 5712 eodem
1447 5653 1631 5721 modo,
1663 5669 1769 5723 quo
1801 5653 1944 5721 apud
1978 5668 2150 5706 saecu-

2303 5651 2695 5720 {XEtptO’OéV‘Eag
2734 5651 2833 5720 οὐχ
2865 5650 3084 5721 ὁμοίους
3113 5654 3222 5715 τοῖς
3253 5652 3369 5723 (74)
3399 5653 3603 5706 ἐπὶτῶν
3622 5642 3770 5717 att-$153-
3869 5650 3875 5663 ’

1710 5772 1942 5827 νΑιιιβΕ
1985 5770 2366 5827 [ΕΟΤΙΟΝΙΞΞ
2407 5773 2491 5825 ET
2534 5769 2761 5824 ΝΟΤΑΞ.

656 5890 765 5945 ι’ἶιίὶ
795 5893 899 5948 Pro
932 5893 1147 5947 ὁμοίους
1182 5897 1288 5949 τοῖς
1324 5894 1478 5949 codd.
1520 5892 1691 5947 Vatic.
1722 5890 1829 5948 650
1856 5902 1903 5946 cl
1932 5891 2038 5945 Alt.
2077 5892 2228 5954 lcgun

1324 5894 1478 5949 codd.
1520 5892 1691 5947 Vatic.
1722 5890 1829 5948 650
1856 5902 1903 5946 ct
1932 5891 2038 5945 Alt.
2077 5892 2255 5954 legunt
2288 5888 2483 5954 ὁμοίως
2520 5886 2643 5939 τῶν.
2671 5886 2875 5941 Possm.
