3982 6420
240 386 383 453 1493

1122 394 1655 457 EI’ISTOLARUM
1687 398 1833 460 LIB.
1876 400 1941 460 V.
1981 424 2049 434 --
2086 401 2323 460 EPIST-
2359 402 2655 463 CCLXXI.

3373 388 3512 451 Lifi-l

239 525 357 583 ρων
381 509 662 579 προτόνων
689 508 903 579 ἔχουςα.
940 507 1140 578 Πρώην
1174 510 1276 579 μὲν
1334 511 1442 581 γὰρ
1473 511 1826 579 εύαγγελικδν
1858 540 1869 572 λ

1957 531 2037 568 um
2084 516 2233 584 prius
2288 517 2563 570 memoria:
2613 529 2876 583 majorum
2938 525 3058 565 sese
3108 515 3324 579 gerunt.
3364 503 3509 558 Olim

242 600 344 653 καὶ
371 600 734 654 ἀποστολικδν
773 600 1212 669 πολιτευομένων
1249 600 1364 670 βίον
1388 600 1496 652 τῶν
1531 601 1629 670 τὴν
1671 603 1830 672 ἱερω-

241 691 417 761 σύνην
437 693 815 764 ἐστεμμένων,
863 691 1145 761 είκότωςὴ
1179 692 1447 764 ἱερωσύνη
1480 694 1543 763 τῇ
1582 693 1829 765 βασιλείᾳ

238 775 314 848 ἦν
346 779 579 853 φοϐερά·
614 781 710 834 νῦν
752 781 867 852 δὲή
904 781 1151 851 βασιλεία
1186 784 1251 851 τῇ
1293 770 1591 853 ἱερωσύνῃ·
1628 784 1831 852 μᾶλλον

242 869 305 922 δὲ
350 870 452 923 οὐκ
490 872 649 942 αὐτῇ,
678 872 812 924 ἀλλὰ
838 876 950 934 τοῖς
985 872 1234 942 ἱερᾶσθαι
1265 873 1365 942 μὲν
1389 873 1626 937 δοκοῦσι,
1654 874 1721 927 δι’
1754 868 1830 929 ὧν

244 959 308 1013 δὲ
341 961 677 1032 πράττουσιν
707 963 878 1032 αὐτὴν
911 962 1217 1033 ὑϐρίζουσι.
1260 963 1351 1015 Διό
1375 981 1465 1034 μοι
1485 963 1632 1017 δοκεῖ
1667 966 1761 1018 καὶ
1793 967 1828 1037 ἠ

248 1053 505 1122 βασιλεία
527 1055 751 1118 εἰκότως
780 1057 982 1108 ποιεῖν·
1012 1056 1072 1108 ού
1100 1054 1208 1126 γὰρ
1228 1056 1327 1125 τὴν
1352 1056 1652 1127 ἱερωσύνην
1678 1056 1833 1128 ὑϐρί-

248 1163 345 1199 σαι
374 1147 759 1218 προηρημένη,
786 1149 853 1218 ἢν
885 1145 1181 1211 ὲκθειάζει,
1210 1147 1327 1200 ἀλλ’
1350 1148 1635 1218 ἐκδικῆσαι
1674 1150 1831 1219 669v.-

248 1236 516 1309 ζομένην,
564 1238 692 1302 τοὺς
719 1239 779 1292 ού
823 1238 1051 1303 δεόντως
1087 1239 1225 1310 αὐτῇ
1258 1239 1576 1310 χρωμένους
1616 1258 1830 1312 σωφρο-

248 1329 415 1392 νίζει.
900 1333 905 1339 ’

646 1529 804 1583 Σεθο.
840 1560 908 1571 -
943 1529 1111 1602 nam
1139 1528 1452 1603 AIAKONQ.

1935 605 2080 657 enim
2139 621 2263 659 cum
2314 607 2682 676 evangelicam
2743 617 2798 659 et
2838 601 3194 672 apostolicam
3251 598 3515 651 ducerent

1933 696 2101 748 vitam
2148 697 2238 766 qui
2284 698 2455 751 sacris
2506 699 2610 752 rite
2659 698 3051 765 operabatttur,
3083 691 3281 746 merito
3346 688 3509 758 regia:

1937 784 2185 852 dignitati
2248 796 2406 839 erant
2456 787 2698 840 terrori:
2737 800 2883 838 nunc
2928 798 3059 838 vero
3111 788 3306 836 contra
3353 779 3505 845 regia

1938 875 2195 944 maiestas
2221 877 2512 931 sacerdoti.
2551 876 2643 931 Vel
2672 876 2853 945 potius
2892 890 2997 928 non
3038 872 3163 942 ipsi,
3191 870 3401 934 stadiis,
3422 868 3516 936 qui

1938 969 2250 1022 sacerdotes
2299 968 2517 1036 quidem
2574 968 2846 1031 videntur,
2896 965 3055 1019 lactis
3108 972 3292 1017 autem
3343 957 3513 1015 statui

1939 1070 2065 1115 sunt
2088 1059 2289 1129 injurii.
2313 1059 2482 1115 Recte
2500 1060 2683 1129 itaque
2706 1059 3002 1115 consulunt
3031 1065 3307 1126 aguntque
3334 1065 3516 1121 reges.

1939 1151 2056 1205 Non
2087 1153 2229 1204 enim
2276 1152 2641 1205 sacerdotium
2692 1150 2889 1206 lzedere
2946 1148 3285 1219 propositum
3309 1154 3393 1201 est
3424 1143 3515 1208 iis,

1940 1246 2082 1314 quod
2118 1246 2364 1315 religiose
2387 1244 2485 1314 ipsi
2517 1253 2894 1308 revereautur,
2914 1244 3006 1297 sed
3033 1241 3308 1296 vindicare
3333 1237 3520 1291 laesam

1943 1337 2260 1404 dignitatem
2312 1338 2379 1391 ab
2429 1336 2519 1403 iis,
2568 1337 2660 1406 qui
2719 1351 2831 1391 non
2882 1334 3065 1390 debite
3112 1329 3519 1387 administrant:

1943 1437 2211 1498 satagunt.

2244 1535 2518 1591 CCLXIX.
2542 1535 2852 1591 -—llELlAt‘.
2908 1529 3239 1590 DIACONO.

250 1621 385 1675 Pati
425 1623 670 1689 adversa,
706 1623 942 1679 salutare
968 1624 1176 1692 corpori
1229 1626 1538 1677 auima’aue.
1572 1622 1805 1692 (Confer.
1834 1641 1869 1692 θλ

1529 1697 1723 1745 mundo
1757 1695 1869 1745 dam

1957 1628 2141 1745 51.133535
2164 1628 2390 1745 et’260.)
2433 1648 2452 1680 ι
2478 1632 2518 1684 Α
2556 1629 2781 1684 Domino
2809 1627 3149 1697 corripimur,
3186 1641 3249 1680 ne
3276 1638 3392 1678 cum
3418 1622 3520 1676 hoc

222 1716 223 1719 ‘
1529 1709 1723 1745 mundo
1757 1709 1869 1748 dam

1957 1714 2069 1751 mur
2096 1709 2165 1751 u.
2208 1718 2226 1750 ι

329 1802 409 1855 Ού
437 1802 567 1867 τοὺς
608 1802 921 1866 πταίοντας,
959 1796 1005 1857 ὦ
1050 1804 1170 1869 τᾶν,
1200 1801 1293 1856 καλ⁵
1340 1800 1734 1872 κολαζομένους
1762 1803 1851 1855 ὲν-

2021 1806 2434 1877 Delinqucntes,
2467 1808 2599 1860 heus
2641 1814 2693 1859 tu
2724 1806 2737 1859 !
2779 1815 2833 1858 et
2865 1806 2917 1859 in
2966 1806 3068 1859 hac
3104 1803 3213 1857 vita
3250 1800 3499 1871 castigati

254 1895 438 1948 ταῦθα
470 1894 689 1966 θρηνεῖν
716 1895 846 1967 χρὴ,
876 1895 1012 1949 ἀλλὰ
1039 1896 1167 1956 τοὺς
1188 1894 1499 1965 ἁτιμωρητὶ
1521 1894 1835 1956 πταίοντας.

1936 1898 2248 1969 deplorandi
2283 1914 2389 1954 non
2434 1908 2583 1963 sunt,
2607 1899 2700 1953 sed
2747 1898 2838 1967 qui
2885 1895 3138 1965 impuniti
3176 1895 3401 1949 abeunt.
3444 1890 3517 1947 Ut

259 1989 479 2058 Ὠσπερ
510 1988 618 2058 γὰρ
654 1988 714 2041 ού
760 1988 822 2041 τὸ
860 1991 1034 2042 νοσεῖν
1082 1987 1274 2051 δεινὸν,
1307 1986 1445 2041 άλλά
1489 1986 1550 2039 τὸ
1579 1985 1840 2039 νοσοῦντα

1957 1992 2081 2045 :nim
2112 2007 2214 2046 non
2243 2000 2352 2046 tam
2378 1991 2661 2045 molestmn
2685 2000 2768 2045 est
2799 1999 3088 2059 aegrotare,
3122 2000 3286 2056 quam
3331 1983 3523 2038 morbo

258 2078 563 2148 θεραπείαν
612 2079 688 2149 μὴ
726 2080 1082 2151 προσίεσθαι·
1134 2080 1255 2133 οὐδὲ
1284 2079 1346 2133 τὸ
1386 2079 1530 2149 ἔχειν
1570 2079 1841 2149 σηπεδόνα

259 2169 480 2239 θρήνων
515 2168 688 2236 ἄξιον,
718 2170 854 2224 ἀλλὰ
890 2171 952 2224 τὸ
984 2170 1179 2241 ἔχοντα
1211 2170 1287 2242 μὴ
1325 2169 1615 2223 ἀπολαύειν
1668 2171 1845 2241 ἰατρι-

258 2261 369 2329 κῆς
406 2260 603 2331 τέχνης
660 2261 710 2333 (6
753 2261 859 2333 γὰρ
874 2261 1223 2332 ’τεμνόμενος
1256 2262 1350 2314 καὶ
1396 2260 1683 2329 καιόμενος
1710 2258 1845 2330 πρὸς

260 2350 571 2422 θεραπείαν
605 2350 800 2414 ὁδεύει,
828 2352 927 2423 τὴν
955 2353 1061 2405 ἀπὸ
1098 2352 1196 2422 τῆς
1230 2351 1524 2422 ἀλγηδόνος
1553 2350 1849 2422 θεραπείαν

262 2443 732 2514 καρπωσάμενος)
752 2458 765 2472 ⁶
786 2442 928 2497 οὕτω
953 2444 1047 2511 καὶ
1078 2444 1170 2497 ἐπὶ
1194 2444 1302 2497 τῶν
1331 2444 1521 2515 ψυχῶν
1546 2443 1849 2497 διακεῖσθαι

260 2536 398 2606 χρή.
429 2536 495 2587 Al
530 2536 629 2606 μὲν
666 2536 774 2608 γὰρ
805 2536 1167 2607 κολαζόμεναι
1199 2537 1457 2602 ἐνταῦθα,
1492 2538 1630 2610 πρὸς
1660 2537 1850 2605 ὑγείαν

260 2628 551 2681 ἕλκονται·
597 2628 654 2682 αἱ
691 2628 748 2682 δὲ
787 2630 1095 2701 ἀτιμωρητλ⁵
1127 2629 1439 2695 πταίουσαι,
1491 2632 1570 2693 είς
1610 2629 1851 2700 ἀναλγη-

211 2778 218 2782 _
266 2719 392 2772 σίαν
421 2718 719 2774 ὁδεύουσιν.

623 2829 743 2884 ΣΟ’.
779 2861 850 2870 -ο-
888 2831 1151 2903 ΕΡΜΙΝῼ
1189 2831 1482 2886 ΚΟΜΗΤΙ.

1947 2085 2209 2139 medelam
2240 2099 2345 2138 non
2369 2082 2589 2147 alierri;
2639 2081 2800 2153 64],
2854 2095 2919 2134 ac
2972 2093 3146 2148 neque
3201 2087 3532 2147 putrescens

1951 2164 2103 2231 ulcus
2129 2176 2382 2230 lamentis
2414 2175 2753 2240 situlignum,
2788 2172 2881 2227 sed
2934 2173 3115 2242 potius
3166 2168 3469 2223 remedium
3493 2181 3524 2218 a

1952 2270 2162 2323 medico
2192 2284 2297 2323 non
2329 2267 2575 2322 adhiberi
2618 2285 2631 2320 :
2666 2264 2758 2335 qui
2787 2264 2931 2319 enim
2977 2269 3198 2318 secatur
3254 2259 3528 2326 uriturve,

1955 2361 2021 2413 ad
2049 2360 2384 2414 curationem
2420 2366 2696 2426 pmperat,
2722 2354 2967 2408 dolorum
3020 2359 3378 2421 percepturus
3410 2361 3529 2402 me-

1956 2452 2131 2504 delam
2163 2467 2176 2504 :
2208 2450 2347 2503 idem
2387 2447 2585 2502 animis
2608 2446 2899 2501 usuvenire
2951 2442 3379 2497 existimandum
3420 2445 3526 2492 est.

1953 2543 2085 2610 Quae
2135 2542 2281 2596 enim
2320 2541 2408 2597 hic
2451 2552 2627 2609 poma:
2677 2535 3049 2608 suppliciaque
3093 2532 3419 2598 tolerantur,
3458 2530 3531 2584 ad

1950 2635 2178 2691 salutem
2213 2634 2532 2700 traducunt;
2583 2641 2641 2686 at
2683 2629 2907 2700 impune
2947 2626 3038 2697 qui
3091 2624 3292 2689 ferunt,
3324 2623 3360 2678 ii
3412 2622 3534 2678 fere

1951 2726 2081 2781 mali
2111 2726 2191 2780 sui
2217 2740 2435 2779 sensum
2474 2723 2749 2777 amittunt.

2235 2827 2488 2882 CCLXX.
2538 2856 2609 2870 —-
2645 2821 2956 2879 IIERMINO
2993 2819 3243 2891 COMITI.

695 2921 1033 2977 Teutationes
1063 2922 1297 2989 exemplo
1329 2923 1429 2978 Job
1456 2923 1619 2977 saluti
1646 2940 1776 2979 esse.
1820 2922 2057 2991 (Confer.
2087 2922 2237 2989 epist.
2262 2920 2355 2985 '59,
2391 2918 2482 2982 68,
2515 2917 2602 2982 7i,
2628 2917 2720 2982 8'7,
2756 2914 2825 2969 96
2853 2924 2901 2969 et
2926 2911 3075 2981 226.)

342 3036 422 3088 υύ
446 3034 667 3097 πάντως
695 3035 762 3088 τὰ
788 3035 928 3088 αὐτὰ
951 3034 1100 3104 πάθη
1120 3034 1220 3097 τὰς
1241 3034 1413 3097 αὐτὰς
1433 3033 1588 3103 ῥίζας
1611 3032 1844 3104 ἔχουσιν,

266 3128 392 3181 οὐδὲ
431 3129 601 3181 πᾶσαι
632 3128 688 3181 αἱ
718 3127 970 3189 κολάσεις
1018 3126 1253 3181 ἐνταῦθα
1272 3129 1337 3180 ὲκ
1360 3124 1850 3197 πλημμελημάτων

264 3220 369 3281 τὰς
400 3218 687 3282 ὑποθέσεις
733 3218 975 3287 ἔχουσιν·
1006 3218 1121 3270 ἀλλ’
1154 3218 1204 3271 οἱ
1249 3217 1347 3285 μὲν
1381 3217 1448 3270 δι’
1476 3218 1854 3288 ἁμαρτήματα

273 3306 623 3372 κολάζονται,
674 3309 724 3360 οἱ
770 3307 827 3361 δὲ
873 3307 961 3360 διὰ
1006 3308 1067 3359 τὸ
1094 3306 1492 3377 δοκιμασθῆναι
1526 3307 1849 3376 πάσχουσιν,

269 3401 338 3452 ἶν’
389 3400 456 3452 οἱ.
507 3398 607 3470 μὲν
646 3399 824 3467 δίκας,
857 3400 906 3452 οἱ
954 3399 1012 3451 δὲ
1054 3399 1277 3469 δοκίμια
1313 3398 1414 3466 τῆς
1458 3399 1662 3469 ἀρετῆς
1693 3398 1850 3453 δοῖεν.

268 3489 545 3561 Καθάπερ
582 3490 691 3561 γὰρ
740 3491 771 3559 ἡ
822 3490 1098 3560 βασανίτις
1140 3489 1289 3553 λίθος
1334 3490 1427 3543 τὸν
1478 3490 1678 3560 χρυσὸν
1711 3490 1856 3544 60m-

273 3582 465 3653 μάζει,
498 3581 560 3647 ἐξ
601 3577 670 3654 ἦς
701 3582 852 3635 λίθου
888 3577 1045 3652 οἶμαι
1078 3581 1175 3635 καὶ
1203 3581 1265 3635 τὺ
1296 3581 1681 3652 βασανίζεσθαι
1716 3582 1853 3635 ὠνο-

274 3673 785 3745 ματοπεποιῆσθαιο
843 3673 986 3726 οὕτω
1035 3674 1129 3726 καὶ
1179 3672 1229 3726 οἱ
1275 3672 1575 3744 πειρασμοὶ
1611 3672 1739 3734 τοὺς
1779 3671 1856 3723 δι-

270 3766 470 3830 καίους
512 3766 847 3837 ἐλέγχουσιν,
891 3764 966 3827 ὡς
1001 3765 1094 3818 καὶ
1121 3764 1198 3835 τῷ
1251 3763 1371 3817 ’1ὼὸ
1417 3763 1639 3835 ἐρρέθη·
1683 3782 1701 3814 ι
1738 3763 1856 3817 Οἴει

274 3876 345 3929 με
384 3857 564 3922 ἄλλως
601 3875 683 3911 σοι
710 3856 1199 3928 κεχρηματικέναι,
1232 3855 1266 3925 ἢ
1298 3855 1385 3909 ἵνα
1414 3854 1751 3926 ἀναφανείης
1776 3854 1858 3907 δί-

270 3967 469 4015 καιος;
512 3970 533 4002 ι
588 3952 651 4004 Οἱ
700 3949 758 4003 δὲ
808 3949 1024 4019 ἀνόητοι
1073 3950 1181 4002 ἀπὸ
1228 3947 1337 4000 τῶν
1393 3947 1717 4018 πειρασμῶν
1764 3947 1859 4001 καὶ

271 4044 407 4106 τοὺς
459 4040 609 4111 βίους
654 4039 765 4093 τῶν
797 4039 1208 4110 πειραζομένων
1242 4038 1638 4093 διαϐάλλουσιν.
1680 4041 1858 4111 Ὅπερ

274 4137 377 4189 καὶ
405 4135 455 4186 οἱ
478 4132 574 4185 τοῦ
618 4132 739 4185 ’1ὼό
773 4131 938 4201 φίλοι,
980 4131 1075 4184 καὶ
1107 4133 1134 4183 6
1156 4131 1371 4201 Σεμεεὶ,
1401 4130 1493 4184 καὶ
1518 4130 1567 4183 οἱ
1596 4130 1859 4201 βάρϐαροι

274 4224 639 4278 πεπόνθασιν.
691 4224 753 4276 Ol
797 4222 896 4292 μὲν
930 4221 1039 4291 γὰρ
1077 4220 1263 4288 ἔλεγον
1296 4220 1372 4290 τῷ
1404 4221 1634 4290 ἀοιδίμῳ
1664 4236 1860 4286 στεφα-

274 4319 404 4392 νίτῃ
441 4317 520 4387 τῷ
573 4318 754 4369 πᾶσαν
795 4313 890 4366 τοῦ
941 4313 1189 4367 διαϐόλου
1246 4313 1583 4382 συγκόψαντι
1628 4313 1727 4383 τὴν
1771 4310 1861 4364 δύ·-

2026 3031 2355 3109 All‘ectiones
2384 3029 2585 3086 eaedem
2639 3028 2855 3082 radices
2901 3024 3104 3079 habent
3158 3037 3264 3076 non
3309 3018 3535 3074 omnino

1957 3125 2194 3189 easdem,
2228 3132 2285 3177 ut
2334 3135 2510 3192 neque
2535 3134 2710 3190 paena:
2740 3118 2829 3172 hic
2855 3129 3043 3172 omnes
3074 3129 3141 3168 ex
3172 3121 3412 3183 peccatis
3439 3111 3532 3166 ha-

1954 3218 2085 3272 bent
2114 3213 2421 3285 originem:
2456 3212 2550 3267 sed
2586 3211 2676 3264 alii
2707 3211 2777 3264 ob
2808 3206 3039 3263 crimina
3082 3205 3398 3275 puniuntur,
3438 3202 3531 3257 alii

1956 3324 2106 3371 vero,
2143 3317 2202 3361 ut
2243 3307 2539 3377 probentur
2588 3302 3067 3370 expiarenturque,
3107 3297 3233 3361 ideo
3258 3296 3531 3365 castigan-

1958 3408 2061 3452 tur.
2095 3397 2168 3452 llli
2194 3397 2409 3466 quidem
2451 3402 2508 3449 ut
2531 3407 2719 3463 poenas
2757 3392 2904 3451 dent.
2935 3390 2987 3443 hi
3041 3404 3171 3444 vero
3220 3397 3278 3442 ut
3316 3386 3533 3441 virtutis

1956 3490 2084 3541 dent
2112 3486 2406 3556 specimen.
2441 3481 2904 3551 Quemadmodum
2964 3479 3097 3549 lapis
3138 3479 3285 3533 enim
3332 3476 3534 3546 Lydius

1958 3576 2271 3647 βασανίτης.
2301 3575 2618 3641 explorator,
2637 3572 2834 3633 dictus,
2853 3569 3003 3639 quod
3025 3582 3213 3621 aurum
3239 3565 3483 3633 exploret
3514 3583 3531 3618 :

1959 3670 2100 3723 unde
2146 3676 2203 3722 et
2227 3666 2475 3721 Graecum
2501 3664 2723 3719 verbum
2775 3657 3162 3732 βασανίζεσθαι
3191 3671 3290 3727 pro
3329 3654 3535 3709 exami-

1959 3777 2087 3815 nare
2122 3770 2173 3813 et
2205 3758 2480 3826 explorare
2509 3755 2811 3810 derivatum
2842 3769 2855 3805 :
2905 3753 2986 3807 sic
3019 3762 3075 3807 et
3109 3752 3240 3821 ipsa:
3272 3746 3522 3803 tentatio-

1959 3868 2055 3907 nes
2100 3852 2275 3921 justus
2325 3850 2624 3904 ostendunt
2681 3862 2747 3901 ac
2806 3845 3056 3915 probant,
3114 3852 3174 3896 ut
3218 3839 3318 3895 Job
3349 3838 3531 3893 dixit:

1966 3961 1985 3995 ι
2028 3943 2192 3996 Putas
2215 3957 2299 3994 me
2324 3942 2485 3994 aliter
2508 3938 2851 4006 respondisse
2875 3936 2970 3991 tibi
3001 3949 3160 4005 quam
3186 3942 3243 3984 ut
3273 3943 3535 3999 apparens

1956 4033 2135 4103 justus
2162 4031 2243 4085 °°?
2280 4051 2297 4082 ι
2342 4030 2661 4100 lnsipientes
2713 4042 2843 4082 vero
2895 4026 2966 4081 ob
3005 4022 3331 4079 tentatioues
3371 4020 3535 4072 vitam

1961 4125 2173 4177 illorum
2204 4124 2292 4192 qui
2324 4132 2601 4177 tentantur
2622 4120 3000 4180 criminantur,
3024 4127 3083 4169 ut
3110 4123 3162 4169 ct
3187 4110 3538 4180 amici'ipsitts

1960 4218 2083 4285 Job,
2105 4228 2161 4272 et
2189 4215 2389 4280 Semei,
2442 4229 2505 4268 ac
2544 4212 2758 4267 barbari
2792 4209 3064 4264 fecerunt.
3105 4204 3183 4258 illi
3226 4204 3369 4258 cuiut
3413 4199 3538 4254 illu-

1961 4310 2059 4363 stri
2108 4308 2347 4373 athletae,
2382 4306 2472 4375 qui
2514 4320 2729 4360 omnem
2775 4300 3034 4359 dtemouis
3068 4299 3229 4368 fregit
3258 4297 3538 4363 impetum,

276 4386 469 4479 ναμνιν·
494 4386 526 4459 7c
578 4408 694 4460 Ούκ
728 4404 853 4470 ἄξια
878 4399 952 4458 ὧν
982 4406 1310 4476 ἡμάρτηκας
1344 4404 1790 4474 μεμαστίγωσαι;
1833 4423 1852 4456 ι

1963 4402 2217 4456 dixerunt
2258 4417 2271 4453 :
2323 4417 2343 4450 ι
2414 4397 2605 4452 Nonne
2663 4397 2822 4465 digne
2874 4394 2945 4449 ob
2985 4399 3204 4461 peccata
3244 4386 3540 4456 llagellatus

287 4504 353 4556 ’0
399 4502 455 4555 δὲ
504 4500 829 4569 ἀνδροφόνον
876 4498 1063 4552 ἐκάλει
1095 4497 1183 4549 τὸν
1231 4496 1556 4565 πραότατον,
1602 4495 1711 4548 ἀπὺ
1757 4496 1857 4565 τῆς

280 4595 576 4666 συμφορᾶς
609 4591 815 4662 ταύτην
845 4590 1025 4660 φέρων
1056 4588 1187 4659 περὶ
1222 4587 1387 4641 αὐτοῦ
1429 4587 1528 4658 τὴν
1557 4586 1756 4657 ψῆφον.
1796 4587 1861 4641 Οί

279 4688 344 4741 δὲ
394 4684 584 4756 ἐπειδὴ
618 4684 645 4736 6
679 4682 795 4754 ἔχις
834 4680 947 4753 (75)
995 4680 1095 4749 τῆς
1137 4678 1321 4749 χειρὸς
1370 4677 1547 4748 εἴχετο
1598 4679 1699 4747 τῆς
1732 4679 1865 4731 ἀπο.-

283 4776 567 4847 στολικῆς,
603 4775 843 4843 ἔφασκον
864 4789 877 4803 ·
918 4790 935 4823 ι
969 4771 1196 4833 Πάντως
1228 4771 1421 4838 φονεύς
1449 4772 1563 4822 ἐστι
1596 4771 1625 4822 6
1648 4769 1862 4839 ἄνθρω-

283 4886 393 4932 πος
428 4862 605 4932 οὗτος,
640 4866 699 4920 ὃν
729 4863 1066 4921 διασωθέντα
1110 4862 1175 4916 ὲκ
1205 4863 1305 4933 τῆς
1356 4862 1627 4932 θαλάττης
1655 4863 1689 4931 ἡ
1742 4860 1864 4931 δίκη

286 4963 395 5033 ζῇν
424 4962 524 5014 οὐκ
553 4961 755 5014 είασεν.
796 4976 815 5009 ι

705 5052 870 5104 ΣυΑν.
919 5078 990 5088 -
1034 5046 1454 5117 ΘΕΟΓΝΩΣΤῼ.

1968 4508 2029 4549 es
2063 4492 2157 4547 ‘7?
2197 4511 2216 4544 ι
2252 4491 2432 4546 Semci
2460 4504 2587 4544 vero
2613 4487 2959 4542 mitissimum
2995 4481 3249 4538 Davidem
3283 4479 3541 4532 inclamat

1969 4594 2028 4639 ut
2085 4583 2434 4645 homicidam,
2484 4578 2809 4636 calamitatis
2859 4578 2964 4631 hoc
3021 4573 3203 4628 ferens
3251 4567 3540 4636 judicium.

1965 4677 2189 4731 Barbari
2219 4690 2348 4749 vero
2405 4674 2481 4739 (in
2516 4672 2690 4727 Melita
2727 4668 2946 4739 insula),
2979 4680 3101 4722 cum
3147 4664 3338 4734 anguis
3388 4659 3542 4715 Pauli

1966 4783 2186 4822 manmn
2226 4765 2692 4835 apprehemlisset,
2719 4761 3034 4832 jactarunt:
3077 4773 3097 4808 ι
3133 4753 3330 4823 Utique
3363 4751 3542 4807 homi-

1968 4859 2089 4913 cida
2121 4866 2206 4913 est
2228 4858 2315 4912 hic
2340 4856 2500 4911 homo
2528 4874 2543 4910 :
2601 4854 2692 4924 qui
2723 4868 2846 4909 cum
2870 4848 3105 4905 evaserit
3143 4861 3175 4901 e
3217 4844 3380 4909 mari,
3410 4841 3545 4896 ultio

1972 4966 2076 5006 non
2110 4950 2241 5007 sinit
2268 4964 2390 5004 eum
2422 4950 2604 5003 vivere
2633 4948 2697 5002 ⁸⁸.
2740 4966 2760 4999 ι

2325 5040 2599 5096 CCLXXI.
2617 5069 2688 5082 —
2710 5030 3192 5092 THEOGNOSTO.

286 5148 524 5214 Divuiw,
553 5161 739 5210 nonor,
764 5155 812 5198 et
850 5145 1136 5213 prudentia
1167 5142 1418 5205 humana,
1445 5138 1819 5260 caducrttlsznt,
1852 5137 1869 5187 ἱ

1589 5224 1615 5260 e
1684 5224 1699 5259 t
1741 5246 1755 5259 .
1789 5220 1851 5259 Ill

1957 5143 2315 5275 ιᾳῖιεὲιέιόωἶιαε
2344 5134 2453 5189 Deo
2488 5133 2771 5201 conﬁdere.
2803 5128 2982 5199 (Cant.
3009 5127 3160 5196 epist.
3203 5126 3261 5187 5,
3283 5120 3352 5178 50
3374 5128 3420 5175 et
3451 5118 3543 5183 58,

1957 5223 1995 5260 ιδ
2023 5248 2037 5262 .
2174 5244 2189 5259 .

1589 5220 1637 5260 ει
1662 5220 1755 5260 uo.
1789 5220 1851 5259 ιιι
1885 5220 2037 5276 epist.
2064 5220 2189 5261 250.

366 5331 555 5393 υύδὲν,
587 5322 634 5382 ὧ
675 5325 969 5396 θαυμάσιε,
1012 5324 1041 5375 6
1078 5320 1332 5384 πλοῦτος,
1364 5318 1469 5372 κᾶν
1512 5316 1677 5379 πολὺς
1776 5314 1869 5368 καὶ

290 5420 561 5477 πάντοθεν
589 5418 855 5489 ἐπιρρέῃο
896 5415 1046 5469 οὐδὲν
1086 5414 1147 5469 τὸ
1188 5411 1427 5482 ἀξίωμα,
1454 5408 1558 5463 κᾶν
1590 5406 1867 5479 βασιλικὸν

2044 5314 2278 5377 Divitiae,
2315 5313 2398 5366 vir
2434 5311 2769 5376 admirande,
2820 5307 2922 5362 etsi
2975 5304 3178 5368 multm,
3209 5309 3264 5356 et
3306 5298 3545 5367 undique

1973 5403 2273 5470 alliuentes,
2310 5403 2443 5458 nihil
2475 5412 2618 5469 sunt,
2653 5415 2828 5470 neque
2857 5397 3113 5467 dignitas,
3146 5409 3214 5452 ne
3257 5393 3405 5465 regia
3430 5389 3551 5463 qui-

372 5579 415 5611 ⁸⁵
444 5576 612 5632 lCor.
648 5586 725 5636 xl,
758 5568 850 5625 ‘52.
936 5567 982 5599 ⁸³
1008 5564 1109 5621 Job
1145 5579 1340 5628 χχχιιι,
1366 5561 1455 5618 '52.
1532 5561 1577 5593 ⁸⁷
1608 5558 1740 5615 ibid.
1815 5560 1859 5592 σε
1882 5558 2002 5616 Act.
2041 5576 2232 5623 xxvm.
2265 5560 2322 5614 4.

1396 5677 1634 5734 VARIZE
1669 5676 2052 5734 LECTlONES
2093 5676 2179 5731 ET
2221 5674 2455 5733 ΝΟΤΑΞ.

373 5827 489 5899 (75)
519 5826 618 5883 Pro
643 5827 669 5879 6
699 5825 811 5895 ἔχις
841 5823 995 5880 ambo
1020 5818 1172 5878 codd.
1201 5818 1397 5877 habent
1431 5818 1461 5887 ἠ
1491 5816 1622 5887 ἔχις.
1658 5814 1866 5872 Possm.
