3982 6420
472 399 604 463 F595

1627 419 1689 480 ελ
1737 418 2028 481 ISIDORI
2066 419 2523 482 PELUSIOTE'

3589 404 3714 469 1496

467 516 613 579 dem,
643 529 706 569 ac
737 522 911 588 neque
948 522 1259 590 prudentia,
1298 526 1422 582 licet
1452 528 1587 584 bene
1607 530 1819 587 dicendi
1847 547 2039 589 ornata

2161 531 2225 609 ᾗ·
2274 534 2424 588 οὐδὲν
2467 536 2501 606 ἡ
2548 533 2784 601 σύνεσις,
2843 533 2947 587 κᾶν
2992 527 3301 603 εὐγλωττίᾳ
3342 520 3626 591 κοσμῆται,
3667 520 3714 569 ει

469 606 743 673 Ricultate,
806 610 907 666 nisi
960 627 1056 683 spe
1110 614 1163 669 in
1200 614 1368 673 Deum
1417 629 1769 691 temperetur.
1821 624 2053 682 Caduca:

467 700 666 753 etenim
697 700 920 767 divitize,
970 705 1170 775 quibus
1220 709 1460 766 divinum
1512 729 1710 769 numen
1748 732 1852 771 non
1884 717 2048 776 lavet.

465 787 776 846 Perduntur
804 794 949 849 enim
978 812 1377 867 saepenumero,
1410 790 1608 858 etcum
1648 809 2050 874 possessoribus

468 880 724 936 radicitus
751 898 1072 944 evertuntur
1121 893 1288 947 veluti
1322 896 1502 962 planta
1526 899 1748 963 sterilis,
1794 910 1850 954 et
1888 916 2047 970 agre-

465 973 562 1028 stis
612 976 1039 1049 propinquisque
1070 984 1229 1038 noxia
1260 987 1565 1043 arboribus.
1624 990 1787 1044 lulida
1832 1006 2049 1061 quoque

467 1073 521 1117 et
550 1063 712 1121 fallax
745 1069 889 1139 regia
930 1076 1331 1143 potestas,.nisi
1381 1079 1448 1134 ab
1478 1079 1675 1135 invicta
1709 1080 1801 1137 Dei
1832 1084 2048 1138 dextera

468 1167 706 1225 regatur.
755 1162 833 1215 Ad
858 1163 970 1218 haec
1012 1169 1321 1237 prudentia,
1352 1173 1455 1226 nisi
1489 1173 1666 1227 divina
1702 1186 1927 1229 ornetur
1959 1190 2050 1230 sa-

466 1250 692 1317 pientia,
739 1254 944 1311 inutilis
1000 1258 1161 1329 plane
1227 1272 1333 1327 est,
1388 1265 1542 1334 quasi
1586 1264 1742 1320 freno
1767 1267 2048 1323 destituta.

2159 625 2236 697 μὴ
2269 629 2336 696 τῇ
2366 626 2541 679 ἐλπίδι
2569 628 2635 696 τῇ
2660 625 2796 695 πρὸς
2825 626 2885 679 τὸ
2920 626 3073 679 Θεῖον
3104 622 3363 694 κιρνᾶται
3395 615 3527 687 (76).
3559 613 3714 669 Πλοῦ-

2149 731 2242 775 τος
2279 715 2379 785 μὲν
2411 715 2520 785 γὰρ
2552 715 2773 788 σαθρὸς,
2815 708 2860 783 ᾧ
2898 716 2960 770 τὸ
2982 716 3138 769 Θεῖον
3163 712 3265 766 οὐκ
3310 706 3712 777 ἐπιψηφίξεται·

2154 806 2572 877 συνανεσπάσθη
2605 806 2714 878 γὰρ
2746 806 3007 869 πολλάκις
3051 805 3144 858 καὶ
3175 800 3430 875 ριζωθεὶς
3457 798 3569 859 τοῖς
3597 811 3717 862 κτη-

2154 898 2434 970 σαμένοις,
2469 897 2659 968 ὥσπερ
2697 916 2749 950 τι
2788 898 2954 967 φυτὸν
3006 897 3257 967 ἄκαρπον
3287 896 3382 946 καὶ
3436 891 3715 991 ἀνημεξοῖν

2152 988 2248 1041 καὶ
2280 991 2393 1052 τοῖς
2418 989 2644 1058 πλησίον
2684 990 3084 1062 λυμαινόμενον
3104 988 3343 1058 δένδροις
3364 1001 3378 1014 ·
3410 980 3646 1050 σφαλερὰ
3668 978 3720 1030 οὲ

2152 1082 2247 1134 καὶ
2276 1080 2545 1151 βασιλεία,
2577 1083 2728 1153 παρὰ
2756 1082 2858 1152 τῆς
2877 1082 3147 1152 ἀηττήτου
3181 1079 3361 1142 δεξιᾶ-ς
3397 1074 3474 1145 μὴ
3493 1069 3720 1132 οἰακιξο-

2158 1174 2321 1244 μένη·
2358 1175 2619 1245 φρόνησις
2652 1174 2708 1226 δὲ
2760 1174 2834 1245 μὴ
2866 1172 3237 1267 κοσμουμένη-
3262 1172 3331 1238 τῇ
3373 1164 3497 1267 θείᾳ
3550 1160 3721 1267 “(iiiis

2152 1266 2484 1339 ἀνό[ν]ητος,
2522 1267 2617 1320 ἆτε
2645 1266 2709 1335 δὴ
2737 1267 2813 1337 μὴ
2850 1262 3332 1336 ἀνθηνιοχουμένη.
3373 1258 3722 1323 Ἀποστρὲφει

466 1340 771 1401 Prudentes
822 1350 968 1403 enim
1018 1363 1265 1420 enervat,
1311 1364 1566 1425 retroque
1604 1358 1715 1429 agit
1751 1369 1819 1412 et'
1849 1358 2050 1412 desinit

2161 1359 2258 1431 γὰρ
2297 1359 2596 1430 φρονίμους
2619 1360 2700 1421 είς
2734 1358 2803 1411 τά
2837 1357 3036 1420 ὀπίσω,
3067 1355 3160 1409 καὶ
3190 1352 3288 1423 τὴν
3319 1348 3515 1420 βουλὴν
3553 1345 3723 1398 αὐτῶν

466 1451 653 1492 eorum
688 1442 998 1498 consilium.
1026 1443 1207 1511 Quare
1238 1447 1284 1502 si
1318 1449 1432 1504 haec
1459 1450 1510 1503 in
1549 1450 1651 1505 hac
1689 1451 1799 1505 vita
1839 1450 2041 1504 caduca

2154 1453 2430 1523 μαραίνει.
2460 1453 2524 1505 El
2549 1452 2730 1505 τοίνυν
2761 1453 2856 1506 καὶ
2893 1452 2961 1505 τά
2989 1448 3226 1502 ἐνταῦθα
3258 1443 3438 1515 σαθρά
3463 1442 3574 1502 τοῖς
3595 1438 3723 1507 πρὸς

469 1529 705 1595 suntiis,
736 1532 827 1601 qui
880 1549 1007 1603 erga
1053 1537 1219 1592 Deum
1272 1539 1555 1594 instabiles
1591 1549 1738 1604 sunt,
1781 1550 1834 1594 et
1868 1538 2044 1594 futura

2161 1546 2213 1599 τὸ
2248 1546 2401 1598 Θεϊον
2433 1544 2673 1613 σαθροῖς,
2699 1544 2793 1597 καὶ
2812 1543 2881 1596 τά
2916 1541 3176 1613 μέλλοντα
3198 1533 3579 1610 χαλεπώτερα,
3603 1527 3727 1600 ἐχώ-

467 1618 891 1691 dilliciliora,-ad
925 1643 1137 1683 sacram
1167 1632 1545 1702 confugiamus
1576 1634 1892 1688 anchoram.

854 1735 1017 1821 642
1047 1740 1345 1797 CCLXXII.
1382 1773 1453 1784 —
1480 1744 1659 1800 NILO.

2160 1632 2301 1705 μεθα
2333 1632 2434 1703 τῆς
2462 1633 2614 1703 ἱερᾶς
2639 1631 2908 1701 ἀγκύρας.

2681 1743 2844 1797 ΣοΒν.
2876 1773 2947 1785 -
2970 1740 3204 1811 Nemo.

1003 1831 1251 1888 Prwdicit
1297 1836 1652 1892 imminentem
1681 1835 1935 1893 Ecclesia:
1977 1836 2337 1891 calamitatem
2375 1851 2440 1889 ea:
2469 1835 2687 1889 scelesta
2716 1835 3025 1888 clericorum
3070 1834 3203 1886 vita.

536 1932 727 1999 Audax
763 1938 1027 2011 profecto,
1061 1944 1205 2012 quod
1239 1946 1457 2011 scribis,
1482 1957 1583 2014 est,
1620 1957 1797 2004 tamen
1838 1966 2050 2019 verum,

2224 1946 2508 2016 Τολμηρδν
2549 1946 2647 2017 μὲν
2677 1945 2848 2007 ὅντως
2874 1943 2935 1997 τὺ
2960 1942 3113 2014 παρὰ
3146 1939 3242 1995 σοῦ
3270 1936 3506 2011 γραφὲν,
3535 1932 3724 2006 ἀληθὲς

468 2025 610 2092 quod
639 2027 812 2096 major
842 2033 987 2086 omni
1023 2047 1119 2101 spe
1142 2045 1197 2090 et
1227 2044 1352 2093 voto
1383 2053 1564 2094 rerum
1611 2055 1641 2094 a
1667 2040 1883 2097 Christo
1907 2043 2046 2099 facta

474 2117 799 2173 instauratio
823 2134 992 2191 prope
1012 2133 1094 2178 est
1127 2136 1186 2180 ut
1217 2124 1513 2197 oﬂ'uscetur
1536 2145 1728 2186 eorum
1767 2135 1861 2204 qui
1885 2136 1952 2190 ab
1985 2144 2052 2192 eo

472 2208 808 2267 honorantur
880 2225 1127 2275 extrema
1196 2220 1498 2291 iniquitate.
1587 2222 2047 2289 Quemadmodum

472 2300 695 2357 enimsi
737 2304 842 2360 hoc
876 2310 1121 2378 aggressi
1182 2323 1387 2379 essent,
1441 2323 1499 2369 ut
1545 2331 1667 2371 cum
1712 2317 1805 2374 illo
1837 2321 1927 2389 qui
1955 2335 2051 2375 eos

472 2392 761 2450 honoravit
816 2396 1121 2467 decertent,
1176 2402 1260 2458 sic
1292 2404 1425 2459 nihil
1459 2421 1565 2461 non
1606 2417 1771 2477 agunt
1822 2412 2048 2479 quodin

472 2484 591 2553 eius
623 2485 781 2545 cedat
814 2488 1245 2561 blasphemiam...
1284 2496 1484 2566 Ecquis
1534 2499 1697 2569 igitur
1748 2502 1852 2559 hoc
1898 2504 1982 2558 vel
2014 2518 2046 2558 a

475 2577 901 2647 reprehensione
949 2581 1164 2650 liberet,
1216 2587 1301 2641 vel
1349 2589 1616 2659 supplicio
1661 2593 1905 2649 eximat?
1954 2596 2047 2665 qui

475 2668 643 2723 armis
664 2673 953 2727 sacerdotii
987 2685 1172 2731 contra
1201 2689 1504 2736 armantem
1535 2683 1639 2749 usi,
1675 2692 1733 2739 et
1761 2685 2055 2743 inlidelium

475 2770 570 2809 ora
604 2759 1016 2827 patelacientes,
1055 2774 1110 2819 et
1136 2769 1280 2837 quod
1307 2774 1585 2842 egregium
1616 2774 1683 2829 ad
1724 2778 2057 2833 emendatio-

476 2862 601 2901 nem
629 2849 853 2918 minime
879 2853 982 2909 sibi
1004 2870 1404 2927 comparantes.

582 3067 903 3130 CCLXXI“.
930 3102 1002 3113 ——
1029 3075 1402 3134 DOBOTHEO
1444 3081 1615 3141 VIRO‘
1635 3086 1944 3146 CLARISS.

2155 2037 2246 2093 δέ·
2282 2039 2363 2091 ὅτι
2398 2042 2431 2107 ἡ
2458 2039 2727 2110 κρείττων
2758 2036 2938 2106 πάσης
2967 2033 3183 2096 ἐλπίδος
3213 2049 3270 2084 τε
3303 2029 3399 2127 καὶ
3434 2026 3599 2127 elixi];
3629 2025 3727 2077 τῶν

2158 2129 2503 2201 πραγμάτων
2555 2128 2929 2200 ἐπανόρθωσις
2959 2127 2991 2194 ἡ
3042 2125 3147 2177 ὑπὸ
3174 2123 3267 2176 τοῦ
3303 2123 3547 2191 Χριστοῦ
3573 2133 3727 2185 γεγε-

2157 2219 2390 2290 νημένη,
2421 2218 2721 2273 κινδυνεύει
2771 2215 3154 2289 ἀμαυροῦσθαι
3189 2213 3295 2267 ὑπὸ
3323 2212 3423 2281 τῆς
3450 2210 3564 2264 τῶν
3606 2209 3731 2278 παρ’

2157 2309 2324 2363 αὑτοῦ
2372 2308 2714 2380 τιμηθέντων
2760 2306 3173 2378 ἀνυπερϐλήτου
3230 2302 3463 2365 κακίας·
3509 2299 3588 2361 ὡς
3632 2297 3732 2400 γὰρ

2158 2404 2238 2467 είς
2268 2402 2428 2458 τοῦτο
2466 2399 2965 2472 προχειρισθέντες,
3003 2398 3093 2451 ἵνα
3136 2394 3215 2465 τῷ
3248 2395 3551 2464 τιμήσαντι
3589 2401 3733 2442 πολε-

2158 2499 2405 2570 μήσοιεν,
2426 2496 2599 2561 cina);
2633 2498 2848 2552 ἅπαντα
2879 2495 3100 2590 δρῶσιν,
3130 2491 3167 2545 ἃ
3294 2492 3375 2553 εἰς
3394 2488 3495 2558 τὴν
3525 2485 3731 2590 ἐκείνου

2154 2590 2420 2647 διαϐαίνει
2460 2587 2832 2659 βλασφημίαν.
2875 2587 2972 2649 Τίς
3022 2580 3114 2639 οὖν
3164 2581 3398 2679 ἐξέλοιτο
3439 2577 3663 2679 ,τούτους
3698 2573 3731 2642 ἢ

2158 2680 2544 2751 κατηγορίαςῆ
2574 2680 2732 2749 δίκης
2753 2717 2768 2741 ,
2798 2677 2925 2741 τοὺς
2951 2677 3065 2739 τοῖς
3096 2673 3280 2735 ὅπλοις
3309 2670 3731 2768 τῆςιὶερωσῑξνῐξς

2155 2769 2299 2824 κατὰ
2330 2769 2425 2822 τοῦ
2450 2768 2772 2831 ὁπλίσαντος
2806 2764 3210 2838 χρησαμένους,
3243 2762 3339 2814 καὶ
3372 2760 3443 2812 τά
3479 2756 3586 2810 τῶν
3615 2753 3731 2808 ἁπε-

2159 2879 2301 2915 στων
2342 2860 2586 2930 στόματα
2611 2858 2947 2923 ἀνοίξαντας,
2983 2856 3079 2908 καὶ
3126 2854 3188 2906 τὸ
3226 2849 3509 2921 ὑπερφυὲς
3538 2846 3731 2916 κατόρ-

2155 2955 2313 3026 θωμα
2356 2954 2519 3025 μηδὲν
2543 2952 2653 3021 (77)
2685 2948 3246 3021 παρασκευάσαντας;

2376 3101 2538 3155 Σ()Γ’.
2570 3129 2640 3143 -
2673 3097 2979 3167 ΔΩΡΟΘΕῼ
3014 3088 3510 3158 ΛΑΜΠΡΟΤΑΤῼ.

1126 3246 1128 3249 τ
1407 3175 1661 3233 Virtutem
1688 3182 1856 3237 verbis
1877 3187 1969 3255 qui
1984 3187 2215 3263 jactaat,
2251 3212 2405 3265 opere
2432 3212 2533 3248 non
2556 3202 2816 3247 exercent.

544 3274 716 3333 Nemo
741 3282 951 3337 caelesti
981 3297 1041 3339 se
1067 3284 1288 3355 dignum
1324 3289 1443 3343 aula
1471 3291 1701 3359 judicet,
1737 3294 1846 3349 nisi
1884 3298 2050 3352 virtu-

2237 3302 2430 3367 Οὐδεὶς
2481 3304 2580 3374 μὲν
2614 3300 2874 3369 ἀξιωθείη
2913 3298 3016 3368 τῆς
3057 3294 3312 3366 οὐρανίου
3358 3288 3735 3359 πανηγύρεως,

476 3380 589 3425 tum
620 3370 692 3427 sit
733 3373 1022 3430 decoratus
1052 3382 1411 3437 ornamentis.
1447 3383 1715 3450 Quoniam
1760 3389 1903 3444 enim
1937 3405 2061 3446 ver—

476 3462 557 3515 bis
587 3462 733 3516 illam
754 3464 1010 3521 virtutem
1041 3476 1399 3536 ostentantes,
1424 3484 1482 3528 ut
1509 3478 1728 3543 scribis,
1759 3480 2059 3549 deprehen-

478 3554 700 3619 duntur,
726 3559 982 3627 operibus
1003 3577 1143 3618 vero
1163 3578 1269 3619 non
1293 3567 1455 3622 modo
1485 3573 1764 3643 panegyri,
1801 3571 2061 3644 frequen-

480 3643 630 3713 tique
657 3659 949 3714 conventu,
998 3652 1097 3707 sed
1149 3664 1204 3708 et
1260 3658 1452 3724 poenis
1478 3659 1637 3730 digna
1693 3643 2061 3729 committunt,

482 3734 587 3789 alia
623 3737 838 3806 quidem
869 3740 1076 3813 lingua,
1105 3744 1210 3800 alia
1241 3757 1465 3817 pectore
1512 3752 1720 3809 inclusa
1763 3760 2061 3824 gestantes.

481 3827 628 3894 Quos
661 3829 865 3885 imitari
891 3833 1066 3900 nefas,
1092 3836 1202 3894 imo
1226 3842 1463 3898 maxime
1490 3853 1614 3898 sunt
1644 3846 1981 3915 deplorandi.

588 3935 907 4008 CCLXXIV'.
944 3972 1015 3984 —
1054 3942 1395 4004 DIOSCOBO
1438 3949 1532 4005 ET
1570 3951 1948 4015 TIMOTHEO.

2170 3397 2244 3468 μὴ
2279 3395 2655 3466 γνωρίσμασιν
2701 3391 2902 3463 ἀρετῆς
2952 3387 3288 3459 ἐμπρέπων·
3340 3382 3542 3451 ἐπειδὴξ
3572 3380 3628 3433 δέ
3652 3378 3736 3431 λὸ·

2164 3504 2284 3555 γοις
2326 3487 2425 3557 μὲν
2448 3484 2652 3555 ταύτην
2684 3480 3037 3554 σεμνύνοντες
3065 3494 3230 3541 τινες,
3259 3476 3336 3538 ὡς
3363 3474 3522 3543 ἔφης.
3565 3471 3737 3541 ἔργῦις

2164 3578 2221 3631 δὲ
2266 3577 2329 3631 οὐ
2388 3577 2548 3648 μόνον
2600 3573 2984 3644 πανηγύρεως,
3017 3569 3153 3624 ἀλλὰ
3180 3568 3276 3621 καὶ
3316 3563 3593 3635 τιμωρίας
3623 3559 3736 3625 ἀξια

2164 3669 2355 3743 δρῶσι,
2405 3666 2553 3738 δῆλοί
2591 3667 2729 3719 εἰσιν
2762 3664 2897 3718 ἄλλα
2929 3662 3027 3732 μὲν
3053 3658 3145 3756 διὰ
3177 3653 3736 3756 γλώσσης.

2164 3740 2302 3814 ἀλλα
2328 3759 2385 3813 δέ
2403 3758 2493 3812 διὰ
2516 3758 2742 3829 γνώμης
2768 3755 2984 3826 ἔχοντες
3004 3770 3018 3784 ·
3037 3750 3131 3815 οὒς
3154 3750 3215 3803 οὐ
3237 3747 3348 3820 χρὴ
3364 3744 3585 3814 ζηλοῦν,
3614 3740 3740 3797 ἀλλὰ

2163 3850 2362 3923 κομιδῇ
2400 3849 2786 3921 καταθρηνεῖν.

2377 3961 2538 4013 ΣοΔι.
2567 3987 2638 4000 -
2678 3955 3017 4024 ΔΙΟΣΚΟΡῼ
3052 3951 3172 4007 ΚΑΙ
3207 3946 3536 4018 TtMero.

1775 4049 1859 4102 Ad
1888 4061 2198 4110 metanaram
2231 4055 2439 4109 invitat.

2238 4181 2352 4233 Οὐκ
2386 4179 2532 4232 ἔστιν
2579 4178 2728 4239 ὅπως
2755 4175 2812 4229 αἱ
2868 4172 3063 4237 αἰτίαι,
3114 4170 3163 4224 ὦ
3211 4169 3502 4240 βέλτιστοι,
3533 4166 3604 4227 ἃς
3629 4162 3740 4218 καθ’

2170 4271 2323 4342 ὑμῶν
2353 4268 2697 4340 λογοποιοῦσι
2720 4284 2886 4332 τινες,
2923 4265 3102 4319 καίτοι
3142 4261 3449 4326 ἀξιόπιστοι
3494 4254 3635 4364 εἶναι

487 4355 593 4408 tur,
628 4346 920 4414 quominus
948 4348 1107 4405 olIicii
1160 4366 1253 4409 vos
1296 4354 1463 4408 vestri
1514 4355 1859 4413 admoneam.
1888 4358 2050 4416 Gravr

489 4435 626 4456 με---
679 4434 835 4456 μηηε.
1063 4454 1075 4456 _
1121 4450 1132 4456 _
1639 4445 1653 4456 .
1849 4450 1860 4456 -
1961 4451 1972 4456 _

2169 4363 2415 4427 κοῦντες,
2449 4359 2753 4416 κωλύσουσί
2790 4376 2859 4430 με
2888 4355 3217 4428 παραινέσαι
3240 4353 3309 4406 τὰ
3333 4352 3544 4456 δέοντα,
3570 4348 3743 4456 Δεινόν

484 4435 628 4488 enim
677 4434 863 4501 fuerit,
919 4437 966 4493 si
1016 4450 1259 4496 nostram
1301 4456 1429 4517 erga
1490 4460 1589 4501 vos
1638 4445 2050 4505 benevolentian

491 4539 671 4547 “MM
707 4527 1049 4547 ,ψη-μη.
1316 4532 1327 4544 .
1437 4533 1473 4547 η
2002 4540 2034 4547 ..

2170 4455 2277 4522 γὰρ
2314 4452 2382 4505 ἂν
2425 4448 2536 4520 εἴη,
2574 4451 2622 4503 εἰ
2651 4450 2749 4518 τὴν
2789 4447 3069 4517 ἡμετέραν
3104 4443 3429 4547 πρὸςηύμᾶἔ
3458 4438 3669 4547 εἷδνοιαν
3692 4438 3741 4491 αἱ

486 4527 1053 4599 eorumexstinguant
1094 4529 1398 4588 calumnia.
1433 4533 1585 4601 Quod
1624 4535 1789 4606 igitur
1813 4538 1943 4595 libet
1982 4540 2050 4595 di-

490 4630 613 4642 ..Α-ι.
666 4617 904 4642 ιι-η.-2ι,...
932 4622 1152 4642 -_-:_!._
1227 4622 1433 4642 n_-,-,,,,
1516 4634 1552 4642 κ.
1620 4635 1631 4642 .
1665 4627 1718 4642 ιιι
1813 4629 1833 4642 ι-
1866 4630 1878 4642 1

2171 4544 2303 4615 παρ’
2355 4542 2580 4596 ἐκείνων
2630 4538 2880 4594 διαϐολαὶ
2928 4535 3189 4591 ἀνέλοιεν.
3354 4528 3452 4585 οὖν
3484 4531 3742 4642 ,βούλομαι

486 4630 635 4679 cere,
666 4617 904 4675 breviter
929 4622 1176 4693 accipite.
1206 4622 1446 4693 Equum
1475 4634 1560 4684 est
1581 4635 1640 4682 ut
1664 4627 1785 4685 illos
1809 4629 1943 4685 falsa
1968 4646 2050 4686 re-

2173 4636 2401 4704 φράσαι,
2454 4628 2735 4700 συντόμως
2777 4624 3079 4681 ἀκούσατε·
3114 4625 3195 4677 ὅτι
3244 4621 3448 4675 δίκαιοι
3480 4620 3548 4674 ἂν
3604 4619 3743 4689 εἴητε

490 4708 632 4762 t‘crre
657 4708 979 4781 ostendatis.
1003 4711 1100 4768 Sin
1124 4728 1251 4769 vera
1284 4727 1528 4784 narrant,
1553 4720 1878 4789 resipiscite.
1912 4722 2050 4789 Quor

2172 4724 2343 4790 δεῖξαι
2383 4723 2622 4785 ἐκείνους
2664 4720 2739 4791 μὴ
2787 4716 3173 4788 ἀληθεύοντας·
3214 4714 3264 4765 εἰ
3297 4712 3356 4765 δὲ
3398 4711 3739 4782 ἀληθεύουσι,

489 4800 533 4853 si
583 4801 872 4868 recusatis,
929 4805 1122 4865 scitote
1178 4807 1476 4867 amicorum
1520 4825 1615 4866 vos
1666 4814 1837 4868 choro
1881 4828 2063 4884 segre-

490 4895 713 4965 gandos.
1116 4938 1117 4941 η

2173 4908 2282 4961 τῶν
2312 4906 2480 4976 φίλων
2503 4903 2977 4974 ἐκκριθησόμενοι.

712 5005 1013 5065 CCLXXV.
1047 5036 1119 5049 —-
1141 5006 1834 5072 PALLADlO’DlACONO.

2449 5014 2612 5075 ΣοΕο.
2654 5042 2724 5053 -
2761 5012 3109 5082 ΠΑΛΛΑΔΙῼ
3146 5008 3473 5078 ΔΙΑΚΟΝῼ.

494 5098 723 5170 Propria
749 5103 900 5170 prius
934 5105 1066 5160 vitia
1092 5107 1440 5174 emendanda,
1466 5126 1626 5178 quam
1651 5112 1831 5166 aliena
1850 5113 2295 5252 reprelii‘ndégga).
2328 5109 2509 5181 (Conf.
2536 5109 2691 5176 epist.
2726 5107 2849 5171 176,
2878 5107 3001 5171 177,
3037 5105 3159 5162 196.
3190 5102 3394 5159 Similis
3418 5102 3489 5154 ad
3516 5100 3742 5155 eumdem

1952 5199 2035 5252 epr
2086 5222 2103 5238 .
2248 5225 2258 5237 .

1952 5199 2103 5252 epist.
2133 5199 2258 5237 22;).

554 4160 701 4217 Nihil
729 4162 1038 4232 prohibent,
1067 4181 1102 4223 o
1138 4165 1268 4235 boui
1296 4170 1437 4235 νίτίν
1452 4172 1845 4242 accusationes,
1881 4191 2000 4246 quae
2030 4193 2061 4234 a

464 4253 806 4331 quibusdam
836 4256 1011 4326 iisque
1036 4257 1140 4315 lide
1161 4260 1343 4329 dignis
1380 4263 1667 4319 adversum
1706 4280 1802 4321 vos
1824 4265 2064 4326 afferun-

2174 4815 2665 4886 γνωσιμαχήσατε·
2709 4811 2760 4864 εί
2787 4811 2845 4865 δέ
2893 4810 2954 4863 οὑ
2988 4803 3265 4879 βούλεσθε,
3300 4804 3415 4857 ῐστε
3458 4802 3553 4856 τοῦ
3591 4801 3743 4874 χοροῦ

566 5276 736 5334 Valde
785 5279 1090 5349 ridiculum,
1115 5283 1250 5341 alios
1298 5300 1486 5356 regere
1511 5288 1651 5345 velle
1701 5290 1799 5357 qui,
1831 5290 1931 5347 sibi
1970 5291 2050 5360 ips

2246 5290 2458 5361 Κομιδῇ
2480 5288 2709 5357 γελοῖον,
2738 5287 2942 5358 ἐτέρων
2964 5284 3154 5355 ἄρχειν
3184 5286 3484 5355 ἐπιχειρεῖν
3512 5283 3601 5335 τὸν
3623 5283 3739 5334 ἐαυ-

496 5380 772 5439 nequeunt
801 5373 1091 5443 imperare.
1120 5376 1221 5461 Qui
1253 5378 1395 5433 enim
1427 5378 1671 5436 furentes
1696 5382 1861 5437 animi
1898 5392 2050 5437 motu

2176 5381 2271 5436 τοῦ
2292 5380 2455 5450 ἄρξαι
2480 5382 2554 5453 μὴ
2584 5380 2903 5452 δυνηθέντα.
2938 5378 2997 5431 '0
3020 5376 3128 5449 γὰρ
3154 5375 3224 5429 τά
3253 5378 3428 5477 οἰκεῖα
3457 5376 3605 5477 πάθη
3632 5374 3742 5477 λυτ-

494 5477 602 5517 ιιοο
637 5463 796 5520 modo
825 5448 1185 5538 non-subigit,
1204 5467 1296 5524 sed
1318 5477 1375 5524 et
1404 5470 1679 5526 licentiam
1725 5472 1934 5528 dederit
1976 5488 2050 5543 pol

2178 5448 2354 5527 τῶντα
2395 5448 2492 5545 μὴ⁷
2514 5448 2793 5544 μόνονξτμὴ
2822 5448 3119 5537 ὑποτάξας,
3161 5467 3296 5559 ἀλλὰ
3326 5470 3423 5521 καὶ
3454 5468 3636 5523 ἄδειαν
3656 5462 3740 5519 αὑ-

1630 5626 1871 5685 VARIE
1910 5625 2293 5685 LECTIONES
2329 5625 2419 5682 ET
2455 5623 2689 5683 ΝΟΤᾸΕ.

567 5787 681 5869 ς
710 5788 878 5869 ςοᾶᾶ.
900 5787 1077 5869 Vatic.
1104 5785 1210 5869 650
1238 5792 1293 5840 et
1318 5783 1449 5848 Alt.,
1470 5785 1829 5869 ,κυὸερνᾶταιτ
1862 5785 2050 5869 Possm

2315 5864 2327 5869 -
2484 5853 2535 5869 ,ι
2553 5842 2573 5858 ⁸

571 5848 682 5924 ΓΠ)
718 5857 863 5914 Inter
892 5858 1056 5925 μηδὲν
1088 5867 1143 5914 et
1168 5848 1691 5925 παρασκευάσαντας
1712 5857 1869 5913 ambo
1900 5858 2050 5913 codd.

2161 5864 2333 5914 serunt
2348 5848 2685 5921 νομισθῆναι.
2708 5848 2781 5905 In.
