3982 6420
202 427 339 491 1497
1034 431 1572 495 EPISTOLARUM
1608 437 1754 496 LIB.

1899 462 1969 473 ·-
2006 438 2243 500 EPIST.
2280 440 2691 504 CCLXXVIII.
3332 447 3482 514 1498-

196 546 311 602 τοῖς
357 538 453 592 τοῦ
501 538 679 594 πάντα
722 540 823 593 ὅσα
859 539 1138 611 βούλονται
1187 544 1282 597 καὶ
1310 544 1567 599 δύνανται
1610 550 1785 600 ποιεῖν

1893 558 2258 620 testatemque
2295 550 2511 615 fecerit,
2543 565 2881 622 quaecunque
2905 551 3038 607 libet
3057 561 3339 626 potestque
3366 573 3464 627 pa-

196 628 469 695 δεδωκὼς,
519 620 675 694 οὗτος
720 630 1123 699 καταγέλαστος
1155 633 1329 699 ἔσται,
1372 634 1441 688 τὰ
1463 635 1571 689 τῶν
1606 635 1783 689 ἄλλων

1893 641 2085 706 trandi,
2132 641 2217 696 hic
2263 643 2624 710 perridiculos
2673 620 2888 709 evadet,
2942 620 3175 701 aliorum
3208 620 3467 704 sierrsta

196 719 547 790 πειρώμενος
594 720 862 792 διορθοῦν.
895 723 1105 777 Ταυτδν
1146 724 1254 796 γὰρ
1303 727 1465 790 ποιεῖ,
1498 726 1688 798 ὥσπερ
1716 727 1784 781 ἂν

1893 733 2166 801 corrigere
2194 733 2412 788 audeat.
2443 732 2675 789 Perinde
2702 736 2846 789 enim
2886 733 3034 802 facit,
3061 748 3224 807 atque
3255 739 3323 794 si-
3349 754 3469 794 me-

197 811 253 863 εῐ
281 828 364 873 τις
401 811 586 883 ἰατρὸς
614 811 796 865 ἕλκεσι
825 812 1005 883 βρύων
1031 813 1101 867 τά
1119 814 1227 868 τῶν
1257 813 1428 880 πέλας
1460 816 1783 888 θεραπεύειν

1893 821 2044 877 dicus
2077 824 2200 892 quis
2225 824 2499 881 ulceribus
2524 835 2741 881 scatens
2773 826 3000 882 aliorum
3028 842 3221 884 curare
3250 829 3470 888 morbos

198 904 531 976 ἐπιχειροίη.

1893 909 2171 979 suscipiat.
3392 908 3395 913 ⁴

540 1011 717 1081 Σος’.
751 1043 824 1054 —-
854 1014 1119 1085 ΕΡΜΙΝῼ
1152 1015 1446 1069 ΚΟΜΗΤΙ.

2156 1021 2479 1078 CCLXXVI.
2504 1054 2578 1064 —
2604 1021 2919 1079 HERMINO
2955 1023 3215 1080 COMITI.

200 1107 277 1163 De
320 1116 604 1179 grassante
659 1108 925 1176 Simonia,
989 1126 1081 1165 seu
1126 1110 1417 1193 sacerdotii
1464 1114 1864 1193 nundinatione.
1929 1116 2036 1193 (De
2072 1134 2182 1193 qua
2226 1119 2410 1193 etglib.
2457 1136 2499 1187 ι,
2553 1122 2709 1191 epist.
2762 1122 2865 1177 M9
2899 1129 2949 1176 et
2999 1120 3127 1188 151,
3162 1132 3211 1176 et
3243 1122 3338 1179 lib.
3386 1136 3467 1190 tu,

1334 1184 1489 1250 epist.
1531 1184 1656 1249 594,
1692 1194 1742 1238 et
1783 1184 2109 1256 intra'epist.
2152 1189 2304 1257 595.)

270 1290 384 1342 Καὶ
410 1290 459 1341 oi
492 1289 896 1361 πιπράσκοντες
920 1289 1016 1342 καὶ¹
1054 1290 1103 1343 οἱ
1148 1288 1535 1359 ἀγοράζοντες,
1576 1291 1652 1354 ὡς
1690 1292 1782 1360 γέ-

1956 1293 2021 1349 Et
2051 1298 2345 1353 vendentes
2369 1308 2423 1353 et
2457 1308 2721 1363 ementes,
2756 1310 2816 1355 ut
2844 1301 2911 1355 ad
2939 1316 3028 1356 me
3066 1301 3351 1371 scripsisti,
3384 1317 3473 1357 sa-

197 1398 445 1452 τραφας.
471 1380 569 1450 τὴν
616 1379 936 1450 ἱερωσύνην,
980 1380 1238 1451 μέγιστον
1280 1380 1402 1434 καθ’
1448 1383 1657 1436 ἐαυτῶν
1690 1384 1783 1436 ἐκ-

1893 1388 2209 1455 uerdolium,
2260 1389 2294 1443 ii
2328 1405 2579 1459 magnum
2624 1401 2813 1447 contra
2870 1407 2930 1448 se
2976 1392 3139 1465 643
3187 1393 3473 1461 proferunt

198 1474 431 1545 φέρουσι
450 1473 669 1543 δεῖγμα,
689 1468 758 1548 ἦς
779 1473 957 1543 ἔχουσι
982 1472 1221 1544 περὶτοῦ
1252 1474 1577 1545 πράγματος
1595 1474 1775 1546 δόξης.

1893 1487 2258 1547 argumentum
2318 1494 2429 1535 suac
2462 1496 2624 1551 quam
2655 1482 2724 1535 de
2752 1482 2856 1536 hoc
2886 1482 3104 1551 neg0tio
3127 1483 3324 1537 habent
3354 1482 3470 1551 Opi-

200 1569 275 1621 Οὑ
309 1569 419 1639 γὰρ
468 1568 534 1621 ἂν
567 1567 895 1638 ἐτόλμησαν,
945 1569 994 1621 οἱ
1031 1567 1130 1641 μὲν
1167 1568 1443 1639 πωλῆσαι,
1479 1569 1529 1621 οἱ
1561 1569 1619 1621 δὲ
1652 1571 1783 1639 ἀγο-

1893 1571 2084 1626 nionis.
2118 1571 2332 1643 Alioqui
2372 1589 2477 1630 non
2532 1584 2716 1630 essent
2766 1575 2883 1629 ausi
2922 1589 3105 1629 emere
3147 1586 3202 1628 et
3233 1576 3468 1630 vendere

203 1658 370 1728 ράσαι
402 1657 637 1729 πρᾶγμα
664 1656 826 1724 θεῖον,
857 1657 952 1711 καὶ
976 1657 1005 1710 ὃ
1039 1657 1284 1728 πολιτείᾳ
1309 1657 1505 1731 ἀρίστῃ
1529 1658 1623 1712 καὶ
1663 1660 1787 1731 τρό-

1893 1678 2000 1717 rem
2038 1663 2298 1730 divinam,
2333 1678 2453 1732 quae
2485 1666 2706 1735 optimm
2730 1664 2956 1719 debetur
2981 1662 3467 1728 administratiOni,

201 1767 326 1811 ποις
348 1748 529 1819 ὀρθοῖς
563 1750 937 1820 χρεωστεῖται.
967 1748 1163 1803 Κανῶν
1195 1748 1302 1821 γὰρ
1333 1750 1423 1803 τοῦ
1463 1750 1788 1821 πράγματος

1893 1756 2160 1825 rectisque
2192 1754 2459 1810 moribus.
2477 1756 2683 1826 Regula
2706 1756 2851 1810 enim
2878 1754 3041 1824 hujus
3068 1754 3143 1810 rei
3181 1763 3286 1820 est,
3313 1762 3472 1823 aptus

201 1841 234 1908 ἠ
266 1838 645 1910 ἐπιτηδειότης
665 1837 759 1891 τοῦ
784 1838 1173 1909 λαμϐάνοντος,
1204 1841 1253 1893 εἱ
1279 1841 1352 1911 μὴ
1386 1841 1633 1910 παίγνιον
1653 1842 1786 1896 αὐτὸ

1893 1853 1948 1898 ut
1971 1844 2041 1897 sit
2079 1844 2171 1913 qui
2200 1844 2445 1914 suscipit,
2476 1845 2577 1899 nisi
2609 1845 2821 1899 ludicra
2846 1846 3092 1914 quaedam
3142 1860 3227 1898 res
3268 1844 3471 1898 habea—

202 1925 343 1981 είναι
376 1930 663 2001 ἡγήσαιτο.
711 1930 847 1982 Ποία
877 1926 971 1984 οὖν
1002 1932 1355 1986 ἀποκείσεται
1393 1935 1634 2006 τιμωρία
1672 1938 1786 2000 τοῖς

201 2020 497 2083 παίζουσιν
526 2021 585 2073 ἐν
628 2020 688 2073 οὺ
725 2023 997 2083 παικτοῖς,
1031 2024 1063 2091 ή
1096 2021 1163 2093 σὴ
1206 2021 1272 2076 ἂν
1299 2023 1466 2094 εἰδείη
1499 2026 1780 2097 φρόνησις.

200 2113 379 2165 Πάλαι
413 2112 512 2181 μὲν
542 2107 635 2165 οὖν
680 2113 772 2164 ἐπὶ
805 2112 913 2165 τῶν
977 2113 1252 2186 Ἑϐραίων
1312 2117 1377 2169 ἐκ
1411 2117 1603 2185 γένους
1651 2136 1786 2171 κατ-

199 2203 483 2275 αγομένης
503 2203 605 2274 τῆς
650 2204 968 2274 ἱερωσύνης,
1014 2204 1326 2275 ἐμέμφοντο
1367 2207 1572 2275 πολλοὶ,
1620 2208 1688 2263 δι’
1720 2208 1788 2280 ην

199 2298 386 2350 αἰτίαν
435 2297 513 2366 τῷ
564 2297 748 2364 γένει,
796 2295 913 2350 ἀλλ’
964 2297 1024 2349 οὐ
1085 2300 1152 2369 τῇ
1205 2299 1372 2370 ἀρετῇ
1425 2301 1786 2372 ἀπενεμήθηο

197 2389 393 2460 ἐπειδὴ
434 2388 492 2441 δὲ
535 2389 629 2442 καὶ
673 2389 769 2442 ἐπὶ
802 2388 864 2442 τὸ
894 2388 1105 2459 βέλτιον
1136 2392 1546 2463 μετεκοσμήθη,
1574 2393 1671 2446 καὶ
1707 2395 1789 2458 εἱς

198 2484 298 2554 τὴν
345 2482 551 2554 ἀρετὴν
592 2480 984 2552 μετεκομίσθη,
1037 2481 1300 2552 μειζόνως
1340 2483 1702 2553 παροινεῖται,
1752 2482 1786 2553 ἢ

197 2579 285 2628 ὅτε
315 2575 416 2628 καὶ
446 2574 679 2627 ἐλάττων
710 2569 798 2643 ἦν,
819 2575 913 2626 καὶ
935 2572 1013 2644 τῷ
1037 2574 1187 2642 γένει
1214 2575 1656 2646 ἀπεκεκλήρωτο.
1687 2575 1789 2629 Τό-

140 2680 143 2683 ‘
198 2686 258 2720 τε
287 2667 391 2737 μὲν
421 2667 534 2738 γὰρ
560 2668 609 2719 εί
639 2667 733 2719 καὶ
755 2662 895 2737 ἦσάν
920 2682 1066 2729 τινες
1091 2663 1327 2731 ἀνάξιοι,
1358 2666 1496 2719 ἀλλά
1525 2662 1668 2738 ἦσαν
1696 2668 1791 2721 καὶ

199 2762 418 2830 ἄριστοι
438 2773 451 2787 ’
484 2758 545 2811 τὸ
568 2758 624 2811 δὲ
654 2758 934 2828 χρήμασιν
978 2755 1233 2809 ὠνεῖσθαι
1260 2757 1541 2821 παντελῶς
1575 2758 1789 2827 ἀπηγό-

202 2865 397 2919 ρευτοο
447 2852 564 2901 νυνὶ
593 2847 659 2900 δι’
687 2849 776 2900 ὅτε
815 2847 911 2900 καὶ
958 2846 1050 2898 ἐπὶ
1074 2846 1134 2897 τὸ
1175 2847 1424 2916 κρεῖττον
1474 2847 1788 2911 ἐπιδέδωκε,

200 2942 299 2996 καὶ
323 2945 394 3014 τῇ
416 2942 585 3012 ἀρετῇ
608 2938 954 3010 ἀπενεμήθη,
992 2938 1258 3010 μειζόνως
1286 2938 1668 3009 κατεπατήθη.
1696 2940 1790 3003 Τίς

199 3033 311 3103 γάρ
337 3032 451 3085 τῶν
484 3030 724 3102 ἀρίστων
751 3028 978 3094 ἀξιώσει
1004 3028 1357 3095 κολακεῦσαι,
1396 3028 1539 3103 ὥστε
1588 3030 1791 3101 ταύτης

1891 1947 1997 1992 tur.
2028 1938 2124 1993 Cui
2153 1939 2298 1992 enim
2326 1953 2501 2008 poenae
2521 1938 2790 1993 obnoxius
2827 1938 3077 1992 videatur
3106 1937 3298 1991 ludens
3328 1937 3380 1990 in
3411 1950 3476 1989 re

1889 2042 1994 2081 non
2025 2027 2255 2093 ludicra,
2294 2038 2381 2081 tua
2432 2044 2538 2082 non
2582 2028 2798 2097 ignorat
2841 2028 3131 2097 sapientia.
3168 2025 3309 2105 Olim
3349 2026 3471 2095 qui-

1889 2119 2009 2171 dem
2069 2133 2190 2172 cum
2232 2119 2375 2188 apud
2414 2116 2677 2173 Hebraeos
2718 2118 3076 2174 sacerdotalis
3109 2117 3344 2185 dignitas
3378 2116 3470 2170 uni

1889 2220 2053 2266 certae
2085 2210 2304 2265 familiae
2344 2211 2621 2281 assignata
2692 2220 2857 2275 esset,
2908 2210 3321 2265 murmurahant
3365 2223 3468 2262 non

1892 2300 2075 2369 pauci,
2103 2314 2205 2354 cur
2228 2298 2305 2355 illi
2342 2300 2498 2370 stirpi
2532 2301 2712 2371 potius
2738 2316 2803 2356 ac
2847 2298 3034 2371 generi
3070 2314 3231 2369 quam
3285 2299 3469 2351 virtuti

1890 2394 2129 2447 daretur.
2163 2391 2457 2461 Postquam
2482 2408 2612 2447 vero
2630 2393 2743 2462 jam
2768 2393 3156 2457 sacerdotium,
3176 2402 3233 2448 et
3253 2392 3471 2462 dignius

1890 2497 2033 2547 esse,
2057 2491 2114 2538 et
2132 2483 2348 2538 virtutis
2382 2484 2566 2540 haberi
2599 2485 2738 2539 ratio
2765 2485 2955 2555 coepit,
2998 2486 3206 2552 majore
3236 2483 3472 2539 afﬁcitur

1892 2572 2087 2639 injuria
2122 2588 2284 2643 quam
2316 2588 2439 2628 cum
2469 2573 2757 2644 ignobilius
2783 2582 2949 2641 esset,
3000 2589 3064 2628 ac
3102 2573 3256 2643 stirpi
3302 2573 3473 2627 haere-

1893 2664 2148 2717 ditarium
2182 2664 2321 2719 :etsi
2345 2665 2490 2719 enim
2514 2678 2645 2721 tunc
2671 2665 2915 2720 nonnulli
2946 2679 3010 2719 eo
3030 2664 3236 2733 indigni
3260 2672 3467 2722 essent.

1891 2766 2049 2810 erant
2097 2766 2275 2812 tamen
2336 2766 2394 2812 et
2430 2759 2643 2827 optimi,
2707 2758 2936 2829 pecunia
2995 2772 3124 2811 vero
3176 2755 3467 2810 nundinari

1890 2848 2114 2903 omnino
2148 2850 2372 2903 vetitum
2406 2858 2549 2903 erat.
2600 2846 2754 2904 Nunc
2796 2863 2927 2903 vero
2962 2863 3086 2903 cum
3119 2858 3175 2903 et
3207 2855 3474 2916 praestau-

1896 2942 2005 2995 tius
2036 2940 2405 2995 sacerdotium
2438 2942 2510 2997 sit
2537 2941 2723 2995 datum
2781 2950 2837 2995 et
2880 2941 3067 2994 virtuti
3130 2939 3469 3003 attributum,

1893 3032 2067 3099 magis
2095 3032 2481 3087 contemnitur.
2508 3032 2642 3098 Quis
2669 3033 2813 3087 enim
2860 3032 2945 3085 vir
2978 3032 3154 3087 bonus
3204 3027 3469 3085 assentari

198 3091 422 3195 τυχείν;
460 3123 494 3194 ἥ
526 3091 610 3184 τίς
652 3091 916 3192 τολμησει
943 3121 1220 3191 χρήμασιν
1242 3091 1558 3178 ὠνήσασθαι
1598 3091 1791 3192 χρῆμά

1893 3126 2073 3191 vellet,
2111 3134 2173 3179 ut
2208 3125 2298 3180 illo
2322 3125 2610 3195 potiatur?
2633 3125 2869 3194 autquis
2901 3125 3038 3178 ausit
3077 3122 3299 3192 pecunia
3331 3135 3475 3175 mer-

199 3214 462 3283 ἀγγέλοις
511 3212 752 3282 πρέπον;
800 3212 862 3265 El
909 3212 1091 3265 τοίνυν
1134 3206 1280 3265 οὗτοι
1313 3209 1436 3263 οὔτε
1473 3210 1790 3267 κολακεύειν

1893 3218 2005 3271 cari
2031 3231 2147 3271 rem
2175 3218 2307 3287 ipsis
2332 3217 2539 3287 angelis
2570 3216 2828 3286 dignam?
2856 3215 3039 3283 Quare
3078 3214 3343 3283 siquidem
3378 3227 3489 3265 ne-r

198 3304 469 3371 ἀξιοῦσιν,
495 3302 621 3355 οὕτε
648 3303 921 3372 ἀγοράσαι
948 3301 1241 3371 τολμῶσιν
1282 3300 1392 3354 εἱσὶ
1430 3300 1497 3367 δ’,
1524 3300 1601 3363 ὡς
1625 3300 1787 3371 ἔφης,

199 3401 248 3451 οἱ
281 3395 602 3457 κολακείαις
647 3395 740 3448 καὶ
764 3395 1009 3465 χρήμασι
1041 3392 1139 3463 τὴν
1172 3391 1471 3463 ἱερωσύνην
1502 3392 1793 3462 προπίνον-

199 3505 295 3551 τες
343 3488 415 3558 (οἱ
449 3486 657 3558 μυρίων
699 3483 839 3549 ἄξιοι
863 3483 1020 3553 δῆλον
1045 3484 1128 3536 ὅτι
1151 3482 1495 3554 τιμωριῶν),
1521 3478 1667 3537 οὗτοι
1697 3483 1793 3536 καὶ

201 3578 545 3634 κολακεῦσαι
598 3576 694 3630 καὶ
744 3574 1019 3646 ἀγοράσαι
1069 3574 1171 3628 οὐκ
1215 3572 1283 3628 ἀν
1340 3574 1789 3644 παραιτήσοιντο.

200 3672 381 3739 Λόγος
402 3669 584 3723 τοίνυν
618 3667 916 3738 περιφοιτᾷ
959 3666 1102 3720 κατὰ
1127 3665 1233 3736 γῆν
1264 3664 1360 3719 καὶ
1391 3664 1681 3729 θάλατταν,
1706 3666 1789 3719 ὅτι

200 3762 385 3823 οὐδεὶς
412 3760 523 3814 τῶν
553 3755 611 3815 εὖ
644 3758 904 3829 βιούντων
929 3757 1114 3811 λοιπὸν
1139 3759 1218 3821 είς
1248 3757 1551 3830 ἱερωσύνην
1572 3773 1791 3828 προχει-

204 3854 557 3926 ρισθήσεται,
601 3854 701 3906 οὐκ
751 3852 943 3923 ἐπειδὴ
987 3851 1118 3914 τοὺς
1161 3851 1347 3915 ἀξίους
1410 3850 1511 3903 οὐκ
1564 3851 1681 3922 ἔχει
1729 3852 1791 3904 τὸ

204 3946 467 4016 πρᾶγμα,
512 3943 630 4000 ἀλλ’
673 3942 864 4014 ἐπειδὴ
887 3943 948 3995 οὐ
986 3942 1146 4013 μόνον
1173 3941 1253 4012 τῷ
1284 3940 1392 3995 τῶν
1422 3940 1635 3995 πολλῶν
1663 3940 1796 4013 κρύ-

160 4080 165 4091 .
202 4053 441 4090 πτονται
477 4035 695 4106 πλήθει,
744 4034 880 4088 ἀλλὰ
926 4033 1023 4088 καὶ
1090 4032 1401 4104 μισοῦνται,
1436 4033 1532 4086 κα)⁴
1576 4032 1797 4086 ἐπιϐου-

203 4128 479 4193 λεύονται,
509 4130 604 4181 καὶ
641 4126 1141 4197 ἐξοστρακίζονται,
1165 4125 1241 4190 ὡς
1262 4124 1372 4180 τῶν
1402 4124 1614 4179 πολλῶν
1645 4123 1796 4194 ἐλέγ-

206 4238 400 4294 χοντες
428 4219 542 4293 (78)
569 4219 661 4274 τὸν
687 4219 823 4290 βίον.

691 4312 851 4365 ΣοΖι.
876 4340 948 4353 .-
974 4312 1061 4382 To
1095 4310 1297 4382 ΑΥΤῼ.

1890 3322 1995 3378 que
2045 3308 2253 3365 adulari
2292 3308 2481 3372 velint,
2536 3322 2710 3375 neque
2766 3302 3179 3379 [sacerdotium]
3239 3304 3474 3359 audeant

1890 3413 2071 3454 emere
2101 3412 2116 3451 :
2143 3406 2269 3453 sunt
2300 3413 2453 3464 vero,
2486 3398 2565 3452 uti
2613 3397 2836 3461 scribis,
2861 3397 3259 3452 adulationibus
3290 3404 3343 3448 et
3376 3410 3473 3463 pe-

1890 3491 2067 3545 cuuiis
2097 3490 2460 3546 sacerdotium
2510 3490 2865 3560 propinantes
2908 3489 3069 3559 (quos
3099 3487 3248 3542 mille
3269 3486 3493 3556 suppli-

1891 3580 1990 3634 ci‘is
2010 3579 2203 3648 dignos
2235 3594 2357 3635 esse
2390 3580 2649 3649 constat),
2683 3579 2771 3634 isti
2804 3577 3040 3642 adulari,
3066 3586 3119 3633 et
3143 3591 3326 3631 emere
3364 3590 3473 3629 non

1897 3673 2249 3726 recusabant.
2280 3670 2647 3737 Quamobrem
2676 3684 2857 3726 sermo
2883 3680 3025 3723 terra
3055 3667 3301 3736 marique
3327 3680 3489 3736 Spar-r

1896 3765 2062 3831 gitur,
2093 3763 2293 3817 nemini
2328 3773 2475 3818 recte
2501 3762 2704 3818 viventi
2738 3762 2803 3815 ad
2832 3760 3192 3816 sacerdotium
3222 3757 3331 3828 iam
3359 3758 3479 3813 2di-

1897 3864 2009 3907 tum
2055 3866 2263 3922 patere,
2309 3870 2415 3910 non
2455 3856 2598 3923 quod
2642 3853 2787 3923 digni
2828 3863 2976 3906 tanto
3016 3851 3194 3905 desint
3239 3849 3486 3909 muneri,

1892 3945 1988 4000 sed
2018 3946 2160 4014 quod
2203 3961 2308 3999 non
2343 3945 2503 3999 modo
2535 3945 2586 3998 in
2618 3944 2964 3998 multitudine
2992 3942 3333 4004 delitescant,
3373 3940 3481 3993 sed

1892 4046 1945 4092 et
1986 4037 2144 4091 invisi
2180 4036 2287 4090 sint
2314 4045 2367 4091 et
2394 4036 2749 4089 traducantur
2796 4044 2959 4104 atque
2992 4033 3351 4101 expellantur,
3388 4030 3481 4085 ni-t

1893 4128 2091 4182 mirum
2114 4127 2255 4197 quod
2289 4130 2578 4181 multorum
2617 4128 2785 4180 vitam
2817 4124 3237 4195 reprehendant.

2334 4311 2681 4367 CGLXXVII.
2710 4341 2779 4351 —
2805 4309 3035 4365 EIDEM.

1358 4405 1515 4460 Hosti
1548 4422 1768 4474 parcens
1792 4424 1906 4463 vere
1936 4410 2327 4480 magnanimus.

282 4505 455 4569 Ἴσθι,
507 4496 552 4555 ὦ
608 4500 903 4574 θαυμάσιε,
986 4501 1061 4564 ὡς
1140 4498 1299 4564 δόξαν
1387 4498 1791 4569 μεγαλοψυχίας

1970 4503 2142 4569 Scito,
2181 4504 2263 4557 vir
2284 4502 2625 4563 admirande.
2670 4498 3133 4568 magnanimitatis
3158 4508 3211 4552 te
3254 4496 3492 4567 glorians

206 4597 436 4667 ἐκτήσω
493 4593 689 4666 ἐχθροῦ
768 4592 1131 4663 φεισάμενος·
1194 4591 1289 4645 καὶ
1320 4590 1464 4644 τοῦτ’
1528 4590 1659 4645 αὐτὸ
1692 4592 1792 4660 μὲν

208 4693 343 4753 τοὺς
376 4689 503 4751 σοὺς
528 4685 772 4759 ἀκριϐῶς
792 4685 1156 4756 ἐπιστάμενος
1180 4683 1416 4756 τρόπους
1469 4682 1793 4752 προύλεγον,

208 4782 289 4844 ὡς
345 4778 482 4850 μετά
527 4778 589 4832 τὸ
645 4775 1011 4850 χειρώσασθαι
1063 4776 1227 4840 δείξει
1290 4774 1796 4847 μεγαλοφροσύνην,

210 4875 313 4929 καὶ
335 4872 542 4940 ἐλέγξει
574 4870 699 4932 τοὺς
735 4868 1139 4941 μικροψύχους·
1172 4864 1313 4939 ἦσαν
1339 4866 1397 4920 δὲ
1434 4866 1484 4919 οἱ
1507 4866 1801 4920 ἀπιστοῦν-

208 4983 331 5030 τες,
384 4964 582 5027 οἵτινες
644 4962 709 5015 ἐκ
769 4962 875 5014 τῶν
932 4960 1055 5013 καθ’
1098 4960 1324 5023 ἑαυτοὺς
1371 4960 1467 5011 καὶ
1515 4958 1642 5029 περὶ
1688 4960 1799 5010 τῶν

211 5056 393 5113 ἄλλων
444 5054 801 5127 ψηφίζονταιι
840 5054 990 5124 ὅμως
1038 5051 1100 5104 τὸ
1152 5051 1306 5114 τέλος
1359 5049 1581 5115 ἔδειξεν,
1628 5050 1704 5112 ὼς
1735 5050 1798 5102 οὐ

209 5151 538 5219 διήμαρτον.
573 5148 668 5201 Ὃν
690 5145 796 5216 γὰρ
820 5145 961 5197 ἐλεῖν
994 5142 1360 5207 ἐσπούδασας,
1397 5141 1531 5194 ἐλὼν
1552 5142 1797 5211 ἀφῆκας,

213 5243 314 5297 ἵνα
344 5231 673 5312 μὴ’ἁσθενὴς
699 5235 1037 5309 νομισθείης,
1066 5234 1204 5289 ἀλλά
1234 5233 1457 5297 δυνατὸς
1483 5236 1577 5287 xui.
1616 5233 1802 5302 φιλάν-

214 5332 457 5404 θρωπος.

743 5437 912 5490 zotr.
930 5466 1001 5474 —
1031 5436 1281 5506 ΠΕΤΡῼ.

1896 4602 2253 4646 consecutum
2301 4592 2445 4647 hosti
2496 4590 2771 4661 parcendo
2822 4607 2836 4643 ι
2870 4589 3012 4659 quod
3049 4598 3106 4644 et
3146 4590 3323 4658 ipsum
3363 4600 3493 4643 tuos

1896 4693 2152 4739 accurate
2203 4699 2383 4739 mores
2442 4684 2690 4752 cognitos
2740 4682 2946 4736 habens
2988 4679 3370 4751 praedixeram,
3424 4690 3487 4733 ut.

1897 4776 2107 4846 agendo
2137 4777 2459 4831 ostenderes
2495 4791 2766 4830 summam
2797 4774 3239 4845 generositatem,
3271 4780 3327 4825 et
3372 4786 3475 4839 pu-

1896 4867 2197 4922 sillanimes
2236 4882 2516 4936 argueres.
2551 4865 2723 4920 Erant
2764 4874 2947 4919 autem
2981 4863 3073 4934 qui
3114 4862 3167 4918 id
3208 4878 3316 4918 non
3361 4876 3487 4915 cre-

1897 4958 2120 5023 debant,
2156 4958 2189 5012 ii
2223 4958 2432 5013 scilicet
2468 4958 2562 5027 qui
2593 4974 2659 5013 ex
2705 4958 2896 5027 seipsis
2930 4957 2997 5012 de
3040 4956 3162 5010 aliis
3185 4954 3433 5025 iudicant
3460 4971 3481 5006 ιι

1897 5047 2078 5100 exitus
2134 5057 2312 5101 tamen
2370 5057 2706 5115 eventusque
2746 5045 2989 5100 Ostendit
3049 5060 3135 5099 me
3181 5060 3288 5099 non
3322 5045 3490 5097 alter:

1895 5155 2070 5193 rasse.
2097 5138 2267 5205 Quem
2310 5140 2453 5193 enim
2509 5153 2704 5207 capere
2745 5136 3026 5202 studuisti,
3078 5146 3294 5206 captum
3321 5132 3485 5187 dimi-

1896 5231 2037 5293 sisti,
2094 5246 2159 5285 ue
2212 5232 2495 5287 imbecillis
2530 5230 2879 5301 judicareris,
2919 5230 3016 5284 sed
3065 5239 3258 5298 potens
3290 5236 3345 5282 et
3379 5228 3483 5280 hu-

1898 5337 2112 5377 manus.

2309 5429 2674 5485 CCLXXVIII.
2707 5460 2778 5470 -
2812 5428 3063 5487 PETRO.

549 5530 657 5587 Cur
687 5531 971 5585 sacerdotii
1004 5531 1230 5599 dignitas
1256 5528 1464 5598 regibus
1493 5528 1791 5583 veneranda
1823 5527 2020 5597 passim
2052 5526 2336 5579 exstiterit.
2371 5522 2551 5595 (Conf.
2576 5526 2727 5594 epist.
2766 5525 2874 5580 568
2895 5536 2942 5579 et
2976 5521 3161 5593 alias.)

294 5626 368 5680 Σὺ
406 5625 502 5697 μὲν
547 5623 867 5696 θαυμάζεις,
909 5622 977 5677 δι’
1042 5624 1109 5695 ἢν
1152 5622 1332 5676 αἰτίαν
1386 5622 1483 5676 ἐπὶ
1532 5622 1634 5693 μὲν
1685 5621 1793 5675 τῶν

1971 5618 2186 5674 Miraris
2224 5628 2279 5672 tu
2301 5618 2522 5687 quidem
2548 5634 2647 5674 cur
2676 5619 2817 5690 apud
2846 5619 3083 5690 majores
3116 5620 3362 5675 sincerus
3397 5630 3458 5671 cs

1356 5740 1591 5795 VABIAS
1632 5740 2016 5799 LECTIONES
2052 5738 2140 5793 ET
2180 5737 2411 5795 NOTAE.

298 5860 410 5932 (78)
442 5860 543 5915 l‘ro
578 5859 890 5929 ἐλέγχοντες
920 5858 1074 5915 codd.
1126 5857 1243 5916 Vat.
1283 5860 1387 5915 650
1428 5869 1481 5916 ct
1519 5860 1626 5917 Alt.
1659 5861 1791 5918 SCl'lll

1893 5874 1900 5915 ‘.
1922 5858 2255 5931 ἐλέγχονται.
2286 5857 2497 5913 Possm.
