3982 6420
521 389 656 456 149]

1714 386 1804 452 f'S.
1846 393 2137 453 ISIDORI
2177 392 2619 453 PELUSIOTIE

3627 386 3766 449 1300

519 506 587 558 ab
613 505 858 559 omnibus
887 504 1065 577 honos
1086 503 1461 557 sacerdotibus
1494 503 1733 568 habitus,
1760 503 1927 575 644
1964 520 2103 559 nunc
2134 513 2167 567 Α

2212 506 2491 575 προγόνων
2521 501 2821 574 εἰλικρινὴς
2845 499 2981 573 τιμὴ
3017 498 3169 571 παρὰ
3200 495 3557 558 πάντωνντοῖς
3576 496 3771 565 ἐστεμ-

519 610 649 649 vcro
672 597 952 665 prudentia
978 596 1117 663 pleni
1145 594 1391 649 homines
1423 606 1606 663 aperte
1642 612 1735 650 eos
1800 598 2096 662 reprehen-

520 688 679 751 dant‘
703 686 811 740 Alii
858 702 1041 740 coram
1082 686 1299 754 quidem
1349 695 1686 751 reverentur,
1726 686 1941 740 occulte
1972 702 2097 740 vero

520 777 901 831 criminantur.
938 777 1003 831 Et
1032 776 1120 831 alii
1162 778 1380 846 quidem
1414 776 1649 844 fugiunt,
1682 777 1772 831 alii
1814 792 1943 832 vero
1970 778 2098 847 ipsis

519 866 941 931 adhlandientes,
990 882 1097 935 quo
1128 867 1305 921 moliri
1348 868 1451 921 illis
1480 869 1703 923 insidias
1752 881 1973 936 queant,
2006 869 2102 923 ob-

521 967 773 1011 trectant.
800 956 999 1012 Verum
1027 958 1076 1011 id
1101 973 1199 1027 ego
1223 958 1356 1011 nihil
1380 958 1569 1017 miror.
1588 959 1722 1013 Cum
1745 962 1888 1014 enim
1912 962 2097 1014 eadem

518 1065 641 1101 cum
682 1049 814 1116 ipsis
849 1064 952 1102 non
995 1058 1178 1118 agant,
1206 1062 1307 1102 nec
1338 1048 1525 1102 eadem
1560 1049 1723 1103 etiam
1755 1064 2101 1118 consequun-

520 1148 612 1192 tur
643 1159 655 1194 :
684 1140 777 1193 sed
807 1139 912 1193 illis
950 1140 1227 1194 contraria
1281 1140 1588 1205 molientes,
1627 1142 1903 1195 contraria
1939 1156 2101 1211 expe-

524 1231 756 1283 riuntur.
793 1230 992 1284 Contra
1026 1230 1172 1285 enim
1197 1231 1577 1285 admirandum
1613 1238 1779 1293 esset,
1817 1232 1860 1284 si
1892 1231 1982 1300 qui
2019 1232 2100 1285 ni-

522 1321 598 1376 hil
631 1338 726 1390 par
758 1324 1051 1390 majoribus
1082 1333 1265 1393 agant,
1300 1338 1484 1393 parem
1522 1338 1648 1376 cum
1702 1322 1809 1377 illis
1836 1324 2100 1377 honorem

522 1424 1010 1481 consequerentur.
1035 1413 1118 1467 Ab
1152 1414 1257 1467 illis
1290 1414 1584 1482 majoribus
1609 1416 1772 1467 etiam
1816 1423 2102 1483 peccantes

523 1515 677 1567 reges
698 1500 1132 1570 cnstigabantur,
1167 1504 1235 1555 ah
1264 1503 1345 1556 his
1371 1518 1436 1555 ne
1464 1504 1658 1572 privati
1715 1504 1931 1571 quidem
1967 1519 2103 1573 opu-

523 1590 781 1646 lentiores
825 1610 839 1646 :
881 1593 1126 1659 quinimo
1186 1594 1229 1647 si
1281 1593 1365 1646 vel
1416 1608 1703 1661 pauperem
1751 1594 1986 1663 aliquem
2035 1593 2103 1649 ad

522 1681 734 1751 frugem
790 1684 1070 1738 meliorem
1121 1699 1378 1739 revocare
1412 1686 1766 1750 contendant,
1813 1685 2104 1739 exsibilan-

526 1783 635 1837 tur,
685 1782 740 1827 ut
777 1775 867 1843 qui
910 1775 1101 1828 iisdem
1153 1790 1296 1844 sirpe
1358 1777 1503 1830 vitiis
1551 1778 1688 1843 capti
1723 1785 1994 1840 tenentur,
2034 1778 2103 1830 oh

523 1882 643 1933 qua:
670 1867 804 1921 alios
850 1869 1050 1921 audent
1098 1869 1518 1933 reprehendere.
1571 1868 1931 1933 Quamobrem
1972 1868 2099 1922 olim
2140 1858 2182 1916 Β
2212 1874 2322 1930 τοῖς

522 1958 779 2012 Sacerdos
806 1958 1000 2026 populo
1023 1970 1138 2013 erat
1163 1960 1562 2024 formidabilis;
1605 1974 1745 2013 mine
1786 1971 1972 2015 contra
2006 1978 2104 2030 po-

524 2047 680 2117 pulus
716 2051 911 2103 terrori
947 2059 1031 2105 est
1062 2052 1353 2104 sacerdoti.

709 2173 1034 2230 CCLXXIX.
1060 2205 1133 2216 ——
1164 2175 1532 2231 HERACIJDI
1562 2177 1915 2233 EPISCOPO.

2202 598 2385 667 μένοις
2435 598 2537 666 τὴν
2594 595 2892 666 ἱερωσύνην
2973 592 3298 663 ἀπενὲμετο,
3360 589 3456 643 νῦν
3497 588 3553 640 δὲ
3587 588 3772 657 οἱμὲν

2200 690 2545 760 φρονήματος
2595 688 3002 758 ἐμπλησθέντες
3062 684 3316 755 φανερῶς
3366 682 3561 744 αὐτοὺς
3619 698 3776 750 κωμ-

2200 778 2454 849 ῳδοῦσιν·
2484 781 2532 831 οἱ
2562 778 2619 831 δὲ
2657 779 2799 832 κατὰ
2848 777 3136 851 πρόσωπον
3170 774 3468 839 αἰδοῦνται,
3504 772 3675 844 λάθρα
3717 772 3778 825 δὲ

2201 870 2508 935 κακίζουσι.
2550 869 2664 923 Καὶ
2690 870 2739 923 oi
2776 870 2874 940 μὲν
2904 867 3217 938 φεύγουσιν,
3246 868 3295 921 oi
3318 866 3375 919 δὲ
3398 865 3577 919 καίτοι
3612 863 3777 917 κολα-

2202 958 2453 1020 κεύοντες
2485 957 2702 1017 αὐτοὺς,
2751 955 2840 1009 διὰ
2869 956 2932 1009 τὸ
2957 956 3053 1008 καὶ
3081 953 3456 1007 ἐπιϐουλεύειν
3493 951 3775 1015 δύνασθαι,

2200 1045 2567 1116 διασύρουσιν.
2632 1043 2774 1112 Ἐγὼ
2820 1045 2877 1098 δὲ
2920 1045 2981 1097 οὐ
3025 1043 3183 1097 τοῦτο
3237 1040 3526 1112 θαυμάζω.
3562 1042 3635 1093 Ού
3670 1041 3777 1110 γὰρ

2201 1136 2270 1189 τὰ
2299 1136 2439 1189 αὐτὰ
2476 1134 2706 1197 ἐκείνοις
2744 1134 3078 1205 πράττοντες
3120 1133 3229 1186 τῶν
3266 1132 3447 1186 αὐτῶν
3480 1132 3545 1184 ού
3582 1131 3781 1200 cuni.

2202 1245 2405 1290 νουσιν,
2438 1226 2576 1281 ἀλλὰ
2620 1227 2881 1281 τάναντία
2928 1226 3159 1289 ἐκείνοις
3210 1224 3645 1294 ἐπιτηδεύοντες,
3669 1224 3781 1277 τῶν

2204 1319 2462 1372 ἐναντίων
2499 1318 2821 1388 πειρῶνται.
2870 1317 3196 1371 Τούναντίον
3220 1318 3326 1388 γὰρ
3359 1316 3426 1370 ἂν
3479 1312 3549 1387 ἦν
3576 1316 3782 1386 θαυμα-

2205 1413 2349 1477 στὸν,
2375 1415 2423 1465 εί
2450 1412 2615 1482 μηδὲν
2637 1411 2915 1474 ποιοῦντες
2932 1410 3041 1464 τῶν
3059 1411 3339 1481 προγόνων
3360 1411 3500 1474 ἴσον,
3522 1408 3613 1462 καὶ
3636 1406 3781 1481 [τῆς]

2203 1505 2375 1575 αὐτῆς
2400 1504 2569 1573 τιμῆς
2597 1503 2825 1567 ἐκείνοις
2846 1501 3165 1572 ἐτύγχανον.
3209 1500 3336 1555 Ἐπὶ
3368 1500 3469 1571 μὲν
3495 1500 3606 1571 γὰρ
3630 1501 3780 1553 ὲκεί-

2204 1611 2310 1648 νων
2350 1596 2444 1648 καὶ
2500 1594 2739 1664 βασιλεῖς
2794 1592 3080 1656 πταίοντες
3126 1592 3581 1663 ἐσωφρονίζοντο,
3612 1589 3783 1643 ἐπὶδὲ

2202 1685 2409 1738 τούτων
2451 1684 2572 1738 οὑδέ
2608 1683 2813 1737 ἰδιῶται
2862 1681 3112 1736 πλούσιοι
3141 1699 3158 1712 ’
3206 1683 3312 1735 κᾶν
3347 1681 3685 1752 σωφρονίσαι
3729 1681 3783 1733 δέ

2207 1796 2331 1831 τινα
2366 1779 2580 1848 πένητα
2631 1777 3075 1848 ἐπιχειρήσωσιν,
3129 1775 3504 1840 ὀνειδίζονται,
3566 1775 3643 1837 ὡς
3697 1774 3787 1827 ἐπὶ

2399 1870 2583 1932 αὐτοῖς
2641 1868 2857 1930 ἁλόντες
2909 1867 3196 1931 πολλάκις,
3259 1867 3345 1935 ἐφ’
3399 1863 3482 1930 οἷς
3544 1866 3787 1928 ἐκείνους

2216 1960 2545 2030 σωφρονίσαι
2585 1960 2972 2029 τετολμήκασι.
3015 1960 3217 2030 Διόπερ
3272 1958 3463 2028 πρώην
3515 1960 3611 2029 μὲν
3666 1954 3790 2029 ἦνὸ

2215 2050 2395 2121 ἱερεὺς
2425 2050 2501 2120 τῷ
2532 2048 2647 2120 λαῷ
2682 2049 2933 2121 φοϐερὸς,
2971 2049 3067 2103 νῦν
3092 2050 3148 2102 δὲ
3181 2052 3210 2103 ὁ
3255 2049 3382 2112 λαὸς
3407 2049 3485 2119 τῷ
3524 2052 3684 2119 ἱερεῖ.

2449 2180 2613 2233 206’.
2651 2209 2723 2219 —
2754 2180 3154 2250 ΗΡΑΚΛΕῙΔῌ
3181 2176 3559 2248 ΕΠΙΣΚΟΠῼ.

1338 2270 1599 2324 Btandius
1627 2271 1906 2340 agendum,
1936 2289 2078 2327 more
2117 2273 2327 2337 medici,
2351 2274 2406 2326 in
2439 2272 2647 2326 delictis
2680 2272 2978 2338 puniendis.

598 2372 850 2443 Magnum
883 2375 1127 2444 profecto
1175 2376 1434 2432 delictum
1475 2389 1579 2444 est,
1623 2381 1783 2433 venia
1818 2389 1997 2435 tamen
2027 2381 2108 2433 di-

528 2479 715 2531 gnum.
745 2465 1073 2535 Castiganda
1124 2467 1307 2536 itaque
1340 2469 1590 2529 audacia.
1634 2470 1912 2538 animique
1936 2470 2106 2525 confi-

528 2556 729 2619 dentia,
758 2558 931 2611 danda
975 2558 1323 2613 nihilominus
1348 2560 1523 2614 venia.
1549 2559 1800 2614 Fortasse
1849 2562 1995 2614 enim
2039 2562 2105 2613 ad

528 2650 959 2703 emendationem
986 2649 1359 2718 medelamque
1396 2652 1567 2705 tendit
1609 2654 1850 2706 morbus.
1882 2652 2108 2719 Quando

531 2749 588 2793 et
641 2740 1076 2808 praestantissimi
1134 2742 1497 2807 mediei,cum
1554 2743 1721 2796 multa
1766 2744 1845 2797 eis
1887 2744 2108 2799 vulnera

2283 2381 2444 2447 Μέγα
2494 2379 2593 2450 μὲν
2645 2379 2810 2442 ὅντως
2863 2379 2925 2431 τὸ
2978 2380 3249 2450 πταῖσμα,
3295 2378 3413 2432 ἀλλ’
3450 2378 3511 2430 ού
3546 2374 3793 2444 συγγνώ-

2218 2490 2324 2542 μης
2346 2471 2528 2540 μεῖζον
2547 2488 2560 2501 ο
2585 2472 2663 2523 διὸ
2688 2470 2795 2541 χρὴ
2844 2469 3069 2523 κολάσαι
3102 2470 3199 2538 μὲν
3228 2468 3325 2539 τὴν
3354 2468 3626 2537 ἐτοιμίαν.
3668 2484 3795 2531 συγ-

2213 2564 2438 2634 γνώμην
2466 2563 2523 2616 δέ
2558 2564 2761 2630 νεῖμαι.
2802 2562 2955 2631 Τάχα
2989 2579 3107 2624 πως
3128 2561 3222 2613 ἐπὶ
3251 2559 3550 2631 θεραπείαν
3582 2558 3793 2611 ὁδεύσει

2213 2656 2273 2710 τὸ
2300 2655 2472 2718 πάθος
2493 2672 2505 2685 ·
2528 2654 2658 2706 ’ἐπεὶ
2688 2654 2782 2706 καὶ
2827 2653 2876 2705 οἱ
2910 2652 3018 2705 τῶν
3048 2652 3248 2722 ἰατρῶν
3280 2650 3519 2720 ἄριστοι,
3562 2649 3697 2701 ὅταν
3718 2664 3796 2708 τις

2209 2747 2382 2800 πολλὰ
2414 2746 2741 2816 περικέηται
2773 2743 3088 2815 τραύματα,
3125 2743 3188 2795 οὐ
3213 2740 3488 2810 τοσαύτην
3530 2740 3795 2805 ἐπάγουσι

532 2830 995 2900 aegritudinesque
1024 2847 1146 2887 sese
1174 2832 1431 2897 otferunt,
1471 2849 1578 2888 non
1623 2844 1827 2888 tantam
1858 2836 2114 2890 adhibent

2212 2840 2532 2910 θεραπείαν,
2572 2838 2704 2908 ὅσην
2761 2837 2983 2889 ἁπαιτεί
3028 2835 3128 2904 τῆς
3180 2834 3380 2903 τέχνης
3434 2835 3469 2902 ἡ
3514 2831 3795 2901 ἀκρίϐεια,

529 2938 742 2986 curam,
764 2933 1024 2991 quantum
1052 2940 1263 2978 summa
1294 2940 1383 2980 ars
1405 2927 1674 2995 exposcit,
1710 2926 1804 2981 sed
1846 2936 2109 2996 quantum

2212 2932 2321 2985 ἀλλ’
2352 2932 2483 2998 ὅσην
2512 2928 2668 2998 φέρει
2692 2927 2786 2981 τοῖὶ
2823 2926 3125 2997 κάμνοντος
3157 2926 3190 2995 ἡ
3218 2924 3472 2993 δύναμις,
3506 2924 3595 2975 ἴνα
3636 2921 3713 2991 μὴ
3732 2920 3798 2973 τὰ

454 3045 462 3054 -
534 3014 716 3070 ferunt
740 3015 1039 3072 laborantis
1068 3018 1232 3082 vires,
1275 3033 1343 3072 ne
1386 3019 1512 3072 dum
1549 3020 1771 3073 vulnera
1798 3034 1995 3075 curare
2031 3020 2111 3074 ni-

2212 3022 2502 3096 τραύματα
2544 3020 3004 3091 θεραπεύσαντες,
3065 3019 3159 3072 τὸν
3228 3018 3511 3088 κάμνοντα
3561 3015 3797 3085 διαφθεί-

534 3116 743 3176 tuutur,
776 3118 1129 3179 mgrotantem
1172 3125 1202 3164 e
1234 3112 1410 3165 medio
1435 3111 1646 3164 tollant.
2220 3132 2405 3186 ρωσιν.

978 3219 1277 3274 σοι.>ξχχ.
1310 3250 1377 3259 -
1409 3221 1660 3276 nemo.
2136 3204 2167 3261 ε

2753 3223 2877 3274 Σην.
2906 3251 2971 3263 -
2997 3219 3244 3290 nerve.

530 3309 739 3364 Bonum
787 3328 880 3379 pro
911 3313 1050 3365 malo
1096 3313 1422 3381 rependendo
1455 3314 1627 3382 gratia
1676 3316 1871 3378 initur;
1901 3314 2026 3387 ¢_sic
2048 3317 2295 3370 carbones
2327 3318 2459 3384 ignis
2487 3333 2730 3387 congcres
2769 3332 2929 3383 supra
2959 3324 3113 3381 caput
3137 3312 3273 3381 ejus.
3297 3329 3317 3362 ο
3347 3309 3529 3380 (Rom.
3578 3325 3682 3374 xtl,
3711 3308 3795 3365 30.

1909 3384 2070 3453 Supr.
2107 3388 2259 3455 epist.
2303 3387 2420 3457 25.)

602 3491 713 3546 Etsi
746 3502 932 3545 notum
957 3492 1208 3546 omnibus
1231 3492 1446 3562 exsistit
1479 3493 1734 3547 amentia:
1774 3508 1928 3547 reum
1955 3502 2119 3560 atque

2290 3498 2352 3549 Ei
2400 3497 2498 3550 καὶ
2549 3497 2683 3549 πᾶσι
2738 3494 2897 3562 δῆλόν
2946 3495 3116 3556 ἐστιν,
3168 3492 3251 3545 ὅτι
3308 3490 3496 3545 ἄνοιαν
3532 3489 3797 3557 deum.

528 3583 653 3637 odio
681 3584 887 3637 ebrium
920 3584 1290 3638 adversarium
1320 3598 1445 3638 esse
1470 3594 1643 3649 tuum,
1674 3584 1760 3637 illa
1791 3594 1968 3638 tamen
1984 3585 2119 3638 επ..-

2216 3606 2321 3641 νων
2346 3588 2478 3658 (79),
2507 3588 2602 3640 καὶ
2631 3588 2737 3639 ὑπὸ
2768 3586 2867 3656 τῆς
2891 3584 3093 3655 ἔχθρας
3122 3582 3341 3653 μεθύων
3373 3583 3401 3634 ὁ
3424 3580 3517 3644 σὸς
3541 3580 3798 3643 διὰδικος,

533 3673 597 3725 tit
628 3687 750 3740 qua:
782 3675 825 3727 si
862 3683 1055 3741 potens
1091 3684 1235 3728 esset
1280 3684 1692 3742 exsequeretur.
1736 3674 1929 3727 Vermn
1964 3690 2032 3728 ne
2068 3676 2117 3727 id

2215 3681 2364 3751 ὅμως
2414 3679 2634 3732 ἐκλαλεῖ
2660 3677 2854 3742 ταῦτα,
2903 3676 2938 3729 ἆ
2965 3674 3216 3745 δυνηθεὶς
3255 3673 3471 3738 πράξει.
3540 3672 3709 3725 Ἀλλά
3744 3687 3798 3722 σε

530 3772 583 3817 te
617 3767 817 3829 turbet,
851 3780 1026 3834 neque
1061 3765 1259 3820 bellum
1284 3766 1549 3834 suscipito
1582 3765 1961 3833 implacabile;
1989 3766 2117 3833 quin

2214 3771 2375 3823 τοῦτο
2412 3770 2485 3842 μὴ
2515 3771 2859 3840 ταραττέτω,
2894 3768 3030 3838 μηδὲ
3056 3768 3136 3829 εἰς
3176 3766 3237 3819 τὸ
3262 3765 3627 3819 ἀδιάλλακτον
3657 3781 3795 3835 χειρο

500 3854 707 3924 potius
746 3860 881 3913 bene
917 3858 1174 3913 merendo
1217 3860 1393 3927 ipsmn
1442 3861 1716 3914 invertere
1758 3860 1936 3914 stude.
1998 3861 2109 3913 Etsi

2218 3861 2525 3929 αγωγείτω,
2567 3860 2701 3922 ἀλλὰ
2728 3860 2820 3912 καὶ
2846 3860 2928 3922 εἰς
2970 3858 3031 3911 τδ
3060 3854 3119 3911 εὖ
3156 3859 3331 3910 ποιεῖν
3359 3856 3526 3909 αὐτὸν
3574 3872 3802 3927 προτρεο

529 3954 671 4005 enim
718 3952 832 4004 fera
864 3960 1006 4004 esset
1032 3950 1289 4019 omnique
1316 3951 1505 4006 durior
1533 3962 1707 4020 petra,
1740 3961 1915 4006 tamen
1952 3954 2114 4007 bene-

2220 3953 2424 4007 σπέσθω.
2473 3954 2535 4005 Ei
2569 3952 2676 4023 γὰρ
2723 3952 2910 4024 θηρίον
2952 3950 3061 4021 εἴη,
3098 3949 3196 4003 καὶ
3240 3948 3440 4011 παντὸς
3466 3946 3627 4001 λίθου
3659 3950 3805 4000 ἀναι-

530 4046 652 4100 ticio
686 4044 859 4099 victus
897 4054 1010 4109 tuo,
1036 4046 1222 4099 odium
1247 4054 1432 4115 ponet.

2212 4045 2554 4115 σθητότερος,
2601 4042 2716 4096 ἀλλ’
2773 4045 2923 4112 ὅμως
2968 4039 3239 4102 αἰδεσθεὶς
3286 4039 3383 4109 τὴν
3439 4039 3800 4107 εὐεργεσίαν,

2210 4136 2502 4189 κατάθοιτο
2530 4136 2630 4201 τὴν
2658 4134 2749 4205 ἕχθ
2760 4152 2881 4205 ραν.

777 4236 1105 4292 (ICLXXKI.
1139 4268 1208 4278 —
1242 4236 1470 4293 PETRO
1504 4236 1855 4293 MONACIIO.

2416 4245 2588 4297 ΣΠΑν.
2620 4274 2691 4283 -
2732 4242 2963 4312 ΠΕΤΡῼ
2987 4240 3099 4311 (80)
3138 4240 3581 4295 MONAZONTI.

530 4346 823 4413 Scriptura:
858 4346 1029 4398 oratio
1081 4343 1318 4410 humilis,
1349 4344 1439 4421 sed
1490 4362 1646 4421 mens
1676 4347 1938 4421 profunda
1977 4363 1994 4400 :
2039 4350 2269 4421 humana
2317 4363 2494 4405 autem
2532 4352 2788 4421 sapientia
2827 4352 2973 4403 culta
3003 4351 3188 4412 verbis,
3223 4366 3376 4404 sensu
3411 4367 3598 4405 cassa.
3632 4352 3805 4418 Quare

1412 4414 1545 4467 hanc
1567 4414 1665 4481 illi,
1691 4426 1743 4467 ut
1763 4417 2011 4469 ancillam
2035 4418 2291 4489 duminw,
2317 4423 2568 4476 inservire
2589 4414 2793 4490 irquum
2812 4432 2910 4478 est.

602 4543 807 4597 Divitiae
835 4543 1194 4614 phil050phiae
1232 4545 1409 4600 oratio
1455 4546 1509 4598 in
1537 4546 1711 4600 sacris
1744 4546 1972 4602 Litteris
2008 4549 2108 4603 hu-
2142 4569 2167 4624 ι

2285 4552 2397 4623 Τῆς
2428 4552 2576 4615 θείας
2610 4553 2860 4623 σοφίαςὴ
2903 4552 3002 4622 μὲν
3048 4552 3195 4617 λέξις
3232 4552 3396 4621 πεζὴ,
3442 4552 3475 4621 ἡ
3534 4551 3719 4604 ἔννοια
3750 4551 3803 4604 δὲ

532 4636 675 4689 milis
728 4636 945 4704 quidem
969 4645 1076 4703 est,
1114 4650 1308 4690 sensus
1346 4651 1475 4690 vero
1512 4638 1787 4703 sublimis,
1839 4640 2108 4710 planeque

2215 4642 2601 4712 οὐρανομήκης
2626 4660 2639 4673 ι
2677 4643 2779 4712 τῆς
2807 4642 2865 4695 δέ
2887 4642 3088 4709 ἔξωθεν
3104 4642 3334 4713 λαμπρὰ
3359 4642 3459 4711 μὲν
3500 4642 3536 4711 ἡ
3577 4643 3801 4711 φράσις,

531 4726 798 4780 ρωιεειίε.
838 4726 1205 4781 Externorum
1267 4741 1402 4781 sane
1456 4729 1786 4796 scriptorum
1838 4730 2115 4798 splendida

2215 4734 2558 4806 χαμαιπετὴς
2591 4734 2702 4803 δὲὴ
2736 4734 2958 4804 πρᾶξις.
3001 4732 3063 4785 Ei
3086 4732 3143 4785 δέ
3165 4750 3249 4795 τις
3282 4731 3546 4803 δυνηθείη
3575 4732 3677 4801 τῆς
3708 4730 3801 4800 μὲν

530 4829 616 4873 est
641 4818 839 4882 oratio,
884 4835 968 4873 res
996 4833 1124 4873 vero
1162 4819 1307 4872 humi
1342 4818 1500 4886 repit.
1543 4818 1598 4873 Si
1630 4820 1751 4889 quis
1785 4822 1948 4889 igitur
1976 4823 2118 4877 illius

2216 4826 2359 4895 ἔχειν
2388 4828 2486 4896 τὴν
2519 4825 2747 4889 ἔννοιαν,
2770 4826 2870 4893 τῆς
2894 4824 2951 4876 δὲ
2986 4823 3085 4895 τὴν
3118 4825 3342 4896 φράσιν,
3390 4822 3707 4890 σοφώτατος
3741 4822 3801 4872 ἂν

530 4909 711 4968 valeat
738 4913 999 4980 consequi
1024 4926 1242 4973 sensus,
1284 4909 1444 4979 hujus
1491 4925 1619 4964 vero
1659 4912 1871 4967 dicendi
1897 4914 2114 4982 elegan-

2217 4915 2442 4976 δικαίως
2502 4913 2751 4985 κριθείηο
2800 4912 3027 4966 δύναται
3070 4912 3179 4980 γὰρ
3236 4911 3471 4982 ὄργανον
3513 4905 3660 4962 εἶναι
3708 4909 3801 4975 τῆς

534 5005 794 5069 tiam,na:
837 5003 930 5056 ille
974 5001 1409 5071 sapientissimus
1454 5002 1741 5057 habeatur.
1791 5003 2117 5074 Eloquentia

2221 5005 2595 5076 ύπερκοσμίου
2634 5004 2882 5074 σοφίαςή
2916 5002 3241 5070 εὐγλωττία,
3277 5004 3325 5054 εἰ
3350 5001 3615 5069 καθάπερ
3653 4999 3801 5066 σῶμα

532 5096 675 5150 enim
708 5096 1126 5150 instrumentum
1158 5110 1276 5147 esse
1301 5103 1467 5162 queat
1495 5095 1734 5148 caelestis
1759 5096 2029 5160 scientim,
2059 5097 2104 5150 si

2221 5100 2366 5170 ψυχῇ
2408 5098 2710 5161 ύποκέοιτο,
2744 5095 3001 5167 ἢῶσπερ
3033 5093 3174 5165 λύρα
3207 5093 3452 5165 λυρῳδῷ,
3510 5092 3682 5162 μηδὲν
3711 5090 3799 5160 μὲν

531 5190 581 5242 ei
615 5190 890 5243 utanimte
932 5202 1129 5252 corpus
1164 5185 1517 5255 subjiciatur,
1547 5193 1602 5239 et
1632 5195 1689 5239 ut
1738 5185 1848 5257 lyra
1896 5188 2114 5259 lyristm,

2222 5187 2432 5239 οἴκοθεν
2458 5185 2858 5255 καινοτομοῦσα
2898 5183 3184 5255 νεώτερον,
3231 5182 3626 5253 ἐρμηνεύουσα
3652 5182 3709 5234 δὲ
3738 5178 3798 5230 τὰ

532 5279 697 5352 645
728 5280 861 5335 nihil
917 5279 1137 5349 quidem
1175 5278 1426 5348 privatim
1489 5276 1775 5344 innovatis,
1809 5281 1902 5333 sed
1954 5281 2119 5334 inter—

2223 5279 2573 5350 οὐρανομήκη
2615 5278 2831 5349 ἐκείνης
2860 5279 3134 5347 νοήματα·
3166 5280 3215 5331 εί
3236 5277 3283 5331 δ’
3327 5276 3683 5347 ἀντιστρέφοι
3709 5274 3797 5343 τὴν

1682 5433 1915 5488 VARI/13
1956 5431 2338 5489 LECTIONES
2378 5431 2465 5486 ET
2505 5431 2738 5487 NOTAE.

607 5592 719 5662 (79)
754 5592 1224 5663 Demosthenicum
1263 5603 1366 5653 est.
1400 5595 1703 5663 παράνοιαν
1740 5592 2101 5661 ὀφλισκάνειν.

536 5673 675 5715 orat.
710 5665 761 5715 in
798 5662 1157 5719 TilliﬂCl'alelll
1192 5680 1205 5716 :
1247 5665 1361 5729 Ἐφ’
1402 5666 1633 5718 ἑκάστου
1667 5663 1870 5716 τούτων
1919 5662 2096 5731 ἡλίκηι

539 5734 605 5805 ᾂν
630 5733 943 5805 ὠφληκότες
988 5736 1293 5804 παράνοιαν
1328 5732 1451 5805 ἦτε·
1501 5734 1725 5798 Quanta:
1780 5736 2003 5805 insania:
2048 5732 2113 5783 ab

540 5802 833 5857 hominibus
864 5802 1271 5869 (lamnaremini,
1313 5802 1428 5857 cum
1468 5806 1698 5871 desipere
1728 5822 1815 5859 vos
1844 5803 2116 5871 judicare-

2220 5593 2323 5645 rint
2348 5591 2580 5644 homines
2604 5592 2663 5661 in
2692 5606 2997 5661 unoquoque
3026 5588 3250 5661 horum?
3278 5588 3519 5661 Scuor'r.

2284 5662 2395 5733 (80)
2426 5662 2539 5733 Non
2566 5660 2782 5733 116.19?
2807 5655 2920 5717 'sed
2956 5660 3149 5731 Πρίμῳ
3189 5661 3330 5716 hanc
3374 5657 3627 5715 inscribit
3660 5655 3789 5713 eod.

2215 5730 2389 5789 Vatic.
2414 5732 2538 5788 650.
2566 5730 2773 5787 Possm.
