3982 6420
192 473 341 539 ’1501

1052 457 1595 527 EPISTOLARUM
1633 457 1782 517 LIB.
1824 457 1893 517 V.
1928 478 1997 488 --
2023 449 2264 511 EPIST.
2300 439 2669 506 CCLXXXV.

3336 406 3478 489 150s

189 592 378 655 τᾶξιν,
412 588 508 639 καὶ
542 580 820 637 δουλεύειν
846 578 1161 648 ὀφείλουσα,
1195 573 1473 645 ἡγεῖσθαι,
1507 568 1706 639 μᾶλλον
1732 566 1790 619 δὲ
1820 572 1867 629 Α

1938 558 2284 619 retansillius
2307 553 2693 611 meditationes
2751 565 2764 601 :
2802 545 2886 601 sin
2931 542 3178 598 ordinem
3220 540 3365 594 hunc
3391 540 3476 593 iu-

201 631 378 655 ’διν-ν’
415 631 508 639 ----
546 631 754 637 -νν--π-
857 631 902 648 νι
1149 631 1161 641 ,
1217 631 1257 645 ,.
1460 631 1467 635 .
1507 631 1520 639 ,

191 681 488 752 τυραννεῖν
509 677 601 730 οἶα
631 692 691 728 τε
731 668 873 727 εἶναι
908 671 1140 741 νομίζοι,
1207 660 1695 734 ἐξοστρακισθῆναι
1723 657 1791 711 ἂν

1938 664 2097 720 ertat,
2133 662 2189 708 et
2226 664 2350 706 cum
2393 647 2591 701 debeat
2636 640 2865 705 servire,
2917 649 3110 704 regere
3164 640 3257 687 aut
3300 631 3485 701 potius

2285 741 2296 752 '
2578 750 2607 752 υ
2652 741 2727 752 ---
2767 739 2824 752 --ι
2862 726 3162 752 Ita—All“...—

190 775 286 844 εἴη
319 771 531 826 δικαία.

562 893 733 948 ΣηΒο.
762 918 835 931 —-
864 888 1091 959 Bonan
1122 886 1438 958 ΜΟΝΑΧῼ.

1898 749 2169 818 imperare
2207 741 2346 806 vult,
2400 750 2614 807 aequum
2648 741 2733 788 est
2767 739 2828 785 ut
2859 726 3185 798 expellatur.

2148 864 2500 927 CCLXXXII.
2533 894 2604 903 —
2641 856 2866 916 BOETO
2899 848 3255 910 MONACIIO.

776 1008 878 1062 Dei
913 1007 1178 1062 voluntate
1202 1005 1334 1074 justi
1360 1005 1413 1057 in
1449 1002 1645 1057 mundo
1667 1014 1806 1069 swpe
1829 995 2149 1067 affliguntur.
2177 985 2416 1059 (Confer.
2452 983 2605 1051 epist.
2644 979 2677 1032 6
2706 984 2756 1032 et
2785 974 2899 1045 86.)

270 1144 370 1215 Μὴ
402 1142 708 1213 θορυὸείτω
735 1158 796 1194 σε
820 1140 883 1191 τὸ
907 1138 1139 1201 πολλοὺς
1162 1135 1273 1189 τῶν
1295 1134 1603 1205 φιλαρέτων
1627 1130 1798 1203 μυρία

194 1236 446 1290 ἐνταῦθα
501 1236 737 1304 πάσχειν
791 1231 963 1297 δεινὰ,
1022 1230 1140 1283 ἀλλ’
1193 1230 1273 1292 εἰς
1314 1227 1523 1280 ἔννοιαν
1576 1225 1797 1293 ἀγέτω,

195 1332 284 1384 ὅτι
313 1330 414 1384 καὶ
443 1333 491 1382 οί
542 1328 652 1381 τῶν
690 1327 784 1380 ἐπὶ
817 1325 925 1395 γῆς
976 1322 1244 1395 βασιλέων
1290 1320 1452 1389 φίλοι,
1502 1309 1651 1371 οὗτοι
1692 1316 1796 1386 μά-

196 1423 367 1475 λιστα
419 1418 976 1491 παρακινδυνεύουσιν
1025 1417 1082 1468 ὲν
1138 1411 1423 1482 πολέμοις,
1482 1408 1577 1461 καὶ
1627 1405 1800 1478 τραύ-

200 1529 364 1585 ματα.
386 1514 590 1585 ἔχουσι,
626 1513 696 1565 δι’
716 1504 791 1565 ὧν
818 1511 889 1563 τὰ
912 1508 1153 1580 τρόπαια
1198 1506 1460 1574 ἔστησαν,
1491 1498 1806 1568 ἀποδημίας

202 1623 272 1657 τε
297 1603 523 1674 μακρὰς
564 1602 897 1656 στέλλονται.
943 1598 1007 1652 Ei
1030 1598 1086 1651 δὲ
1109 1597 1170 1651 ού
1201 1594 1496 1664 καταδέχῃ,
1523 1591 1694 1645 ἐννόει
1722 1590 1806 1643 ὅτι

201 1695 317 1747 εἰσί
347 1712 498 1757 τινες
524 1694 621 1747 καὶ
654 1694 763 1746 τῶν
787 1691 1017 1745 δικαίων
1055 1686 1341 1742 κάνταῦθα
1378 1680 1804 1755 εὐημεροῦντες.

203 1783 384 1839 Ὥστε
432 1788 483 1841 εἰ
524 1782 945 1847 σκανδαλίξουσί
981 1798 1065 1847 σε,
1099 1780 1195 1835 ἆτε
1224 1776 1620 1847 ἀσθενέστερον
1648 1772 1803 1837 ὄντα,

204 1878 261 1928 οἱ
311 1877 374 1928 ὲν
415 1876 772 1946 πειρασμοῖς,
807 1869 1265 1942 οίκοδομείτωσὰν
1298 1884 1357 1920 σε
1388 1868 1438 1919 οἱ
1491 1866 1550 1918 ὲν
1598 1861 1803 1917 ἀνέσει.

1975 1123 2120 1180 Cave
2140 1116 2427 1176 conturbet
2458 1122 2513 1168 te
2541 1109 2685 1181 quod
2726 1104 2878 1162 multi
2919 1101 3072 1173 probi
3107 1097 3245 1153 mala
3278 1094 3485 1150 inﬁnita

1904 1217 2214 1287 patiantur;
2248 1210 2343 1266 sed
2385 1207 2440 1261 in
2475 1213 2715 1260 mentem
2748 1212 2979 1262 revoca,
3010 1194 3153 1248 idem
3194 1191 3357 1244 etiam
3398 1201 3487 1239 re-

1905 1323 2030 1378 gum
2060 1303 2255 1359 amicis
2281 1296 2593 1356 usuvenire.
2630 1291 2697 1346 lli
2726 1289 2870 1345 enim
2900 1288 2953 1341 in
2976 1283 3118 1339 bello
3140 1277 3485 1351 potissimm

1904 1365 2323 1470 periclitantur,
2363 1387 2746 1457 accipiuntque
2791 1380 3048 1439 vulnera,
3105 1372 3304 1443 quibus
3353 1365 3491 1434 erigi

1902 1458 2081 1544 solent
2113 1494 2335 1554 tropaea,
2360 1490 2417 1535 et
2446 1480 2498 1533 in
2528 1474 2856 1544 longinquas
2876 1467 3198 1536 ablegantur
3216 1458 3490 1527 regiones.

1902 1579 2055 1648 Quod
2085 1577 2135 1631 si
2175 1589 2281 1630 non
2315 1570 2490 1640 capis,
2522 1566 2699 1634 cogita
2732 1570 2788 1616 et
2817 1573 2938 1614 esse
2982 1555 3257 1622 justorum
3289 1545 3491 1601 multos

1903 1638 2145 1742 perbelle
2176 1666 2265 1722 hic
2298 1638 2521 1733 agentes
2548 1672 2613 1711 ac
2652 1653 2856 1724 quiete.
2913 1648 3100 1715 Itaque
3136 1642 3181 1697 si
3212 1638 3493 1698 offendant

1901 1761 2050 1816 velut
2076 1754 2489 1813 imbecilliorem
2523 1748 2612 1817 qui
2650 1746 2706 1798 in
2742 1738 3137 1797 tentationiluts
3202 1740 3351 1793 sunt,
3381 1727 3494 1781 eri-

1903 1864 2034 1924 gant
2062 1848 2336 1920 tranquilli
2368 1865 2381 1901 :
2417 1844 2540 1898 etsi
2599 1837 2874 1894 offendant
2920 1831 3009 1901 qui
3047 1829 3103 1882 in
3139 1824 3399 1879 vitiorum
3430 1818 3498 1873 li-

209 1909 261 1928 U'-
312 1909 374 1928 εν
423 1909 772 1946 ιιςιιιυιυμυιξ,
807 1909 1262 1942 νιήυνυεδυθυυωνυυν
1300 1909 1356 1920 ..-
1390 1909 1438 1919 ν.
1491 1909 1544 1918 ν.
1600 1909 1802 1917 ..-νννπ

209 1966 328 2018 Καὶ
359 1967 409 2019 εί
452 1963 867 2028 σκανδαλίζουσί
898 1980 958 2015 σε
982 1962 1033 2014 οἱ
1071 1962 1129 2013 ὲν
1167 1958 1351 2012 ἀνέσει
1382 1954 1493 2009 τῶν
1526 1950 1805 2023 πονηρῶν,
1837 1938 1874 1993 Β

1942 1946 2087 2001 entia
2118 1949 2431 2001 versantur,
2456 1932 2746 1989 emendem
2780 1940 2831 1983 te
2858 1925 2949 1995 qui
2993 1919 3171 1992 pennis
3203 1926 3258 1971 et
3284 1909 3497 1983 suppli-

206 2057 566 2131 ὀρθούτωσάν
607 2072 667 2111 σε
697 2059 747 2110 oi
791 2056 851 2110 ὲν
876 2054 1100 2109 κολάσει
1135 2053 1231 2107 καὶ
1264 2049 1580 2121 τιμωρίαις.

431 2190 599 2245 ΣΠΡ.
645 2219 717 2229 -
746 2186 1076 2256 ΘΕΟΔΟΣΙῼ
1106 2180 1569 2251 ΣΧΟΛΑΣΤΙΚῼ.

1917 2036 2017 2092 ciis
2053 2031 2380 2087 afﬁciuntur."

1989 2158 2370 2220 CCLXXXIII.
2405 2186 2474 2199 —
2504 2145 2896 2208 TllEODOSlO
2929 2132 3433 2199 SCHOLASTICO.

1048 2296 1338 2361 Virtutum,
1364 2296 1718 2361 vitiorumque
1749 2282 1963 2342 nomina
1995 2296 2027 2333 α
2057 2275 2239 2330 multis
2261 2267 2685 2336 confunduntur.

290 2438 432 2493 Δίαν
473 2434 742 2506 θαυμάζω
802 2432 912 2487 τῶν
975 2431 1071 2484 καὶ
1118 2432 1189 2483 τὰ
1236 2428 1542 2500 πράγματα
1595 2421 1692 2475 καὶ
1747 2419 1820 2473 τὰ

213 2532 471 2601 ὀνόματα
502 2526 867 2597 συγχεόντων.
899 2524 994 2587 Είς
1013 2521 1267 2576 τοσοῦτον
1299 2519 1404 2589 γὰρ
1434 2517 1627 2586 σοφίας
1651 2514 1821 2584 ἣκου-

225 2642 344 2687 σιν,
372 2623 450 2686 ὼς
474 2622 573 2693 τὴν
605 2620 704 2691 μὲν
732 2616 1051 2690 παρρησίαν
1077 2610 1465 2683 ἀναισχυντίαν
1482 2608 1688 2672 καλεῖν,
1723 2603 1822 2675 τὴν

215 2716 280 2769 δὲ
306 2712 696 2783 ἀναισχυντίαν
724 2709 1064 2782 παρρησίαν,
1110 2707 1231 2760 κατ’
1269 2703 1437 2774 ἄμφω
1480 2697 1827 2771 ἁμαρτάνον-

217 2824 341 2869 τες.
374 2804 549 2858 Τοῦτο
580 2804 692 2875 γὰρ
742 2802 967 2873 δρῶσιν,
996 2800 1030 2871 ἢ
1080 2799 1167 2852 ἴνα
1222 2796 1322 2868 τὴν
1353 2792 1665 2865 παρρησίαν
1698 2790 1822 2842 ἐπι-

222 3083 577 3153 λογιζόμενοι
610 3079 669 3133 δὲ
692 3078 941 3141 ἑαυτοὺς,
979 3077 1061 3129 ὅτι
1093 3070 1450 3142 ἀναισχυντία
1483 3068 1581 3139 μέν
1604 3068 1754 3120 ἐστιν
1793 3066 1828 3135 ἡ

224 3177 330 3231 ἐπὶ
358 3177 471 3237 τοῖς
509 3172 814 3243 αἰσχίστοις
855 3168 1087 3222 πάθεσιν
1125 3164 1349 3233 ἀναιδὴς
1380 3160 1641 3231 φλυαρία,
1685 3159 1831 3229 παῤ-

230 3266 406 3339 ῥησία
443 3265 501 3318 δὲ
539 3265 573 3335 ὴ
600 3263 695 3315 ἐπὶ
722 3263 838 3323 τοῖς
885 3258 1193 3319 καλλίστοις
1229 3252 1493 3323 εῠτολμος
1534 3247 1824 3315 ἀπολογία.

230 3359 366 3431 Χρὴ
400 3355 495 3411 οὖν
528 3357 602 3427 μὴ
635 3356 760 3417 ταῖς
792 3352 902 3405 τῶν
936 3348 1350 3420 διεφθαρμένων
1396 3343 1647 3413 γνώμαις
1699 3339 1830 3391 ἒπε-

234 3452 404 3518 σθαι,
432 3450 571 3503 ἀλλὰ
597 3451 666 3518 τῇ
708 3447 817 3499 τῶν
875 3442 1221 3514 πραγμάτων
1260 3435 1513 3508 ἀληθείᾳ.
1551 3431 1687 3487 Οὐδὲ
1720 3431 1831 3501 γὰρ

233 3545 387 3599 κατά
435 3543 744 3613 ἀνθρώπων
803 3538 967 3610 μόνον
1006 3533 1317 3597 ὁπλίζουσιν
1373 3530 1422 3582 οἱ
1460 3525 1695 3581 τοιοῦτοι
1730 3522 1832 3587 τὰς

233 3636 511 3707 γλώττας,
534 3633 673 3689 ἀλλὰ
692 3632 790 3685 καὶ
813 3629 957 3687 κατὰ
975 3629 1077 3698 τῆς
1099 3625 1248 3686 θείας
1264 3622 1569 3691 δυνάμεως.
1591 3618 1704 3687 Τὴν
1721 3615 1832 3684 γὰρ

242 3726 636 3801 μακροθυμίαν
653 3725 825 3794 αὐτῆς
871 3721 1133 3793 ἀμέλειαν
1182 3711 1693 3788 προσαγορεύοντες
1726 3707 1831 3760 οὐκ

238 3799 599 3895 ἑρυθριῶσιν.
635 3819 802 3873 υύδὲν
824 3812 919 3869 οὖν
950 3810 1288 3883 θαυμαστὸν,
1325 3810 1375 3861 εί
1403 3805 1645 3874 ὀνόματα
1672 3799 1834 3871 ἀμεί-

242 3891 437 3970 ϐουσιν
466 3915 517 3967 οἱ
548 3911 867 3981 πάντολμοι,
909 3907 1071 3962 ὁπότε
1099 3904 1193 3958 καὶ
1226 3904 1304 3964 είς
1326 3898 1557 3971 οὐρανὸν
1584 3894 1656 3948 τὰ
1702 3891 1837 3963 βέλη

245 4008 556 4080 πέμπουσι.

531 4116 696 4168 ΣΠΔἏ
743 4143 815 4153 -
860 4108 1082 4177 ΠΡΙΜῼ
1129 4098 1555 4161 ΜΟΝΔΖΟΝΤΙ.

366 4236 549 4289 Virtus
577 4248 667 4301 spe
702 4228 907 4299 prwmii
927 4224 1235 4287 sustinetur,
1270 4218 1362 4273 sed
1397 4226 1445 4270 et
1476 4216 1587 4284 ipsa
1627 4212 1791 4266 virtus
1829 4201 1926 4259 sibi
1960 4192 2235 4275 praemium
2268 4204 2331 4243 ac
2361 4200 2578 4240 merces.
2609 4182 2627 4253 (

332 4367 395 4419 Ὀ
421 4364 689 4433 στέφανον
718 4355 1194 4427 ἐπαγγελλόμενος
1215 4349 1313 4421 τὴν
1332 4346 1535 4419 ἀρετὴν
1557 4339 1840 4399 ἀσκοῦντι,

246 4462 348 4514 δύο
381 4457 667 4528 χαρίζεται
710 4451 920 4523 δωρεάς
953 4463 970 4477 ο
1002 4448 1130 4517 μίαν
1174 4443 1276 4513 μὲν
1319 4439 1419 4511 τὴν
1468 4435 1687 4507 πρᾶξιν,
1723 4432 1846 4484 ὲτέ-

248 4571 360 4625 ραν
383 4522 573 4620 ’δὲ-τὴν
601 4546 857 4618 ἀμοιϐήν.
903 4541 1060 4610 Ἐμοὶ
1088 4538 1196 4607 γὰρ
1226 4535 1320 4589 καλ⁸
1348 4535 1376 4586 ὁ
1402 4528 1565 4591 ἆθλος
1590 4526 1774 4586 αὐτὸς,
1795 4522 1846 4575 εί

246 4623 351 4699 διαὶ
399 4640 657 4702 ὲπίπονός
708 4639 847 4700 ἐστι,
895 4631 990 4686 τοῦ
1044 4626 1282 4682 ἐπάθλου
1310 4623 1409 4691 οὐχ
1447 4623 1513 4692 ἦτ

248 4825 552 4897 στεφάνου,
574 4824 602 4876 ὁ
631 4822 688 4875 δὲ
715 4819 979 4889 στέφανος
1002 4815 1062 4868 οὐ
1092 4812 1295 4867 δίδοται
1322 4808 1452 4862 ἄνευ
1485 4800 1712 4876 ἀρετῆς.

542 5018 711 5075 ΣΠΕ’.
748 5047 819 5060 -ρ-
856 5015 1085 5070 ΩΡΙΩΝΙ
1112 5006 1539 5066 ΜΟΝΑΖΟΝΤΙ.

1990 2409 2161 2466 Valde
2195 2403 2444 2475 equidem
2486 2412 2581 2453 eos
2611 2394 2880 2457 admiror,
2929 2388 3024 2459 qui
3057 2394 3113 2441 et
3168 2397 3256 2438 res
3314 2390 3369 2435 et
3410 2394 3507 2435 no-

1921 2502 2066 2559 mina
2092 2494 2452 2553 confundunt.
2494 2488 2571 2543 Eo
2604 2486 2750 2541 enim
2782 2481 3026 2538 scientiae
3054 2485 3277 2531 ventum
3302 2480 3407 2538 est,
3439 2482 3500 2525 ut

1922 2589 2135 2647 dicendi
2169 2586 2474 2640 libertatem
2498 2573 2882 2647 impudentiam
2901 2568 3224 2631 nominent;
3253 2570 3507 2618 etcontra
3552 2617 3559 2626 ,

1926 2678 2315 2751 impudentiam
2346 2670 2599 2741 loquendi
2636 2671 2829 2720 vocent
2854 2661 3198 2723 libertatem,
3251 2652 3509 2721 utrinque

1930 2746 2223 2830 errantes:
2261 2767 2423 2835 idque
2456 2760 2666 2816 faciunt
2694 2767 2752 2810 ut
2779 2754 2865 2809 vel
2902 2749 3155 2821 loquendi
3195 2746 3507 2801 libertatem

1922 2880 2018 2922 ore
2038 2864 2221 2919 clauso
2262 2868 2319 2913 et
2348 2859 2599 2912 obturato
2639 2848 2954 2906 refrenent.
2988 2842 3074 2897 vel
3118 2849 3179 2894 ut
3225 2836 3512 2908 impuden-

1927 2961 2058 3014 tiam
2087 2956 2154 3009 ad
2185 2952 2446 3023 majorem
2473 2944 2774 3015 nequitiam
2802 2937 2985 3009 pueris
3018 2932 3318 2999 instillent;
3352 2928 3515 2999 idque

1924 3052 2231 3108 nescientes
2247 3022 2331 3100 vel
2360 3043 2596 3097 scientes
2614 3035 2855 3107 quidem,
2876 3030 2971 3086 sed
2997 3027 3207 3098 seipsos
3227 3022 3476 3078 fallentes
3493 3036 3513 3076 :

1927 3141 2072 3212 quod
2104 3134 2437 3206 impudentia
2466 3130 2684 3201 quidem
2709 3125 2782 3180 sit
2807 3125 2872 3177 de
2904 3119 3152 3190 turpibus
3171 3112 3515 3186 passionibus

1929 3228 2293 3290 inverecunda
2330 3224 2576 3295 nugatio,
2612 3219 2841 3274 libertas
2880 3228 3010 3269 vero
3049 3209 3262 3266 dicendi
3321 3221 3511 3262 rerum

1855 3304 1899 3363 α
1933 3323 2262 3394 optimarum
2306 3316 2483 3371 audax
2523 3309 2793 3366 defensio.
2857 3304 2975 3360 Non
3024 3302 3207 3371 itaque
3246 3297 3519 3367 corruptis

1939 3411 2345 3471 assentiendum
2391 3403 2775 3475 Opinionibus,
2823 3398 2917 3454 sed
2966 3408 3148 3450 rerum
3199 3391 3381 3462 potius
3429 3388 3519 3443 in-

1938 3506 2235 3563 sistendum
2262 3497 2501 3556 veritati.
2563 3493 2680 3548 Non
2711 3492 2855 3547 enim
2899 3489 2955 3543 bi
3008 3488 3064 3541 in
3104 3485 3357 3541 homines
3379 3482 3521 3536 dun-

1942 3607 2089 3655 taxat
2145 3597 2355 3665 linguas
2411 3597 2637 3653 acuunt,
2686 3583 2781 3639 sed
2825 3593 2880 3637 et
2929 3579 2984 3635 in
3016 3577 3257 3634 divinum
3286 3573 3519 3628 Numen.

1940 3663 2430 3760 Longaniniitatem
2457 3678 2603 3734 enim
2628 3674 2723 3730 Dei
2761 3669 3144 3741 negligentiam
3175 3663 3521 3734 interpretari

1935 3800 2044 3839 non
2073 3779 2425 3837 erubescunt.
2470 3771 2610 3839 Quid
2652 3769 2850 3824 mirum
2883 3766 3046 3836 igitur
3085 3762 3131 3817 si
3163 3759 3382 3815 nomina
3433 3757 3522 3812 isti

1938 3873 2184 3932 audaculi
2203 3876 2537 3943 permutant,
2564 3878 2689 3920 cum
2724 3870 2780 3917 et
2822 3860 2876 3914 in
2905 3857 3103 3913 emtum
3128 3854 3351 3924 jaciant
3382 3849 3529 3907 tela?

2173 4068 2557 4144 CCLXXXIV.
2592 4096 2664 4107 —
2702 4060 2918 4120 PRIMO
2948 4056 3305 4115 MONACI‘IO-

2630 4178 2790 4249 Conf.
2819 4178 2972 4246 epist.
3002 4174 3093 4241 63,
3126 4173 3249 4238 150,
3273 4170 3427 4241 2‘25.)

2018 4323 2121 4391 Qui
2150 4331 2407 4376 coronam
2443 4311 2713 4385 promittit
2741 4308 3000 4363 virtutem
3032 4300 3303 4373 aperanti,
3335 4297 3531 4367 duplex

1948 4423 2170 4490 praestat
2205 4409 2483 4482 praatnium
2504 4446 2521 4473 ,
2545 4406 2774 4460 alterum
2805 4399 2986 4470 operis
3025 4396 3195 4468 ipsius
3226 4392 3406 4463 (cujus
3437 4405 3534 4461 per

1948 4509 2369 4582 promissionem
2412 4514 2575 4555 causa
2610 4496 2750 4565 est),
2782 4493 3016 4548 alterum
3052 4483 3530 4543 remunerationis.

1948 4782 2139 4841 bravio
2165 4780 2303 4850 ipso,
2336 4789 2459 4830 cum
2497 4781 2553 4825 et
2576 4769 2750 4823 virtus
2785 4767 2896 4834 ipsa
2926 4760 3133 4834 praemii
3168 4773 3336 4815 causa
3364 4757 3438 4813 sit
3479 4765 3538 4812 et

1953 4887 2189 4937 coronre,
2226 4882 2401 4937 neque
2432 4866 2549 4919 bzec
2582 4862 2697 4917 sine
2732 4860 2932 4913 virtute
2961 4853 3298 4911 conferatur.

2058 4982 2229 5057 65,6
2270 4973 2623 5036 CCLXXXV.
2660 5002 2729 5015 --
2766 4966 3003 5026 ORIONI
3048 4954 3405 5021 MONACHO.

1003 5125 1227 5181 Prwstat
1257 5139 1359 5175 non
1390 5118 1607 5183 bellare,
1638 5129 1797 5184 quam
1827 5105 2078 5163 subsidiis
2110 5101 2227 5157 niti.
2259 5094 2443 5169 (Conf.
2473 5093 2629 5163 epist.
2654 5087 2805 5157 484.)

336 5271 481 5327 Πολὺ
521 5262 926 5337 ἀσφαλέστερόν
977 5258 1096 5310 ἐστι
1135 5253 1197 5308 τὸ
1251 5251 1328 5323 μὴ
1357 5245 1715 5319 πολεμεῖσθαι
1751 5240 1849 5294 τοῦ

257 5360 706 5436 συμμαχεῖσθαιλ·
774 5355 836 5408 τὸ
892 5352 992 5422 μὲν
1055 5347 1166 5419 γὰρ
1229 5342 1462 5416 ἡσυχίαν
1516 5338 1851 5409 ἀπράγμονα

261 5428 404 5530 ἔχει,
438 5428 498 5508 si;
527 5453 583 5506 δὲ
620 5446 922 5516 ἀναγκάζει
955 5438 1331 5511 συμπολεμεῖν
1379 5434 1492 5494 τοῖς
1522 5428 1851 5500 βοηθήσασι,

264 5515 368 5609 καὶ
392 5515 443 5603 ἐξ
470 5546 669 5606 ἀδίκως
712 5515 1025 5608 πολεμοῖεν.
1077 5529 1345 5590 Πολλάκις
1368 5524 1478 5594 γὰρ
1498 5515 1849 5588 ἀδικούμενοί

263 5658 415 5704 τινες
456 5633 775 5708 συμμαχίαν
830 5624 1255 5680 ἐπεκαλέσαντοο
1305 5612 1373 5689 ἦς
1425 5614 1521 5667 καὶ
1577 5609 1853 5681 τυχόντες,

271 5696 412 5795 τοῖς.
461 5696 856 5798 συμμαχήσασι
946 5713 1170 5776 δικαίως
1245 5702 1698 5776 πολεμουμένοις,
1795 5696 1857 5750 ού

268 5826 497 5887 δικαίως
528 5796 818 5892 ἀμύνουσι,
851 5812 1010 5885 χάριν
1049 5807 1234 5864 ἄδικον
1269 5800 1392 5859 ἀντὶ
1435 5796 1649 5859 δικαίας
1686 5796 1860 5847 ἐκτιν-

273 5941 335 5973 Vt.
345 5935 481 5980 ντες.

2036 5233 2199 5288 Multo
2223 5228 2472 5285 securius
2504 5232 2585 5277 est
2628 5217 2771 5275 bello
2804 5231 2912 5270 non
2965 5211 3135 5283 premi
3163 5251 3180 5277 ,
3212 5224 3372 5278 quam
3410 5222 3543 5276 sup-

1960 5328 2136 5399 petias
2178 5324 2248 5378 ab
2278 5321 2402 5375 aliis
2440 5318 2732 5384 accipere:
2798 5307 2933 5364 illud
2974 5306 3118 5361 enim
3164 5302 3364 5373 quietis
3398 5310 3542 5355 tran-

1959 5414 2351 5488 quillitatisque
2394 5410 2611 5478 plenum
2638 5411 2761 5465 est,
2810 5401 2915 5455 hoc
2936 5412 3065 5453 vero
3093 5410 3201 5450 una
3232 5409 3355 5448 cum
3386 5392 3543 5446 auxi-

1958 5484 2218 5565 liantibus
2248 5516 2489 5574 pugnare
2508 5498 2672 5568 cogit,
2696 5494 2797 5549 etsi
2835 5498 3073 5561 pugnent
3104 5488 3322 5557 injuste.
3361 5484 3546 5554 Saepe-

1957 5614 2187 5658 numero
2215 5596 2361 5653 enim
2395 5591 2591 5660 injuria
2620 5586 2797 5643 alfccti
2827 5584 3046 5653 quidam
3080 5581 3351 5636 sociorum
3386 5592 3542 5646 Opem

1956 5695 2328 5752 advocarunt,
2362 5698 2525 5755 quam
2573 5679 2759 5739 nacti,
2803 5676 2966 5730 etiam
3012 5670 3375 5727 auxiliaribus
3428 5666 3545 5721 Suis

1959 5785 2098 5841 bello
2125 5782 2273 5852 justo
2312 5775 2493 5848 petitis
2514 5814 2529 5838 ,
2564 5786 2672 5825 non
2714 5769 2859 5840 jnsze
2892 5772 3267 5827 succurrunt,-
3288 5759 3545 5831 injustam

1962 5893 2060 5949 pro
2093 5876 2235 5945 jnsta
2272 5869 2501 5940 gratiam
2540 5863 2915 5934 rcpcndcntcs.
