  <div class='ocr_page' id='page_1' title='image "/cluster/home/n/w/nwhite01/storage/ocr_20150623/78/nnc1.0046980008/820.png"; bbox 0 0 3982 6420; ppageno 0'>
   <div class='ocr_carea' id='block_1_1' title="bbox 169 314 291 379">
    <p class='ocr_par' dir='ltr' id='par_1_1' title="bbox 169 314 291 379">
     <span class='ocr_line' id='line_1_1' title="bbox 169 314 291 379; baseline -0.025 0"><span class='ocrx_word' id='word_1_1' title='bbox 169 314 291 379; x_wconf 83' lang='grc'><strong>1505</strong></span> 
     </span>
    </p>
   </div>
   <div class='ocr_carea' id='block_1_2' title="bbox 1059 310 2546 378">
    <p class='ocr_par' dir='ltr' id='par_1_2' title="bbox 1059 310 2546 378">
     <span class='ocr_line' id='line_1_2' title="bbox 1059 310 2546 378; baseline 0.005 -8"><span class='ocrx_word' id='word_1_2' title='bbox 1059 310 1596 372; x_wconf 79' lang='lat' dir='ltr'><strong>EPISTOLARUM</strong></span> <span class='ocrx_word' id='word_1_3' title='bbox 1635 313 1786 378; x_wconf 56' lang='lat' dir='ltr'><strong>LIB;</strong></span> <span class='ocrx_word' id='word_1_4' title='bbox 1823 312 1892 372; x_wconf 66' lang='grc' dir='ltr'>Υ.</span> <span class='ocrx_word' id='word_1_5' title='bbox 1933 337 2000 347; x_wconf 92' lang='grc'><strong><em>-</em></strong></span> <span class='ocrx_word' id='word_1_6' title='bbox 2033 311 2274 374; x_wconf 87' lang='lat' dir='ltr'><strong>EPIST.</strong></span> <span class='ocrx_word' id='word_1_7' title='bbox 2310 315 2546 378; x_wconf 85' lang='lat' dir='ltr'>CCXCI.</span> 
     </span>
    </p>
   </div>
   <div class='ocr_carea' id='block_1_3' title="bbox 3276 319 3420 398">
    <p class='ocr_par' dir='ltr' id='par_1_3' title="bbox 3276 319 3420 398">
     <span class='ocr_line' id='line_1_3' title="bbox 3276 319 3420 398; baseline 0.021 -14"><span class='ocrx_word' id='word_1_8' title='bbox 3276 319 3420 398; x_wconf 66' lang='lat'><strong>1:506</strong></span> 
     </span>
    </p>
   </div>
   <div class='ocr_carea' id='block_1_4' title="bbox 169 419 1740 497">
    <p class='ocr_par' dir='ltr' id='par_1_4' title="bbox 169 419 1732 493">
     <span class='ocr_line' id='line_1_4' title="bbox 169 419 1732 493; baseline -0.001 -17"><span class='ocrx_word' id='word_1_9' title='bbox 169 421 359 493; x_wconf 84' lang='grc' dir='ltr'>σμούς·</span> <span class='ocrx_word' id='word_1_10' title='bbox 397 419 450 474; x_wconf 80' lang='grc' dir='ltr'><strong>τί</strong></span> <span class='ocrx_word' id='word_1_11' title='bbox 480 421 590 493; x_wconf 89' lang='lat'><strong>7&amp;9</strong></span> <span class='ocrx_word' id='word_1_12' title='bbox 626 419 734 493; x_wconf 72' lang='grc' dir='ltr'>ἔφη</span> <span class='ocrx_word' id='word_1_13' title='bbox 759 422 789 476; x_wconf 99' lang='lat'><strong>6</strong></span> <span class='ocrx_word' id='word_1_14' title='bbox 827 419 960 484; x_wconf 70' lang='grc' dir='ltr'>Θεὸς</span> <span class='ocrx_word' id='word_1_15' title='bbox 986 419 1065 491; x_wconf 80' lang='grc' dir='ltr'><strong>τῷ</strong></span> <span class='ocrx_word' id='word_1_16' title='bbox 1103 419 1406 491; x_wconf 86' lang='grc' dir='ltr'>Ἰεζεκιήλ;</span> <span class='ocrx_word' id='word_1_17' title='bbox 1445 439 1463 472; x_wconf 75' lang='grc' dir='ltr'><strong>ι</strong></span> <span class='ocrx_word' id='word_1_18' title='bbox 1524 421 1634 474; x_wconf 78' lang='grc' dir='ltr'><strong>Καὶ</strong></span> <span class='ocrx_word' id='word_1_19' title='bbox 1667 422 1732 473; x_wconf 75' lang='grc' dir='ltr'>σὺ</span> 
     </span>
    </p>
   </div>
   <div class='ocr_carea' id='block_1_5' title="bbox 1844 419 3418 497">
    <p class='ocr_par' dir='ltr' id='par_1_5' title="bbox 1844 422 3418 497">
     <span class='ocr_line' id='line_1_5' title="bbox 1844 422 3418 497; baseline 0.01 -23"><span class='ocrx_word' id='word_1_20' title='bbox 1844 423 1896 474; x_wconf 65' lang='lat' dir='ltr'><strong>sic</strong></span> <span class='ocrx_word' id='word_1_21' title='bbox 1925 422 2134 476; x_wconf 73' lang='lat' dir='ltr'><strong>liazreas</strong></span> <span class='ocrx_word' id='word_1_22' title='bbox 2168 422 2481 492; x_wconf 81' lang='lat' dir='ltr'><strong>ambigens,</strong></span> <span class='ocrx_word' id='word_1_23' title='bbox 2512 423 2694 478; x_wconf 83' lang='lat' dir='ltr'><strong>divina</strong></span> <span class='ocrx_word' id='word_1_24' title='bbox 2720 425 2963 482; x_wconf 85' lang='lat' dir='ltr'><strong>recitabo</strong></span> <span class='ocrx_word' id='word_1_25' title='bbox 2995 427 3232 482; x_wconf 63' lang='lat' dir='ltr'><strong>oracula.</strong></span> <span class='ocrx_word' id='word_1_26' title='bbox 3275 431 3418 497; x_wconf 82' lang='lat' dir='ltr'><strong>Quid</strong></span> 
     </span>
    </p>
   </div>
   <div class='ocr_carea' id='block_1_6' title="bbox 169 511 1730 586">
    <p class='ocr_par' dir='ltr' id='par_1_6' title="bbox 169 511 1730 586">
     <span class='ocr_line' id='line_1_6' title="bbox 169 511 1730 586; baseline 0 -20"><span class='ocrx_word' id='word_1_27' title='bbox 169 514 250 568; x_wconf 80' lang='grc' dir='ltr'>ἐὰν</span> <span class='ocrx_word' id='word_1_28' title='bbox 270 512 547 584; x_wconf 80' lang='grc' dir='ltr'>διαστείλῃ</span> <span class='ocrx_word' id='word_1_29' title='bbox 582 512 660 583; x_wconf 83' lang='grc' dir='ltr'><strong>τῷ</strong></span> <span class='ocrx_word' id='word_1_30' title='bbox 687 513 898 583; x_wconf 82' lang='grc' dir='ltr'><strong>ἀνόμῳ,</strong></span> <span class='ocrx_word' id='word_1_31' title='bbox 924 511 1019 565; x_wconf 81' lang='grc' dir='ltr'>καὶ</span> <span class='ocrx_word' id='word_1_32' title='bbox 1051 512 1126 584; x_wconf 78' lang='grc' dir='ltr'>μὴ</span> <span class='ocrx_word' id='word_1_33' title='bbox 1146 513 1467 586; x_wconf 74' lang='grc' dir='ltr'>ἀποστρέψῃ</span> <span class='ocrx_word' id='word_1_34' title='bbox 1490 513 1599 566; x_wconf 83' lang='grc' dir='ltr'>ἀπὸ</span> <span class='ocrx_word' id='word_1_35' title='bbox 1629 513 1730 583; x_wconf 75' lang='grc' dir='ltr'>τῆς</span> 
     </span>
    </p>
   </div>
   <div class='ocr_carea' id='block_1_7' title="bbox 82 603 1734 674">
    <p class='ocr_par' dir='ltr' id='par_1_7' title="bbox 82 603 1734 674">
     <span class='ocr_line' id='line_1_7' title="bbox 82 603 1734 674; baseline -0.001 -16"><span class='ocrx_word' id='word_1_36' title='bbox 82 629 90 649; x_wconf 67' lang='grc' dir='ltr'><strong>ι</strong></span> <span class='ocrx_word' id='word_1_37' title='bbox 168 603 384 674; x_wconf 76' lang='grc' dir='ltr'><strong>ἀνομίας</strong></span> <span class='ocrx_word' id='word_1_38' title='bbox 408 603 572 656; x_wconf 77' lang='grc' dir='ltr'>αὐτοῦ</span> <span class='ocrx_word' id='word_1_39' title='bbox 597 605 627 658; x_wconf 92' lang='lat'><strong>6</strong></span> <span class='ocrx_word' id='word_1_40' title='bbox 657 604 879 674; x_wconf 79' lang='grc' dir='ltr'><strong>ἄνομος,</strong></span> <span class='ocrx_word' id='word_1_41' title='bbox 905 604 964 656; x_wconf 76' lang='grc' dir='ltr'>ἐν</span> <span class='ocrx_word' id='word_1_42' title='bbox 991 605 1060 672; x_wconf 84' lang='grc' dir='ltr'>τῇ</span> <span class='ocrx_word' id='word_1_43' title='bbox 1092 603 1294 674; x_wconf 76' lang='grc' dir='ltr'>ἀνομία</span> <span class='ocrx_word' id='word_1_44' title='bbox 1321 603 1490 657; x_wconf 81' lang='grc' dir='ltr'>αὑτοῦ</span> <span class='ocrx_word' id='word_1_45' title='bbox 1529 603 1734 657; x_wconf 81' lang='grc' dir='ltr'>ἀποθα-</span> 
     </span>
    </p>
   </div>
   <div class='ocr_carea' id='block_1_8' title="bbox 167 692 1731 766">
    <p class='ocr_par' dir='ltr' id='par_1_8' title="bbox 167 692 1731 766">
     <span class='ocr_line' id='line_1_8' title="bbox 167 692 1731 766; baseline -0.001 -19"><span class='ocrx_word' id='word_1_46' title='bbox 167 695 345 749; x_wconf 81' lang='grc' dir='ltr'>νεῖται’</span> <span class='ocrx_word' id='word_1_47' title='bbox 366 693 430 746; x_wconf 82' lang='grc' dir='ltr'>σὺ</span> <span class='ocrx_word' id='word_1_48' title='bbox 454 693 513 746; x_wconf 80' lang='grc' dir='ltr'>δὲ</span> <span class='ocrx_word' id='word_1_49' title='bbox 538 693 638 763; x_wconf 78' lang='grc' dir='ltr'>τὴν</span> <span class='ocrx_word' id='word_1_50' title='bbox 663 693 959 764; x_wconf 72' lang='grc' dir='ltr'>ψυχὴνίσου</span> <span class='ocrx_word' id='word_1_51' title='bbox 981 692 1147 766; x_wconf 72' lang='grc' dir='ltr'>ῥύσῃ.</span> <span class='ocrx_word' id='word_1_52' title='bbox 1165 711 1185 745; x_wconf 80' lang='grc' dir='ltr'><strong>ι</strong></span> <span class='ocrx_word' id='word_1_53' title='bbox 1221 692 1450 747; x_wconf 86' lang='grc' dir='ltr'>Σιωπῶν</span> <span class='ocrx_word' id='word_1_54' title='bbox 1477 693 1574 762; x_wconf 81' lang='grc' dir='ltr'>μὲν</span> <span class='ocrx_word' id='word_1_55' title='bbox 1599 694 1731 762; x_wconf 86' lang='lat'><strong>7&amp;9,</strong></span> 
     </span>
    </p>
   </div>
   <div class='ocr_carea' id='block_1_9' title="bbox 169 783 1731 855">
    <p class='ocr_par' dir='ltr' id='par_1_9' title="bbox 169 783 1731 855">
     <span class='ocr_line' id='line_1_9' title="bbox 169 783 1731 855; baseline -0.003 -16"><span class='ocrx_word' id='word_1_56' title='bbox 169 786 251 840; x_wconf 73' lang='grc' dir='ltr'>καὶ</span> <span class='ocrx_word' id='word_1_57' title='bbox 281 784 359 855; x_wconf 79' lang='grc' dir='ltr'><strong>μὴ</strong></span> <span class='ocrx_word' id='word_1_58' title='bbox 393 784 905 855; x_wconf 75' lang='grc' dir='ltr'>παρρησιαζόμενος</span> <span class='ocrx_word' id='word_1_59' title='bbox 933 823 949 847; x_wconf 91' lang='grc'><strong>,</strong></span> <span class='ocrx_word' id='word_1_60' title='bbox 991 785 1270 849; x_wconf 80' lang='grc' dir='ltr'>κοινωνεῖς</span> <span class='ocrx_word' id='word_1_61' title='bbox 1309 783 1524 854; x_wconf 74' lang='grc' dir='ltr'>ἐκείνῳ,</span> <span class='ocrx_word' id='word_1_62' title='bbox 1574 784 1731 854; x_wconf 80' lang='grc' dir='ltr'>φησὶ,</span> 
     </span>
    </p>
   </div>
   <div class='ocr_carea' id='block_1_10' title="bbox 167 871 1736 946">
    <p class='ocr_par' dir='ltr' id='par_1_10' title="bbox 167 871 1736 946">
     <span class='ocr_line' id='line_1_10' title="bbox 167 871 1736 946; baseline -0.001 -19"><span class='ocrx_word' id='word_1_63' title='bbox 167 875 252 944; x_wconf 81' lang='grc' dir='ltr'>τῆς</span> <span class='ocrx_word' id='word_1_64' title='bbox 275 873 565 945; x_wconf 88' lang='grc' dir='ltr'>τιμωρίας.</span> <span class='ocrx_word' id='word_1_65' title='bbox 593 873 907 944; x_wconf 83' lang='grc' dir='ltr'>Προείρηκα</span> <span class='ocrx_word' id='word_1_66' title='bbox 930 873 1090 943; x_wconf 71' lang='grc' dir='ltr'>γὰρ,‹</span> <span class='ocrx_word' id='word_1_67' title='bbox 1111 873 1239 926; x_wconf 85' lang='grc' dir='ltr'><strong>Ἐὰν</strong></span> <span class='ocrx_word' id='word_1_68' title='bbox 1266 871 1342 944; x_wconf 85' lang='grc' dir='ltr'>μὴ</span> <span class='ocrx_word' id='word_1_69' title='bbox 1360 872 1657 946; x_wconf 79' lang='grc' dir='ltr'>διαστείλῃ,</span> <span class='ocrx_word' id='word_1_70' title='bbox 1675 872 1736 926; x_wconf 86' lang='grc' dir='ltr'>τὸ</span> 
     </span>
    </p>
   </div>
   <div class='ocr_carea' id='block_1_11' title="bbox 168 958 1734 1035">
    <p class='ocr_par' dir='ltr' id='par_1_11' title="bbox 168 958 1734 1035">
     <span class='ocr_line' id='line_1_11' title="bbox 168 958 1734 1035; baseline -0.002 -17"><span class='ocrx_word' id='word_1_71' title='bbox 168 958 464 1035; x_wconf 75' lang='grc' dir='ltr'>αἷμααύτοῢ</span> <span class='ocrx_word' id='word_1_72' title='bbox 489 965 554 1016; x_wconf 83' lang='grc' dir='ltr'>ὲκ</span> <span class='ocrx_word' id='word_1_73' title='bbox 573 961 671 1032; x_wconf 79' lang='grc' dir='ltr'>τῆς</span> <span class='ocrx_word' id='word_1_74' title='bbox 687 962 869 1034; x_wconf 86' lang='grc' dir='ltr'>χειρός</span> <span class='ocrx_word' id='word_1_75' title='bbox 892 979 985 1014; x_wconf 80' lang='grc' dir='ltr'><strong>σου</strong></span> <span class='ocrx_word' id='word_1_76' title='bbox 1003 961 1310 1033; x_wconf 73' lang='grc' dir='ltr'>ὲκζητήσω.</span> <span class='ocrx_word' id='word_1_77' title='bbox 1338 981 1358 1015; x_wconf 78' lang='grc' dir='ltr'><strong>ι</strong></span> <span class='ocrx_word' id='word_1_78' title='bbox 1385 960 1466 1014; x_wconf 86' lang='grc' dir='ltr'><strong>Τά</strong></span> <span class='ocrx_word' id='word_1_79' title='bbox 1481 963 1609 1032; x_wconf 80' lang='grc' dir='ltr'>περὶ</span> <span class='ocrx_word' id='word_1_80' title='bbox 1622 959 1734 1030; x_wconf 74' lang='grc' dir='ltr'>(ει)</span> 
     </span>
    </p>
   </div>
   <div class='ocr_carea' id='block_1_12' title="bbox 171 1051 1737 1125">
    <p class='ocr_par' dir='ltr' id='par_1_12' title="bbox 171 1051 1737 1125">
     <span class='ocr_line' id='line_1_12' title="bbox 171 1051 1737 1125; baseline -0.003 -15"><span class='ocrx_word' id='word_1_81' title='bbox 171 1054 358 1111; x_wconf 78' lang='grc' dir='ltr'>σαυτοῦ</span> <span class='ocrx_word' id='word_1_82' title='bbox 386 1054 443 1107; x_wconf 85' lang='grc' dir='ltr'>δὲ</span> <span class='ocrx_word' id='word_1_83' title='bbox 476 1055 747 1123; x_wconf 74' lang='grc' dir='ltr'><strong>εἰσφέρων</strong></span> <span class='ocrx_word' id='word_1_84' title='bbox 797 1052 1120 1125; x_wconf 75' lang='grc' dir='ltr'><strong>ἀπαλλάττῃ</strong></span> <span class='ocrx_word' id='word_1_85' title='bbox 1153 1053 1252 1123; x_wconf 83' lang='grc' dir='ltr'>τῆς</span> <span class='ocrx_word' id='word_1_86' title='bbox 1296 1053 1614 1124; x_wconf 88' lang='grc' dir='ltr'>καταδίκης.</span> <span class='ocrx_word' id='word_1_87' title='bbox 1645 1051 1737 1124; x_wconf 81' lang='grc' dir='ltr'><strong>Τῷ</strong></span> 
     </span>
    </p>
   </div>
   <div class='ocr_carea' id='block_1_13' title="bbox 172 1143 1732 1217">
    <p class='ocr_par' dir='ltr' id='par_1_13' title="bbox 172 1143 1732 1217">
     <span class='ocr_line' id='line_1_13' title="bbox 172 1143 1732 1217; baseline -0.003 -17"><span class='ocrx_word' id='word_1_88' title='bbox 172 1148 259 1217; x_wconf 78' lang='grc' dir='ltr'>μὲν</span> <span class='ocrx_word' id='word_1_89' title='bbox 309 1147 422 1216; x_wconf 84' lang='lat'><strong>7&amp;9</strong></span> <span class='ocrx_word' id='word_1_90' title='bbox 464 1145 566 1198; x_wconf 77' lang='grc' dir='ltr'>καὶ</span> <span class='ocrx_word' id='word_1_91' title='bbox 610 1143 1007 1216; x_wconf 75' lang='grc' dir='ltr'>ἁργαλεωτέρα</span> <span class='ocrx_word' id='word_1_92' title='bbox 1056 1143 1349 1215; x_wconf 83' lang='grc' dir='ltr'>γενήσεται</span> <span class='ocrx_word' id='word_1_93' title='bbox 1393 1144 1428 1213; x_wconf 78' lang='grc' dir='ltr'><strong>ἡ</strong></span> <span class='ocrx_word' id='word_1_94' title='bbox 1477 1143 1732 1209; x_wconf 84' lang='grc' dir='ltr'>κόλασις,</span> 
     </span>
    </p>
   </div>
   <div class='ocr_carea' id='block_1_14' title="bbox 172 1235 1738 1310">
    <p class='ocr_par' dir='ltr' id='par_1_14' title="bbox 172 1235 1738 1310">
     <span class='ocr_line' id='line_1_14' title="bbox 172 1235 1738 1310; baseline -0.001 -18"><span class='ocrx_word' id='word_1_95' title='bbox 172 1239 294 1310; x_wconf 82' lang='grc' dir='ltr'>μηδὲ</span> <span class='ocrx_word' id='word_1_96' title='bbox 339 1239 440 1310; x_wconf 80' lang='grc' dir='ltr'>τὴν</span> <span class='ocrx_word' id='word_1_97' title='bbox 475 1239 576 1310; x_wconf 83' lang='grc' dir='ltr'>σὴν</span> <span class='ocrx_word' id='word_1_98' title='bbox 616 1236 1047 1308; x_wconf 80' lang='grc' dir='ltr'>παραδεξαμένῳ</span> <span class='ocrx_word' id='word_1_99' title='bbox 1093 1235 1438 1306; x_wconf 86' lang='grc' dir='ltr'>παραίνεσιν.</span> <span class='ocrx_word' id='word_1_100' title='bbox 1472 1236 1546 1289; x_wconf 84' lang='grc' dir='ltr'>Σὺ</span> <span class='ocrx_word' id='word_1_101' title='bbox 1573 1235 1648 1288; x_wconf 77' lang='grc' dir='ltr'><strong>οδὲ</strong></span> <span class='ocrx_word' id='word_1_102' title='bbox 1674 1236 1738 1291; x_wconf 83' lang='grc' dir='ltr'>τὸ</span> 
     </span>
    </p>
   </div>
   <div class='ocr_carea' id='block_1_15' title="bbox 169 1329 1736 1403">
    <p class='ocr_par' dir='ltr' id='par_1_15' title="bbox 169 1329 1736 1403">
     <span class='ocr_line' id='line_1_15' title="bbox 169 1329 1736 1403; baseline -0.004 -16"><span class='ocrx_word' id='word_1_103' title='bbox 169 1333 447 1387; x_wconf 87' lang='grc' dir='ltr'>κελευσθὲν</span> <span class='ocrx_word' id='word_1_104' title='bbox 476 1331 938 1403; x_wconf 81' lang='grc' dir='ltr'>διαπραξάμενος,</span> <span class='ocrx_word' id='word_1_105' title='bbox 963 1329 1255 1392; x_wconf 83' lang='grc' dir='ltr'><strong>ἀνεύθυνος</strong></span> <span class='ocrx_word' id='word_1_106' title='bbox 1279 1329 1401 1402; x_wconf 77' lang='grc' dir='ltr'>ἔσῃ.</span> <span class='ocrx_word' id='word_1_107' title='bbox 1433 1329 1598 1383; x_wconf 81' lang='grc' dir='ltr'>Οὐδὲν</span> <span class='ocrx_word' id='word_1_108' title='bbox 1627 1329 1736 1401; x_wconf 83' lang='lat'><strong>7&amp;9</strong></span> 
     </span>
    </p>
   </div>
   <div class='ocr_carea' id='block_1_16' title="bbox 164 1418 1736 1493">
    <p class='ocr_par' dir='ltr' id='par_1_16' title="bbox 164 1418 1736 1493">
     <span class='ocr_line' id='line_1_16' title="bbox 164 1418 1736 1493; baseline -0.003 -13"><span class='ocrx_word' id='word_1_109' title='bbox 164 1425 249 1480; x_wconf 80' lang='grc' dir='ltr'>τοῦ</span> <span class='ocrx_word' id='word_1_110' title='bbox 274 1418 610 1479; x_wconf 74' lang='grc' dir='ltr'><strong>διδασκάλω</strong></span> <span class='ocrx_word' id='word_1_111' title='bbox 629 1423 800 1488; x_wconf 78' lang='grc' dir='ltr'>ἐστὶν,</span> <span class='ocrx_word' id='word_1_112' title='bbox 833 1421 866 1493; x_wconf 81' lang='grc' dir='ltr'>ἦ</span> <span class='ocrx_word' id='word_1_113' title='bbox 889 1423 1132 1493; x_wconf 81' lang='grc' dir='ltr'>ἄληπτον</span> <span class='ocrx_word' id='word_1_114' title='bbox 1161 1422 1474 1493; x_wconf 83' lang='grc' dir='ltr'>παρέχοντα</span> <span class='ocrx_word' id='word_1_115' title='bbox 1499 1422 1591 1476; x_wconf 82' lang='grc' dir='ltr'>τὸν</span> <span class='ocrx_word' id='word_1_116' title='bbox 1621 1421 1736 1492; x_wconf 83' lang='grc' dir='ltr'>βίον</span> 
     </span>
    </p>
   </div>
   <div class='ocr_carea' id='block_1_17' title="bbox 166 1512 1733 1588">
    <p class='ocr_par' dir='ltr' id='par_1_17' title="bbox 166 1512 1733 1588">
     <span class='ocr_line' id='line_1_17' title="bbox 166 1512 1733 1588; baseline -0.003 -17"><span class='ocrx_word' id='word_1_117' title='bbox 166 1517 453 1584; x_wconf 78' lang='grc' dir='ltr'><strong>παιδεύειν,</strong></span> <span class='ocrx_word' id='word_1_118' title='bbox 504 1515 770 1588; x_wconf 83' lang='grc' dir='ltr'><strong>μηδαμῶς</strong></span> <span class='ocrx_word' id='word_1_119' title='bbox 802 1514 1122 1585; x_wconf 84' lang='grc' dir='ltr'>αἰδούμενον</span> <span class='ocrx_word' id='word_1_120' title='bbox 1169 1512 1278 1568; x_wconf 86' lang='grc' dir='ltr'><strong>τῶν</strong></span> <span class='ocrx_word' id='word_1_121' title='bbox 1311 1515 1733 1585; x_wconf 85' lang='grc' dir='ltr'><strong>ἁμαρτανόντων</strong></span> 
     </span>
    </p>
   </div>
   <div class='ocr_carea' id='block_1_18' title="bbox 164 1604 1738 1680">
    <p class='ocr_par' dir='ltr' id='par_1_18' title="bbox 164 1604 1738 1680">
     <span class='ocr_line' id='line_1_18' title="bbox 164 1604 1738 1680; baseline -0.004 -18"><span class='ocrx_word' id='word_1_122' title='bbox 164 1610 252 1680; x_wconf 84' lang='grc' dir='ltr'>τὴν</span> <span class='ocrx_word' id='word_1_123' title='bbox 278 1608 647 1675; x_wconf 75' lang='grc' dir='ltr'><strong>ἀξιοπιστίαν.</strong></span> <span class='ocrx_word' id='word_1_124' title='bbox 681 1606 755 1659; x_wconf 87' lang='grc' dir='ltr'><strong>Τὸ</strong></span> <span class='ocrx_word' id='word_1_125' title='bbox 784 1605 841 1659; x_wconf 79' lang='grc' dir='ltr'>δὲ</span> <span class='ocrx_word' id='word_1_126' title='bbox 875 1605 1139 1676; x_wconf 83' lang='grc' dir='ltr'>πράττειν</span> <span class='ocrx_word' id='word_1_127' title='bbox 1167 1604 1200 1675; x_wconf 77' lang='grc' dir='ltr'>ἢ</span> <span class='ocrx_word' id='word_1_128' title='bbox 1230 1604 1304 1676; x_wconf 82' lang='grc' dir='ltr'>μὴ</span> <span class='ocrx_word' id='word_1_129' title='bbox 1329 1643 1344 1669; x_wconf 94' lang='grc'><strong>,</strong></span> <span class='ocrx_word' id='word_1_130' title='bbox 1375 1604 1474 1673; x_wconf 83' lang='grc' dir='ltr'><strong>τῆς</strong></span> <span class='ocrx_word' id='word_1_131' title='bbox 1503 1604 1611 1657; x_wconf 89' lang='grc' dir='ltr'><strong>τῶν</strong></span> <span class='ocrx_word' id='word_1_132' title='bbox 1636 1621 1738 1675; x_wconf 85' lang='grc' dir='ltr'>μα-</span> 
     </span>
    </p>
   </div>
   <div class='ocr_carea' id='block_1_19' title="bbox 165 1695 1737 1770">
    <p class='ocr_par' dir='ltr' id='par_1_19' title="bbox 165 1695 1737 1770">
     <span class='ocr_line' id='line_1_19' title="bbox 165 1695 1737 1770; baseline -0.004 -17"><span class='ocrx_word' id='word_1_133' title='bbox 165 1698 540 1770; x_wconf 80' lang='grc' dir='ltr'>θητευομένων</span> <span class='ocrx_word' id='word_1_134' title='bbox 565 1698 800 1770; x_wconf 72' lang='grc' dir='ltr'>ἤρτηται</span> <span class='ocrx_word' id='word_1_135' title='bbox 821 1695 1049 1766; x_wconf 85' lang='grc' dir='ltr'>γνώμης</span> <span class='ocrx_word' id='word_1_136' title='bbox 1071 1736 1086 1759; x_wconf 85' lang='grc'><strong>,</strong></span> <span class='ocrx_word' id='word_1_137' title='bbox 1112 1695 1274 1750; x_wconf 70' lang='grc' dir='ltr'>παντί</span> <span class='ocrx_word' id='word_1_138' title='bbox 1309 1712 1371 1748; x_wconf 86' lang='grc' dir='ltr'><strong>τε</strong></span> <span class='ocrx_word' id='word_1_139' title='bbox 1399 1696 1493 1750; x_wconf 77' lang='grc' dir='ltr'>καὶ</span> <span class='ocrx_word' id='word_1_140' title='bbox 1530 1711 1737 1750; x_wconf 84' lang='grc' dir='ltr'>παντα-</span> 
     </span>
    </p>
   </div>
   <div class='ocr_carea' id='block_1_20' title="bbox 1835 510 3416 578">
    <p class='ocr_par' dir='ltr' id='par_1_20' title="bbox 1835 510 3416 578">
     <span class='ocr_line' id='line_1_20' title="bbox 1835 510 3416 578; baseline 0.008 -13"><span class='ocrx_word' id='word_1_141' title='bbox 1835 510 1981 565; x_wconf 88' lang='lat' dir='ltr'><strong>enim</strong></span> <span class='ocrx_word' id='word_1_142' title='bbox 2025 512 2103 564; x_wconf 84' lang='lat' dir='ltr'><strong>ait</strong></span> <span class='ocrx_word' id='word_1_143' title='bbox 2156 512 2301 566; x_wconf 88' lang='lat' dir='ltr'><strong>Deus</strong></span> <span class='ocrx_word' id='word_1_144' title='bbox 2350 513 2620 568; x_wconf 79' lang='lat' dir='ltr'><strong>Ezechieli</strong></span> <span class='ocrx_word' id='word_1_145' title='bbox 2658 532 2673 570; x_wconf 93' lang='lat'><strong>:</strong></span> <span class='ocrx_word' id='word_1_146' title='bbox 2735 534 2754 570; x_wconf 73' lang='grc' dir='ltr'><strong>ι</strong></span> <span class='ocrx_word' id='word_1_147' title='bbox 2784 514 2864 571; x_wconf 85' lang='lat' dir='ltr'><strong>Tu</strong></span> <span class='ocrx_word' id='word_1_148' title='bbox 2911 518 2958 571; x_wconf 91' lang='lat' dir='ltr'><strong>si</strong></span> <span class='ocrx_word' id='word_1_149' title='bbox 3007 520 3416 578; x_wconf 82' lang='lat' dir='ltr'><strong>aununtiaveris</strong></span> 
     </span>
    </p>
   </div>
   <div class='ocr_carea' id='block_1_21' title="bbox 1837 599 3416 675">
    <p class='ocr_par' dir='ltr' id='par_1_21' title="bbox 1837 599 3416 675">
     <span class='ocr_line' id='line_1_21' title="bbox 1837 599 3416 675; baseline 0.006 -21"><span class='ocrx_word' id='word_1_150' title='bbox 1837 600 2022 669; x_wconf 88' lang='lat' dir='ltr'><strong>impio,</strong></span> <span class='ocrx_word' id='word_1_151' title='bbox 2054 609 2111 656; x_wconf 90' lang='lat' dir='ltr'><strong>et</strong></span> <span class='ocrx_word' id='word_1_152' title='bbox 2137 599 2227 656; x_wconf 91' lang='lat' dir='ltr'><strong>ille</strong></span> <span class='ocrx_word' id='word_1_153' title='bbox 2254 615 2360 657; x_wconf 90' lang='lat' dir='ltr'><strong>non</strong></span> <span class='ocrx_word' id='word_1_154' title='bbox 2392 601 2555 658; x_wconf 88' lang='lat' dir='ltr'><strong>fuerit</strong></span> <span class='ocrx_word' id='word_1_155' title='bbox 2579 617 2876 660; x_wconf 83' lang='lat' dir='ltr'><strong>conversus</strong></span> <span class='ocrx_word' id='word_1_156' title='bbox 2897 605 2966 660; x_wconf 84' lang='lat' dir='ltr'><strong>ab</strong></span> <span class='ocrx_word' id='word_1_157' title='bbox 2995 606 3274 675; x_wconf 76' lang='lat' dir='ltr'><strong>impietate</strong></span> <span class='ocrx_word' id='word_1_158' title='bbox 3295 623 3416 674; x_wconf 79' lang='lat' dir='ltr'><strong>sua,</strong></span> 
     </span>
    </p>
   </div>
   <div class='ocr_carea' id='block_1_22' title="bbox 1839 689 3416 759">
    <p class='ocr_par' dir='ltr' id='par_1_22' title="bbox 1839 689 3416 759">
     <span class='ocr_line' id='line_1_22' title="bbox 1839 689 3416 759; baseline 0.006 -16"><span class='ocrx_word' id='word_1_159' title='bbox 1839 689 2036 759; x_wconf 86' lang='lat' dir='ltr'><strong>impius</strong></span> <span class='ocrx_word' id='word_1_160' title='bbox 2084 689 2140 745; x_wconf 90' lang='lat' dir='ltr'><strong>in</strong></span> <span class='ocrx_word' id='word_1_161' title='bbox 2193 689 2479 759; x_wconf 68' lang='lat' dir='ltr'><strong>iniquitate</strong></span> <span class='ocrx_word' id='word_1_162' title='bbox 2510 707 2608 748; x_wconf 89' lang='lat' dir='ltr'><strong>sua</strong></span> <span class='ocrx_word' id='word_1_163' title='bbox 2637 690 2940 751; x_wconf 80' lang='lat' dir='ltr'><strong>morietur:</strong></span> <span class='ocrx_word' id='word_1_164' title='bbox 2995 704 3054 749; x_wconf 91' lang='lat' dir='ltr'><strong>tu</strong></span> <span class='ocrx_word' id='word_1_165' title='bbox 3089 706 3268 752; x_wconf 84' lang='lat' dir='ltr'><strong>autem</strong></span> <span class='ocrx_word' id='word_1_166' title='bbox 3293 697 3416 752; x_wconf 84' lang='lat' dir='ltr'><strong>ani-</strong></span> 
     </span>
    </p>
   </div>
   <div class='ocr_carea' id='block_1_23' title="bbox 1805 783 3421 851">
    <p class='ocr_par' dir='ltr' id='par_1_23' title="bbox 1805 783 3421 851">
     <span class='ocr_line' id='line_1_23' title="bbox 1805 783 3421 851; baseline 0.004 -13"><span class='ocrx_word' id='word_1_167' title='bbox 1805 799 1980 838; x_wconf 84' lang='lat' dir='ltr'><strong>-tnam</strong></span> <span class='ocrx_word' id='word_1_168' title='bbox 2015 792 2162 839; x_wconf 86' lang='lat' dir='ltr'><strong>tuam</strong></span> <span class='ocrx_word' id='word_1_169' title='bbox 2202 783 2442 838; x_wconf 89' lang='lat' dir='ltr'><strong>liberasti</strong></span> <span class='ocrx_word' id='word_1_170' title='bbox 2473 785 2541 843; x_wconf 79' lang='lat'><strong>&#39;°.</strong></span> <span class='ocrx_word' id='word_1_171' title='bbox 2571 803 2591 837; x_wconf 80' lang='grc' dir='ltr'><strong>ι</strong></span> <span class='ocrx_word' id='word_1_172' title='bbox 2637 783 2849 842; x_wconf 87' lang='lat' dir='ltr'><strong>Tacens</strong></span> <span class='ocrx_word' id='word_1_173' title='bbox 2877 789 3022 845; x_wconf 76' lang='lat' dir='ltr'><strong>enim</strong></span> <span class='ocrx_word' id='word_1_174' title='bbox 3045 828 3062 851; x_wconf 88' lang='lat'><strong>.</strong></span> <span class='ocrx_word' id='word_1_175' title='bbox 3107 804 3209 844; x_wconf 85' lang='lat' dir='ltr'><strong>nec</strong></span> <span class='ocrx_word' id='word_1_176' title='bbox 3247 790 3421 846; x_wconf 77' lang='lat' dir='ltr'><strong>libere</strong></span> 
     </span>
    </p>
   </div>
   <div class='ocr_carea' id='block_1_24' title="bbox 1838 873 3422 947">
    <p class='ocr_par' dir='ltr' id='par_1_24' title="bbox 1838 873 3422 947">
     <span class='ocr_line' id='line_1_24' title="bbox 1838 873 3422 947; baseline 0.004 -20"><span class='ocrx_word' id='word_1_177' title='bbox 1838 873 2239 941; x_wconf 87' lang='lat' dir='ltr'><strong>reprehendens</strong></span> <span class='ocrx_word' id='word_1_178' title='bbox 2270 874 2573 944; x_wconf 85' lang='lat' dir='ltr'><strong>particeps,</strong></span> <span class='ocrx_word' id='word_1_179' title='bbox 2615 875 2720 940; x_wconf 89' lang='lat' dir='ltr'><strong>ait,</strong></span> <span class='ocrx_word' id='word_1_180' title='bbox 2776 875 2842 932; x_wconf 81' lang='lat' dir='ltr'><strong>iis</strong></span> <span class='ocrx_word' id='word_1_181' title='bbox 2870 877 2988 947; x_wconf 86' lang='lat' dir='ltr'><strong>ejus</strong></span> <span class='ocrx_word' id='word_1_182' title='bbox 3020 892 3212 947; x_wconf 63' lang='lat' dir='ltr'><strong>pinnae.</strong></span> <span class='ocrx_word' id='word_1_183' title='bbox 3254 878 3422 933; x_wconf 83' lang='lat' dir='ltr'><strong>Paulo</strong></span> 
     </span>
    </p>
   </div>
   <div class='ocr_carea' id='block_1_25' title="bbox 1837 963 3420 1033">
    <p class='ocr_par' dir='ltr' id='par_1_25' title="bbox 1837 963 3420 1033">
     <span class='ocr_line' id='line_1_25' title="bbox 1837 963 3420 1033; baseline 0.003 -13"><span class='ocrx_word' id='word_1_184' title='bbox 1837 963 1980 1020; x_wconf 84' lang='lat' dir='ltr'><strong>enim</strong></span> <span class='ocrx_word' id='word_1_185' title='bbox 2017 973 2144 1020; x_wconf 84' lang='lat' dir='ltr'><strong>ante</strong></span> <span class='ocrx_word' id='word_1_186' title='bbox 2178 963 2290 1033; x_wconf 82' lang='lat' dir='ltr'><strong>jam</strong></span> <span class='ocrx_word' id='word_1_187' title='bbox 2316 965 2573 1020; x_wconf 80' lang='lat' dir='ltr'><strong>dixerat:</strong></span> <span class='ocrx_word' id='word_1_188' title='bbox 2636 982 2658 1017; x_wconf 78' lang='grc' dir='ltr'><strong>ι</strong></span> <span class='ocrx_word' id='word_1_189' title='bbox 2697 963 2754 1020; x_wconf 91' lang='lat' dir='ltr'><strong>Si</strong></span> <span class='ocrx_word' id='word_1_190' title='bbox 2781 976 2835 1021; x_wconf 90' lang='lat' dir='ltr'><strong>tu</strong></span> <span class='ocrx_word' id='word_1_191' title='bbox 2874 982 2981 1022; x_wconf 84' lang='lat' dir='ltr'><strong>non</strong></span> <span class='ocrx_word' id='word_1_192' title='bbox 3009 969 3420 1024; x_wconf 81' lang='lat' dir='ltr'><strong>annuntiaveris</strong></span> 
     </span>
    </p>
   </div>
   <div class='ocr_carea' id='block_1_26' title="bbox 1812 1054 3420 1129">
    <p class='ocr_par' dir='ltr' id='par_1_26' title="bbox 1812 1054 3420 1129">
     <span class='ocr_line' id='line_1_26' title="bbox 1812 1054 3420 1129; baseline 0.001 -18"><span class='ocrx_word' id='word_1_193' title='bbox 1812 1056 1910 1122; x_wconf 17' lang='lat' dir='ltr'><strong>sei,</strong></span> <span class='ocrx_word' id='word_1_194' title='bbox 1932 1056 2250 1127; x_wconf 77' lang='lat' dir='ltr'><strong>sanguinein</strong></span> <span class='ocrx_word' id='word_1_195' title='bbox 2271 1054 2389 1127; x_wconf 86' lang='lat' dir='ltr'><strong>ejus</strong></span> <span class='ocrx_word' id='word_1_196' title='bbox 2405 1056 2473 1112; x_wconf 85' lang='lat' dir='ltr'><strong>de</strong></span> <span class='ocrx_word' id='word_1_197' title='bbox 2493 1073 2651 1113; x_wconf 82' lang='lat' dir='ltr'><strong>manu</strong></span> <span class='ocrx_word' id='word_1_198' title='bbox 2677 1068 2766 1112; x_wconf 87' lang='lat' dir='ltr'><strong>tua</strong></span> <span class='ocrx_word' id='word_1_199' title='bbox 2795 1060 3068 1129; x_wconf 84' lang='lat' dir='ltr'><strong>requiram</strong></span> <span class='ocrx_word' id='word_1_200' title='bbox 3086 1061 3156 1112; x_wconf 72' lang='grc' dir='ltr'>τί.</span> <span class='ocrx_word' id='word_1_201' title='bbox 3177 1080 3195 1113; x_wconf 83' lang='grc' dir='ltr'><strong>ι</strong></span> <span class='ocrx_word' id='word_1_202' title='bbox 3219 1061 3274 1114; x_wconf 87' lang='lat' dir='ltr'><strong>Si</strong></span> <span class='ocrx_word' id='word_1_203' title='bbox 3292 1077 3420 1115; x_wconf 87' lang='lat' dir='ltr'><strong>vero</strong></span> 
     </span>
    </p>
   </div>
   <div class='ocr_carea' id='block_1_27' title="bbox 1838 1147 3417 1214">
    <p class='ocr_par' dir='ltr' id='par_1_27' title="bbox 1838 1147 3417 1214">
     <span class='ocr_line' id='line_1_27' title="bbox 1838 1147 3417 1214; baseline 0.001 -11"><span class='ocrx_word' id='word_1_204' title='bbox 1838 1163 1908 1203; x_wconf 87' lang='lat' dir='ltr'><strong>ex</strong></span> <span class='ocrx_word' id='word_1_205' title='bbox 1931 1157 1983 1203; x_wconf 92' lang='lat' dir='ltr'><strong>te</strong></span> <span class='ocrx_word' id='word_1_206' title='bbox 2003 1147 2178 1204; x_wconf 78' lang='lat' dir='ltr'><strong>oﬂicio</strong></span> <span class='ocrx_word' id='word_1_207' title='bbox 2202 1147 2536 1204; x_wconf 79' lang='lat' dir='ltr'><strong>satisfeceris</strong></span> <span class='ocrx_word' id='word_1_208' title='bbox 2567 1157 2681 1214; x_wconf 89' lang='lat' dir='ltr'><strong>tuo,</strong></span> <span class='ocrx_word' id='word_1_209' title='bbox 2711 1164 2818 1204; x_wconf 88' lang='lat' dir='ltr'><strong>non</strong></span> <span class='ocrx_word' id='word_1_210' title='bbox 2843 1151 2953 1206; x_wconf 86' lang='lat' dir='ltr'><strong>eris</strong></span> <span class='ocrx_word' id='word_1_211' title='bbox 2983 1163 3130 1206; x_wconf 88' lang='lat' dir='ltr'><strong>reus.</strong></span> <span class='ocrx_word' id='word_1_212' title='bbox 3168 1150 3248 1206; x_wconf 83' lang='lat' dir='ltr'><strong>illi</strong></span> <span class='ocrx_word' id='word_1_213' title='bbox 3272 1153 3417 1206; x_wconf 89' lang='lat' dir='ltr'><strong>enim</strong></span> 
     </span>
    </p>
   </div>
   <div class='ocr_carea' id='block_1_28' title="bbox 1841 1239 3421 1310">
    <p class='ocr_par' dir='ltr' id='par_1_28' title="bbox 1841 1239 3421 1310">
     <span class='ocr_line' id='line_1_28' title="bbox 1841 1239 3421 1310; baseline 0.002 -15"><span class='ocrx_word' id='word_1_214' title='bbox 1841 1255 1998 1310; x_wconf 67' lang='lat' dir='ltr'><strong>poena</strong></span> <span class='ocrx_word' id='word_1_215' title='bbox 2035 1241 2255 1310; x_wconf 77' lang='lat' dir='ltr'><strong>gravior</strong></span> <span class='ocrx_word' id='word_1_216' title='bbox 2282 1239 2639 1309; x_wconf 81' lang='lat' dir='ltr'><strong>irrogabitur,</strong></span> <span class='ocrx_word' id='word_1_217' title='bbox 2668 1241 2762 1310; x_wconf 89' lang='lat' dir='ltr'><strong>qui</strong></span> <span class='ocrx_word' id='word_1_218' title='bbox 2811 1250 2957 1296; x_wconf 91' lang='lat' dir='ltr'><strong>tuam</strong></span> <span class='ocrx_word' id='word_1_219' title='bbox 2996 1257 3101 1296; x_wconf 89' lang='lat' dir='ltr'><strong>non</strong></span> <span class='ocrx_word' id='word_1_220' title='bbox 3136 1244 3421 1298; x_wconf 83' lang='lat' dir='ltr'><strong>admiserit</strong></span> 
     </span>
    </p>
   </div>
   <div class='ocr_carea' id='block_1_29' title="bbox 1839 1330 3418 1402">
    <p class='ocr_par' dir='ltr' id='par_1_29' title="bbox 1839 1330 3418 1402">
     <span class='ocr_line' id='line_1_29' title="bbox 1839 1330 3418 1402; baseline 0.003 -17"><span class='ocrx_word' id='word_1_221' title='bbox 1839 1332 2284 1388; x_wconf 76' lang='lat' dir='ltr'><strong>admonitionem.</strong></span> <span class='ocrx_word' id='word_1_222' title='bbox 2326 1330 2404 1385; x_wconf 89' lang='lat' dir='ltr'><strong>Tu</strong></span> <span class='ocrx_word' id='word_1_223' title='bbox 2429 1347 2559 1387; x_wconf 90' lang='lat' dir='ltr'><strong>vero</strong></span> <span class='ocrx_word' id='word_1_224' title='bbox 2587 1334 2678 1402; x_wconf 90' lang='lat' dir='ltr'><strong>qui</strong></span> <span class='ocrx_word' id='word_1_225' title='bbox 2702 1335 3013 1387; x_wconf 89' lang='lat' dir='ltr'><strong>mandatum</strong></span> <span class='ocrx_word' id='word_1_226' title='bbox 3037 1336 3287 1399; x_wconf 77' lang='lat' dir='ltr'><strong>servasti,</strong></span> <span class='ocrx_word' id='word_1_227' title='bbox 3319 1351 3418 1389; x_wconf 81' lang='lat' dir='ltr'><strong>ex-</strong></span> 
     </span>
    </p>
   </div>
   <div class='ocr_carea' id='block_1_30' title="bbox 1839 1422 3420 1480">
    <p class='ocr_par' dir='ltr' id='par_1_30' title="bbox 1839 1422 3420 1480">
     <span class='ocr_line' id='line_1_30' title="bbox 1839 1422 3420 1480; baseline 0.003 -5"><span class='ocrx_word' id='word_1_228' title='bbox 1839 1436 1960 1477; x_wconf 85' lang='lat' dir='ltr'><strong>sors</strong></span> <span class='ocrx_word' id='word_1_229' title='bbox 1988 1423 2098 1476; x_wconf 91' lang='lat' dir='ltr'><strong>eris</strong></span> <span class='ocrx_word' id='word_1_230' title='bbox 2125 1422 2388 1477; x_wconf 85' lang='lat' dir='ltr'><strong>criminis.</strong></span> <span class='ocrx_word' id='word_1_231' title='bbox 2433 1423 2688 1478; x_wconf 89' lang='lat' dir='ltr'><strong>Docentis</strong></span> <span class='ocrx_word' id='word_1_232' title='bbox 2717 1427 2918 1479; x_wconf 87' lang='lat' dir='ltr'><strong>etenim</strong></span> <span class='ocrx_word' id='word_1_233' title='bbox 2957 1424 3188 1479; x_wconf 86' lang='lat' dir='ltr'><strong>olIicium</strong></span> <span class='ocrx_word' id='word_1_234' title='bbox 3217 1437 3298 1480; x_wconf 87' lang='lat' dir='ltr'><strong>est</strong></span> <span class='ocrx_word' id='word_1_235' title='bbox 3333 1427 3420 1479; x_wconf 90' lang='lat' dir='ltr'><strong>in-</strong></span> 
     </span>
    </p>
   </div>
   <div class='ocr_carea' id='block_1_31' title="bbox 1839 1514 3422 1583">
    <p class='ocr_par' dir='ltr' id='par_1_31' title="bbox 1839 1514 3422 1583">
     <span class='ocr_line' id='line_1_31' title="bbox 1839 1514 3422 1583; baseline 0.001 -15"><span class='ocrx_word' id='word_1_236' title='bbox 1839 1514 2160 1582; x_wconf 87' lang='lat' dir='ltr'><strong>culpabilein</strong></span> <span class='ocrx_word' id='word_1_237' title='bbox 2189 1515 2396 1583; x_wconf 90' lang='lat' dir='ltr'><strong>agendo</strong></span> <span class='ocrx_word' id='word_1_238' title='bbox 2423 1515 2588 1569; x_wconf 90' lang='lat' dir='ltr'><strong>vitam</strong></span> <span class='ocrx_word' id='word_1_239' title='bbox 2609 1554 2628 1581; x_wconf 94' lang='lat'><strong>,</strong></span> <span class='ocrx_word' id='word_1_240' title='bbox 2664 1515 2946 1571; x_wconf 89' lang='lat' dir='ltr'><strong>instituere</strong></span> <span class='ocrx_word' id='word_1_241' title='bbox 2980 1517 3133 1578; x_wconf 87' lang='lat' dir='ltr'><strong>alios,</strong></span> <span class='ocrx_word' id='word_1_242' title='bbox 3165 1517 3298 1570; x_wconf 86' lang='lat' dir='ltr'><strong>nihil</strong></span> <span class='ocrx_word' id='word_1_243' title='bbox 3332 1532 3422 1570; x_wconf 90' lang='lat' dir='ltr'><strong>ve-</strong></span> 
     </span>
    </p>
   </div>
   <div class='ocr_carea' id='block_1_32' title="bbox 1841 1606 3416 1675">
    <p class='ocr_par' dir='ltr' id='par_1_32' title="bbox 1841 1606 3416 1675">
     <span class='ocr_line' id='line_1_32' title="bbox 1841 1606 3416 1675; baseline 0.001 -17"><span class='ocrx_word' id='word_1_244' title='bbox 1841 1607 2010 1660; x_wconf 84' lang='lat' dir='ltr'><strong>rendo</strong></span> <span class='ocrx_word' id='word_1_245' title='bbox 2041 1606 2384 1675; x_wconf 88' lang='lat' dir='ltr'><strong>peccantium</strong></span> <span class='ocrx_word' id='word_1_246' title='bbox 2409 1608 2812 1662; x_wconf 89' lang='lat' dir='ltr'><strong>auctoritatem.</strong></span> <span class='ocrx_word' id='word_1_247' title='bbox 2857 1606 2927 1662; x_wconf 90' lang='lat' dir='ltr'><strong>Ut</strong></span> <span class='ocrx_word' id='word_1_248' title='bbox 2957 1622 3046 1662; x_wconf 91' lang='lat' dir='ltr'><strong>res</strong></span> <span class='ocrx_word' id='word_1_249' title='bbox 3069 1608 3292 1670; x_wconf 72' lang='lat' dir='ltr'><strong>confiat,</strong></span> <span class='ocrx_word' id='word_1_250' title='bbox 3327 1618 3416 1660; x_wconf 86' lang='lat' dir='ltr'><strong>aut</strong></span> 
     </span>
    </p>
   </div>
   <div class='ocr_carea' id='block_1_33' title="bbox 1840 1697 3425 1768">
    <p class='ocr_par' dir='ltr' id='par_1_33' title="bbox 1840 1697 3425 1768">
     <span class='ocr_line' id='line_1_33' title="bbox 1840 1697 3425 1768; baseline 0.001 -20"><span class='ocrx_word' id='word_1_251' title='bbox 1840 1711 1966 1761; x_wconf 91' lang='lat' dir='ltr'><strong>non,</strong></span> <span class='ocrx_word' id='word_1_252' title='bbox 1999 1697 2052 1750; x_wconf 87' lang='lat' dir='ltr'><strong>id</strong></span> <span class='ocrx_word' id='word_1_253' title='bbox 2073 1711 2137 1750; x_wconf 92' lang='lat' dir='ltr'><strong>ex</strong></span> <span class='ocrx_word' id='word_1_254' title='bbox 2171 1711 2328 1752; x_wconf 88' lang='lat' dir='ltr'><strong>sensu</strong></span> <span class='ocrx_word' id='word_1_255' title='bbox 2365 1697 2562 1768; x_wconf 88' lang='lat' dir='ltr'><strong>pendet</strong></span> <span class='ocrx_word' id='word_1_256' title='bbox 2594 1697 2927 1764; x_wconf 85' lang='lat' dir='ltr'><strong>auditorum,</strong></span> <span class='ocrx_word' id='word_1_257' title='bbox 2957 1699 3025 1752; x_wconf 88' lang='lat' dir='ltr'><strong>ab</strong></span> <span class='ocrx_word' id='word_1_258' title='bbox 3056 1697 3332 1762; x_wconf 87' lang='lat' dir='ltr'><strong>omnibus,</strong></span> <span class='ocrx_word' id='word_1_259' title='bbox 3369 1707 3425 1750; x_wconf 88' lang='lat' dir='ltr'><strong>et</strong></span> 
     </span>
    </p>
   </div>
   <div class='ocr_carea' id='block_1_34' title="bbox 166 1786 1740 1862">
    <p class='ocr_par' dir='ltr' id='par_1_34' title="bbox 166 1786 1740 1862">
     <span class='ocr_line' id='line_1_34' title="bbox 166 1786 1740 1862; baseline -0.004 -17"><span class='ocrx_word' id='word_1_260' title='bbox 166 1789 252 1862; x_wconf 79' lang='grc' dir='ltr'><strong>χοῦ</strong></span> <span class='ocrx_word' id='word_1_261' title='bbox 274 1791 374 1846; x_wconf 78' lang='grc' dir='ltr'><strong>τοῦ</strong></span> <span class='ocrx_word' id='word_1_262' title='bbox 398 1789 745 1858; x_wconf 75' lang='grc' dir='ltr'>αὐτεξουσίου</span> <span class='ocrx_word' id='word_1_263' title='bbox 780 1788 1204 1858; x_wconf 73' lang='grc' dir='ltr'>φυλαττομένου.</span> <span class='ocrx_word' id='word_1_264' title='bbox 1233 1787 1368 1841; x_wconf 82' lang='grc' dir='ltr'>Είδὲ</span> <span class='ocrx_word' id='word_1_265' title='bbox 1405 1787 1590 1857; x_wconf 81' lang='grc' dir='ltr'>φαίης·</span> <span class='ocrx_word' id='word_1_266' title='bbox 1619 1786 1740 1850; x_wconf 84' lang='grc' dir='ltr'>Πῶς</span> 
     </span>
    </p>
   </div>
   <div class='ocr_carea' id='block_1_35' title="bbox 1844 1786 3420 1862">
    <p class='ocr_par' dir='ltr' id='par_1_35' title="bbox 1852 1786 3420 1857">
     <span class='ocr_line' id='line_1_35' title="bbox 1852 1786 3420 1857; baseline 0.002 -19"><span class='ocrx_word' id='word_1_267' title='bbox 1852 1786 2052 1857; x_wconf 90' lang='lat' dir='ltr'><strong>ubique</strong></span> <span class='ocrx_word' id='word_1_268' title='bbox 2072 1799 2283 1842; x_wconf 85' lang='lat' dir='ltr'><strong>servata</strong></span> <span class='ocrx_word' id='word_1_269' title='bbox 2309 1788 2593 1844; x_wconf 71' lang='lat' dir='ltr'><strong>sentcntiae</strong></span> <span class='ocrx_word' id='word_1_270' title='bbox 2623 1787 2892 1843; x_wconf 88' lang='lat' dir='ltr'><strong>libertate.</strong></span> <span class='ocrx_word' id='word_1_271' title='bbox 2927 1787 3077 1855; x_wconf 89' lang='lat' dir='ltr'><strong>Quod</strong></span> <span class='ocrx_word' id='word_1_272' title='bbox 3105 1789 3148 1842; x_wconf 92' lang='lat' dir='ltr'><strong>si</strong></span> <span class='ocrx_word' id='word_1_273' title='bbox 3177 1787 3420 1857; x_wconf 73' lang='lat' dir='ltr'><strong>olijicias,</strong></span> 
     </span>
    </p>
   </div>
   <div class='ocr_carea' id='block_1_36' title="bbox 165 1876 1738 1952">
    <p class='ocr_par' dir='ltr' id='par_1_36' title="bbox 165 1876 1738 1952">
     <span class='ocr_line' id='line_1_36' title="bbox 165 1876 1738 1952; baseline -0.006 -14"><span class='ocrx_word' id='word_1_274' title='bbox 165 1883 249 1940; x_wconf 75' lang='grc' dir='ltr'>οὖν</span> <span class='ocrx_word' id='word_1_275' title='bbox 273 1886 302 1938; x_wconf 89' lang='lat'><strong>6</strong></span> <span class='ocrx_word' id='word_1_276' title='bbox 332 1884 548 1949; x_wconf 78' lang='grc' dir='ltr'>Παῦλος</span> <span class='ocrx_word' id='word_1_277' title='bbox 579 1883 674 1937; x_wconf 82' lang='grc' dir='ltr'>τὸν</span> <span class='ocrx_word' id='word_1_278' title='bbox 721 1881 1140 1950; x_wconf 83' lang='grc' dir='ltr'>πεπορνευκότα</span> <span class='ocrx_word' id='word_1_279' title='bbox 1182 1877 1410 1952; x_wconf 78' lang='grc' dir='ltr'><strong>ἀπεῖρξε</strong></span> <span class='ocrx_word' id='word_1_280' title='bbox 1435 1895 1451 1944; x_wconf 87' lang='grc'><strong>;</strong></span> <span class='ocrx_word' id='word_1_281' title='bbox 1487 1878 1672 1948; x_wconf 77' lang='grc' dir='ltr'>μεῖζον</span> <span class='ocrx_word' id='word_1_282' title='bbox 1703 1876 1738 1947; x_wconf 83' lang='grc' dir='ltr'>ἢ</span> 
     </span>
    </p>
   </div>
   <div class='ocr_carea' id='block_1_37' title="bbox 170 1967 1735 2046">
    <p class='ocr_par' dir='ltr' id='par_1_37' title="bbox 170 1967 1735 2046">
     <span class='ocr_line' id='line_1_37' title="bbox 170 1967 1735 2046; baseline -0.007 -17"><span class='ocrx_word' id='word_1_283' title='bbox 170 1980 272 2044; x_wconf 75' lang='grc' dir='ltr'><strong>ἐγὼ</strong></span> <span class='ocrx_word' id='word_1_284' title='bbox 314 1975 585 2046; x_wconf 75' lang='grc' dir='ltr'>βούλομαι</span> <span class='ocrx_word' id='word_1_285' title='bbox 621 1973 799 2041; x_wconf 86' lang='grc' dir='ltr'>λέγεις</span> <span class='ocrx_word' id='word_1_286' title='bbox 823 1987 837 2002; x_wconf 70' lang='grc' dir='ltr'><strong>ο</strong></span> <span class='ocrx_word' id='word_1_287' title='bbox 865 1970 926 2024; x_wconf 85' lang='grc' dir='ltr'>οὐ</span> <span class='ocrx_word' id='word_1_288' title='bbox 957 1969 1067 2041; x_wconf 78' lang='lat'><strong>7&amp;9</strong></span> <span class='ocrx_word' id='word_1_289' title='bbox 1090 1968 1393 2040; x_wconf 81' lang='grc' dir='ltr'>ὲτύπτησεν</span> <span class='ocrx_word' id='word_1_290' title='bbox 1419 1969 1454 2041; x_wconf 77' lang='grc' dir='ltr'><strong>ἢ</strong></span> <span class='ocrx_word' id='word_1_291' title='bbox 1489 1967 1735 2040; x_wconf 77' lang='grc' dir='ltr'>ὕϐρισεν,</span> 
     </span>
    </p>
   </div>
   <div class='ocr_carea' id='block_1_38' title="bbox 167 2061 1740 2138">
    <p class='ocr_par' dir='ltr' id='par_1_38' title="bbox 167 2061 1740 2138">
     <span class='ocr_line' id='line_1_38' title="bbox 167 2061 1740 2138; baseline -0.003 -17"><span class='ocrx_word' id='word_1_292' title='bbox 167 2068 272 2122; x_wconf 82' lang='grc' dir='ltr'>ἀλλ’</span> <span class='ocrx_word' id='word_1_293' title='bbox 300 2066 536 2138; x_wconf 73' lang='grc' dir='ltr'>ἐχώρισε</span> <span class='ocrx_word' id='word_1_294' title='bbox 557 2066 654 2136; x_wconf 83' lang='grc' dir='ltr'>τῆς</span> <span class='ocrx_word' id='word_1_295' title='bbox 686 2063 913 2134; x_wconf 81' lang='grc' dir='ltr'>ἀγέλης,</span> <span class='ocrx_word' id='word_1_296' title='bbox 955 2063 1045 2116; x_wconf 82' lang='grc' dir='ltr'>ἵνα</span> <span class='ocrx_word' id='word_1_297' title='bbox 1091 2061 1172 2134; x_wconf 77' lang='grc' dir='ltr'>μὴ</span> <span class='ocrx_word' id='word_1_298' title='bbox 1212 2062 1308 2114; x_wconf 77' lang='grc' dir='ltr'><strong>καὶ</strong></span> <span class='ocrx_word' id='word_1_299' title='bbox 1355 2062 1450 2125; x_wconf 74' lang='grc' dir='ltr'>εἰς’</span> <span class='ocrx_word' id='word_1_300' title='bbox 1470 2063 1540 2114; x_wconf 84' lang='grc' dir='ltr'>τὰ</span> <span class='ocrx_word' id='word_1_301' title='bbox 1576 2061 1740 2118; x_wconf 85' lang='grc' dir='ltr'>λοιπά</span> 
     </span>
    </p>
   </div>
   <div class='ocr_carea' id='block_1_39' title="bbox 167 2153 1740 2231">
    <p class='ocr_par' dir='ltr' id='par_1_39' title="bbox 167 2153 1740 2231">
     <span class='ocr_line' id='line_1_39' title="bbox 167 2153 1740 2231; baseline -0.004 -18"><span class='ocrx_word' id='word_1_302' title='bbox 167 2159 410 2231; x_wconf 76' lang='grc' dir='ltr'>πρόϐατα</span> <span class='ocrx_word' id='word_1_303' title='bbox 439 2158 501 2211; x_wconf 76' lang='grc' dir='ltr'>τὸ</span> <span class='ocrx_word' id='word_1_304' title='bbox 527 2156 794 2228; x_wconf 84' lang='grc' dir='ltr'>λοιμῶδες</span> <span class='ocrx_word' id='word_1_305' title='bbox 833 2155 1051 2224; x_wconf 82' lang='grc' dir='ltr'>διαδοθῇ</span> <span class='ocrx_word' id='word_1_306' title='bbox 1093 2156 1329 2224; x_wconf 83' lang='grc' dir='ltr'>νόσημα.</span> <span class='ocrx_word' id='word_1_307' title='bbox 1361 2154 1426 2206; x_wconf 88' lang='lat' dir='ltr'><strong>El.-</strong></span> <span class='ocrx_word' id='word_1_308' title='bbox 1471 2153 1530 2205; x_wconf 83' lang='grc' dir='ltr'>δὲ</span> <span class='ocrx_word' id='word_1_309' title='bbox 1575 2154 1740 2208; x_wconf 82' lang='grc' dir='ltr'>πάλιν</span> 
     </span>
    </p>
   </div>
   <div class='ocr_carea' id='block_1_40' title="bbox 168 2242 1739 2322">
    <p class='ocr_par' dir='ltr' id='par_1_40' title="bbox 168 2242 1739 2322">
     <span class='ocr_line' id='line_1_40' title="bbox 168 2242 1739 2322; baseline -0.004 -17"><span class='ocrx_word' id='word_1_310' title='bbox 168 2251 360 2322; x_wconf 69' lang='grc' dir='ltr'>φαίης·</span> <span class='ocrx_word' id='word_1_311' title='bbox 397 2249 520 2311; x_wconf 85' lang='grc' dir='ltr'><strong>Πῶς</strong></span> <span class='ocrx_word' id='word_1_312' title='bbox 549 2243 642 2302; x_wconf 82' lang='grc' dir='ltr'>οὖν</span> <span class='ocrx_word' id='word_1_313' title='bbox 667 2247 696 2299; x_wconf 88' lang='lat'><strong>6</strong></span> <span class='ocrx_word' id='word_1_314' title='bbox 741 2245 892 2300; x_wconf 80' lang='grc' dir='ltr'>Ἠλεὶ</span> <span class='ocrx_word' id='word_1_315' title='bbox 920 2243 1272 2314; x_wconf 82' lang='grc' dir='ltr'>νουθετήσας,</span> <span class='ocrx_word' id='word_1_316' title='bbox 1308 2244 1402 2297; x_wconf 73' lang='grc' dir='ltr'><strong>καὶ</strong></span> <span class='ocrx_word' id='word_1_317' title='bbox 1427 2242 1503 2316; x_wconf 81' lang='grc' dir='ltr'><strong>μὴ</strong></span> <span class='ocrx_word' id='word_1_318' title='bbox 1537 2242 1739 2308; x_wconf 82' lang='grc' dir='ltr'>ἀνύσας</span> 
     </span>
    </p>
   </div>
   <div class='ocr_carea' id='block_1_41' title="bbox 165 2332 1743 2407">
    <p class='ocr_par' dir='ltr' id='par_1_41' title="bbox 165 2332 1743 2407">
     <span class='ocr_line' id='line_1_41' title="bbox 165 2332 1743 2407; baseline -0.005 -15"><span class='ocrx_word' id='word_1_319' title='bbox 165 2340 363 2394; x_wconf 80' lang='grc' dir='ltr'>δέδωκε</span> <span class='ocrx_word' id='word_1_320' title='bbox 410 2338 602 2407; x_wconf 78' lang='grc' dir='ltr'>δίκηνς</span> <span class='ocrx_word' id='word_1_321' title='bbox 643 2336 915 2407; x_wconf 80' lang='grc' dir='ltr'>φήσαιμι,</span> <span class='ocrx_word' id='word_1_322' title='bbox 949 2334 1033 2387; x_wconf 81' lang='grc' dir='ltr'>ὅτι</span> <span class='ocrx_word' id='word_1_323' title='bbox 1082 2334 1246 2386; x_wconf 74' lang='grc' dir='ltr'>παντὶ</span> <span class='ocrx_word' id='word_1_324' title='bbox 1287 2332 1384 2404; x_wconf 80' lang='grc' dir='ltr'>μὲν</span> <span class='ocrx_word' id='word_1_325' title='bbox 1431 2332 1610 2386; x_wconf 82' lang='grc' dir='ltr'>σθένει</span> <span class='ocrx_word' id='word_1_326' title='bbox 1649 2332 1743 2385; x_wconf 79' lang='grc' dir='ltr'><strong>ἐπὶ</strong></span> 
     </span>
    </p>
   </div>
   <div class='ocr_carea' id='block_1_42' title="bbox 167 2424 1739 2500">
    <p class='ocr_par' dir='ltr' id='par_1_42' title="bbox 167 2424 1739 2500">
     <span class='ocr_line' id='line_1_42' title="bbox 167 2424 1739 2500; baseline -0.003 -18"><span class='ocrx_word' id='word_1_327' title='bbox 167 2431 374 2484; x_wconf 77' lang='grc' dir='ltr'>παίδων</span> <span class='ocrx_word' id='word_1_328' title='bbox 418 2427 513 2482; x_wconf 79' lang='grc' dir='ltr'>καὶ</span> <span class='ocrx_word' id='word_1_329' title='bbox 565 2428 757 2500; x_wconf 80' lang='grc' dir='ltr'>ἱερέων</span> <span class='ocrx_word' id='word_1_330' title='bbox 777 2425 884 2497; x_wconf 83' lang='grc' dir='ltr'>χρὴ</span> <span class='ocrx_word' id='word_1_331' title='bbox 908 2426 1002 2479; x_wconf 71' lang='grc' dir='ltr'>καὶ</span> <span class='ocrx_word' id='word_1_332' title='bbox 1030 2425 1310 2489; x_wconf 74' lang='grc' dir='ltr'>ἐπεξιέναι</span> <span class='ocrx_word' id='word_1_333' title='bbox 1335 2463 1350 2490; x_wconf 86' lang='grc'><strong>,</strong></span> <span class='ocrx_word' id='word_1_334' title='bbox 1383 2425 1481 2478; x_wconf 75' lang='grc' dir='ltr'>καὶ</span> <span class='ocrx_word' id='word_1_335' title='bbox 1509 2424 1739 2478; x_wconf 82' lang='grc' dir='ltr'>κωλύειν</span> 
     </span>
    </p>
   </div>
   <div class='ocr_carea' id='block_1_43' title="bbox 165 2517 1741 2588">
    <p class='ocr_par' dir='ltr' id='par_1_43' title="bbox 165 2517 1741 2588">
     <span class='ocr_line' id='line_1_43' title="bbox 165 2517 1741 2588; baseline -0.003 -13"><span class='ocrx_word' id='word_1_336' title='bbox 165 2521 258 2588; x_wconf 81' lang='grc' dir='ltr'>τῆς</span> <span class='ocrx_word' id='word_1_337' title='bbox 299 2520 617 2588; x_wconf 81' lang='grc' dir='ltr'>ἁγιστείας,</span> <span class='ocrx_word' id='word_1_338' title='bbox 645 2523 741 2571; x_wconf 70' lang='grc' dir='ltr'>καὶ</span> <span class='ocrx_word' id='word_1_339' title='bbox 784 2520 844 2582; x_wconf 78' lang='grc' dir='ltr'>ἐξ</span> <span class='ocrx_word' id='word_1_340' title='bbox 872 2517 1050 2588; x_wconf 72' lang='grc' dir='ltr'>ὄψεως</span> <span class='ocrx_word' id='word_1_341' title='bbox 1084 2519 1283 2581; x_wconf 86' lang='grc' dir='ltr'>ποιεῖν,</span> <span class='ocrx_word' id='word_1_342' title='bbox 1322 2518 1415 2569; x_wconf 76' lang='grc' dir='ltr'>καὶ</span> <span class='ocrx_word' id='word_1_343' title='bbox 1453 2517 1741 2588; x_wconf 84' lang='grc' dir='ltr'>ἀποχειρο-</span> 
     </span>
    </p>
   </div>
   <div class='ocr_carea' id='block_1_44' title="bbox 165 2608 1746 2683">
    <p class='ocr_par' dir='ltr' id='par_1_44' title="bbox 165 2608 1746 2683">
     <span class='ocr_line' id='line_1_44' title="bbox 165 2608 1746 2683; baseline -0.003 -16"><span class='ocrx_word' id='word_1_344' title='bbox 165 2615 366 2667; x_wconf 62' lang='grc' dir='ltr'><strong>πονεῖν⁸</strong></span> <span class='ocrx_word' id='word_1_345' title='bbox 410 2613 506 2667; x_wconf 79' lang='grc' dir='ltr'>καὶ</span> <span class='ocrx_word' id='word_1_346' title='bbox 541 2612 776 2683; x_wconf 83' lang='grc' dir='ltr'>μάλιστα</span> <span class='ocrx_word' id='word_1_347' title='bbox 811 2612 940 2664; x_wconf 83' lang='grc' dir='ltr'>ὅταν</span> <span class='ocrx_word' id='word_1_348' title='bbox 964 2611 1046 2675; x_wconf 85' lang='grc' dir='ltr'>εἰς</span> <span class='ocrx_word' id='word_1_349' title='bbox 1097 2611 1160 2662; x_wconf 78' lang='grc' dir='ltr'>τὸ</span> <span class='ocrx_word' id='word_1_350' title='bbox 1189 2610 1344 2663; x_wconf 89' lang='grc' dir='ltr'>Θεῖον</span> <span class='ocrx_word' id='word_1_351' title='bbox 1383 2611 1417 2681; x_wconf 84' lang='grc' dir='ltr'>ὴ</span> <span class='ocrx_word' id='word_1_352' title='bbox 1443 2608 1602 2678; x_wconf 80' lang='grc' dir='ltr'>ὕϐρις</span> <span class='ocrx_word' id='word_1_353' title='bbox 1637 2609 1746 2662; x_wconf 88' lang='grc' dir='ltr'>δια-</span> 
     </span>
    </p>
   </div>
   <div class='ocr_carea' id='block_1_45' title="bbox 166 2700 1743 2780">
    <p class='ocr_par' dir='ltr' id='par_1_45' title="bbox 166 2700 1743 2780">
     <span class='ocr_line' id='line_1_45' title="bbox 166 2700 1743 2780; baseline -0.002 -22"><span class='ocrx_word' id='word_1_354' title='bbox 166 2707 344 2780; x_wconf 79' lang='grc' dir='ltr'>δαίνῃ.</span> <span class='ocrx_word' id='word_1_355' title='bbox 387 2705 478 2758; x_wconf 74' lang='grc' dir='ltr'><strong>Διὸ</strong></span> <span class='ocrx_word' id='word_1_356' title='bbox 506 2705 603 2759; x_wconf 67' lang='grc' dir='ltr'>καὶ</span> <span class='ocrx_word' id='word_1_357' title='bbox 642 2703 1074 2776; x_wconf 79' lang='grc' dir='ltr'>προσέκρουσεν·</span> <span class='ocrx_word' id='word_1_358' title='bbox 1115 2702 1286 2774; x_wconf 79' lang='grc' dir='ltr'>ἐχρῆν</span> <span class='ocrx_word' id='word_1_359' title='bbox 1322 2701 1431 2772; x_wconf 81' lang='lat'><strong>7&amp;9</strong></span> <span class='ocrx_word' id='word_1_360' title='bbox 1468 2701 1632 2756; x_wconf 84' lang='grc' dir='ltr'>αὐτὸν</span> <span class='ocrx_word' id='word_1_361' title='bbox 1667 2700 1743 2772; x_wconf 84' lang='grc' dir='ltr'>μὴ</span> 
     </span>
    </p>
   </div>
   <div class='ocr_carea' id='block_1_46' title="bbox 163 2794 1743 2871">
    <p class='ocr_par' dir='ltr' id='par_1_46' title="bbox 163 2794 1743 2871">
     <span class='ocr_line' id='line_1_46' title="bbox 163 2794 1743 2871; baseline -0.002 -20"><span class='ocrx_word' id='word_1_362' title='bbox 163 2799 305 2871; x_wconf 82' lang='grc' dir='ltr'>πέρα</span> <span class='ocrx_word' id='word_1_363' title='bbox 333 2798 432 2852; x_wconf 82' lang='grc' dir='ltr'>τοῦ</span> <span class='ocrx_word' id='word_1_364' title='bbox 462 2797 672 2861; x_wconf 80' lang='grc' dir='ltr'>δέοντος</span> <span class='ocrx_word' id='word_1_365' title='bbox 713 2796 851 2850; x_wconf 77' lang='grc' dir='ltr'>εἶναι</span> <span class='ocrx_word' id='word_1_366' title='bbox 897 2795 1214 2866; x_wconf 81' lang='grc' dir='ltr'>φιλόπαιδα,</span> <span class='ocrx_word' id='word_1_367' title='bbox 1257 2794 1396 2848; x_wconf 89' lang='grc' dir='ltr'><strong>ἀλλά</strong></span> <span class='ocrx_word' id='word_1_368' title='bbox 1423 2797 1536 2858; x_wconf 88' lang='grc' dir='ltr'>τοῖς</span> <span class='ocrx_word' id='word_1_369' title='bbox 1578 2795 1743 2859; x_wconf 82' lang='grc' dir='ltr'>θείοις</span> 
     </span>
    </p>
   </div>
   <div class='ocr_carea' id='block_1_47' title="bbox 164 2886 1744 2962">
    <p class='ocr_par' dir='ltr' id='par_1_47' title="bbox 164 2886 1744 2962">
     <span class='ocr_line' id='line_1_47' title="bbox 164 2886 1744 2962; baseline -0.003 -17"><span class='ocrx_word' id='word_1_370' title='bbox 164 2892 348 2962; x_wconf 83' lang='grc' dir='ltr'>νόμοις</span> <span class='ocrx_word' id='word_1_371' title='bbox 391 2888 670 2960; x_wconf 73' lang='grc' dir='ltr'>ἐπαμῦναι</span> <span class='ocrx_word' id='word_1_372' title='bbox 713 2887 1114 2960; x_wconf 77' lang='grc' dir='ltr'>ὑϐριζομένοις.</span> <span class='ocrx_word' id='word_1_373' title='bbox 1163 2887 1301 2941; x_wconf 82' lang='grc' dir='ltr'>Ποτὲ</span> <span class='ocrx_word' id='word_1_374' title='bbox 1334 2887 1392 2940; x_wconf 85' lang='grc' dir='ltr'><strong>δέ</strong></span> <span class='ocrx_word' id='word_1_375' title='bbox 1420 2904 1505 2951; x_wconf 89' lang='grc' dir='ltr'><strong>τις</strong></span> <span class='ocrx_word' id='word_1_376' title='bbox 1544 2886 1744 2941; x_wconf 83' lang='grc' dir='ltr'>ἀπολο-</span> 
     </span>
    </p>
   </div>
   <div class='ocr_carea' id='block_1_48' title="bbox 161 2977 1745 3052">
    <p class='ocr_par' dir='ltr' id='par_1_48' title="bbox 161 2977 1745 3052">
     <span class='ocr_line' id='line_1_48' title="bbox 161 2977 1745 3052; baseline -0.003 -17"><span class='ocrx_word' id='word_1_377' title='bbox 161 2980 441 3052; x_wconf 78' lang='grc' dir='ltr'>γήσασθαι</span> <span class='ocrx_word' id='word_1_378' title='bbox 480 2981 619 3050; x_wconf 78' lang='grc' dir='ltr'>ὑπὲρ</span> <span class='ocrx_word' id='word_1_379' title='bbox 651 2979 817 3032; x_wconf 78' lang='grc' dir='ltr'>αὐτοῦ</span> <span class='ocrx_word' id='word_1_380' title='bbox 868 2978 1153 3050; x_wconf 76' lang='grc' dir='ltr'>βουληθεὶς</span> <span class='ocrx_word' id='word_1_381' title='bbox 1179 2977 1307 3048; x_wconf 69' lang='grc' dir='ltr'>ἔφη,</span> <span class='ocrx_word' id='word_1_382' title='bbox 1369 2979 1452 3032; x_wconf 85' lang='grc' dir='ltr'>ὅτι</span> <span class='ocrx_word' id='word_1_383' title='bbox 1495 2979 1745 3048; x_wconf 84' lang='grc' dir='ltr'>φαίνεται</span> 
     </span>
    </p>
   </div>
   <div class='ocr_carea' id='block_1_49' title="bbox 163 3070 1738 3142">
    <p class='ocr_par' dir='ltr' id='par_1_49' title="bbox 163 3070 1738 3142">
     <span class='ocr_line' id='line_1_49' title="bbox 163 3070 1738 3142; baseline -0.002 -16"><span class='ocrx_word' id='word_1_384' title='bbox 163 3074 260 3126; x_wconf 75' lang='grc' dir='ltr'>οὐκ</span> <span class='ocrx_word' id='word_1_385' title='bbox 288 3073 361 3126; x_wconf 79' lang='grc' dir='ltr'>ἂν</span> <span class='ocrx_word' id='word_1_386' title='bbox 406 3071 568 3135; x_wconf 81' lang='grc' dir='ltr'>αὐτὸς</span> <span class='ocrx_word' id='word_1_387' title='bbox 605 3070 762 3142; x_wconf 88' lang='grc' dir='ltr'>δίκην</span> <span class='ocrx_word' id='word_1_388' title='bbox 787 3071 911 3132; x_wconf 80' lang='grc' dir='ltr'>δοὺς</span> <span class='ocrx_word' id='word_1_389' title='bbox 943 3070 1216 3134; x_wconf 81' lang='grc' dir='ltr'>τοσοῦτον,</span> <span class='ocrx_word' id='word_1_390' title='bbox 1250 3071 1373 3124; x_wconf 84' lang='grc' dir='ltr'>ὅσον</span> <span class='ocrx_word' id='word_1_391' title='bbox 1425 3072 1474 3124; x_wconf 83' lang='lat' dir='ltr'><strong>oi</strong></span> <span class='ocrx_word' id='word_1_392' title='bbox 1511 3070 1702 3134; x_wconf 81' lang='grc' dir='ltr'>παῖδες</span> <span class='ocrx_word' id='word_1_393' title='bbox 1723 3087 1738 3100; x_wconf 85' lang='grc'><strong>·</strong></span> 
     </span>
    </p>
   </div>
   <div class='ocr_carea' id='block_1_50' title="bbox 161 3159 1738 3230">
    <p class='ocr_par' dir='ltr' id='par_1_50' title="bbox 161 3159 1738 3230">
     <span class='ocr_line' id='line_1_50' title="bbox 161 3159 1738 3230; baseline 0 -17"><span class='ocrx_word' id='word_1_394' title='bbox 161 3161 363 3213; x_wconf 75' lang='grc' dir='ltr'>ἐκεῖνοι</span> <span class='ocrx_word' id='word_1_395' title='bbox 400 3161 498 3230; x_wconf 80' lang='grc' dir='ltr'>μὲν</span> <span class='ocrx_word' id='word_1_396' title='bbox 543 3159 654 3229; x_wconf 90' lang='lat'><strong>7&amp;9</strong></span> <span class='ocrx_word' id='word_1_397' title='bbox 695 3159 868 3230; x_wconf 73' lang='grc' dir='ltr'>ὀργῆς</span> <span class='ocrx_word' id='word_1_398' title='bbox 923 3159 1332 3230; x_wconf 79' lang='grc' dir='ltr'>ὲπιπολασάσης</span> <span class='ocrx_word' id='word_1_399' title='bbox 1372 3159 1542 3224; x_wconf 86' lang='grc' dir='ltr'>θείας,</span> <span class='ocrx_word' id='word_1_400' title='bbox 1616 3161 1738 3213; x_wconf 83' lang='grc' dir='ltr'>αἰσ-</span> 
     </span>
    </p>
   </div>
   <div class='ocr_carea' id='block_1_51' title="bbox 161 3245 1745 3322">
    <p class='ocr_par' dir='ltr' id='par_1_51' title="bbox 161 3245 1745 3322">
     <span class='ocr_line' id='line_1_51' title="bbox 161 3245 1745 3322; baseline -0.002 -15"><span class='ocrx_word' id='word_1_401' title='bbox 161 3252 308 3322; x_wconf 84' lang='grc' dir='ltr'>χρῶς</span> <span class='ocrx_word' id='word_1_402' title='bbox 343 3253 440 3306; x_wconf 66' lang='grc' dir='ltr'><strong>καὶ¹</strong></span> <span class='ocrx_word' id='word_1_403' title='bbox 460 3251 709 3314; x_wconf 78' lang='grc' dir='ltr'>ἐλεεινῶς</span> <span class='ocrx_word' id='word_1_404' title='bbox 769 3253 829 3304; x_wconf 85' lang='grc' dir='ltr'>ὲν</span> <span class='ocrx_word' id='word_1_405' title='bbox 865 3249 943 3318; x_wconf 81' lang='grc' dir='ltr'>τῷ</span> <span class='ocrx_word' id='word_1_406' title='bbox 986 3249 1209 3322; x_wconf 80' lang='grc' dir='ltr'>πολέμῳ</span> <span class='ocrx_word' id='word_1_407' title='bbox 1255 3251 1550 3315; x_wconf 82' lang='grc' dir='ltr'>ἀπέθανον,</span> <span class='ocrx_word' id='word_1_408' title='bbox 1591 3245 1745 3314; x_wconf 77' lang='grc' dir='ltr'>οὗτος</span> 
     </span>
    </p>
   </div>
   <div class='ocr_carea' id='block_1_52' title="bbox 159 3339 1744 3415">
    <p class='ocr_par' dir='ltr' id='par_1_52' title="bbox 159 3339 1744 3415">
     <span class='ocr_line' id='line_1_52' title="bbox 159 3339 1744 3415; baseline 0.001 -20"><span class='ocrx_word' id='word_1_409' title='bbox 159 3343 215 3396; x_wconf 82' lang='grc' dir='ltr'>δὲ</span> <span class='ocrx_word' id='word_1_410' title='bbox 258 3343 405 3415; x_wconf 85' lang='grc' dir='ltr'><strong>μετά</strong></span> <span class='ocrx_word' id='word_1_411' title='bbox 447 3343 626 3414; x_wconf 73' lang='grc' dir='ltr'>γῆρας</span> <span class='ocrx_word' id='word_1_412' title='bbox 673 3341 809 3412; x_wconf 77' lang='grc' dir='ltr'>βαθὺ</span> <span class='ocrx_word' id='word_1_413' title='bbox 847 3342 905 3396; x_wconf 79' lang='grc' dir='ltr'><strong>έν</strong></span> <span class='ocrx_word' id='word_1_414' title='bbox 947 3343 1016 3412; x_wconf 80' lang='grc' dir='ltr'><strong>τῇ</strong></span> <span class='ocrx_word' id='word_1_415' title='bbox 1056 3339 1213 3394; x_wconf 81' lang='grc' dir='ltr'>πόλει</span> <span class='ocrx_word' id='word_1_416' title='bbox 1239 3357 1253 3372; x_wconf 86' lang='grc'><strong>·</strong></span> <span class='ocrx_word' id='word_1_417' title='bbox 1306 3341 1402 3396; x_wconf 74' lang='grc' dir='ltr'>καὶ</span> <span class='ocrx_word' id='word_1_418' title='bbox 1445 3341 1585 3414; x_wconf 76' lang='grc' dir='ltr'>αὐτὴ</span> <span class='ocrx_word' id='word_1_419' title='bbox 1623 3342 1680 3396; x_wconf 84' lang='grc' dir='ltr'>δὲ</span> <span class='ocrx_word' id='word_1_420' title='bbox 1709 3341 1744 3413; x_wconf 82' lang='grc' dir='ltr'><strong>ἠ</strong></span> 
     </span>
    </p>
   </div>
   <div class='ocr_carea' id='block_1_53' title="bbox 160 3429 1743 3504">
    <p class='ocr_par' dir='ltr' id='par_1_53' title="bbox 160 3429 1743 3504">
     <span class='ocr_line' id='line_1_53' title="bbox 160 3429 1743 3504; baseline 0 -17"><span class='ocrx_word' id='word_1_421' title='bbox 160 3435 466 3502; x_wconf 60' lang='grc' dir='ltr'>ἀπόφασις,</span> <span class='ocrx_word' id='word_1_422' title='bbox 501 3434 551 3486; x_wconf 83' lang='grc' dir='ltr'>εἰ</span> <span class='ocrx_word' id='word_1_423' title='bbox 583 3431 681 3495; x_wconf 83' lang='grc' dir='ltr'>τὰς</span> <span class='ocrx_word' id='word_1_424' title='bbox 712 3431 864 3494; x_wconf 86' lang='grc' dir='ltr'>θείας</span> <span class='ocrx_word' id='word_1_425' title='bbox 891 3448 976 3494; x_wconf 88' lang='grc' dir='ltr'><strong>τις</strong></span> <span class='ocrx_word' id='word_1_426' title='bbox 1004 3429 1272 3494; x_wconf 83' lang='grc' dir='ltr'>συλλαϐὰς</span> <span class='ocrx_word' id='word_1_427' title='bbox 1301 3432 1743 3504; x_wconf 80' lang='grc' dir='ltr'>περιεργάσοιτο,</span> 
     </span>
    </p>
   </div>
   <div class='ocr_carea' id='block_1_54' title="bbox 159 3522 1744 3597">
    <p class='ocr_par' dir='ltr' id='par_1_54' title="bbox 159 3522 1744 3597">
     <span class='ocr_line' id='line_1_54' title="bbox 159 3522 1744 3597; baseline 0.001 -18"><span class='ocrx_word' id='word_1_428' title='bbox 159 3527 418 3593; x_wconf 76' lang='grc' dir='ltr'>φαίνεται</span> <span class='ocrx_word' id='word_1_429' title='bbox 449 3527 510 3580; x_wconf 80' lang='grc' dir='ltr'><strong>ού</strong></span> <span class='ocrx_word' id='word_1_430' title='bbox 554 3526 678 3580; x_wconf 83' lang='grc' dir='ltr'>κατ’</span> <span class='ocrx_word' id='word_1_431' title='bbox 716 3522 905 3589; x_wconf 79' lang='grc' dir='ltr'>αὑτοῦ,</span> <span class='ocrx_word' id='word_1_432' title='bbox 948 3523 1084 3578; x_wconf 87' lang='grc' dir='ltr'><strong>ἀλλά</strong></span> <span class='ocrx_word' id='word_1_433' title='bbox 1121 3525 1264 3579; x_wconf 86' lang='grc' dir='ltr'><strong>κατά</strong></span> <span class='ocrx_word' id='word_1_434' title='bbox 1301 3525 1398 3579; x_wconf 77' lang='grc' dir='ltr'>τοῦ</span> <span class='ocrx_word' id='word_1_435' title='bbox 1430 3525 1581 3580; x_wconf 79' lang='grc' dir='ltr'>οἴκου</span> <span class='ocrx_word' id='word_1_436' title='bbox 1625 3529 1744 3597; x_wconf 87' lang='grc' dir='ltr'>ὀρι-</span> 
     </span>
    </p>
   </div>
   <div class='ocr_carea' id='block_1_55' title="bbox 166 3614 1746 3688">
    <p class='ocr_par' dir='ltr' id='par_1_55' title="bbox 166 3614 1746 3688">
     <span class='ocr_line' id='line_1_55' title="bbox 166 3614 1746 3688; baseline 0 -18"><span class='ocrx_word' id='word_1_437' title='bbox 166 3619 406 3672; x_wconf 79' lang='grc' dir='ltr'>σθεῖσαο</span> <span class='ocrx_word' id='word_1_438' title='bbox 464 3636 486 3672; x_wconf 76' lang='grc' dir='ltr'><strong>ι</strong></span> <span class='ocrx_word' id='word_1_439' title='bbox 520 3619 737 3688; x_wconf 81' lang='grc' dir='ltr'>Ὠμοσα</span> <span class='ocrx_word' id='word_1_440' title='bbox 787 3616 917 3688; x_wconf 81' lang='grc' dir='ltr'>γὰρ,</span> <span class='ocrx_word' id='word_1_441' title='bbox 961 3617 1117 3686; x_wconf 75' lang='grc' dir='ltr'>φησὶ,</span> <span class='ocrx_word' id='word_1_442' title='bbox 1156 3614 1235 3687; x_wconf 81' lang='grc' dir='ltr'>τῷ</span> <span class='ocrx_word' id='word_1_443' title='bbox 1279 3617 1413 3686; x_wconf 76' lang='grc' dir='ltr'>οἴκῳ</span> <span class='ocrx_word' id='word_1_444' title='bbox 1474 3616 1644 3680; x_wconf 80' lang='grc' dir='ltr'>Ἠλεὶ,</span> <span class='ocrx_word' id='word_1_445' title='bbox 1695 3618 1746 3672; x_wconf 91' lang='grc' dir='ltr'>εἰ</span> 
     </span>
    </p>
   </div>
   <div class='ocr_carea' id='block_1_56' title="bbox 158 3707 1737 3781">
    <p class='ocr_par' dir='ltr' id='par_1_56' title="bbox 158 3707 1737 3781">
     <span class='ocr_line' id='line_1_56' title="bbox 158 3707 1737 3781; baseline -0.001 -19"><span class='ocrx_word' id='word_1_446' title='bbox 158 3711 473 3778; x_wconf 77' lang='grc' dir='ltr'>ὲξιλάσεται</span> <span class='ocrx_word' id='word_1_447' title='bbox 506 3709 749 3781; x_wconf 85' lang='grc' dir='ltr'>ἁμαρτία</span> <span class='ocrx_word' id='word_1_448' title='bbox 781 3709 931 3763; x_wconf 81' lang='grc' dir='ltr'>οἷκου</span> <span class='ocrx_word' id='word_1_449' title='bbox 969 3709 1118 3762; x_wconf 77' lang='grc' dir='ltr'>Ἠλεὶ</span> <span class='ocrx_word' id='word_1_450' title='bbox 1141 3748 1158 3773; x_wconf 94' lang='grc'><strong>,</strong></span> <span class='ocrx_word' id='word_1_451' title='bbox 1195 3710 1228 3780; x_wconf 83' lang='grc' dir='ltr'>ἢ</span> <span class='ocrx_word' id='word_1_452' title='bbox 1277 3709 1336 3761; x_wconf 82' lang='grc' dir='ltr'>ὲν</span> <span class='ocrx_word' id='word_1_453' title='bbox 1371 3707 1737 3779; x_wconf 81' lang='grc' dir='ltr'>θυμιάμασιν,</span> 
     </span>
    </p>
   </div>
   <div class='ocr_carea' id='block_1_57' title="bbox 156 3796 1742 3872">
    <p class='ocr_par' dir='ltr' id='par_1_57' title="bbox 156 3796 1742 3872">
     <span class='ocr_line' id='line_1_57' title="bbox 156 3796 1742 3872; baseline 0.001 -20"><span class='ocrx_word' id='word_1_454' title='bbox 156 3799 190 3868; x_wconf 81' lang='grc' dir='ltr'>ἦ</span> <span class='ocrx_word' id='word_1_455' title='bbox 230 3802 290 3852; x_wconf 81' lang='grc' dir='ltr'>ὲν</span> <span class='ocrx_word' id='word_1_456' title='bbox 320 3799 559 3862; x_wconf 82' lang='grc' dir='ltr'>θυσίαις,</span> <span class='ocrx_word' id='word_1_457' title='bbox 589 3799 695 3862; x_wconf 79' lang='grc' dir='ltr'>ἓως</span> <span class='ocrx_word' id='word_1_458' title='bbox 724 3799 940 3861; x_wconf 75' lang='grc' dir='ltr'>αἰῶνος.</span> <span class='ocrx_word' id='word_1_459' title='bbox 971 3799 1086 3852; x_wconf 81' lang='grc' dir='ltr'>υύκ</span> <span class='ocrx_word' id='word_1_460' title='bbox 1117 3796 1263 3865; x_wconf 84' lang='grc' dir='ltr'>εἶπε,</span> <span class='ocrx_word' id='word_1_461' title='bbox 1295 3801 1485 3870; x_wconf 70' lang='grc' dir='ltr'>φησὶν,</span> <span class='ocrx_word' id='word_1_462' title='bbox 1525 3800 1742 3872; x_wconf 86' lang='grc' dir='ltr'>Ὠμοσα</span> 
     </span>
    </p>
   </div>
   <div class='ocr_carea' id='block_1_58' title="bbox 161 3889 1747 3964">
    <p class='ocr_par' dir='ltr' id='par_1_58' title="bbox 161 3889 1747 3964">
     <span class='ocr_line' id='line_1_58' title="bbox 161 3889 1747 3964; baseline 0.002 -22"><span class='ocrx_word' id='word_1_463' title='bbox 161 3889 238 3961; x_wconf 79' lang='grc' dir='ltr'>τῷ</span> <span class='ocrx_word' id='word_1_464' title='bbox 294 3889 483 3944; x_wconf 84' lang='grc' dir='ltr'>Ἡλεί·</span> <span class='ocrx_word' id='word_1_465' title='bbox 527 3891 660 3958; x_wconf 79' lang='grc' dir='ltr'>οὐδ’,</span> <span class='ocrx_word' id='word_1_466' title='bbox 691 3890 772 3945; x_wconf 83' lang='grc' dir='ltr'>ὅτι</span> <span class='ocrx_word' id='word_1_467' title='bbox 817 3891 932 3944; x_wconf 86' lang='grc' dir='ltr'>Οὐκ</span> <span class='ocrx_word' id='word_1_468' title='bbox 967 3891 1273 3958; x_wconf 78' lang='grc' dir='ltr'>έξιλάσεται</span> <span class='ocrx_word' id='word_1_469' title='bbox 1313 3891 1556 3964; x_wconf 88' lang='grc' dir='ltr'>ἁμαρτία</span> <span class='ocrx_word' id='word_1_470' title='bbox 1597 3892 1747 3946; x_wconf 76' lang='grc' dir='ltr'>Ἠλεὶ</span> 
     </span>
    </p>
   </div>
   <div class='ocr_carea' id='block_1_59' title="bbox 162 3981 1749 4056">
    <p class='ocr_par' dir='ltr' id='par_1_59' title="bbox 162 3981 1749 4056">
     <span class='ocr_line' id='line_1_59' title="bbox 162 3981 1749 4056; baseline 0.001 -22"><span class='ocrx_word' id='word_1_471' title='bbox 162 3981 401 4052; x_wconf 67' lang='grc' dir='ltr'>(ἢρκεσε</span> <span class='ocrx_word' id='word_1_472' title='bbox 445 3983 554 4054; x_wconf 90' lang='lat'><strong>7&amp;9</strong></span> <span class='ocrx_word' id='word_1_473' title='bbox 583 3982 733 4054; x_wconf 87' lang='grc' dir='ltr'>αύτῷ</span> <span class='ocrx_word' id='word_1_474' title='bbox 771 3982 902 4048; x_wconf 79' lang='grc' dir='ltr'>ἴσως</span> <span class='ocrx_word' id='word_1_475' title='bbox 951 3983 1088 4054; x_wconf 82' lang='grc' dir='ltr'>πρὸς</span> <span class='ocrx_word' id='word_1_476' title='bbox 1133 3985 1514 4056; x_wconf 68' lang='grc' dir='ltr'>σωφρονισμὸν</span> <span class='ocrx_word' id='word_1_477' title='bbox 1543 3983 1749 4056; x_wconf 86' lang='grc' dir='ltr'>ταύτης</span> 
     </span>
    </p>
   </div>
   <div class='ocr_carea' id='block_1_60' title="bbox 161 4072 1744 4147">
    <p class='ocr_par' dir='ltr' id='par_1_60' title="bbox 161 4072 1744 4147">
     <span class='ocr_line' id='line_1_60' title="bbox 161 4072 1744 4147; baseline 0.001 -21"><span class='ocrx_word' id='word_1_478' title='bbox 161 4077 337 4146; x_wconf 76' lang='grc' dir='ltr'>μόνης</span> <span class='ocrx_word' id='word_1_479' title='bbox 380 4074 481 4144; x_wconf 84' lang='grc' dir='ltr'>τῆς</span> <span class='ocrx_word' id='word_1_480' title='bbox 523 4075 783 4146; x_wconf 83' lang='grc' dir='ltr'>ἀμελείας</span> <span class='ocrx_word' id='word_1_481' title='bbox 809 4091 822 4106; x_wconf 77' lang='grc'><strong><em>⁸</em></strong></span> <span class='ocrx_word' id='word_1_482' title='bbox 858 4075 928 4130; x_wconf 89' lang='grc' dir='ltr'><strong>τά</strong></span> <span class='ocrx_word' id='word_1_483' title='bbox 959 4075 1067 4146; x_wconf 86' lang='grc' dir='ltr'><strong>γὰρ</strong></span> <span class='ocrx_word' id='word_1_484' title='bbox 1111 4076 1248 4130; x_wconf 82' lang='grc' dir='ltr'>ἄλλα</span> <span class='ocrx_word' id='word_1_485' title='bbox 1289 4072 1357 4147; x_wconf 84' lang='grc' dir='ltr'>ἦν</span> <span class='ocrx_word' id='word_1_486' title='bbox 1392 4076 1704 4146; x_wconf 87' lang='grc' dir='ltr'>θαυμαστός</span> <span class='ocrx_word' id='word_1_487' title='bbox 1729 4093 1744 4107; x_wconf 73' lang='grc' dir='ltr'><strong><em>ο</em></strong></span> 
     </span>
    </p>
   </div>
   <div class='ocr_carea' id='block_1_61' title="bbox 155 4164 1747 4239">
    <p class='ocr_par' dir='ltr' id='par_1_61' title="bbox 155 4164 1747 4239">
     <span class='ocr_line' id='line_1_61' title="bbox 155 4164 1747 4239; baseline 0.003 -21"><span class='ocrx_word' id='word_1_488' title='bbox 155 4167 224 4218; x_wconf 70' lang='grc' dir='ltr'><strong>τά</strong></span> <span class='ocrx_word' id='word_1_489' title='bbox 241 4166 378 4236; x_wconf 78' lang='grc' dir='ltr'>τῇδε</span> <span class='ocrx_word' id='word_1_490' title='bbox 389 4164 540 4236; x_wconf 85' lang='grc' dir='ltr'>αὐτῷ</span> <span class='ocrx_word' id='word_1_491' title='bbox 562 4183 625 4219; x_wconf 94' lang='grc' dir='ltr'><strong>συ</strong></span> <span class='ocrx_word' id='word_1_492' title='bbox 633 4165 1180 4239; x_wconf 76' lang='grc' dir='ltr'>μϐεϐηκόταιάνιαρά)</span> <span class='ocrx_word' id='word_1_493' title='bbox 1197 4166 1336 4221; x_wconf 90' lang='grc' dir='ltr'><strong>ἀλλά</strong></span> <span class='ocrx_word' id='word_1_494' title='bbox 1360 4168 1533 4233; x_wconf 81' lang='grc' dir='ltr'><strong>Ὀἴκῳ</strong></span> <span class='ocrx_word' id='word_1_495' title='bbox 1561 4168 1747 4223; x_wconf 68' lang='grc' dir='ltr'>Ἡλείο</span> 
     </span>
    </p>
   </div>
   <div class='ocr_carea' id='block_1_62' title="bbox 159 4256 1742 4332">
    <p class='ocr_par' dir='ltr' id='par_1_62' title="bbox 159 4256 1742 4332">
     <span class='ocr_line' id='line_1_62' title="bbox 159 4256 1742 4332; baseline 0.003 -23"><span class='ocrx_word' id='word_1_496' title='bbox 159 4257 285 4310; x_wconf 76' lang='grc' dir='ltr'>ἀντὶ</span> <span class='ocrx_word' id='word_1_497' title='bbox 313 4256 438 4320; x_wconf 82' lang='grc' dir='ltr'>τοῦ,</span> <span class='ocrx_word' id='word_1_498' title='bbox 470 4259 689 4322; x_wconf 85' lang='grc' dir='ltr'>πάντως</span> <span class='ocrx_word' id='word_1_499' title='bbox 713 4260 838 4322; x_wconf 83' lang='grc' dir='ltr'>τοὺς</span> <span class='ocrx_word' id='word_1_500' title='bbox 864 4260 1259 4331; x_wconf 79' lang='grc' dir='ltr'>ἡμαρτηκότας</span> <span class='ocrx_word' id='word_1_501' title='bbox 1293 4261 1592 4314; x_wconf 80' lang='grc' dir='ltr'>ἀπολέσθαι</span> <span class='ocrx_word' id='word_1_502' title='bbox 1613 4261 1742 4332; x_wconf 84' lang='grc' dir='ltr'>χρή.</span> 
     </span>
    </p>
   </div>
   <div class='ocr_carea' id='block_1_63' title="bbox 157 4349 1748 4424">
    <p class='ocr_par' dir='ltr' id='par_1_63' title="bbox 157 4349 1748 4424">
     <span class='ocr_line' id='line_1_63' title="bbox 157 4349 1748 4424; baseline 0.004 -24"><span class='ocrx_word' id='word_1_503' title='bbox 157 4349 222 4400; x_wconf 83' lang='grc' dir='ltr'><strong>Εἰ</strong></span> <span class='ocrx_word' id='word_1_504' title='bbox 245 4349 332 4413; x_wconf 84' lang='grc' dir='ltr'>δὲ,</span> <span class='ocrx_word' id='word_1_505' title='bbox 364 4349 552 4420; x_wconf 74' lang='grc' dir='ltr'>ἐπειδὴ</span> <span class='ocrx_word' id='word_1_506' title='bbox 591 4349 922 4422; x_wconf 82' lang='grc' dir='ltr'>μετέστησεν</span> <span class='ocrx_word' id='word_1_507' title='bbox 959 4352 1040 4414; x_wconf 86' lang='grc' dir='ltr'><strong>είς</strong></span> <span class='ocrx_word' id='word_1_508' title='bbox 1069 4351 1266 4424; x_wconf 77' lang='grc' dir='ltr'>ἑτέραν</span> <span class='ocrx_word' id='word_1_509' title='bbox 1296 4351 1620 4420; x_wconf 78' lang='grc' dir='ltr'>συγγένειαν</span> <span class='ocrx_word' id='word_1_510' title='bbox 1646 4352 1748 4424; x_wconf 82' lang='grc' dir='ltr'>τὴν</span> 
     </span>
    </p>
   </div>
   <div class='ocr_carea' id='block_1_64' title="bbox 1769 3121 1816 3184">
    <p class='ocr_par' dir='ltr' id='par_1_64' title="bbox 1769 3121 1816 3184">
     <span class='ocr_line' id='line_1_64' title="bbox 1769 3121 1816 3184; baseline 0 0"><span class='ocrx_word' id='word_1_511' title='bbox 1769 3121 1816 3184; x_wconf 90' lang='lat' dir='ltr'><strong>C</strong></span> 
     </span>
    </p>
   </div>
   <div class='ocr_carea' id='block_1_65' title="bbox 1841 1880 3422 1950">
    <p class='ocr_par' dir='ltr' id='par_1_65' title="bbox 1841 1880 3422 1950">
     <span class='ocr_line' id='line_1_65' title="bbox 1841 1880 3422 1950; baseline -0.001 -16"><span class='ocrx_word' id='word_1_512' title='bbox 1841 1880 2110 1950; x_wconf 89' lang='lat' dir='ltr'><strong>quomodo</strong></span> <span class='ocrx_word' id='word_1_513' title='bbox 2127 1894 2256 1950; x_wconf 87' lang='lat' dir='ltr'><strong>ergo</strong></span> <span class='ocrx_word' id='word_1_514' title='bbox 2292 1881 2480 1936; x_wconf 89' lang='lat' dir='ltr'><strong>beatus</strong></span> <span class='ocrx_word' id='word_1_515' title='bbox 2507 1880 2706 1936; x_wconf 86' lang='lat' dir='ltr'><strong>Paulus</strong></span> <span class='ocrx_word' id='word_1_516' title='bbox 2741 1881 2996 1950; x_wconf 87' lang='lat' dir='ltr'><strong>prohibet</strong></span> <span class='ocrx_word' id='word_1_517' title='bbox 3029 1890 3286 1949; x_wconf 85' lang='lat' dir='ltr'><strong>arcetque</strong></span> <span class='ocrx_word' id='word_1_518' title='bbox 3314 1880 3422 1933; x_wconf 85' lang='lat' dir='ltr'><strong>for-</strong></span> 
     </span>
    </p>
   </div>
   <div class='ocr_carea' id='block_1_66' title="bbox 1842 1972 3420 2044">
    <p class='ocr_par' dir='ltr' id='par_1_66' title="bbox 1842 1972 3420 2044">
     <span class='ocr_line' id='line_1_66' title="bbox 1842 1972 3420 2044; baseline -0.003 -14"><span class='ocrx_word' id='word_1_519' title='bbox 1842 1974 2110 2030; x_wconf 89' lang='lat' dir='ltr'><strong>nicarium</strong></span> <span class='ocrx_word' id='word_1_520' title='bbox 2143 1989 2172 2026; x_wconf 89' lang='lat' dir='ltr'><strong>a</strong></span> <span class='ocrx_word' id='word_1_521' title='bbox 2207 1982 2355 2029; x_wconf 69' lang='lat' dir='ltr'><strong>coetu</strong></span> <span class='ocrx_word' id='word_1_522' title='bbox 2391 1973 2630 2029; x_wconf 83' lang='lat' dir='ltr'><strong>fidelium</strong></span> <span class='ocrx_word' id='word_1_523' title='bbox 2658 1974 2705 2004; x_wconf 85' lang='lat'>&quot;</span> <span class='ocrx_word' id='word_1_524' title='bbox 2727 1973 2754 2028; x_wconf 75' lang='grc' dir='ltr'><strong><em>τ</em></strong></span> <span class='ocrx_word' id='word_1_525' title='bbox 2788 1973 2964 2044; x_wconf 87' lang='lat' dir='ltr'><strong>majus</strong></span> <span class='ocrx_word' id='word_1_526' title='bbox 3003 1973 3131 2042; x_wconf 93' lang='lat' dir='ltr'><strong>quid</strong></span> <span class='ocrx_word' id='word_1_527' title='bbox 3163 1972 3420 2040; x_wconf 78' lang='lat' dir='ltr'><strong>Opinione</strong></span> 
     </span>
    </p>
   </div>
   <div class='ocr_carea' id='block_1_67' title="bbox 1844 2060 3425 2134">
    <p class='ocr_par' dir='ltr' id='par_1_67' title="bbox 1844 2060 3425 2134">
     <span class='ocr_line' id='line_1_67' title="bbox 1844 2060 3425 2134; baseline -0.003 -15"><span class='ocrx_word' id='word_1_528' title='bbox 1844 2081 1965 2121; x_wconf 87' lang='lat' dir='ltr'><strong>mea</strong></span> <span class='ocrx_word' id='word_1_529' title='bbox 2001 2064 2214 2134; x_wconf 87' lang='lat' dir='ltr'><strong>objicis.</strong></span> <span class='ocrx_word' id='word_1_530' title='bbox 2270 2065 2342 2120; x_wconf 81' lang='lat' dir='ltr'><strong>At</strong></span> <span class='ocrx_word' id='word_1_531' title='bbox 2392 2080 2498 2120; x_wconf 93' lang='lat' dir='ltr'><strong>non</strong></span> <span class='ocrx_word' id='word_1_532' title='bbox 2541 2064 2890 2130; x_wconf 79' lang='lat' dir='ltr'><strong>verberavit,</strong></span> <span class='ocrx_word' id='word_1_533' title='bbox 2937 2063 3209 2134; x_wconf 84' lang='lat' dir='ltr'><strong>injuriave</strong></span> <span class='ocrx_word' id='word_1_534' title='bbox 3247 2060 3425 2116; x_wconf 81' lang='lat' dir='ltr'><strong>alTecit</strong></span> 
     </span>
    </p>
   </div>
   <div class='ocr_carea' id='block_1_68' title="bbox 1840 2151 3424 2228">
    <p class='ocr_par' dir='ltr' id='par_1_68' title="bbox 1840 2151 3424 2228">
     <span class='ocr_line' id='line_1_68' title="bbox 1840 2151 3424 2228; baseline -0.004 -16"><span class='ocrx_word' id='word_1_535' title='bbox 1840 2157 2154 2228; x_wconf 85' lang='lat' dir='ltr'><strong>Apostolus,</strong></span> <span class='ocrx_word' id='word_1_536' title='bbox 2184 2157 2282 2212; x_wconf 86' lang='lat' dir='ltr'><strong>sed</strong></span> <span class='ocrx_word' id='word_1_537' title='bbox 2309 2173 2339 2210; x_wconf 93' lang='lat' dir='ltr'><strong>a</strong></span> <span class='ocrx_word' id='word_1_538' title='bbox 2375 2170 2536 2226; x_wconf 84' lang='lat' dir='ltr'><strong>grege</strong></span> <span class='ocrx_word' id='word_1_539' title='bbox 2567 2155 2802 2210; x_wconf 84' lang='lat' dir='ltr'><strong>fidelium</strong></span> <span class='ocrx_word' id='word_1_540' title='bbox 2827 2154 3134 2222; x_wconf 84' lang='lat' dir='ltr'><strong>separavit,</strong></span> <span class='ocrx_word' id='word_1_541' title='bbox 3159 2168 3228 2207; x_wconf 87' lang='lat' dir='ltr'><strong>ne</strong></span> <span class='ocrx_word' id='word_1_542' title='bbox 3258 2151 3424 2222; x_wconf 88' lang='lat' dir='ltr'><strong>pesti-</strong></span> 
     </span>
    </p>
   </div>
   <div class='ocr_carea' id='block_1_69' title="bbox 1841 2244 3425 2321">
    <p class='ocr_par' dir='ltr' id='par_1_69' title="bbox 1841 2244 3425 2321">
     <span class='ocr_line' id='line_1_69' title="bbox 1841 2244 3425 2321; baseline -0.008 -16"><span class='ocrx_word' id='word_1_543' title='bbox 1841 2249 1924 2307; x_wconf 92' lang='lat' dir='ltr'><strong>fer</strong></span> <span class='ocrx_word' id='word_1_544' title='bbox 1965 2251 2030 2306; x_wconf 90' lang='lat' dir='ltr'><strong>ad</strong></span> <span class='ocrx_word' id='word_1_545' title='bbox 2065 2249 2300 2321; x_wconf 83' lang='lat' dir='ltr'><strong>reliquas</strong></span> <span class='ocrx_word' id='word_1_546' title='bbox 2331 2262 2460 2303; x_wconf 89' lang='lat' dir='ltr'><strong>oves</strong></span> <span class='ocrx_word' id='word_1_547' title='bbox 2490 2249 2710 2302; x_wconf 87' lang='lat' dir='ltr'><strong>morbus</strong></span> <span class='ocrx_word' id='word_1_548' title='bbox 2732 2253 2935 2315; x_wconf 85' lang='lat' dir='ltr'><strong>serpat.</strong></span> <span class='ocrx_word' id='word_1_549' title='bbox 2973 2245 3030 2300; x_wconf 91' lang='lat' dir='ltr'><strong>Si</strong></span> <span class='ocrx_word' id='word_1_550' title='bbox 3061 2245 3259 2299; x_wconf 90' lang='lat' dir='ltr'><strong>iterum</strong></span> <span class='ocrx_word' id='word_1_551' title='bbox 3292 2244 3425 2298; x_wconf 66' lang='lat' dir='ltr'><strong>snt»-</strong></span> 
     </span>
    </p>
   </div>
   <div class='ocr_carea' id='block_1_70' title="bbox 1837 2333 3416 2413">
    <p class='ocr_par' dir='ltr' id='par_1_70' title="bbox 1837 2333 3416 2413">
     <span class='ocr_line' id='line_1_70' title="bbox 1837 2333 3416 2413; baseline -0.006 -17"><span class='ocrx_word' id='word_1_552' title='bbox 1837 2343 2037 2413; x_wconf 86' lang='lat' dir='ltr'><strong>jiclas:</strong></span> <span class='ocrx_word' id='word_1_553' title='bbox 2085 2341 2370 2409; x_wconf 85' lang='lat' dir='ltr'><strong>Quomodo</strong></span> <span class='ocrx_word' id='word_1_554' title='bbox 2396 2339 2570 2411; x_wconf 77' lang='lat' dir='ltr'><strong>igitur</strong></span> <span class='ocrx_word' id='word_1_555' title='bbox 2597 2337 2713 2393; x_wconf 87' lang='lat' dir='ltr'><strong>Heli</strong></span> <span class='ocrx_word' id='word_1_556' title='bbox 2748 2339 3046 2392; x_wconf 80' lang='lat' dir='ltr'><strong>admonens</strong></span> <span class='ocrx_word' id='word_1_557' title='bbox 3085 2335 3223 2389; x_wconf 83' lang='lat' dir='ltr'><strong>ﬁlios</strong></span> <span class='ocrx_word' id='word_1_558' title='bbox 3253 2333 3416 2388; x_wconf 76' lang='lat' dir='ltr'><strong>oﬂicii</strong></span> 
     </span>
    </p>
   </div>
   <div class='ocr_carea' id='block_1_71' title="bbox 1843 2425 3420 2502">
    <p class='ocr_par' dir='ltr' id='par_1_71' title="bbox 1843 2425 3420 2502">
     <span class='ocr_line' id='line_1_71' title="bbox 1843 2425 3420 2502; baseline -0.007 -12"><span class='ocrx_word' id='word_1_559' title='bbox 1843 2446 1896 2490; x_wconf 92' lang='lat' dir='ltr'><strong>et</strong></span> <span class='ocrx_word' id='word_1_560' title='bbox 1924 2435 2058 2492; x_wconf 89' lang='lat' dir='ltr'><strong>nihil</strong></span> <span class='ocrx_word' id='word_1_561' title='bbox 2085 2433 2322 2490; x_wconf 78' lang='lat' dir='ltr'><strong>eﬂiciens</strong></span> <span class='ocrx_word' id='word_1_562' title='bbox 2352 2447 2541 2502; x_wconf 78' lang='lat' dir='ltr'><strong>ptenas</strong></span> <span class='ocrx_word' id='word_1_563' title='bbox 2569 2431 2718 2489; x_wconf 85' lang='lat' dir='ltr'><strong>dedit</strong></span> <span class='ocrx_word' id='word_1_564' title='bbox 2743 2428 2832 2482; x_wconf 70' lang='lat'><strong>7&#39;?</strong></span> <span class='ocrx_word' id='word_1_565' title='bbox 2860 2430 3161 2500; x_wconf 87' lang='lat' dir='ltr'><strong>respondeo</strong></span> <span class='ocrx_word' id='word_1_566' title='bbox 3199 2444 3212 2481; x_wconf 92' lang='lat'><strong>:</strong></span> <span class='ocrx_word' id='word_1_567' title='bbox 3245 2425 3420 2496; x_wconf 88' lang='lat' dir='ltr'><strong>Opor-</strong></span> 
     </span>
    </p>
   </div>
   <div class='ocr_carea' id='block_1_72' title="bbox 1845 2517 3424 2586">
    <p class='ocr_par' dir='ltr' id='par_1_72' title="bbox 1845 2517 3424 2586">
     <span class='ocr_line' id='line_1_72' title="bbox 1845 2517 3424 2586; baseline -0.008 -5"><span class='ocrx_word' id='word_1_568' title='bbox 1845 2535 1921 2582; x_wconf 88' lang='lat' dir='ltr'><strong>tet</strong></span> <span class='ocrx_word' id='word_1_569' title='bbox 1948 2527 2071 2582; x_wconf 86' lang='lat' dir='ltr'><strong>lotis</strong></span> <span class='ocrx_word' id='word_1_570' title='bbox 2087 2527 2294 2582; x_wconf 86' lang='lat' dir='ltr'><strong>viribus</strong></span> <span class='ocrx_word' id='word_1_571' title='bbox 2322 2526 2375 2580; x_wconf 91' lang='lat' dir='ltr'><strong>in</strong></span> <span class='ocrx_word' id='word_1_572' title='bbox 2409 2524 2641 2578; x_wconf 82' lang='lat' dir='ltr'><strong>filiorum</strong></span> <span class='ocrx_word' id='word_1_573' title='bbox 2671 2522 2834 2577; x_wconf 87' lang='lat' dir='ltr'><strong>etiam</strong></span> <span class='ocrx_word' id='word_1_574' title='bbox 2862 2521 3200 2574; x_wconf 84' lang='lat' dir='ltr'><strong>sacerdotum</strong></span> <span class='ocrx_word' id='word_1_575' title='bbox 3231 2517 3424 2586; x_wconf 88' lang='lat' dir='ltr'><strong>nequi-</strong></span> 
     </span>
    </p>
   </div>
   <div class='ocr_carea' id='block_1_73' title="bbox 1846 2609 3421 2684">
    <p class='ocr_par' dir='ltr' id='par_1_73' title="bbox 1846 2609 3421 2684">
     <span class='ocr_line' id='line_1_73' title="bbox 1846 2609 3421 2684; baseline -0.007 -12"><span class='ocrx_word' id='word_1_576' title='bbox 1846 2619 1947 2673; x_wconf 90' lang='lat' dir='ltr'><strong>tias</strong></span> <span class='ocrx_word' id='word_1_577' title='bbox 1991 2618 2446 2681; x_wconf 88' lang='lat' dir='ltr'><strong>animadvertere,</strong></span> <span class='ocrx_word' id='word_1_578' title='bbox 2472 2627 2673 2684; x_wconf 88' lang='lat' dir='ltr'><strong>eosque</strong></span> <span class='ocrx_word' id='word_1_579' title='bbox 2715 2629 2744 2668; x_wconf 89' lang='lat' dir='ltr'><strong>a</strong></span> <span class='ocrx_word' id='word_1_580' title='bbox 2771 2613 2942 2669; x_wconf 89' lang='lat' dir='ltr'><strong>sacris</strong></span> <span class='ocrx_word' id='word_1_581' title='bbox 2971 2625 3176 2675; x_wconf 87' lang='lat' dir='ltr'><strong>arcere,</strong></span> <span class='ocrx_word' id='word_1_582' title='bbox 3209 2609 3317 2664; x_wconf 89' lang='lat' dir='ltr'><strong>imo</strong></span> <span class='ocrx_word' id='word_1_583' title='bbox 3352 2623 3421 2662; x_wconf 83' lang='lat' dir='ltr'><strong>ex</strong></span> 
     </span>
    </p>
   </div>
   <div class='ocr_carea' id='block_1_74' title="bbox 1843 2703 3418 2778">
    <p class='ocr_par' dir='ltr' id='par_1_74' title="bbox 1843 2703 3418 2778">
     <span class='ocr_line' id='line_1_74' title="bbox 1843 2703 3418 2778; baseline -0.008 -14"><span class='ocrx_word' id='word_1_584' title='bbox 1843 2709 2016 2764; x_wconf 88' lang='lat' dir='ltr'><strong>oculis</strong></span> <span class='ocrx_word' id='word_1_585' title='bbox 2044 2707 2244 2778; x_wconf 84' lang='lat' dir='ltr'><strong>pellere</strong></span> <span class='ocrx_word' id='word_1_586' title='bbox 2264 2723 2328 2763; x_wconf 91' lang='lat' dir='ltr'><strong>ac</strong></span> <span class='ocrx_word' id='word_1_587' title='bbox 2360 2706 2527 2777; x_wconf 86' lang='lat' dir='ltr'><strong>gradu</strong></span> <span class='ocrx_word' id='word_1_588' title='bbox 2563 2705 2860 2770; x_wconf 88' lang='lat' dir='ltr'><strong>dimovere,</strong></span> <span class='ocrx_word' id='word_1_589' title='bbox 2886 2703 3121 2757; x_wconf 80' lang='lat' dir='ltr'><strong>maxime</strong></span> <span class='ocrx_word' id='word_1_590' title='bbox 3139 2716 3268 2756; x_wconf 89' lang='lat' dir='ltr'><strong>vero</strong></span> <span class='ocrx_word' id='word_1_591' title='bbox 3295 2715 3418 2754; x_wconf 90' lang='lat' dir='ltr'><strong>cum</strong></span> 
     </span>
    </p>
   </div>
   <div class='ocr_carea' id='block_1_75' title="bbox 1846 2791 3423 2869">
    <p class='ocr_par' dir='ltr' id='par_1_75' title="bbox 1846 2791 3423 2869">
     <span class='ocr_line' id='line_1_75' title="bbox 1846 2791 3423 2869; baseline -0.007 -14"><span class='ocrx_word' id='word_1_592' title='bbox 1846 2805 1898 2856; x_wconf 92' lang='lat' dir='ltr'><strong>in</strong></span> <span class='ocrx_word' id='word_1_593' title='bbox 1933 2802 2098 2856; x_wconf 83' lang='lat' dir='ltr'><strong>Deum</strong></span> <span class='ocrx_word' id='word_1_594' title='bbox 2138 2801 2408 2856; x_wconf 89' lang='lat' dir='ltr'><strong>redundet</strong></span> <span class='ocrx_word' id='word_1_595' title='bbox 2451 2798 2670 2869; x_wconf 87' lang='lat' dir='ltr'><strong>injuria.</strong></span> <span class='ocrx_word' id='word_1_596' title='bbox 2709 2795 2918 2852; x_wconf 83' lang='lat' dir='ltr'><strong>idcirco</strong></span> <span class='ocrx_word' id='word_1_597' title='bbox 2953 2794 3115 2850; x_wconf 90' lang='lat' dir='ltr'><strong>etiam</strong></span> <span class='ocrx_word' id='word_1_598' title='bbox 3152 2807 3276 2847; x_wconf 88' lang='lat' dir='ltr'><strong>reus</strong></span> <span class='ocrx_word' id='word_1_599' title='bbox 3308 2791 3423 2860; x_wconf 87' lang='lat' dir='ltr'><strong>ipse</strong></span> 
     </span>
    </p>
   </div>
   <div class='ocr_carea' id='block_1_76' title="bbox 1844 2885 3421 2957">
    <p class='ocr_par' dir='ltr' id='par_1_76' title="bbox 1844 2885 3421 2957">
     <span class='ocr_line' id='line_1_76' title="bbox 1844 2885 3421 2957; baseline -0.007 -11"><span class='ocrx_word' id='word_1_600' title='bbox 1844 2891 2039 2947; x_wconf 84' lang='lat' dir='ltr'><strong>evasit.</strong></span> <span class='ocrx_word' id='word_1_601' title='bbox 2080 2891 2378 2957; x_wconf 89' lang='lat' dir='ltr'><strong>Oportebat</strong></span> <span class='ocrx_word' id='word_1_602' title='bbox 2405 2889 2548 2944; x_wconf 84' lang='lat' dir='ltr'><strong>enim</strong></span> <span class='ocrx_word' id='word_1_603' title='bbox 2581 2886 2697 2942; x_wconf 88' lang='lat' dir='ltr'><strong>Heli</strong></span> <span class='ocrx_word' id='word_1_604' title='bbox 2736 2887 2810 2941; x_wconf 91' lang='lat' dir='ltr'><strong>ita</strong></span> <span class='ocrx_word' id='word_1_605' title='bbox 2839 2885 3041 2940; x_wconf 86' lang='lat' dir='ltr'><strong>liberos</strong></span> <span class='ocrx_word' id='word_1_606' title='bbox 3068 2885 3294 2952; x_wconf 84' lang='lat' dir='ltr'><strong>diligere</strong></span> <span class='ocrx_word' id='word_1_607' title='bbox 3315 2923 3328 2943; x_wconf 86' lang='lat'><strong>.</strong></span> <span class='ocrx_word' id='word_1_608' title='bbox 3361 2892 3421 2936; x_wconf 84' lang='lat' dir='ltr'><strong>ut</strong></span> 
     </span>
    </p>
   </div>
   <div class='ocr_carea' id='block_1_77' title="bbox 1848 2973 3416 3042">
    <p class='ocr_par' dir='ltr' id='par_1_77' title="bbox 1848 2973 3416 3042">
     <span class='ocr_line' id='line_1_77' title="bbox 1848 2973 3416 3042; baseline -0.007 -5"><span class='ocrx_word' id='word_1_609' title='bbox 1848 2993 2030 3037; x_wconf 67' lang='lat' dir='ltr'><strong>tamen</strong></span> <span class='ocrx_word' id='word_1_610' title='bbox 2065 2981 2238 3037; x_wconf 75' lang='lat' dir='ltr'><strong>ofﬁcio</strong></span> <span class='ocrx_word' id='word_1_611' title='bbox 2257 2995 2361 3035; x_wconf 92' lang='lat' dir='ltr'><strong>non</strong></span> <span class='ocrx_word' id='word_1_612' title='bbox 2391 2981 2602 3035; x_wconf 86' lang='lat' dir='ltr'><strong>deesset</strong></span> <span class='ocrx_word' id='word_1_613' title='bbox 2629 2993 2748 3042; x_wconf 89' lang='lat' dir='ltr'><strong>suo,</strong></span> <span class='ocrx_word' id='word_1_614' title='bbox 2779 2976 2872 3033; x_wconf 92' lang='lat' dir='ltr'><strong>sed</strong></span> <span class='ocrx_word' id='word_1_615' title='bbox 2899 2977 3201 3031; x_wconf 88' lang='lat' dir='ltr'><strong>divinarum</strong></span> <span class='ocrx_word' id='word_1_616' title='bbox 3238 2973 3416 3042; x_wconf 83' lang='lat' dir='ltr'><strong>legum</strong></span> 
     </span>
    </p>
   </div>
   <div class='ocr_carea' id='block_1_78' title="bbox 1846 3066 3421 3138">
    <p class='ocr_par' dir='ltr' id='par_1_78' title="bbox 1846 3066 3421 3138">
     <span class='ocr_line' id='line_1_78' title="bbox 1846 3066 3421 3138; baseline -0.004 -12"><span class='ocrx_word' id='word_1_617' title='bbox 1846 3073 2192 3127; x_wconf 90' lang='lat' dir='ltr'><strong>violationem</strong></span> <span class='ocrx_word' id='word_1_618' title='bbox 2222 3071 2521 3127; x_wconf 87' lang='lat' dir='ltr'><strong>vindicare.</strong></span> <span class='ocrx_word' id='word_1_619' title='bbox 2565 3069 2799 3124; x_wconf 84' lang='lat' dir='ltr'><strong>Rursum</strong></span> <span class='ocrx_word' id='word_1_620' title='bbox 2839 3069 2884 3124; x_wconf 90' lang='lat' dir='ltr'><strong>si</strong></span> <span class='ocrx_word' id='word_1_621' title='bbox 2927 3068 3049 3138; x_wconf 89' lang='lat' dir='ltr'><strong>quis</strong></span> <span class='ocrx_word' id='word_1_622' title='bbox 3079 3082 3202 3122; x_wconf 89' lang='lat' dir='ltr'><strong>eum</strong></span> <span class='ocrx_word' id='word_1_623' title='bbox 3230 3066 3421 3120; x_wconf 88' lang='lat' dir='ltr'><strong>volens</strong></span> 
     </span>
    </p>
   </div>
   <div class='ocr_carea' id='block_1_79' title="bbox 1846 3155 3420 3231">
    <p class='ocr_par' dir='ltr' id='par_1_79' title="bbox 1846 3155 3420 3231">
     <span class='ocr_line' id='line_1_79' title="bbox 1846 3155 3420 3231; baseline -0.006 -10"><span class='ocrx_word' id='word_1_624' title='bbox 1846 3165 2135 3221; x_wconf 85' lang='lat' dir='ltr'><strong>defendere</strong></span> <span class='ocrx_word' id='word_1_625' title='bbox 2159 3164 2388 3231; x_wconf 80' lang='lat' dir='ltr'><strong>dixerit,</strong></span> <span class='ocrx_word' id='word_1_626' title='bbox 2412 3162 2584 3220; x_wconf 75' lang='lat' dir='ltr'><strong>videri</strong></span> <span class='ocrx_word' id='word_1_627' title='bbox 2611 3177 2718 3218; x_wconf 84' lang='lat' dir='ltr'><strong>non</strong></span> <span class='ocrx_word' id='word_1_628' title='bbox 2744 3171 2850 3217; x_wconf 82' lang='lat' dir='ltr'><strong>tam</strong></span> <span class='ocrx_word' id='word_1_629' title='bbox 2881 3160 3057 3231; x_wconf 88' lang='lat' dir='ltr'><strong>ipsum</strong></span> <span class='ocrx_word' id='word_1_630' title='bbox 3087 3173 3247 3226; x_wconf 87' lang='lat' dir='ltr'><strong>quam</strong></span> <span class='ocrx_word' id='word_1_631' title='bbox 3278 3155 3420 3212; x_wconf 83' lang='lat' dir='ltr'><strong>ﬁlius</strong></span> 
     </span>
    </p>
   </div>
   <div class='ocr_carea' id='block_1_80' title="bbox 1842 3247 3424 3326">
    <p class='ocr_par' dir='ltr' id='par_1_80' title="bbox 1842 3247 3424 3326">
     <span class='ocr_line' id='line_1_80' title="bbox 1842 3247 3424 3326; baseline -0.006 -15"><span class='ocrx_word' id='word_1_632' title='bbox 1842 3262 2022 3311; x_wconf 81' lang='lat' dir='ltr'><strong>tantas</strong></span> <span class='ocrx_word' id='word_1_633' title='bbox 2042 3255 2350 3326; x_wconf 89' lang='lat' dir='ltr'><strong>persolvere</strong></span> <span class='ocrx_word' id='word_1_634' title='bbox 2377 3269 2564 3324; x_wconf 68' lang='lat' dir='ltr'><strong>plenas</strong></span> <span class='ocrx_word' id='word_1_635' title='bbox 2622 3252 2874 3308; x_wconf 89' lang='lat' dir='ltr'><strong>debuisse</strong></span> <span class='ocrx_word' id='word_1_636' title='bbox 2911 3251 3009 3322; x_wconf 92' lang='lat' dir='ltr'><strong>(illi</strong></span> <span class='ocrx_word' id='word_1_637' title='bbox 3041 3249 3184 3304; x_wconf 87' lang='lat' dir='ltr'><strong>enim</strong></span> <span class='ocrx_word' id='word_1_638' title='bbox 3222 3248 3302 3302; x_wconf 88' lang='lat' dir='ltr'><strong>ira</strong></span> <span class='ocrx_word' id='word_1_639' title='bbox 3328 3247 3424 3302; x_wconf 87' lang='lat' dir='ltr'><strong>Dei</strong></span> 
     </span>
    </p>
   </div>
   <div class='ocr_carea' id='block_1_81' title="bbox 1844 3341 3423 3411">
    <p class='ocr_par' dir='ltr' id='par_1_81' title="bbox 1844 3341 3423 3411">
     <span class='ocr_line' id='line_1_81' title="bbox 1844 3341 3423 3411; baseline -0.007 -10"><span class='ocrx_word' id='word_1_640' title='bbox 1844 3345 2232 3402; x_wconf 72' lang='lat' dir='ltr'><strong>eﬂervescente</strong></span> <span class='ocrx_word' id='word_1_641' title='bbox 2250 3346 2391 3402; x_wconf 75' lang='lat' dir='ltr'><strong>ftede</strong></span> <span class='ocrx_word' id='word_1_642' title='bbox 2406 3360 2470 3401; x_wconf 85' lang='lat' dir='ltr'><strong>ac</strong></span> <span class='ocrx_word' id='word_1_643' title='bbox 2490 3343 2872 3399; x_wconf 83' lang='lat' dir='ltr'><strong>miserabiliter</strong></span> <span class='ocrx_word' id='word_1_644' title='bbox 2887 3343 2938 3396; x_wconf 91' lang='lat' dir='ltr'><strong>in</strong></span> <span class='ocrx_word' id='word_1_645' title='bbox 2959 3341 3098 3396; x_wconf 83' lang='lat' dir='ltr'><strong>bello</strong></span> <span class='ocrx_word' id='word_1_646' title='bbox 3113 3341 3386 3411; x_wconf 89' lang='lat' dir='ltr'><strong>perierunt</strong></span> <span class='ocrx_word' id='word_1_647' title='bbox 3406 3355 3423 3391; x_wconf 91' lang='lat'><strong>:</strong></span> 
     </span>
    </p>
   </div>
   <div class='ocr_carea' id='block_1_82' title="bbox 1845 3431 3429 3508">
    <p class='ocr_par' dir='ltr' id='par_1_82' title="bbox 1845 3431 3429 3508">
     <span class='ocr_line' id='line_1_82' title="bbox 1845 3431 3429 3508; baseline -0.004 -16"><span class='ocrx_word' id='word_1_648' title='bbox 1845 3437 1963 3494; x_wconf 89' lang='lat' dir='ltr'><strong>Heli</strong></span> <span class='ocrx_word' id='word_1_649' title='bbox 1995 3453 2123 3494; x_wconf 88' lang='lat' dir='ltr'><strong>vero</strong></span> <span class='ocrx_word' id='word_1_650' title='bbox 2155 3437 2338 3508; x_wconf 84' lang='lat' dir='ltr'><strong>gravis</strong></span> <span class='ocrx_word' id='word_1_651' title='bbox 2388 3435 2502 3507; x_wconf 87' lang='lat' dir='ltr'><strong>jam</strong></span> <span class='ocrx_word' id='word_1_652' title='bbox 2537 3436 2696 3491; x_wconf 88' lang='lat' dir='ltr'><strong>annis</strong></span> <span class='ocrx_word' id='word_1_653' title='bbox 2727 3449 2794 3490; x_wconf 83' lang='lat' dir='ltr'><strong>ac</strong></span> <span class='ocrx_word' id='word_1_654' title='bbox 2837 3447 3002 3490; x_wconf 86' lang='lat' dir='ltr'><strong>senex</strong></span> <span class='ocrx_word' id='word_1_655' title='bbox 3036 3435 3090 3488; x_wconf 89' lang='lat' dir='ltr'><strong>in</strong></span> <span class='ocrx_word' id='word_1_656' title='bbox 3140 3433 3273 3489; x_wconf 86' lang='lat' dir='ltr'><strong>urbe</strong></span> <span class='ocrx_word' id='word_1_657' title='bbox 3311 3431 3429 3488; x_wconf 85' lang='lat' dir='ltr'><strong>Silo</strong></span> 
     </span>
    </p>
   </div>
   <div class='ocr_carea' id='block_1_83' title="bbox 1847 3525 3422 3597">
    <p class='ocr_par' dir='ltr' id='par_1_83' title="bbox 1847 3525 3422 3597">
     <span class='ocr_line' id='line_1_83' title="bbox 1847 3525 3422 3597; baseline -0.003 -14"><span class='ocrx_word' id='word_1_658' title='bbox 1847 3529 2142 3596; x_wconf 86' lang='lat' dir='ltr'><strong>mortuus),</strong></span> <span class='ocrx_word' id='word_1_659' title='bbox 2167 3540 2222 3584; x_wconf 88' lang='lat' dir='ltr'><strong>et</strong></span> <span class='ocrx_word' id='word_1_660' title='bbox 2242 3527 2369 3585; x_wconf 88' lang='lat' dir='ltr'><strong>huic</strong></span> <span class='ocrx_word' id='word_1_661' title='bbox 2400 3528 2618 3597; x_wconf 86' lang='lat' dir='ltr'><strong>quidem</strong></span> <span class='ocrx_word' id='word_1_662' title='bbox 2654 3527 2936 3596; x_wconf 66' lang='lat' dir='ltr'><strong>qumstioui</strong></span> <span class='ocrx_word' id='word_1_663' title='bbox 2979 3540 3296 3595; x_wconf 85' lang='lat' dir='ltr'><strong>responsum</strong></span> <span class='ocrx_word' id='word_1_664' title='bbox 3328 3525 3422 3588; x_wconf 91' lang='lat' dir='ltr'><strong>sit,</strong></span> 
     </span>
    </p>
   </div>
   <div class='ocr_carea' id='block_1_84' title="bbox 1847 3615 3423 3691">
    <p class='ocr_par' dir='ltr' id='par_1_84' title="bbox 1847 3615 3423 3691">
     <span class='ocr_line' id='line_1_84' title="bbox 1847 3615 3423 3691; baseline -0.004 -15"><span class='ocrx_word' id='word_1_665' title='bbox 1847 3622 1892 3676; x_wconf 92' lang='lat' dir='ltr'><strong>si</strong></span> <span class='ocrx_word' id='word_1_666' title='bbox 1918 3621 2010 3676; x_wconf 86' lang='lat' dir='ltr'><strong>Dei</strong></span> <span class='ocrx_word' id='word_1_667' title='bbox 2038 3620 2311 3691; x_wconf 76' lang='lat' dir='ltr'><strong>expendas</strong></span> <span class='ocrx_word' id='word_1_668' title='bbox 2336 3618 2524 3684; x_wconf 88' lang='lat' dir='ltr'><strong>verba,</strong></span> <span class='ocrx_word' id='word_1_669' title='bbox 2561 3634 2664 3672; x_wconf 91' lang='lat' dir='ltr'><strong>non</strong></span> <span class='ocrx_word' id='word_1_670' title='bbox 2698 3629 2806 3673; x_wconf 88' lang='lat' dir='ltr'><strong>tam</strong></span> <span class='ocrx_word' id='word_1_671' title='bbox 2835 3619 2887 3674; x_wconf 93' lang='lat' dir='ltr'><strong>in</strong></span> <span class='ocrx_word' id='word_1_672' title='bbox 2915 3618 3086 3686; x_wconf 85' lang='lat' dir='ltr'><strong>ipsum</strong></span> <span class='ocrx_word' id='word_1_673' title='bbox 3112 3615 3226 3672; x_wconf 87' lang='lat' dir='ltr'><strong>Heli</strong></span> <span class='ocrx_word' id='word_1_674' title='bbox 3258 3631 3423 3686; x_wconf 89' lang='lat' dir='ltr'><strong>quam</strong></span> 
     </span>
    </p>
   </div>
   <div class='ocr_carea' id='block_1_85' title="bbox 1847 3707 3426 3781">
    <p class='ocr_par' dir='ltr' id='par_1_85' title="bbox 1847 3707 3426 3781">
     <span class='ocr_line' id='line_1_85' title="bbox 1847 3707 3426 3781; baseline -0.004 -13"><span class='ocrx_word' id='word_1_675' title='bbox 1847 3714 1902 3768; x_wconf 77' lang='lat' dir='ltr'><strong>in</strong></span> <span class='ocrx_word' id='word_1_676' title='bbox 1934 3712 2052 3781; x_wconf 86' lang='lat' dir='ltr'><strong>ejus</strong></span> <span class='ocrx_word' id='word_1_677' title='bbox 2079 3715 2296 3767; x_wconf 87' lang='lat' dir='ltr'><strong>domum</strong></span> <span class='ocrx_word' id='word_1_678' title='bbox 2345 3711 2670 3767; x_wconf 86' lang='lat' dir='ltr'><strong>sententiam</strong></span> <span class='ocrx_word' id='word_1_679' title='bbox 2701 3725 2823 3766; x_wconf 85' lang='lat' dir='ltr'><strong>esse</strong></span> <span class='ocrx_word' id='word_1_680' title='bbox 2868 3708 3296 3778; x_wconf 85' lang='lat' dir='ltr'><strong>pronuntiatam.</strong></span> <span class='ocrx_word' id='word_1_681' title='bbox 3333 3707 3426 3762; x_wconf 83' lang='lat' dir='ltr'><strong>Ait</strong></span> 
     </span>
    </p>
   </div>
   <div class='ocr_carea' id='block_1_86' title="bbox 1847 3801 3427 3870">
    <p class='ocr_par' dir='ltr' id='par_1_86' title="bbox 1847 3801 3427 3870">
     <span class='ocr_line' id='line_1_86' title="bbox 1847 3801 3427 3870; baseline -0.005 -11"><span class='ocrx_word' id='word_1_682' title='bbox 1847 3804 1991 3859; x_wconf 88' lang='lat' dir='ltr'><strong>enim</strong></span> <span class='ocrx_word' id='word_1_683' title='bbox 2017 3818 2033 3857; x_wconf 95' lang='lat'><strong>:</strong></span> <span class='ocrx_word' id='word_1_684' title='bbox 2079 3821 2102 3854; x_wconf 74' lang='grc' dir='ltr'><strong>ι</strong></span> <span class='ocrx_word' id='word_1_685' title='bbox 2132 3801 2320 3858; x_wconf 63' lang='lat' dir='ltr'><strong>J&#39;uravi</strong></span> <span class='ocrx_word' id='word_1_686' title='bbox 2347 3803 2527 3858; x_wconf 86' lang='lat' dir='ltr'><strong>domui</strong></span> <span class='ocrx_word' id='word_1_687' title='bbox 2559 3801 2672 3856; x_wconf 87' lang='lat' dir='ltr'><strong>Ileli</strong></span> <span class='ocrx_word' id='word_1_688' title='bbox 2698 3841 2712 3866; x_wconf 95' lang='lat'><strong>,</strong></span> <span class='ocrx_word' id='word_1_689' title='bbox 2739 3802 2784 3856; x_wconf 90' lang='lat' dir='ltr'><strong>si</strong></span> <span class='ocrx_word' id='word_1_690' title='bbox 2806 3801 3112 3870; x_wconf 80' lang='lat' dir='ltr'><strong>expiabitur</strong></span> <span class='ocrx_word' id='word_1_691' title='bbox 3140 3808 3427 3869; x_wconf 82' lang='lat' dir='ltr'><strong>peccatum</strong></span> 
     </span>
    </p>
   </div>
   <div class='ocr_carea' id='block_1_87' title="bbox 1849 3890 3422 3954">
    <p class='ocr_par' dir='ltr' id='par_1_87' title="bbox 1849 3890 3422 3954">
     <span class='ocr_line' id='line_1_87' title="bbox 1849 3890 3422 3954; baseline -0.006 -2"><span class='ocrx_word' id='word_1_692' title='bbox 1849 3896 2044 3954; x_wconf 76' lang='lat' dir='ltr'><strong>datuus</strong></span> <span class='ocrx_word' id='word_1_693' title='bbox 2098 3893 2212 3948; x_wconf 79' lang='lat' dir='ltr'><strong>Heli</strong></span> <span class='ocrx_word' id='word_1_694' title='bbox 2270 3893 2350 3948; x_wconf 90' lang='lat' dir='ltr'><strong>vel</strong></span> <span class='ocrx_word' id='word_1_695' title='bbox 2396 3892 2632 3948; x_wconf 88' lang='lat' dir='ltr'><strong>victimis</strong></span> <span class='ocrx_word' id='word_1_696' title='bbox 2679 3892 2765 3947; x_wconf 78' lang='lat' dir='ltr'><strong>Vel</strong></span> <span class='ocrx_word' id='word_1_697' title='bbox 2820 3890 3104 3946; x_wconf 82' lang='lat' dir='ltr'><strong>sacriﬁciis</strong></span> <span class='ocrx_word' id='word_1_698' title='bbox 3159 3891 3213 3944; x_wconf 90' lang='lat' dir='ltr'><strong>in</strong></span> <span class='ocrx_word' id='word_1_699' title='bbox 3262 3899 3422 3945; x_wconf 73' lang='lat' dir='ltr'><strong>mter-</strong></span> 
     </span>
    </p>
   </div>
   <div class='ocr_carea' id='block_1_88' title="bbox 1850 3979 3430 4049">
    <p class='ocr_par' dir='ltr' id='par_1_88' title="bbox 1850 3979 3430 4049">
     <span class='ocr_line' id='line_1_88' title="bbox 1850 3979 3430 4049; baseline -0.004 -9"><span class='ocrx_word' id='word_1_700' title='bbox 1850 3985 2066 4040; x_wconf 78' lang='lat' dir='ltr'><strong>num&#39;&quot;.</strong></span> <span class='ocrx_word' id='word_1_701' title='bbox 2089 4004 2107 4036; x_wconf 78' lang='grc' dir='ltr'><strong>ι</strong></span> <span class='ocrx_word' id='word_1_702' title='bbox 2148 3984 2262 4039; x_wconf 87' lang='lat' dir='ltr'><strong>Non</strong></span> <span class='ocrx_word' id='word_1_703' title='bbox 2293 3985 2468 4040; x_wconf 87' lang='lat' dir='ltr'><strong>dixit:</strong></span> <span class='ocrx_word' id='word_1_704' title='bbox 2517 3982 2707 4037; x_wconf 82' lang='lat' dir='ltr'><strong>Juravi</strong></span> <span class='ocrx_word' id='word_1_705' title='bbox 2740 3981 2894 4046; x_wconf 82' lang='lat' dir='ltr'><strong>Heli,</strong></span> <span class='ocrx_word' id='word_1_706' title='bbox 2936 3996 3110 4049; x_wconf 87' lang='lat' dir='ltr'><strong>neque</strong></span> <span class='ocrx_word' id='word_1_707' title='bbox 3133 3981 3211 4036; x_wconf 83' lang='lat' dir='ltr'><strong>sic</strong></span> <span class='ocrx_word' id='word_1_708' title='bbox 3249 3999 3264 4035; x_wconf 91' lang='lat'><strong>:</strong></span> <span class='ocrx_word' id='word_1_709' title='bbox 3301 3979 3430 4035; x_wconf 78' lang='lat' dir='ltr'><strong>Non</strong></span> 
     </span>
    </p>
   </div>
   <div class='ocr_carea' id='block_1_89' title="bbox 1849 4069 3426 4144">
    <p class='ocr_par' dir='ltr' id='par_1_89' title="bbox 1849 4069 3426 4144">
     <span class='ocr_line' id='line_1_89' title="bbox 1849 4069 3426 4144; baseline -0.005 -13"><span class='ocrx_word' id='word_1_710' title='bbox 1849 4076 2146 4144; x_wconf 70' lang='lat' dir='ltr'><strong>expiabitur</strong></span> <span class='ocrx_word' id='word_1_711' title='bbox 2181 4075 2432 4129; x_wconf 83' lang='lat' dir='ltr'><strong>delictum</strong></span> <span class='ocrx_word' id='word_1_712' title='bbox 2478 4072 2604 4128; x_wconf 79' lang='lat' dir='ltr'><strong>Heli</strong></span> <span class='ocrx_word' id='word_1_713' title='bbox 2653 4072 2741 4143; x_wconf 93' lang='lat' dir='ltr'><strong>(id</strong></span> <span class='ocrx_word' id='word_1_714' title='bbox 2773 4074 2916 4127; x_wconf 90' lang='lat' dir='ltr'><strong>enim</strong></span> <span class='ocrx_word' id='word_1_715' title='bbox 2964 4071 3267 4127; x_wconf 72' lang='lat' dir='ltr'><strong>suﬂ‘ecisset</strong></span> <span class='ocrx_word' id='word_1_716' title='bbox 3316 4069 3426 4139; x_wconf 75' lang='lat' dir='ltr'><strong>ipsi</strong></span> 
     </span>
    </p>
   </div>
   <div class='ocr_carea' id='block_1_90' title="bbox 1850 4161 3427 4236">
    <p class='ocr_par' dir='ltr' id='par_1_90' title="bbox 1850 4161 3427 4236">
     <span class='ocr_line' id='line_1_90' title="bbox 1850 4161 3427 4236; baseline -0.006 -14"><span class='ocrx_word' id='word_1_717' title='bbox 1850 4167 2083 4224; x_wconf 81' lang='lat' dir='ltr'><strong>fortasse</strong></span> <span class='ocrx_word' id='word_1_718' title='bbox 2125 4166 2193 4220; x_wconf 88' lang='lat' dir='ltr'><strong>ad</strong></span> <span class='ocrx_word' id='word_1_719' title='bbox 2239 4164 2574 4236; x_wconf 76' lang='lat' dir='ltr'><strong>negligentia:</strong></span> <span class='ocrx_word' id='word_1_720' title='bbox 2610 4163 2770 4233; x_wconf 90' lang='lat' dir='ltr'><strong>hujus</strong></span> <span class='ocrx_word' id='word_1_721' title='bbox 2809 4179 3024 4232; x_wconf 66' lang='lat' dir='ltr'><strong>poenam</strong></span> <span class='ocrx_word' id='word_1_722' title='bbox 3053 4203 3067 4228; x_wconf 95' lang='lat'><strong>,</strong></span> <span class='ocrx_word' id='word_1_723' title='bbox 3113 4172 3234 4216; x_wconf 88' lang='lat' dir='ltr'><strong>erat</strong></span> <span class='ocrx_word' id='word_1_724' title='bbox 3277 4161 3427 4215; x_wconf 88' lang='lat' dir='ltr'><strong>enim</strong></span> 
     </span>
    </p>
   </div>
   <div class='ocr_carea' id='block_1_91' title="bbox 1852 4255 3549 4330">
    <p class='ocr_par' dir='ltr' id='par_1_91' title="bbox 1852 4255 3549 4330">
     <span class='ocr_line' id='line_1_91' title="bbox 1852 4255 3549 4330; baseline -0.005 -16"><span class='ocrx_word' id='word_1_725' title='bbox 1852 4259 2093 4330; x_wconf 88' lang='lat' dir='ltr'><strong>alioquin</strong></span> <span class='ocrx_word' id='word_1_726' title='bbox 2134 4257 2482 4312; x_wconf 86' lang='lat' dir='ltr'><strong>admirandus</strong></span> <span class='ocrx_word' id='word_1_727' title='bbox 2527 4256 2687 4310; x_wconf 84' lang='lat' dir='ltr'><strong>Heli:</strong></span> <span class='ocrx_word' id='word_1_728' title='bbox 2732 4271 2854 4327; x_wconf 65' lang='lat' dir='ltr'><strong>quae</strong></span> <span class='ocrx_word' id='word_1_729' title='bbox 2889 4270 3018 4310; x_wconf 88' lang='lat' dir='ltr'><strong>vero</strong></span> <span class='ocrx_word' id='word_1_730' title='bbox 3066 4256 3155 4310; x_wconf 89' lang='lat' dir='ltr'><strong>hic</strong></span> <span class='ocrx_word' id='word_1_731' title='bbox 3185 4255 3430 4324; x_wconf 68' lang='lat' dir='ltr'><strong>contigeo</strong></span> <span class='ocrx_word' id='word_1_732' title='bbox 3541 4298 3549 4306; x_wconf 99' lang='lat'><strong>.</strong></span> 
     </span>
    </p>
   </div>
   <div class='ocr_carea' id='block_1_92' title="bbox 1853 4345 3432 4418">
    <p class='ocr_par' dir='ltr' id='par_1_92' title="bbox 1853 4345 3432 4418">
     <span class='ocr_line' id='line_1_92' title="bbox 1853 4345 3432 4418; baseline -0.004 -14"><span class='ocrx_word' id='word_1_733' title='bbox 1853 4360 1974 4404; x_wconf 85' lang='lat' dir='ltr'><strong>rant</strong></span> <span class='ocrx_word' id='word_1_734' title='bbox 2002 4348 2337 4404; x_wconf 89' lang='lat' dir='ltr'><strong>exsecranda</strong></span> <span class='ocrx_word' id='word_1_735' title='bbox 2373 4359 2500 4402; x_wconf 90' lang='lat' dir='ltr'><strong>sunt</strong></span> <span class='ocrx_word' id='word_1_736' title='bbox 2531 4346 2724 4418; x_wconf 87' lang='lat' dir='ltr'><strong>visa);</strong></span> <span class='ocrx_word' id='word_1_737' title='bbox 2763 4347 2856 4402; x_wconf 89' lang='lat' dir='ltr'><strong>sed</strong></span> <span class='ocrx_word' id='word_1_738' title='bbox 2889 4347 3004 4402; x_wconf 87' lang='lat' dir='ltr'><strong>ait:</strong></span> <span class='ocrx_word' id='word_1_739' title='bbox 3050 4345 3243 4400; x_wconf 77' lang='lat' dir='ltr'><strong>Domni</strong></span> <span class='ocrx_word' id='word_1_740' title='bbox 3279 4345 3432 4409; x_wconf 84' lang='lat' dir='ltr'><strong>Heli,</strong></span> 
     </span>
    </p>
   </div>
   <div class='ocr_carea' id='block_1_93' title="bbox 160 4437 1740 4516">
    <p class='ocr_par' dir='ltr' id='par_1_93' title="bbox 160 4437 1740 4515">
     <span class='ocr_line' id='line_1_93' title="bbox 160 4437 1740 4515; baseline 0.004 -24"><span class='ocrx_word' id='word_1_741' title='bbox 160 4439 498 4510; x_wconf 75' lang='grc' dir='ltr'>ἱερωσύνην,</span> <span class='ocrx_word' id='word_1_742' title='bbox 525 4440 673 4510; x_wconf 72' lang='grc' dir='ltr'>λέγοι</span> <span class='ocrx_word' id='word_1_743' title='bbox 700 4457 785 4504; x_wconf 84' lang='grc' dir='ltr'><strong>τις</strong></span> <span class='ocrx_word' id='word_1_744' title='bbox 807 4458 823 4474; x_wconf 90' lang='grc'><strong>·</strong></span> <span class='ocrx_word' id='word_1_745' title='bbox 865 4437 1031 4495; x_wconf 77' lang='grc' dir='ltr'>Εἶπεν</span> <span class='ocrx_word' id='word_1_746' title='bbox 1065 4443 1094 4494; x_wconf 87' lang='grc' dir='ltr'>ὁ</span> <span class='ocrx_word' id='word_1_747' title='bbox 1117 4443 1258 4514; x_wconf 84' lang='grc' dir='ltr'>ὑπὲρ</span> <span class='ocrx_word' id='word_1_748' title='bbox 1285 4442 1451 4496; x_wconf 81' lang='grc' dir='ltr'>αὑτοῦ</span> <span class='ocrx_word' id='word_1_749' title='bbox 1480 4444 1581 4515; x_wconf 82' lang='grc' dir='ltr'>τὴν</span> <span class='ocrx_word' id='word_1_750' title='bbox 1616 4444 1740 4497; x_wconf 75' lang='grc' dir='ltr'>ἀποε</span> 
     </span>
    </p>
   </div>
   <div class='ocr_carea' id='block_1_94' title="bbox 1844 4437 3428 4516">
    <p class='ocr_par' dir='ltr' id='par_1_94' title="bbox 1855 4439 3428 4510">
     <span class='ocr_line' id='line_1_94' title="bbox 1855 4439 3428 4510; baseline 0 -18"><span class='ocrx_word' id='word_1_751' title='bbox 1855 4439 2011 4507; x_wconf 87' lang='lat' dir='ltr'><strong>quasi</strong></span> <span class='ocrx_word' id='word_1_752' title='bbox 2035 4439 2247 4508; x_wconf 89' lang='lat' dir='ltr'><strong>penitus</strong></span> <span class='ocrx_word' id='word_1_753' title='bbox 2272 4439 2546 4510; x_wconf 77' lang='lat' dir='ltr'><strong>exstingui</strong></span> <span class='ocrx_word' id='word_1_754' title='bbox 2577 4447 2889 4508; x_wconf 83' lang='lat' dir='ltr'><strong>peccatores</strong></span> <span class='ocrx_word' id='word_1_755' title='bbox 2911 4450 3102 4492; x_wconf 86' lang='lat' dir='ltr'><strong>omnes</strong></span> <span class='ocrx_word' id='word_1_756' title='bbox 3125 4445 3428 4506; x_wconf 87' lang='lat' dir='ltr'><strong>oporteret.</strong></span> 
     </span>
    </p>
   </div>
   <div class='ocr_carea' id='block_1_95' title="bbox 155 4532 1746 4605">
    <p class='ocr_par' dir='ltr' id='par_1_95' title="bbox 155 4532 1746 4605">
     <span class='ocr_line' id='line_1_95' title="bbox 155 4532 1746 4605; baseline 0.003 -22"><span class='ocrx_word' id='word_1_757' title='bbox 155 4532 358 4601; x_wconf 86' lang='grc' dir='ltr'>λογίαν</span> <span class='ocrx_word' id='word_1_758' title='bbox 389 4532 810 4604; x_wconf 78' lang='grc' dir='ltr'>ἀναδεξάμενος,</span> <span class='ocrx_word' id='word_1_759' title='bbox 853 4534 937 4588; x_wconf 75' lang='grc' dir='ltr'>ὅτι</span> <span class='ocrx_word' id='word_1_760' title='bbox 959 4534 1207 4598; x_wconf 82' lang='grc' dir='ltr'>εἰκότως.</span> <span class='ocrx_word' id='word_1_761' title='bbox 1237 4535 1375 4598; x_wconf 84' lang='grc' dir='ltr'>Τοὺς</span> <span class='ocrx_word' id='word_1_762' title='bbox 1402 4536 1511 4605; x_wconf 84' lang='grc' dir='ltr'>γὰρ</span> <span class='ocrx_word' id='word_1_763' title='bbox 1535 4536 1600 4588; x_wconf 80' lang='grc' dir='ltr'>ὲκ</span> <span class='ocrx_word' id='word_1_764' title='bbox 1636 4535 1746 4588; x_wconf 86' lang='grc' dir='ltr'><strong>τῶν</strong></span> 
     </span>
    </p>
   </div>
   <div class='ocr_carea' id='block_1_96' title="bbox 153 4621 1745 4695">
    <p class='ocr_par' dir='ltr' id='par_1_96' title="bbox 153 4621 1745 4695">
     <span class='ocr_line' id='line_1_96' title="bbox 153 4621 1745 4695; baseline 0.001 -21"><span class='ocrx_word' id='word_1_765' title='bbox 153 4623 294 4675; x_wconf 79' lang='grc' dir='ltr'>υἱῶν</span> <span class='ocrx_word' id='word_1_766' title='bbox 316 4621 490 4678; x_wconf 76' lang='grc' dir='ltr'>αὐτοῦ</span> <span class='ocrx_word' id='word_1_767' title='bbox 514 4624 620 4676; x_wconf 86' lang='grc' dir='ltr'><strong>τῶν</strong></span> <span class='ocrx_word' id='word_1_768' title='bbox 649 4623 1070 4695; x_wconf 74' lang='grc' dir='ltr'>ἡμαρτηκότων,</span> <span class='ocrx_word' id='word_1_769' title='bbox 1098 4625 1193 4678; x_wconf 77' lang='grc' dir='ltr'>καὶ</span> <span class='ocrx_word' id='word_1_770' title='bbox 1224 4624 1317 4676; x_wconf 84' lang='grc' dir='ltr'>τοῦ</span> <span class='ocrx_word' id='word_1_771' title='bbox 1352 4623 1508 4690; x_wconf 71' lang='grc' dir='ltr'>θεοῦ,</span> <span class='ocrx_word' id='word_1_772' title='bbox 1534 4623 1745 4676; x_wconf 80' lang='grc' dir='ltr'>καὶτοῦ</span> 
     </span>
    </p>
   </div>
   <div class='ocr_carea' id='block_1_97' title="bbox 154 4716 1740 4788">
    <p class='ocr_par' dir='ltr' id='par_1_97' title="bbox 154 4716 1740 4788">
     <span class='ocr_line' id='line_1_97' title="bbox 154 4716 1740 4788; baseline 0.001 -20"><span class='ocrx_word' id='word_1_773' title='bbox 154 4717 494 4787; x_wconf 75' lang='grc' dir='ltr'>γεννήτορας</span> <span class='ocrx_word' id='word_1_774' title='bbox 521 4717 1089 4788; x_wconf 75' lang='grc' dir='ltr'>καταπεφρονηκότων</span> <span class='ocrx_word' id='word_1_775' title='bbox 1137 4716 1428 4787; x_wconf 83' lang='grc' dir='ltr'>τεχθέντας</span> <span class='ocrx_word' id='word_1_776' title='bbox 1455 4755 1471 4781; x_wconf 87' lang='grc'><strong>,</strong></span> <span class='ocrx_word' id='word_1_777' title='bbox 1521 4717 1622 4770; x_wconf 73' lang='grc' dir='ltr'>οὐκ</span> <span class='ocrx_word' id='word_1_778' title='bbox 1659 4717 1740 4770; x_wconf 76' lang='grc' dir='ltr'>ἔτι</span> 
     </span>
    </p>
   </div>
   <div class='ocr_carea' id='block_1_98' title="bbox 154 4801 646 4874">
    <p class='ocr_par' dir='ltr' id='par_1_98' title="bbox 154 4801 646 4874">
     <span class='ocr_line' id='line_1_98' title="bbox 154 4801 646 4874; baseline 0.008 -20"><span class='ocrx_word' id='word_1_779' title='bbox 154 4801 339 4874; x_wconf 72' lang='grc' dir='ltr'>ἐχρῆν</span> <span class='ocrx_word' id='word_1_780' title='bbox 375 4803 646 4873; x_wconf 81' lang='grc' dir='ltr'>ἱερᾶσθαι.</span> 
     </span>
    </p>
   </div>
   <div class='ocr_carea' id='block_1_99' title="bbox 564 5094 1362 5167">
    <p class='ocr_par' dir='ltr' id='par_1_99' title="bbox 564 5094 1362 5167">
     <span class='ocr_line' id='line_1_99' title="bbox 564 5094 1362 5167; baseline -0.003 -19"><span class='ocrx_word' id='word_1_781' title='bbox 564 5097 723 5163; x_wconf 62' lang='lat' dir='ltr'><strong>xw.</strong></span> <span class='ocrx_word' id='word_1_782' title='bbox 747 5125 816 5138; x_wconf 85' lang='lat'>—</span> <span class='ocrx_word' id='word_1_783' title='bbox 838 5095 1004 5167; x_wconf 74' lang='grc' dir='ltr'><strong>ΗΛΙᾼ</strong></span> <span class='ocrx_word' id='word_1_784' title='bbox 1040 5094 1362 5164; x_wconf 66' lang='grc' dir='ltr'>ΔιιιςοΝςι.</span> 
     </span>
    </p>
   </div>
   <div class='ocr_carea' id='block_1_100' title="bbox 1851 4527 3435 4602">
    <p class='ocr_par' dir='ltr' id='par_1_100' title="bbox 1851 4527 3435 4602">
     <span class='ocr_line' id='line_1_100' title="bbox 1851 4527 3435 4602; baseline -0.002 -18"><span class='ocrx_word' id='word_1_785' title='bbox 1851 4529 2024 4602; x_wconf 69' lang='grc'><strong>648</strong></span> <span class='ocrx_word' id='word_1_786' title='bbox 2061 4528 2120 4584; x_wconf 90' lang='lat' dir='ltr'><strong>Si</strong></span> <span class='ocrx_word' id='word_1_787' title='bbox 2149 4545 2277 4584; x_wconf 73' lang='lat' dir='ltr'><strong>veno</strong></span> <span class='ocrx_word' id='word_1_788' title='bbox 2310 4540 2595 4602; x_wconf 86' lang='lat' dir='ltr'><strong>postquam</strong></span> <span class='ocrx_word' id='word_1_789' title='bbox 2634 4531 2745 4601; x_wconf 89' lang='lat' dir='ltr'><strong>jam</strong></span> <span class='ocrx_word' id='word_1_790' title='bbox 2776 4528 3141 4584; x_wconf 83' lang='lat' dir='ltr'><strong>sacerdotium</strong></span> <span class='ocrx_word' id='word_1_791' title='bbox 3174 4529 3240 4580; x_wconf 89' lang='lat' dir='ltr'><strong>ad</strong></span> <span class='ocrx_word' id='word_1_792' title='bbox 3271 4527 3435 4582; x_wconf 85' lang='lat' dir='ltr'><strong>aliam</strong></span> 
     </span>
    </p>
   </div>
   <div class='ocr_carea' id='block_1_101' title="bbox 1856 4619 3438 4692">
    <p class='ocr_par' dir='ltr' id='par_1_101' title="bbox 1856 4619 3438 4692">
     <span class='ocr_line' id='line_1_101' title="bbox 1856 4619 3438 4692; baseline -0.001 -17"><span class='ocrx_word' id='word_1_793' title='bbox 1856 4621 2132 4677; x_wconf 83' lang='lat' dir='ltr'><strong>transtulit</strong></span> <span class='ocrx_word' id='word_1_794' title='bbox 2188 4621 2449 4676; x_wconf 87' lang='lat' dir='ltr'><strong>familiam</strong></span> <span class='ocrx_word' id='word_1_795' title='bbox 2503 4621 2554 4676; x_wconf 90' lang='lat' dir='ltr'><strong>id</strong></span> <span class='ocrx_word' id='word_1_796' title='bbox 2603 4621 2740 4676; x_wconf 84' lang='lat' dir='ltr'><strong>dixit</strong></span> <span class='ocrx_word' id='word_1_797' title='bbox 2778 4621 3004 4692; x_wconf 71' lang='lat' dir='ltr'><strong>(dixerit</strong></span> <span class='ocrx_word' id='word_1_798' title='bbox 3056 4619 3200 4674; x_wconf 87' lang='lat' dir='ltr'><strong>forte</strong></span> <span class='ocrx_word' id='word_1_799' title='bbox 3233 4619 3438 4690; x_wconf 86' lang='lat' dir='ltr'><strong>aliquis</strong></span> 
     </span>
    </p>
   </div>
   <div class='ocr_carea' id='block_1_102' title="bbox 1855 4710 3434 4784">
    <p class='ocr_par' dir='ltr' id='par_1_102' title="bbox 1855 4710 3434 4784">
     <span class='ocr_line' id='line_1_102' title="bbox 1855 4710 3434 4784; baseline -0.002 -16"><span class='ocrx_word' id='word_1_800' title='bbox 1855 4713 2000 4768; x_wconf 91' lang='lat' dir='ltr'><strong>illius</strong></span> <span class='ocrx_word' id='word_1_801' title='bbox 2051 4715 2234 4768; x_wconf 90' lang='lat' dir='ltr'><strong>tuendi</strong></span> <span class='ocrx_word' id='word_1_802' title='bbox 2271 4714 2572 4783; x_wconf 86' lang='lat' dir='ltr'><strong>suscipiens</strong></span> <span class='ocrx_word' id='word_1_803' title='bbox 2614 4714 2842 4784; x_wconf 86' lang='lat' dir='ltr'><strong>partes),</strong></span> <span class='ocrx_word' id='word_1_804' title='bbox 2871 4713 2924 4768; x_wconf 89' lang='lat' dir='ltr'><strong>id</strong></span> <span class='ocrx_word' id='word_1_805' title='bbox 2960 4712 3156 4767; x_wconf 90' lang='lat' dir='ltr'><strong>merito</strong></span> <span class='ocrx_word' id='word_1_806' title='bbox 3184 4710 3385 4766; x_wconf 86' lang='lat' dir='ltr'><strong>factum</strong></span> <span class='ocrx_word' id='word_1_807' title='bbox 3415 4728 3434 4765; x_wconf 92' lang='lat'><strong>:</strong></span> 
     </span>
    </p>
   </div>
   <div class='ocr_carea' id='block_1_103' title="bbox 1855 4803 3436 4873">
    <p class='ocr_par' dir='ltr' id='par_1_103' title="bbox 1855 4803 3436 4873">
     <span class='ocr_line' id='line_1_103' title="bbox 1855 4803 3436 4873; baseline 0.001 -19"><span class='ocrx_word' id='word_1_808' title='bbox 1855 4803 2297 4873; x_wconf 86' lang='lat' dir='ltr'><strong>quandoquidem</strong></span> <span class='ocrx_word' id='word_1_809' title='bbox 2331 4803 2424 4858; x_wconf 83' lang='lat' dir='ltr'><strong>filii</strong></span> <span class='ocrx_word' id='word_1_810' title='bbox 2453 4803 2572 4872; x_wconf 87' lang='lat' dir='ltr'><strong>ejus</strong></span> <span class='ocrx_word' id='word_1_811' title='bbox 2605 4805 2657 4858; x_wconf 91' lang='lat' dir='ltr'><strong>iu</strong></span> <span class='ocrx_word' id='word_1_812' title='bbox 2688 4804 2854 4857; x_wconf 88' lang='lat' dir='ltr'><strong>Deum</strong></span> <span class='ocrx_word' id='word_1_813' title='bbox 2897 4809 3286 4872; x_wconf 80' lang='lat' dir='ltr'><strong>parentemque</strong></span> <span class='ocrx_word' id='word_1_814' title='bbox 3315 4815 3436 4870; x_wconf 90' lang='lat' dir='ltr'><strong>pec-</strong></span> 
     </span>
    </p>
   </div>
   <div class='ocr_carea' id='block_1_104' title="bbox 1856 4896 3431 4964">
    <p class='ocr_par' dir='ltr' id='par_1_104' title="bbox 1856 4896 3431 4964">
     <span class='ocr_line' id='line_1_104' title="bbox 1856 4896 3431 4964; baseline -0.001 -16"><span class='ocrx_word' id='word_1_815' title='bbox 1856 4903 2153 4958; x_wconf 86' lang='lat' dir='ltr'><strong>caverant;</strong></span> <span class='ocrx_word' id='word_1_816' title='bbox 2189 4909 2418 4963; x_wconf 90' lang='lat' dir='ltr'><strong>quorum</strong></span> <span class='ocrx_word' id='word_1_817' title='bbox 2457 4896 2693 4964; x_wconf 82' lang='lat' dir='ltr'><strong>posteris</strong></span> <span class='ocrx_word' id='word_1_818' title='bbox 2739 4905 2799 4947; x_wconf 88' lang='lat' dir='ltr'><strong>ut</strong></span> <span class='ocrx_word' id='word_1_819' title='bbox 2829 4901 3301 4961; x_wconf 85' lang='lat' dir='ltr'><strong>contempturum,</strong></span> <span class='ocrx_word' id='word_1_820' title='bbox 3338 4907 3431 4947; x_wconf 77' lang='lat' dir='ltr'><strong>sa-</strong></span> 
     </span>
    </p>
   </div>
   <div class='ocr_carea' id='block_1_105' title="bbox 1857 4985 2832 5057">
    <p class='ocr_par' dir='ltr' id='par_1_105' title="bbox 1857 4985 2832 5057">
     <span class='ocr_line' id='line_1_105' title="bbox 1857 4985 2832 5057; baseline 0.001 -19"><span class='ocrx_word' id='word_1_821' title='bbox 1857 4985 1966 5039; x_wconf 87' lang='lat' dir='ltr'><strong>cris</strong></span> <span class='ocrx_word' id='word_1_822' title='bbox 1997 4987 2228 5056; x_wconf 84' lang='lat' dir='ltr'><strong>amplius</strong></span> <span class='ocrx_word' id='word_1_823' title='bbox 2258 4989 2472 5057; x_wconf 79' lang='lat' dir='ltr'><strong>operari</strong></span> <span class='ocrx_word' id='word_1_824' title='bbox 2507 4986 2668 5042; x_wconf 79' lang='lat' dir='ltr'><strong>nefas</strong></span> <span class='ocrx_word' id='word_1_825' title='bbox 2696 4995 2832 5040; x_wconf 84' lang='lat' dir='ltr'><strong>erat.</strong></span> 
     </span>
    </p>
   </div>
   <div class='ocr_carea' id='block_1_106' title="bbox 2183 5093 3112 5154">
    <p class='ocr_par' dir='ltr' id='par_1_106' title="bbox 2183 5093 3112 5154">
     <span class='ocr_line' id='line_1_106' title="bbox 2183 5093 3112 5154; baseline -0.005 -1"><span class='ocrx_word' id='word_1_826' title='bbox 2183 5098 2404 5154; x_wconf 73' lang='lat' dir='ltr'><strong>CCXCI.</strong></span> <span class='ocrx_word' id='word_1_827' title='bbox 2430 5131 2500 5141; x_wconf 95' lang='lat'><strong><em>—</em></strong></span> <span class='ocrx_word' id='word_1_828' title='bbox 2534 5095 2764 5153; x_wconf 66' lang='lat' dir='ltr'><strong>HELIE</strong></span> <span class='ocrx_word' id='word_1_829' title='bbox 2798 5093 3112 5150; x_wconf 78' lang='lat' dir='ltr'><strong>DIACONO.</strong></span> 
     </span>
    </p>
   </div>
   <div class='ocr_carea' id='block_1_107' title="bbox 694 5201 2922 5278">
    <p class='ocr_par' dir='ltr' id='par_1_107' title="bbox 694 5201 2922 5278">
     <span class='ocr_line' id='line_1_107' title="bbox 694 5201 2922 5278; baseline 0 -19"><span class='ocrx_word' id='word_1_830' title='bbox 694 5204 1027 5276; x_wconf 83' lang='lat' dir='ltr'><strong>Fugiendum</strong></span> <span class='ocrx_word' id='word_1_831' title='bbox 1059 5221 1169 5259; x_wconf 71' lang='lat' dir='ltr'><strong>esse</strong></span> <span class='ocrx_word' id='word_1_832' title='bbox 1197 5204 1534 5258; x_wconf 83' lang='lat' dir='ltr'><strong>libidinosum</strong></span> <span class='ocrx_word' id='word_1_833' title='bbox 1577 5203 1897 5270; x_wconf 73' lang='lat' dir='ltr'><strong>feminarum</strong></span> <span class='ocrx_word' id='word_1_834' title='bbox 1932 5217 2220 5276; x_wconf 76' lang='lat' dir='ltr'><strong>aspectum.</strong></span> <span class='ocrx_word' id='word_1_835' title='bbox 2253 5208 2436 5278; x_wconf 70' lang='lat' dir='ltr'><strong>(Cani.</strong></span> <span class='ocrx_word' id='word_1_836' title='bbox 2461 5211 2610 5278; x_wconf 81' lang='lat' dir='ltr'><strong>epist.</strong></span> <span class='ocrx_word' id='word_1_837' title='bbox 2646 5206 2737 5273; x_wconf 82' lang='lat'><strong>95,</strong></span> <span class='ocrx_word' id='word_1_838' title='bbox 2770 5201 2922 5275; x_wconf 76' lang='grc'><strong>175.)</strong></span> 
     </span>
    </p>
   </div>
   <div class='ocr_carea' id='block_1_108' title="bbox 226 5292 1746 5368">
    <p class='ocr_par' dir='ltr' id='par_1_108' title="bbox 226 5292 1746 5368">
     <span class='ocr_line' id='line_1_108' title="bbox 226 5292 1746 5368; baseline -0.003 -18"><span class='ocrx_word' id='word_1_839' title='bbox 226 5297 357 5368; x_wconf 82' lang='grc' dir='ltr'><strong>Τὴν</strong></span> <span class='ocrx_word' id='word_1_840' title='bbox 387 5295 686 5350; x_wconf 80' lang='grc' dir='ltr'>ἀκόλαστον</span> <span class='ocrx_word' id='word_1_841' title='bbox 715 5295 860 5366; x_wconf 72' lang='grc' dir='ltr'>δψιν,</span> <span class='ocrx_word' id='word_1_842' title='bbox 889 5293 990 5366; x_wconf 83' lang='grc' dir='ltr'>τὴν</span> <span class='ocrx_word' id='word_1_843' title='bbox 1019 5296 1131 5357; x_wconf 84' lang='grc' dir='ltr'>τοῖς</span> <span class='ocrx_word' id='word_1_844' title='bbox 1155 5293 1458 5364; x_wconf 84' lang='grc' dir='ltr'>ἀλλοτρίοις</span> <span class='ocrx_word' id='word_1_845' title='bbox 1489 5292 1746 5345; x_wconf 79' lang='grc' dir='ltr'>κάλλεσιν</span> 
     </span>
    </p>
   </div>
   <div class='ocr_carea' id='block_1_109' title="bbox 1925 5291 3435 5364">
    <p class='ocr_par' dir='ltr' id='par_1_109' title="bbox 1925 5291 3435 5364">
     <span class='ocr_line' id='line_1_109' title="bbox 1925 5291 3435 5364; baseline -0.001 -15"><span class='ocrx_word' id='word_1_846' title='bbox 1925 5293 2193 5352; x_wconf 89' lang='lat' dir='ltr'><strong>Servator</strong></span> <span class='ocrx_word' id='word_1_847' title='bbox 2224 5307 2409 5353; x_wconf 85' lang='lat' dir='ltr'><strong>noster</strong></span> <span class='ocrx_word' id='word_1_848' title='bbox 2434 5297 2695 5353; x_wconf 88' lang='lat' dir='ltr'><strong>lascivum</strong></span> <span class='ocrx_word' id='word_1_849' title='bbox 2733 5302 3011 5364; x_wconf 90' lang='lat' dir='ltr'><strong>aspectum</strong></span> <span class='ocrx_word' id='word_1_850' title='bbox 3036 5332 3051 5357; x_wconf 89' lang='lat'><strong>,</strong></span> <span class='ocrx_word' id='word_1_851' title='bbox 3084 5292 3177 5363; x_wconf 92' lang='lat' dir='ltr'><strong>qui</strong></span> <span class='ocrx_word' id='word_1_852' title='bbox 3210 5291 3435 5348; x_wconf 85' lang='lat' dir='ltr'><strong>alterius</strong></span> 
     </span>
    </p>
   </div>
   <div class='ocr_carea' id='block_1_110' title="bbox 232 5447 1740 5524">
    <p class='ocr_par' dir='ltr' id='par_1_110' title="bbox 232 5447 1722 5519">
     <span class='ocr_line' id='line_1_110' title="bbox 232 5447 1722 5519; baseline -0.002 -14"><span class='ocrx_word' id='word_1_853' title='bbox 232 5455 284 5484; x_wconf 82' lang='grc'><strong>⁷⁸</strong></span> <span class='ocrx_word' id='word_1_854' title='bbox 322 5451 525 5507; x_wconf 69' lang='grc' dir='ltr'>ΙΞΖεειι.</span> <span class='ocrx_word' id='word_1_855' title='bbox 555 5467 637 5519; x_wconf 85' lang='grc' dir='ltr'>ιιι,</span> <span class='ocrx_word' id='word_1_856' title='bbox 670 5453 766 5508; x_wconf 79' lang='lat' dir='ltr'><strong>l9.</strong></span> <span class='ocrx_word' id='word_1_857' title='bbox 836 5453 879 5484; x_wconf 83' lang='lat'>&quot;</span> <span class='ocrx_word' id='word_1_858' title='bbox 918 5451 1050 5508; x_wconf 87' lang='lat' dir='ltr'><strong>ibid.</strong></span> <span class='ocrx_word' id='word_1_859' title='bbox 1085 5448 1173 5505; x_wconf 79' lang='grc'><strong>18.</strong></span> <span class='ocrx_word' id='word_1_860' title='bbox 1249 5447 1346 5502; x_wconf 76' lang='grc'><strong>⁷⁸1</strong></span> <span class='ocrx_word' id='word_1_861' title='bbox 1385 5447 1514 5503; x_wconf 90' lang='lat' dir='ltr'><strong>Cor.</strong></span> <span class='ocrx_word' id='word_1_862' title='bbox 1548 5463 1601 5514; x_wconf 91' lang='lat' dir='ltr'><strong>v,</strong></span> <span class='ocrx_word' id='word_1_863' title='bbox 1633 5448 1722 5502; x_wconf 73' lang='lat' dir='ltr'><strong>ll.</strong></span> 
     </span>
    </p>
   </div>
   <div class='ocr_carea' id='block_1_111' title="bbox 1844 5447 3360 5524">
    <p class='ocr_par' dir='ltr' id='par_1_111' title="bbox 1844 5448 3360 5524">
     <span class='ocr_line' id='line_1_111' title="bbox 1844 5448 3360 5524; baseline -0.001 -20"><span class='ocrx_word' id='word_1_864' title='bbox 1844 5454 1846 5478; x_wconf 60' lang='grc' dir='ltr'><strong>ί</strong></span> <span class='ocrx_word' id='word_1_865' title='bbox 1880 5448 2054 5521; x_wconf 77' lang='lat' dir='ltr'><strong>llleg.</strong></span> <span class='ocrx_word' id='word_1_866' title='bbox 2082 5467 2147 5518; x_wconf 89' lang='grc' dir='ltr'><strong>ιι,</strong></span> <span class='ocrx_word' id='word_1_867' title='bbox 2169 5450 2242 5506; x_wconf 75' lang='lat'><strong>22</strong></span> <span class='ocrx_word' id='word_1_868' title='bbox 2265 5467 2445 5523; x_wconf 88' lang='lat' dir='ltr'><strong>seqq.;</strong></span> <span class='ocrx_word' id='word_1_869' title='bbox 2481 5453 2605 5518; x_wconf 78' lang='lat' dir='ltr'><strong>Iv,l</strong></span> <span class='ocrx_word' id='word_1_870' title='bbox 2635 5467 2788 5524; x_wconf 88' lang='lat' dir='ltr'><strong>seqq.</strong></span> <span class='ocrx_word' id='word_1_871' title='bbox 2865 5452 2957 5507; x_wconf 75' lang='grc'><strong>’⁸1</strong></span> <span class='ocrx_word' id='word_1_872' title='bbox 2986 5451 3118 5522; x_wconf 78' lang='lat' dir='ltr'><strong>Heg.</strong></span> <span class='ocrx_word' id='word_1_873' title='bbox 3143 5465 3227 5516; x_wconf 86' lang='lat' dir='ltr'><strong>In,</strong></span> <span class='ocrx_word' id='word_1_874' title='bbox 3274 5449 3360 5505; x_wconf 75' lang='lat' dir='ltr'><strong>M.</strong></span> 
     </span>
    </p>
   </div>
   <div class='ocr_carea' id='block_1_112' title="bbox 322 5555 1740 5642">
    <p class='ocr_par' dir='ltr' id='par_1_112' title="bbox 322 5555 1740 5637">
     <span class='ocr_line' id='line_1_112' title="bbox 322 5555 1740 5637; baseline 0.004 -8"><span class='ocrx_word' id='word_1_875' title='bbox 322 5555 330 5563; x_wconf 84' lang='grc'><strong>’</strong></span> <span class='ocrx_word' id='word_1_876' title='bbox 1279 5580 1517 5637; x_wconf 59' lang='lat' dir='ltr'><strong>varum</strong></span> <span class='ocrx_word' id='word_1_877' title='bbox 1553 5579 1740 5636; x_wconf 74' lang='lat' dir='ltr'>LECTI</span> 
     </span>
    </p>
   </div>
   <div class='ocr_carea' id='block_1_113' title="bbox 1844 5555 2335 5642">
    <p class='ocr_par' dir='ltr' id='par_1_113' title="bbox 1844 5581 2335 5642">
     <span class='ocr_line' id='line_1_113' title="bbox 1844 5581 2335 5642; baseline 0.008 -4"><span class='ocrx_word' id='word_1_878' title='bbox 1844 5581 1938 5640; x_wconf 76' lang='lat' dir='ltr'><strong>[ES</strong></span> <span class='ocrx_word' id='word_1_879' title='bbox 1976 5585 2064 5640; x_wconf 82' lang='grc' dir='ltr'>ΕΤ</span> <span class='ocrx_word' id='word_1_880' title='bbox 2102 5585 2335 5642; x_wconf 66' lang='grc' dir='ltr'><strong>ΝΟΤᾸΞ.</strong></span> 
     </span>
    </p>
   </div>
   <div class='ocr_carea' id='block_1_114' title="bbox 235 5711 1752 5791">
    <p class='ocr_par' dir='ltr' id='par_1_114' title="bbox 235 5711 1752 5791">
     <span class='ocr_line' id='line_1_114' title="bbox 235 5711 1752 5791; baseline -0.002 -18"><span class='ocrx_word' id='word_1_881' title='bbox 235 5718 368 5791; x_wconf 69' lang='grc'><strong>(84)</strong></span> <span class='ocrx_word' id='word_1_882' title='bbox 396 5716 531 5788; x_wconf 74' lang='grc' dir='ltr'>Περὶ</span> <span class='ocrx_word' id='word_1_883' title='bbox 573 5725 781 5774; x_wconf 85' lang='lat' dir='ltr'><strong>mutant</strong></span> <span class='ocrx_word' id='word_1_884' title='bbox 829 5711 882 5773; x_wconf 87' lang='lat' dir='ltr'><strong>in</strong></span> <span class='ocrx_word' id='word_1_885' title='bbox 929 5715 1080 5788; x_wconf 82' lang='grc' dir='ltr'><strong>παρά</strong></span> <span class='ocrx_word' id='word_1_886' title='bbox 1115 5716 1272 5773; x_wconf 91' lang='lat' dir='ltr'><strong>iidem</strong></span> <span class='ocrx_word' id='word_1_887' title='bbox 1335 5715 1494 5772; x_wconf 86' lang='lat' dir='ltr'><strong>cedd.</strong></span> <span class='ocrx_word' id='word_1_888' title='bbox 1543 5713 1752 5771; x_wconf 75' lang='lat' dir='ltr'><strong>Possm.</strong></span> 
     </span>
    </p>
   </div>
  </div>
