3982 6420
199 353 343 422 1509

1112 346 1647 412 EPISTOLARUM
1688 345 1833 406 LIB.
1862 347 1929 408 V.
1968 347 2294 408 —EPIST.
2330 350 2646 412 CCXCVII.

3340 358 3478 422 1510

203 464 466 535 Ἔγραψα
479 464 590 535 ἐγὼ
603 465 838 538 Ζωσίμῳ
859 465 1162 534 ἀποστῆναι
1182 461 1281 531 τῆς
1302 456 1608 526 ἀσελγείας·
1631 456 1793 519 αὐτος
1822 498 1832 519 Α

1901 473 2047 519 nem,
2121 461 2277 515 multi
2333 471 2513 515 tamen
2569 463 2790 520 laedunt.
2833 465 2975 532 Quid
3034 468 3138 525 hoc
3190 473 3256 524 ad
3311 474 3478 527 eam?

199 559 262 611 δὲ
308 558 475 612 πλέον
505 559 904 628 ἐγκαλινδεῖται
933 557 1012 627 τῷ
1047 554 1295 626 βορϐόρῳ
1314 569 1331 584 °
1361 551 1414 603 τί
1461 549 1621 602 τοῦτο
1653 548 1792 618 πρὸς

160 696 162 698 .
199 648 341 720 sps;
369 649 536 705 Οὐδὲν
563 649 705 720 πλὴν
743 650 791 702 εί
833 648 908 720 μὴ
938 647 1036 718 τὴν
1061 643 1299 715 ἀθυμίαν
1322 641 1467 695 εῐποι
1491 656 1577 702 τις
1597 638 1684 693 ἄν.

520 923 698 993 me".
719 950 793 965 --
815 923 1018 993 ΔΛΦΙῼ
1059 920 1435 990 ΕΠΙΣΚΟΠῼ.

1901 548 2106 619 Scripsi
2149 551 2368 605 Zosimo
2420 554 2488 607 ab
2540 554 2766 624 impuris
2808 558 3107 613 abstineret
3138 560 3474 623 libidinibIIS.

1898 640 2015 709 ipse
2042 655 2169 695 vero
2194 643 2245 695 in
2283 643 2395 697 luto
2433 645 2606 713 magis
2639 646 2927 702 volutatur.
2949 648 3090 714 Quid
3116 652 3216 705 hoc
3245 653 3311 704 ad
3349 657 3474 706 me?

1897 730 2041 785 Nihil
2070 729 2338 800 profecto,
2370 734 2475 789 nisi
2507 735 2552 789 si
2592 736 2976 794 demissionem
3005 740 3176 794 animi
3203 740 3474 812 quispiam
3586 730 3591 736 ’

1895 821 2118 878 dixerit.

2147 913 2423 972 CCXCVI.
2478 947 2547 958 —
2580 918 2837 976 ALPHIO
2866 922 3217 980 EPISCOPO.

334 1013 412 1071 De
439 1017 603 1070 variis
651 1015 921 1070 hominum
966 1014 1211 1086 ingeniis.
1242 1011 1423 1082 (Conf.
1469 1000 1832 1130 epistleaiil

1901 1017 2142 1143 ﬁngam
2178 1004 2337 1060 Notis
2369 1005 2431 1062 C.
2473 1007 2691 1065 Ritters.
2739 1023 2966 1082 et-supr.
3015 1016 3166 1079 epist.
3215 1014 3344 1070 288.

275 1177 414 1231 Δίαν
438 1177 725 1247 θαυμάζω,
752 1178 901 1242 ὅπως
920 1177 981 1231 οὐ
1011 1178 1123 1240 τοῖς
1143 1177 1340 1242 ξαὺτοῖς
1371 1173 1620 1246 χαίρουσι
1650 1170 1792 1224 πάνια

199 1286 298 1330 τες
332 1267 644 1340 ἄνθρωποι·
691 1267 808 1322 ἀλλ’
837 1270 885 1320 οἱ
914 1268 1013 1338 μὲν
1047 1265 1555 1335 συγγινωσκόμενοι
1588 1263 1674 1331 ἐφ’
1713 1254 1794 1323 οἷς

202 1361 519 1422 πταίουσιν,
570 1361 653 1423 εἰς
699 1359 925 1430 ἀρετὴν,
973 1359 1023 1412 oi
1073 1357 1132 1411 δὲ
1172 1359 1253 1421 εἰς
1283 1357 1485 1410 κακίαν
1513 1355 1796 1423 παιδοτρι-

204 1452 454 1507 ϐοὗνταν
479 1452 572 1505 καὶ
597 1454 706 1515 τοῖς
735 1451 833 1522 μὲν
850 1452 884 1521 ἡ
914 1449 1222 1522 χρηστότης
1249 1449 1516 1520 σωτήριον
1541 1445 1796 1514 εὑρίσκε-

203 1562 302 1598 ται
338 1543 614 1616 βοήθημα,
648 1545 761 1618 τρῖς
784 1542 841 1595 δέ
863 1542 1109 1614 ὀλέθριον
1137 1542 1464 1612 δηλητήριον
1490 1557 1504 1571 ο
1527 1540 1654 1602 τοὺς
1688 1539 1787 1610 μὲν

206 1635 321 1707 γὰρ
348 1635 604 1706 ῥώννυσι,
625 1635 752 1698 τοὺς
785 1634 839 1686 δὲ
867 1633 1072 1687 ἐκλύει·
1098 1635 1228 1698 τοὺς
1253 1634 1351 1704 μὲν
1383 1631 1643 1694 δυσωπεῖ,
1680 1630 1787 1684 τῶν

206 1728 266 1781 δὲ
311 1727 407 1781 καί¹
443 1727 506 1780 τὸ
555 1726 818 1798 ὲρυθριᾷν
853 1729 1335 1797 προσαφαιρεῖται.
1378 1723 1518 1777 Ἀλλ’
1562 1723 1683 1776 ούδέ
1710 1722 1790 1792 τῷ

207 1817 539 1888 παραπόδας
566 1815 917 1870 ἀπαιτεῖσθαι
945 1817 1100 1880 δίκας
1127 1856 1143 1882 ,
1176 1816 1379 1879 πάντες
1414 1813 1616 1885 ὁμοίως
1649 1814 1794 1884 ὠφε-

209 1907 454 1961 λοῦνται.
493 1907 555 1960 Οἱ
594 1906 694 1977 μὲν
727 1905 836 1977 γὰρ
869 1905 944 1963 ὼς
980 1907 1348 1977 ἀπάνθρωπον
1383 1904 1543 1957 τοῦτο
1572 1902 1793 1956 αἰτιῶν-

207 2015 323 2053 ται·
366 1998 417 2051 οἱ
454 1998 512 2052 δέ
545 1997 696 2069 φόϐῳ
727 1999 826 2069 μὲν
848 2040 862 2064 ,
897 1998 956 2051 οὐ
995 1997 1145 2068 πόθῳ
1174 1996 1254 2061 δὲ,
1296 1995 1403 2050 τῶν
1449 1993 1634 2049 κακῶν
1689 1995 1795 2048 ἀπ-

208 2089 446 2160 έχονται.
483 2090 593 2143 Καὶ
637 2089 687 2141 oi
739 2088 838 2160 μὲν
888 2087 1319 2157 φιλονεικοῦντες
1367 2090 1433 2158 τῇ
1468 2085 1624 2158 δίκῃ,
1676 2086 1792 2139 ἀδι-

1969 1165 2137 1224 Valde
2161 1171 2412 1240 equidem
2449 1175 2639 1240 miror,
2669 1176 2762 1245 qui
2796 1175 2888 1230 ﬁat
2933 1181 3075 1242 quod
3125 1195 3230 1233 non
3286 1196 3478 1237 omnes

1895 1254 2085 1311 iisdem
2116 1259 2453 1317 delectentur
2509 1265 2692 1328 rebus,
2731 1267 2825 1320 sed
2875 1269 3094 1336 quidam
3139 1271 3352 1325 veniam
3381 1274 3479 1326 de-

1894 1349 2148 1406 lictorum
2195 1351 2375 1418 adepti
2439 1355 2626 1409 virtuti
2683 1357 2812 1410 dant
2864 1372 3106 1427 Operam,
3142 1359 3232 1414 alii
3279 1374 3470 1416 c0ntra

1860 1437 1864 1440 ’
1902 1442 1956 1494 in
2005 1443 2152 1497 vitiis
2197 1454 2577 1514 perseverant.
2644 1446 2756 1503 lllis
2802 1450 3020 1519 quidem
3074 1451 3382 1522 benignitas
3409 1456 3476 1508 ad

1897 1531 2132 1586 salutem
2167 1538 2606 1605 consequendam
2640 1537 2842 1592 auxilio
2879 1549 2983 1603 est,
3018 1539 3137 1595 aliis
3179 1550 3366 1597 contra
3393 1552 3480 1598 est

1897 1625 2082 1681 exitio.
2117 1626 2240 1682 Illos
2277 1629 2516 1693 roborat,
2543 1630 2642 1685 hos
2674 1642 2904 1685 enervat
2937 1651 2950 1686 :
2989 1633 3111 1688 illos
3136 1637 3342 1704 pudore
3381 1653 3472 1692 or-

1872 1725 2014 1780 gnat,
2041 1716 2164 1770 aliis
2195 1733 2325 1772 vero
2379 1720 2634 1773 ruborem
2669 1721 2864 1774 aufert.
2911 1721 3108 1776 Verum
3162 1739 3270 1778 non
3333 1726 3477 1795 quod

1895 1809 2078 1863 statim
2103 1825 2272 1880 paenae
2298 1811 2605 1882 exigantur,
2629 1813 2833 1868 ideirco
2853 1829 3041 1870 omnes
3064 1816 3320 1873 similiter
3346 1834 3473 1873 cor-

1896 1895 2164 1970 riguntur.
2221 1903 2402 1973 Aliqui
2476 1905 2619 1958 enim
2675 1912 2734 1958 ut
2785 1905 3140 1961 inhumanum
3190 1896 3319 1978 quid
3371 1910 3474 1964 hoc

1895 2003 2172 2047 accusant.
2197 1994 2300 2048 Alii
2329 2009 2456 2049 vero
2475 2005 2620 2049 metu
2641 1996 2881 2065 quidem,
2905 2013 3010 2051 non
3041 2013 3248 2064 amore,
3275 2015 3304 2053 a
3330 2000 3476 2054 vitiis

1895 2087 2191 2153 abstinent,
2263 2095 2317 2141 et
2376 2087 2463 2141 isti
2499 2088 2716 2156 quidem
2761 2088 2984 2155 justitite
3027 2089 3355 2146 reluctantes
3400 2093 3478 2146 in-

206 2184 328 2235 κείν
358 2181 660 2252 πειρῶνται
685 2197 699 2209 ·
735 2182 784 2233 οἱ
816 2180 871 2233 δέ
902 2181 1098 2233 παθεῖν
1129 2179 1422 2250 φεύγοντες
1443 2219 1459 2244 ,
1500 2179 1561 2231 οὐ
1592 2177 1794 2249 δρῶσιν

1901 2175 2030 2245 iuria
2053 2177 2189 2230 alios
2216 2186 2484 2232 conantur
2513 2177 2750 2232 allicere.
2789 2179 2894 2231 Alii
2936 2179 3045 2249 pati
3102 2180 3328 2248 injurias
3381 2197 3470 2235 re-

207 2273 244 2328 ἃ
265 2273 402 2346 δρᾷν
429 2273 714 2326 ἐθέλωσιν’
745 2271 1004 2341 ἀμείνους
1035 2272 1132 2342 μὲν
1159 2271 1312 2335 ὄντες
1346 2271 1455 2324 τῶν
1481 2271 1616 2342 μηδὲ
1643 2270 1796 2342 φόϐῳ

208 2361 736 2434 σωφρονιζομένων,
781 2361 1198 2432 καταδεέστεροι
1233 2361 1290 2413 δὲ
1319 2360 1428 2414 τῶν
1460 2361 1609 2432 πόθῳ
1645 2360 1794 2414 εὐδο-

206 2450 550 2521 κιμούντων.
591 2450 755 2505 πλέον
787 2449 821 2522 ἢ
861 2451 986 2504 ὅσον
1035 2449 1190 2504 αὐτοὶ
1229 2450 1489 2520 ἀμείνους
1532 2451 1641 2503 είσὶ
1678 2449 1793 2503 τῶν

210 2543 352 2614 μηδέ
380 2543 479 2614 τὴν
499 2543 655 2613 δίκην
681 2542 1013 2596 δεδοικότων.
1031 2543 1094 2595 Οἱ
1124 2543 1221 2612 μὲν
1242 2543 1350 2614 γὰρ
1374 2542 1474 2613 τὴν
1504 2541 1792 2612 τιμωρίαν,

202 2636 254 2686 oi
271 2634 330 2687 δὲ
351 2633 451 2706 τὴν
476 2635 750 2706 σωτηρίαν
771 2634 1050 2704 φεύγουσι·
1068 2634 1160 2687 καὶ
1170 2635 1218 2686 oi
1247 2635 1345 2704 μὲν
1359 2635 1418 2688 τὸ
1440 2634 1514 2706 μὴ
1533 2633 1713 2687 δοῦναι
1728 2632 1798 2686 δί-

205 2739 336 2794 κην,
354 2725 474 2777 οἱδὲ
489 2723 550 2776 τὸ
561 2723 742 2777 δοῦναι
761 2723 1067 2778 διώκουσιν.
1087 2723 1244 2776 Ἐπεὶ
1263 2725 1441 2777 τοίνυν
1467 2724 1519 2776 τί
1544 2723 1795 2794 ποιητέον

204 2815 348 2887 ἔφης
360 2817 418 2868 ἐν
428 2815 666 2888 τοσαύτῃ
683 2815 961 2886 συγχύσει,
980 2815 1225 2886 ἀκριϐῶς
1244 2816 1342 2886 μὲν
1358 2816 1458 2868 οὐκ
1476 2816 1582 2886 ἔχω
1594 2815 1792 2883 λέγειν.

215 2909 281 2962 Ὀ
308 2909 422 2979 γὰρ
444 2907 543 2972 τὰς
561 2909 788 2980 καρδία-ς
811 2908 1132 2979 ἐμϐατεύων
1161 2904 1271 2962 οἶδε
1291 2923 1306 2936 ’
1331 2908 1472 2980 πλὴν
1501 2906 1598 2972 ὡς,
1619 2908 1794 2977 ἔγωγε

204 2997 405 3074 οἶμαι,
439 3003 548 3075 χρὴ
588 3003 682 3056 ἐπὶ
725 3003 823 3073 μὲν
865 3004 980 3066 τοῖς
1033 3003 1250 3073 μικροῖς
1299 3000 1712 3072 ἁμαρτήμασιν,
1745 3000 1794 3052 εί

1894 2280 2146 2324 cusautes
2181 2285 2306 2324 -uon
2347 2267 2555 2323 faciunt
2603 2285 2724 2339 qua:
2764 2269 2946 2326 facere
2974 2272 3196 2334 vellent,
3228 2273 3477 2328 meliores

1894 2361 2110 2431 quidem
2152 2361 2235 2416 his
2263 2361 2596 2417 exsistentes
2627 2363 2717 2432 qui
2749 2379 2817 2418 ue
2851 2373 2996 2418 metu
3043 2365 3262 2432 quidem
3291 2365 3468 2420 adacti

1898 2461 2264 2523 temperantes
2317 2454 2456 2507 ﬁunt
2512 2468 2576 2508 ac
2616 2455 2978 2519 continentes,
3017 2463 3167 2509 tanto
3221 2455 3306 2510 his
3346 2455 3479 2510 infe-

1897 2546 2071 2600 riores
2129 2547 2219 2616 qui
2278 2545 2548 2600 desiderio
2581 2547 2795 2600 virtutis
2857 2547 2980 2600 boni
3035 2549 3222 2603 haberi
3268 2547 3475 2613 volunt,

1894 2647 2100 2706 quanto
2153 2635 2406 2691 meliores
2452 2636 2518 2691 iis
2558 2637 2648 2706 qui
2709 2651 2776 2690 ne
2819 2637 3083 2707 supplicia
3109 2637 3327 2707 quidem
3364 2653 3478 2693 tue—

1900 2737 2076 2782 tuunt.
2129 2726 2209 2780 llli
2266 2727 2411 2780 enim
2469 2726 2816 2796 supplicium,
2858 2727 2912 2780 Ιιί
2961 2743 3088 2782 vero
3133 2727 3362 2783 salutem
3391 2745 3480 2782 ιιι-

1896 2819 2070 2888 giunt.
2125 2817 2190 2871 Et
2224 2817 2298 2871 illi
2348 2817 2563 2886 quidem
2608 2831 2674 2871 ne
2705 2817 2834 2871 dent
2865 2832 3076 2885 pmnas,
3112 2820 3164 2872 Ιιί
3198 2833 3327 2874 vero
3365 2820 3476 2887 pati

1897 2920 2177 2984 exeptant.
2212 2911 2440 2978 Quando
2482 2910 2646 2978 igitur
2683 2909 2810 2978 quid
2844 2909 2985 2965 facto
3008 2910 3081 2964 sit
3104 2925 3240 2980 opus
3279 2909 3333 2964 in
3370 2909 3474 2964 ltoc

1899 3021 2084 3062 rerum
2109 3013 2252 3059 statu
2277 3003 2502 3072 quazris,
2541 3016 2650 3054 non
2679 3016 2896 3069 possum
2949 2990 3201 3070 equidem
3223 3011 3479 3056 accurato

209 3096 315 3166 μὲν
366 3095 723 3159 λανθάνοντες
771 3093 1151 3166 βελτιοῦνται,
1199 3092 1336 3164 μηδὲ
1389 3092 1589 3146 εἰδέναι
1630 3109 1832 3184 προσ-⁴

1901 3102 2100 3155 dicere.
2137 3093 2296 3149 Novit
2328 3091 2418 3147 ille
2441 3092 2531 3162 qui
2563 3091 2725 3145 corda
2751 3097 3028 3144 scrutatur
3062 3091 3204 3146 Deus
3242 3111 3255 3147 :
3291 3100 3472 3144 tamen

207 3187 516 3240 ποιεῖσθαι⁵
552 3189 600 3240 εί
648 3187 705 3240 δὲ
733 3189 814 3250 είς
851 3187 914 3239 τὸ
949 3187 1130 3257 χεῖρον
1170 3186 1498 3256 τρέπονται,
1535 3183 1671 3254 μετὰ
1700 3183 1792 3238 τὸν
1830 3182 1832 3184 ’

1901 3203 1952 3249 ut
1984 3188 2236 3261 equidem
2274 3185 2531 3250 arbitror,
2571 3197 2734 3253 parva
2766 3182 2922 3248 vitia,
2959 3183 3004 3238 si
3034 3183 3250 3237 occulte
3284 3199 3473 3238 emen-

207 3278 434 3348 ἔλεγχον
463 3278 559 3331 καὶ
589 3277 687 3349 τὴν
719 3277 947 3348 μετρίαν
975 3275 1318 3346 ἐπιτίμησιν,
1346 3277 1680 3345 συγγνώμην
1708 3275 1796 3328 νέ-

212 3385 365 3440 μειν,
416 3368 512 3421 ἐπὶ
549 3369 606 3421 δὲ
650 3370 762 3430 τοῖς
791 3367 1085 3437 ομεγάλοις
1144 3365 1351 3436 ταύτην
1397 3366 1792 3436 ταμιεύεσθαι,

208 3461 326 3514 καῖ’
348 3461 704 3532 σωφρονίζειν
741 3461 866 3523 τοὺς
894 3458 1189 3522 πταίοντας
1217 3498 1234 3525 ,
1270 3459 1367 3512 καὶ
1394 3458 1661 3529 χωρισμῷ
1699 3459 1795 3512 καὶ

208 3554 507 3625 ἐπέτιμία,
544 3554 649 3617 ἕως
714 3553 782 3606 ἂν
832 3552 1240 3623 μετανοήσωσι,
1306 3551 1403 3605 καὶ
1468 3551 1590 3605 τότε
1641 3568 1803 3622 προσ-

210 3645 417 3701 ίεσθαι.

499 3831 656 3900 ΣίτΖ⁹.
685 3863 754 3872 -
789 3832 992 3886 ΙΩΣΗΦ
1032 3829 1505 3902 ΠΡΕΣΒΥΤΕΡῼ.

1896 3289 2112 3350 dentur,
2147 3281 2311 3338 etiam
2341 3284 2468 3332 sunt
2509 3275 2922 3331 dissimulamla.
2958 3276 3014 3331 Si
3045 3291 3176 3331 vero
3221 3275 3278 3330 in
3315 3277 3474 3330 dete-

1904 3378 2018 3432 rius
2044 3373 2173 3428 vitia
2209 3381 2432 3441 vergant
2455 3377 2577 3436 post
2608 3369 3006 3436 correptionem
3042 3377 3096 3422 et
3137 3367 3476 3422 moderatam

1903 3467 2266 3537 punitionem,
2328 3460 2484 3514 venia
2521 3467 2606 3514 est
2671 3459 2867 3513 danda.
2921 3458 2977 3512 In
3019 3459 3232 3529 magnis
3287 3469 3470 3513 autem

1893 3557 2131 3626 peccatis
2167 3553 2307 3605 hanc
2337 3564 2620 3603 reservare
2643 3557 2697 3602 et
2732 3559 3019 3618 peccantes
3059 3556 3275 3615 oportet
3302 3549 3472 3601 corri-

1893 3663 2041 3717 gere,
2083 3645 2279 3716 partim
2341 3642 2462 3697 illos
2507 3641 2877 3710 segregando,
2927 3641 3124 3710 partim
3196 3639 3474 3710 puniendo

1893 3740 2066 3794 donec
2091 3736 2436 3804 resipiscant,
2464 3749 2526 3787 ac
2565 3742 2694 3786 tunc
2723 3733 3039 3802 recipiendi.

2061 3824 2355 3884 CCXCVII.
2387 3855 2458 3864 —
2481 3822 2785 3882 JOSEPHO
2819 3823 3298 3880 PRESBYTERO.

1403 3923 1712 3980 Sacerdotio
1736 3943 1840 3980 non
1869 3922 2294 3996 superbiendum.

284 4018 353 4071 Εἰ
380 4016 480 4088 μὲν
500 4017 560 4072 τὸ
588 4017 698 4071 τῶν
718 4017 894 4072 ἄλλων
921 4017 1024 4071 οὐκ
1051 4013 1148 4070 οἷδ’
1187 4017 1336 4080 ὅπως
1373 4015 1794 4088 προκεκρίσθαι,

208 4108 313 4161 καὶ
361 4109 443 4170 είς
488 4106 791 4178 ἱερωσύνην
821 4106 1260 4177 κατατετάχθαι,
1297 4105 1540 4178 ἐφύσησέ
1576 4124 1672 4173 σε,
1702 4107 1798 4161 καὶ

212 4199 367 4272 μέγα
405 4201 622 4270 φρονεῖν
661 4199 1100 4270 παρεσκεύασεν,
1141 4199 1218 4262 ὠς
1260 4199 1396 4270 μηδέ
1427 4201 1554 4262 τοὺς
1591 4200 1650 4254 ἐν
1686 4203 1800 4264 τοῖς

212 4289 488 4360 ὑπηκόοις
517 4289 808 4353 τελοῦντας
849 4290 972 4360 μὲν,
1017 4289 1443 4358 εὐδοκιμοῦντας
1485 4289 1542 4342 δὲ
1572 4289 1794 4360 ζηλοῦν,

208 4380 358 4436 ἐλεῶ
386 4397 447 4433 σε
482 4382 580 4452 τῆς
615 4381 823 4444 ἀνοίας.
849 4381 913 4434 Ei
942 4381 999 4434 δὲ
1031 4381 1135 4434 ούκ
1164 4379 1335 4445 ἀξιοῖς
1368 4380 1504 4449 πρὸς
1537 4380 1798 4445 ἐλάττους

205 4477 374 4547 όρᾷν,
420 4474 704 4529 καὶτοῦτο
735 4474 868 4528 αὐτὸ
907 4474 1243 4528 δεινότατονυ
1286 4475 1334 4527 εί
1372 4472 1482 4526 τῶν
1519 4473 1796 4539 τοσοῦτον,

205 4568 292 4632 ὡς
325 4568 453 4631 οίει,
480 4568 820 4639 λειπομένων
859 4570 926 4639 τῇ
969 4567 1095 4638 ἀξίᾳ
1121 4567 1321 4637 χείρων
1365 4566 1423 4617 ἐν
1455 4567 1567 4629 τοῖς
1615 4565 1800 4636 ἔργοις

209 4657 484 4728 φανείηςθ
542 4657 636 4712 καὶ
689 4651 764 4711 ὧν
808 4660 1051 4729 κρατεῖν.
1093 4659 1247 4711 οὐδὲν
1293 4657 1402 4728 ἡγῇ
1458 4653 1794 4724 θαυμαστὸν,

205 4750 428 4803 τούτων
453 4748 722 4820 ἡττᾶσθαι
749 4749 943 4814 δόξεις.
977 4751 1087 4802 Καὶ
1120 4750 1226 4822 μὴν
1249 4751 1296 4802 εί
1335 4751 1605 4803 κάκείνων
1631 4749 1798 4820 ρᾳθυ-

216 4840 360 4912 μίας
397 4841 551 4894 ἔπνει
589 4843 618 4894 ὁ
646 4841 781 4912 βίος,
813 4841 875 4894 σὲ
904 4841 1005 4895 οὐκ
1037 4841 1145 4894 ἔδει
1178 4843 1279 4911 τὴν
1311 4842 1440 4914 περὶ
1465 4842 1564 4914 τὴν
1596 4843 1798 4914 ἀρετὴν

207 4930 538 5000 ἐπιμέλειαν
558 4931 842 5002 προέσθαι.
868 4931 944 4984 Τὸ
965 4931 1075 5002 γὰρ
1103 4932 1268 5002 μέσον
1293 4933 1430 5004 πρὸς
1447 4934 1691 4996 ἐκείνους
1716 4951 1797 4986 σοι

208 5024 321 5076 οὐκ
349 5022 529 5092 ὀλίγον
558 5023 806 5094 ὑπάρχον
847 5022 1112 5094 ἀφῃρεῖτο
1143 5024 1244 5094 τὴν
1273 5025 1631 5096 συγγνώμην.
1658 5027 1721 5079 Ei
1743 5027 1798 5080 δὲ

211 5117 422 5169 ἐκεῖνοι
468 5116 569 5184 μὲν
607 5115 980 5186 λαμπρότεροι
1033 5117 1130 5169 καὶ
1177 5117 1601 5190 εύδοκιμώτεροί
1636 5119 1796 5184 εἰσιν,

215 5209 402 5262 καίτοι
451 5209 541 5262 τὸν
587 5208 928 5280 ἡγησόμενον
975 5208 1079 5262 ούκ
1132 5207 1346 5280 ἔχοντες
1372 5248 1388 5274 ,
1425 5213 1489 5264 σὺ
1541 5209 1599 5262 δὲ
1642 5210 1660 5276 (
1685 5209 1801 5263 ἀλλ’

1974 4015 2030 4068 Si
2083 4022 2370 4082 propterea
2430 4010 2572 4080 quod
2641 4009 2766 4065 aliis
2833 4009 3020 4064 nescio
3074 4007 3346 4078 quomodo
3403 4009 3483 4063 sis

1896 4104 2174 4176 praelatus,
2212 4111 2268 4155 et
2313 4102 2365 4154 in
2397 4101 2689 4155 sacerdotii
2735 4101 2982 4154 ordinem
3014 4108 3345 4168 assumptus,
3396 4101 3480 4154 id-

1894 4202 2043 4254 circo
2075 4194 2376 4264 superbias,
2419 4192 2699 4263 altumque
2750 4194 2952 4262 sapias,
3004 4191 3171 4263 650
3211 4201 3268 4246 ut
3300 4206 3478 4260 neque

1895 4305 1988 4346 eos
2013 4289 2104 4358 qui
2132 4287 2277 4342 inter
2308 4283 2586 4353 subjectos
2617 4286 2841 4355 quidem
2873 4285 3097 4354 imperio
3145 4295 3357 4353 parent,
3385 4288 3482 4340 sed

1901 4380 2053 4452 probi
2080 4380 2210 4444 sint,
2238 4385 2292 4430 et
2318 4375 2492 4447 gloria
2529 4375 2688 4442 clari,
2726 4377 2979 4442 imiteris,
3017 4376 3093 4430 tui
3141 4389 3227 4430 me
3252 4376 3482 4430 demen-

1905 4475 1972 4528 tis
2007 4471 2248 4525 miseret.
2304 4466 2361 4522 Si
2417 4483 2551 4524 vero
2582 4485 2649 4525 ne
2678 4469 2917 4538 digneris
2943 4469 3162 4537 quidem
3195 4466 3482 4522 inferiores

1900 4573 1952 4620 te
1987 4569 2278 4636 respicere,
2330 4575 2494 4636 atque
2535 4563 2766 4631 idipsum
2811 4561 2968 4627 longe
3001 4559 3406 4629 gravissimum,
3434 4560 3480 4614 si

1897 4658 1962 4713 iis
1987 4659 2079 4729 qui
2117 4668 2423 4726 tantopere,
2457 4667 2516 4710 ut
2543 4664 2723 4725 putas,
2751 4653 2846 4707 tibi
2887 4652 3154 4722 dignitate
3185 4651 3480 4705 inferiores

1899 4762 2045 4813 sunt,
2083 4753 2134 4806 in
2159 4752 2416 4822 Operibus
2446 4748 2689 4803 deterior
2713 4761 2998 4816 appareas,
3037 4754 3092 4799 et
3134 4745 3332 4814 quibus
3377 4744 3482 4798 itu-

1898 4857 2091 4908 perare
2113 4841 2247 4896 nihil
2279 4841 2474 4895 mirum
2522 4839 2698 4902 ducis,
2747 4839 2814 4891 ab
2851 4837 2920 4890 iis
2942 4835 3186 4905 superari
3223 4835 3482 4888 videaris.

1906 4930 2018 4984 Etsi
2045 4930 2186 4982 enim
2211 4929 2323 4983 vita
2352 4929 2566 4983 illorum
2602 4927 2826 4998 ignaviae
2844 4926 3000 4995 plena
3019 4933 3187 4989 esset,
3221 4935 3272 4979 te
3303 4933 3482 4978 tamen

1911 5038 2014 5075 non
2041 5021 2331 5092 oportebat
2369 5021 2594 5076 virtutis
2627 5019 2866 5073 studium
2913 5018 3294 5073 intermittere.
3348 5013 3485 5070 Nam

1907 5114 2252 5169 intervallum
2281 5113 2426 5183 quod
2483 5113 2624 5167 inter
2673 5119 2726 5166 te
2782 5120 2839 5165 et
2876 5109 3000 5164 illos
3031 5107 3320 5163 intercedit
3375 5124 3482 5162 non

1900 5207 2177 5274 exiguum,
2209 5206 2419 5262 veniam
2450 5205 2543 5260 tibi
2570 5205 2822 5272 denegat.
2877 5201 2934 5256 Si
2966 5217 3095 5257 vero
3124 5201 3198 5256 illi
3227 5200 3489 5256 clariores

212 5299 378 5353 οὐδὲν
424 5299 686 5370 βούλομαι
722 5298 984 5372 δυσχερὲς
1021 5300 1242 5370 εἰπεῖν)
1274 5300 1369 5356 θέα
1401 5295 1458 5354 οἷ
1489 5302 1718 5373 τελευτᾷ
1743 5301 1804 5355 τὸ

1902 5296 2352 5364 probatioresque
2406 5295 2518 5350 sint
2565 5309 2631 5349 ac
2686 5296 2825 5348 duce
2869 5302 3152 5356 carentes,
3192 5303 3246 5346 tu
3297 5301 3476 5344 tamen

213 5390 416 5447 κακόν.

1905 5388 2053 5454 (nolo
2075 5388 2218 5442 enim
2247 5387 2375 5456 quid
2403 5388 2622 5458 gravius
2644 5384 2847 5457 dicere)
2875 5383 3161 5440 considera
3189 5397 3484 5455 quemnam

1911 5476 2072 5531 ilnem
2102 5475 2300 5530 malum
2345 5475 2447 5530 hoc
2483 5475 2741 5543 reperiet.

535 5571 703 5640 TLJI'.
735 5602 805 5612 ——
833 5571 1135 5642 ΕΥΤΟΝΙῼ
1165 5572 1488 5643 ΔῙΑΚΟΝῼ.

2120 5567 2438 5625 CCXCVIII.
2478 5597 2549 5606 —
2600 5564 2904 5622 EUTONIO
2953 5561 3274 5620 DIACONO.

1076 5664 1253 5721 Virtus
1285 5665 1564 5718 calumnia:
1594 5666 1841 5718 obnoxia.
1879 5664 2055 5736 (Cani.
2085 5664 2238 5730 epist.
2261 5662 2368 5716 294
2397 5670 2447 5714 et
2482 5660 2634 5730 5M.)

291 5762 390 5832 Μὴ
418 5763 605 5834 νόμιζε
643 5763 724 5836 τῷ
772 5765 963 5818 ἀσκεῖν
991 5761 1214 5834 ἀρετὴν,
1253 5761 1354 5826 τὰς
1379 5760 1633 5825 διαϐολὰς
1665 5761 1782 5815 δια-

1960 5759 2108 5816 Cave
2145 5758 2422 5815 existimes
2439 5757 2699 5816 virtutem
2729 5754 3039 5813 exercendo
3069 5764 3121 5811 te
3151 5751 3484 5811 calumniam
