3982 6420
558 346 690 413 1511
1712 340 1772 399 s.
1812 340 2106 401 ISIDORI
2144 341 2582 403 PELUSIOT/E
3677 344 3791 413 15:3

555 458 763 514 evitare
795 465 975 526 posse.
1000 452 1236 508 Maxime
1255 449 1401 506 enim
1431 447 1508 503 illi
1547 445 1763 502 insidiis
1791 454 1848 501 et
1900 447 2144 503 dicteriis
2171 458 2213 511 Α
2256 466 2287 501 κ

2256 449 2552 519 κρούεσθαι
2575 466 2589 480 ο
2633 450 2871 522 μάλιστα
2909 451 3019 525 γὰρ
3042 454 3091 506 οἱ
3115 453 3349 507 τοιοῦτοι
3380 452 3792 512 ὲπιϐσυλεὸονται

545 556 878 619 appetuntur
922 559 1137 606 eorum,
1191 541 1308 612 qui,
1349 540 1493 610 quod
1539 537 1795 592 virtutem
1842 551 1950 591 non
1978 552 2141 593 exer-
2251 558 2296 594 πί

2251 542 2406 613 παρά
2431 542 2541 621 τῷν
2568 544 2737 615 τιμὴν
2784 544 2886 615 μὲν
2908 546 3010 599 οὐκ
3037 547 3295 617 ἐχόντων,
3325 545 3415 600 διὰ
3435 546 3498 600 τδ
3534 548 3605 618 μὴ
3628 550 3795 602 ἀσκεῖν

548 647 728 702 ceaut,
772 651 876 692 nec
910 635 1208 705 quidquam
1242 631 1463 687 honoris
1494 628 1713 696 habent,
1748 628 1854 684 illis
1875 629 2135 695 invident,
2249 632 2296 704 ἀι

2249 632 2480 704 ἀρετὴν,
2514 637 2628 699 τοῖς
2659 634 2719 688 δὲ
2744 636 2842 690 ἀπ’
2874 637 3079 712 ἀρετῆς
3109 638 3443 709 τιμωμένοις
3467 638 3795 709 φθονούντων.

547 732 637 799 qui
664 727 885 783 virtutis
922 727 1146 781 nomine
1192 726 1552 779 honorantur.
1591 720 1784 776 Melius
1836 721 2018 790 itaque
2053 730 2138 776 est
2245 724 2296 774 Ἀ

2248 724 2505 793 ’Λμεινον
2527 728 2708 781 τοίνυν
2732 730 3062 797 ἀσκοῦντας,
3092 732 3359 801 γενναίως
3385 733 3568 804 φέρειν
3590 736 3679 797 τὰς
3701 735 3797 787 τῶν

548 820 732 875 virtuti
754 818 966 873 deditos
991 830 1256 887 generose
1290 815 1434 868 ferre
1466 813 1899 868 obtrectatorum
1920 811 2136 867 calum-
2244 814 2296 884 βο

2248 814 2534 884 βασκάνων
2560 822 2917 892 κακοηθείας,
2945 824 2981 897 ἢ
3015 824 3076 878 τὸ
3106 824 3424 895 φθονεῖσθαι
3453 829 3800 897 παραιτουμέ-

551 910 690 977 nias,
718 922 879 979 quam
914 916 1133 976 propter
1161 906 1423 961 invidiam
1451 919 1483 958 a
1518 904 1721 957 virtute
1753 902 2078 957 desciscere.
2243 925 2296 961 νο

2248 925 2369 973 νους
2404 910 2609 983 ἀρετῆς
2644 915 2999 985 ἀφίστασθαι.

834 1017 1111 1074 CCXCIX.
1151 1046 1225 1057 —
1253 1013 1568 1071 HERMINO
1596 1011 1852 1070 COMITL

2600 1026 2759 1093 Σιιθν.
2789 1059 2861 1067 --
2896 1030 3164 1102 ΕΡΜΙΝῼ
3185 1032 3482 1086 ΚΟΜΗΤῘ.

1620 1107 1853 1174 Quinam
1883 1106 1990 1162 veri
2018 1111 2382 1176 apostolorum
2413 1135 2765 1191 successores.

619 1210 791 1265 Miror
836 1223 968 1264 sane
1021 1206 1285 1278 quosdam
1332 1204 1448 1275 qui,
1514 1201 1814 1272 magistrali
1879 1212 2143 1272 occupata

2314 1210 2624 1285 Θαυμάζω,
2654 1219 2775 1282 πῶς
2800 1220 2893 1273 τὸν
2915 1220 3131 1274 Παῦλον
3160 1220 3531 1292 θαυμάζοντές
3555 1242 3691 1280 τινες
3710 1226 3806 1277 τῶν

551 1299 835 1364 cathedra,
868 1298 1082 1351 beatum
1112 1295 1329 1365 quidem
1371 1292 1595 1347 Paulum
1637 1292 1976 1346 admirantur
2021 1309 2035 1346 :
2076 1308 2141 1347 ea
2241 1306 2296 1360 νε

2248 1306 2337 1362 νῦν
2374 1308 2466 1362 τδν
2511 1309 2896 1365 διδασκαλικὸν
2939 1313 3130 1384 θρόνον
3162 1317 3621 1387 ὲπανῃρημένων,
3649 1318 3709 1368 δι’
3742 1312 3808 1369 ὢν

555 1403 731 1445 tamen
757 1391 826 1444 ob
862 1404 982 1459 qua:
1019 1388 1108 1442 ille
1138 1388 1209 1442 sit
1257 1384 1614 1439 admirandus
1668 1398 1773 1436 non
1832 1392 2131 1437 sectantur.
2245 1400 2296 1454 θ0

2248 1400 2558 1473 θαυμαστὸς
2586 1405 2804 1473 ἐγένετο
2819 1407 3026 1469 ἐκεῖνος
3052 1407 3152 1461 οὐκ
3182 1384 3550 1474 ἐξετάσουσιν.
3592 1411 3808 1473 Ἐκεῖνος

553 1484 646 1539 llle
672 1483 895 1548 etenim,
925 1491 984 1535 ut
1013 1481 1167 1548 signa
1197 1479 1447 1533 omittam
1478 1485 1533 1531 ct
1553 1476 1781 1546 ieiunia,
1828 1485 1882 1530 et
1934 1475 2138 1545 vigilias
2212 1477 2296 1560 ’γε

2248 1494 2352 1563 γὰρ
2385 1493 2494 1562 (ἵνα
2515 1494 2581 1548 τὰ
2605 1499 2810 1566 σημεῖα
2842 1497 3026 1569 παρῶ,
3056 1499 3267 1561 καὶτὰς
3299 1501 3575 1569 νηστείας,
3610 1500 3698 1553 καὶ
3721 1501 3809 1562 τὰς

554 1592 618 1630 ac
644 1574 1036 1630 sollicitudines
1063 1572 1455 1637 ardentemque
1489 1568 1664 1622 zelum
1692 1605 1707 1632 ,
1749 1582 1871 1621 cum
1911 1567 2143 1621 inlirmis
2246 1587 2296 1638 ἀ.

2248 1586 2561 1657 ἀγρυπνίας
2594 1589 2691 1642 καὶ
2714 1567 3026 1660 φροντίδας,
3065 1592 3161 1643 καί
3184 1590 3278 1643 τὸν
3320 1567 3713 1661 πεπυρωμένον
3734 1593 3811 1661 ζῆ·

554 1667 1015 1731 inlirmatus,cum
1041 1659 1426 1717 scandalizatis
1446 1658 1729 1713 aliisustus
1753 1666 1842 1712 est
1863 1657 1935 1710 ⁷⁸.
1961 1657 2141 1724 Quare
2246 1678 2296 1730 λε

2248 1678 2372 1730 λον·
2414 1679 2495 1732 ὅτι
2543 1696 2603 1731 τε
2648 1683 2760 1744 τοῖς
2810 1681 3067 1735 ἀσθενέσι
3118 1682 3472 1752 συνησθένει,
3515 1682 3610 1735 καὶ
3652 1683 3810 1736 ἄλλων

553 1773 621 1811 ex
644 1771 707 1811 ea
741 1771 902 1825 quam
944 1754 1010 1808 ad
1041 1751 1334 1820 discipulos
1373 1750 1690 1805 concionem
1738 1748 1927 1803 habuit
1960 1749 2142 1805 clarus
2174 1797 2215 1851 Β
2251 1787 2296 1822 σ,

2251 1770 2759 1842 σκανδαλιζομένων
2781 1773 2945 1838 αὐτὸς
2978 1774 3299 1844 ὲπυροῦτο),
3325 1776 3419 1843 ἀφ’
3438 1771 3507 1847 ἦς
3540 1775 3813 1846 πεποίηται

568 1849 763 1901 merito
810 1845 1149 1911 eximiusque
1180 1857 1302 1897 esse
1342 1840 1609 1910 apparuit.
1634 1839 1724 1892 Ait
1747 1839 1892 1894 enim
1937 1856 1951 1893 :
1993 1858 2011 1891 ι
2034 1840 2141 1894 Ar-
2174 1839 2214 1851 “’
2243 1864 2296 1917 δ,

2248 1839 2593 1936 δημηγορίας
2622 1866 2759 1935 πρὸς
2797 1868 2925 1930 τοὺς
2965 1839 3569 1939 φοιτητὰς-λαμπρὸς
3606 1839 3814 1931 εἰκότως

556 1949 777 2010 gentum
830 1946 885 1992 et
919 1952 1111 1991 aurum
1152 1944 1245 1990 aut
1291 1944 1495 1988 vestem
1536 1932 1736 1987 nullius
1793 1931 2079 2001 concupivi
2125 1948 2139 1986 :
2246 1974 2296 2009 κ(

2371 1931 2596 2028 περίὸλε
2607 1931 2738 2020 πτος
2762 1931 3077 2029 ἀπεφάνθη.
3099 1931 3260 2028 ίΕφη-
3280 1931 3413 2031 γὰρ’,
3445 1931 3489 2010 (-
3514 1960 3813 2030 Ἀργυρίου,

560 2048 653 2085 vos
673 2030 825 2085 scitis
863 2027 1124 2098 quoniam
1166 2026 1231 2079 ad
1279 2038 1345 2078 ea
1381 2038 1502 2092 qua:
1542 2021 1673 2075 mihi
1709 2035 1846 2089 opus
1891 2030 2050 2074 erant
2092 2029 2147 2073 et
2248 2049 2282 2120 ἢ

2248 2049 2282 2120 ἢ
2321 2021 2569 2120 χρυσίον,
2598 2049 2629 2119 ἣ
2663 2021 2988 2122 ἱματισμοῦ,
3030 2021 3251 2115 οὐδενδς
3472 2021 3811 2121 ὲπεθῦμησα·

560 2121 642 2175 his
673 2119 765 2188 qui
790 2133 999 2171 mecum
1028 2125 1178 2181 sunt,
1204 2114 1654 2168 ministraverunt
1677 2124 1872 2166 manus
1891 2110 2091 2165 istae".
2120 2128 2138 2160 ι
2250 2110 2296 2195 άε

2250 2141 2404 2195 αὐτοὶ
2427 2142 2749 2209 γινώσκετε,
2781 2144 2863 2197 ὅτι
2894 2146 3015 2206 ταῖς
3052 2146 3269 2214 χρείαις
3300 2161 3426 2213 μου,
3452 2144 3549 2197 καὶ
3576 2147 3685 2206 τοῖς
3703 2139 3812 2197 οὖσι

560 2210 624 2263 lli
660 2223 788 2264 vero
852 2206 1017 2277 (ahsit
1056 2216 1114 2259 ut
1160 2204 1291 2274 quid
1345 2202 1564 2272 gravius
1608 2198 1903 2271 proferam)
1943 2199 2149 2269 seipsos
2254 2250 2294 2302 μ

2254 2232 2371 2302 μετ’
2410 2198 2545 2302 ἐμοῦ
2580 2198 2935 2305 ὑπηρέτησαν
2974 2198 3029 2287 αἱ
3053 2198 3265 2305 ’ἱεῖρεςυ
3300 2198 3484 2287 αὗται.
3532 2254 3550 2285 ι
3587 2198 3735 2288 Οἰτοι
3769 2235 3817 2286 δὲ

2252 2326 2270 2395 (
2298 2324 2414 2377 ἀλλ’
2451 2325 2605 2378 οὐδὲν
2637 2326 2901 2397 βούλομαι
2925 2325 3186 2396 δυσχερὲς
3212 2328 3421 2397 εἰπεῖν)
3449 2328 3552 2379 οὐκ
3572 2325 3818 2397 ἐρυθριῶ-

2255 2433 2341 2469 σιν
2370 2418 2599 2481 ἑαυτοὺς
2636 2417 2865 2488 τοιούτῳ
2896 2416 3341 2488 παραϐάλλοντες
3410 2419 3589 2489 ἀνδρὶ,
3624 2421 3712 2471 καὶ
3738 2419 3821 2486 qd-

2247 2526 2470 2573 σκοντες
2504 2510 2718 2563 ἐκείνου
2749 2507 2889 2565 εἶναι
2919 2511 3186 2583 διάδοχοι.
3218 2510 3361 2564 Ἀλλ’
3396 2512 3457 2563 οὐ
3494 2510 3818 2570 λανθάνουσι.

2238 2601 2332 2656 διὰ
2359 2601 2514 2654 τοῦτο
2546 2604 2755 2655 ἐκεῖνον
2777 2602 3170 2673 θαυμάζοντες,
3198 2605 3297 2673 οὐχ
3335 2602 3426 2654 ἵνα
3464 2604 3819 2672 μιμήσωνττι,

2244 2693 2461 2746 ἀλλ’ἵνα
2490 2693 2635 2747 θείου
2658 2694 2849 2765 ἀνδρὸς
2877 2695 3111 2764 διάδοχ6ι
3133 2693 3482 2765 νομισθέντες
3507 2692 3817 2762 τιμηθώσιν,

2256 2786 2357 2838 οὑκ
2406 2786 2497 2854 ἀφ’
2530 2779 2605 2839 ὧν
2647 2788 2800 2840 αὐτοὶ
2829 2788 3194 2859 πράττουσιν,
3230 2786 3344 2839 ἀλλ’
3398 2786 3493 2855 ἀφ’
3529 2779 3604 2839 ὧν
3638 2786 3822 2844 ἐκεῖνος

2260 2876 2477 2949 πράξας
2518 2876 2877 2948 θαυμάζεται.
3222 2916 3241 2935 ,

1100 2968 1252 3026 ccc.
1276 2966 1602 3032 4121mm.
2777 2967 2857 3023 Τι.
2879 2997 2947 3011 -
2980 2971 3066 3041 Τῼ
3101 2969 3307 3039 ΑΥΤῼ.

772 3062 1043 3123 Samuelis
1071 3060 1339 3130 propheta:
1372 3060 1671 3130 exemplum
1697 3067 1851 3131 urget
1888 3070 2079 3117 contra
2122 3065 2291 3140 ma'los
2324 3062 2631 3131 episcopos;
2670 3072 2848 3130 estque
2887 3079 3013 3132 pars
3041 3063 3330 3131 superioris
3372 3061 3631 3131 epistola.

634 3162 694 3218 Si
740 3176 771 3215 a
824 3159 993 3215 Paulo
1034 3156 1385 3219 dissentiant,
1434 3154 1501 3209 de
1541 3168 1650 3224 quo
1709 3154 1969 3212 Servator
2002 3157 2080 3212 ait
2130 3165 2225 3225 :c

2335 3157 2401 3210 Εἰ
2431 3155 2509 3226 τῷ
2530 3155 2738 3227 ’Παύλῳ
2768 3156 3164 3227 παραχωροῦσι
3205 3156 3293 3209 διὰ
3324 3156 3385 3208 τὸ
3424 3155 3707 3225 εἰρηκέναι
3736 3155 3821 3207 τὸν

556 3275 589 3307 ι(
624 3254 731 3309 Vas
752 3252 1036 3308 electionis
1061 3249 1193 3303 mihi
1225 3256 1308 3302 est
1331 3247 1519 3310 iste",
1559 3265 1577 3297 ι
1625 3249 1753 3316 quid
1800 3247 1866 3303 de
1899 3248 2151 3305 Samuele
2272 3256 2296 3307 Σ

2272 3253 2525 3325 Σωτῆρα,
2570 3271 2587 3304 ι
2648 3251 2851 3314 Σκεῦος
2898 3252 3130 3321 ἐκλογῆς
3181 3252 3273 3321 μοί
3320 3253 3468 3304 ἐστιν
3506 3246 3691 3311 οὗτος·
3732 3271 3751 3301 ι
3778 3250 3827 3302 τί

554 3348 686 3416 jure
719 3346 921 3407 dicent,
948 3342 999 3395 in
1027 3356 1133 3409 quo
1153 3337 1547 3409 rempublicam
1582 3338 1997 3394 administrante
2027 3352 2152 3407 per-
2254 3363 2296 3414 φη

2254 3347 2409 3414 φαῖεν
2445 3345 2540 3398 καὶ
2572 3343 2703 3413 περὶ
2750 3341 2845 3395 τοῦ
2881 3342 3137 3411 Σαμουὴλ
3161 3371 3198 3404 ,ο
3220 3340 3317 3394 τοῦ
3352 3342 3413 3393 ὲν
3443 3341 3659 3411 χρόνοις
3690 3341 3823 3392 πολι-

556 3438 759 3493 tectam
824 3433 1026 3488 nullam
1093 3431 1349 3484 virtutem
1412 3428 1764 3483 desiderant?
1828 3428 1992 3501 651
2056 3429 2153 3484 Et-
2251 3454 2296 3490 τε

2251 3436 2591 3505 τευσαμένου
2639 3435 2774 3505 μηδὲ
2814 3434 3028 3488 τελείαν
3078 3433 3404 3487 ἀπαιτοῦσιν
3442 3435 3691 3503 ἀρετήνς
3726 3433 3823 3484 Καὶ

565 3528 711 3581 enim
745 3524 978 3581 subditis
1010 3523 1174 3576 etiam
1205 3519 1321 3575 suis
1337 3519 1600 3589 judicium
1626 3520 1694 3575 de
1726 3534 1787 3575 se
1806 3519 2076 3590 permisit,
2100 3530 2155 3575 et
2253 3544 2296 3597 γι

2253 3527 2363 3599 γὰρ
2406 3527 2658 3590 κάκεῖνος
2688 3528 2800 3588 τοῖς
2840 3526 3105 3596 ὑπηκόοις
3151 3525 3249 3589 τὴν
3281 3525 3414 3596 περὶ
3443 3524 3612 3578 αὑτοῦ
3658 3525 3822 3594 ψῆφον

554 3619 763 3686 «cuique
810 3616 904 3687 qui
951 3626 1215 3683 accusare
1272 3610 1459 3677 vellet,
1503 3610 1670 3667 libere
1742 3611 2034 3682 concessit,
2096 3619 2151 3666 et
2256 3623 2296 3673 ὲτ

2256 3619 2577 3692 ἐπιτρέψας,
2594 3620 2689 3672 καὶ
2704 3615 3186 3689 προκαλεσάμενος
3204 3618 3293 3671 τὸν
3323 3614 3652 3687 βουλόμενον
3678 3617 3821 3683 ἐλεγ-

556 3712 744 3766 citans
772 3724 929 3764 suum
962 3714 1362 3769 accusatorem,
1393 3718 1461 3757 an
1506 3702 1740 3758 subditis
1770 3702 2003 3774 injurius
2033 3717 2148 3757 rem
2256 3710 2296 3777 ξι

2256 3710 2372 3777 ξαι,
2412 3712 2460 3764 εἰ
2506 3710 2853 3781 ἐπιθυμήσας
2906 3710 3054 3773 τινὸς
3114 3710 3189 3772 ὡς
3220 3709 3407 3781 ἄρχων
3443 3708 3674 3780 ἠδίκησε
3714 3710 3823 3771 τοὺς

558 3801 803 3870 alicujus
839 3809 1094 3867 tanquam
1124 3798 1378 3868 princeps
1413 3794 1835 3863 concupivisset,
1880 3794 2148 3861 injuriave
2251 3808 2296 3877 ,ξι³

2251 3807 2612 3879 ἀρχομένους,
2659 3807 2753 3860 ὑπ’
2787 3806 3001 3871 οὐδενὸς
3052 3806 3340 3878 ἐνεκλήθη,
3370 3803 3497 3858 οὔτε
3532 3803 3714 3870 ἑάλω,
3752 3801 3823 3870 ἐφ’

567 3895 803 3962 aliquem
833 3891 1126 3953 affecisset,
1157 3903 1185 3941 a
1235 3886 1451 3941 nemine
1490 3884 1783 3939 damnatus
1824 3895 1931 3950 est,
1979 3900 2156 3955 neque
2253 3894 2296 3953 οῖ

2253 3894 2450 3970 οἷσπερ
2485 3899 2725 3970 συνεχῶς
2749 3893 2894 3953 οὗτοι
2930 3898 3266 3954 ἁλίσκονται.

510 4042 513 4043 ν
554 3982 848 4037 «convictus
863 3987 947 4032 est
976 3979 1029 4031 in
1064 3977 1126 4029 iis
1159 3975 1341 4039 rebus,
1375 3974 1428 4027 in
1459 3972 1656 4043 quibus
1673 3974 1809 4030 tales
1829 3975 2153 4044 reprehendi

558 4074 765 4127 merito
794 4076 1192 4125 consueverunt
1211 4067 1278 4118 7°.

778 4191 949 4247 CCCI.
988 4221 1059 4232 —
1086 4188 1365 4246 HIERACI
1394 4189 1559 4247 VIRO
1590 4185 1905 4244 CLARISS.

2544 4192 2589 4245 Τ
2593 4193 2669 4246 A'.
2696 4218 2767 4229 —-
2787 4191 3026 4245 ΙΕΡΔΚΙ
3056 4192 3553 4264 ΛΑΜΠΡΟΤᾹΤῼ.

715 4289 795 4345 Ea:
821 4289 1077 4345 teconomi
1110 4300 1307 4359 etymo;
1352 4307 1371 4341 ι
1411 4288 1819 4358 Dispensatores
1861 4285 2233 4359 mysteriorum
2262 4286 2379 4341 Dei.
2413 4306 2431 4339 ι
2474 4287 2525 4359 (1
2541 4287 2680 4359 Cor.
2716 4304 2789 4354 tv,
2814 4288 2895 4359 2.)
2950 4285 3239 4344 Eusebium
3285 4290 3370 4342 hic
3399 4299 3457 4343 ut
3490 4288 3705 4344 Pelusii

1869 4355 2305 4425 ψευδεπίσκοπον
2335 4355 2559 4428 arguit.)

635 4458 697 4512 Si
736 4457 911 4511 dictus
946 4468 1282 4521 esconomus,
1329 4453 1472 4522 quod
1513 4452 1659 4507 domi
1703 4451 1913 4522 singula
1962 4450 2151 4505 distri-
2186 4462 2229 4517 ι)

2328 4456 2393 4509 Εἰ
2422 4455 2707 4527 οἰκονόμος
2762 4456 2979 4527 εἴρηται
3016 4456 3166 4528 παρά
3194 4457 3255 4510 τὸ
3308 4456 3526 4528 ἑκάστῳ
3553 4458 3612 4511 τὸ
3643 4460 3830 4511 οξκεῖον

558 4554 716 4616 'buat,
757 4550 842 4603 vel
876 4550 1019 4619 quod
1054 4564 1153 4618 pro
1180 4549 1445 4617 dignitate
1500 4547 1643 4601 domi
1678 4546 1875 4616 cuique
1922 4544 2148 4610 dividat,
2256 4563 2296 4599 Vl

2256 4545 2464 4617 νέμειν,
2501 4546 2535 4618 ἢ
2566 4546 2719 4619 παρά
2748 4548 2811 4601 τὺ
2840 4550 3061 4619 ἑκάστῳ
3102 4550 3209 4602 τῶν
3237 4551 3296 4602 ὲν
3322 4549 3401 4619 τῷ
3430 4552 3565 4620 οἴκῳ
3600 4551 3670 4602 τὸ
3712 4550 3830 4621 πρὸς

562 4646 765 4699 merito
807 4651 863 4695 tu
900 4645 1115 4711 quidem
1144 4641 1451 4705 admiraris,
1500 4654 1599 4693 cur
1630 4639 1763 4693 nihil
1791 4639 1983 4692 horum
2038 4636 2150 4690 Eu-
2254 4636 2296 4689 ἀ.

2254 4635 2411 4702 ἀξίαν
2469 4636 2694 4707 νέμειν’
2764 4640 2992 4702 εἰκότως
3040 4638 3368 4710 θαυμάζεις,
3411 4640 3531 4703 πῶς
3580 4642 3830 4701 Εὐσέϐιος

560 4735 753 4791 sebius
777 4733 960 4796 faciat,
995 4731 1093 4787 sed
1131 4746 1253 4786 cum
1278 4730 1635 4800 populivorus
1664 4730 1757 4793 sit,
1804 4730 1870 4782 ad
1902 4728 2153 4799 populum
2258 4745 2296 4797 μ

2258 4725 2429 4797 μηδὲν
2465 4726 2677 4780 τοιοῦτο
2711 4727 3200 4801 διαπραττόμενος,
3234 4730 3371 4785 ἀλλὰ
3410 4732 3506 4785 καὶ
3539 4732 3829 4802 δημοϐόρος

562 4826 731 4882 verba
764 4824 945 4878 facere
976 4824 1155 4889 audet,
1187 4823 1406 4890 inopum
1447 4822 1588 4875 bona
1630 4821 2017 4882 intervertens,
2051 4834 2144 4874 os-
2256 4818 2296 4870 ὣ

2256 4818 2353 4883 ὢν,
2387 4818 2469 4871 ἔτι
2500 4819 2598 4872 καὶ
2625 4819 2963 4892 δημηγορεῖν
2996 4822 3194 4893 τολμᾷ,
3225 4824 3293 4876 τὰ
3326 4824 3426 4895 μὲν
3454 4824 3565 4877 τῶν
3593 4826 3828 4895 πενήτων

560 4932 675 4985 que
692 4913 903 4983 aperire
924 4926 1210 4981 aggressus
1235 4912 1300 4965 ad
1324 4920 1567 4965 sanctam
1597 4909 1937 4980 Scripturam
1968 4910 2155 4978 legen-
2258 4928 2296 4963 cr

2258 4907 2735 4981 σφετεριζόμενος,
2783 4913 2961 4984 στόμα
3010 4915 3066 4969 δὲ
3118 4917 3326 4981 ἀνοῖξαι
3381 4917 3690 4988 ἐπιχειρῶν
3741 4915 3828 4969 ὑπὸ

563 2312 711 2356 tanto
736 2299 988 2355 conferre
1015 2298 1133 2353 viro
1172 2311 1277 2351 non
1301 2296 1652 2360 erubescunt,
1679 2307 1848 2362 seque
1886 2291 2003 2360 ejus
2030 2306 2149 2346 esse

560 2394 798 2450 asseclas
829 2394 1073 2463 iactant;
1126 2405 1231 2444 non
1265 2389 1517 2458 ignorant
1558 2396 1736 2441 tamen
1772 2386 1917 2455 quod
1966 2387 2144 2449 ipsum

562 2487 897 2541 admirentur
915 2500 1019 2538 non
1048 2480 1296 2536 imitandi
1329 2480 1456 2546 (ine,
1480 2480 1577 2535 sed
1614 2488 1673 2533 ut
1703 2478 1872 2533 divini
1910 2477 2147 2532 hominis

565 2586 869 2631 sectatores
907 2581 1226 2644 appareant,
1264 2586 1370 2625 non
1403 2586 1471 2625 ex
1502 2571 1616 2626 suis
1648 2569 1929 2642 operibus,
1953 2570 2046 2626 sed
2078 2569 2148 2624 ob

559 2684 622 2726 ea
654 2682 823 2741 opera
849 2667 992 2722 illius
1014 2680 1136 2737 quae
1165 2663 1527 2719 admirantur.

563 5014 701 5064 dam
736 5007 1006 5063 clausum.
2257 5019 2296 5054 τ‹

2257 5001 2365 5055 τῶν
2395 5002 2435 5054 Γ
2440 5002 3063 5075 ραφῶν-κεκλεισμὲνον.

708 5112 916 5170 CCCI].
945 5141 1018 5153 —
1050 5108 1429 5166 DOROTHEO
1467 5108 1780 5165 C‘LARISS.
1824 5108 2007 5165 VlRO.

2507 5112 2630 5167 TB'.
2666 5144 2736 5157 -—
2762 5115 3070 5189 ΔΩΡΟΘΕῼ
3101 5119 3599 5195 ΛΛΜΠΡΟΤΑΤῼ.

1384 5200 1562 5268 Huius
1593 5213 1640 5256 et
1673 5201 1873 5271 futura:
1900 5204 2021 5257 vita:
2049 5203 2455 5258 dissimilitudo.
2486 5204 2666 5274 (Conf.
2694 5207 2851 5276 epist.
2880 5208 3035 5280 22%.)

639 5294 1101 5364 Quemadmodum
1125 5290 1510 5348 dissimilitudo
1537 5307 1655 5361 quae
1678 5293 1839 5346 vitam
1864 5292 2155 5349 comitatur

2337 5294 2550 5367 Ὥσπερ
2580 5298 2613 5367 ὴ
2640 5298 2928 5368 ἀνωμαλία
2958 5301 2992 5371 ή
3017 5303 3077 5354 ἐν
3104 5301 3240 5372 τῷδε
3292 5305 3371 5375 τῷ
3423 5306 3524 5379 βίῳ
3550 5311 3827 5380 χορεύουσα

563 5389 896 5461 aequalitatis
929 5387 1141 5442 videtur
1168 5385 1497 5451 dill‘erentia,
1532 5386 1612 5442 sic
1641 5394 1697 5441 et
1734 5387 1787 5440 in
1816 5384 1995 5440 futura
2028 5386 2136 5440 vita
2246 5386 2296 5439 τί

2248 5386 2344 5455 τῆς
2380 5387 2624 5451 ἰσότητος
2654 5384 2792 5442 εἴναι
2834 5390 2984 5444 δοκεί
3037 5393 3269 5466 διαφορὰ
3316 5397 3454 5470 (88),
3495 5400 3644 5455 οὕτω
3678 5404 3762 5456 καὶ
3798 5404 3823 5469 ἡ

641 5504 689 5536 ⁷⁸
719 5502 764 5558 ll
792 5502 921 5559 Cor.
953 5517 1035 5567 ιι,
1066 5501 1158 5558 29.
1233 5502 1279 5534 "
1313 5502 1437 5558 Act.
1468 5516 1561 5567 xx,
1601 5501 1691 5556 55.
1769 5501 1817 5533 ⁷⁸
1844 5505 1963 5556 Act.
2002 5517 2081 5566 ix,
2111 5501 2201 5555 15.
2278 5502 2296 5531 ”

2278 5502 2322 5533 ’9
2354 5499 2527 5573 lReg.
2554 5519 2656 5570 xu,
2681 5504 2737 5574 5,
2761 5506 2835 5574 4;
2867 5506 3040 5563 Eccli.
3082 5526 3226 5576 sui,
3257 5510 3344 5565 16.

1715 5611 1953 5668 ἾΑΒΙᾹΞ
1992 5611 2382 5671 LECTIONES
2420 5616 2511 5671 ET
2547 5616 2784 5675 ΝΟΤᾸΞ.

645 5725 757 5796 (88)
791 5725 897 5779 Pro
951 5725 1181 5798 διαφορά
1216 5726 1377 5784 codd.
1427 5726 1553 5783 Vat.
1594 5724 1700 5783 650
1768 5734 1823 5782 et
1861 5725 1967 5781 Alt.
2032 5724 2216 5797 legum
2268 5726 2296 5780 δ

566 5796 775 5851 ἐκεῖσε.
814 5796 1019 5853 Possim.

2268 5726 2569 5801 διαφθορά·
2618 5743 2676 5790 et
2726 5749 2868 5791 vers.
2928 5751 3054 5808 pen.
3116 5751 3203 5809 ep.
3255 5739 3467 5797 ἐκεῖθεν
3526 5749 3736 5801 mutarat
3774 5741 3821 5795 in
