3982 6420
182 375 331 444 1513

1066 375 1609 439 EPISTOLARUM
1651 377 1800 437 LIB.
1839 378 1909 438 V.
1946 400 2012 412 -
2068 376 2313 439 EPIST.
2354 378 2587 439 CCCVI.

3327 375 3464 445 ιδιι

177 496 242 550 ὲν
271 493 356 565 τῷ
386 492 638 565 μέλλοντι
679 492 843 547 αἰῶνι
872 492 1150 564 ἀνισότης.
1180 494 1254 546 (νύ
1294 493 1402 565 γὰρ
1436 493 1638 557 πάντες
1667 493 1777 547 τῶν
1808 508 1821 557 Α

1879 499 2082 548 mterna
2108 494 2215 548 erit
2233 494 2585 564 inaequalitas.
2615 492 2732 549 Non
2755 496 2899 550 enim
2918 496 3107 551 eadem
3127 508 3319 553 omnes
3341 512 3464 553 cou-

176 585 369 640 αύτῶν
413 584 841 639 ἀπολαύσονται.
876 584 1013 637 Οὐδὲ
1054 585 1167 656 γὰρ
1194 584 1403 638 δίκαιον
1433 588 1529 639 τοῖ.
1588 588 1665 657 μὴ
1718 585 1779 639 τὸ

1886 594 2204 653 sequentur.
2246 585 2497 656 lniquum
2520 586 2665 641 enim
2699 596 2848 642 esset
2889 597 2950 641 ιιι
2987 587 3056 643 iis
3091 588 3185 657 qui
3225 588 3465 660 disparia

178 678 299 730 ῑαον
356 676 692 745 πεποιηκόσι
738 674 802 727 τὸ
858 673 973 727 ίσον
1021 674 1472 746 ἀπνεμηθῆναι·
1531 674 1776 746 ἰσότητός

1880 686 2192 743 gesserunt,
2243 678 2471 748 aequalia
2509 678 2867 734 tribuantur:
2912 680 3238 750 :equalitatis
3290 690 3376 737 est
3408 691 3466 737 et

187 771 310 821 ἐστι
347 767 444 820 καὶ
475 766 833 837 δικαιοσύνης
862 767 1161 833 ἀπόδειξις.
1187 766 1316 819 AUC
1350 769 1384 838 ἠ
1423 770 1523 837 μὲν
1544 767 1779 821 ἐνταῦθα

1874 767 2100 836 iustitiae
2119 771 2530 826 demonstratio.
2564 771 2767 828 Verum
2792 773 2837 828 si
2862 788 2967 843 qua
2986 773 3075 828 hic
3099 773 3465 844 inaequalitas,

177 858 473 929 ἀνωμαλία
507 858 739 928 μελέτης
761 859 855 913 καὶ
884 859 1199 930 γυμνασίας
1228 860 1393 913 ἓνεκα
1433 860 1782 933 συγκεχώρη-

177 969 273 1005 ται
296 967 311 981 ο
355 953 388 1019 ἠ
420 951 476 1005 δὲ
516 952 752 1017 ἐκεῖθεν,
787 951 1137 1024 δικαιοσύνης
1164 952 1350 1007 ἕνεκεν
1376 955 1471 1007 καὶ
1492 955 1784 1027 εὐδοκιμή-

174 1060 322 1108 σεως
352 1044 667 1114 γενήσεται.

712 1151 834 1205 ’IT'.
874 1178 946 1191 -
977 1151 1232 1222 ΠΑΥΛῼ.

1883 862 2264 919 sollicitudinis
2302 866 2822 935 exercitationisque
2866 866 3043 937 gratia
3078 866 3187 934 I'lit;
3224 866 3297 922 ibi
3335 882 3467 923 vero

1879 952 2107 1020 justitite
2140 969 2204 1008 ac
2231 954 2475 1023 probata:
2505 956 2627 1009 vitae
2652 955 2824 1025 gratia
2862 957 3213 1013 retribuetur.

2343 1156 2562 1214 CCClll.
2612 1191 2685 1202 -
2736 1142 2989 1216 PAULO.

1126 1247 1236 1302 Deo
1270 1246 1338 1302 0.
1370 1247 1450 1302 Μ.
1481 1266 1576 1317 pro
1608 1252 1854 1306 omnibus
1886 1255 2039 1308 rebus
2069 1257 2287 1325 agenda:
2315 1258 2525 1324 gratia.

262 1365 358 1417 Ἐν
386 1365 511 1427 ταῖς
541 1363 677 1436 πρὸς
710 1364 774 1418 τὸ
803 1365 961 1419 Θεῖον
990 1367 1366 1439 εὐχαριστίαις
1411 1366 1517 1440 χρὴ
1564 1368 1775 1433 πάντας

1948 1368 2260 1424 Gratiarum
2296 1371 2363 1423 ad
2400 1371 2567 1425 Delum
2599 1369 2870 1425 actionem
2904 1368 3113 1426 referre
3144 1382 3247 1440 pro
3275 1372 3460 1426 omni-

175 1458 619 1524 συνεισενεγκεῖν
652 1454 682 1507 ὃ
708 1454 932 1527 ἔχομεν,
964 1457 1156 1529 ἐπειδὴ
1197 1459 1300 1513 οὐκ
1323 1458 1522 1529 ἔχομεν
1541 1458 1571 1511 ὃ
1597 1475 1776 1528 χρεω-

1878 1463 1978 1515 lrus
2010 1476 2132 1530 qua:
2154 1463 2419 1516 habemus
2464 1462 2740 1517 convenit.
2780 1461 2965 1534 Neque
2995 1463 3140 1518 enim
3188 1471 3473 1532 quantum

174 1549 307 1601 στοῦ
318 1565 451 1618 μεν’
485 1548 539 1601 τί
575 1548 687 1619 γὰρ
714 1550 811 1602 καὶ
835 1550 1301 1621 προσενέγκοιμεν
1320 1549 1471 1616 ἀξιον
1492 1550 1572 1621 τῷ
1590 1551 1775 1621 πάσης

1875 1552 2153 1618 debemus,
2179 1566 2492 1622 possumus.
2531 1552 2673 1619 Quid
2705 1553 2851 1608 enim
2890 1553 3220 1624 condignum
3263 1550 3460 1608 allen-a-

171 1641 419 1711 ἀμοιόῆς
447 1641 717 1709 κρείττονι
736 1658 750 1705 ;

723 1754 843 1808 1w.
880 1785 949 1795 —
982 1756 1230 1827 ΠΕΤΡῼ.

1878 1653 1987 1705 tur,
2029 1641 2115 1696 cui
2148 1640 2285 1695 nihil
2318 1655 2423 1696 non
2464 1641 2738 1696 debetur?

2356 1746 2579 1803 CCCIV.
2615 1778 2684 1791 —
2712 1748 2963 1805 PETRO.

938 1845 1246 1901 Periculose
1275 1847 1542 1915 laborant,
1573 1848 1665 1917 qui
1690 1844 1827 1900 male
1852 1850 2065 1914 agentes
2105 1840 2228 1895 boni
2254 1842 2422 1896 videri
2451 1842 2691 1908 cupiunt.

246 1959 323 2011 Τὸ
347 1958 511 2025 ἄδοξα
542 1960 875 2031 πράττοντα,
910 1959 1124 2027 ἔνδοξον
1149 1959 1331 2014 δοκεῖν
1371 1955 1532 2026 εἶναι,
1562 1959 1777 2023 πολλοῖς
1809 1952 1821 2007 1

1953 1952 2113 2025 Optat
2138 1954 2356 2024 quidem
2380 1953 2541 2024 vulgo
2574 1953 2868 2024 gloriosum
2921 1953 3118 2021 videri,
3158 1955 3249 2025 qui
3284 1956 3459 2026 turpia

172 2051 279 2119 μὲν
302 2051 557 2104 εὐκταῖον
589 2055 773 2121 σοφοῖς
793 2052 852 2106 δὲ
881 2054 980 2105 οὐκ
1007 2051 1297 2123 ἐράσμιον.
1339 2052 1407 2106 Ἦ
1435 2051 1543 2121 γὰρ
1569 2049 1768 2117 ἔξωθεν

1876 2055 2091 2116 patrat;
2153 2046 2429 2115 sapientes
2470 2054 2659 2099 contra
2706 2045 2761 2101 id
2807 2056 3152 2102 aversantur.
3203 2046 3459 2104 Extrema

167 2144 303 2210 δόξα
344 2145 445 2215 τὴν
484 2144 638 2199 ἔνδον
669 2146 889 2211 ἀδοξίαν
917 2149 1131 2217 νευροῖο
1164 2145 1261 2200 καὶ
1285 2145 1348 2199 τὸ
1377 2145 1557 2199 δοκεῖν
1585 2145 1765 2213 ὑγιαί-

1874 2141 2018 2194 enim
2040 2138 2233 2207 g!oria,
2266 2139 2535 2192 internam
2591 2140 2917 2194 corroborat
2965 2139 3344 2206 ignominiam,
3403 2151 3464 2197 ut

169 2250 288 2288 νειν
322 2233 421 2288 τοῦ
468 2234 641 2300 ὅντως
695 2236 963 2306 ὑγιαίνειν
994 2238 1297 2306 φαντασίαν
1326 2234 1617 2309 ἐμποιοῦν,
1645 2235 1769 2289 οὐδὲ

1874 2232 2153 2301 persuasio
2214 2231 2280 2283 de
2351 2229 2678 2293 valetudine,
2740 2231 3070 2300 ingenerans
3140 2234 3460 2302 opinionem

168 2324 479 2398 θεραπείαν
516 2326 844 2399 προσίεσθαι
885 2332 1178 2403 συγχωρεῖ.

678 2528 801 2584 τεν.
834 2560 904 2571 -
933 2530 1021 2602 τᾳ
1054 2531 1259 2603 arm.

1869 2334 2037 2379 certa:
2105 2322 2380 2386 sanitatis,
2449 2323 2790 2378 curationem
2850 2333 3110 2394 appetere
3167 2341 3275 2381 non
3347 2340 3467 2396 per

1873 2417 2060 2471 tnittit.

2368 2522 2571 2580 CCCV.
2601 2556 2670 2566 —
2718 2522 2954 2584 EIDEM.

998 2623 1136 2678 Bene
1159 2626 1252 2694 qui
1278 2624 1458 2690 latuit,
1488 2624 1613 2678 bene
1653 2623 1803 2678 vixit.
1840 2618 1955 2692 (Sic
1987 2617 2139 2685 epist.
2176 2615 2301 2682 108,
2334 2615 2462 2681 562,
2497 2616 2649 2686 563.)

252 2728 473 2800 ’Ὥσπερ
503 2730 620 2798 εἴγε
649 2731 758 2802 χρὴ
782 2728 920 2795 ὅλως
955 2732 1377 2804 ὲναδρύνεσθαι,
1428 2732 1531 2786 οὐκ
1568 2731 1662 2785 ἐπὶ
1687 2732 1766 2802 τῷ

1942 2726 2016 2783 Ut
2046 2727 2093 2782 si
2117 2726 2459 2793 gloriandum
2504 2736 2623 2792 est,
2681 2743 2790 2781 non
2828 2727 2897 2784 de
2954 2729 3021 2783 iis
3058 2730 3286 2786 omnino
3337 2746 3459 2801 qua:

168 2821 441 2892 πράττειν
470 2821 654 2886 ἀπλῶς
686 2821 721 2877 ἀ
753 2822 829 2895 μὴ
849 2823 930 2876 δεῖ
957 2824 1063 2895 χρὴ
1092 2824 1482 2895 σεμνύνεσθαι,
1515 2823 1633 2879 ἀλλ’
1672 2824 1767 2876 ἐπὶ

1874 2817 2024 2875 nefas
2053 2818 2128 2875 sit
2156 2834 2344 2887 agere,
2393 2818 2490 2873 liat
2545 2821 2865 2886 ostentatio,
2921 2821 3015 2876 sed
3061 2821 3129 2877 de
3160 2822 3246 2889 iis
3277 2826 3460 2894 p0tius

174 2914 258 2984 τῷ
290 2914 555 2983 πράττειν
586 2914 623 2968 ἃ.
652 2920 758 2986 χρή
780 2931 794 2944 ·
820 2915 936 2969 ἔστι
966 2917 1077 2988 γάρ
1106 2916 1353 2989 ἀπραξία
1375 2977 1383 2986 ,
1405 2915 1660 2988 πράξεως
1686 2916 1768 2970 αἱ-

1870 2925 1993 2979 quae
2022 2924 2186 2980 agere
2214 2920 2448 2979 Oportet.
2491 2909 2591 2966 Est
2623 2912 2771 2967 enim
2820 2912 3060 2984 optanda
3086 2915 3461 2985 tranquillitas

172 3006 479 3078 ρετωτέρα.
513 3006 673 3060 Οῦτω
709 3008 804 3061 καὶ
834 3009 929 3061 ἐπὶ
961 3007 1039 3079 τῷ
1076 3007 1285 3074 ἀδοξεῖν
1320 3007 1507 3073 ἁπλῶς
1539 3009 1603 3061 οὐ
1658 3007 1767 3080 χρὴ

1874 3005 2049 3073 potius
2080 3016 2242 3073 quam
2282 3003 2580 3074 negotium.
2608 3002 2700 3059 Sic
2724 3014 2781 3060 et
2805 3005 3053 3077 ignotum
3083 3020 3207 3064 esse
3234 3009 3463 3065 omnino

170 3099 490 3162 λυπεῖσθαι,
538 3099 655 3153 ἀλλ’
684 3100 775 3152 ἐπὶ
825 3100 904 3170 τῷ
949 3099 1175 3164 δικαίως
1214 3099 1454 3166 ἀδοξεῖν·
1512 3100 1763 3173 ἔστιγὰρ

169 3188 364 3257 ἀδοξία
394 3189 551 3262 δόξης
577 3190 982 3262 ἀσφαλεστέρα.

644 3389 787 3459 Τςν.
823 3421 893 3436 -
918 3390 1271 3462 ΘΕΟΔΟΣΙῼ.

1875 3094 2164 3150 dolendum
2216 3109 2320 3150 non
2382 3103 2489 3160 est.
2534 3095 2644 3151 imo
2688 3098 2935 3168 ignotum
2984 3112 3106 3155 esse
3163 3100 3461 3169 optandum

1874 3186 2131 3243 maxime.
2183 3183 2378 3242 Tutius
2416 3197 2501 3243 est
2551 3187 2696 3244 enim
2749 3189 3015 3261 ignorari,
3071 3204 3233 3260 quam
3301 3192 3453 3249 fatua

1794 3262 1843 3325 ο
1872 3280 2158 3336 celebrari.

2181 3388 2350 3461 652
2394 3388 2619 3447 CCCVI.
2645 3422 2716 3432 —
2749 3389 3168 3452 THEODOSIO.

663 3480 872 3538 Lusum
904 3485 1266 3547 temperantia:
1303 3484 1584 3539 aduersum
1611 3482 1944 3555 fugiendum,
1982 3499 2078 3537 nec
2101 3483 2242 3553 vulgi
2268 3484 2466 3547 iudicio
2488 3500 2568 3538 res
2593 3485 2969 3548 ponderanda.

252 3594 322 3649 Ἦ
347 3593 554 3667 τρυφὴ,
585 3595 620 3665 ἡ
654 3597 839 3665 πάσης
866 3595 1161 3660 ἀκολασίας
1190 3597 1285 3649 καὶ
1310 3597 1495 3667 μήτηρ
1522 3595 1619 3649 καὶ
1640 3611 1767 3667 τρο-

167 3687 295 3755 φὺς,
322 3686 454 3739 ὅταν
506 3684 767 3757 τρκπέζῃ
817 3686 1123 3771 πληθούση,
1162 3688 1259 3742 καὶ
1301 3687 1578 3750 παντοίοις
1611 3686 1766 3756 ὄψοις

167 3779 270 3833 καὶ
298 3778 578 3849 ἡδύσμασι
613 3776 867 3849 κομὼσῃ,
895 3779 995 3851 τὴν
1026 3779 1125 3850 μὲν
1157 3778 1352 3849 γεῦσιν
1372 3779 1481 3833 τῶν
1510 3779 1765 3851 ὁρώντων

168 3870 316 3941 πρὸς
360 3869 659 3941 ἐπιθυμίαν
693 3870 916 3942 κινήσῃ,
961 3871 1053 3924 τὸν
1081 3871 1139 3924 δὲ
1168 3871 1294 3926 νοῦν
1322 3871 1433 3925 τῶν
1464 3872 1763 3943 χρωμένων

167 3962 535 4033 ὲπιὸρίθουσα
563 3963 875 4034 χρήσασθαί
896 3980 1019 4017 τινα
1050 3964 1345 4038 ἀναπείσῃ,
1368 3963 1430 4016 τὸ
1453 3964 1760 4035 τηνικαῦτα

167 4054 437 4122 ναυάγιον
485 4053 635 4125 αὐτῷ
668 4054 940 4126 προξενεῖ,
989 4056 1069 4119 είς
1100 4056 1196 4108 τὸν
1234 4050 1397 4126 βυθὸν
1421 4054 1531 4109 τῶν
1567 4054 1762 4109 παθῶν

164 4145 658 4201 καταποντίσασα’
718 4146 992 4216 φυλάττου
1042 4147 1223 4200 τοίνυν
1264 4146 1496 4219 ταύτην,
1541 4148 1636 4201 καὶ
1664 4147 1764 4218 τὴν

165 4237 513 4308 αὐτάρκειαν
544 4237 683 4307 τίμα
707 4256 721 4270 ·
752 4232 812 4291 εὖ
841 4235 1019 4302 εἰδὼς,
1045 4237 1129 4290 ὅτι
1161 4236 1286 4292 οὔτε
1312 4237 1374 4291 τὸ
1397 4238 1625 4310 αἰσχρὸν
1650 4236 1762 4293 οἷόν

166 4347 232 4382 τε
287 4327 495 4397 ἀγαθὸν
545 4327 804 4396 γενέσθαι
832 4331 902 4400 τῇ
932 4327 1042 4382 τῶν
1088 4329 1437 4400 πραττόντων
1471 4330 1761 4400 συμφωνίᾳ

167 4421 577 4492 κοσμούμενον,
603 4421 708 4474 κᾶν
740 4421 941 4484 πάντες
969 4422 1199 4493 ῥήτορες
1221 4421 1318 4474 καὶ
1349 4422 1604 4490 σοφισταὶ
1632 4439 1759 4474 συν-

1932 3592 2116 3648 Luxus
2149 3595 2331 3651 omnis
2356 3596 2789 3665 intemperantiae
2815 3607 2991 3655 mater
3033 3610 3122 3657 est
3146 3607 3204 3656 et
3240 3599 3458 3667 nutrix,

1865 3684 1954 3738 ubi
1984 3698 2172 3740 mensa
2198 3684 2421 3752 referta,
2446 3697 2502 3740 et
2520 3686 2830 3744 omnifariis
2852 3689 3100 3747 obsoniis
3128 3700 3293 3763 atque
3319 3708 3455 3749 oon-

1861 3776 2119 3832 dimentis
2172 3782 2432 3847 superba,
2489 3789 2710 3849 gustum
2753 3782 2973 3851 quidem
3011 3784 3342 3841 intuentium
3379 3787 3451 3842 ad

1859 3867 2223 3937 appetendum
2269 3871 2661 3940 commoverit,
2713 3873 2983 3929 utentium
3041 3890 3174 3932 vero
3212 3887 3454 3936 mentem

1866 3975 2214 4030 praegravans
2233 3963 2302 4016 ad
2337 3963 2596 4019 utendum
2623 3966 2934 4036 quempiam
2982 3966 3286 4036 induterit,
3325 3958 3457 4027 tunc

1869 4053 2211 4123 naufragium
2266 4054 2366 4121 ipsi
2421 4065 2608 4126 parat,
2684 4058 2741 4112 in
2812 4059 3143 4129 profundum
3188 4063 3457 4119 malarum

1864 4143 2212 4199 allectionum
2288 4148 2633 4218 demergens.
2706 4149 2920 4206 Luxum
2998 4153 3186 4223 itaque
3253 4156 3456 4220 devita,

1861 4246 2150 4293 contentus
2194 4252 2261 4291 eo
2304 4238 2449 4307 quod
2502 4249 2587 4297 est
2625 4243 2765 4296 satis
2801 4258 2817 4296 :
2869 4243 3041 4312 probe
3100 4256 3455 4317 perspectum

1861 4328 2068 4383 habens
2091 4328 2235 4397 quod
2259 4338 2416 4399 turpe
2436 4338 2544 4394 est,
2576 4318 2779 4385 bonum
2799 4329 2940 4387 eﬂici
2963 4347 3242 4402 nunquam
3269 4349 3455 4405 posse.

1859 4434 2126 4477 consensu
2152 4435 2348 4477 oausas
2378 4424 2657 4493 agentium
2689 4434 3041 4493 exornatum,
3073 4428 3178 4483 etsi
3203 4436 3458 4484 oratores

164 4513 575 4583 ἀγωνίζωνται⁵
633 4512 759 4567 οὔτε
788 4513 851 4567 τὸ
880 4512 1046 4566 καλὸν
1076 4514 1469 4584 μεταπεσεῖται
1497 4514 1577 4578 είς
1599 4515 1759 4567 τούν-
1795 4512 1821 4568 Ι

1874 4528 2058 4569 omnes
2123 4524 2292 4585 atque
2348 4514 2606 4586 sophista:
2658 4514 2928 4574 laudando
2961 4519 3316 4574 contendant.
3363 4518 3459 4575 Sic

170 4604 381 4670 αντίον,
426 4603 532 4656 κᾶν
573 4598 657 4667 εἷς
689 4603 872 4674 μόνος,
922 4603 1127 4674 μᾶλλον
1154 4604 1213 4657 δὲ
1239 4603 1366 4675 μηδ’
1392 4598 1473 4668 εἷς
1497 4605 1755 4675 φαίνηται

164 4695 366 4749 τούτου
393 4696 653 4767 ἐραστής.
684 4696 889 4767 Παρεὶς
915 4697 1098 4749 τοίνυν
1135 4696 1238 4768 τὴν
1269 4696 1381 4752 τῶν
1411 4696 1625 4751 πολλῶν
1651 4697 1758 4770 ψῆ-

164 4804 295 4857 φον,
335 4786 508 4857 αύτῆς
538 4786 665 4858 ἔχου
696 4787 796 4859 τῆς
826 4787 1059 4859 ἀρετῆς·
1093 4788 1190 4840 καὶ
1223 4787 1401 4842 πάντα
1446 4788 1548 4860 μὲν
1587 4788 1754 4857 ποίει,

165 4881 268 4935 καὶ
306 4879 524 4950 μυρίοις
571 4877 872 4949 ὀφθαλμοῖς
902 4878 970 4932 τὰ
1004 4879 1148 4933 κατά
1183 4880 1381 4934 σαυτὸν
1406 4881 1752 4951 περισκόπει,

160 4972 320 5033 ὅπως
339 4969 578 5041 μηδεμία
603 4969 756 5040 παρά
779 4969 874 5023 σοῦ
898 4973 1007 5034 τοῖς,
1040 4970 1212 5034 πέλας
1235 4972 1532 5043 ἐπιφύηται
1557 4974 1754 5044 βλάϐη,

157 5061 248 5132 τῷ
276 5063 464 5115 πᾶσαν
512 5062 814 5116 σκανδάλου
853 5062 1014 5134 ῥίζαν
1066 5063 1379 5134 ἐκτέμνειν.
1435 5067 1499 5119 Εἰ
1528 5065 1587 5119 δὲ
1611 5066 1757 5120 οὕτω

160 5164 266 5210 σου
291 5153 665 5225 διακειμένου,
692 5157 838 5218 τινες
870 5155 982 5208 τῶν
1010 5155 1178 5227 μηδὲν
1224 5156 1326 5228 μὲν
1356 5157 1562 5226 ἀγαθὸν
1582 5176 1757 5231 πρατ-

153 5248 392 5315 τόντων,
435 5250 549 5309 τοῖς
594 5247 652 5301 δὲ
693 5248 1000 5319 πράττουσι
1043 5247 1385 5319 φθονούντων
1429 5252 1754 5323 κατηγορῶ-

157 5358 222 5395 at
252 5338 393 5413 (89),
435 5338 512 5411 μὴ
549 5337 694 5392 δίδου
727 5338 925 5393 σαυτὸν
970 5338 1188 5393 ἔκδοτον
1228 5343 1295 5413 τῇ
1327 5340 1574 5415 ἀθυμίᾳ.⁸
1616 5344 1754 5397 ἀλλά

154 5431 261 5489 καὶ
285 5430 497 5503 ταύτην
519 5429 785 5501 γενναίως
810 5429 1034 5499 ἔνεγκον
1050 5430 1145 5486 τοῦ
1167 5431 1367 5503 ἐχθροῦ
1396 5432 1499 5503 τὴν
1524 5435 1760 5489 προσδο-

1864 4624 1967 4664 nec
2002 4609 2203 4664 bonum
2242 4625 2363 4665 cum
2396 4610 2539 4666 malo
2586 4612 2861 4679 convenit,
2916 4612 3023 4667 etsi
3059 4628 3221 4681 unus,
3269 4628 3335 4669 ac
3387 4630 3459 4671 ne

1865 4717 2008 4758 unus
2060 4703 2281 4773 quidem
2322 4702 2449 4759 boni
2501 4718 2698 4761 amans
2734 4704 3150 4777 ,studiosusque
3195 4707 3454 4768 exsistat.

1863 4792 2154 4849 Multorum
2186 4794 2374 4866 itaque
2417 4795 2603 4851 valere
2626 4795 2780 4865 iussa
2818 4797 3078 4868 opinione
3119 4799 3311 4856 virtuti
3351 4802 3455 4873 ipsi

1865 4886 2108 4953 haeretis,
2167 4889 2462 4958 omniaque
2510 4898 2733 4960 satage,
2790 4900 2953 4961 teque
3002 4890 3185 4962 ipsum
3232 4904 3455 4950 centum

1865 4980 2237 5052 contemplare
2266 4981 2459 5051 oculis,
2506 4998 2577 5040 ne
2615 4998 2721 5054 qua
2772 4985 2868 5041 tibi
2909 4999 2942 5040 a
2990 4988 3258 5058 proximis
3289 4988 3456 5044 obve-

1868 5071 1985 5125 niat
2036 5071 2353 5146 calamitas,
2412 5084 2473 5128 ut
2544 5089 2765 5130 omnem
2827 5076 3150 5136 oﬂensionis
3214 5080 3453 5137 radicem

1863 5163 2174 5218 exscindas.
2209 5161 2267 5219 Si
2308 5179 2438 5220 vero
2474 5174 2525 5220 te
2556 5166 2631 5224 ita
2657 5167 2912 5224 allectum
2946 5169 3113 5240 aliqui
3142 5186 3331 5228 eorum
3362 5175 3453 5244 qui

1863 5254 2000 5309 nibil
2062 5255 2190 5313 boui
2249 5266 2439 5329 agunt,
2497 5258 2595 5316 sed
2647 5262 2786 5316 bene
2829 5263 3118 5333 agentibus
3186 5264 3455 5329 invident,

1862 5357 2143 5411 accusent,
2181 5350 2424 5404 animum
2455 5367 2523 5407 ne
2555 5352 2917 5424 despondeas,
2974 5356 3070 5411 sed
3116 5355 3260 5411 hunc
3286 5371 3455 5427 gene-

1866 5453 1991 5493 rose
2018 5438 2166 5494 feras
2189 5440 2397 5498 inimici
2431 5442 2717 5515 insultutn,
2749 5446 2998 5518 cogitans
3032 5461 3158 5504 eum
3207 5447 3312 5504 ista
3346 5462 3455 5504 non

1270 5588 1506 5646 VARIIE
1547 5590 1937 5649 LECTIONES
1966 5592 2055 5647 ET
2086 5592 2321 5651 NOTAE.

191 5820 205 5831 .
236 5746 355 5833 (89)
397 5748 525 5833 “Pro
598 5748 970 5821 κατηγοροῦσι
1046 5750 1335 5829 scribunt.
1379 5749 1540 5807 iidem
1605 5768 1821 5826 κακηγο

1874 5753 2020 5822 263:,
2083 5764 2139 5813 et
2191 5770 2336 5816 vers.
2369 5765 2491 5830 post
2546 5760 2581 5815 5
2619 5760 2885 5833 χρήσαιτο
2961 5768 3164 5833 augent
3244 5774 3455 5832 prapo-

153 5820 276 5875 sito
304 5821 351 5876 ὲ.
395 5820 609 5877 Possm.

488 5915 761 5977 ΡΑτιιοι.
811 5917 932 5977 Gn.
984 5915 1149 5976 LXX
1164 5914 1320 5977 VIII.

3054 5919 3195 5999 ιε,
