3982 6420
542 353 686 424 1515
1782 357 1843 417 8.
1884 355 2114 417 ISIDO]

2217 354 2660 417 PELUSIOT/E
3651 354 3766 425 1516

543 469 1063 535 υιίςιηιοιιίηαιοηε,
1100 476 1158 523 ut
1189 469 1453 525 munitam
1489 470 1988 528 administrationis
2017 483 2115 528 tum

2191 509 2200 535 ,
2228 473 2349 545 λὴν,
2381 472 2601 537 ἐννοῶν,
2628 473 2711 527 ὅτι
2743 471 2844 525 οὐκ
2876 470 2942 527 ἂν
2972 471 3142 545 ταύτῃ
3194 476 3452 546 χρήσαιτο
3476 475 3539 547 τῇ
3576 481 3763 549 μηχανῇ

545 564 812 621 rationem
867 571 1109 629 evertat,
1156 562 1261 617 nisi
1311 564 1740 621 existimationis
1803 576 1909 621 tuae
1955 566 2117 638 gloria

2238 566 2378 639 πρὸς
2393 566 2456 619 τὸ
2478 564 2811 620 καταϐαλεῖν
2828 582 2923 620 σου
2940 564 3039 636 τὴν
3060 568 3493 639 πεπυργωμένην
3509 567 3760 632 πολιτείαν,

544 669 889 727 summopere
912 668 1036 710 eum
1069 657 1373 712 incesserit.

2238 659 2288 711 εί
2315 658 2391 728 μὴ
2420 656 2607 728 ἄκρως
2629 654 2796 712 αὐτοῦ
2819 655 3131 727 καθάψαιτο
3149 658 3250 727 τῆς
3284 658 3384 728 σῆς
3414 659 3765 730 εὐδοκιμήσιως

2235 751 2295 804 τὸ
2336 749 2511 814 κλέος.
2838 751 2844 757 ’

941 854 1183 916 CCCVI].
1223 887 1294 901 --
1330 855 1725 915 EVANGELO.
2150 880 2155 885 ο

2150 880 2155 885 ο
2714 861 2835 917 TZ'.
2871 890 2940 903 —
2963 860 3344 933 ΕΥΑΓΓΕΔῼ.

1568 947 1667 1003 Dei
1704 946 1771 1005 0.
1804 946 1885 1004 M.
1926 964 2050 1019 erga
2081 948 2435 1021 delinquentes
2482 950 2793 1017 benignitas.

623 1061 736 1118 Etsi
774 1060 989 1117 diliicile
1009 1070 1093 1118 est
1122 1059 1422 1131 neglectam
1473 1074 1734 1116 revocare
1779 1073 2128 1117 occasionem

2313 1063 2377 1116 Ei
2405 1063 2502 1117 καὶ
2524 1066 2586 1116 οὐ
2618 1062 2802 1134 ῥᾳδιον
2848 1061 3217 1133 περιοφθέντα
3250 1059 3440 1132 καιρὸν
3471 1060 3766 1117 ἀνακαλέω-

544 1156 749 1229 (subito
771 1155 919 1211 enim
954 1155 1160 1225 impetu
1188 1168 1286 1210 usa
1316 1169 1422 1210 non
1460 1152 1594 1210 sinit
1625 1150 1811 1224 lapsos
1843 1167 2116 1209 recurrert

2244 1154 2371 1209 σθαι
2409 1154 2669 1228 (ὀξυτάτῃ
2702 1154 2812 1226 γὰρ
2843 1156 2990 1227 φορᾷ
3017 1153 3307 1226 χρώμενος
3347 1154 3447 1207 οὐκ
3478 1154 3539 1225 ἐᾷ
3572 1153 3765 1227 ἀναδραο

546 1247 615 1301 ad
642 1245 1081 1301 emendationem
1112 1244 1507 1314 peccaturum),
1528 1243 1712 1299 divina
1756 1250 1937 1298 tamen
1973 1242 2118 1298 beni-

2241 1242 2367 1311 μεῖν
2395 1241 2524 1305 τοὺς
2564 1241 2906 1306 πταίσαντας
2957 1242 3053 1296 ἐπὶ
3089 1242 3188 1313 τήν
3238 1241 3347 1295 τῶν
3396 1241 3767 1314 ἁμαρτηθέντων

549 1334 728 1405 gnitas
748 1333 982 1398 rationi.
1028 1332 1133 1403 legi
1177 1347 1245 1389 ac
1283 1334 1617 1403 temporibus
1646 1339 1910 1403 praestans
1938 1332 2121 1402 resipi-

2238 1330 2639 1403 ἐπανόρθωσιν)
2661 1348 2675 1361 ’
2705 1331 2846 1388 ἀλλά
2872 1348 2939 1401 γε
2973 1332 3007 1403 ή
3037 1332 3159 1386 θεία
3188 1329 3561 1402 φιλανθρωπία
3586 1334 3671 1388 καὶ
3697 1334 3762 1387 λόε

550 1433 768 1481 scentes
812 1422 1030 1494 recipit,
1061 1422 1390 1494 illorumque
1430 1422 1723 1479 sedulitate
1766 1435 1832 1478 ac
1852 1421 2122 1492 diligentia

2240 1438 2357 1492 γων
2403 1424 2499 1475 καὶ
2547 1422 2729 1493 νόμων
2772 1423 2871 1478 καὶ
2915 1423 3128 1494 χρόνων
3172 1423 3441 1495 κρείττων
3478 1426 3764 1495 τυγχάνουσα

547 1516 825 1588 propriam
872 1514 992 1584 ejus
1033 1514 1333 1569 bonitatem
1365 1512 1801 1577 commiscendo,
1845 1513 2119 1583 temporis-

2241 1514 2369 1577 τοὺς
2418 1512 2933 1584 μεταγινώσκοντας
2985 1515 3310 1587 προσίεται,
3357 1516 3454 1570 καὶ
3489 1519 3552 1588 τῇ
3589 1518 3770 1570 ἐκείνων

549 1617 657 1672 que
688 1600 1011 1672 compendio
1039 1600 1372 1671 paenitentia
1422 1599 1590 1656 robur
1618 1600 1782 1657 veluti
1826 1611 2121 1670 temperant

2243 1606 2529 1676 προθυμίᾳ
2555 1606 2654 1677 τὴν
2686 1607 2896 1661 οίκείαν
2923 1607 3242 1678 ἀγαθότητα
3262 1608 3676 1678 ἐγκαταμίξασα,
3698 1611 3772 1663 καὶ

550 1702 714 1764 atque
746 1694 1102 1760 concinnans,
1134 1692 1375 1762 peccatis
1393 1693 1602 1761 praebet
1631 1692 1985 1750 medicinam.

2241 1698 2321 1769 τῷ
2352 1697 2549 1769 βραχεῖ
2564 1697 2741 1769 χρόνῳ
2764 1697 2827 1751 τὸ
2847 1697 3063 1753 εὔτονον
3083 1699 3188 1769 τῆς
3212 1699 3502 1770 μετανοίας
3512 1699 3770 1774 κεράσασα,

2168 1799 2213 1856 Β
2243 1787 2542 1860 θεραπείαν
2567 1787 2755 1857 ὀρέγει
2788 1790 2904 1851 τοῖς
2932 1789 3253 1843 πταίσασιν.

799 1897 1070 1956 CCCVI“.
1105 1926 1176 1938 —
1214 1893 1492 1952 lSlDORO
1519 1894 1876 1953 EPISCOPO.

2576 1897 2704 1952 TH'.
2737 1928 2806 1939 —
2825 1899 3087 1969 ιΣΙΔΩΡῼ
3114 1899 3488 1970 ΕΠΙΣΚΟΠῼ.

927 1989 1145 2047 Sincere
1171 1990 1387 2045 verbum
1412 1988 1511 2046 Dei
1543 1989 1935 2053 proferendum,
1966 1997 2151 2043 contra
2184 1987 2431 2048 falsarios
2462 1997 2661 2043 sanctae
2700 1988 2902 2058 Seript.
2932 1986 3095 2058 (Vide
3126 1989 3279 2059 epist.
3304 1988 3457 2057 293.)

621 2100 726 2169 Qui
755 2098 849 2156 Dei
882 2098 1103 2154 oracula
1124 2098 1207 2154 vel
1228 2099 1541 2155 adulterare
1567 2096 1651 2152 vel
1689 2096 1825 2150 falso
1860 2104 2131 2164 Interpre-

2317 2095 2383 2149 Οί
2411 2095 2541 2159 τοὺς
2584 2094 2766 2160 θείους
2792 2095 2827 2167 ἢ
2855 2095 3267 2167 παραποιῆσαι,
3298 2097 3334 2167 ἢ
3377 2096 3772 2168 παρερμηνεύσαι

552 2192 655 2247 tari
710 2197 839 2247 sunt
870 2188 1023 2253 ausi,
1074 2187 1251 2257 majus
1299 2186 1448 2243 omni
1497 2185 1814 2241 defensione
1856 2192 1911 2238 et
1966 2183 2124 2247 venia

2235 2187 2527 2257 χρησμοὺς
2548 2186 2948 2257 τολμήσαντες,
3002 2187 3187 2258 πάσης
3223 2186 3523 2257 ἀπολογίας
3558 2189 3640 2243 καὶ
3664 2206 3768 2257 συγ-

544 2285 808 2340 -αειίοιικιι
831 2280 1245 2337 commiserunt.
1296 2277 1433 2334 Nam
1477 2278 1843 2334 existimando
1897 2291 1957 2331 se
2004 2275 2116 2346 quit

2237 2276 2469 2348 γνώμης
2495 2277 2762 2333 ἔπταισαν
2788 2278 3014 2349 μείζονα
3031 2295 3045 2309 '
3074 2277 3155 2349 τῷ
3179 2278 3293 2350 γάρ
3323 2279 3558 2351 νομίζειν
3584 2279 3773 2349 σοφώτε-

554 2375 849 2443 Sapienlius
898 2373 1263 2443 excogitasse,
1304 2381 1362 2427 et
1404 2371 1653 2440 seipsos,
1688 2380 1743 2423 et
1800 2385 1893 2424 eos
1930 2368 2126 2438 quibus

2238 2370 2331 2441 ρόν
2352 2387 2407 2425 τι
2430 2372 2847 2443 ἐπινενοηκέναι
2866 2371 2962 2425 καὶ
2980 2371 3209 2436 ἑαυτοὺς
3235 2372 3335 2426 καὶ
3359 2374 3485 2437 τοὺς
3507 2374 3773 2438 πεισθέντας

554 2475 947 2541 persuaserunt
983 2465 1039 2521 in
1072 2464 1296 2537 pelagus
1326 2463 1557 2519 inscitia:
1587 2462 1957 2534 proiecerunt.
2000 2459 2126 2513 Mul-

2238 2466 2319 2528 είς
2352 2464 2413 2518 τὸ
2459 2464 2560 2536 τῆς
2591 2464 2836 2535 ἀμαθίας
2884 2463 3119 2535 ἔρριψαν
3166 2463 3430 2533 πέλαγος.
3479 2466 3663 2529 Πολλὰς
3688 2467 3771 2535 γὰρ

555 2573 638 2616 tas
658 2560 803 2615 enim
852 2572 1133 2615 sacrorum
1158 2555 1512 2628 leioquiorum
1574 2554 1876 2609 sententias
1913 2566 2127 2620 perver.

2245 2556 2437 2627 ῥήσεις
2487 2554 2598 2607 τῶν
2654 2554 2814 2625 ίερῶν
2872 2552 3070 2622 λογίων
3135 2554 3637 2626 παρακρουόμενοι,
3674 2557 3770 2618 τοὺς

556 2663 753 2717 tentes,
789 2651 1070 2706 auditores
1091 2663 1200 2720 quo
1231 2647 1425 2704 volunt
1454 2646 1737 2701 trahentes
1768 2654 1823 2699 et
1852 2651 2128 2713 cogentes,

2243 2643 2544 2709 ἀκούοντας
2571 2644 2902 2708 ἑλκύσαντες
2928 2643 3066 2715 πρὸς
3097 2643 3238 2715 ὅπερ
3272 2644 3560 2716 ἠθέλησαν,
3580 2647 3659 2700 καὶ
3684 2646 3772 2716 βια-

556 2762 584 2798 a
637 2743 923 2798 voluntate
965 2738 1299 2812 legislatoris
1329 2739 1681 2801 aberrarunt,
1722 2750 1831 2791 non
1877 2750 2000 2805 quae
2058 2733 2128 2789 illi

2240 2740 2496 2811 σάμενοι,
2528 2737 2625 2792 τοῦ
2655 2737 3001 2809 βουλήματος
3027 2734 3122 2789 τοῦ
3162 2736 3464 2807 νομοθέτου
3484 2738 3770 2810 διήμαρτον·

554 2838 750 2905 placita
787 2836 1027 2902 hiemat,
1060 2841 1305 2904 agentes,
1337 2831 1433 2887 sed
1459 2829 1770 2888 voluntates
1801 2841 1933 2884 suas
1958 2825 2126 2883 stabi-

2240 2827 2306 2881 ού
2334 2827 2404 2883 τὰ
2445 2829 2641 2900 ἐκείνῳ
2680 2828 2913 2895 δόξαντα
2946 2826 3285 2898 φράσαντες,
3317 2826 3453 2886 ἀλλὰ
3476 2832 3569 2894 τὰς
3605 2828 3772 2882 ἑαυτῶν

558 2928 773 2982 lientcs.

2240 2917 2525 2992 βουλήσεις
2555 2918 2929 2992 κυρώσαντες.

697 3033 860 3107 653
885 3028 1111 3090 CCCIX.
1145 3060 1216 3073 —
1248 3027 1601 3087 ARABIANO
1639 3024 1993 3084 EPISCOPO.

1969 3038 1993 3081 ι.
2514 3029 2641 3081 ΤΘθ.
2678 3059 2747 3068 -
2776 3027 3130 3101 ΛΡΑΒῙΑΝῼ
3168 3030 3541 3101 ΕΠΙΣΚΟῙΙῼ.

1155 3125 1557 3183 Adhortationes
1583 3137 1686 3193 quo
1708 3114 1968 3176 orationis
1991 3136 2176 3194 genere
2201 3121 2510 3177 scribendaz.
2538 3120 2693 3193 (Sup.
2732 3123 2885 3191 epist.
2919 3122 3041 3189 145,
3076 3122 3231 3192 217.)

627 3240 1074 3297 adhortationem
1132 3234 1462 3292 scribentem
1511 3232 1670 3286 decet
1722 3230 1884 3300 quasi
1936 3219 2199 3284 clarum(

2201 3218 2221 3279 ἶ
2320 3229 2442 3302 Χρὴ
2494 3230 2587 3285 τὸν
2652 3229 2980 3302 παραίνεσιν
3030 3230 3350 3301 γράφοντα,
3413 3230 3507 3295 άτε
3568 3228 3773 3299 λαμπρᾶς

556 3342 878 3391 tractantem
910 3336 1290 3402 argumentum
1321 3322 1481 3395 (nihil
1510 3323 1655 3378 enim
1689 3320 1957 3375 illustrius
1977 3334 2128 3388 quam

2250 3324 2557 3394 ἁπτόμενον
2599 3322 2913 3386 ὑποθέσεως
2950 3320 3127 3393 (οὐδὲν
3173 3321 3289 3394 γάρ
3320 3321 3671 3394 λαμπρότερον
3702 3319 3773 3373 τοῦ

558 3428 903 3480 aberrantem
957 3429 1195 3476 mentem
1249 3416 1302 3471 in
1349 3414 1597 3470 veritatis
1655 3427 1913 3468 revocare
1968 3410 2130 3479 viam]

2248 3418 2427 3489 ψυχὴν
2474 3415 2905 3487 πεπλανημένην
2938 3417 3317 3484 ἐπαναγαγεῖν
3342 3416 3425 3479 είς
3444 3416 3539 3486 τὴν
3569 3415 3653 3485 τῆς
3674 3413 3773 3480 ἀλη-

557 3530 809 3572 sermone
840 3513 1057 3585 quidem
1088 3510 1248 3581 pleno
1279 3508 1371 3564 ubi
1410 3505 1629 3575 expedit
1673 3504 1963 3567 inhaerere,
2002 3503 2129 3556 indi-

2249 3508 2401 3573 θείας
2437 3507 2578 3578 ὁδὸν)
2622 3506 2937 3571 πλεονάζειν
2968 3506 3068 3576 μὲν
3111 3505 3190 3576 τῷ
3225 3504 3399 3576 λόγῳ,
3444 3507 3570 3559 ὅπου
3605 3502 3771 3573 διατρί-

556 3623 687 3665 care
724 3621 857 3663 vero
899 3606 1162 3661 duntaxat
1218 3601 1305 3656 ubi
1342 3599 1506 3654 fuerit
1533 3606 1921 3667 opportunum,
1976 3605 2030 3648 et
2055 3595 2128 3647 vis

2248 3599 2366 3653 6ειν
2393 3596 2697 3668 συμφέρειο
2750 3593 3099 3666 παραδηλῶν
3144 3595 3202 3648 δὲ
3257 3595 3441 3665 μόνον,
3472 3594 3591 3647 ἔνθα
3626 3592 3773 3645 τούτου

561 3700 775 3771 quidem
824 3713 888 3754 ac
920 3697 1131 3752 ratione
1162 3692 1419 3747 utendum
1454 3689 1545 3745 ubi
1590 3698 1676 3744 est
1704 3701 1840 3756 opus
1879 3701 2133 3755 compen-

2249 3691 2335 3760 εἴη
2362 3689 2589 3761 καιρός·
2614 3686 2709 3748 καὶ
2735 3686 3046 3759 μεθοδεύειν
3088 3686 3210 3757 μὲν,
3229 3687 3368 3740 ὅπου
3397 3683 3779 3757 μεταχειρήσεως

559 3794 669 3849 dio.
708 3792 915 3860 Aperte
943 3800 1075 3840 vero
1104 3785 1290 3839 dicere
1332 3793 1688 3851 quaecumque
1717 3776 1867 3833 clare
1900 3776 2131 3847 proferre

2250 3782 2446 3854 χρείαο
2492 3779 2794 3852 διαρρήδην
2839 3778 2896 3832 δὲ
2946 3777 3146 3846 λέγειν,
3192 3778 3299 3832 ὅσα
3359 3777 3543 3847 σαφῶς
3592 3773 3775 3847 ῥηθῆναι

562 3882 802 3938 maxime
846 3879 1056 3935 deceat.
1089 3875 1249 3931 Hisce
1292 3875 1437 3930 enim
1472 3886 1602 3927 usus
1635 3870 1901 3925 orationis
1929 3868 2134 3923 virtuti-

2248 3870 2731 3945 πρεπωδέστατον.
2758 3868 2931 3933 Μόλις
2966 3868 3075 3939 γὰρ
3101 3868 3334 3932 ταύταις
3359 3870 3477 3930 ταῖς
3501 3866 3693 3937 ἀρεταῖς
3705 3860 3777 3915 τοῦ

559 3978 660 4031 bus
692 3974 781 4029 vix
814 3973 992 4027 adhuc
1034 3976 1197 4039 queat
1239 3966 1482 4020 animum
1528 3962 1875 4035 passionibus
1918 3963 2131 4016 immer-

2244 3965 2406 4034 λόγου
2444 3961 2727 4037 χρώμενος
2749 3959 3002 4031 δυνηθείη
3028 3958 3210 4032 ψυχὴν
3242 3959 3352 4013 ὑπὸ
3373 3959 3482 4015 τῶν
3513 3957 3679 4017 παθῶν
3705 3955 3777 4026 βε-

561 4083 679 4123 sum
714 4066 1023 4123 extrahere.

2152 4078 2155 4079 ν
2247 4055 2633 4127 ϐαπτισμένην
2665 4051 3060 4125 ἀνιμήσασθαι.

964 4175 1170 4233 CCCX.
1203 4204 1277 4216 —
1307 4164 1733 4228 SYMMACHIO.

2728 4159 2833 4218 τιν.
2863 4192 2934 4202 -
2964 4162 3358 4235 smmum.

1679 4256 1922 4314 Ctelestia
1952 4258 2137 4317 spretis
2171 4256 2383 4311 caducis
2408 4254 2715 4310 auterenda.

635 4377 832 4435 Omnia
868 4377 921 4432 in
961 4376 1143 4438 terris,
1188 4380 1250 4427 ut
1294 4368 1513 4434 scribis,
1558 4367 1847 4422 mutationi
1880 4375 2007 4422 sunt
2044 4367 2145 4421 ob-

2336 4366 2427 4427 Ὠς
2457 4364 2584 4434 φὴς,
2605 4364 2652 4416 εί
2680 4362 2789 4416 τῶν
2814 4362 2913 4433 μὲν
2939 4360 3068 4415 καθ’
3102 4363 3252 4433 ἡμᾶς
3285 4366 3319 4435 ή
3361 4364 3617 4436 μεταϐολὴ
3634 4362 3779 4431 κυρία,

561 4472 751 4538 noxia;
802 4468 1045 4523 ccelestia
1093 4478 1224 4521 vero
1274 4477 1381 4517 non
1442 4461 1595 4515 item.
1650 4457 1821 4525 Quam
1871 4458 2035 4529 igitur
2078 4459 2133 4512 ol

2208 4456 2323 4511 »τά
2365 4456 2423 4510 δὲ
2461 4456 2692 4527 ούράνια
2738 4453 3045 4525 μεταϐολῆς
3084 4456 3350 4525 τυγχάνει
3392 4454 3690 4527 κρείττονα’
3727 4449 3780 4501 δι’

560 4576 806 4623 causam,
853 4559 937 4612 vir
988 4555 1226 4626 sapiens,
1274 4567 1379 4606 non
1425 4546 1731 4626 contemnis
1783 4554 2021 4611 terrena,
2060 4545 2132 4598 ill:

2251 4550 2319 4619 ἢν
2355 4547 2561 4611 αἰτίαν,
2605 4539 2650 4599 ὦ
2680 4544 2984 4615 σοφώτατε,
3028 4545 3106 4617 μὴ
3136 4545 3248 4600 τῶν
3301 4546 3403 4617 μὲν
3446 4544 3778 4615 καταφρονεῖς,

560 4665 691 4705 vero
719 4659 921 4704 aeterna
949 4645 1133 4701 animo
1173 4637 1554 4711 complecteris
1579 4643 1636 4690 et
1662 4634 1920 4705 operibus
1963 4633 2132 4688 ﬁrma:

2251 4640 2362 4694 τῶν
2391 4639 2450 4692 δέ
2481 4638 2747 4709 ἐκθύμως
2790 4637 3048 4711 περιέχῃ,
3084 4638 3178 4691 καὶ
3225 4636 3470 4708 βεϐαιοῖς
3503 4639 3610 4702 τοῖς
3635 4634 3778 4707 ἔργοις

561 4739 879 4796 sermones?

2251 4733 2377 4795 τοὺς
2398 4731 2590 4803 λόγους
2612 4748 2626 4799 ;

564 4830 789 4889 cccxr.
838 4861 907 4871 —
954 4815 1779 4895 MARTINIANOJWZOSIMO,
1844 4817 2136 4890 MARONI,

2129 4862 2145 4890 ,
2358 4822 2511 4876 TlA'.
2549 4850 2621 4865 —
2643 4822 3407 4895 MAPTIISIAISQ,AZQEIMQ,
3436 4819 3698 4885 MAPQNI,

1146 4895 1235 4953 EU
1245 4892 1564 4950 STATIIIO.

2874 4891 3226 4963 ΕΥΣΤᾹΘΙῼ.

1516 4991 1597 5044 Ad
1626 4989 1816 5044 bonam
1850 4987 2053 5060 frugem
2084 4986 2624 5054 existimationemque
2665 4985 2872 5041 invitat.

635 5105 821 5162 Nostis
853 5104 1030 5160 virum
1063 5100 1250 5157 virtuti
1281 5102 1335 5156 in
1363 5097 1555 5169 primis
1585 5095 1850 5162 deditum,
1879 5111 1908 5149 a
1938 5110 2149 5150 summa

2330 5093 2502 5160 Ἰσθε,
2537 5092 2613 5157 ώς
2645 5091 2934 5164 ἄνθρωπος
2958 5091 3221 5164 ἀλήθειαν
3246 5094 3347 5165 μέν
3378 5093 3465 5148 άεὶ
3488 5090 3773 5164 πρεσϐεύων.

566 5198 924 5258 maledicendi
966 5194 1197 5252 audacia
1229 5192 1389 5263 longe
1419 5189 1677 5258 alienum,
1711 5188 1867 5258 cujus
1903 5187 2138 5242 testiino-

2259 5185 2609 5256 κακηγορίαν
2644 5183 2700 5237 δὲ
2745 5184 3251 5255 ἀποστρεφόμενος,
3284 5184 3343 5239 8‘s
3377 5185 3498 5238 οὐδὲ
3538 5178 3772 5254 παραγρά-

566 5278 718 5350 nium
748 5289 1067 5362 exceptione
1102 5286 1299 5356 majus,
1331 5299 1429 5339 vos
1460 5297 1633 5352 nuper
1659 5288 1717 5335 ut
1757 5278 2031 5365 improbos
2067 5291 2138 5333 re-

2256 5277 2466 5349 ψασθαί
2514 5295 2601 5341 τις
2655 5274 2933 5347 δυνηθείη,
2969 5276 3067 5347 τὴν
3104 5277 3378 5347 ὑμετέραῆ
3405 5276 3589 5348 πρώην
3622 5273 3775 5340 ἐξεω-

567 5357 928 5458 prehendisse
974 5381 1061 5437 his
1098 5378 1214 5434 fere
1255 5374 1439 5433 verbis
1469 5391 1484 5428 :
1519 5372 1645 5429 lllos
1688 5373 1908 5444 quidem
1943 5357 2139 5443 peperit

2261 5366 2427 5439 μῴδει
2458 5365 2573 5437 (90)
2620 5364 2951 5435 φαυλότητα,
2988 5364 3198 5435 λέγων·
3250 5367 3331 5419 ὅτι
3380 5365 3609 5426 ἐκείνους
3648 5357 3774 5415 κακία

569 5454 913 5551 improbitas,
957 5473 1267 5530 enutrivere
1301 5483 1430 5525 vero
1473 5464 1690 5522 scelesti
1727 5461 2141 5531 exsecrandiqnt

2267 5459 2365 5532 μὲν
2402 5457 2582 5524 ὢδινε,
2632 5456 2865 5529 πονηροί
2895 5456 2952 5511 δὲ
3004 5458 3102 5511 καὶ
3132 5456 3415 5513 ἀτίθασσοι
3450 5454 3775 5527 ἐτιθηνήσαντυ

1699 5621 1938 5681 VARUE
1981 5578 2367 5676 LECTIONES
2407 5616 2497 5672 ET
2535 5614 2772 5671 Noua.

645 5795 759 5867 (90)
792 5793 907 5852 Duo
938 5808 1080 5867 saepe
1116 5791 1318 5852 laudati
1351 5790 1509 5850 codd.
1538 5787 1935 5863 ἐξεκωμῴδησε
1967 5784 2150 5855 legunt
2174 5794 2272 5852 pro
2295 5775 2900 5849 Eiexwpcpasml’ossm.
