3982 6420
249 393 390 462 1517

1111 403 1643 466 EPISTOLABUM
1683 405 1829 466 LIB.
1869 407 1936 468 V.
1979 432 2046 441 -
2071 407 2306 470 EPIST.
2349 409 2632 472 CCCXlV.

3362 413 3497 479 1518

235 511 518 582 δαίμονες.
555 515 696 570 [lict
751 520 861 590 γὰρ
893 521 1120 589 ἀγαθοῖς
1165 524 1564 594 ἀπεχθάνονται
1610 528 1702 579 καὶ
1730 528 1822 580 άν-

1925 526 2218 594 daemones,
2243 531 2495 586 omnibus
2538 545 2666 588 vero
2701 530 2858 587 invisi
2895 542 3022 587 sunt
3067 533 3224 588 bonis
3253 543 3360 589 tam
3401 552 3501 591 no-

241 600 488 672 θρώποις
513 609 608 660 καὶ
641 612 953 684 πράγμασι.
969 616 1227 685 Λυπηρὸν
1243 617 1300 668 δὲ
1322 616 1465 670 ἅπαν
1490 617 1822 688 νομίζουσιν,

238 694 444 747 ὁπόσον
473 699 679 770 ἀρετῆς
703 702 864 768 δόξαν
909 707 1198 775 ἠνέγκατο.
1230 709 1385 761 Κατὰ
1435 710 1534 779 μὲν
1567 710 1673 782 γὰρ
1715 711 1824 764 τῶν

241 785 490 840 εὐσεϐῶν
565 795 971 862 νεανιεύονται,
1025 800 1171 852 κατὰ
1243 800 1301 853 δὲ
1345 801 1456 854 τῶν
1516 804 1822 857 σπουδαίων

241 880 636 948 κωμάζουσιν,
701 886 956 959 ὑϐρισταὶ
1011 890 1164 954 ὄντες
1224 893 1318 945 καὶ
1341 892 1672 958 ἀτάσθαλοι,
1727 897 1824 947 καὶ

241 968 410 1036 κόρον
439 972 548 1027 τῶν
577 978 765 1032 κακῶν
793 981 894 1033 οὐκ
934 981 1155 1046 εἰδότες.
1196 983 1336 1050 Ἐγὼ
1360 983 1414 1036 δὲ
1435 984 1667 1051 ἀκούων,
1695 985 1822 1039 οὔτε

241 1059 605 1133 ἐπιστομίσαι
652 1068 816 1122 αὑτὸν
838 1072 1124 1143 ἠδυνάμην
1149 1073 1374 1144 (πάντες
1412 1076 1520 1147 γὰρ
1541 1077 1591 1128 οἱ
1623 1077 1824 1148 παρόν-

238 1167 338 1215 τες
371 1153 450 1218 ὡς
483 1156 659 1230 ἀληθῆ
710 1161 875 1216 αὐτὸν
919 1165 1222 1236 ἐκρότουν),
1253 1165 1375 1220 οὕτε
1425 1168 1666 1239 παντελῆ
1702 1186 1822 1222 σιω-

246 1243 362 1313 πὴν
383 1246 626 1318 ἧσκησα.
674 1251 817 1307 Ἀλλ’
849 1255 1021 1310 είπὼν
1049 1258 1218 1328 αύτῳ,
1251 1259 1495 1313 πιστεύω
1517 1261 1612 1312 καὶ
1641 1261 1823 1315 παλιν-

239 1335 413 1405 ῳδίας
445 1339 597 1410 ᾅσειν
643 1343 786 1414 (91)·
812 1346 873 1400 ού
902 1347 1011 1418 γάρ
1034 1349 1207 1411 οὕτως
1244 1350 1381 1404 εἰσὶν
1404 1348 1714 1423 ἀνάλγητοι,
1745 1354 1821 1418 ώς

239 1427 463 1483 ἑλέσθαι
507 1436 784 1500 τοσούτοις
829 1438 1146 1510 ὲμπαρῆναι
1189 1442 1355 1513 μέχρι
1397 1444 1585 1508 τέλους
1631 1448 1820 1508 κακοῖς

240 1518 341 1569 ἐπὶ
369 1519 430 1572 τὸ
458 1523 696 1593 χαράξαι
714 1525 781 1578 τὰ
800 1527 1104 1598 γράμματα
1120 1531 1291 1584 ταῦτα
1315 1532 1612 1604 παρῆλθον.
1630 1535 1820 1604 Ὑμεῖς

237 1604 336 1662 οὖν
375 1610 441 1664 ἂν
483 1613 631 1684 εῐητε
682 1615 881 1670 δίκαιοι
921 1619 1022 1689 ήδη
1074 1620 1378 1691 σκέψασθαι
1431 1624 1559 1694 περὶ
1589 1625 1816 1689 ἑαυτῶν,

237 1701 413 1766 ὅπως,
447 1704 495 1756 εί
528 1706 624 1758 καὶ
673 1707 775 1772 τῆς
816 1709 1052 1779 κρίσεως
1102 1713 1230 1783 ύμῖν
1275 1713 1434 1782 λόγος
1476 1714 1670 1780 οὐδεὶς,
1721 1713 1819 1785 τὴν

237 1795 500 1866 τοιαύτην
529 1798 744 1866 ἀδοξίαν
775 1801 1172 1876 ἀποτρίψησθε.

419 2108 565 2167 TIB'.
590 2141 662 2154 —
680 2111 1143 2188 ΕΡΜΗΣΑΝΔΒῼ
1173 2116 1638 2190 ormnem.

1929 620 2160 675 minibus
2196 635 2358 689 quam
2407 623 2588 678 rebus.
2629 622 2898 694 Quidquid
2951 626 3096 680 enim
3141 627 3358 684 virtutis
3407 646 3502 682 no-

1926 713 2072 767 mine
2100 713 2388 781 laudabile,
2431 715 2483 769 id
2509 731 2673 771 omne
2703 718 2858 772 triste
2887 719 3194 788 malumque
3219 734 3345 774 esse
3379 723 3498 789 opi-

1926 816 2146 860 nantur.
2188 807 2324 876 Erga
2357 807 2476 875 pios
2505 823 2636 864 vero
2660 809 2970 877 juveniliter
3003 812 3278 878 agunt,ad
3301 813 3502 866 virtute

1923 899 2179 968 przeditos
2207 899 2504 955 insolenter
2532 915 2592 956 se
2614 912 2810 967 gerunt
2835 919 2849 956 :
2875 902 3059 970 injuin
3093 905 3316 974 perinde
3338 914 3501 973 atque

1927 989 2182 1057 improbi,
2213 990 2303 1058 qui
2335 994 2641 1048 exsaturari
2676 1009 2947 1064 nunquam
2976 995 3202 1064 possint.
3239 994 3500 1064 Equidem

1924 1079 1975 1134 id
2020 1081 2268 1148 audiens,
2305 1097 2479 1152 neque
2523 1098 2586 1139 os
2634 1085 2885 1140 claudere
2929 1087 3074 1154 potui
3095 1087 3323 1153 ,(omnes
3355 1087 3498 1140 enim

1922 1172 2012 1239 qui
2049 1172 2295 1240 aderant,
2319 1183 2378 1228 ut
2410 1177 2649 1230 narranti
2681 1193 2805 1231 vera
2837 1176 3283 1247 applaudebant),
3323 1192 3498 1246 nequc

1920 1264 2143 1320 omnino
2177 1264 2449 1322 silentium
2499 1269 2669 1334 tenui,
2717 1268 2810 1324 sed
2864 1269 2983 1323 viro
3023 1268 3096 1322 illi
3143 1268 3250 1322 dixi
3282 1287 3295 1322 :
3323 1267 3501 1322 Credo

1921 1356 2203 1425 equidem,
2249 1359 2345 1414 sed
2402 1359 2731 1427 palinodiam
2785 1361 2885 1430 ipsi
2927 1369 3158 1424 canent,
3207 1360 3500 1430 funemque

1921 1449 2210 1517 reducent;
2266 1467 2444 1522 neque
2507 1453 2649 1507 enim
2699 1455 2833 1508 adeo
2877 1464 3006 1508 sunt
3056 1454 3278 1523 stupidi,
3336 1462 3500 1522 atque

1921 1540 2165 1604 hebetes,
2199 1554 2258 1598 ut
2296 1545 2451 1599 malis
2499 1545 2807 1611 huiusmodi
2858 1545 2924 1598 ad
2970 1554 3278 1600 extremum
3324 1559 3498 1610 usque

1920 1632 2172 1702 spiritum
2215 1636 2478 1691 inhaarere
2516 1640 2787 1691 studeant.
2822 1637 2990 1707 Igitur
3033 1638 3244 1690 tandem
3292 1635 3358 1687 ad
3401 1636 3498 1686 has

1921 1723 2038 1791 ipse
2089 1725 2301 1782 litteras
2353 1730 2657 1784 exarandas
2702 1744 2822 1784 sum
2871 1729 3157 1783 adductus.
3191 1728 3297 1782 Vos
3335 1727 3500 1794 igitur

1919 1817 2179 1885 quojusti
2215 1821 2356 1884 sitis,
2388 1836 2530 1876 nunc
2562 1821 2715 1876 vobis
2739 1821 2838 1889 ipsi
2879 1821 3166 1885 consulite,
3198 1830 3256 1874 ut
3293 1820 3337 1874 si
3369 1819 3499 1888 quid

1914 1908 2106 1978 iudicii
2154 1913 2308 1968 vobis
2339 1924 2425 1970 est
2466 1915 2754 1984 reliquum,
2807 1917 2947 1970 hanc
2976 1926 3211 1970 vestram
3261 1915 3495 1984 ignomi-

1925 2004 2068 2059 niam
2095 2005 2341 2062 deleatis.

2028 2113 2278 2171 CCCXII.
2319 2143 2389 2155 -—
2424 2113 2871 2170 ERMISANDRO
2911 2115 3388 2174 PRESBYTERO.

1325 2210 1402 2264 De
1426 2212 1552 2278 ﬁcta
1579 2221 1627 2264 et
1661 2209 1911 2264 simulata
1949 2207 2411 2275 commiseratione.

325 2306 385 2361 '0
414 2309 701 2379 συναλγεῖν
726 2315 827 2382 μὲν
856 2313 1030 2368 δοκῶν
1059 2318 1181 2378 ταῖς
1219 2318 1548 2387 συμφοραῖς,
1581 2317 1817 2388 δυνάμε-

230 2417 327 2464 νος
357 2399 414 2452 δὲ
447 2401 804 2472 ἐπανορθοῦν,
836 2405 932 2458 xui.
956 2407 1414 2478 παραιτούμενος,
1447 2411 1673 2480 σημεῖον
1721 2411 1816 2480 μέ-

233 2508 426 2559 τιστον
456 2492 578 2546 καθ’
600 2494 796 2547 ἑαυτοῦ
824 2496 1070 2566 ἐκφέρει,
1102 2498 1198 2552 τοῦ
1231 2499 1306 2569 μὴ
1342 2500 1646 2569 συναλγεῖν,
1677 2501 1816 2554 ἀλλά

236 2583 587 2655 χρηστότητα
633 2586 1026 2658 ὑποκρίνεσθαι
1055 2590 1134 2660 τῷ
1186 2591 1261 2661 μὴ
1295 2591 1708 2663 βεϐοηθηκέναι.
1751 2594 1812 2645 Ei

230 2672 368 2743 γάρ,
399 2675 530 2745 φέρε
568 2676 764 2741 εἰπεῖν,
802 2676 990 2746 κύριος
1017 2680 1094 2733 ὢν
1127 2681 1221 2734 τοῦ
1268 2681 1427 2735 λῦσαι
1467 2683 1556 2736 τὸν
1585 2683 1680 2736 τοῦ
1709 2684 1814 2737 πέ-

233 2779 402 2831 νητος
439 2763 617 2834 λιμὸν,
670 2765 790 2819 δέον
850 2766 1009 2822 λῦσαι
1062 2771 1156 2822 καὶ
1206 2771 1512 2836 ἀπαλλάξαι
1564 2774 1817 2826 κάκεῖνον

233 2859 548 2926 συμφοράς,
583 2857 680 2910 καὶ
703 2859 897 2913 ἑαυτὸν
939 2861 1139 2933 λύπης,
1172 2862 1458 2932 συναλγεῖν
1499 2867 1817 2932 προσποιεῖ-

227 2960 329 2998 ται
354 2985 370 3010 ,
419 2947 482 3000 οὐ
549 2947 932 3022 φιλάνθρωπός
981 2954 1160 3022 ἐστιν,
1203 2954 1342 3008 ἀλλά
1403 2955 1816 3025 φιλανθρωπίαν

228 3037 612 3111 ὑποκρίνεται.

497 3149 643 3206 ΤΙΓ’.
679 3183 750 3193 —
789 3155 1022 3209 ΙΕΡΑΚΙ
1063 3157 1554 3230 ΛΑΜΠΡΟΤΑΤῼ.

1992 2316 2093 2379 Qui
2134 2315 2369 2384 compati
2412 2329 2469 2368 se
2503 2313 2702 2368 dolenti
2747 2314 2918 2384 lingit,
2949 2329 3070 2369 cum
3102 2315 3289 2372 tollere
3333 2317 3490 2372 dolo-

1924 2423 2037 2462 rem
2069 2406 2240 2475 possit
2275 2415 2329 2458 et
2362 2415 2582 2475 rogatus
2613 2415 2716 2471 est,
2766 2406 2978 2476 signum
3027 2409 3261 2462 maxime
3305 2421 3493 2463 contra

1923 2511 1982 2550 se
2016 2496 2255 2558 exhibet,
2306 2495 2449 2563 quod
2510 2510 2635 2550 vere
2689 2511 2792 2549 non
2846 2497 3148 2563 condoleat,
3195 2502 3290 2554 sed
3338 2501 3494 2568 quasi

1925 2587 2110 2641 utilius
2138 2585 2342 2654 judicct
2382 2599 2536 2654 opem
2569 2602 2676 2640 non
2711 2585 2922 2641 aﬂ'erre.
2952 2587 3119 2658 654
3155 2590 3244 2643 Dic
3287 2589 3494 2659 itaque,

1921 2679 1967 2733 si
2000 2679 2169 2748 possit
2202 2678 2424 2747 pauperi
2473 2678 2708 2746 inopiam
2739 2676 2975 2742 auferre,
3015 2688 3068 2731 et
3097 2689 3367 2746 teneatur,
3409 2693 3493 2734 at-

1915 2781 2020 2834 que
2053 2766 2417 2821 calamitatem
2453 2766 2522 2820 ab
2564 2780 2630 2820 eo
2672 2774 2838 2835 queat
2884 2776 3155 2832 avertere,
3209 2769 3314 2823 sibi
3364 2784 3492 2825 vero

1913 2857 2154 2912 dolorem
2197 2859 2430 2928 eripere,
2468 2856 2689 2911 simulat
2741 2866 2921 2912 tamen
2969 2872 3028 2913 se
3066 2860 3326 2929 compati,
3378 2876 3486 2917 non

1917 2950 2004 3003 hic
2029 2951 2294 3004 humanus
2325 2960 2427 3015 est,
2461 2951 2555 3005 sed
2586 2949 2940 3006 humanitatis
2965 2949 3190 3007 eﬂictor.

2066 3152 2340 3212 CCCXIII.
2371 3183 2441 3193 —
2472 3151 2750 3207 HIERACI
2792 3152 3106 3208 CLARISS.
3150 3153 3328 3211 V'IllO.

861 3247 938 3302 De
971 3249 1137 3318 oﬁicio
1164 3249 1383 3318 judicia.
1415 3249 1593 3320 (Conf.
1622 3253 1775 3319 epist.
1807 3250 1831 3303 θ

1920 3289 1934 3318 ,
1973 3259 2022 3303 et
2051 3247 2324 3302 Philonem
2348 3247 2513 3301 Hebr.
2541 3246 2607 3300 de
2633 3245 2861 3316 judice.)

303 3351 498 3406 Πολλοὶ
528 3353 636 3408 τῶν
666 3353 971 3426 ἀνθρώπων
1002 3355 1036 3426 ἢ
1087 3356 1175 3410 διὰ
1232 3356 1541 3429 βραδύτητα
1585 3359 1810 3428 γνώμης

224 3443 550 3522 ἀνιχνεῦσαι
580 3443 642 3498 τὺ
684 3445 895 3499 δίκαιον
923 3447 1022 3517 οὐχ
1064 3441 1168 3500 οἷοί
1196 3448 1258 3501 τέ
1306 3450 1462 3513 εἰσιν,
1494 3451 1527 3519 ἣ
1563 3451 1808 3522 ἀνιχνεύ-

230 3551 429 3598 σαντες
455 3537 818 3607 προδιδόασιν.
857 3539 926 3592 Ἣ
965 3540 1076 3610 γὰρ
1123 3540 1406 3611 ἀνάνδρως
1452 3542 1800 3612 φοϐηθέντες,

229 3627 268 3697 ἢ
305 3627 396 3680 διὰ
424 3628 729 3697 καπηλείαν
751 3630 1118 3700 πεπρακότες,
1144 3631 1178 3700 ἢ
1209 3631 1296 3684 διά
1325 3631 1508 3701 φιλίαν
1535 3633 1804 3687 αἰδεσθέν-

227 3733 350 3781 τες,
372 3717 406 3787 ῆ
428 3718 521 3771 ὑπ’
542 3717 744 3789 ἔχθρας
767 3721 1158 3790 ἐρεθισθέντες,
1178 3721 1276 3792 τὴν
1296 3722 1462 3793 ὀρθὴν
1485 3723 1547 3776 ού
1577 3723 1802 3795 φέρουσι

225 3807 433 3876 ψῆφον.
467 3809 591 3880 Χρὴ
619 3806 714 3865 οὖν
757 3812 850 3864 τὸν
894 3811 1158 3882 μέλλοντα
1190 3813 1410 3868 δικάσαι
1444 3815 1660 3884 πρῶτον
1702 3816 1803 3886 μὲν

229 3900 451 3953 συνέσει
480 3903 677 3974 κομᾷν,
713 3903 803 3960 ἵνα
841 3905 918 3974 μὴ
955 3904 1183 3976 διαλάθῃ
1212 3905 1272 3959 τὸ
1308 3906 1534 3978 θήραμα
1555 3922 1569 3937 ο
1613 3905 1805 3960 ἔπειτα

224 3989 288 4042 δὲ
313 3990 409 4044 καὶ
437 3991 650 4065 ἀνδρία,
678 3993 774 4046 καὶ
813 3994 1168 4066 καθαρότητι,
1209 3997 1304 4050 καὶ
1340 3997 1674 4068 δικαιοσύνη,
1707 3998 1804 4051 καὶ

221 4081 616 4154 ἁμνησικακίᾳ
669 4085 1081 4156 κεκοσμῆσθαι,
1141 4086 1230 4140 ἵνα
1291 4087 1365 4158 μὶ·
1429 4087 1491 4140 τὸ
1542 4087 1808 4158 θηρευθὲν

229 4175 548 4248 προδοθείη.

533 4375 676 4429 ΤΙΔ’.
707 4405 776 4417 -
801 4375 1006 4430 ΘΕΩΝΙ
1036 4375 1492 4450 ΣΧΟΛΑΣΤΙΚῼ.

1983 3357 2230 3427 Plerique
2260 3357 2535 3410 hominum
2557 3355 2641 3409 vel
2668 3356 2738 3408 ob
2762 3354 2956 3408 mentis
2981 3355 3317 3419 tarditatem,
3341 3357 3485 3426 quod

1905 3450 2112 3516 justum
2153 3457 2209 3503 et
2263 3463 2476 3516 aequum
2527 3457 2633 3508 est,
2685 3447 3016 3516 investigare
3059 3457 3354 3515 nequeunt.
3402 3449 3490 3502 vel

1915 3538 2230 3607 inquisitum
2280 3537 2520 3606 produnt
2552 3553 2564 3588 :
2597 3535 2686 3588 alii
2725 3536 2870 3589 enim
2909 3535 3145 3588 molliter
3187 3545 3489 3592 metuentes

1906 3637 2190 3699 quaerunt,
2231 3638 2322 3681 aut
2370 3627 2696 3696 cauponarie
2741 3627 3046 3691 venditant,
3097 3625 3180 3682 vel
3227 3628 3482 3682 amicitia:

1909 3722 2080 3794 gratia
2102 3721 2192 3790 jus
2216 3720 2400 3775 dicere
2443 3721 2686 3785 reveriti,
2723 3730 2817 3773 aut
2845 3719 2954 3774 odii
2987 3728 3042 3775 et
3073 3720 3480 3785 inimicitiarum

1912 3827 2078 3867 causa
2105 3814 2519 3876 contendentes,
2556 3810 2821 3878 judicium
2859 3811 3058 3879 injuste
3085 3811 3287 3868 ferunt.
3324 3813 3483 3867 Decet

1913 3903 2098 3972 itaque
2124 3905 2214 3973 qui
2236 3902 2401 3971 judex
2428 3905 2754 3958 sententiam
2789 3901 2946 3966 feret,
2977 3903 3260 3971 prudentia
3283 3903 3336 3958 in
3367 3905 3482 3972 pri-

1911 3995 2015 4050 mis
2043 3995 2266 4064 pollere,
2310 4009 2377 4050 ne
2409 3994 2588 4064 praeda
2635 3994 2874 4063 ell'ugiat.
2904 3995 3123 4058 Deinde,
3168 3994 3482 4051 fortitudine

1908 4097 1994 4140 est
2025 4101 2182 4154 opus,
2215 4095 2270 4140 et
2310 4087 2544 4155 puritate
2582 4096 2742 4155 atque
2773 4086 3007 4155 justitia,
3049 4086 3479 4153 prtnteritarum-

1907 4192 2012 4246 que
2043 4177 2314 4232 oblivione
2357 4179 2674 4246 injuriarutn
2715 4179 2874 4232 debet
2914 4175 3187 4241 exornari,
3231 4191 3299 4232 nc
3337 4180 3481 4248 quod

1913 4279 2138 4323 venatus
2169 4279 2274 4332 est,
2313 4269 2617 4335 prodidisse
2645 4268 2912 4321 videatur.
3452 4282 3463 4292 ί

2103 4377 2377 4433 CCCXIV.
2407 4407 2479 4418 —
2508 4376 2760 4432 ΤΗΕΟΝΙ
2803 4375 3296 4443 δϐΗΟιΑὲΤΙΟΟ.

825 4486 1158 4544 Tentationes
1191 4490 1450 4554 quomodo
1486 4500 1813 4558 superentur.
1842 4487 2022 4559 (Conf.
2053 4489 2205 4558 epist.
2241 4487 2333 4552 59,
2357 4486 2444 4551 68,
2469 4486 2558 4551 7i,
2583 4486 2712 4548 226,
2742 4485 2886 4544 270.)

294 4594 554 4660 Δυνατὺν,
583 4589 628 4651 ὦ
663 4596 930 4667 βέλτιστε,
971 4611 1253 4668 κρείττονα
1301 4597 1554 4666 γενεσθαι
1605 4616 1801 4670 πειρα-

1980 4598 2187 4661 Potest,
2221 4596 2306 4649 vir
2334 4597 2558 4666 optime,
2603 4598 2785 4650 virtuti
2817 4597 3030 4651 deditus
3071 4612 3332 4668 superare
3360 4607 3478 4654 ten-

223 4686 370 4757 σμοῦ
398 4687 488 4740 τὸν
519 4687 825 4759 φιλάρετον.
863 4688 1076 4742 Γίνεται
1111 4689 1168 4741 δὲ
1232 4689 1562 4760 ὑψηλότερος
1615 4708 1804 4761 πειρα-

222 4779 392 4849 σμοῦ,
428 4779 521 4832 καὶ¹
543 4779 661 4832 λύει
691 4779 874 4844 αὐτὸν,
900 4779 1001 4832 ούκ
1027 4781 1086 4833 ὲν
1127 4778 1205 4849 τῷ
1244 4779 1473 4834 κωλύειν
1522 4781 1802 4845 παντελῶς

224 4871 370 4924 ίὲναι
411 4870 692 4941 (πολλάκις
720 4871 828 4942 γὰρ
850 4873 878 4924 ὁ
909 4869 1039 4932 Θεὸς
1063 4873 1340 4940 συγχωρεῖ
1362 4870 1801 4942 δοκιμασθῆναι),

218 4963 366 5016 ἀλλά
393 4963 452 5016 ἐν
487 4962 566 5033 τῷ
597 4961 859 5033 ἀνδρείως
893 4961 1079 5030 φέρειν
1109 4961 1178 5014 τὰ
1220 4961 1624 5030 συμπίπτοντα.
1679 4962 1802 5034 Χρὴ

217 5054 340 5124 γάρ
369 5052 516 5106 λύειν
553 5053 644 5106 τὸν
676 5053 1002 5123 πειρασμὸν,
1045 5053 1092 5104 εἰ
1139 5052 1231 5103 καὶ
1287 5051 1480 5113 ἄλυτος
1535 5046 1671 5103 εἶναι
1713 5051 1796 5102 δο-

215 5127 374 5216 κοίη,
390 5144 476 5197 διά
504 5144 716 5214 σοφίας,
740 5143 834 5196 καὶ
850 5144 1073 5214 ἀρετῆς,
1099 5143 1158 5194 ού
1175 5142 1241 5194 δι’
1262 5140 1623 5210 ἀπογνώσεως
1655 5141 1766 5211 (9‘2)
1785 5158 1797 5169 '

213 5237 341 5288 λύει
368 5235 426 5288 δὲ
463 5235 530 5288 δι’
560 5234 762 5306 ἀρετῆς
789 5234 883 5286 καὶ
916 5232 1106 5300 σοφίας
1126 5233 1187 5284 οὐ
1217 5230 1296 5300 τῷ
1328 5231 1504 5300 πάντη
1546 5229 1797 5292 κωλύειν,

214 5327 362 5383 ἀλλά
395 5327 475 5398 τῷ
506 5325 808 5389 συνεθίζειν
839 5325 1106 5393 γενναίως
1146 5324 1330 5393 φέρειν
1363 5323 1431 5374 τὰ
1462 5323 1801 5391 συμπίπτον-

215 5437 311 5475 τα.
346 5421 408 5473 Ei
453 5419 560 5488 γάρ
607 5420 704 5473 καὶ
761 5417 900 5489 βαρὺ
935 5417 996 5470 τὸ
1045 5418 1307 5488 πρᾶγμα,
1347 5414 1462 5466 ἀλλ’
1511 5415 1655 5466 ίᾶται
1701 5413 1800 5483 τὴν

1904 4689 2187 4743 tationem.
2227 4686 2358 4756 Ejus
2393 4689 2538 4742 enim
2573 4688 2632 4742 lit
2665 4689 2859 4756 victor,
2912 4703 3020 4744 non
3067 4690 3113 4743 si
3149 4699 3333 4745 arceat
3361 4705 3480 4744 om-

1903 4778 2033 4832 nino
2064 4775 2230 4848 (saepe
2267 4777 2411 4831 enim
2437 4777 2706 4848 permittit
2735 4779 2948 4847 probari
2984 4795 3112 4834 suos
3148 4780 3338 4847 Deus),
3380 4783 3477 4836 sed

1906 4870 2119 4924 fortiter
2145 4868 2368 4923 ferendo
2392 4884 2512 4938 qum
2535 4870 2787 4924 accidunt
2812 4872 3057 4927 adversa.
3089 4871 3310 4927 Solvere
3334 4875 3479 4928 enim

1904 4962 2255 5016 tentationem
2287 4971 2520 5031 oportet,
2555 4961 2660 5015 etsi
2715 4962 2933 5017 dissolvi
2973 4979 3075 5017 non
3106 4978 3263 5032 posse
3292 4966 3476 5018 videa-

1904 5062 2023 5117 tur,
2092 5067 2214 5107 cum
2267 5053 2531 5120 sapientia
2590 5064 2700 5106 tum
2749 5053 3095 5116 fortitudine,
3144 5055 3481 5123 desperando

1909 5159 2060 5206 vero,
2096 5145 2337 5198 minime.
2368 5143 2706 5198 Fortitudine
2734 5146 2949 5215 quidem
2978 5161 3042 5199 ac
3062 5146 3344 5213 sapientia,
3372 5161 3479 5200 non

1911 5231 2136 5285 omnino
2172 5231 2488 5300 rejiciendo,
2521 5234 2615 5286 sed
2650 5250 2908 5303 generose
2935 5234 3078 5288 ferre
3110 5235 3336 5288 adversa
3363 5251 3482 5302 qua:

1912 5322 2167 5376 accidunt
2225 5325 2656 5378 assuefaciendo.
2719 5326 2833 5379 Etsi
2887 5327 3031 5378 enim
3080 5325 3371 5380 molestum
3426 5327 3480 5380 id

1903 5412 2130 5466 exsistat
2174 5414 2469 5481 negotium,
2521 5429 2736 5468 onmem
2785 5415 3135 5470 nihilominus
3175 5414 3474 5470 molestiam

1308 5597 1542 5655 VARUE
1583 5579 1966 5652 LECTIONES
2006 5596 2094 5650 ET
2130 5594 2356 5651 NOTAE.

292 5763 407 5834 (9|)
445 5763 551 5818 Pro
577 5761 904 5834 παλινῳδίας
928 5761 1078 5832 ᾄσειν
1102 5759 1262 5816 iidem
1292 5755 1539 5813 scribunt
1557 5753 1791 5808 παλινω-

213 5833 341 5888 δίαν
380 5831 552 5905 ᾄσεις.
591 5831 804 5888 Possm.

1979 5752 2090 5819 (92)
2124 5749 2224 5803 Pro
2252 5751 2320 5803 δι’
2349 5751 2708 5819 ἀπογνώσεως
2757 5750 2914 5805 codd.
2963 5749 3082 5808 Vat.
3124 5750 3228 5808 650
3263 5759 3320 5810 et
3365 5751 3475 5811 NI.

1904 5823 2142 5876 scribunt
2175 5821 2261 5874 διὰ
2294 5822 2670 5891 προγνώσεως.
2706 5821 2910 5878 Possm.
