3982 6420
533 370 675 439 1519
770 394 771 397 η
1774 370 2135 433 S.ISIDORI
2173 371 2612 433 PELUSIOT/E
3605 380 3721 452 152i)

527 487 813 560 prudentia
840 486 998 553 tollit,
1030 501 1150 557 quae
1187 486 1362 543 tristia
1393 499 1621 557 quaeque
1654 484 1935 541 moderate
1966 484 2099 539 ferre

2146 493 2183 549 Α
2213 486 2495 557 βαρύτητα
2521 486 2609 540 διά
2639 486 2737 556 τῆς
2772 487 3109 559 φρονήσεως,
3152 489 3382 558 μετρίως
3409 490 3577 562 φέρειν
3590 495 3718 553 δυνά.

528 581 697 635 novit.
731 579 994 634 Malorum
1035 579 1182 632 enim
1211 593 1334 646 quae
1363 579 1416 632 in
1464 586 1651 633 nostra
1691 584 1959 647 potestate
2002 590 2100 629 non

2153 598 2165 611 .
2214 596 2377 649 μενος
2402 578 2471 631 τὰ
2498 578 2739 650 λυπηρά.
2768 579 2945 642 Ἴασις
2981 579 3090 651 γὰρ
3118 580 3226 635 τῶν
3248 580 3345 635 οὐκ
3367 582 3448 651 ἐφ’
3482 585 3599 655 ἡμῖν
3623 590 3655 659 ἡ
3675 592 3724 645 ὲν

526 680 675 736 sunt,
720 669 986 726 medicina
1021 678 1105 724 est
1142 685 1206 723 ea
1239 683 1359 738 qua:
1393 669 1446 724 in
1491 678 1679 725 nostra
1712 678 1798 726 est
1839 675 2098 737 potestate

2214 670 2345 740 ἡμῖν
2374 670 2683 738 φιλοσοφία.
2720 669 2830 723 Καὶ
2862 668 3017 734 λύσις
3063 671 3175 726 τῶν
3230 673 3545 741 ἀναγκαίωιι,
3568 680 3610 731 εί
3649 684 3725 735 καὶ

528 761 869 833 philosophia
902 775 1116 830 :eaqne
1162 759 1412 815 dissolvit
1456 761 1621 827 mala,
1653 775 1775 832 qua;
1816 759 2100 815 indissolu-

2214 756 2338 811 καθ’
2367 759 2537 812 ἑαυτὰ
2570 759 2743 813 ἄλυτά
2767 776 2913 812 τισιν
2940 759 3121 825 ἔδοξεν
3164 756 3322 827 εἶναι,
3350 764 3383 833 ἡ
3424 764 3478 817 ἐν
3518 766 3605 836 μὲν
3635 773 3726 835 τοῖς

527 855 658 910 bilia
698 854 1036 910 viderentur.
1067 849 1349 907 Fortitudo
1374 852 1428 907 in
1469 854 1727 923 gravibus
1761 853 2099 921 molestiaque

2212 848 2405 913 δεινοῖς
2436 850 2649 921 ἀνδρία,
2685 852 2746 903 ὲν
2795 849 2855 902 δὲ
2904 853 3023 915 τοῖς
3066 852 3260 920 δεξιοῖς
3307 853 3421 925 (καὶ
3464 857 3562 927 γὰρ
3587 860 3731 916 ταῦτα

524 949 739 1005 exsistit
776 949 963 1015 rebus;
1019 947 1074 1002 in
1110 948 1363 1005 secundis
1388 962 1520 1005 vero
1547 947 1695 1017 (nam
1728 955 1783 1004 et
1826 946 1908 1002 hae
1938 946 2096 1002 inter-

2102 974 2111 984 .
2214 938 2537 1011 δοκιμασίας
2556 940 2744 995 ἕνεκεν
2767 940 3025 1006 πολλάκις
3048 942 3274 1013 δίδοται)
3316 946 3674 1019 μεγαλοψυχία.

527 1043 653 1097 dum
690 1042 953 1111 probandi
1002 1057 1167 1097 causa
1217 1039 1605 1112 immittuntur)
1642 1039 1811 1096 animi
1851 1048 1940 1095 est
1972 1052 2111 1108 opus

527 1135 919 1206 magnitudine.

1012 1239 1264 1297 CCCXV.
1296 1270 1365 1280 —
1391 1239 1622 1295 EIDEM.

2709 1234 2855 1291 τις.
2883 1265 2956 1276 -
2975 1237 3064 1308 To
3089 1239 3289 1311 ΑΥΤῼ.

1146 1332 1395 1388 Divinum
1418 1332 1676 1388 auxilium
1706 1334 1968 1404 quomodo
1992 1326 2405 1399 implorandum.
2440 1326 2622 1399 (ϐοαί.
2663 1343 2718 1398 ep

1592 1349 1676 1387 um
1706 1334 1968 1404 quomodo
1992 1326 2405 1399 implorandum.
2440 1326 2622 1399 (ϐοαί.
2663 1331 2815 1398 epist.
2859 1328 2989 1396 327,
3015 1330 3164 1401 457.)

598 1443 701 1511 Qui
752 1445 901 1514 cupit
958 1445 1166 1500 auxilio
1214 1445 1571 1510 insuperabili
1617 1444 1759 1511 frui,
1812 1460 1876 1500 ea
1922 1444 2109 1514 exigat

2282 1437 2388 1491 Τὸν
2409 1437 2675 1509 μέλλοντα
2702 1439 3001 1497 ἀπολαύειν
3030 1443 3131 1515 τῆς
3150 1444 3420 1517 ἀηττήτου
3450 1449 3736 1520 συμμαχίας,

527 1546 741 1606 oportet
770 1551 891 1606 quae
937 1538 1177 1607 postulat
1208 1538 1459 1608 aquilas,
1506 1547 1566 1591 ut
1595 1536 1873 1606 petitionis
1912 1547 2099 1593 natura

2212 1526 2441 1581 τοιαῦτα
2494 1529 2667 1583 αἰτεῖν
2713 1528 2843 1602 χρὴ,
2898 1530 2934 1586 ἃ
2992 1533 3093 1587 καὶ
3129 1534 3225 1590 τὸν
3260 1534 3358 1589 τοῦ
3388 1536 3584 1590 δικαίου
3612 1536 3740 1608 λόγον

532 1626 791 1680 auxilium
844 1628 1105 1681 attrahat.
1158 1626 1230 1682 Iis
1278 1626 1424 1681 enim
1461 1627 1554 1697 qui
1608 1640 1706 1695 per
1744 1625 1975 1680 ironiam
2016 1636 2104 1680 aut

2213 1617 2351 1690 ἔχει,
2381 1618 2470 1672 ἵνα
2496 1620 2563 1691 τῇ
2597 1617 2760 1687 φύσει
2789 1622 2891 1692 τῆς
2917 1623 3192 1694 αἰτήσεως
3220 1623 3325 1697 τὴν
3356 1627 3523 1697 ῥοπὴν
3545 1630 3740 1681 ἐπισπά-

530 1717 815 1771 avaritiam
845 1717 975 1771 illud
1003 1717 1321 1787 implorant,
1351 1732 1459 1773 non
1490 1717 1721 1782 accedit,
1764 1719 1857 1772 sed
1896 1717 1962 1772 iis
1993 1717 2102 1787 qui-

2219 1708 2553 1777 σηταιστοτς
2598 1706 2707 1780 γὰρ
2773 1708 2834 1777 ἐξ
2873 1712 3160 1783 εἰρωνείας
3195 1714 3297 1768 καὶ
3343 1715 3431 1769 διὰ
3475 1716 3741 1782 πλεονεξίας

528 1810 629 1864 bus
665 1808 859 1877 injuria
897 1816 1091 1880 sponte
1118 1809 1265 1864 illata
1294 1818 1379 1866 est
1415 1809 1646 1865 accedit.

2172 1843 2189 1897 ι
2218 1798 2477 1853 καλοῦσιν
2506 1798 2607 1853 οὐκ
2643 1799 2905 1873 ἐπιφοιτᾷ
2930 1804 2965 1875 η
2992 1804 3353 1879 αὑτοκλήτως
3376 1809 3488 1873 τοῖς
3505 1809 3744 1882 ἀδικουμέ-

2217 1907 2329 1945 νοις
2366 1892 2730 1945 ὲπιφοιτῶσα.

2217 1907 2329 1957 νοις
2366 1907 2730 1962 επιφοιτωσα.

988 1950 1272 2045 ’ωοοχνι
1306 2017 1378 2029 -
1403 1987 1640 2049 PRIMO.
2308 1950 2325 1957 ⁷
2478 1950 2491 1962 ’

2308 1950 2325 1957 ⁷
2478 1950 2491 1962 ’
2733 1986 2899 2056 qu'.
2939 2018 3003 2034 -
3035 1990 3281 2063 mmo.

1658 2081 1779 2137 Vita
1802 2083 2012 2148 piarunt
2045 2076 2411 2153 afﬂictionibus
2440 2079 2686 2135 obnoxia.

598 2193 753 2261 Quod
798 2193 939 2249 dicis
976 2193 1299 2263 quaestionis
1329 2193 1598 2266 indigere,
1631 2195 1776 2251 idem
1818 2193 2109 2251 solutionis

2284 2188 2427 2241 Αὐτὸ
2464 2189 2646 2252 τοῦτο,
2695 2189 2724 2242 ὃ
2749 2189 2855 2261 φὴς
2886 2189 3060 2244 αἰτίον
3090 2186 3235 2246 εἷναι
3263 2192 3557 2264 ζητήσεως,
3580 2194 3747 2261 λύσεώς

528 2301 716 2348 causa,
768 2300 887 2340 mea
934 2285 1153 2355 quidem
1200 2287 1493 2350 sententia,
1537 2286 1774 2345 videtur.
1813 2286 1914 2354 Qui
1962 2286 2100 2341 enim

2215 2278 2332 2332 ἐστι
2354 2278 2487 2350 παρ’
2527 2280 2651 2351 ἐμοὶ
2685 2283 2847 2353 κριτῇ
2898 2280 3092 2338 αἴτιον.
3122 2283 3190 2337 Εἰ
3227 2283 3342 2356 γὰρ
3386 2285 3747 2356 ἀποταξάμενος

531 2377 735 2431 mundo
784 2375 1191 2430 renuntiaverit
1235 2374 1369 2432 nihil
1415 2377 1638 2444 mirare,
1673 2377 2009 2433 tribulationi
2045 2392 2103 2433 ac

2212 2370 2292 2440 τῷ
2324 2371 2535 2443 κόσμῳ,
2583 2371 2761 2442 θλίψει
2814 2375 3159 2447 περιεπάρης
3190 2375 3290 2432 καὶ
3335 2381 3662 2449 πειρασμοῖς,
3689 2380 3749 2451 μὴ

534 2469 929 2525 tentationibus
976 2468 1270 2524 obnoxium
1309 2483 1452 2526 csse.
1509 2471 1598 2526 Ait
1637 2470 1783 2526 enim
1814 2468 2106 2525 Christus:

2211 2462 2503 2534 θαυμάσῃς
2525 2480 2540 2495 ·
2569 2466 2598 2519 ό
2623 2464 2736 2535 γὰρ
2767 2464 3005 2544 Χριστὸς
3032 2462 3211 2534 εἶπεν,
3248 2487 3270 2521 ι
3315 2456 3509 2540 Θλίψιν
3544 2470 3673 2537 ἱξετε
3702 2472 3748 2524 ὲν

526 2560 690 2632 655
727 2576 747 2613 ι
777 2558 1206 2615 Tribulationem
1233 2560 1288 2615 in
1324 2561 1429 2617 hoc
1459 2561 1665 2618 mundo
1698 2562 1966 2618 habebitis
1988 2560 2057 2616 ⁸⁸.
2089 2579 2098 2614 l

2214 2552 2293 2623 τῷ
2314 2552 2507 2624 κόσμῳ
2531 2552 2730 2625 τούτῳ.
2764 2573 2784 2606 ι
2831 2554 2959 2620 Πῶς
3005 2556 3188 2612 τοίνυν
3235 2558 3422 2631 ζητεῖς
3453 2560 3639 2625 ἄνεσιν,
3677 2560 3750 2615 τοῦ

529 2652 639 2704 Cur
687 2650 870 2719 itaque
900 2648 1215 2706 certaminis
1246 2649 1505 2719 praefecto
1551 2651 1627 2705 ita
1676 2649 1933 2720 loquente
1957 2650 2101 2720 quie-

2211 2644 2556 2713 ἀγωνοθέτου
2626 2646 2786 2701 τοῦτο
2836 2648 3122 2715 εἰπόντος;
3175 2649 3316 2704 Τότε
3368 2651 3480 2723 γὰρ
3528 2652 3656 2716 εἰκὸς
3697 2648 3750 2721 ἦν

538 2750 644 2796 teni
690 2740 978 2811 postulas?
1019 2738 1173 2795 Tunc
1204 2741 1352 2797 enim
1388 2740 1591 2797 oIl‘endi
1639 2752 1761 2797 erat
1805 2756 2021 2812 aequum
2068 2742 2110 2796 si

2214 2733 2695 2800 σκανδαλίζεσθαι,
2727 2735 2778 2789 εἰ
2800 2736 3063 2792 τάναντία
3082 2731 3159 2793 ὧν
3187 2734 3351 2795 εἷπεν
3386 2740 3603 2809 ἐγίνετο.
3634 2740 3750 2797 Bibi

536 2840 727 2887 contra
770 2842 932 2901 atque
955 2832 1115 2898 dixit,
1148 2832 1496 2904 contigisset.
1533 2835 1630 2889 Sin
1664 2849 1729 2889 ex
1759 2835 2108 2903 consequenti

2212 2827 2357 2881 κατά
2402 2825 2727 2881 ἀκολουθίαν
2793 2827 2973 2882 πάντα
3029 2828 3351 2900 προϐαίνει,
3411 2830 3550 2895 τίνος
3601 2831 3751 2885 ἕνεκεν

537 2923 717 2978 omnia
743 2922 1022 2987 eveniunt,
1040 2936 1159 2989 cur,
1187 2937 1391 2993 quaeso,
1423 2923 1837 2979 scandalizerisi
1860 2923 2109 2992 Quisquis

2214 2920 2579 2995 σκανδαλίζῃς
2620 2923 2681 2976 'U
2713 2922 2826 2993 γὰρ
2855 2924 2914 2977 ἐν
2937 2923 3017 2995 τῷ
3051 2924 3235 2998 καιρῷ
3261 2926 3375 2981 τῶν
3407 2927 3752 3000 παλαισμάτων

531 3016 675 3071 enim
707 3014 1026 3071 certaminis
1052 3022 1295 3085 tempore
1322 3015 1494 3071 otium
1524 3015 1873 3086 quietemque
1896 3017 2103 3084 quaarit,

2179 3079 2186 3091 ν
2216 3012 2402 3068 ἄνεσιν
2429 3014 2732 3086 ἐπιζητῶν,
2760 3016 2856 3070 καὶ
2902 3017 3294 3088 ἀστεφάνωτος
3335 3021 3508 3093 μένει,
3540 3022 3625 3077 καὶ
3646 3036 3751 3088 συγ-

532 3122 732 3165 corona
750 3108 1058 3175 fraudator,
1080 3107 1619 3177 opportunitatesque
1647 3108 1868 3163 amittit.

1198 3107 1619 3177 ortunitatesque
1647 3108 1868 3163 amittit.
2142 3109 2191 3172 ο
2221 3107 2338 3178 χέει
2364 3108 2492 3173 τοὺς
2523 3098 2770 3179 καιρούς.

694 3210 992 3270 CCCXVII.
1024 3243 1093 3254 —
1119 3212 1417 3271 OPHELIO
1453 3213 1933 3272 GRAMMATICO.

2482 3219 2629 3275 TIZ'.
2668 3249 2742 3263 --
2770 3223 3014 3296 ΩΦΕΛΙῼ
3046 3225 3530 3298 ΓΡΔΜΜΑΤΙΚῼ.

1126 3304 1417 3361 Puerorum
1447 3307 1517 3359 ad
1545 3307 1787 3361 virtutem
1818 3307 2286 3379 uerecundiamque
2312 3308 2647 3379 informatio.
2681 3312 2915 3383 (Confer.
2947 3316 3102 3385 epist.
3131 3316 3215 3388 9.)

605 3415 839 3472 Assidue
859 3455 877 3482 ,
904 3416 989 3470 vir
1013 3414 1385 3476 disertissime.
1419 3428 1616 3484 pueros
1644 3415 1735 3484 qui
1769 3424 1820 3469 te
1856 3414 2114 3486 frequen-

2287 3420 2567 3492 Συνεχῶς,
2600 3415 2647 3476 ὧ
2679 3422 3083 3495 ὲλλογιμώτατε
3101 3465 3117 3492 ,
3144 3429 3263 3492 τοῖς
3291 3429 3521 3498 φοιτῶσι
3549 3429 3683 3482 παισί
3702 3428 3756 3479 τὰ

536 3518 653 3563 tant
684 3509 752 3563 de
776 3509 979 3563 virtute
1007 3523 1071 3562 ac
1090 3508 1423 3563 verecundia
1453 3521 1549 3563 seu
1593 3508 1861 3564 modestia
1908 3508 2108 3577 ample-

2215 3512 2345 3583 περὶ
2384 3513 2586 3585 ἀρετῆς
2620 3516 2716 3569 καὶ
2755 3518 3114 3590 σωφροσύνης
3146 3521 3417 3592 παραίνει
3436 3561 3453 3588 ,
3479 3523 3570 3577 καὶ
3601 3521 3756 3589 ἀναγί-

536 3602 730 3656 ctenda
779 3601 1024 3665 hortare,
1053 3608 1110 3654 et
1161 3599 1275 3654 haec
1319 3598 1387 3654 de
1438 3600 1644 3670 scripto
1689 3600 1774 3654 his
1818 3598 1932 3656 fere
1981 3614 2108 3657 usus

2215 3620 2391 3657 νωσκε
2434 3604 2846 3677 συγγράμματα
2879 3607 3055 3677 λέγων
3079 3626 3095 3641 ο
3121 3604 3195 3665 Ὦ
3235 3613 3462 3678 παῖδες,
3504 3613 3632 3667 ἔστω
3658 3612 3760 3681 ὑμῖν

537 3692 738 3756 verbis,
764 3691 884 3758 lege
918 3707 932 3746 :
967 3690 1382 3757 Adolescentes,
1411 3706 1516 3746 non
1550 3692 1620 3746 sit
1650 3690 1803 3747 vobis
1826 3706 1994 3763 grave
2032 3692 2109 3747 di-

2218 3694 2296 3768 μὴ
2333 3695 2496 3761 πόνος
2540 3696 2702 3767 μόνος
2743 3700 2772 3753 ό
2810 3701 2940 3773 περί
2968 3701 3197 3771 λόγους,
3238 3705 3384 3761 ἀλλά
3425 3706 3519 3762 καὶ
3548 3705 3761 3777 κόσμοςὸ

539 3782 695 3837 cendi
744 3783 847 3836 arti
883 3781 1220 3848 incumbere,
1266 3781 1398 3850 quin
1431 3781 1609 3849 potius
1645 3791 1969 3838 ornamento
2000 3781 2111 3839 fore

2219 3788 2350 3859 περὶ
2371 3787 2611 3859 τρόπους
2641 3789 2706 3844 τὸ
2738 3790 3081 3862 σπούδασμα.
3119 3795 3286 3870 Ψυχὴ
3316 3798 3429 3870 γάρ
3457 3797 3657 3870 καθαρὰ
3683 3816 3760 3850 κα-

538 3874 721 3929 ducite
762 3874 1006 3929 moribus
1037 3888 1200 3944 quam
1245 3874 1465 3943 optimis
1491 3874 1682 3930 imbui.
1711 3874 1940 3930 Animus
1967 3875 2110 3930 enim

2215 3878 2345 3943 κίας
2381 3879 2635 3934 παιδείαν
2662 3881 2932 3955 εἰλικρινῆ
2963 3886 3255 3957 προσίεται
3273 3927 3290 3953 ,
3326 3890 3427 3944 καὶ
3457 3890 3583 3962 παρ’
3620 3885 3692 3952 οἷς
3712 3889 3764 3943 ἂν

539 3983 568 4021 a
594 3966 740 4021 vitiis
773 3980 942 4037 purus
966 3966 1238 4021 sinceram
1269 3976 1426 4037 parat
1463 3967 1773 4023 scientiam.
1822 3968 1889 4022 Et
1913 3968 2111 4038 quibus

2217 3971 2255 4040 ἡ
2295 3972 2621 4044 σωφροσύνη
2656 3973 2850 4048 λάμπῃ
2877 3976 2939 4030 τὸ
2971 3978 3083 4032 τῶν
3116 3979 3339 4049 ἀρετῶν
3369 3979 3694 4053 τιμιώτατον.
3715 3979 3762 4031 Εἰ

539 4057 864 4115 verecundia
887 4057 1062 4125 adest,
1084 4059 1137 4112 in
1153 4059 1237 4113 his
1248 4058 1574 4113 verecundia
1595 4059 1855 4114 virtutum
1874 4058 2111 4115 maxima

2216 4064 2441 4137 γὰρκαὶ
2469 4068 2790 4139 σωφροσύνη
2834 4070 2946 4124 πᾶν
2974 4069 3038 4123 τὸ
3069 4071 3500 4145 ἀναμάρτητον,
3538 4071 3662 4129 ἀλλὰ
3696 4071 3765 4124 νέ-

537 4151 810 4206 elucescit.
845 4147 1125 4219 Siquidem
1155 4158 1211 4204 et
1242 4149 1597 4219 temperantia
1625 4148 1775 4204 vitiis
1796 4158 1968 4214 caret,
1994 4165 2109 4221 qua!

2222 4173 2415 4227 μουσιν
2461 4160 2635 4229 αὐτῆς
2674 4161 2775 4231 τὴν
2817 4164 3193 4235 προσηγορίαν
3233 4159 3297 4219 εὖ
3334 4165 3611 4229 ποιοῦντές
3648 4178 3766 4223 τινες

539 4243 707 4298 etiam
749 4240 870 4296 illos
901 4240 993 4311 qui
1031 4241 1203 4311 ipsam
1243 4241 1643 4312 amplectuntur
1679 4246 1931 4301 castitate
1954 4259 2111 4301 exor-

2217 4249 2297 4319 τῷ
2336 4250 2437 4319 τῆς
2482 4252 2705 4319 ἁγνείας
2747 4254 3072 4325 πράγματι,
3113 4259 3489 4329 κοσμιωτάτῳ
3527 4256 3661 4321 δντι,
3692 4256 3768 4307 καὶ

543 4343 679 4387 nat:
716 4346 836 4400 quat
877 4332 1105 4400 reliquis
1163 4332 1439 4388 antecellit
1479 4333 1770 4391 virtutibus
1819 4335 2115 4404 pulchritu-

2219 4340 2541 4413 ὲξοχωτάτῳ
2566 4343 2677 4397 τῶν
2705 4343 2904 4399 ἄλλων.
2952 4346 3177 4412 Τούτοις
3219 4348 3319 4402 καὶ
3355 4351 3391 4419 ἡ
3436 4348 3594 4417 σοφία
3624 4362 3768 4399 συνοι-

539 4425 687 4480 dine.
720 4424 853 4479 Cum
886 4424 972 4478 his
1005 4425 1271 4494 Sapientia
1314 4425 1545 4482 habitat.
1576 4425 1687 4482 Hac
1713 4428 1893 4496 itaque
1914 4429 2049 4483 duce
2073 4427 2111 4483 si

2224 4433 2384 4504 κήσει
2406 4448 2421 4463 ο
2454 4433 2521 4487 ἂν
2546 4433 2656 4506 γὰρ
2691 4435 2920 4507 ἡγεμόνι
2950 4437 3193 4509 χρῆσθαι
3219 4438 3361 4511 πρὸς
3389 4440 3604 4495 ἅπαντα
3625 4434 3771 4508 ταύτῃ

542 4517 609 4571 ad
641 4518 827 4573 omnia
858 4517 936 4570 uti
965 4517 1267 4584 volueritis,
1299 4534 1396 4574 vos
1437 4520 1653 4589 quidem
1681 4521 1778 4573 viri
1806 4518 2112 4575 eﬂiciemini

2218 4526 2287 4595 τῇ
2339 4524 2509 4595 ἀρετῇ
2561 4523 2823 4596 θελήσητε
2850 4565 2867 4591 ,
2909 4527 3069 4596 ὑμεῖς
3114 4528 3216 4599 μὲν
3258 4528 3560 4601 γενήσεσθε
3608 4526 3769 4597 ἄνδρες

541 4606 728 4678 optimi
760 4622 824 4664 ac
859 4606 1125 4663 fortunati
1154 4623 1169 4662 :
1201 4623 1301 4679 ego
1327 4624 1545 4681 quoque
1569 4625 1598 4663 a
1632 4621 1782 4666 recta
1817 4618 1995 4665 vestra
2027 4613 2113 4667 in-

2219 4616 2415 4686 ἀγαθοί
2460 4616 2557 4671 καὶ
2596 4617 2898 4689 μακάριοι,
2932 4618 3044 4687 ἐγὼ
3070 4620 3127 4674 δὲ
3157 4620 3243 4689 ἐφ’
3277 4611 3414 4693 ὑμῖν
3454 4622 3516 4676 ού
3553 4613 3769 4693 putaui

540 4698 824 4755 stitutione
858 4714 964 4754 non
1016 4702 1197 4756 minus
1239 4717 1402 4772 quam
1444 4704 1537 4774 qui
1592 4719 1688 4759 vos
1726 4714 1981 4772 parentes
2028 4720 2112 4773 ge-

2028 4720 2122 4773 ge—
2218 4709 2377 4781 οἵπερ
2404 4709 2732 4779 ἐγέννησαν,
2763 4709 2974 4780 ἀμείνω
2991 4711 3149 4779 δόξαν
3176 4713 3568 4785 καρπώσομαι.

542 4800 798 4853 nuerunt,
838 4790 946 4845 into
972 4790 1231 4861 majorem
1267 4793 1432 4848 etiam
1468 4794 1691 4863 gloriam
1723 4810 2045 4866 consequar.
2876 4793 2883 4799 ’

765 4896 1085 4955 CCCXVIII.
1120 4930 1191 4941 --
1226 4900 1501 4959 ISIDORO
1539 4902 1891 4959 EPISCOPO.

2526 4905 2683 4961 TIH’.
2723 4936 2791 4948 —
2822 4903 3087 4979 ιΣιΔΩΡι)
3120 4908 3500 4983 ΕΠΙΣΚΟΠῼ.

1588 4994 1844 5051 Veritatis
1885 4998 2146 5064 laudatio,
2176 5000 2436 5054 mendacii
2473 4998 2764 5067 turpitudo.

615 5082 731 5139 Sibi
774 5094 959 5138 notam
1005 5084 1336 5154 ignominiae,
1363 5102 1397 5142 ο
1431 5088 1672 5158 sapiens,
1710 5092 1955 5159 inurunt,
2005 5104 2057 5150 et
2088 5110 2119 5150 a

2228 5128 2229 5131 η
2315 5094 2591 5156 Ὶιῖαυτοῖς,
2639 5084 2686 5145 ὧ
2732 5092 2896 5161 σοφὲ,
2935 5093 3155 5160 ἀδοξίαν
3200 5094 3657 5167 προπρίὸονται,
3698 5091 3770 5145 καὶ

541 5187 694 5233 recta
733 5178 988 5235 excidere
1016 5180 1230 5235 ratione
1259 5181 1532 5250 videntur,
1568 5184 1659 5252 qui
1701 5184 1965 5254 sapientis
1993 5200 2113 5243 esse

2225 5183 2287 5237 τὸ
2328 5182 2681 5253 ὲξεστηκέναι
2716 5181 2829 5234 τῶν
2866 5182 3041 5254 ὀρθῶν
3069 5183 3349 5256 λογισμῶν
3383 5184 3768 5253 ὑποφαίνουσιν,

542 5268 782 5325 hominis
819 5270 1023 5324 ducunt
1068 5285 1373 5342 repugnare
1413 5274 1507 5339 iis,
1546 5288 1667 5344 qua:
1703 5275 1843 5331 bene
1883 5291 2114 5347 vereque

2226 5276 2277 5329 οἰ
2327 5276 2421 5328 καὶ
2450 5275 2512 5328 τὸ
2555 5276 2668 5337 τοῖς
2695 5258 2873 5345 ὀρθῶς
2916 5275 3230 5348 λεγομένοις
3262 5277 3573 5348 ἀντιλέγειν
3615 5273 3771 5343 σοφίαν

542 5362 685 5416 dicta
735 5370 879 5415 sunt.
931 5362 1097 5431 Atqui
1155 5378 1368 5421 summa
1405 5366 1710 5435 sapientia,
1752 5368 1957 5424 veritas
2003 5377 2114 5436 est,

2228 5363 2369 5421 εἶναι
2412 5367 2683 5436 οἰόμενοι·
2729 5366 2892 5436 σοφὸν
2928 5368 3039 5441 γὰρ
3080 5368 3352 5442 τάληθὲς,
3396 5369 3630 5444 μάλιστα
3668 5366 3770 5419 ὅταν

543 5452 867 5522 simpliciter
889 5452 1236 5525 breviterque
1270 5456 1503 5522 prolata.
1535 5456 1874 5515 Mendacium
1900 5469 2115 5529 contra,

2225 5460 2431 5515 ἁπλοῦν
2536 5460 2631 5514 καὶ
2659 5458 2954 5532 σύντομον·
2994 5462 3168 5518 δεινὸν
3193 5463 3285 5518 καί
3315 5462 3437 5536 (95)
3472 5464 3533 5519 τὸ
3571 5459 3766 5533 ψεῦδος,

611 5567 659 5600 80
694 5567 816 5600 Innn
876 5584 906 5600 ι-

683 5565 840 5624 Joan.
876 5582 989 5635 ενι,
1020 5568 1113 5627 35.

1649 5657 1883 5714 VARIAE
1923 5656 2255 5714 LECTIONE

1649 5657 1883 5714 νΑιιιΑῑ
1923 5656 2305 5714 LECTIONES
2343 5658 2430 5713 ET
2468 5614 2696 5720 NOTJE.

620 5777 733 5848 (95)
767 5778 873 5834 l’ro
920 5778 1089 5835 δεινὸν
1134 5779 1228 5834 καὶ
1262 5780 1435 5857 iidem
1482 5780 1644 5836 codd.
1710 5790 1893 5850 regunt
1941 5779 2124 5850 μωρὸν
2153 5778 2192 5832 δε

920 5778 1089 5835 δεινὸν
1134 5779 1228 5834 καὶ
1262 5780 1435 5857 iidem
1482 5780 1644 5836 codd.
1710 5790 1893 5850 regunt
1941 5779 2124 5850 μωρὸν
2153 5778 2230 5833 δέ.
2271 5778 2477 5833 Possm.
