3982 6420
207 399 339 466 1521

203 522 312 577 κᾶν
337 520 607 594 δεινότητι
633 523 727 578 καὶ⁸
749 522 1074 594 καλλιεπεία
1100 523 1231 594 δοκῇ
1263 523 1662 594 κεκοσμῆσθαι.

494 725 642 780 τιον.
676 753 746 766 -
783 726 991 781 ηΡοΝι
1031 725 1498 798 ΠΡΕΣΒΥΤΕΡῼ.

1079 405 1616 466 EPISTOLARUM
1656 408 1803 468 LIB.
1845 412 1910 470 V.
1935 432 2005 445 -
2039 410 2279 471 EPIST.
2329 410 2684 471 CCCXXIII.

3336 406 3475 472 1522
3517 394 3532 406 ”

1820 544 1867 598 Α
1899 524 2102 579 malum
2133 525 2265 595 quid
2309 525 2626 588 admodum,
2668 523 2770 579 etsi
2810 521 3129 592 gravissima
3176 520 3473 578 disertissi-

1896 631 2090 686 maque
2130 626 2374 670 comatur
2402 616 2672 680 oratione,
2701 615 2932 671 exsistit.

2092 723 2470 780 CCCXIX.'—
2499 723 2753 780 HERONI
2792 726 3266 785 PRESBYTERO.

914 819 1163 887 Aspectus
1209 819 1484 872 maiierum
1538 817 1885 888 periculosus.
1926 815 2106 886 (Conf.
2146 819 2302 886 epist.
2332 817 2423 882 65,
2467 817 2593 883 175,
2621 817 2775 889 291.)

283 925 452 981 Ἵσθω
499 943 596 980 σου
640 927 800 981 τοῦτο
829 929 863 998 ἡ
899 928 1197 999 φρόνησις,
1244 929 1293 980 εί
1335 927 1616 999 ἀγέρωχος
1658 925 1795 996 γυνὴ

204 1015 662 1089 καλλωπιζομένη
711 1019 903 1090 καλοίη
936 1018 1073 1089 πρὸς
1110 1017 1310 1088 ἑαυτὴν
1349 1018 1475 1081 τοὺς
1521 1017 1794 1088 ὁρῶντας,

205 1107 316 1164 κᾶν
363 1108 442 1178 μὴ
485 1108 580 1180 ἕλῃ
618 1108 720 1180 τὴν
750 1108 865 1180 (94)
909 1109 1292 1176 ἀπαντῶντα,.
1315 1108 1470 1179 δίκην
1507 1108 1719 1163 δίδωσιν
1759 1109 1794 1178 ή

207 1199 432 1256 ἑλοῦσα.
467 1201 540 1254 Τὸ
575 1201 686 1270 γὰρ
730 1200 956 1255 κώνειον
987 1201 1397 1267 κατεσκεύασε,
1439 1201 1534 1255 καὶ
1565 1200 1660 1254 τὸν
1700 1218 1799 1253 κυ-

205 1292 394 1345 κεῶνα
423 1292 654 1363 ἐκέρασε
673 1332 690 1360 ,
720 1293 816 1347 καὶ
850 1294 952 1365 τὴν
990 1293 1187 1348 κύλικα
1217 1295 1590 1364 προσήγαγεν,
1622 1294 1671 1346 εί
1700 1292 1796 1346 καὶ

209 1383 290 1451 μὴ
322 1381 520 1454 εὑρέθη
553 1383 582 1435 ὁ
619 1383 810 1438 πίνων.
851 1385 928 1437 Οὐ
971 1384 1081 1455 γὰρ
1112 1385 1223 1438 ἀπὸ
1265 1383 1375 1438 τῶν
1423 1383 1796 1454 ἀποτελεσμά-

204 1490 318 1526 των
336 1513 351 1532 .
387 1472 503 1527 ἀλλ’
542 1474 653 1529 ἀπὸ
678 1475 787 1529 τῶν
811 1474 1259 1547 ἐπιχειρημάτων
1289 1475 1358 1528 τὰ
1389 1475 1692 1545 πράγματα
1720 1473 1797 1538 ὡς

205 1561 280 1617 τὰ
307 1563 480 1618 πολλὰ
505 1564 772 1636 κρίνεται.

530 1672 662 1725 Τκν.
693 1695 770 1712 -ι-
811 1655 1115 1744 Εγτσῑνιο
1147 1673 1470 1744 ΔΙΔΚΟΝῼ.

1966 926 2081 984 Non
2125 929 2343 1000 ignoras
2387 943 2493 998 qua
2542 943 2601 984 es
2633 931 2917 1001 prudentia
2961 930 3245 1000 praeditus,
3289 928 3477 982 forma:

1894 1019 2300 1091 pulchritudine
2335 1027 2632 1074 tumentem
2660 1019 2939 1075 mulierem
2977 1021 3020 1074 si
3051 1027 3360 1086 spectantes
3400 1015 3470 1069 ad

1896 1127 1956 1167 se
1987 1111 2210 1177 alliciat,
2251 1110 2470 1166 tametsi
2511 1125 2618 1165 non
2652 1110 2830 1181 capiat
2857 1110 3070 1176 obvios,
3105 1111 3354 1165 daturam
3391 1117 3474 1160 ta-

1897 1216 2020 1256 men
2067 1215 2259 1271 ptnnas
2297 1200 2451 1269 quasi
2492 1201 2770 1271 cepisset:
2805 1215 3073 1256 venenum
3120 1199 3265 1258 enim
3295 1196 3479 1267 prepi-
3534 1241 3540 1246 .

1896 1289 2069 1354 navit,
2127 1288 2454 1358 miscuitque
2505 1287 2784 1357 poculum,
2836 1287 3172 1354 calicemque
3230 1280 3476 1354 protulit,

1903 1382 2006 1437 etsi
2055 1396 2161 1436 non
2218 1379 2421 1449 reperit
2465 1379 2556 1448 qui
2613 1378 2845 1433 biberet.
2904 1377 3020 1432 Non
3070 1376 3212 1431 enim
3258 1371 3479 1441 impleta

1904 1473 2090 1537 modo,
2133 1472 2228 1528 sed
2269 1479 2325 1526 et
2353 1479 2560 1526 tentata
2601 1468 2806 1540 ﬂagitia
2855 1478 2912 1522 ut
2953 1468 3244 1538 plurimum
3274 1461 3479 1533 judicio
3535 1515 3537 1518 .

1905 1562 2300 1634 expenduntur.

2161 1670 2414 1728 CCCXX.
2444 1700 2516 1710 —
2545 1666 2884 1737 EUTONIO}
2899 1663 3217 1721 DIACONO.

431 1761 510 1817 De
533 1761 772 1830 Zosimo,
809 1767 1113 1833 celerisque
1136 1767 1225 1837 qui
1252 1765 1349 1821 Dei
1381 1767 1778 1838 longanimitate
1819 1766 2194 1822 abutebantur.
2229 1763 2406 1834 Supra
2430 1779 2566 1833 saepe
2595 1763 2660 1817 de
2692 1761 2887 1817 eisdem
2911 1760 2980 1813 ad
3004 1758 3264 1813 eumdem.

283 1865 418 1924 Οἶδα
461 1871 545 1926 ὅτι
583 1873 915 1945 κρειττόνων
955 1875 990 1947 ἢ
1021 1876 1144 1930 καθ’
1174 1877 1403 1942 ἑαυτοὺς
1440 1879 1802 1949 τετυχήκασιν

1978 1877 2105 1933 Scio
2122 1876 2410 1947 dignitates
2422 1889 2581 1944 supra
2601 1873 2850 1927 meritum
2864 1877 3183 1926 consecutos
3199 1874 3479 1938 propterea

211 1961 580 2030 ἀξιωμάτων
633 1964 723 2020 διὰ
758 1963 917 2019 τοῦτο
946 1965 1290 2037 πλημμελεῖν
1319 1967 1490 2031 ἀδεῶς
1531 1968 1798 2039 οἰόμενοι,

208 2052 370 2105 οὐδὲν
400 2053 588 2124 ἕτερον
606 2097 620 2121 ,
657 2054 691 2126 ἢ
723 2054 821 2128 τὴν
851 2055 1004 2112 θείαν
1035 2058 1444 2129 φιλανθρωπίαν
1469 2058 1566 2128 τὴν
1601 2060 1802 2123 παντὸς

211 2143 446 2197 ἐπαίνου
476 2146 792 2216 κρείττονα,
832 2148 1090 2202 ὑπόθεσιν
1132 2149 1240 2202 τῶν
1273 2151 1490 2204 οἰκείων
1522 2151 1801 2220 πταισμά-

211 2233 646 2304 των-ὁρίζονται,
678 2236 816 2308 ὅπερ
836 2237 956 2290 οὐδὲ
989 2240 1164 2294 εἰπεῖν
1194 2240 1374 2309 θέμις.
1421 2241 1560 2294 Ἀλλ’
1588 2241 1650 2294 ού
1677 2241 1802 2304 τοὺς

215 2321 621 2394 εὐφρονοῦντας
647 2323 790 2378 οὕτω
821 2325 1123 2381 διακεῖσθαι
1155 2330 1280 2400 χρὴ,
1305 2329 1425 2382 οὐδὲ
1454 2331 1533 2394 είς
1562 2329 1662 2400 τὴν
1699 2330 1800 2382 αύ-

213 2412 320 2482 τὴν
373 2415 602 2478 ἐκείνοις
651 2417 898 2472 ἐλαύνειν
949 2419 1184 2491 μανίαν,
1223 2421 1358 2475 ἀλλὰ.
1397 2423 1516 2475 τότε
1568 2422 1805 2491 μάλιστα.

219 2505 550 2570 σπουδάζειν
567 2510 632 2578 τῇ
646 2512 779 2580 τιμῇ
805 2511 1170 2582 συμϐαίνοντα
1191 2511 1529 2582 παρέχεσθαι
1548 2513 1642 2566 τὸν
1665 2513 1801 2583 βίον,

217 2593 321 2648 καὶ
356 2595 429 2659 ὼς
453 2597 728 2668 ἐνδέχεται
759 2601 1173 2672 λαμπρύνεσθαι
1205 2606 1316 2667 τοῖς
1341 2603 1522 2674 ἔργοις
1541 2620 1556 2633 ’
1592 2604 1678 2656 ἴνα
1709 2604 1805 2658 καὶ

216 2683 473 2753 γλῶτταν
504 2687 752 2761 εὔφημον
776 2734 788 2755 ,
831 2693 926 2746 καὶ
963 2693 1204 2748 διάνοιαν
1233 2695 1552 2764 εὐγνώμονα
1592 2694 1805 2765 ἔχοντες

217 2775 353 2838 τοὺς
391 2777 532 2830 κατὰ
561 2779 660 2848 τῆς
711 2780 865 2844 Θείας
913 2783 1298 2854 μακροθυμίας
1348 2784 1668 2848 ὁπλίζοντας
1707 2784 1808 2846 τὰς

219 2865 472 2934 γλώττας
500 2871 962 2944 ἑπιστομίζωμεν.

493 2973 672 3033 TKA'.
706 3008 777 3018 —
808 2981 1040 3035 IEPAKI
1075 2981 1543 3054 ΠΡΕΣΒΥΤΕΡῼ.

1907 1969 2226 2039 delinquere
2277 1966 2553 2032 audacter,
2605 1964 2747 2034 quod
2789 1963 3106 2018 existiment
3157 1958 3290 2013 nihil
3335 1957 3482 2011 aliud

1908 2077 2070 2132 quam
2126 2060 2362 2116 divinam
2420 2056 2852 2128 benignitatem,
2910 2066 3032 2124 quae
3083 2050 3290 2106 laudari
3351 2049 3484 2104 satis

1909 2165 2014 2205 non
2059 2150 2247 2219 possit,
2277 2147 2445 2218 656
2470 2153 2847 2217 argumentum
2898 2157 3123 2199 suorum
3174 2154 3299 2196 esse
3347 2138 3483 2192 deli-

1905 2251 2140 2303 ctorum,
2171 2238 2317 2308 quod
2348 2237 2501 2292 nefas
2546 2243 2629 2292 est
2673 2235 2877 2289 dicere.
2910 2233 2982 2286 At
3035 2246 3141 2287 non
3176 2230 3250 2284 ita
3279 2228 3482 2283 sentire

1905 2332 2061 2386 decet
2085 2329 2380 2398 sapientes,
2413 2341 2512 2382 nec
2546 2326 2602 2380 in
2625 2325 2871 2379 eamdem
2898 2338 2958 2379 se
2981 2321 3271 2376 immittere
3292 2333 3480 2372 amen-

1906 2423 2065 2488 tiam,
2109 2421 2206 2477 sed
2256 2431 2368 2475 tum
2409 2419 2645 2474 maxime
2687 2417 2822 2472 dare
2862 2429 3111 2485 operam,
3153 2421 3214 2468 ut
3260 2412 3485 2465 honeste

1907 2515 2016 2569 vita
2049 2513 2401 2582 transigatur,
2437 2519 2603 2579 utque
2643 2515 2790 2563 recte
2832 2507 2988 2564 factis
3025 2521 3147 2562 eam
3189 2505 3482 2568 illustrant,

1909 2611 1968 2656 ut
1998 2612 2053 2656 et
2080 2601 2318 2669 linguam
2347 2599 2576 2667 benigne
2603 2596 2937 2665 loquentem,
2972 2603 3314 2662 mentemque
3338 2599 3485 2646 recte

1906 2693 2229 2748 sentientem
2271 2689 2556 2754 habentes,
2591 2702 2778 2742 eorum
2825 2701 2918 2745 ora
2968 2687 3241 2749 ohturent,
3283 2682 3374 2752 qui
3430 2681 3482 2734 in

1909 2784 2002 2837 Dei
2036 2781 2494 2852 ionganimitatem
2525 2779 2742 2847 linguas
2771 2785 3051 2832 acuerunt.

2085 2978 2360 3036 CCCXXI.
2397 3009 2467 3019 —
2507 2975 2788 3032 lllEBACI
2813 2973 3302 3032 "PRESBYTERO.

927 3073 1206 3129 Sacerdoti
1233 3075 1449 3129 vitanda
1474 3074 1754 3140 scandala,
1785 3085 1842 3129 ut
1875 3083 1923 3130 ει
1955 3072 2105 3144 epist.
2130 3089 2238 3143 seq.
2268 3073 2362 3127 lib.
2392 3087 2454 3140 tt,
2485 3073 2641 3142 epist.
2679 3071 2796 3126 121.

299 3179 419 3235 Οὐκ
451 3181 592 3254 ίσην,
626 3176 672 3237 ὦ
706 3185 966 3257 μακάριε,
1016 3185 1124 3258 πρὸ
1151 3185 1245 3242 τοῦ
1294 3188 1594 3262 ἱερωσύνης
1640 3187 1804 3260 ἠξιῶ-

1975 3185 2092 3243 Non
2125 3203 2332 3257 parem,
2377 3202 2411 3242 0
2439 3189 2598 3255 bone,
2632 3196 2755 3241 ante
2782 3193 2837 3240 et
2861 3193 2983 3254 post
3015 3183 3265 3254 adeptnm
3298 3197 3483 3236 sacer-

225 3270 392 3336 σθαι,
424 3274 520 3325 καὶ
551 3274 691 3343 μετὰ
721 3276 782 3328 τὸ
812 3277 1146 3348 ἀξιωθῆναι,
1185 3280 1232 3332 εί
1263 3281 1616 3351 πταίσωμεν,
1648 3281 1804 3354 δίκην

219 3361 506 3432 δώσομεν,
546 3364 682 3418 ἀλλὰ
710 3367 890 3439 πολλῷ
924 3370 1278 3441 πικροτέραν.
1310 3372 1374 3424 Oi
1407 3371 1517 3443 γὰρ
1563 3372 1698 3444 μηδὲ
1725 3371 1805 3444 τῷ

222 3454 332 3524 τῆς
372 3457 537 3526 τιμῆς
580 3457 836 3531 τοιαύτης
881 3459 1146 3530 ἠξιῶσθαι
1190 3460 1590 3532 βελτιωθέντες,
1635 3465 1807 3537 ἀργα-

222 3544 495 3616 λεώτερον
539 3547 738 3602 δίκαιοι
781 3549 847 3602 ἂν
876 3545 987 3604 εἷεν
1027 3551 1374 3617 κολάζεσθαι.
1419 3554 1672 3624 Γίγνεται
1698 3554 1806 3628 γὰρ

224 3638 458 3702 εἰκότως
508 3641 569 3694 τὸ
614 3642 711 3711 τῆς
746 3642 913 3714 τιμῆς
965 3643 1194 3714 μέγεθος
1243 3645 1490 3716 μείζονος
1539 3647 1810 3718 τιμωρίας

225 3730 441 3799 ὲφόδιοϊ

697 3825 869 3879 TKB'.
907 3857 974 3868 -
1001 3829 1091 3898 Tn
1123 3829 1330 3900 Αγτο.

1911 3279 2126 3348 όοιὲυιη,
2150 3279 2197 3335 si
2224 3278 2616 3349 delinquemus,
2664 3292 2874 3348 poenam
2916 3276 3145 3341 luemus,
3175 3275 3269 3330 sed
3319 3272 3487 3330 multo

1913 3371 2270 3427 acerbiorem.
2300 3371 2433 3426 Nam
2452 3371 2543 3440 qui
2577 3386 2645 3425 ne
2675 3371 2779 3425 ista
2809 3371 3025 3440 quidem
3063 3367 3286 3422 honoris
3316 3367 3487 3435 (ligni-

1914 3471 2025 3518 tate
2059 3463 2256 3518 redditi
2297 3473 2424 3518 sunt
2469 3462 2745 3528 meliores,
2779 3477 2990 3530 aequum
3033 3469 3118 3515 est
3147 3474 3241 3516 eos
3271 3462 3487 3529 gravius

1912 3554 2116 3625 puniri.
2170 3553 2266 3610 Est
2312 3556 2456 3609 enim
2504 3556 2698 3610 merito
2747 3557 2861 3625 ipsa
2913 3552 3136 3609 honoris
3176 3552 3487 3624 magnitudo

1914 3648 2163 3718 supplicii
2196 3647 2417 3719 majoris
2449 3648 2682 3704 occasio.

2369 3833 2668 3892 CCCXXII.
2706 3863 2777 3874 —
2804 3833 3031 3890 EIDEM.

1106 3919 1478 3988 [Sacerdotum
1504 3919 1749 3989 graviora
1781 3937 1893 3978 esse
1919 3942 2076 3995 quam
2101 3926 2359 3980 (uicorum
2382 3924 2596 3982 delicta.

301 4022 514 4096 Ὠσπερ
555 4025 615 4080 ἐν
651 4025 764 4098 νηῒ,
801 4028 931 4082 ὅταν
970 4028 1069 4099 μὲν
1112 4029 1316 4100 ναύτης
1356 4030 1585 4102 σφαλείη
1608 4071 1622 4097 ,
1673 4032 1806 4103 βρα-

225 4121 388 4190 χεῖαν
415 4123 512 4191 τὴν
549 4119 756 4192 βλάϐην
781 4125 892 4186 τοῖς
929 4122 1266 4193 συμπλέουσι
1305 4123 1499 4194 φέρει’,
1531 4125 1659 4178 ὅταν
1689 4126 1748 4179 δὲ
1781 4129 1808 4180 ὁ

227 4212 608 4282 κυϐερνήτης,
647 4213 826 4266 κοινὸν
862 4213 1084 4286 ὀλεθρον
1114 4214 1543 4285 παρασκευάζει,
1573 4216 1714 4270 οὕτω
1741 4218 1810 4271 τὰ

229 4303 335 4374 μὲν
363 4304 473 4356 τῶν
508 4305 764 4375 ὑπηκόων
793 4305 1133 4376 πταίσματα,
1159 4307 1260 4359 οὐκ
1285 4307 1367 4369 είς
1392 4306 1454 4359 τὸ
1479 4307 1657 4362 κοινὸν
1680 4325 1808 4362 τοσ-

221 4397 390 4450 οῦτον
410 4436 426 4461 ,
452 4397 577 4450 ὅσον
615 4399 696 4461 είς
722 4398 920 4461 αὐτοὺς
951 4398 1108 4469 φέρει
1129 4398 1229 4468 τὴν
1251 4397 1455 4469 βλάϐην
1477 4415 1493 4430 ·
1517 4399 1585 4453 τὰ
1613 4399 1670 4454 δὲ
1698 4399 1806 4454 τῶν

227 4489 552 4560 ἱερωμένων
581 4489 663 4553 είς
691 4489 901 4554 πάντας
932 4491 1263 4559 ἀφικνεῖται.

690 4597 864 4652 τιιιπν.
905 4627 974 4639 -
1015 4597 1105 4669 Te
1147 4597 1351 4669 ΑΥἸᾩ.

1993 4037 2062 4094 Ut
2130 4039 2183 4093 in
2224 4038 2444 4106 navigio
2474 4037 2518 4092 si
2547 4037 2668 4106 quis
2700 4043 2860 4090 nauta
2894 4034 3188 4102 delinquat,
3222 4033 3398 4088 minus
3431 4031 3484 4086 id

1916 4130 2293 4200 navigantibus
2321 4129 2479 4185 affert
2511 4129 2942 4192 incommodum;
2985 4126 3028 4181 si
3064 4140 3194 4179 vero
3217 4125 3488 4194 guberna-

1916 4229 2020 4286 tor,
2063 4235 2402 4275 communem
2453 4229 2701 4287 procurat
2758 4218 3070 4284 interitum;
3121 4215 3187 4269 ad
3239 4215 3486 4268 eumdem

1915 4312 2132 4365 modum
2177 4311 2512 4366 subditorum
2548 4319 2767 4380 peccata
2810 4325 2941 4386 non,
2967 4319 3079 4362 tam
3132 4307 3274 4372 aliis,
3322 4320 3484 4375 quam

1915 4415 2014 4455 suo
2053 4401 2151 4468 ipsi
2181 4401 2342 4469 capiti
2375 4401 2573 4454 malttm
2599 4409 2904 4454 arcessunt.
2930 4399 3000 4453 At
3033 4395 3374 4453 sacerdotum
3402 4395 3486 4449 vi-

1840 4525 1885 4578 D
1917 4495 1987 4547 tia
2019 4493 2070 4546 in
2097 4507 2286 4548 omnes
2311 4492 2559 4554 exemplo
2589 4493 2919 4546 redundant.

2354 4602 2675 4657 CCCXXlll.
2710 4632 2779 4642 —
2811 4600 3037 4655 EIDEM.

908 4689 1254 4745 Sacerdolum
1282 4701 1359 4747 est
1387 4693 1718 4748 subditorum
1747 4709 2005 4768 satagere.
2031 4698 2302 4767 Majorum
2325 4699 2514 4753 delicta
2543 4700 2807 4769 graviora.

299 4801 365 4854 El
421 4802 607 4872 μόλις,
663 4794 709 4856 ὦ
765 4799 974 4871 ἀγαθὲ,
1023 4800 1418 4870 κατορθοῦντες
1463 4803 1513 4855 οί
1552 4804 1650 4875 τὴν
1706 4805 1805 4876 τῆς

224 4892 532 4964 ἱερωσύνης
582 4893 906 4964 ἐστεμμένοι
939 4891 1282 4965 λειτουργίαν
1329 4891 1609 4964 ὠφελῆσαι
1647 4894 1808 4964 δυνη-

222 4986 375 5038 θεῖεν
417 4987 497 5054 (οί
530 4986 638 5054 γὰρ
671 4987 962 5058 ἀρχόμενοι
1004 4985 1074 5039 τὰ
1121 4985 1220 5056 μὲν
1258 4985 1661 5056 κατορθώματα
1706 4985 1808 5040 κᾶν

229 5077 448 5146 μεγάλα
483 5074 539 5148 ᾖ,
568 5075 830 5146 βραδέως,
870 5075 940 5128 τὰ
965 5075 1022 5128 δὲ
1051 5074 1371 5144 πταίσματα
1409 5075 1514 5128 κᾶν
1546 5076 1720 5147 μικρὰ
1748 5075 1806 5149 ᾖ,

224 5170 396 5235 ὀξέως
447 5167 710 5238 ὁρῶσιν),
755 5170 805 5221 οἱ
853 5166 1114 5240 ῥᾳθύμως
1140 5165 1362 5232 ζῶντες,
1404 5165 1498 5219 καὶ
1539 5169 1810 5238 μηδεμίαν

223 5261 340 5311 τῶν
360 5259 616 5329 ὑπηκόων
642 5259 954 5330 ποιούμενοι
981 5259 1258 5331 πρόνοιαν,
1295 5255 1453 5310 ποίαν
1485 5258 1588 5310 οὐκ
1621 5261 1810 5314 ἐνστά-

226 5351 382 5415 ζουσι
410 5351 521 5421 (95)
566 5350 764 5405 κακίαν
805 5353 918 5414 τοῖς
959 5350 1150 5420 ὥσπερ
1179 5348 1478 5417 ἀπολογίαν
1517 5350 1663 5421 ἔχειν
1698 5354 1806 5406 οίο-

229 5441 418 5511 μένοις
457 5440 566 5493 τῶν
600 5440 816 5494 οἰκείων
861 5441 1218 5512 πταισμάτων
1263 5439 1333 5493 τὰ
1360 5437 1470 5491 τῶν
1517 5442 1802 5513 ἡγεμόνων

1986 4806 2040 4861 Si
2078 4807 2162 4862 vix
2194 4808 2427 4871 tandem,
2455 4806 2593 4863 bone
2619 4805 2720 4870 vir,
2747 4814 2893 4860 recte
2930 4803 3058 4872 quid
3090 4819 3155 4857 ac
3181 4816 3302 4856 cum
3331 4800 3487 4855 laude

1915 4908 2137 4969 agentes
2173 4897 2266 4968 qui
2305 4897 2478 4952 sacris
2526 4905 2653 4952 sunt
2701 4894 2897 4950 initiati
2963 4892 3220 4963 prodesse
3277 4898 3486 4960 queant

1914 4990 2136 5060 (subditi
2181 4987 2322 5044 enim
2367 4997 2514 5044 recte
2542 4987 2758 5058 quidem
2794 4994 2968 5058 gesta,
3001 4984 3246 5054 quamvis
3291 4997 3484 5050 magna

1910 5081 2040 5144 sint,
2090 5093 2196 5134 non
2241 5089 2352 5134 tam
2397 5079 2539 5146 cito;
2576 5087 2794 5148 peccata
2835 5091 2965 5131 vero
3010 5074 3223 5130 tametsi
3261 5073 3482 5126 minima

1905 5170 2173 5224 citissime
2217 5169 2702 5239 animadvertunt),
2731 5167 3066 5238 negligenter
3113 5167 3377 5228 viventes,
3430 5173 3486 5215 ct

1907 5261 2108 5314 nullam
2138 5262 2474 5316 subditorum
2512 5275 2697 5315 curam
2727 5265 2995 5327 gerentes,
3037 5272 3199 5326 quam
3240 5271 3346 5309 non
3384 5255 3482 5307 itt-

1904 5353 2108 5407 stillanl
2137 5353 2535 5421 improbitatem
2565 5355 2630 5408 iis
2655 5354 2744 5423 qui
2778 5351 3119 5422 propriorum
3153 5347 3474 5402 delictorum

1910 5445 2056 5499 velut
2089 5444 2456 5500 defensionem
2504 5445 2700 5500 habere
2742 5459 2800 5499 se
2827 5451 3020 5511 putant
3054 5450 3274 5511 peccata
3318 5451 3483 5506 snpe-

1327 5601 1562 5660 VAl’tlE
1598 5598 1984 5657 LECTIONES
2027 5601 2113 5655 ET
2157 5601 2390 5660 NOTZE.

306 5744 423 5820 (ἓξ)
452 5745 612 5820 [idem
641 5749 739 5820 τὴν
769 5752 821 5805 in
851 5753 942 5806 τὸν
968 5765 1194 5811 mutant.
1229 5755 1442 5811 Possm.

303 5815 426 5886 (95)
455 5817 561 5874 Pro
601 5815 920 5886 ἐνστάζουσι
957 5826 1116 5880 ambo
1162 5827 1318 5883 codd.
1370 5828 1567 5882 habent
1613 5826 1948 5894 ἑνστάξουσι.
1985 5825 2062 5880 Ιυ.
