3982 6420
460 357 597 428 1523
644 382 647 387 λ
1708 374 1768 435 s.
1813 373 2109 438 ISIDORI
2146 376 2590 440 PELUSIOT/E
3608 360 3739 445 trist

454 475 687 541 riorum,
717 480 771 528 et
801 473 1069 545 intrepide
1090 473 1143 530 in
1168 489 1330 533 omne
1355 474 1567 535 facinus
1593 482 1796 536 ruunt?
1820 482 2026 539 Maximi

2162 491 2564 561 αμαρτήματα,
2598 487 2693 542 καὶ
2721 486 2894 553 ἀδεῶς
2922 488 3016 544 ἐπὶ
3049 489 3230 544 πᾶσαν
3259 487 3608 560 παρανομίαν
3631 509 3734 560 χω·-

456 567 644 639 itaque
683 567 841 623 decet
888 569 1206 626 sacerdotes
1253 580 1504 641 satagere
1549 582 1809 643 tanquam
1860 592 1959 646 pro
1991 593 2028 632 ει

2164 579 2346 650 ροῦσι;
2397 580 2647 633 Μάλιστα
2680 579 2862 633 τοίνυν
2894 582 3027 646 τοὺς
3058 582 3396 655 ίερωμένους
3435 583 3736 657 φροντίζειν

456 658 672 729 sibique
705 657 968 729 subjectis
999 661 1110 716 sint
1143 662 1414 718 rationem
1450 663 1715 722 reddituri
1738 668 1802 723 ⁸⁸.

2165 670 2284 746 χρὴ,
2328 671 2405 735 ὡς
2447 672 2542 724 καὶ
2572 671 2717 743 ὑπὲρ
2745 672 2987 741 ἑαυτῶν,
3027 674 3123 727 καὶ
3159 674 3304 747 ὑπὲρ
3348 674 3464 728 τῶν
3489 674 3737 746 ὑπηκόων

1478 797 1488 806 υ
2157 761 2315 829 λόγον
2346 762 2749 827 ἀποδώσοντας.

624 864 948 924 CCCXXIV.
988 897 1059 908 —
1090 865 1346 924 ZOSIMO
1386 867 1871 929 PRESBYTERO.

2407 874 2579 929 TKA'.
2622 903 2695 914 —
2731 873 2985 946 ΖΩΣΙΜῼ
3028 873 3503 947 ΠΡΕΣΒΥΤΕΡῼ.

1314 963 1552 1021 Extremi
1570 968 1770 1035 judicii
1803 960 2002 1025 terrore
2038 989 2070 1025 a
2105 971 2333 1040 peccatis
2373 986 2618 1024 revocare
2648 980 2895 1025 conatur.

535 1074 608 1131 De
654 1075 1005 1145 injuriarum,
1056 1078 1231 1148 deque
1277 1080 1596 1149 upinionum
1654 1084 2051 1153 magnitudine,

2228 1085 2453 1156 Κρίνειν
2498 1085 2567 1138 τά
2593 1101 2652 1137 τε
2698 1083 2808 1137 τῶν
2851 1082 3064 1155 ὕϐρεων
3088 1121 3105 1148 ,
3134 1083 3206 1137 τά
3233 1100 3293 1137 τε
3332 1084 3445 1137 τῶν
3472 1082 3740 1139 κολάσεων

457 1184 527 1224 ex
574 1184 803 1223 numero
844 1184 1033 1224 eorum
1080 1171 1172 1239 qui
1212 1172 1418 1226 conscii
1454 1181 1582 1227 sunt
1627 1174 1907 1229 aestimare
1957 1191 2029 1230 so-

2162 1177 2367 1248 μεγέθη
2393 1178 2442 1230 oi
2472 1176 2754 1249 ἅνθρωποι
2781 1175 2862 1247 τῷ
2897 1175 3099 1247 πλήθει
3131 1176 3244 1230 τῶν
3271 1176 3594 1231 συνειδότων
3619 1178 3734 1230 είὼ-

458 1259 590 1316 lent.
618 1259 851 1333 lnjurias
884 1264 1029 1318 enim
1059 1274 1115 1318 et
1144 1265 1537 1333 castigationes
1569 1266 1635 1322 de
1668 1267 1863 1336 quovis
1905 1284 2025 1322 sum

2162 1271 2305 1325 θασι.
2335 1270 2448 1334 Τάς
2476 1270 2586 1341 γὰρ
2614 1269 2789 1333 αὐτὰς
2818 1268 3025 1341 ὕϐρεις,
3055 1270 3152 1323 καὶ
3177 1269 3278 1332 τὰς
3303 1268 3477 1333 αὐτὰς
3499 1269 3734 1334 κολάσεις

460 1363 607 1423 ptas,
635 1370 743 1411 non
772 1356 964 1411 eodem
1003 1357 1164 1413 modo
1194 1360 1547 1429 gravissimas
1575 1360 1868 1414 :estimant.
1899 1359 2032 1427 QUOl

2170 1365 2239 1436 μὴ
2289 1365 2383 1417 ἐπὶ
2425 1363 2643 1419 πολλῶν
2672 1363 2987 1435 γινομένας,
3029 1363 3131 1434 οὐχ
3177 1363 3383 1434 ὁμοίως
3438 1362 3742 1433 βαρυτάτας

459 1458 583 1500 cum
625 1446 699 1501 ita
747 1446 840 1513 sit,
880 1449 1027 1513 vide,
1066 1464 1271 1520 quaeso,
1299 1453 1571 1520 quomodo
1614 1452 1794 1509 allecti
1818 1452 2027 1508 erimus

2166 1455 2442 1527 ἡγοῦνται.
2490 1457 2554 1511 El
2596 1457 2778 1511 τοίνυν
2821 1455 2978 1510 ταῦθ’
3009 1456 3187 1520 οὕτως
3215 1454 3352 1527 ἔχει,
3396 1455 3595 1509 σκόπει
3626 1454 3738 1519 πῶς

458 1537 554 1606 qui
580 1553 763 1594 coram
794 1548 905 1595 tota
938 1541 1277 1597 humanitate
1310 1553 1358 1599 et
1395 1542 1712 1615 angelorum
1744 1544 2030 1615 pulchritu-

2168 1548 2566 1620 Βιακεισόμεθα,
2600 1549 2696 1604 ἐπὶ
2725 1548 2910 1620 πάσης
2931 1549 3029 1620 τῆς
3057 1548 3504 1621 ἀνθρωπότητος,
3534 1549 3630 1603 καὶ
3652 1546 3740 1602 τοῦ

459 1631 588 1687 dine
619 1646 840 1688 causam
880 1632 1148 1700 dicemus,
1173 1633 1338 1706 657
1363 1651 1485 1690 cum
1530 1637 1833 1705 praesertim
1868 1636 2031 1692 omni:

2166 1644 2266 1698 τῶν
2317 1643 2569 1713 ἀγγέλων
2621 1644 2799 1716 δήμου
2861 1642 3151 1715 μέλλοντες
3217 1641 3455 1706 εὐθύνας
3510 1640 3738 1711 ὑφέξειν,

460 1722 627 1778 etiam
669 1723 723 1778 in
768 1725 1096 1781 verecundia
1144 1726 1321 1781 locum
1369 1743 1473 1783 non
1520 1729 1780 1800 reperiet,
1820 1729 2029 1798 peccati

2167 1737 2292 1791 ὅταν
2350 1738 2588 1808 μάλιστα
2638 1739 2735 1792 καὶ
2790 1739 2946 1792 πᾶσα
3001 1736 3360 1809 ἀναισχυντία
3413 1735 3598 1806 χώραν
3648 1734 3739 1805 οὐχ

462 1832 585 1885 nos,
618 1818 764 1874 velut
795 1819 985 1875 umbra
1019 1834 1217 1890 corpus
1242 1821 1404 1885 solet,
1439 1822 1916 1892 consequentibus.

2167 1828 2304 1895 ἕξει,
2342 1828 2454 1883 τῶν
2488 1829 2910 1902 ἁμαρτημάτων
2941 1830 3076 1901 ἡμῖν
3106 1829 3298 1902 ὥσπερ
3330 1827 3501 1883 σκιῶν
3528 1826 3739 1882 ἀκολου-

2164 1919 2423 1977 θούντων.

929 2021 1235 2080 CCCXXV.
1256 2022 1585 2080 —PAULO.

2647 2030 2826 2086 'rxs'.
2878 2060 2948 2073 -
2995 2030 3251 2102 namq.

1462 2117 1536 2171 De
1574 2115 1830 2171 bonorum
1860 2119 2079 2188 prwmio
2104 2136 2357 2193 paruaque
2385 2121 2769 2193 improborum.

532 2225 793 2282 Homines
830 2234 890 2282 ut
922 2240 1085 2297 poena
1115 2227 1409 2298 pmmiove
1446 2230 1759 2300 quempiam
1790 2229 2052 2295 alliciant,

2249 2234 2373 2287 Ἐπὶ
2421 2232 2524 2305 μὲν
2557 2233 2866 2305 ἀνθρώπων
2910 2231 2944 2304 ἦ
2974 2229 3359 2303 ἀμυνομένων,
3390 2229 3425 2301 ἢ
3460 2225 3747 2299 ἀμειϐομέ-

461 2336 571 2376 non
602 2335 820 2390 semper
871 2320 1136 2376 voluntati
1188 2330 1433 2392 potestas
1485 2323 1896 2393 respondet.At
1954 2323 2031 2379 De

2175 2342 2294 2391 νων,
2325 2326 2386 2379 οὺ
2420 2327 2641 2390 πάντως
2669 2328 2703 2397 ή
2727 2325 2959 2396 δύναμις
2986 2326 3052 2396 τῇ
3095 2322 3353 2395 βουλήσει
3396 2320 3595 2374 ἕπεται
3615 2336 3630 2349 ·
3663 2320 3747 2373 ἐπὶ

455 2412 688 2481 justitia,
713 2428 834 2483 qua:
860 2422 915 2469 et
942 2428 1102 2483 poena
1149 2414 1365 2485 cogitur
1417 2414 1654 2478 allicere.
1677 2424 1735 2470 et
1783 2417 1935 2486 cupit
1966 2414 2019 2470 di

2174 2417 2220 2471 δὲ
2249 2418 2350 2489 τῆς
2384 2417 2536 2483 θείας
2576 2418 2756 2489 δίκης,
2796 2419 2899 2490 τῆς
2946 2416 3255 2489 ἀμύνεσθαι
3294 2415 3397 2487 μὲν
3446 2413 3746 2483 ἀναγκαζο-

462 2523 600 2575 guos
632 2505 921 2576 praemiare
976 2505 1462 2577 (quandoquidem
1499 2506 1737 2563 facultas
1774 2508 2034 2564 voluntati

2176 2512 2358 2585 μένης,
2398 2511 2728 2583 ἀμείϐεσθαι
2759 2511 2816 2565 δὲ
2844 2509 3178 2583 βουλομένης
3204 2525 3219 2539 ⁸
3265 2506 3570 2579 ἐπειδήπερ
3596 2507 3630 2577 ὴ
3669 2504 3748 2558 δύ-

462 2614 570 2653 non
621 2608 708 2655 est
760 2597 1057 2668 inferior),
1095 2609 1326 2670 utraque
1374 2615 1569 2670 reapse
1623 2600 1850 2657 omnino
1896 2618 2034 2657 exere

2174 2624 2323 2677 θαμις
2348 2606 2447 2677 τῆς
2470 2606 2779 2679 βουλήσεως
2802 2605 2905 2659 οὐκ
2930 2604 3079 2659 ἐστιν
3102 2601 3470 2673 ἀσθενεστέρα
3497 2618 3511 2633 ο
3545 2600 3746 2662 πάντως

462 2699 679 2746 centur.
755 2691 865 2748 llus
929 2693 1074 2748 enim
1148 2694 1395 2763 prannio,
1461 2693 1584 2749 illos
1662 2708 1822 2764 poena
1906 2693 2034 2751 Deus

2176 2684 2447 2769 ὶμφότερα
2475 2699 2555 2762 είς
2592 2697 2757 2769 ἔργον
2795 2697 3116 2769 ἐκϐήσεται.
3161 2696 3307 2758 Τοὺς
3348 2694 3452 2764 μὲν
3481 2692 3593 2763 γάρ
3622 2694 3748 2762 ἀμυ-

464 2783 650 2839 allicit.

2159 2792 2353 2853 νεῖται,
2374 2790 2525 2853 τοὺς
2544 2790 2601 2843 δὲ
2634 2789 2950 2861 ἀμείψεται.

461 2892 1322 2961 CCCXXVl.—MARTINIANO,
1356 2894 1613 2954 ZOSIMO
1646 2896 1737 2952 ET
1765 2897 2033 2953 MARONI

2233 2900 2426 2967 qu'.
2463 2929 2534 2939 —
2570 2897 3028 2971 MAPTINIANQ,
3063 2896 3349 2968 ΖΩΣΙΜῼ,
3393 2894 3684 2949 meum.

952 2985 1084 3042 Boni
1118 2989 1378 3042 neminem
1406 2987 1827 3042 calumniantur.
1859 2987 1993 3042 Mali
2018 3005 2051 3042 a
2076 2988 2347 3043 calumnia
2375 3006 2473 3043 cur
2512 2986 2681 3042 liberi.
2712 2986 2891 3059 (Conf.
2919 2987 3072 3049 epist.
3109 2985 3259 3049 541.)

532 3100 651 3156 Etsi
679 3100 1001 3156 incredibile
1029 3100 1185 3157 vobis
1209 3102 1384 3156 visum
1440 3102 1507 3158 iri
1532 3103 1677 3172 quod
1701 3103 1877 3159 dicam
1918 3102 2054 3169 scio,
2083 3088 2104 3146 (

2232 3102 2297 3155 El
2344 3103 2437 3155 καὶ
2483 3100 2792 3173 παράδοξον
2834 3097 2975 3155 εἶναι
3013 3100 3145 3170 ὑμῖν
3180 3099 3325 3165 δόξει
3350 3099 3416 3153 τὸ
3451 3097 3747 3170 ῥηθησόμε-

463 3194 678 3249 dicetur
704 3203 913 3249 tamen.
947 3192 1139 3249 Sentio
1163 3195 1349 3264 itaque
1404 3203 1464 3249 ut
1506 3211 1686 3267 neque
1734 3196 1936 3251 bonum
1973 3195 2035 3249 vi!

2176 3214 2268 3261 ιον,
2291 3194 2407 3249 ἀλλ’
2430 3195 2582 3267 ὅμως
2606 3194 2903 3260 λελέξεται.
2937 3195 3086 3264 Φημὶ
3113 3192 3294 3247 τοίνυν
3319 3193 3405 3246 ὅτι
3432 3190 3613 3256 οὐδεὶς
3638 3190 3748 3244 οὔτε

463 3300 585 3339 rum
607 3284 927 3341 calumniari
987 3298 1339 3355 quemquam,
1380 3284 1453 3337 ita
1519 3298 1697 3352 neque
1751 3283 2035 3353 improbun

2175 3289 2436 3344 ῑιαϐάλλει
2464 3288 2723 3360 χρηστὸς,
2770 3287 2895 3341 οὔτε
2924 3285 3275 3341 διαϐάλλεται
3308 3285 3575 3356 πονηρός.
3609 3285 3667 3337 Et
3693 3284 3747 3337 δὲ

462 3376 736 3433 calumnia
772 3376 976 3446 appeti.
1004 3375 1160 3442 Quod
1186 3377 1390 3430 dictum
1427 3375 1473 3431 si
1522 3376 1831 3445 aenigmatis
1886 3374 2026 3429 iusta

2175 3379 2391 3451 ιῖνιγμα
2423 3381 2569 3434 δοκεῖ
2599 3380 2662 3433 τὸ
2712 3379 2877 3451 ῥηθὲν
2900 3420 2915 3443 ,
2949 3378 3287 3449 σαφέστερον
3334 3379 3644 3448 εἰρήσεται.
3695 3376 3747 3429 ’0

462 3470 736 3535 videatur,
775 3469 1074 3525 dilucidius
1104 3468 1403 3540 proferam.
1427 3469 1640 3525 Probus
1669 3470 1714 3540 si
1762 3468 1891 3537 quid
1915 3467 2033 3521 dicn

2175 3472 2391 3540 ὶγαθὸς,
2421 3470 2522 3525 κᾶν
2552 3474 2727 3525 εἰπεῖν
2766 3487 2820 3523 τι
2854 3469 2888 3540 ἢ
2933 3469 3039 3523 ὑπὸ
3078 3469 3503 3540 μισοπονηρίας,
3541 3470 3576 3540 ἦ
3624 3467 3747 3537 πρὸς

464 3562 554 3618 vel
582 3563 710 3617 odio
734 3563 1019 3627 vitiorum,
1041 3561 1128 3617 vel
1152 3563 1217 3615 ad
1241 3562 1625 3631 corrigendum
1684 3564 2031 3616 aberrantem

2174 3561 2456 3633 διόρθωσιν
2483 3561 2810 3633 προαχθείη,
2838 3561 2898 3613 οὐ
2924 3559 3201 3614 διαϐάλλει
3220 3577 3235 3591 ο
3266 3564 3330 3614 οὐ
3359 3559 3473 3631 γάρ
3497 3561 3567 3613 τὰ
3591 3557 3746 3629 ψευδῆ

465 3656 698 3710 minime
746 3655 1133 3710 calumniatur.
1160 3654 1278 3708 Non
1329 3655 1476 3708 enim
1536 3655 1822 3709 mendacia
1878 3654 2033 3723 lingit

2176 3656 2419 3720 πλάττει,
2448 3654 2585 3708 ἀλλά
2614 3654 2825 3725 τάληθῆ
2856 3654 3076 3725 φράζει.
3122 3654 3180 3708 '0
3202 3655 3259 3708 δὲ
3284 3654 3525 3726 πονηρὸς
3553 3655 3614 3707 οὐ
3645 3654 3748 3707 δια-

464 3750 578 3802 imo
605 3762 731 3802 vera
758 3748 939 3815 potius
962 3756 1175 3801 narrat.
1210 3744 1497 3815 Improbus
1554 3758 1747 3802 contra
1782 3746 2036 3802 convicii:

2173 3745 2415 3800 ϐάλλεται
2435 3761 2448 3774 '
2472 3745 2568 3799 καὶ
2596 3744 2706 3815 γὰρ
2734 3747 2783 3797 εί
2808 3744 2903 3797 καὶ
2925 3743 3199 3816 ἡδιαϐολὴ
3226 3743 3456 3815 πλάσμα
3480 3746 3603 3799 ἐστὶ
3625 3744 3745 3816 ψευ-

466 3856 577 3896 non
633 3849 917 3897 oneratur.
964 3840 1227 3905 Quamvis
1281 3840 1424 3896 enim
1467 3840 1741 3895 calumnia
1806 3839 1926 3895 falsi
1976 3855 2036 3896 es

1338 3840 1424 3893 nim
1467 3840 1741 3895 calumnia
1806 3839 1926 3895 falsi
1976 3850 2063 3896 est
2159 3838 2269 3903 δὲς,
2299 3836 2438 3892 ἀλλά
2465 3837 2673 3907 τάληθῆ
2699 3835 2910 3891 ἀκούει.

464 3931 718 4003 quaedam
750 3930 917 3994 ﬁctio,
945 3930 1098 3985 audit
1126 3938 1307 3984 tamen
1335 3930 1425 3985 ille
1455 3946 1670 3986 verum.

914 4040 1263 4097 CCCXXV".
1278 4040 1622 4097 —llSDEM.

2575 4041 2751 4096 TKZ'.
2782 4071 2853 4081 —
2882 4040 3040 4095 ΤΟΙΣ
3070 4040 3342 4097 ΑΥΤΟΙΣ.

1067 4132 1207 4188 Deus
1237 4132 1553 4203 facientibus
1583 4132 1726 4204 quod
1758 4143 1960 4203 oportet
1993 4134 2097 4204 fert
2127 4133 2412 4190 auxilium.
2441 4133 2607 4204 (Vide
2644 4136 2799 4201 epist.
2831 4133 2958 4201 515,
3003 4133 3154 4204 459.)

538 4247 795 4305 Mortales
812 4247 1139 4319 plerumque
1168 4248 1253 4303 his
1292 4247 1636 4303 collaborare
1670 4256 1726 4303 et
1769 4248 2058 4319 cooperari

2240 4247 2449 4311 Πάντες
2501 4246 2784 4319 ἄνθρωποι
2826 4246 3039 4311 τούτοις
3085 4247 3181 4301 καὶ
3232 4247 3617 4317 συμπράττειν
3662 4246 3746 4299 καὶ

463 4346 709 4408 student,
743 4343 942 4415 quibus
988 4343 1334 4398 sedulitatem
1384 4343 1833 4415 diligentiamque
1881 4346 2035 4402 iness

2175 4340 2469 4410 συμπονεῖν
2518 4338 2830 4404 ἐθέλουσιν,
2860 4334 2944 4402 οἷς
2972 4338 3040 4391 ἂν
3083 4337 3252 4410 ὁρῶσι
3294 4337 3395 4408 τὴν
3445 4338 3747 4410 προθυμίαν

463 4435 654 4491 vident
674 4449 863 4490 eorum
896 4450 1018 4503 quae
1050 4434 1194 4489 facto
1216 4446 1300 4489 est
1328 4450 1485 4505 opus.
1512 4436 1584 4489 At
1609 4437 2030 4507 socordes,igna

2172 4398 2258 4485 rex";
2298 4432 2559 4502 πράττειν
2590 4430 2627 4485 ἃ
2665 4431 2773 4502 χρὴ
2815 4398 3213 4501 ἀκμάζουσαν·
3245 4398 3374 4494 τοὺς
3413 4398 3527 4501 γὰρ
3564 4398 3744 4483 καθεύ-

462 4544 585 4592 vos,
613 4543 679 4583 ac
712 4527 947 4598 propriae
983 4527 1179 4583 salutis
1234 4528 1685 4596 praevaricatores
1731 4528 1932 4584 merito
1963 4544 2034 4583 ne

2172 4524 2271 4578 Βειν
2317 4523 2413 4578 καὶ
2446 4522 2714 4595 ῥᾳθυμεῖν
2766 4522 3222 4594 προῃρημένους,
3270 4523 3368 4575 καὶ
3402 4522 3506 4594 τὴν
3554 4521 3744 4576 οἰκείαν

465 4623 696 4693 gligunt.
729 4618 882 4685 Quod
915 4635 1039 4675 cum
1105 4620 1179 4673 ita
1226 4620 1319 4684 sit,
1361 4623 1560 4675 merito
1612 4620 1779 4675 etiam
1828 4621 2037 4676 divinus

2168 4618 2438 4688 σωτηρίαν
2465 4616 2841 4689 προδιδόντας,
2871 4616 2994 4670 οὐδὲ
3032 4616 3193 4684 λόγου
3227 4615 3457 4678 εἰκότως
3485 4616 3740 4683 ἀξιοῦσιν.

466 4720 636 4766 nutus
664 4726 771 4764 non
795 4711 1052 4764 omnibus
1082 4709 1314 4765 accedit.
1344 4709 1454 4763 Sed
1491 4723 1588 4764 eos
1641 4709 1947 4777 dimittens,
1967 4725 2036 4779 qu

2171 4711 2224 4764 El
2264 4710 2445 4765 τοίνυν
2472 4708 2625 4764 ταῦθ’
2652 4708 2830 4773 οὕτως
2854 4707 2992 4780 ἔχει,
3020 4709 3246 4771 εἰκότως
3274 4709 3370 4762 καὶ
3399 4709 3434 4779 ή
3464 4708 3591 4761 θεία
3620 4707 3743 4779 ῥοπὴ

467 4817 623 4857 suam
657 4801 891 4857 salutem
929 4816 1025 4871 per
1055 4800 1441 4871 negligentiam
1470 4801 1803 4870 decoquunt,
1837 4802 1927 4868 iis,
1960 4818 2029 4870 qu

2169 4804 2219 4857 οὐ
2260 4804 2427 4857 πᾶσιν
2465 4802 2754 4874 ἐπιφοιτᾷ*
2800 4801 2917 4854 ἀλλ’
2958 4799 3204 4864 ἐκείνους
3232 4800 3465 4868 ἀφεῖσα,
3498 4801 3629 4864 τοὺς
3657 4799 3741 4869 τὴν

465 4911 557 4958 ea,
591 4909 716 4964 qua!
760 4908 827 4949 ex
866 4908 968 4946 usu
1027 4902 1178 4958 sunt,
1200 4894 1383 4948 facere
1438 4902 1708 4948 conantur
1744 4893 1831 4949 vel
1858 4909 2037 4966 prope

2171 4896 2377 4950 ἑαυτῶν
2419 4894 2698 4966 σωτηρίαν
2742 4894 2831 4948 διά
2879 4890 3158 4966 ῥᾳθυμίαν
3200 4893 3612 4965 προπίνοντας·
3645 4892 3743 4955 τοῖς

466 4997 625 5054 nunt,
650 4995 1014 5056 opportunum
1043 4985 1303 5041 auxilium
1341 4987 1549 5042 tribuit.

2171 4991 2432 5062 πράττειν
2489 4988 2527 5043 ἀ
2577 4987 2682 5059 χρὴ
2732 4988 3140 5061 προῃρημένοις
3184 4985 3286 5059 τὴν
3335 4986 3555 5043 οἰκείαν
3602 4985 3743 5057 νέμει

2167 5084 2508 5154 συμμαχίαν.

699 5190 1451 5252 CCCXXVlll.—SEBENO
1490 5195 1813 5252 DIACONO.

2470 5188 2653 5243 TKH'.
2694 5221 2761 5230 —
2800 5188 3078 5259 ΣΕΡΗΝῼ
3111 5187 3440 5260 ΔΙΔΚΟΝῼ.

1500 5290 1771 5347 Modestia
1800 5294 1921 5347 vita:
1965 5290 2336 5345 commendata
2370 5289 2425 5341 in
2452 5286 2720 5341 omnibus.

546 5390 753 5447 Virtuti
774 5392 1018 5449 deditum
1042 5412 1381 5466 supervacua
1443 5413 1694 5454 resecare
1725 5400 1899 5454 decet.
1934 5396 2057 5454 Non

2227 5397 2334 5450 Τὸν
2360 5394 2656 5465 φιλάρετον
2676 5392 2857 5447 πάντα
2876 5392 2946 5446 τὰ
2970 5394 3203 5465 περιττά
3227 5395 3336 5466 χρὴ
3362 5396 3736 5467 περικόπτειν·

469 5484 616 5543 enim
650 5486 702 5540 in
739 5487 876 5542 cibis
907 5492 1087 5553 modo,
1128 5491 1225 5545 sed
1276 5500 1331 5545 et
1390 5490 1443 5545 in
1493 5491 1757 5559 vestibus,
1791 5492 2035 5548 aediliciis

2165 5490 2219 5543 οὐ
2251 5488 2360 5559 γὰρ
2391 5489 2449 5542 ἐν
2478 5488 2653 5558 τροφῇ
2697 5484 2892 5558 μόνον,
2932 5486 3071 5541 ἀλλά
3117 5486 3211 5540 καὶ
3239 5488 3301 5541 ὲν
3339 5488 3630 5558 άμφιάσει,
3658 5483 3737 5539 καὶ

440 5589 537 5641 tae
598 5580 953 5650 supellectile,
993 5582 1225 5654 aliisque
1291 5586 1456 5641 rebus
1524 5599 1657 5641 usus
1714 5586 2012 5655 potissimm

2163 5585 2218 5637 ὲν
2249 5582 2463 5652 οἰκήσει
2506 5580 2602 5633 καὶ
2635 5580 2694 5632 ὲν
2739 5578 3025 5643 ἐπίπλοις,
3076 5578 3175 5633 καὶ
3205 5578 3264 5631 ὲν
3301 5581 3419 5644 τοῖς
3448 5579 3625 5642 ἄλλοις
3650 5577 3735 5645 τὴν

470 5671 819 5739 spectandus,
855 5674 1156 5746 modusque
1200 5691 1307 5733 non
1335 5676 1710 5735 excedendus.
1741 5675 1881 5743 Quid
1912 5677 2042 5734 enin

2160 5674 2351 5747 χρείαν
2380 5674 2489 5746 χρὴ
2519 5674 2707 5745 τιμᾷν,
2741 5672 2834 5727 καί
2872 5671 2972 5744 τὴν
3006 5671 3343 5745 αὐτάρκειαν
3364 5672 3462 5745 ,μὴ
3488 5671 3730 5742 ὑϐρίζειν.

535 5826 550 5856 ¹
581 5824 744 5882 llebr.
782 5841 904 5896 xm,
944 5828 1028 5884 l7.
