  <div class='ocr_page' id='page_1' title='image "/cluster/home/n/w/nwhite01/storage/ocr_20150623/78/nnc1.0046980008/830.png"; bbox 0 0 3982 6420; ppageno 0'>
   <div class='ocr_carea' id='block_1_1' title="bbox 157 389 300 457">
    <p class='ocr_par' dir='ltr' id='par_1_1' title="bbox 157 389 300 457">
     <span class='ocr_line' id='line_1_1' title="bbox 157 389 300 457; baseline 0.035 -5"><span class='ocrx_word' id='word_1_1' title='bbox 157 389 300 457; x_wconf 76' lang='grc'>1525</span> 
     </span>
    </p>
   </div>
   <div class='ocr_carea' id='block_1_2' title="bbox 1049 381 2624 456">
    <p class='ocr_par' dir='ltr' id='par_1_2' title="bbox 1049 381 2624 456">
     <span class='ocr_line' id='line_1_2' title="bbox 1049 381 2624 456; baseline -0.01 1"><span class='ocrx_word' id='word_1_2' title='bbox 1049 395 1591 456; x_wconf 80' lang='lat' dir='ltr'><strong>EPISTULARUM</strong></span> <span class='ocrx_word' id='word_1_3' title='bbox 1627 391 1776 453; x_wconf 85' lang='lat' dir='ltr'><strong>LIB.</strong></span> <span class='ocrx_word' id='word_1_4' title='bbox 1819 389 1889 452; x_wconf 88' lang='lat' dir='ltr'><strong>V.</strong></span> <span class='ocrx_word' id='word_1_5' title='bbox 1925 411 1994 422; x_wconf 87' lang='lat'><strong><em>—</em></strong></span> <span class='ocrx_word' id='word_1_6' title='bbox 2031 383 2270 447; x_wconf 90' lang='lat' dir='ltr'><strong>EPIST.</strong></span> <span class='ocrx_word' id='word_1_7' title='bbox 2311 381 2624 444; x_wconf 80' lang='lat' dir='ltr'><strong>CCCXXX.</strong></span> 
     </span>
    </p>
   </div>
   <div class='ocr_carea' id='block_1_3' title="bbox 3294 365 3450 441">
    <p class='ocr_par' dir='ltr' id='par_1_3' title="bbox 3294 365 3450 441">
     <span class='ocr_line' id='line_1_3' title="bbox 3294 365 3450 441; baseline 0 -1"><span class='ocrx_word' id='word_1_8' title='bbox 3294 365 3450 441; x_wconf 33' lang='lat'><strong>1526&#39;</strong></span> 
     </span>
    </p>
   </div>
   <div class='ocr_carea' id='block_1_4' title="bbox 155 486 1773 578">
    <p class='ocr_par' dir='ltr' id='par_1_4' title="bbox 155 503 1746 578">
     <span class='ocr_line' id='line_1_4' title="bbox 155 503 1746 578; baseline 0.012 -19"><span class='ocrx_word' id='word_1_9' title='bbox 155 506 226 559; x_wconf 88' lang='grc' dir='ltr'>Τί</span> <span class='ocrx_word' id='word_1_10' title='bbox 257 505 393 575; x_wconf 83' lang='grc' dir='ltr'>γὰρ,</span> <span class='ocrx_word' id='word_1_11' title='bbox 428 506 476 560; x_wconf 72' lang='grc' dir='ltr'><strong>εξ</strong></span> <span class='ocrx_word' id='word_1_12' title='bbox 507 505 788 577; x_wconf 80' lang='grc' dir='ltr'>νηστεύοις</span> <span class='ocrx_word' id='word_1_13' title='bbox 824 506 944 577; x_wconf 82' lang='grc' dir='ltr'>μὲν,</span> <span class='ocrx_word' id='word_1_14' title='bbox 970 503 1289 578; x_wconf 77' lang='grc' dir='ltr'><strong>χρηματίζῃ</strong></span> <span class='ocrx_word' id='word_1_15' title='bbox 1311 506 1403 570; x_wconf 75' lang='grc' dir='ltr'>δέῖ</span> <span class='ocrx_word' id='word_1_16' title='bbox 1435 507 1467 576; x_wconf 82' lang='grc' dir='ltr'>ἢ</span> <span class='ocrx_word' id='word_1_17' title='bbox 1507 505 1583 576; x_wconf 80' lang='grc' dir='ltr'>μὴ</span> <span class='ocrx_word' id='word_1_18' title='bbox 1612 520 1746 575; x_wconf 79' lang='grc' dir='ltr'><strong>Χρη·</strong></span> 
     </span>
    </p>
   </div>
   <div class='ocr_carea' id='block_1_5' title="bbox 1863 486 3428 578">
    <p class='ocr_par' dir='ltr' id='par_1_5' title="bbox 1863 486 3428 567">
     <span class='ocr_line' id='line_1_5' title="bbox 1863 486 3428 567; baseline -0.008 -13"><span class='ocrx_word' id='word_1_19' title='bbox 1863 499 1891 554; x_wconf 72' lang='lat' dir='ltr'><strong>ti</strong></span> <span class='ocrx_word' id='word_1_20' title='bbox 1918 497 2148 567; x_wconf 78' lang='lat' dir='ltr'><strong>iejunes,</strong></span> <span class='ocrx_word' id='word_1_21' title='bbox 2172 494 2270 552; x_wconf 90' lang='lat' dir='ltr'><strong>sed</strong></span> <span class='ocrx_word' id='word_1_22' title='bbox 2298 494 2580 565; x_wconf 85' lang='lat' dir='ltr'><strong>pecuniam</strong></span> <span class='ocrx_word' id='word_1_23' title='bbox 2631 503 2796 547; x_wconf 80' lang='lat' dir='ltr'><strong>avare</strong></span> <span class='ocrx_word' id='word_1_24' title='bbox 2828 486 3091 558; x_wconf 73' lang='lat' dir='ltr'><strong>colligas;</strong></span> <span class='ocrx_word' id='word_1_25' title='bbox 3130 486 3215 543; x_wconf 80' lang='lat' dir='ltr'><strong>vel</strong></span> <span class='ocrx_word' id='word_1_26' title='bbox 3249 487 3294 543; x_wconf 87' lang='lat' dir='ltr'><strong>sl</strong></span> <span class='ocrx_word' id='word_1_27' title='bbox 3320 502 3428 541; x_wconf 85' lang='lat' dir='ltr'><strong>non</strong></span> 
     </span>
    </p>
   </div>
   <div class='ocr_carea' id='block_1_6' title="bbox 160 596 1741 671">
    <p class='ocr_par' dir='ltr' id='par_1_6' title="bbox 160 596 1741 671">
     <span class='ocr_line' id='line_1_6' title="bbox 160 596 1741 671; baseline -0.003 -19"><span class='ocrx_word' id='word_1_28' title='bbox 160 598 367 668; x_wconf 80' lang='grc' dir='ltr'>ματίζῃ</span> <span class='ocrx_word' id='word_1_29' title='bbox 400 601 533 664; x_wconf 82' lang='grc' dir='ltr'>μὲν,</span> <span class='ocrx_word' id='word_1_30' title='bbox 570 600 784 671; x_wconf 76' lang='grc' dir='ltr'>οἴκησιν</span> <span class='ocrx_word' id='word_1_31' title='bbox 826 599 884 652; x_wconf 84' lang='grc' dir='ltr'>δὲ</span> <span class='ocrx_word' id='word_1_32' title='bbox 927 597 1150 668; x_wconf 77' lang='grc' dir='ltr'><strong>ζητοίης</strong></span> <span class='ocrx_word' id='word_1_33' title='bbox 1187 596 1288 667; x_wconf 82' lang='grc' dir='ltr'>τῆς</span> <span class='ocrx_word' id='word_1_34' title='bbox 1333 597 1524 667; x_wconf 83' lang='grc' dir='ltr'><strong>χρείας</strong></span> <span class='ocrx_word' id='word_1_35' title='bbox 1555 596 1741 666; x_wconf 82' lang='grc' dir='ltr'>κρείτ-</span> 
     </span>
    </p>
   </div>
   <div class='ocr_carea' id='block_1_7' title="bbox 154 685 1742 758">
    <p class='ocr_par' dir='ltr' id='par_1_7' title="bbox 154 685 1742 758">
     <span class='ocr_line' id='line_1_7' title="bbox 154 685 1742 758; baseline 0.001 -24"><span class='ocrx_word' id='word_1_36' title='bbox 154 700 321 748; x_wconf 87' lang='grc' dir='ltr'>τονα;</span> <span class='ocrx_word' id='word_1_37' title='bbox 350 685 416 736; x_wconf 88' lang='grc' dir='ltr'>Τί</span> <span class='ocrx_word' id='word_1_38' title='bbox 448 685 538 750; x_wconf 82' lang='grc' dir='ltr'>δὲ,</span> <span class='ocrx_word' id='word_1_39' title='bbox 575 688 625 740; x_wconf 85' lang='grc' dir='ltr'><strong>εί</strong></span> <span class='ocrx_word' id='word_1_40' title='bbox 658 686 857 758; x_wconf 77' lang='grc' dir='ltr'><strong>μετρίᾳ</strong></span> <span class='ocrx_word' id='word_1_41' title='bbox 885 686 986 756; x_wconf 80' lang='grc' dir='ltr'><strong>μὲν</strong></span> <span class='ocrx_word' id='word_1_42' title='bbox 1014 686 1227 754; x_wconf 82' lang='grc' dir='ltr'><strong>οἰκήσει</strong></span> <span class='ocrx_word' id='word_1_43' title='bbox 1265 685 1441 755; x_wconf 82' lang='grc' dir='ltr'>χρῷο,</span> <span class='ocrx_word' id='word_1_44' title='bbox 1472 685 1742 755; x_wconf 82' lang='grc' dir='ltr'>άμφιάσει</span> 
     </span>
    </p>
   </div>
   <div class='ocr_carea' id='block_1_8' title="bbox 155 771 1742 847">
    <p class='ocr_par' dir='ltr' id='par_1_8' title="bbox 155 771 1742 847">
     <span class='ocr_line' id='line_1_8' title="bbox 155 771 1742 847; baseline 0.005 -25"><span class='ocrx_word' id='word_1_45' title='bbox 155 772 218 823; x_wconf 81' lang='grc' dir='ltr'><strong>δέ</strong></span> <span class='ocrx_word' id='word_1_46' title='bbox 260 775 544 846; x_wconf 81' lang='grc' dir='ltr'><strong>περιέργῳ</strong></span> <span class='ocrx_word' id='word_1_47' title='bbox 592 777 983 842; x_wconf 74' lang='grc' dir='ltr'>καλλωπίζοιος</span> <span class='ocrx_word' id='word_1_48' title='bbox 1031 777 1266 847; x_wconf 87' lang='grc' dir='ltr'>Μέτριον</span> <span class='ocrx_word' id='word_1_49' title='bbox 1309 776 1419 847; x_wconf 84' lang='grc' dir='ltr'>γὰρ</span> <span class='ocrx_word' id='word_1_50' title='bbox 1451 771 1592 830; x_wconf 81' lang='grc' dir='ltr'>εἶναι</span> <span class='ocrx_word' id='word_1_51' title='bbox 1635 776 1742 847; x_wconf 80' lang='grc' dir='ltr'>χρὴ</span> 
     </span>
    </p>
   </div>
   <div class='ocr_carea' id='block_1_9' title="bbox 158 863 1746 937">
    <p class='ocr_par' dir='ltr' id='par_1_9' title="bbox 158 863 1746 937">
     <span class='ocr_line' id='line_1_9' title="bbox 158 863 1746 937; baseline 0.002 -22"><span class='ocrx_word' id='word_1_52' title='bbox 158 863 260 917; x_wconf 71' lang='grc' dir='ltr'><strong>καὶ</strong></span> <span class='ocrx_word' id='word_1_53' title='bbox 285 863 451 934; x_wconf 60' lang='grc' dir='ltr'>λόγῳ,</span> <span class='ocrx_word' id='word_1_54' title='bbox 477 865 571 920; x_wconf 71' lang='grc' dir='ltr'>καὶ</span> <span class='ocrx_word' id='word_1_55' title='bbox 599 868 857 937; x_wconf 84' lang='grc' dir='ltr'>σχήματι,</span> <span class='ocrx_word' id='word_1_56' title='bbox 887 866 978 919; x_wconf 81' lang='grc' dir='ltr'>καὶ</span> <span class='ocrx_word' id='word_1_57' title='bbox 1001 869 1174 937; x_wconf 88' lang='grc' dir='ltr'>φωνῇ,</span> <span class='ocrx_word' id='word_1_58' title='bbox 1201 865 1296 919; x_wconf 75' lang='grc' dir='ltr'>καὶ</span> <span class='ocrx_word' id='word_1_59' title='bbox 1326 865 1620 936; x_wconf 82' lang='grc' dir='ltr'><strong>βλέμματι,</strong></span> <span class='ocrx_word' id='word_1_60' title='bbox 1649 864 1746 918; x_wconf 76' lang='grc' dir='ltr'>καὶ</span> 
     </span>
    </p>
   </div>
   <div class='ocr_carea' id='block_1_10' title="bbox 161 954 1742 1028">
    <p class='ocr_par' dir='ltr' id='par_1_10' title="bbox 161 954 1742 1028">
     <span class='ocr_line' id='line_1_10' title="bbox 161 954 1742 1028; baseline 0.001 -22"><span class='ocrx_word' id='word_1_61' title='bbox 161 954 484 1023; x_wconf 70' lang='grc' dir='ltr'><strong>βαδίσματι.</strong></span> <span class='ocrx_word' id='word_1_62' title='bbox 532 956 724 1010; x_wconf 73' lang='grc' dir='ltr'>Πολλοὶ</span> <span class='ocrx_word' id='word_1_63' title='bbox 755 957 864 1028; x_wconf 85' lang='grc' dir='ltr'><strong>γὰρ</strong></span> <span class='ocrx_word' id='word_1_64' title='bbox 915 959 1010 1011; x_wconf 71' lang='grc' dir='ltr'>καὶ</span> <span class='ocrx_word' id='word_1_65' title='bbox 1055 955 1286 1010; x_wconf 84' lang='grc' dir='ltr'>πλούτου</span> <span class='ocrx_word' id='word_1_66' title='bbox 1318 957 1472 1020; x_wconf 78' lang='grc' dir='ltr'>ὄντες</span> <span class='ocrx_word' id='word_1_67' title='bbox 1510 956 1742 1028; x_wconf 79' lang='grc' dir='ltr'>ἔρημοι,</span> 
     </span>
    </p>
   </div>
   <div class='ocr_carea' id='block_1_11' title="bbox 159 1046 1742 1118">
    <p class='ocr_par' dir='ltr' id='par_1_11' title="bbox 159 1046 1742 1118">
     <span class='ocr_line' id='line_1_11' title="bbox 159 1046 1742 1118; baseline 0.001 -20"><span class='ocrx_word' id='word_1_68' title='bbox 159 1047 260 1098; x_wconf 72' lang='grc' dir='ltr'>καὶ</span> <span class='ocrx_word' id='word_1_69' title='bbox 281 1048 602 1117; x_wconf 84' lang='grc' dir='ltr'><strong>οἰκημάτων</strong></span> <span class='ocrx_word' id='word_1_70' title='bbox 623 1049 994 1115; x_wconf 73' lang='grc' dir='ltr'>καὶῖένδύσεως</span> <span class='ocrx_word' id='word_1_71' title='bbox 1019 1048 1283 1118; x_wconf 81' lang='grc' dir='ltr'>λαμπρᾶς</span> <span class='ocrx_word' id='word_1_72' title='bbox 1308 1047 1527 1112; x_wconf 80' lang='grc' dir='ltr'><strong>ἐνδεεῖς,</strong></span> <span class='ocrx_word' id='word_1_73' title='bbox 1546 1046 1742 1100; x_wconf 84' lang='grc' dir='ltr'>τοσαύ-</span> 
     </span>
    </p>
   </div>
   <div class='ocr_carea' id='block_1_12' title="bbox 156 1136 1754 1211">
    <p class='ocr_par' dir='ltr' id='par_1_12' title="bbox 156 1136 1754 1211">
     <span class='ocr_line' id='line_1_12' title="bbox 156 1136 1754 1211; baseline 0.003 -22"><span class='ocrx_word' id='word_1_74' title='bbox 156 1154 262 1206; x_wconf 85' lang='grc' dir='ltr'><strong>την</strong></span> <span class='ocrx_word' id='word_1_75' title='bbox 295 1136 386 1190; x_wconf 84' lang='grc' dir='ltr'>διὰ</span> <span class='ocrx_word' id='word_1_76' title='bbox 406 1137 500 1191; x_wconf 83' lang='grc' dir='ltr'><strong>τοῦ</strong></span> <span class='ocrx_word' id='word_1_77' title='bbox 535 1138 846 1208; x_wconf 75' lang='grc' dir='ltr'><strong>βαδίσαντος</strong></span> <span class='ocrx_word' id='word_1_78' title='bbox 877 1139 1201 1211; x_wconf 78' lang='grc' dir='ltr'><strong>ἐμφαίνουσι</strong></span> <span class='ocrx_word' id='word_1_79' title='bbox 1229 1138 1325 1211; x_wconf 80' lang='grc' dir='ltr'><strong>τὴν</strong></span> <span class='ocrx_word' id='word_1_80' title='bbox 1366 1139 1644 1210; x_wconf 81' lang='grc' dir='ltr'><strong>βλακείαν,</strong></span> <span class='ocrx_word' id='word_1_81' title='bbox 1677 1139 1754 1203; x_wconf 86' lang='grc' dir='ltr'><strong>ὡς</strong></span> 
     </span>
    </p>
   </div>
   <div class='ocr_carea' id='block_1_13' title="bbox 164 1226 780 1298">
    <p class='ocr_par' dir='ltr' id='par_1_13' title="bbox 164 1226 780 1298">
     <span class='ocr_line' id='line_1_13' title="bbox 164 1226 780 1298; baseline 0.01 -18"><span class='ocrx_word' id='word_1_82' title='bbox 164 1226 382 1295; x_wconf 80' lang='grc' dir='ltr'>γέλωτα</span> <span class='ocrx_word' id='word_1_83' title='bbox 409 1229 780 1298; x_wconf 83' lang='grc' dir='ltr'><strong>ὀφλισκάνειν.</strong></span> 
     </span>
    </p>
   </div>
   <div class='ocr_carea' id='block_1_14' title="bbox 404 1326 1509 1410">
    <p class='ocr_par' dir='ltr' id='par_1_14' title="bbox 404 1326 1509 1410">
     <span class='ocr_line' id='line_1_14' title="bbox 404 1326 1509 1410; baseline 0.006 -23"><span class='ocrx_word' id='word_1_84' title='bbox 404 1326 582 1390; x_wconf 74' lang='lat' dir='ltr'><strong>TKG’.</strong></span> <span class='ocrx_word' id='word_1_85' title='bbox 627 1368 697 1377; x_wconf 86' lang='lat'><strong>—</strong></span> <span class='ocrx_word' id='word_1_86' title='bbox 737 1339 994 1410; x_wconf 74' lang='grc' dir='ltr'><strong>ΖΩΣΙΜῼ</strong></span> <span class='ocrx_word' id='word_1_87' title='bbox 1036 1339 1509 1410; x_wconf 81' lang='grc' dir='ltr'><strong>ΠΡΕΣΒΥΤΕΡῼ.</strong></span> 
     </span>
    </p>
   </div>
   <div class='ocr_carea' id='block_1_15' title="bbox 1851 579 3432 659">
    <p class='ocr_par' dir='ltr' id='par_1_15' title="bbox 1851 579 3432 659">
     <span class='ocr_line' id='line_1_15' title="bbox 1851 579 3432 659; baseline -0.007 -15"><span class='ocrx_word' id='word_1_88' title='bbox 1851 590 1902 644; x_wconf 95' lang='lat' dir='ltr'><strong>id</strong></span> <span class='ocrx_word' id='word_1_89' title='bbox 1929 605 2079 659; x_wconf 80' lang='lat' dir='ltr'><strong>agas,</strong></span> <span class='ocrx_word' id='word_1_90' title='bbox 2113 597 2372 659; x_wconf 83' lang='lat' dir='ltr'><strong>angustas</strong></span> <span class='ocrx_word' id='word_1_91' title='bbox 2403 600 2616 656; x_wconf 65' lang='lat' dir='ltr'><strong>qumras</strong></span> <span class='ocrx_word' id='word_1_92' title='bbox 2643 584 2788 639; x_wconf 63' lang='lat' dir='ltr'><strong>aedes</strong></span> <span class='ocrx_word' id='word_1_93' title='bbox 2820 581 2943 638; x_wconf 88' lang='lat' dir='ltr'><strong>usui</strong></span> <span class='ocrx_word' id='word_1_94' title='bbox 2973 580 3106 636; x_wconf 86' lang='lat' dir='ltr'><strong>tuo?</strong></span> <span class='ocrx_word' id='word_1_95' title='bbox 3137 579 3277 646; x_wconf 86' lang='lat' dir='ltr'><strong>Quid</strong></span> <span class='ocrx_word' id='word_1_96' title='bbox 3301 592 3432 634; x_wconf 86' lang='lat' dir='ltr'><strong>vero</strong></span> 
     </span>
    </p>
   </div>
   <div class='ocr_carea' id='block_1_16' title="bbox 1849 676 3432 741">
    <p class='ocr_par' dir='ltr' id='par_1_16' title="bbox 1849 676 3432 741">
     <span class='ocr_line' id='line_1_16' title="bbox 1849 676 3432 741; baseline -0.009 -4"><span class='ocrx_word' id='word_1_97' title='bbox 1849 683 1898 738; x_wconf 97' lang='lat' dir='ltr'><strong>si</strong></span> <span class='ocrx_word' id='word_1_98' title='bbox 1924 683 2008 736; x_wconf 90' lang='lat' dir='ltr'><strong>his</strong></span> <span class='ocrx_word' id='word_1_99' title='bbox 2035 682 2314 736; x_wconf 89' lang='lat' dir='ltr'><strong>moderate</strong></span> <span class='ocrx_word' id='word_1_100' title='bbox 2344 679 2422 733; x_wconf 89' lang='lat' dir='ltr'><strong>uti</strong></span> <span class='ocrx_word' id='word_1_101' title='bbox 2484 678 2723 741; x_wconf 81' lang='lat' dir='ltr'><strong>videare,</strong></span> <span class='ocrx_word' id='word_1_102' title='bbox 2743 676 3062 730; x_wconf 87' lang='lat' dir='ltr'><strong>indumento</strong></span> <span class='ocrx_word' id='word_1_103' title='bbox 3095 681 3277 728; x_wconf 87' lang='lat' dir='ltr'><strong>tamen</strong></span> <span class='ocrx_word' id='word_1_104' title='bbox 3337 686 3432 730; x_wconf 76' lang='lat' dir='ltr'><strong>Su-</strong></span> 
     </span>
    </p>
   </div>
   <div class='ocr_carea' id='block_1_17' title="bbox 1849 766 3431 845">
    <p class='ocr_par' dir='ltr' id='par_1_17' title="bbox 1849 766 3431 845">
     <span class='ocr_line' id='line_1_17' title="bbox 1849 766 3431 845; baseline -0.007 -16"><span class='ocrx_word' id='word_1_105' title='bbox 1849 772 2056 845; x_wconf 84' lang='lat' dir='ltr'><strong>perlluo</strong></span> <span class='ocrx_word' id='word_1_106' title='bbox 2078 771 2336 828; x_wconf 87' lang='lat' dir='ltr'><strong>orneris?</strong></span> <span class='ocrx_word' id='word_1_107' title='bbox 2375 770 2676 826; x_wconf 75' lang='lat' dir='ltr'><strong>Modestum</strong></span> <span class='ocrx_word' id='word_1_108' title='bbox 2729 769 2933 821; x_wconf 81' lang='lat' dir='ltr'><strong>etenim</strong></span> <span class='ocrx_word' id='word_1_109' title='bbox 2985 766 3140 821; x_wconf 85' lang='lat' dir='ltr'><strong>decet</strong></span> <span class='ocrx_word' id='word_1_110' title='bbox 3197 779 3321 819; x_wconf 91' lang='lat' dir='ltr'><strong>esse</strong></span> <span class='ocrx_word' id='word_1_111' title='bbox 3373 772 3431 818; x_wconf 89' lang='lat' dir='ltr'><strong>et</strong></span> 
     </span>
    </p>
   </div>
   <div class='ocr_carea' id='block_1_18' title="bbox 1849 855 3428 930">
    <p class='ocr_par' dir='ltr' id='par_1_18' title="bbox 1849 855 3428 930">
     <span class='ocr_line' id='line_1_18' title="bbox 1849 855 3428 930; baseline -0.007 -9"><span class='ocrx_word' id='word_1_112' title='bbox 1849 880 2105 921; x_wconf 85' lang='lat' dir='ltr'><strong>sermone</strong></span> <span class='ocrx_word' id='word_1_113' title='bbox 2160 874 2215 918; x_wconf 88' lang='lat' dir='ltr'><strong>et</strong></span> <span class='ocrx_word' id='word_1_114' title='bbox 2277 864 2487 930; x_wconf 89' lang='lat' dir='ltr'><strong>habitu,</strong></span> <span class='ocrx_word' id='word_1_115' title='bbox 2525 877 2588 916; x_wconf 89' lang='lat' dir='ltr'><strong>ac</strong></span> <span class='ocrx_word' id='word_1_116' title='bbox 2642 875 2774 915; x_wconf 90' lang='lat' dir='ltr'><strong>voce</strong></span> <span class='ocrx_word' id='word_1_117' title='bbox 2820 869 3174 928; x_wconf 80' lang='lat' dir='ltr'><strong>aspectuque,</strong></span> <span class='ocrx_word' id='word_1_118' title='bbox 3212 855 3428 911; x_wconf 88' lang='lat' dir='ltr'><strong>incessu</strong></span> 
     </span>
    </p>
   </div>
   <div class='ocr_carea' id='block_1_19' title="bbox 1850 946 3429 1026">
    <p class='ocr_par' dir='ltr' id='par_1_19' title="bbox 1850 946 3429 1026">
     <span class='ocr_line' id='line_1_19' title="bbox 1850 946 3429 1026; baseline -0.008 -14"><span class='ocrx_word' id='word_1_119' title='bbox 1850 956 2102 1026; x_wconf 91' lang='lat' dir='ltr'><strong>denique.</strong></span> <span class='ocrx_word' id='word_1_120' title='bbox 2129 955 2279 1010; x_wconf 79' lang='lat' dir='ltr'><strong>Multi</strong></span> <span class='ocrx_word' id='word_1_121' title='bbox 2311 955 2456 1009; x_wconf 88' lang='lat' dir='ltr'><strong>enim</strong></span> <span class='ocrx_word' id='word_1_122' title='bbox 2487 969 2517 1007; x_wconf 90' lang='lat' dir='ltr'><strong>a</strong></span> <span class='ocrx_word' id='word_1_123' title='bbox 2553 954 2717 1008; x_wconf 88' lang='lat' dir='ltr'><strong>rebus</strong></span> <span class='ocrx_word' id='word_1_124' title='bbox 2740 952 2950 1020; x_wconf 86' lang='lat' dir='ltr'><strong>in0pes,</strong></span> <span class='ocrx_word' id='word_1_125' title='bbox 2971 949 3132 1004; x_wconf 88' lang='lat' dir='ltr'><strong>domo</strong></span> <span class='ocrx_word' id='word_1_126' title='bbox 3154 963 3220 1002; x_wconf 90' lang='lat' dir='ltr'><strong>ac</strong></span> <span class='ocrx_word' id='word_1_127' title='bbox 3242 946 3429 1017; x_wconf 81' lang='lat' dir='ltr'><strong>splen-</strong></span> 
     </span>
    </p>
   </div>
   <div class='ocr_carea' id='block_1_20' title="bbox 1845 1037 3430 1110">
    <p class='ocr_par' dir='ltr' id='par_1_20' title="bbox 1845 1037 3430 1110">
     <span class='ocr_line' id='line_1_20' title="bbox 1845 1037 3430 1110; baseline -0.008 -7"><span class='ocrx_word' id='word_1_128' title='bbox 1845 1049 1968 1104; x_wconf 88' lang='lat' dir='ltr'><strong>dida</strong></span> <span class='ocrx_word' id='word_1_129' title='bbox 2001 1055 2249 1102; x_wconf 87' lang='lat' dir='ltr'><strong>carentes</strong></span> <span class='ocrx_word' id='word_1_130' title='bbox 2278 1055 2447 1110; x_wconf 80' lang='lat' dir='ltr'><strong>veste,</strong></span> <span class='ocrx_word' id='word_1_131' title='bbox 2475 1045 2691 1100; x_wconf 90' lang='lat' dir='ltr'><strong>incessu</strong></span> <span class='ocrx_word' id='word_1_132' title='bbox 2729 1054 2909 1098; x_wconf 90' lang='lat' dir='ltr'><strong>tamen</strong></span> <span class='ocrx_word' id='word_1_133' title='bbox 2956 1056 3077 1098; x_wconf 91' lang='lat' dir='ltr'><strong>eam</strong></span> <span class='ocrx_word' id='word_1_134' title='bbox 3114 1054 3228 1110; x_wconf 67' lang='lat' dir='ltr'><strong>prae</strong></span> <span class='ocrx_word' id='word_1_135' title='bbox 3253 1053 3312 1094; x_wconf 90' lang='lat' dir='ltr'><strong>se</strong></span> <span class='ocrx_word' id='word_1_136' title='bbox 3344 1037 3430 1092; x_wconf 78' lang='lat' dir='ltr'><strong>le-</strong></span> 
     </span>
    </p>
   </div>
   <div class='ocr_carea' id='block_1_21' title="bbox 1848 1126 3434 1201">
    <p class='ocr_par' dir='ltr' id='par_1_21' title="bbox 1848 1126 3434 1201">
     <span class='ocr_line' id='line_1_21' title="bbox 1848 1126 3434 1201; baseline -0.006 -10"><span class='ocrx_word' id='word_1_137' title='bbox 1848 1146 1974 1191; x_wconf 89' lang='lat' dir='ltr'><strong>runt</strong></span> <span class='ocrx_word' id='word_1_138' title='bbox 1999 1135 2299 1201; x_wconf 87' lang='lat' dir='ltr'><strong>mollitiem,</strong></span> <span class='ocrx_word' id='word_1_139' title='bbox 2334 1135 2506 1188; x_wconf 89' lang='lat' dir='ltr'><strong>risum</strong></span> <span class='ocrx_word' id='word_1_140' title='bbox 2541 1143 2599 1186; x_wconf 93' lang='lat' dir='ltr'><strong>ut</strong></span> <span class='ocrx_word' id='word_1_141' title='bbox 2621 1132 2875 1187; x_wconf 89' lang='lat' dir='ltr'><strong>omnibus</strong></span> <span class='ocrx_word' id='word_1_142' title='bbox 2909 1130 3110 1186; x_wconf 87' lang='lat' dir='ltr'><strong>debere</strong></span> <span class='ocrx_word' id='word_1_143' title='bbox 3159 1136 3217 1184; x_wconf 89' lang='lat' dir='ltr'><strong>et</strong></span> <span class='ocrx_word' id='word_1_144' title='bbox 3246 1126 3434 1183; x_wconf 82' lang='lat' dir='ltr'><strong>conci-</strong></span> 
     </span>
    </p>
   </div>
   <div class='ocr_carea' id='block_1_22' title="bbox 1850 1228 2297 1283">
    <p class='ocr_par' dir='ltr' id='par_1_22' title="bbox 1850 1228 2297 1283">
     <span class='ocr_line' id='line_1_22' title="bbox 1850 1228 2297 1283; baseline -0.004 -3"><span class='ocrx_word' id='word_1_145' title='bbox 1850 1235 1967 1283; x_wconf 86' lang='lat' dir='ltr'><strong>tare</strong></span> <span class='ocrx_word' id='word_1_146' title='bbox 1995 1228 2297 1282; x_wconf 87' lang='lat' dir='ltr'><strong>videantur.</strong></span> 
     </span>
    </p>
   </div>
   <div class='ocr_carea' id='block_1_23' title="bbox 1939 1331 3344 1420">
    <p class='ocr_par' dir='ltr' id='par_1_23' title="bbox 1939 1331 3344 1420">
     <span class='ocr_line' id='line_1_23' title="bbox 1939 1331 3344 1420; baseline -0.006 -24"><span class='ocrx_word' id='word_1_147' title='bbox 1939 1337 2110 1410; x_wconf 80' lang='lat'><strong>658</strong></span> <span class='ocrx_word' id='word_1_148' title='bbox 2127 1336 2450 1420; x_wconf 77' lang='lat' dir='ltr'><strong>CCCXXlX.</strong></span> <span class='ocrx_word' id='word_1_149' title='bbox 2470 1367 2539 1376; x_wconf 91' lang='lat'><strong>—</strong></span> <span class='ocrx_word' id='word_1_150' title='bbox 2555 1333 2813 1391; x_wconf 83' lang='lat' dir='ltr'><strong>ZOSIMO</strong></span> <span class='ocrx_word' id='word_1_151' title='bbox 2861 1331 3344 1389; x_wconf 80' lang='lat' dir='ltr'><strong>PRESBYTERO.</strong></span> 
     </span>
    </p>
   </div>
   <div class='ocr_carea' id='block_1_24' title="bbox 161 1427 3440 1504">
    <p class='ocr_par' dir='ltr' id='par_1_24' title="bbox 161 1427 3440 1504">
     <span class='ocr_line' id='line_1_24' title="bbox 161 1427 3440 1504; baseline -0 -23"><span class='ocrx_word' id='word_1_152' title='bbox 161 1428 375 1483; x_wconf 75' lang='lat' dir='ltr'><strong>Anima:</strong></span> <span class='ocrx_word' id='word_1_153' title='bbox 405 1431 660 1495; x_wconf 77' lang='lat' dir='ltr'><strong>potiorem</strong></span> <span class='ocrx_word' id='word_1_154' title='bbox 700 1449 860 1502; x_wconf 83' lang='lat' dir='ltr'><strong>quant</strong></span> <span class='ocrx_word' id='word_1_155' title='bbox 907 1438 1142 1501; x_wconf 83' lang='lat' dir='ltr'><strong>corporis</strong></span> <span class='ocrx_word' id='word_1_156' title='bbox 1172 1453 1353 1489; x_wconf 63' lang='lat' dir='ltr'><strong>turam</strong></span> <span class='ocrx_word' id='word_1_157' title='bbox 1393 1434 1692 1504; x_wconf 82' lang='lat' dir='ltr'><strong>gerendam.</strong></span> <span class='ocrx_word' id='word_1_158' title='bbox 1729 1432 1864 1486; x_wconf 68' lang='lat' dir='ltr'><strong>Vita:</strong></span> <span class='ocrx_word' id='word_1_159' title='bbox 1895 1433 2135 1504; x_wconf 57' lang='lat' dir='ltr'><strong>brevitas</strong></span> <span class='ocrx_word' id='word_1_160' title='bbox 2172 1433 2389 1504; x_wconf 69' lang='lat' dir='ltr'><strong>uigilare</strong></span> <span class='ocrx_word' id='word_1_161' title='bbox 2418 1431 2605 1504; x_wconf 71' lang='lat' dir='ltr'><strong>jubet.</strong></span> <span class='ocrx_word' id='word_1_162' title='bbox 2642 1429 2862 1484; x_wconf 76' lang='lat' dir='ltr'><strong>(Matth.</strong></span> <span class='ocrx_word' id='word_1_163' title='bbox 2906 1443 3037 1483; x_wconf 78' lang='lat' dir='ltr'><strong>xxv.</strong></span> <span class='ocrx_word' id='word_1_164' title='bbox 3070 1428 3226 1498; x_wconf 72' lang='lat' dir='ltr'><strong>Conf.</strong></span> <span class='ocrx_word' id='word_1_165' title='bbox 3256 1427 3365 1498; x_wconf 56' lang='lat' dir='ltr'><strong>lib.</strong></span> <span class='ocrx_word' id='word_1_166' title='bbox 3389 1440 3440 1494; x_wconf 71' lang='grc' dir='ltr'><strong>ι,</strong></span> 
     </span>
    </p>
   </div>
   <div class='ocr_carea' id='block_1_25' title="bbox 1128 1502 2521 1572">
    <p class='ocr_par' dir='ltr' id='par_1_25' title="bbox 1128 1502 2521 1572">
     <span class='ocr_line' id='line_1_25' title="bbox 1128 1502 2521 1572; baseline -0.002 -13"><span class='ocrx_word' id='word_1_167' title='bbox 1128 1508 1281 1569; x_wconf 87' lang='lat' dir='ltr'><strong>epist.</strong></span> <span class='ocrx_word' id='word_1_168' title='bbox 1315 1502 1456 1560; x_wconf 51' lang='grc'><strong>15⁷88</strong></span> <span class='ocrx_word' id='word_1_169' title='bbox 1483 1505 1577 1559; x_wconf 85' lang='lat' dir='ltr'><strong>lib.</strong></span> <span class='ocrx_word' id='word_1_170' title='bbox 1605 1520 1678 1568; x_wconf 86' lang='lat' dir='ltr'><strong>Iv,</strong></span> <span class='ocrx_word' id='word_1_171' title='bbox 1709 1504 1857 1570; x_wconf 86' lang='lat' dir='ltr'><strong>epist.</strong></span> <span class='ocrx_word' id='word_1_172' title='bbox 1886 1502 1977 1569; x_wconf 63' lang='grc'><strong>24,</strong></span> <span class='ocrx_word' id='word_1_173' title='bbox 2005 1502 2130 1565; x_wconf 70' lang='grc'>124,</span> <span class='ocrx_word' id='word_1_174' title='bbox 2164 1502 2267 1556; x_wconf 75' lang='grc'><strong>126</strong></span> <span class='ocrx_word' id='word_1_175' title='bbox 2289 1513 2336 1556; x_wconf 89' lang='lat' dir='ltr'><strong>et</strong></span> <span class='ocrx_word' id='word_1_176' title='bbox 2373 1502 2521 1572; x_wconf 72' lang='grc'>146.)</span> 
     </span>
    </p>
   </div>
   <div class='ocr_carea' id='block_1_26' title="bbox 238 1591 1750 1666">
    <p class='ocr_par' dir='ltr' id='par_1_26' title="bbox 238 1591 1750 1666">
     <span class='ocr_line' id='line_1_26' title="bbox 238 1591 1750 1666; baseline 0.002 -22"><span class='ocrx_word' id='word_1_177' title='bbox 238 1593 388 1660; x_wconf 80' lang='grc' dir='ltr'>Πρὸς</span> <span class='ocrx_word' id='word_1_178' title='bbox 417 1591 478 1645; x_wconf 79' lang='grc' dir='ltr'><strong>τὸ</strong></span> <span class='ocrx_word' id='word_1_179' title='bbox 511 1593 662 1659; x_wconf 81' lang='grc' dir='ltr'><strong>τέλος</strong></span> <span class='ocrx_word' id='word_1_180' title='bbox 692 1593 878 1648; x_wconf 83' lang='grc' dir='ltr'>λοιπὸν</span> <span class='ocrx_word' id='word_1_181' title='bbox 904 1595 932 1648; x_wconf 86' lang='grc' dir='ltr'><em>ὁ</em></span> <span class='ocrx_word' id='word_1_182' title='bbox 964 1595 1169 1666; x_wconf 88' lang='grc' dir='ltr'>κόσμος</span> <span class='ocrx_word' id='word_1_183' title='bbox 1195 1597 1470 1666; x_wconf 77' lang='grc' dir='ltr'><strong>ἐπείγεται</strong></span> <span class='ocrx_word' id='word_1_184' title='bbox 1491 1613 1505 1627; x_wconf 85' lang='grc'><strong>·</strong></span> <span class='ocrx_word' id='word_1_185' title='bbox 1543 1596 1604 1650; x_wconf 84' lang='grc' dir='ltr'>οὐ</span> <span class='ocrx_word' id='word_1_186' title='bbox 1640 1595 1750 1666; x_wconf 84' lang='grc' dir='ltr'><strong>γὰρ</strong></span> 
     </span>
    </p>
   </div>
   <div class='ocr_carea' id='block_1_27' title="bbox 163 1680 1749 1757">
    <p class='ocr_par' dir='ltr' id='par_1_27' title="bbox 163 1680 1749 1757">
     <span class='ocr_line' id='line_1_27' title="bbox 163 1680 1749 1757; baseline 0.016 -36"><span class='ocrx_word' id='word_1_187' title='bbox 163 1680 526 1754; x_wconf 43' lang='grc' dir='ltr'><strong>δὶ-μψξέσεται</strong></span> <span class='ocrx_word' id='word_1_188' title='bbox 551 1687 586 1755; x_wconf 81' lang='grc' dir='ltr'>ἡ</span> <span class='ocrx_word' id='word_1_189' title='bbox 611 1685 857 1757; x_wconf 81' lang='grc' dir='ltr'>ἀλήθεια,</span> <span class='ocrx_word' id='word_1_190' title='bbox 885 1687 1197 1740; x_wconf 84' lang='grc' dir='ltr'><strong>συντέλειαν</strong></span> <span class='ocrx_word' id='word_1_191' title='bbox 1223 1687 1440 1741; x_wconf 80' lang='grc' dir='ltr'>ἔσεσθαι</span> <span class='ocrx_word' id='word_1_192' title='bbox 1465 1685 1749 1757; x_wconf 83' lang='grc' dir='ltr'>προμηνῦ-</span> 
     </span>
    </p>
   </div>
   <div class='ocr_carea' id='block_1_28' title="bbox 1929 1593 3434 1662">
    <p class='ocr_par' dir='ltr' id='par_1_28' title="bbox 1929 1593 3434 1662">
     <span class='ocr_line' id='line_1_28' title="bbox 1929 1593 3434 1662; baseline 0.001 -15"><span class='ocrx_word' id='word_1_193' title='bbox 1929 1595 2008 1647; x_wconf 86' lang='lat' dir='ltr'><strong>Ad</strong></span> <span class='ocrx_word' id='word_1_194' title='bbox 2041 1593 2289 1648; x_wconf 90' lang='lat' dir='ltr'><strong>ultimum</strong></span> <span class='ocrx_word' id='word_1_195' title='bbox 2333 1596 2502 1649; x_wconf 89' lang='lat' dir='ltr'><strong>tendit</strong></span> <span class='ocrx_word' id='word_1_196' title='bbox 2534 1594 2694 1656; x_wconf 85' lang='lat' dir='ltr'><strong>linem</strong></span> <span class='ocrx_word' id='word_1_197' title='bbox 2749 1594 2980 1650; x_wconf 91' lang='lat' dir='ltr'><strong>mundus</strong></span> <span class='ocrx_word' id='word_1_198' title='bbox 3015 1611 3028 1650; x_wconf 88' lang='lat'><strong>:</strong></span> <span class='ocrx_word' id='word_1_199' title='bbox 3067 1608 3244 1662; x_wconf 89' lang='lat' dir='ltr'><strong>neque</strong></span> <span class='ocrx_word' id='word_1_200' title='bbox 3286 1593 3434 1648; x_wconf 89' lang='lat' dir='ltr'><strong>enim</strong></span> 
     </span>
    </p>
   </div>
   <div class='ocr_carea' id='block_1_29' title="bbox 1859 1684 3436 1756">
    <p class='ocr_par' dir='ltr' id='par_1_29' title="bbox 1859 1684 3436 1756">
     <span class='ocr_line' id='line_1_29' title="bbox 1859 1684 3436 1756; baseline -0.002 -14"><span class='ocrx_word' id='word_1_201' title='bbox 1859 1686 1994 1742; x_wconf 80' lang='lat' dir='ltr'><strong>fallit</strong></span> <span class='ocrx_word' id='word_1_202' title='bbox 2024 1687 2137 1756; x_wconf 91' lang='lat' dir='ltr'><strong>ipsa</strong></span> <span class='ocrx_word' id='word_1_203' title='bbox 2200 1685 2416 1743; x_wconf 72' lang='lat' dir='ltr'><strong>Venitas</strong></span> <span class='ocrx_word' id='word_1_204' title='bbox 2470 1686 2993 1742; x_wconf 87' lang='lat' dir='ltr'><strong>consummationem</strong></span> <span class='ocrx_word' id='word_1_205' title='bbox 3052 1684 3169 1740; x_wconf 85' lang='lat' dir='ltr'><strong>fore</strong></span> <span class='ocrx_word' id='word_1_206' title='bbox 3220 1685 3436 1740; x_wconf 90' lang='lat' dir='ltr'><strong>denun-</strong></span> 
     </span>
    </p>
   </div>
   <div class='ocr_carea' id='block_1_30' title="bbox 168 1753 1773 1850">
    <p class='ocr_par' dir='ltr' id='par_1_30' title="bbox 168 1753 1748 1850">
     <span class='ocr_line' id='line_1_30' title="bbox 168 1753 1748 1850; baseline 0.002 -24"><span class='ocrx_word' id='word_1_207' title='bbox 168 1753 335 1827; x_wconf 86' lang='grc' dir='ltr'>σασα.</span> <span class='ocrx_word' id='word_1_208' title='bbox 376 1777 441 1828; x_wconf 83' lang='lat' dir='ltr'><strong>Ei</strong></span> <span class='ocrx_word' id='word_1_209' title='bbox 472 1775 530 1829; x_wconf 86' lang='grc' dir='ltr'>δὲ</span> <span class='ocrx_word' id='word_1_210' title='bbox 565 1753 790 1848; x_wconf 76' lang='grc' dir='ltr'>κάκείνη</span> <span class='ocrx_word' id='word_1_211' title='bbox 819 1777 1010 1850; x_wconf 76' lang='grc' dir='ltr'>πόρρω</span> <span class='ocrx_word' id='word_1_212' title='bbox 1039 1778 1180 1831; x_wconf 80' lang='grc' dir='ltr'>τισὶν</span> <span class='ocrx_word' id='word_1_213' title='bbox 1210 1772 1351 1833; x_wconf 76' lang='grc' dir='ltr'>εἶναι</span> <span class='ocrx_word' id='word_1_214' title='bbox 1379 1753 1603 1844; x_wconf 63' lang='grc' dir='ltr'>δόξειεν,</span> <span class='ocrx_word' id='word_1_215' title='bbox 1633 1753 1748 1830; x_wconf 80' lang='grc' dir='ltr'>άλλ’</span> 
     </span>
    </p>
   </div>
   <div class='ocr_carea' id='block_1_31' title="bbox 1863 1753 3435 1850">
    <p class='ocr_par' dir='ltr' id='par_1_31' title="bbox 1863 1753 3435 1848">
     <span class='ocr_line' id='line_1_31' title="bbox 1863 1753 3435 1848; baseline -0.001 -17"><span class='ocrx_word' id='word_1_216' title='bbox 1863 1780 2018 1833; x_wconf 90' lang='lat' dir='ltr'><strong>Iians.</strong></span> <span class='ocrx_word' id='word_1_217' title='bbox 2045 1753 2150 1844; x_wconf 69' lang='lat' dir='ltr'><strong>Qui</strong></span> <span class='ocrx_word' id='word_1_218' title='bbox 2183 1780 2366 1834; x_wconf 92' lang='lat' dir='ltr'><strong>mundi</strong></span> <span class='ocrx_word' id='word_1_219' title='bbox 2396 1779 2540 1844; x_wconf 90' lang='lat' dir='ltr'><strong>ﬁnis,</strong></span> <span class='ocrx_word' id='word_1_220' title='bbox 2570 1779 2674 1833; x_wconf 82' lang='lat' dir='ltr'><strong>etsi</strong></span> <span class='ocrx_word' id='word_1_221' title='bbox 2708 1778 2920 1848; x_wconf 71' lang='lat' dir='ltr'><strong>longius</strong></span> <span class='ocrx_word' id='word_1_222' title='bbox 2960 1776 3152 1833; x_wconf 89' lang='lat' dir='ltr'><strong>abesse</strong></span> <span class='ocrx_word' id='word_1_223' title='bbox 3204 1776 3435 1847; x_wconf 87' lang='lat' dir='ltr'><strong>quibus-</strong></span> 
     </span>
    </p>
   </div>
   <div class='ocr_carea' id='block_1_32' title="bbox 165 1865 1752 1940">
    <p class='ocr_par' dir='ltr' id='par_1_32' title="bbox 165 1865 1752 1940">
     <span class='ocr_line' id='line_1_32' title="bbox 165 1865 1752 1940; baseline 0.003 -25"><span class='ocrx_word' id='word_1_224' title='bbox 165 1865 196 1915; x_wconf 85' lang='grc' dir='ltr'>ὃ</span> <span class='ocrx_word' id='word_1_225' title='bbox 227 1881 291 1930; x_wconf 77' lang='grc' dir='ltr'>γε</span> <span class='ocrx_word' id='word_1_226' title='bbox 323 1865 542 1934; x_wconf 79' lang='grc' dir='ltr'><strong>ἑκάστῳ</strong></span> <span class='ocrx_word' id='word_1_227' title='bbox 573 1865 763 1936; x_wconf 82' lang='grc' dir='ltr'>χρόνος</span> <span class='ocrx_word' id='word_1_228' title='bbox 798 1867 917 1920; x_wconf 82' lang='grc' dir='ltr'><strong>καθ’</strong></span> <span class='ocrx_word' id='word_1_229' title='bbox 945 1866 1159 1940; x_wconf 78' lang='grc' dir='ltr'>ἡμέραν</span> <span class='ocrx_word' id='word_1_230' title='bbox 1188 1868 1518 1931; x_wconf 81' lang='grc' dir='ltr'>δαπανᾶται,</span> <span class='ocrx_word' id='word_1_231' title='bbox 1537 1866 1631 1919; x_wconf 73' lang='grc' dir='ltr'>καὶ</span> <span class='ocrx_word' id='word_1_232' title='bbox 1655 1867 1752 1936; x_wconf 81' lang='grc' dir='ltr'><strong>τὴν</strong></span> 
     </span>
    </p>
   </div>
   <div class='ocr_carea' id='block_1_33' title="bbox 166 1955 1753 2030">
    <p class='ocr_par' dir='ltr' id='par_1_33' title="bbox 166 1955 1753 2030">
     <span class='ocr_line' id='line_1_33' title="bbox 166 1955 1753 2030; baseline 0.004 -25"><span class='ocrx_word' id='word_1_233' title='bbox 166 1955 431 2026; x_wconf 81' lang='grc' dir='ltr'>τελευτὴν</span> <span class='ocrx_word' id='word_1_234' title='bbox 460 1956 679 2021; x_wconf 83' lang='grc' dir='ltr'>ὡδίνει,</span> <span class='ocrx_word' id='word_1_235' title='bbox 712 1958 808 2011; x_wconf 77' lang='grc' dir='ltr'>καὶ</span> <span class='ocrx_word' id='word_1_236' title='bbox 847 1958 985 2030; x_wconf 84' lang='grc' dir='ltr'>πρὸς</span> <span class='ocrx_word' id='word_1_237' title='bbox 1013 1959 1072 2012; x_wconf 89' lang='grc' dir='ltr'>τὺ</span> <span class='ocrx_word' id='word_1_238' title='bbox 1113 1959 1287 2026; x_wconf 86' lang='grc' dir='ltr'>πέρας</span> <span class='ocrx_word' id='word_1_239' title='bbox 1321 1961 1442 2030; x_wconf 81' lang='grc' dir='ltr'>ὁρᾷ.</span> <span class='ocrx_word' id='word_1_240' title='bbox 1489 1961 1608 2012; x_wconf 79' lang='grc' dir='ltr'><strong>Τῶν</strong></span> <span class='ocrx_word' id='word_1_241' title='bbox 1656 1960 1753 2029; x_wconf 87' lang='grc' dir='ltr'><strong>μὲν</strong></span> 
     </span>
    </p>
   </div>
   <div class='ocr_carea' id='block_1_34' title="bbox 166 2038 1754 2124">
    <p class='ocr_par' dir='ltr' id='par_1_34' title="bbox 166 2038 1754 2124">
     <span class='ocr_line' id='line_1_34' title="bbox 166 2038 1754 2124; baseline 0.004 -25"><span class='ocrx_word' id='word_1_242' title='bbox 166 2038 279 2116; x_wconf 74' lang='grc' dir='ltr'><strong>γὰρ</strong></span> <span class='ocrx_word' id='word_1_243' title='bbox 305 2050 694 2121; x_wconf 79' lang='grc' dir='ltr'>πρεσϐυτέρων</span> <span class='ocrx_word' id='word_1_244' title='bbox 727 2051 859 2123; x_wconf 83' lang='grc' dir='ltr'><strong>δήλη</strong></span> <span class='ocrx_word' id='word_1_245' title='bbox 891 2051 1038 2105; x_wconf 82' lang='grc' dir='ltr'>ἐστὶν</span> <span class='ocrx_word' id='word_1_246' title='bbox 1072 2053 1106 2124; x_wconf 88' lang='grc' dir='ltr'><strong>ἡ</strong></span> <span class='ocrx_word' id='word_1_247' title='bbox 1141 2052 1387 2123; x_wconf 83' lang='grc' dir='ltr'>τελευτὴ,</span> <span class='ocrx_word' id='word_1_248' title='bbox 1420 2053 1531 2106; x_wconf 84' lang='grc' dir='ltr'>τῶν</span> <span class='ocrx_word' id='word_1_249' title='bbox 1561 2053 1617 2106; x_wconf 80' lang='grc' dir='ltr'>δὲ</span> <span class='ocrx_word' id='word_1_250' title='bbox 1653 2054 1754 2105; x_wconf 85' lang='grc' dir='ltr'><strong>άκ-</strong></span> 
     </span>
    </p>
   </div>
   <div class='ocr_carea' id='block_1_35' title="bbox 171 2141 1754 2220">
    <p class='ocr_par' dir='ltr' id='par_1_35' title="bbox 171 2141 1754 2220">
     <span class='ocr_line' id='line_1_35' title="bbox 171 2141 1754 2220; baseline 0.006 -29"><span class='ocrx_word' id='word_1_251' title='bbox 171 2141 460 2207; x_wconf 77' lang='grc' dir='ltr'>μαζόντων</span> <span class='ocrx_word' id='word_1_252' title='bbox 498 2143 694 2212; x_wconf 79' lang='grc' dir='ltr'>ἄδηλος</span> <span class='ocrx_word' id='word_1_253' title='bbox 732 2145 765 2215; x_wconf 80' lang='grc' dir='ltr'>ἡ</span> <span class='ocrx_word' id='word_1_254' title='bbox 805 2145 942 2216; x_wconf 81' lang='grc' dir='ltr'>ζωή.</span> <span class='ocrx_word' id='word_1_255' title='bbox 985 2146 1333 2217; x_wconf 84' lang='grc' dir='ltr'>Προθεσμίαν</span> <span class='ocrx_word' id='word_1_256' title='bbox 1366 2147 1476 2219; x_wconf 83' lang='grc' dir='ltr'>γάρ</span> <span class='ocrx_word' id='word_1_257' title='bbox 1513 2148 1638 2219; x_wconf 87' lang='grc' dir='ltr'>μίαν</span> <span class='ocrx_word' id='word_1_258' title='bbox 1679 2149 1754 2220; x_wconf 81' lang='grc' dir='ltr'><strong>μὴ</strong></span> 
     </span>
    </p>
   </div>
   <div class='ocr_carea' id='block_1_36' title="bbox 166 2231 1753 2309">
    <p class='ocr_par' dir='ltr' id='par_1_36' title="bbox 166 2231 1753 2309">
     <span class='ocr_line' id='line_1_36' title="bbox 166 2231 1753 2309; baseline 0.007 -28"><span class='ocrx_word' id='word_1_259' title='bbox 166 2231 390 2299; x_wconf 77' lang='grc' dir='ltr'>ἔχοντος</span> <span class='ocrx_word' id='word_1_260' title='bbox 424 2232 519 2286; x_wconf 82' lang='grc' dir='ltr'><strong>τοῦ</strong></span> <span class='ocrx_word' id='word_1_261' title='bbox 555 2234 702 2303; x_wconf 80' lang='grc' dir='ltr'>βίου,</span> <span class='ocrx_word' id='word_1_262' title='bbox 733 2235 872 2290; x_wconf 88' lang='grc' dir='ltr'><strong>ἀλλά</strong></span> <span class='ocrx_word' id='word_1_263' title='bbox 914 2238 1096 2292; x_wconf 80' lang='grc' dir='ltr'>πᾶσαν</span> <span class='ocrx_word' id='word_1_264' title='bbox 1127 2237 1346 2309; x_wconf 84' lang='grc' dir='ltr'>ἡλικίαν</span> <span class='ocrx_word' id='word_1_265' title='bbox 1384 2239 1477 2293; x_wconf 78' lang='grc' dir='ltr'><strong>τοῦ</strong></span> <span class='ocrx_word' id='word_1_266' title='bbox 1524 2239 1753 2294; x_wconf 86' lang='grc' dir='ltr'>θανάτου</span> 
     </span>
    </p>
   </div>
   <div class='ocr_carea' id='block_1_37' title="bbox 167 2322 1755 2403">
    <p class='ocr_par' dir='ltr' id='par_1_37' title="bbox 167 2322 1755 2403">
     <span class='ocr_line' id='line_1_37' title="bbox 167 2322 1755 2403; baseline 0.008 -32"><span class='ocrx_word' id='word_1_267' title='bbox 167 2322 608 2394; x_wconf 79' lang='grc' dir='ltr'><strong>ἐπινεμομένου,</strong></span> <span class='ocrx_word' id='word_1_268' title='bbox 646 2326 859 2390; x_wconf 86' lang='grc' dir='ltr'>πάντας</span> <span class='ocrx_word' id='word_1_269' title='bbox 896 2333 1196 2402; x_wconf 72' lang='grc' dir='ltr'>γρηγρρεῖν</span> <span class='ocrx_word' id='word_1_270' title='bbox 1229 2330 1364 2402; x_wconf 82' lang='grc' dir='ltr'>χρὴ,</span> <span class='ocrx_word' id='word_1_271' title='bbox 1396 2332 1491 2385; x_wconf 79' lang='grc' dir='ltr'>καὶ</span> <span class='ocrx_word' id='word_1_272' title='bbox 1522 2332 1755 2403; x_wconf 87' lang='grc' dir='ltr'>προσδο-</span> 
     </span>
    </p>
   </div>
   <div class='ocr_carea' id='block_1_38' title="bbox 167 2413 1756 2493">
    <p class='ocr_par' dir='ltr' id='par_1_38' title="bbox 167 2413 1756 2493">
     <span class='ocr_line' id='line_1_38' title="bbox 167 2413 1756 2493; baseline 0.009 -30"><span class='ocrx_word' id='word_1_273' title='bbox 167 2413 276 2482; x_wconf 77' lang='grc' dir='ltr'>κᾷν</span> <span class='ocrx_word' id='word_1_274' title='bbox 315 2413 376 2465; x_wconf 85' lang='grc' dir='ltr'><strong>τὸ</strong></span> <span class='ocrx_word' id='word_1_275' title='bbox 403 2415 620 2479; x_wconf 88' lang='grc' dir='ltr'>πάντως</span> <span class='ocrx_word' id='word_1_276' title='bbox 651 2417 929 2487; x_wconf 86' lang='grc' dir='ltr'>ἐσόμενον.</span> <span class='ocrx_word' id='word_1_277' title='bbox 977 2419 1116 2472; x_wconf 86' lang='grc' dir='ltr'><strong>Ἀλλ’</strong></span> <span class='ocrx_word' id='word_1_278' title='bbox 1151 2422 1313 2491; x_wconf 84' lang='grc' dir='ltr'>ἡμεῖς</span> <span class='ocrx_word' id='word_1_279' title='bbox 1351 2424 1530 2477; x_wconf 88' lang='grc' dir='ltr'>πάντα</span> <span class='ocrx_word' id='word_1_280' title='bbox 1558 2423 1756 2493; x_wconf 83' lang='grc' dir='ltr'>μάλλον</span> 
     </span>
    </p>
   </div>
   <div class='ocr_carea' id='block_1_39' title="bbox 166 2504 1756 2584">
    <p class='ocr_par' dir='ltr' id='par_1_39' title="bbox 166 2504 1756 2584">
     <span class='ocr_line' id='line_1_39' title="bbox 166 2504 1756 2584; baseline 0.009 -30"><span class='ocrx_word' id='word_1_281' title='bbox 166 2504 202 2573; x_wconf 79' lang='grc' dir='ltr'>ἢ</span> <span class='ocrx_word' id='word_1_282' title='bbox 230 2504 391 2558; x_wconf 76' lang='grc' dir='ltr'>τοῦτο</span> <span class='ocrx_word' id='word_1_283' title='bbox 416 2507 807 2577; x_wconf 75' lang='grc' dir='ltr'><strong>προσδοκῶμεν</strong></span> <span class='ocrx_word' id='word_1_284' title='bbox 825 2525 840 2540; x_wconf 86' lang='grc'><strong>·</strong></span> <span class='ocrx_word' id='word_1_285' title='bbox 877 2510 945 2564; x_wconf 79' lang='grc' dir='ltr'>τά</span> <span class='ocrx_word' id='word_1_286' title='bbox 979 2511 1078 2581; x_wconf 68' lang='grc' dir='ltr'><strong>μὲν</strong></span> <span class='ocrx_word' id='word_1_287' title='bbox 1106 2513 1214 2582; x_wconf 85' lang='grc' dir='ltr'><strong>γὰρ</strong></span> <span class='ocrx_word' id='word_1_288' title='bbox 1247 2513 1486 2583; x_wconf 80' lang='grc' dir='ltr'>ἀδόκητά</span> <span class='ocrx_word' id='word_1_289' title='bbox 1523 2512 1636 2584; x_wconf 87' lang='grc'><strong>(96)</strong></span> <span class='ocrx_word' id='word_1_290' title='bbox 1663 2516 1756 2567; x_wconf 75' lang='grc' dir='ltr'>καὶ</span> 
     </span>
    </p>
   </div>
   <div class='ocr_carea' id='block_1_40' title="bbox 168 2595 1757 2676">
    <p class='ocr_par' dir='ltr' id='par_1_40' title="bbox 168 2595 1757 2676">
     <span class='ocr_line' id='line_1_40' title="bbox 168 2595 1757 2676; baseline 0.008 -30"><span class='ocrx_word' id='word_1_291' title='bbox 168 2595 475 2650; x_wconf 81' lang='grc' dir='ltr'><strong>ἀνέλπιστα</strong></span> <span class='ocrx_word' id='word_1_292' title='bbox 512 2599 632 2653; x_wconf 77' lang='grc' dir='ltr'>καθ’</span> <span class='ocrx_word' id='word_1_293' title='bbox 680 2601 920 2672; x_wconf 71' lang='grc' dir='ltr'>ἑκάστην</span> <span class='ocrx_word' id='word_1_294' title='bbox 967 2603 1115 2674; x_wconf 86' lang='grc' dir='ltr'>ὥραν</span> <span class='ocrx_word' id='word_1_295' title='bbox 1164 2604 1614 2676; x_wconf 81' lang='grc' dir='ltr'>ὁνειροπολοῦμεν</span> <span class='ocrx_word' id='word_1_296' title='bbox 1663 2608 1757 2659; x_wconf 81' lang='grc' dir='ltr'><strong>καὶ</strong></span> 
     </span>
    </p>
   </div>
   <div class='ocr_carea' id='block_1_41' title="bbox 167 2687 1755 2767">
    <p class='ocr_par' dir='ltr' id='par_1_41' title="bbox 167 2687 1755 2767">
     <span class='ocr_line' id='line_1_41' title="bbox 167 2687 1755 2767; baseline 0.009 -30"><span class='ocrx_word' id='word_1_297' title='bbox 167 2687 506 2758; x_wconf 73' lang='grc' dir='ltr'>ἐλπίζομεν·</span> <span class='ocrx_word' id='word_1_298' title='bbox 557 2691 619 2744; x_wconf 81' lang='grc' dir='ltr'><strong>τὸ</strong></span> <span class='ocrx_word' id='word_1_299' title='bbox 657 2692 714 2746; x_wconf 88' lang='grc' dir='ltr'>δὲ</span> <span class='ocrx_word' id='word_1_300' title='bbox 754 2692 933 2767; x_wconf 82' lang='grc' dir='ltr'>πάντῃ</span> <span class='ocrx_word' id='word_1_301' title='bbox 970 2713 1030 2748; x_wconf 91' lang='grc' dir='ltr'><strong>τε</strong></span> <span class='ocrx_word' id='word_1_302' title='bbox 1074 2696 1169 2750; x_wconf 73' lang='grc' dir='ltr'><strong>καὶ</strong></span> <span class='ocrx_word' id='word_1_303' title='bbox 1206 2697 1422 2760; x_wconf 88' lang='grc' dir='ltr'>πάντως</span> <span class='ocrx_word' id='word_1_304' title='bbox 1462 2698 1755 2767; x_wconf 82' lang='grc' dir='ltr'>ἐσόμενον,</span> 
     </span>
    </p>
   </div>
   <div class='ocr_carea' id='block_1_42' title="bbox 171 2783 1758 2859">
    <p class='ocr_par' dir='ltr' id='par_1_42' title="bbox 171 2783 1758 2859">
     <span class='ocr_line' id='line_1_42' title="bbox 171 2783 1758 2859; baseline 0.006 -25"><span class='ocrx_word' id='word_1_305' title='bbox 171 2785 270 2834; x_wconf 75' lang='grc' dir='ltr'><strong>καὶ</strong></span> <span class='ocrx_word' id='word_1_306' title='bbox 298 2783 504 2836; x_wconf 83' lang='grc' dir='ltr'>αὐτίκα</span> <span class='ocrx_word' id='word_1_307' title='bbox 539 2783 602 2854; x_wconf 82' lang='grc' dir='ltr'>δὴ</span> <span class='ocrx_word' id='word_1_308' title='bbox 647 2784 791 2854; x_wconf 90' lang='grc' dir='ltr'>μάλα</span> <span class='ocrx_word' id='word_1_309' title='bbox 829 2787 1089 2851; x_wconf 84' lang='grc' dir='ltr'>πολλάκις</span> <span class='ocrx_word' id='word_1_310' title='bbox 1126 2788 1594 2859; x_wconf 87' lang='grc' dir='ltr'>ἐπιστησόμενον,</span> <span class='ocrx_word' id='word_1_311' title='bbox 1636 2790 1758 2843; x_wconf 80' lang='grc' dir='ltr'>οὐδὲ</span> 
     </span>
    </p>
   </div>
   <div class='ocr_carea' id='block_1_43' title="bbox 172 2873 1758 2953">
    <p class='ocr_par' dir='ltr' id='par_1_43' title="bbox 172 2873 1758 2953">
     <span class='ocr_line' id='line_1_43' title="bbox 172 2873 1758 2953; baseline 0.006 -27"><span class='ocrx_word' id='word_1_312' title='bbox 172 2875 380 2926; x_wconf 77' lang='grc' dir='ltr'>ἐννοεῖν</span> <span class='ocrx_word' id='word_1_313' title='bbox 406 2873 698 2946; x_wconf 82' lang='grc' dir='ltr'>ἀξιοῦμεν·</span> <span class='ocrx_word' id='word_1_314' title='bbox 739 2877 875 2931; x_wconf 84' lang='grc' dir='ltr'><strong>ἀλλὰ</strong></span> <span class='ocrx_word' id='word_1_315' title='bbox 908 2877 1092 2950; x_wconf 78' lang='grc' dir='ltr'>θνητοὶ</span> <span class='ocrx_word' id='word_1_316' title='bbox 1121 2879 1272 2944; x_wconf 78' lang='grc' dir='ltr'>ὄντες</span> <span class='ocrx_word' id='word_1_317' title='bbox 1314 2880 1457 2934; x_wconf 80' lang='grc' dir='ltr'>κατὰ</span> <span class='ocrx_word' id='word_1_318' title='bbox 1495 2881 1556 2934; x_wconf 85' lang='grc' dir='ltr'><strong>τὸ</strong></span> <span class='ocrx_word' id='word_1_319' title='bbox 1598 2882 1758 2953; x_wconf 86' lang='grc' dir='ltr'>σῶμα</span> 
     </span>
    </p>
   </div>
   <div class='ocr_carea' id='block_1_44' title="bbox 171 2967 1759 3046">
    <p class='ocr_par' dir='ltr' id='par_1_44' title="bbox 171 2967 1759 3046">
     <span class='ocr_line' id='line_1_44' title="bbox 171 2967 1759 3046; baseline 0.007 -28"><span class='ocrx_word' id='word_1_320' title='bbox 171 2967 270 3018; x_wconf 72' lang='grc' dir='ltr'>καὶ</span> <span class='ocrx_word' id='word_1_321' title='bbox 296 2967 572 3037; x_wconf 87' lang='grc' dir='ltr'>ἐπίκηροι,</span> <span class='ocrx_word' id='word_1_322' title='bbox 599 2967 673 3031; x_wconf 84' lang='grc' dir='ltr'><strong>ὡς</strong></span> <span class='ocrx_word' id='word_1_323' title='bbox 707 2969 965 3024; x_wconf 86' lang='grc' dir='ltr'>ἀθάνατοι</span> <span class='ocrx_word' id='word_1_324' title='bbox 995 2971 1353 3040; x_wconf 79' lang='grc' dir='ltr'>διανοούμεθα</span> <span class='ocrx_word' id='word_1_325' title='bbox 1374 2989 1387 3002; x_wconf 87' lang='grc'><strong>·</strong></span> <span class='ocrx_word' id='word_1_326' title='bbox 1413 2974 1508 3028; x_wconf 78' lang='grc' dir='ltr'>καὶ</span> <span class='ocrx_word' id='word_1_327' title='bbox 1535 2976 1634 3045; x_wconf 82' lang='grc' dir='ltr'>τῆς</span> <span class='ocrx_word' id='word_1_328' title='bbox 1660 2975 1759 3046; x_wconf 86' lang='grc' dir='ltr'><strong>μὲν</strong></span> 
     </span>
    </p>
   </div>
   <div class='ocr_carea' id='block_1_45' title="bbox 169 3056 1828 3158">
    <p class='ocr_par' dir='ltr' id='par_1_45' title="bbox 169 3056 1828 3158">
     <span class='ocr_line' id='line_1_45' title="bbox 169 3056 1828 3158; baseline 0.007 -48"><span class='ocrx_word' id='word_1_329' title='bbox 169 3056 448 3158; x_wconf 75' lang='grc' dir='ltr'><strong>ἀθανάτου</strong></span> <span class='ocrx_word' id='word_1_330' title='bbox 485 3058 663 3130; x_wconf 82' lang='grc' dir='ltr'>ψυχῆς</span> <span class='ocrx_word' id='word_1_331' title='bbox 701 3060 1045 3131; x_wconf 83' lang='grc' dir='ltr'>άμελοῦμεν,</span> <span class='ocrx_word' id='word_1_332' title='bbox 1108 3063 1307 3133; x_wconf 86' lang='grc' dir='ltr'>μᾶλλον</span> <span class='ocrx_word' id='word_1_333' title='bbox 1347 3063 1405 3117; x_wconf 85' lang='grc' dir='ltr'>δὲ</span> <span class='ocrx_word' id='word_1_334' title='bbox 1451 3065 1575 3119; x_wconf 81' lang='grc' dir='ltr'>οὐδέ</span> <span class='ocrx_word' id='word_1_335' title='bbox 1612 3062 1828 3158; x_wconf 56' lang='grc' dir='ltr'>ἐχεινῦ</span> 
     </span>
    </p>
   </div>
   <div class='ocr_carea' id='block_1_46' title="bbox 169 3148 1757 3224">
    <p class='ocr_par' dir='ltr' id='par_1_46' title="bbox 169 3148 1757 3224">
     <span class='ocr_line' id='line_1_46' title="bbox 169 3148 1757 3224; baseline 0.006 -24"><span class='ocrx_word' id='word_1_336' title='bbox 169 3148 356 3218; x_wconf 72' lang='grc' dir='ltr'>ψυχὴν</span> <span class='ocrx_word' id='word_1_337' title='bbox 382 3149 672 3220; x_wconf 76' lang='grc' dir='ltr'>νομίζομεν</span> <span class='ocrx_word' id='word_1_338' title='bbox 695 3166 708 3181; x_wconf 86' lang='grc'><strong>·</strong></span> <span class='ocrx_word' id='word_1_339' title='bbox 743 3153 803 3204; x_wconf 84' lang='grc' dir='ltr'><strong>τὸ</strong></span> <span class='ocrx_word' id='word_1_340' title='bbox 825 3151 882 3204; x_wconf 86' lang='grc' dir='ltr'><strong>δέ</strong></span> <span class='ocrx_word' id='word_1_341' title='bbox 913 3152 1102 3222; x_wconf 85' lang='grc' dir='ltr'>θνητὸν</span> <span class='ocrx_word' id='word_1_342' title='bbox 1135 3153 1586 3224; x_wconf 84' lang='grc' dir='ltr'>σῶμα“άθάνατον</span> <span class='ocrx_word' id='word_1_343' title='bbox 1617 3151 1757 3210; x_wconf 80' lang='grc' dir='ltr'>εῖναι</span> 
     </span>
    </p>
   </div>
   <div class='ocr_carea' id='block_1_47' title="bbox 168 3240 1758 3317">
    <p class='ocr_par' dir='ltr' id='par_1_47' title="bbox 168 3240 1758 3317">
     <span class='ocr_line' id='line_1_47' title="bbox 168 3240 1758 3317; baseline 0.008 -26"><span class='ocrx_word' id='word_1_344' title='bbox 168 3240 494 3310; x_wconf 59' lang='grc' dir='ltr'><strong>⁴ἡγούμενοι,</strong></span> <span class='ocrx_word' id='word_1_345' title='bbox 529 3241 658 3312; x_wconf 77' lang='grc' dir='ltr'>περὶ</span> <span class='ocrx_word' id='word_1_346' title='bbox 702 3243 836 3296; x_wconf 83' lang='grc' dir='ltr'>αὐτὸ</span> <span class='ocrx_word' id='word_1_347' title='bbox 865 3245 1046 3297; x_wconf 83' lang='grc' dir='ltr'>πᾶσαν</span> <span class='ocrx_word' id='word_1_348' title='bbox 1080 3244 1178 3315; x_wconf 82' lang='grc' dir='ltr'>τὴν</span> <span class='ocrx_word' id='word_1_349' title='bbox 1205 3247 1443 3317; x_wconf 83' lang='grc' dir='ltr'>σπουδὴν</span> <span class='ocrx_word' id='word_1_350' title='bbox 1478 3249 1758 3302; x_wconf 86' lang='grc' dir='ltr'>ἀναλίσκο-</span> 
     </span>
    </p>
   </div>
   <div class='ocr_carea' id='block_1_48' title="bbox 174 3328 1758 3411">
    <p class='ocr_par' dir='ltr' id='par_1_48' title="bbox 174 3328 1758 3411">
     <span class='ocr_line' id='line_1_48' title="bbox 174 3328 1758 3411; baseline 0.006 -27"><span class='ocrx_word' id='word_1_351' title='bbox 174 3348 298 3400; x_wconf 83' lang='grc' dir='ltr'>μεν.</span> <span class='ocrx_word' id='word_1_352' title='bbox 343 3332 510 3395; x_wconf 85' lang='grc' dir='ltr'>Ποίας</span> <span class='ocrx_word' id='word_1_353' title='bbox 543 3328 637 3385; x_wconf 84' lang='grc' dir='ltr'><strong>οὖν</strong></span> <span class='ocrx_word' id='word_1_354' title='bbox 680 3334 1062 3406; x_wconf 83' lang='grc' dir='ltr'><strong>ἀπολαύσομεν</strong></span> <span class='ocrx_word' id='word_1_355' title='bbox 1104 3338 1464 3409; x_wconf 82' lang='grc' dir='ltr'>συγγνώμης,</span> <span class='ocrx_word' id='word_1_356' title='bbox 1510 3340 1610 3409; x_wconf 86' lang='grc' dir='ltr'>τῆς</span> <span class='ocrx_word' id='word_1_357' title='bbox 1653 3340 1758 3411; x_wconf 84' lang='grc' dir='ltr'><strong>μὲν</strong></span> 
     </span>
    </p>
   </div>
   <div class='ocr_carea' id='block_1_49' title="bbox 169 3422 1757 3500">
    <p class='ocr_par' dir='ltr' id='par_1_49' title="bbox 169 3422 1757 3500">
     <span class='ocr_line' id='line_1_49' title="bbox 169 3422 1757 3500; baseline 0.006 -25"><span class='ocrx_word' id='word_1_358' title='bbox 169 3422 450 3477; x_wconf 79' lang='grc' dir='ltr'><strong>ἀθανάτου</strong></span> <span class='ocrx_word' id='word_1_359' title='bbox 492 3422 722 3483; x_wconf 85' lang='grc' dir='ltr'>θάνατον</span> <span class='ocrx_word' id='word_1_360' title='bbox 775 3425 1318 3498; x_wconf 77' lang='grc' dir='ltr'>καταψηφιζόμενοι,</span> <span class='ocrx_word' id='word_1_361' title='bbox 1364 3429 1426 3482; x_wconf 88' lang='grc' dir='ltr'><strong>τὸ</strong></span> <span class='ocrx_word' id='word_1_362' title='bbox 1466 3429 1524 3483; x_wconf 86' lang='grc' dir='ltr'><strong>δέ</strong></span> <span class='ocrx_word' id='word_1_363' title='bbox 1563 3430 1757 3500; x_wconf 85' lang='grc' dir='ltr'>Θνητὸν</span> 
     </span>
    </p>
   </div>
   <div class='ocr_carea' id='block_1_50' title="bbox 168 3514 1754 3590">
    <p class='ocr_par' dir='ltr' id='par_1_50' title="bbox 168 3514 1754 3590">
     <span class='ocr_line' id='line_1_50' title="bbox 168 3514 1754 3590; baseline 0.006 -25"><span class='ocrx_word' id='word_1_364' title='bbox 168 3516 359 3584; x_wconf 75' lang='grc' dir='ltr'>πάσης</span> <span class='ocrx_word' id='word_1_365' title='bbox 386 3515 551 3586; x_wconf 84' lang='grc' dir='ltr'>τιμῆς</span> <span class='ocrx_word' id='word_1_366' title='bbox 581 3514 890 3582; x_wconf 83' lang='grc' dir='ltr'><strong>άξιοῦντες;</strong></span> <span class='ocrx_word' id='word_1_367' title='bbox 937 3518 1197 3590; x_wconf 81' lang='grc' dir='ltr'>κάκείνην</span> <span class='ocrx_word' id='word_1_368' title='bbox 1242 3519 1754 3590; x_wconf 82' lang='grc' dir='ltr'>παραϐλάπτοντες,</span> 
     </span>
    </p>
   </div>
   <div class='ocr_carea' id='block_1_51' title="bbox 169 3605 1752 3684">
    <p class='ocr_par' dir='ltr' id='par_1_51' title="bbox 169 3605 1752 3684">
     <span class='ocr_line' id='line_1_51' title="bbox 169 3605 1752 3684; baseline 0.008 -28"><span class='ocrx_word' id='word_1_369' title='bbox 169 3605 264 3658; x_wconf 79' lang='grc' dir='ltr'><strong>ἵνα</strong></span> <span class='ocrx_word' id='word_1_370' title='bbox 311 3605 470 3660; x_wconf 80' lang='grc' dir='ltr'>τοῦτο</span> <span class='ocrx_word' id='word_1_371' title='bbox 513 3609 915 3679; x_wconf 84' lang='grc' dir='ltr'>κοσμήσωμεν;</span> <span class='ocrx_word' id='word_1_372' title='bbox 961 3609 1225 3681; x_wconf 84' lang='grc' dir='ltr'>κάκείνην</span> <span class='ocrx_word' id='word_1_373' title='bbox 1267 3611 1411 3683; x_wconf 83' lang='grc' dir='ltr'>λιμῷ</span> <span class='ocrx_word' id='word_1_374' title='bbox 1459 3614 1752 3684; x_wconf 87' lang='grc' dir='ltr'>τήκοντες,</span> 
     </span>
    </p>
   </div>
   <div class='ocr_carea' id='block_1_52' title="bbox 169 3694 1757 3774">
    <p class='ocr_par' dir='ltr' id='par_1_52' title="bbox 169 3694 1757 3774">
     <span class='ocr_line' id='line_1_52' title="bbox 169 3694 1757 3774; baseline 0.008 -29"><span class='ocrx_word' id='word_1_375' title='bbox 169 3694 265 3748; x_wconf 86' lang='grc' dir='ltr'>ἶνα</span> <span class='ocrx_word' id='word_1_376' title='bbox 311 3694 472 3749; x_wconf 83' lang='grc' dir='ltr'>τοῦτο</span> <span class='ocrx_word' id='word_1_377' title='bbox 505 3698 733 3767; x_wconf 82' lang='grc' dir='ltr'>σκιρτᾷν</span> <span class='ocrx_word' id='word_1_378' title='bbox 780 3696 876 3751; x_wconf 77' lang='grc' dir='ltr'>καὶ</span> <span class='ocrx_word' id='word_1_379' title='bbox 917 3700 1130 3770; x_wconf 81' lang='grc' dir='ltr'>τρυφᾷν</span> <span class='ocrx_word' id='word_1_380' title='bbox 1179 3699 1323 3769; x_wconf 60' lang='lat' dir='ltr'><strong>exet;</strong></span> <span class='ocrx_word' id='word_1_381' title='bbox 1371 3702 1494 3773; x_wconf 85' lang='grc' dir='ltr'>Χρὴ</span> <span class='ocrx_word' id='word_1_382' title='bbox 1543 3702 1652 3774; x_wconf 87' lang='grc' dir='ltr'>γὰρ</span> <span class='ocrx_word' id='word_1_383' title='bbox 1689 3705 1757 3757; x_wconf 81' lang='grc' dir='ltr'>τά</span> 
     </span>
    </p>
   </div>
   <div class='ocr_carea' id='block_1_53' title="bbox 173 3785 1756 3866">
    <p class='ocr_par' dir='ltr' id='par_1_53' title="bbox 173 3785 1756 3866">
     <span class='ocr_line' id='line_1_53' title="bbox 173 3785 1756 3866; baseline 0.007 -28"><span class='ocrx_word' id='word_1_384' title='bbox 173 3785 281 3855; x_wconf 78' lang='grc' dir='ltr'><strong>μὲν</strong></span> <span class='ocrx_word' id='word_1_385' title='bbox 312 3789 558 3857; x_wconf 87' lang='grc' dir='ltr'>πρωτεῖα</span> <span class='ocrx_word' id='word_1_386' title='bbox 595 3791 661 3859; x_wconf 84' lang='grc' dir='ltr'><strong>τῇ</strong></span> <span class='ocrx_word' id='word_1_387' title='bbox 693 3788 876 3860; x_wconf 88' lang='grc' dir='ltr'>ψυχῇ,</span> <span class='ocrx_word' id='word_1_388' title='bbox 922 3790 992 3844; x_wconf 86' lang='grc' dir='ltr'>τὰ</span> <span class='ocrx_word' id='word_1_389' title='bbox 1031 3792 1088 3845; x_wconf 87' lang='grc' dir='ltr'><strong>δέ</strong></span> <span class='ocrx_word' id='word_1_390' title='bbox 1125 3793 1401 3864; x_wconf 87' lang='grc' dir='ltr'>δευτερεῖα</span> <span class='ocrx_word' id='word_1_391' title='bbox 1435 3795 1512 3864; x_wconf 85' lang='grc' dir='ltr'>τῷ</span> <span class='ocrx_word' id='word_1_392' title='bbox 1543 3795 1756 3866; x_wconf 88' lang='grc' dir='ltr'>σώματι</span> 
     </span>
    </p>
   </div>
   <div class='ocr_carea' id='block_1_54' title="bbox 169 3879 1756 3956">
    <p class='ocr_par' dir='ltr' id='par_1_54' title="bbox 169 3879 1756 3956">
     <span class='ocr_line' id='line_1_54' title="bbox 169 3879 1756 3956; baseline 0.004 -24"><span class='ocrx_word' id='word_1_393' title='bbox 169 3879 363 3949; x_wconf 80' lang='grc' dir='ltr'>νέμειν</span> <span class='ocrx_word' id='word_1_394' title='bbox 387 3896 400 3911; x_wconf 90' lang='grc'><strong>·</strong></span> <span class='ocrx_word' id='word_1_395' title='bbox 432 3880 493 3932; x_wconf 85' lang='grc' dir='ltr'>οὐ</span> <span class='ocrx_word' id='word_1_396' title='bbox 532 3881 641 3952; x_wconf 82' lang='grc' dir='ltr'><strong>γὰρ</strong></span> <span class='ocrx_word' id='word_1_397' title='bbox 669 3882 910 3934; x_wconf 83' lang='grc' dir='ltr'>ἐναντίον</span> <span class='ocrx_word' id='word_1_398' title='bbox 949 3883 1120 3954; x_wconf 81' lang='grc' dir='ltr'>αὐτῆς</span> <span class='ocrx_word' id='word_1_399' title='bbox 1159 3885 1339 3950; x_wconf 88' lang='grc' dir='ltr'>ἐστιν,</span> <span class='ocrx_word' id='word_1_400' title='bbox 1372 3885 1496 3940; x_wconf 85' lang='grc' dir='ltr'>,ἀλλ’</span> <span class='ocrx_word' id='word_1_401' title='bbox 1524 3886 1756 3956; x_wconf 77' lang='grc' dir='ltr'>ὄργανον</span> 
     </span>
    </p>
   </div>
   <div class='ocr_carea' id='block_1_55' title="bbox 171 3970 1757 4046">
    <p class='ocr_par' dir='ltr' id='par_1_55' title="bbox 171 3970 1757 4046">
     <span class='ocr_line' id='line_1_55' title="bbox 171 3970 1757 4046; baseline 0.004 -22"><span class='ocrx_word' id='word_1_402' title='bbox 171 3972 272 4025; x_wconf 75' lang='grc' dir='ltr'>καὶ</span> <span class='ocrx_word' id='word_1_403' title='bbox 313 3970 548 4042; x_wconf 81' lang='grc' dir='ltr'>κιθάρα’</span> <span class='ocrx_word' id='word_1_404' title='bbox 594 3974 910 4043; x_wconf 81' lang='grc' dir='ltr'>ἐπιμελείας</span> <span class='ocrx_word' id='word_1_405' title='bbox 957 3975 1066 4046; x_wconf 84' lang='grc' dir='ltr'><strong>γὰρ</strong></span> <span class='ocrx_word' id='word_1_406' title='bbox 1107 3976 1314 4042; x_wconf 85' lang='grc' dir='ltr'>δεῖται,</span> <span class='ocrx_word' id='word_1_407' title='bbox 1361 3977 1462 4031; x_wconf 86' lang='grc' dir='ltr'>οὐκ</span> <span class='ocrx_word' id='word_1_408' title='bbox 1516 3977 1757 4032; x_wconf 77' lang='grc' dir='ltr'><strong>ἀπολαύο</strong></span> 
     </span>
    </p>
   </div>
   <div class='ocr_carea' id='block_1_56' title="bbox 174 4063 1755 4140">
    <p class='ocr_par' dir='ltr' id='par_1_56' title="bbox 174 4063 1755 4140">
     <span class='ocr_line' id='line_1_56' title="bbox 174 4063 1755 4140; baseline 0.005 -25"><span class='ocrx_word' id='word_1_409' title='bbox 174 4081 318 4128; x_wconf 84' lang='grc' dir='ltr'>σεως</span> <span class='ocrx_word' id='word_1_410' title='bbox 347 4063 657 4133; x_wconf 73' lang='grc' dir='ltr'>ἀνωφελοῦς</span> <span class='ocrx_word' id='word_1_411' title='bbox 678 4084 691 4098; x_wconf 86' lang='grc'><strong>·</strong></span> <span class='ocrx_word' id='word_1_412' title='bbox 730 4067 972 4137; x_wconf 81' lang='grc' dir='ltr'>τροφῆς,</span> <span class='ocrx_word' id='word_1_413' title='bbox 1003 4068 1063 4120; x_wconf 85' lang='grc' dir='ltr'>οὐ</span> <span class='ocrx_word' id='word_1_414' title='bbox 1098 4072 1309 4140; x_wconf 83' lang='grc' dir='ltr'>τρυφῆς</span> <span class='ocrx_word' id='word_1_415' title='bbox 1333 4086 1346 4100; x_wconf 90' lang='grc'><strong>·</strong></span> <span class='ocrx_word' id='word_1_416' title='bbox 1388 4071 1719 4138; x_wconf 75' lang='grc' dir='ltr'>αὐταρκείας</span> <span class='ocrx_word' id='word_1_417' title='bbox 1740 4109 1755 4135; x_wconf 89' lang='grc'><strong>,</strong></span> 
     </span>
    </p>
   </div>
   <div class='ocr_carea' id='block_1_57' title="bbox 170 4155 1757 4232">
    <p class='ocr_par' dir='ltr' id='par_1_57' title="bbox 170 4155 1757 4232">
     <span class='ocr_line' id='line_1_57' title="bbox 170 4155 1757 4232; baseline 0.003 -22"><span class='ocrx_word' id='word_1_418' title='bbox 170 4157 238 4210; x_wconf 68' lang='grc' dir='ltr'>οὐ</span> <span class='ocrx_word' id='word_1_419' title='bbox 269 4155 595 4227; x_wconf 82' lang='grc' dir='ltr'>πλησμονῆς</span> <span class='ocrx_word' id='word_1_420' title='bbox 621 4173 633 4186; x_wconf 72' lang='grc'><strong><em>⁸</em></strong></span> <span class='ocrx_word' id='word_1_421' title='bbox 665 4159 800 4225; x_wconf 80' lang='grc' dir='ltr'>εἴγε</span> <span class='ocrx_word' id='word_1_422' title='bbox 831 4160 1015 4230; x_wconf 84' lang='grc' dir='ltr'>μέλλοι</span> <span class='ocrx_word' id='word_1_423' title='bbox 1048 4160 1122 4232; x_wconf 84' lang='grc' dir='ltr'>μὴ</span> <span class='ocrx_word' id='word_1_424' title='bbox 1152 4162 1430 4230; x_wconf 89' lang='grc' dir='ltr'>πολέμιον,</span> <span class='ocrx_word' id='word_1_425' title='bbox 1460 4162 1594 4215; x_wconf 76' lang='grc' dir='ltr'><strong>ἀλλὰ</strong></span> <span class='ocrx_word' id='word_1_426' title='bbox 1622 4162 1757 4229; x_wconf 87' lang='grc' dir='ltr'>σύμ-</span> 
     </span>
    </p>
   </div>
   <div class='ocr_carea' id='block_1_58' title="bbox 175 4246 817 4321">
    <p class='ocr_par' dir='ltr' id='par_1_58' title="bbox 175 4246 817 4321">
     <span class='ocr_line' id='line_1_58' title="bbox 175 4246 817 4321; baseline 0.003 -18"><span class='ocrx_word' id='word_1_427' title='bbox 175 4267 358 4320; x_wconf 85' lang='grc' dir='ltr'>μαχον</span> <span class='ocrx_word' id='word_1_428' title='bbox 384 4253 451 4321; x_wconf 84' lang='grc' dir='ltr'><strong>τῇ</strong></span> <span class='ocrx_word' id='word_1_429' title='bbox 480 4251 625 4320; x_wconf 88' lang='grc' dir='ltr'>ψυχῇ</span> <span class='ocrx_word' id='word_1_430' title='bbox 657 4246 817 4305; x_wconf 75' lang='grc' dir='ltr'>εἶναι.</span> 
     </span>
    </p>
   </div>
   <div class='ocr_carea' id='block_1_59' title="bbox 415 4451 1503 4524">
    <p class='ocr_par' dir='ltr' id='par_1_59' title="bbox 415 4451 1503 4524">
     <span class='ocr_line' id='line_1_59' title="bbox 415 4451 1503 4524; baseline 0.003 -21"><span class='ocrx_word' id='word_1_431' title='bbox 415 4451 516 4504; x_wconf 86' lang='lat' dir='ltr'><strong>TA&#39;</strong></span> <span class='ocrx_word' id='word_1_432' title='bbox 544 4481 614 4492; x_wconf 89' lang='grc'><strong><em>-</em></strong></span> <span class='ocrx_word' id='word_1_433' title='bbox 642 4453 1006 4523; x_wconf 80' lang='grc' dir='ltr'><strong>ΜΑΡΚΙΑΝῼ</strong></span> <span class='ocrx_word' id='word_1_434' title='bbox 1036 4453 1503 4524; x_wconf 86' lang='grc' dir='ltr'><strong>ΠΡΕΣΒΥΤΕΡῼ.</strong></span> 
     </span>
    </p>
   </div>
   <div class='ocr_carea' id='block_1_60' title="bbox 1856 1867 3436 1940">
    <p class='ocr_par' dir='ltr' id='par_1_60' title="bbox 1856 1867 3436 1940">
     <span class='ocr_line' id='line_1_60' title="bbox 1856 1867 3436 1940; baseline -0.004 -14"><span class='ocrx_word' id='word_1_435' title='bbox 1856 1873 1978 1926; x_wconf 83' lang='lat' dir='ltr'><strong>dam</strong></span> <span class='ocrx_word' id='word_1_436' title='bbox 2007 1871 2273 1937; x_wconf 88' lang='lat' dir='ltr'><strong>videatur,</strong></span> <span class='ocrx_word' id='word_1_437' title='bbox 2304 1871 2570 1940; x_wconf 85' lang='lat' dir='ltr'><strong>cujusque</strong></span> <span class='ocrx_word' id='word_1_438' title='bbox 2600 1879 2784 1925; x_wconf 90' lang='lat' dir='ltr'><strong>tamen</strong></span> <span class='ocrx_word' id='word_1_439' title='bbox 2810 1870 2936 1927; x_wconf 82' lang='lat' dir='ltr'><strong>dies</strong></span> <span class='ocrx_word' id='word_1_440' title='bbox 3001 1869 3118 1925; x_wconf 89' lang='lat' dir='ltr'><strong>abit</strong></span> <span class='ocrx_word' id='word_1_441' title='bbox 3169 1867 3436 1938; x_wconf 79' lang='lat' dir='ltr'><strong>quotidie,</strong></span> 
     </span>
    </p>
   </div>
   <div class='ocr_carea' id='block_1_61' title="bbox 1859 1963 3435 2035">
    <p class='ocr_par' dir='ltr' id='par_1_61' title="bbox 1859 1963 3435 2035">
     <span class='ocr_line' id='line_1_61' title="bbox 1859 1963 3435 2035; baseline -0.002 -17"><span class='ocrx_word' id='word_1_442' title='bbox 1859 1966 2084 2029; x_wconf 81' lang='lat' dir='ltr'><strong>transit,</strong></span> <span class='ocrx_word' id='word_1_443' title='bbox 2145 1964 2308 2020; x_wconf 86' lang='lat' dir='ltr'><strong>ﬁnem</strong></span> <span class='ocrx_word' id='word_1_444' title='bbox 2368 1965 2640 2035; x_wconf 89' lang='lat' dir='ltr'><strong>parturit,</strong></span> <span class='ocrx_word' id='word_1_445' title='bbox 2690 1963 3020 2034; x_wconf 87' lang='lat' dir='ltr'><strong>respicitque</strong></span> <span class='ocrx_word' id='word_1_446' title='bbox 3098 1970 3435 2018; x_wconf 82' lang='lat' dir='ltr'><strong>extremum.</strong></span> 
     </span>
    </p>
   </div>
   <div class='ocr_carea' id='block_1_62' title="bbox 1857 2053 3436 2126">
    <p class='ocr_par' dir='ltr' id='par_1_62' title="bbox 1857 2053 3436 2126">
     <span class='ocr_line' id='line_1_62' title="bbox 1857 2053 3436 2126; baseline -0.003 -16"><span class='ocrx_word' id='word_1_447' title='bbox 1857 2056 2060 2111; x_wconf 89' lang='lat' dir='ltr'><strong>Senum</strong></span> <span class='ocrx_word' id='word_1_448' title='bbox 2095 2056 2242 2112; x_wconf 91' lang='lat' dir='ltr'><strong>enim</strong></span> <span class='ocrx_word' id='word_1_449' title='bbox 2269 2065 2411 2126; x_wconf 89' lang='lat' dir='ltr'><strong>patet</strong></span> <span class='ocrx_word' id='word_1_450' title='bbox 2435 2057 2488 2112; x_wconf 92' lang='lat' dir='ltr'><strong>in</strong></span> <span class='ocrx_word' id='word_1_451' title='bbox 2521 2057 2642 2111; x_wconf 88' lang='lat' dir='ltr'><strong>dies</strong></span> <span class='ocrx_word' id='word_1_452' title='bbox 2675 2055 2878 2120; x_wconf 80' lang='lat' dir='ltr'><strong>exitus,</strong></span> <span class='ocrx_word' id='word_1_453' title='bbox 2910 2063 3073 2110; x_wconf 65' lang='lat' dir='ltr'><strong>attate</strong></span> <span class='ocrx_word' id='word_1_454' title='bbox 3116 2053 3436 2109; x_wconf 87' lang='lat' dir='ltr'><strong>ﬂorentium</strong></span> 
     </span>
    </p>
   </div>
   <div class='ocr_carea' id='block_1_63' title="bbox 1857 2146 3438 2218">
    <p class='ocr_par' dir='ltr' id='par_1_63' title="bbox 1857 2146 3438 2218">
     <span class='ocr_line' id='line_1_63' title="bbox 1857 2146 3438 2218; baseline -0.003 -16"><span class='ocrx_word' id='word_1_455' title='bbox 1857 2149 2098 2204; x_wconf 89' lang='lat' dir='ltr'><strong>incertus</strong></span> <span class='ocrx_word' id='word_1_456' title='bbox 2124 2149 2342 2218; x_wconf 87' lang='lat' dir='ltr'><strong>quidem</strong></span> <span class='ocrx_word' id='word_1_457' title='bbox 2378 2148 2502 2203; x_wconf 67' lang='lat' dir='ltr'><strong>vita:</strong></span> <span class='ocrx_word' id='word_1_458' title='bbox 2535 2149 2672 2214; x_wconf 88' lang='lat' dir='ltr'><strong>dies,</strong></span> <span class='ocrx_word' id='word_1_459' title='bbox 2705 2147 2833 2201; x_wconf 87' lang='lat' dir='ltr'><strong>nulli</strong></span> <span class='ocrx_word' id='word_1_460' title='bbox 2873 2146 3073 2201; x_wconf 90' lang='lat' dir='ltr'><strong>etenim</strong></span> <span class='ocrx_word' id='word_1_461' title='bbox 3123 2155 3274 2200; x_wconf 89' lang='lat' dir='ltr'><strong>certa</strong></span> <span class='ocrx_word' id='word_1_462' title='bbox 3305 2154 3438 2198; x_wconf 66' lang='lat' dir='ltr'><strong>retas</strong></span> 
     </span>
    </p>
   </div>
   <div class='ocr_carea' id='block_1_64' title="bbox 1856 2236 3436 2306">
    <p class='ocr_par' dir='ltr' id='par_1_64' title="bbox 1856 2236 3436 2306">
     <span class='ocr_line' id='line_1_64' title="bbox 1856 2236 3436 2306; baseline -0.001 -14"><span class='ocrx_word' id='word_1_463' title='bbox 1856 2243 1982 2295; x_wconf 85' lang='lat' dir='ltr'><strong>vitae</strong></span> <span class='ocrx_word' id='word_1_464' title='bbox 2016 2241 2281 2294; x_wconf 88' lang='lat' dir='ltr'><strong>terminus</strong></span> <span class='ocrx_word' id='word_1_465' title='bbox 2316 2247 2422 2306; x_wconf 90' lang='lat' dir='ltr'><strong>est,</strong></span> <span class='ocrx_word' id='word_1_466' title='bbox 2447 2239 2541 2296; x_wconf 90' lang='lat' dir='ltr'><strong>sed</strong></span> <span class='ocrx_word' id='word_1_467' title='bbox 2569 2239 2748 2293; x_wconf 87' lang='lat' dir='ltr'><strong>omnis</strong></span> <span class='ocrx_word' id='word_1_468' title='bbox 2796 2249 2926 2292; x_wconf 72' lang='lat' dir='ltr'><strong>aetas</strong></span> <span class='ocrx_word' id='word_1_469' title='bbox 2962 2237 3125 2292; x_wconf 87' lang='lat' dir='ltr'><strong>morti</strong></span> <span class='ocrx_word' id='word_1_470' title='bbox 3179 2236 3436 2291; x_wconf 84' lang='lat' dir='ltr'><strong>obnoxia.</strong></span> 
     </span>
    </p>
   </div>
   <div class='ocr_carea' id='block_1_65' title="bbox 1857 2329 3440 2402">
    <p class='ocr_par' dir='ltr' id='par_1_65' title="bbox 1857 2329 3440 2402">
     <span class='ocr_line' id='line_1_65' title="bbox 1857 2329 3440 2402; baseline -0.003 -16"><span class='ocrx_word' id='word_1_471' title='bbox 1857 2331 2204 2402; x_wconf 79' lang='lat' dir='ltr'><strong>Vigilandum</strong></span> <span class='ocrx_word' id='word_1_472' title='bbox 2279 2331 2467 2399; x_wconf 89' lang='lat' dir='ltr'><strong>itaque</strong></span> <span class='ocrx_word' id='word_1_473' title='bbox 2547 2330 2830 2395; x_wconf 91' lang='lat' dir='ltr'><strong>omnibus,</strong></span> <span class='ocrx_word' id='word_1_474' title='bbox 2903 2329 3440 2398; x_wconf 81' lang='lat' dir='ltr'><strong>exspectandumque</strong></span> 
     </span>
    </p>
   </div>
   <div class='ocr_carea' id='block_1_66' title="bbox 1858 2419 3442 2495">
    <p class='ocr_par' dir='ltr' id='par_1_66' title="bbox 1858 2419 3442 2495">
     <span class='ocr_line' id='line_1_66' title="bbox 1858 2419 3442 2495; baseline -0.003 -19"><span class='ocrx_word' id='word_1_475' title='bbox 1858 2427 2001 2495; x_wconf 86' lang='lat' dir='ltr'><strong>quod</strong></span> <span class='ocrx_word' id='word_1_476' title='bbox 2034 2423 2202 2481; x_wconf 86' lang='lat' dir='ltr'><strong>semel</strong></span> <span class='ocrx_word' id='word_1_477' title='bbox 2237 2423 2466 2478; x_wconf 88' lang='lat' dir='ltr'><strong>accidet.</strong></span> <span class='ocrx_word' id='word_1_478' title='bbox 2500 2423 2572 2476; x_wconf 89' lang='lat' dir='ltr'><strong>At</strong></span> <span class='ocrx_word' id='word_1_479' title='bbox 2633 2437 2732 2477; x_wconf 87' lang='lat' dir='ltr'><strong>nos</strong></span> <span class='ocrx_word' id='word_1_480' title='bbox 2793 2421 2954 2476; x_wconf 85' lang='lat' dir='ltr'><strong>hodie</strong></span> <span class='ocrx_word' id='word_1_481' title='bbox 2991 2419 3207 2490; x_wconf 87' lang='lat' dir='ltr'><strong>quidvis</strong></span> <span class='ocrx_word' id='word_1_482' title='bbox 3263 2419 3442 2488; x_wconf 84' lang='lat' dir='ltr'><strong>potius</strong></span> 
     </span>
    </p>
   </div>
   <div class='ocr_carea' id='block_1_67' title="bbox 1859 2509 3438 2587">
    <p class='ocr_par' dir='ltr' id='par_1_67' title="bbox 1859 2509 3438 2587">
     <span class='ocr_line' id='line_1_67' title="bbox 1859 2509 3438 2587; baseline -0.004 -17"><span class='ocrx_word' id='word_1_483' title='bbox 1859 2532 2020 2587; x_wconf 90' lang='lat' dir='ltr'><strong>quam</strong></span> <span class='ocrx_word' id='word_1_484' title='bbox 2049 2515 2241 2570; x_wconf 90' lang='lat' dir='ltr'><strong>mortis</strong></span> <span class='ocrx_word' id='word_1_485' title='bbox 2271 2522 2486 2584; x_wconf 86' lang='lat' dir='ltr'><strong>tempus</strong></span> <span class='ocrx_word' id='word_1_486' title='bbox 2531 2524 2932 2584; x_wconf 86' lang='lat' dir='ltr'><strong>exspectamus.</strong></span> <span class='ocrx_word' id='word_1_487' title='bbox 2963 2512 3243 2582; x_wconf 87' lang='lat' dir='ltr'><strong>Insperata</strong></span> <span class='ocrx_word' id='word_1_488' title='bbox 3287 2509 3438 2565; x_wconf 87' lang='lat' dir='ltr'><strong>enim</strong></span> 
     </span>
    </p>
   </div>
   <div class='ocr_carea' id='block_1_68' title="bbox 1861 2606 3437 2678">
    <p class='ocr_par' dir='ltr' id='par_1_68' title="bbox 1861 2606 3437 2678">
     <span class='ocr_line' id='line_1_68' title="bbox 1861 2606 3437 2678; baseline -0.003 -15"><span class='ocrx_word' id='word_1_489' title='bbox 1861 2610 2414 2678; x_wconf 82' lang='lat' dir='ltr'><strong>atqueinexspectata</strong></span> <span class='ocrx_word' id='word_1_490' title='bbox 2463 2607 2690 2677; x_wconf 76' lang='lat' dir='ltr'><strong>singulis</strong></span> <span class='ocrx_word' id='word_1_491' title='bbox 2724 2607 2873 2662; x_wconf 87' lang='lat' dir='ltr'><strong>horis</strong></span> <span class='ocrx_word' id='word_1_492' title='bbox 2929 2606 3087 2675; x_wconf 86' lang='lat' dir='ltr'><strong>quasi</strong></span> <span class='ocrx_word' id='word_1_493' title='bbox 3153 2620 3250 2675; x_wconf 90' lang='lat' dir='ltr'><strong>per</strong></span> <span class='ocrx_word' id='word_1_494' title='bbox 3286 2619 3437 2659; x_wconf 86' lang='lat' dir='ltr'><strong>som-</strong></span> 
     </span>
    </p>
   </div>
   <div class='ocr_carea' id='block_1_69' title="bbox 1860 2695 3441 2768">
    <p class='ocr_par' dir='ltr' id='par_1_69' title="bbox 1860 2695 3441 2768">
     <span class='ocr_line' id='line_1_69' title="bbox 1860 2695 3441 2768; baseline -0.007 -14"><span class='ocrx_word' id='word_1_495' title='bbox 1860 2701 2010 2754; x_wconf 89' lang='lat' dir='ltr'><strong>nium</strong></span> <span class='ocrx_word' id='word_1_496' title='bbox 2040 2698 2359 2768; x_wconf 81' lang='lat' dir='ltr'><strong>conjicimus</strong></span> <span class='ocrx_word' id='word_1_497' title='bbox 2405 2712 2468 2752; x_wconf 87' lang='lat' dir='ltr'><strong>ac</strong></span> <span class='ocrx_word' id='word_1_498' title='bbox 2511 2711 2814 2768; x_wconf 88' lang='lat' dir='ltr'><strong>speramus.</strong></span> <span class='ocrx_word' id='word_1_499' title='bbox 2838 2695 2990 2762; x_wconf 84' lang='lat' dir='ltr'><strong>Quod</strong></span> <span class='ocrx_word' id='word_1_500' title='bbox 3037 2709 3164 2748; x_wconf 89' lang='lat' dir='ltr'><strong>vero</strong></span> <span class='ocrx_word' id='word_1_501' title='bbox 3223 2707 3441 2762; x_wconf 85' lang='lat' dir='ltr'><strong>semper</strong></span> 
     </span>
    </p>
   </div>
   <div class='ocr_carea' id='block_1_70' title="bbox 1859 2785 3438 2859">
    <p class='ocr_par' dir='ltr' id='par_1_70' title="bbox 1859 2785 3438 2859">
     <span class='ocr_line' id='line_1_70' title="bbox 1859 2785 3438 2859; baseline -0.006 -13"><span class='ocrx_word' id='word_1_502' title='bbox 1859 2801 1913 2846; x_wconf 90' lang='lat' dir='ltr'><strong>et</strong></span> <span class='ocrx_word' id='word_1_503' title='bbox 1943 2791 2139 2859; x_wconf 89' lang='lat' dir='ltr'><strong>ubique</strong></span> <span class='ocrx_word' id='word_1_504' title='bbox 2166 2791 2402 2845; x_wconf 80' lang='lat' dir='ltr'><strong>futurum</strong></span> <span class='ocrx_word' id='word_1_505' title='bbox 2418 2799 2523 2853; x_wconf 90' lang='lat' dir='ltr'><strong>est,</strong></span> <span class='ocrx_word' id='word_1_506' title='bbox 2556 2803 2618 2858; x_wconf 76' lang='lat' dir='ltr'><strong>ac</strong></span> <span class='ocrx_word' id='word_1_507' title='bbox 2644 2802 2783 2856; x_wconf 68' lang='lat' dir='ltr'><strong>saepe</strong></span> <span class='ocrx_word' id='word_1_508' title='bbox 2809 2786 2921 2854; x_wconf 87' lang='lat' dir='ltr'><strong>jam</strong></span> <span class='ocrx_word' id='word_1_509' title='bbox 2946 2785 3180 2850; x_wconf 88' lang='lat' dir='ltr'><strong>instans,</strong></span> <span class='ocrx_word' id='word_1_510' title='bbox 3213 2799 3282 2840; x_wconf 89' lang='lat' dir='ltr'><strong>ne</strong></span> <span class='ocrx_word' id='word_1_511' title='bbox 3341 2799 3438 2837; x_wconf 89' lang='lat' dir='ltr'><strong>co-</strong></span> 
     </span>
    </p>
   </div>
   <div class='ocr_carea' id='block_1_71' title="bbox 1860 2874 3441 2953">
    <p class='ocr_par' dir='ltr' id='par_1_71' title="bbox 1860 2874 3441 2953">
     <span class='ocr_line' id='line_1_71' title="bbox 1860 2874 3441 2953; baseline -0.004 -19"><span class='ocrx_word' id='word_1_512' title='bbox 1860 2884 2036 2953; x_wconf 77' lang='lat' dir='ltr'><strong>gitare</strong></span> <span class='ocrx_word' id='word_1_513' title='bbox 2058 2882 2273 2950; x_wconf 90' lang='lat' dir='ltr'><strong>quidem</strong></span> <span class='ocrx_word' id='word_1_514' title='bbox 2307 2895 2406 2936; x_wconf 83' lang='lat' dir='ltr'><strong>nos</strong></span> <span class='ocrx_word' id='word_1_515' title='bbox 2436 2879 2749 2948; x_wconf 80' lang='lat' dir='ltr'><strong>dignamur,</strong></span> <span class='ocrx_word' id='word_1_516' title='bbox 2780 2877 2873 2931; x_wconf 89' lang='lat' dir='ltr'><strong>sed</strong></span> <span class='ocrx_word' id='word_1_517' title='bbox 2916 2891 3146 2946; x_wconf 87' lang='lat' dir='ltr'><strong>corpore</strong></span> <span class='ocrx_word' id='word_1_518' title='bbox 3191 2874 3441 2929; x_wconf 88' lang='lat' dir='ltr'><strong>mortali-</strong></span> 
     </span>
    </p>
   </div>
   <div class='ocr_carea' id='block_1_72' title="bbox 1863 2967 3429 3038">
    <p class='ocr_par' dir='ltr' id='par_1_72' title="bbox 1863 2967 3429 3038">
     <span class='ocr_line' id='line_1_72' title="bbox 1863 2967 3429 3038; baseline -0.006 -10"><span class='ocrx_word' id='word_1_519' title='bbox 1863 2973 1960 3028; x_wconf 85' lang='lat' dir='ltr'><strong>tati</strong></span> <span class='ocrx_word' id='word_1_520' title='bbox 1995 2972 2235 3038; x_wconf 81' lang='lat' dir='ltr'><strong>obnoxii,</strong></span> <span class='ocrx_word' id='word_1_521' title='bbox 2269 2981 2324 3027; x_wconf 90' lang='lat' dir='ltr'><strong>et</strong></span> <span class='ocrx_word' id='word_1_522' title='bbox 2377 2969 2696 3035; x_wconf 88' lang='lat' dir='ltr'><strong>imbecilles,</strong></span> <span class='ocrx_word' id='word_1_523' title='bbox 2730 2978 2906 3023; x_wconf 89' lang='lat' dir='ltr'><strong>tamen</strong></span> <span class='ocrx_word' id='word_1_524' title='bbox 2956 2967 3292 3022; x_wconf 88' lang='lat' dir='ltr'><strong>immortales</strong></span> <span class='ocrx_word' id='word_1_525' title='bbox 3329 2980 3429 3020; x_wconf 92' lang='lat' dir='ltr'><strong>nos</strong></span> 
     </span>
    </p>
   </div>
   <div class='ocr_carea' id='block_1_73' title="bbox 1861 3061 3437 3136">
    <p class='ocr_par' dir='ltr' id='par_1_73' title="bbox 1861 3061 3437 3136">
     <span class='ocr_line' id='line_1_73' title="bbox 1861 3061 3437 3136; baseline -0.006 -13"><span class='ocrx_word' id='word_1_526' title='bbox 1861 3083 1981 3123; x_wconf 86' lang='lat' dir='ltr'><strong>esse</strong></span> <span class='ocrx_word' id='word_1_527' title='bbox 2035 3067 2341 3136; x_wconf 88' lang='lat' dir='ltr'><strong>opinamur.</strong></span> <span class='ocrx_word' id='word_1_528' title='bbox 2369 3066 2572 3120; x_wconf 85' lang='lat' dir='ltr'><strong>Verum</strong></span> <span class='ocrx_word' id='word_1_529' title='bbox 2623 3065 2691 3119; x_wconf 88' lang='lat' dir='ltr'><strong>de</strong></span> <span class='ocrx_word' id='word_1_530' title='bbox 2748 3063 3038 3119; x_wconf 85' lang='lat' dir='ltr'><strong>immortali</strong></span> <span class='ocrx_word' id='word_1_531' title='bbox 3073 3062 3255 3117; x_wconf 89' lang='lat' dir='ltr'><strong>anima</strong></span> <span class='ocrx_word' id='word_1_532' title='bbox 3301 3061 3437 3115; x_wconf 89' lang='lat' dir='ltr'><strong>nihil</strong></span> 
     </span>
    </p>
   </div>
   <div class='ocr_carea' id='block_1_74' title="bbox 1867 3153 3444 3231">
    <p class='ocr_par' dir='ltr' id='par_1_74' title="bbox 1867 3153 3444 3231">
     <span class='ocr_line' id='line_1_74' title="bbox 1867 3153 3444 3231; baseline -0.007 -18"><span class='ocrx_word' id='word_1_533' title='bbox 1867 3161 1954 3215; x_wconf 87' lang='lat' dir='ltr'><strong>hic</strong></span> <span class='ocrx_word' id='word_1_534' title='bbox 1986 3159 2225 3224; x_wconf 88' lang='lat' dir='ltr'><strong>solliciti,</strong></span> <span class='ocrx_word' id='word_1_535' title='bbox 2263 3159 2436 3212; x_wconf 88' lang='lat' dir='ltr'><strong>anima</strong></span> <span class='ocrx_word' id='word_1_536' title='bbox 2466 3157 2628 3211; x_wconf 86' lang='lat' dir='ltr'><strong>etiam</strong></span> <span class='ocrx_word' id='word_1_537' title='bbox 2661 3157 2774 3231; x_wconf 83' lang='lat' dir='ltr'><strong>ipsa</strong></span> <span class='ocrx_word' id='word_1_538' title='bbox 2812 3169 3000 3209; x_wconf 88' lang='lat' dir='ltr'><strong>carere</strong></span> <span class='ocrx_word' id='word_1_539' title='bbox 3039 3169 3137 3209; x_wconf 88' lang='lat' dir='ltr'><strong>nos</strong></span> <span class='ocrx_word' id='word_1_540' title='bbox 3160 3153 3444 3220; x_wconf 80' lang='lat' dir='ltr'><strong>existima-</strong></span> 
     </span>
    </p>
   </div>
   <div class='ocr_carea' id='block_1_75' title="bbox 1865 3247 3439 3320">
    <p class='ocr_par' dir='ltr' id='par_1_75' title="bbox 1865 3247 3439 3320">
     <span class='ocr_line' id='line_1_75' title="bbox 1865 3247 3439 3320; baseline -0.006 -15"><span class='ocrx_word' id='word_1_541' title='bbox 1865 3267 2003 3315; x_wconf 80' lang='lat' dir='ltr'><strong>Inus,</strong></span> <span class='ocrx_word' id='word_1_542' title='bbox 2065 3251 2118 3304; x_wconf 89' lang='lat' dir='ltr'><strong>in</strong></span> <span class='ocrx_word' id='word_1_543' title='bbox 2174 3264 2402 3320; x_wconf 90' lang='lat' dir='ltr'><strong>corpore</strong></span> <span class='ocrx_word' id='word_1_544' title='bbox 2460 3262 2594 3304; x_wconf 88' lang='lat' dir='ltr'><strong>vero</strong></span> <span class='ocrx_word' id='word_1_545' title='bbox 2646 3258 2881 3316; x_wconf 89' lang='lat' dir='ltr'><strong>cuteque</strong></span> <span class='ocrx_word' id='word_1_546' title='bbox 2929 3247 3168 3300; x_wconf 88' lang='lat' dir='ltr'><strong>curanda</strong></span> <span class='ocrx_word' id='word_1_547' title='bbox 3215 3260 3439 3314; x_wconf 85' lang='lat' dir='ltr'><strong>operam</strong></span> 
     </span>
    </p>
   </div>
   <div class='ocr_carea' id='block_1_76' title="bbox 1862 3337 3444 3411">
    <p class='ocr_par' dir='ltr' id='par_1_76' title="bbox 1862 3337 3444 3411">
     <span class='ocr_line' id='line_1_76' title="bbox 1862 3337 3444 3411; baseline -0.004 -15"><span class='ocrx_word' id='word_1_548' title='bbox 1862 3357 2078 3396; x_wconf 88' lang='lat' dir='ltr'><strong>omnem</strong></span> <span class='ocrx_word' id='word_1_549' title='bbox 2133 3343 2421 3411; x_wconf 85' lang='lat' dir='ltr'><strong>oleumque</strong></span> <span class='ocrx_word' id='word_1_550' title='bbox 2468 3339 2875 3406; x_wconf 87' lang='lat' dir='ltr'><strong>consumimus;</strong></span> <span class='ocrx_word' id='word_1_551' title='bbox 2918 3353 3078 3406; x_wconf 91' lang='lat' dir='ltr'><strong>quam</strong></span> <span class='ocrx_word' id='word_1_552' title='bbox 3139 3337 3302 3407; x_wconf 78' lang='lat' dir='ltr'><strong>igitur</strong></span> <span class='ocrx_word' id='word_1_553' title='bbox 3352 3351 3444 3389; x_wconf 84' lang='lat' dir='ltr'><strong>ve-</strong></span> 
     </span>
    </p>
   </div>
   <div class='ocr_carea' id='block_1_77' title="bbox 1864 3432 3443 3506">
    <p class='ocr_par' dir='ltr' id='par_1_77' title="bbox 1864 3432 3443 3506">
     <span class='ocr_line' id='line_1_77' title="bbox 1864 3432 3443 3506; baseline -0.003 -18"><span class='ocrx_word' id='word_1_554' title='bbox 1864 3435 2010 3488; x_wconf 83' lang='lat' dir='ltr'><strong>niam</strong></span> <span class='ocrx_word' id='word_1_555' title='bbox 2049 3435 2412 3506; x_wconf 90' lang='lat' dir='ltr'><strong>adipiscemur</strong></span> <span class='ocrx_word' id='word_1_556' title='bbox 2442 3443 2640 3499; x_wconf 85' lang='lat' dir='ltr'><strong>morte,</strong></span> <span class='ocrx_word' id='word_1_557' title='bbox 2673 3433 2912 3487; x_wconf 83' lang='lat' dir='ltr'><strong>animam</strong></span> <span class='ocrx_word' id='word_1_558' title='bbox 2946 3432 3292 3495; x_wconf 87' lang='lat' dir='ltr'><strong>damnantes,</strong></span> <span class='ocrx_word' id='word_1_559' title='bbox 3317 3445 3443 3499; x_wconf 70' lang='lat' dir='ltr'><strong>qum</strong></span> 
     </span>
    </p>
   </div>
   <div class='ocr_carea' id='block_1_78' title="bbox 1865 3519 3446 3594">
    <p class='ocr_par' dir='ltr' id='par_1_78' title="bbox 1865 3519 3446 3594">
     <span class='ocr_line' id='line_1_78' title="bbox 1865 3519 3446 3594; baseline -0.004 -16"><span class='ocrx_word' id='word_1_560' title='bbox 1865 3525 2060 3581; x_wconf 86' lang='lat' dir='ltr'><strong>mortis</strong></span> <span class='ocrx_word' id='word_1_561' title='bbox 2091 3535 2272 3580; x_wconf 88' lang='lat' dir='ltr'><strong>tamen</strong></span> <span class='ocrx_word' id='word_1_562' title='bbox 2304 3539 2500 3594; x_wconf 83' lang='lat' dir='ltr'><strong>expers</strong></span> <span class='ocrx_word' id='word_1_563' title='bbox 2525 3532 2645 3578; x_wconf 89' lang='lat' dir='ltr'><strong>est:</strong></span> <span class='ocrx_word' id='word_1_564' title='bbox 2678 3523 2820 3592; x_wconf 90' lang='lat' dir='ltr'><strong>quod</strong></span> <span class='ocrx_word' id='word_1_565' title='bbox 2874 3531 3055 3575; x_wconf 90' lang='lat' dir='ltr'><strong>autem</strong></span> <span class='ocrx_word' id='word_1_566' title='bbox 3098 3519 3326 3574; x_wconf 83' lang='lat' dir='ltr'><strong>mortale</strong></span> <span class='ocrx_word' id='word_1_567' title='bbox 3361 3531 3446 3574; x_wconf 91' lang='lat' dir='ltr'><strong>est</strong></span> 
     </span>
    </p>
   </div>
   <div class='ocr_carea' id='block_1_79' title="bbox 1865 3610 3444 3686">
    <p class='ocr_par' dir='ltr' id='par_1_79' title="bbox 1865 3610 3444 3686">
     <span class='ocr_line' id='line_1_79' title="bbox 1865 3610 3444 3686; baseline -0.005 -16"><span class='ocrx_word' id='word_1_568' title='bbox 1865 3631 2063 3686; x_wconf 90' lang='lat' dir='ltr'><strong>corpus</strong></span> <span class='ocrx_word' id='word_1_569' title='bbox 2087 3617 2234 3672; x_wconf 92' lang='lat' dir='ltr'><strong>omni</strong></span> <span class='ocrx_word' id='word_1_570' title='bbox 2264 3618 2469 3672; x_wconf 91' lang='lat' dir='ltr'><strong>honore</strong></span> <span class='ocrx_word' id='word_1_571' title='bbox 2485 3613 2780 3670; x_wconf 76' lang='lat' dir='ltr'><strong>allicientes</strong></span> <span class='ocrx_word' id='word_1_572' title='bbox 2805 3655 2819 3680; x_wconf 88' lang='lat'><strong>,</strong></span> <span class='ocrx_word' id='word_1_573' title='bbox 2860 3623 3022 3682; x_wconf 89' lang='lat' dir='ltr'><strong>atque</strong></span> <span class='ocrx_word' id='word_1_574' title='bbox 3070 3611 3212 3665; x_wconf 86' lang='lat' dir='ltr'><strong>illam</strong></span> <span class='ocrx_word' id='word_1_575' title='bbox 3244 3610 3444 3664; x_wconf 85' lang='lat' dir='ltr'><strong>laeden-</strong></span> 
     </span>
    </p>
   </div>
   <div class='ocr_carea' id='block_1_80' title="bbox 1866 3705 3446 3775">
    <p class='ocr_par' dir='ltr' id='par_1_80' title="bbox 1866 3705 3446 3775">
     <span class='ocr_line' id='line_1_80' title="bbox 1866 3705 3446 3775; baseline -0.006 -13"><span class='ocrx_word' id='word_1_576' title='bbox 1866 3717 1966 3775; x_wconf 88' lang='lat' dir='ltr'><strong>tes,</strong></span> <span class='ocrx_word' id='word_1_577' title='bbox 2003 3716 2062 3763; x_wconf 88' lang='lat' dir='ltr'><strong>ut</strong></span> <span class='ocrx_word' id='word_1_578' title='bbox 2114 3708 2219 3762; x_wconf 87' lang='lat' dir='ltr'><strong>hoc</strong></span> <span class='ocrx_word' id='word_1_579' title='bbox 2276 3721 2531 3762; x_wconf 89' lang='lat' dir='ltr'><strong>ornemus</strong></span> <span class='ocrx_word' id='word_1_580' title='bbox 2563 3724 2578 3774; x_wconf 91' lang='lat'><strong>;</strong></span> <span class='ocrx_word' id='word_1_581' title='bbox 2611 3706 2757 3760; x_wconf 81' lang='lat' dir='ltr'><strong>fame</strong></span> <span class='ocrx_word' id='word_1_582' title='bbox 2796 3705 2941 3759; x_wconf 89' lang='lat' dir='ltr'><strong>illam</strong></span> <span class='ocrx_word' id='word_1_583' title='bbox 3000 3712 3364 3766; x_wconf 88' lang='lat' dir='ltr'><strong>macerantes,</strong></span> <span class='ocrx_word' id='word_1_584' title='bbox 3387 3711 3446 3754; x_wconf 90' lang='lat' dir='ltr'><strong>ut</strong></span> 
     </span>
    </p>
   </div>
   <div class='ocr_carea' id='block_1_81' title="bbox 1865 3793 3489 3866">
    <p class='ocr_par' dir='ltr' id='par_1_81' title="bbox 1865 3793 3489 3866">
     <span class='ocr_line' id='line_1_81' title="bbox 1865 3793 3489 3866; baseline -0.004 -14"><span class='ocrx_word' id='word_1_585' title='bbox 1865 3799 1968 3852; x_wconf 90' lang='lat' dir='ltr'><strong>hoc</strong></span> <span class='ocrx_word' id='word_1_586' title='bbox 1995 3797 2154 3853; x_wconf 88' lang='lat' dir='ltr'><strong>saltui</strong></span> <span class='ocrx_word' id='word_1_587' title='bbox 2179 3796 2493 3866; x_wconf 88' lang='lat' dir='ltr'><strong>deliciisque</strong></span> <span class='ocrx_word' id='word_1_588' title='bbox 2525 3793 2827 3866; x_wconf 75' lang='lat' dir='ltr'><strong>indulgeat?-</strong></span> <span class='ocrx_word' id='word_1_589' title='bbox 2847 3794 3209 3860; x_wconf 85' lang='lat' dir='ltr'><strong>Quamobrem</strong></span> <span class='ocrx_word' id='word_1_590' title='bbox 3233 3807 3443 3861; x_wconf 61' lang='lat' dir='ltr'><strong>aequum</strong></span> <span class='ocrx_word' id='word_1_591' title='bbox 3488 3797 3489 3802; x_wconf 78' lang='lat'>‘</span> 
     </span>
    </p>
   </div>
   <div class='ocr_carea' id='block_1_82' title="bbox 1865 3886 3444 3960">
    <p class='ocr_par' dir='ltr' id='par_1_82' title="bbox 1865 3886 3444 3960">
     <span class='ocr_line' id='line_1_82' title="bbox 1865 3886 3444 3960; baseline -0.005 -16"><span class='ocrx_word' id='word_1_592' title='bbox 1865 3905 1998 3946; x_wconf 86' lang='lat' dir='ltr'><strong>sane</strong></span> <span class='ocrx_word' id='word_1_593' title='bbox 2023 3899 2108 3945; x_wconf 89' lang='lat' dir='ltr'><strong>est</strong></span> <span class='ocrx_word' id='word_1_594' title='bbox 2140 3889 2344 3960; x_wconf 88' lang='lat' dir='ltr'><strong>primas</strong></span> <span class='ocrx_word' id='word_1_595' title='bbox 2365 3889 2561 3943; x_wconf 75' lang='lat' dir='ltr'><strong>animte</strong></span> <span class='ocrx_word' id='word_1_596' title='bbox 2588 3897 2767 3957; x_wconf 87' lang='lat' dir='ltr'><strong>partes</strong></span> <span class='ocrx_word' id='word_1_597' title='bbox 2820 3889 2972 3953; x_wconf 90' lang='lat' dir='ltr'><strong>dare,</strong></span> <span class='ocrx_word' id='word_1_598' title='bbox 3005 3886 3217 3954; x_wconf 89' lang='lat' dir='ltr'><strong>corpori</strong></span> <span class='ocrx_word' id='word_1_599' title='bbox 3245 3901 3444 3941; x_wconf 88' lang='lat' dir='ltr'><strong>secun-</strong></span> 
     </span>
    </p>
   </div>
   <div class='ocr_carea' id='block_1_83' title="bbox 1864 3978 3447 4047">
    <p class='ocr_par' dir='ltr' id='par_1_83' title="bbox 1864 3978 3447 4047">
     <span class='ocr_line' id='line_1_83' title="bbox 1864 3978 3447 4047; baseline -0.003 -11"><span class='ocrx_word' id='word_1_600' title='bbox 1864 3982 1961 4036; x_wconf 89' lang='lat' dir='ltr'><strong>das</strong></span> <span class='ocrx_word' id='word_1_601' title='bbox 1985 3981 2226 4036; x_wconf 86' lang='lat' dir='ltr'><strong>tribuere</strong></span> <span class='ocrx_word' id='word_1_602' title='bbox 2265 3999 2279 4035; x_wconf 88' lang='lat'><strong>:</strong></span> <span class='ocrx_word' id='word_1_603' title='bbox 2318 3996 2424 4035; x_wconf 87' lang='lat' dir='ltr'><strong>non</strong></span> <span class='ocrx_word' id='word_1_604' title='bbox 2501 3980 2648 4034; x_wconf 88' lang='lat' dir='ltr'><strong>enim</strong></span> <span class='ocrx_word' id='word_1_605' title='bbox 2693 3981 2796 4034; x_wconf 91' lang='lat' dir='ltr'><strong>hoc</strong></span> <span class='ocrx_word' id='word_1_606' title='bbox 2839 3979 2937 4047; x_wconf 90' lang='lat' dir='ltr'><strong>ipsi</strong></span> <span class='ocrx_word' id='word_1_607' title='bbox 2971 3980 3317 4043; x_wconf 88' lang='lat' dir='ltr'><strong>adversatur,</strong></span> <span class='ocrx_word' id='word_1_608' title='bbox 3349 3978 3447 4033; x_wconf 89' lang='lat' dir='ltr'><strong>sed</strong></span> 
     </span>
    </p>
   </div>
   <div class='ocr_carea' id='block_1_84' title="bbox 1866 4071 3445 4138">
    <p class='ocr_par' dir='ltr' id='par_1_84' title="bbox 1866 4071 3445 4138">
     <span class='ocr_line' id='line_1_84' title="bbox 1866 4071 3445 4138; baseline -0.002 -13"><span class='ocrx_word' id='word_1_609' title='bbox 1866 4073 2289 4127; x_wconf 88' lang='lat' dir='ltr'><strong>instrumentum</strong></span> <span class='ocrx_word' id='word_1_610' title='bbox 2336 4081 2500 4127; x_wconf 87' lang='lat' dir='ltr'><strong>estet</strong></span> <span class='ocrx_word' id='word_1_611' title='bbox 2557 4073 2789 4127; x_wconf 90' lang='lat' dir='ltr'><strong>cithara.</strong></span> <span class='ocrx_word' id='word_1_612' title='bbox 2821 4071 2964 4127; x_wconf 91' lang='lat' dir='ltr'><strong>Cura</strong></span> <span class='ocrx_word' id='word_1_613' title='bbox 3019 4073 3164 4126; x_wconf 89' lang='lat' dir='ltr'><strong>enim</strong></span> <span class='ocrx_word' id='word_1_614' title='bbox 3220 4071 3445 4138; x_wconf 83' lang='lat' dir='ltr'><strong>indiget.</strong></span> 
     </span>
    </p>
   </div>
   <div class='ocr_carea' id='block_1_85' title="bbox 1866 4161 3445 4235">
    <p class='ocr_par' dir='ltr' id='par_1_85' title="bbox 1866 4161 3445 4235">
     <span class='ocr_line' id='line_1_85' title="bbox 1866 4161 3445 4235; baseline -0.003 -17"><span class='ocrx_word' id='word_1_615' title='bbox 1866 4178 1971 4218; x_wconf 92' lang='lat' dir='ltr'><strong>non</strong></span> <span class='ocrx_word' id='word_1_616' title='bbox 2028 4163 2204 4218; x_wconf 85' lang='lat' dir='ltr'><strong>inutili</strong></span> <span class='ocrx_word' id='word_1_617' title='bbox 2257 4163 2560 4235; x_wconf 85' lang='lat' dir='ltr'><strong>diligentia,</strong></span> <span class='ocrx_word' id='word_1_618' title='bbox 2623 4164 2760 4218; x_wconf 90' lang='lat' dir='ltr'><strong>cibis</strong></span> <span class='ocrx_word' id='word_1_619' title='bbox 2815 4179 2921 4218; x_wconf 88' lang='lat' dir='ltr'><strong>non</strong></span> <span class='ocrx_word' id='word_1_620' title='bbox 2975 4163 3208 4227; x_wconf 88' lang='lat' dir='ltr'><strong>deliciis,</strong></span> <span class='ocrx_word' id='word_1_621' title='bbox 3263 4161 3445 4216; x_wconf 90' lang='lat' dir='ltr'><strong>edulio</strong></span> 
     </span>
    </p>
   </div>
   <div class='ocr_carea' id='block_1_86' title="bbox 1865 4254 3444 4322">
    <p class='ocr_par' dir='ltr' id='par_1_86' title="bbox 1865 4254 3444 4322">
     <span class='ocr_line' id='line_1_86' title="bbox 1865 4254 3444 4322; baseline -0.004 -10"><span class='ocrx_word' id='word_1_622' title='bbox 1865 4255 2152 4312; x_wconf 85' lang='lat' dir='ltr'><strong>suﬁicienti</strong></span> <span class='ocrx_word' id='word_1_623' title='bbox 2199 4271 2303 4310; x_wconf 90' lang='lat' dir='ltr'><strong>non</strong></span> <span class='ocrx_word' id='word_1_624' title='bbox 2357 4258 2664 4322; x_wconf 90' lang='lat' dir='ltr'><strong>saturitate,</strong></span> <span class='ocrx_word' id='word_1_625' title='bbox 2725 4271 2792 4310; x_wconf 91' lang='lat' dir='ltr'><strong>ne</strong></span> <span class='ocrx_word' id='word_1_626' title='bbox 2852 4255 3026 4312; x_wconf 88' lang='lat' dir='ltr'><strong>hostis</strong></span> <span class='ocrx_word' id='word_1_627' title='bbox 3080 4254 3277 4308; x_wconf 72' lang='lat' dir='ltr'><strong>anima:</strong></span> <span class='ocrx_word' id='word_1_628' title='bbox 3330 4254 3444 4318; x_wconf 86' lang='lat' dir='ltr'><strong>ﬁat,</strong></span> 
     </span>
    </p>
   </div>
   <div class='ocr_carea' id='block_1_87' title="bbox 1868 4347 3227 4416">
    <p class='ocr_par' dir='ltr' id='par_1_87' title="bbox 1868 4347 3227 4416">
     <span class='ocr_line' id='line_1_87' title="bbox 1868 4347 3227 4416; baseline -0.002 -15"><span class='ocrx_word' id='word_1_629' title='bbox 1868 4349 1960 4402; x_wconf 90' lang='lat' dir='ltr'><strong>sed</strong></span> <span class='ocrx_word' id='word_1_630' title='bbox 1996 4347 2298 4402; x_wconf 88' lang='lat' dir='ltr'><strong>subsidium</strong></span> <span class='ocrx_word' id='word_1_631' title='bbox 2330 4349 2511 4416; x_wconf 91' lang='lat' dir='ltr'><strong>potius</strong></span> <span class='ocrx_word' id='word_1_632' title='bbox 2538 4348 2729 4401; x_wconf 72' lang='lat' dir='ltr'><strong>anima:</strong></span> <span class='ocrx_word' id='word_1_633' title='bbox 2755 4362 2952 4415; x_wconf 91' lang='lat' dir='ltr'><strong>corpus</strong></span> <span class='ocrx_word' id='word_1_634' title='bbox 2979 4347 3227 4401; x_wconf 86' lang='lat' dir='ltr'><strong>exsistat.</strong></span> 
     </span>
    </p>
   </div>
   <div class='ocr_carea' id='block_1_88' title="bbox 2006 4439 3308 4512">
    <p class='ocr_par' dir='ltr' id='par_1_88' title="bbox 2006 4439 3308 4512">
     <span class='ocr_line' id='line_1_88' title="bbox 2006 4439 3308 4512; baseline 0.001 -3"><span class='ocrx_word' id='word_1_635' title='bbox 2006 4455 2312 4511; x_wconf 79' lang='lat' dir='ltr'><strong>cccxxx.</strong></span> <span class='ocrx_word' id='word_1_636' title='bbox 2334 4486 2403 4496; x_wconf 86' lang='grc'><strong>-</strong></span> <span class='ocrx_word' id='word_1_637' title='bbox 2425 4456 2783 4512; x_wconf 76' lang='lat' dir='ltr'><strong>MARCIANO</strong></span> <span class='ocrx_word' id='word_1_638' title='bbox 2823 4439 3308 4512; x_wconf 75' lang='lat' dir='ltr'><strong>PRESBYTERO.</strong></span> 
     </span>
    </p>
   </div>
   <div class='ocr_carea' id='block_1_89' title="bbox 713 4541 2916 4617">
    <p class='ocr_par' dir='ltr' id='par_1_89' title="bbox 713 4541 2916 4617">
     <span class='ocr_line' id='line_1_89' title="bbox 713 4541 2916 4617; baseline 0.003 -22"><span class='ocrx_word' id='word_1_639' title='bbox 713 4541 1031 4597; x_wconf 77' lang='lat' dir='ltr'><strong>luueterata:</strong></span> <span class='ocrx_word' id='word_1_640' title='bbox 1062 4544 1328 4611; x_wconf 79' lang='lat' dir='ltr'><strong>Opiniones</strong></span> <span class='ocrx_word' id='word_1_641' title='bbox 1365 4543 1637 4598; x_wconf 80' lang='lat' dir='ltr'><strong>hominum</strong></span> <span class='ocrx_word' id='word_1_642' title='bbox 1665 4547 1927 4616; x_wconf 84' lang='lat' dir='ltr'><strong>quomodo</strong></span> <span class='ocrx_word' id='word_1_643' title='bbox 1955 4548 2266 4602; x_wconf 67' lang='lat' dir='ltr'><strong>evertendas.</strong></span> <span class='ocrx_word' id='word_1_644' title='bbox 2305 4545 2543 4617; x_wconf 76' lang='lat' dir='ltr'><strong>(Confer.</strong></span> <span class='ocrx_word' id='word_1_645' title='bbox 2573 4549 2729 4615; x_wconf 83' lang='lat' dir='ltr'><strong>epist.</strong></span> <span class='ocrx_word' id='word_1_646' title='bbox 2762 4547 2916 4617; x_wconf 74' lang='lat'><strong>256.)</strong></span> 
     </span>
    </p>
   </div>
   <div class='ocr_carea' id='block_1_90' title="bbox 251 4643 1758 4718">
    <p class='ocr_par' dir='ltr' id='par_1_90' title="bbox 251 4643 1758 4718">
     <span class='ocr_line' id='line_1_90' title="bbox 251 4643 1758 4718; baseline 0.003 -22"><span class='ocrx_word' id='word_1_647' title='bbox 251 4643 358 4696; x_wconf 80' lang='grc' dir='ltr'><strong>Τὸν</strong></span> <span class='ocrx_word' id='word_1_648' title='bbox 407 4644 669 4714; x_wconf 83' lang='grc' dir='ltr'>μέλλοντα</span> <span class='ocrx_word' id='word_1_649' title='bbox 708 4644 1045 4699; x_wconf 82' lang='grc' dir='ltr'>διασαλεύειν</span> <span class='ocrx_word' id='word_1_650' title='bbox 1091 4646 1203 4717; x_wconf 89' lang='grc'><strong>(97)</strong></span> <span class='ocrx_word' id='word_1_651' title='bbox 1235 4646 1330 4700; x_wconf 81' lang='grc' dir='ltr'><strong>καὶ</strong></span> <span class='ocrx_word' id='word_1_652' title='bbox 1368 4647 1758 4718; x_wconf 87' lang='grc' dir='ltr'>ἀναμοχλεύειν</span> 
     </span>
    </p>
   </div>
   <div class='ocr_carea' id='block_1_91' title="bbox 172 4733 1758 4808">
    <p class='ocr_par' dir='ltr' id='par_1_91' title="bbox 172 4733 1758 4808">
     <span class='ocr_line' id='line_1_91' title="bbox 172 4733 1758 4808; baseline 0.005 -24"><span class='ocrx_word' id='word_1_653' title='bbox 172 4733 338 4798; x_wconf 79' lang='grc' dir='ltr'>δόξαν</span> <span class='ocrx_word' id='word_1_654' title='bbox 396 4735 633 4787; x_wconf 83' lang='grc' dir='ltr'>παλαιὰν</span> <span class='ocrx_word' id='word_1_655' title='bbox 695 4736 786 4787; x_wconf 77' lang='grc' dir='ltr'><strong>καὶ</strong></span> <span class='ocrx_word' id='word_1_656' title='bbox 838 4738 1180 4805; x_wconf 86' lang='grc' dir='ltr'>πεπηγυῖαν,</span> <span class='ocrx_word' id='word_1_657' title='bbox 1239 4738 1336 4790; x_wconf 79' lang='grc' dir='ltr'><strong>καὶ</strong></span> <span class='ocrx_word' id='word_1_658' title='bbox 1389 4737 1562 4808; x_wconf 83' lang='grc' dir='ltr'>καλὴν</span> <span class='ocrx_word' id='word_1_659' title='bbox 1615 4735 1758 4793; x_wconf 78' lang='grc' dir='ltr'>εἶναι</span> 
     </span>
    </p>
   </div>
   <div class='ocr_carea' id='block_1_92' title="bbox 171 4826 1765 4901">
    <p class='ocr_par' dir='ltr' id='par_1_92' title="bbox 171 4826 1765 4901">
     <span class='ocr_line' id='line_1_92' title="bbox 171 4826 1765 4901; baseline 0.004 -22"><span class='ocrx_word' id='word_1_660' title='bbox 171 4827 256 4897; x_wconf 84' lang='grc' dir='ltr'><strong>τῷ</strong></span> <span class='ocrx_word' id='word_1_661' title='bbox 281 4827 468 4890; x_wconf 79' lang='grc' dir='ltr'>κακῶς</span> <span class='ocrx_word' id='word_1_662' title='bbox 509 4827 871 4897; x_wconf 82' lang='grc' dir='ltr'>προληφθέντι</span> <span class='ocrx_word' id='word_1_663' title='bbox 907 4826 1307 4898; x_wconf 85' lang='grc' dir='ltr'>νομιζομένην,</span> <span class='ocrx_word' id='word_1_664' title='bbox 1339 4829 1529 4901; x_wconf 81' lang='grc' dir='ltr'>ἐπειδὴ</span> <span class='ocrx_word' id='word_1_665' title='bbox 1569 4831 1630 4884; x_wconf 82' lang='grc' dir='ltr'>τὸ</span> <span class='ocrx_word' id='word_1_666' title='bbox 1675 4849 1765 4884; x_wconf 93' lang='grc' dir='ltr'><strong>κο-</strong></span> 
     </span>
    </p>
   </div>
   <div class='ocr_carea' id='block_1_93' title="bbox 177 4919 1760 4993">
    <p class='ocr_par' dir='ltr' id='par_1_93' title="bbox 177 4919 1760 4993">
     <span class='ocr_line' id='line_1_93' title="bbox 177 4919 1760 4993; baseline 0.003 -21"><span class='ocrx_word' id='word_1_667' title='bbox 177 4919 314 4990; x_wconf 88' lang='grc' dir='ltr'>μιδῇ</span> <span class='ocrx_word' id='word_1_668' title='bbox 353 4919 680 4989; x_wconf 81' lang='grc' dir='ltr'>παράδοξον,</span> <span class='ocrx_word' id='word_1_669' title='bbox 735 4921 835 4973; x_wconf 86' lang='grc' dir='ltr'>οὐκ</span> <span class='ocrx_word' id='word_1_670' title='bbox 883 4920 951 4972; x_wconf 83' lang='grc' dir='ltr'>ἂν</span> <span class='ocrx_word' id='word_1_671' title='bbox 1001 4920 1085 4990; x_wconf 86' lang='grc' dir='ltr'><strong>εῖη</strong></span> <span class='ocrx_word' id='word_1_672' title='bbox 1134 4920 1434 4990; x_wconf 88' lang='grc' dir='ltr'>προοιμίων</span> <span class='ocrx_word' id='word_1_673' title='bbox 1483 4922 1610 4976; x_wconf 81' lang='grc' dir='ltr'>ἄνευ</span> <span class='ocrx_word' id='word_1_674' title='bbox 1646 4922 1760 4993; x_wconf 82' lang='grc'>(98)</span> 
     </span>
    </p>
   </div>
   <div class='ocr_carea' id='block_1_94' title="bbox 173 5010 1760 5084">
    <p class='ocr_par' dir='ltr' id='par_1_94' title="bbox 173 5010 1760 5084">
     <span class='ocr_line' id='line_1_94' title="bbox 173 5010 1760 5084; baseline 0.003 -20"><span class='ocrx_word' id='word_1_675' title='bbox 173 5010 621 5081; x_wconf 77' lang='grc' dir='ltr'>εὑπαράδεκτον“</span> <span class='ocrx_word' id='word_1_676' title='bbox 683 5012 784 5064; x_wconf 85' lang='grc' dir='ltr'>οὐκ</span> <span class='ocrx_word' id='word_1_677' title='bbox 828 5011 990 5075; x_wconf 83' lang='grc' dir='ltr'>εὐθὺς</span> <span class='ocrx_word' id='word_1_678' title='bbox 1040 5012 1298 5066; x_wconf 85' lang='grc' dir='ltr'>τάναντία</span> <span class='ocrx_word' id='word_1_679' title='bbox 1344 5011 1571 5084; x_wconf 71' lang='grc' dir='ltr'>φράζειν</span> <span class='ocrx_word' id='word_1_680' title='bbox 1635 5014 1760 5084; x_wconf 84' lang='grc' dir='ltr'>χρή.</span> 
     </span>
    </p>
   </div>
   <div class='ocr_carea' id='block_1_95' title="bbox 188 5101 1754 5174">
    <p class='ocr_par' dir='ltr' id='par_1_95' title="bbox 188 5101 1754 5174">
     <span class='ocr_line' id='line_1_95' title="bbox 188 5101 1754 5174; baseline 0.002 -21"><span class='ocrx_word' id='word_1_681' title='bbox 188 5101 352 5153; x_wconf 77' lang='grc' dir='ltr'>Ἐπεὶ</span> <span class='ocrx_word' id='word_1_682' title='bbox 423 5102 828 5170; x_wconf 81' lang='grc' dir='ltr'>καταγέλαστος</span> <span class='ocrx_word' id='word_1_683' title='bbox 902 5101 1056 5156; x_wconf 80' lang='grc' dir='ltr'>ἔσται</span> <span class='ocrx_word' id='word_1_684' title='bbox 1137 5102 1233 5156; x_wconf 77' lang='grc' dir='ltr'><strong>καὶ</strong></span> <span class='ocrx_word' id='word_1_685' title='bbox 1292 5103 1754 5174; x_wconf 84' lang='grc' dir='ltr'>κωμῳδηθὴσεται</span> 
     </span>
    </p>
   </div>
   <div class='ocr_carea' id='block_1_96' title="bbox 175 5193 1753 5266">
    <p class='ocr_par' dir='ltr' id='par_1_96' title="bbox 175 5193 1753 5266">
     <span class='ocr_line' id='line_1_96' title="bbox 175 5193 1753 5266; baseline 0.001 -21"><span class='ocrx_word' id='word_1_686' title='bbox 175 5193 288 5245; x_wconf 78' lang='grc' dir='ltr'><strong>ὑπὸ</strong></span> <span class='ocrx_word' id='word_1_687' title='bbox 341 5193 451 5246; x_wconf 83' lang='grc' dir='ltr'><strong>τῶν</strong></span> <span class='ocrx_word' id='word_1_688' title='bbox 517 5194 1086 5264; x_wconf 81' lang='grc' dir='ltr'>προκαταληφθέντων</span> <span class='ocrx_word' id='word_1_689' title='bbox 1147 5197 1216 5265; x_wconf 86' lang='grc' dir='ltr'><strong>τῇ</strong></span> <span class='ocrx_word' id='word_1_690' title='bbox 1275 5196 1496 5264; x_wconf 74' lang='grc' dir='ltr'>ἐναντίᾳ</span> <span class='ocrx_word' id='word_1_691' title='bbox 1553 5196 1753 5266; x_wconf 85' lang='grc' dir='ltr'>ψήφῳ·</span> 
     </span>
    </p>
   </div>
   <div class='ocr_carea' id='block_1_97' title="bbox 174 5284 1756 5358">
    <p class='ocr_par' dir='ltr' id='par_1_97' title="bbox 174 5284 1756 5358">
     <span class='ocr_line' id='line_1_97' title="bbox 174 5284 1756 5358; baseline 0.001 -20"><span class='ocrx_word' id='word_1_692' title='bbox 174 5284 319 5338; x_wconf 82' lang='grc' dir='ltr'>ἀλλὰ</span> <span class='ocrx_word' id='word_1_693' title='bbox 359 5285 624 5357; x_wconf 84' lang='grc' dir='ltr'>πρότερον</span> <span class='ocrx_word' id='word_1_694' title='bbox 663 5286 1009 5357; x_wconf 80' lang='grc' dir='ltr'>ὑπορύξαντα</span> <span class='ocrx_word' id='word_1_695' title='bbox 1048 5288 1228 5351; x_wconf 84' lang='grc' dir='ltr'>καλῶς</span> <span class='ocrx_word' id='word_1_696' title='bbox 1275 5287 1344 5340; x_wconf 89' lang='grc' dir='ltr'>δι’</span> <span class='ocrx_word' id='word_1_697' title='bbox 1374 5287 1580 5358; x_wconf 86' lang='grc' dir='ltr'>ἐτέρων</span> <span class='ocrx_word' id='word_1_698' title='bbox 1626 5287 1756 5340; x_wconf 87' lang='grc' dir='ltr'>πολ-</span> 
     </span>
    </p>
   </div>
   <div class='ocr_carea' id='block_1_98' title="bbox 1933 4647 3449 4719">
    <p class='ocr_par' dir='ltr' id='par_1_98' title="bbox 1933 4647 3449 4719">
     <span class='ocr_line' id='line_1_98' title="bbox 1933 4647 3449 4719; baseline 0.001 -17"><span class='ocrx_word' id='word_1_699' title='bbox 1933 4649 2036 4716; x_wconf 85' lang='lat' dir='ltr'><strong>Qui</strong></span> <span class='ocrx_word' id='word_1_700' title='bbox 2066 4649 2310 4703; x_wconf 87' lang='lat' dir='ltr'><strong>inolitam</strong></span> <span class='ocrx_word' id='word_1_701' title='bbox 2328 4657 2384 4703; x_wconf 89' lang='lat' dir='ltr'><strong>et</strong></span> <span class='ocrx_word' id='word_1_702' title='bbox 2413 4664 2511 4702; x_wconf 91' lang='lat' dir='ltr'><strong>usu</strong></span> <span class='ocrx_word' id='word_1_703' title='bbox 2560 4649 2939 4704; x_wconf 86' lang='lat' dir='ltr'><strong>conﬁrmatam</strong></span> <span class='ocrx_word' id='word_1_704' title='bbox 2973 4647 3306 4718; x_wconf 86' lang='lat' dir='ltr'><strong>opinionem,</strong></span> <span class='ocrx_word' id='word_1_705' title='bbox 3327 4664 3449 4719; x_wconf 84' lang='lat' dir='ltr'><strong>quae</strong></span> 
     </span>
    </p>
   </div>
   <div class='ocr_carea' id='block_1_99' title="bbox 1864 4739 3437 4811">
    <p class='ocr_par' dir='ltr' id='par_1_99' title="bbox 1864 4739 3437 4811">
     <span class='ocr_line' id='line_1_99' title="bbox 1864 4739 3437 4811; baseline -0.001 -15"><span class='ocrx_word' id='word_1_706' title='bbox 1864 4741 2006 4796; x_wconf 89' lang='lat' dir='ltr'><strong>male</strong></span> <span class='ocrx_word' id='word_1_707' title='bbox 2055 4739 2362 4795; x_wconf 81' lang='lat' dir='ltr'><strong>informatis</strong></span> <span class='ocrx_word' id='word_1_708' title='bbox 2410 4741 2632 4810; x_wconf 91' lang='lat' dir='ltr'><strong>pulchra</strong></span> <span class='ocrx_word' id='word_1_709' title='bbox 2683 4741 2952 4805; x_wconf 90' lang='lat' dir='ltr'><strong>videatur,</strong></span> <span class='ocrx_word' id='word_1_710' title='bbox 2989 4739 3229 4796; x_wconf 80' lang='lat' dir='ltr'><strong>elfodere</strong></span> <span class='ocrx_word' id='word_1_711' title='bbox 3269 4750 3437 4811; x_wconf 90' lang='lat' dir='ltr'><strong>atque</strong></span> 
     </span>
    </p>
   </div>
   <div class='ocr_carea' id='block_1_100' title="bbox 1862 4833 3447 4904">
    <p class='ocr_par' dir='ltr' id='par_1_100' title="bbox 1862 4833 3447 4904">
     <span class='ocr_line' id='line_1_100' title="bbox 1862 4833 3447 4904; baseline 0.001 -17"><span class='ocrx_word' id='word_1_712' title='bbox 1862 4848 2053 4888; x_wconf 89' lang='lat' dir='ltr'><strong>eruere</strong></span> <span class='ocrx_word' id='word_1_713' title='bbox 2109 4833 2358 4898; x_wconf 88' lang='lat' dir='ltr'><strong>voluerit,</strong></span> <span class='ocrx_word' id='word_1_714' title='bbox 2413 4848 2536 4886; x_wconf 91' lang='lat' dir='ltr'><strong>cum</strong></span> <span class='ocrx_word' id='word_1_715' title='bbox 2583 4849 2695 4887; x_wconf 90' lang='lat' dir='ltr'><strong>rem</strong></span> <span class='ocrx_word' id='word_1_716' title='bbox 2745 4833 2900 4889; x_wconf 86' lang='lat' dir='ltr'><strong>valde</strong></span> <span class='ocrx_word' id='word_1_717' title='bbox 2961 4833 3187 4889; x_wconf 89' lang='lat' dir='ltr'><strong>arduam</strong></span> <span class='ocrx_word' id='word_1_718' title='bbox 3254 4849 3447 4904; x_wconf 59' lang='lat' dir='ltr'><strong>aggre-</strong></span> 
     </span>
    </p>
   </div>
   <div class='ocr_carea' id='block_1_101' title="bbox 1863 4924 3442 4995">
    <p class='ocr_par' dir='ltr' id='par_1_101' title="bbox 1863 4924 3442 4995">
     <span class='ocr_line' id='line_1_101' title="bbox 1863 4924 3442 4995; baseline 0 -17"><span class='ocrx_word' id='word_1_719' title='bbox 1863 4925 2063 4990; x_wconf 89' lang='lat' dir='ltr'><strong>diatur,</strong></span> <span class='ocrx_word' id='word_1_720' title='bbox 2103 4924 2286 4979; x_wconf 88' lang='lat' dir='ltr'><strong>nonid</strong></span> <span class='ocrx_word' id='word_1_721' title='bbox 2319 4924 2685 4991; x_wconf 87' lang='lat' dir='ltr'><strong>auspicabitur</strong></span> <span class='ocrx_word' id='word_1_722' title='bbox 2717 4924 2836 4979; x_wconf 89' lang='lat' dir='ltr'><strong>sine</strong></span> <span class='ocrx_word' id='word_1_723' title='bbox 2883 4925 3191 4980; x_wconf 89' lang='lat' dir='ltr'><strong>animorum</strong></span> <span class='ocrx_word' id='word_1_724' title='bbox 3225 4941 3442 4995; x_wconf 61' lang='lat' dir='ltr'><strong>praepa-</strong></span> 
     </span>
    </p>
   </div>
   <div class='ocr_carea' id='block_1_102' title="bbox 1866 5015 3444 5086">
    <p class='ocr_par' dir='ltr' id='par_1_102' title="bbox 1866 5015 3444 5086">
     <span class='ocr_line' id='line_1_102' title="bbox 1866 5015 3444 5086; baseline 0.001 -18"><span class='ocrx_word' id='word_1_725' title='bbox 1866 5016 2099 5082; x_wconf 86' lang='lat' dir='ltr'><strong>ratione,</strong></span> <span class='ocrx_word' id='word_1_726' title='bbox 2135 5030 2309 5084; x_wconf 79' lang='lat' dir='ltr'><strong>neque</strong></span> <span class='ocrx_word' id='word_1_727' title='bbox 2330 5015 2614 5086; x_wconf 71' lang='lat' dir='ltr'><strong>:continuo</strong></span> <span class='ocrx_word' id='word_1_728' title='bbox 2665 5017 3006 5085; x_wconf 82' lang='lat' dir='ltr'><strong>repugnabit.</strong></span> <span class='ocrx_word' id='word_1_729' title='bbox 3040 5015 3324 5072; x_wconf 81' lang='lat' dir='ltr'><strong>Ridiculus</strong></span> <span class='ocrx_word' id='word_1_730' title='bbox 3363 5017 3444 5069; x_wconf 87' lang='lat' dir='ltr'><strong>si-</strong></span> 
     </span>
    </p>
   </div>
   <div class='ocr_carea' id='block_1_103' title="bbox 1864 5107 3444 5177">
    <p class='ocr_par' dir='ltr' id='par_1_103' title="bbox 1864 5107 3444 5177">
     <span class='ocr_line' id='line_1_103' title="bbox 1864 5107 3444 5177; baseline 0.001 -19"><span class='ocrx_word' id='word_1_731' title='bbox 1864 5107 2080 5176; x_wconf 88' lang='lat' dir='ltr'><strong>quidem</strong></span> <span class='ocrx_word' id='word_1_732' title='bbox 2139 5107 2264 5172; x_wconf 87' lang='lat' dir='ltr'><strong>erit,</strong></span> <span class='ocrx_word' id='word_1_733' title='bbox 2327 5107 2864 5177; x_wconf 86' lang='lat' dir='ltr'><strong>reprehendeturque</strong></span> <span class='ocrx_word' id='word_1_734' title='bbox 2905 5108 3113 5177; x_wconf 89' lang='lat' dir='ltr'><strong>judicio</strong></span> <span class='ocrx_word' id='word_1_735' title='bbox 3165 5107 3444 5162; x_wconf 86' lang='lat' dir='ltr'><strong>contraria</strong></span> 
     </span>
    </p>
   </div>
   <div class='ocr_carea' id='block_1_104' title="bbox 1861 5195 3432 5266">
    <p class='ocr_par' dir='ltr' id='par_1_104' title="bbox 1861 5195 3432 5266">
     <span class='ocr_line' id='line_1_104' title="bbox 1861 5195 3432 5266; baseline 0.001 -17"><span class='ocrx_word' id='word_1_736' title='bbox 1861 5196 2117 5265; x_wconf 89' lang='lat' dir='ltr'><strong>opinione</strong></span> <span class='ocrx_word' id='word_1_737' title='bbox 2176 5207 2564 5266; x_wconf 60' lang='lat' dir='ltr'><strong>praceptorum</strong></span> <span class='ocrx_word' id='word_1_738' title='bbox 2616 5213 2629 5249; x_wconf 94' lang='lat'><strong>:</strong></span> <span class='ocrx_word' id='word_1_739' title='bbox 2678 5195 2772 5250; x_wconf 88' lang='lat' dir='ltr'><strong>sed</strong></span> <span class='ocrx_word' id='word_1_740' title='bbox 2835 5207 3001 5251; x_wconf 88' lang='lat' dir='ltr'><strong>antea</strong></span> <span class='ocrx_word' id='word_1_741' title='bbox 3058 5198 3432 5253; x_wconf 86' lang='lat' dir='ltr'><strong>demonstrata</strong></span> 
     </span>
    </p>
   </div>
   <div class='ocr_carea' id='block_1_105' title="bbox 1862 5289 3445 5355">
    <p class='ocr_par' dir='ltr' id='par_1_105' title="bbox 1862 5289 3445 5355">
     <span class='ocr_line' id='line_1_105' title="bbox 1862 5289 3445 5355; baseline 0 -14"><span class='ocrx_word' id='word_1_742' title='bbox 1862 5289 2003 5343; x_wconf 89' lang='lat' dir='ltr'><strong>male</strong></span> <span class='ocrx_word' id='word_1_743' title='bbox 2030 5292 2096 5342; x_wconf 93' lang='lat' dir='ltr'><strong>ab</strong></span> <span class='ocrx_word' id='word_1_744' title='bbox 2139 5290 2260 5344; x_wconf 88' lang='lat' dir='ltr'><strong>aliis</strong></span> <span class='ocrx_word' id='word_1_745' title='bbox 2313 5290 2516 5355; x_wconf 87' lang='lat' dir='ltr'><strong>multis,</strong></span> <span class='ocrx_word' id='word_1_746' title='bbox 2545 5299 2674 5344; x_wconf 92' lang='lat' dir='ltr'><strong>tunc</strong></span> <span class='ocrx_word' id='word_1_747' title='bbox 2727 5289 2780 5344; x_wconf 91' lang='lat' dir='ltr'><strong>in</strong></span> <span class='ocrx_word' id='word_1_748' title='bbox 2843 5290 3175 5345; x_wconf 89' lang='lat' dir='ltr'><strong>contrarium</strong></span> <span class='ocrx_word' id='word_1_749' title='bbox 3245 5296 3445 5355; x_wconf 63' lang='lat' dir='ltr'><strong>vertet.</strong></span> 
     </span>
    </p>
   </div>
   <div class='ocr_carea' id='block_1_106' title="bbox 1237 5437 2286 5498">
    <p class='ocr_par' dir='ltr' id='par_1_106' title="bbox 1237 5437 2286 5498">
     <span class='ocr_line' id='line_1_106' title="bbox 1237 5437 2286 5498; baseline 0.005 -6"><span class='ocrx_word' id='word_1_750' title='bbox 1237 5437 1469 5493; x_wconf 70' lang='lat' dir='ltr'><strong>VARIA‘]</strong></span> <span class='ocrx_word' id='word_1_751' title='bbox 1507 5438 1891 5495; x_wconf 84' lang='lat' dir='ltr'><strong>LECTIONES</strong></span> <span class='ocrx_word' id='word_1_752' title='bbox 1929 5439 2017 5493; x_wconf 83' lang='lat' dir='ltr'><strong>ET</strong></span> <span class='ocrx_word' id='word_1_753' title='bbox 2053 5440 2286 5498; x_wconf 65' lang='lat' dir='ltr'><strong>NOTAE.</strong></span> 
     </span>
    </p>
   </div>
   <div class='ocr_carea' id='block_1_107' title="bbox 250 5590 1762 5662">
    <p class='ocr_par' dir='ltr' id='par_1_107' title="bbox 250 5590 1762 5662">
     <span class='ocr_line' id='line_1_107' title="bbox 250 5590 1762 5662; baseline 0.001 -16"><span class='ocrx_word' id='word_1_754' title='bbox 250 5591 364 5660; x_wconf 84' lang='lat'><strong>(96)</strong></span> <span class='ocrx_word' id='word_1_755' title='bbox 397 5590 503 5662; x_wconf 86' lang='lat' dir='ltr'><strong>Pro</strong></span> <span class='ocrx_word' id='word_1_756' title='bbox 531 5592 770 5662; x_wconf 82' lang='grc' dir='ltr'>ἀδόκητά</span> <span class='ocrx_word' id='word_1_757' title='bbox 799 5591 952 5647; x_wconf 87' lang='lat' dir='ltr'><strong>codd.</strong></span> <span class='ocrx_word' id='word_1_758' title='bbox 993 5593 1112 5647; x_wconf 83' lang='lat' dir='ltr'><strong>Vat.</strong></span> <span class='ocrx_word' id='word_1_759' title='bbox 1157 5594 1262 5647; x_wconf 79' lang='lat'><strong>650</strong></span> <span class='ocrx_word' id='word_1_760' title='bbox 1301 5603 1355 5648; x_wconf 86' lang='lat' dir='ltr'><strong>et</strong></span> <span class='ocrx_word' id='word_1_761' title='bbox 1381 5593 1488 5648; x_wconf 82' lang='lat' dir='ltr'><strong>Alt.</strong></span> <span class='ocrx_word' id='word_1_762' title='bbox 1520 5598 1762 5651; x_wconf 88' lang='lat' dir='ltr'><strong>scribunt</strong></span> 
     </span>
    </p>
   </div>
   <div class='ocr_carea' id='block_1_108' title="bbox 169 5661 669 5731">
    <p class='ocr_par' dir='ltr' id='par_1_108' title="bbox 169 5661 669 5731">
     <span class='ocr_line' id='line_1_108' title="bbox 169 5661 669 5731; baseline 0 -15"><span class='ocrx_word' id='word_1_763' title='bbox 169 5663 430 5731; x_wconf 79' lang='grc' dir='ltr'>ἀδόκιμα.</span> <span class='ocrx_word' id='word_1_764' title='bbox 461 5661 669 5716; x_wconf 66' lang='lat' dir='ltr'><strong>Possm.</strong></span> 
     </span>
    </p>
   </div>
   <div class='ocr_carea' id='block_1_109' title="bbox 247 5732 1760 5804">
    <p class='ocr_par' dir='ltr' id='par_1_109' title="bbox 247 5732 1760 5804">
     <span class='ocr_line' id='line_1_109' title="bbox 247 5732 1760 5804; baseline 0.003 -20"><span class='ocrx_word' id='word_1_765' title='bbox 247 5732 808 5804; x_wconf 62' lang='lat' dir='ltr'><strong>(97)_Atqo&#39;a.ledew.</strong></span> <span class='ocrx_word' id='word_1_766' title='bbox 849 5733 925 5784; x_wconf 78' lang='lat' dir='ltr'><strong>An</strong></span> <span class='ocrx_word' id='word_1_767' title='bbox 984 5747 1094 5804; x_wconf 81' lang='lat' dir='ltr'><strong>non</strong></span> <span class='ocrx_word' id='word_1_768' title='bbox 1129 5733 1232 5804; x_wconf 85' lang='lat' dir='ltr'><strong>leg.</strong></span> <span class='ocrx_word' id='word_1_769' title='bbox 1285 5735 1464 5804; x_wconf 89' lang='lat' dir='ltr'><strong>potius</strong></span> <span class='ocrx_word' id='word_1_770' title='bbox 1510 5736 1760 5790; x_wconf 88' lang='lat' dir='ltr'><strong>videatur</strong></span> 
     </span>
    </p>
   </div>
   <div class='ocr_carea' id='block_1_110' title="bbox 170 5801 1756 5874">
    <p class='ocr_par' dir='ltr' id='par_1_110' title="bbox 170 5801 1756 5874">
     <span class='ocr_line' id='line_1_110' title="bbox 170 5801 1756 5874; baseline 0.002 -17"><span class='ocrx_word' id='word_1_771' title='bbox 170 5801 581 5870; x_wconf 73' lang='grc' dir='ltr'>διασκαλεύειν,</span> <span class='ocrx_word' id='word_1_772' title='bbox 611 5803 692 5858; x_wconf 86' lang='lat' dir='ltr'><strong>vel</strong></span> <span class='ocrx_word' id='word_1_773' title='bbox 716 5801 1203 5872; x_wconf 69' lang='grc' dir='ltr'>διασκαλουδεύειν,</span> <span class='ocrx_word' id='word_1_774' title='bbox 1238 5801 1378 5874; x_wconf 80' lang='lat' dir='ltr'><strong>quod</strong></span> <span class='ocrx_word' id='word_1_775' title='bbox 1425 5815 1507 5862; x_wconf 88' lang='lat' dir='ltr'><strong>cst</strong></span> <span class='ocrx_word' id='word_1_776' title='bbox 1547 5806 1756 5861; x_wconf 80' lang='lat' dir='ltr'><strong>sarculo</strong></span> 
     </span>
    </p>
   </div>
   <div class='ocr_carea' id='block_1_111' title="bbox 1868 5596 3450 5664">
    <p class='ocr_par' dir='ltr' id='par_1_111' title="bbox 1868 5596 3450 5664">
     <span class='ocr_line' id='line_1_111' title="bbox 1868 5596 3450 5664; baseline 0.003 -18"><span class='ocrx_word' id='word_1_777' title='bbox 1868 5605 2060 5664; x_wconf 78' lang='lat' dir='ltr'><strong>terram</strong></span> <span class='ocrx_word' id='word_1_778' title='bbox 2092 5597 2340 5664; x_wconf 75' lang='lat' dir='ltr'><strong>e/fodere,</strong></span> <span class='ocrx_word' id='word_1_779' title='bbox 2368 5615 2592 5660; x_wconf 85' lang='lat' dir='ltr'><strong>versare,</strong></span> <span class='ocrx_word' id='word_1_780' title='bbox 2645 5602 2920 5651; x_wconf 80' lang='lat' dir='ltr'><strong>suscitare.</strong></span> <span class='ocrx_word' id='word_1_781' title='bbox 2957 5598 3081 5652; x_wconf 80' lang='lat' dir='ltr'><strong>Mox</strong></span> <span class='ocrx_word' id='word_1_782' title='bbox 3117 5602 3280 5651; x_wconf 84' lang='lat' dir='ltr'><strong>etiam</strong></span> <span class='ocrx_word' id='word_1_783' title='bbox 3311 5596 3450 5650; x_wconf 82' lang='grc' dir='ltr'><strong>ἀπο·</strong></span> 
     </span>
    </p>
   </div>
   <div class='ocr_carea' id='block_1_112' title="bbox 1887 5663 2964 5734">
    <p class='ocr_par' dir='ltr' id='par_1_112' title="bbox 1887 5663 2964 5734">
     <span class='ocr_line' id='line_1_112' title="bbox 1887 5663 2964 5734; baseline 0.009 -20"><span class='ocrx_word' id='word_1_784' title='bbox 1887 5663 2117 5732; x_wconf 78' lang='grc' dir='ltr'>ρύξαντα</span> <span class='ocrx_word' id='word_1_785' title='bbox 2151 5667 2429 5734; x_wconf 78' lang='lat' dir='ltr'><strong>legendum</strong></span> <span class='ocrx_word' id='word_1_786' title='bbox 2464 5684 2678 5722; x_wconf 85' lang='lat' dir='ltr'><strong>censeo.</strong></span> <span class='ocrx_word' id='word_1_787' title='bbox 2715 5669 2964 5725; x_wconf 58' lang='lat' dir='ltr'><strong>Scuonu.</strong></span> 
     </span>
    </p>
   </div>
   <div class='ocr_carea' id='block_1_113' title="bbox 1874 5735 3450 5858">
    <p class='ocr_par' dir='ltr' id='par_1_113' title="bbox 1874 5735 3450 5858">
     <span class='ocr_line' id='line_1_113' title="bbox 1874 5735 3450 5858; baseline 0 -68"><span class='ocrx_word' id='word_1_788' title='bbox 1874 5735 2062 5858; x_wconf 48' lang='lat' dir='ltr'><strong>s“(98;</strong></span> <span class='ocrx_word' id='word_1_789' title='bbox 2101 5737 2268 5793; x_wconf 90' lang='lat' dir='ltr'><strong>Codd.</strong></span> <span class='ocrx_word' id='word_1_790' title='bbox 2314 5737 2431 5791; x_wconf 85' lang='lat' dir='ltr'><strong>Vat.</strong></span> <span class='ocrx_word' id='word_1_791' title='bbox 2476 5739 2580 5793; x_wconf 84' lang='lat'><strong>650</strong></span> <span class='ocrx_word' id='word_1_792' title='bbox 2611 5749 2663 5794; x_wconf 88' lang='lat' dir='ltr'><strong>et</strong></span> <span class='ocrx_word' id='word_1_793' title='bbox 2697 5740 2802 5794; x_wconf 86' lang='lat' dir='ltr'><strong>Alt.</strong></span> <span class='ocrx_word' id='word_1_794' title='bbox 2839 5740 3094 5794; x_wconf 84' lang='lat' dir='ltr'><strong>omittunt</strong></span> <span class='ocrx_word' id='word_1_795' title='bbox 3126 5736 3275 5792; x_wconf 74' lang='grc' dir='ltr'>ἄνευ.</span> <span class='ocrx_word' id='word_1_796' title='bbox 3313 5735 3450 5793; x_wconf 75' lang='grc' dir='ltr'><strong>Ροςο</strong></span> 
     </span>
    </p>
   </div>
   <div class='ocr_carea' id='block_1_114' title="bbox 1923 5821 1974 5858">
    <p class='ocr_par' dir='ltr' id='par_1_114' title="bbox 1923 5821 1974 5858">
     <span class='ocr_line' id='line_1_114' title="bbox 1923 5821 1974 5858; baseline -0.02 0"><span class='ocrx_word' id='word_1_797' title='bbox 1923 5821 1974 5858; x_wconf 67' lang='grc' dir='ltr'>Ν.</span> 
     </span>
    </p>
   </div>
  </div>
