3982 6420
194 350 351 419 150‘.)

1122 347 1656 412 EPISTOLARUM
1698 346 1842 407 LIB.
1872 349 1939 410 ι’.
1978 350 2303 411 —EPIST.
2340 353 2656 415 CCXCVII.

3350 364 3486 427 1510

198 463 475 533 Ἔγραψα
488 464 599 534 ἐγὼ
613 466 847 536 Ζωσίμῳ
868 465 1171 533 ἀποστῆναι
1191 462 1290 531 τῆς
1312 457 1618 526 ἀσελγείας·
1641 457 1802 521 αὐτὸς
1832 512 1834 519 ι

1911 475 2057 520 nem,
2130 464 2286 517 multi
2342 474 2522 519 tamen
2580 467 2798 524 laedunt.
2843 468 2984 536 Quid
3044 473 3148 529 hoc
3199 478 3266 529 ad
3321 492 3441 532 eam
3462 480 3487 532 ’ἒ

193 556 265 608 δὲ
316 557 483 611 πλέον
514 558 913 627 ὲγκαλινδείται
942 557 1021 627 τῷ
1057 554 1304 627 βορῆόρῳ
1324 569 1341 584 ο
1370 552 1423 603 τί
1470 550 1630 603 τοῦτο
1662 550 1800 619 πρὸς

194 647 347 718 ὲμές
376 648 545 703 Οὐδὲν
571 648 713 719 πλὴν
752 650 799 701 εἰ
841 648 916 719 μὴ
946 646 1045 718 τὴν
1070 643 1308 715 ἀθυμίαν
1332 642 1475 695 εἴποι
1501 657 1586 703 τις
1606 639 1693 693 ἀν.

530 923 707 992 mer.
728 950 800 964 -
822 923 1026 993 male
1067 920 1443 991 ΕΠΙΣΚΟΙῙῼ.

1910 549 2116 621 Scripsi
2159 554 2377 607 Zosimo
2430 557 2497 610 ab
2549 557 2775 627 impuris
2817 563 3117 618 abstineret
3147 566 3483 628 libidinibus,

1907 642 2024 710 ipse
2052 658 2178 697 vero
2203 645 2253 697 in
2292 646 2404 699 luto
2442 649 2615 716 magis
2648 650 2936 706 volutatur.
2958 653 3098 719 Quid
3126 657 3225 710 hoc
3255 658 3320 709 ad
3358 663 3483 710 me?

1906 732 2050 787 Nihil
2079 733 2347 803 profecto,
2379 737 2484 792 nisi
2516 739 2561 793 si
2601 740 2985 797 demissionem
3014 745 3184 799 animi
3212 746 3483 818 quispiam
3596 736 3599 741 ’

1903 823 2126 880 dixerit.

2155 916 2431 975 CCXCVI.
2487 950 2556 961 —
2589 923 2845 980 ALPHIO
2876 926 3225 985 EPISCOPO.

339 1012 420 1069 De
447 1016 611 1069 variis
659 1014 928 1069 hominum
974 1014 1219 1085 ingeniis.
1250 1012 1431 1082 (Conf.
1477 1002 1834 1131 epist.l;::aiil

1905 1019 2150 1145 snit-rm
2186 1007 2345 1063 Notis
2378 1008 2440 1064 C.
2483 1010 2699 1068 Ritters.
2746 1028 2974 1085 el-supr.
3023 1020 3174 1083 epist.
3223 1019 3352 1075 288.

279 1176 422 1230 Δίαν
446 1176 732 1246 θαυμάζω,
760 1178 908 1242 ὅπως
927 1177 988 1231 ού
1018 1179 1131 1240 τοῖς
1150 1178 1348 1241 ξαύτοῖς
1379 1174 1627 1246 χαίρουσι
1658 1171 1800 1225 απάν-⁴

195 1284 301 1327 τες
338 1266 651 1339 ἄνθρωπον
698 1267 815 1322 ἀλλ’
844 1270 892 1320 οἱ
921 1268 1019 1338 μὲν
1054 1266 1562 1336 συγγινωσκόμενοι
1597 1264 1682 1332 ἐφ’
1721 1256 1801 1325 οἷς

200 1360 526 1421 πταίουσιν,
577 1360 661 1422 είς
707 1359 932 1429 ἀρετὴν,
980 1360 1030 1411 οἱ
1081 1358 1139 1411 δὲ
1179 1359 1260 1420 εἰς
1291 1358 1492 1410 κακίαν
1521 1356 1803 1424 παιδοτρι-

201 1450 461 1504 ϐοῦνται·
486 1452 578 1504 καὶ
603 1453 714 1514 τοῖς
742 1451 890 1521 μὲνὴ
922 1449 1229 1521 χρηστότης
1255 1450 1523 1521 σωτήριον
1548 1447 1803 1515 εὑρίσκε-

200 1560 308 1595 ται
345 1542 621 1614 βοήθημα,
656 1545 767 1617 τοῖς
791 1542 847 1595 δὲ
870 1542 1115 1614 ὀλέθριον
1144 1542 1471 1613 δηλητήριον
1497 1558 1510 1572 ’
1534 1541 1661 1603 τοὺς
1695 1540 1794 1610 μὲν

203 1634 328 1705 γὰρ
356 1634 610 1704 ῥώννυσι,
631 1635 757 1697 τοὺς
791 1634 845 1686 δὲ
874 1633 1078 1687 ἐκλύει·
1105 1636 1233 1697 τοὺς
1260 1635 1357 1704 μὲν
1390 1633 1650 1694 δυσωπεῖ,
1687 1631 1794 1685 τῶν

204 1726 270 1779 δὲ
317 1726 414 1779 καὶ
450 1726 512 1779 τὸ
561 1725 824 1797 ὲρυθριᾷν
860 1729 1341 1798 προσαφαιρεῖται.
1385 1724 1525 1778 Ἀλλ’
1569 1724 1689 1777 οὐδὲ
1717 1723 1797 1793 τῷ

206 1816 545 1886 παραπόδας
573 1815 923 1869 ἀπαιτεῖσθαι
951 1816 1106 1880 δίκας
1133 1856 1149 1881 ,
1182 1817 1385 1880 πάντες
1421 1814 1623 1885 ὁμοίως
1655 1815 1800 1885 ὠφε-

206 1905 460 1959 λοῦνται.
498 1906 561 1958 Οἱ
600 1905 699 1975 μὲν
734 1905 843 1976 γὰρ
875 1904 949 1961 ὡς
986 1906 1354 1977 ἀπάνθρωπον
1389 1905 1549 1958 τοῦτο
1578 1904 1799 1957 αἰτιῶν-

206 2014 330 2052 ται·
373 1997 423 2050 οἱ
461 1997 517 2050 δὲ
550 1996 701 2068 φόϐῳ
733 1997 868 2068 μὲν,
902 1998 962 2051 ού
1002 1996 1150 2068 πόθῳ
1180 1997 1260 2061 δὲ,
1302 1996 1409 2049 τῶν
1455 1995 1640 2050 κακῶν
1695 1996 1801 2049 ἀπ-

205 2088 453 2158 έχονται.
489 2089 599 2141 Καὶ
643 2089 693 2141 οἱ
745 2088 843 2159 μὲν
894 2087 1324 2157 φιλονεικοῦντες
1373 2090 1439 2158 τῇ
1474 2087 1629 2159 δίκῃ,
1682 2087 1799 2140 ἀδι-

205 2183 334 2233 κεῖν
366 2180 666 2251 πειρῶνται
692 2196 705 2209 °
742 2181 789 2232 oi
822 2180 876 2233 δὲ
908 2180 1102 2233 παθεῖν
1134 2180 1427 2249 φεύγοντες
1449 2221 1464 2245 ,
1506 2180 1567 2232 ού
1597 2179 1800 2250 δρῶσιν

204 2271 247 2326 ἃ
270 2272 408 2344 δρᾷν
434 2272 719 2325 ἐθέλωσιν
751 2271 1009 2340 ἀμείνους
1040 2273 1137 2342 μὲν
1165 2272 1317 2335 ὄντες
1352 2272 1460 2324 τῶν
1486 2272 1621 2342 μηδὲ
1649 2272 1801 2343 φόϐῳ

206 2360 740 2432 σωφρονιζομένων,
786 2361 1202 2433 καταδεέστεροι
1238 2361 1295 2413 δὲ
1325 2361 1433 2415 τῶν
1466 2362 1614 2433 πόθῳ
1651 2362 1800 2415 εὐδο-

204 2449 555 2519 κιμούντων.
597 2449 826 2521 πλέονῆ
866 2451 991 2504 ὅσον
1040 2450 1194 2504 αὐτοὶ
1235 2451 1493 2521 ἀμείνους
1537 2452 1646 2504 είσ¹ι
1683 2451 1799 2504 τῶν

209 2542 357 2612 μηδὲ
385 2542 484 2613 τὴν
505 2541 660 2612 δίκην
686 2541 1017 2596 δεδοικότων.
1035 2543 1098 2595 Οἱ
1129 2543 1226 2613 μὲν
1247 2544 1354 2614 γὰρ
1379 2544 1478 2613 τὴν
1509 2542 1797 2613 τιμωρίαν,

201 2635 258 2684 ot
276 2632 335 2685 δὲ
357 2632 456 2705 τὴν
481 2635 755 2705 σωτηρίαν
776 2634 1054 2704 φεύγουσι·
1072 2635 1223 2688 καὶοὶ
1251 2636 1349 2705 μὲν
1364 2636 1422 2688 τὸ
1445 2636 1519 2706 μὴ
1537 2635 1717 2688 δοῦναι
1733 2634 1803 2687 δί-

204 2738 341 2791 κην,
361 2724 410 2775 οἱ
423 2723 479 2775 δὲ
494 2723 553 2775 τὸ
565 2722 747 2776 δοῦναι
765 2722 1071 2778 διώκουσιν.
1091 2724 1247 2776 Ἐπεὶ
1267 2726 1445 2777 τοίνυν
1471 2725 1523 2777 τί
1548 2725 1799 2795 ποιητέον

203 2814 352 2885 ἔφης
365 2816 421 2866 ἐν
434 2814 670 2887 τοσαύτῃ
688 2814 964 2885 συγχύσει,
985 2816 1229 2885 ἀκριϐῶς
1248 2816 1346 2887 μὲν
1363 2817 1462 2869 οὐκ
1480 2817 1586 2886 ἔχω
1598 2816 1797 2885 λέγειν.

216 2907 283 2960 '0
311 2907 427 2977 γάρ
449 2906 547 2971 τὰς
566 2907 792 2979 καρδίαις
816 2908 1136 2979 ἐμϐατεύων
1164 2905 1273 2962 οἶδε
1295 2924 1309 2936 ’
1335 2909 1475 2980 πλὴν
1505 2908 1602 2973 ὡς,
1624 2909 1799 2978 ἔγωγε

203 2995 408 3072 οἶμαι,
442 3001 551 3073 χρὴ
592 3003 685 3055 ἐπὶ
729 3002 827 3073 μὲν
869 3004 983 3066 τοῖς
1037 3005 1253 3074 μικροῖς
1303 3002 1716 3073 ἁμαρτήμασιν,
1749 3002 1797 3053 εί

1977 1168 2145 1225 Valde
2168 1174 2420 1242 equidem
2457 1179 2647 1243 miror,
2678 1180 2769 1248 qui
2805 1180 2895 1234 ﬁat
2941 1186 3083 1247 quod
3133 1200 3237 1238 non
3294 1201 3485 1242 omnes

1903 1256 2093 1312 iisdem
2124 1262 2461 1319 delectentur
2518 1268 2701 1331 rebus,
2740 1271 2833 1324 sed
2883 1273 3102 1339 quidam
3147 1276 3360 1330 veniam
3389 1280 3485 1331 de-

1902 1351 2156 1407 lictorum
2203 1354 2383 1421 adepti
2447 1357 2634 1412 virtuti
2692 1360 2820 1413 dant
2872 1376 3113 1431 Operam,
3150 1364 3239 1419 alii
3286 1380 3477 1422 comm

1868 1440 1871 1441 ⁷
1910 1443 1963 1495 in
2013 1445 2159 1499 vitiis
2205 1458 2584 1516 perseverant.
2651 1450 2763 1506 Illis
2810 1454 3027 1522 quidem
3081 1457 3389 1527 benignitas
3417 1462 3485 1513 ad

1904 1533 2138 1587 salutem
2175 1541 2613 1607 consequendam
2648 1541 2849 1595 auxilio
2887 1553 2989 1608 est,
3025 1544 3144 1599 aliis
3186 1556 3373 1602 contra
3400 1559 3486 1604 est

1904 1628 2089 1682 exitio.
2124 1629 2248 1684 Illos
2284 1631 2523 1696 roborat,
2551 1634 2650 1688 hos
2682 1646 2910 1689 enervat
2944 1655 2957 1690 :
2995 1638 3117 1693 illos
3144 1642 3348 1709 pudore
3388 1659 3479 1697 or-

1908 1727 2020 1781 nat,
2048 1718 2171 1772 aliis
2202 1735 2333 1775 vero
2386 1722 2641 1776 ruborem
2676 1725 2871 1778 aufert.
2918 1726 3115 1781 Verum
3169 1744 3276 1783 non
3339 1733 3483 1800 quod

1901 1811 2084 1864 statim
2110 1827 2280 1881 pmuze
2306 1814 2611 1884 exigantur,
2636 1817 2839 1871 idcirco
2860 1833 3048 1874 omnes
3070 1821 3327 1877 similiter
3353 1840 3479 1878 cor-

1902 1898 2171 1973 riguutur.
2228 1905 2408 1975 Aliqui
2483 1908 2626 1961 enim
2684 1915 2742 1963 ut
2792 1909 3146 1965 inlmmanum
3196 1902 3325 1983 quid
3377 1916 3479 1969 hoc

1901 2005 2178 2049 accusant.
2204 1997 2307 2049 Alii
2336 2012 2463 2051 vero
2482 2008 2627 2052 metu
2648 1999 2887 2067 quidem,
2912 2017 3017 2055 non
3047 2018 3253 2069 amore,
3280 2021 3309 2057 a
3336 2006 3482 2060 vitiis

1902 2089 2197 2154 abstinent,
2270 2098 2323 2144 et
2383 2090 2470 2143 isti
2507 2091 2723 2158 quidem
2768 2093 2990 2159 justitim
3034 2094 3360 2151 reluctantes
3406 2098 3484 2150 in-

1894 2177 2195 2247 juriaalios
2223 2189 2490 2234 conantur
2520 2181 2756 2235 allicere.
2796 2182 2900 2236 Alii
2943 2184 3051 2253 pati
3109 2185 3333 2253 injurias
3387 2203 3476 2240 rc-

1900 2281 2153 2325 cusantes
2187 2287 2311 2326 non
2354 2271 2561 2326 faciunt
2610 2288 2730 2342 quae
2770 2274 2951 2330 facere
2981 2276 3202 2338 vellent,
3234 2278 3483 2333 meliores

1900 2363 2116 2432 quidem
2158 2363 2241 2418 bis
2270 2364 2602 2420 exsistentes
2634 2367 2723 2435 qui
2755 2382 2823 2421 ne
2858 2377 3002 2421 metu
3050 2370 3268 2437 quidem
3297 2370 3473 2424 adacti

1904 2463 2269 2525 temperantes
2324 2456 2462 2510 ﬁunt
2518 2471 2581 2511 ac
2621 2459 2984 2523 continentes,
3022 2468 3173 2513 tanto
3226 2460 3312 2515 bis
3352 2460 3484 2515 infe-

1902 2548 2077 2601 riores
2135 2549 2224 2618 qui
2284 2548 2553 2603 desiderio
2586 2551 2800 2604 virtutis
2863 2552 2985 2604 boui
3040 2554 3227 2607 haberi
3275 2551 3480 2618 volunt,

1899 2649 2105 2709 quanto
2159 2638 2410 2694 meliores
2457 2639 2523 2694 iis
2563 2640 2652 2709 qui
2715 2656 2781 2694 ne
2824 2642 3088 2711 supplicia
3114 2642 3333 2712 quidem
3370 2660 3483 2699 me-

1905 2739 2081 2784 tuunt.
2134 2728 2213 2782 llli
2271 2730 2416 2782 enim
2473 2730 2820 2798 supplicium,
2864 2732 2916 2784 hi
2966 2748 3093 2787 vero
3138 2733 3367 2787 salutem
3396 2750 3484 2787 ιιι.

1900 2821 2075 2890 giuut.
2131 2820 2195 2873 Et
2229 2819 2303 2873 illi
2353 2821 2568 2889 quidem
2613 2835 2678 2873 ne
2710 2822 2839 2875 dent
2869 2836 3080 2889 pcenas,
3116 2824 3169 2877 Ιιί
3202 2838 3331 2879 vero
3370 2825 3480 2892 pati

1902 2923 2182 2985 exoptant.
2217 2914 2445 2980 Quando
2487 2913 2650 2981 igitur
2687 2913 2814 2982 quid
2848 2914 2989 2968 facto
3012 2914 3085 2968 sit
3109 2930 3244 2985 opus
3283 2914 3337 2968 in
3375 2915 3478 2969 hoc

1903 3023 2089 3064 rerum
2113 3016 2256 3061 statu
2282 3006 2505 3075 quaeris,
2546 3019 2654 3057 non
2683 3020 2899 3073 possum
2953 2995 3205 3074 equidem
3227 3016 3483 3061 accurate

207 3095 317 3164 μὲν
370 3094 726 3158 λανθάνοντες
775 3093 1154 3164 βελτιοῦνται,
1203 3094 1339 3164 μηδὲ
1393 3094 1592 3147 εἰδέναι
1634 3110 1834 3184 ’προσ-⁴

1905 3104 2104 3157 dicere.
2142 3096 2300 3151 Novit
2333 3095 2421 3150 ille
2446 3096 2535 3164 qui
2567 3094 2729 3148 corda
2755 3101 3031 3148 scrutatur
3066 3095 3207 3150 Deus
3246 3116 3258 3152 :
3295 3106 3475 3149 tamen

206 3186 520 3239 ποιεῖσθαι·
556 3187 604 3239 εί
651 3186 708 3239 δὲ
737 3188 817 3250 είς
855 3186 917 3239 τὸ
952 3188 1133 3256 χεῖρον
1173 3187 1501 3256 τρέπονται,
1538 3184 1675 3256 μετά
1704 3185 1796 3239 τὸν

1905 3205 1956 3251 ut
1988 3191 2240 3263 equidem
2279 3188 2534 3253 arbitror,
2575 3202 2738 3256 parva
2770 3186 2925 3251 vitia,
2962 3187 3007 3241 si
3038 3187 3254 3241 occulte
3287 3204 3476 3243 emen-

205 3276 438 3347 ἔλεγχον
466 3277 561 3330 καὶ
592 3277 690 3348 τὴν
723 3277 950 3347 μετρίαν
978 3276 1321 3346 ἐπιτίμησιν,
1349 3278 1683 3347 συγγνώμην
1712 3276 1799 3330 νέ-

210 3384 367 3438 μειν,
420 3367 515 3420 ἐπὶ
552 3368 609 3421 δὲ
653 3370 766 3430 τοῖς
796 3367 1088 3436 ομεγάλοις
1147 3366 1353 3436 ταύτην
1400 3367 1795 3438 ταμιεύεσθαι,

207 3460 328 3513 καῖ
350 3460 707 3532 σωφρονίζειν
744 3461 870 3523 τοὺς
898 3459 1191 3522 πταίοντας
1220 3499 1236 3525 ,
1273 3460 1369 3513 καὶ
1397 3460 1664 3530 χωρισμῷ
1703 3461 1798 3514 καὶ

208 3553 510 3623 ἐπιτιμία,
547 3553 651 3615 ἕως
716 3552 784 3606 ἂν
835 3552 1241 3623 μετανοήσωσι,
1308 3552 1405 3605 καὶ
1470 3552 1592 3606 τότε
1644 3570 1805 3623 προσ-

212 3645 419 3700 ίεσθαι.

502 3830 657 3899 Σιιῑσ.
687 3862 756 3871 -
792 3832 995 3885 nemo
1034 3830 1507 3903 ΠΡΕΣΒΥΤΕΡῼ.

1900 3290 2116 3352 dentur,
2151 3284 2315 3340 etiam
2345 3288 2471 3335 sunt
2512 3279 2925 3334 dissimulanda.
2962 3280 3017 3335 Si
3049 3295 3178 3335 vero
3225 3281 3282 3335 in
3318 3282 3477 3335 dete-

1908 3380 2022 3433 rius
2048 3376 2177 3430 vitia
2214 3384 2435 3443 vergant
2459 3381 2579 3439 post
2611 3373 3009 3440 correptionem
3045 3381 3100 3426 et
3140 3372 3479 3427 moderatam

1906 3469 2270 3539 punitioncm,
2332 3463 2487 3516 venia
2525 3472 2609 3517 est
2674 3462 2869 3516 danda.
2925 3462 2980 3516 In
3022 3464 3236 3533 magnis
3291 3474 3473 3517 autem

1896 3559 2134 3628 peccatis
2171 3556 2310 3608 hanc
2340 3567 2622 3606 reservare
2646 3561 2700 3605 et
2735 3563 3022 3621 peccantes
3063 3560 3278 3619 oportet
3306 3554 3474 3606 corri-

1896 3665 2044 3719 gere,
2086 3648 2282 3718 partim
2345 3645 2465 3700 illos
2510 3645 2879 3713 segregando,
2931 3646 3128 3714 partim
3199 3644 3477 3715 puniendo

1896 3742 2068 3797 donec
2095 3739 2439 3806 resipiscam,
2468 3752 2530 3789 ac
2569 3745 2697 3789 tunc
2726 3738 3042 3805 recipiendi.

2064 3828 2358 3886 CCXCVII.
2390 3858 2461 3867 —
2484 3825 2788 3885 JOSEPHO
2822 3828 3301 3885 PRESBYTERO.

1406 3924 1715 3980 Sacerdotio
1738 3945 1842 3983 non
1871 3925 2297 3998 superbiendum.

286 4016 354 4069 Ei
382 4015 482 4087 μὲν
502 4017 562 4071 τὺ
591 4017 700 4071 τῶν
720 4017 896 4072 ἀλλων
924 4018 1024 4071 οὐκ
1052 4013 1149 4071 οἷδ’
1188 4018 1337 4081 ὅπως
1375 4017 1796 4089 προκεκρίσθαι,

210 4106 316 4159 καὶ
362 4108 445 4169 εἰς
490 4106 793 4177 ἱερωσύνην
823 4106 1261 4177 κατατετάχθαι,
1298 4106 1541 4179 ὲφύσησέ
1578 4126 1673 4175 σε,
1704 4110 1800 4163 καὶ

216 4197 367 4269 μέγα
407 4201 624 4269 φρονεῖν
663 4199 1100 4269 παρεσκεύασεν,
1143 4200 1219 4263 ὡς
1262 4200 1397 4271 μηδὲ
1428 4202 1555 4263 τοὺς
1593 4202 1651 4254 ἐν
1688 4204 1801 4265 τοῖς

216 4289 489 4359 ὑπηκόοις
519 4288 809 4353 τελοῦντας
850 4290 972 4359 μὲν,
1018 4289 1444 4358 εὐδοκιμοῦντας
1486 4290 1543 4343 δὲ
1574 4290 1795 4362 ζηλοῦν,

212 4379 358 4434 ὲλεῶ
388 4396 448 4432 σε
484 4381 581 4451 τῆς
616 4380 823 4444 ἀνοίας.
851 4382 913 4434 Εἰ
943 4381 999 4434 δὲ
1032 4382 1135 4434 οὐκ
1165 4379 1336 4446 ἀξιοῖς
1370 4381 1506 4450 πρὸς
1538 4382 1798 4447 ἐλάττους

209 4475 375 4545 ὁρᾷ-ι,
422 4473 704 4527 καὶτοῦτο
736 4474 869 4528 αὐτὸ
907 4474 1243 4528 δεινότατον·
1286 4476 1335 4527 εἰ
1373 4474 1483 4527 τῶν
1519 4474 1797 4540 τοσοῦτον,

210 4565 293 4630 ὡς
328 4568 454 4629 οἴει,
481 4568 820 4637 λειπομένων
859 4570 927 4639 τῇ
970 4567 1096 4639 ἀξίᾳ
1122 4567 1322 4637 χείρων
1365 4567 1424 4618 ἐν
1455 4567 1567 4630 τοῖς
1616 4566 1800 4638 ἔργοις

214 4656 485 4725 φανείηςθ
542 4656 636 4710 καὶ
690 4650 765 4710 ὧν
809 4661 1052 4729 κρατεῖν,
1094 4660 1247 4711 οὐδὲν
1293 4658 1402 4728 ἡγῇ
1459 4654 1794 4725 θαυμαστὸν,

211 4748 428 4801 τούτων
454 4748 722 4819 ἡττᾶσθαι
750 4749 943 4813 δόξεις.
978 4750 1087 4803 Καὶ
1120 4751 1226 4822 μὴν
1248 4752 1295 4804 εί
1336 4752 1605 4804 κάκείνων
1631 4750 1798 4821 ρᾳθυ-

221 4839 360 4911 μίας
398 4840 551 4892 ἔπνει
591 4842 619 4893 ὁ
647 4840 781 4910 βίος,
814 4841 875 4894 σὲ
904 4842 1004 4895 οὐκ
1036 4841 1145 4895 ἔδει
1178 4844 1279 4911 τὴν
1311 4844 1439 4914 περὶ
1466 4843 1564 4914 τὴν
1596 4844 1798 4915 ἀρετὴν

212 4929 539 4999 ἐπιμέλειαν
559 4930 842 5001 προέσθαι.
868 4931 943 4983 Τὸ
965 4932 1075 5002 γὰρ
1104 4932 1267 5001 μέσον
1293 4933 1430 5005 πρὸς
1447 4935 1691 4998 ἐκείνους
1716 4953 1797 4988 σοι

214 5022 322 5074 οὐκ
348 5021 529 5090 ὀλίγον
559 5022 806 5092 ὑπάρχον
847 5022 1111 5094 ἀφῃρεῖτο
1143 5025 1243 5094 τὴν
1273 5026 1630 5097 συγγνώμην.
1659 5029 1721 5080 Εἰ
1742 5029 1799 5081 δὲ

216 5115 422 5167 ἐκεῖνοι
468 5115 569 5182 μὲν
608 5114 980 5186 λαμπρότεροι
1032 5118 1129 5170 καὶ
1177 5118 1600 5191 εὐδοκιμὼτεροί
1635 5122 1796 5187 εἰσιν,

219 5208 402 5260 καίτοι
451 5208 541 5260 τὸν
588 5208 927 5278 ἡγησόμενον
975 5208 1078 5262 οὐκ
1131 5208 1344 5280 ἔχοντες
1372 5250 1387 5275 ,
1424 5215 1488 5265 σὺ
1541 5211 1598 5264 δὲ
1642 5212 1660 5277 (
1685 5211 1800 5264 ἀλλ’

218 5297 376 5352 οὐδὲν
423 5298 684 5369 βούλομαι
722 5298 984 5371 δυσχερὲς
1020 5300 1240 5371 εἰπεῖν)
1273 5301 1368 5357 θέα
1401 5298 1456 5355 οἷ
1488 5304 1717 5374 τελευτᾷ
1743 5303 1803 5357 τὸ

218 5390 414 5445 κακόν.

534 5571 702 5639 Τιιιίν.
734 5602 804 5611 --
832 5570 1134 5643 ΕΥΤΟΝΙῼ
1164 5574 1486 5645 ΔΙΛΚΟΝῼ.

1977 4017 2032 4070 Si
2086 4025 2372 4085 propterea
2432 4014 2575 4083 quod
2644 4012 2768 4068 aliis
2836 4012 3023 4068 nescio
3077 4012 3349 4082 quomodo
3405 4014 3485 4068 sis

1897 4107 2176 4178 praelatus,
2214 4113 2270 4157 et
2314 4105 2367 4156 iu
2399 4104 2691 4157 sacerdotii
2737 4105 2984 4157 ordinem
3016 4113 3347 4173 assumptus,
3398 4106 3481 4159 id-

1896 4205 2045 4256 circo
2077 4196 2379 4266 superbias,
2420 4196 2700 4266 altumque
2752 4198 2954 4265 sapias,
3006 4194 3173 4267 650
3213 4206 3269 4251 ut
3302 4211 3479 4263 neque

1896 4307 1989 4347 eos
2015 4291 2106 4359 qui
2133 4289 2278 4343 inter
2310 4286 2587 4355 subjectos
2619 4289 2843 4358 quidem
2875 4289 3099 4357 imperio
3146 4300 3357 4357 parent,
3386 4292 3483 4344 sed

1902 4382 2054 4454 probi
2081 4381 2211 4446 sint,
2239 4388 2293 4432 et
2319 4378 2493 4449 gloria
2530 4379 2689 4444 clari,
2728 4380 2980 4446 imiteris,
3018 4380 3094 4433 tui
3142 4394 3227 4434 me
3253 4381 3483 4434 demen-

1906 4478 1973 4529 tis
2008 4472 2249 4526 miseret.
2305 4469 2362 4524 Si
2417 4486 2551 4526 vero
2583 4488 2649 4527 ne
2679 4473 2917 4541 digneris
2944 4472 3162 4541 quidem
3196 4470 3483 4527 inferiores

1901 4575 1953 4621 te
1988 4570 2278 4638 respicere,
2331 4577 2495 4638 atque
2536 4566 2766 4634 idipsum
2812 4565 2968 4631 longe
3002 4564 3405 4633 gravissimum,
3435 4565 3481 4619 si

1899 4660 1963 4715 iis
1988 4662 2079 4731 qui
2118 4670 2424 4729 tantopere,
2458 4669 2516 4713 ut
2544 4667 2723 4727 putas,
2752 4657 2846 4711 tibi
2887 4656 3155 4726 dignitate
3186 4655 3480 4710 inferiores

1900 4765 2045 4815 sunt,
2084 4756 2135 4808 in
2160 4755 2416 4825 operibus
2447 4751 2689 4806 deterior
2713 4764 2997 4819 :Ippareas,
3037 4758 3092 4803 et
3134 4750 3333 4817 quibus
3377 4749 3482 4801 im-

1899 4859 2091 4910 perare
2114 4844 2247 4898 nihil
2280 4844 2474 4897 mirum
2522 4842 2697 4905 ducis,
2746 4842 2815 4894 ab
2852 4841 2920 4894 iis
2942 4839 3185 4908 superari
3223 4839 3483 4893 videaris.

1906 4932 2018 4986 Etsi
2045 4932 2186 4985 enim
2212 4932 2322 4985 vita
2352 4932 2566 4986 illorum
2602 4930 2826 5001 ignaviae
2844 4930 2999 4998 plena
3019 4936 3187 4993 esset,
3221 4940 3272 4983 te
3304 4938 3482 4983 tamen

1911 5040 2014 5077 non
2042 5024 2331 5094 oportebat
2369 5023 2593 5079 virtutis
2627 5022 2865 5076 studium
2912 5022 3294 5077 intermittere.
3346 5018 3484 5075 Nam

1908 5116 2251 5171 intervallum
2282 5116 2426 5185 quod
2482 5116 2622 5170 inter
2674 5123 2725 5169 te
2782 5124 2839 5169 et
2876 5113 3000 5167 illos
3032 5112 3320 5167 intercedit
3374 5128 3481 5165 non

1900 5210 2177 5277 exiguum,
2208 5209 2418 5264 veniam
2449 5208 2542 5262 tibi
2570 5208 2821 5275 denegat.
2877 5204 2933 5259 Si
2965 5221 3094 5259 vero
3123 5205 3197 5259 illi
3225 5205 3488 5259 clariores

1902 5299 2352 5367 probatioresque
2405 5298 2517 5352 sint
2564 5312 2629 5351 ac
2685 5299 2823 5351 duce
2868 5306 3151 5360 carentes,
3191 5306 3245 5349 tu
3296 5305 3474 5348 tamen

1904 5390 2052 5457 (nolo
2074 5391 2217 5445 enim
2247 5390 2374 5459 quid
2402 5391 2621 5460 gravius
2643 5388 2846 5459 dicere)
2874 5387 3159 5443 considera
3188 5401 3483 5458 quemnam

1909 5478 2070 5533 ﬁnem
2101 5478 2299 5531 malum
2344 5479 2446 5532 hoc
2483 5478 2739 5546 reperiet.

2119 5570 2437 5627 CCXCVIII.
2477 5600 2547 5608 —
2599 5567 2902 5625 EUTONIO
2951 5564 3272 5624 DIACONO.

1075 5665 1251 5721 Virtus
1283 5667 1562 5719 calumnia:
1592 5667 1839 5721 obnoxia.
1877 5666 2053 5737 (Cani.
2083 5666 2236 5732 epist.
2260 5665 2367 5718 294
2396 5672 2445 5716 et
2480 5663 2632 5733 541.)

292 5761 387 5831 Μὴ
417 5762 603 5832 νόμιζε
642 5762 722 5834 τῷ
771 5765 961 5817 ἀσκεῖν
989 5762 1211 5834 ἀρετὴν,
1252 5762 1352 5827 τάς
1378 5761 1630 5827 διαϐολὰς
1664 5762 1779 5816 δια-

1959 5762 2107 5818 Cave
2143 5761 2421 5817 existimes
2438 5761 2697 5819 virtutem
2727 5758 3037 5816 exercendo
3067 5768 3119 5815 te
3149 5756 3481 5815 calumniam
