3982 6420
561 349 695 416 1511

1716 342 1776 401 S.
1816 342 2110 403 ISIDORI
2149 342 2586 405 PELUSIOTIE

3676 345 3789 413 1532

558 462 766 516 evitare
799 468 979 528 posse.
1004 454 1240 510 Maxime
1258 452 1405 508 enim
1435 449 1512 505 illi
1551 447 1767 504 insidiis
1795 456 1852 502 et
1904 449 2148 504 dicteriis
2176 459 2217 513 Α

2260 450 2557 521 κρούεσθαι
2578 467 2593 482 ⁸
2637 452 2875 523 μάλιστα
2912 452 3022 526 γὰρ
3044 454 3095 507 οἱ
3118 453 3353 508 τοιοῦτοι
3384 453 3791 512 ἑπιὸουλεύονται

549 559 882 622 appetuntur
926 562 1141 608 eorum,
1195 544 1311 614 qui,
1353 541 1497 612 quod
1543 540 1798 594 virtutem
1846 552 1955 593 non
1982 553 2145 594 exer-

551 648 732 705 ceant,
777 653 880 695 nec
914 638 1212 707 quidquam
1245 634 1467 690 honoris
1498 631 1718 697 habent,
1752 630 1858 686 illis
1879 630 2140 697 invident,

552 734 641 802 qui
668 730 889 785 virtutis
926 729 1151 783 nomine
1196 728 1557 782 honorantur.
1595 722 1788 778 Melius
1840 723 2023 792 itaque
2057 732 2143 778 est

2255 542 2411 614 παρὰ
2435 544 2545 623 τῷν
2572 545 2741 616 τιμὴν
2788 546 2890 616 μὲν
2912 547 3013 600 οὐκ
3041 547 3299 617 ἐχόντων,
3328 546 3419 600 διὰ
3439 547 3500 600 τδ
3536 547 3608 618 μὴ
3631 551 3798 603 ἀσκεῖν

2253 633 2485 706 ἀρετὴν,
2519 637 2633 700 τοῖς
2663 636 2723 690 δὲ
2749 638 2846 691 ἀπ’
2878 638 3083 712 ἀρετῆς
3113 639 3447 710 τιμωμένοις
3471 638 3800 709 φθονούντω.

2249 725 2509 795 Ἄμεινον
2532 729 2712 783 τοίνυν
2736 731 3066 797 ἀσκοῦντας,
3096 732 3364 802 γενναίως
3388 734 3572 805 φέρειν
3594 736 3683 797 τὰς
3705 735 3800 787 τῶν

552 822 737 877 virtuti
758 821 970 876 deditos
996 832 1261 889 generose
1294 818 1438 870 l‘erre
1471 816 1903 870 obtrectatorum
1924 812 2141 868 calum-

2254 816 2539 886 βασκάνων
2564 823 2922 893 κακοηθείας,
2950 825 2985 897 ἢ
3018 825 3080 879 τὺ
3110 824 3428 895 φθονεῖσθαι
3457 829 3802 898 παραιτουμέ-

555 912 694 979 nias,
722 925 883 981 quam
919 918 1137 979 propter
1164 909 1428 963 invidiam
1455 920 1487 960 a
1522 906 1726 960 virtute
1757 904 2083 959 desciscere.

839 1019 1116 1077 CCXCIX.
1155 1049 1229 1060 —
1257 1015 1573 1073 HERMINO
1601 1013 1857 1072 COMITI.

2248 926 2373 974 νους
2408 911 2613 985 ἀρετῆς
2648 916 3003 986 ἀφίστασθαι.

2604 1027 2764 1094 me.
2794 1059 2866 1068 —
2901 1030 3168 1102 ΕΡΜΙΝῼ
3190 1032 3487 1086 KOMHTI.

1625 1110 1857 1176 Quinam
1887 1108 1995 1164 veri
2022 1112 2387 1177 apostolorum
2418 1136 2770 1192 successores.

623 1213 796 1269 Miror
841 1226 973 1267 sane
1026 1209 1290 1280 quosdam
1336 1206 1453 1277 qui,
1518 1203 1818 1275 magistrali
1883 1213 2147 1274 occupata

2318 1211 2628 1286 Θαυμάξω,
2659 1219 2779 1283 πῶς
2804 1221 2897 1274 τὸν
2920 1221 3136 1275 Παῦλον
3164 1222 3535 1293 θαυμάζοντές
3560 1242 3696 1280 τινες
3714 1226 3807 1277 τῶν

556 1302 840 1367 cathedra,
873 1300 1086 1354 beatum
1117 1298 1334 1367 quidem
1376 1293 1600 1349 Paulum
1642 1294 1980 1347 admirantur
2026 1310 2039 1347 :
2080 1309 2145 1349 ea

2254 1307 2342 1362 νῦν
2379 1309 2471 1363 τὸν
2516 1310 2900 1366 διδασκαλικὸν
2944 1313 3135 1385 θρόνον
3168 1318 3626 1387 ὲπανῃρημένων,
3654 1317 3715 1369 δι’
3746 1312 3809 1369 ὢν

560 1406 735 1449 tamen
762 1394 831 1447 ob
867 1406 987 1461 qua:
1024 1391 1113 1445 ille
1143 1391 1214 1444 sit
1262 1386 1618 1442 admirandus
1672 1400 1777 1438 non
1837 1394 2136 1439 sectantur.

2249 1401 2563 1474 Θαυμαστὸς
2592 1406 2809 1474 ἐγένετο
2824 1408 3031 1470 ἐκεῖνος
3057 1408 3157 1461 οὐκ
3187 1408 3555 1475 ἐξετάσουσιν.
3597 1411 3808 1473 Ἐκεῖνος

558 1487 651 1542 ille
676 1485 900 1551 etenim,
930 1494 989 1537 ut
1018 1483 1172 1551 signa
1203 1481 1452 1536 omittam
1483 1488 1538 1533 et
1558 1478 1787 1549 jejunia,
1832 1487 1887 1532 et
1938 1476 2143 1547 vigilias
2216 1479 2222 1486 “

2254 1495 2357 1565 γὰρ
2390 1495 2498 1563 (ἵνα
2520 1496 2586 1549 τὰ
2610 1500 2815 1567 σημεῖα
2847 1498 3031 1570 παρῶ,
3062 1500 3272 1562 καὶτὰς
3304 1501 3580 1570 νηστείας,
3615 1500 3703 1553 καὶ
3727 1501 3810 1562 τὰς

559 1595 624 1633 ac
650 1577 1041 1633 sollicitudines
1068 1575 1460 1640 ardentemque
1494 1571 1669 1624 zelum
1697 1607 1712 1634 ,
1754 1583 1876 1622 cuni
1916 1568 2147 1623 inlirinis

2254 1587 2567 1658 ἀγρυπνίας
2600 1590 2695 1643 καὶ
2719 1568 3030 1660 φροντίδας,
3070 1593 3166 1644 καὶ
3190 1591 3282 1644 τὸν
3325 1568 3718 1661 πεπυρωμένον
3738 1592 3813 1660 ζῆ-

560 1670 1020 1733 intirmatus,cum
1046 1662 1431 1719 scandalizatis
1452 1660 1733 1715 aliisustus
1758 1668 1847 1714 est
1868 1658 1940 1712 ⁷⁸.
1966 1658 2147 1725 Quare

2254 1680 2377 1732 λον⁶
2419 1680 2500 1733 ὅτι
2548 1698 2608 1732 τε
2653 1684 2767 1745 τοῖς
2816 1682 3072 1735 ἀσθενέσι
3122 1682 3477 1753 συνησθένει,
3521 1683 3615 1735 καὶ
3657 1683 3811 1736 ἄλλων

559 1776 626 1814 ex
649 1774 713 1815 ea
746 1772 907 1827 quam
949 1757 1015 1810 ad
1046 1754 1340 1823 discipulos
1378 1752 1695 1807 concionem
1743 1750 1933 1806 habuit
1966 1751 2147 1806 clarus
2180 1798 2221 1852 Β

2256 1771 2764 1844 σκανδαλιζομένων
2787 1774 2950 1838 αὐτὸς
2983 1774 3305 1845 ὲπυροῦτο),
3330 1776 3424 1844 ἀφ’
3444 1770 3513 1847 ἧς
3546 1776 3815 1846 πεποίηται

574 1851 769 1904 merito
816 1848 1154 1914 exiniinsque
1185 1859 1307 1900 esse
1347 1843 1614 1912 apparuit.
1640 1840 1729 1894 Ait
1752 1841 1897 1896 enim
1942 1858 1957 1895 :
1998 1842 2146 1896 «Ar-
2180 1818 2221 1852 υ

2260 1818 2759 1844 ""‘"""“"""""'
2787 1818 2947 1838 """
2983 1818 3305 1845 ""|'""'I’
3331 1818 3405 1844 ’Υ
3451 1818 3510 1847 ¹Γ³
3552 1818 3732 1846 ⁸’⁹”’¹”Ἰ
3748 1818 3815 1829 “’“’

2254 1865 2590 1937 δημηγορίας
2628 1867 2765 1937 πρὸς
2802 1868 2930 1931 τοὺς
2970 1869 3271 1936 φοιτητὰς,
3322 1867 3574 1939 λαμπρὸς
3612 1869 3817 1931 εἰκότως

561 1952 782 2013 gentum
835 1949 891 1995 et
924 1955 1116 1994 aurum
1158 1946 1251 1992 aut
1296 1946 1500 1991 vestem
1542 1934 1741 1988 nullius
1798 1933 2085 2003 concupivi
2131 1950 2145 1987 :

2254 1933 2347 2011 acati.
2377 1933 2743 2029 περίϐλεπτος
2768 1933 3081 2029 ἀπεφάνθη.
3105 1933 3256 2029 ἱἜφη
3286 1933 3418 2031 γὰρ,
3451 1933 3496 2011 ι’
3521 1960 3815 2030 Ἀργυρίου,

566 2050 658 2088 vos
679 2033 831 2088 scitis
869 2030 1129 2101 quoniam
1171 2028 1237 2081 ad
1285 2041 1351 2080 ea
1387 2040 1507 2094 quae
1547 2023 1678 2077 mihi
1714 2036 1851 2091 opus
1896 2031 2055 2077 erant
2097 2030 2152 2075 et

2254 2050 2288 2122 ἢ
2326 2023 2575 2121 χρυσίου,
2603 2050 2635 2121 ἢ
2669 2023 2993 2123 ἱματισμοῦ,
3035 2023 3256 2115 οὐδενος
3478 2023 3814 2121 ὲπεθῦμησα·

565 2124 648 2177 his
679 2122 771 2190 qui
796 2136 1005 2174 mecum
1034 2128 1184 2183 sunt,
1210 2116 1660 2170 ministraverunt
1682 2126 1877 2167 manus
1896 2112 2096 2166 istae".
2125 2129 2144 2162 ι

2260 2090 2288 2122 .,
2329 2090 2575 2121 Mm-.-"
2609 2090 2635 2121 .,
2669 2090 2993 2123 .,.........,..ν..,
3036 2090 3252 2115 “eam,
3292 2090 3446 2123 ..ρων
3479 2090 3783 2121 ...πυρίη

2256 2143 2409 2196 αὐτοὶ
2433 2142 2754 2211 γινώσκετε,
2787 2145 2868 2197 ὅτι
2899 2147 3021 2207 ταῖς
3057 2146 3275 2215 χρείαις
3304 2162 3432 2214 μου,
3458 2145 3557 2198 καὶ
3584 2148 3691 2207 τοῖς
3712 2140 3815 2198 οὖσι

566 2212 629 2266 lli
667 2226 794 2266 vero
858 2208 1023 2280 (absit
1062 2218 1120 2262 ut
1166 2206 1297 2276 quid
1351 2204 1569 2274 gravius
1614 2200 1909 2273 proferam)
1949 2201 2154 2271 seipsos

2260 2233 2377 2304 μετ’
2416 2200 2551 2303 ἐμοῦ
2586 2200 2940 2307 ὑπηρέτησαν
2980 2200 3035 2288 αἱ
3058 2200 3271 2306 χεῖρες,
3306 2200 3491 2287 αὗται.
3538 2255 3558 2286 ι
3593 2200 3742 2289 Οὗτοι
3774 2236 3822 2286 δὲ

2258 2328 2276 2396 (
2304 2326 2420 2378 ἀλλ’
2456 2327 2611 2379 οὐδὲν
2644 2327 2907 2397 βούλομαι
2931 2326 3191 2397 δυσχερὲς
3218 2328 3426 2398 εἰπεῖν)
3456 2328 3560 2380 οὐκ
3580 2326 3821 2397 ὲρυθριιέι-

2261 2434 2347 2471 σιν
2376 2418 2605 2483 ἑαυτοὺς
2641 2418 2872 2488 τοιούτῳ
2901 2417 3347 2490 παραϐάλλοντες
3416 2420 3597 2489 ἀνδρὶ,
3632 2421 3719 2471 καὶ
3744 2420 3825 2486 φά-

2254 2528 2476 2575 σκοντες
2509 2511 2725 2564 ἐκείνου
2755 2508 2895 2565 εἶναι
2926 2512 3192 2584 διάδοχοι.
3224 2511 3366 2564 Ἀλλ’
3402 2511 3464 2563 οὐ
3501 2511 3821 2571 λανθάνουσι,

2084 2570 2153 2626 ob
2244 2603 2338 2658 διὰ
2364 2602 2521 2655 τοῦτο
2552 2605 2761 2656 ἐκεῖνον
2783 2604 3176 2674 θαυμάζοντες,
3203 2605 3303 2674 οὐχ
3341 2602 3433 2655 ἵνα
3472 2604 3821 2673 μιμήσωντκι,

569 2315 717 2358 tanto
741 2302 994 2357 conferre
1022 2300 1139 2355 viro
1178 2313 1284 2353 non
1308 2297 1658 2362 erubescunt,
1685 2309 1853 2364 seque
1892 2294 2009 2362 ejus
2036 2307 2155 2348 esse

566 2396 804 2453 asseclas
836 2396 1080 2465 jactant;
1132 2406 1237 2446 non
1272 2391 1524 2460 ignorant
1564 2399 1742 2443 tamen
1777 2387 1922 2458 quod
1972 2388 2149 2451 ipsum

567 2489 903 2544 admirentur
921 2502 1025 2540 non
1055 2482 1302 2538 imitandi
1334 2481 1462 2548 line,
1486 2481 1583 2537 sed
1620 2489 1678 2535 ut
1709 2480 1877 2534 divini
1916 2479 2152 2534 hominis

571 2588 875 2634 sectatores
914 2585 1232 2646 appareant,
1270 2589 1376 2628 non
1410 2588 1477 2626 ex
1508 2573 1622 2628 suis
1655 2571 1935 2644 operibus,
1959 2571 2053 2627 sed

565 2687 629 2729 ea
660 2685 829 2743 opera
854 2669 998 2724 illius
1020 2682 1143 2739 qua:
1171 2665 1533 2721 admirantur.

2250 2694 2363 2747 ἀλλ’
2381 2694 2468 2747 ἵνα
2497 2694 2642 2748 θείου
2664 2696 2856 2766 ἀνδρὸς
2883 2696 3117 2765 διάδοχόι
3140 2694 3490 2767 νομισθέντες
3514 2712 3567 2747 τι
3576 2692 3821 2763 μηθῶσιν,

2263 2788 2363 2840 οὐκ
2412 2788 2504 2856 ἀφ’
2536 2780 2612 2840 ὧν
2654 2789 2806 2841 αὐτοὶ
2834 2789 3201 2860 πράττουσιν,
3236 2786 3350 2840 ἀλλ’
3404 2786 3500 2856 ἀφ’
3534 2779 3613 2839 ὧν
3645 2787 3826 2844 ἐκεῖνος

2266 2878 2483 2950 πράξας
2524 2877 2883 2949 θαυμάζεται.
3228 2917 3247 2934 .

1107 2970 1259 3028 CCC.
1282 2968 1608 3034 —iElDEM.

2784 2968 2864 3023 '1".
2886 2998 2954 3010 —
2986 2971 3073 3042 Τῼ
3107 2970 3314 3040 arm.

778 3065 1049 3125 Samuelis
1077 3062 1346 3133 propheta:
1378 3062 1677 3132 exemplum
1702 3069 1857 3133 urget
1893 3072 2086 3118 contra
2128 3066 2298 3141 malos
2331 3064 2637 3132 episcopos;
2676 3073 2854 3131 estque
2894 3080 3020 3132 pars
3049 3064 3338 3132 superioris
3378 3061 3638 3132 epistolw.

640 3164 701 3220 Si
746 3178 778 3218 a
830 3161 999 3217 Paulo
1040 3158 1392 3221 dissentiant,
1441 3156 1507 3211 de
1548 3171 1656 3227 quo
1716 3155 1976 3213 Servator
2009 3159 2087 3214 ait
2137 3166 2222 3227 ες

2342 3159 2407 3211 Εἰ
2437 3156 2516 3227 τῷ
2536 3156 2745 3227 ’Παύλῳ
2775 3156 3170 3228 παραχωροῦσι
3211 3156 3301 3209 διὰ
3331 3156 3393 3208 τὸ
3432 3156 3712 3225 εἰρηκέναι
3739 3154 3823 3207 τὸν

562 3277 596 3310 υς
630 3256 738 3312 Vas
759 3255 1043 3311 electionis
1067 3251 1200 3306 mihi
1232 3258 1314 3304 est
1338 3249 1525 3312 iste",
1566 3267 1585 3299 ι
1631 3251 1759 3317 quid
1807 3249 1874 3305 de
1905 3250 2158 3306 Samnele

2278 3255 2532 3326 Σωτῆρα,
2576 3272 2594 3305 ι
2654 3252 2858 3315 Σκεῦος
2904 3252 3137 3322 ἐκλογῆς
3188 3252 3279 3321 μοί
3327 3253 3476 3304 ἐστιν
3512 3247 3696 3311 οὗτος·
3736 3270 3754 3302 ι
3781 3250 3829 3302 τί

562 3351 692 3419 jure
726 3348 928 3410 dicent,
955 3345 1006 3397 in
1034 3359 1140 3412 quo
1160 3339 1554 3411 rempublicam
1588 3340 2004 3395 administrante
2033 3354 2159 3408 per-

2260 3348 2416 3415 φαῖεν
2452 3346 2547 3399 καὶ
2579 3344 2710 3414 περὶ
2758 3342 2853 3397 τοῦ
2887 3342 3145 3412 Σαμουὴλ
3168 3372 3205 3405 ι.
3227 3340 3324 3395 τοῦ
3360 3342 3420 3394 ὲν
3450 3342 3665 3412 χρόνοις
3693 3340 3826 3392 πολι-

566 3441 766 3495 t‘ectam
831 3435 1033 3491 nullam
1100 3434 1356 3487 virtutem
1418 3430 1771 3485 desiderant?
1834 3431 1999 3502 651
2063 3430 2159 3486 Ει-

2258 3437 2598 3506 τευσαμένου
2645 3436 2781 3506 μηδὲ
2821 3436 3035 3489 τελείαν
3086 3433 3412 3488 ἀπαιτοῦσιν
3449 3434 3695 3503 ἀρετήνς
3728 3433 3826 3484 Καὶ

572 3530 718 3584 enim
752 3527 985 3583 subditis
1017 3526 1181 3579 etiam
1212 3522 1327 3577 suis
1343 3521 1607 3591 judicium
1633 3522 1701 3576 de
1732 3536 1793 3577 se
1813 3520 2083 3592 permisit,
2107 3531 2162 3577 et

2260 3529 2370 3600 γὰρ
2412 3528 2665 3591 κακεῖνος
2694 3529 2807 3589 τοῖς
2847 3526 3112 3597 ὑπηκόοις
3158 3526 3257 3589 τὴν
3289 3526 3421 3596 περὶ
3451 3524 3619 3577 αὑτοῦ
3663 3524 3824 3593 ψῆφον

562 3622 770 3689 cuique
817 3619 913 3690 qui
958 3629 1222 3685 accusare
1278 3612 1465 3679 vellet,
1510 3613 1678 3668 libere
1749 3612 2041 3683 concessit,
2102 3621 2158 3667 et

2262 3620 2583 3693 ἐπιτρέψας,
2601 3621 2696 3672 καὶ
2711 3616 3193 3690 προκαλεσάμενος
3210 3618 3301 3672 τὸν
3332 3615 3658 3688 βουλόμενον
3682 3617 3823 3683 ἐλέγ-

562 3715 751 3768 citans
779 3727 936 3767 suum
969 3717 1369 3771 accusatorem,
1400 3720 1468 3759 an
1512 3704 1747 3760 subditis
1776 3704 2009 3775 injurius
2040 3718 2155 3759 rem

2263 3712 2380 3778 ξαι,
2418 3714 2467 3765 εἰ
2513 3711 2860 3782 ἐπιθυμήσας
2912 3710 3060 3774 τινὸς
3120 3711 3197 3772 ὡς
3228 3709 3414 3781 ἄρχων
3450 3709 3679 3780 ἠδίκησε
3718 3709 3825 3770 τοὺς

566 3803 809 3873 alicujus
846 3811 1101 3869 tanquam
1132 3800 1385 3870 princeps
1420 3795 1842 3864 concupivisset,
1887 3795 2155 3864 injuriave

2258 3808 2619 3881 ἀρχομένους,
2666 3809 2760 3861 ὑπ’
2793 3806 3008 3872 οὐδενὸς
3059 3806 3348 3878 ἐνεκλήθη,
3378 3804 3504 3859 οὔτε
3539 3804 3717 3868 ἑάλω,
3753 3801 3823 3869 ἐφ’

575 3898 810 3964 aliquem
841 3894 1133 3956 adiecisset,
1164 3904 1193 3944 a
1243 3888 1459 3942 nemine
1497 3886 1789 3941 damnatus
1830 3896 1938 3951 est,
1987 3902 2163 3956 neque

2260 3896 2457 3971 οἷσπερ
2492 3900 2731 3971 συνεχῶς
2757 3894 2900 3954 οὗτοι
2937 3898 3273 3954 ἁλίσκονται.

562 3985 856 4039 convictus
870 3990 955 4035 est
984 3981 1036 4032 in
1071 3979 1134 4032 iis
1166 3977 1348 4040 rebus,
1382 3976 1435 4028 in
1466 3974 1662 4045 quibus
1680 3976 1817 4032 tales
1837 3977 2160 4046 reprehendi

566 4076 772 4129 merito
802 4078 1199 4127 consueverunt
1219 4070 1286 4120 7°.

785 4192 957 4249 CCCI.
996 4223 1066 4234 —
1094 4191 1372 4248 lllERACI
1400 4191 1566 4249 VIRO
1598 4187 1913 4246 CLARISS.

2551 4193 2676 4247 TA'.
2703 4219 2774 4230 -—
2794 4192 3033 4245 ΙΕΡΔΚΙ
3063 4193 3561 4265 ΛᾹΜΠΡΟΤᾹΤῼ.

716 4290 803 4348 Ea;
829 4292 1085 4347 resonanti
1118 4302 1315 4361 etymo;
1360 4309 1379 4342 ι
1419 4290 1827 4359 Dispensatores
1868 4286 2240 4409 myséeriprum
2271 4287 2386 4343 Dei.
2421 4308 2439 4340 ι
2480 4288 2688 4428 (1)(Ιον.
2723 4305 2796 4355 tv,
2822 4288 2902 4360 2.)
2957 4286 3247 4345 Eusebium
3292 4290 3379 4343 hic
3408 4300 3466 4343 ut
3500 4289 3705 4343 Pelusii

1876 4373 1978 4426 φευ
2014 4374 2313 4412 επ.σκοπον
2342 4369 2539 4428 arguit.

1876 4369 2313 4426 ψευοεπισκοπον
2342 4369 2539 4429 arguit.

641 4461 705 4515 Si
744 4459 919 4513 dictus
954 4471 1290 4522 mconomus,
1337 4455 1480 4524 quod
1521 4453 1667 4507 domi
1711 4452 1921 4523 singula
1970 4452 2159 4506 distri-
2193 4462 2222 4518 Ε

2335 4457 2400 4510 Εἰ
2430 4455 2715 4528 οἰκονόμος
2770 4457 2987 4528 εἴρηται
3024 4457 3174 4529 παρὰ
3202 4457 3263 4512 τὸ
3317 4457 3533 4528 ἑκάστῳ
3560 4457 3620 4510 τὸ
3646 4458 3829 4510 οἰκεῖον

565 4557 724 4618 bunt,
766 4552 850 4606 vel
884 4553 1028 4621 quod
1063 4566 1161 4620 pro
1187 4550 1453 4619 dignitate
1508 4548 1650 4603 domi
1686 4547 1882 4617 cuique
1929 4545 2156 4612 dividat,

2264 4546 2472 4617 νέμειν,
2509 4548 2542 4619 ἢ
2574 4547 2728 4620 παρὰ
2755 4549 2818 4602 τὸ
2848 4550 3068 4620 ἑκάστῳ
3109 4551 3217 4603 τῶν
3246 4551 3304 4603 ὲν
3332 4548 3409 4619 τῷ
3438 4552 3573 4619 οἴκῳ
3608 4550 3671 4603 τὸ
3712 4548 3827 4619 πρὶς

569 4648 773 4701 merito
815 4653 872 4698 tu
908 4647 1123 4713 quidem
1153 4642 1458 4706 admiraris,
1508 4656 1606 4694 cur
1637 4640 1771 4695 nihil
1798 4640 1991 4694 borum
2046 4637 2158 4692 Eu—

2262 4636 2419 4703 ἀξίαν
2476 4637 2701 4708 νέμειν·
2772 4641 2998 4703 εἰκότως
3046 4639 3377 4711 θαυμάζεις,
3419 4639 3539 4703 πῶς
3588 4641 3827 4699 Εὺσέὅιος

568 4737 761 4792 sebius
785 4735 968 4798 faciat,
1002 4733 1101 4789 sed
1140 4749 1262 4787 cum
1287 4731 1643 4802 populivorus
1672 4731 1764 4795 sit,
1813 4731 1878 4784 ad
1910 4729 2162 4800 populum

2266 4727 2437 4798 μηδὲν
2473 4727 2685 4781 τοιοῦτο
2719 4728 3207 4801 διαπραττόμενος,
3242 4730 3380 4785 ἀλλὰ
3419 4732 3513 4785 καὶ
3546 4730 3827 4801 δημώόρος

570 4827 739 4883 verba
772 4826 954 4880 facere
985 4827 1164 4891 audet,
1196 4824 1414 4892 inopum
1455 4824 1596 4876 bona
1638 4822 2025 4883 intervertens,
2059 4836 2153 4876 os-

2264 4819 2361 4885 ὣν,
2395 4819 2477 4872 ἔτι
2508 4821 2605 4873 καὶ
2633 4820 2971 4893 δημηγορεῖν
3002 4822 3202 4893 τολμᾷ,
3232 4824 3300 4876 τὰ
3334 4824 3435 4895 μὲν
3461 4824 3573 4877 τῶν
3601 4824 3825 4892 πενήτων

568 4934 684 4987 que
700 4916 911 4985 aperire
932 4928 1219 4984 aggressus
1244 4913 1308 4966 ad
1332 4921 1575 4966 sanctam
1606 4911 1945 4981 Scripturam
1976 4912 2164 4979 legen-

2267 4908 2743 4981 σφετεριζόμενος,
2791 4913 2969 4984 στόμα
3016 4915 3074 4969 δὲ
3125 4917 3333 4981 ἀνοῖξαι
3390 4916 3687 4987 ἐπιχειρῶν
3738 4913 3825 4967 ὑπὸ

572 5016 710 5067 dum
745 5010 1015 5065 clausum.

2265 5002 2373 5057 τῶν
2404 5003 2442 5055 Γ
2449 5003 3071 5075 ραφῶν-κεκλεισμένον.

717 5114 926 5173 CCCI].
954 5143 1027 5155 —
1059 5099 1438 5168 DOROTHEO
1476 5110 1789 5167 CLARISS.
1832 5110 2017 5167 VIRO.
2516 5114 2637 5167 TB'.
2672 5144 2744 5157 -
2770 5115 3077 5189 ΔΩΡΟΘΕῼ
3109 5118 3605 5194 umorue.

1392 5202 1570 5271 Huius
1601 5214 1649 5258 et
1682 5203 1881 5273 futura:
1909 5206 2029 5258 vita:
2058 5204 2463 5259 dissimilitudo.
2494 5205 2673 5275 (Couf.
2703 5207 2860 5275 epist.
2888 5207 3042 5279 222.)

648 5296 1110 5367 Quemadmodum
1134 5292 1519 5349 dissimilitudo
1546 5308 1664 5362 quae
1686 5294 1849 5348 vitam
1873 5294 2162 5351 comitatur

2346 5295 2558 5367 Ὥσπερ
2588 5298 2621 5366 ὴ
2649 5298 2936 5368 ἀνωμαλία
2965 5301 2999 5371 ἡ
3024 5302 3084 5353 ὲν
3110 5302 3250 5373 τῷδε
3301 5305 3380 5375 τῷ
3430 5305 3529 5377 βίῳ
3553 5309 3825 5377 χορεύουσα

572 5391 905 5463 aqiialitatis
937 5389 1150 5444 videtur
1176 5386 1505 5452 differentia,
1541 5387 1621 5443 sic
1650 5395 1705 5441 et
1743 5388 1796 5441 in
1824 5386 2003 5441 futura
2037 5387 2144 5440 vita

2254 5385 2351 5455 τῆς
2388 5387 2631 5450 ἰσότητος
2662 5384 2800 5442 εἶναι
2842 5390 2991 5444 δοκεῖ
3044 5393 3279 5466 διαφορὰ
3325 5396 3461 5469 (88),
3503 5398 3644 5453 οὕτω
3674 5402 3759 5453 καὶ
3795 5402 3821 5466 ἡ

651 5507 699 5539 ⁷⁸
729 5504 773 5560 ll
801 5504 930 5561 Cor.
962 5519 1044 5569 ιι,
1076 5503 1167 5560 29.
1241 5503 1287 5536 ’τ
1321 5504 1445 5559 Aet.
1477 5518 1570 5567 xx,
1610 5502 1699 5558 55.
1777 5502 1825 5533 ⁷⁸
1852 5506 1972 5556 Act.
2010 5517 2089 5566 ix,
2120 5501 2208 5555 15.

2290 5501 2330 5533 ⁷³
2361 5499 2534 5573 lReg.
2563 5518 2665 5569 xit,
2689 5504 2745 5572 5,
2769 5505 2843 5574 ις
2876 5506 3048 5563 Eccli.
3090 5526 3236 5577 xui,
3266 5511 3354 5566 16.

1724 5612 1961 5669 VARUE
2002 5612 2390 5671 LECTIONES
2428 5615 2519 5671 ET
2555 5616 2793 5675 ΝΟΤᾸΕ.

655 5727 767 5798 (88)
800 5727 906 5781 Pro
959 5727 1190 5807 ᾷιαφορὰ
1225 5728 1386 5785 codd.
1435 5727 1562 5785 Vat.
1602 5725 1709 5784 650
1777 5735 1832 5782 et
1870 5726 1976 5781 Alt.
2040 5725 2222 5797 legunt

576 5798 785 5853 ἐκεῖσε.
822 5798 1028 5854 Possm.

2276 5726 2578 5802 διαφθορά*
2626 5743 2684 5790 et
2735 5749 2877 5792 vers.
2937 5751 3063 5808 pen.
3124 5751 3213 5809 ep.
3266 5739 3473 5796 ἐκεῖθεν
3530 5746 3732 5798 mutata:
3772 5737 3819 5791 in
