3982 6420
168 384 306 454 1512
1039 381 1583 445 EPISTOLARUM
1624 382 1774 442 LIB.

1852 382 1883 441 '.
1920 405 1986 417 -
2042 381 2287 443 EPIS‘l‘.
2329 382 2561 444 CCCVI.
3301 376 3438 447 15H

164 506 221 559 ὲν
248 502 329 573 τῷ
361 500 613 573 μέλλοντι
653 499 816 554 αἰῶνι
846 499 1124 570 ἀνισότης.
1154 500 1228 552 (ιύ
1268 498 1376 571 γὰρ
1410 499 1612 563 πάντες
1641 498 1751 552 τῶν

1853 504 2056 553 (eterna
2083 499 2189 553 erit
2207 498 2559 568 inaequalitas.
2589 496 2706 552 Non
2729 498 2873 553 enim
2892 498 3081 554 eadem
3102 511 3293 555 omnes
3314 514 3438 555 con-

162 594 344 650 αὐτῶν
390 591 815 647 ἀπολαύσονται.
851 590 987 644 Οὐδὲ
1029 592 1141 662 γὰρ
1168 591 1377 644 δίκαιον
1408 594 1503 644 τοί.
1562 593 1639 661 μὴ
1692 590 1753 643 τὸ

1860 598 2178 657 sequentur.
2221 589 2471 661 Iniquum
2495 588 2639 645 enim
2673 599 2822 645 esset
2863 599 2925 644 ut
2961 590 3030 646 iis
3065 590 3160 659 qui
3199 590 3439 662 disparia

164 688 275 740 ἴσον
329 683 667 753 πεποιηκόσι
712 681 776 734 τὸ
832 680 947 734 [σον
995 680 1447 752 ἀπνεμηθῆναιο
1505 679 1751 751 ίσότητός

1854 691 2166 749 gesserunt,
2217 681 2446 752 aequalia
2484 682 2841 737 tribuantur:
2886 682 3212 752 :equalitatis
3265 692 3350 739 est
3382 692 3441 738 et

171 780 286 830 ἐστι
320 775 419 829 καὶ
450 774 807 844 δικαιοσύνης
836 774 1135 839 ἀπόδειξις.
1162 773 1290 826 ANV
1325 775 1359 844 ἡ
1398 776 1497 843 μὲν
1518 772 1753 827 ἐνταῦθα

1852 772 2075 841 iustitiae
2093 775 2505 830 demonstratio.
2538 774 2741 830 Verum
2766 776 2813 831 si
2836 791 2942 846 qua
2961 776 3049 831 hic
3073 776 3440 846 inaequalitas,

164 866 448 937 ἀνωμαλία
482 865 715 936 μελέτης
736 866 830 919 καὶ
859 865 1173 936 γυμνασίας
1204 866 1368 919 ἕνεκα
1408 865 1757 937 συγκεχώρη-

1858 866 2239 923 sollicitudinis
2278 869 2797 938 exercitationisque
2841 868 3018 940 gratia
3053 869 3162 937 ﬁt;
3199 868 3271 924 ibi
3310 883 3442 925 vero

163 979 251 1013 ται
272 975 286 989 ’
329 961 363 1027 ή
395 959 452 1013 δὲ
490 959 726 1025 ἐκεῖθεν,
761 958 1112 1030 δικαιοσύνης
1139 959 1325 1013 ἕνεκεν
1350 961 1446 1013 καὶ
1468 960 1759 1032 εὐδοκιμή-

1854 957 2082 1024 Ῐιιδιίιίω
2115 973 2179 1012 ac
2205 958 2450 1027 probatae
2480 959 2602 1012 vita!
2627 958 2799 1028 gratia
2836 960 3188 1015 retribuetur.

162 1069 297 1116 σεως
326 1052 642 1121 γενήσεται.

688 1158 809 1212 TI".
850 1186 921 1199 -
953 1158 1208 1229 name.
2318 1159 2537 1217 eccm.
2588 1194 2660 1205 -
2712 1144 2965 1219 PAULo.

1100 1253 1212 1309 Deo
1245 1253 1313 1308 0.
1346 1253 1401 1308 Μ
1410 1291 1426 1307 .
1456 1271 1551 1322 pro
1583 1256 1829 1311 omnibus
1861 1259 2015 1312 rebus
2044 1260 2262 1329 agenda:
2291 1262 2501 1327 gratiae.

241 1373 332 1426 Ἐν
359 1373 486 1434 ταῖς
517 1370 654 1443 πρὸς
686 1371 750 1425 τὸ
780 1372 937 1426 Θεῖον
966 1372 1341 1445 εὐχαριστίαις
1386 1372 1492 1445 χρὴ
1539 1373 1751 1437 πάντας

1923 1372 2236 1428 Gratiarum
2272 1374 2339 1427 ad
2376 1374 2543 1428 Deum
2575 1372 2846 1428 actionem
2879 1370 3089 1428 referre
3120 1385 3223 1442 pro
3251 1373 3436 1427 omni-

165 1465 595 1532 συνεισενεγκεῖν
628 1462 658 1514 ὃ
684 1462 908 1534 ἔχομεν,
940 1463 1132 1535 ἐπειδὴ
1173 1465 1277 1519 οὐκ
1299 1464 1498 1535 ἔχομεν
1517 1463 1547 1516 ὃ
1573 1480 1752 1533 χρεω-

1854 1467 1954 1519 hus
1986 1479 2108 1534 quae
2131 1466 2395 1520 habemus
2440 1465 2716 1520 convenit.
2756 1464 2941 1536 Neque
2971 1465 3116 1521 enim
3164 1473 3448 1534 quantum

164 1558 283 1609 στοῦ
292 1574 394 1626 μεν
412 1573 427 1587 ο
462 1556 515 1609 τί
551 1556 663 1627 γὰρ
690 1558 787 1609 καὶ
811 1556 1276 1628 προσενέγκοιμεν
1296 1555 1447 1621 ἀξιον
1468 1556 1548 1627 τῷ
1566 1556 1752 1626 πάσης

1852 1556 2129 1621 debemus,
2155 1570 2468 1626 possumus.
2507 1554 2649 1622 Quid
2681 1556 2827 1611 enim
2866 1556 3197 1626 condignum
3239 1552 3436 1611 aﬂera-

163 1649 393 1719 ἀμοιϐἧς
422 1648 693 1717 κρείττονι
712 1665 727 1712 ;

1854 1642 1963 1709 tur,
2006 1645 2091 1700 cui
2124 1643 2262 1698 nihil
2295 1659 2400 1699 non
2440 1644 2714 1699 debetur?

699 1762 820 1815 TA'.
856 1792 927 1801 —
959 1762 1206 1833 ΠΕΤΡῼ.

2332 1750 2557 1807 CCCIV.
2592 1781 2661 1795 -
2689 1751 2940 1808 PETRO.

914 1852 1223 1907 Periculose
1252 1853 1519 1921 laborant,
1549 1853 1641 1922 qui
1667 1848 1804 1905 male
1829 1854 2042 1918 agentes
2082 1844 2205 1899 boni
2232 1845 2398 1899 videri
2428 1846 2668 1911 cupiunt.

228 1967 298 2019 Τὸ
319 1966 488 2033 ἄδοξα
519 1967 852 2038 πράττοντα,
887 1966 1102 2034 ἔνδοξον
1126 1965 1308 2020 δοκεῖν
1348 1960 1509 2031 εἶναι,
1539 1964 1754 2027 πολλοῖς

1930 1957 2090 2029 Optat
2116 1958 2333 2028 quidem
2358 1957 2518 2027 vulgo
2552 1955 2846 2027 gloriosum
2898 1956 3095 2023 videri,
3135 1957 3227 2027 qui
3260 1957 3436 2028 turpia

166 2060 258 2127 μὲν
279 2060 534 2112 εὐκταῖον
566 2062 750 2128 σοφοῖς
771 2059 829 2113 δὲ
858 2060 958 2112 οὐκ
984 2057 1274 2129 ἐράσμιον.
1316 2057 1384 2112 Ἦ
1412 2056 1520 2126 γὰρ
1546 2054 1745 2122 ἔξωθεν

1854 2060 2069 2120 patrat;
2131 2049 2406 2119 sapientes
2447 2057 2637 2102 contra
2684 2048 2739 2104 id
2786 2058 3130 2104 aversantur.
3180 2048 3437 2105 Extrema

162 2151 279 2219 δόξα
318 2153 423 2223 τὴν
462 2152 615 2206 ἔνδον
646 2152 866 2218 ἀδοξίαν
894 2155 1108 2223 νευροῖ·
1141 2150 1238 2205 καὶ
1262 2150 1325 2204 τὸ
1355 2150 1534 2204 δοκεῖν
1563 2150 1743 2218 ὑγιαί-

165 2259 267 2295 νειν
297 2241 395 2295 τοῦ
446 2242 617 2307 ὄντως
672 2242 940 2312 ὑγιαίνειν
972 2243 1274 2312 φαντασίαν
1304 2240 1595 2314 ἐμποιοῦν,
1623 2240 1747 2295 οὐδὲ

163 2332 457 2406 θεραπείαν
493 2333 822 2406 προσίεσθαι
862 2338 1156 2409 συγχωρεῖ.

655 2535 779 2591 τεο.
812 2566 882 2577 -
911 2537 999 2609 To
1033 2537 1237 2609 ΑΥΤῼ.

1851 2145 1996 2198 enim
2018 2142 2211 2212 g!oria,
2243 2142 2513 2195 internam
2570 2142 2896 2197 corroborat
2943 2142 3321 2209 ignominiam,
3380 2152 3441 2199 ut

1847 2236 2132 2305 persuasio
2192 2235 2258 2287 de
2329 2232 2657 2297 valetudine,
2719 2234 3048 2303 ingenerans
3119 2235 3437 2304 Opinionem

1848 2339 2015 2383 certa:
2084 2326 2358 2389 sanitatis,
2428 2326 2769 2381 curationem
2829 2335 3088 2396 appetere
3146 2343 3254 2383 non
3325 2342 3445 2397 pe;-

1852 2421 2039 2475 tnittit.

2346 2526 2549 2583 CCCV.
2579 2559 2648 2569 —
2696 2525 2932 2587 EIDEM.

977 2628 1115 2684 Bene
1138 2631 1230 2700 qui
1256 2630 1436 2696 latuit,
1467 2629 1592 2683 bene
1631 2628 1783 2683 vixit.
1819 2622 1934 2696 (Sic
1966 2621 2118 2689 epist.
2155 2619 2280 2686 £08,
2314 2619 2441 2685 562,
2476 2620 2628 2689 565.)

235 2736 452 2807 Ὥσπερ
482 2736 599 2805 εἴγε
628 2738 737 2809 χρὴ
761 2735 899 2802 ὅλως
934 2737 1356 2811 ὲναῦρύνεσθαι,
1406 2738 1510 2791 οὐκ
1546 2736 1641 2790 ἐπὶ
1666 2736 1745 2807 τῷ

165 2830 419 2900 πράττειν
448 2828 633 2893 ἁπλῶς
664 2828 699 2883 ἃ
732 2829 809 2901 μὴ
828 2830 909 2882 δεῖ
936 2830 1043 2901 χρὴ
1071 2829 1461 2901 σεμνύνεσθαι,
1494 2828 1611 2883 ἀλλ’
1651 2828 1746 2881 ἐπὶ

168 2920 241 2991 τῷ
270 2922 535 2991 πράττειν
566 2921 602 2975 ἃ
630 2926 737 2993 χρή
759 2938 772 2951 '
799 2922 915 2975 ἔστι
945 2923 1056 2993 γάρ
1085 2921 1332 2995 ἀπραξία
1354 2983 1363 2991 ⁸
1384 2920 1639 2993 πράξεως
1665 2921 1748 2975 αί-

1921 2730 1995 2788 Ut
2025 2731 2072 2786 si
2096 2729 2439 2797 gloriandum
2483 2739 2603 2794 est,
2660 2745 2768 2784 non
2808 2730 2877 2786 de
2933 2731 3000 2785 iis
3037 2731 3265 2787 omnino
3316 2747 3438 2802 qua:

1849 2822 2004 2878 nefas
2032 2822 2107 2879 sit
2135 2837 2323 2891 agere,
2372 2822 2469 2876 liat
2524 2824 2844 2888 ostentatio,
2900 2823 2994 2878 sed
3041 2824 3108 2879 de
3159 2824 3225 2880 iis
3257 2827 3440 2896 patius

1849 2929 1972 2983 quae
2002 2928 2165 2983 agere
2193 2923 2428 2983 oportet.
2470 2912 2570 2969 Est
2603 2915 2750 2969 enim
2799 2914 3039 2986 optanda
3066 2916 3441 2987 tranquillitas

168 3014 458 3086 ρετωτέρα.
492 3013 652 3067 Οῦτω
688 3014 783 3067 καὶ
813 3015 909 3067 ἐπὶ
941 3013 1019 3085 τῷ
1055 3013 1264 3080 ἀδοξεῖν
1300 3012 1486 3078 ἁπλῶς
1519 3014 1583 3065 οὐ
1638 3011 1747 3084 χρὴ

1852 3008 2029 3077 potius
2059 3020 2222 3077 quam
2261 3006 2560 3077 negotium.
2587 3005 2679 3062 Sic
2703 3017 2760 3062 et
2785 3007 3033 3078 ignotum
3063 3022 3186 3065 esse
3214 3010 3442 3066 omnino

165 3105 469 3169 λυπεῖσθαι,
518 3106 635 3160 ἀλλ’
664 3106 755 3159 ἐπὶ
804 3106 883 3177 τῷ
929 3105 1155 3170 δικαίως
1193 3105 1434 3172 ἀδοξεῖν·
1491 3104 1744 3178 ἔστιγὰρ

164 3197 340 3265 ἀδοξία
369 3196 531 3270 δόξης
557 3196 962 3269 ἀσφαλεστέρα.

625 3396 767 3465 Tq'.
804 3428 873 3442 _
898 3396 1251 3467 ΘΕΟΔΟΣΙῼ.

1854 3098 2143 3154 dolendum
2196 3113 2301 3153 non
2362 3106 2469 3163 est,
2515 3097 2624 3154 imo
2668 3101 2915 3171 ignotum
2964 3114 3086 3157 esse
3143 3101 3441 3170 optandum

1854 3190 2111 3247 maxime.
2163 3186 2359 3245 Tutius
2396 3200 2481 3246 est
2531 3190 2676 3246 enim
2728 3191 2995 3263 ignorari,
3051 3206 3214 3262 quam
3281 3193 3435 3249 fama

1775 3266 1823 3329 ο
1852 3283 2138 3339 celebrari.

2161 3391 2331 3465 652
2375 3392 2600 3449 CCCVI.
2626 3424 2697 3435 -—
2730 3391 3149 3453 THEODOSIO.

643 3487 853 3545 Lusum
884 3490 1247 3553 temperantia:
1283 3489 1565 3544 aduersum
1591 3486 1925 3559 fugiendum,
1963 3503 2058 3541 nec
2082 3486 2223 3556 vulgi
2249 3487 2447 3549 iudicio
2469 3503 2549 3541 res
2574 3487 2950 3550 ponderanda.

237 3602 300 3657 Ἥ
324 3601 534 3674 τρυφὴ,
566 3602 601 3673 ἡ
635 3604 819 3672 πάσης
846 3602 1142 3665 ἀκολασίας
1170 3602 1265 3655 καὶ
1290 3602 1475 3673 μήτηρ
1502 3600 1599 3654 καὶ
1620 3616 1747 3671 τροο

1913 3597 2097 3653 Luxus
2130 3599 2313 3655 onmis
2337 3598 2770 3669 intemperantiae
2796 3610 2972 3657 mater
3015 3612 3103 3658 est
3128 3608 3186 3657 et
3222 3600 3440 3668 nutrix.

164 3694 276 3762 φὺς,
300 3694 436 3748 ὅταν
487 3691 748 3765 τραπέζῃ
798 3692 1104 3777 πληθούσῃ,
1143 3694 1239 3747 καὶ
1282 3692 1559 3755 παντοίοις
1592 3691 1747 3761 ὄψοις

1852 3688 1935 3742 ubi
1965 3703 2154 3744 mensa
2180 3688 2403 3756 referta,
2428 3700 2484 3744 et
2502 3688 2812 3747 omnifariis
2834 3691 3083 3749 obsoniis
3110 3702 3275 3764 atque
3301 3708 3437 3750 oon-

165 3786 253 3839 καὶ
279 3786 560 3856 ἡδύσμασι
594 3783 848 3856 κομώσῃ,
876 3786 976 3857 τὴν
1007 3786 1106 3856 μὲν
1138 3784 1333 3854 γεῦσιν
1352 3784 1462 3838 τῶν
1491 3784 1746 3855 ὁρώντων

165 3878 295 3948 πρὸς
337 3877 641 3948 ἐπιθυμίαν
674 3878 897 3949 κινήσῃ,
942 3877 1035 3930 τὸν
1062 3877 1120 3930 δὲ
1149 3876 1276 3931 νοῦν
1304 3876 1415 3931 τῶν
1446 3877 1744 3948 χρωμένων

165 3970 517 4041 ὲπιὸρίθουσα
544 3970 856 4041 χρήσασθαί
877 3987 1001 4023 τινα
1032 3969 1326 4042 ἀναπείσῃ,
1349 3968 1412 4022 τὸ
1435 3968 1742 4040 τηνικαῦτα

166 4062 418 4131 ναυάγιον
466 4061 617 4133 αὐτῷ
650 4060 922 4133 προξενεῖ,
971 4062 1051 4125 είς
1082 4062 1178 4114 τὸν
1216 4058 1378 4131 βυθὸν
1403 4060 1514 4113 τῶν
1549 4058 1744 4113 παθῶν

164 4152 639 4209 καταποντίσασα·
700 4153 974 4223 φυλάττου
1023 4153 1205 4206 τοίνυν
1247 4151 1479 4225 ταύτην,
1523 4153 1618 4206 καὶ
1646 4151 1746 4222 τὴν

166 4244 496 4315 αὐτάρκειαν
527 4243 665 4314 τίμα
688 4264 703 4277 ·
734 4238 794 4297 εὗ
824 4242 1002 4308 εἰδὼς,
1028 4243 1112 4297 ὃτι
1143 4241 1268 4297 οὔτε
1295 4243 1357 4296 τὸ
1380 4242 1608 4315 αἰσχρὸν
1633 4240 1745 4298 οίόν

166 4353 221 4389 τε
271 4336 477 4406 ἀγαθὸν
527 4334 787 4404 γενέσθαι
814 4338 884 4407 τῇ
915 4334 1024 4388 τῶν
1070 4334 1420 4406 πραττόντων
1454 4334 1744 4405 συμφωνίᾳ

168 4429 560 4500 κοσμούμενον,
586 4428 691 4481 κᾶν
722 4428 924 4491 πάντες
952 4428 1182 4499 ῥήτορες
1204 4427 1301 4479 καὶ
1332 4427 1587 4495 σοφισταὶ
1616 4444 1743 4479 συν-

1842 3780 2101 3836 dimentis
2154 3786 2414 3851 superba,
2472 3792 2692 3853 gustum
2735 3784 2955 3853 quidem
2993 3786 3324 3842 intuentium
3362 3788 3433 3843 ad

1840 3871 2205 3941 appetendum
2251 3874 2643 3943 commoverit,
2696 3875 2965 3931 utentium
3023 3892 3157 3934 vero
3196 3888 3437 3936 mentem

1848 3979 2196 4034 praegravans
2216 3966 2285 4019 ad
2319 3966 2578 4022 utendum
2605 3968 2917 4039 quempiam
2965 3968 3268 4037 induXerit,
3308 3958 3440 4028 tunc

1851 4056 2193 4126 naufragium
2249 4058 2348 4125 ipsi
2404 4068 2591 4129 parat,
2666 4060 2724 4115 in
2795 4061 3125 4131 profundum
3171 4064 3440 4120 malarum

1846 4147 2194 4203 allectionum
2271 4150 2616 4221 demergens.
2690 4151 2903 4208 Luxum
2980 4155 3168 4225 itaque
3236 4156 3439 4220 devita.

1844 4249 2133 4296 contentus
2177 4255 2244 4294 eo
2287 4242 2432 4309 quod
2485 4252 2570 4299 est
2608 4246 2748 4329 satis
2784 4260 2800 4298 :
2852 4245 3024 4314 probe
3084 4257 3438 4317 perspectum

1844 4331 2051 4386 habens
2074 4331 2217 4400 quod
2242 4341 2399 4401 turpe
2419 4341 2527 4396 est.
2559 4333 2763 4387 bonum
2782 4331 2924 4388 emci
2946 4348 3225 4404 nunquam
3253 4350 3439 4405 posse.

1842 4438 2109 4481 consensu
2135 4439 2331 4481 causas
2361 4426 2641 4495 agentium
2673 4435 3024 4495 exornatum,
3056 4428 3161 4484 etsi
3187 4437 3441 4485 oratores

166 4522 557 4589 αγωνίξωνται·
616 4520 742 4574 οῦτε
770 4520 834 4574 τὸ
863 4519 1029 4573 καλὸν
1060 4520 1452 4591 μεταπεσεῖται
1480 4519 1561 4582 είς
1583 4519 1743 4572 τούν-

1852 4532 2042 4573 onmes
2106 4527 2275 4588 atque
2332 4516 2589 4589 sophista:
2642 4516 2911 4576 laudando
2945 4520 3300 4575 contendant.
3347 4519 3443 4576 Sic

173 4611 361 4678 αντίον,
409 4611 515 4664 κᾶν
556 4606 639 4674 εἷς
672 4610 856 4681 μόνος,
905 4609 1111 4681 μᾶλλον
1138 4609 1197 4663 δὲ
1223 4608 1349 4681 μηδ’
1375 4604 1456 4673 εἷς
1481 4610 1739 4680 φαίνηται

169 4702 347 4757 τούτου
374 4703 636 4775 ἐραστής.
667 4703 873 4774 Παρεὶς
899 4704 1082 4755 τοίνυν
1118 4702 1222 4773 τὴν
1253 4702 1365 4757 τῶν
1394 4700 1609 4756 πολλῶν
1635 4701 1742 4774 ψῆ-

170 4810 280 4861 φον,
317 4794 491 4865 αὐτῆς
521 4794 649 4865 ἔχου
680 4794 781 4865 τῆς
809 4793 1043 4865 ἀρετῆςο
1077 4794 1174 4847 καὶ
1208 4793 1386 4847 πάντα
1430 4794 1532 4865 μὲν
1570 4793 1738 4861 ποίει,

171 4886 256 4939 καὶ
291 4887 506 4958 μυρίοις
554 4884 856 4956 ὀφθαλμοῖς
886 4884 955 4939 τὰ
987 4885 1132 4939 κατά
1167 4886 1365 4939 σαυτὸν
1390 4885 1736 4956 περισκόπει,

167 4976 303 5040 ὅπως
322 4978 561 5049 μηδεμία
586 4976 740 5046 παρά
763 4976 859 5030 σοῦ
882 4979 992 5041 τοῖς
1025 4976 1197 5040 πέλας
1220 4976 1517 5048 ἐπιφύηται
1542 4978 1739 5049 βλάϐη,

166 5067 239 5137 τῷ
264 5071 448 5124 πᾶσαν
496 5069 799 5123 σκανδάλου
838 5069 998 5141 ῥίζαν
1051 5068 1365 5140 ἐκτέμνειν.
1420 5072 1483 5124 Εἰ
1513 5070 1572 5125 δὲ
1596 5070 1742 5125 οὕτω

170 5170 256 5213 σου
278 5160 650 5233 διακειμένου,
677 5164 823 5225 τινὲς
854 5161 966 5214 τῶν
995 5161 1163 5233 μηδὲν
1210 5162 1311 5234 μὲν
1341 5162 1546 5231 ἀγαθὸν
1568 5181 1742 5235 πρατ-

165 5253 376 5323 τόντων,
420 5257 535 5317 τοῖς
579 5255 637 5309 δὲ
678 5255 985 5327 πράττουσι
1028 5254 1370 5325 φθονούντων
1414 5256 1739 5328 κατηγορῶ-

169 5361 217 5398 σι
246 5345 378 5419 (89),
420 5346 497 5419 μὴ
534 5345 679 5400 δίδου
712 5345 911 5401 σαυτὸν
955 5345 1173 5399 ἔκδοτον
1213 5349 1281 5418 τῇ
1312 5345 1559 5419 ἀθυμίᾳ’
1601 5348 1739 5402 ἀλλά

168 5436 256 5490 καὶ
276 5438 482 5510 ταύτην
504 5436 770 5509 γενναίως
795 5436 1020 5506 ἔνεγκον
1036 5436 1131 5492 τοῦ
1152 5437 1353 5508 ἐχθροῦ
1382 5438 1484 5509 τὴν
1509 5439 1745 5493 £00060-

1848 4628 1950 4667 nec
1986 4613 2186 4668 bonum
2225 4628 2346 4669 cum
2379 4612 2523 4668 malo
2570 4614 2845 4681 convenit,
2899 4613 3007 4669 etsi
3043 4629 3205 4683 unus,
3253 4629 3319 4671 ac
3371 4631 3443 4672 ne

1848 4721 1992 4762 unus
2045 4706 2265 4777 quidem
2306 4705 2433 4762 boni
2485 4720 2682 4762 amans
2718 4706 3134 4778 ,studiosusque
3180 4708 3439 4769 exsistat.

1847 4795 2139 4853 Multorum
2171 4798 2359 4869 itaque
2402 4798 2587 4854 valere
2610 4798 2765 4868 iussa
2802 4798 3063 4871 opinione
3104 4800 3295 4857 virtuti
3336 4803 3439 4874 ipsi

1849 4890 2092 4956 haereas,
2151 4892 2447 4961 omniaque
2495 4901 2718 4963 satage,
2774 4903 2937 4964 teque
2987 4892 3169 4963 ipsum
3217 4905 3439 4951 centum

1849 4984 2222 5056 contemplare
2250 4985 2444 5055 oculis,
2491 5001 2562 5042 ne
2599 5002 2706 5057 qua
2757 4987 2853 5043 tibi
2894 5002 2927 5043 a
2974 4989 3243 5059 proximis
3274 4990 3441 5045 obve-

1853 5075 1969 5129 niat
2021 5075 2337 5149 calamitas,
2397 5086 2458 5132 ut
2529 5092 2751 5133 omnem
2812 5078 3135 5137 offensionis
3198 5081 3438 5138 radicem

1847 5166 2159 5222 exscindas.
2194 5165 2253 5223 Si
2294 5182 2424 5223 vero
2459 5177 2510 5224 te
2542 5169 2617 5227 ita
2643 5170 2897 5226 aﬂ'ectum
2931 5171 3098 5242 aliqui
3127 5187 3316 5229 eorum
3347 5176 3439 5245 qui

1848 5258 1985 5313 nihil
2047 5258 2175 5316 boni
2234 5270 2425 5332 agunt,
2482 5261 2580 5319 sed
2633 5264 2771 5318 bene
2814 5264 3103 5334 agentibus
3171 5265 3440 5330 invident,

1846 5362 2129 5416 accusent,
2166 5353 2410 5408 animum
2441 5370 2508 5410 ne
2541 5355 2902 5427 despondeas,
2960 5358 3055 5412 sed
3101 5356 3245 5412 hunc
3272 5371 3440 5428 gene-

1851 5457 1977 5497 τοδε
2003 5441 2152 5498 feras
2175 5444 2383 5502 inimici
2416 5445 2703 5517 insultum,
2735 5448 2984 5520 cogitans
3018 5462 3144 5505 eum
3192 5448 3297 5506 ista
3332 5462 3441 5505 non

1255 5593 1492 5651 VARl/E
1533 5594 1923 5654 LECTIONES
1953 5596 2041 5652 ΕΤ
2072 5596 2307 5655 NOTAE.

200 5751 344 5836 .(89)
386 5755 511 5836 “Pro
586 5755 957 5829 κατηγοροῦσι
1032 5756 1319 5833 scribunt.
1365 5754 1526 5813 iidem
1591 5773 1777 5831 κακηγ

1852 5757 2006 5826 οὖσι,
2070 5768 2126 5817 et
2177 5774 2322 5819 vers.
2355 5769 2478 5833 post
2533 5762 2567 5819 5
2606 5762 2872 5836 χρήσαιτο
2948 5770 3151 5835 augent
3230 5775 3441 5833 praepa-

384 5827 596 5884 Possm.

475 5922 748 5985 Parnoc.
798 5923 919 5984 Gn.
971 5920 1306 5983 LXXVIII.

173 5827 272 5878 tito
296 5827 341 5883 ὲ.

3042 5920 3183 6003 ts
