3982 6420
540 354 683 424 1515
1780 357 1840 417 S.
1882 356 2112 416 ISIDO]

2215 355 2657 418 ΡΕΙᾸΙΞΙΟΤίΕ
3654 355 3767 424 1516

541 474 620 528 uti
646 469 1060 534 machinatione,
1098 477 1156 524 ut
1187 469 1450 525 munitam
1487 470 1985 528 administrationis
2015 483 2113 528 tum

2193 521 2198 534 ,
2225 474 2345 546 λὴν,
2379 474 2598 536 ἐννοῶν,
2626 474 2708 526 ὅτι
2741 472 2841 524 οὐκ
2873 471 2939 526 ἂν
2969 473 3139 545 ταύτῃ
3192 477 3452 546 χρήσαιτο
3476 476 3539 547 τῇ
3578 482 3765 549 μηχανῇ

543 565 809 621 rationem
865 571 1105 629 evertat,
1154 563 1259 617 nisi
1309 564 1737 620 existimationis
1801 576 1906 621 tuae
1954 566 2115 638 gloria

2236 568 2374 638 πρὸς
2391 567 2453 619 τὸ
2476 565 2808 620 καταϐαλεῖν
2827 583 2920 620 σου
2937 566 3036 636 τὴν
3059 570 3492 638 πεπυργωμένην
3509 569 3762 632 πολιτείαν,

542 670 887 726 summopere
911 669 1033 710 eum
1067 657 1370 712 incesserit.

2236 661 2285 710 εί
2313 659 2388 728 μὴ
2417 657 2605 728 ἄκρως
2627 656 2792 712 αὐτοῦ
2816 656 3128 728 καθάψαιτο
3148 659 3248 728 τῆς
3283 659 3382 728 σῆς
3414 660 3766 731 εὐδοκιμήσεις

2233 751 2292 804 τὸ
2334 750 2508 814 κλέος.
2836 752 2842 757 ’

939 855 1180 916 CCCVI].
1221 888 1291 901 -—-
1328 856 1722 914 EVANGELO.

2712 861 2832 918 TZ'.
2869 891 2938 902 —
2962 861 3341 933 ΕΥΑΓΓΕΛῼ.

1565 948 1664 1003 Dei
1701 946 1768 1004 0.
1803 947 1882 1004 Μ.
1923 965 2047 1019 erga
2079 949 2432 1021 delinquentes
2481 951 2790 1017 benignitas.

621 1061 733 1117 Etsi
772 1061 986 1117 dimcile
1007 1071 1090 1118 est
1120 1059 1419 1131 neglectam
1471 1075 1732 1116 revocare
1777 1074 2126 1117 occasionem

2311 1065 2374 1116 Εί
2402 1064 2499 1117 καὶ
2523 1067 2584 1116 οὐ
2616 1063 2799 1134 ῥᾳδιον
2846 1063 3216 1133 περιοφθέντα
3248 1061 3439 1133 καιρὸν
3471 1061 3765 1118 ἀνακαλέσα-

543 1156 746 1229 (subito
768 1156 915 1211 enim
952 1155 1158 1225 impetu
1187 1169 1282 1210 usa
1315 1170 1420 1210 non
1458 1153 1591 1210 sinit
1623 1152 1808 1224 lapsos
1841 1167 2115 1210 recurrert

2242 1155 2367 1209 σθαι
2407 1155 2665 1228 (ὀξυτάτῃ
2701 1155 2808 1226 γὰρ
2841 1157 2988 1228 φορᾷ
3015 1153 3304 1225 χρώμενος
3346 1154 3447 1208 οὐκ
3478 1155 3538 1224 ἐᾷ
3573 1154 3764 1226 ἀναδρα-

545 1247 614 1301 ad
640 1246 1079 1301 emendationem
1110 1245 1504 1315 peccatorum),
1526 1244 1708 1299 divina
1754 1251 1934 1298 tamen
1971 1243 2117 1298 beni-

2239 1244 2364 1311 μεῖν
2393 1242 2521 1305 τοὺς
2561 1242 2903 1307 πταίσαντας
2955 1242 3050 1296 ἐπὶ
3087 1243 3185 1314 τήν
3237 1242 3346 1295 τῶν
3395 1242 3767 1314 ἁμαρτηθέντων

547 1335 726 1405 gnitas
747 1334 980 1398 rationi.
1027 1333 1129 1403 legi
1176 1348 1242 1388 ac
1281 1335 1614 1404 temporibus
1643 1340 1907 1402 praestans
1937 1333 2119 1402 resipi-

2236 1330 2636 1403 ἐπανόρθωσιν)
2659 1348 2672 1361 ·
2703 1331 2842 1388 ἀλλά
2871 1349 2936 1402 γε
2970 1333 3004 1402 ή
3035 1332 3156 1386 θεία
3186 1329 3560 1402 φιλανθρωπία
3586 1335 3670 1388 καὶ
3699 1335 3763 1387 id.

549 1434 767 1480 sceutes
810 1423 1028 1494 recipit,
1059 1422 1387 1494 illorumque
1427 1422 1720 1479 sedulitate
1764 1436 1829 1478 ac
1850 1422 2121 1492 diligentia

2238 1440 2353 1492 γων
2401 1424 2496 1475 καὶ
2545 1423 2726 1494 νόμων
2771 1423 2868 1477 καὶ
2912 1424 3125 1494 χρόνων
3170 1425 3440 1495 κρείττων
3478 1427 3764 1495 τυγχάνουσα

546 1517 822 1587 propriam
871 1513 990 1584 ejus
1031 1514 1330 1570 bonitatem
1363 1514 1798 1577 commiscendo,
1843 1513 2118 1583 temporis-

2239 1516 2366 1577 τοὺς
2417 1514 2930 1584 μεταγινώσκοντας
2983 1516 3308 1588 προσίεται,
3357 1517 3452 1570 καὶ
3489 1520 3550 1587 τῇ
3589 1518 3769 1570 ἐκείνων

548 1618 654 1671 que
686 1601 1008 1672 compendio
1038 1601 1369 1670 paenitentia:
1420 1600 1587 1656 robur
1616 1601 1779 1656 veluti
1824 1612 2120 1670 temperans

2241 1607 2526 1677 προθυμίᾳ
2553 1607 2651 1678 τὴν
2684 1609 2892 1662 οίκείαν
2921 1608 3238 1678 ἀγαθότητα
3259 1609 3676 1678 ἐγκαταμίξασα,
3699 1612 3771 1663 καὶ

548 1703 712 1764 atque
744 1694 1100 1760 concinnans,
1132 1693 1372 1762 peccatis
1391 1693 1599 1762 praebet
1629 1693 1982 1750 medicinam.

2239 1698 2318 1769 τῷ
2350 1698 2547 1769 βραχεῖ
2562 1697 2738 1769 χρόνῳ
2762 1699 2823 1751 τὸ
2844 1698 3060 1753 εῠτονον
3081 1700 3185 1769 τῆς
3210 1700 3500 1770 μετανοίας
3512 1700 3768 1774 κεράσασα,

2166 1799 2210 1855 Β
2241 1788 2540 1860 θεραπείαν
2565 1787 2752 1857 ὀρέγει
2786 1792 2901 1852 τοῖς
2930 1791 3248 1844 πταίσασιν.

797 1898 1067 1956 CCCVI".
1103 1926 1173 1938 —
1213 1893 1489 1952 lSlDORO
1517 1895 1873 1953 EPISCOPO.

2573 1897 2702 1952 TH'.
2735 1929 2803 1939 —
2824 1899 3082 1968 ΙΣΙΔΩΡῼ
3112 1899 3487 1970 ΕΠΙΣΚΟΠῼ.

926 1991 1142 2046 Sincere
1169 1990 1383 2044 verbum
1410 1989 1507 2045 Dei
1541 1989 1932 2053 proferendum,
1964 1998 2148 2042 contra
2181 1989 2429 2048 falsarios
2460 1997 2658 2044 sancta:
2698 1988 2898 2058 Script.
2930 1987 3092 2058 (Vide
3124 1989 3274 2058 epist.
3301 1988 3455 2058 295.)

619 2101 722 2168 Qui
753 2099 846 2155 Dei
879 2099 1100 2154 oracula
1122 2098 1205 2154 vel
1227 2100 1537 2154 adulterare
1563 2097 1648 2152 vel
1687 2097 1821 2150 falso
1858 2105 2128 2163 interpre-

2315 2095 2380 2148 Οί
2409 2096 2539 2159 τοὺς
2582 2095 2762 2159 θείους
2791 2096 2823 2167 ἢ
2853 2096 3262 2166 παραποιῆσαι,
3295 2097 3332 2167 ἢ
3376 2096 3772 2168 παρερμηνεῦσαι

551 2192 653 2247 tari
708 2198 836 2246 sunt
867 2188 1020 2252 ausi,
1073 2187 1249 2257 majus
1297 2186 1446 2242 omni
1495 2186 1811 2241 defensione
1854 2192 1908 2238 et
1964 2184 2122 2248 venia

2233 2187 2524 2258 χρησμοὺς
2546 2187 2945 2257 τολμήσαντες,
2998 2187 3183 2259 πάσης
3219 2187 3520 2257 ἀπολογίας
3557 2189 3638 2242 καὶ
3664 2207 3767 2257 συγ.

542 2285 806 2340 delictum
830 2281 1243 2337 commiserunt.
1294 2278 1430 2333 Nam
1475 2279 1840 2334 existimando
1895 2292 1954 2330 se
2002 2276 2114 2346 quit

2235 2277 2466 2348 γνώμης
2492 2277 2759 2332 ἔπταισαν
2786 2279 3010 2350 μείζονα
3028 2296 3041 2310 ·
3071 2278 3151 2350 τῷ
3176 2279 3288 2350 γὰρ
3321 2280 3557 2351 νομίζειν
3583 2280 3772 2348 σοφώτε-

551 2375 846 2442 sapientius
895 2373 1260 2443 excogitasse,
1303 2381 1359 2426 et
1402 2371 1649 2440 seipsos,
1685 2380 1739 2423 et
1797 2385 1890 2424 eos
1927 2370 2123 2438 quibus

2236 2371 2328 2442 ρόν
2350 2388 2404 2424 τι
2429 2373 2843 2442 ἐπινενοηκέναι
2864 2372 2958 2426 καὶ
2977 2371 3206 2437 ἑαυτοὺς
3231 2373 3332 2426 καὶ
3358 2374 3483 2438 τοὺς
3506 2374 3773 2438 πεισθέντας

551 2475 945 2541 persuaserunt
982 2465 1037 2520 in
1070 2465 1294 2535 pelagus
1324 2463 1554 2518 inscitia;
1585 2463 1953 2533 proiecerunt.
1997 2459 2123 2513 Mul-

2236 2467 2316 2528 είς
2350 2465 2410 2518 τὸ
2457 2465 2557 2535 τῆς
2589 2465 2832 2535 ἀμαθίας
2881 2463 3115 2536 ἔρριψαν
3163 2464 3428 2534 πέλαγος.
3478 2467 3662 2530 Πολλὰς
3688 2468 3770 2534 γὰρ

553 2573 635 2614 tas
656 2560 800 2614 enim
850 2571 1131 2613 sacrorum
1156 2555 1510 2627 jeloquiorum
1573 2555 1872 2608 sententias
1910 2567 2125 2620 ρει-νοτε

2242 2557 2434 2627 ῥήσεις
2485 2555 2595 2607 τῶν
2652 2555 2810 2625 ἱερῶν
2869 2553 3067 2622 λογίων
3132 2555 3634 2626 παρακρουόμενοι,
3673 2558 3769 2618 τοὺς

553 2663 749 2716 tentes,
787 2650 1067 2705 auditores
1089 2663 1198 2719 quo
1230 2647 1422 2702 volunt
1452 2647 1734 2701 trahentes
1767 2655 1820 2699 et
1850 2652 2125 2713 cogentes,

2241 2644 2540 2709 ἀκούοντας
2569 2644 2898 2708 ἑλκύσαντες
2925 2644 3062 2715 πρὸς
3095 2644 3234 2716 ὅπερ
3267 2645 3558 2716 ἠθέλησαν,
3579 2648 3658 2700 καὶ
3684 2647 3771 2715 βια-

553 2761 580 2796 a
636 2742 920 2796 voluntate
964 2738 1297 2810 legislatoris
1328 2739 1678 2800 aberrarunt,
1720 2750 1827 2791 non
1874 2751 1996 2805 qua:
2056 2733 2125 2788 illi

2237 2740 2492 2810 σάμενοι,
2527 2737 2622 2792 τοῦ
2653 2737 2996 2809 βουλήματος
3025 2735 3118 2789 τοῦ
3159 2737 3462 2807 νομοθέτου
3483 2740 3769 2810 διήμαρτον·

551 2837 747 2904 placita
785 2835 1024 2901 fuerunt,
1058 2841 1302 2903 agentes,
1335 2831 1430 2887 sed
1457 2829 1768 2886 voluntates
1798 2841 1930 2884 suas
1955 2825 2123 2883 stabi-

2238 2828 2303 2880 ού
2332 2827 2402 2882 τὰ
2443 2829 2638 2900 ἐκείνῳ
2678 2829 2910 2895 δόξαντα
2944 2827 3278 2897 φράσαντες,
3313 2828 3451 2886 ἀλλά
3475 2833 3567 2894 τὰς
3605 2829 3771 2882 ἑαυτῶν

555 2928 770 2981 lientes.

2238 2918 2522 2991 βουλήσεις
2553 2919 2925 2991 κυρώσαντες.

695 3033 857 3106 653
883 3029 1108 3089 CCCIX.
1144 3060 1214 3072 —
1246 3027 1598 3086 ARABIANO
1637 3025 1990 3084 EPISCOPO.

1966 3039 1990 3080 ν.
2512 3029 2638 3081 ΤΘ’.
2676 3059 2744 3068 -
2773 3028 3127 3101 ΑΡΑΒΙΛΝῼ
3166 3031 3538 3101 ΕΠῘΣΚΟΠῼ.

1153 3125 1555 3182 Adhartatianes
1581 3138 1684 3192 quo
1707 3115 1964 3176 orationis
1989 3137 2172 3192 genere
2199 3122 2508 3177 scribendw.
2537 3122 2690 3193 (Sup.

1655 3139 1684 3177 ο
1707 3115 1964 3176 orationis
1989 3137 2172 3192 genere
2199 3122 2508 3177 scribendw.
2537 3122 2690 3193 (Sup.
2730 3123 2882 3190 epist.
2916 3123 3038 3188 145,
3074 3123 3225 3192 217.)

625 3239 1072 3296 adhortationem
1130 3234 1459 3291 scribentem
1509 3232 1667 3285 decet
1721 3230 1881 3299 quasi
1933 3220 2197 3284 clarumi

2198 3218 2217 3279 Ξ
2319 3231 2439 3302 Χρὴ
2491 3231 2584 3284 τὸν
2649 3229 2977 3302 παραίνεσιν
3028 3230 3348 3301 γράφοντα,
3411 3230 3504 3296 arts
3566 3230 3770 3298 λαμπρᾶς

555 3342 876 3390 tractantem
907 3336 1287 3401 argumentum
1319 3323 1478 3394 (nihil
1508 3323 1652 3377 enim
1687 3321 1954 3374 illustrius
1975 3334 2127 3388 quam

2247 3325 2554 3394 ἀπτόμενον
2596 3323 2910 3386 ὑποθέσεως
2948 3321 3124 3393 (οὐδὲν
3170 3322 3280 3393 γὰρ
3316 3322 3667 3394 λαμπρότερον
3699 3319 3768 3373 τοῦ

556 3427 900 3479 aberrantem
955 3429 1193 3475 mentem
1246 3416 1298 3470 in
1347 3414 1594 3469 veritatis
1653 3427 1910 3467 revocare
1966 3410 2128 3478 viam]

2245 3418 2424 3488 ψυχὴν
2472 3415 2902 3487 πεπλανημένην
2935 3417 3311 3484 ἐπαναγαγεῖν
3341 3417 3422 3479 είς
3441 3417 3536 3486 τὴν
3567 3416 3649 3485 τῆς
3671 3414 3770 3481 ἀλη-

554 3529 806 3571 sermone
838 3513 1054 3584 quidem
1085 3511 1244 3580 pleno
1277 3508 1367 3563 ubi
1408 3505 1626 3575 expedit
1671 3504 1960 3567 inhaerere,
1999 3503 2126 3556 indi-

2247 3508 2398 3572 θείας
2435 3508 2574 3577 ὁδὸν)
2619 3507 2934 3571 πλεονάζειν
2966 3506 3064 3575 μὲν
3107 3505 3187 3576 τῷ
3221 3505 3396 3576 λόγῳ,
3441 3507 3566 3559 ὅπου
3603 3503 3767 3573 διατρί-

554 3622 684 3664 care
721 3621 854 3662 vero
897 3605 1159 3660 duntaxat
1215 3601 1302 3654 ubi
1339 3599 1502 3653 fuerit
1531 3607 1918 3666 opportunum,
1974 3606 2026 3647 et
2053 3595 2126 3647 via

2246 3599 2363 3653 6ειν
2391 3595 2693 3668 συμφέρειο
2747 3594 3096 3666 παραδηλοῦν
3142 3596 3199 3648 δὲ
3252 3596 3437 3665 μόνον,
3469 3594 3586 3648 ἔνθα
3623 3593 3768 3646 τούτου

559 3699 773 3769 quidem
822 3712 886 3753 ac
918 3697 1129 3751 ratione
1160 3691 1416 3746 utendum
1452 3689 1542 3744 ubi
1587 3698 1673 3743 est
1702 3701 1837 3755 opus
1877 3701 2131 3754 compen-

2247 3691 2332 3761 εἴη
2360 3690 2585 3761 καιρόςο
2611 3687 2706 3748 καὶ
2732 3687 3042 3759 μεθοδεύειν
3084 3687 3207 3758 μὲν,
3225 3688 3366 3740 ὅπου
3395 3684 3771 3757 μεταχειρήςεως

557 3793 666 3847 dio.
707 3791 912 3858 Aperte
941 3800 1072 3838 vero
1101 3784 1287 3838 dicere
1330 3792 1685 3849 quacumque
1715 3777 1864 3832 clare
1898 3776 2129 3847 proferri

2248 3783 2442 3854 χρεία·
2489 3781 2791 3852 διαρρήδην
2835 3778 2892 3831 δὲ
2943 3778 3142 3846 λέγειν,
3190 3779 3291 3831 ὅσα
3356 3777 3539 3846 σαφῶς
3589 3774 3768 3846 ῥηθῆναι

560 3882 800 3936 maxime
844 3879 1053 3934 deceat.
1087 3875 1246 3930 Hisce
1289 3874 1434 3928 enim
1469 3885 1599 3926 usus
1633 3870 1898 3924 orationis
1927 3869 2132 3922 virtuti-

2246 3871 2727 3945 πρεπωδέστατον.
2754 3868 2928 3932 Μόλις
2963 3868 3071 3939 γὰρ
3098 3868 3331 3932 ταύταις
3356 3871 3472 3931 ταῖς
3498 3868 3687 3936 ἀρεταῖς
3701 3861 3770 3916 τοῦ

557 3977 656 4030 bus
690 3974 778 4027 vix
811 3972 989 4025 adhuc
1031 3976 1193 4037 queat
1237 3966 1478 4018 animum
1526 3961 1872 4033 passionibus
1916 3963 2129 4016 immer-

2242 3966 2402 4034 λόγου
2441 3961 2722 4036 χρώμενος
2745 3960 2998 4031 δυνηθείη
3025 3960 3206 4032 ψυχὴν
3238 3959 3348 4014 ὑπὸ
3371 3960 3477 4014 τῶν
3509 3959 3672 4018 παθῶν
3699 3956 3769 4027 βε-

558 4083 675 4122 sum
711 4065 1019 4122 extrahere.
2245 4056 2628 4127 ϐαπτισμένην
2662 4052 3057 4125 ἀνιμήσασθαι.

962 4175 1168 4232 CCCX.
1201 4203 1273 4215 —
1304 4164 1730 4227 SYMMACHIO.

2724 4159 2829 4218 Τι’.
2859 4191 2930 4201 -
2961 4162 3355 4234 smmum.

1677 4256 1919 4313 Ccelestia
1949 4258 2134 4316 spretis
2169 4255 2380 4310 caducis
2405 4255 2710 4309 auwrenda.

632 4377 828 4433 Omnia
864 4378 916 4431 in
958 4376 1140 4437 terris,
1185 4379 1246 4425 ut
1291 4368 1510 4433 scribis,
1556 4367 1844 4421 mutationi
1878 4375 2004 4421 sunt
2042 4367 2142 4420 ob-

2334 4366 2423 4426 Ὠς
2454 4364 2580 4433 φὴς,
2601 4364 2648 4414 εί
2677 4362 2785 4415 τῶν
2810 4363 2909 4432 μὲν
2935 4362 3064 4415 καθ’
3099 4365 3248 4433 ἡμᾶς
3280 4367 3314 4435 ή
3357 4365 3610 4436 μεταϐολὴ
3627 4363 3769 4432 κυρία,

559 4472 748 4536 noxia;
799 4468 1040 4523 eceleslia
1090 4478 1220 4520 vero
1271 4477 1378 4516 non
1440 4461 1592 4514 item.
1648 4456 1818 4524 Quam
1869 4459 2032 4528 igitur
2076 4459 2128 4512 ol

2199 4457 2319 4512 )τά
2362 4455 2419 4509 δὲ
2458 4455 2688 4526 ούρὰνια
2736 4453 3041 4524 μεταϐολῆς
3082 4455 3346 4524 τυγχάνει
3388 4455 3681 4526 κρείττοναο
3718 4450 3771 4501 δι’

558 4575 802 4621 causam,
850 4559 933 4610 vir
985 4555 1222 4624 sapiens,
1271 4568 1375 4606 non
1423 4546 1728 4624 contemnis
1781 4553 2018 4609 terrena,
2058 4545 2130 4597 ill:

2249 4550 2316 4618 ἢν
2352 4546 2558 4610 αἰτίαν,
2603 4539 2648 4598 ὦ
2677 4544 2981 4614 σοφώτατε,
3026 4546 3102 4617 μὴ
3133 4546 3244 4600 τῶν
3299 4547 3397 4617 μὲν
3440 4545 3767 4616 καταφρονεῖς,

558 4664 688 4703 vero
716 4658 918 4702 aeterna
945 4645 1130 4700 animo
1169 4637 1551 4710 complecteris
1576 4643 1633 4689 et
1660 4634 1917 4704 operibus
1961 4633 2130 4688 ﬁrmas

2248 4639 2358 4694 τῶν
2388 4639 2446 4692 δέ
2478 4637 2743 4708 ἐκθύμως
2787 4638 3044 4710 περιέχῃ,
3082 4638 3175 4690 καὶ
3223 4637 3464 4708 βεϐαιοῖς
3497 4640 3601 4701 τοῖς
3627 4636 3768 4707 ἔργοις

558 4739 876 4794 sermones?

2248 4733 2373 4794 τοὺς
2396 4731 2587 4800 λόγους
2609 4748 2623 4798 ;

561 4830 786 4888 eccxn.
836 4860 904 4870 —
952 4821 1426 4894 MARTINIANO,
1484 4815 1775 4882 zosmo,
1841 4817 2133 4889 manem,

2127 4862 2141 4889 ,
2355 4822 2507 4875 TlA'.
2546 4851 2617 4864 —
2641 4822 3401 4894 nlAPTmIANe,_zn:IMQ,
3430 4820 3688 4884 marem,

1143 4893 1561 4952 EUSTATHIU.

2872 4892 3222 4963 ΕΥΣΤΑΘΙῼ.

1513 4991 1593 5043 Ad
1623 4990 1812 5044 bonam
1847 4987 2050 5058 frugem
2082 4985 2620 5053 existimationemque
2663 4985 2868 5041 invitat.

633 5105 817 5162 Nostis
851 5104 1027 5158 virum
1060 5101 1246 5156 virtuti
1278 5103 1331 5155 in
1361 5097 1551 5168 primis
1582 5095 1846 5161 deditum,
1876 5111 1905 5148 a
1935 5110 2146 5150 summa

2327 5093 2498 5159 Ἴσθε,
2535 5093 2610 5156 ώς
2642 5091 2931 5163 ἄνθρωπος
2956 5091 3217 5163 ἀλήθειαν
3243 5094 3342 5166 μέν
3373 5093 3458 5148 ἀεὶ
3481 5090 3763 5164 πρεσϐεύων,

563 5197 920 5257 maledicendi
963 5193 1194 5250 audacia
1226 5192 1385 5262 longe
1417 5189 1672 5258 alienum,
1708 5188 1863 5257 cujus
1900 5187 2135 5242 testimo-

2256 5185 2605 5256 κακηγορίαν
2641 5183 2697 5237 δέ
2743 5184 3247 5254 ἀποστρεφόμενος,
3281 5185 3338 5237 ὃν
3373 5185 3490 5237 οὐδὲ
3530 5179 3762 5254 παραγρὰκ

564 5277 714 5350 nium
745 5289 1064 5361 exceptione
1099 5286 1295 5355 majus,
1328 5298 1426 5338 vos
1457 5297 1629 5351 nuper
1656 5289 1713 5334 ut
1753 5279 2028 5364 improbos
2064 5292 2136 5332 re-

2253 5277 2462 5348 ψασθαί
2512 5295 2598 5340 τις
2652 5275 2930 5346 δυνηθείη,
2967 5276 3063 5346 τὴν
3101 5277 3372 5347 ὑμετέραν
3400 5277 3580 5348 πρώην
3613 5275 3765 5340 ἐξεκω-

564 5359 924 5458 prehendisse
971 5381 1057 5436 his
1095 5378 1210 5433 fere
1252 5375 1435 5431 verbis
1467 5391 1480 5427 :
1517 5372 1641 5428 lllos
1684 5373 1903 5444 quidem
1941 5359 2136 5442 peperit

2257 5366 2423 5439 μῴδει
2455 5365 2570 5436 (90)
2617 5364 2947 5434 φαυλότητα,
2985 5365 3194 5434 λέγων’
3247 5367 3326 5419 ὅτι
3375 5365 3600 5426 ἐκείνοπ
3640 5359 3765 5415 κακία

566 5455 909 5550 improbitas,
954 5473 1263 5530 enutrivere
1298 5483 1426 5524 vero
1470 5464 1686 5522 scelesti
1723 5462 2138 5531 cxsecrandique

2264 5460 2362 5531 μὲν
2400 5457 2579 5524 ὥδινε,
2629 5457 2862 5528 πονηροὶ
2892 5457 2948 5510 δέ
3002 5458 3098 5511 καὶ
3129 5457 3409 5512 ἀτίθασσοι
3445 5455 3767 5527 ἐτιθηνήσαντο

1697 5622 1934 5680 vanus
1978 5579 2364 5676 LECTIONES
2405 5617 2493 5672 ET
2533 5615 2768 5671 Nam.

642 5796 755 5866 (90)
788 5794 903 5851 Duo
935 5809 1076 5866 saepe
1112 5791 1314 5851 laudati
1347 5791 1505 5850 codd.
1535 5788 1931 5863 ἐξεκωμῴδησε
1965 5785 2146 5855 legunt
2171 5795 2268 5852 pro
2292 5776 2896 5849 éEsxwpcpaswPossm.
