3982 6420
261 405 401 474 15η
1121 417 1654 478 EPISTOLARUM
1695 419 1840 478 LIB.
1880 420 1946 482 v.
1990 445 2057 454 —
2082 420 2317 483 EPIST.
2360 423 2642 485 cccxw.
2902 407 2908 414 ’
3372 427 3508 493 1518

245 523 529 593 δαίμονες.
566 527 706 582 Πᾶσι
761 531 871 603 γὰρ
904 533 1130 602 ἀγαθοῖς
1176 537 1574 606 ἀπεχθάνονται
1621 541 1712 592 καὶ
1741 541 1818 592 ἀν·

1936 539 2229 608 dmmones,
2254 545 2506 598 omnibus
2549 559 2677 600 vero
2711 544 2869 601 invisi
2905 555 3033 601 sunt
3078 546 3234 602 bonis
3264 556 3371 603 tam
3412 566 3512 605 no-

251 612 499 707 θρώποις
524 621 618 673 καὶ
651 624 963 696 πράγμασι.
980 628 1238 697 Λυπηρὸν
1253 629 1310 681 δὲ
1333 628 1476 682 ἅπαν
1501 629 1812 700 νομίζουσιν

1940 633 2170 688 minibus
2207 648 2368 702 quam
2417 637 2598 691 rebus.
2639 635 2909 707 Quidquid
2961 640 3106 694 enim
3151 641 3369 698 virtutis
3417 660 3514 696 no-

249 706 454 803 ὁπόσον
483 711 690 781 ἀρετῆς
714 714 874 781 δόξαν
920 719 1209 787 ἠνέγκατο.
1239 721 1396 773 Κατὰ
1446 723 1545 792 μὲν
1578 723 1684 795 γάρ
1725 724 1818 777 τῶι

1936 726 2081 780 mine
2110 726 2398 794 laudabile,
2441 728 2493 782 id
2520 745 2684 784 omne
2715 732 2868 786 triste
2899 732 3205 802 malumque
3229 748 3355 789 esse
3390 737 3509 803 opi-

251 796 500 852 εύσεὸὦν
576 808 981 874 νεανιεύονται,
1036 813 1181 865 κατά
1254 813 1311 865 δὲ
1355 814 1466 866 τῶν
1527 816 1818 870 σπουδαίωι

1936 830 2156 874 nantur.
2199 820 2334 889 Erga
2367 821 2487 888 pios
2515 837 2646 876 vero
2671 822 2981 890 iuveniliter
3013 827 3289 893 agunt,ad
3312 827 3513 880 virtute

252 892 646 988 κωμάζουσιν,
711 899 966 971 ὑϐρισταὶ
1021 902 1174 966 ὄντες
1234 905 1329 957 ml.
1351 905 1682 971 ἀτάσθαλοι,
1737 909 1818 960 κα⁴

1933 912 2190 980 praeditos
2217 912 2514 968 insolenter
2542 929 2602 970 se
2624 925 2820 980 gerunt
2846 933 2860 969 :
2886 892 3070 984 iniusti
3103 919 3326 988 perinde
3349 928 3512 987 atque

251 981 421 1048 κόρον
449 985 559 1039 τῶν
588 989 775 1043 κακῶν
803 993 904 1045 οὐκ
944 994 1165 1058 εἰδότες.
1207 995 1346 1063 Ἐγὼ
1370 996 1424 1049 δέ
1445 997 1677 1063 ἀκούων,
1706 997 1818 1052 οὔτε

1937 1002 2193 1069 improbi,
2223 1003 2313 1071 qui
2345 1007 2651 1061 exsaturari
2687 981 2958 1077 nunquam
2987 981 3212 1078 possint.
3250 981 3510 1078 Equidem

250 1071 614 1145 ἐπιστομίσαι
662 1080 826 1134 αὐτὸν
848 1083 1134 1155 ἠδυνάμην
1159 1085 1384 1156 (πάντες
1422 1089 1530 1160 γὰρ
1552 1090 1601 1142 οἱ
1633 1089 1834 1161 παρόν-

248 1179 348 1226 τες
382 1165 460 1230 ὡς
493 1168 669 1242 ἀληθῆ
720 1172 886 1228 αὐτὸν
930 1177 1231 1248 ἐκρότουν),
1264 1178 1385 1232 οὔτε
1435 1181 1675 1252 παντελῆ
1713 1199 1834 1235 σιω·

256 1254 371 1326 πὴν
393 1258 636 1330 ἧσκησα.
684 1263 828 1319 Ἀλλ’
860 1266 1031 1324 εἰπὼν
1059 1270 1229 1340 αύτῳ,
1261 1271 1504 1326 πιστεύω
1527 1274 1622 1325 ml.
1651 1273 1834 1328 παλιν·

249 1347 423 1417 ῳδίας
455 1351 607 1422 ᾁσειν
653 1355 796 1427 (91)·
822 1358 884 1412 οὐ
911 1359 1020 1430 γάρ
1044 1361 1217 1424 οὕτως
1254 1363 1391 1416 εἰσὶν
1414 1361 1724 1436 ἀνάλγητοι,
1755 1367 1831 1431 ὡς

249 1439 474 1495 ἑλέσθαι
517 1448 794 1512 τοσούτοις
839 1450 1156 1522 ἐμπαρῆναι
1200 1454 1365 1525 μέχρι
1407 1456 1595 1520 τέλους
1641 1461 1831 1521 κακοῖς

250 1530 350 1617 ἐπὶ
379 1531 441 1584 τὸ
469 1535 705 1605 χαράξαι
725 1537 791 1590 τά
809 1539 1114 1610 γράμματα
1130 1543 1301 1596 ταῦτα
1325 1545 1622 1616 παρῆλθον.
1641 1547 1830 1617 Ὑμεῖς

248 1616 346 1674 οὖν
385 1621 451 1676 ἂν
493 1625 640 1696 εῐητε
692 1627 890 1682 δίκαιοι
931 1631 1031 1701 ἤδη
1084 1633 1388 1703 σκέψασθαι
1440 1637 1569 1707 περὶ
1599 1616 1834 1705 ἑαυτῶν,¹

246 1713 424 1778 ὅπως,
458 1716 505 1768 εί
538 1719 633 1770 καὶ
682 1719 786 1784 τῆς
826 1721 1062 1792 κρίσεως
1112 1725 1240 1795 ύμῖν
1285 1725 1444 1794 λόγος
1486 1727 1680 1792 οὐδεὶς,
1731 1726 1829 1798 τὴν

247 1807 511 1879 τοιαύτην
538 1809 754 1878 ἀδοξίαν
785 1813 1182 1888 ἀποτρίψησθε.

428 2120 575 2178 TlB'.
600 2153 671 2166 —
689 2123 1152 2200 ΕΡΜΗΣΔΝΔΒῼ
1182 2128 1647 2202 armum).

1935 1092 1985 1147 id
2030 1094 2278 1161 audiens,
2315 1109 2490 1166 neque
2533 1112 2596 1152 os
2644 1098 2896 1154 claudere
2938 1101 3085 1168 potui
3105 1101 3333 1168 ,(omnes
3365 1102 3508 1154 enim

1933 1185 2022 1252 qui
2059 1184 2305 1253 aderant,
2329 1196 2388 1241 ut
2420 1191 2659 1244 narranti
2692 1206 2816 1244 vera
2847 1190 3293 1260 applaudebant),
3333 1206 3508 1260 neque

1930 1277 2153 1332 omnino
2187 1277 2460 1335 silentium
2509 1282 2678 1348 tenui,
2728 1281 2820 1337 sed
2874 1283 2994 1336 viro
3033 1282 3107 1336 illi
3153 1282 3260 1336 dixi
3293 1301 3306 1336 :
3335 1280 3510 1336 Credo

1931 1369 2213 1438 equidem,
2260 1372 2355 1428 sed
2413 1373 2741 1441 palinodiam
2795 1374 2895 1443 ipsi
2938 1383 3168 1438 canent,
3218 1374 3510 1443 funemque

1931 1463 2220 1530 reducent;
2276 1479 2454 1535 neque
2517 1467 2659 1520 enim
2709 1469 2843 1522 adeo
2887 1477 3017 1522 sunt
3066 1468 3288 1537 stupidi,
3346 1476 3510 1536 atque

1932 1553 2175 1616 hebetes.
2209 1567 2268 1610 ut
2306 1558 2461 1612 malis
2509 1558 2817 1625 hujusntodi
2867 1559 2934 1612 ad
2981 1568 3288 1613 extremum
3334 1573 3507 1624 usque

1930 1645 2182 1714 spiritum
2225 1649 2488 1704 inhaerere
2526 1653 2797 1704 studeant.
2831 1650 3000 1721 Igitur
3043 1651 3254 1703 tandem
3301 1649 3367 1700 ad
3411 1649 3507 1699 has

1930 1735 2048 1804 ipse
2099 1737 2311 1795 litteras
2363 1743 2666 1797 exarandas
2712 1758 2831 1797 sum
2880 1743 3166 1797 adductus.
3201 1741 3307 1795 Vos
3345 1741 3509 1808 igitur

1929 1830 2189 1898 quojusti
2225 1833 2366 1897 sitis,
2399 1849 2540 1888 nunc
2571 1834 2725 1889 vobis
2749 1835 2848 1903 ipsi
2889 1835 3176 1899 consulite,
3207 1844 3266 1888 ut
3303 1834 3346 1888 si
3378 1833 3509 1901 quid

1924 1920 2116 1990 judicii
2164 1926 2318 1980 vobis
2350 1937 2434 1982 est
2476 1928 2764 1996 reliquum,
2817 1930 2956 1984 hanc
2986 1939 3221 1984 vestram
3270 1928 3505 1997 ignomi-

1934 2017 2078 2072 niam
2104 2018 2351 2074 deleatis.

2038 2125 2288 2183 CCCXII.
2329 2156 2399 2168 —
2434 2126 2881 2183 ERMISANDRO
2920 2128 3397 2188 PRESBYTERO.

1333 2222 1412 2276 De
1435 2224 1562 2290 ﬁcta
1589 2233 1636 2276 et
1670 2221 1920 2277 simulata
1959 2219 2422 2275 commiseratione.

336 2317 395 2372 Ὁ
423 2321 710 2391 συναλγεῖν
735 2327 837 2393 μὲν
865 2325 1039 2380 δοκῶν
1069 2330 1191 2390 ταῖς
1228 2331 1558 2399 συμφοραῖς,
1591 2329 1826 2400 δυνάμε-

240 2428 337 2475 νος
367 2410 424 2463 δὲ
457 2413 814 2482 ἐπανορθοῦν,
846 2417 942 2469 καὶ
966 2419 1423 2491 παραιτούμενος,
1456 2423 1683 2492 σημεῖον
1730 2424 1825 2493 μέ-

241 2520 436 2571 γιστον
465 2503 587 2558 καθ’
609 2505 806 2558 ἑαυτοῦ
833 2507 1079 2579 ἐκφέρει,
1111 2510 1207 2564 τοῦ
1241 2512 1315 2581 μὴ
1352 2512 1656 2581 συναλγεῖν,
1687 2513 1825 2567 ἀλλά

245 2595 597 2667 χρηστότητα
643 2597 1035 2669 ὑποκρίνεσθαι
1064 2602 1144 2672 τῷ
1195 2604 1271 2673 μὴ
1305 2603 1717 2675 βεϐοηθηκέναι,
1761 2607 1821 2658 El

239 2684 378 2754 γάρ,
409 2686 540 2756 φέρε
577 2687 774 2753 εἰπεῖν,
812 2688 1000 2758 κύριος
1027 2691 1104 2744 ὢν
1137 2693 1230 2746 τοῦ
1277 2693 1436 2747 λῦσαι
1476 2695 1566 2748 τὸν
1594 2696 1688 2748 τοῦ
1719 2696 1824 2749 πέ-

242 2790 412 2843 νητος
449 2775 626 2846 λιμὸν,
680 2777 800 2831 δέον
859 2778 1018 2833 λῦσαι
1072 2782 1166 2834 καὶ
1215 2783 1521 2848 ἀπαλλάξαι
1573 2786 1826 2839 κάκεῖνον

243 2870 557 2938 συμφορᾶς,
593 2869 690 2922 καὶ
713 2871 906 2926 ἐαυτὸν
949 2872 1149 2945 λύπης,
1181 2874 1467 2944 συναλγεῖν
1509 2880 1826 2944 προσποιεῖ-

237 2972 338 3009 ται
363 2997 380 3022 ,
429 2959 490 3012 ού
558 2959 942 3034 φιλάνθρωπός
991 2966 1170 3033 ἐστιν,
1212 2966 1350 3020 ἀλλά
1412 2966 1824 3037 φιλανθρωπίαν

237 3048 622 3123 ὑποκρίνεται.

508 3161 652 3218 Τ1Γ’.
689 3194 760 3204 -
798 3167 1032 3221 ΙΕΡΑΚΙ
1071 3169 1563 3242 ΛΑΜΠΡΟΤΑΊᾩ.

2002 2328 2103 2392 Qui
2144 2328 2379 2397 compati
2422 2342 2480 2382 se
2513 2327 2712 2381 dolenti
2757 2328 2928 2398 ﬁngit,
2959 2343 3080 2382 cum
3112 2329 3298 2385 tollere
3343 2331 3499 2386 dolo-

1934 2435 2046 2474 rem
2079 2419 2249 2488 possit
2285 2428 2339 2471 et
2372 2429 2592 2488 rogatus
2623 2429 2726 2484 cst,
2776 2419 2988 2490 signum
3037 2422 3271 2476 maxime
3315 2434 3502 2476 contra

1932 2523 1992 2563 se
2025 2509 2265 2571 exhibet,
2316 2509 2458 2576 quod
2520 2523 2644 2563 vere
2699 2524 2802 2562 non
2855 2510 3157 2577 condoleat,
3205 2515 3300 2567 sed
3348 2515 3504 2582 quasi

1935 2600 2119 2654 utilius
2148 2598 2352 2666 iudicet
2391 2613 2545 2667 opem
2578 2615 2685 2653 non
2721 2598 2932 2655 aﬂ‘crre.
2962 2601 3128 2672 654
3164 2603 3254 2656 Dic
3296 2603 3504 2673 itaque,

1930 2691 1977 2745 si
2009 2692 2178 2760 possit
2211 2691 2434 2760 pauperi
2483 2691 2717 2759 inopiam
2748 2689 2984 2755 auferre,
3024 2702 3077 2744 et
3106 2702 3376 2760 teneatur,
3418 2707 3502 2749 at-

1925 2794 2030 2847 que
2063 2779 2426 2834 calamitatem
2463 2779 2530 2832 ab
2573 2793 2638 2832 eo
2681 2787 2846 2848 queat
2893 2789 3164 2845 avertere,
3218 2782 3322 2836 sibi
3373 2797 3502 2839 vero

1923 2870 2164 2924 dolorem
2207 2871 2440 2940 eripere,
2477 2869 2698 2924 simulat
2750 2879 2930 2926 tamen
2977 2886 3037 2926 se
3075 2874 3336 2942 compati,
3387 2890 3494 2930 non

1927 2963 2014 3016 hic
2039 2963 2304 3017 humanus
2334 2973 2436 3028 est,
2471 2964 2564 3018 sed
2595 2963 2948 3024 humanitatis
2974 2962 3198 3020 cﬂictor.

2075 3165 2349 3224 CCCXIII.
2380 3196 2450 3206 -—
2481 3165 2759 3220 IllERACl
2801 3165 3114 3222 CLARISS.
3158 3167 3337 3224 VIRO.

869 3259 948 3314 De
981 3261 1146 3330 ofﬁcio
1172 3261 1392 3330 judicis.
1425 3261 1602 3332 (Conf.
1631 3265 1784 3332 epist.
1816 3263 1944 3330 204,
1983 3272 2030 3316 et
2060 3259 2333 3314 Philonem
2357 3259 2522 3314 Hebr.
2550 3259 2615 3313 de
2642 3259 2869 3328 judice.)

313 3363 507 3418 Πολλοὶ
537 3365 645 3421 τῶν
675 3366 980 3438 ἀνθρώπων
1011 3368 1045 3438 ἢ
1096 3368 1184 3422 διὰ
1241 3368 1550 3441 βραδύτητα
1594 3371 1819 3441 γνώμης

235 3455 559 3535 ἀνιχνεῦσαι
589 3456 652 3510 τὸ
694 3457 904 3511 δίκαιον
931 3459 1031 3528 ούχ
1073 3453 1177 3512 οἷοί
1205 3460 1266 3512 τέ
1315 3462 1471 3524 εἰσιν,
1503 3463 1536 3531 ἢ
1573 3463 1817 3534 ἀνιχνεύ-

241 3563 439 3610 σαντες
463 3549 827 3620 προδιδόασιν.
865 3551 936 3603 ’Ἡ
974 3551 1085 3622 γὰρ
1132 3551 1414 3623 ἀνάνδρως
1461 3554 1810 3624 φοϐηθέντες,

239 3639 277 3709 ἢ
314 3638 405 3692 διά
433 3641 738 3710 καπηλείαν
760 3641 1126 3712 πεπρακότες,
1153 3643 1187 3713 ἢ
1218 3643 1305 3696 διά
1334 3643 1517 3713 φιλίαν
1544 3646 1814 3699 αἰδεσθέν-

235 3746 359 3792 τες,
381 3729 416 3799 ἦ
437 3729 530 3784 ὑπ’
552 3729 753 3801 ἔχθρας
777 3733 1167 3803 ἐρεθισθέντες,
1187 3733 1284 3804 τὴν
1305 3734 1472 3805 ὀρθὴν
1494 3735 1556 3788 οὐ
1586 3736 1811 3808 φέρουσι

235 3818 442 3888 ψῆφον.
477 3821 600 3893 Χρὴ
627 3819 723 3877 οὖν
766 3823 858 3876 τὸν
903 3823 1167 3893 μέλλοντα
1199 3825 1419 3880 δικάσαι
1453 3827 1669 3897 πρῶτον
1711 3828 1812 3898 μὲν

239 3911 459 3965 συνέσει
491 3915 686 3986 κομᾷν,
723 3916 812 3972 ἵνα
851 3916 927 3986 μὴ
964 3917 1191 3988 διαλάθῃ
1220 3917 1281 3971 τὸ
1317 3918 1578 3990 θήραμα·
1621 3917 1814 3972 ἔπειτα

234 4000 298 4054 δέ
321 4002 419 4056 καὶ
446 4003 660 4077 ἀνδρίᾳ,
687 4005 783 4059 καὶ
821 4005 1177 4078 καθαρότητι,
1218 4009 1312 4062 καὶ
1348 4009 1683 4081 δικαιοσύνῃ,
1716 4010 1813 4063 καὶ

230 4093 626 4166 ἀμνησικακίᾳ
678 4097 1090 4168 κεκοσμῆσθαι,
1150 4098 1238 4152 ἵνα
1299 4099 1373 4170 μ’ὶ·
1437 4100 1500 4152 τὸ
1551 4100 1816 4171 θηρευθέν

231 4187 558 4260 -προδοθείη,

542 4387 685 4440 TIA'.
715 4418 786 4429 —
810 4387 1014 4442 ΘΕΩΝΙ
1045 4387 1500 4462 ΣΧΟΛΑΣΤΙΚῼ.

1992 3370 2240 3439 Plerique
2270 3370 2544 3423 hominum
2567 3368 2650 3422 vel
2678 3369 2747 3422 ob
2771 3367 2965 3422 mentis
2990 3368 3326 3432 tarditatem,
3350 3371 3494 3439 quod

1915 3462 2121 3529 justum
2162 3470 2218 3515 et
2272 3476 2486 3529 aequum
2536 3470 2642 3522 est,
2694 3461 3024 3529 investigare
3067 3471 3362 3528 nequeunt,
3410 3462 3498 3516 vel

1924 3551 2240 3619 inquisitum
2289 3549 2528 3619 produnt
2561 3566 2574 3602 :
2607 3549 2695 3602 alii
2735 3549 2880 3602 enim
2918 3548 3154 3602 molliter
3195 3558 3498 3604 metuentes

1915 3650 2199 3711 quaerunt,
2241 3651 2332 3694 aut
2380 3641 2705 3709 cauponarie
2751 3640 3056 3704 venditant,
3105 3639 3189 3695 vel
3237 3641 3492 3695 amicitia:

1918 3734 2089 3805 gratia
2112 3733 2202 3803 jus
2226 3733 2410 3788 dicere
2453 3733 2695 3798 reveriti,
2732 3743 2826 3786 aut
2854 3733 2963 3787 odii
2996 3741 3051 3787 et
3081 3733 3490 3798 inimicitiarum

1921 3840 2088 3879 causa
2115 3826 2529 3888 contendentes,
2566 3823 2830 3891 judicium
2869 3823 3068 3892 injuste
3095 3824 3296 3882 ferunt.
3333 3826 3492 3880 Decet

1922 3915 2108 3984 itaque
2134 3917 2224 3985 qui
2246 3915 2411 3984 judex
2437 3917 2764 3970 sententiam
2798 3914 2955 3979 feret,
2986 3917 3269 3985 prudentia
3292 3917 3345 3971 in
3375 3919 3491 3985 pri-

1920 4007 2025 4063 mis
2052 4007 2275 4076 pollere,
2320 4022 2386 4062 ne
2419 4006 2597 4077 praeda
2644 4007 2883 4076 effugiat.
2912 4007 3132 4071 Deinde,
3177 4007 3491 4064 fortitudine

1917 4109 2004 4152 est
2034 4113 2191 4166 opus,
2224 4108 2279 4152 et
2319 4099 2554 4167 puritate
2591 4108 2751 4167 atque
2782 4098 3016 4168 justitia,
3058 4099 3488 4166 prmteritarum-

1916 4205 2020 4258 que
2052 4190 2324 4244 obliviOne
2365 4191 2684 4259 injuriarum
2724 4192 2882 4244 debet
2923 4188 3196 4254 exornari,
3239 4204 3307 4245 nc
3345 4193 3489 4260 quod

1923 4291 2147 4336 venatus
2178 4291 2283 4344 est,
2322 4280 2626 4348 prodidisse
2654 4280 2921 4334 videatur.
3460 4295 3471 4306 '

2111 4389 2386 4445 CCCXIII.
2416 4419 2487 4430 —
2517 4389 2769 4445 THEONI
2811 4388 3304 4456 SCIIOLASTICO.

834 4499 1166 4556 Tentationes
1200 4502 1459 4567 quomodo
1495 4513 1818 4570 superentur.

1928 4501 2031 4570 onf.
2062 4501 2214 4569 epist.
2249 4499 2342 4564 ⁸59,
2367 4499 2453 4563 68,
2477 4498 2567 4564 71,
2593 4498 2720 4562 226,
2751 4498 2895 4557 270.)

303 4607 562 4673 Δυνατὺν,
592 4601 637 4662 ὧ
672 4608 938 4678 βέλτιστε,
979 4622 1261 4681 κρείττονα
1309 4610 1563 4678 γενεσθαι
1614 4628 1810 4682 πειρα-

1989 4610 2196 4674 Potest,
2230 4609 2315 4662 vir
2343 4609 2566 4678 optime,
2611 4611 2793 4663 virtuti
2826 4611 3038 4664 deditus
3079 4625 3341 4680 superare
3367 4619 3486 4666 ten—

233 4698 379 4769 σμοῦ
406 4699 498 4752 τὸν
528 4699 834 4772 φιλάρετον.
871 4700 1084 4754 Γίνεται
1120 4701 1177 4754 δὲ
1241 4701 1571 4773 ὑψηλότερος
1624 4720 1813 4773 πειρα-

231 4791 401 4861 σμοῦ,
437 4791 530 4844 καὶ
553 4791 670 4844 λύει
700 4791 882 4856 αὐτὸν,
908 4791 1009 4844 οὐκ
1035 4793 1094 4846 ἐν
1135 4791 1213 4862 τῷ
1252 4791 1482 4846 κωλύειν
1530 4793 1811 4858 παντελῶς

231 4883 378 4936 ἱέναι
420 4881 700 4952 (πολλάκις
729 4883 837 4953 γὰρ
858 4884 887 4936 ὁ
917 4881 1047 4944 Θεὸς
1071 4885 1349 4952 συγχωρεῖ
1370 4883 1809 4954 δοκιμασθῆναι),

228 4975 374 5028 ἀλλά
402 4975 460 5028 ἐν
497 4974 575 5046 τῷ
606 4974 868 5045 ἀνδρείως
901 4973 1087 5043 φέρειν
1117 4973 1186 5027 τὰ
1229 4974 1633 5043 συμπίπτοντα.
1688 4974 1811 5046 Χρὴ

226 5066 348 5136 γὰρ
378 5064 525 5118 λύειν
562 5065 653 5118 τὸν
685 5065 1010 5135 πειρασμὸν,
1053 5065 1100 5116 εἰ
1147 5065 1240 5114 καὶ
1295 5063 1487 5125 ἄλυτος
1543 5059 1680 5116 εἶναι
1721 5063 1804 5116 δο-

223 5156 486 5228 κοίη,διά
513 5156 725 5225 σοφίας,
749 5156 843 5208 καὶ
859 5156 1082 5226 ἀρετῆς,
1107 5155 1166 5206 ού
1183 5154 1249 5206 δι’
1270 5153 1631 5222 ἀπογνώσεως
1663 5154 1774 5224 (9‘2)
1793 5170 1806 5182 ·

223 5249 350 5300 λύει
377 5247 434 5299 δέ
473 5246 540 5299 δι’
569 5246 770 5318 ἀρετῆς
797 5246 891 5299 καὶ
924 5243 1115 5312 σοφίας
1135 5245 1195 5296 ού
1225 5242 1304 5312 τῷ
1337 5244 1512 5312 πάντῃ
1555 5241 1805 5305 κωλύειν,

224 5339 370 5394 ἀλλά
404 5339 484 5409 τῷ
515 5337 818 5400 συνεθίζειν
848 5337 1114 5404 γενναίως
1154 5336 1338 5405 φέρειν
1371 5335 1439 5387 τὰ
1470 5335 1809 5403 συμπίπτον-

224 5449 319 5487 τα.
354 5433 416 5485 Εἰ
462 5431 570 5499 γάρ
617 5432 712 5484 καὶ
769 5429 908 5500 βαρὺ
944 5428 1004 5482 τὸ
1053 5430 1316 5500 πρᾶγμα,
1355 5427 1470 5479 ἀλλ’
1519 5428 1663 5479 ίᾶται
1710 5426 1808 5496 τὴν

1912 4701 2196 4756 tationem.
2236 4699 2367 4769 Ejus
2402 4701 2547 4755 enim
2582 4701 2641 4754 lit
2673 4701 2868 4768 victor,
2921 4716 3028 4758 non
3076 4703 3122 4756 si
3157 4712 3341 4758 arceat
3369 4718 3488 4757 om-

1912 4791 2042 4845 nino
2073 4787 2239 4860 (saepe
2276 4789 2420 4844 enim
2446 4790 2714 4860 permittit
2743 4791 2956 4860 probari
2993 4807 3120 4846 suos
3156 4793 3346 4860 Deus),
3388 4796 3485 4850 sed

1915 4882 2127 4936 fortiter
2154 4881 2377 4936 ferendo
2401 4897 2521 4950 qua:
2544 4883 2796 4936 accidunt
2821 4884 3064 4940 adversa.
3098 4884 3318 4940 Solvere
3342 4887 3488 4941 enim

1913 4975 2264 5029 tentationem
2296 4983 2529 5044 oportet,
2563 4974 2668 5028 etsi
2724 4974 2941 5029 dissolvi
2981 4992 3083 5030 non
3114 4991 3271 5044 posse
3300 4979 3484 5031 videa-

1914 5075 2032 5129 tur,
2101 5080 2223 5120 cum
2275 5065 2540 5133 sapientia
2598 5076 2708 5120 tum
2757 5066 3103 5129 fortitudine,
3152 5067 3488 5136 desperando

1917 5171 2069 5218 vero,
2105 5157 2346 5210 minime.
2378 5156 2714 5211 Fortitudine
2743 5159 2957 5228 quidem
2985 5173 3050 5211 ac
3070 5159 3352 5226 sapientia,
3380 5173 3486 5213 non

1919 5244 2144 5297 omnino
2181 5243 2496 5312 rejiciendo,
2529 5247 2624 5299 sed
2658 5263 2917 5315 generose
2943 5247 3086 5300 ferre
3117 5247 3344 5300 adversa
3371 5264 3489 5315 quae

1921 5335 2176 5388 accidunt
2234 5337 2664 5390 assuefacieudo.
2727 5338 2840 5391 Etsi
2894 5339 3038 5391 enim
3088 5337 3378 5392 molestum
3433 5339 3486 5393 id

1911 5425 2139 5479 exsistat
2183 5427 2477 5494 negotium,
2530 5442 2745 5481 omnem
2793 5427 3142 5482 nihilominus
3182 5425 3482 5482 molestiam

1316 5610 1550 5667 vitam
1592 5593 1975 5665 LECTIONES
2016 5609 2102 5662 ET
2138 5607 2365 5664 nom.

300 5774 414 5846 (9i)
453 5775 559 5830 Pro
585 5773 912 5846 παλινῳδίας
936 5773 1086 5844 ᾄσειν
1110 5770 1270 5828 iidem
1301 5767 1547 5826 scribunt
1565 5766 1799 5820 παλινω-

221 5845 348 5900 δίαν
388 5843 560 5917 ᾇσεις.
599 5843 812 5899 Possm.

1987 5764 2098 5832 (92)
2131 5762 2232 5816 Pro
2260 5764 2328 5816 δι’
2357 5763 2716 5831 ἀπογνώσεως
2765 5762 2921 5817 codd.
2969 5761 3090 5820 Vat.
3131 5763 3234 5820 650
3270 5770 3328 5822 et
3372 5763 3483 5823 Mt.

1912 5836 2150 5889 scribunt
2183 5833 2270 5886 διὰ
2302 5834 2678 5904 προγνώσεως.
2714 5832 2918 5890 Possm.
