3982 6420
512 412 654 481 1519
1753 397 2084 462 S.ISIDOR

2151 393 2591 457 PELUSIOT/E
3603 388 3722 459 ιω

507 528 793 603 prudentia
820 526 978 591 tollit,
1010 538 1130 594 quae
1167 520 1342 579 tristia
1373 531 1602 591 quaeque
1634 514 1915 571 moderate
1946 511 2079 566 ferre

2149 536 2163 575 ι
2194 510 2474 581 βαρύτητα
2500 507 2587 562 διὰ
2618 506 2717 576 τῆς
2751 505 3089 576 φρονήσεως,
3131 502 3366 573 μετρίως
3394 501 3572 573 φίρειν
3587 504 3721 561 δυνά.

508 594 679 678 novit.
712 619 976 674 Malorum
1017 615 1163 670 enim
1192 627 1315 682 quae
1344 614 1397 665 in
1445 619 1632 665 nostra
1672 612 1940 678 potestate
1983 616 2080 656 non

2195 620 2358 674 μενος
2382 601 2451 654 τὰ
2479 600 2719 671 λυπηρά.
2748 598 2925 659 Ἴασις
2961 595 3070 667 7&9
3099 594 3207 648 τῶν
3229 594 3328 647 οὐκ
3352 594 3436 663 ἐφ’
3474 595 3597 665 ἡμῖν
3622 597 3653 668 η
3676 600 3725 652 ἰν

508 722 657 777 sunt,
702 708 968 766 medicina
1003 715 1088 761 est
1124 721 1188 760 ea
1221 718 1341 774 qua:
1374 702 1428 757 in
1473 709 1662 757 nostra
1694 708 1779 756 est
1821 703 2080 767 potestate

2195 695 2326 765 ἡμῖν
2355 690 2664 761 φιλοσοφία.
2702 688 2812 743 Καὶ
2844 686 2998 751 λύσις
3045 687 3156 741 τῶν
3212 685 3541 754 ἀναγκαίων,
3563 690 3609 739 εἰ
3648 692 3727 743 καὶ

511 770 852 876 philosophia
884 818 899 855 :
926 812 1100 868 eaque
1146 770 1395 851 dissolvit
1440 794 1605 859 mala,
1636 806 1758 864 quae
1799 786 2083 845 indissolu-

2196 781 2320 836 καθ’
2350 780 2520 834 ἑαυτά
2553 778 2725 835 ἀλυτά
2750 794 2896 830 τισιν
2922 776 3103 841 ἔδοξεν
3146 770 3307 840 εἶναι,
3335 776 3370 846 ή
3413 776 3471 829 ὲν
3512 776 3602 846 μὲν
3634 781 3728 843 soi;

511 866 642 952 bilia
681 866 1028 949 viderentur.
1052 887 1334 943 Fortitudo
1358 886 1412 941 in
1453 885 1711 956 gravibus
1744 882 2083 949 molestisqut

2196 874 2388 936 δεινοῖς
2418 871 2632 943 ἀνδρία,
2668 871 2729 923 ὲν
2779 868 2838 921 δὲ
2888 870 3007 931 τοῖς
3049 868 3245 934 δεξιοῖς
3291 866 3411 939 (καὶ
3456 868 3557 938 γὰρ
3584 868 3732 924 ταῦτα

509 990 725 1047 exsistit
760 988 949 1054 rebus;
1005 986 1059 1039 in
1095 983 1347 1041 secundis
1373 995 1506 1038 vero
1533 979 1681 1049 (nam
1713 985 1769 1034 et
1810 976 1893 1031 hae
1923 974 2081 1028 inter-

2199 962 2520 1035 δοκιμασίας
2540 961 2728 1014 ἕνεκεν
2751 959 3009 1023 πολλάκις
3032 957 3259 1027 δίδοται)
3302 957 3674 1028 μεγαλαιρυχία.

513 1086 639 1139 dum
677 1080 939 1152 probandi
988 1093 1153 1134 causa
1203 1071 1591 1143 immittuntur)
1628 1069 1797 1127 animi
1837 1076 1926 1124 est
1957 1079 2097 1136 opus

515 1174 906 1248 magnitudine.

1000 1274 1252 1333 CCCXV.
1284 1304 1353 1315 -——
1366 1318 1367 1321 η
1380 1271 1611 1329 EIDEM.

2695 1253 2842 1309 τις.
2871 1283 2943 1293 -
2962 1254 3051 1325 Tn
3077 1254 3278 1326 ΔΥΤῼ.

1136 1368 1384 1424 Divinum
1408 1365 1666 1420 auxilium
1697 1362 1957 1434 quomodo
1981 1350 2395 1426 implorandum.
2429 1348 2611 1422 (Conf.
2651 1350 2803 1417 epist.
2847 1346 2978 1413 527,
3004 1346 3154 1416 457.)

589 1485 692 1553 Qui
743 1485 893 1554 cupit
948 1482 1156 1538 auxilio
1204 1477 1561 1545 insuperabili
1608 1476 1750 1542 frui,
1802 1489 1866 1528 ea
1912 1471 2099 1541 exigat

2271 1461 2378 1554 Τον
2400 1459 2665 1533 μέλλοντα
2692 1457 2990 1514 ἀπολαύειν
3021 1459 3121 1531 τῆς
3140 1458 3414 1531 ἀηττήτου
3444 1458 3738 1531 συμμαχίας,

518 1586 732 1649 oportet
761 1546 882 1647 qua:
929 1575 1168 1646 postulat
1199 1573 1451 1643 aequitas,
1497 1579 1558 1624 ut
1587 1567 1865 1638 petitionis
1903 1575 2090 1620 natura

2202 1549 2431 1606 τοιαῦτα
2485 1551 2658 1604 αἰτείν
2704 1547 2834 1621 χρὴ,
2887 1548 2925 1604 ἀ
2982 1549 3083 1603 καὶ
3120 1548 3214 1604 τὸν
3250 1548 3351 1602 τοῦ
3382 1548 3584 1601 δικαίου
3612 1546 3744 1617 λόγον

524 1637 793 1723 auxilium.
836 1637 1099 1720 attrahat.
1151 1663 1223 1718 lis
1266 1637 1417 1716 enim
1454 1659 1547 1730 qui
1591 1637 1699 1726 iper
1737 1654 1968 1710 ironiam
2009 1662 2096 1706 aut

2205 1642 2343 1714 ἔχει,
2373 1641 2462 1695 ἵνα
2487 1641 2556 1712 τῇ
2589 1637 2751 1730 φύσει
2780 1640 2881 1711 τῆς
2909 1639 3183 1710 αἰτήσεως
3212 1638 3317 1710 τὴν
3350 1639 3521 1709 ῥοπὴν
3544 1638 3744 1690 ἐπισπά-

523 1758 808 1813 avaritiam
839 1757 969 1810 illud
996 1754 1315 1824 implorant,
1344 1765 1452 1806 non
1472 1726 1715 1813 accedit,
1757 1748 1849 1802 sed
1888 1745 1954 1799 iis
1986 1744 2095 1813 qui-

2211 1730 2545 1824 σηταυτοῖς
2591 1727 2699 1799 γὰρ
2765 1728 2827 1795 ἐξ
2865 1728 3152 1800 εἰρωνείας
3187 1727 3289 1783 καὶ
3336 1728 3428 1782 διά
3472 1726 3744 1791 πλεονεξίας

523 1854 624 1906 IIIIS
659 1848 853 1918 injuria
892 1819 1090 1919 sponte
1112 1846 1259 1901 illata
1289 1852 1373 1900 est
1410 1840 1640 1898 accedit.

2174 1872 2183 1922 ι
2211 1821 2472 1877 καλοῦσιν
2500 1820 2601 1874 οὐκ
2637 1820 2899 1891 ἐπιφοιτᾷ
2924 1821 2958 1892 ή
2986 1819 3347 1893 αὑτοκλήτως
3372 1821 3486 1884 τοῖς
3502 1820 3746 1891 ἀδικουμέ-

2212 1932 2324 1967 νοις
2361 1912 2724 1967 ἐπιφοιτῶσα.

2212 1932 2324 1981 νοις
2361 1930 2724 1984 επιφοιτωσα.

983 1988 1269 2083 ὀοοχνι
1302 2052 1375 2064 -
1398 2019 1636 2082 PRIMO.
2728 2004 2895 2074 th'.
2935 2035 3000 2050 -κ
3030 2005 3277 2077 primo.

1655 2112 1777 2168 Vita
1799 2112 2009 2178 piorum
2042 2100 2407 2179 afﬂictionibus
2437 2099 2682 2155 obnoxia.

596 2234 752 2303 Quod
797 2232 937 2288 dicis
975 2229 1297 2301 quaestionis
1327 2226 1597 2299 indigere,
1629 2226 1774 2281 idem
1816 2221 2107 2280 solutionis

2282 2210 2425 2264 Αὐτὸ
2462 2210 2643 2273 τοῦτο,
2693 2208 2721 2261 ὃ
2747 2207 2853 2279 φὴς
2884 2206 3057 2261 αίτιον
3088 2202 3232 2260 εἶναι
3260 2205 3558 2278 ζητήσεως,
3582 2204 3750 2270 λύσεώς

528 2343 716 2388 causa.
767 2340 887 2380 mea
934 2295 1152 2394 quidem
1200 2295 1492 2383 sententia,
1536 2317 1773 2375 videtur.
1812 2315 1913 2383 Qui
1960 2313 2100 2369 enim

2213 2303 2331 2356 ἐστι
2352 2300 2486 2373 παρ’
2526 2300 2650 2371 ὲμοί
2684 2301 2846 2371 κριτῇ
2896 2297 3090 2355 αἴτιον.
3121 2298 3188 2352 Εἰ
3224 2295 3341 2369 γὰρ
3385 2295 3751 2366 ἀτωταξάμεως

532 2418 735 2473 mando
784 2388 1192 2470 renuntiaverit
1235 2409 1369 2466 nihil
1416 2410 1638 2475 mirare,
1673 2406 2010 2463 tribulationi
2045 2418 2104 2460 ac

2211 2394 2292 2466 τῷ
2323 2394 2535 2465 κόσμῳ,
2583 2390 2761 2462 θλίψει
2814 2391 3159 2462 περιεπάρης
3190 2388 3289 2445 καὶ
3335 2391 3665 2460 πειρασμοῖς,
3693 2388 3752 2459 μὴ

534 2509 931 2567 tentationibus
977 2504 1271 2561 obnoxium
1310 2516 1453 2560 esse.
1510 2502 1600 2557 Ait
1639 2500 1785 2556 enim
1815 2496 2106 2554 Christus:

2212 2487 2504 2557 θαυμάσῃς
2525 2502 2541 2517 ο
2570 2486 2598 2541 ό
2623 2484 2736 2554 γὰρ
2768 2483 3006 2561 Χριστὸς
3033 2478 3213 2549 εἶπεν,
3246 2500 3269 2535 ι
3315 2481 3511 2553 Θλίψιν
3546 2481 3677 2547 ἕξετε
3706 2481 3752 2532 ἰν

529 2601 692 2675 655
730 2617 749 2653 ι
779 2596 1208 2655 Tribulationem
1235 2596 1290 2650 in
1327 2595 1431 2650 hoc
1461 2592 1667 2649 mundo
1700 2590 1969 2647 habebitis
1990 2587 2059 2643 ⁸ο.
2091 2605 2101 2641 l

2215 2577 2294 2648 τῷ
2314 2576 2508 2647 κόσμῳ
2532 2572 2732 2644 τούτῳ.
2766 2593 2785 2625 ι
2832 2571 2961 2637 Πῶς
3007 2572 3190 2627 τοίνυν
3235 2572 3424 2644 ζητεῖς
3456 2571 3641 2634 ἄνεσιν,
3680 2569 3753 2623 τοῦ

532 2657 873 2759 Eurusque
903 2684 1219 2742 certaminis
1250 2682 1509 2754 praelecto
1554 2682 1631 2737 ita
1680 2680 1936 2750 loquente
1960 2677 2104 2747 quie-

2213 2667 2557 2737 ἀγωνοθέτου
2628 2665 2788 2721 τοῦτο
2839 2665 3125 2759 εἰπόντος
3178 2664 3319 2718 Τότε
3371 2663 3483 2735 γάρ
3532 2662 3661 2726 εἰκὸς
3701 2657 3754 2730 ἧν

542 2793 649 2837 teni
693 2746 981 2852 postulas?
1023 2776 1177 2832 Tunc
1208 2746 1356 2832 enim
1393 2772 1595 2830 oﬂ‘endi
1643 2746 1769 2826 erat
1810 2746 2025 2840 aequum
2072 2768 2114 2822 si

2218 2754 2699 2820 σκανδαλίζεσθαι,
2731 2755 2782 2808 εἰ
2803 2752 3066 2811 τάναντία
3086 2746 3163 2808 ὧν
3191 2748 3355 2808 εἶπεν
3390 2752 3605 2820 ἐγίνετο.
3638 2750 3753 2806 Elii

541 2882 732 2929 contra
775 2882 938 2940 atque
960 2870 1120 2935 dixit,
1153 2866 1501 2938 contigisset.
1538 2866 1636 2920 Sin
1669 2879 1735 2918 ex
1764 2860 2113 2931 consequenti

2216 2850 2362 2905 κατά
2407 2845 2732 2903 ἀκολουθίαν
2798 2845 2977 2900 πάντα
3034 2842 3355 2916 προϐαίνει,
3415 2843 3555 2906 τίνος
3605 2841 3755 2894 ἕνεκεν

543 2964 723 3021 omnia
750 2936 1165 3025 eveniunt,cur,
1193 2936 1397 3028 quaeso,
1428 2952 1843 3011 scandalizeris‘!
1866 2950 2115 3019 Quisquis

2220 2942 2585 3016 σκανδαλίζῃς
2626 2943 2687 2996 'U
2718 2941 2832 3012 γὰρ
2860 2942 2920 2994 ἐν
2943 2939 3023 3011 τῷ
3057 2938 3238 3012 καιρῷ
3264 2938 3381 2994 τῶν
3412 2936 3755 3010 παλαισμάτων

538 3058 683 3114 enim
714 3051 1032 3111 certaminis
1059 3058 1302 3120 tempore
1329 3048 1501 3104 otium
1531 3045 1880 3117 quietemque
1903 3042 2110 3112 quierit,

2183 3103 2192 3117 _
2222 3036 2409 3091 ἄνεσιν
2437 3034 2738 3120 ἐπιζητῶν,
2766 3034 2862 3088 καὶ
2908 3034 3298 3103 ἀστεφάνωτος
3340 3033 3514 3105 μένει,
3545 3031 3629 3087 καὶ
3651 3045 3755 3096 συγ-

541 3162 740 3206 corona
758 3146 1066 3211 fraudetur,
1088 3117 1627 3213 opportunitatesque
1655 3137 1875 3192 amittit.

1205 3140 1627 3209 ortunitatesque
1655 3137 1875 3192 amittit.
2150 3133 2198 3196 ο
2228 3131 2345 3202 χέει
2372 3130 2500 3195 τοὺς
2531 3117 2777 3198 καιρούς.

703 3248 1002 3310 CCCXVII.
1033 3279 1102 3290 —
1128 3247 1426 3306 OPHELIO
1461 3241 1941 3302 GRAMMATICO.

2491 3241 2638 3295 th'.
2676 3268 2751 3283 —
2779 3240 3023 3311 nocua
3054 3238 3536 3309 ΓΡΔΜΜΑΤΙΚῼ.

1136 3339 1427 3395 Puerorum
1457 3339 1527 3391 ad
1554 3338 1797 3391 virtutem
1828 3332 2296 3403 ucrecundiamque
2322 3330 2657 3402 informatio.
2692 3331 2925 3401 (Confer.
2956 3332 3111 3401 epist.
3140 3332 3224 3403 9.)

616 3455 850 3512 Assidue
871 3494 889 3521 ,
915 3451 1001 3507 vir
1024 3450 1397 3510 disertissime,
1430 3460 1627 3516 pueros
1655 3444 1746 3515 qui
1780 3453 1830 3499 te
1866 3442 2125 3514 frequen-

2298 3442 2545 3513 Συνεχῶς
2562 3483 2578 3511 ,
2611 3435 2658 3496 ὧ
2690 3441 3094 3513 ὲλλογιμὼτατε
3113 3480 3128 3507 ,
3155 3443 3271 3506 τοῖς
3300 3441 3527 3511 φοιτῶσι
3556 3437 3687 3492 παισὶ
3705 3436 3758 3489 τὰ

549 3559 666 3605 tant
697 3549 764 3603 de
788 3548 992 3601 virtute
1019 3560 1084 3599 ac
1102 3541 1435 3597 verecundia
1465 3554 1561 3594 seu
1606 3538 1873 3594 modestia
1920 3535 2121 3604 ample-

2227 3535 2357 3607 περί.
2396 3535 2598 3606 ἀρετῆς
2632 3535 2729 3589 καὶ
2768 3534 3126 3605 σωφροσύνης
3158 3534 3461 3606 παραίνει,
3487 3534 3575 3587 καὶ
3605 3530 3758 3598 ἀνατί·

550 3642 744 3698 ctenda
792 3640 1038 3701 hortare,
1067 3644 1124 3690 et
1175 3634 1289 3689 haec
1332 3631 1400 3687 de
1451 3631 1658 3701 scripto
1703 3630 1787 3684 his
1830 3628 1945 3683 fere
1994 3640 2122 3683 usus

2227 3643 2405 3681 νωσκε
2448 3624 2859 3697 συγγράμματα
2892 3624 3069 3694 λέγων
3093 3641 3108 3655 ·
3134 3619 3208 3679 Ὦ
3246 3626 3471 3690 παῖδες,
3511 3624 3637 3677 ἔστω
3662 3621 3762 3690 ὑμῖν

551 3732 753 3796 verbis,
778 3731 899 3797 lege
931 3745 946 3783 :
981 3726 1396 3790 Adolescentes,
1424 3738 1529 3778 non
1564 3722 1634 3777 sit
1663 3720 1817 3776 vobis
1840 3733 2007 3791 grave
2046 3718 2123 3773 di-

2232 3719 2310 3791 μὴ
2347 3719 2510 3782 πόνος
2554 3717 2716 3788 μόνος
2757 3719 2786 3772 ό
2823 3718 2955 3790 περὶ
2982 3718 3212 3787 λόγους,
3251 3718 3394 3773 ἀλλά
3434 3717 3524 3773 καί
3554 3713 3760 3786 κόσμκὸ

554 3823 711 3878 cendi
759 3822 862 3876 arti
898 3817 1235 3883 incumbere,
1281 3815 1413 3884 quin
1446 3813 1624 3882 potius
1660 3818 1983 3866 ornamento
2016 3807 2126 3864 fore

2233 3811 2365 3883 περί
2386 3809 2625 3881 τρόπους
2655 3808 2720 3863 τὸ
2754 3808 3096 3879 σπούδασμα.
3134 3809 3299 3882 Ψυχὴ
3328 3810 3439 3882 γὰρ
3467 3808 3661 3880 καθαρὰ
3685 3824 3761 3860 κα-

554 3916 737 3971 ducite
778 3912 1022 3968 moribus
1053 3924 1216 3980 quam
1261 3907 1482 3977 optimis
1507 3906 1697 3961 imbui.
1726 3904 1955 3958 Animus
1982 3901 2126 3957 enim

2230 3901 2361 3966 κίας
2397 3900 2651 3954 παιδείαν
2679 3900 2948 3972 εἰλικρινῆ
2980 3901 3305 3973 προσίεται,
3340 3902 3437 3956 καὶ
3467 3900 3589 3972 παρ’
3623 3894 3693 3961 οἷς
3712 3898 3762 3951 ἂν

557 4024 586 4063 a
612 4007 757 4062 vitiis
790 4018 959 4075 purus
983 4003 1443 4071 sinceramparat
1481 3999 1790 4054 scientiam.
1838 3996 1906 4050 Et
1930 3993 2129 4065 quibus

2234 3995 2271 4064 ή
2313 3992 2638 4064 σωφροσύνη
2673 3993 2867 4065 λάμπῃ
2894 3993 2956 4047 τὸ
2988 3993 3100 4047 τῶν
3134 3993 3352 4064 ἀρετῶν
3382 3990 3695 4064 τιμιώτατον.
3716 3986 3762 4039 Εἰ

556 4096 882 4156 verecundia
905 4094 1080 4161 adest,
1101 4095 1155 4148 in
1171 4094 1255 4148 his
1266 4090 1592 4147 verecundia
1613 4089 1872 4143 virtutum
1891 4085 2128 4141 maxima

2234 4087 2346 4160 7&9
2362 4087 2460 4143 καὶ
2487 4087 2809 4159 σωφροσύνη
2854 4088 2964 4140 πᾶν
2991 4085 3057 4139 τὸ
3088 4086 3509 4158 ἀναμάρτητον,
3545 4080 3665 4138 ἀλλὰ
3698 4078 3763 4132 νέ-

556 4191 829 4247 elucescit.
865 4186 1144 4257 Siquidem
1174 4193 1231 4239 et
1261 4180 1616 4253 temperantia
1643 4178 1794 4234 vitiis
1814 4185 1987 4240 caret,
2012 4190 2128 4247 qua:

2241 4197 2434 4251 μουσιν
2480 4180 2655 4249 αὐτῆς
2693 4178 2794 4249 τὴν
2836 4178 3212 4250 προσηγορίαν
3251 4172 3315 4232 εὗ
3350 4174 3617 4239 ποιοῦντές
3651 4185 3764 4231 τινες

559 4284 728 4339 etiam
770 4280 890 4334 illos
921 4277 1013 4349 qui
1051 4277 1223 4347 ipsam
1262 4275 1662 4345 amplectuntur
1698 4274 1951 4329 castitate
1974 4284 2131 4327 exor-

2236 4272 2317 4342 τῷ
2356 4273 2457 4342 τῆς
2502 4271 2725 4340 ἁγνείας
2767 4270 3093 4341 πράγματι,
3134 4270 3499 4340 κοσμιωτάτῳ
3536 4266 3663 4329 ὄντι,
3694 4263 3766 4315 καὶ

564 4384 701 4428 nat:
737 4385 857 4440 quae
898 4369 1126 4437 reliquis
1184 4365 1460 4422 antecellit
1499 4365 1790 4419 virtutibus
1839 4362 2136 4432 pulchritu-

2239 4363 2562 4435 ὲξοχωτάτῳ
2587 4362 2698 4416 τῶν
2726 4361 2926 4417 ἄλλων.
2973 4360 3198 4425 Τούτοις
3239 4361 3339 4414 καὶ
3372 4362 3407 4431 ή
3450 4358 3599 4427 σοφία
3628 4370 3766 4408 συνοι-

561 4467 709 4521 dine.
741 4463 875 4518 Cum
908 4462 994 4517 his
1027 4460 1293 4531 sapientia
1336 4458 1566 4513 habitat.
1598 4455 1708 4511 Hac
1735 4457 1915 4524 itaque
1936 4456 2072 4510 duce
2094 4452 2133 4508 si

2195 4447 2219 4503 )
2247 4456 2406 4528 κήσει
2429 4471 2443 4485 ’
2476 4455 2543 4509 ἂν
2568 4454 2679 4526 γάρ
2713 4452 2943 4525 ἡγεμόνι
2972 4451 3210 4524 χρήσθαι
3240 4450 3379 4523 πρὸς
3406 4451 3610 4505 ἅπαντα
3630 4442 3767 4514 ταύτῃ

565 4558 632 4612 ad
664 4557 849 4613 omnia
882 4555 959 4608 uti
988 4552 1290 4617 volueritis,
1321 4567 1418 4606 vos
1460 4550 1676 4620 quidem
1703 4549 1801 4602 viri
1829 4545 2135 4602 elliciemini

2241 4549 2311 4619 τῇ
2362 4548 2532 4618 ἀρετῇ
2584 4544 2847 4615 θελήσητε
2873 4582 2889 4609 ,
2932 4544 3093 4613 ὑμεῖς
3139 4542 3239 4613 μὲν
3279 4538 3569 4612 γενήσεσθε
3614 4533 3766 4603 ἄνδρες

565 4647 752 4719 optimi
784 4662 848 4702 ac
884 4645 1148 4701 fortunati
1178 4658 1192 4697 :
1224 4657 1325 4714 ego
1351 4657 1568 4715 quoque
1592 4656 1621 4694 a
1656 4650 1806 4695 recta
1841 4646 2019 4693 vestra
2051 4638 2137 4693 in-

2243 4639 2440 4709 ἀγαθοί
2484 4637 2580 4692 καί
2620 4636 2922 4708 μακάριοι,
2956 4633 3068 4704 ἐγὼ
3094 4635 3152 4689 δὲ
3181 4633 3266 4703 ἐφ’
3301 4623 3431 4705 ὑμῖν
3469 4631 3528 4685 ού
3562 4620 3766 4701 μεῖον,ῆ

566 4738 849 4795 stitutione
882 4752 991 4793 non
1041 4738 1222 4792 minus
1263 4751 1427 4806 quam
1469 4735 1561 4805 qui
1617 4749 1712 4789 vos
1751 4741 2006 4802 parentes
2053 4745 2138 4799 ge-

2005 4771 2006 4778 η
2053 4745 2147 4799 ge-
2243 4733 2403 4804 οἵπερ
2430 4730 2757 4801 ἐγέννησαν,
2788 4726 2999 4799 ἀμείνω
3015 4727 3174 4794 δόξαν
3201 4724 3577 4797 καρπώσομαι.

569 4839 824 4893 nuerunt,
864 4828 972 4883 imo
997 4827 1257 4898 majorem
1293 4827 1458 4880 etiam
1494 4826 1716 4896 gloriam
1749 4838 2071 4894 consequar.
2901 4811 2907 4817 ’

792 4934 1112 4993 CCCXVIII.
1147 4966 1217 4977 —
1252 4933 1527 4991 ISIDORO
1566 4932 1919 4988 EPISCOPO.

2553 4925 2710 4981 TIH'.
2750 4955 2818 4967 -
2850 4921 3113 4994 ΙΣΙΔΩΡῼ
3147 4922 3514 4992 ΕΠῘΣΚΟΠῼ.

1615 5025 1873 5082 Veritatis
1912 5024 2175 5089 laudatio,
2204 5022 2464 5078 mendacii
2501 5016 2792 5087 turpitudo.

643 5122 760 5180 Sibi
804 5132 988 5177 notam
1034 5120 1365 5191 ignominiaa,
1392 5135 1426 5175 ο
1460 5120 1701 5190 sapiens,
1740 5121 1985 5187 inurunt,
2034 5131 2086 5176 et
2117 5136 2148 5175 a

2344 5114 2621 5176 Ἱσῖαυτοῖς,
2668 5104 2715 5164 ῶ
2761 5110 2925 5179 σοφὲ,
2963 5109 3183 5175 ἀδοξίαν
3228 5105 3662 5180 προστρίσονται,
3700 5096 3768 5153 καὶ

572 5228 723 5275 recta
764 5216 1018 5271 excidere
1046 5216 1260 5270 ratione
1289 5213 1562 5282 videntur,
1598 5214 1689 5283 qui
1731 5213 1995 5283 sapientis
2023 5228 2144 5269 esse

2255 5207 2318 5261 τὸ
2358 5202 2712 5274 ὲξεστηκέναι
2746 5200 2859 5283 τῶν
2895 5198 3071 5270 ὀρθῶν
3099 5197 3375 5270 λογισμῶν
3406 5192 3768 5263 ὑποφαίνουσα.

574 5308 813 5366 hominis
850 5308 1053 5362 ducunt
1099 5320 1404 5377 repugnare
1444 5307 1538 5371 iis,
1577 5320 1698 5375 qua:
1734 5305 1874 5361 bene
1914 5318 2146 5373 vereque

2257 5300 2308 5353 οἰ
2359 5296 2543 5352 καὶτὸ
2586 5296 2699 5357 τοῖς
2726 5275 2903 5364 ὀρθῶς
2946 5291 3262 5363 λεγομένοις
3293 5287 3585 5357 ἀντιλέγειν
3624 5279 3770 5348 σοφίαν

574 5402 717 5461 dicta
767 5408 911 5455 sunt.
964 5398 1129 5468 Atqui
1162 5372 1400 5455 summa
1437 5372 1742 5467 sapientia,
1784 5396 1988 5452 veritas
2036 5372 2146 5462 est,

2260 5387 2401 5445 εἰναι
2444 5388 2715 5457 οἰόμενοι·
2760 5384 2924 5454 σοφὸν
2960 5384 3070 5456 γὰρ
3112 5381 3381 5455 τάληθὲς,
3424 5378 3639 5453 μάλιστα
3674 5372 3769 5424 ὅταν

577 5492 900 5562 simpliciter
922 5464 1269 5560 breviterque
1302 5464 1536 5556 prolata.
1568 5487 1907 5544 Mendacium
1933 5496 2149 5555 contra,

2257 5482 2465 5539 ἁπλοῦν
2504 5478 2540 5553 ᾖ
2569 5480 2665 5534 καὶ
2691 5477 2987 5550 σύντομονσ
3026 5476 3200 5532 δεινὸν
3226 5476 3321 5531 καὶ
3347 5473 3459 5548 (93)
3491 5472 3548 5528 τὸ
3584 5464 3742 5540 ψεῦδος
3753 5495 3766 5525 ι

645 5609 693 5641 80
728 5609 811 5641 [non
821 5623 851 5641 n
910 5621 941 5641 ι’

717 5606 875 5664 Joan.
910 5620 1024 5672 xvr,
1053 5604 1147 5663 3'5.

1684 5686 1918 5742 νΑῐιιΑζ
1957 5681 2289 5739 LECTIONE

1684 5686 1918 5742 VABIIE
1957 5681 2339 5739 LECTIONES
2376 5681 2464 5735 ET
2503 5681 2731 5740 ΝΟΤᾸΕ.

657 5817 769 5887 (95)
804 5817 910 5872 l’ro
956 5815 1126 5871 δεινὸν
1170 5814 1264 5870 καὶ
1299 5814 1472 5890 iidem
1519 5811 1681 5867 codd.
1747 5818 1930 5878 regunt
1978 5805 2160 5875 μωρὸν
2189 5803 2229 5856 δε

956 5815 1126 5871 δεινὸν
1170 5814 1264 5870 καὶ
1299 5814 1472 5890 iidem
1519 5811 1681 5867 codd.
1747 5818 1930 5878 regunt
1978 5805 2160 5875 μωρὸν
2189 5802 2267 5857 δέ.
2307 5802 2513 5857 Possm.
