3982 6420
203 404 340 472 1521

200 528 311 582 κᾶν
337 526 604 600 δεινότητι
630 529 724 583 καὶ
747 527 1072 599 καλλιεπείᾳ
1098 529 1228 599 δοκῇ
1261 529 1658 600 κεκοσμῆσθαι.

493 730 640 784 ΤΙΘί.
675 759 745 772 --
781 731 988 786 HPDNI
1029 731 1496 804 ΠΡΕΣΒΥΤΕΡῼ.

1077 411 1614 472 EPISTOLARUM
1653 413 1800 473 LIB.
1843 417 1908 476 V.
1933 437 2003 450 —
2037 415 2277 476 EPIST.
2327 415 2682 476 CCCXXIII.

3333 411 3473 477 1522
3515 399 3530 410 ”

1818 549 1865 603 Α
1897 530 2099 585 malum
2131 530 2262 600 quid
2306 529 2624 593 admodum,
2666 529 2768 584 etsi
2808 525 3127 598 gravissima
3175 526 3471 583 disertissi-

1894 637 2088 691 maque
2128 631 2372 676 comatur
2399 621 2669 686 oratione,
2699 621 2930 676 exsistit.

2090 729 2468 785 CCCXIX.'—
2497 729 2750 785 HERONI
2790 731 3264 790 PRESBYTERO.

911 825 1162 892 Aspectus
1206 824 1482 877 mulierum
1536 822 1883 894 periculosus.
1923 820 2104 892 (Cani.
2144 823 2300 891 epist.
2330 822 2421 887 65,
2465 822 2591 889 175,
2619 822 2772 894 291.)

281 931 451 986 Ἴσθω
497 948 594 986 σου
637 932 798 986 τοῦτο
826 934 861 1004 ἡ
897 933 1194 1004 φρόνησις,
1242 934 1291 985 εί
1332 932 1615 1004 ἀγέρωχος
1656 930 1793 1001 γυνὴ

203 1021 660 1094 καλλωπιζομένη
708 1024 901 1095 καλοίη
934 1023 1072 1095 πρὸς
1108 1023 1308 1093 ἑαυτὴν
1346 1024 1474 1086 τοὺς
1519 1021 1792 1093 ὁρῶντας,

203 1113 315 1170 κᾶν
362 1113 440 1184 μὴ
483 1113 578 1186 ῑλῃ
616 1113 718 1186 τὴν
749 1114 862 1186 (94)
907 1115 1290 1182 ἀπαντῶντα,.
1313 1113 1468 1184 δίκην
1505 1113 1717 1168 δίδωσιν
1757 1114 1792 1183 ή

205 1205 430 1262 ἑλοῦσα.
465 1206 539 1259 Τὸ
573 1207 684 1276 γάρ
728 1206 954 1260 κώνειον
986 1207 1358 1260 κατεσκεύασε
1379 1246 1395 1272 ,
1437 1206 1532 1260 καὶ
1563 1205 1658 1259 τὸν
1698 1223 1798 1258 κυ-

203 1298 393 1350 κεῶνα
422 1298 652 1369 ἐκέρασε
671 1337 688 1365 ,
718 1299 814 1352 καὶ
849 1299 949 1370 τὴν
989 1299 1185 1352 κύλικα
1215 1300 1587 1370 προσήγαγεν,
1620 1299 1669 1352 εἰ
1698 1297 1795 1351 καὶ

209 1389 288 1457 μὴ
321 1387 520 1459 εὑρέθη
551 1389 580 1440 ὁ
618 1389 808 1444 πίνων.
849 1390 926 1443 Ού
968 1389 1079 1460 γὰρ
1110 1389 1221 1443 άπὸ
1263 1389 1373 1443 τῶν
1421 1388 1794 1460 ἀποτελεσμά·

202 1495 350 1538 των.
385 1478 502 1532 ἀλλ’
541 1479 651 1535 dub
677 1480 785 1534 τῶν
809 1479 1256 1552 ἐπιχειρημάτων
1287 1481 1355 1534 τὰ
1387 1480 1690 1550 πράγματα
1718 1479 1795 1542 ὡς

204 1567 279 1622 τά
306 1569 479 1624 πολλὰ
505 1570 771 1642 κρίνεται.

528 1677 660 1731 TK'.
692 1701 768 1718 --
809 1660 1113 1750 ΕΥΤΟΪἫῼ
1145 1678 1468 1750 ΔΙΑΚΟΝῼ.

1964 931 2079 988 Νοιι
2123 934 2341 1005 ignoras
2385 947 2491 1004 qua
2540 949 2598 989 es
2631 936 2915 1006 prudentia
2958 935 3242 1005 praeditus,
3287 933 3475 987 forma:

1892 1024 2298 1096 pulchritudine
2333 1032 2630 1078 tumentem
2657 1024 2936 1079 mulierem
2975 1025 3018 1080 si
3049 1032 3358 1092 spectantes
3398 1021 3468 1074 ad

1893 1132 1954 1172 se
1985 1116 2207 1182 alliciat,
2250 1115 2468 1170 tametsi
2508 1130 2616 1170 non
2650 1116 2828 1186 capiat
2855 1115 3068 1181 obvios,
3103 1116 3352 1170 daturam
3389 1122 3472 1165 ta-

1895 1221 2018 1261 men
2064 1220 2256 1276 pmnas
2295 1205 2449 1274 quasi
2490 1206 2768 1276 cepisset:
2803 1220 3070 1262 venenum
3118 1205 3263 1263 enim
3293 1201 3476 1272 propi-
3533 1245 3537 1250 .

1894 1294 2067 1359 navit,
2125 1293 2452 1362 miscuitque
2503 1292 2782 1362 poculum,
2833 1292 3169 1360 calicemque
3228 1285 3474 1359 promlit,

1901 1387 2004 1442 etsi
2054 1401 2159 1441 non
2216 1385 2419 1454 reperit
2463 1384 2554 1453 qui
2612 1383 2843 1438 biberet.
2902 1383 3018 1437 Non
3068 1381 3210 1436 enim
3255 1377 3477 1446 impleta

1902 1478 2089 1542 modo,
2131 1477 2226 1532 sed
2267 1485 2323 1530 et
2351 1483 2558 1532 tentata
2599 1473 2804 1545 ﬂagitia
2852 1483 2910 1528 ut
2951 1472 3242 1543 plurimum
3272 1466 3477 1538 judicio

1903 1567 2298 1638 expenduntur.

2160 1674 2412 1733 cccxx.
2442 1705 2513 1716 —
2543 1672 2882 1742 summa;
2896 1668 3214 1726 DIACONO.

430 1766 508 1822 De
531 1767 769 1836 Zosimo,
807 1771 1112 1838 cwterisque
1133 1773 1223 1842 qui
1250 1771 1346 1826 Dei
1379 1771 1776 1844 longanimitate
1817 1771 2192 1827 abutebantur.
2227 1769 2404 1840 Supra
2429 1784 2564 1838 swpe
2593 1769 2658 1822 de
2689 1767 2884 1822 eisdem
2909 1765 2978 1818 ad
3002 1763 3262 1818 eamdem.

282 1870 418 1929 οἶδα
460 1877 544 1931 ὅτι
581 1878 914 1950 κρειττόνων
953 1880 988 1953 ἢ
1019 1881 1143 1936 καθ’
1173 1883 1402 1947 ἑαυτοὺς
1438 1884 1800 1954 τετυχήκασιν

1976 1883 2103 1938 Scio
2120 1881 2409 1952 dignitates
2420 1894 2579 1949 supra
2599 1877 2848 1932 meritum
2861 1883 3180 1932 consecutos
3196 1879 3476 1943 pr0pterea

211 1967 578 2036 ἀξιωμάτωνο
631 1970 722 2025 διὰ
756 1968 916 2024 τοῦτο
945 1971 1288 2043 πλημμελεῖν
1317 1973 1488 2036 ἀδεῶς
1529 1973 1761 2044 οἰόμενοι
1780 2013 1797 2037 ,

208 2058 368 2110 οὐδὲν
399 2059 619 2130 ἕτερον,
655 2059 689 2131 ἢ
721 2060 820 2134 τὴν
849 2061 1002 2117 θείαν
1033 2063 1442 2134 φιλανθρωπίαν
1467 2063 1564 2133 τὴν
1599 2065 1800 2128 παντὸς

211 2149 444 2202 ἐπαίνου
474 2151 791 2222 κρείττονα,
830 2153 1088 2208 ὑπόθεσιν
1130 2155 1238 2208 τῶν
1271 2156 1488 2210 οἰκείων
1519 2156 1799 2225 πταισμά-

211 2255 328 2291 των
349 2239 644 2310 ὀρίζονται,
677 2241 814 2314 ὅπερ
834 2243 955 2296 οὐδὲ
987 2245 1162 2298 εἰπεῖν
1193 2245 1372 2315 θέμις.
1419 2246 1557 2299 Ἀλλ’
1585 2247 1648 2299 ού
1675 2247 1801 2309 τοὺς

215 2327 620 2400 εύφρονοῦντας
646 2329 789 2383 οὓτω
819 2331 1121 2386 διακεῖσθαι
1153 2335 1278 2406 χρὴ,
1303 2335 1423 2388 οὐδὲ
1452 2337 1532 2400 είς
1560 2334 1660 2405 τὴν
1697 2335 1798 2387 αύ-

213 2418 319 2488 τὴν
371 2420 601 2484 ἐκείνοις
651 2421 897 2478 ἐλαύνειν
947 2425 1182 2496 μανίαν,
1221 2427 1356 2480 άλλὰ
1395 2428 1515 2480 τότε
1565 2427 1803 2496 μάλιστα

218 2511 549 2575 σπουδάζειν
565 2515 631 2584 τῇ
644 2518 777 2585 τιμῇ
803 2533 865 2568 συ
874 2516 1168 2586 μϐαίνοντα
1189 2517 1527 2588 παρέχεσθαι
1546 2518 1640 2571 τὸν
1664 2518 1799 2587 βίον,

217 2599 319 2653 καὶ
352 2601 428 2664 ὠς
452 2602 726 2674 ἐνδέχεται
758 2606 1171 2677 λαμπρύνεσθαι
1203 2611 1315 2672 τοῖς
1339 2609 1520 2679 ἔργοις
1540 2625 1555 2638 ο
1590 2609 1676 2661 ἵνα
1708 2609 1803 2662 καὶ

216 2689 472 2758 γλῶτταν
503 2693 751 2766 εὔφημον
774 2739 787 2760 ,
830 2699 924 2750 καὶ
961 2698 1202 2753 διάνοιαν
1232 2700 1551 2770 εὐγνώμονα
1590 2699 1804 2770 ἔχοντες

217 2781 350 2844 τοὺς
389 2782 531 2836 κατά
559 2785 658 2853 τῆς
710 2785 864 2849 θείας
912 2789 1296 2859 μακροθυμίας
1345 2789 1666 2854 ὀπλίζοντας
1706 2788 1806 2851 τὰς

218 2870 471 2939 γλώττας
498 2876 960 2949 ὲπιστομίζωμεν.

492 2979 670 3038 ΤΚΑ’.
705 3013 776 3024 —-
807 2986 1038 3040 ῙΕΡΑΚΙ
1073 2987 1542 3058 ΠΡΕΣΒΥΤΕΡῼ.

1906 1974 2224 2044 delinquere
2276 1971 2551 2037 audacter,
2603 1969 2745 2038 quod
2787 1967 3104 2023 existiment
3154 1963 3287 2018 nihil
3333 1962 3480 2016 aliud

1907 2082 2068 2136 quam
2124 2065 2360 2121 divinam
2418 2061 2850 2133 benignitatem,
2908 2072 3030 2128 quae
3080 2055 3287 2111 laudari
3348 2054 3481 2108 satis

1907 2169 2012 2210 non
2057 2154 2245 2224 possit,
2275 2152 2443 2224 656
2469 2159 2846 2222 argumentum
2896 2162 3121 2204 suorum
3172 2159 3296 2200 esse
3345 2143 3480 2197 deli-

1904 2256 2139 2308 ctorum,
2170 2243 2315 2313 quod
2347 2242 2499 2298 nefas
2545 2248 2628 2297 est
2671 2240 2875 2294 dicere.
2908 2237 2980 2291 At
3034 2251 3140 2291 non
3174 2235 3247 2289 ita
3277 2233 3480 2288 sentire

1904 2336 2059 2390 decet
2084 2333 2379 2403 sapientes,
2412 2346 2510 2386 nec
2545 2331 2600 2385 in
2623 2330 2870 2384 eamdem
2897 2343 2956 2384 se
2979 2327 3269 2382 immittere
3290 2338 3478 2377 amen-

1904 2428 2064 2493 tiam,
2107 2426 2204 2482 sed
2255 2436 2367 2480 tum
2407 2425 2643 2478 maxime
2685 2421 2820 2477 dare
2861 2434 3109 2490 operam,
3152 2426 3212 2472 ut
3258 2417 3482 2470 honeste

1906 2520 2015 2574 vita
2048 2517 2400 2587 transigatur,
2435 2524 2601 2584 utque
2641 2520 2788 2568 recte
2831 2512 2986 2568 iactis
3024 2526 3145 2566 eam
3188 2509 3480 2572 illustrant,

1907 2616 1966 2662 ut
1997 2617 2051 2661 et
2079 2606 2316 2674 linguam
2345 2603 2575 2672 benigne
2601 2600 2935 2670 loquentem,
2971 2608 3313 2667 mentemque
3336 2604 3482 2650 recte

1904 2697 2228 2753 sentientem
2270 2693 2554 2758 habentes,
2589 2707 2776 2746 eorum
2823 2705 2916 2749 ara
2966 2691 3239 2754 obturent,
3281 2687 3373 2756 qui
3428 2686 3480 2738 in

1908 2789 2001 2842 Dei
2035 2785 2493 2856 longanimitatem
2523 2783 2740 2852 linguas
2769 2789 3049 2836 acuerunt.

2083 2983 2358 3040 CCCXXI.
2395 3014 2465 3024 —
2506 2979 2786 3037 lilERACI
2809 2977 3300 3037 ‘PRESBYTERO.

925 3078 1204 3134 Sacerdoti
1231 3081 1447 3134 vitanda
1472 3079 1752 3144 scandala,
1784 3089 1840 3134 ut
1873 3087 1921 3135 et
1954 3077 2103 3149 epist.
2128 3094 2236 3147 seq.
2266 3077 2360 3132 lib.
2391 3091 2453 3145 tt,
2483 3077 2640 3146 epist.
2677 3075 2794 3130 l2l.

297 3185 417 3239 Ούκ
449 3187 592 3258 ἴσην,
625 3181 670 3242 ὦ
705 3191 965 3263 μακάριε,
1015 3190 1122 3264 πρὸ
1150 3191 1244 3246 τοῦ
1293 3193 1592 3267 ἱερωσύνης
1638 3193 1803 3266 ὴξιῶ-

1974 3190 2090 3248 Non
2124 3207 2330 3262 parem,
2376 3207 2409 3246 ο
2438 3193 2596 3260 bone,
2630 3200 2753 3246 ante
2781 3198 2835 3244 et
2860 3197 2981 3258 post
3013 3189 3263 3258 adeptum
3296 3201 3481 3241 sacer-

225 3275 390 3342 σθαι,
423 3279 519 3330 καὶ
551 3279 690 3348 μετὰ
720 3281 780 3333 τὸ
811 3282 1144 3353 ἀξιωθῆναι,
1183 3285 1230 3337 εί
1261 3285 1615 3356 πταίσωμεν,
1647 3286 1802 3358 δίκην

222 3367 505 3438 δώσομεν,
545 3370 681 3424 ἀλλὰ
709 3372 889 3444 πολλῷ
923 3375 1276 3446 πικροτέραν.
1309 3377 1373 3430 Οί
1406 3376 1515 3448 γὰρ
1562 3377 1697 3449 μηδὲ
1723 3376 1804 3448 τῷ

224 3459 333 3528 τῆς
370 3463 536 3531 τιμῆς
579 3463 835 3536 τοιαύτης
879 3464 1144 3534 ἠξιῶσθαι
1189 3466 1588 3536 βελτιωθέντες,
1633 3470 1806 3542 ἀργα-

223 3550 494 3622 λεώτερον
538 3553 737 3608 δίκαιοι
780 3554 846 3608 ἂν
875 3551 986 3609 εἷεν
1026 3556 1372 3622 κολάζεσθαι.
1418 3559 1670 3629 Γίγνεται
1697 3559 1805 3634 γὰρ

225 3644 457 3707 εἰκότως
507 3646 568 3700 τὸ
613 3647 710 3716 τῆς
746 3647 912 3718 τιμῆς
964 3647 1194 3719 μέγεθος
1243 3650 1489 3721 μείζονος
1538 3652 1810 3723 τιμωρίας

226 3734 440 3804 ὲφόδιοτ

696 3830 869 3884 me.
906 3862 974 3873 .-
1000 3835 1090 3903 Τῼ
1122 3833 1330 3906 ΑΥΤῼ.

1909 3283 2123 3353 όοιξυιη,
2149 3284 2195 3340 si
2223 3282 2614 3354 delinquamus,
2662 3296 2873 3352 poenam
2915 3280 3143 3345 luemus,
3173 3279 3268 3335 sed
3317 3276 3485 3334 multo

1911 3377 2268 3432 acerbiorem.
2298 3375 2431 3430 Nam
2451 3376 2542 3445 qui
2576 3391 2644 3430 ne
2673 3375 2778 3430 ista
2808 3375 3023 3444 quidem
3062 3372 3284 3427 honoris
3314 3371 3485 3439 digni—

1913 3476 2024 3522 tate
2059 3467 2254 3523 redditi
2295 3477 2422 3522 sunt
2467 3467 2743 3533 meliores,
2778 3481 2989 3535 mquam
3032 3474 3117 3519 est
3145 3478 3239 3520 eos
3269 3466 3486 3533 gravius

1911 3559 2115 3630 puniri.
2168 3558 2265 3615 Est
2311 3561 2454 3614 enim
2503 3561 2696 3615 merito
2746 3561 2859 3630 ipsa
2913 3557 3134 3614 honoris
3175 3556 3486 3628 magnitudo

1913 3652 2162 3723 supplicii
2195 3653 2416 3724 majoris
2447 3653 2681 3708 occasio.

2369 3838 2667 3896 CCCXXli.
2705 3868 2776 3879 —
2803 3837 3030 3894 EIDEM.

1105 3923 1476 3992 {Sacerdotum
1503 3923 1748 3993 grauiora
1780 3941 1891 3982 esse
1917 3947 2074 4000 quam
2101 3931 2358 3984 laicorum
2381 3929 2595 3986 delicta.

301 4027 514 4101 Ὥσπερ
555 4030 614 4085 έν
650 4031 762 4103 νηῒ,
800 4033 930 4087 ὅταν
969 4033 1068 4104 μὲν
1111 4034 1314 4105 ναύτης
1355 4034 1620 4106 σφαλείη,
1672 4036 1805 4106 βρα-

226 4126 386 4195 χείαν
414 4127 511 4197 τὴν
548 4125 754 4198 βλάϐην
781 4129 892 4191 τοῖς
928 4127 1265 4198 συμπλέουσι
1304 4127 1498 4198 φέρεϋ,
1530 4129 1658 4182 ὅταν
1689 4131 1747 4183 δὲ
1779 4133 1808 4183 ὁ

228 4217 575 4288 κυϐερνήτης
593 4257 608 4282 ,
646 4218 825 4271 κοινὸν
861 4217 1084 4291 ὀλεθρον
1113 4219 1542 4289 παρασκευάζει,
1572 4220 1713 4274 οὕτω
1739 4221 1809 4276 τά

229 4308 334 4380 μὲν
363 4309 472 4362 τῶν
508 4310 764 4379 ὑπηκόων
792 4311 1132 4381 πταίσματα,
1158 4312 1259 4364 οὐκ
1284 4311 1366 4373 είς
1391 4310 1453 4364 τὸ
1477 4311 1656 4366 κοινὸν
1679 4329 1807 4366 τοσ-

223 4402 390 4455 οῦτον
411 4441 426 4466 ,
451 4402 577 4455 ὅσον
615 4403 696 4465 είς
722 4403 920 4466 αὐτοὺς
951 4403 1107 4474 φέρει
1127 4403 1228 4473 τὴν
1251 4401 1454 4474 βλάϐην
1477 4419 1492 4435 ·
1516 4403 1585 4458 τά
1612 4405 1669 4458 δὲ
1697 4404 1806 4458 τῶν

227 4494 552 4564 ἱερωμένων
581 4495 663 4558 είς
690 4494 901 4558 πάντας
932 4495 1262 4564 ἀφικνεῖται.

689 4602 863 4656 TKI".
904 4633 974 4644 —
1015 4602 1104 4673 Tn
1147 4602 1351 4674 ΑΥΤῼ.

1991 4041 2060 4097 Ut
2129 4043 2181 4096 in
2223 4042 2443 4111 navigio
2473 4042 2517 4096 si
2546 4041 2667 4110 quis
2700 4048 2860 4094 nauta
2894 4038 3187 4106 delinquat,
3222 4037 3398 4091 minus
3431 4035 3484 4090 id

1915 4134 2292 4203 navigantibus
2320 4133 2478 4188 aiiert
2511 4133 2941 4196 incommodum;
2984 4130 3028 4184 si
3063 4143 3192 4183 vero
3216 4129 3487 4198 guberna-

1915 4233 2019 4290 tor,
2061 4239 2400 4278 communem
2453 4233 2700 4291 procurat
2757 4222 3068 4287 interitum;
3120 4219 3187 4272 ad
3238 4217 3485 4272 eumdem

1914 4316 2130 4369 modum
2175 4315 2511 4370 subditorum
2547 4323 2767 4384 peccata
2810 4329 2940 4390 non‘
2967 4322 3078 4366 tam
3131 4311 3273 4375 aliis,
3321 4323 3482 4378 quam

1914 4419 2013 4459 suo
2051 4404 2150 4472 ipsi
2180 4405 2340 4473 capiti
2374 4404 2572 4458 tnalum
2597 4413 2904 4458 arcessunt.
2929 4402 3000 4456 At
3032 4399 3373 4456 sacerdotum
3401 4398 3486 4452 vi—

1839 4528 1884 4582 D
1917 4499 1986 4551 tia
2018 4497 2068 4550 in
2095 4511 2285 4551 omnes
2311 4496 2558 4558 exemplo
2589 4497 2918 4550 redundant.

2353 4606 2674 4662 CCCXXIII.
2709 4636 2779 4645 —
2810 4605 3036 4659 EIDEM.

908 4694 1254 4750 Sacer-datum
1282 4706 1358 4751 est
1387 4698 1717 4753 subditorum
1746 4713 2003 4773 satagere.
2029 4702 2302 4771 Majorum
2324 4704 2514 4757 delicta
2543 4704 2806 4774 graviora.

300 4805 366 4859 Ei
421 4807 606 4876 μόλις,
664 4799 709 4860 ὧ
765 4804 973 4876 ἀγαθὲ,
1023 4805 1417 4875 κατορθοῦντες
1463 4807 1514 4860 oi
1551 4808 1650 4879 τὴν
1706 4809 1804 4880 τῆς

223 4897 532 4970 ἱερωσύνης
581 4898 906 4969 ἐστεμμένοι
938 4895 1282 4970 λειτουργίαν
1329 4896 1608 4970 ὠφελῆσαι
1647 4898 1807 4969 δυνη-

222 4992 376 5044 θεῖεν
417 4991 496 5059 (οί
530 4991 639 5060 γάρ
671 4991 962 5062 ἀρχόμενοι
1004 4989 1074 5044 τὰ
1121 4989 1220 5061 μὲν
1259 4989 1661 5062 κατορθώματα
1705 4990 1808 5044 κᾶν

227 5081 448 5152 μεγάλα
483 5079 539 5154 ᾖ,
568 5080 829 5151 βραδέως,
869 5080 940 5133 τὰ
966 5079 1022 5133 δὲ
1052 5079 1371 5150 πταίσματα
1409 5080 1514 5132 κᾶν
1546 5081 1720 5152 μικρά
1747 5079 1805 5154 ᾖ,

223 5175 398 5240 ὀξέως
447 5171 710 5243 ὁρῶσιν),
755 5175 805 5226 οἱ
853 5171 1114 5244 ῥᾳθύμως
1140 5170 1362 5237 ζῶντες,
1404 5171 1498 5224 καὶ
1539 5173 1809 5243 μηδεμίαν

222 5266 342 5318 τῶν
360 5265 616 5334 ὑπηκόων
642 5264 954 5335 ποιούμενοι
981 5264 1258 5336 πρόνοιαν,
1295 5261 1454 5314 ποίαν
1485 5263 1588 5315 οὐκ
1620 5265 1809 5319 ἐνστά-

224 5357 383 5422 ζουσι
411 5356 521 5426 (95)
567 5355 764 5410 κακίαν
805 5358 919 5419 τοῖς
960 5355 1151 5425 ὥσπερ
1179 5352 1478 5422 ἀπολογίαν
1517 5354 1663 5426 ἔχειν
1698 5359 1806 5411 oio-

224 5447 418 5518 μένοις
456 5444 567 5498 τῶν
600 5446 817 5500 οἰκείων
861 5445 1218 5518 πταισμάτων
1263 5444 1333 5498 τὰ
1359 5442 1470 5496 τῶν
1517 5446 1801 5518 ἡγεμόνων

1985 4810 2040 4866 Si
2076 4811 2161 4866 vix
2193 4812 2427 4875 tandem,
2454 4811 2593 4867 bone
2618 4810 2720 4874 vir,
2747 4818 2892 4864 recte
2929 4808 3057 4877 quid
3089 4822 3155 4862 ac
3181 4820 3302 4860 cum
3331 4804 3486 4859 laude

1914 4913 2136 4973 agentes
2172 4901 2266 4972 qui
2305 4901 2478 4956 sacris
2526 4909 2653 4956 sunt
2701 4898 2896 4954 initiati
2963 4896 3219 4967 prodesse
3277 4902 3485 4964 queant

1913 4994 2136 5064 (subditi
2180 4991 2321 5048 enim
2367 5002 2514 5048 recte
2542 4992 2757 5063 quidem
2794 4998 2967 5062 gesta,
3000 4988 3245 5058 quamvis
3290 5002 3483 5053 magna

1909 5086 2039 5149 sint,
2089 5098 2194 5138 non
2241 5093 2352 5138 tam
2397 5084 2539 5150 cito;
2575 5091 2794 5152 peccata
2835 5096 2964 5135 vero
3009 5079 3222 5134 tametsi
3260 5077 3481 5131 minima

1905 5174 2172 5229 citissime
2217 5173 2702 5243 animadvertunt),
2731 5172 3065 5242 negligenter
3113 5171 3376 5232 viventes,
3429 5177 3485 5218 et

1906 5265 2107 5319 nullam
2137 5266 2474 5322 subditorum
2512 5280 2696 5319 curam
2727 5269 2995 5331 gerentes,
3036 5276 3198 5329 quam
3240 5274 3345 5313 non
3384 5259 3482 5311 in-

1903 5357 2108 5412 stillant
2137 5358 2535 5426 improbitatem
2565 5359 2630 5412 iis
2654 5359 2744 5426 qui
2777 5355 3119 5425 propriorum
3153 5351 3473 5406 delictorum

1910 5450 2056 5504 velut
2089 5449 2455 5504 defensionem
2503 5449 2698 5504 habere
2742 5462 2800 5502 se
2827 5454 3020 5514 putant
3053 5453 3273 5514 peccata
3317 5455 3482 5509 snpe-

1328 5606 1562 5665 νΑΡιΙιιΕ
1598 5603 1984 5662 LECTIONES
2026 5605 2112 5660 ΕΤ
2157 5605 2389 5664 ΝΟΤΛΞ.

308 5750 423 5825 (θρ)
452 5751 612 5825 [idem
641 5754 740 5825 τὴν
770 5757 822 5810 in
851 5759 942 5810 τὸν
968 5770 1194 5816 mutant.
1228 5760 1441 5816 Possm.

304 5821 426 5892 (95)
454 5823 561 5879 Pro
601 5821 919 5892 ἐνστάζουσι
957 5831 1117 5886 ambo
1162 5832 1318 5888 codd.
1370 5833 1567 5887 habent
1613 5831 1948 5898 ἑνστάξουσι,
1985 5830 2062 5884 lo.
