3982 6420
475 379 610 450 1523
1722 396 1781 455 S.
1828 394 2047 456 ISIDOJ

2162 395 2604 460 PELUSIOT/E
3604 397 3719 467 1521

469 498 700 562 riorutn,
732 502 784 550 et
816 495 1083 566 intrepide
1105 495 1158 552 in
1183 511 1344 554 omne
1370 495 1581 556 facinus
1607 503 1810 556 ruunt?
1835 503 2041 559 Maximi

2171 511 2545 581 αμαρτήματα
2563 549 2578 573 ,
2613 507 2706 561 καὶ
2736 506 2908 572 ἀδεῶς
2937 508 3030 562 ἐπὶ
3065 509 3244 562 πᾶσαν
3272 508 3604 579 παρανομίαν
3626 531 3721 580 χω-

471 589 657 660 itaque
698 589 856 644 decet
903 591 1220 647 sacerdotes
1267 602 1518 662 satagere
1563 603 1824 664 tanquam
1875 613 1973 666 pro
2007 613 2043 652 St

2175 599 2360 669 ροῦσι;
2411 600 2662 652 Μάλιστα
2696 599 2876 653 τοίνυν
2909 601 3040 664 τοὺς
3075 601 3407 673 ἱερωμένους
3445 604 3724 676 φροντίζειν

471 680 686 750 sibique
719 679 982 751 subjectis
1014 683 1125 737 sint
1158 683 1428 738 rationem
1465 685 1728 742 reddituri
1753 689 1816 743 ³⁸.

2171 690 2298 764 χρὴ,
2343 691 2418 754 ὡς
2462 692 2556 744 καὶ
2587 691 2731 762 ὑπὲρ
2760 691 3001 760 ἑαυτῶν,
3043 693 3138 746 καὶ
3176 693 3317 766 ὑπὲρ
3362 693 3472 747 τῶν
3498 694 3726 764 ὑπηκόων

1494 819 1502 826 .
2171 781 2329 849 λόγον
2361 781 2764 846 ἀποδώσοντας.

640 886 962 945 CCCXXIV.
1003 918 1073 928 —
1106 887 1360 945 ZOSIMO
1401 888 1885 948 PRESBYTERO.

2422 893 2593 949 TKA'.
2637 922 2710 933 —
2747 893 2999 964 ΖΩΣΙΜῼ
3044 893 3513 965 ΠΡΕΣΒΠΕΡῼ.

1330 985 1566 1041 Extremi
1585 989 1784 1056 judicii
1818 1001 2016 1045 terrore
2053 1009 2084 1045 a
2121 991 2347 1060 peccatis
2388 1006 2633 1043 revocare
2663 1000 2909 1043 conatur.

551 1096 622 1152 De
669 1098 1019 1167 iniuriarum,
1071 1100 1245 1169 deque
1292 1101 1610 1170 opinionum
1670 1106 2065 1173 magnitudine,

2243 1105 2468 1175 Κρίνειν
2513 1105 2581 1157 τά
2609 1121 2667 1156 τε
2713 1103 2823 1156 τῶν
2865 1101 3078 1174 ὕϐρεων
3103 1141 3119 1166 ,
3150 1103 3221 1156 τά
3249 1119 3308 1156 τε
3349 1103 3459 1155 τῶν
3488 1102 3735 1158 κολάσεων

473 1207 541 1246 ex
590 1205 817 1245 numero
859 1205 1048 1246 eorum
1096 1192 1186 1260 qui
1228 1193 1434 1247 conscii
1470 1202 1597 1247 sunt
1642 1195 1922 1249 aestimare
1972 1211 2045 1249 so-

2176 1197 2382 1268 μεγὲθη
2409 1198 2457 1249 οί
2488 1196 2768 1268 ἄνθρωποι
2797 1195 2877 1266 τῷ
2913 1194 3114 1266 πλήθει
3147 1195 3259 1248 τῶν
3288 1195 3601 1250 συνειδότων
3625 1197 3730 1250 εἰώ-

474 1282 604 1338 leut.
634 1281 866 1354 lnjurias
900 1285 1044 1338 enim
1075 1296 1130 1339 et
1160 1286 1552 1354 castigationes
1584 1287 1650 1342 de
1685 1288 1877 1356 quovis
1920 1304 2040 1342 sum

2174 1292 2320 1344 θασι.
2350 1290 2462 1353 Τάς
2491 1290 2602 1360 γάρ
2630 1289 2804 1352 αὑτὰς
2833 1287 3040 1359 ὕϐρεις,
3071 1289 3168 1341 καί
3194 1288 3294 1351 τὰς
3321 1287 3492 1350 αὑτάς
3515 1289 3732 1352 κολάσεις

477 1386 621 1444 ptas,
651 1393 758 1431 non
787 1377 978 1432 eodem
1018 1379 1179 1433 modo
1210 1381 1562 1449 gravissimas
1591 1380 1882 1435 restituant.
1915 1379 2049 1446 Qum

2179 1385 2255 1455 μὴ
2305 1385 2398 1436 ἐπὶ
2441 1383 2658 1438 πολλῶν
2688 1382 3002 1454 γινομένας,
3045 1382 3146 1452 οὐχ
3193 1382 3402 1452 ὁμοίως
3457 1381 3737 1452 βαρυτάτας

475 1481 598 1521 cum
642 1469 714 1522 ita
763 1468 856 1534 sit,
897 1470 1042 1534 vide,
1082 1486 1286 1541 quazso,
1315 1475 1586 1541 quomodo
1630 1472 1810 1529 allecti
1835 1473 2042 1528 erimus

2175 1475 2456 1546 ἡγοῦνται.
2505 1477 2569 1530 El
2613 1477 2793 1530 τοίνυν
2837 1475 2993 1529 ταῦθ’
3025 1475 3203 1538 οὕτως
3232 1474 3371 1544 ἔχει,
3415 1474 3602 1527 σκόπει
3633 1473 3735 1538 πῶς

476 1559 569 1627 qui
596 1575 778 1615 coram
810 1569 920 1616 tota
954 1563 1292 1618 humanitate
1325 1575 1373 1619 et
1411 1563 1728 1636 angelorum
1760 1564 2048 1634 pulchritu-

2171 1568 2581 1640 διακεισόμεθα,
2616 1569 2711 1623 ἐπὶ
2741 1568 2925 1640 πάσης
2947 1569 3044 1639 τῆς
3073 1567 3519 1639 ἀνθρωπότητος,
3547 1567 3635 1621 καὶ
3658 1565 3737 1620 τοῦ

475 1653 604 1708 dine
635 1668 855 1709 causam
896 1654 1164 1721 dicemus,
1189 1655 1353 1726 657
1381 1673 1500 1710 cum
1546 1657 1848 1726 praesertim
1883 1657 2047 1712 omni:

2171 1664 2281 1717 τῶν
2333 1663 2584 1732 ἀγγέλων
2637 1663 2814 1735 δήμου
2877 1661 3166 1734 μέλλοντες
3235 1660 3471 1724 εὐθύνας
3526 1659 3735 1729 ὑφέξειν,

476 1745 643 1799 etiam
686 1746 738 1800 in
784 1747 1112 1803 verecundia
1160 1748 1337 1802 locum
1385 1764 1489 1804 non
1537 1750 1796 1819 reperiet,
1836 1750 2044 1818 peccati

2177 1757 2308 1811 ὅταν
2366 1757 2604 1827 μάλιστα
2653 1758 2750 1810 καὶ
2807 1759 2961 1811 πᾶσα
3017 1754 3380 1827 ἀναισχυντία
3433 1753 3607 1824 χώραν
3654 1753 3737 1823 οὐχ

477 1855 600 1906 nos,
635 1840 780 1896 velut
811 1841 1000 1896 umbra
1035 1856 1232 1910 corpus
1259 1842 1419 1906 solet,
1455 1842 1931 1912 consequentibus.

2175 1849 2320 1914 ἕξει,
2359 1848 2470 1902 τῶν
2503 1849 2925 1921 ἁμαρτημάτων
2957 1850 3091 1920 ήμῐν
3121 1848 3317 1920 ὥσπερ
3351 1846 3517 1900 σκιῶν
3542 1844 3736 1899 ἀκολου-

2180 1939 2439 1996 θούντων.

946 2042 1251 2102 CCCXXV.
1273 2042 1602 2100 —PAULO.

2663 2051 2842 2104 TKE'.
2895 2080 2963 2092 --
3011 2049 3270 2120 name.

1479 2138 1551 2192 De
1591 2137 1846 2191 bonorum
1877 2139 2095 2208 prmmio
2120 2157 2373 2212 poenaque
2402 2141 2785 2212 improborum.

549 2247 807 2303 Homines
846 2256 906 2304 ut
939 2262 1100 2318 poena
1132 2249 1424 2319 pnemiove
1464 2251 1774 2320 quempiam
1807 2250 2068 2315 alliciant,

2266 2253 2389 2307 Ἐπὶ
2438 2253 2539 2324 μὲν
2574 2253 2882 2324 ἀνθρώπων
2927 2251 2960 2323 ἢ
2991 2249 3380 2322 ἀμυνομένων,
3412 2248 3445 2320 ἦ
3479 2244 3740 2316 ἀμειϐομέ-

479 2359 587 2397 non
619 2357 836 2411 semper
888 2341 1152 2397 voluntati
1205 2352 1449 2412 potestas
1502 2344 1816 2413 respondet.
1841 2343 1912 2397 At
1971 2343 2047 2398 De

2181 2363 2310 2410 νων,
2341 2346 2403 2399 οὐ
2437 2347 2656 2409 πάντως
2686 2347 2719 2416 ή
2745 2345 2975 2415 δύναμις
3003 2345 3068 2415 τῇ
3112 2342 3375 2413 βουλήσει
3418 2340 3601 2393 ἕπεται
3621 2354 3633 2367 ·
3664 2337 3739 2391 ἐπὶ

472 2434 704 2502 iustitia,
730 2450 850 2504 qua:
877 2444 931 2490 et
959 2450 1119 2504 pcena
1166 2436 1382 2506 cogitur
1434 2435 1670 2498 allicere,
1694 2445 1750 2490 et
1800 2437 1951 2506 cupit
1983 2435 2036 2489 ili

2179 2437 2236 2491 δὲ
2265 2438 2366 2509 τῆς
2402 2437 2552 2502 Θείας
2593 2437 2772 2509 δίκης,
2813 2439 2916 2509 τῆς
2962 2435 3275 2507 ἀμύνεσθαι
3315 2434 3418 2506 μὲν
3467 2432 3738 2500 ἀναγκαζο-

480 2545 616 2596 gnos
649 2528 937 2598 pranniare
994 2527 1478 2598 (quandoquidem
1516 2527 1753 2584 facultas
1790 2528 2052 2584 voluntatt

2183 2532 2375 2604 μένης,
2415 2531 2744 2602 ἀμείϐεσθαι
2776 2531 2832 2584 δὲ
2861 2528 3195 2601 βουλομένης
3223 2544 3238 2558 ο
3287 2525 3632 2598 ἐπειδήπερή
3668 2521 3740 2574 δύ-

480 2637 586 2675 ιιοιι
639 2630 724 2676 est
777 2619 1073 2689 inferior),
1112 2631 1342 2690 utraque
1392 2636 1586 2690 reapse
1641 2622 1866 2676 omnino
1913 2639 2052 2677 excrl

2173 2645 2340 2696 ναμις
2366 2626 2464 2696 τῆς
2487 2626 2795 2697 βουλήσεως
2820 2625 2922 2678 οὐκ
2947 2623 3095 2678 ἐστιν
3120 2620 3489 2690 ἀσθενεστέρα
3516 2637 3528 2650 ·
3557 2619 3739 2678 πάντως

479 2721 696 2768 cuntur.
773 2713 881 2769 llos
946 2714 1091 2769 enim
1165 2715 1412 2784 prannio,
1479 2714 1601 2769 illos
1679 2729 1839 2785 poena
1924 2715 2051 2770 Deus

2176 2705 2463 2788 ἀμφότερα
2493 2719 2571 2781 είς
2609 2717 2772 2788 ἔργον
2811 2717 3132 2788 ἐκϐήσεται.
3179 2715 3329 2776 Τοὺς
3373 2713 3471 2782 μὲν
3500 2711 3599 2782 γάρ
3625 2711 3739 2779 ἀμυ-

482 2805 666 2860 allicit.

2176 2813 2370 2873 νεῖται,
2411 2810 2541 2872 τοὺς
2561 2809 2618 2863 δὲ
2651 2809 2967 2881 ἀμείψεται.

479 2916 653 2973 CCCX
668 2914 1338 2980 XVl.—MARTINIANO,
1373 2916 1630 2974 ZOSIMO
1665 2917 1754 2972 ET
1783 2917 2051 2972 MARONI

2251 2921 2442 2986 Τιςεῖι.
2481 2949 2552 2958 -
2588 2917 3044 2989 ΜΑΡἸΊΝΙΑΝῼ,
3080 2916 3374 2986 ΖΩΣΙΜῼ,
3417 2911 3681 2967 meum.

970 3007 1102 3063 Boni
1136 3010 1395 3062 neminem
1423 3009 1843 3063 calumniantur.
1876 3007 2010 3062 Mali
2035 3025 2068 3062 a
2094 3008 2363 3062 calumnia
2392 3026 2489 3062 cur
2530 3007 2698 3062 liberi.
2730 3006 2908 3078 (Conf.
2937 3007 3088 3068 epist.
3126 3004 3281 3068 541.)

551 3122 668 3178 Etsi
698 3121 1018 3178 incredibile
1047 3121 1203 3178 vobis
1226 3123 1402 3176 visum
1458 3123 1525 3178 iri
1550 3123 1694 3193 quod
1719 3124 1893 3178 dicam
1936 3123 2070 3188 scio,
2101 3108 2123 3166 (

2250 3123 2314 3175 El
2361 3123 2455 3174 καὶ
2501 3120 2808 3192 παράδοξον
2851 3117 2992 3174 εἶναι
3031 3119 3162 3188 ὑμῖν
3199 3118 3348 3183 δόξει
3376 3117 3439 3172 τὺ
3473 3114 3739 3187 ῥηθησόμε-

481 3216 695 3270 dicetur
722 3225 930 3270 tamen.
964 3214 1156 3270 Sentio
1181 3216 1367 3285 itaque
1422 3223 1481 3270 ut
1523 3232 1702 3287 neque
1753 3217 1954 3270 bonum
1991 3215 2053 3269 vit

2176 3234 2285 3281 vov,
2309 3215 2424 3268 ἀλλ’
2448 3215 2600 3286 ὅμως
2625 3214 2920 3279 λελέξεται.
2955 3214 3103 3283 Φημὶ
3131 3212 3317 3266 τοίνυν
3343 3213 3428 3265 ὃτι
3455 3209 3617 3272 οὐδεὶς
3641 3207 3739 3260 οὔτε

481 3323 603 3361 rum
625 3306 944 3362 calumniari
1006 3319 1357 3376 quemquam,
1398 3305 1470 3358 ita
1537 3320 1714 3372 neque
1769 3303 2053 3373 improbun

2175 3309 2453 3364 διαϐάλλει
2482 3308 2740 3380 χρηστός,
2788 3307 2912 3360 οὔτε
2943 3305 3298 3360 διαϐάλλεται
3334 3303 3584 3375 πονηρός.
3615 3301 3668 3354 Et
3691 3299 3740 3353 δὲ

481 3398 753 3454 calumnia
790 3399 994 3467 appeti.
1022 3396 1177 3463 Quod
1205 3399 1408 3451 dictum
1445 3397 1490 3452 si
1540 3397 1849 3466 aenigmatis
1904 3395 2044 3448 insta

2178 3399 2409 3471 αἴνιγμα
2441 3401 2586 3453 δοκεῖ
2618 3401 2680 3452 τὸ
2730 3399 2894 3470 ῥηθὲν
2919 3440 2932 3462 ,
2967 3398 3310 3468 σαφέστερον
3361 3398 3646 3466 είρήσεται.
3694 3393 3740 3443 '0

481 3493 754 3556 videatur,
793 3491 1092 3546 dilucidius
1122 3490 1420 3560 proferam.
1445 3490 1657 3545 Probus
1687 3492 1731 3560 si
1780 3489 1909 3557 quid
1933 3488 2051 3540 (lica

2181 3492 2409 3560 ἀγαθὸς,
2439 3491 2539 3544 κᾶν
2571 3493 2745 3544 εἰπεῖν
2784 3507 2838 3542 τι
2873 3489 2906 3558 ἢ
2951 3489 3057 3541 ὑπὸ
3097 3488 3522 3559 μισοπονηρίας,
3555 3487 3586 3556 ἦ
3629 3482 3740 3552 πὼς

483 3585 572 3640 vel
601 3585 728 3638 odio
753 3585 1036 3647 vitiorum,
1059 3583 1146 3638 vel
1171 3585 1234 3636 atl
1260 3583 1643 3651 corrigendum
1703 3585 2048 3636 aberrantem

2185 3581 2474 3652 διόρθωσιν
2501 3581 2828 3652 προαχθείη,
2856 3581 2915 3632 οὺ
2942 3579 3220 3632 διαϐάλλει
3242 3596 3256 3610 ·
3290 3583 3355 3632 οὐ
3387 3579 3494 3650 γάρ
3517 3579 3579 3630 τὰ
3601 3573 3740 3645 ψευδῆ

484 3677 715 3731 minime
764 3676 1150 3730 calumniatur.
1179 3676 1296 3729 Non
1348 3677 1494 3729 enim
1554 3676 1839 3729 mendacia
1897 3675 2050 3742 ﬁngit

2188 3676 2436 3739 πλάττει,
2466 3674 2602 3727 ἀλλά
2632 3673 2842 3745 τάληθῆ
2875 3673 3094 3744 φράζει.
3141 3674 3199 3727 Ὁ
3223 3675 3282 3727 δὲ
3309 3672 3541 3744 πονηρὸς
3568 3671 3620 3724 οὐ
3649 3670 3742 3722 δια·

483 3773 596 3824 imo
624 3785 749 3823 vera
777 3769 957 3836 potius
981 3777 1193 3822 narrat.
1230 3766 1515 3836 Improbus
1573 3778 1765 3822 contra
1800 3767 2055 3822 convicii:

2180 3765 2432 3820 ϐάλλεται
2454 3781 2466 3793 ·
2491 3765 2585 3818 καὶ
2615 3764 2724 3834 γάρ
2752 3766 2800 3817 εί
2826 3764 2921 3816 καὶ
2944 3765 2978 3834 ή
2994 3763 3218 3836 διαϐολὴ
3248 3763 3478 3834 πλάσμα
3502 3764 3611 3816 ἐστὶ
3632 3761 3739 3830 ψευ-

485 3879 595 3918 non
653 3871 936 3918 oneratur.
983 3862 1245 3926 Quamvis
1299 3861 1442 3916 enim
1485 3861 1759 3916 calumnia
1824 3859 1944 3914 falsi
1995 3876 2054 3916 es

1355 3861 1442 3914 tim
1485 3861 1759 3916 calumnia
1824 3859 1944 3914 falsi
1995 3871 2081 3916 est
2178 3858 2287 3923 δές,
2317 3857 2456 3911 ἀλλὰ
2484 3856 2691 3927 τάληθῆ
2718 3855 2927 3909 ἀκούει.

483 3953 737 4024 quaedam
769 3952 934 4016 fictio,
965 3952 1117 4005 audit
1145 3960 1325 4005 tamen
1354 3952 1443 4005 ille
1473 3967 1688 4006 verum.

933 4062 1281 4119 CCCXXV".
1297 4094 1366 4102 ———
1382 4061 1640 4117 IISDEM.

2593 4061 2769 4114 TKZ'.
2801 4090 2871 4100 ——
2900 4060 3058 4114 ΤΟΙΣ
3089 4060 3367 4115 ΑΥΤΟΙΣ.

1086 4154 1226 4209 Deus
1256 4154 1571 4223 facientibus
1602 4153 1744 4224 quod
1777 4163 1978 4223 oportet
2012 4156 2115 4224 fert
2145 4153 2430 4209 auxilium.
2460 4152 2624 4223 (Vide
2663 4155 2817 4221 epist.
2849 4153 2977 4220 5l5,
3023 4152 3172 4222 459.)

557 4269 814 4326 Mortales
835 4269 1157 4340 plerumque
1187 4269 1272 4323 his
1311 4269 1654 4324 collaborare
1689 4277 1744 4323 et
1788 4268 2076 4339 cooperari

2259 4268 2468 4330 Πάντες
2520 4266 2802 4338 ἄνθρωποι
2845 4265 3057 4329 τούτοις
3105 4266 3199 4319 καὶ
3253 4265 3625 4336 συμπράττειν
3667 4259 3743 4314 καὶ

482 4367 728 4429 student,
763 4364 961 4436 quibus
1007 4365 1352 4419 sedulitatem
1403 4365 1851 4436 diligentiamque
1900 4366 2054 4422 iness

2189 4361 2487 4430 συμπονεῖν
2537 4358 2849 4423 ἐθέλουσιν,
2879 4354 2962 4420 οἷς
2990 4357 3059 4410 ἂν
3103 4357 3272 4429 ὁρῶσι
3317 4357 3420 4427 τὴν
3469 4353 3745 4427 προθυμίαν

483 4458 672 4512 vident
694 4471 881 4511 eorum
915 4471 1037 4524 qum
1069 4456 1212 4510 facto
1235 4468 1319 4509 e5t
1347 4471 1503 4525 opus.
1531 4457 1602 4510 At
1628 4457 2055 4527 socordes,igna

2183 4451 2276 4504 τοῦ
2317 4452 2578 4522 πράττειν
2609 4451 2645 4504 ἃ.
2684 4451 2791 4522 χρὴ
2835 4450 3196 4520 ἀκμάζουσαν
3218 4464 3233 4478 ⁸
3266 4449 3398 4512 τοὺς
3438 4449 3545 4519 γάρ
3577 4443 3742 4499 καθεύ-

482 4567 603 4613 vos,
633 4565 698 4604 ac
731 4548 967 4619 propriae
1003 4549 1197 4603 salutis
1253 4549 1703 4617 praevaricatores
1751 4549 1951 4604 merito
1982 4565 2054 4602 ne

2177 4544 2290 4597 δειν
2337 4543 2431 4597 καὶ
2465 4542 2732 4614 ῥᾳθυμεῖν
2785 4541 3242 4612 προῃρημένους,
3291 4543 3392 4594 καὶ
3428 4541 3527 4612 τήν
3569 4536 3742 4591 οἰκείαν

485 4644 715 4714 gligunt.
748 4639 901 4706 Quod
935 4656 1058 4695 cum
1124 4641 1198 4694 ita
1245 4641 1338 4705 sit,
1381 4645 1579 4695 merito
1631 4641 1798 4696 etiam
1847 4641 2057 4696 divinus

2181 4638 2457 4708 σωτηρίαν
2485 4636 2860 4708 προδιδόντας,
2890 4636 3012 4689 οὐδὲ
3051 4635 3212 4702 λόγου
3247 4634 3479 4696 εἰκότως
3507 4630 3738 4698 ἀξιοῦσιν.

487 4742 655 4787 nutus
683 4747 790 4785 non
815 4732 1072 4784 omnibus
1101 4730 1334 4785 accedit.
1363 4729 1471 4784 Sed
1511 4743 1608 4784 eos
1661 4730 1966 4797 dimittens,
1986 4745 2054 4800 qu

2179 4732 2244 4784 Εί
2284 4730 2464 4784 τοίνυν
2491 4729 2644 4784 ταῦθ’
2672 4728 2848 4792 οὕτως
2873 4727 3010 4798 ἔχει,
3039 4729 3265 4790 εἰκότως
3294 4728 3394 4780 καὶ
3424 4728 3457 4796 ή
3487 4725 3598 4778 θεία
3627 4721 3741 4793 ῥοπὴ

487 4839 642 4878 suam
677 4823 910 4878 salutem
949 4838 1044 4892 per
1075 4821 1460 4892 negligentiam
1489 4822 1822 4891 decoquunt,
1856 4823 1946 4887 iis,
1979 4838 2048 4890 qu

2179 4825 2238 4877 οὑ
2280 4825 2446 4876 πᾶσιν
2485 4823 2772 4892 ἐπιφοιτᾷ·
2820 4821 2936 4874 ἀλλ’
2977 4819 3223 4882 ἐκείνους
3252 4819 3487 4886 ἀφεῖσα,
3519 4816 3635 4878 τοὺς
3661 4813 3739 4882 τὴν

486 4933 576 4980 ea,
611 4931 733 4985 qua:
781 4931 846 4970 ex
887 4930 987 4968 usu
1047 4924 1197 4979 sunt,
1220 4915 1401 4968 facere
1457 4922 1728 4968 Conantur
1763 4915 1850 4970 vel
1878 4929 2058 4986 propo-

2185 4916 2396 4970 ἐαυτῶν
2439 4914 2716 4986 σωτηρίαν
2761 4913 2850 4967 διὰ
2898 4913 3176 4985 ρᾳθυμίαν
3219 4912 3618 4984 προπίνονταςο
3650 4907 3741 4966 =05;

486 5019 644 5074 nunt,
671 5017 1033 5077 opportunum
1064 5007 1324 5061 auxilium
1361 5008 1569 5062 tribuit.

2187 5011 2451 5081 πράττειν
2509 5007 2547 5062 ἃ,
2596 5007 2701 5078 χρὴ
2751 5007 3159 5080 προῃρημένοις
3203 5005 3303 5077 τὴν
3356 5004 3564 5059 οἰκείαν
3610 4999 3740 5070 νέμει

2187 5103 2527 5174 συμμαχίαν.

719 5211 1470 5272 CCCXXVlll.—SEBENO
1511 5216 1832 5272 DIACONO.

2490 5208 2672 5263 TKH'.
2713 5241 2780 5248 -—
2820 5208 3095 5277 ΣΕΡΗΝῼ
3131 5206 3457 5277 ΔΙΔΚΟΝῼ.

1520 5311 1789 5367 Modestia
1820 5314 1940 5368 vita:
1986 5311 2356 5366 commendata
2390 5309 2444 5360 in
2472 5306 2740 5360 omnibus.

566 5411 771 5468 Virtuti
795 5414 1038 5469 deditum
1063 5432 1401 5486 supervacua
1463 5434 1714 5474 resecare
1745 5421 1918 5474 decet.
1955 5417 2077 5474 Non

2247 5417 2354 5470 Τὸν
2381 5414 2675 5485 φιλάρετον
2696 5411 2877 5466 πάντα
2895 5411 2965 5465 τὰ
2989 5414 3222 5482 περιττὰ
3245 5413 3353 5484 χρὴ
3381 5411 3730 5483 περικόπτειν·

489 5506 636 5564 enim
670 5508 722 5561 in
760 5508 896 5562 cibis
928 5513 1107 5573 modo,
1150 5512 1246 5566 sed
1297 5521 1352 5566 et
1411 5511 1463 5565 in
1514 5513 1776 5578 vestibus,
1812 5514 2053 5568 aediliciis

2178 5511 2239 5563 οὐ
2271 5508 2379 5579 γὰρ
2412 5509 2468 5562 ἐν
2498 5509 2673 5578 τροφῇ
2717 5505 2911 5577 μόνον,
2952 5505 3090 5559 ἀλλὰ
3137 5505 3230 5558 καὶ
3258 5507 3317 5558 ἐν
3356 5504 3630 5575 ἀμφιάσει,
3657 5496 3729 5551 καὶ

460 5612 556 5662 tae
618 5601 973 5671 supellectile,
1014 5604 1245 5674 aliisque
1313 5607 1476 5660 rebus
1545 5621 1677 5661 usus
1734 5607 2032 5675 potissimm

2180 5605 2238 5655 ἐν
2269 5603 2483 5672 οἰκήσει
2527 5599 2622 5652 καὶ
2656 5600 2714 5651 ἐν
2759 5597 3044 5662 ἐπίπλοις,
3096 5597 3194 5652 καὶ
3224 5597 3280 5649 ἐν
3319 5598 3433 5660 τοῖς
3462 5595 3624 5656 ἄλλοις
3649 5589 3726 5658 τὴν

490 5693 838 5761 spectandus,
876 5695 1176 5766 modusque
1222 5712 1326 5753 non
1357 5697 1729 5755 excedendus.
1761 5695 1900 5763 Quid
1932 5698 2058 5754 enin

2179 5695 2371 5767 χρείαν
2401 5693 2508 5765 χρὴ
2540 5693 2727 5764 τιμᾷν,
2761 5693 2854 5745 καὶ
2893 5690 2990 5763 τήν
3026 5690 3357 5764 αὐτάρκειαν
3381 5689 3474 5760 μή
3498 5685 3721 5755 ὑϐρίζειν.

555 5847 570 5876 ³
602 5845 764 5903 llebr.
802 5862 924 5916 xm,
965 5850 1049 5905 l7.
