3982 6420
168 400 311 469 1525

1057 405 1601 468 EPISTULARUM
1636 402 1786 465 LIB.
1828 400 1898 464 V.
1934 421 2004 434 -
2040 394 2280 458 EPIST.
2320 391 2633 455 CCCXXX.

3302 372 3440 451 1526
3454 374 3461 382 ’

166 518 237 571 Ti
266 517 404 587 γάρι
437 517 486 572 εἰ
516 516 799 589 νηστεῠοις
833 518 954 589 μὲν,
979 514 1298 589 χρηματίζῃ
1320 516 1477 587 δέςῆ
1516 515 1593 587 μὴ
1622 530 1785 586 χρη-⁴

1873 509 1901 563 ti
1927 508 2158 578 ieiunos,
2181 504 2279 562 sed
2306 504 2590 576 pecuniam
2640 512 2807 559 avare
2836 495 3101 569 colligas;
3139 495 3224 553 vel
3257 496 3438 553 sinon

172 609 378 680 ματίζῃ
410 611 544 677 μὲν,
580 612 794 683 οτκησιν
836 610 894 664 δὲ
936 609 1160 679 ζητοίης
1196 607 1298 679 τῆς
1342 608 1534 679 χρείας
1563 606 1751 677 κρείτ-

166 712 332 760 τονας
360 696 427 748 Τί
458 696 549 763 δὲ,
585 699 637 752 εί
667 697 867 769 μετρίᾳ
894 697 996 768 μὲν
1023 697 1236 767 οἰκήσει
1273 696 1451 766 χρῷο,
1481 695 1752 767 ἀμφιάσει

166 784 228 836 δὲ
270 786 555 859 περιέργῳ
602 788 993 854 καλλωπίζοιο;
1040 788 1276 859 Μέτριον
1319 786 1429 858 γὰρ
1460 781 1603 842 εἶναι
1644 786 1752 858 χρὴ

170 875 272 929 καὶ
295 875 462 947 λόγῳ,
487 876 581 931 καὶ
609 879 867 948 σχήματι,
896 876 989 931 καὶ
1010 879 1184 948 φωνῇ,
1210 875 1306 930 καὶ
1335 875 1631 947 βλέμματι,
1658 874 1756 930 καὶ

171 965 494 1035 βαδίσματι.
542 966 735 1022 Πολλοὶ
764 968 874 1039 γὰρ
924 969 1021 1022 καὶ
1065 966 1296 1021 πλούτου
1327 967 1482 1031 ὄντες
1518 967 1752 1039 ἔρημοι,

171 1057 271 1110 καὶ
292 1059 613 1129 οἰκημάτων
632 1060 1004 1127 καὶξὲνδύσεως
1029 1059 1293 1129 λαμπρᾶς
1317 1058 1537 1123 ἐνδεεῖς,
1554 1056 1752 1111 τοσαύ-

166 1166 272 1218 την
305 1148 398 1202 διὰ
417 1148 510 1203 τοῦ
544 1150 857 1220 βαδίσαντος
886 1150 1211 1223 ἐμφαίνουσι
1238 1149 1336 1222 τὴν
1375 1149 1654 1221 βλακείαν,
1686 1150 1765 1215 ὡς

174 1238 393 1307 γέλωτα
419 1240 790 1310 ὀφλισκάνειν.

415 1337 592 1402 TKO'.
636 1378 707 1388 —
747 1350 1004 1421 ΖΩΣΙΜῼ
1045 1350 1519 1421 ΠΡΕΣΒΥΤΕΡῼ.

1859 600 1912 655 id
1938 615 2088 669 agas,
2121 607 2382 669 augustas
2412 610 2626 666 quaeras
2652 594 2798 650 aedes
2829 591 2953 649 usui
2982 590 3115 646 tuo?
3146 588 3287 656 Quid
3309 602 3441 644 vero

1858 693 1907 749 si
1932 693 2017 747 his
2044 692 2324 747 moderate
2352 689 2432 744 uti
2494 688 2732 751 videare,
2752 685 3072 741 indumento
3104 690 3287 738 tamen
3346 695 3441 741 au-

1858 782 2066 856 perlluo
2087 782 2345 839 orneris?
2384 780 2687 837 Modestum
2738 777 2943 831 etenim
2994 776 3150 831 decet
3206 788 3332 829 esse
3382 780 3441 828 et

1858 890 2115 932 sermone
2169 884 2225 929 et
2286 873 2497 941 habitu,
2533 887 2599 927 ac
2652 884 2784 926 voce
2829 877 3184 939 aspectuque,
3221 864 3437 921 incessu

1859 966 2112 1037 denique.
2139 964 2289 1021 Multi
2321 965 2465 1020 enim
2496 979 2527 1018 a
2562 963 2726 1019 rebus
2750 961 2960 1030 in0pes,
2981 959 3142 1015 domo
3163 971 3229 1012 ac
3252 955 3438 1027 splen-

1855 1059 1978 1115 dida
2011 1065 2260 1113 carentes
2287 1064 2457 1121 veste,
2484 1055 2701 1110 incessu
2737 1064 2919 1109 tamen
2964 1066 3087 1108 eam
3122 1063 3238 1121 prae
3262 1062 3322 1105 se
3353 1046 3440 1103 fe-

1857 1157 1984 1203 runt
2009 1146 2309 1211 mollitiem,
2343 1144 2516 1199 risum
2550 1152 2609 1197 ut
2630 1142 2885 1198 omnibus
2919 1140 3120 1196 debere
3168 1145 3227 1194 et
3256 1135 3445 1194 conci-

1859 1245 1978 1294 tare
2004 1238 2307 1293 videantur.

1949 1348 2121 1421 658
2136 1345 2460 1431 CCCXXlX.
2479 1377 2549 1387 —
2564 1343 2823 1401 ZOSIMO
2870 1340 3355 1400 PRESBYTERO.

171 1440 387 1495 Anima!
415 1442 670 1507 potiorem
710 1460 870 1513 quam
917 1449 1153 1513 corporis
1182 1464 1363 1501 ruram
1403 1445 1702 1516 gerendam.
1738 1442 1875 1516 Vita!
1902 1444 2145 1516 breuitas
2181 1442 2401 1516 uigilare
2427 1441 2615 1516 jubet.
2651 1439 2872 1495 (Matth.
2916 1453 3048 1493 xxv.
3079 1437 3236 1507 Con].
3265 1436 3375 1508 μιν.
3399 1450 3451 1503 ι,

1138 1519 1292 1581 epist.
1325 1512 1468 1572 15‘et
1493 1516 1587 1569 lib.
1614 1530 1689 1580 tv,
1718 1514 1867 1582 epist.
1896 1512 1988 1581 24,
2014 1513 2141 1577 124,
2173 1513 2277 1567 126
2299 1522 2347 1567 et
2382 1512 2531 1583 146.)

246 1605 400 1673 Πρὸς
426 1600 489 1657 τὸ
521 1604 672 1671 τέλος
702 1604 888 1660 λοιπὸν
914 1607 942 1660 ὁ
974 1606 1179 1677 κόσμος
1204 1607 1480 1677 ἐπείγεται
1502 1624 1515 1639 ·
1552 1606 1615 1661 οὐ
1650 1606 1761 1676 γὰρ

172 1692 537 1766 δὴρψὲύσεται
561 1698 596 1767 ἡ
621 1696 868 1769 ἀλήθεια,
895 1697 1208 1752 συντέλειαν
1233 1697 1451 1753 ἔσεσθαι
1475 1695 1760 1769 προμηνύ-

1938 1605 2019 1659 Ad
2050 1604 2299 1660 ultimum
2343 1606 2512 1661 tendit
2543 1604 2704 1667 tlnem
2758 1604 2990 1661 mundus
3025 1620 3039 1660 :
3076 1617 3254 1673 neque
3296 1602 3444 1658 enim

1870 1696 2004 1754 fallit
2033 1697 2147 1767 ipsa
2210 1695 2426 1753 Veritas
2480 1696 3003 1753 consummationem
3062 1692 3179 1751 fore
3229 1693 3447 1751 denun-

178 1764 346 1839 σασα.
386 1788 452 1841 El
482 1787 541 1841 δὲ
574 1764 801 1861 κάκείνη
828 1788 1021 1861 πόρρω
1048 1789 1191 1843 τισὶν
1219 1783 1361 1844 εἶναι
1389 1764 1614 1855 δόξειεν,
1643 1764 1759 1841 ἀλλ’

1873 1791 2028 1844 Iians.
2055 1764 2160 1855 Qui
2192 1790 2377 1845 tnundi
2406 1788 2550 1855 linis,
2580 1788 2685 1844 etsi
2717 1787 2931 1858 longius
2970 1785 3162 1843 abesse
3213 1785 3446 1856 quibus-

176 1876 207 1928 ὃ
236 1892 302 1942 γε
333 1876 552 1947 ἑκάστῳ
582 1876 774 1948 χρόνος
808 1877 928 1932 καθ’
955 1877 1169 1951 ἡμέραν
1198 1879 1528 1942 δαπανᾶται,
1547 1877 1642 1931 καὶ
1666 1878 1763 1948 τὴν

176 1966 441 2038 τελευτὴν
470 1968 653 2022 ὼδίνει
674 2008 689 2033 ,
722 1969 819 2023 καὶ
857 1969 996 2041 πρὸς
1022 1970 1083 2024 τὸ
1123 1970 1298 2039 πέρας
1330 1972 1453 2043 ὁρᾷ.
1500 1971 1620 2024 Τῶν
1666 1971 1765 2041 μὲν

176 2050 290 2128 γὰρ
315 2062 704 2134 πρεσϐυτέρων
737 2062 870 2135 δήλη
901 2063 1050 2117 ἐστὶν
1082 2065 1117 2136 ἡ
1151 2063 1398 2135 τελευτὴ,
1430 2064 1541 2118 τῶν
1571 2064 1627 2118 δὲ
1663 2065 1765 2117 ἁκ-

181 2153 471 2220 μαζόντων
508 2154 704 2224 ἄδηλος
742 2157 776 2227 ἠ
816 2155 952 2228 ζωή.
994 2157 1344 2229 Προθεσμίαν
1376 2158 1486 2231 γὰρ
1523 2158 1649 2230 μίαν
1689 2159 1765 2230 μὴ

176 2242 401 2312 ἔχοντος
435 2244 530 2298 τοῦ
566 2246 713 2316 βίου,
743 2247 882 2302 ἀλλὰ
924 2250 1107 2304 πᾶσαν
1136 2248 1357 2321 ἠλικίαν
1394 2249 1488 2304 τοῦ
1534 2250 1765 2305 θανάτου

178 2334 619 2407 ἐπινεμομένου,
656 2337 869 2403 πάντας
906 2343 1207 2415 γρηγρρεῖν
1239 2341 1374 2413 χρὴ,
1406 2342 1502 2397 καὶ
1532 2343 1766 2415 προσδο-

178 2425 287 2495 κᾷν
324 2424 387 2478 τὸ
413 2426 631 2491 πάντως
660 2428 940 2499 ἐσόμενον.
986 2429 1126 2484 Ἀλλ’
1161 2432 1324 2503 ἡμεῖς
1361 2434 1540 2488 πάντα
1568 2434 1766 2504 μᾶλλον

176 2516 213 2585 ἤ
241 2516 402 2570 τοῦτο
425 2518 818 2590 προσδοκῶμεν
836 2537 850 2553 ·
886 2521 956 2577 τὰ
989 2522 1088 2593 μὲν
1116 2524 1224 2594 γὰρ
1257 2524 1497 2594 ἀδόκητα
1533 2522 1647 2596 (96)
1673 2526 1768 2578 καὶ

179 2606 486 2663 ἀνέλπιστα
523 2611 643 2665 καθ’
689 2612 930 2684 ἑκάστην
977 2613 1125 2685 ὥραν
1174 2615 1625 2687 ὀνειροπολΟὗμεν
1674 2619 1767 2670 καὶ

178 2699 517 2769 ἐλπίζομεν·
568 2702 630 2757 τὸ
667 2703 724 2758 δὲ
764 2703 944 2779 πάντῃ
979 2723 1041 2760 τε
1083 2707 1180 2761 καὶ
1216 2707 1433 2771 πάντως
1471 2708 1766 2779 ἐσόμενον,

181 2796 280 2846 καὶ
308 2794 515 2848 αὐτίκα
550 2795 614 2867 δὴ
657 2795 801 2867 μάλα
839 2797 1100 2863 πολλάκις
1137 2799 1605 2870 ὲπιστησόμενον,
1646 2800 1769 2854 οὐδὲ

181 2886 391 2939 ἐννοεῖν
416 2885 710 2958 ἀξιοῦμενο
746 2888 886 2943 ’ἀλλὰ
918 2888 1104 2962 θνητοὶ
1132 2890 1283 2955 ὄντες
1324 2891 1469 2946 κατὰ
1505 2892 1567 2946 τὸ
1608 2892 1769 2964 σῶμα

180 2978 281 3030 καὶ
304 2978 583 3049 ὲπίκηροι,
610 2978 685 3043 ὡς
718 2979 976 3035 ἀθάνατοι
1005 2981 1364 3053 διανοούμεθα
1384 2999 1399 3013 ο
1423 2985 1519 3038 καὶ
1546 2986 1645 3056 τῆς
1671 2986 1770 3058 μὲν

178 3067 458 3123 ἀθανάτου
496 3069 674 3141 ψυχῆς
712 3071 1056 3143 ἀμελοῦμεν,
1118 3073 1319 3145 μᾶλλον
1358 3075 1416 3128 δὲ
1462 3076 1586 3130 οὐδὲ
1622 3072 1823 3148 ἔχεινέ

178 3159 366 3231 ψυχὴν
392 3160 683 3232 νομίζομεν
704 3177 720 3193 ο
753 3164 815 3216 τὸ
836 3162 893 3216 δὲ
923 3163 1114 3234 θνητὸν
1146 3164 1319 3236 σῶμα’
1330 3165 1598 3221 ἀθάνατον
1627 3162 1768 3221 εἶναι

179 3251 506 3322 ἡγούμενοι,
540 3253 669 3324 περὶ
712 3254 847 3308 αὐτὸ
875 3256 1057 3309 πᾶσαν
1090 3255 1189 3327 τὴν
1216 3258 1455 3329 σπουδὴν
1488 3260 1769 3314 ἀναλίσκο-

182 3360 311 3413 μεν.
354 3344 522 3407 Ποίας
554 3339 648 3397 οὖν
691 3344 1074 3418 ἀπολαύσομεν
1114 3348 1475 3421 συγγνώμης,
1521 3351 1621 3421 τῆς
1663 3350 1769 3422 μὲν

178 3433 462 3489 ἀθανάτου
504 3433 734 3495 θάνατον
786 3435 1330 3509 καταψηφιζόμενοι,
1374 3439 1438 3493 τὸ
1478 3440 1535 3494 δὲ
1574 3440 1768 3511 θνητὸν

177 3526 371 3596 πάσης
397 3527 563 3597 τιμῆς
593 3526 902 3594 ἀξιοῦντες;
948 3529 1208 3601 κάκείνην
1253 3530 1765 3602 παραὸλάπτοντες,

180 3616 275 3670 τνα
323 3617 482 3672 τοῦτο
523 3620 927 3691 κοσμήσωμεν;
972 3620 1237 3691 κάκείνην
1278 3622 1423 3694 λιμῷ
1470 3625 1764 3696 τήκοντες,

178 3706 277 3760 ἵνα
322 3705 484 3761 τοῦτο
516 3709 745 3779 σκιρτᾷν
791 3707 888 3763 καὶ
928 3711 1141 3781 τρυφᾷν
1190 3709 1335 3780 exon;
1382 3713 1505 3784 Χρὴ
1554 3713 1664 3785 γὰρ
1700 3715 1768 3769 τὰ

183 3797 293 3867 μὲν
324 3800 570 3869 πρωτεῖα
606 3794 673 3871 τῇ
704 3799 850 3872 ψυχῇ
872 3841 888 3866 ,
933 3801 1004 3855 τά
1041 3803 1100 3857 δὲ
1136 3803 1413 3875 δευτερεῖα
1446 3804 1525 3875 τῷ
1554 3806 1768 3877 σώματι

179 3891 376 3961 νέμειν
398 3907 413 3924 υ
444 3891 506 3945 ού
544 3892 653 3963 γὰρ
680 3893 921 3946 ἐναντίον
960 3893 1132 3966 αὐτῆς
1170 3895 1351 3961 ἐστιν,
1384 3895 1508 3951 ,ἀλλ’
1535 3896 1769 3967 ὄργανον

180 3984 284 4037 καὶ
324 3982 560 4054 κιθάρα·
605 3984 921 4055 ἐπιμελείας
968 3985 1078 4057 γὰρ
1117 3987 1326 4054 δεῖται,
1372 3988 1474 4042 οὐκ
1527 3988 1769 4043 ἀπολαύ-

184 4092 330 4140 σεως
357 4075 669 4145 ἀνωφελοῦς
689 4095 703 4109 ο
742 4078 984 4149 τροφῆς,
1014 4079 1075 4132 οὐ
1108 4083 1321 4151 τρυφῆς
1344 4096 1358 4111 ·
1399 4081 1731 4149 αὐταρκείας
1751 4120 1767 4147 ,

180 4168 250 4222 οὐ
280 4167 607 4239 πλησμονῆς
632 4184 645 4198 ·
677 4169 731 4221 εί
750 4186 812 4237 γε
842 4171 1027 4241 μέλλοι
1059 4171 1134 4243 μὴ
1163 4172 1442 4242 πολέμιον,
1472 4173 1606 4226 ἀλλά
1633 4172 1768 4240 σύμ-

186 4278 369 4333 μαχον
394 4264 464 4333 τῇ
492 4262 638 4332 ψυχῇ
668 4258 830 4317 εἶναι.

426 4462 529 4516 ΤΛ¹
556 4492 627 4504 -—-
654 4464 1019 4534 ΜΑΡΚΙΑΝῼ
1047 4464 1517 4535 ΠΡΕΣΒΥΤΕΡῼ.

1866 1883 1988 1937 dam
2017 1882 2284 1948 videatur,
2314 1880 2580 1951 cujusque
2610 1889 2795 1936 tamen
2820 1880 2947 1937 dies
3010 1879 3129 1935 abit
3178 1876 3449 1948 quotidie,

1868 1975 2094 2040 transit,
2155 1974 2318 2031 ﬁnem
2378 1974 2651 2046 parturit,
2699 1973 3030 2043 respicitque
3108 1980 3446 2029 extremum.

1867 2067 2070 2122 Senum
2105 2066 2253 2123 enim
2278 2074 2421 2138 patet
2445 2067 2499 2121 in
2531 2067 2653 2122 dies
2685 2065 2889 2130 exitus,
2919 2073 3083 2120 artato
3126 2062 3447 2119 ﬂorentium

1867 2159 2109 2215 incertus
2135 2158 2353 2229 quidem
2387 2158 2513 2213 vitae.
2545 2158 2683 2224 dies,
2715 2157 2844 2212 nulli
2883 2156 3084 2211 etenim
3133 2163 3285 2210 certa
3315 2163 3449 2209 tetas

1865 2253 1992 2306 vitae
2026 2250 2292 2305 terminus
2326 2257 2433 2317 est,
2457 2249 2552 2306 sed
2579 2248 2758 2304 omnis
2806 2258 2937 2303 aetas
2972 2245 3137 2303 morti
3188 2245 3447 2301 obnoxia.

1868 2342 2214 2412 Vigilandum
2290 2341 2479 2410 itaque
2557 2340 2841 2405 omnibus,
2913 2338 3451 2409 exspectandumtu

1868 2437 2011 2506 quod
2044 2433 2213 2491 semel
2248 2433 2477 2489 accidet.
2510 2433 2582 2489 At
2643 2447 2744 2487 nos
2802 2431 2964 2486 hodie
3001 2429 3218 2501 quidvis
3274 2428 3453 2498 potius

1870 2542 2031 2597 quam
2059 2525 2251 2581 mortis
2281 2532 2497 2595 tempus
2541 2534 2943 2594 exspectamus.
2972 2522 3254 2592 Insperata
3297 2519 3449 2576 enim

1871 2619 2425 2690 atqueinexspectata
2474 2617 2701 2689 singulis
2734 2617 2884 2672 horis
2940 2615 3099 2686 quasi
3163 2630 3261 2685 per
3297 2629 3448 2669 som-

1870 2711 2021 2765 nium
2050 2708 2371 2779 conjicimus
2415 2722 2479 2762 ac
2522 2720 2825 2779 speramus.
2848 2704 3002 2772 Quod
3047 2719 3175 2759 vero
3234 2716 3453 2771 semper

1869 2811 1924 2857 et
1953 2802 2150 2870 ubique
2176 2801 2414 2856 futurum
2428 2809 2534 2864 est,
2566 2813 2628 2869 ac
2654 2812 2794 2867 saape
2819 2796 2932 2864 jam
2956 2795 3191 2860 instans,
3223 2809 3293 2850 ne
3351 2808 3448 2847 co-

1870 2894 2046 2964 gitare
2068 2891 2285 2961 quidem
2318 2906 2418 2946 nos
2447 2890 2761 2959 dignamur,
2790 2887 2884 2942 sed
2926 2901 3157 2956 corpore
3201 2883 3452 2939 mortali-

1873 2984 1972 3039 tati
2005 2982 2246 3049 obnoxii,
2279 2992 2335 3037 et
2388 2979 2707 3046 imbecilles,
2741 2988 2916 3033 tamen
2966 2977 3303 3033 immortales
3339 2990 3441 3030 nos

1871 3094 1993 3134 esse
2045 3078 2353 3148 opinamur.
2381 3076 2583 3131 Verum
2633 3074 2702 3130 de
2758 3072 3050 3129 immortali
3084 3072 3267 3127 anima
3312 3071 3449 3125 nihil

1877 3170 1965 3226 hic
1997 3169 2237 3234 solliciti,
2274 3170 2449 3222 anima
2477 3167 2639 3221 etiam
2671 3166 2786 3240 ipsa
2822 3179 3011 3220 carere
3050 3179 3149 3219 nos
3171 3163 3455 3233 existima-

1876 3277 2014 3327 mus,
2075 3261 2129 3315 in
2184 3274 2413 3331 corpore
2470 3272 2605 3314 vero
2657 3267 2893 3327 cuteque
2940 3256 3180 3311 curanda
3226 3269 3451 3325 operam

1873 3367 2089 3407 omnem
2143 3352 2434 3422 oleumque
2479 3349 2886 3416 consumimus;
2929 3363 3090 3417 quam
3149 3346 3313 3418 igitur
3362 3360 3455 3400 ve-

1876 3446 2022 3500 niam
2059 3444 2425 3516 adipiscemur
2453 3452 2651 3510 morte,
2684 3442 2924 3497 animam
2956 3442 3303 3505 damnantes,
3328 3455 3454 3509 quae

1876 3535 2071 3592 mortis
2101 3544 2284 3592 tamen
2314 3549 2512 3605 expers
2536 3542 2657 3589 est:
2689 3533 2832 3603 quod
2885 3540 3066 3586 autem
3109 3529 3337 3585 mortale
3371 3540 3458 3584 est

1875 3641 2075 3697 corpus
2098 3628 2245 3683 omni
2274 3628 2481 3682 honore
2496 3623 2792 3681 allicientes
2815 3665 2830 3690 ,
2871 3632 3033 3693 atque
3081 3620 3224 3676 illam
3255 3619 3456 3675 laeden-

1877 3728 1978 3785 tes,
2012 3726 2074 3775 ut
2125 3717 2231 3773 hoc
2287 3732 2543 3773 ornemus
2573 3734 2589 3785 ;
2622 3716 2769 3771 fame
2806 3714 2953 3769 illam
3011 3722 3376 3776 macerantes,
3398 3720 3458 3764 ut

1876 3809 1980 3864 hoc
2006 3807 2164 3864 saltui
2190 3806 2505 3876 deliciisque
2536 3803 2839 3876 indulgeat?
2858 3804 3221 3871 Quamobrem
3244 3817 3455 3871 aequum
3498 3808 3501 3813 ‘

1876 3915 2010 3957 sane
2034 3909 2119 3956 est
2151 3899 2355 3971 primas
2376 3900 2573 3954 anima:
2599 3907 2779 3968 partes
2831 3898 2984 3963 dare,
3016 3895 3229 3965 corpori
3256 3910 3456 3951 secun-

1876 3993 1973 4047 das
1997 3991 2237 4047 tribuere
2276 4010 2290 4045 :
2328 4005 2435 4046 non
2512 3990 2659 4045 enim
2704 3990 2808 4044 hoc
2850 3989 2949 4057 ipsi
2982 3990 3329 4053 adversatur,
3360 3987 3458 4042 sed

1878 4082 2301 4137 instrumentum
2347 4090 2511 4138 estet
2568 4082 2800 4137 cithara.
2832 4081 2977 4138 Cura
3031 4082 3176 4136 enim
3230 4080 3457 4149 indiget,

1878 4189 1984 4229 non
2040 4173 2215 4228 inutili
2268 4173 2571 4246 diligentia,
2634 4174 2773 4229 cibis
2826 4188 2934 4228 non
2986 4173 3221 4236 deliciis,
3274 4170 3457 4225 edulio

1877 4265 2163 4323 sullieienti
2209 4280 2315 4321 non
2368 4268 2676 4332 saturitate,
2736 4281 2804 4321 ne
2863 4265 3038 4322 hostis
3091 4263 3289 4318 anima:
3341 4262 3456 4328 ﬁat,

1879 4358 1973 4413 sed
2008 4357 2310 4412 subsidium
2341 4358 2523 4426 potius
2549 4357 2742 4412 anima:
2766 4371 2964 4426 corpus
2990 4356 3238 4411 exsistat.

2017 4465 2324 4522 cccxxx.
2345 4496 2415 4507 —
2437 4466 2795 4523 ΜΑιιοιΑΝο
2835 4448 3321 4523 PRESBYTERO.

726 4553 1043 4609 lnvelerata:
1073 4554 1340 4622 opiniones
1377 4553 1650 4609 hominum
1677 4558 1939 4627 quomodo
1967 4558 2278 4613 avertendae.
2316 4554 2556 4628 (Confer.
2584 4559 2741 4626 epist.
2773 4556 2929 4627 2'56.)

263 4655 370 4709 Τὸν
418 4655 682 4726 μέλλοντα
720 4655 1057 4711 διασαλεύειν
1103 4656 1215 4728 (97)
1246 4657 1341 4711 καὶ
1379 4657 1770 4730 ἀναμοχλεύειν

182 4745 351 4811 δόξαν
408 4745 646 4799 παλαιὰν
705 4747 799 4799 καὶ
850 4749 1193 4817 πεπηγυῖαν,
1251 4749 1348 4802 καὶ
1402 4748 1575 4819 καλὴν
1627 4744 1771 4804 εἶναι

180 4839 271 4909 τῷ
294 4838 481 4903 κακῶς
521 4838 883 4909 προληφθέντι
919 4837 1320 4910 νομιζομένην,
1350 4839 1542 4912 ἐπειδὴ
1581 4841 1643 4895 τὸ
1686 4859 1778 4895 κο-

189 4930 327 5002 μιδῇ
364 4930 693 5001 παράδοξον,
746 4931 848 4985 οὐκ
896 4931 964 4984 ἂν
1013 4930 1098 5001 εῐη
1145 4930 1447 5002 προοιμίων
1494 4932 1623 4987 ἄνευ
1658 4932 1773 5004 (98)

183 5022 635 5094 εὐπαράδεκτονο
695 5023 796 5076 οὐκ
840 5022 1002 5086 εὐθὺς
1052 5022 1311 5078 τάναντία
1356 5021 1584 5094 φράζειν
1648 5025 1773 5094 χρή.

201 5112 365 5165 Ἐπεὶ
434 5113 841 5181 καταγέλαστος
914 5112 1069 5167 ἔσται
1149 5112 1246 5167 καὶ
1304 5113 1767 5185 κωμῳδηθήσεται

185 5204 301 5257 ὑπὸ
353 5204 464 5258 τῶν
529 5204 1098 5276 προκαταληφθέντων
1159 5208 1228 5276 τῇ
1288 5207 1509 5275 ἐναντίᾳ
1566 5206 1765 5277 ψήφῳ·

186 5294 333 5351 ἀλλὰ
370 5296 636 5369 πρότερον
675 5297 1022 5369 ὑπορύξαντα
1060 5298 1242 5362 καλῶς
1288 5298 1357 5351 δι’
1386 5297 1593 5369 ἐτέρων
1638 5298 1769 5351 πολ-

1945 4658 2048 4727 Qui
2077 4659 2322 4714 inolitam
2339 4667 2396 4714 et
2425 4674 2524 4713 usu
2572 4658 2951 4714 conﬁrmatam
2985 4657 3318 4729 opinionem,
3338 4673 3461 4729 qua:

1874 4751 2018 4806 male
2067 4749 2374 4806 informatis
2422 4751 2645 4821 pulchra
2694 4750 2965 4816 videatur,
3001 4749 3241 4806 elfodero
3281 4760 3449 4821 atque

1874 4858 2066 4899 eruere
2120 4843 2371 4909 voluerit,
2425 4857 2548 4896 cum
2594 4858 2707 4897 rem
2757 4842 2913 4899 valde
2973 4842 3200 4899 arduam
3266 4858 3459 4914 aggre-

1875 4935 2075 5001 diatur,
2115 4950 2219 4990 non
2244 4934 2299 4988 id
2330 4933 2697 5002 auspicabitur
2729 4934 2849 4989 sine
2876 4935 3203 4990 animorum
3236 4949 3455 5004 praepa-

1878 5026 2112 5093 ratione,
2146 5040 2321 5095 neque
2341 5024 2626 5097 :continuo
2677 5026 3019 5095 repugnabit.
3052 5024 3337 5081 Ridiculus
3374 5026 3457 5079 si-

1876 5117 2093 5187 quidem
2151 5118 2277 5182 erit,
2338 5117 2877 5188 reprehendeturque
2916 5117 3126 5187 judicio
3176 5116 3456 5171 contraria

1873 5206 2130 5276 opinione
2188 5216 2577 5277 praeceptorum
2628 5223 2642 5260 :
2689 5205 2786 5261 sed
2847 5215 3014 5261 antea
3070 5207 3445 5263 demonstrata

1874 5299 2016 5353 male
2042 5302 2108 5353 ab
2151 5299 2272 5355 aliis
2325 5300 2528 5366 multis,
2558 5308 2687 5355 tunc
2739 5299 2793 5354 in
2855 5299 3187 5355 contrarium
3257 5305 3457 5365 vertet,

1250 5448 1482 5504 VARIAE
1519 5448 1905 5505 LECTIONES
1941 5449 2031 5504 ET
2065 5450 2299 5508 NOTAE.

262 5602 377 5672 (96)
409 5601 516 5657 Pro
543 5603 783 5673 ἀδόκητα
811 5602 964 5659 codd.
1005 5604 1126 5658 Vat.
1170 5604 1275 5659 650
1313 5614 1368 5660 et
1394 5603 1500 5659 Alt.
1532 5608 1775 5663 scribunt

181 5675 444 5743 ἀδόκιμα.
473 5673 682 5729 Possm.

258 5743 821 5815 (97)_A¢_aaa.1s~dew.
861 5744 938 5815 Au
996 5759 1107 5815 non
1142 5744 1246 5815 leg.
1298 5746 1477 5814 potius
1522 5746 1773 5801 videatur

182 5812 595 5882 διασκαλεύειν,
622 5814 705 5870 vel
729 5812 1217 5883 διασκαλουδεύειν,
1250 5812 1391 5885 quod
1438 5826 1521 5873 est
1559 5816 1769 5872 sarculo

1880 5615 2074 5658 terram
2105 5606 2352 5674 e/I'odere.
2380 5624 2604 5670 uersare,
2656 5611 2932 5661 suscitare.
2970 5607 3093 5662 Mox
3130 5611 3293 5661 etiam
3323 5605 3463 5660 ἀπο-

1900 5673 2131 5743 ρύξαντα
2151 5673 2442 5745 legendum
2476 5693 2691 5733 censeo.
2727 5678 2977 5735 SCIIOTT..

1886 5745 2075 5869 “J98!
2114 5747 2281 5803 Codd.
2325 5746 2444 5801 Vat.
2488 5749 2592 5803 650
2624 5757 2677 5804 et
2710 5749 2815 5804 Alt.
2850 5749 3107 5805 omittunt
3138 5745 3288 5802 ἄνευ.
3325 5745 3463 5803 Pos-
