3982 6420
500 336 635 411 15Ω7

1725 346 1786 408 S.
1827 344 2119 411 ISIDORI
2158 342 2596 409 PELUSIOT/E

493 434 588 514 Sic
667 456 812 515 enim
873 454 965 511 ﬁet
1027 454 1330 525 plausibilis
1382 465 1439 512 et
1494 455 1773 513 suadelam
1851 464 2067 529 attinget

2191 459 2279 511 «Iw
2301 498 2316 521 ,
2360 460 2482 510 τότε
2534 459 2615 520 εἰς
2648 455 2961 510 τούναντίον
3011 451 3383 525 περιτρέπειν.
3436 450 3595 505 υῦτω
3636 454 3737 522 γὰρ

596 652 764 728 659
793 650 1118 708 UCCXXXI.
1137 652 1643 710 —ALEXANDBO
1681 653 1954 711 POETE.

2174 550 2577 621 εὐπαράδεκτος
2605 547 2778 612 ἔσται,
2808 549 2905 601 καὶ
2931 546 3033 617 τὴν
3063 544 3237 602 πειθὼ
3260 544 3674 615 δημωυργήσει.

2440 659 2612 713 TAA’.
2660 686 2731 697 --
2770 654 3174 724 ΑΛΕΞΑΝΔΡῼ
3211 652 3500 721 norum.

879 746 991 801 Cur
1012 746 1265 803 Socrates
1294 745 1508 802 Gratias
1531 750 1754 815 virgines
1786 750 1959 805 nudas
1982 748 2334 812 l99lﬁnxerit
2365 770 2384 807 :
2423 753 2803 822 Aristophanes
2832 751 3078 806 Comicus
3121 758 3360 802 notatur.

570 853 734 914 Valde
767 857 1015 928 equidem
1050 858 1222 912 miror
1252 858 1499 914 homines
1551 862 1840 928 quosdam,
1874 876 1982 931 quo
2011 876 2064 915 In

491 965 717 1005 numero
741 958 797 1007 et
828 958 881 1004 te
924 963 1045 1004 esse
1091 949 1350 1013 arbitror,
1387 964 1511 1004 cum
1571 951 1734 1005 liceat
1785 966 1930 1021 saepe
1957 967 2064 1021 qua

2244 860 2379 916 Λίαν
2418 862 2716 933 θαυμάζω,
2744 861 2861 925 πῶς
2892 875 3036 924 τινες
3073 858 3179 912 τῶν
3218 856 3529 930 ἀνθρώπων
3562 850 3652 925 (ὧν
3673 850 3740 919 εἷς

2171 958 2265 1010 καὶ
2295 956 2457 1019 αὐτὸς
2495 952 2828 1017 κινδυνεύεις
2860 948 3037 1022 εἶναι)
3072 952 3191 1004 ὲνδν
3236 950 3500 1013 πολλάκις
3531 946 3617 1002 διὰ
3644 947 3742 1000 τῶν

491 1040 731 1109 scriptis,
762 1052 869 1107 qua
913 1038 1142 1108 picturis
1198 1038 1488 1095 utilitatem
1534 1054 1752 1111 capere,
1780 1040 1909 1097 illud
1962 1057 2071 1097 non

2191 1048 2418 1118 νραφῶν,
2475 1046 2507 1118 ἥ
2560 1048 2646 1102 διὰ
2688 1045 2800 1101 ’τῶν
2834 1045 3171 1115 ἀγαλμάτων
3217 1042 3571 1112 ὡφελεῖσθαιο
3601 1039 3744 1093 τοῦτο

490 1134 758 1202 cegitare,
792 1131 860 1186 ad
893 1130 1145 1198 iniuriam
1173 1145 1305 1186 vero
1360 1131 1655 1202 respicere.
1686 1132 1743 1188 Si
1769 1133 1913 1188 enin
1950 1148 2071 1188 mo-

490 1224 860 1288 destissimns,
886 1223 1141 1290 idemque
1195 1224 1632 1292 sapientissimus
1686 1224 2074 1281 fuitSocrafes

489 1316 655 1385 (nam
690 1314 867 1381 Plato,
894 1310 1185 1369 Eschines
1206 1313 1540 1375 Socraticus.
1574 1313 1876 1385 Xenophon
1908 1308 2074 1387 atque

494 1407 779 1476 Euripides
805 1421 929 1462 eum
959 1405 1230 1460 laudando
1254 1406 1391 1461 inter
1419 1422 1478 1462 se
1502 1416 1735 1462 certant.
1752 1408 2075 1478 Aristopha-

496 1516 595 1555 nes
623 1513 753 1554 vero
790 1514 896 1554 non
931 1500 1257 1567 audiendus,
1290 1500 1416 1569 quia
1467 1500 1606 1555 nihil
1638 1516 1791 1570 aeque
1826 1502 1978 1556 novit
2011 1514 2075 1555 ac

495 1591 839 1657 maledicere,
876 1603 1266 1660 praeceptorem
1312 1606 1599 1658 accusans,
1629 1590 1767 1648 forte
1822 1594 1966 1663 quod
2006 1592 2074 1649 ad

498 1683 1236 1754 philosophiaminvltaret),
1268 1684 1387 1754 elus
1436 1684 1745 1755 philosophi
1801 1700 1937 1755 opus
1990 1695 2076 1740 est

2172 1138 2270 1209 μὲν
2305 1139 2407 1192 οὐκ
2439 1136 2737 1199 ἐννοοῦσιν,
2779 1137 2861 1198 είς
2901 1133 3062 1207 ὓϐριν
3098 1134 3155 1186 δὲ
3197 1133 3513 1203 βλέπουσιν.
3560 1132 3621 1184 Ei
3648 1132 3743 1200 γαρ

2171 1228 2611 1300 σωφρονέστατος
2638 1228 2734 1281 καὶ
2761 1226 3070 1297 σοφώτατος
3092 1221 3159 1298 ἦν
3188 1226 3217 1278 ὁ
3239 1223 3569 1295 Σωκράτης.
3595 1223 3742 1291 (Πλά-

2170 1340 2279 1375 των
2316 1321 2425 1391 γάρ
2472 1321 2569 1374 καὶ
2600 1317 2861 1391 Αἰσχίνης
2896 1319 2994 1372 καὶ
3031 1314 3283 1387 Ξενοφῶν
3319 1319 3421 1368 καὶ
3466 1314 3743 1385 Εὐριπίδης

2171 1413 2329 1467 τοῦτο
2346 1412 2771 1482 διισχυρίσαντοο
2803 1411 3181 1481 Ἀριστοφάνει
3197 1410 3308 1481 γὰρ
3329 1410 3390 1462 σι’.
3410 1407 3740 1477 προσεκτέον,

2172 1506 2248 1569 ὡς
2267 1504 2418 1557 οὐδὲν
2447 1500 2593 1557 οὕτω
2622 1501 2799 1566 καλῶς
2824 1501 3005 1570 εἰδότι,
3036 1502 3111 1566 ὡς
3142 1503 3204 1556 τὸ
3231 1501 3423 1564 κακῶς
3444 1501 3635 1563 εἰπεῖν,
3661 1499 3741 1550 καὶ

2172 1596 2566 1668 κωμῳδήσαντι
2606 1596 2697 1649 τὸν
2720 1594 3064 1661 διδάσκαλον,
3106 1594 3236 1657 ἴσως
3276 1593 3410 1664 περὶ
3446 1591 3743 1661 φιλοσοφίας

2174 1688 2326 1759 αύτῷ
2346 1688 2739 1760 παραινέσαντι
2772 1687 2896 1758 (1)),
2918 1685 3093 1740 Αὑτοῦ
3123 1684 3180 1737 δέ
3215 1686 3368 1738 ἐστιν
3390 1682 3552 1753 ἔργον
3580 1680 3636 1734 τὸ
3658 1679 3742 1741 τὰς

496 1774 714 1830 Gratias
739 1775 929 1839 nudas,
961 1782 1020 1829 ut
1049 1775 1265 1839 dicitur,
1285 1790 1349 1832 ac
1377 1776 1613 1845 virgines
1663 1776 1943 1842 scnlpere:
1967 1793 2073 1833 non

2191 1780 2410 1852 χάριτας
2441 1779 2658 1849 γυμνὰς,
2685 1774 2760 1840 ὣς
2784 1794 2944 1845 φατε,
2969 1778 3063 1830 καὶ
3078 1770 3390 1847 παρθένους
3417 1770 3634 1841 γλύψαι,
3660 1769 3745 1821 οὐκ

501 1878 562 1925 ιιι
604 1869 671 1923 ad
726 1868 1004 1923 libidinem
1049 1867 1281 1938 juvenes
1308 1877 1588 1937 provocet,
1628 1879 1686 1923 ut
1743 1879 1797 1923 tu
1854 1870 2077 1939 quidem

499 1964 764 2035 opinaris,
801 1961 856 2016 id
881 1961 1234 2031 excogitavit,
1265 1964 1360 2017 sed
1406 1970 1467 2017 ut
1520 1972 1771 2017 naturam
1835 1963 2076 2033 ipsarum

499 2058 639 2116 ibac
659 2057 804 2111 enim
838 2056 891 2109 in
918 2070 975 2109 re
1002 2055 1320 2125 explicanda
1378 2055 1645 2124 imprimis
1702 2055 1903 2127 valuit)
1936 2056 2077 2111 ima-

495 2148 712 2219 ginibus
765 2147 1086 2215 explicaret,
1125 2147 1345 2215 quando
1377 2146 1625 2216 plerique
1670 2147 1755 2202 vel
1789 2146 1925 2201 lucri
1954 2162 2073 2216 spe,

494 2249 590 2296 ιιιιι
642 2240 931 2305 mercedis,
961 2238 1044 2293 vel
1110 2239 1290 2303 famze,
1326 2238 1502 2293 aliave
1550 2240 1617 2293 de
1646 2254 1810 2293 causa
1848 2253 2075 2294 munera

496 2333 819 2403 largiantur.
853 2330 907 2385 Id
949 2330 1091 2386 enim
1124 2346 1247 2386 mea
1283 2331 1503 2400 quidem
1557 2318 1852 2398 sententia,
1875 2347 2075 2400 τουπ-αξ·
2110 2396 2118 2405 ⁸

496 2434 715 2479 sentare
744 2423 968 2479 omnino
1001 2422 1190 2489 voluit,
1217 2423 1480 2479 beneﬁcia
1529 2439 1627 2480 sua
1656 2425 1859 2489 danda,
1899 2426 2074 2481 nudas

497 2516 713 2583 quidem
749 2523 809 2567 ut
846 2512 1084 2582 virgines
1110 2514 1383 2583 innuptas,
1409 2515 1696 2586 omnisque
1718 2515 1852 2569 lucri
1876 2530 2076 2585 exper-

500 2618 601 2672 tes,
623 2614 981 2675 carentesque
1010 2605 1158 2660 omni
1182 2614 1515 2676 legumento,
1585 2617 1644 2662 ut
1674 2607 1740 2660 ad
1774 2606 1909 2662 nihil
1929 2606 2076 2661 aliud

501 2699 625 2769 quis
654 2696 950 2767 respiciens
1003 2711 1164 2766 quam
1197 2698 1263 2751 ad
1315 2698 1682 2762 honestatem,
1715 2697 2085 2769 indigentibus

505 2789 765 2845 beneﬁcia
792 2787 1059 2853 conferat,
1078 2799 1139 2843 ut
1164 2787 1376 2843 laudem
1412 2789 1537 2846 inde
1553 2789 1749 2859 capiat,
1773 2789 1919 2860 quod
1937 2790 2083 2845 cedit

512 2880 567 2936 in
599 2882 855 2936 damnum
894 2880 1304 2951 accipientium.

766 2988 1113 3047 CCCXXX".
1132 3021 1202 3031 —
1216 2990 1407 3048 CYRO
1455 2990 1809 3048 MONACHO.

2185 1875 2267 1935 εἰς
2294 1872 2584 1945 ἀσέλγειαν
2616 1872 2742 1932 τοὺς
2769 1868 2923 1930 νέους
2954 1866 3311 1938 παρακαλῶν,
3338 1863 3419 1929 ὡς
3454 1865 3582 1934 ἡγῇ,
3607 1860 3746 1913 τοῦτο

2185 1964 2504 2026 πεποίηκεν,
2537 1962 2676 2016 ἀλλὰ
2697 1963 2794 2033 τὴν
2821 1961 2982 2032 φύσιν
3007 1959 3186 2015 αὐτῶν
3213 1957 3422 2029 (δεινὸς
3448 1956 3554 2027 γὰρ
3582 1950 3645 2024 ἦν
3666 1953 3746 2005 καὶ

2184 2056 2311 2128 περὶ
2328 2053 2523 2126 ταῦτα)
2543 2055 2630 2109 διὰ
2651 2055 2760 2109 τών
2782 2052 3113 2124 ἀγαλμάτων
3130 2048 3326 2120 ὲξηγού
3336 2062 3523 2119 μενος.
3554 2043 3747 2111 Ἐπειδὴ

2182 2155 2291 2225 γὰρ
2317 2154 2503 2207 πολλοὶ
2537 2152 2570 2225 ἢ
2603 2151 2852 2223 κέρδους,
2883 2148 2917 2223 ἢ
2946 2148 3203 2229 ἀμοιϐῆς,
3231 2146 3263 2217 ἧ
3293 2145 3504 2231 φιλίας,
3533 2141 3567 2211 ἣ
3589 2140 3746 2207 δόξης,

2180 2246 2214 2319 ἢ
2241 2247 2399 2302 ἀλλου
2430 2245 2574 2307 τινὸς
2591 2245 2781 2298 ἕνεκεν
2808 2242 2907 2308 τὰς
2932 2242 3158 2314 χάριτας
3186 2238 3428 2293 διδόασι*
3460 2233 3617 2288 τοῦτο
3637 2232 3749 2284 αὐτὸ

2182 2338 2469 2395 παιδεῦσαι
2515 2338 2642 2400 τοὺς
2690 2337 2936 2407 δρῶντας
2994 2331 3101 2402 (ὥς
3150 2349 3214 2401 γε
3266 2329 3513 2399 ἐμαυτὸν
3564 2324 3747 2392 πείθω)

2178 2432 2465 2504 ἠθέλησεν,
2501 2432 2583 2484 ὅτι
2625 2429 2707 2483 δεῖ
2740 2429 2838 2493 τὰς
2871 2427 3102 2499 χάριτας
3138 2421 3382 2479 δίδοσθαι
3406 2464 3423 2488 ,
3474 2418 3748 2489 παρθένους

2184 2522 2282 2593 μὲν
2312 2522 2408 2576 καὶ
2441 2523 2663 2593 ἀμιγεῖς
2699 2520 2900 2583 παντὸς
2942 2506 3191 2589 κέρδους,
3234 2514 3445 2576 παντὸς
3491 2510 3547 2563 δὲ
3578 2510 3747 2561 ἐπικα-

2181 2618 2468 2689 λύμματος
2497 2614 2789 2687 ἐλευθέρας
2862 2604 2955 2667 ἵνα
2983 2614 3119 2684 πρὸς
3168 2611 3337 2683 μηδὲν
3369 2607 3511 2665 ἅλλα)¹
3529 2622 3609 2666 τις
3646 2601 3747 2670 βλέ-

2182 2723 2324 2775 πων,
2355 2709 2473 2763 ἀλλ’
2504 2710 2584 2771 είς
2613 2708 2746 2762 αὐτὸ
2781 2707 2844 2761 τὸ
2876 2705 3061 2769 καλὸν,
3103 2702 3370 2774 εύεργετῇ
3417 2701 3546 2762 τοὺς
3581 2693 3748 2765 δεομέ’

2184 2817 2306 2863 νους
2331 2841 2345 2864 ,
2380 2802 2474 2853 καὶ
2515 2799 2591 2871 μὴ
2616 2801 2909 2867 λήμματος
2939 2795 3260 2867 ἐφιέμενος,
3302 2790 3339 2864 ἦ
3370 2789 3553 2861 δόξης,
3581 2789 3749 2856 Exspa—

2185 2892 2333 2964 γῳδῇ
2362 2891 2472 2946 τῶν
2509 2884 2895 2962 λαμϐανόντων
2919 2889 3017 2951 τὰς
3044 2885 3354 2957 συμφοράς.

2495 2998 2662 3055 TAB'.
2695 3030 2767 3041 —
2809 2997 2997 3070 ΚΥΡῼ
3031 2995 3470 3052 MONAZONTI.

1515 3085 1839 3156 Beneﬁcium
1867 3090 1959 3160 qui
1987 3091 2200 3163 accipit,
2236 3095 2530 3150 libertatem
2560 3094 2754 3150 vendit.

590 3194 841 3253 Admiror
868 3212 1000 3253 sane
1025 3197 1404 3268 inexplebilem
1427 3201 1790 3270 quorumdam
1818 3202 2085 3270 cupidita-

2269 3204 2403 3258 Λίαν
2435 3204 2703 3274 θαυμάζω
2743 3203 2846 3274 τήν
2882 3201 3191 3273 ἀπληστίαν
3234 3200 3330 3253 καὶ
3364 3199 3473 3270 τὴν
3498 3194 3749 3263 δουλοπρέ-

522 3303 626 3345 lem
654 3291 814 3361 plane
837 3290 1113 3357 servilem,
1130 3290 1223 3361 qui
1249 3305 1464 3361 semper
1485 3288 1711 3363 exigunt
1739 3293 2085 3360 beneﬁcium,

508 3386 639 3437 dant
660 3397 791 3438 vero
839 3396 1139 3453 nunquam,
1166 3382 1328 3453 idque
1376 3392 1761 3451 argumentum
1809 3396 1935 3439 esse
1968 3386 2089 3439 exi-

508 3475 671 3529 stimo
693 3472 974 3529 illiberalis
1033 3472 1234 3531 mentis
1291 3480 1456 3541 atque
1494 3472 1845 3528 insatiabilis.
1897 3473 2086 3529 Gratia

508 3566 654 3619 testim
684 3565 1015 3634 accipientes
1052 3563 1317 3620 beneﬁcia
1348 3564 1401 3618 in
1430 3563 1593 3619 vilem
1620 3563 1843 3633 coniicit
1859 3566 2091 3621 servitu-

511 3665 643 3722 tem,
668 3656 867 3712 dantes
898 3671 1029 3711 vero
1050 3655 1280 3711 honesta
1331 3656 1496 3710 donat
1523 3654 1800 3711 libertate.
1836 3656 2092 3714 Liberale

509 3757 597 3804 est
642 3749 845 3803 etenim
892 3747 1016 3803 aliis
1079 3748 1390 3816 lmpartiri;
1426 3756 1621 3803 contra
1676 3748 1895 3817 servile,
1919 3750 2091 3807 bene-

513 3840 694 3894 ﬁcium
724 3838 993 3909 accipere.
1013 3835 1295 3894 Obnoxins
1324 3840 1474 3895 enim
1503 3848 1559 3895 et
1575 3839 1852 3909 subjectus
1877 3857 2094 3912 semper

510 3929 717 3985 idcirco
746 3938 947 3984 manet.
983 3927 1307 3984 Necessario
1357 3930 1504 3983 enim
1533 3928 1628 3998 qui
1669 3930 1935 3985 beneiicio
1994 3932 2094 3986 ob-

510 4021 742 4075 strictus
769 4028 877 4085 est,
913 4034 1019 4075 non
1045 4019 1198 4093 prius
1229 4020 1472 4076 animum
1514 4021 1699 4091 erigit,
1733 4022 1892 4089 quasi
1921 4024 2095 4092 capiti

510 4114 832 4183 impendens
865 4128 1003 4169 onus
1042 4114 1342 4179 sustinens,
1373 4128 1550 4185 neque
1592 4114 1801 4170 directe
1856 4115 1995 4171 bene
2029 4117 2097 4171 de

511 4221 573 4261 se
605 4207 859 4261 meritum
894 4216 1053 4261 antea
1089 4206 1335 4274 aspicere
1388 4207 1575 4273 audet,
1609 4220 1773 4275 quam
1825 4208 2092 4275 debitum,

515 4298 661 4353 velut
689 4312 764 4353 res
811 4298 1050 4352 alienum
1093 4297 1424 4352 dissolverit.
1465 4298 1596 4352 Haec
1647 4297 1769 4352 dico
1798 4313 1905 4353 non
1941 4300 2098 4366 quasi

514 4391 686 4461 legem
709 4398 980 4453 statuens,
1011 4399 1069 4444 ut
1097 4391 1189 4459 qui
1235 4390 1500 4459 indigent,
1532 4391 1672 4445 nihil
1698 4391 1975 4458 postulent
2002 4392 2101 4446 be-

2196 3312 2356 3352 πειαν
2400 3296 2508 3351 τῶν
2547 3299 2635 3353 ἀεὶ
2673 3299 2779 3368 μὲν
2822 3297 2981 3369 χάριν
3020 3294 3336 3355 αίτούντων,
3396 3291 3474 3363 μὴ
3519 3287 3750 3359 παρεχόν-

2194 3407 2304 3444 των
2334 3391 2391 3444 δὲ
2409 3433 2425 3457 ,
2470 3391 2566 3444 καὶ
2595 3392 2894 3461 τεκμήριον
2921 3385 3063 3444 εἶναι
3100 3387 3248 3441 τοῦθ’
3284 3383 3533 3457 ἠγοῦμαι
3560 3382 3751 3435 ἀνελευ-

2198 3482 2359 3551 θέρου
2386 3483 2480 3535 καὶ
2507 3482 2809 3553 ἀκορέστου
2846 3478 3050 3551 ψυχῆς.
3099 3480 3164 3532 Ἦ
3196 3478 3295 3549 μὲν
3320 3478 3437 3547 γὰρ
3473 3475 3625 3545 χάρις
3648 3473 3753 3531 τοὺς

2196 3573 2574 3641 λαμϐάνοντας
2619 3572 2703 3637 είς
2744 3572 2999 3643 ὑπόχρεω
3048 3570 3342 3641 καθίστησι
3384 3566 3750 3633 ταπεινότητα,

2197 3665 2323 3726 τοὺς
2344 3660 2401 3716 δὲ
2430 3664 2772 3735 παρέχοντας
2798 3665 2878 3727 είς
2904 3660 3436 3733 ἑλευθεροπρέπειαν
3470 3654 3644 3721 αὔξειν
3669 3652 3752 3705 πέ-

2200 3773 2390 3820 φυκεν.
2438 3754 2773 3826 Ἐλευθέριον
2803 3755 2911 3826 γὰρ
2942 3753 3003 3809 τὸ
3030 3754 3326 3823 κατάρχειν
3363 3752 3448 3814 είς
3475 3752 3649 3819 ἕτερον
3674 3744 3752 3815 χά-

2205 3863 2351 3916 ριτος
2380 3846 2457 3914 (2)
2478 3885 2493 3910 ,
2527 3845 2799 3900 οἰκετικὸν
2829 3846 2884 3900 δὲ
2915 3845 2977 3900 τὸ
3008 3844 3361 3914 λαμϐάνοντα
3394 3843 3573 3912 χάριν,
3614 3834 3753 3891 ύπεύ-

2201 3938 2359 3992 θυνον
2404 3940 2492 3992 ἀεὶ
2528 3936 2618 3991 διὰ
2645 3937 2851 4008 ταύτην
2891 3937 3178 3991 διατελεῖν.
3232 3934 3573 4003 Ἀναγκαίως
3614 3928 3755 3998 γὰρό

2201 4034 2383 4103 χάριτι
2411 4031 2721 4095 δουλωθεὶς,
2754 4031 3011 4101 καθάπερ
3042 4029 3207 4100 ἄχθος
3231 4029 3372 4097 ἔχων
3398 4028 3493 4078 ἐπὶ
3522 4020 3751 4091 κεφαλῆς.

2202 4128 2262 4180 οὐ
2292 4126 2557 4198 πρότερον
2597 4123 2854 4195 ὀρθοῦται
2892 4123 2992 4193 τὴν
3018 4121 3218 4191 ψυχὴν,
3259 4118 3386 4173 οὐδὲ
3426 4118 3604 4185 ἑξίσης
3641 4114 3753 4183 πρὸς

2203 4219 2296 4270 τὸν
2338 4216 2776 4287 εὐεργετήσαντα
2817 4213 3035 4284 βλέπει,
3085 4212 3215 4283 πρὶν
3253 4211 3321 4264 ἂν
3362 4207 3671 4277 διαλύσηται
3705 4202 3756 4255 τὺ

2206 4308 2383 4379 χρέος.
2436 4304 2622 4360 Ταῦτα
2670 4307 2728 4361 δέ
2779 4323 2956 4377 φημι,
3007 4303 3069 4358 ού
3116 4304 3243 4367 τοὺς
3286 4301 3458 4364 ὅντως
3504 4299 3751 4369 δεομένους

2210 4400 2286 4472 μὴ
2322 4402 2492 4453 αἰτεῖν
2524 4401 2685 4471 χάριν
2720 4397 3048 4469 νομοθετῶν,
3090 4395 3212 4449 οὐδὲ
3254 4390 3629 4462 συμϐουλεύων
3662 4387 3754 4447 τοῖς

516 4483 735 4549 neiicii;
764 4496 939 4553 neque
980 4491 1039 4537 ut
1072 4482 1310 4537 suadens
1378 4491 1569 4537 exorta
1624 4483 1738 4553 jam
1779 4491 2086 4553 tempestate

2208 4492 2625 4563 χειμαζομένοις
2656 4490 2731 4562 μὴ
2763 4487 3133 4557 καταφεύγειν
3157 4486 3235 4547 εἰς
3260 4484 3462 4554 λιμένα
3484 4500 3496 4512 '
3526 4480 3631 4535 ἀλλ’
3657 4476 3757 4529 οὐδὲ

517 4576 573 4630 in
606 4584 823 4646 portum
872 4590 939 4629 ne
998 4575 1206 4643 intres;
1241 4588 1417 4644 neque
1448 4589 1542 4629 eos
1597 4575 1688 4644 qui
1716 4589 1821 4628 non
1858 4586 2086 4642 possunt

2205 4558 2333 4645 τοὺς
2383 4558 2528 4652 ἔργῳ
2574 4558 2667 4652 μὴ-
2695 4558 3025 4648 δυναμένους
3071 4574 3409 4648 ἀμείψασθαι
3445 4569 3751 4639 αἰτιώμενοςι

518 4668 821 4737 rebendere
843 4682 1142 4732 accusans;
1178 4666 1357 4721 absitl
1392 4682 1458 4721 ac
1485 4682 1661 4737 neque
1691 4681 1785 4720 eos
1810 4667 1900 4737 qui
1935 4682 2099 4735 opere

522 4774 628 4822 non
661 4769 886 4826 queant,
913 4759 1103 4813 saltem
1133 4759 1298 4812 verbo
1321 4758 1551 4827 gratiam
1601 4758 1844 4827 proﬁteri
1875 4772 2098 4825 cogens.

524 4849 581 4906 Si
634 4865 763 4905 vero
819 4850 982 4904 etiam
1039 4850 1300 4904 beneﬁcia
1348 4851 1567 4903 dantem
1633 4860 1814 4903 tacere
1866 4861 2102 4917 oportet,

524 4946 879 5014 accipientem
899 4952 1046 4999 certe
1068 4943 1225 4997 decet
1254 4942 1502 4997 beneﬁcii
1537 4943 1869 4997 meminisse.
1901 4941 2101 4994 Verum

2210 4677 2455 4744 Ἄπαγε·
2488 4675 2608 4727 οὐδὲ
2649 4673 2757 4744 μὴν
2791 4673 2917 4735 τοὺς
2967 4670 3115 4743 ἔργῳ
3156 4668 3231 4740 μὴ
3276 4667 3633 4737 δυναμένους,
3672 4660 3757 4712 κᾶν

2213 4769 2357 4839 λόγῳ
2382 4767 2478 4831 τὰς
2520 4768 2748 4838 χάριτας
2777 4766 3059 4836 ὁμολογεῖν
3098 4761 3441 4831 ἀναγκάζων.
3472 4758 3533 4812 Εἰ
3556 4755 3655 4824 γὰρ
3678 4751 3754 4803 καί

2215 4860 2321 4929 χρὴ
2346 4857 2436 4912 τὸν
2478 4857 2577 4927 μὲν
2611 4857 3053 4928 εὐεργετήσαντα
3081 4848 3534 4907 ἐπιλανθάνεσθαι
3553 4887 3567 4911 ,
3602 4845 3683 4896 τὸν
3710 4841 3754 4893 δὲ

2213 4948 2643 5018 εὐεργετηθέντα
2666 4945 2977 5017 μεμνῆσθαι
2997 4944 3096 5012 τῆς
3118 4945 3359 5013 χάριτος.
3396 4940 3534 4993 Ἀλλ’
3551 4939 3605 4991 οὐ
3626 4933 3755 4987 τοῦτο

527 5048 636 5094 ubn
664 5038 715 5091 id
753 5052 898 5091 nunc
930 5036 1129 5105 agitur,
1159 5036 1325 5108 660
1345 5036 1439 5091 sed
1474 5036 1593 5091 illos
1643 5051 1843 5090 accuso
1904 5038 2086 5092 nulliu:

2214 5038 2331 5091 νυνὶ
2375 5040 2582 5108 φράσαι
2612 5037 2902 5108 βούλομαι·
2939 5036 3035 5093 ἀλλ
3100 5037 3343 5098 ἐκείνους
3377 5032 3630 5102 αἰτιῶμαι
3655 5028 3755 5087 τοὺς

1637 5167 1887 5247 ’νΑιιιΑῑ
1923 5191 2305 5249 LECTIONES
2350 5191 2436 5247 ET
2477 5192 2710 5249 Noras.

608 5347 953 5427 (99)“Gratins
980 5353 1147 5427 nmina
1169 5395 1186 5421 ,
1218 5361 1277 5427 ut
1309 5351 1535 5427 dicitur:
1561 5349 1912 5405 Proverbiutn
1948 5366 2111 5427 expo-_
2177 5379 2187 5391 -
2216 5353 2292 5427 De
2323 5351 2606 5427 beneﬁciis,
2636 5367 2759 5427 cap.
2800 5353 2855 5415 3,
2880 5362 2937 5405 et
2973 5366 3115 5427 saepe
3142 5349 3539 5427 Plutarch.,_ut
3570 5349 3617 5399 in
3645 5341 3753 5423 Ero-

488 5475 495 5487 ,
531 5420 669 5478 nunt
710 5423 1010 5486 Zenobius,
1041 5420 1441 5491 "Diogenianus.
1502 5423 1757 5475 Socrates
1798 5435 1928 5475 vero
1973 5423 2112 5487 apud
2214 5425 2351 5484 tico,
2403 5433 2455 5474 et
2497 5420 2737 5489 Ρνίηεὶρὶ
2777 5438 2897 5475 cum
2941 5422 3250 5489 philosopho
3301 5420 3575 5489 agendum,
3620 5420 3750 5467 trium

534 5496 831 5556 Stabaeum,
874 5508 994 5546 cum
1041 5493 1331 5558 quemdam
1389 5491 1599 5545 videret
1641 5491 1840 5559 passim
1893 5501 1948 5545 et
1994 5493 2115 5544 sine
2213 5492 2520 5547 Gratiarum
2554 5502 2801 5545 recenset
2830 5493 3071 5545 nomina.
3103 5491 3347 5545 Seuerr.

494 5561 512 5583 “⁴
533 5566 740 5631 delectu
780 5555 1040 5618 beneficia
1062 5555 1376 5631 largientem
1405 5577 1418 5612 :
1457 5555 1680 5626 Κακῶς,
1714 5555 1944 5631 δεῖπεν,
1979 5560 2114 5614 ἀπό-

2285 5564 2361 5630 (l)
2394 5560 2794 5632 Παραινέσαντι
2839 5562 2999 5615 codd.
3044 5559 3166 5614 Vat.
3203 5561 3310 5615 650
3349 5569 3398 5614 et
3433 5559 3540 5611 Alt.
3580 5560 3751 5609 mutant

532 5630 673 5710 ?0t0"
732 5635 815 5686 ὅτι
1026 5630 1286 5710 Χάριτας·-
1322 5630 1860 5710 παρθένουςηοῦσας,
1901 5631 2114 5710 ’πόρνας
2215 5634 2268 5687 in
2298 5630 2727 5710 fgngécav-ca.
2763 5632 2974 5710 Possm.

536 5703 821 5775 ὲποίησας.
852 5701 999 5775 Male
1016 5700 1238 5775 sithtibi,
1275 5700 1469 5775 inquit,
1494 5703 1584 5775 qui
1622 5700 1841 5775 Gratias
1866 5700 2111 5775 virgines,

968 5768 1043 5827 De
1070 5772 1271 5830 Gratiis
1290 5773 1465 5827 tribus
1495 5768 1698 5826 Seneca
1730 5770 1927 5825 Pbilos.
1957 5772 2047 5825 lib.
2073 5788 2110 5824 ι.

536 5790 710 5829 scorta
747 5775 939 5843 iecisti.

2288 5703 2365 5773 (2)
2402 5703 2506 5757 Pro
2536 5702 2759 5772 χάριτος
2795 5703 2937 5757 idem
2980 5704 3177 5757 habent
3220 5702 3459 5773 χάριτας.
3493 5700 3565 5751 in.

3610 336 3765 403 15a
