3982 6420
254 387 395 473 1529

1120 386 1652 452 EPISTULARUM
1688 386 1835 446 LIB.
1874 382 2029 446 γ.--
2062 378 2299 442 EPIST.
2332 379 2755 442 VCCCXXXVI.

3386 372 3524 437 1530

254 500 488 579 ιίηδενὺς
535 506 636 577 μὲν
670 506 981 578 δεομένους,
1024 507 1113 561 διὰ
1154 509 1212 561 δὲ
1265 504 1705 576 φιλοχρηματίαν
1749 502 1890 562 aet!

1977 501 2157 555 uident
2201 497 2434 565 indiges.
2469 495 2648 560 Quare
2672 493 2908 549 habendi
2936 493 3235 565 cupiditate
3271 494 3523 562 accipere

256 599 362 669 μὲν
388 599 686 669 λαμϐάνειν
719 599 1117 664 σπουδάζοντας
1140 640 1156 664 ,
1203 596 1468 669 παρέχειν
1509 596 1567 650 δὲ
1612 597 1674 649 οὐ
1707 595 1837 665 βου-

252 688 538 760 λομένους.
580 689 721 754 Τοὺς
753 690 853 760 μὲν
895 690 1005 760 γὰρ
1037 691 1094 743 ὲν
1122 689 1281 760 χρεία
1307 688 1674 757 τυγχάνοντας
1693 726 1710 751 ,
1737 686 1839 739 οὐκ

254 782 462 837 ἄτοπον
504 781 665 852 χάριν
699 783 892 845 αἰτεῖν,
925 780 1051 844 τούς
1090 798 1151 834 τε
1199 780 1462 851 παρέχειν
1505 778 1840 849 δυναμένους

255 873 457 934 αἰτεῖν,
491 871 861 925 ἀτοπώτατον.
912 872 1002 933 Δὶς
1034 871 1110 940 (ὅ)
1164 868 1273 941 γὰρ
1312 869 1687 940 ἁμαρτάνουσι
1740 868 1842 937 μέ-

258 982 427 1034 τιστα
446 1004 462 1031 ν
495 963 553 1017 ἓν
579 963 698 1035 μὲν,
728 963 887 1018 αὐτοὶ
913 962 1001 1017 διά
1024 962 1188 1015 πόθον
1214 962 1511 1034 ἀκόρεστον
1539 960 1840 1023 αἰτοῦντες⁸

259 1055 452 1125 ἕτερον
491 1055 549 1109 δὲ
571 1095 588 1120 ,
638 1055 734 1107 καὶ
781 1057 892 1118 τοῖς
931 1054 1102 1118 ὅντως
1140 1054 1417 1124 δεομένοις
1460 1051 1845 1115 ἀποκλείοντες

259 1147 392 1210 τοὺς
435 1146 533 1215 τῆς
581 1144 993 1215 φιλανθρωπίας
1034 1143 1286 1214 λιμένας’
1342 1141 1695 1197 ἀναλίσκουσι
1735 1141 1846 1213 γὰρ

261 1235 456 1300 κακῶς
487 1235 557 1290 τὰ
579 1235 761 1299 καλῶς
788 1234 1009 1305 δοθῆναι
1033 1233 1337 1303 ὀφείλοντα.

568 1408 821 1462 ΤΑΓσ.-
845 1409 1187 1479 ΠΑΛΛΑΔῙῼ
1225 1410 1549 1480 ΔΙΑΚΟΝῼ.

1943 609 2161 663 semper
2189 591 2515 648 beneﬁcium
2573 597 2849 659 satagunt,
2881 589 3014 643 dare
3067 599 3247 644 autem
3312 588 3520 642 nolunt.

1944 686 2046 752 Qui
2104 700 2233 739 vero
2275 684 2455 753 inopia
2511 682 2784 746 laborant,
2811 682 3070 737 beneﬁcia
3107 681 3387 750 postulare
3414 695 3523 734 non

1944 776 2241 832 absurdum
2274 783 2379 830 est.
2408 778 2477 828 At
2504 773 2597 842 qui
2632 774 2764 827 dare
2806 772 2931 829 aliis
2972 783 3201 842 possunt
3250 771 3528 843 postulare

1944 870 2013 924 ab
2046 868 2192 934 aliis,
2225 867 2277 922 id
2307 863 2783 920 absurdissimum.
2816 863 2907 920 Bis
2954 865 3099 920 enim
3148 873 3378 932 peccant
3402 876 3528 932 gra-

1947 960 2197 1025 vissime,
2237 957 2405 1015 semel
2432 956 2652 1027 quidem
2707 957 2986 1027 exigentes
3022 955 3349 1011 beneﬁcium
3382 954 3529 1009 insa-

1951 1050 2122 1105 tiabili
2151 1049 2474 1119 cupiditate,
2506 1048 2705 1103 deinde
2734 1049 2860 1118 quia
2909 1062 3099 1103 revera
3155 1046 3525 1117 indigentibus

1952 1139 2308 1195 humanitatis
2337 1138 2600 1193 claudunt
2621 1152 2687 1193 ac
2716 1136 3085 1192 beneﬁcentia:
3138 1146 3373 1207 portum.
3395 1126 3547 1190 ante

1950 1232 2094 1286 enim
2154 1240 2481 1287 consumunt
2539 1244 2658 1300 quae
2714 1230 2943 1286 honeste
2988 1230 3119 1285 dare
3172 1229 3301 1284 aliis
3363 1216 3555 1313 oporf

1954 1324 2123 1381 lebat.

2150 1413 2522 1470 CCCXXXHI.
2543 1414 2971 1471 -—PALLADlO
3016 1413 3335 1471 DIACONO.

684 1499 754 1553 In
785 1499 1045 1570 beneﬁciis
1069 1500 1261 1554 dandis
1296 1499 1566 1554 laudanda
1592 1511 1666 1555 est
1694 1500 1937 1558 voluntas
1959 1521 1982 1559 :
2004 1523 2070 1560 ea:
2100 1508 2302 1572 animo,
2334 1524 2438 1560 non
2470 1523 2537 1563 ea:
2561 1517 2743 1562 eventu
2764 1508 3140 1578 judicandum.

342 1606 487 1669 Τοὺς
512 1606 807 1678 εὐεργέτας
828 1608 890 1661 οὐ
922 1608 1081 1678 μόνον
1105 1609 1198 1678 ἀφ’
1229 1604 1305 1663 ὧν
1331 1608 1699 1681 ἠδυνήθησαν,
1720 1608 1857 1662 ἀλλὰ

268 1701 369 1753 καὶ
418 1699 514 1769 ἀφ’
545 1693 621 1753 ὧν
654 1699 1036 1771 ἠϐουλήθησαν
1086 1701 1208 1771 μὲν,
1255 1704 1357 1755 οὐκ
1385 1701 1732 1774 ἠδυνήθησαν
1757 1701 1814 1755 δὲ
1838 1738 1854 1765 ,

2037 1615 2108 1673 Ut
2138 1617 2365 1673 beneﬁci
2395 1634 2500 1672 non
2555 1619 2714 1673 modo
2756 1618 3013 1675 laudandi
3068 1627 3194 1674 sunt
3235 1618 3288 1673 in
3322 1618 3389 1672 iis
3414 1633 3537 1689 quae

1962 1723 2069 1762 non
2095 1716 2385 1777 potuerunt
2408 1710 2563 1776 dare,
2594 1712 2686 1765 sed
2716 1712 2882 1765 etiam
2917 1712 2972 1766 in
2997 1710 3067 1767 iis
3096 1727 3216 1781 qua:
3243 1711 3535 1766 voluerunt

266 1793 630 1861 ἀνυμνεῖσθαι
660 1794 807 1867 χρὴ,
856 1794 949 1849 καὶ
982 1794 1179 1848 εἰδέναι
1221 1795 1318 1865 μὲν
1351 1796 1536 1857 αὐτοῖς
1568 1795 1728 1865 χάριν
1757 1794 1850 1863 ἀφ’
1885 1807 1890 1861 ζ

1977 1802 2163 1872 argiri,
2200 1818 2303 1856 nec
2325 1809 2642 1872 potuerunt,
2678 1803 3033 1873 babendaque
3058 1803 3125 1859 iis
3155 1804 3330 1873 gratia
3379 1802 3446 1857 de
3471 1801 3539 1855 iis

265 1878 348 1937 ὧν
370 1884 664 1954 ἠθέλησαν,
696 1886 755 1939 τὸ
796 1887 873 1956 μὴ
904 1887 1223 1958 δεδυνῆσθαι
1249 1887 1304 1940 δὲ
1339 1888 1412 1958 μὴ
1444 1887 1743 1955 αἰτιᾶσθαι.
1791 1887 1854 1941 Ὀ

269 1976 383 2045 γὰρ
409 1975 484 2047 μὴ
509 1976 618 2029 ἀπὸ
639 1980 737 2048 τῆς
757 1980 1153 2048 προαιρέσεως,
1184 1980 1299 2033 ἀλλ’
1317 1981 1425 2033 ἀπὸ
1449 1981 1546 2049 τῆς
1572 1980 1857 2044 ἐκϐάσεως

267 2069 345 2121 τά
395 2068 699 2138 πράγματα
745 2072 968 2142 κρίνων,
1018 2072 1343 2135 ἀπαίδευτός
1392 2074 1508 2125 ἐστι
1536 2112 1551 2136 ,
1606 2074 1700 2126 καὶ
1747 2074 1858 2127 τῶν

270 2161 616 2231 πραγμάτων
644 2162 708 2216 οὐ
736 2162 997 2231 γινώσκει
1029 2163 1128 2234 τὴν
1173 2164 1358 2232 φύσιν,
1402 2164 1502 2235 τήν
1542 2165 1604 2217 οὐ
1639 2165 1859 2231 πάντως

269 2252 343 2318 τῇ
378 2248 628 2320 βουλήσει
661 2251 956 2323 ἑπομένην,
998 2252 1114 2306 ἀλλ’
1159 2251 1273 2306 ἐσθ’
1304 2253 1395 2305 ὅτε
1441 2253 1537 2307 καὶ
1585 2255 1859 2306 ἐναντιου-

275 2344 477 2412 μένην.
602 2348 607 2355 ’

412 2451 575 2505 ΤΛΔν.
608 2482 679 2491 -
714 2452 1223 2509 ΑΓΑΘΟΔΑΙΜΟΝΙ
1253 2456 1731 2528 ΓΡΑΜΜΑΤΙΚῼ.

1956 1911 2076 1967 ηοω
2108 1905 2234 1950 sunt
2263 1896 2439 1951 conati
2477 1897 2661 1966 :quod
2694 1912 2825 1952 vero
2862 1910 2972 1952 non
3011 1895 3289 1965 potuerint
3312 1895 3537 1949 minime

1958 1988 2209 2059 culpandi
2235 1996 2383 2043 sunt.
2424 1987 2517 2042 Est
2547 1989 2694 2044 enim
2743 1988 2981 2044 hominis
3008 1986 3243 2058 imperiti
3272 1985 3340 2040 ab
3369 1999 3536 2041 even-
3566 2042 3567 2047 η

1959 2087 2039 2146 ιιι,
2074 2094 2180 2132 non
2238 2094 2267 2132 a
2316 2078 2547 2133 consilio
2613 2094 2701 2134 res
2739 2078 3009 2148 judicare,
3058 2093 3123 2133 ac
3169 2092 3238 2134 ne
3288 2087 3539 2132 naturam

1957 2169 2174 2240 quidem
2200 2171 2542 2240 negotiorum
2575 2170 2749 2235 novit,
2782 2185 2902 2240 qua:
2924 2170 2993 2223 ad
3042 2167 3375 2223 voluntatem
3435 2181 3542 2221 non

1960 2261 2183 2317 omnino
2213 2261 2424 2317 ﬂuunt:
2456 2263 2564 2317 imo
2592 2277 2732 2332 saepe
2759 2274 2951 2318 contra
2986 2262 3210 2319 cadunt.

1894 2446 1897 2449 ’
1969 2460 2341 2519 cccxxxrv.
2362 2492 2431 2501 -
2448 2458 3025 2519 ΑοΑτΗοῡΑεΜοΝι
3056 2456 3546 2515 caAumrtco.

635 2545 814 2601 Tarda
840 2548 1000 2602 etiam
1027 2548 1237 2619 ingenia
1263 2549 1511 2604 discendo
1540 2566 1838 2619 processum
1874 2554 2098 2624 faciunt.
2130 2555 2253 2609 Non
2294 2572 2359 2610 ea:
2380 2557 2566 2625 quovis
2590 2556 2731 2625 ligno
2754 2555 2813 2623 ﬁt
2856 2553 3179 2609 Mercurius.

364 2654 428 2706 'H
473 2655 752 2716 παίδευσις
796 2656 887 2710 τὸν
916 2656 1016 2726 μὲν
1057 2656 1205 2723 ὀξὺν,
1245 2659 1413 2728 ἄκρον
1455 2663 1634 2712 ποιεῖ·
1666 2661 1758 2716 τὸν
1799 2662 1858 2716 δὲ

279 2743 490 2814 βραδὺν
541 2745 802 2815 ἀμείνονὰ
845 2762 963 2810 πως
1010 2748 1207 2801 ἑαυτοῦ
1258 2748 1602 2819 καθίστησιν.
1653 2751 1865 2821 ’Ὠσπερ

279 2839 393 2908 γὰρ
417 2837 479 2890 οὐ
522 2839 722 2902 πάντες
750 2839 800 2891 οί
831 2840 890 2892 ὲν
918 2838 1307 2908 παιδοτριϐίοις
1338 2838 1414 2912 (4)
1461 2830 1889 2911 γυμνασθέντες

244 2929 520 3001 λάθληταὶ
573 2928 995 2997 ἀποτελοῦνται,
1048 2931 1221 2996 οὕτως
1267 2932 1387 2985 οὐδὲ
1450 2933 1650 2995 πάντες
1699 2936 1748 2988 oi
1810 2937 1867 2987 ὲν

284 3022 564 3092 μουσείοις
610 3024 965 3093 φοιτήσαντες
1012 3026 1269 3095 ῥήτορες·
1316 3027 1437 3087 ταῖς
1468 3025 1576 3096 γὰρ
1617 3027 1867 3095 εὐφυΐαις

2034 2664 2264 2721 Acutum
2290 2665 2508 2735 quidem
2546 2664 2821 2735 ingenium
2873 2664 3141 2719 institutio
3173 2678 3237 2719 ac
3266 2659 3548 2731 disciplina
3576 2696 3579 2697 ν

1966 2760 2236 2826 provehit,
2269 2760 2482 2813 tardum
2538 2774 2665 2814 vero
2691 2759 2871 2830 seipso
2898 2760 3074 2814 reddit
3109 2757 3411 2811 meliorem.
3446 2755 3546 2810 Ut-

1966 2863 2073 2918 que
2104 2866 2207 2903 non
2238 2864 2427 2903 omnes
2450 2849 2541 2918 qui
2570 2851 2622 2903 in
2662 2850 2960 2921 gymnasiis
2988 2858 3337 2911 exercentur,
3366 2847 3546 2900 athle-

1972 2950 2038 2993 tae
2072 2939 2307 2994 absoluti
2336 2939 2509 3006 ﬁunt;
2559 2940 2632 2994 ita
2668 2954 2768 2994 nec
2802 2955 2994 2993 omnes
3046 2936 3260 2992 scholas
3292 2935 3553 3005 frequen-

1971 3037 2148 3084 tantes
2177 3039 2424 3084 oratores
2444 3030 2707 3084 evadunt.
2732 3029 2963 3099 Optimae
2984 3037 3192 3083 naturae
3210 3042 3274 3081 ac
3306 3026 3554 3081 iacultati

283 3116 385 3167 καὶ
407 3118 526 3178 ταῖς
552 3115 842 3187 δυνάμεσιν
874 3119 929 3169 αἱ
958 3117 1178 3186 μελέται
1208 3116 1638 3188 προσομιλοῦσαι
1668 3119 1871 3188 ἄκρους

1977 3119 2157 3189 iuncta
2214 3120 2397 3176 studia
2446 3135 2690 3177 summos
2738 3120 3047 3188 perﬁciunt.
3080 3120 3139 3174 Si
3197 3134 3327 3173 vero
3382 3131 3560 3187 neque

283 3208 668 3263 ἀποτελοῦσιν.
703 3209 763 3263 Εἰ
786 3210 843 3262 δὲ
875 3210 1013 3281 μήτε
1039 3209 1231 3280 ἀλκὴν,
1271 3212 1407 3280 μήτε
1440 3209 1669 3276 εὐφυΐαν
1698 3208 1872 3280 εὔρω-

286 3320 396 3363 σιν,
434 3302 661 3356 ἀσκοῦσι
687 3303 788 3373 μὲν
810 3302 917 3355 τῶν
947 3302 1046 3372 μὲν
1072 3302 1172 3366 τὰς
1201 3301 1380 3372 ψυχὰς
1404 3343 1419 3367 ,
1446 3300 1557 3353 τῶν
1578 3301 1634 3353 δὲ
1664 3301 1731 3354 τὰ
1766 3301 1874 3354 σώ-

288 3415 461 3463 ματα,
493 3399 555 3451 οὐ
594 3400 700 3467 μὴν
736 3397 1014 3466 ἀοιδίμους
1040 3397 1242 3460 αὐτοὺς
1273 3395 1725 3465 δημιουργοῦσιν.

594 3490 763 3544 ΤΛΕ’.
797 3518 870 3529 --
906 3490 1167 3560 ῙΣῙΔΩΡῼ
1201 3488 1569 3560 ΕΠΙΣΚΟΠῼ.

1978 3212 2163 3277 robur,
2196 3228 2373 3282 neque
2404 3223 2613 3267 natura:
2665 3213 3021 3283 aptitudinem
3078 3212 3380 3275 inveniant,
3399 3223 3559 3265 exer-

1973 3314 2100 3360 cent
2154 3306 2372 3374 quidem
2435 3306 2648 3360 animus
2727 3306 3123 3374 quorumdam,
3178 3301 3408 3356 aliorum
3460 3314 3555 3357 ve-

1975 3412 2035 3452 ro
2064 3410 2281 3465 corpus.
2315 3396 2559 3451 celebres
2593 3407 2770 3449 tamen
2806 3396 2955 3463 ipsos
2976 3408 3081 3447 non
3112 3394 3362 3445 reddunt.

2185 3485 2537 3542 CCCXXXV.
2562 3516 2630 3527 —
2652 3484 2927 3540 lSIDOli‘O
2985 3481 3343 3538 EI’ISCOPO.

546 3604 565 3636 ι
610 3584 790 3639 Estote
814 3584 1056 3654 perfecti,
1088 3585 1228 3638 sicut
1275 3583 1444 3638 Pater
1484 3594 1651 3638 vester
1694 3584 1938 3638 scelestis.
1971 3600 1992 3635 ι
2031 3580 2246 3653 (Matth.
2271 3599 2326 3646 ν,
2355 3582 2471 3651 48.)
2516 3579 2845 3635 Imilationis
2878 3578 3040 3643 ratio,
3068 3577 3314 3646 inferior.

377 3680 604 3751 Ἐπειδή
621 3681 847 3744 εἰκότως
872 3680 1108 3758 νομίζων
1132 3680 1232 3751 τὴν
1266 3678 1416 3734 θείαν
1444 3680 1647 3751 ἀρετὴν
1681 3678 1875 3748 ἀνέφι-

290 3790 423 3826 κτον
467 3773 563 3826 καὶ
621 3773 919 3845 ἀμίμητον,
971 3773 1256 3845 γέγραφας
1308 3773 1628 3844 θαυμάζων,
1681 3770 1797 3836 πῶς
1848 3773 1878 3825 ὁ

294 3865 487 3936 ἃστήρ
529 3866 741 3918 καὶτὸν
784 3864 1003 3937 Πατέρα
1037 3866 1131 3919 καὶ
1173 3866 1363 3920 ἑαυτὸν
1394 3865 1681 3936 μιμεῖσθαι
1727 3865 1878 3937 ἡμᾶς

295 3956 756 4027 παρακελεύεται.
785 3958 956 4026 Φημὶ,
982 3957 1063 4011 ὅτι
1092 3958 1317 4021 εἰκότως
1345 3957 1414 4010 τὰ
1439 3958 1742 4029 πράγματα
1770 3957 1877 4010 ἀπὸ

293 4051 406 4104 τῶν
438 4050 701 4119 μειζόνων
742 4050 1010 4120 λαμϐάνει
1054 4051 1123 4104 τὰ
1153 4051 1571 4120 παραδείγματα
1594 4091 1609 4115 ,
1642 4040 1742 4102 ’ἵνα
1774 4048 1877 4103 κᾶν

294 4142 391 4195 τοῦ
421 4142 700 4206 ἐλάττονος
732 4141 1079 4212 ὲφικοίμεθα.
1118 4144 1181 4196 El
1226 4143 1337 4214 γὰρ
1381 4142 1477 4196 καὶ
1523 4142 1798 4213 ἀμίμητος
1843 4140 1877 4210 ἠ

296 4233 608 4305 Δεσποτική
657 4234 829 4305 ἀρετή
857 4275 873 4299 ,
919 4235 1035 4288 ἀλλ’
1073 4230 1168 4289 οὖν
1209 4252 1273 4305 γε
1312 4236 1439 4288 ὅταν
1471 4235 1614 4288 κατὰ
1652 4233 1880 4303 δύναμιν

2053 3676 2189 3733 Cum
2224 3676 2791 3747 incomprehensibilis
2816 3675 2889 3730 sit
2944 3674 3104 3738 Deus,
3129 3681 3292 3744 atque
3316 3670 3560 3726 inimita-

1982 3768 2135 3832 bilis,
2167 3769 2421 3823 admirari
2467 3778 2519 3823 te
2564 3768 2785 3832 scribis,
2810 3781 2910 3822 cur
2964 3767 3218 3821 Salvator
3260 3773 3315 3821 et
3344 3763 3560 3817 Patrem

1983 3863 2283 3921 cmtestem,
2318 3869 2375 3914 et
2410 3874 2531 3913 sese
2562 3859 2629 3912 ad
2659 3857 2983 3913 imitandum
3007 3855 3368 3927 proposuerit.
3397 3852 3560 3922 Equi-

1983 3953 2105 4007 dem
2177 3952 2479 4022 respondeo
2536 3967 2625 4007 res
2705 3950 2831 4021 jure
2902 3949 3108 4018 optimo
3162 3963 3192 4001 a
3266 3945 3564 4013 majoribus

1982 4042 2229 4114 exempla
2270 4057 2488 4112 capere,
2543 4050 2603 4097 ut
2653 4041 2846 4096 saltem
2904 4039 3081 4093 minus
3144 4047 3561 4103 consequamur.

1984 4134 2243 4200 Quamvis
2293 4132 2442 4186 enim
2495 4130 2835 4186 inimitabilis
2888 4129 2981 4184 Dei
3045 4127 3220 4182 virtus
3277 4134 3380 4190 est,
3416 4123 3564 4176 illam

1984 4236 2163 4281 tamen
2182 4241 2282 4296 pro
2341 4224 2485 4280 virili
2546 4224 2757 4279 imitari
2822 4231 3107 4287 conantes,
3138 4221 3207 4274 ab
3241 4216 3567 4276 .imitatione
3596 4274 3599 4277 _

302 4322 586 4393 μιμεῖσθαι
626 4324 798 4393 αὐτὴν
850 4323 1261 4396 σπουδάζωμεν,
1302 4325 1401 4394 τῆς
1441 4326 1732 4396 μιμήσεως
1778 4324 1880 4377 οὐκ

1981 4333 2091 4373 non
2120 4318 2489 4372 discedemus.
2526 4314 2601 4370 Ut
2651 4313 2744 4384 qui
2800 4312 3047 4368 scribere
3089 4321 3288 4380 pueros
3343 4306 3565 4368 docent,

301 4392 840 4487 ἀπολειφθησόμεθα.
921 4392 1152 4488 Ὠσπερ-
1182 4418 1292 4489 γὰρ
1355 4392 1405 4471 oi
1442 4392 1880 4489 *γραμματισταὶ

1988 4418 2204 4478 arrepto
2233 4409 2375 4479 stylo
2402 4408 2589 4477 pueris
2612 4422 2780 4477 quam
2828 4401 3274 4475 elegantissimos
3319 4397 3568 4468 praescri-

301 4505 674 4577 λαμϐάνοντες
704 4507 805 4579 τὴν
842 4507 1082 4579 γραφίδα
1105 4548 1121 4574 ,
1150 4510 1262 4571 τοῖς
1291 4508 1449 4561 παισὶ
1499 4506 1639 4578 μετά
1678 4506 1877 4560 πολλοῦ

301 4599 396 4651 τοῦ
427 4598 659 4662 κάλλους
677 4599 747 4653 τὰ
778 4603 1018 4671 στοιχεῖα
1044 4600 1369 4672 γράφουσιν,
1404 4600 1490 4652 ἵνα
1525 4601 1630 4652 κᾶν
1661 4598 1799 4669 πρὸς
1821 4598 1881 4651 τὸ

304 4691 731 4762 καταδεέστερον
774 4691 968 4745 ἔλθωσι
1004 4694 1106 4760 τῆς
1154 4694 1470 4763 μιμήσεως,
1516 4690 1659 4744 οὕτω
1705 4690 1800 4744 καὶ
1844 4694 1879 4762 ὴ

305 4781 424 4835 θεία
460 4783 620 4853 χάρις
651 4783 1023 4855 ὑποδείγματα
1051 4788 1181 4856 ἡμῖν
1213 4786 1415 4855 ἀρετῆς
1445 4782 1779 4855 προῦθηκεν,
1810 4783 1880 4836 ἵν’

305 4872 384 4934 ὡς
421 4872 642 4940 ἐφικτὸν
672 4875 1061 4946 μιμησώμεθα.
1110 4877 1202 4947 Μὴ
1248 4876 1429 4929 τοίνυν
1473 4875 1535 4929 τὸ
1580 4876 1656 4946 μὴ
1700 4876 1887 4946 ἄκρως

306 4963 569 5017 δύνασθαι
615 4967 931 5036 μιμεῖσθαι,
975 4967 1071 5019 τοῦ
1115 4967 1466 5037 ἐνδεχομένου
1508 4968 1658 5037 ἡμᾶς
1685 4967 1885 5019 ἀποσο-

310 5054 479 5107 ϐείτω
499 5097 515 5120 ,
545 5055 681 5109 ἀλλά
699 5056 859 5110 τοῦτο
901 5059 1138 5129 μάλιστα
1169 5058 1310 5129 μέγα
1334 5060 1464 5129 ἡμῖν
1501 5058 1792 5127 φαινέσθω,
1828 5057 1891 5109 τὸ

312 5144 580 5213 ἠξιῶσθαι
613 5146 854 5218 μερικῶς
895 5149 1182 5219 μιμήσεως
1209 5149 1358 5211 Θείας
1382 5150 1589 5211 εἰκόνος
1615 5147 1768 5211 me;
1795 5161 1891 5214 γε-

314 5234 523 5290 νέσθαι.

763 5326 948 5396 ΤΛεῖν.
979 5359 1050 5371 --
1092 5329 1449 5400 ΓΕΝΝΔΔΙῼ.

1985 4501 2121 4555 bunt
2159 4501 2529 4560 characteres,
2560 4496 2662 4550 etsi
2692 4493 2985 4548 inferiores
3022 4490 3134 4544 sint
3183 4488 3237 4542 in
3266 4483 3569 4540 imitatione

1986 4592 2155 4647 futuri
2189 4607 2205 4645 :
2240 4591 2315 4645 ita
2339 4597 2394 4645 et
2418 4589 2599 4643 divina
2629 4586 2804 4656 gratia
2855 4581 3079 4637 virtutis
3135 4577 3293 4634 nobis
3321 4571 3567 4639 exctnpla

1989 4683 2290 4758 proposuit,
2317 4692 2376 4737 ut
2434 4692 2692 4750 tanquam
2749 4679 2893 4749 quod
2952 4682 3119 4746 queat
3182 4664 3567 4739 comprehendi

1984 4780 2284 4834 imitemur.
2330 4775 2490 4845 661
2538 4772 2615 4827 Ne
2657 4772 2827 4842 igitur
2880 4768 3023 4840 quod
3072 4776 3285 4820 summa
3342 4770 3570 4827 qumque

1988 4870 2195 4926 imitari
2225 4885 2330 4922 non
2360 4868 2655 4937 possimus,
2688 4865 2741 4919 id
2779 4878 2877 4917 nos
2916 4864 3223 4915 absterreat
3245 4854 3313 4907 ab
3343 4852 3573 4917 iis,qum

1993 4963 2249 5032 consequi
2276 4962 2536 5024 valemus,
2572 4959 2680 5012 imo
2712 4970 2967 5021 maguum
3011 4950 3143 5006 illud
3194 4945 3355 5001 nobis
3383 4940 3603 4996 videa-'

1986 5070 2096 5120 tur,
2124 5056 2269 5125 quod
2297 5055 2446 5123 digni
2478 5054 2652 5107 simus
2679 5050 2870 5117 habiti,
2896 5048 2981 5103 vel
3005 5061 3070 5101 ex
3126 5051 3283 5112 parte
3332 5036 3571 5093 divinam

1988 5148 2190 5204 imitari
2217 5148 2529 5218 imaginem.

2342 5326 2567 5384 CCCXX
2581 5324 2714 5381 XVI.
2744 5354 2814 5365 ——
2844 5316 3221 5377 GENNADIO.

912 5421 990 5476 De
1014 5421 1198 5493 gloria:
1232 5424 1539 5489 cupiditate,
1569 5421 1645 5475 vel
1677 5430 1996 5490 contemptu.
2035 5421 2193 5494 Vulgi
2212 5423 2479 5494 judicium
2510 5420 2968 5476 contemnendum.

388 5519 451 5577 Εἰ
491 5519 584 5573 καὶ
612 5518 915 5591 παράδοξόν
942 5536 1026 5573 σοι
1049 5515 1188 5574 εἶναι
1222 5520 1363 5587 δόξει
1387 5518 1449 5571 τὸ
1469 5518 1889 5589 λεχθησόμενον,

2068 5518 2180 5574 Etsi
2222 5519 2587 5588 quod'dicam
2636 5516 2948 5588 paradosou
2982 5513 3077 5568 tibi
3121 5510 3297 5565 visum
3331 5505 3395 5560 iri
3443 5513 3577 5558 satis

1417 5626 1652 5682 VARUE
1688 5624 2072 5683 LECTIONES
2109 5626 2199 5683 ET
2238 5627 2470 5684 NOTAE.

395 5744 473 5809 (5)
504 5742 668 5798 Iidem
698 5743 778 5805 δὶς
812 5750 1025 5795 mutant
1058 5743 1109 5797 in
1144 5740 1257 5797 δύο.
1283 5741 1494 5794 Possm.

396 5807 477 5884 (ὁ)
507 5814 611 5869 Pro
638 5810 1040 5886 ,παιδοτριϐίοις
1100 5812 1261 5867 iidem
1314 5810 1556 5866 scribunt
1617 5807 1984 5880 παιδοτρίϐου.
2016 5807 2093 5861 In.
