3982 6420
393 364 527 433 1531

1597 371 1655 432 S.
1693 372 1988 433 ISIDORI
2024 371 2470 433 PELUSIOTIE

3535 358 3683 431 1532

390 480 527 546 seio,
550 476 835 536 dicendum
859 486 1058 534 tamen.
1078 478 1318 535 Gloriam
1338 479 1500 551 igitur
1524 481 1744 538 inanem
1766 499 1964 540 censeo
1992 538 1996 547 ,

2102 484 2181 537 λλ’
2219 487 2372 556 ὅμως
2395 485 2707 557 εἰρήσεται·
2740 484 2887 557 φημὶ
2928 483 3037 554 γάρ
3063 483 3147 537 ότι
3174 481 3209 551 ἠ
3241 479 3525 546 κενοδοξία
3553 481 3681 534 άπὸ

391 576 460 630 ab
496 572 679 628 animo
712 571 927 642 abjecto
970 572 1169 639 vilique
1224 571 1518 642 proﬁcisci.
1552 572 1977 644 Despicientiam

390 676 584 721 contra
638 665 919 733 laudisque
978 674 1351 733 contemptum
1415 680 1484 720 ex
1532 668 1980 737 magnanimitate

394 757 567 822 nasci,
624 755 706 811 vel
756 758 938 810 verius
981 771 1011 809 a
1054 756 1263 812 crelcsti
1314 766 1514 811 mente.
1568 757 1663 811 Illa
1710 758 1979 826 siquidem

402 848 611 902 laudem
652 847 955 901 admiratur
985 848 1304 911 humanam,
1330 862 1451 917 quae
1482 848 1650 901 instar
1679 849 1982 904 arescentis

400 946 485 991 est
514 936 655 991 feni:
683 936 798 989 hzec
829 949 956 990 vero
982 950 1099 990 eam
1128 946 1432 991 aversatur.
1459 934 1553 991 Illa
1578 936 1799 991 maximi
1830 936 1985 991 ducit

402 1029 745 1083 aberrantem
801 1026 1183 1095 labentemque
1234 1027 1381 1099 vulgi
1439 1028 1754 1097 opinionem
1789 1066 1806 1091 ,
1857 1027 1978 1082 haec

397 1130 587 1175 contra
623 1118 753 1173 facit
803 1119 1035 1173 minimi.
1070 1118 1227 1185 Quod
1275 1136 1399 1175 cum
1448 1120 1524 1176 ita
1570 1121 1663 1187 sit,
1700 1120 1977 1176 sciscitari

392 1228 463 1267 ex
512 1222 565 1267 te
622 1210 776 1276 libet,
822 1210 953 1281 quid
1001 1211 1244 1266 aestimas
1292 1211 1486 1281 vulgus
1542 1212 1795 1267 virtutem
1828 1212 1983 1266 nihili

398 1304 641 1367 ducens;
686 1302 826 1356 haud
877 1302 1037 1358 dubie
1093 1303 1246 1370 quasi
1304 1303 1503 1358 nullius
1552 1304 1709 1372 pretii
1759 1304 1869 1370 sit,
1920 1319 1986 1360 ac

399 1394 698 1465 negligens.
729 1393 800 1449 Ut
822 1392 966 1447 enim
998 1392 1192 1460 vulgus
1217 1393 1283 1447 de
1323 1394 1546 1458 virtute,
1587 1395 1665 1451 ita
1690 1404 1744 1449 et
1775 1396 1843 1451 de
1869 1396 1986 1466 ipso

398 1488 602 1541 sentire
647 1487 922 1556 Sapientes
955 1500 1170 1555 azquum
1203 1487 1292 1541 sit.
1360 1486 1512 1556 Elige
1550 1487 1717 1557 igitur
1755 1505 1769 1542 :
1810 1486 1987 1543 haud-

395 1593 670 1649 quaquam
701 1593 730 1631 a
757 1578 897 1647 vulgi
934 1587 1086 1647 parte
1116 1588 1264 1632 stare
1286 1579 1415 1633 ntihi
1453 1579 1674 1634 videris.
1705 1580 1988 1646 Quomodo

397 1670 563 1740 igitur
616 1685 721 1724 non
772 1670 1059 1723 admodum
1114 1670 1399 1735 miserum,
1447 1672 1555 1726 imo
1595 1682 1649 1726 et
1699 1672 1986 1727 ridiculum

401 1761 565 1815 fu'erit
631 1761 824 1815 horum
893 1760 1093 1815 sectari
1151 1761 1467 1830 opinionem
1518 1777 1751 1831 quorum
1811 1762 1986 1818 nolles

399 1853 597 1909 similis
628 1852 856 1910 essc?si
890 1854 1095 1909 dixeris
1128 1853 1328 1910 multos
1355 1854 1408 1909 in
1439 1870 1547 1909 uno
1581 1855 1985 1910 consentientes
2018 1838 2059 1894 Β

401 1946 509 2001 {ide
546 1946 763 2014 dignam
825 1960 984 2015 posse
1038 1953 1279 2001 statuere
1331 1946 1662 2001 sententiam
1693 1986 1709 2010 ,
1746 1946 1982 2017 idipsum

399 2038 607 2093 dixeris
649 2037 717 2092 de
770 2037 837 2092 iis
875 2038 945 2092 ob
983 2053 1105 2107 qua:
1148 2053 1275 2093 vere
1326 2037 1658 2107 despiciendi
1707 2046 1851 2093 sunt.
1883 2037 1985 2104 Qui

400 2128 546 2181 enim
594 2143 658 2181 ex
702 2142 761 2183 se
808 2128 905 2198 ipsi
936 2128 1295 2197 despicabiles
1341 2137 1491 2190 sunt,
1529 2128 1699 2184 multo
1737 2131 1908 2199 magis
1935 2130 1989 2184 id

403 2221 548 2275 inter
603 2236 663 2276 se
721 2220 997 2276 commissi
1068 2222 1362 2291 patientur.
1428 2220 1776 2290 Singulorum
1841 2222 1987 2277 enim

403 2312 641 2366 amentia
708 2312 872 2367 simul
917 2312 1142 2367 collecta
1206 2312 1383 2382 major
1416 2312 1476 2368 fit
1538 2329 1565 2367 a
1641 2313 1990 2368 multitudine

403 2405 651 2458 adaucta.
723 2404 1069 2475 Quapropter
1116 2415 1171 2460 et
1220 2405 1534 2475 singu!atim
1585 2406 1821 2476 quisque
1866 2421 1989 2460 cor-

406 2497 655 2564 rigatur,
714 2498 759 2549 si
822 2497 1043 2565 quando
1100 2496 1561 2565 deprehendatur.
1626 2495 1802 2551 Simul
1862 2511 1991 2552 vero

403 2589 729 2643 exsistentes
758 2588 958 2658 corrigi
1017 2604 1127 2666 nou
1153 2596 1405 2658 possunt,
1445 2603 1513 2644 eo
1552 2587 1698 2658 quod
1729 2589 1781 2642 in
1818 2587 1994 2656 majus

406 2682 698 2734 amentiam
752 2680 1091 2751 provehant,
1136 2689 1192 2735 et
1241 2681 1443 2736 mutuis
1492 2680 1823 2751 applaudant
1877 2679 1995 2749 opi-

407 2772 685 2828 niunibns.

819 2880 1216 2937 CCCXXXVII.
1248 2911 1318 2920 --
1349 2880 1585 2939 ΕΙΟΕΜ.

2078 576 2257 647 ψυχῆς
2281 578 2547 649 ταπεινῆς
2576 579 2675 633 κα)¹
2702 575 2959 641 εὐτελοῦς
2992 575 3273 640 τίκτεται,
3319 574 3355 645 ἠ
3405 573 3463 626 δὲ
3503 573 3683 642 ὑπερ-

2079 670 2212 740 οψία
2240 669 2352 722 τῶν
2378 669 2621 723 ἐπαίνων
2654 672 2751 723 καὶ
2774 671 2809 740 ἡ
2832 667 3242 737 καταφρόνησις
3288 664 3399 718 ἀπὸ
3429 664 3681 735 μεγαλο-

2082 762 2284 831 φυοῦς,
2314 761 2518 832 μᾶλλον
2548 761 2607 815 δὲ
2640 759 2981 831 ὑπερφυοῦς.
3021 760 3087 813 Ἦ
3109 757 3229 830 nev
3258 758 3368 829 γὰρ
3398 757 3687 825 θαυμάζει

2081 854 2174 907 τὸν
2210 854 2403 925 χόρτου
2434 854 2593 924 δίκην
2620 853 3029 923 μαραινόμενον
3057 851 3167 905 τῶν
3190 848 3498 921 ἀνθρώπων
3519 850 3687 901 επαιο

2080 962 2194 1011 νον,
2229 946 2264 1016 ἡ
2291 944 2349 997 δὲ
2383 943 2810 1014 ἀποστρέφεται·
2836 946 2869 1013 ἡ
2908 944 3007 1015 μὲν
3034 941 3300 1014 μεγίστην
3326 942 3551 1010 ἡγεῖται
3574 939 3690 1009 τὴν

2085 1035 2511 1108 πεπλανημένην
2553 1037 2650 1090 καὶ
2689 1034 3042 1107 ὲσφαλμένην
3073 1034 3183 1088 τῶν
3211 1032 3426 1086 πολλῶν
3468 1032 3688 1101 ψῆφον,

2084 1131 2118 1199 ἡ
2149 1129 2206 1182 δὲ
2234 1128 2651 1199 εὐτελεστάτην.
2683 1130 2806 1181 ’Ότι
2827 1127 2883 1181 δὲ
2902 1127 3056 1181 ταῦθ’
3079 1123 3252 1188 οὕτως
3276 1123 3414 1194 ἔχει,
3449 1120 3689 1195 ἔρεσθαι

2088 1237 2149 1274 σε
2177 1219 2459 1291 βούλομαι.
2502 1219 2570 1273 Τί
2614 1220 2857 1291 νομίζεις
2900 1220 3027 1282 τοὺς
3073 1219 3304 1281 πολλοὺς
3328 1256 3344 1279 ,
3378 1212 3462 1280 οἷς
3499 1215 3690 1279 οὐδεὶς

2086 1310 2221 1381 περὶ
2248 1310 2454 1382 ἀρετῆς
2493 1309 2690 1379 λόγος;
2726 1308 2952 1379 εὔδηλον
2980 1310 3062 1363 ὅτι
3098 1308 3381 1381 ῥᾳθύμους
3402 1346 3418 1372 ,
3449 1307 3545 1360 καὶ
3581 1308 3688 1359 οὐ-

2085 1400 2237 1464 δενδς
2296 1399 2484 1466 ἀξίους
2536 1400 2719 1469 λόγου.
2783 1401 2965 1470 Ὅπερ
3013 1398 3122 1471 γὰρ
3179 1398 3339 1454 αὐτοὶ
3391 1398 3524 1469 περὶ
3577 1400 3687 1467 τῆς

2087 1493 2290 1564 ἀρετῆς
2356 1492 2727 1563 ψηφίζονται,
2782 1491 2944 1546 τοῦτο
2995 1493 3123 1555 τοὺς
3159 1492 3397 1559 ,σοφοὺς
3464 1490 3686 1543 δίκαιον

2088 1586 2157 1640 ἂν
2188 1584 2275 1655 είη
2306 1586 2433 1655 περὶ
2463 1586 2644 1640 αὐτῶν
2688 1584 3045 1656 ψηφίζεσθαι.
3091 1583 3278 1637 Ἐλοιο
3306 1583 3517 1636 τοίνυν·
3553 1582 3685 1635 κατ’

2089 1674 2333 1739 ἐκείνους
2378 1674 2631 1743 γενέσθαι
2687 1677 2789 1729 οὐκ
2828 1675 2895 1729 ἄν
2937 1691 3030 1745 μοι
3070 1675 3269 1737 δοκεῖς.
3310 1674 3435 1736 Πῶς
3475 1667 3571 1727 οὖν
3616 1671 3687 1727 οὗ

2090 1766 2287 1837 κομιδῇ
2318 1766 2583 1836 σχέτλιον,
2618 1766 2821 1838 μᾶλλον
2859 1766 2917 1819 δὲ
2953 1765 3184 1835 γελοῖον,
3210 1764 3311 1836 τὴν
3341 1763 3550 1817 τούτων
3578 1762 3685 1832 θη-

2089 1860 2289 1931 ρᾶσθαι
2323 1859 2507 1925 δόξαν,
2554 1855 2631 1914 ὧν
2659 1859 2760 1913 οὐκ
2804 1858 2873 1913 ἀν
2909 1859 3052 1912 ἕλοιο
3080 1858 3336 1928 γενέσθαι
3374 1856 3673 1927 παραπλή-

2092 1969 2247 2019 σιος;
2276 1953 2326 2005 εί
2357 1954 2415 2005 δὲ
2453 1951 2651 2023 φαίης,
2694 1952 2778 2005 ὅτι
2822 1954 2870 2005 οἱ
2904 1951 3090 2004 πολλοὶ
3128 1950 3272 2004 κατὰ
3325 1949 3519 2004 ταυτδν
3566 1965 3689 2001 συν‹

2096 2045 2402 2114 εστηκότες
2439 2044 2759 2111 ἀξιόπιστον
2786 2045 2968 2115 ἔχουσι
2993 2044 3091 2115 τὴν
3115 2044 3319 2113 ψῆφον·
3359 2041 3493 2095 αὐτὸ
3524 2040 3687 2094 τοῦτο

2094 2134 2290 2198 λέξεις,
2321 2133 2389 2187 δι’
2414 2133 2444 2186 ὃ
2480 2133 2941 2202 καταφρονεῖσθαι
2967 2133 3293 2202 ὀφείλουσιν.
3330 2132 3394 2184 Οἱ
3424 2130 3533 2200 γάρ
3559 2128 3683 2182 καθ’

2094 2224 2323 2287 ἑαυτοὺς
2364 2222 2520 2286 ὄντες
2548 2222 3038 2293 εὐκαταφρόνητοι,
3078 2220 3259 2291 πολλῷ
3305 2219 3508 2290 μᾶλλον
3550 2235 3687 2286 συγ-

2093 2314 2453 2386 κροτηθέντες
2484 2313 2643 2367 τοῦτο
2672 2314 2970 2368 πείσονται.
3014 2314 3079 2366 Ἥ
3116 2312 3226 2381 γὰρ
3266 2312 3499 2365 ἑκάστου
3528 2310 3687 2364 άνοια

2090 2402 2229 2473 ὁμοῦ
2258 2402 2609 2473 συναχθεῖσα,
2640 2402 2840 2472 μείζων
2868 2402 2975 2455 ὑπὸ
3000 2400 3094 2454 τοῦ
3126 2397 3367 2469 πλήθους
3390 2395 3688 2465 αὐξηθεῖσα
3728 2474 3731 2477 _

2091 2495 2321 2564 γίνεται.
2355 2494 2447 2547 Διὸ
2475 2494 2569 2548 καὶ⁹
2594 2494 2717 2548 καθ’
2743 2495 2838 2547 ἕνα
2873 2495 2972 2565 μὲν
3000 2495 3067 2549 ἄν
3099 2510 3183 2556 τις
3206 2491 3389 2546 αὐτῶν
3417 2490 3511 2543 καὶ
3536 2490 3685 2559 διορ-

2093 2586 2342 2652 θώσειεν,
2368 2588 2415 2640 εί
2439 2585 2598 2641 λάϐοι
2630 2585 2762 2640 ποτέ
2787 2604 2800 2617 ·
2843 2585 2979 2656 ὁμοῦ
3004 2585 3061 2638 δὲ
3102 2585 3455 2653 ὑπάρχοντας
3496 2583 3596 2634 οὐκ
3619 2581 3685 2633 ἀν

2094 2675 2349 2745 δυνηθείη
2369 2716 2383 2739 ,
2419 2675 2508 2729 διὰ
2537 2674 2601 2728 τὸ
2634 2676 2734 2747 τὴν
2763 2673 2949 2729 ἄνοιαν
2980 2675 3071 2727 ἐπὶ
3095 2673 3156 2726 τὸ
3188 2672 3376 2743 μεῖζον
3408 2670 3684 2743 αἴρεσθαι,

2096 2770 2190 2824 καὶ
2211 2770 2333 2833 ταῖς
2360 2767 2491 2839 παρ’
2521 2767 2766 2840 ἀλλήλων
2794 2767 2974 2834 δόξαις
3008 2763 3453 2836 συγκροτεῖσθαι.

2578 2876 2746 2931 ΤΛΖ’.
2777 2907 2850 2917 -
2872 2876 2960 2949 To
3007 2875 3211 2946 ΑΥΤῼ.

1216 2973 1493 3037 Φιλοδόξου
1534 2972 1630 3026 καὶ
1661 2970 1941 3035 κενοδόξου
1977 2968 2304 3039 di/ferentia.
2339 2966 2506 3036 (Vide
2537 2967 2692 3035 epist.
2724 2966 2875 3036 411.)

478 3080 677 3137 Gloria:
727 3081 1004 3137 studiosus
1061 3098 1168 3137 non
1226 3081 1368 3136 idem
1425 3081 1602 3136 inanis
1668 3091 1754 3135 est
1811 3079 1994 3136 laudis

2169 3077 2285 3130 Οὐκ
2326 3075 2473 3130 ἔστιν
2493 3078 2521 3129 6
2545 3075 2821 3145 φιλόδοξος
2846 3074 3143 3139 κενόδοξος·
3170 3076 3199 3128 6
3226 3074 3325 3144 μὲν
3355 3072 3466 3143 γὰρ
3492 3071 3693 3143 ἀρετὴν

407 3173 656 3241 cupidus.
678 3172 745 3227 Et
766 3172 855 3228 ille
878 3171 1095 3243 quidem
1119 3173 1376 3227 virtutem
1394 3186 1683 3237 exercens,
1706 3172 1795 3228 hic
1813 3180 1993 3228 autem

2101 3166 2305 3231 ἀσκῶν,
2339 3170 2368 3219 6
2393 3164 2453 3219 δὲ
2484 3165 2559 3236 μὴ
2583 3164 2661 3235 (5)
2695 3164 2880 3217 ἀσκῶν
2909 3162 3068 3227 δόξαν
3101 3161 3373 3233 θηρᾶται·
3414 3159 3511 3212 καὶ
3539 3161 3567 3211 6
3595 3158 3692 3228 μὲν

411 3281 517 3319 non
581 3280 842 3321 exercens
901 3265 1128 3335 gloriam
1189 3276 1442 3319 venatur.
1498 3264 1566 3319 Et
1626 3265 1717 3319 ille
1775 3265 1996 3335 quidem

2101 3256 2203 3325 τῆς
2231 3255 2614 3327 προσηκούσης
2638 3296 2654 3321 ,
2688 3257 2717 3308 ὁ
2748 3254 2805 3308 δὲ
2834 3255 2932 3326 τῆς
2968 3254 3285 3326 μηδαμόθεν
3334 3251 3489 3321 αὑτῷ
3526 3267 3689 3320 προσ·

408 3355 797 3423 cmtvenienti,
856 3357 945 3412 hic
1020 3372 1149 3411 vero
1206 3356 1432 3410 minime
1480 3356 1582 3426 ipsi
1653 3352 1996 3411 convenienti

2101 3347 2345 3418 ηκούσης
2373 3346 2697 3417 ὑπολήψεως
2722 3345 2952 3415 ἐφίεται·
2981 3347 3011 3398 6
3041 3344 3141 3413 μὲν
3170 3343 3361 3412 οἰκείῳ
3388 3341 3579 3394 κάλλει
3612 3357 3695 3392 σε-

410 3449 623 3503 accedit
645 3449 909 3519 Opinioni.
937 3448 1163 3518 PrOpria
1196 3448 1284 3502 ille
1314 3448 1722 3519 pulchritudine
1746 3456 2000 3512 ornatur,

414 3538 504 3593 hic
553 3552 684 3593 vero
743 3538 859 3593 vult
908 3538 1082 3594 aliena
1144 3539 1394 3593 decorari
1466 3535 1662 3593 forma.
1724 3540 1855 3594 Suis
1912 3538 2004 3594 ille

416 3630 690 3684 thesauris
720 3629 1043 3697 extollitur,
1106 3630 1193 3684 hic
1232 3630 1300 3685 iis
1340 3631 1430 3700 qui
1481 3631 1546 3685 ad
1605 3632 1779 3700 ipsum
1825 3631 2005 3684 minus

417 3720 746 3787 pertineant.
800 3720 899 3776 Ille
949 3721 1165 3790 quidem
1216 3721 1413 3790 juste,
1469 3723 1560 3777 hic
1619 3738 1749 3777 vero
1805 3723 2005 3791 injuste

418 3811 676 3866 honorari
725 3821 969 3882 exoptat.
1018 3812 1233 3869 Primus
1258 3816 1501 3884 quidem,
1539 3815 1755 3870 tametsi
1788 3831 1893 3869 non
1936 3816 2009 3869 sit

418 3901 697 3971 perfectus
730 3905 1056 3975 (exercenda
1104 3906 1249 3961 enim
1293 3907 1471 3962 virtus
1494 3916 1579 3962 est
1607 3916 1662 3962 et
1698 3924 1801 3962 non
1838 3923 2008 3977 expe-

422 3994 582 4049 tenda
615 3993 836 4065 gloria),
867 3997 1110 4051 secundo
1150 4007 1325 4053 tamen
1357 3997 1552 4051 melior
1585 4006 1690 4062 est,
1713 4007 1768 4052 et
1799 4005 2006 4051 tantum

421 4088 491 4140 ab
516 4099 582 4141 eo
616 4087 804 4151 distat,
837 4099 1099 4156 quantunt
1133 4089 1249 4157 ipse
1288 4104 1316 4141 a
1351 4086 1592 4158 perfecto
1624 4088 1826 4143 deﬁcit.
1865 4088 2007 4154 Quin

422 4174 601 4243 potius
634 4174 678 4229 si
713 4176 1019 4230 accuratius
1048 4192 1161 4229 rem
1188 4176 1371 4231 dicere
1396 4176 1648 4241 velimus,
1680 4190 1746 4229 ne
1766 4177 2007 4231 conferri

423 4265 645 4334 quidem
679 4279 800 4318 cunt
844 4266 938 4321 illo
977 4266 1171 4336 dignus
1199 4275 1317 4331 est,
1356 4267 1445 4336 qui
1479 4266 1611 4321 nihil
1644 4268 1769 4321 boni
1812 4267 2008 4337 egerit,

424 4356 520 4409 sed
551 4354 779 4426 gloriam
812 4366 991 4427 captet
1015 4358 1170 4426 quasi
1198 4358 1327 4426 quid
1355 4358 1548 4428 egerit,
1572 4358 1739 4430 662
1771 4361 1864 4413 sed
1886 4374 2009 4414 cum

427 4446 521 4501 illo
548 4447 643 4515 qui
682 4456 738 4502 et
764 4447 965 4515 aliquid
1011 4449 1268 4517 gesserit,
1299 4458 1354 4504 et
1380 4451 1606 4519 gloriam
1637 4466 1759 4519 qua:
1779 4466 1847 4505 ex
1869 4450 2011 4505 facto

426 4541 674 4611 sequitur
716 4550 1049 4596 contemnat.

822 4644 1244 4702 CCCXXXVIII.
1271 4675 1341 4685 —
1390 4645 1624 4699 EIUEM.

2106 3439 2361 3511 μνύνεται
2387 3478 2403 3503 ,
2430 3440 2458 3490 6
2499 3438 2558 3491 δὲ
2585 3436 2851 3508 ἀλλοτρίῳ
2878 3434 3315 3499 καλλωπίζεσθαι
3353 3432 3608 3504 βούλεται
3628 3446 3641 3461 ·
3668 3432 3696 3481 6

2106 3531 2208 3602 μὲν
2276 3533 2389 3593 τοῖς
2426 3530 2650 3593 οίκείοις
2685 3530 2982 3600 θησαυροῖς
3026 3528 3170 3599 μέγα
3200 3529 3421 3598 φρονεῖ·
3452 3526 3481 3581 ὁ
3509 3524 3564 3577 δὲ
3590 3525 3695 3584 τοῖς

2107 3620 2373 3692 μηδαμῶς
2396 3618 2546 3689 αὐτῷ
2572 3620 2960 3691 προσήκουσιν·
2986 3618 3017 3671 6
3040 3618 3140 3689 μὲν
3174 3616 3423 3679 δικαίως,
3455 3617 3485 3668 6
3503 3614 3561 3666 δὲ
3585 3612 3697 3666 ἀδί-

2106 3729 2221 3774 κως
2246 3710 2510 3780 τιμᾶσθαι
2536 3710 2807 3780 βούλεται·
2832 3713 2861 3764 6
2892 3710 2992 3781 μὲν
3024 3704 3121 3763 οὖν
3145 3708 3387 3780 πρῶτος,
3419 3708 3471 3759 εἰ
3504 3706 3601 3759 καὶ
3623 3703 3696 3773 μὴ

2105 3803 2310 3866 τέλειός
2340 3805 2456 3857 ἐστι
2488 3802 2628 3875 (χρὴ
2664 3804 2773 3873 γάρ
2806 3804 2901 3857 καὶ
2922 3802 3127 3874 ἀρετὴν
3160 3802 3376 3862 ἀσκεῖν,
3409 3798 3507 3852 καὶ
3545 3795 3699 3864 δόξης

2112 3896 2187 3967 μὴ
2216 3895 2574 3967 ὀρέγεσθαι),
2611 3896 2723 3949 ἀλλ’
2754 3891 2848 3950 οὖν
2889 3913 2953 3965 γε
2985 3894 3080 3949 τοῦ
3124 3895 3383 3963 δευτέρου
3436 3891 3698 3961 κρείττων

2108 3988 2227 4042 ἐστί
2251 4005 2265 4017 ·
2304 3989 2399 4043 καὶ
2436 3987 2693 4043 τοσοῦτον
2722 3988 2889 4042 αὑτοῦ
2941 3986 3105 4040 πλέον
3138 3988 3356 4056 ἀπέχει,
3388 3985 3421 4055 ἣ
3448 3986 3574 4037 ὅσον
3603 3979 3695 4033 τοῦ

2109 4080 2317 4134 τελείου
2375 4080 2538 4143 αὐτὸς
2588 4080 2982 4134 ἀπολείπεται·
3041 4079 3245 4150 μᾶλλον
3290 4077 3347 4129 δὲ
3399 4079 3449 4129 εί
3494 4074 3599 4145 χρὴ
3640 4073 3702 4124 τὸ

2111 4172 2339 4244 ἀκριϐὲς
2370 4174 2568 4236 είπεῖν,
2596 4172 2718 4226 οὐδὲ
2748 4171 3196 4244 παραϐάλλεσθαι
3225 4171 3362 4241 πρὸς
3396 4172 3605 4222 ἐκεῖνον
3635 4168 3700 4220 ἀν

2111 4266 2199 4337 εἴη
2232 4267 2440 4330 δίκαιος
2461 4304 2479 4331 ,
2514 4265 2607 4319 τὸν
2648 4266 2816 4337 μηδὲν
2846 4265 2949 4334 μὲν
2982 4266 3272 4335 πράξαντα
3305 4262 3578 4334 χρηστὸν,
3606 4261 3698 4327 τῆς

2102 4359 2170 4412 δὲ
2197 4359 2291 4411 ἐπὶ
2323 4358 2403 4429 τῷ
2440 4359 2788 4429 πεπραχέναι
2820 4358 3313 4429 ἀντιποιησάμενον
3341 4354 3540 4423 δόξης,
3569 4351 3699 4407 ἀλλά

2116 4447 2253 4519 πρὸς
2293 4450 2525 4513 ἐκεῖνον,
2559 4449 2652 4501 τὸν
2690 4446 2788 4501 καὶ
2819 4448 3142 4519 πεπραχότα
3162 4486 3181 4511 ,
3212 4445 3307 4499 καὶ
3340 4446 3442 4515 τῆς
3488 4444 3587 4497 ἐπὶ
3626 4440 3698 4512 τῷ

2043 4513 2088 4570 Ῑ)
2118 4513 2463 4609 πεπραχέναι
2494 4513 2987 4609 καταφρονήσαντα
3011 4513 3198 4607 δόξης.

2592 4647 2772 4703 ΤΛΗ’.
2804 4678 2876 4688 -
2914 4649 3002 4719 To
3036 4646 3239 4716 ΑΥΤῼ.

1445 4738 1839 4809 Μεγαλοψυχία
1867 4748 1914 4794 et
1942 4739 2226 4811 φιλοτιμία
2249 4742 2375 4811 quid
2411 4741 2684 4809 diferant.

504 4844 622 4903 Non
651 4856 760 4912 est,
794 4857 853 4901 ut
895 4847 1065 4913 dicis,
1110 4847 1337 4901 ambitio
1381 4847 1713 4916 honorisque
1747 4847 2018 4916 appetitus

2196 4847 2311 4900 Οὐκ
2352 4845 2467 4900 ἔστι
2505 4846 2880 4917 μεγαλοψυχία
2920 4849 2954 4917 ἡ
2992 4844 3302 4915 φιλοτιμία,
3342 4844 3421 4906 ὡς
3461 4841 3618 4911 ἔφης·
3669 4841 3702 4908 ὴ

435 4938 853 5008 magnanimitas
868 4937 1135 5008 quasdam.
1166 4938 1291 4992 llzec
1313 4938 1457 4992 enim
1477 4938 1645 4992 ardua
1668 4936 1996 5006 diﬂiciliaqut

2128 4937 2228 5007 μὲν
2258 4937 2367 5008 γάρ
2398 4937 2579 4990 πάντα
2612 4938 2713 5007 μὲν
2740 4937 2809 4990 τὰ
2834 4937 3070 5008 δυσχερῆ
3107 4934 3370 5003 γενναίως
3388 4974 3405 4998 ,
3444 4933 3627 4985 πάντα
3652 4930 3706 4983 δὲ

438 5046 701 5104 generose
728 5070 745 5096 ,
817 5045 1044 5099 quaeque
1090 5030 1227 5085 alios
1274 5030 1462 5085 inﬂare
1513 5029 1692 5085 solent
1734 5029 1996 5083 moderari

2124 5026 2195 5080 τὰ
2234 5029 2363 5091 τοὺς
2399 5028 2593 5092 ἄλλους
2627 5029 2884 5096 φυσῶντα
2918 5028 3157 5099 μετρίως
3193 5026 3385 5094 φέρει·
3419 5025 3455 5095 ἡ
3486 5023 3545 5076 δὲ
3574 5021 3705 5093 πρὸς

438 5127 569 5181 fert.
611 5122 854 5178 Ambitio
879 5121 1111 5191 gloriam
1153 5122 1421 5177 duntaxat
1463 5122 1709 5197 respicit.
1741 5121 2022 5191 Magnani-

441 5214 605 5269 tnitas
632 5228 762 5269 vero
793 5212 896 5268 sibi
931 5211 1162 5279 sulﬁcit,
1191 5213 1407 5268 tametsi
1440 5212 1689 5267 laudetur
1720 5226 1749 5265 a
1786 5212 2023 5266 nemine.

444 5306 537 5360 Illa
567 5305 673 5360 nisi
704 5304 1014 5360 laudatores
1041 5306 1259 5372 haheat,
1286 5304 1361 5358 nil
1397 5305 1531 5359 recti
1553 5302 1707 5358 facit.
1730 5303 1855 5358 Hzec
1884 5318 2025 5368 esse,

2125 5118 2284 5184 δόξαν
2336 5120 2498 5190 μόνον
2540 5121 2665 5192 ὁρᾷ.
2721 5120 2832 5174 Καὶ
2887 5122 2921 5191 ἡ
2964 5120 3062 5189 μὲν
3106 5120 3359 5189 ἀρκεῖται
3404 5118 3578 5186 ἑαυτῇ
3616 5114 3708 5167 καὶ

2128 5210 2359 5280 μηδενὸς
2397 5211 2783 5276 ἐπαινοῦντος,
2819 5213 2853 5283 ἡ
2888 5211 2945 5264 δὲ
2984 5210 3081 5266 ἐὰν
3128 5212 3202 5281 μὴ
3236 5211 3339 5283 ἔχῃ
3369 5208 3500 5272 τοὺς
3534 5209 3707 5276 ἐγκω-

2129 5301 2454 5372 μιάζοντας.
2484 5302 2608 5357 οὐδὲ
2653 5305 2818 5358 καλόν
2866 5322 2916 5357 τι
2948 5304 3071 5375 δρᾷ.
3119 5303 3177 5357 'H
3217 5294 3315 5373 μὲν
3364 5296 3545 5363 εἷναι,
3586 5300 3619 5368 ὴ
3651 5296 3706 5349 δὲ

444 5396 535 5451 illa
566 5410 697 5452 vero
724 5397 898 5451 videri
930 5397 1134 5467 optima
1168 5397 1338 5467 cupit.
1368 5395 1785 5466 Magnanimitas
1828 5396 1996 5449 bonum

2119 5395 2305 5448 δοκεῖν
2336 5396 2533 5467 ἀρίστη
2570 5396 2840 5467 βούλεται·
2876 5399 2909 5469 ἡ
2962 5396 3061 5465 μὲν
3106 5395 3174 5449 δι’
3209 5394 3343 5448 αὐτὸ
3383 5393 3447 5446 τὸ
3480 5389 3701 5460 ἀγαθὸν,

446 5488 623 5559 ipsum
650 5491 877 5559 expetit,
900 5487 986 5544 illa
1016 5504 1147 5547 vero
1164 5487 1378 5545 laudem
1400 5498 1610 5544 tantum
1627 5485 2023 5558 complectitur.

2129 5487 2163 5556 ἡ
2189 5486 2246 5539 δὲ
2273 5486 2363 5541 διὰ
2390 5488 2557 5559 τιμὴν
2582 5490 2908 5555 ἀσπάζεται·
2942 5490 2975 5560 η
3004 5489 3102 5560 μὲν
3126 5487 3427 5559 εὐεργετεῖ,
3456 5484 3706 5555 μέγιστον

1548 5640 1783 5698 VARUE
1820 5640 2206 5701 LECTIONES
2242 5644 2330 5701 ET
2381 5640 2610 5699 NOTAE.

498 5782 501 5785 ἀ
529 5796 605 5869 (ὃ)
631 5798 759 5855 Cod.
786 5798 892 5854 Alt.
920 5798 1119 5853 ontittit
1155 5800 1250 5863 μή.
1277 5796 1467 5853 Possm
