  <div class='ocr_page' id='page_1' title='image "/cluster/home/n/w/nwhite01/storage/ocr_20150623/78/nnc1.0046980008/844.png"; bbox 0 0 3982 6420; ppageno 0'>
   <div class='ocr_carea' id='block_1_1' title="bbox 225 344 356 411">
    <p class='ocr_par' dir='ltr' id='par_1_1' title="bbox 225 344 356 411">
     <span class='ocr_line' id='line_1_1' title="bbox 225 344 356 411; baseline -0.015 -1"><span class='ocrx_word' id='word_1_1' title='bbox 225 344 356 411; x_wconf 81' lang='grc'><strong>1533</strong></span> 
     </span>
    </p>
   </div>
   <div class='ocr_carea' id='block_1_2' title="bbox 1053 348 2609 422">
    <p class='ocr_par' dir='ltr' id='par_1_2' title="bbox 1053 348 2609 422">
     <span class='ocr_line' id='line_1_2' title="bbox 1053 348 2609 422; baseline 0.009 -15"><span class='ocrx_word' id='word_1_2' title='bbox 1053 348 1590 410; x_wconf 73' lang='lat' dir='ltr'><strong>EPISTOLARUM</strong></span> <span class='ocrx_word' id='word_1_3' title='bbox 1630 350 1777 410; x_wconf 87' lang='lat' dir='ltr'><strong>LIB.</strong></span> <span class='ocrx_word' id='word_1_4' title='bbox 1818 353 1886 412; x_wconf 87' lang='lat' dir='ltr'><strong>V.</strong></span> <span class='ocrx_word' id='word_1_5' title='bbox 1910 378 1978 387; x_wconf 92' lang='lat'>—</span> <span class='ocrx_word' id='word_1_6' title='bbox 2017 353 2257 418; x_wconf 84' lang='lat' dir='ltr'><strong>EPIST.</strong></span> <span class='ocrx_word' id='word_1_7' title='bbox 2291 357 2609 422; x_wconf 85' lang='lat' dir='ltr'><strong>CCCXLII.</strong></span> 
     </span>
    </p>
   </div>
   <div class='ocr_carea' id='block_1_3' title="bbox 3347 343 3489 420">
    <p class='ocr_par' dir='ltr' id='par_1_3' title="bbox 3347 343 3489 420">
     <span class='ocr_line' id='line_1_3' title="bbox 3347 343 3489 420; baseline 0.028 -4"><span class='ocrx_word' id='word_1_8' title='bbox 3347 343 3489 420; x_wconf 61' lang='grc'><strong>1535</strong></span> 
     </span>
    </p>
   </div>
   <div class='ocr_carea' id='block_1_4' title="bbox 223 453 1871 536">
    <p class='ocr_par' dir='ltr' id='par_1_4' title="bbox 223 453 1871 536">
     <span class='ocr_line' id='line_1_4' title="bbox 223 453 1871 536; baseline 0.004 -26"><span class='ocrx_word' id='word_1_9' title='bbox 223 453 358 510; x_wconf 78' lang='grc' dir='ltr'>εἷναι</span> <span class='ocrx_word' id='word_1_10' title='bbox 389 453 588 526; x_wconf 80' lang='grc' dir='ltr'>χρῆμα</span> <span class='ocrx_word' id='word_1_11' title='bbox 617 453 715 526; x_wconf 76' lang='grc' dir='ltr'>τὴν</span> <span class='ocrx_word' id='word_1_12' title='bbox 744 455 996 512; x_wconf 76' lang='grc' dir='ltr'>εὐποιΐαν</span> <span class='ocrx_word' id='word_1_13' title='bbox 1026 460 1306 531; x_wconf 78' lang='grc' dir='ltr'><strong>ἡγουμένη</strong></span> <span class='ocrx_word' id='word_1_14' title='bbox 1333 478 1348 492; x_wconf 78' lang='grc' dir='ltr'><strong>ο</strong></span> <span class='ocrx_word' id='word_1_15' title='bbox 1382 463 1415 531; x_wconf 86' lang='grc' dir='ltr'><strong>ή</strong></span> <span class='ocrx_word' id='word_1_16' title='bbox 1441 463 1499 514; x_wconf 84' lang='grc' dir='ltr'>δὲ</span> <span class='ocrx_word' id='word_1_17' title='bbox 1528 463 1618 517; x_wconf 86' lang='grc' dir='ltr'><strong>διά</strong></span> <span class='ocrx_word' id='word_1_18' title='bbox 1645 463 1806 529; x_wconf 81' lang='grc' dir='ltr'>δόξαν</span> <span class='ocrx_word' id='word_1_19' title='bbox 1837 481 1871 536; x_wconf 71' lang='grc' dir='ltr'><strong><em>Α</em></strong></span> 
     </span>
    </p>
   </div>
   <div class='ocr_carea' id='block_1_5' title="bbox 1912 453 3488 536">
    <p class='ocr_par' dir='ltr' id='par_1_5' title="bbox 1912 464 3488 536">
     <span class='ocr_line' id='line_1_5' title="bbox 1912 464 3488 536; baseline 0.003 -18"><span class='ocrx_word' id='word_1_20' title='bbox 1912 464 2037 522; x_wconf 71' lang='lat' dir='ltr'><strong>Harc</strong></span> <span class='ocrx_word' id='word_1_21' title='bbox 2067 469 2204 524; x_wconf 85' lang='lat' dir='ltr'><strong>bene</strong></span> <span class='ocrx_word' id='word_1_22' title='bbox 2238 482 2496 536; x_wconf 88' lang='lat' dir='ltr'><strong>meretur,</strong></span> <span class='ocrx_word' id='word_1_23' title='bbox 2518 469 2814 526; x_wconf 85' lang='lat' dir='ltr'><strong>maximum</strong></span> <span class='ocrx_word' id='word_1_24' title='bbox 2858 482 2981 525; x_wconf 89' lang='lat' dir='ltr'><strong>esse</strong></span> <span class='ocrx_word' id='word_1_25' title='bbox 3037 466 3238 522; x_wconf 88' lang='lat' dir='ltr'><strong>bonum</strong></span> <span class='ocrx_word' id='word_1_26' title='bbox 3281 465 3488 522; x_wconf 84' lang='lat' dir='ltr'><strong>benen-</strong></span> 
     </span>
    </p>
   </div>
   <div class='ocr_carea' id='block_1_6' title="bbox 220 542 1803 620">
    <p class='ocr_par' dir='ltr' id='par_1_6' title="bbox 220 542 1803 620">
     <span class='ocr_line' id='line_1_6' title="bbox 220 542 1803 620; baseline 0.005 -21"><span class='ocrx_word' id='word_1_27' title='bbox 220 546 374 599; x_wconf 84' lang='grc' dir='ltr'>ὲλεεῖ.</span> <span class='ocrx_word' id='word_1_28' title='bbox 405 545 554 597; x_wconf 83' lang='grc' dir='ltr'>Ὅσα</span> <span class='ocrx_word' id='word_1_29' title='bbox 589 542 683 600; x_wconf 82' lang='grc' dir='ltr'><strong>οὖν</strong></span> <span class='ocrx_word' id='word_1_30' title='bbox 713 547 980 620; x_wconf 76' lang='grc' dir='ltr'><strong>κρείττων</strong></span> <span class='ocrx_word' id='word_1_31' title='bbox 1004 550 1033 602; x_wconf 81' lang='grc' dir='ltr'>ὁ</span> <span class='ocrx_word' id='word_1_32' title='bbox 1060 550 1221 613; x_wconf 82' lang='grc' dir='ltr'>αὐτὸς</span> <span class='ocrx_word' id='word_1_33' title='bbox 1253 551 1315 604; x_wconf 85' lang='grc' dir='ltr'><strong>τὸ</strong></span> <span class='ocrx_word' id='word_1_34' title='bbox 1339 552 1542 620; x_wconf 86' lang='grc' dir='ltr'>ἀγαθὸν</span> <span class='ocrx_word' id='word_1_35' title='bbox 1571 553 1642 606; x_wconf 84' lang='grc' dir='ltr'>δι’</span> <span class='ocrx_word' id='word_1_36' title='bbox 1671 553 1803 606; x_wconf 79' lang='grc' dir='ltr'>αὐτὸ</span> 
     </span>
    </p>
   </div>
   <div class='ocr_carea' id='block_1_7' title="bbox 219 635 1802 713">
    <p class='ocr_par' dir='ltr' id='par_1_7' title="bbox 219 635 1802 713">
     <span class='ocr_line' id='line_1_7' title="bbox 219 635 1802 713; baseline 0.005 -23"><span class='ocrx_word' id='word_1_37' title='bbox 219 637 354 707; x_wconf 88' lang='grc' dir='ltr'>δρῶν</span> <span class='ocrx_word' id='word_1_38' title='bbox 382 635 482 689; x_wconf 88' lang='grc' dir='ltr'><strong>τοῦ</strong></span> <span class='ocrx_word' id='word_1_39' title='bbox 514 637 753 706; x_wconf 83' lang='grc' dir='ltr'>δρῶντος</span> <span class='ocrx_word' id='word_1_40' title='bbox 786 639 908 710; x_wconf 83' lang='grc' dir='ltr'>μὲν,</span> <span class='ocrx_word' id='word_1_41' title='bbox 949 640 1042 693; x_wconf 78' lang='grc' dir='ltr'><strong>ἐπὶ</strong></span> <span class='ocrx_word' id='word_1_42' title='bbox 1088 641 1269 713; x_wconf 81' lang='grc' dir='ltr'>μισθῷ</span> <span class='ocrx_word' id='word_1_43' title='bbox 1305 643 1362 696; x_wconf 87' lang='grc' dir='ltr'><strong>δὲ</strong></span> <span class='ocrx_word' id='word_1_44' title='bbox 1391 643 1552 697; x_wconf 90' lang='grc' dir='ltr'>τοῦτο</span> <span class='ocrx_word' id='word_1_45' title='bbox 1584 644 1802 698; x_wconf 82' lang='grc' dir='ltr'>ποιοῦν-</span> 
     </span>
    </p>
   </div>
   <div class='ocr_carea' id='block_1_8' title="bbox 1910 557 3488 619">
    <p class='ocr_par' dir='ltr' id='par_1_8' title="bbox 1910 557 3488 619">
     <span class='ocr_line' id='line_1_8' title="bbox 1910 557 3488 619; baseline -0.002 -4"><span class='ocrx_word' id='word_1_46' title='bbox 1910 562 2144 616; x_wconf 89' lang='lat' dir='ltr'><strong>centiam</strong></span> <span class='ocrx_word' id='word_1_47' title='bbox 2168 572 2304 618; x_wconf 89' lang='lat' dir='ltr'><strong>rata.</strong></span> <span class='ocrx_word' id='word_1_48' title='bbox 2331 564 2565 619; x_wconf 70' lang='lat' dir='ltr'><strong>Ambitio</strong></span> <span class='ocrx_word' id='word_1_49' title='bbox 2583 563 2758 618; x_wconf 82' lang='lat' dir='ltr'><strong>laudis</strong></span> <span class='ocrx_word' id='word_1_50' title='bbox 2777 571 2984 618; x_wconf 84' lang='lat' dir='ltr'><strong>tantum</strong></span> <span class='ocrx_word' id='word_1_51' title='bbox 3001 574 3164 617; x_wconf 89' lang='lat' dir='ltr'><strong>causa</strong></span> <span class='ocrx_word' id='word_1_52' title='bbox 3181 557 3488 613; x_wconf 83' lang='lat' dir='ltr'><strong>miseretur.</strong></span> 
     </span>
    </p>
   </div>
   <div class='ocr_carea' id='block_1_9' title="bbox 1912 652 3489 726">
    <p class='ocr_par' dir='ltr' id='par_1_9' title="bbox 1912 652 3489 726">
     <span class='ocr_line' id='line_1_9' title="bbox 1912 652 3489 726; baseline -0.001 -20"><span class='ocrx_word' id='word_1_53' title='bbox 1912 652 2126 718; x_wconf 88' lang='lat' dir='ltr'><strong>Quanto</strong></span> <span class='ocrx_word' id='word_1_54' title='bbox 2173 654 2340 726; x_wconf 90' lang='lat' dir='ltr'><strong>igitur</strong></span> <span class='ocrx_word' id='word_1_55' title='bbox 2372 665 2596 726; x_wconf 63' lang='lat' dir='ltr'><strong>praestat</strong></span> <span class='ocrx_word' id='word_1_56' title='bbox 2633 656 2834 711; x_wconf 90' lang='lat' dir='ltr'><strong>bonum</strong></span> <span class='ocrx_word' id='word_1_57' title='bbox 2865 668 2965 724; x_wconf 87' lang='lat' dir='ltr'><strong>per</strong></span> <span class='ocrx_word' id='word_1_58' title='bbox 3018 667 3078 708; x_wconf 89' lang='lat' dir='ltr'><strong>se</strong></span> <span class='ocrx_word' id='word_1_59' title='bbox 3104 664 3293 720; x_wconf 82' lang='lat' dir='ltr'><strong>agens,</strong></span> <span class='ocrx_word' id='word_1_60' title='bbox 3326 665 3489 719; x_wconf 90' lang='lat' dir='ltr'><strong>quam</strong></span> 
     </span>
    </p>
   </div>
   <div class='ocr_carea' id='block_1_10' title="bbox 221 725 1871 815">
    <p class='ocr_par' dir='ltr' id='par_1_10' title="bbox 221 725 1810 801">
     <span class='ocr_line' id='line_1_10' title="bbox 221 725 1810 801; baseline 0.004 -23"><span class='ocrx_word' id='word_1_61' title='bbox 221 743 310 790; x_wconf 83' lang='grc' dir='ltr'><strong>τος</strong></span> <span class='ocrx_word' id='word_1_62' title='bbox 336 765 351 790; x_wconf 93' lang='grc'><strong>,</strong></span> <span class='ocrx_word' id='word_1_63' title='bbox 380 725 642 780; x_wconf 88' lang='grc' dir='ltr'>τοσοῦτον</span> <span class='ocrx_word' id='word_1_64' title='bbox 676 727 772 780; x_wconf 75' lang='grc' dir='ltr'><strong>καὶ</strong></span> <span class='ocrx_word' id='word_1_65' title='bbox 801 729 835 798; x_wconf 85' lang='grc' dir='ltr'>ἡ</span> <span class='ocrx_word' id='word_1_66' title='bbox 865 729 1239 799; x_wconf 80' lang='grc' dir='ltr'><strong>μεγαλοψυχία</strong></span> <span class='ocrx_word' id='word_1_67' title='bbox 1261 729 1362 799; x_wconf 80' lang='grc' dir='ltr'>τῆς</span> <span class='ocrx_word' id='word_1_68' title='bbox 1392 730 1726 801; x_wconf 79' lang='grc' dir='ltr'><strong>φιλοτιμίας,</strong></span> <span class='ocrx_word' id='word_1_69' title='bbox 1758 730 1810 784; x_wconf 75' lang='lat' dir='ltr'><strong>el</strong></span> 
     </span>
    </p>
   </div>
   <div class='ocr_carea' id='block_1_11' title="bbox 1912 725 3489 815">
    <p class='ocr_par' dir='ltr' id='par_1_11' title="bbox 1912 725 3489 815">
     <span class='ocr_line' id='line_1_11' title="bbox 1912 725 3489 815; baseline -0.003 -17"><span class='ocrx_word' id='word_1_70' title='bbox 1912 760 2075 814; x_wconf 89' lang='lat' dir='ltr'><strong>agens</strong></span> <span class='ocrx_word' id='word_1_71' title='bbox 2122 725 2507 814; x_wconf 31' lang='lat' dir='ltr'><strong>quidempsed</strong></span> <span class='ocrx_word' id='word_1_72' title='bbox 2566 746 2837 801; x_wconf 86' lang='lat' dir='ltr'><strong>mercedis</strong></span> <span class='ocrx_word' id='word_1_73' title='bbox 2885 744 3058 815; x_wconf 90' lang='lat' dir='ltr'><strong>gratia</strong></span> <span class='ocrx_word' id='word_1_74' title='bbox 3099 751 3330 796; x_wconf 86' lang='lat' dir='ltr'><strong>tantum.</strong></span> <span class='ocrx_word' id='word_1_75' title='bbox 3372 739 3489 794; x_wconf 84' lang='lat' dir='ltr'><strong>Ma-</strong></span> 
     </span>
    </p>
   </div>
   <div class='ocr_carea' id='block_1_12' title="bbox 223 817 1311 892">
    <p class='ocr_par' dir='ltr' id='par_1_12' title="bbox 223 817 1311 892">
     <span class='ocr_line' id='line_1_12' title="bbox 223 817 1311 892; baseline 0.006 -22"><span class='ocrx_word' id='word_1_76' title='bbox 223 817 312 871; x_wconf 79' lang='grc' dir='ltr'>καὶ</span> <span class='ocrx_word' id='word_1_77' title='bbox 337 817 487 871; x_wconf 80' lang='grc' dir='ltr'>δοκεῖ</span> <span class='ocrx_word' id='word_1_78' title='bbox 524 818 596 872; x_wconf 83' lang='grc' dir='ltr'>τὰ</span> <span class='ocrx_word' id='word_1_79' title='bbox 625 819 768 872; x_wconf 85' lang='grc' dir='ltr'><strong>αὐτά</strong></span> <span class='ocrx_word' id='word_1_80' title='bbox 793 819 950 892; x_wconf 83' lang='grc' dir='ltr'>δρᾷν,</span> <span class='ocrx_word' id='word_1_81' title='bbox 982 820 1311 892; x_wconf 83' lang='grc' dir='ltr'><strong>διενήνοχεν.</strong></span> 
     </span>
    </p>
   </div>
   <div class='ocr_carea' id='block_1_13' title="bbox 533 1038 1491 1111">
    <p class='ocr_par' dir='ltr' id='par_1_13' title="bbox 533 1038 1491 1111">
     <span class='ocr_line' id='line_1_13' title="bbox 533 1038 1491 1111; baseline 0.001 -17"><span class='ocrx_word' id='word_1_82' title='bbox 533 1038 706 1096; x_wconf 85' lang='grc' dir='ltr'><strong>ΤΛΘ’.</strong></span> <span class='ocrx_word' id='word_1_83' title='bbox 732 1071 801 1082; x_wconf 92' lang='grc'><strong>-</strong></span> <span class='ocrx_word' id='word_1_84' title='bbox 825 1039 1098 1110; x_wconf 79' lang='grc' dir='ltr'><strong>ΣΕΡΗΝῼ</strong></span> <span class='ocrx_word' id='word_1_85' title='bbox 1124 1040 1491 1111; x_wconf 78' lang='grc' dir='ltr'><strong>ΤΡΙΒΟΥΝῼ.</strong></span> 
     </span>
    </p>
   </div>
   <div class='ocr_carea' id='block_1_14' title="bbox 1906 833 3490 909">
    <p class='ocr_par' dir='ltr' id='par_1_14' title="bbox 1906 833 3490 909">
     <span class='ocr_line' id='line_1_14' title="bbox 1906 833 3490 909; baseline -0.003 -18"><span class='ocrx_word' id='word_1_86' title='bbox 1906 839 2235 908; x_wconf 89' lang='lat' dir='ltr'><strong>gnanimitas</strong></span> <span class='ocrx_word' id='word_1_87' title='bbox 2297 839 2479 909; x_wconf 73' lang='lat' dir='ltr'><strong>gloria:</strong></span> <span class='ocrx_word' id='word_1_88' title='bbox 2529 838 2709 894; x_wconf 88' lang='lat' dir='ltr'><strong>studio</strong></span> <span class='ocrx_word' id='word_1_89' title='bbox 2779 835 2995 893; x_wconf 85' lang='lat' dir='ltr'><strong>tametsi</strong></span> <span class='ocrx_word' id='word_1_90' title='bbox 3067 833 3252 892; x_wconf 78' lang='lat' dir='ltr'><strong>facere</strong></span> <span class='ocrx_word' id='word_1_91' title='bbox 3300 833 3490 890; x_wconf 87' lang='lat' dir='ltr'><strong>eadem</strong></span> 
     </span>
    </p>
   </div>
   <div class='ocr_carea' id='block_1_15' title="bbox 1909 929 2699 999">
    <p class='ocr_par' dir='ltr' id='par_1_15' title="bbox 1909 929 2699 999">
     <span class='ocr_line' id='line_1_15' title="bbox 1909 929 2699 999; baseline -0.001 -16"><span class='ocrx_word' id='word_1_92' title='bbox 1909 930 2180 996; x_wconf 88' lang='lat' dir='ltr'><strong>videatur,</strong></span> <span class='ocrx_word' id='word_1_93' title='bbox 2213 929 2369 999; x_wconf 83' lang='lat' dir='ltr'><strong>longe</strong></span> <span class='ocrx_word' id='word_1_94' title='bbox 2397 929 2699 985; x_wconf 83' lang='lat' dir='ltr'><strong>antecellit.</strong></span> 
     </span>
    </p>
   </div>
   <div class='ocr_carea' id='block_1_16' title="bbox 2120 1035 3274 1116">
    <p class='ocr_par' dir='ltr' id='par_1_16' title="bbox 2120 1035 3274 1116">
     <span class='ocr_line' id='line_1_16' title="bbox 2120 1035 3274 1116; baseline -0.003 -22"><span class='ocrx_word' id='word_1_95' title='bbox 2120 1035 2501 1116; x_wconf 78' lang='lat' dir='ltr'><strong>CCCXXXlX.</strong></span> <span class='ocrx_word' id='word_1_96' title='bbox 2533 1070 2604 1078; x_wconf 91' lang='lat'><strong>—</strong></span> <span class='ocrx_word' id='word_1_97' title='bbox 2629 1036 2902 1095; x_wconf 81' lang='lat' dir='ltr'><strong>SERENO</strong></span> <span class='ocrx_word' id='word_1_98' title='bbox 2946 1035 3274 1092; x_wconf 81' lang='lat' dir='ltr'><strong>TRIBUNO.</strong></span> 
     </span>
    </p>
   </div>
   <div class='ocr_carea' id='block_1_17' title="bbox 1070 1134 2644 1204">
    <p class='ocr_par' dir='ltr' id='par_1_17' title="bbox 1070 1134 2644 1204">
     <span class='ocr_line' id='line_1_17' title="bbox 1070 1134 2644 1204; baseline 0.001 -15"><span class='ocrx_word' id='word_1_99' title='bbox 1070 1135 1377 1190; x_wconf 79' lang='lat' dir='ltr'><strong>Humilitati</strong></span> <span class='ocrx_word' id='word_1_100' title='bbox 1410 1139 1588 1190; x_wconf 70' lang='lat' dir='ltr'><strong>danda</strong></span> <span class='ocrx_word' id='word_1_101' title='bbox 1613 1148 1689 1192; x_wconf 78' lang='lat' dir='ltr'><strong>est</strong></span> <span class='ocrx_word' id='word_1_102' title='bbox 1714 1152 1904 1193; x_wconf 82' lang='lat' dir='ltr'><strong>onera.</strong></span> <span class='ocrx_word' id='word_1_103' title='bbox 1931 1137 2110 1200; x_wconf 70' lang='lat' dir='ltr'><strong>(Cant.</strong></span> <span class='ocrx_word' id='word_1_104' title='bbox 2153 1138 2308 1204; x_wconf 74' lang='lat' dir='ltr'><strong>epist.</strong></span> <span class='ocrx_word' id='word_1_105' title='bbox 2339 1136 2466 1201; x_wconf 73' lang='grc'>127,</span> <span class='ocrx_word' id='word_1_106' title='bbox 2493 1134 2644 1191; x_wconf 69' lang='grc'>251.)</span> 
     </span>
    </p>
   </div>
   <div class='ocr_carea' id='block_1_18' title="bbox 285 1244 1806 1318">
    <p class='ocr_par' dir='ltr' id='par_1_18' title="bbox 285 1244 1806 1318">
     <span class='ocr_line' id='line_1_18' title="bbox 285 1244 1806 1318; baseline 0.002 -20"><span class='ocrx_word' id='word_1_107' title='bbox 285 1245 349 1298; x_wconf 85' lang='lat' dir='ltr'><strong>El</strong></span> <span class='ocrx_word' id='word_1_108' title='bbox 388 1244 573 1300; x_wconf 88' lang='grc' dir='ltr'>πάντα</span> <span class='ocrx_word' id='word_1_109' title='bbox 624 1244 693 1298; x_wconf 78' lang='grc' dir='ltr'><strong>τά</strong></span> <span class='ocrx_word' id='word_1_110' title='bbox 735 1244 978 1316; x_wconf 83' lang='grc' dir='ltr'>ὀνόματα</span> <span class='ocrx_word' id='word_1_111' title='bbox 1020 1246 1090 1299; x_wconf 85' lang='grc' dir='ltr'><strong>τά</strong></span> <span class='ocrx_word' id='word_1_112' title='bbox 1131 1247 1196 1316; x_wconf 84' lang='grc' dir='ltr'>τῇ</span> <span class='ocrx_word' id='word_1_113' title='bbox 1243 1246 1366 1318; x_wconf 77' lang='grc' dir='ltr'>θειᾳ</span> <span class='ocrx_word' id='word_1_114' title='bbox 1416 1248 1513 1300; x_wconf 78' lang='grc' dir='ltr'>καὶ</span> <span class='ocrx_word' id='word_1_115' title='bbox 1536 1249 1806 1318; x_wconf 82' lang='grc' dir='ltr'>ἀκηράτῳ</span> 
     </span>
    </p>
   </div>
   <div class='ocr_carea' id='block_1_19' title="bbox 221 1335 1807 1410">
    <p class='ocr_par' dir='ltr' id='par_1_19' title="bbox 221 1335 1807 1410">
     <span class='ocr_line' id='line_1_19' title="bbox 221 1335 1807 1410; baseline 0.001 -20"><span class='ocrx_word' id='word_1_116' title='bbox 221 1337 637 1407; x_wconf 82' lang='grc' dir='ltr'>περιαπτόμενα</span> <span class='ocrx_word' id='word_1_117' title='bbox 671 1335 866 1406; x_wconf 81' lang='grc' dir='ltr'>φύσει,</span> <span class='ocrx_word' id='word_1_118' title='bbox 905 1336 1225 1408; x_wconf 76' lang='grc' dir='ltr'>ὑπερϐαίνει</span> <span class='ocrx_word' id='word_1_119' title='bbox 1270 1340 1337 1392; x_wconf 85' lang='grc' dir='ltr'>τὰ</span> <span class='ocrx_word' id='word_1_120' title='bbox 1369 1338 1545 1410; x_wconf 84' lang='grc' dir='ltr'>μέτρα</span> <span class='ocrx_word' id='word_1_121' title='bbox 1578 1339 1682 1409; x_wconf 82' lang='grc' dir='ltr'><strong>τῆς</strong></span> <span class='ocrx_word' id='word_1_122' title='bbox 1711 1340 1807 1392; x_wconf 87' lang='grc' dir='ltr'>ἀν-</span> 
     </span>
    </p>
   </div>
   <div class='ocr_carea' id='block_1_20' title="bbox 221 1427 1806 1504">
    <p class='ocr_par' dir='ltr' id='par_1_20' title="bbox 221 1427 1806 1504">
     <span class='ocr_line' id='line_1_20' title="bbox 221 1427 1806 1504; baseline 0.004 -23"><span class='ocrx_word' id='word_1_123' title='bbox 221 1429 572 1499; x_wconf 84' lang='grc' dir='ltr'>θρωπότητος</span> <span class='ocrx_word' id='word_1_124' title='bbox 593 1468 608 1493; x_wconf 93' lang='grc'><strong>,</strong></span> <span class='ocrx_word' id='word_1_125' title='bbox 638 1430 697 1482; x_wconf 83' lang='grc' dir='ltr'>ὲν</span> <span class='ocrx_word' id='word_1_126' title='bbox 728 1427 807 1498; x_wconf 83' lang='grc' dir='ltr'>τῷ</span> <span class='ocrx_word' id='word_1_127' title='bbox 841 1427 984 1481; x_wconf 78' lang='grc' dir='ltr'>κατὰ</span> <span class='ocrx_word' id='word_1_128' title='bbox 1014 1427 1176 1497; x_wconf 84' lang='grc' dir='ltr'>φύσιν</span> <span class='ocrx_word' id='word_1_129' title='bbox 1208 1432 1340 1501; x_wconf 80' lang='grc' dir='ltr'>ἡμῖν</span> <span class='ocrx_word' id='word_1_130' title='bbox 1378 1433 1473 1485; x_wconf 78' lang='grc' dir='ltr'><strong>καὶ</strong></span> <span class='ocrx_word' id='word_1_131' title='bbox 1500 1433 1713 1504; x_wconf 87' lang='grc' dir='ltr'>δυνατῷ</span> <span class='ocrx_word' id='word_1_132' title='bbox 1743 1434 1806 1487; x_wconf 85' lang='grc' dir='ltr'><strong>τὸ</strong></span> 
     </span>
    </p>
   </div>
   <div class='ocr_carea' id='block_1_21' title="bbox 223 1519 1802 1593">
    <p class='ocr_par' dir='ltr' id='par_1_21' title="bbox 223 1519 1802 1593">
     <span class='ocr_line' id='line_1_21' title="bbox 223 1519 1802 1593; baseline 0.003 -21"><span class='ocrx_word' id='word_1_133' title='bbox 223 1520 374 1573; x_wconf 85' lang='grc' dir='ltr'>Θείον</span> <span class='ocrx_word' id='word_1_134' title='bbox 410 1519 1192 1593; x_wconf 85' lang='grc' dir='ltr'>μιμεῖσθαιπρεπωδέστατον.</span> <span class='ocrx_word' id='word_1_135' title='bbox 1227 1522 1294 1575; x_wconf 90' lang='grc' dir='ltr'>Τί</span> <span class='ocrx_word' id='word_1_136' title='bbox 1333 1523 1390 1576; x_wconf 87' lang='grc' dir='ltr'>δὲ</span> <span class='ocrx_word' id='word_1_137' title='bbox 1419 1522 1578 1576; x_wconf 83' lang='grc' dir='ltr'>τοῦτό</span> <span class='ocrx_word' id='word_1_138' title='bbox 1616 1526 1802 1593; x_wconf 83' lang='grc' dir='ltr'>ἐστιν;</span> 
     </span>
    </p>
   </div>
   <div class='ocr_carea' id='block_1_22' title="bbox 233 1609 1805 1684">
    <p class='ocr_par' dir='ltr' id='par_1_22' title="bbox 233 1609 1805 1684">
     <span class='ocr_line' id='line_1_22' title="bbox 233 1609 1805 1684; baseline 0.005 -22"><span class='ocrx_word' id='word_1_139' title='bbox 233 1611 294 1663; x_wconf 85' lang='grc' dir='ltr'>Ἡ</span> <span class='ocrx_word' id='word_1_140' title='bbox 336 1609 832 1682; x_wconf 85' lang='grc' dir='ltr'>ταπεινοφροσύνη.</span> <span class='ocrx_word' id='word_1_141' title='bbox 877 1611 942 1663; x_wconf 88' lang='grc' dir='ltr'>Τί</span> <span class='ocrx_word' id='word_1_142' title='bbox 975 1612 1084 1684; x_wconf 86' lang='grc' dir='ltr'><strong>γάρ</strong></span> <span class='ocrx_word' id='word_1_143' title='bbox 1120 1612 1320 1684; x_wconf 84' lang='grc' dir='ltr'>ἔχομεν</span> <span class='ocrx_word' id='word_1_144' title='bbox 1361 1614 1604 1680; x_wconf 88' lang='grc' dir='ltr'>τοιοῦτο,</span> <span class='ocrx_word' id='word_1_145' title='bbox 1641 1616 1670 1668; x_wconf 82' lang='grc' dir='ltr'><strong>ὃ</strong></span> <span class='ocrx_word' id='word_1_146' title='bbox 1709 1617 1805 1670; x_wconf 72' lang='grc' dir='ltr'>καὶ</span> 
     </span>
    </p>
   </div>
   <div class='ocr_carea' id='block_1_23' title="bbox 223 1700 1803 1776">
    <p class='ocr_par' dir='ltr' id='par_1_23' title="bbox 223 1700 1803 1776">
     <span class='ocr_line' id='line_1_23' title="bbox 223 1700 1803 1776; baseline 0.006 -24"><span class='ocrx_word' id='word_1_147' title='bbox 223 1701 416 1770; x_wconf 82' lang='grc' dir='ltr'>ὲπᾶραι</span> <span class='ocrx_word' id='word_1_148' title='bbox 447 1701 600 1770; x_wconf 78' lang='grc' dir='ltr'>ἡμᾶς</span> <span class='ocrx_word' id='word_1_149' title='bbox 640 1700 721 1763; x_wconf 86' lang='grc' dir='ltr'><strong>είς</strong></span> <span class='ocrx_word' id='word_1_150' title='bbox 757 1700 1075 1764; x_wconf 79' lang='grc' dir='ltr'>ἀλαζονείαν</span> <span class='ocrx_word' id='word_1_151' title='bbox 1120 1703 1295 1758; x_wconf 81' lang='grc' dir='ltr'>δεινὸν</span> <span class='ocrx_word' id='word_1_152' title='bbox 1345 1704 1611 1776; x_wconf 85' lang='grc' dir='ltr'>ὐπάρχει;</span> <span class='ocrx_word' id='word_1_153' title='bbox 1658 1707 1803 1761; x_wconf 86' lang='grc' dir='ltr'><strong>κατά</strong></span> 
     </span>
    </p>
   </div>
   <div class='ocr_carea' id='block_1_24' title="bbox 226 1765 1875 1863">
    <p class='ocr_par' dir='ltr' id='par_1_24' title="bbox 226 1765 1875 1863">
     <span class='ocr_line' id='line_1_24' title="bbox 226 1765 1875 1863; baseline 0.005 -22"><span class='ocrx_word' id='word_1_154' title='bbox 226 1765 432 1859; x_wconf 29' lang='grc' dir='ltr'>μὲνντδν</span> <span class='ocrx_word' id='word_1_155' title='bbox 465 1765 839 1862; x_wconf 68' lang='grc' dir='ltr'>πατριάρχην,</span> <span class='ocrx_word' id='word_1_156' title='bbox 883 1809 903 1842; x_wconf 78' lang='grc' dir='ltr'><strong>ι</strong></span> <span class='ocrx_word' id='word_1_157' title='bbox 930 1793 1005 1862; x_wconf 86' lang='grc' dir='ltr'><strong>Γῆ</strong></span> <span class='ocrx_word' id='word_1_158' title='bbox 1038 1792 1207 1863; x_wconf 76' lang='grc' dir='ltr'>ἐσμεν</span> <span class='ocrx_word' id='word_1_159' title='bbox 1233 1794 1326 1847; x_wconf 82' lang='grc' dir='ltr'><strong>καὶ</strong></span> <span class='ocrx_word' id='word_1_160' title='bbox 1353 1765 1626 1858; x_wconf 35' lang='grc' dir='ltr'>σποδιάς.»</span> <span class='ocrx_word' id='word_1_161' title='bbox 1660 1795 1804 1850; x_wconf 84' lang='grc' dir='ltr'>κατὰ</span> <span class='ocrx_word' id='word_1_162' title='bbox 1835 1765 1875 1821; x_wconf 76' lang='grc' dir='ltr'><strong>Β</strong></span> 
     </span>
    </p>
   </div>
   <div class='ocr_carea' id='block_1_25' title="bbox 225 1880 1802 1957">
    <p class='ocr_par' dir='ltr' id='par_1_25' title="bbox 225 1880 1802 1957">
     <span class='ocr_line' id='line_1_25' title="bbox 225 1880 1802 1957; baseline 0.004 -23"><span class='ocrx_word' id='word_1_163' title='bbox 225 1880 276 1934; x_wconf 81' lang='grc' dir='ltr'>δὲ</span> <span class='ocrx_word' id='word_1_164' title='bbox 297 1880 393 1952; x_wconf 79' lang='grc' dir='ltr'>τὴν</span> <span class='ocrx_word' id='word_1_165' title='bbox 416 1880 742 1952; x_wconf 76' lang='grc' dir='ltr'>νομοθέτην,</span> <span class='ocrx_word' id='word_1_166' title='bbox 774 1882 944 1952; x_wconf 76' lang='grc' dir='ltr'><strong>χοῦςο</strong></span> <span class='ocrx_word' id='word_1_167' title='bbox 977 1884 1072 1937; x_wconf 79' lang='grc' dir='ltr'>καὶ</span> <span class='ocrx_word' id='word_1_168' title='bbox 1100 1884 1244 1938; x_wconf 86' lang='grc' dir='ltr'><strong>κατά</strong></span> <span class='ocrx_word' id='word_1_169' title='bbox 1277 1885 1378 1956; x_wconf 88' lang='grc' dir='ltr'>μὲν</span> <span class='ocrx_word' id='word_1_170' title='bbox 1403 1885 1497 1940; x_wconf 84' lang='grc' dir='ltr'><strong>τὸν</strong></span> <span class='ocrx_word' id='word_1_171' title='bbox 1521 1886 1802 1957; x_wconf 84' lang='grc' dir='ltr'>Μελῳδὸν,</span> 
     </span>
    </p>
   </div>
   <div class='ocr_carea' id='block_1_26' title="bbox 224 1974 1804 2047">
    <p class='ocr_par' dir='ltr' id='par_1_26' title="bbox 224 1974 1804 2047">
     <span class='ocr_line' id='line_1_26' title="bbox 224 1974 1804 2047; baseline 0.003 -21"><span class='ocrx_word' id='word_1_172' title='bbox 224 1974 346 2026; x_wconf 85' lang='grc' dir='ltr'>ποτὲ</span> <span class='ocrx_word' id='word_1_173' title='bbox 394 1974 496 2045; x_wconf 84' lang='grc' dir='ltr'><strong>μὲν</strong></span> <span class='ocrx_word' id='word_1_174' title='bbox 546 1975 838 2043; x_wconf 81' lang='grc' dir='ltr'>σκώληξ,</span> <span class='ocrx_word' id='word_1_175' title='bbox 889 1976 1022 2029; x_wconf 85' lang='grc' dir='ltr'>ποτὲ</span> <span class='ocrx_word' id='word_1_176' title='bbox 1071 1977 1128 2031; x_wconf 81' lang='grc' dir='ltr'>δὲ</span> <span class='ocrx_word' id='word_1_177' title='bbox 1170 1980 1406 2047; x_wconf 82' lang='grc' dir='ltr'>χόρτος’</span> <span class='ocrx_word' id='word_1_178' title='bbox 1457 1979 1600 2033; x_wconf 89' lang='grc' dir='ltr'><strong>κατά</strong></span> <span class='ocrx_word' id='word_1_179' title='bbox 1651 1979 1709 2032; x_wconf 85' lang='grc' dir='ltr'>δὲ</span> <span class='ocrx_word' id='word_1_180' title='bbox 1742 1979 1804 2032; x_wconf 82' lang='grc' dir='ltr'><strong>τὸ</strong></span> 
     </span>
    </p>
   </div>
   <div class='ocr_carea' id='block_1_27' title="bbox 225 2064 1802 2143">
    <p class='ocr_par' dir='ltr' id='par_1_27' title="bbox 225 2064 1802 2143">
     <span class='ocr_line' id='line_1_27' title="bbox 225 2064 1802 2143; baseline 0.004 -25"><span class='ocrx_word' id='word_1_181' title='bbox 225 2064 405 2129; x_wconf 87' lang='grc' dir='ltr'>σκεῦος</span> <span class='ocrx_word' id='word_1_182' title='bbox 443 2067 546 2137; x_wconf 82' lang='grc' dir='ltr'><strong>τῆς</strong></span> <span class='ocrx_word' id='word_1_183' title='bbox 594 2067 855 2138; x_wconf 75' lang='grc' dir='ltr'><strong>ἐκλογῆς,</strong></span> <span class='ocrx_word' id='word_1_184' title='bbox 895 2070 1294 2139; x_wconf 71' lang='grc' dir='ltr'>ταλαιπωρία·</span> <span class='ocrx_word' id='word_1_185' title='bbox 1330 2066 1413 2135; x_wconf 83' lang='grc' dir='ltr'>οἷς</span> <span class='ocrx_word' id='word_1_186' title='bbox 1454 2071 1566 2143; x_wconf 85' lang='grc' dir='ltr'>γὰρ</span> <span class='ocrx_word' id='word_1_187' title='bbox 1605 2072 1802 2125; x_wconf 78' lang='grc' dir='ltr'>ἑαυτὸν</span> 
     </span>
    </p>
   </div>
   <div class='ocr_carea' id='block_1_28' title="bbox 223 2155 1804 2234">
    <p class='ocr_par' dir='ltr' id='par_1_28' title="bbox 223 2155 1804 2234">
     <span class='ocr_line' id='line_1_28' title="bbox 223 2155 1804 2234; baseline 0.005 -26"><span class='ocrx_word' id='word_1_188' title='bbox 223 2155 535 2226; x_wconf 73' lang='grc' dir='ltr'>οἰκτίζεται,</span> <span class='ocrx_word' id='word_1_189' title='bbox 562 2159 746 2229; x_wconf 85' lang='grc' dir='ltr'><strong>πάσης</strong></span> <span class='ocrx_word' id='word_1_190' title='bbox 770 2160 868 2231; x_wconf 86' lang='grc' dir='ltr'>τῆς</span> <span class='ocrx_word' id='word_1_191' title='bbox 890 2161 986 2214; x_wconf 88' lang='grc' dir='ltr'><strong>ἀνθ</strong></span> <span class='ocrx_word' id='word_1_192' title='bbox 996 2163 1804 2234; x_wconf 48' lang='grc' dir='ltr'>ρωπότητοςζκαταψηφίζεται.</span> 
     </span>
    </p>
   </div>
   <div class='ocr_carea' id='block_1_29' title="bbox 224 2244 1804 2326">
    <p class='ocr_par' dir='ltr' id='par_1_29' title="bbox 224 2244 1804 2326">
     <span class='ocr_line' id='line_1_29' title="bbox 224 2244 1804 2326; baseline 0.005 -26"><span class='ocrx_word' id='word_1_193' title='bbox 224 2249 366 2302; x_wconf 84' lang='grc' dir='ltr'>Διατί</span> <span class='ocrx_word' id='word_1_194' title='bbox 395 2250 472 2323; x_wconf 80' lang='grc' dir='ltr'>μὴ</span> <span class='ocrx_word' id='word_1_195' title='bbox 501 2252 563 2304; x_wconf 84' lang='grc' dir='ltr'><strong>έν</strong></span> <span class='ocrx_word' id='word_1_196' title='bbox 599 2244 644 2320; x_wconf 82' lang='grc' dir='ltr'>ᾧ</span> <span class='ocrx_word' id='word_1_197' title='bbox 669 2254 706 2322; x_wconf 76' lang='grc' dir='ltr'><strong>ἡ</strong></span> <span class='ocrx_word' id='word_1_198' title='bbox 735 2254 836 2323; x_wconf 81' lang='grc' dir='ltr'><strong>τῆς</strong></span> <span class='ocrx_word' id='word_1_199' title='bbox 884 2252 1100 2322; x_wconf 85' lang='grc' dir='ltr'>φύσεως</span> <span class='ocrx_word' id='word_1_200' title='bbox 1139 2256 1289 2325; x_wconf 80' lang='grc' dir='ltr'>ἡμᾶς</span> <span class='ocrx_word' id='word_1_201' title='bbox 1328 2255 1544 2324; x_wconf 84' lang='grc' dir='ltr'><strong>ἀνάγκη</strong></span> <span class='ocrx_word' id='word_1_202' title='bbox 1583 2255 1804 2326; x_wconf 77' lang='grc' dir='ltr'>κατείρο</span> 
     </span>
    </p>
   </div>
   <div class='ocr_carea' id='block_1_30' title="bbox 225 2343 1805 2418">
    <p class='ocr_par' dir='ltr' id='par_1_30' title="bbox 225 2343 1805 2418">
     <span class='ocr_line' id='line_1_30' title="bbox 225 2343 1805 2418; baseline 0.004 -24"><span class='ocrx_word' id='word_1_203' title='bbox 225 2358 324 2409; x_wconf 90' lang='grc' dir='ltr'>γει,</span> <span class='ocrx_word' id='word_1_204' title='bbox 353 2344 410 2394; x_wconf 79' lang='grc' dir='ltr'><strong>έν</strong></span> <span class='ocrx_word' id='word_1_205' title='bbox 437 2343 622 2413; x_wconf 84' lang='grc' dir='ltr'>τούτῳ</span> <span class='ocrx_word' id='word_1_206' title='bbox 693 2363 712 2396; x_wconf 80' lang='grc' dir='ltr'><strong>ι</strong></span> <span class='ocrx_word' id='word_1_207' title='bbox 747 2345 850 2398; x_wconf 76' lang='grc' dir='ltr'><strong>Τὸν</strong></span> <span class='ocrx_word' id='word_1_208' title='bbox 877 2347 936 2399; x_wconf 82' lang='grc' dir='ltr'>ὲν</span> <span class='ocrx_word' id='word_1_209' title='bbox 979 2349 1162 2418; x_wconf 83' lang='grc' dir='ltr'>μορφῇ</span> <span class='ocrx_word' id='word_1_210' title='bbox 1203 2346 1338 2400; x_wconf 90' lang='grc' dir='ltr'>Θεοῦ</span> <span class='ocrx_word' id='word_1_211' title='bbox 1366 2346 1678 2418; x_wconf 82' lang='grc' dir='ltr'>ὑπάρχοντα</span> <span class='ocrx_word' id='word_1_212' title='bbox 1707 2348 1805 2401; x_wconf 72' lang='grc' dir='ltr'>καὶ</span> 
     </span>
    </p>
   </div>
   <div class='ocr_carea' id='block_1_31' title="bbox 224 2435 1802 2508">
    <p class='ocr_par' dir='ltr' id='par_1_31' title="bbox 224 2435 1802 2508">
     <span class='ocr_line' id='line_1_31' title="bbox 224 2435 1802 2508; baseline 0.004 -23"><span class='ocrx_word' id='word_1_213' title='bbox 224 2435 408 2488; x_wconf 79' lang='grc' dir='ltr'>ἑαυτὸν</span> <span class='ocrx_word' id='word_1_214' title='bbox 447 2436 868 2490; x_wconf 86' lang='grc' dir='ltr'>ταπεινώσαντα</span> <span class='ocrx_word' id='word_1_215' title='bbox 899 2436 1292 2508; x_wconf 84' lang='grc' dir='ltr'>μιμησώμεθα.</span> <span class='ocrx_word' id='word_1_216' title='bbox 1332 2456 1352 2490; x_wconf 72' lang='grc' dir='ltr'><strong>ι</strong></span> <span class='ocrx_word' id='word_1_217' title='bbox 1396 2439 1585 2492; x_wconf 82' lang='grc' dir='ltr'>Πᾶσαν</span> <span class='ocrx_word' id='word_1_218' title='bbox 1621 2439 1802 2492; x_wconf 88' lang='grc' dir='ltr'>τοίνυν</span> 
     </span>
    </p>
   </div>
   <div class='ocr_carea' id='block_1_32' title="bbox 225 2525 1801 2600">
    <p class='ocr_par' dir='ltr' id='par_1_32' title="bbox 225 2525 1801 2600">
     <span class='ocr_line' id='line_1_32' title="bbox 225 2525 1801 2600; baseline 0.003 -23"><span class='ocrx_word' id='word_1_219' title='bbox 225 2525 367 2591; x_wconf 82' lang='grc' dir='ltr'><strong>παρά</strong></span> <span class='ocrx_word' id='word_1_220' title='bbox 397 2526 564 2594; x_wconf 84' lang='grc' dir='ltr'>φύσιν</span> <span class='ocrx_word' id='word_1_221' title='bbox 611 2529 744 2599; x_wconf 81' lang='grc' dir='ltr'>ἡμῖν</span> <span class='ocrx_word' id='word_1_222' title='bbox 788 2529 1142 2599; x_wconf 83' lang='grc' dir='ltr'>ὑπάρχουσαν</span> <span class='ocrx_word' id='word_1_223' title='bbox 1172 2529 1483 2600; x_wconf 81' lang='grc' dir='ltr'>φλεγμονὴν</span> <span class='ocrx_word' id='word_1_224' title='bbox 1510 2530 1801 2584; x_wconf 86' lang='grc' dir='ltr'>καταστεί-</span> 
     </span>
    </p>
   </div>
   <div class='ocr_carea' id='block_1_33' title="bbox 225 2614 1801 2694">
    <p class='ocr_par' dir='ltr' id='par_1_33' title="bbox 225 2614 1801 2694">
     <span class='ocr_line' id='line_1_33' title="bbox 225 2614 1801 2694; baseline 0.004 -28"><span class='ocrx_word' id='word_1_225' title='bbox 225 2614 438 2694; x_wconf 61' lang='grc' dir='ltr'>λαντεε,</span> <span class='ocrx_word' id='word_1_226' title='bbox 489 2617 592 2689; x_wconf 78' lang='grc' dir='ltr'><strong>τὴν</strong></span> <span class='ocrx_word' id='word_1_227' title='bbox 639 2618 1163 2689; x_wconf 79' lang='grc' dir='ltr'>ταπεινοφροσύνην,</span> <span class='ocrx_word' id='word_1_228' title='bbox 1218 2618 1315 2690; x_wconf 82' lang='grc' dir='ltr'>τὴν</span> <span class='ocrx_word' id='word_1_229' title='bbox 1365 2622 1431 2688; x_wconf 87' lang='grc' dir='ltr'>τῇ</span> <span class='ocrx_word' id='word_1_230' title='bbox 1492 2619 1652 2686; x_wconf 85' lang='grc' dir='ltr'>φύσει</span> <span class='ocrx_word' id='word_1_231' title='bbox 1706 2620 1801 2673; x_wconf 73' lang='grc' dir='ltr'><strong>καὶ</strong></span> 
     </span>
    </p>
   </div>
   <div class='ocr_carea' id='block_1_34' title="bbox 227 2709 1498 2782">
    <p class='ocr_par' dir='ltr' id='par_1_34' title="bbox 227 2709 1498 2782">
     <span class='ocr_line' id='line_1_34' title="bbox 227 2709 1498 2782; baseline 0.008 -24"><span class='ocrx_word' id='word_1_232' title='bbox 227 2709 668 2780; x_wconf 89' lang='grc' dir='ltr'>συνυπάρχουσαν</span> <span class='ocrx_word' id='word_1_233' title='bbox 697 2713 792 2764; x_wconf 73' lang='grc' dir='ltr'><strong>καὶ</strong></span> <span class='ocrx_word' id='word_1_234' title='bbox 823 2710 1122 2782; x_wconf 84' lang='grc' dir='ltr'>σύντροφον</span> <span class='ocrx_word' id='word_1_235' title='bbox 1147 2712 1498 2782; x_wconf 83' lang='grc' dir='ltr'>ἀσκήσωμεν.</span> 
     </span>
    </p>
   </div>
   <div class='ocr_carea' id='block_1_35' title="bbox 677 2819 1345 2891">
    <p class='ocr_par' dir='ltr' id='par_1_35' title="bbox 677 2819 1345 2891">
     <span class='ocr_line' id='line_1_35' title="bbox 677 2819 1345 2891; baseline 0 -17"><span class='ocrx_word' id='word_1_236' title='bbox 677 2819 814 2876; x_wconf 80' lang='lat' dir='ltr'><strong>TM&#39;.</strong></span> <span class='ocrx_word' id='word_1_237' title='bbox 845 2849 916 2859; x_wconf 95' lang='grc'><strong><em>-</em></strong></span> <span class='ocrx_word' id='word_1_238' title='bbox 951 2821 1345 2891; x_wconf 83' lang='grc' dir='ltr'><strong>ΜΑΡΚΙΑΝῼ.</strong></span> 
     </span>
    </p>
   </div>
   <div class='ocr_carea' id='block_1_36' title="bbox 1978 1244 3490 1313">
    <p class='ocr_par' dir='ltr' id='par_1_36' title="bbox 1978 1244 3490 1313">
     <span class='ocr_line' id='line_1_36' title="bbox 1978 1244 3490 1313; baseline -0.005 -9"><span class='ocrx_word' id='word_1_239' title='bbox 1978 1249 2114 1304; x_wconf 87' lang='lat' dir='ltr'><strong>Cum</strong></span> <span class='ocrx_word' id='word_1_240' title='bbox 2149 1249 2366 1304; x_wconf 91' lang='lat' dir='ltr'><strong>nomina</strong></span> <span class='ocrx_word' id='word_1_241' title='bbox 2419 1248 2672 1303; x_wconf 89' lang='lat' dir='ltr'><strong>universa</strong></span> <span class='ocrx_word' id='word_1_242' title='bbox 2722 1244 2918 1302; x_wconf 76' lang='lat' dir='ltr'><strong>divina:</strong></span> <span class='ocrx_word' id='word_1_243' title='bbox 2971 1256 3234 1313; x_wconf 68' lang='lat' dir='ltr'><strong>puraeque</strong></span> <span class='ocrx_word' id='word_1_244' title='bbox 3284 1249 3490 1296; x_wconf 72' lang='lat' dir='ltr'><strong>naturae</strong></span> 
     </span>
    </p>
   </div>
   <div class='ocr_carea' id='block_1_37' title="bbox 1909 1335 3490 1411">
    <p class='ocr_par' dir='ltr' id='par_1_37' title="bbox 1909 1335 3490 1411">
     <span class='ocr_line' id='line_1_37' title="bbox 1909 1335 3490 1411; baseline -0.009 -11"><span class='ocrx_word' id='word_1_245' title='bbox 1909 1345 2169 1400; x_wconf 86' lang='lat' dir='ltr'><strong>attributa</strong></span> <span class='ocrx_word' id='word_1_246' title='bbox 2199 1343 2448 1398; x_wconf 62' lang='lat' dir='ltr'><strong>humanae</strong></span> <span class='ocrx_word' id='word_1_247' title='bbox 2480 1349 2737 1411; x_wconf 85' lang='lat' dir='ltr'><strong>superent</strong></span> <span class='ocrx_word' id='word_1_248' title='bbox 2775 1335 3104 1394; x_wconf 79' lang='lat' dir='ltr'><strong>conditionis</strong></span> <span class='ocrx_word' id='word_1_249' title='bbox 3156 1349 3490 1398; x_wconf 86' lang='lat' dir='ltr'><strong>mensuram,</strong></span> 
     </span>
    </p>
   </div>
   <div class='ocr_carea' id='block_1_38' title="bbox 1912 1426 3492 1505">
    <p class='ocr_par' dir='ltr' id='par_1_38' title="bbox 1912 1426 3492 1505">
     <span class='ocr_line' id='line_1_38' title="bbox 1912 1426 3492 1505; baseline -0.006 -15"><span class='ocrx_word' id='word_1_250' title='bbox 1912 1436 1966 1490; x_wconf 92' lang='lat' dir='ltr'><strong>in</strong></span> <span class='ocrx_word' id='word_1_251' title='bbox 1994 1452 2100 1490; x_wconf 90' lang='lat' dir='ltr'><strong>uno</strong></span> <span class='ocrx_word' id='word_1_252' title='bbox 2129 1442 2492 1505; x_wconf 80' lang='lat' dir='ltr'><strong>congruenter</strong></span> <span class='ocrx_word' id='word_1_253' title='bbox 2541 1443 2752 1487; x_wconf 74' lang='lat' dir='ltr'><strong>natura:</strong></span> <span class='ocrx_word' id='word_1_254' title='bbox 2792 1441 2851 1487; x_wconf 91' lang='lat' dir='ltr'><strong>et</strong></span> <span class='ocrx_word' id='word_1_255' title='bbox 2888 1430 3099 1485; x_wconf 90' lang='lat' dir='ltr'><strong>viribus</strong></span> <span class='ocrx_word' id='word_1_256' title='bbox 3125 1430 3330 1484; x_wconf 83' lang='lat' dir='ltr'><strong>nostris</strong></span> <span class='ocrx_word' id='word_1_257' title='bbox 3357 1426 3492 1482; x_wconf 86' lang='lat' dir='ltr'><strong>divi-</strong></span> 
     </span>
    </p>
   </div>
   <div class='ocr_carea' id='block_1_39' title="bbox 1913 1521 3489 1588">
    <p class='ocr_par' dir='ltr' id='par_1_39' title="bbox 1913 1521 3489 1588">
     <span class='ocr_line' id='line_1_39' title="bbox 1913 1521 3489 1588; baseline -0.007 -5"><span class='ocrx_word' id='word_1_258' title='bbox 1913 1543 2042 1583; x_wconf 90' lang='lat' dir='ltr'><strong>num</strong></span> <span class='ocrx_word' id='word_1_259' title='bbox 2082 1542 2280 1581; x_wconf 88' lang='lat' dir='ltr'><strong>numen</strong></span> <span class='ocrx_word' id='word_1_260' title='bbox 2307 1540 2411 1582; x_wconf 88' lang='lat' dir='ltr'><strong>nos</strong></span> <span class='ocrx_word' id='word_1_261' title='bbox 2436 1524 2638 1581; x_wconf 88' lang='lat' dir='ltr'><strong>imitari</strong></span> <span class='ocrx_word' id='word_1_262' title='bbox 2665 1523 2902 1579; x_wconf 79' lang='lat' dir='ltr'><strong>maxime</strong></span> <span class='ocrx_word' id='word_1_263' title='bbox 2930 1523 3106 1578; x_wconf 85' lang='lat' dir='ltr'><strong>decet.</strong></span> <span class='ocrx_word' id='word_1_264' title='bbox 3129 1521 3272 1588; x_wconf 82' lang='lat' dir='ltr'><strong>Quid</strong></span> <span class='ocrx_word' id='word_1_265' title='bbox 3304 1527 3489 1574; x_wconf 89' lang='lat' dir='ltr'><strong>autem</strong></span> 
     </span>
    </p>
   </div>
   <div class='ocr_carea' id='block_1_40' title="bbox 1909 1612 3490 1682">
    <p class='ocr_par' dir='ltr' id='par_1_40' title="bbox 1909 1612 3490 1682">
     <span class='ocr_line' id='line_1_40' title="bbox 1909 1612 3490 1682; baseline -0.007 -8"><span class='ocrx_word' id='word_1_266' title='bbox 1909 1618 2053 1674; x_wconf 84' lang='lat' dir='ltr'><strong>istud</strong></span> <span class='ocrx_word' id='word_1_267' title='bbox 2083 1619 2202 1674; x_wconf 85' lang='lat' dir='ltr'><strong>est!</strong></span> <span class='ocrx_word' id='word_1_268' title='bbox 2258 1616 2440 1673; x_wconf 82' lang='lat' dir='ltr'><strong>Animi</strong></span> <span class='ocrx_word' id='word_1_269' title='bbox 2495 1615 2812 1672; x_wconf 86' lang='lat' dir='ltr'><strong>submissio.</strong></span> <span class='ocrx_word' id='word_1_270' title='bbox 2862 1613 3003 1682; x_wconf 91' lang='lat' dir='ltr'><strong>Quid</strong></span> <span class='ocrx_word' id='word_1_271' title='bbox 3033 1613 3180 1668; x_wconf 89' lang='lat' dir='ltr'><strong>enim</strong></span> <span class='ocrx_word' id='word_1_272' title='bbox 3226 1612 3490 1667; x_wconf 84' lang='lat' dir='ltr'><strong>habemus</strong></span> 
     </span>
    </p>
   </div>
   <div class='ocr_carea' id='block_1_41' title="bbox 1909 1701 3491 1780">
    <p class='ocr_par' dir='ltr' id='par_1_41' title="bbox 1909 1701 3491 1780">
     <span class='ocr_line' id='line_1_41' title="bbox 1909 1701 3491 1780; baseline -0.006 -15"><span class='ocrx_word' id='word_1_273' title='bbox 1909 1709 2177 1780; x_wconf 86' lang='lat' dir='ltr'><strong>ejusmodi</strong></span> <span class='ocrx_word' id='word_1_274' title='bbox 2207 1709 2352 1779; x_wconf 92' lang='lat' dir='ltr'><strong>quod</strong></span> <span class='ocrx_word' id='word_1_275' title='bbox 2377 1707 2643 1764; x_wconf 82' lang='lat' dir='ltr'><strong>extollere</strong></span> <span class='ocrx_word' id='word_1_276' title='bbox 2666 1723 2764 1762; x_wconf 91' lang='lat' dir='ltr'><strong>nos</strong></span> <span class='ocrx_word' id='word_1_277' title='bbox 2783 1706 2850 1761; x_wconf 86' lang='lat' dir='ltr'><strong>ad</strong></span> <span class='ocrx_word' id='word_1_278' title='bbox 2877 1704 3248 1772; x_wconf 74' lang='lat' dir='ltr'><strong>arrogantiam</strong></span> <span class='ocrx_word' id='word_1_279' title='bbox 3270 1701 3447 1757; x_wconf 82' lang='lat' dir='ltr'><strong>valeat</strong></span> <span class='ocrx_word' id='word_1_280' title='bbox 3465 1702 3491 1756; x_wconf 83' lang='lat'><strong>?</strong></span> 
     </span>
    </p>
   </div>
   <div class='ocr_carea' id='block_1_42' title="bbox 1903 1796 3491 1871">
    <p class='ocr_par' dir='ltr' id='par_1_42' title="bbox 1903 1796 3491 1871">
     <span class='ocr_line' id='line_1_42' title="bbox 1903 1796 3491 1871; baseline -0.007 -13"><span class='ocrx_word' id='word_1_281' title='bbox 1903 1813 1963 1858; x_wconf 91' lang='lat' dir='ltr'><strong>ut</strong></span> <span class='ocrx_word' id='word_1_282' title='bbox 2017 1802 2332 1871; x_wconf 86' lang='lat' dir='ltr'><strong>patriarcha</strong></span> <span class='ocrx_word' id='word_1_283' title='bbox 2375 1800 2650 1855; x_wconf 86' lang='lat' dir='ltr'><strong>Abraham</strong></span> <span class='ocrx_word' id='word_1_284' title='bbox 2698 1798 2778 1855; x_wconf 87' lang='lat' dir='ltr'><strong>ait</strong></span> <span class='ocrx_word' id='word_1_285' title='bbox 2831 1814 2849 1853; x_wconf 87' lang='lat'><strong>:</strong></span> <span class='ocrx_word' id='word_1_286' title='bbox 2916 1814 2938 1849; x_wconf 76' lang='grc' dir='ltr'><strong>ι</strong></span> <span class='ocrx_word' id='word_1_287' title='bbox 2974 1796 3145 1851; x_wconf 90' lang='lat' dir='ltr'><strong>Terra</strong></span> <span class='ocrx_word' id='word_1_288' title='bbox 3201 1808 3389 1849; x_wconf 87' lang='lat' dir='ltr'><strong>sumus</strong></span> <span class='ocrx_word' id='word_1_289' title='bbox 3433 1800 3491 1847; x_wconf 89' lang='lat' dir='ltr'><strong>et</strong></span> 
     </span>
    </p>
   </div>
   <div class='ocr_carea' id='block_1_43' title="bbox 1905 1885 3487 1962">
    <p class='ocr_par' dir='ltr' id='par_1_43' title="bbox 1905 1885 3487 1962">
     <span class='ocr_line' id='line_1_43' title="bbox 1905 1885 3487 1962; baseline -0.008 -13"><span class='ocrx_word' id='word_1_290' title='bbox 1905 1895 2041 1950; x_wconf 89' lang='lat' dir='ltr'><strong>cinis</strong></span> <span class='ocrx_word' id='word_1_291' title='bbox 2065 1894 2147 1960; x_wconf 80' lang='grc'><strong>⁸¹;</strong></span> <span class='ocrx_word' id='word_1_292' title='bbox 2185 1911 2205 1945; x_wconf 76' lang='grc' dir='ltr'><strong>ι</strong></span> <span class='ocrx_word' id='word_1_293' title='bbox 2251 1901 2312 1948; x_wconf 90' lang='lat' dir='ltr'><strong>ut</strong></span> <span class='ocrx_word' id='word_1_294' title='bbox 2341 1906 2473 1948; x_wconf 89' lang='lat' dir='ltr'><strong>vero</strong></span> <span class='ocrx_word' id='word_1_295' title='bbox 2512 1890 2792 1962; x_wconf 82' lang='lat' dir='ltr'><strong>legislator</strong></span> <span class='ocrx_word' id='word_1_296' title='bbox 2831 1888 2909 1944; x_wconf 88' lang='lat' dir='ltr'><strong>ait</strong></span> <span class='ocrx_word' id='word_1_297' title='bbox 2941 1886 3109 1957; x_wconf 71' lang='lat' dir='ltr'><strong>pulvis</strong></span> <span class='ocrx_word' id='word_1_298' title='bbox 3128 1887 3214 1955; x_wconf 62' lang='lat'><strong>3&#39;;</strong></span> <span class='ocrx_word' id='word_1_299' title='bbox 3255 1894 3309 1941; x_wconf 91' lang='lat' dir='ltr'><strong>ct</strong></span> <span class='ocrx_word' id='word_1_300' title='bbox 3335 1885 3487 1953; x_wconf 87' lang='lat' dir='ltr'><strong>juxta</strong></span> 
     </span>
    </p>
   </div>
   <div class='ocr_carea' id='block_1_44' title="bbox 1903 1977 3489 2057">
    <p class='ocr_par' dir='ltr' id='par_1_44' title="bbox 1903 1977 3489 2057">
     <span class='ocr_line' id='line_1_44' title="bbox 1903 1977 3489 2057; baseline -0.008 -14"><span class='ocrx_word' id='word_1_301' title='bbox 1903 1988 2145 2044; x_wconf 86' lang='lat' dir='ltr'><strong>Psaltetn</strong></span> <span class='ocrx_word' id='word_1_302' title='bbox 2198 1988 2406 2057; x_wconf 90' lang='lat' dir='ltr'><strong>regium</strong></span> <span class='ocrx_word' id='word_1_303' title='bbox 2445 2003 2460 2040; x_wconf 91' lang='lat'><strong>:</strong></span> <span class='ocrx_word' id='word_1_304' title='bbox 2503 1983 2702 2039; x_wconf 74' lang='lat' dir='ltr'><strong>Vermis</strong></span> <span class='ocrx_word' id='word_1_305' title='bbox 2754 1990 2805 2038; x_wconf 84' lang='lat' dir='ltr'><strong>et</strong></span> <span class='ocrx_word' id='word_1_306' title='bbox 2855 1983 3037 2051; x_wconf 85' lang='lat' dir='ltr'><strong>fenum</strong></span> <span class='ocrx_word' id='word_1_307' title='bbox 3079 1979 3160 2047; x_wconf 74' lang='lat'><strong>“;</strong></span> <span class='ocrx_word' id='word_1_308' title='bbox 3206 1977 3489 2034; x_wconf 82' lang='lat' dir='ltr'><strong>electionis</strong></span> 
     </span>
    </p>
   </div>
   <div class='ocr_carea' id='block_1_45' title="bbox 1905 2069 3485 2143">
    <p class='ocr_par' dir='ltr' id='par_1_45' title="bbox 1905 2069 3485 2143">
     <span class='ocr_line' id='line_1_45' title="bbox 1905 2069 3485 2143; baseline -0.008 -11"><span class='ocrx_word' id='word_1_309' title='bbox 1905 2095 2036 2135; x_wconf 90' lang='lat' dir='ltr'><strong>vero</strong></span> <span class='ocrx_word' id='word_1_310' title='bbox 2061 2094 2157 2134; x_wconf 90' lang='lat' dir='ltr'><strong>vas</strong></span> <span class='ocrx_word' id='word_1_311' title='bbox 2179 2077 2401 2143; x_wconf 87' lang='lat' dir='ltr'><strong>Paulus,</strong></span> <span class='ocrx_word' id='word_1_312' title='bbox 2440 2076 2654 2130; x_wconf 75' lang='lat' dir='ltr'><strong>miseria</strong></span> <span class='ocrx_word' id='word_1_313' title='bbox 2679 2074 2750 2129; x_wconf 79' lang='grc'><strong>⁸⁵.</strong></span> <span class='ocrx_word' id='word_1_314' title='bbox 2791 2072 2874 2128; x_wconf 91' lang='lat' dir='ltr'><strong>Ob</strong></span> <span class='ocrx_word' id='word_1_315' title='bbox 2908 2086 3029 2142; x_wconf 71' lang='lat' dir='ltr'><strong>quae</strong></span> <span class='ocrx_word' id='word_1_316' title='bbox 3068 2070 3213 2125; x_wconf 91' lang='lat' dir='ltr'><strong>enim</strong></span> <span class='ocrx_word' id='word_1_317' title='bbox 3245 2069 3485 2137; x_wconf 89' lang='lat' dir='ltr'><strong>seipsum</strong></span> 
     </span>
    </p>
   </div>
   <div class='ocr_carea' id='block_1_46' title="bbox 1908 2156 3486 2234">
    <p class='ocr_par' dir='ltr' id='par_1_46' title="bbox 1908 2156 3486 2234">
     <span class='ocr_line' id='line_1_46' title="bbox 1908 2156 3486 2234; baseline -0.008 -12"><span class='ocrx_word' id='word_1_318' title='bbox 1908 2169 2224 2233; x_wconf 89' lang='lat' dir='ltr'><strong>miseratur,</strong></span> <span class='ocrx_word' id='word_1_319' title='bbox 2265 2166 2632 2234; x_wconf 88' lang='lat' dir='ltr'><strong>miserumque</strong></span> <span class='ocrx_word' id='word_1_320' title='bbox 2656 2162 2936 2232; x_wconf 74' lang='lat' dir='ltr'><strong>praedicat,</strong></span> <span class='ocrx_word' id='word_1_321' title='bbox 2965 2159 3036 2214; x_wconf 89' lang='lat' dir='ltr'><strong>ob</strong></span> <span class='ocrx_word' id='word_1_322' title='bbox 3067 2172 3154 2224; x_wconf 87' lang='lat' dir='ltr'><strong>ea,</strong></span> <span class='ocrx_word' id='word_1_323' title='bbox 3188 2167 3245 2213; x_wconf 88' lang='lat' dir='ltr'><strong>et</strong></span> <span class='ocrx_word' id='word_1_324' title='bbox 3274 2159 3342 2212; x_wconf 88' lang='lat' dir='ltr'><strong>de</strong></span> <span class='ocrx_word' id='word_1_325' title='bbox 3366 2156 3486 2210; x_wconf 85' lang='lat' dir='ltr'><strong>uni-</strong></span> 
     </span>
    </p>
   </div>
   <div class='ocr_carea' id='block_1_47' title="bbox 1906 2245 3484 2326">
    <p class='ocr_par' dir='ltr' id='par_1_47' title="bbox 1906 2245 3484 2326">
     <span class='ocr_line' id='line_1_47' title="bbox 1906 2245 3484 2326; baseline -0.008 -15"><span class='ocrx_word' id='word_1_326' title='bbox 1906 2272 2066 2314; x_wconf 85' lang='lat' dir='ltr'><strong>verso</strong></span> <span class='ocrx_word' id='word_1_327' title='bbox 2115 2270 2315 2326; x_wconf 85' lang='lat' dir='ltr'><strong>genere</strong></span> <span class='ocrx_word' id='word_1_328' title='bbox 2363 2255 2601 2310; x_wconf 88' lang='lat' dir='ltr'><strong>humano</strong></span> <span class='ocrx_word' id='word_1_329' title='bbox 2654 2251 2881 2320; x_wconf 80' lang='lat' dir='ltr'><strong>intelligi</strong></span> <span class='ocrx_word' id='word_1_330' title='bbox 2937 2249 3076 2304; x_wconf 84' lang='lat' dir='ltr'><strong>vult.</strong></span> <span class='ocrx_word' id='word_1_331' title='bbox 3119 2245 3484 2313; x_wconf 80' lang='lat' dir='ltr'><strong>Quamobrem</strong></span> 
     </span>
    </p>
   </div>
   <div class='ocr_carea' id='block_1_48' title="bbox 1908 2338 3485 2416">
    <p class='ocr_par' dir='ltr' id='par_1_48' title="bbox 1908 2338 3485 2416">
     <span class='ocr_line' id='line_1_48' title="bbox 1908 2338 3485 2416; baseline -0.008 -15"><span class='ocrx_word' id='word_1_332' title='bbox 1908 2347 2079 2413; x_wconf 91' lang='lat' dir='ltr'><strong>illum,</strong></span> <span class='ocrx_word' id='word_1_333' title='bbox 2121 2366 2141 2399; x_wconf 72' lang='grc' dir='ltr'><strong>ι</strong></span> <span class='ocrx_word' id='word_1_334' title='bbox 2183 2346 2276 2416; x_wconf 91' lang='lat' dir='ltr'><strong>qui</strong></span> <span class='ocrx_word' id='word_1_335' title='bbox 2315 2361 2438 2401; x_wconf 89' lang='lat' dir='ltr'><strong>cum</strong></span> <span class='ocrx_word' id='word_1_336' title='bbox 2480 2346 2534 2400; x_wconf 91' lang='lat' dir='ltr'><strong>in</strong></span> <span class='ocrx_word' id='word_1_337' title='bbox 2583 2343 2757 2400; x_wconf 83' lang='lat' dir='ltr'><strong>forma</strong></span> <span class='ocrx_word' id='word_1_338' title='bbox 2806 2343 2902 2397; x_wconf 91' lang='lat' dir='ltr'><strong>Dei</strong></span> <span class='ocrx_word' id='word_1_339' title='bbox 2951 2349 3098 2397; x_wconf 87' lang='lat' dir='ltr'><strong>esset</strong></span> <span class='ocrx_word' id='word_1_340' title='bbox 3134 2338 3485 2408; x_wconf 84' lang='lat' dir='ltr'><strong>semetipsum</strong></span> 
     </span>
    </p>
   </div>
   <div class='ocr_carea' id='block_1_49' title="bbox 1906 2429 3486 2500">
    <p class='ocr_par' dir='ltr' id='par_1_49' title="bbox 1906 2429 3486 2500">
     <span class='ocr_line' id='line_1_49' title="bbox 1906 2429 3486 2500; baseline -0.007 -5"><span class='ocrx_word' id='word_1_341' title='bbox 1906 2441 2213 2496; x_wconf 89' lang='lat' dir='ltr'><strong>humiliavit</strong></span> <span class='ocrx_word' id='word_1_342' title='bbox 2259 2439 2306 2471; x_wconf 77' lang='grc'><strong>⁸⁸</strong></span> <span class='ocrx_word' id='word_1_343' title='bbox 2341 2457 2362 2490; x_wconf 71' lang='grc' dir='ltr'><strong>ι</strong></span> <span class='ocrx_word' id='word_1_344' title='bbox 2407 2438 2708 2492; x_wconf 90' lang='lat' dir='ltr'><strong>imitemur.</strong></span> <span class='ocrx_word' id='word_1_345' title='bbox 2756 2433 2987 2490; x_wconf 88' lang='lat' dir='ltr'><strong>Omnem</strong></span> <span class='ocrx_word' id='word_1_346' title='bbox 3043 2433 3227 2500; x_wconf 91' lang='lat' dir='ltr'><strong>itaque</strong></span> <span class='ocrx_word' id='word_1_347' title='bbox 3287 2429 3486 2484; x_wconf 78' lang='lat' dir='ltr'><strong>fastum</strong></span> 
     </span>
    </p>
   </div>
   <div class='ocr_carea' id='block_1_50' title="bbox 1909 2523 3487 2601">
    <p class='ocr_par' dir='ltr' id='par_1_50' title="bbox 1909 2523 3487 2601">
     <span class='ocr_line' id='line_1_50' title="bbox 1909 2523 3487 2601; baseline -0.007 -14"><span class='ocrx_word' id='word_1_348' title='bbox 1909 2533 2185 2601; x_wconf 91' lang='lat' dir='ltr'><strong>turgidum</strong></span> <span class='ocrx_word' id='word_1_349' title='bbox 2229 2541 2436 2587; x_wconf 75' lang='lat' dir='ltr'><strong>natura:</strong></span> <span class='ocrx_word' id='word_1_350' title='bbox 2475 2539 2676 2586; x_wconf 62' lang='lat' dir='ltr'><strong>nostra:</strong></span> <span class='ocrx_word' id='word_1_351' title='bbox 2711 2532 3099 2598; x_wconf 80' lang='lat' dir='ltr'><strong>repugnantem</strong></span> <span class='ocrx_word' id='word_1_352' title='bbox 3144 2523 3487 2592; x_wconf 88' lang='lat' dir='ltr'><strong>abjicientcs,</strong></span> 
     </span>
    </p>
   </div>
   <div class='ocr_carea' id='block_1_51' title="bbox 1904 2614 3490 2683">
    <p class='ocr_par' dir='ltr' id='par_1_51' title="bbox 1904 2614 3490 2683">
     <span class='ocr_line' id='line_1_51' title="bbox 1904 2614 3490 2683; baseline -0.006 -5"><span class='ocrx_word' id='word_1_353' title='bbox 1904 2623 2267 2678; x_wconf 87' lang='lat' dir='ltr'><strong>humilitatem</strong></span> <span class='ocrx_word' id='word_1_354' title='bbox 2361 2630 2569 2676; x_wconf 80' lang='lat' dir='ltr'><strong>naturae</strong></span> <span class='ocrx_word' id='word_1_355' title='bbox 2649 2619 3060 2676; x_wconf 79' lang='lat' dir='ltr'><strong>convenientem</strong></span> <span class='ocrx_word' id='word_1_356' title='bbox 3097 2653 3126 2683; x_wconf 85' lang='lat'><strong>,</strong></span> <span class='ocrx_word' id='word_1_357' title='bbox 3222 2614 3490 2683; x_wconf 86' lang='lat' dir='ltr'><strong>nobisque</strong></span> 
     </span>
    </p>
   </div>
   <div class='ocr_carea' id='block_1_52' title="bbox 1906 2722 2602 2784">
    <p class='ocr_par' dir='ltr' id='par_1_52' title="bbox 1906 2722 2602 2784">
     <span class='ocr_line' id='line_1_52' title="bbox 1906 2722 2602 2784; baseline -0.001 -14"><span class='ocrx_word' id='word_1_358' title='bbox 1906 2722 2191 2784; x_wconf 72' lang='lat' dir='ltr'><strong>cognatam</strong></span> <span class='ocrx_word' id='word_1_359' title='bbox 2227 2727 2602 2769; x_wconf 78' lang='lat' dir='ltr'><strong>exerceamus.</strong></span> 
     </span>
    </p>
   </div>
   <div class='ocr_carea' id='block_1_53' title="bbox 2316 2814 3068 2888">
    <p class='ocr_par' dir='ltr' id='par_1_53' title="bbox 2316 2814 3068 2888">
     <span class='ocr_line' id='line_1_53' title="bbox 2316 2814 3068 2888; baseline -0.009 -11"><span class='ocrx_word' id='word_1_360' title='bbox 2316 2821 2561 2878; x_wconf 79' lang='lat' dir='ltr'><strong>CCCXL.</strong></span> <span class='ocrx_word' id='word_1_361' title='bbox 2590 2849 2662 2860; x_wconf 89' lang='lat'><strong><em>—</em></strong></span> <span class='ocrx_word' id='word_1_362' title='bbox 2689 2814 3068 2888; x_wconf 65' lang='lat' dir='ltr'><strong>MARCIANQ;</strong></span> 
     </span>
    </p>
   </div>
   <div class='ocr_carea' id='block_1_54' title="bbox 1079 2912 2618 2990">
    <p class='ocr_par' dir='ltr' id='par_1_54' title="bbox 1079 2912 2618 2990">
     <span class='ocr_line' id='line_1_54' title="bbox 1079 2912 2618 2990; baseline 0.001 -21"><span class='ocrx_word' id='word_1_363' title='bbox 1079 2915 1398 2969; x_wconf 84' lang='lat' dir='ltr'><strong>Adhortatio</strong></span> <span class='ocrx_word' id='word_1_364' title='bbox 1424 2916 1596 2986; x_wconf 76' lang='lat' dir='ltr'><strong>qualis</strong></span> <span class='ocrx_word' id='word_1_365' title='bbox 1622 2933 1736 2972; x_wconf 76' lang='lat' dir='ltr'><strong>esse</strong></span> <span class='ocrx_word' id='word_1_366' title='bbox 1766 2918 1971 2977; x_wconf 82' lang='lat' dir='ltr'><strong>debeat.</strong></span> <span class='ocrx_word' id='word_1_367' title='bbox 1995 2919 2240 2990; x_wconf 74' lang='lat' dir='ltr'><strong>(Confer.</strong></span> <span class='ocrx_word' id='word_1_368' title='bbox 2273 2919 2430 2986; x_wconf 81' lang='lat' dir='ltr'><strong>epist.</strong></span> <span class='ocrx_word' id='word_1_369' title='bbox 2465 2912 2618 2986; x_wconf 68' lang='lat'><strong>290.)</strong></span> 
     </span>
    </p>
   </div>
   <div class='ocr_carea' id='block_1_55' title="bbox 285 3019 1794 3098">
    <p class='ocr_par' dir='ltr' id='par_1_55' title="bbox 285 3019 1794 3098">
     <span class='ocr_line' id='line_1_55' title="bbox 285 3019 1794 3098; baseline 0.003 -22"><span class='ocrx_word' id='word_1_370' title='bbox 285 3023 549 3077; x_wconf 85' lang='grc' dir='ltr'>Δύσκολον</span> <span class='ocrx_word' id='word_1_371' title='bbox 583 3019 723 3079; x_wconf 81' lang='grc' dir='ltr'>εἶναί</span> <span class='ocrx_word' id='word_1_372' title='bbox 760 3041 849 3094; x_wconf 91' lang='grc' dir='ltr'><strong>μοι</strong></span> <span class='ocrx_word' id='word_1_373' title='bbox 878 3025 1045 3090; x_wconf 86' lang='grc' dir='ltr'>δοκεῖ,</span> <span class='ocrx_word' id='word_1_374' title='bbox 1075 3025 1167 3078; x_wconf 83' lang='grc' dir='ltr'><strong>τὸν</strong></span> <span class='ocrx_word' id='word_1_375' title='bbox 1207 3024 1581 3095; x_wconf 81' lang='grc' dir='ltr'>παραινοῦντα</span> <span class='ocrx_word' id='word_1_376' title='bbox 1629 3027 1708 3098; x_wconf 87' lang='grc' dir='ltr'>τῷ</span> <span class='ocrx_word' id='word_1_377' title='bbox 1757 3028 1794 3082; x_wconf 77' lang='grc' dir='ltr'><strong>ἀ</strong></span> 
     </span>
    </p>
   </div>
   <div class='ocr_carea' id='block_1_56' title="bbox 1974 3019 3490 3099">
    <p class='ocr_par' dir='ltr' id='par_1_56' title="bbox 1974 3019 3490 3099">
     <span class='ocr_line' id='line_1_56' title="bbox 1974 3019 3490 3099; baseline -0.007 -16"><span class='ocrx_word' id='word_1_378' title='bbox 1974 3029 2238 3099; x_wconf 89' lang='lat' dir='ltr'><strong>Equidem</strong></span> <span class='ocrx_word' id='word_1_379' title='bbox 2278 3025 2497 3081; x_wconf 82' lang='lat' dir='ltr'><strong>ditIicile</strong></span> <span class='ocrx_word' id='word_1_380' title='bbox 2549 3024 2744 3095; x_wconf 82' lang='lat' dir='ltr'><strong>Opinor</strong></span> <span class='ocrx_word' id='word_1_381' title='bbox 2803 3021 3075 3077; x_wconf 87' lang='lat' dir='ltr'><strong>hortando</strong></span> <span class='ocrx_word' id='word_1_382' title='bbox 3101 3019 3194 3088; x_wconf 67' lang='lat' dir='ltr'><strong>{ad</strong></span> <span class='ocrx_word' id='word_1_383' title='bbox 3233 3034 3303 3075; x_wconf 88' lang='lat' dir='ltr'><strong>ea</strong></span> <span class='ocrx_word' id='word_1_384' title='bbox 3367 3031 3490 3086; x_wconf 72' lang='lat' dir='ltr'><strong>qua:</strong></span> 
     </span>
    </p>
   </div>
   <div class='ocr_carea' id='block_1_57' title="bbox 227 3105 1871 3189">
    <p class='ocr_par' dir='ltr' id='par_1_57' title="bbox 227 3105 1871 3189">
     <span class='ocr_line' id='line_1_57' title="bbox 227 3105 1871 3189; baseline 0.001 -26"><span class='ocrx_word' id='word_1_385' title='bbox 227 3109 297 3182; x_wconf 80' lang='grc' dir='ltr'>μὴ</span> <span class='ocrx_word' id='word_1_386' title='bbox 320 3110 474 3180; x_wconf 85' lang='grc' dir='ltr'>θέμις</span> <span class='ocrx_word' id='word_1_387' title='bbox 501 3111 743 3183; x_wconf 88' lang='grc' dir='ltr'>δρῶντι,</span> <span class='ocrx_word' id='word_1_388' title='bbox 776 3113 850 3183; x_wconf 82' lang='grc' dir='ltr'>μὴ</span> <span class='ocrx_word' id='word_1_389' title='bbox 889 3114 968 3175; x_wconf 83' lang='grc' dir='ltr'>εἰς</span> <span class='ocrx_word' id='word_1_390' title='bbox 995 3114 1265 3184; x_wconf 81' lang='grc' dir='ltr'>ἀπρεπεῖς</span> <span class='ocrx_word' id='word_1_391' title='bbox 1305 3118 1569 3184; x_wconf 79' lang='grc' dir='ltr'>ἐμπεσεῖν</span> <span class='ocrx_word' id='word_1_392' title='bbox 1600 3117 1678 3189; x_wconf 88' lang='grc'><strong>(6)</strong></span> <span class='ocrx_word' id='word_1_393' title='bbox 1710 3118 1801 3170; x_wconf 70' lang='grc' dir='ltr'><strong>λόη</strong></span> <span class='ocrx_word' id='word_1_394' title='bbox 1829 3105 1871 3165; x_wconf 88' lang='lat' dir='ltr'><strong><em>C</em></strong></span> 
     </span>
    </p>
   </div>
   <div class='ocr_carea' id='block_1_58' title="bbox 1912 3105 3488 3189">
    <p class='ocr_par' dir='ltr' id='par_1_58' title="bbox 1912 3111 3488 3184">
     <span class='ocr_line' id='line_1_58' title="bbox 1912 3111 3488 3184; baseline -0.008 -9"><span class='ocrx_word' id='word_1_395' title='bbox 1912 3123 2052 3177; x_wconf 80' lang='lat' dir='ltr'><strong>factu</strong></span> <span class='ocrx_word' id='word_1_396' title='bbox 2079 3121 2258 3184; x_wconf 80' lang='lat' dir='ltr'><strong>nefas,</strong></span> <span class='ocrx_word' id='word_1_397' title='bbox 2288 3135 2392 3174; x_wconf 91' lang='lat' dir='ltr'><strong>non</strong></span> <span class='ocrx_word' id='word_1_398' title='bbox 2426 3119 2670 3173; x_wconf 90' lang='lat' dir='ltr'><strong>incidere</strong></span> <span class='ocrx_word' id='word_1_399' title='bbox 2699 3117 2753 3171; x_wconf 92' lang='lat' dir='ltr'><strong>in</strong></span> <span class='ocrx_word' id='word_1_400' title='bbox 2799 3116 3114 3171; x_wconf 89' lang='lat' dir='ltr'><strong>indecoram</strong></span> <span class='ocrx_word' id='word_1_401' title='bbox 3152 3111 3488 3168; x_wconf 87' lang='lat' dir='ltr'><strong>orationem.</strong></span> 
     </span>
    </p>
   </div>
   <div class='ocr_carea' id='block_1_59' title="bbox 223 3202 1797 3279">
    <p class='ocr_par' dir='ltr' id='par_1_59' title="bbox 223 3202 1797 3279">
     <span class='ocr_line' id='line_1_59' title="bbox 223 3202 1797 3279; baseline 0.008 -27"><span class='ocrx_word' id='word_1_402' title='bbox 223 3217 372 3269; x_wconf 89' lang='grc' dir='ltr'>γους·</span> <span class='ocrx_word' id='word_1_403' title='bbox 405 3202 442 3257; x_wconf 77' lang='grc' dir='ltr'><strong>ἃ</strong></span> <span class='ocrx_word' id='word_1_404' title='bbox 475 3205 590 3275; x_wconf 85' lang='grc' dir='ltr'><strong>γάρ</strong></span> <span class='ocrx_word' id='word_1_405' title='bbox 625 3203 702 3275; x_wconf 84' lang='grc' dir='ltr'><strong>μὴ</strong></span> <span class='ocrx_word' id='word_1_406' title='bbox 735 3206 1003 3274; x_wconf 87' lang='grc' dir='ltr'>πράττειν</span> <span class='ocrx_word' id='word_1_407' title='bbox 1033 3207 1219 3276; x_wconf 82' lang='grc' dir='ltr'>θέμις,</span> <span class='ocrx_word' id='word_1_408' title='bbox 1257 3207 1378 3260; x_wconf 82' lang='grc' dir='ltr'>οὐδὲ</span> <span class='ocrx_word' id='word_1_409' title='bbox 1410 3208 1590 3277; x_wconf 89' lang='grc' dir='ltr'>λέγειν</span> <span class='ocrx_word' id='word_1_410' title='bbox 1618 3209 1797 3279; x_wconf 87' lang='grc' dir='ltr'>θέμις.</span> 
     </span>
    </p>
   </div>
   <div class='ocr_carea' id='block_1_60' title="bbox 225 3290 1795 3374">
    <p class='ocr_par' dir='ltr' id='par_1_60' title="bbox 225 3290 1795 3374">
     <span class='ocr_line' id='line_1_60' title="bbox 225 3290 1795 3374; baseline 0.006 -30"><span class='ocrx_word' id='word_1_411' title='bbox 225 3293 285 3346; x_wconf 87' lang='grc' dir='ltr'>Τί</span> <span class='ocrx_word' id='word_1_412' title='bbox 328 3290 418 3348; x_wconf 85' lang='grc' dir='ltr'><strong>οῦν</strong></span> <span class='ocrx_word' id='word_1_413' title='bbox 454 3297 749 3367; x_wconf 85' lang='grc' dir='ltr'>ποιητέον;</span> <span class='ocrx_word' id='word_1_414' title='bbox 788 3300 885 3351; x_wconf 82' lang='grc' dir='ltr'>Ἂν</span> <span class='ocrx_word' id='word_1_415' title='bbox 937 3298 1038 3369; x_wconf 89' lang='grc' dir='ltr'><strong>μὲν</strong></span> <span class='ocrx_word' id='word_1_416' title='bbox 1083 3299 1194 3371; x_wconf 81' lang='grc' dir='ltr'>γὰρ</span> <span class='ocrx_word' id='word_1_417' title='bbox 1227 3300 1443 3370; x_wconf 84' lang='grc' dir='ltr'>σεμνῶς</span> <span class='ocrx_word' id='word_1_418' title='bbox 1491 3303 1652 3374; x_wconf 75' lang='grc' dir='ltr'>εἴπῃς</span> <span class='ocrx_word' id='word_1_419' title='bbox 1678 3340 1695 3365; x_wconf 93' lang='grc'><strong>,</strong></span> <span class='ocrx_word' id='word_1_420' title='bbox 1733 3302 1795 3354; x_wconf 82' lang='grc' dir='ltr'><strong>οὐ</strong></span> 
     </span>
    </p>
   </div>
   <div class='ocr_carea' id='block_1_61' title="bbox 222 3383 1802 3466">
    <p class='ocr_par' dir='ltr' id='par_1_61' title="bbox 222 3383 1802 3466">
     <span class='ocr_line' id='line_1_61' title="bbox 222 3383 1802 3466; baseline 0.008 -29"><span class='ocrx_word' id='word_1_421' title='bbox 222 3383 414 3459; x_wconf 83' lang='grc' dir='ltr'><strong>δυνήσῃ</strong></span> <span class='ocrx_word' id='word_1_422' title='bbox 451 3388 807 3458; x_wconf 79' lang='grc' dir='ltr'>καθάψασθαι</span> <span class='ocrx_word' id='word_1_423' title='bbox 852 3390 946 3444; x_wconf 85' lang='grc' dir='ltr'><strong>τοῦ</strong></span> <span class='ocrx_word' id='word_1_424' title='bbox 981 3392 1168 3462; x_wconf 83' lang='grc' dir='ltr'>ἐνόχου</span> <span class='ocrx_word' id='word_1_425' title='bbox 1211 3397 1325 3458; x_wconf 86' lang='grc' dir='ltr'>τοῖς</span> <span class='ocrx_word' id='word_1_426' title='bbox 1370 3395 1685 3466; x_wconf 81' lang='grc' dir='ltr'>λεγομένοις</span> <span class='ocrx_word' id='word_1_427' title='bbox 1713 3396 1802 3449; x_wconf 79' lang='grc' dir='ltr'><strong>ὅν-</strong></span> 
     </span>
    </p>
   </div>
   <div class='ocr_carea' id='block_1_62' title="bbox 223 3478 1802 3559">
    <p class='ocr_par' dir='ltr' id='par_1_62' title="bbox 223 3478 1802 3559">
     <span class='ocr_line' id='line_1_62' title="bbox 223 3478 1802 3559; baseline 0.008 -30"><span class='ocrx_word' id='word_1_428' title='bbox 223 3492 324 3539; x_wconf 86' lang='grc' dir='ltr'>τος·</span> <span class='ocrx_word' id='word_1_429' title='bbox 351 3478 416 3531; x_wconf 80' lang='grc' dir='ltr'><strong>ἂν</strong></span> <span class='ocrx_word' id='word_1_430' title='bbox 439 3480 496 3533; x_wconf 83' lang='grc' dir='ltr'><strong>δὲ</strong></span> <span class='ocrx_word' id='word_1_431' title='bbox 530 3480 850 3552; x_wconf 80' lang='grc' dir='ltr'>βουληθείης</span> <span class='ocrx_word' id='word_1_432' title='bbox 877 3481 1198 3537; x_wconf 83' lang='grc' dir='ltr'>καθικέσθαι</span> <span class='ocrx_word' id='word_1_433' title='bbox 1228 3486 1479 3556; x_wconf 78' lang='grc' dir='ltr'>σφοδρῶς</span> <span class='ocrx_word' id='word_1_434' title='bbox 1500 3528 1514 3553; x_wconf 91' lang='grc'><strong>,</strong></span> <span class='ocrx_word' id='word_1_435' title='bbox 1551 3487 1802 3559; x_wconf 84' lang='grc' dir='ltr'>ἀνάγκην</span> 
     </span>
    </p>
   </div>
   <div class='ocr_carea' id='block_1_63' title="bbox 222 3566 1790 3647">
    <p class='ocr_par' dir='ltr' id='par_1_63' title="bbox 222 3566 1790 3647">
     <span class='ocr_line' id='line_1_63' title="bbox 222 3566 1790 3647; baseline 0.011 -31"><span class='ocrx_word' id='word_1_436' title='bbox 222 3566 353 3636; x_wconf 81' lang='grc' dir='ltr'>ἔχεις</span> <span class='ocrx_word' id='word_1_437' title='bbox 397 3572 801 3642; x_wconf 86' lang='grc' dir='ltr'>ἀπαμφιάσαι,</span> <span class='ocrx_word' id='word_1_438' title='bbox 848 3577 944 3628; x_wconf 77' lang='grc' dir='ltr'>καὶ</span> <span class='ocrx_word' id='word_1_439' title='bbox 983 3575 1043 3627; x_wconf 86' lang='grc' dir='ltr'><strong>τὸ</strong></span> <span class='ocrx_word' id='word_1_440' title='bbox 1088 3577 1503 3647; x_wconf 85' lang='grc' dir='ltr'>παραπέτασμα</span> <span class='ocrx_word' id='word_1_441' title='bbox 1555 3579 1790 3633; x_wconf 85' lang='grc' dir='ltr'>ἀνελεῖν.</span> 
     </span>
    </p>
   </div>
   <div class='ocr_carea' id='block_1_64' title="bbox 223 3658 1795 3740">
    <p class='ocr_par' dir='ltr' id='par_1_64' title="bbox 223 3658 1795 3740">
     <span class='ocr_line' id='line_1_64' title="bbox 223 3658 1795 3740; baseline 0.009 -31"><span class='ocrx_word' id='word_1_442' title='bbox 223 3658 306 3709; x_wconf 75' lang='grc' dir='ltr'><strong>Διὸ</strong></span> <span class='ocrx_word' id='word_1_443' title='bbox 352 3663 445 3713; x_wconf 75' lang='grc' dir='ltr'>καὶ</span> <span class='ocrx_word' id='word_1_444' title='bbox 493 3665 797 3718; x_wconf 75' lang='grc' dir='ltr'>ἐπαινεῖται</span> <span class='ocrx_word' id='word_1_445' title='bbox 827 3666 855 3717; x_wconf 81' lang='grc' dir='ltr'>ὁ</span> <span class='ocrx_word' id='word_1_446' title='bbox 900 3667 1139 3736; x_wconf 77' lang='grc' dir='ltr'>εἰρηκώς</span> <span class='ocrx_word' id='word_1_447' title='bbox 1167 3684 1183 3699; x_wconf 76' lang='grc' dir='ltr'><strong>ο</strong></span> <span class='ocrx_word' id='word_1_448' title='bbox 1221 3688 1239 3719; x_wconf 73' lang='grc' dir='ltr'><strong>ι</strong></span> <span class='ocrx_word' id='word_1_449' title='bbox 1275 3668 1588 3739; x_wconf 81' lang='grc' dir='ltr'>Φοϐοῦμαι,</span> <span class='ocrx_word' id='word_1_450' title='bbox 1629 3670 1705 3740; x_wconf 85' lang='grc' dir='ltr'>μὴ</span> <span class='ocrx_word' id='word_1_451' title='bbox 1727 3669 1795 3722; x_wconf 82' lang='grc' dir='ltr'>τὰ</span> 
     </span>
    </p>
   </div>
   <div class='ocr_carea' id='block_1_65' title="bbox 224 3752 1796 3829">
    <p class='ocr_par' dir='ltr' id='par_1_65' title="bbox 224 3752 1796 3829">
     <span class='ocr_line' id='line_1_65' title="bbox 224 3752 1796 3829; baseline 0.006 -27"><span class='ocrx_word' id='word_1_452' title='bbox 224 3752 561 3821; x_wconf 86' lang='grc' dir='ltr'>προσήκοντα</span> <span class='ocrx_word' id='word_1_453' title='bbox 609 3755 739 3824; x_wconf 76' lang='grc' dir='ltr'>περὶ</span> <span class='ocrx_word' id='word_1_454' title='bbox 785 3754 880 3807; x_wconf 91' lang='grc' dir='ltr'><strong>σοῦ</strong></span> <span class='ocrx_word' id='word_1_455' title='bbox 925 3754 1122 3824; x_wconf 89' lang='grc' dir='ltr'>λέγων,</span> <span class='ocrx_word' id='word_1_456' title='bbox 1177 3759 1258 3820; x_wconf 89' lang='grc' dir='ltr'>εἰς</span> <span class='ocrx_word' id='word_1_457' title='bbox 1306 3757 1369 3810; x_wconf 83' lang='grc' dir='ltr'>οὐ</span> <span class='ocrx_word' id='word_1_458' title='bbox 1418 3760 1796 3829; x_wconf 87' lang='grc' dir='ltr'>προσήκοντας</span> 
     </span>
    </p>
   </div>
   <div class='ocr_carea' id='block_1_66' title="bbox 224 3839 1800 3921">
    <p class='ocr_par' dir='ltr' id='par_1_66' title="bbox 224 3839 1800 3921">
     <span class='ocr_line' id='line_1_66' title="bbox 224 3839 1800 3921; baseline 0.008 -31"><span class='ocrx_word' id='word_1_459' title='bbox 224 3839 433 3912; x_wconf 77' lang='grc' dir='ltr'>ἐμαυτῷ</span> <span class='ocrx_word' id='word_1_460' title='bbox 455 3844 650 3912; x_wconf 88' lang='grc' dir='ltr'>λόγους</span> <span class='ocrx_word' id='word_1_461' title='bbox 672 3847 918 3915; x_wconf 73' lang='grc' dir='ltr'>ἐμπέσω.</span> <span class='ocrx_word' id='word_1_462' title='bbox 950 3865 969 3898; x_wconf 72' lang='grc' dir='ltr'><strong>ι</strong></span> <span class='ocrx_word' id='word_1_463' title='bbox 1001 3849 1210 3902; x_wconf 84' lang='grc' dir='ltr'>Οὐκοῦν</span> <span class='ocrx_word' id='word_1_464' title='bbox 1238 3851 1408 3921; x_wconf 84' lang='grc' dir='ltr'>μέσην</span> <span class='ocrx_word' id='word_1_465' title='bbox 1435 3851 1558 3903; x_wconf 82' lang='grc' dir='ltr'>τινὰ</span> <span class='ocrx_word' id='word_1_466' title='bbox 1612 3850 1800 3920; x_wconf 84' lang='grc' dir='ltr'>χώραν</span> 
     </span>
    </p>
   </div>
   <div class='ocr_carea' id='block_1_67' title="bbox 225 3928 1804 4011">
    <p class='ocr_par' dir='ltr' id='par_1_67' title="bbox 225 3928 1804 4011">
     <span class='ocr_line' id='line_1_67' title="bbox 225 3928 1804 4011; baseline 0.006 -28"><span class='ocrx_word' id='word_1_467' title='bbox 225 3928 528 4000; x_wconf 82' lang='grc' dir='ltr'>βαδιστέον,</span> <span class='ocrx_word' id='word_1_468' title='bbox 577 3935 642 3988; x_wconf 85' lang='grc' dir='ltr'>δι’</span> <span class='ocrx_word' id='word_1_469' title='bbox 671 3931 738 4007; x_wconf 84' lang='grc' dir='ltr'>ἧς</span> <span class='ocrx_word' id='word_1_470' title='bbox 803 3937 939 4006; x_wconf 81' lang='grc' dir='ltr'>μήτε</span> <span class='ocrx_word' id='word_1_471' title='bbox 989 3938 1182 3991; x_wconf 81' lang='grc' dir='ltr'>ἑαυτόν</span> <span class='ocrx_word' id='word_1_472' title='bbox 1229 3956 1315 4002; x_wconf 87' lang='grc' dir='ltr'><strong>τις</strong></span> <span class='ocrx_word' id='word_1_473' title='bbox 1356 3939 1589 4011; x_wconf 78' lang='grc' dir='ltr'>αἰσχύνῃ</span> <span class='ocrx_word' id='word_1_474' title='bbox 1622 3939 1804 4007; x_wconf 82' lang='grc' dir='ltr'>λέγων</span> 
     </span>
    </p>
   </div>
   <div class='ocr_carea' id='block_1_68' title="bbox 223 4019 1571 4101">
    <p class='ocr_par' dir='ltr' id='par_1_68' title="bbox 223 4019 1571 4101">
     <span class='ocr_line' id='line_1_68' title="bbox 223 4019 1571 4101; baseline 0.007 -28"><span class='ocrx_word' id='word_1_475' title='bbox 223 4019 256 4073; x_wconf 80' lang='grc' dir='ltr'><strong>ἀ</strong></span> <span class='ocrx_word' id='word_1_476' title='bbox 285 4024 356 4094; x_wconf 87' lang='grc' dir='ltr'>μὴ</span> <span class='ocrx_word' id='word_1_477' title='bbox 388 4025 507 4092; x_wconf 84' lang='grc' dir='ltr'>δεῖ,</span> <span class='ocrx_word' id='word_1_478' title='bbox 547 4027 684 4097; x_wconf 86' lang='grc' dir='ltr'>μήτε</span> <span class='ocrx_word' id='word_1_479' title='bbox 717 4029 926 4081; x_wconf 80' lang='grc' dir='ltr'>ἐκεῖνον</span> <span class='ocrx_word' id='word_1_480' title='bbox 955 4029 1207 4100; x_wconf 81' lang='grc' dir='ltr'>ἀνωφελῆ</span> <span class='ocrx_word' id='word_1_481' title='bbox 1242 4030 1571 4101; x_wconf 74' lang='grc' dir='ltr'>καταλείψῃ.</span> 
     </span>
    </p>
   </div>
   <div class='ocr_carea' id='block_1_69' title="bbox 527 4135 1478 4211">
    <p class='ocr_par' dir='ltr' id='par_1_69' title="bbox 527 4135 1478 4211">
     <span class='ocr_line' id='line_1_69' title="bbox 527 4135 1478 4211; baseline 0.004 -21"><span class='ocrx_word' id='word_1_482' title='bbox 527 4135 712 4191; x_wconf 82' lang='lat' dir='ltr'><strong>TMA&#39;.</strong></span> <span class='ocrx_word' id='word_1_483' title='bbox 764 4167 836 4179; x_wconf 88' lang='grc'><strong><em>-</em></strong></span> <span class='ocrx_word' id='word_1_484' title='bbox 880 4139 1142 4211; x_wconf 80' lang='grc' dir='ltr'><strong>ΕΡΜΙΝῼ</strong></span> <span class='ocrx_word' id='word_1_485' title='bbox 1181 4141 1478 4195; x_wconf 83' lang='lat' dir='ltr'><strong>KUMHTI.</strong></span> 
     </span>
    </p>
   </div>
   <div class='ocr_carea' id='block_1_70' title="bbox 1899 3201 3492 3279">
    <p class='ocr_par' dir='ltr' id='par_1_70' title="bbox 1899 3201 3492 3279">
     <span class='ocr_line' id='line_1_70' title="bbox 1899 3201 3492 3279; baseline -0.006 -13"><span class='ocrx_word' id='word_1_486' title='bbox 1899 3212 2028 3279; x_wconf 84' lang='lat' dir='ltr'><strong>Quae</strong></span> <span class='ocrx_word' id='word_1_487' title='bbox 2065 3213 2207 3268; x_wconf 88' lang='lat' dir='ltr'><strong>enim</strong></span> <span class='ocrx_word' id='word_1_488' title='bbox 2239 3211 2420 3266; x_wconf 79' lang='lat' dir='ltr'><strong>facere</strong></span> <span class='ocrx_word' id='word_1_489' title='bbox 2453 3224 2558 3263; x_wconf 93' lang='lat' dir='ltr'><strong>non</strong></span> <span class='ocrx_word' id='word_1_490' title='bbox 2587 3209 2732 3275; x_wconf 91' lang='lat' dir='ltr'><strong>licet,</strong></span> <span class='ocrx_word' id='word_1_491' title='bbox 2765 3207 2949 3262; x_wconf 88' lang='lat' dir='ltr'><strong>dicere</strong></span> <span class='ocrx_word' id='word_1_492' title='bbox 2999 3220 3106 3260; x_wconf 93' lang='lat' dir='ltr'><strong>non</strong></span> <span class='ocrx_word' id='word_1_493' title='bbox 3168 3203 3319 3258; x_wconf 83' lang='lat' dir='ltr'><strong>licet.</strong></span> <span class='ocrx_word' id='word_1_494' title='bbox 3347 3201 3492 3268; x_wconf 85' lang='lat' dir='ltr'><strong>Quid</strong></span> 
     </span>
    </p>
   </div>
   <div class='ocr_carea' id='block_1_71' title="bbox 1900 3292 3487 3376">
    <p class='ocr_par' dir='ltr' id='par_1_71' title="bbox 1900 3292 3487 3376">
     <span class='ocr_line' id='line_1_71' title="bbox 1900 3292 3487 3376; baseline -0.009 -18"><span class='ocrx_word' id='word_1_495' title='bbox 1900 3304 2066 3376; x_wconf 78' lang='lat' dir='ltr'><strong>igitur</strong></span> <span class='ocrx_word' id='word_1_496' title='bbox 2098 3303 2245 3357; x_wconf 82' lang='lat' dir='ltr'><strong>facto</strong></span> <span class='ocrx_word' id='word_1_497' title='bbox 2277 3299 2453 3371; x_wconf 85' lang='lat' dir='ltr'><strong>opus?</strong></span> <span class='ocrx_word' id='word_1_498' title='bbox 2487 3297 2541 3352; x_wconf 91' lang='lat' dir='ltr'><strong>Si</strong></span> <span class='ocrx_word' id='word_1_499' title='bbox 2576 3300 2720 3352; x_wconf 88' lang='lat' dir='ltr'><strong>enim</strong></span> <span class='ocrx_word' id='word_1_500' title='bbox 2753 3296 2993 3366; x_wconf 83' lang='lat' dir='ltr'><strong>graviter</strong></span> <span class='ocrx_word' id='word_1_501' title='bbox 3014 3293 3142 3364; x_wconf 91' lang='lat' dir='ltr'><strong>quid</strong></span> <span class='ocrx_word' id='word_1_502' title='bbox 3173 3292 3350 3354; x_wconf 86' lang='lat' dir='ltr'><strong>dicas,</strong></span> <span class='ocrx_word' id='word_1_503' title='bbox 3379 3303 3487 3344; x_wconf 84' lang='lat' dir='ltr'><strong>non</strong></span> 
     </span>
    </p>
   </div>
   <div class='ocr_carea' id='block_1_72' title="bbox 1900 3380 3488 3465">
    <p class='ocr_par' dir='ltr' id='par_1_72' title="bbox 1900 3380 3488 3465">
     <span class='ocr_line' id='line_1_72' title="bbox 1900 3380 3488 3465; baseline -0.011 -14"><span class='ocrx_word' id='word_1_504' title='bbox 1900 3395 2110 3465; x_wconf 83' lang='lat' dir='ltr'><strong>poteris</strong></span> <span class='ocrx_word' id='word_1_505' title='bbox 2165 3409 2288 3449; x_wconf 90' lang='lat' dir='ltr'><strong>eum</strong></span> <span class='ocrx_word' id='word_1_506' title='bbox 2333 3391 2425 3461; x_wconf 89' lang='lat' dir='ltr'><strong>qui</strong></span> <span class='ocrx_word' id='word_1_507' title='bbox 2474 3404 2601 3445; x_wconf 83' lang='lat' dir='ltr'><strong>reus</strong></span> <span class='ocrx_word' id='word_1_508' title='bbox 2627 3397 2732 3454; x_wconf 89' lang='lat' dir='ltr'><strong>est,</strong></span> <span class='ocrx_word' id='word_1_509' title='bbox 2779 3388 2940 3442; x_wconf 90' lang='lat' dir='ltr'><strong>dictis</strong></span> <span class='ocrx_word' id='word_1_510' title='bbox 2993 3384 3382 3454; x_wconf 87' lang='lat' dir='ltr'><strong>perstringere.</strong></span> <span class='ocrx_word' id='word_1_511' title='bbox 3427 3380 3488 3434; x_wconf 87' lang='lat' dir='ltr'><strong>Si</strong></span> 
     </span>
    </p>
   </div>
   <div class='ocr_carea' id='block_1_73' title="bbox 1900 3477 3489 3554">
    <p class='ocr_par' dir='ltr' id='par_1_73' title="bbox 1900 3477 3489 3554">
     <span class='ocr_line' id='line_1_73' title="bbox 1900 3477 3489 3554; baseline -0.009 -13"><span class='ocrx_word' id='word_1_512' title='bbox 1900 3489 2252 3543; x_wconf 79' lang='lat' dir='ltr'><strong>vehementer</strong></span> <span class='ocrx_word' id='word_1_513' title='bbox 2301 3486 2585 3554; x_wconf 86' lang='lat' dir='ltr'><strong>insurgere</strong></span> <span class='ocrx_word' id='word_1_514' title='bbox 2638 3482 2917 3547; x_wconf 88' lang='lat' dir='ltr'><strong>volueris,</strong></span> <span class='ocrx_word' id='word_1_515' title='bbox 2994 3477 3360 3533; x_wconf 89' lang='lat' dir='ltr'><strong>insinuatione</strong></span> <span class='ocrx_word' id='word_1_516' title='bbox 3403 3481 3489 3528; x_wconf 85' lang='lat' dir='ltr'><strong>est</strong></span> 
     </span>
    </p>
   </div>
   <div class='ocr_carea' id='block_1_74' title="bbox 1898 3567 3489 3650">
    <p class='ocr_par' dir='ltr' id='par_1_74' title="bbox 1898 3567 3489 3650">
     <span class='ocr_line' id='line_1_74' title="bbox 1898 3567 3489 3650; baseline -0.009 -16"><span class='ocrx_word' id='word_1_517' title='bbox 1898 3594 2082 3650; x_wconf 91' lang='lat' dir='ltr'><strong>opus,</strong></span> <span class='ocrx_word' id='word_1_518' title='bbox 2139 3588 2196 3633; x_wconf 89' lang='lat' dir='ltr'><strong>et</strong></span> <span class='ocrx_word' id='word_1_519' title='bbox 2252 3578 2559 3633; x_wconf 87' lang='lat' dir='ltr'><strong>velamento</strong></span> <span class='ocrx_word' id='word_1_520' title='bbox 2623 3573 2906 3628; x_wconf 88' lang='lat' dir='ltr'><strong>utendum.</strong></span> <span class='ocrx_word' id='word_1_521' title='bbox 2974 3569 3252 3625; x_wconf 88' lang='lat' dir='ltr'><strong>Laudatur</strong></span> <span class='ocrx_word' id='word_1_522' title='bbox 3303 3567 3489 3634; x_wconf 84' lang='lat' dir='ltr'><strong>itaque</strong></span> 
     </span>
    </p>
   </div>
   <div class='ocr_carea' id='block_1_75' title="bbox 1902 3657 3490 3740">
    <p class='ocr_par' dir='ltr' id='par_1_75' title="bbox 1902 3657 3490 3740">
     <span class='ocr_line' id='line_1_75' title="bbox 1902 3657 3490 3740; baseline -0.008 -16"><span class='ocrx_word' id='word_1_523' title='bbox 1902 3671 2152 3740; x_wconf 89' lang='lat' dir='ltr'><strong>quisquis</strong></span> <span class='ocrx_word' id='word_1_524' title='bbox 2174 3669 2311 3724; x_wconf 87' lang='lat' dir='ltr'><strong>dixit</strong></span> <span class='ocrx_word' id='word_1_525' title='bbox 2347 3685 2361 3723; x_wconf 87' lang='lat'><strong>:</strong></span> <span class='ocrx_word' id='word_1_526' title='bbox 2405 3687 2424 3720; x_wconf 77' lang='grc' dir='ltr'>σ</span> <span class='ocrx_word' id='word_1_527' title='bbox 2466 3665 2674 3722; x_wconf 75' lang='lat' dir='ltr'><strong>Vereor</strong></span> <span class='ocrx_word' id='word_1_528' title='bbox 2701 3679 2788 3730; x_wconf 87' lang='lat' dir='ltr'><strong>ne,</strong></span> <span class='ocrx_word' id='word_1_529' title='bbox 2833 3664 2877 3719; x_wconf 90' lang='lat' dir='ltr'><strong>si</strong></span> <span class='ocrx_word' id='word_1_530' title='bbox 2909 3676 3029 3732; x_wconf 66' lang='lat' dir='ltr'><strong>quae</strong></span> <span class='ocrx_word' id='word_1_531' title='bbox 3063 3659 3394 3715; x_wconf 87' lang='lat' dir='ltr'><strong>conveniunt</strong></span> <span class='ocrx_word' id='word_1_532' title='bbox 3421 3657 3490 3712; x_wconf 86' lang='lat' dir='ltr'><strong>de</strong></span> 
     </span>
    </p>
   </div>
   <div class='ocr_carea' id='block_1_76' title="bbox 1903 3748 3488 3827">
    <p class='ocr_par' dir='ltr' id='par_1_76' title="bbox 1903 3748 3488 3827">
     <span class='ocr_line' id='line_1_76' title="bbox 1903 3748 3488 3827; baseline -0.008 -13"><span class='ocrx_word' id='word_1_533' title='bbox 1903 3769 1956 3816; x_wconf 90' lang='lat' dir='ltr'><strong>te</strong></span> <span class='ocrx_word' id='word_1_534' title='bbox 2002 3762 2216 3822; x_wconf 79' lang='lat' dir='ltr'><strong>dixero,</strong></span> <span class='ocrx_word' id='word_1_535' title='bbox 2257 3775 2343 3814; x_wconf 89' lang='lat' dir='ltr'><strong>me</strong></span> <span class='ocrx_word' id='word_1_536' title='bbox 2394 3759 2613 3827; x_wconf 83' lang='lat' dir='ltr'><strong>indigna</strong></span> <span class='ocrx_word' id='word_1_537' title='bbox 2688 3757 2864 3811; x_wconf 91' lang='lat' dir='ltr'><strong>dicam</strong></span> <span class='ocrx_word' id='word_1_538' title='bbox 2914 3753 2985 3807; x_wconf 83' lang='grc'><strong>⁸⁷.</strong></span> <span class='ocrx_word' id='word_1_539' title='bbox 3021 3771 3041 3805; x_wconf 70' lang='grc' dir='ltr'><strong>ι</strong></span> <span class='ocrx_word' id='word_1_540' title='bbox 3091 3751 3263 3806; x_wconf 77' lang='lat' dir='ltr'><strong>Media</strong></span> <span class='ocrx_word' id='word_1_541' title='bbox 3322 3748 3488 3818; x_wconf 83' lang='lat' dir='ltr'><strong>igitur</strong></span> 
     </span>
    </p>
   </div>
   <div class='ocr_carea' id='block_1_77' title="bbox 1897 3842 3486 3921">
    <p class='ocr_par' dir='ltr' id='par_1_77' title="bbox 1897 3842 3486 3921">
     <span class='ocr_line' id='line_1_77' title="bbox 1897 3842 3486 3921; baseline -0.008 -16"><span class='ocrx_word' id='word_1_542' title='bbox 1897 3851 2252 3921; x_wconf 90' lang='lat' dir='ltr'><strong>gradiendum</strong></span> <span class='ocrx_word' id='word_1_543' title='bbox 2304 3859 2390 3906; x_wconf 90' lang='lat' dir='ltr'><strong>est</strong></span> <span class='ocrx_word' id='word_1_544' title='bbox 2434 3851 2564 3915; x_wconf 86' lang='lat' dir='ltr'><strong>via,</strong></span> <span class='ocrx_word' id='word_1_545' title='bbox 2613 3865 2681 3905; x_wconf 91' lang='lat' dir='ltr'><strong>ne</strong></span> <span class='ocrx_word' id='word_1_546' title='bbox 2729 3848 2852 3918; x_wconf 88' lang='lat' dir='ltr'><strong>quis</strong></span> <span class='ocrx_word' id='word_1_547' title='bbox 2907 3845 3114 3916; x_wconf 90' lang='lat' dir='ltr'><strong>pudore</strong></span> <span class='ocrx_word' id='word_1_548' title='bbox 3173 3842 3486 3906; x_wconf 82' lang='lat' dir='ltr'><strong>alliciatur,</strong></span> 
     </span>
    </p>
   </div>
   <div class='ocr_carea' id='block_1_78' title="bbox 1900 3933 3488 4014">
    <p class='ocr_par' dir='ltr' id='par_1_78' title="bbox 1900 3933 3488 4014">
     <span class='ocr_line' id='line_1_78' title="bbox 1900 3933 3488 4014; baseline -0.006 -17"><span class='ocrx_word' id='word_1_549' title='bbox 1900 3944 2133 3998; x_wconf 89' lang='lat' dir='ltr'><strong>dicendo</strong></span> <span class='ocrx_word' id='word_1_550' title='bbox 2182 3959 2305 4014; x_wconf 73' lang='lat' dir='ltr'><strong>qua:</strong></span> <span class='ocrx_word' id='word_1_551' title='bbox 2355 3958 2464 3998; x_wconf 90' lang='lat' dir='ltr'><strong>non</strong></span> <span class='ocrx_word' id='word_1_552' title='bbox 2512 3950 2772 4012; x_wconf 89' lang='lat' dir='ltr'><strong>oportet,</strong></span> <span class='ocrx_word' id='word_1_553' title='bbox 2827 3953 3004 4009; x_wconf 89' lang='lat' dir='ltr'><strong>neque</strong></span> <span class='ocrx_word' id='word_1_554' title='bbox 3058 3936 3218 3992; x_wconf 89' lang='lat' dir='ltr'><strong>alteri</strong></span> <span class='ocrx_word' id='word_1_555' title='bbox 3275 3933 3488 3990; x_wconf 87' lang='lat' dir='ltr'><strong>inutilia</strong></span> 
     </span>
    </p>
   </div>
   <div class='ocr_carea' id='block_1_79' title="bbox 1899 4045 2165 4089">
    <p class='ocr_par' dir='ltr' id='par_1_79' title="bbox 1899 4045 2165 4089">
     <span class='ocr_line' id='line_1_79' title="bbox 1899 4045 2165 4089; baseline 0.004 -2"><span class='ocrx_word' id='word_1_556' title='bbox 1899 4045 2165 4089; x_wconf 87' lang='lat' dir='ltr'><strong>assumat.</strong></span> 
     </span>
    </p>
   </div>
   <div class='ocr_carea' id='block_1_80' title="bbox 2079 4137 3286 4216">
    <p class='ocr_par' dir='ltr' id='par_1_80' title="bbox 2079 4137 3286 4216">
     <span class='ocr_line' id='line_1_80' title="bbox 2079 4137 3286 4216; baseline -0.008 -15"><span class='ocrx_word' id='word_1_557' title='bbox 2079 4145 2242 4216; x_wconf 72' lang='lat'><strong>363</strong></span> <span class='ocrx_word' id='word_1_558' title='bbox 2292 4142 2556 4199; x_wconf 83' lang='lat' dir='ltr'><strong>CCCxu.</strong></span> <span class='ocrx_word' id='word_1_559' title='bbox 2588 4172 2659 4183; x_wconf 88' lang='grc'><strong><em>-</em></strong></span> <span class='ocrx_word' id='word_1_560' title='bbox 2689 4141 2999 4198; x_wconf 80' lang='lat' dir='ltr'><strong>HERMINO</strong></span> <span class='ocrx_word' id='word_1_561' title='bbox 3027 4137 3286 4196; x_wconf 74' lang='lat' dir='ltr'><strong>comm.</strong></span> 
     </span>
    </p>
   </div>
   <div class='ocr_carea' id='block_1_81' title="bbox 1163 4221 2556 4312">
    <p class='ocr_par' dir='ltr' id='par_1_81' title="bbox 1163 4221 2556 4312">
     <span class='ocr_line' id='line_1_81' title="bbox 1163 4221 2556 4312; baseline 0.004 -22"><span class='ocrx_word' id='word_1_562' title='bbox 1163 4235 1303 4291; x_wconf 90' lang='lat' dir='ltr'><strong>Boni</strong></span> <span class='ocrx_word' id='word_1_563' title='bbox 1331 4237 1545 4293; x_wconf 70' lang='lat' dir='ltr'><strong>invidia:</strong></span> <span class='ocrx_word' id='word_1_564' title='bbox 1570 4239 1806 4294; x_wconf 74' lang='lat' dir='ltr'><strong>obnoxii.</strong></span> <span class='ocrx_word' id='word_1_565' title='bbox 1837 4221 2020 4312; x_wconf 79' lang='lat' dir='ltr'><strong>(Canf.</strong></span> <span class='ocrx_word' id='word_1_566' title='bbox 2052 4244 2205 4311; x_wconf 80' lang='lat' dir='ltr'><strong>epist.</strong></span> <span class='ocrx_word' id='word_1_567' title='bbox 2232 4241 2303 4295; x_wconf 72' lang='grc'><strong>29</strong></span> <span class='ocrx_word' id='word_1_568' title='bbox 2327 4245 2373 4295; x_wconf 79' lang='lat' dir='ltr'><strong>et</strong></span> <span class='ocrx_word' id='word_1_569' title='bbox 2402 4239 2556 4311; x_wconf 73' lang='lat'><strong>59.6.)</strong></span> 
     </span>
    </p>
   </div>
   <div class='ocr_carea' id='block_1_82' title="bbox 290 4339 1788 4422">
    <p class='ocr_par' dir='ltr' id='par_1_82' title="bbox 290 4339 1788 4422">
     <span class='ocr_line' id='line_1_82' title="bbox 290 4339 1788 4422; baseline 0.008 -32"><span class='ocrx_word' id='word_1_570' title='bbox 290 4339 519 4397; x_wconf 83' lang='grc' dir='ltr'>Εἰὼθασι</span> <span class='ocrx_word' id='word_1_571' title='bbox 557 4342 742 4398; x_wconf 76' lang='grc' dir='ltr'>πολλοὶ</span> <span class='ocrx_word' id='word_1_572' title='bbox 783 4345 862 4415; x_wconf 81' lang='grc' dir='ltr'>τῷ</span> <span class='ocrx_word' id='word_1_573' title='bbox 891 4347 956 4399; x_wconf 78' lang='grc' dir='ltr'>ἐκ</span> <span class='ocrx_word' id='word_1_574' title='bbox 993 4347 1092 4416; x_wconf 86' lang='grc' dir='ltr'>τῆς</span> <span class='ocrx_word' id='word_1_575' title='bbox 1135 4349 1274 4415; x_wconf 77' lang='grc' dir='ltr'>ἄγαν</span> <span class='ocrx_word' id='word_1_576' title='bbox 1303 4348 1506 4419; x_wconf 82' lang='grc' dir='ltr'>ἀρετῆς</span> <span class='ocrx_word' id='word_1_577' title='bbox 1532 4348 1788 4422; x_wconf 87' lang='grc' dir='ltr'>λαμπρυ-</span> 
     </span>
    </p>
   </div>
   <div class='ocr_carea' id='block_1_83' title="bbox 224 4431 1786 4511">
    <p class='ocr_par' dir='ltr' id='par_1_83' title="bbox 224 4431 1786 4511">
     <span class='ocr_line' id='line_1_83' title="bbox 224 4431 1786 4511; baseline 0.01 -31"><span class='ocrx_word' id='word_1_578' title='bbox 224 4431 422 4503; x_wconf 87' lang='grc' dir='ltr'>νομένῳ</span> <span class='ocrx_word' id='word_1_579' title='bbox 450 4433 688 4503; x_wconf 83' lang='grc' dir='ltr'>φθονεῖν,</span> <span class='ocrx_word' id='word_1_580' title='bbox 733 4437 949 4507; x_wconf 78' lang='grc' dir='ltr'>ἐπαχθῆ</span> <span class='ocrx_word' id='word_1_581' title='bbox 994 4438 1104 4510; x_wconf 90' lang='grc' dir='ltr'><strong>γάρ</strong></span> <span class='ocrx_word' id='word_1_582' title='bbox 1127 4439 1225 4492; x_wconf 79' lang='grc' dir='ltr'><strong>καὶ</strong></span> <span class='ocrx_word' id='word_1_583' title='bbox 1263 4441 1521 4511; x_wconf 86' lang='grc' dir='ltr'>φορτικὸν</span> <span class='ocrx_word' id='word_1_584' title='bbox 1547 4441 1786 4511; x_wconf 81' lang='grc' dir='ltr'>ἡγούμε-</span> 
     </span>
    </p>
   </div>
   <div class='ocr_carea' id='block_1_84' title="bbox 1968 4343 3482 4421">
    <p class='ocr_par' dir='ltr' id='par_1_84' title="bbox 1968 4343 3482 4421">
     <span class='ocr_line' id='line_1_84' title="bbox 1968 4343 3482 4421; baseline -0.007 -16"><span class='ocrx_word' id='word_1_585' title='bbox 1968 4351 2416 4421; x_wconf 87' lang='lat' dir='ltr'><strong>Soleutplerique</strong></span> <span class='ocrx_word' id='word_1_586' title='bbox 2446 4351 2495 4404; x_wconf 87' lang='lat' dir='ltr'><strong>ei</strong></span> <span class='ocrx_word' id='word_1_587' title='bbox 2527 4350 2788 4415; x_wconf 88' lang='lat' dir='ltr'><strong>invidere,</strong></span> <span class='ocrx_word' id='word_1_588' title='bbox 2825 4347 2915 4417; x_wconf 93' lang='lat' dir='ltr'><strong>qui</strong></span> <span class='ocrx_word' id='word_1_589' title='bbox 2949 4346 3146 4399; x_wconf 90' lang='lat' dir='ltr'><strong>virtute</strong></span> <span class='ocrx_word' id='word_1_590' title='bbox 3175 4344 3245 4399; x_wconf 91' lang='lat' dir='ltr'><strong>sit</strong></span> <span class='ocrx_word' id='word_1_591' title='bbox 3275 4343 3482 4408; x_wconf 88' lang='lat' dir='ltr'><strong>clarus,</strong></span> 
     </span>
    </p>
   </div>
   <div class='ocr_carea' id='block_1_85' title="bbox 1817 4423 3474 4502">
    <p class='ocr_par' dir='ltr' id='par_1_85' title="bbox 1817 4423 3474 4502">
     <span class='ocr_line' id='line_1_85' title="bbox 1817 4423 3474 4502; baseline -0.004 -10"><span class='ocrx_word' id='word_1_592' title='bbox 1817 4423 1862 4478; x_wconf 73' lang='grc' dir='ltr'>Π</span> <span class='ocrx_word' id='word_1_593' title='bbox 1890 4438 1996 4492; x_wconf 87' lang='lat' dir='ltr'><strong>rati</strong></span> <span class='ocrx_word' id='word_1_594' title='bbox 2027 4438 2310 4492; x_wconf 90' lang='lat' dir='ltr'><strong>molestum</strong></span> <span class='ocrx_word' id='word_1_595' title='bbox 2345 4448 2400 4494; x_wconf 88' lang='lat' dir='ltr'><strong>et</strong></span> <span class='ocrx_word' id='word_1_596' title='bbox 2453 4436 2848 4492; x_wconf 87' lang='lat' dir='ltr'><strong>intolerabilem</strong></span> <span class='ocrx_word' id='word_1_597' title='bbox 2905 4450 3029 4489; x_wconf 90' lang='lat' dir='ltr'><strong>esse</strong></span> <span class='ocrx_word' id='word_1_598' title='bbox 3080 4449 3203 4488; x_wconf 89' lang='lat' dir='ltr'><strong>eum</strong></span> <span class='ocrx_word' id='word_1_599' title='bbox 3245 4435 3336 4502; x_wconf 91' lang='lat' dir='ltr'><strong>qui</strong></span> <span class='ocrx_word' id='word_1_600' title='bbox 3366 4448 3474 4487; x_wconf 86' lang='lat' dir='ltr'><strong>non</strong></span> 
     </span>
    </p>
   </div>
   <div class='ocr_carea' id='block_1_86' title="bbox 225 4525 1871 4605">
    <p class='ocr_par' dir='ltr' id='par_1_86' title="bbox 225 4525 1789 4605">
     <span class='ocr_line' id='line_1_86' title="bbox 225 4525 1789 4605; baseline 0.009 -31"><span class='ocrx_word' id='word_1_601' title='bbox 225 4538 295 4575; x_wconf 89' lang='grc' dir='ltr'><strong>νοι</strong></span> <span class='ocrx_word' id='word_1_602' title='bbox 322 4525 408 4577; x_wconf 83' lang='grc' dir='ltr'><strong>τὸν</strong></span> <span class='ocrx_word' id='word_1_603' title='bbox 439 4527 514 4596; x_wconf 86' lang='grc' dir='ltr'>μὴ</span> <span class='ocrx_word' id='word_1_604' title='bbox 562 4527 630 4580; x_wconf 82' lang='grc' dir='ltr'>τὰ</span> <span class='ocrx_word' id='word_1_605' title='bbox 675 4529 818 4582; x_wconf 84' lang='grc' dir='ltr'><strong>αὐτά</strong></span> <span class='ocrx_word' id='word_1_606' title='bbox 848 4534 963 4595; x_wconf 84' lang='grc' dir='ltr'>τοῖς</span> <span class='ocrx_word' id='word_1_607' title='bbox 1014 4532 1198 4596; x_wconf 84' lang='grc' dir='ltr'>αὐτοῖς</span> <span class='ocrx_word' id='word_1_608' title='bbox 1247 4533 1481 4605; x_wconf 90' lang='grc' dir='ltr'>δρῶντα,</span> <span class='ocrx_word' id='word_1_609' title='bbox 1527 4533 1642 4587; x_wconf 89' lang='grc' dir='ltr'>ἀλλ’</span> <span class='ocrx_word' id='word_1_610' title='bbox 1676 4535 1789 4588; x_wconf 81' lang='grc' dir='ltr'><strong>ἀπὸ</strong></span> 
     </span>
    </p>
   </div>
   <div class='ocr_carea' id='block_1_87' title="bbox 1912 4525 3480 4605">
    <p class='ocr_par' dir='ltr' id='par_1_87' title="bbox 1912 4526 3480 4601">
     <span class='ocr_line' id='line_1_87' title="bbox 1912 4526 3480 4601; baseline -0.004 -18"><span class='ocrx_word' id='word_1_611' title='bbox 1912 4529 2083 4583; x_wconf 78' lang='lat' dir='ltr'><strong>:adem</strong></span> <span class='ocrx_word' id='word_1_612' title='bbox 2113 4543 2234 4598; x_wconf 72' lang='lat' dir='ltr'><strong>qua:</strong></span> <span class='ocrx_word' id='word_1_613' title='bbox 2276 4529 2378 4599; x_wconf 91' lang='lat' dir='ltr'><strong>ipsi</strong></span> <span class='ocrx_word' id='word_1_614' title='bbox 2409 4537 2574 4601; x_wconf 86' lang='lat' dir='ltr'><strong>agat,</strong></span> <span class='ocrx_word' id='word_1_615' title='bbox 2629 4529 2722 4583; x_wconf 90' lang='lat' dir='ltr'><strong>sed</strong></span> <span class='ocrx_word' id='word_1_616' title='bbox 2756 4528 3083 4597; x_wconf 89' lang='lat' dir='ltr'><strong>optimorum</strong></span> <span class='ocrx_word' id='word_1_617' title='bbox 3128 4526 3480 4596; x_wconf 67' lang='lat' dir='ltr'><strong>prmrogativa</strong></span> 
     </span>
    </p>
   </div>
   <div class='ocr_carea' id='block_1_88' title="bbox 223 4615 1871 4694">
    <p class='ocr_par' dir='ltr' id='par_1_88' title="bbox 223 4615 1789 4694">
     <span class='ocr_line' id='line_1_88' title="bbox 223 4615 1789 4694; baseline 0.008 -29"><span class='ocrx_word' id='word_1_618' title='bbox 223 4615 322 4666; x_wconf 84' lang='grc' dir='ltr'><strong>τῶν</strong></span> <span class='ocrx_word' id='word_1_619' title='bbox 373 4620 674 4674; x_wconf 82' lang='grc' dir='ltr'>καλλίστων</span> <span class='ocrx_word' id='word_1_620' title='bbox 715 4623 1029 4693; x_wconf 84' lang='grc' dir='ltr'>προνομίων</span> <span class='ocrx_word' id='word_1_621' title='bbox 1082 4623 1531 4694; x_wconf 82' lang='grc' dir='ltr'>ὲναὸρυνόμενον,</span> <span class='ocrx_word' id='word_1_622' title='bbox 1572 4625 1668 4678; x_wconf 81' lang='grc' dir='ltr'>ἅτε</span> <span class='ocrx_word' id='word_1_623' title='bbox 1694 4627 1789 4678; x_wconf 78' lang='grc' dir='ltr'><strong>τὸν</strong></span> 
     </span>
    </p>
   </div>
   <div class='ocr_carea' id='block_1_89' title="bbox 1912 4615 3482 4694">
    <p class='ocr_par' dir='ltr' id='par_1_89' title="bbox 1912 4619 3482 4691">
     <span class='ocr_line' id='line_1_89' title="bbox 1912 4619 3482 4691; baseline -0.005 -13"><span class='ocrx_word' id='word_1_624' title='bbox 1912 4622 2240 4688; x_wconf 77' lang='lat' dir='ltr'><strong>zloriantem,</strong></span> <span class='ocrx_word' id='word_1_625' title='bbox 2269 4623 2425 4691; x_wconf 88' lang='lat' dir='ltr'><strong>quasi</strong></span> <span class='ocrx_word' id='word_1_626' title='bbox 2460 4622 2678 4676; x_wconf 90' lang='lat' dir='ltr'><strong>illorum</strong></span> <span class='ocrx_word' id='word_1_627' title='bbox 2698 4621 2866 4675; x_wconf 86' lang='lat' dir='ltr'><strong>vitam</strong></span> <span class='ocrx_word' id='word_1_628' title='bbox 2894 4619 3276 4689; x_wconf 80' lang='lat' dir='ltr'><strong>reprehendat,</strong></span> <span class='ocrx_word' id='word_1_629' title='bbox 3311 4619 3482 4672; x_wconf 87' lang='lat' dir='ltr'><strong>malc-</strong></span> 
     </span>
    </p>
   </div>
   <div class='ocr_carea' id='block_1_90' title="bbox 226 4705 1871 4786">
    <p class='ocr_par' dir='ltr' id='par_1_90' title="bbox 226 4705 1788 4786">
     <span class='ocr_line' id='line_1_90' title="bbox 226 4705 1788 4786; baseline 0.008 -31"><span class='ocrx_word' id='word_1_630' title='bbox 226 4705 363 4773; x_wconf 83' lang='grc' dir='ltr'>σφῶν</span> <span class='ocrx_word' id='word_1_631' title='bbox 414 4709 529 4779; x_wconf 87' lang='grc' dir='ltr'>βίον</span> <span class='ocrx_word' id='word_1_632' title='bbox 586 4710 900 4782; x_wconf 78' lang='grc' dir='ltr'>ἐλέγχοντα,</span> <span class='ocrx_word' id='word_1_633' title='bbox 953 4715 1072 4777; x_wconf 79' lang='grc' dir='ltr'>ταῖς</span> <span class='ocrx_word' id='word_1_634' title='bbox 1129 4713 1495 4786; x_wconf 83' lang='grc' dir='ltr'>κακηγορίαις</span> <span class='ocrx_word' id='word_1_635' title='bbox 1542 4714 1639 4769; x_wconf 71' lang='grc' dir='ltr'><strong>κα)⁸</strong></span> <span class='ocrx_word' id='word_1_636' title='bbox 1663 4717 1788 4779; x_wconf 89' lang='grc' dir='ltr'>ταῖς</span> 
     </span>
    </p>
   </div>
   <div class='ocr_carea' id='block_1_91' title="bbox 1912 4705 3480 4786">
    <p class='ocr_par' dir='ltr' id='par_1_91' title="bbox 1912 4711 3480 4784">
     <span class='ocr_line' id='line_1_91' title="bbox 1912 4711 3480 4784; baseline -0.001 -16"><span class='ocrx_word' id='word_1_637' title='bbox 1912 4715 2053 4768; x_wconf 89' lang='lat' dir='ltr'><strong>lictis</strong></span> <span class='ocrx_word' id='word_1_638' title='bbox 2080 4724 2242 4783; x_wconf 90' lang='lat' dir='ltr'><strong>atque</strong></span> <span class='ocrx_word' id='word_1_639' title='bbox 2271 4714 2482 4770; x_wconf 89' lang='lat' dir='ltr'><strong>insidiis</strong></span> <span class='ocrx_word' id='word_1_640' title='bbox 2524 4723 2751 4784; x_wconf 85' lang='lat' dir='ltr'><strong>petunt,</strong></span> <span class='ocrx_word' id='word_1_641' title='bbox 2782 4728 2947 4783; x_wconf 90' lang='lat' dir='ltr'><strong>quem</strong></span> <span class='ocrx_word' id='word_1_642' title='bbox 2977 4711 3175 4767; x_wconf 84' lang='lat' dir='ltr'><strong>imitari</strong></span> <span class='ocrx_word' id='word_1_643' title='bbox 3206 4712 3383 4782; x_wconf 88' lang='lat' dir='ltr'><strong>potius</strong></span> <span class='ocrx_word' id='word_1_644' title='bbox 3412 4727 3480 4766; x_wconf 85' lang='lat' dir='ltr'><strong>ac</strong></span> 
     </span>
    </p>
   </div>
   <div class='ocr_carea' id='block_1_92' title="bbox 225 4795 1871 4878">
    <p class='ocr_par' dir='ltr' id='par_1_92' title="bbox 225 4795 1780 4876">
     <span class='ocr_line' id='line_1_92' title="bbox 225 4795 1780 4876; baseline 0.009 -33"><span class='ocrx_word' id='word_1_645' title='bbox 225 4795 521 4863; x_wconf 71' lang='grc' dir='ltr'>ἐπιϐουλαῖς</span> <span class='ocrx_word' id='word_1_646' title='bbox 546 4801 852 4872; x_wconf 88' lang='grc' dir='ltr'>βάλλουσιν,</span> <span class='ocrx_word' id='word_1_647' title='bbox 899 4803 961 4856; x_wconf 87' lang='grc' dir='ltr'>ὃν</span> <span class='ocrx_word' id='word_1_648' title='bbox 1005 4804 1101 4857; x_wconf 79' lang='grc' dir='ltr'>καὶ</span> <span class='ocrx_word' id='word_1_649' title='bbox 1127 4805 1326 4873; x_wconf 81' lang='grc' dir='ltr'>ζηλουν</span> <span class='ocrx_word' id='word_1_650' title='bbox 1352 4805 1448 4858; x_wconf 78' lang='grc' dir='ltr'><strong>καὶ</strong></span> <span class='ocrx_word' id='word_1_651' title='bbox 1476 4806 1780 4876; x_wconf 83' lang='grc' dir='ltr'>στεφανοῦν</span> 
     </span>
    </p>
   </div>
   <div class='ocr_carea' id='block_1_93' title="bbox 1912 4795 2543 4878">
    <p class='ocr_par' dir='ltr' id='par_1_93' title="bbox 1912 4806 2543 4878">
     <span class='ocr_line' id='line_1_93' title="bbox 1912 4806 2543 4878; baseline 0.003 -18"><span class='ocrx_word' id='word_1_652' title='bbox 1912 4806 2206 4862; x_wconf 88' lang='lat' dir='ltr'><strong>:ollaudare</strong></span> <span class='ocrx_word' id='word_1_653' title='bbox 2236 4809 2543 4878; x_wconf 89' lang='lat' dir='ltr'><strong>oportebat.</strong></span> 
     </span>
    </p>
   </div>
   <div class='ocr_carea' id='block_1_94' title="bbox 225 4887 455 4950">
    <p class='ocr_par' dir='ltr' id='par_1_94' title="bbox 225 4887 455 4950">
     <span class='ocr_line' id='line_1_94' title="bbox 225 4887 455 4950; baseline 0.035 -10"><span class='ocrx_word' id='word_1_654' title='bbox 225 4887 455 4950; x_wconf 76' lang='grc' dir='ltr'>ὤφειλον.</span> 
     </span>
    </p>
   </div>
   <div class='ocr_carea' id='block_1_95' title="bbox 269 4908 1538 5059">
    <p class='ocr_par' dir='ltr' id='par_1_95' title="bbox 269 4908 1538 5059">
     <span class='ocr_line' id='line_1_95' title="bbox 269 4908 455 4950; baseline 0.022 -6"><span class='ocrx_word' id='word_1_655' title='bbox 269 4908 282 4926; x_wconf 57' lang='grc' dir='ltr'><strong>’ν</strong></span> <span class='ocrx_word' id='word_1_656' title='bbox 302 4908 455 4950; x_wconf 83' lang='grc' dir='ltr'>ειΑον.</span> 
     </span>
     <span class='ocr_line' id='line_1_96' title="bbox 269 4908 1538 5059; baseline 0.004 -20"><span class='ocrx_word' id='word_1_657' title='bbox 269 4908 298 4958; x_wconf 37' lang='grc' dir='ltr'>’ἲ</span> <span class='ocrx_word' id='word_1_658' title='bbox 448 4986 632 5042; x_wconf 85' lang='lat' dir='ltr'><strong>TMB&#39;.</strong></span> <span class='ocrx_word' id='word_1_659' title='bbox 667 5017 738 5028; x_wconf 83' lang='lat'><strong>—</strong></span> <span class='ocrx_word' id='word_1_660' title='bbox 788 4986 1214 5059; x_wconf 80' lang='grc' dir='ltr'><strong>ΑΝΔΡΟΜΑΧῼ</strong></span> <span class='ocrx_word' id='word_1_661' title='bbox 1241 4989 1538 5046; x_wconf 81' lang='grc' dir='ltr'><strong>ΚΟΜΗΤΙ.</strong></span> 
     </span>
    </p>
   </div>
   <div class='ocr_carea' id='block_1_96' title="bbox 2074 4987 3292 5047">
    <p class='ocr_par' dir='ltr' id='par_1_96' title="bbox 2074 4987 3292 5047">
     <span class='ocr_line' id='line_1_97' title="bbox 2074 4987 3292 5047; baseline -0.003 0"><span class='ocrx_word' id='word_1_662' title='bbox 2074 4988 2366 5047; x_wconf 81' lang='lat' dir='ltr'><strong>CCCXL&quot;.</strong></span> <span class='ocrx_word' id='word_1_663' title='bbox 2399 5019 2471 5032; x_wconf 89' lang='lat'><strong>--</strong></span> <span class='ocrx_word' id='word_1_664' title='bbox 2498 4987 2982 5046; x_wconf 80' lang='lat' dir='ltr'><strong>ANDROMACHO</strong></span> <span class='ocrx_word' id='word_1_665' title='bbox 3035 4987 3292 5044; x_wconf 82' lang='lat' dir='ltr'><strong>COMITI.</strong></span> 
     </span>
    </p>
   </div>
   <div class='ocr_carea' id='block_1_97' title="bbox 948 5081 2731 5156">
    <p class='ocr_par' dir='ltr' id='par_1_97' title="bbox 948 5081 2731 5156">
     <span class='ocr_line' id='line_1_98' title="bbox 948 5081 2731 5156; baseline 0.004 -20"><span class='ocrx_word' id='word_1_666' title='bbox 948 5081 1154 5153; x_wconf 82' lang='lat' dir='ltr'><strong>Religio</strong></span> <span class='ocrx_word' id='word_1_667' title='bbox 1178 5100 1280 5138; x_wconf 88' lang='lat' dir='ltr'><strong>non</strong></span> <span class='ocrx_word' id='word_1_668' title='bbox 1306 5087 1682 5140; x_wconf 85' lang='lat' dir='ltr'><strong>contemnenda</strong></span> <span class='ocrx_word' id='word_1_669' title='bbox 1706 5102 1770 5141; x_wconf 79' lang='lat' dir='ltr'><strong>ea:</strong></span> <span class='ocrx_word' id='word_1_670' title='bbox 1790 5087 2045 5156; x_wconf 71' lang='lat' dir='ltr'><strong>perversis</strong></span> <span class='ocrx_word' id='word_1_671' title='bbox 2079 5087 2440 5154; x_wconf 80' lang='lat' dir='ltr'><strong>proﬁtentium</strong></span> <span class='ocrx_word' id='word_1_672' title='bbox 2467 5085 2731 5143; x_wconf 77' lang='lat' dir='ltr'><strong>moribus.</strong></span> 
     </span>
    </p>
   </div>
   <div class='ocr_carea' id='block_1_98' title="bbox 287 5191 1780 5270">
    <p class='ocr_par' dir='ltr' id='par_1_98' title="bbox 287 5191 1780 5270">
     <span class='ocr_line' id='line_1_99' title="bbox 287 5191 1780 5270; baseline 0.007 -27"><span class='ocrx_word' id='word_1_673' title='bbox 287 5191 413 5248; x_wconf 83' lang='grc' dir='ltr'>Δίαν</span> <span class='ocrx_word' id='word_1_674' title='bbox 468 5195 568 5265; x_wconf 82' lang='grc' dir='ltr'>τῆς</span> <span class='ocrx_word' id='word_1_675' title='bbox 622 5197 721 5266; x_wconf 82' lang='grc' dir='ltr'><strong>σῆς</strong></span> <span class='ocrx_word' id='word_1_676' title='bbox 787 5197 1242 5268; x_wconf 76' lang='grc' dir='ltr'>καταψηφίζομαι</span> <span class='ocrx_word' id='word_1_677' title='bbox 1297 5199 1645 5270; x_wconf 79' lang='grc' dir='ltr'>ἀϐελτηρίας,</span> <span class='ocrx_word' id='word_1_678' title='bbox 1698 5201 1780 5254; x_wconf 82' lang='grc' dir='ltr'><strong>ὅτι</strong></span> 
     </span>
    </p>
   </div>
   <div class='ocr_carea' id='block_1_99' title="bbox 224 5279 1771 5361">
    <p class='ocr_par' dir='ltr' id='par_1_99' title="bbox 224 5279 1771 5361">
     <span class='ocr_line' id='line_1_100' title="bbox 224 5279 1771 5361; baseline 0.006 -26"><span class='ocrx_word' id='word_1_679' title='bbox 224 5279 313 5334; x_wconf 73' lang='grc' dir='ltr'>οὐκ</span> <span class='ocrx_word' id='word_1_680' title='bbox 340 5287 502 5358; x_wconf 79' lang='grc' dir='ltr'>αὐτὴν</span> <span class='ocrx_word' id='word_1_681' title='bbox 523 5287 645 5342; x_wconf 81' lang='grc' dir='ltr'>καθ’</span> <span class='ocrx_word' id='word_1_682' title='bbox 682 5288 880 5359; x_wconf 80' lang='grc' dir='ltr'>ἑαυτὴν</span> <span class='ocrx_word' id='word_1_683' title='bbox 909 5289 1084 5359; x_wconf 85' lang='grc' dir='ltr'>κρίνει</span> <span class='ocrx_word' id='word_1_684' title='bbox 1135 5290 1230 5361; x_wconf 81' lang='grc' dir='ltr'>τὴν</span> <span class='ocrx_word' id='word_1_685' title='bbox 1271 5289 1423 5343; x_wconf 87' lang='grc' dir='ltr'>θείαν</span> <span class='ocrx_word' id='word_1_686' title='bbox 1452 5291 1771 5360; x_wconf 85' lang='grc' dir='ltr'>θρησκείαν,</span> 
     </span>
    </p>
   </div>
   <div class='ocr_carea' id='block_1_100' title="bbox 1960 5187 3474 5265">
    <p class='ocr_par' dir='ltr' id='par_1_100' title="bbox 1960 5187 3474 5265">
     <span class='ocr_line' id='line_1_101' title="bbox 1960 5187 3474 5265; baseline -0.005 -17"><span class='ocrx_word' id='word_1_687' title='bbox 1960 5195 2222 5265; x_wconf 87' lang='lat' dir='ltr'><strong>Equidem</strong></span> <span class='ocrx_word' id='word_1_688' title='bbox 2283 5204 2429 5250; x_wconf 88' lang='lat' dir='ltr'><strong>tuam</strong></span> <span class='ocrx_word' id='word_1_689' title='bbox 2488 5208 2818 5263; x_wconf 85' lang='lat' dir='ltr'><strong>magnopere</strong></span> <span class='ocrx_word' id='word_1_690' title='bbox 2879 5194 3079 5248; x_wconf 89' lang='lat' dir='ltr'><strong>damno</strong></span> <span class='ocrx_word' id='word_1_691' title='bbox 3137 5187 3420 5246; x_wconf 86' lang='lat' dir='ltr'><strong>vesaniam</strong></span> <span class='ocrx_word' id='word_1_692' title='bbox 3458 5228 3474 5251; x_wconf 88' lang='lat'><strong>,</strong></span> 
     </span>
    </p>
   </div>
   <div class='ocr_carea' id='block_1_101' title="bbox 1894 5282 3474 5361">
    <p class='ocr_par' dir='ltr' id='par_1_101' title="bbox 1894 5282 3474 5361">
     <span class='ocr_line' id='line_1_102' title="bbox 1894 5282 3474 5361; baseline -0.008 -15"><span class='ocrx_word' id='word_1_693' title='bbox 1894 5293 2035 5361; x_wconf 89' lang='lat' dir='ltr'><strong>quod</strong></span> <span class='ocrx_word' id='word_1_694' title='bbox 2093 5290 2264 5361; x_wconf 88' lang='lat' dir='ltr'><strong>ipsam</strong></span> <span class='ocrx_word' id='word_1_695' title='bbox 2305 5306 2413 5346; x_wconf 89' lang='lat' dir='ltr'><strong>non</strong></span> <span class='ocrx_word' id='word_1_696' title='bbox 2455 5305 2523 5345; x_wconf 91' lang='lat' dir='ltr'><strong>cx</strong></span> <span class='ocrx_word' id='word_1_697' title='bbox 2566 5305 2624 5344; x_wconf 91' lang='lat' dir='ltr'><strong>se</strong></span> <span class='ocrx_word' id='word_1_698' title='bbox 2663 5287 2872 5358; x_wconf 73' lang='lat' dir='ltr'><strong>iudicet</strong></span> <span class='ocrx_word' id='word_1_699' title='bbox 2918 5286 3259 5357; x_wconf 83' lang='lat' dir='ltr'><strong>religionem,</strong></span> <span class='ocrx_word' id='word_1_700' title='bbox 3287 5282 3380 5339; x_wconf 82' lang='lat' dir='ltr'><strong>sed</strong></span> <span class='ocrx_word' id='word_1_701' title='bbox 3412 5292 3474 5335; x_wconf 70' lang='lat' dir='ltr'><strong>ea</strong></span> 
     </span>
    </p>
   </div>
   <div class='ocr_carea' id='block_1_102' title="bbox 258 5429 1871 5521">
    <p class='ocr_par' dir='ltr' id='par_1_102' title="bbox 258 5429 1871 5521">
     <span class='ocr_line' id='line_1_103' title="bbox 258 5429 1871 5521; baseline -0.007 -13"><span class='ocrx_word' id='word_1_702' title='bbox 258 5429 714 5521; x_wconf 38' lang='grc' dir='ltr'><strong>Ῐξέῖθηλιινειιιι</strong></span> <span class='ocrx_word' id='word_1_703' title='bbox 777 5441 823 5474; x_wconf 83' lang='grc'>⁸³</span> <span class='ocrx_word' id='word_1_704' title='bbox 852 5441 986 5498; x_wconf 89' lang='lat' dir='ltr'><strong>Gen.</strong></span> <span class='ocrx_word' id='word_1_705' title='bbox 1028 5458 1111 5509; x_wconf 82' lang='lat' dir='ltr'><strong>tu,</strong></span> <span class='ocrx_word' id='word_1_706' title='bbox 1167 5443 1250 5497; x_wconf 82' lang='grc'><strong>19.</strong></span> <span class='ocrx_word' id='word_1_707' title='bbox 1292 5443 1338 5475; x_wconf 74' lang='grc'><strong>⁸⁸</strong></span> <span class='ocrx_word' id='word_1_708' title='bbox 1373 5442 1652 5509; x_wconf 80' lang='lat' dir='ltr'><strong>Psal.xxt,</strong></span> <span class='ocrx_word' id='word_1_709' title='bbox 1688 5444 1742 5498; x_wconf 85' lang='lat'><strong>6.</strong></span> <span class='ocrx_word' id='word_1_710' title='bbox 1787 5444 1871 5497; x_wconf 80' lang='grc'><strong>³³⁵1</strong></span> 
     </span>
    </p>
   </div>
   <div class='ocr_carea' id='block_1_103' title="bbox 1912 5429 3472 5521">
    <p class='ocr_par' dir='ltr' id='par_1_103' title="bbox 1912 5439 3472 5513">
     <span class='ocr_line' id='line_1_104' title="bbox 1912 5439 3472 5513; baseline -0.003 -15"><span class='ocrx_word' id='word_1_711' title='bbox 1912 5459 2020 5498; x_wconf 89' lang='lat' dir='ltr'><strong>om.</strong></span> <span class='ocrx_word' id='word_1_712' title='bbox 2057 5459 2154 5505; x_wconf 86' lang='lat' dir='ltr'><strong>vn,</strong></span> <span class='ocrx_word' id='word_1_713' title='bbox 2185 5443 2275 5498; x_wconf 71' lang='grc'>24.</span> <span class='ocrx_word' id='word_1_714' title='bbox 2367 5442 2414 5474; x_wconf 78' lang='grc'><strong>⁸⁸</strong></span> <span class='ocrx_word' id='word_1_715' title='bbox 2445 5441 2656 5513; x_wconf 84' lang='lat' dir='ltr'><strong>Philipp</strong></span> <span class='ocrx_word' id='word_1_716' title='bbox 2699 5458 2758 5508; x_wconf 88' lang='lat' dir='ltr'><strong>tt,</strong></span> <span class='ocrx_word' id='word_1_717' title='bbox 2813 5443 2870 5497; x_wconf 85' lang='lat'><strong>6.</strong></span> <span class='ocrx_word' id='word_1_718' title='bbox 2954 5442 3000 5476; x_wconf 83' lang='grc'><strong>⁸⁷</strong></span> <span class='ocrx_word' id='word_1_719' title='bbox 3036 5441 3218 5499; x_wconf 85' lang='lat' dir='ltr'><strong>Cicer.</strong></span> <span class='ocrx_word' id='word_1_720' title='bbox 3263 5439 3362 5498; x_wconf 88' lang='lat' dir='ltr'><strong>lib.</strong></span> <span class='ocrx_word' id='word_1_721' title='bbox 3391 5454 3472 5505; x_wconf 83' lang='lat' dir='ltr'><strong>tx,</strong></span> 
     </span>
    </p>
   </div>
   <div class='ocr_carea' id='block_1_104' title="bbox 227 5503 779 5577">
    <p class='ocr_par' dir='ltr' id='par_1_104' title="bbox 227 5503 779 5577">
     <span class='ocr_line' id='line_1_105' title="bbox 227 5503 779 5577; baseline 0.022 -23"><span class='ocrx_word' id='word_1_722' title='bbox 227 5503 366 5569; x_wconf 79' lang='lat' dir='ltr'><strong>epist.</strong></span> <span class='ocrx_word' id='word_1_723' title='bbox 413 5511 502 5577; x_wconf 72' lang='lat'><strong>22,</strong></span> <span class='ocrx_word' id='word_1_724' title='bbox 541 5503 625 5565; x_wconf 87' lang='lat' dir='ltr'><strong>Ad</strong></span> <span class='ocrx_word' id='word_1_725' title='bbox 651 5512 779 5566; x_wconf 75' lang='lat' dir='ltr'><strong>iam.</strong></span> 
     </span>
    </p>
   </div>
   <div class='ocr_carea' id='block_1_105' title="bbox 1315 5619 2352 5687">
    <p class='ocr_par' dir='ltr' id='par_1_105' title="bbox 1315 5619 2352 5687">
     <span class='ocr_line' id='line_1_106' title="bbox 1315 5619 2352 5687; baseline 0.007 -7"><span class='ocrx_word' id='word_1_726' title='bbox 1315 5625 1536 5680; x_wconf 74' lang='lat' dir='ltr'><strong>VARle</strong></span> <span class='ocrx_word' id='word_1_727' title='bbox 1579 5619 1958 5681; x_wconf 79' lang='lat' dir='ltr'><strong>LECTIONES</strong></span> <span class='ocrx_word' id='word_1_728' title='bbox 1992 5625 2079 5680; x_wconf 87' lang='lat' dir='ltr'>ET</span> <span class='ocrx_word' id='word_1_729' title='bbox 2117 5628 2352 5687; x_wconf 59' lang='lat' dir='ltr'><strong>NOTAE.</strong></span> 
     </span>
    </p>
   </div>
   <div class='ocr_carea' id='block_1_106' title="bbox 289 5768 1871 5859">
    <p class='ocr_par' dir='ltr' id='par_1_106' title="bbox 289 5768 1870 5857">
     <span class='ocr_line' id='line_1_107' title="bbox 289 5768 1870 5857; baseline 0.012 -31"><span class='ocrx_word' id='word_1_730' title='bbox 289 5768 360 5843; x_wconf 83' lang='lat'><strong>(6)</strong></span> <span class='ocrx_word' id='word_1_731' title='bbox 387 5776 425 5832; x_wconf 84' lang='lat' dir='ltr'><strong>E</strong></span> <span class='ocrx_word' id='word_1_732' title='bbox 453 5780 669 5851; x_wconf 86' lang='lat' dir='ltr'><strong>regione</strong></span> <span class='ocrx_word' id='word_1_733' title='bbox 717 5781 977 5854; x_wconf 68' lang='grc' dir='ltr'>ἐμπεσεῖν</span> <span class='ocrx_word' id='word_1_734' title='bbox 1013 5784 1169 5838; x_wconf 87' lang='lat' dir='ltr'><strong>ambo</strong></span> <span class='ocrx_word' id='word_1_735' title='bbox 1196 5781 1352 5840; x_wconf 84' lang='lat' dir='ltr'><strong>codd.</strong></span> <span class='ocrx_word' id='word_1_736' title='bbox 1399 5785 1451 5839; x_wconf 87' lang='lat' dir='ltr'><strong>in</strong></span> <span class='ocrx_word' id='word_1_737' title='bbox 1485 5787 1726 5857; x_wconf 85' lang='lat' dir='ltr'><strong>margine</strong></span> <span class='ocrx_word' id='word_1_738' title='bbox 1766 5789 1870 5845; x_wconf 75' lang='lat' dir='ltr'><strong>seri</strong></span> 
     </span>
    </p>
   </div>
   <div class='ocr_carea' id='block_1_107' title="bbox 1912 5768 2574 5859">
    <p class='ocr_par' dir='ltr' id='par_1_107' title="bbox 1913 5788 2574 5859">
     <span class='ocr_line' id='line_1_108' title="bbox 1913 5788 2574 5859; baseline 0.008 -14"><span class='ocrx_word' id='word_1_739' title='bbox 1913 5797 2004 5845; x_wconf 92' lang='lat' dir='ltr'><strong>unt</strong></span> <span class='ocrx_word' id='word_1_740' title='bbox 2033 5788 2343 5859; x_wconf 70' lang='grc' dir='ltr'>ἐμπίπτειν.</span> <span class='ocrx_word' id='word_1_741' title='bbox 2359 5788 2574 5850; x_wconf 75' lang='lat' dir='ltr'><strong>Possm.</strong></span> 
     </span>
    </p>
   </div>
  </div>
