3982 6420
535 342 675 413 1535
1446 384 1451 387 -
1728 351 1791 410 S.
1835 350 2107 412 ISIDORJ

2180 354 2603 419 DELUSIO'I‘XE
2964 392 2965 395 η
3628 371 3752 440 1536

531 456 888 524 quorumdam
948 457 1184 527 nequitia
1262 472 1383 513 eam
1440 459 1580 515 male
1638 462 1886 529 accipiat.
1968 463 2103 530 Quid

2176 510 2182 527 ,
2211 464 2329 518 ἀλλ’
2357 467 2461 520 ὑπὸ
2487 468 2589 538 τῆς
2615 470 2773 525 ἐνίων
2799 473 3065 544 πονηρίας
3107 475 3279 549 αὐτὴν
3308 477 3541 544 κακίζει.
3571 485 3632 537 Τί
3655 495 3748 560 γὰρ

531 550 678 621 enim
708 549 795 603 illa
827 549 1025 618 injuste
1052 552 1199 622 egit,
1229 552 1274 606 si
1307 551 1562 607 Zosimus
1590 562 1640 609 et
1673 553 1883 622 Maron,
1919 567 1972 610 ut
2003 559 2103 622 ais,

2208 558 2393 628 ἐκείνη
2430 560 2709 633 ἠδίκησεν,
2745 562 2795 617 εί
2824 563 3095 635 Ζώσιμος,
3144 568 3239 621 καὶ
3285 570 3510 641 Μάρων.
3540 573 3610 636 ὡς

533 652 699 710 atque
755 641 1076 698 Eustathius
1138 658 1247 699 non
1297 644 1546 699 audenda
1604 646 1889 711 audentes,
1952 657 2007 703 et
2048 664 2105 703 se

2211 649 2303 701 καὶ
2340 649 2636 715 Εύστάθιος
2687 652 2972 724 ἀτόλμητα
3008 656 3341 728 τολμῶντες,
3388 641 3749 733 σεμνυνόμενοι

526 730 800 803 iactantes
844 733 909 786 de
954 736 1039 796 iis,
1069 750 1297 804 quorum
1336 736 1539 803 pudere
1569 751 1668 805 par
1691 747 1859 799 esset,
1888 753 2098 807 onmes-

2205 753 2264 811 τε
2292 738 2376 811 ἐφ’
2401 735 2482 802 οἷς
2523 740 2956 811 ἐπαισχύνεσθαι
3004 744 3214 799 δίκαιον
3238 762 3252 775 ’
3290 730 3501 813 πάντας
3543 730 3745 806 τε-ἀπο-

530 837 636 892 que
664 822 883 893 ﬂagitiis
913 825 1227 901 nobilitatos
1255 825 1639 889 obscurantes,
1666 834 1724 881 et
1746 828 1838 896 qui
1873 843 1937 881 ne
1966 828 2102 880 inter

2206 827 2514 898 κρύψαντες
2568 833 2699 894 τοὺς
2733 833 2809 904 (7)
2859 834 3030 904 κακίᾳ
3077 835 3477 915 βεδοημένους,
3516 843 3606 895 καὶ
3632 844 3748 915 μηδὲ

526 913 698 969 laicos
753 898 969 984 quidem
1028 930 1149 971 esse
1199 915 1481 997 deberent,
1515 917 1568 970 in
1602 916 1749 972 clero
1782 916 2098 975 videantur!

2205 916 2263 969 ἐν
2292 920 2403 981 τοῖς
2425 918 2633 984 λαῖκοῖς
2674 898 2814 976 εἶναι
2866 898 3172 993 ὀφείλοντες
3327 898 3530 1000 κλῆρον
3556 898 3747 986 δοκοέσί

525 1004 636 1059 Cur
676 1022 781 1059 non
811 1007 880 1061 ob
912 1016 1061 1062 recte
1119 1006 1262 1063 facta
1308 990 1514 1063 clerum
1556 1009 1851 1078 praedicas,
1896 1012 1990 1065 sed
2034 1010 2097 1064 ob

2202 1024 2293 1073 τες
2349 1010 2448 1063 Διά
2503 1011 2644 1065 τίδὲ
2678 1013 2753 1085 μὴ
2817 990 2926 1069 ἀπδ
2979 1017 3090 1071 τῶν
3134 990 3545 1092 κατορθούντων
3602 1026 3749 1097 αὐτὴν

528 1094 725 1150 delicta
771 1098 1050 1154 traducis?
1091 1100 1401 1170 viderisque
1446 1102 1745 1171 speciosam
1780 1113 2100 1158 consecutus

2202 1098 2621 1171 ἀνακηρύττεις,
2648 1101 2765 1156 ἀλλ’
2801 1106 2910 1159 ἀπὸ
2956 1107 3065 1161 τῶν
3106 1111 3412 1167 πταιόντων
3466 1094 3745 1186 διασύρειῄ

526 1188 791 1255 quietem,
819 1191 961 1260 quod
993 1202 1218 1262 propter
1250 1195 1371 1249 illos
1397 1196 1464 1249 ad
1500 1196 2098 1267 divinissimam'philo-

2202 1189 2299 1243 καὶ
2322 1188 2500 1253 δοκεῖς
2542 1192 2902 1263 εὐπρόσωπον
2947 1197 3220 1269 ῥᾳθυμίαν
3254 1202 3644 1274 τεθηρευκέναι
3670 1208 3746 1261 τοῦ

524 1278 766 1344 sophiam
797 1282 1126 1339 contendere
1155 1286 1430 1355 nequeas?
1455 1285 1511 1341 Si
1540 1302 1609 1341 cx
1639 1288 1704 1343 iis
1721 1304 1841 1357 qua:
1871 1290 2096 1359 liqucnt,

2206 1281 2282 1350 μὴ
2311 1280 2573 1336 δύνασθαι
2619 1284 2688 1337 δι’
2737 1285 2940 1351 αὐτοὺς
3005 1293 3074 1363 τῇ
3140 1292 3393 1367 θειοτάτῃ
3448 1295 3746 1366 προσελθεῖν

522 1369 847 1424 sententiam
882 1370 1023 1427 ferre
1053 1389 1158 1427 non
1190 1374 1339 1441 libet,
1376 1379 1647 1444 negotium
1668 1394 1763 1447 per
1782 1394 1842 1433 se
1858 1382 2094 1449 expende

2202 1369 2491 1443 φιλοσοφία
2518 1389 2534 1440 ;
2575 1375 2625 1426 εί
2656 1374 2713 1428 δὲ
2750 1376 2812 1430 ού
2848 1376 3029 1447 βούλει
3062 1381 3172 1435 ἀπὸ
3218 1383 3329 1439 τῶν
3360 1386 3750 1458 διαλαμπόντων

521 1467 687 1527 atque
715 1463 933 1531 explora
955 1505 971 1531 ,
1012 1466 1328 1536 videbisque
1363 1469 1522 1524 laude
1557 1470 1798 1540 dignum,
1846 1480 1985 1527 utet
2015 1474 2093 1527 di-

2199 1459 2300 1548 τὴν
2323 1461 2504 1532 ψῆφον
2530 1466 2797 1536 ἐνεργεῖν,
2859 1469 2993 1525 αὐτὸ
3043 1472 3109 1526 τὸ
3160 1478 3397 1548 πρᾶγμα
3439 1478 3563 1533 καθ’
3609 1482 3749 1535 ἐαυτδ

521 1551 812 1607 sertissimi
848 1563 1120 1621 orat0res,
1166 1558 1233 1613 de
1262 1559 1353 1612 illo
1382 1559 1547 1614 verba
1582 1558 1780 1614 facturi
1813 1570 2093 1616 vereantur

2202 1547 2491 1618 βασάνισον
2518 1568 2534 1583 ·
2569 1556 2665 1609 καὶ
2700 1557 2822 1627 ὄψει
2847 1560 2980 1614 αὐτὸ
3007 1565 3284 1621 τοσούτων
3305 1547 3547 1624 ἐπαίνων
3592 1572 3744 1639 ἀξιον.

516 1642 682 1695 etiam
714 1644 922 1700 laudem
956 1647 1075 1716 ejus
1104 1659 1416 1715 contexere,
1450 1667 1568 1721 qua:
1600 1653 1770 1720 major
1799 1662 1902 1719 est,
1937 1668 2088 1723 qnam

2199 1642 2276 1707 ὡς
2304 1644 2553 1711 καὶτοὺς
2581 1648 2701 1703 λίαν
2746 1653 3215 1725 ῥητορικωτάτους
3264 1661 3668 1734 ἀπαγορεῦσαι,
3708 1669 3747 1720 εί

516 1740 575 1785 ιιι
615 1748 866 1790 sermone
905 1750 1067 1806 queat
1100 1741 1380 1808 explicari.
1434 1743 1591 1809 Quod
1621 1742 1875 1815 sineque
1924 1744 2088 1813 ipsum

2197 1734 2437 1806 δεήσειεν
2463 1738 2627 1792 αὐτοῦ
2656 1742 2933 1814 ἐγκώμιον
2970 1746 3192 1818 ὑφῆναι.
3221 1751 3429 1816 Μεῖζον
3451 1754 3558 1825 γάρ
3600 1756 3746 1819 ἐστιν,

513 1824 717 1878 clerum
797 1842 988 1884 censes
1053 1833 1491 1901 explorandum,
1570 1849 1746 1905 neque
1814 1836 1882 1890 de
1940 1836 2085 1892 bonis

2198 1826 2231 1897 ἢ
2260 1827 2338 1890 ὼς
2367 1829 2439 1882 ἂν
2457 1830 2598 1902 λόγῳ
2626 1806 2709 1895 τιξ
2737 1806 2903 1891 εἴποι.
2945 1806 3091 1891 Etsi
3127 1841 3268 1912 μήτε
3291 1806 3429 1897 αὲτδ
3462 1806 3543 1913 ὶειῇ
3578 1806 3747 1910 ages:

512 1918 844 1973 si-ntentiam
897 1934 997 1990 pro
1037 1922 1159 1991 ipso
1208 1925 1420 1989 tuleris,
1469 1927 1563 1981 sed
1603 1927 1673 1981 ob
1732 1927 2084 1996 quorumdam

2197 1934 2373 1984 σειας,
2404 1923 2543 1991 μήτε
2577 1923 2643 1976 ἐκ
2667 1924 2777 1978 τῶν
2802 1927 3107 2001 εὐδοκίμων
3142 1934 3607 2008 αύτῷ-ψηφίσαιο,
3649 1941 3746 1994 ἀλλ’

510 2019 757 2074 peccata,
809 2012 1012 2067 audeas
1054 2014 1338 2081 damnare,
1373 2031 1479 2070 non
1523 2015 1672 2084 juste
1721 2017 1941 2081 feceris,
1990 2033 2082 2072 nec

2194 2010 2260 2063 ἐκ
2290 2010 2398 2063 τῶν
2428 2014 2731 2069 πταιόντων
2760 2018 2987 2074 κακίσαι
3030 2023 3390 2096 τολμήσειας,
3431 2029 3555 2083 οὗτε
3582 2032 3745 2086 δίκαια

509 2098 724 2150 merito.
761 2098 818 2152 Si
850 2115 983 2154 vero
1020 2102 1147 2156 illud
1180 2105 1470 2159 admittens
1516 2105 1815 2175 indigneris
1859 2107 1963 2161 illis
1991 2107 2081 2176 qui

2193 2104 2502 2173 ποιήσειας,
2532 2104 2655 2158 οὕτε
2692 2108 2901 2164 είκότα.
2934 2113 2996 2165 El
3043 2114 3102 2168 δὲ
3134 2117 3309 2172 ἐκεῖνο
3332 2119 3744 2193 Ιάποδεχὸμενος,

507 2201 612 2239 non
660 2188 843 2244 debito
873 2194 1033 2247 modo
1070 2194 1177 2249 illo
1210 2203 1472 2261 utantur,
1523 2198 1787 2266 sapientis
1835 2213 1902 2252 ac
1957 2212 2079 2267 pru-

2193 2194 2556 2267 ἀγανακτοίης
2587 2199 2728 2252 κατὰ
2760 2201 2870 2253 τῶν
2903 2204 2965 2257 οὐ
2994 2204 3222 2273 δεόντως
3266 2211 3421 2283 αὑτῷ
3453 2188 3744 2284 χρωμένων,

503 2278 680 2333 dentis
725 2281 828 2335 viri
887 2282 1099 2339 laudem
1131 2285 1379 2351 auferes,
1412 2288 1841 2359 delinquentium
1869 2304 2075 2344 errores

2193 2287 2531 2359 εὐγνώμονος
2555 2291 2651 2344 καὶ
2677 2293 2941 2366 φρονίμου
2970 2299 3165 2371 ἀνδρὸς
3190 2278 3647 2371 ἀποίσεις-δόξαν,

503 2372 569 2421 ad
607 2373 883 2439 negotium
928 2375 1194 2442 divinum,
1245 2389 1303 2433 et
1345 2380 1551 2448 justum
1587 2395 1694 2435 non
1727 2383 2011 2445 vertendo,
2040 2396 2075 2431 ρ

2195 2377 2271 2449 μὴ
2306 2380 2376 2433 τά
2401 2379 2511 2432 τῶν
2559 2383 2862 2438 πταιόντων
2910 2386 3365 2463 πλημμελήματα
3417 2398 3501 2461 είς
3536 2372 3744 2469 πρᾶγμα

504 2462 768 2517 ultionem
825 2471 1210 2537 consequendo
1256 2483 1479 2542 propter
1534 2472 1827 2527 amentiam
1877 2472 2074 2528 illorun

2190 2470 2417 2539 τρέπειν
2450 2471 2594 2525 θεῖον
2640 2475 2737 2527 καὶ
2783 2476 3012 2547 δίκαιον,
3059 2483 3155 2536 καὶ
3197 2485 3541 2559 ἐκδικήσεως

501 2553 592 2620 qui
631 2554 905 2624 illegitime
937 2558 1068 2615 illud
1114 2564 1523 2631 aggrediuntur.

2189 2560 2279 2614 διὰ
2307 2562 2408 2634 τὴν
2435 2563 2545 2617 τῶν
2566 2566 2902 2638 παρανόμως
2924 2571 3057 2626 αὐτὸ
3082 2553 3394 2643 μετιόντων.
3416 2553 3715 2652 παράνοιαν.

604 2664 923 2724 CCCXLlll.
954 2700 1023 2711 —
1054 2670 1433 2730 THEODORO
1467 2673 1973 2732 SCHOLASTICO.

1957 2714 1973 2729 ,
2421 2670 2604 2729 TMI".
2632 2704 2701 2715 -
2729 2675 3035 2750 θΕοΔοΡο
3064 2683 3528 2760 ΣΧΟΛΔΣΊἹΚῼ.

1347 2769 1513 2824 Bauis
1536 2787 1677 2837 saepe
1704 2788 1799 2825 cur
1831 2769 1970 2825 male
1996 2768 2114 2824 sit:
2140 2766 2318 2835 major
2340 2773 2399 2818 ut
2437 2766 2613 2834 gloria
2641 2767 2905 2827 obveniat.

569 2849 812 2911 Virtutes
863 2871 1051 2915 eorum
1105 2862 1197 2932 qui
1252 2864 1306 2919 in
1359 2866 1704 2923 calamitates
1763 2868 2078 2924 inciderunt

2255 2862 2320 2914 Ai
2354 2860 2456 2930 μὲν
2474 2859 2583 2913 τῶν
2611 2866 3055 2933 περιπιπτόντων
3082 2872 3205 2933 ταῖς
3230 2877 3544 2945 συμφοραῖς
3570 2877 3736 2946 ἀρεταὶ

495 2941 720 3000 allectus
747 2946 925 3003 solent
950 2951 1358 3022 conduplicare.
1408 2955 1633 3026 Indigna
1659 2957 1804 3012 enim
1857 2957 1928 3014 iis
1955 2973 2067 3029 quis

2182 2951 2252 3006 τά
2285 2951 2435 3022 πάθη
2482 2952 2859 3020 διπλασιάζειν
2906 2958 3155 3016 εἰώθασι.
3206 2941 3447 3037 Τῷνγάρ
3470 2941 3651 3031 ἀνάξια
3674 2964 3736 3022 ὧν

494 3052 616 3091 ι·ιιιιι
633 3039 792 3094 laude
809 3054 1095 3110 gesserunt
1123 3044 1401 3114 patiendo,
1430 3048 1712 3104 audientes
1733 3060 2066 3121 comparant,

2183 3043 2557 3117 κατώρθωσαν
2602 3048 2931 3103 πεπονθέναι
2973 3053 3103 3117 τοὺς
3156 3056 3549 3126 ἀκροωμένους
3581 3076 3734 3128 παρα-

494 3139 555 3184 ιιι
606 3133 841 3187 masimo
886 3132 1077 3191 dolore
1132 3136 1480 3206 impleantur.
1531 3138 1670 3197 Hinc
1709 3152 1766 3196 et
1804 3144 2066 3214 tragoedia

2185 3135 2506 3200 σκευάζουσι
2552 3139 2817 3209 μεγίστης
2870 3143 3258 3214 ἐμπλησθῆναι
3306 3148 3513 3221 λύπης.
3550 3151 3635 3204 Διδ
3654 3152 3733 3206 καὶ

490 3223 1025 3281 cotnmiserationem
1084 3227 1288 3295 ejulatu
1327 3232 1625 3299 concitant,
1675 3235 1802 3290 dum
1847 3237 2062 3307 optimo:

2179 3225 2239 3289 αί
2270 3227 2571 3298 τραγῳδίαι
2590 3229 2681 3283 τὸν
2705 3225 2888 3287 οἶκτον
2913 3234 3297 3308 διεγείρουσιν,
3322 3240 3459 3294 ὅταν
3486 3244 3733 3314 ἀνήκεστα

494 3314 838 3370 intoleranda
888 3318 1155 3387 patientes
1209 3321 1493 3378 inducunt.
1551 3322 1659 3380 Sed
1708 3327 1808 3381 ista
1861 3330 2066 3398 quidem

2179 3318 2520 3383 πεπονθότας
2547 3321 2677 3387 τοὺς
2705 3323 2962 3396 ἀρίστους
3014 3329 3347 3398 εἰσάγουσιν.
3403 3334 3562 3389 Ἀλλά
3585 3335 3734 3390 ταῦτα

490 3407 633 3475 apud
684 3408 804 3464 illos
832 3412 1198 3479 celebrentur,
1252 3415 1343 3485 qui
1395 3417 1660 3488 hactenus
1694 3402 1798 3476 hoc
1838 3424 2055 3478 modulo

2180 3405 2282 3475 μὲν
2319 3410 2451 3478 παρ’
2490 3409 2719 3497 ἐκείνοις
2785 3411 3140 3483 θρυλλείσθω,
3173 3423 3287 3484 τοῖς
3332 3422 3446 3487 ἕως
3472 3425 3579 3477 τῶν
3623 3426 3729 3497 τῇδε

490 3496 725 3550 humana
758 3502 976 3570 negotia
1008 3505 1328 3560 metiuntur.
1362 3505 1618 3577 ignorant
1645 3512 1790 3565 enim
1816 3515 1886 3568 ob
1908 3528 1970 3568 ea
2006 3530 2062 3570 se

2176 3498 2488 3568 νομίζουσιν
2511 3494 2652 3555 εἶναι
2680 3502 2751 3557 τὰ
2776 3504 3099 3577 ἀνθρώπινα
3129 3514 3462 3586 πράγματα.
3489 3494 3730 3590 Λελήθασι

488 3589 694 3655 dolere,
720 3600 943 3663 propter
967 3608 1089 3663 quae
1118 3594 1291 3651 laetari
1316 3599 1525 3656 deceat.
1555 3602 1724 3678 664
1746 3601 1856 3663 Nos
1886 3614 2060 3664 autem

2182 3589 2294 3664 γὰρ
2348 3592 2432 3663 ἐφ’
2492 3586 2577 3660 οἷς
2631 3595 2856 3668 ἥδεσθαι
2918 3602 3199 3674 προσῆκον
3243 3601 3336 3678 ἦν,
3398 3610 3495 3663 ἐπὶ
3546 3586 3731 3674 τούτοις

485 3680 576 3748 qui
611 3681 677 3735 ad
710 3681 853 3736 aliud
892 3684 1014 3742 vita:
1054 3684 1363 3748 institutum
1414 3697 1613 3751 mentis
1658 3698 1846 3753 oculos
1874 3701 2057 3756 merito

2175 3684 2492 3755 ἀχθόμενοι.
2538 3688 2733 3759 Ἡμεῖς
2784 3689 2842 3743 δέ
2888 3693 2939 3745 oi
2970 3693 3108 3765 πρὸς
3136 3695 3303 3769 ἀλλην
3330 3699 3457 3769 βίου
3484 3703 3730 3757 κατάστα-

482 3771 791 3843 dirigitnus,
851 3788 1004 3834 certo
1057 3782 1263 3839 scimus
1318 3787 1549 3856 probos,
1605 3790 1651 3844 si
1704 3790 1833 3859 quid
1905 3807 2054 3862 gravr

2177 3790 2263 3827 σιν
2304 3775 2366 3828 τὸ
2408 3774 2565 3847 ὄμμα
2614 3778 2715 3849 τῆς
2764 3778 2945 3850 ψυχῆς
2992 3785 3221 3851 εἰκότως
3259 3788 3553 3855 τείνοντες,
3592 3795 3730 3864 ἴσμεν

486 3868 807 3937 patiantur,
925 3872 1347 3945 haudquaquam
1411 3880 1915 3946 commiseratione,
1972 3885 2058 3939 sed

2172 3863 2440 3935 ἀκριϐῶς,
2464 3869 2549 3922 ὅτι
2579 3868 2640 3922 ού
2665 3869 2761 3923 τοῦ
2785 3871 3169 3939 ταλανίζεσθαι
3198 3881 3246 3933 oi
3278 3882 3563 3955 φιλάρετοι
3588 3886 3724 3954 ἄξιοι,

482 3959 675 4015 faustis
705 3962 978 4018 ominibus
1009 3980 1074 4022 ac
1114 3969 1384 4037 praeconio
1406 3971 1599 4038 dignos
1620 3988 1759 4027 esse.
1796 3973 2054 4030 lllustrio-

2169 3955 2299 4009 ὅταν
2344 3974 2397 4010 τι
2437 3958 2652 4014 πάθωσι
2698 3961 2890 4029 δεινὸν,
2916 3965 3168 4022 ἀλλάτοῦ
3202 3976 3605 4043 μακαρίζεσθαι
3645 3981 3728 4032 καὶ

484 4063 573 4103 res
628 4050 773 4105 enim
864 4053 996 4123 ipsis
1075 4057 1142 4110 ad
1194 4057 1448 4113 virtutem
1514 4074 1850 4131 apparantur
1910 4064 2056 4118 bona!

2168 4045 2344 4117 ἀνακη
2353 4047 2660 4119 ρύττεσθαι.
2678 4053 3071 4128 Λαμπρότεροι
3093 4061 3205 4133 γὰρ
3221 4064 3413 4130 αὐτοῖς
3432 4069 3523 4122 διὰ
3542 4071 3723 4124 τούτων

478 4139 897 4198 “humationis
919 4159 1151 4211 θοι-ουκ.
2169 4140 2673 4205 κατασκευάζονται
2699 4144 2749 4196 οῖ
2781 4144 2882 4216 τῆς
2902 4146 3309 4221 εύδοκιμήσεως
3336 4158 3613 4226 στέφανοι.

676 4229 996 4289 CCCXLIV.
1020 4263 1091 4274 —
1123 4234 1460 4293 ASCLEPIO
1491 4236 1881 4296 ΞΟΡΗΙΞΤΑΕ.

2460 4232 2640 4287 ΤΜΔ’.
2668 4261 2743 4275 -
2765 4237 3119 4312 ΑΣΚΛΗΠΙῼ
3139 4244 3454 4320 ΣΟΦΙΣΤῌ.

1574 4333 1648 4389 De
1678 4334 1941 4399 Sophist
1965 4341 2206 4398 oratione
2242 4344 2404 4401 libere
2418 4347 2655 4415 iudicat.

548 4434 678 4505 Legi
704 4450 865 4505 quam
884 4437 952 4492 ad
974 4452 1059 4493 me
1074 4440 1379 4496 orationem
1409 4442 1631 4509 misisti,
1655 4448 2049 4517 etelegantiam

2243 4440 2584 4531 Ἀνεγνώσθη
2609 4477 2706 4515 σου
2734 4463 2763 4517 ὀ
2796 4462 2975 4533 λόγος,
3006 4467 3067 4520 ὃν
3121 4486 3213 4539 μοι
3250 4471 3596 4539 ἀπέστειλας.
3623 4477 3718 4533 Καὶ

479 4541 600 4580 sum
634 4527 954 4584 admiratus.
987 4528 1103 4584 Non
1131 4529 1369 4587 fefellisti
1412 4547 1499 4588 me
1541 4533 1795 4589 adulandi
1829 4537 2051 4593 artiﬁcio

2158 4544 2498 4616 θαυμασθεὶς
2545 4527 2647 4621 τῆς
2686 4527 3013 4625 δεινότητος,
3041 4527 3142 4611 οὐκ
3188 4559 3384 4626 ἔλαθες
3443 4527 3718 4636 armis};

477 4619 794 4687 occultans,
836 4631 897 4676 ut
950 4624 1132 4691 specie
1179 4623 1392 4679 consilii
1443 4626 1728 4695 scripsisse
1777 4629 2049 4685 videreris.

2157 4636 2546 4695 κολακευτικὸν
2601 4619 2699 4711 -τῷ
2766 4619 2947 4699 δοκεῖν
2999 4619 3315 4722 συμϐουλῆς
3358 4619 3715 4729 *προσίήματι

479 4711 618 4766 Nam
683 4728 808 4768 cum
836 4714 1171 4771 adulationis
1217 4716 1527 4786 opinionem
1582 4718 1778 4774 habeat
1822 4719 2051 4776 laudatio

2158 4731 2628 4821 συγγεγραφέναι.
2680 4734 2901 4808 Ἐπειδὴ
2945 4711 3240 4811 γὰρ-δόξαν
3269 4711 3713 4821 ’κοὴικεάςιιέχει

481 4801 805 4869 potentium,
873 4803 1017 4857 aliud
1056 4815 1437 4875 argumentum
1485 4807 1711 4875 tinxisti,
1762 4808 1907 4864 aliud
1945 4820 2053 4864 tra-

2154 4816 2217 4870 τὸ
2245 4818 2488 4875 ἐπαινεῖν
2515 4822 2646 4887 τοὺς
2681 4801 2901 4894 μεγάλοι
2932 4801 3283 4900 δυναμένους,
3335 4837 3508 4909 ἀλλην

474 4894 662 4952 ctasti.
695 4894 830 4949 Nam
862 4897 1014 4965 quasi
1037 4898 1324 4953 ostendere
1340 4898 1524 4953 volens
1549 4914 1770 4954 causam
1797 4903 1867 4957 ob
1892 4917 2046 4971 quam

2161 4924 2246 4961 σιν
2291 4911 2620 4983 πεποίηκας,
2650 4916 2742 4970 καὶ
2770 4917 2939 4989 ἄλλην
2989 4894 3281 4993 είρνγάσωί,
3301 4928 3391 4992 Ὠς
3426 4894 3535 5002 γάρ
3562 4934 3714 4997 δεῖξαι

477 5000 636 5056 aptus
680 4999 829 5044 esset
852 4991 920 5045 ad
943 4991 1337 5060 imperandum,
1368 4991 1453 5047 ita
1475 4992 1836 5048 laudationem
1872 4996 2049 5048 absol-

2158 4999 2483 5071 βουλόμενος
2540 5006 2641 5078 τὴν
2699 5009 2901 5075 αἰτίαν,
2962 4991 3053 5065 διί
3093 5014 3167 5085 ἣν
3217 4991 3524 5092 ἐπιτήδειός
3584 4991 3711 5077 ἐστιν

476 5082 627 5135 visti.
660 5080 891 5138 Mentem
918 5084 1101 5153 itaque
1131 5099 1236 5138 non
1266 5084 1619 5141 admittentes
1644 5099 1819 5140 artem
1850 5103 2042 5141 smnus

2155 5093 2430 5162 ἡγεῖσθαι,
2478 5095 2621 5150 οὕτω
2666 5098 2729 5151 τὺ
2764 5100 3040 5172 ἐγκώμιον
3076 5080 3421 5177 ἐπλήρωσας.
3455 5080 3563 5184 Τῖπν
3590 5117 3711 5183 γνὼ·

474 5173 752 5228 adntirati.
1818 5268 1850 5278 Α
2157 5200 2264 5255 μην
2302 5181 2396 5240 οὖν
2425 5187 2526 5241 οὐκ
2555 5189 2945 5261 ἀποδεξάμενοι
2967 5195 3066 5265 τὴν
3097 5173 3292 5270 τέχνην
3316 5173 3707 5278 ἐθαυμάσαμεν.

643 5264 933 5320 CCCXLV.
965 5296 1035 5310 --
1080 5266 1352 5341 DANlELl
1396 5267 1877 5324 PRESBYTERO.

2396 5277 2577 5333 TME'.
2607 5308 2679 5318 -
2708 5282 2969 5336 AANIHA
3013 5264 3485 5365 ΠΡΕΞΒΫΤΕΡᾴ.

888 5357 1031 5423 Quid
1059 5360 1115 5412 in
1144 5356 1429 5428 Evangelio
1456 5359 1525 5414 sit
1559 5377 1775 5430 regnum
1806 5360 1901 5415 Dei
1923 5371 1970 5415 et
1998 5377 2209 5432 regnum
2244 5365 2511 5421 calorum.
2534 5367 2710 5439 (Cani.
2738 5373 2888 5441 epist.
2926 5374 3051 5441 206,
3087 5377 3181 5433 lib.
3215 5380 3323 5453 ιιι.)

538 5450 680 5516 Quia
728 5468 1055 5522 cognoscere
1102 5454 1303 5509 avebas
1357 5454 1487 5523 quid
1538 5455 1610 5508 sit
1652 5454 1705 5508 in
1753 5455 2046 5525 Evangelio

2236 5459 2452 5531 Ἐπειδὴ
2477 5459 2755 5534 ἐζήτησας
2780 5464 2998 5536 μαθεῖν,
3017 5467 3071 5521 τί
3101 5469 3221 5525 ἐστι
3237 5450 3529 5537 βασιλεία
3553 5478 3701 5541 Θεοῦ,

1540 5571 1777 5627 VARI/13
1818 5573 2200 5630 LECTIONES
2236 5575 2325 5630 ET
2362 5576 2595 5635 NOTAE.

556 5682 821 5767 (7)“lnter
868 5689 993 5753 τοὺς
1037 5700 1090 5745 et
1138 5690 1306 5761 κακίᾳ
1366 5702 1592 5760 uterque
1621 5692 1810 5762 codex
1864 5693 2049 5747 inserit

2164 5764 2173 5767 _
2231 5693 2306 5767 (8)
2346 5693 2489 5748 Inter
2517 5694 2649 5749 αύτὺ
2687 5704 2744 5752 et
2778 5696 3093 5767 ἐξετάσειας
3128 5704 3287 5758 iidem
3321 5705 3576 5759 inﬁndunt
3598 5694 3698 5757 καθ’

474 5757 583 5810 ἐπε.
621 5755 831 5812 Possm.
1282 5755 1293 5761 ’
1506 5755 1523 5760 ’
1621 5760 1623 5762 ’

2158 5755 2315 5817 tauri;
2342 5776 2395 5819 et
2430 5780 2567 5821 vers.
2597 5776 2718 5836 post
2741 5768 2796 5836 4,
2820 5755 3692 5837 amna;mansissent».
