3982 6420
196 397 338 464 153Ἱ
1014 393 1549 469 EPISTOLARUM
1591 391 1736 451 LIB.
1775 390 1795 444 Ἰ

1908 415 1948 425 -
1976 390 2215 451 EPIST.
2281 390 2621 450 CCCXLIX.
3335 381 3470 450 1538

193 514 296 565 καὶ
351 510 646 575 ,ϐασιλεία
691 508 988 578 οὐρανῶν,
1038 507 1485 571 ἀντιεπιστέλλω,
1523 507 1607 557 ὅτι
1646 507 1790 566 τινὲς

1908 520 2111 572 l'egnum
2155 504 2268 566 Dei,
2297 515 2351 557 et
2385 520 2598 571 regnum
2636 503 2904 565 calorum,
2959 501 3261 569 respondeo
3307 513 3473 568 quos-

197 605 306 672 μὲν
353 604 557 655 οἴονται
605 601 722 668 τὴν
750 601 858 653 τοῦ
887 600 1038 653 Θεοῦ
1079 599 1300 668 μείζονα
1327 594 1466 649 εἶναι
1501 596 1596 648 καὶ¹
1641 595 1783 647 θειο-

1908 598 2015 650 lam
2045 597 2256 663 opinari
2291 596 2380 649 Dei
2415 611 2628 663 regnum
2656 595 2829 663 majus
2861 608 2982 647 esse
3011 603 3175 661 atque
3214 591 3474 656 divinius,

190 694 386 762 τέραν,
420 694 520 762 τὴν
538 693 592 745 δὲ
619 691 739 746 τῶν
767 691 1044 760 οὐρανῶν
1088 691 1347 744 ἐλάττονα
1377 690 1472 744 καὶ
1513 688 1783 752 ,καταδεε-

1908 689 2144 739 rae/orum
2179 703 2330 748 vero,
2360 688 2539 740 minus
2566 695 2730 754 alque
2754 685 2982 739 inferius
3008 684 3122 737 illo.
3159 683 3312 737 Alios
3341 698 3474 736 vero

195 785 420 855 στέραν.
461 787 618 849 Τινές
642 786 700 839 δέ
729 802 861 854 φασι
894 785 1024 854 μίαν
1055 783 1224 854 αὐτὴν
1252 778 1417 836 οὖσαν
1452 781 1576 834 καθ’
1607 779 1786 851 ὓπαρ-

1908 779 2172 833 allirmare
2201 795 2367 832 unum
2405 794 2525 833 esse
2559 779 2809 846 idemque
2837 793 3082 847 regnum,
3113 777 3325 830 diverse
3350 775 3478 829 licet.

196 876 306 943 ξιν,
369 877 642 948 διαφόρως
686 876 1133 947 ἐκπεφωνῆσθαι,
1184 875 1313 928 ποτὲ
1371 873 1470 943 μὲν
1525 872 1636 925 ἀπὸ
1693 871 1787 925 τοῦ

1908 871 2225 938 ellerantur,
2273 874 2543 926 interdum
2575 887 2603 924 a
2639 872 2746 924 Deo
2779 881 3037 939 regnante
3078 869 3302 934 ibidem,
3341 882 3478 921 non-

198 968 583 1038 βασιλεύοντος
612 969 770 1035 Θεοῦ,
814 969 946 1022 ποτέ
973 968 1029 1022 δὲ
1065 966 1174 1019 ἀπὸ
1206 965 1314 1018 τῶν
1352 963 1786 1034 βασιλευομένων

1908 978 2169 1031 nunquam
2210 965 2277 1016 ab
2326 963 2551 1031 angelis,
2601 961 2797 1030 quibus
2828 962 3125 1031 imperatur
3169 959 3259 1014 illo
3286 972 3477 1028 regno,

195 1062 454 1130 ἀγγέλων
479 1079 538 1115 τε
562 1062 657 1115 καὶ
682 1062 854 1130 ἁγίων
888 1061 1199 1132 κληθεῖσαν.

1908 1065 1949 1108 at
1978 1071 2008 1108 a
2032 1054 2235 1108 sanctis
2261 1055 2566 1108 hominibus
2590 1055 2668 1107 sic
2703 1053 3022 1122 nuncupari.

450 1170 648 1238 TMq'.
668 1198 741 1210 -—
765 1170 1014 1238 ΖΩΣΙΜῼ
1065 1167 1533 1236 ΠΡΕΣΒΥΤΕΡῼ.

1937 1177 1941 1182 ·
2063 1162 2384 1218 CCCXLVI.
2411 1193 2475 1201 —
2506 1161 2760 1218 ZOSIMO
2813 1162 3300 1219 PRESBYTERO.

1279 1261 1360 1314 Ad
1391 1261 1578 1314 bonam
1603 1268 1825 1311 mentem
1849 1256 2062 1316 invitat.
2097 1273 2128 1310 a
2161 1256 2400 1311 libidine.

273 1372 341 1426 Εἰ
372 1372 467 1425 καὶ
518 1369 587 1424 τὰ
639 1370 724 1441 ἐφ’
769 1363 966 1440 οἷσπερ
1016 1368 1179 1432 ἁλοὺς
1232 1368 1427 1440 πρώην
1457 1369 1782 1438 ἐκολάσθης,

1967 1369 2032 1424 Ει
2062 1371 2107 1424 si
2126 1386 2354 1440 quorum
2377 1372 2657 1426 convictus
2681 1370 2830 1426 fuisti
2849 1385 3040 1442 ραιηαε
3053 1384 3224 1440 nuper
3239 1370 3477 1435 dederis,

197 1460 377 1513 νοσῶν
397 1459 734 1532 ἀγριώτερον
759 1455 915 1522 αὖθις
945 1460 1238 1531 ἐφωράθης
1265 1477 1278 1490 ·
1315 1460 1451 1513 ἀλλά
1477 1477 1541 1528 γε
1570 1461 1618 1513 εί
1643 1460 1784 1514 παύ-

1908 1463 2106 1531 gravius
2133 1471 2397 1532 aegrotare
2431 1477 2491 1518 es
2535 1464 2731 1517 iterum
2772 1463 3174 1532 deprehensus,
3206 1478 3394 1518 verum
3430 1465 3478 1519 si

200 1570 321 1606 σοιο
352 1553 453 1622 τῆς
486 1553 706 1623 μανίας,
755 1553 1056 1622 θερατιπίας
1095 1552 1258 1624 τεύξῃ
1290 1569 1304 1582 ·
1340 1554 1388 1606 εί
1426 1554 1482 1606 δὲ
1522 1553 1785 1624 δυσχερές

1912 1553 2132 1607 nsanire
2165 1553 2399 1617 desines,
2433 1553 2696 1608 medelam
2733 1554 3104 1623 consequeris.
3135 1552 3231 1608 Sin
3262 1554 3481 1608 dilIicile

201 1657 289 1693 σοι
315 1640 554 1694 δοκεῖτὸ
576 1641 944 1710 ἀποφοιτῆσαι
988 1640 1086 1710 τῆς
1137 1641 1360 1707 κακίας,
1404 1640 1785 1711 χαλεπώτερον

1914 1647 1982 1700 ibi
2021 1648 2265 1700 videatur
2318 1647 2384 1698 ah
2426 1646 2775 1716 improbitate
2829 1646 3148 1712 discedere,
3207 1645 3481 1700 diﬂicilius

200 1728 345 1785 εἶναι
386 1734 596 1798 δοξάτω
630 1733 692 1786 τὸ
742 1735 841 1804 τῆς
882 1731 1157 1794 κολάσεως
1211 1732 1459 1802 μέγεθος.
1499 1733 1562 1784 Εί
1605 1732 1650 1785 δ’
1687 1732 1787 1784 οὐκ

1908 1739 2028 1805 quid
2057 1753 2179 1792 esse
2208 1739 2523 1792 existimato
2573 1738 2820 1808 supplicii
2875 1739 3217 1807 gravitatem.
3243 1737 3397 1803 Quod
3431 1738 3480 1791 si

200 1825 306 1877 οἴει
339 1823 690 1889 κολάζεσθαι,
717 1825 886 1879 ἐννόει
915 1824 1042 1887 τοὺς
1063 1824 1182 1876 ἐκεῖ
1202 1823 1784 1895 τιμωρηθησομένους.

1909 1847 1999 1884 ton
2029 1841 2190 1898 putes
2244 1841 2295 1884 te
2326 1831 2657 1900 puniendmn
2689 1845 2830 1894 esse,
2878 1831 3054 1899 cogita
3098 1831 3165 1885 de
3195 1831 3260 1885 iis
3288 1831 3378 1900 qui
3407 1831 3480 1884 ibi

205 1918 270 1970 Εἰ
296 1918 344 1970 δ’
374 1918 628 1982 ἀπιστεῖς
651 1919 764 1982 τοῖς
802 1918 1005 1982 ἐκεῖσε,
1035 1916 1133 1970 θέα
1155 1918 1282 1980 τοὺς
1313 1915 1594 1971 κάνταῦθα
1624 1916 1789 1970 κολα-

1908 1929 2156 1974 ιιιοτιιιιιη
2224 1921 2634 1974 crucialnmtur.
2691 1917 2844 1984 Quod
2898 1920 2943 1973 si
3003 1933 3108 1972 non
3167 1919 3358 1972 credas
3409 1918 3482 1971 ibi

204 2009 460 2074 σθέντας,
515 2011 608 2064 καὶ
647 2008 1049 2080 κολαζομένους
1078 2024 1094 2040 ·
1127 2009 1224 2064 καὶ
1271 2009 1568 2078 ἀνένεγκον
1599 2009 1665 2062 ἐκ
1692 2008 1789 2062 τοῦ

1908 2013 2223 2067 cruciandos
2268 2013 2320 2065 in
2352 2012 2518 2065 altera
2550 2011 2661 2065 vita
2682 2055 2696 2078 ,
2727 2013 2852 2066 vide
2899 2013 2951 2066 in
2989 2021 3132 2065 terra
3184 2011 3401 2081 punitos
3426 2018 3486 2066 et

203 2101 370 2170 βυθοῦ
402 2104 502 2175 τῆς
535 2102 842 2172 ἀσελγείας.

514 2212 688 2266 TMZ'.
729 2239 798 2250 -
826 2212 1087 2283 ΑΛΥΠΙῼ
1120 2211 1491 2282 ΕΠΙΣΚΟΠῼ.

1900 2105 2222 2174 puniendos,
2247 2115 2300 2159 et
2335 2108 2522 2173 pedem
2555 2104 2687 2160 effer
2711 2106 2775 2159 e'x
2809 2107 3067 2160 barathro
3097 2103 3359 2159 libidinis.

2141 2213 2486 2270 CCCXL~VIL
2512 2246 2582 2258 —-
2615 2214 2846 2270 ADlPlO
2885 2212 3241 2270 EPISCOPO.

1355 2304 1610 2358 Ἀπόνοια
1634 2306 1774 2358 unde
1798 2305 1939 2361 dicta
1960 2319 2007 2362 et
2036 2309 2332 2362 Νουθεσία.

287 2409 513 2484 Ἐπειδὴ
541 2415 636 2467 καὶ
667 2415 702 2485 ἠ
735 2412 968 2468 ἀπόνοια
1004 2418 1106 2485 τῆς
1159 2415 1507 2487 συμμετρίας
1549 2415 1643 2467 καὶ
1699 2415 1793 2467 τοῦ

205 2507 424 2569 δέοντος
466 2507 801 2570 ἐκπεσοῦσα,
829 2507 924 2561 καὶ
973 2508 1102 2573 ἀπο,
1147 2507 1417 2574 τουτέστι,
1464 2507 1662 2575 πόρῤω
1691 2505 1800 2560 τοῦ

204 2599 324 2653 νοῦ
349 2599 657 2668 γινομένη,
682 2598 748 2651 δι’
781 2598 811 2650 ὃ
839 2599 932 2652 καὶ
959 2599 1190 2653 ἀπόνοια
1206 2599 1446 2668 λέγεται,
1477 2597 1798 2660 ἀλαζονείαν

207 2689 530 2762 ἐργάζεται,
547 2689 646 2761 τὴν
670 2690 954 2744 νουθεσίαν
981 2691 1392 2763 παραληπτέον,
1413 2693 1560 2763 ἥπερ
1580 2690 1798 2762 εἴρηται

207 2784 365 2853 παρά
398 2782 496 2853 τὴν
533 2782 628 2835 τοῦ
656 2781 748 2836 νοῦ
785 2782 953 2838 θέσιν.
1006 2784 1162 2855 Τάχα
1215 2801 1333 2848 πως
1383 2784 1718 2846 ἀκούσαντες
1744 2784 1796 2836 oi

201 2874 461 2939 τοιοῦτοι,
521 2874 741 2927 ἐνθεσθε
821 2875 1074 2946 καρδίαν,
1131 2878 1210 2942 είς
1286 2875 1794 2948 ταπεινοφροσύνην

202 2967 461 3037 ἀσμένως
497 2966 808 3036 βαδίσωσιν.

494 3077 683 3137 TMH’.
714 3109 786 3119 —
815 3078 1146 3152 ΛΡΠΟΚΡᾼ
1178 3079 1491 3150 zonam.

1969 2417 2418 2488 Quandoquidem
2445 2419 2694 2486 ἀπόνοια,
2731 2418 2781 2477 id
2805 2428 2889 2472 est
2917 2419 3168 2482 amentia,
3187 2433 3215 2473 a
3246 2418 3404 2474 modo
3430 2428 3485 2474 et

1896 2511 2080 2565 debito
2131 2511 2421 2573 excedens,
2464 2520 2521 2564 et
2546 2511 2654 2564 ἀπὸ
2682 2511 2776 2563 τοῦ
2810 2509 2935 2573 νοῦ,
2985 2509 3036 2564 id
3087 2519 3202 2575 est,
3227 2513 3412 2580 procul
3449 2529 3482 2563 a

1895 2611 2067 2656 ment:
2109 2603 2400 2667 exsistens,
2461 2605 2605 2656 unde
2658 2613 2713 2657 et
2757 2603 2986 2657 ἀπόνοια
3019 2601 3223 2659 Grtecis
3284 2604 3485 2658 dicitur

1899 2694 2215 2763 superbiam
2269 2695 2429 2762 parit.
2523 2695 2837 2759 Νουθεσία,
2903 2696 2954 2750 id
3005 2705 3090 2750 est
3122 2736 3138 2761 ,
3193 2694 3484 2749 admonitio

1901 2785 2203 2839 adhibenda
2226 2795 2310 2839 est
2338 2799 2459 2854 qua:
2481 2785 2646 2840 etiam
2666 2786 2804 2840 dicta
2821 2786 3026 2841 Grmcis
3044 2802 3075 2840 a
3099 2787 3294 2841 mentis
3315 2797 3482 2841 statu.

1904 2875 2066 2931 Forte
2095 2877 2187 2946 qui
2239 2877 2466 2930 audiunt
2517 2877 2675 2945 tales,
2711 2879 2840 2932 hinc
2883 2893 2979 2932 cor
3003 2879 3071 2932 ad
3119 2878 3482 2932 humilitatem

1905 2979 2097 3021 secure
2119 2965 2434 3034 disponunt.

1975 3075 2140 3147 665
2169 3074 2533 3133 CCCXLVIII.
2558 3106 2630 3120 —
2653 3077 3051 3135 IIARPOCRIE
3087 3076 3414 3134 RHETORI.

972 3192 1050 3247 De
1081 3193 1320 3247 docentis
1350 3193 1537 3263 oﬂicio.
1568 3191 1725 3264 (Sup.
1757 3192 1908 3260 epist.
1941 3187 2072 3251 215,
2101 3187 2229 3248 2⁸55,
2251 3186 2380 3248 265.
2411 3188 2539 3251 265,
2571 3187 2720 3259 290.)

280 3297 410 3362 Τοῖς
430 3298 701 3370 δυσηνίοις
735 3298 1009 3371 μαθηταῖς
1035 3299 1135 3371 (9),
1159 3293 1204 3353 ὧ
1237 3301 1491 3370 σοφιστά,
1525 3301 1617 3354 τὸν
1641 3300 1792 3371 χαλι⁹

1969 3295 2265 3364 DiScipulis
2326 3295 2709 3361 refractariis,
2754 3312 2787 3348 ο
2843 3297 3111 3367 sophista,
3150 3299 3298 3356 velut
3332 3304 3490 3372 equis

207 3392 302 3446 νὸν
326 3391 422 3445 τοῦ
460 3391 625 3462 φόϐου
663 3391 851 3463 ὥσπερ
877 3393 1081 3455 πώλοις
1115 3391 1353 3463 ἔμϐαλλε
1383 3411 1397 3425 ·
1437 3393 1532 3446 καὶ
1575 3393 1794 3445 ἐπιστό-

211 3484 340 3555 μιζε
395 3483 614 3550 αὐτοὺς,
668 3484 892 3538 ἐπειδὰν
917 3483 1202 3556 ἀγέρωχον
1236 3502 1290 3537 τι
1343 3485 1438 3537 καὶ
1486 3483 1638 3556 παρά
1694 3484 1794 3555 τὴν

210 3575 370 3646 ἡνίαν
409 3575 722 3646 πράττοιεν,
753 3576 841 3629 ἵνα
871 3577 966 3629 καὶ
1011 3577 1060 3630 οἱ
1093 3576 1297 3648 εὐήνιοι
1352 3574 1515 3628 πλέον
1562 3576 1794 3628 ἐπιδοῖεν

209 3669 350 3740 πρὸς
380 3667 602 3739 ἀρετὴν.
633 3669 706 3722 Τὸ
734 3668 844 3740 γὰρ
879 3667 989 3722 τῶν
1019 3667 1200 3722 αὐτῶν
1236 3666 1523 3732 ἀξιοῦσθαι
1553 3668 1682 3729 τοὺς
1717 3666 1795 3738 μὴ

210 3761 282 3813 τὰ
312 3760 452 3813 αὑτά
487 3760 848 3832 πράττοντας,
879 3760 1232 3815 ἀτοπώτατόν
1252 3761 1391 3821 ἐστι,
1419 3760 1513 3812 καὶ
1538 3762 1605 3831 τῇ
1626 3761 1795 3830 ἀρετῇ

212 3852 493 3922 ἐμπόδιον.
525 3851 620 3914 El;
656 3850 900 3922 ἀθυμίαν
927 3852 1037 3922 γὰρ
1059 3851 1348 3922 ἐμϐάλλων
1379 3850 1507 3914 τοὺς
1533 3849 1795 3921 ἀρίστους

213 3942 424 4012 ναρκᾷν
451 3940 889 4010 παρασκευάζει.
924 3940 1156 4011 Τρόπων
1175 3934 1268 3992 οὖν
1296 3938 1520 4009 μᾶλλον,
1558 3938 1592 4008 ἢ
1621 3938 1795 4006 λόγων

213 4032 522 4102 ἡγούμενος
573 4029 715 4085 εἶναι
760 4031 958 4085 σαυτὸν
995 4031 1313 4102 παιδευτὴν,
1355 4031 1568 4083 δείκνυε
1609 4031 1796 4094 αὐτοῖς

213 4125 524 4194 ἀρχέτυπόν
551 4141 674 4178 τινα
707 4124 1031 4195 χαρακτῆρα
1055 4123 1149 4175 τὸν
1183 4123 1382 4176 σαυτοῦ
1419 4121 1532 4193 βίον
1554 4141 1568 4155 ο
1591 4123 1652 4175 οὑ
1686 4125 1794 4194 γὰρ

217 4220 245 4270 ὁ
275 4217 433 4285 λόγος
467 4216 742 4278 τοσοῦτον,
769 4216 892 4268 ἃσον
916 4217 944 4269 ὁ
971 4215 1084 4285 βίος
1113 4216 1192 4278 εἰς
1225 4214 1426 4287 ἀρετὴν
1452 4217 1654 4285 ἐνάγει.

677 4324 860 4378 me.
893 4354 962 4363 —
985 4323 1072 4393 Τῼ
1121 4322 1323 4393 ΑΥΤῼ.

1902 3387 2182 3442 indomitis
2214 3388 2427 3441 frenum
2463 3388 2674 3442 timoris
2703 3388 2885 3456 injice,
2918 3399 3082 3460 atque
3110 3407 3204 3448 eos
3229 3394 3486 3461 capistra.

1902 3478 1997 3532 ubi
2033 3479 2162 3546 quid
2213 3479 2474 3542 insolens,
2529 3490 2582 3534 et
2623 3493 2822 3550 prmtcr
2877 3484 3116 3539 habenas
3169 3489 3399 3554 egerint,
3431 3498 3490 3542 ut

1904 3569 2074 3623 frenis
2116 3569 2220 3625 rite
2271 3582 2545 3638 parentes,
2597 3572 2716 3642 plus
2750 3575 2816 3627 ad
2858 3575 3116 3630 virtutem
3175 3579 3484 3648 proﬁciant.

1901 3659 2038 3715 Nam
2067 3662 2254 3716 eadem
2283 3663 2523 3718 tribuere
2551 3665 2616 3718 iis
2639 3665 2730 3734 qui
2783 3681 2887 3720 non
2934 3668 3122 3722 eadem
3157 3679 3342 3739 agunt,
3392 3673 3490 3724 ah-

1901 3751 2279 3805 surdissimum
2298 3762 2399 3816 est,
2427 3754 2750 3823 virtutisque
2770 3755 3236 3823 impedimentum.
3259 3759 3490 3813 Animos

1901 3843 2044 3896 enim
2077 3844 2405 3913 optimorum
2441 3844 2701 3911 dejiciens
2733 3861 2798 3901 ac
2831 3861 3185 3916 prosternens
3212 3860 3486 3921 torporem

1903 3935 2128 3990 inducit.
2169 3936 2538 3992 institutorem
2587 3937 2752 4008 igitur
2788 3949 2840 3994 te
2873 3943 3048 4009 potius
3079 3959 3290 3997 morum
3324 3961 3485 4014 quam

1903 4043 2216 4081 sermonum
2247 4044 2369 4083 esse
2397 4038 2567 4094 ratus,
2593 4040 2736 4084 tuam
2771 4031 2874 4088 illis
2908 4034 3072 4088 vitam
3112 4036 3358 4099 ostende,
3391 4053 3485 4091 ve-

1902 4118 1982 4172 lut
2013 4119 2365 4189 archetypum
2417 4121 2531 4174 sive
2562 4122 2858 4190 exemplar.
2916 4123 3033 4178 Non
3087 4127 3229 4180 enim
3279 4136 3486 4182 tantum

1903 4211 2101 4275 oratio,
2133 4221 2395 4280 quantum
2424 4214 2528 4265 vita
2555 4215 2619 4267 ad
2653 4216 2904 4270 virtutem
2933 4217 3100 4272 ducit.

2362 4322 2679 4381 CCCXUX.
2704 4356 2776 4368 —-
2807 4327 3033 4384 EIDEM.

1437 4431 1708 4487 Erubescit
1744 4445 1994 4488 laudatus
2037 4435 2271 4489 humilis.

289 4541 412 4596 Ὅτι
494 4541 632 4611 πρὸς
711 4541 839 4604 τοὺς
902 4540 1158 4604 ἐπαίνους
1235 4540 1496 4614 ἐρυθριᾷν
1551 4542 1794 4610 πέφυκα,

1973 4541 2054 4595 Ad
2083 4541 2270 4597 laudes
2292 4542 2617 4598 erubescere
2643 4559 2732 4599 me
2753 4555 2946 4599 natura
2969 4547 3166 4609 solere,
3194 4549 3360 4616 probe
3395 4560 3489 4603 tua

216 4637 368 4708 μάλα
424 4633 668 4706 ἀκριϐῶς
714 4630 826 4688 οἶδέ
881 4651 976 4688 σου
1015 4635 1049 4705 ἡ
1078 4633 1383 4698 παίδευσις.
1454 4635 1647 4688 Ἦνίκα
1688 4634 1795 4705 γὰρ

1908 4633 2060 4687 novit
2105 4634 2418 4704 prudentia.
2452 4633 2587 4688 Cum
2619 4636 2763 4690 enim
2813 4651 3104 4694 occurrere
3153 4641 3307 4694 nobis
3357 4657 3486 4696 cum

216 4727 359 4800 μετά
390 4727 498 4780 τῶν
539 4727 650 4779 σῶν
697 4725 970 4796 φοιτητῶν
1011 4727 1255 4797 ἐντυχεῖν
1286 4729 1422 4797 ἡμῖν
1454 4725 1801 4796 κατηξίωσας

215 4819 314 4871 καὶ
345 4816 620 4888 ἐρωτῆσαί
651 4835 703 4869 τι
727 4815 839 4870 τῶν
866 4817 1026 4887 ιερῶν
1072 4816 1306 4889 Γραφῶν
1330 4816 1657 4888 ¹Ιλϐουλήθης,
1686 4817 1798 4886 ἐγὼ

213 4909 274 4962 δὲ
305 4904 460 4961 εἷπον
483 4908 559 4970 ὼς
591 4902 779 4961 οἷόντε
803 4903 893 4978 ἦν·
923 4907 985 4961 τὸ
1016 4909 1317 4978 τηνικαῦτα
1346 4909 1474 4980 παρ’
1507 4909 1662 4978 ὑμῶν
1699 4909 1799 4978 μὲν

214 4999 414 5070 κρότος
440 4999 553 5071 (10)
579 4999 895 5069 ἐξεφοίτησε
923 4999 1018 5053 καὶ
1049 4998 1275 5052 ἐπαίνου
1317 4998 1522 5070 ῥόθιον.
1562 4997 1707 5068 Ἐγὼ
1735 4999 1794 5052 δὲ

214 5089 361 5142 οὕτω
408 5086 759 5157 κατεπλάγην
819 5086 915 5139 καὶ⁸
970 5085 1323 5156 ἠρυθρίασα,
1383 5084 1460 5148 ὡς
1506 5086 1600 5138 ἐπὶ
1658 5086 1794 5139 πολὺ

215 5180 428 5252 ἀχανὴς
492 5180 694 5249 μεῖναι.
759 5176 824 5230 Τί
866 5175 1066 5246 δήποτε
1123 5176 1306 5229 τοίνυν
1367 5175 1625 5236 ἐπαίνους
1670 5192 1799 5229 συν-

215 5274 354 5337 θεὶς,
386 5269 567 5342 πολλῷ
607 5269 705 5341 τὴν
732 5269 1011 5342 ἡμετέραν
1043 5267 1442 5339 ὑπερϐαίνοντα
1471 5267 1629 5333 ἀξίαν
1667 5267 1800 5321 ἐπέ-

215 5364 437 5429 στειλας
454 5381 471 5432 ;

1911 4725 2019 4779 tuis
2069 4725 2409 4780 auditoribus
2451 4727 2701 4797 dignatus
2752 4743 2814 4784 es
2871 4741 2928 4784 et
2976 4732 3104 4800 quid
3148 4733 3492 4804 interrogare

1903 4831 1937 4870 ο
1966 4819 2139 4872 sacris
2172 4817 2394 4874 Litteris
2423 4820 2662 4883 voluisti,
2693 4835 2796 4890 ego
2838 4837 2970 4876 vero
3003 4825 3112 4877 dixi
3160 4829 3334 4893 quoad
3367 4829 3489 4896 ejus

1903 4905 2019 4960 ﬁeri
2050 4907 2244 4975 potuit,
2270 4917 2397 4962 tunc
2419 4907 2640 4976 plausus
2661 4925 2689 4963 a
2723 4910 2875 4966 vobis
2908 4915 3174 4980 processit
3203 4915 3488 4986 lamlisquc

1903 4999 2134 5055 sonitus.
2159 4998 2449 5054 Perculsus
2477 5010 2654 5054 tamen
2686 5001 2761 5056 ita
2794 5001 2870 5057 fui
2898 5005 3202 5074 ruboreque
3229 5006 3486 5072 suffusus,

1905 5099 1964 5140 ut
2002 5089 2090 5143 diu
2117 5091 2364 5159 stupidus
2395 5091 2671 5147 lneserim.
2732 5092 2841 5148 Cur
2891 5095 3055 5164 igitur
3091 5098 3273 5151 laudes
3323 5101 3484 5152 ador-

1907 5195 2070 5246 nans,
2109 5196 2229 5251 quae
2256 5185 2451 5239 merita
2510 5195 2694 5240 nostra
2721 5185 2879 5256 longe
2927 5190 3214 5255 excedant,
3249 5192 3496 5248 misisti?

1314 5518 1549 5574 νΑιιιίΕ
1591 5517 1978 5580 LECTIONES
2013 5522 2101 5578 ET
2139 5523 2376 5593 ΝΟΤΑΞ,

210 5679 369 5808 Ρῡω)
395 5678 495 5734 Pro
531 5679 799 5749 μαθηταῖς
842 5681 1003 5736 iidem
1039 5678 1198 5733 codd.
1242 5681 1443 5736 habent
1487 5684 1796 5751 φοιτηταῖς.

296 5765 430 5803 ssttt.

296 5765 430 5803 SSIN.

286 5822 400 5895 (10)
436 5820 539 5874 Pro
566 5821 757 5890 κρότος
777 5823 932 5878 codd.
966 5821 1088 5878 Val.
1114 5823 1218 5878 650
1247 5829 1301 5878 et
1320 5821 1426 5877 Alt.
1448 5820 1787 5892 Ιεεειιηιικρό-

1901 5695 2086 5810 foulel'
2105 5701 2247 5742 vers.
2277 5697 2454 5758 antep.
2502 5689 2662 5757 epist.
2698 5688 2952 5755 ἐπαίνους
2997 5701 3050 5748 et
3096 5692 3320 5748 ἐπαίνου
3359 5711 3475 5750 mu-

1923 5771 2034 5810 an.
2095 5772 2146 5810 υ.

1923 5771 2034 5810 ειηι.
2072 5771 2146 5810 ID.
