3982 6420
496 355 630 423 Ῑὲιῖθ
1692 360 1752 418 S.
1785 357 2068 418 ‘ISIDORl

2206 357 2550 421 .LUSIOTJ‘I
3621 348 3778 415 1540

940 475 1134 530 CCCL.
1164 505 1233 517 —
1267 472 1587 530 EUTONIO.
2099 482 2148 537 Α

2099 482 2148 537 Α
2682 470 2808 524 TN'.
2839 501 2906 510 -
2938 470 3252 541 amomo.

1263 581 1512 638 Corporis
1540 582 1806 636 animioue
1840 581 2181 650 pulchritudo
2215 581 2449 634 adversis
2476 595 2578 631 non
2617 579 2987 642 exstinguitur.

567 691 636 747 Ut
687 691 932 761 corporis
991 690 1358 760 pulchritudo,
1417 705 1485 745 ne
1521 690 1576 744 in
1609 690 2069 744 consternatione

2250 692 2461 762 Ὠσπερ
2512 689 2573 743 τὸ
2642 705 2953 758 σωματικον
3014 687 3206 746 κάλλος
3281 686 3392 739 οὐδ’
3457 686 3564 739 ὑπὸ
3645 685 3775 739 τῶν

493 783 713 852 quidem
749 791 1018 846 mutatur,
1048 793 1298 836 servatur
1330 796 1462 835 vero
1508 782 1619 850 ipsa
1655 782 1783 836 etin
1818 781 2065 851 lacrymis

2208 782 2491 849 κπλήξεων
2539 780 2869 844 ἀλλοιοῦται,
2903 778 3066 844 σώζει
3110 779 3168 830 δὲ
3209 777 3362 842 αὐτὸ,
3415 777 3515 832 κᾶν
3557 780 3618 831 ὲν
3661 779 3773 831 δα-

493 874 682 926 subest
717 891 732 927 :
767 873 837 926 ita
862 882 916 928 et
953 873 1148 926 anima:
1195 879 1450 926 venustas
1485 873 1745 924 virtutum
1803 886 2065 925 consensu

2203 873 2366 944 ερύοις
2407 874 2631 944 ὑπάρχῃ
2654 913 2670 936 ,
2705 872 2850 925 οὕτω
2899 871 2996 925 καὶ
3019 871 3082 923 τὸ
3128 870 3382 941 ψυχικὸν,
3411 870 3471 922 τὸ
3516 871 3624 923 ὑπὸ
3655 870 3775 939 τῆς

493 963 691 1018 coalita
728 963 986 1033 seipsam,
1015 967 1115 1019 etsi
1150 964 1200 1017 in
1225 962 1625 1017 calamitatibus
1649 962 1742 1027 sit,
1765 972 2065 1017 conservat.

2199 963 2527 1035 ιυμμετρίας
2591 962 2702 1015 τῶν
2754 960 2968 1032 ἀρετῶν
3048 958 3543 1028 συγκροτούμενον,
3592 956 3771 1021 σώζει

497 1054 858 1110 Exerceamus
904 1055 1084 1124 itaque
1133 1069 1278 1117 eam,
1326 1061 1382 1108 et
1434 1054 1580 1107 nulla
1620 1055 1843 1108 tentatio
1877 1054 2069 1108 invicta

2201 1055 2366 1119 εαυτὸ,
2422 1054 2528 1108 κᾶν
2577 1055 2636 1106 ὲν
2691 1055 2999 1123 συμφοραῖς
3049 1051 3318 1122 τυγχάνῃ.
3374 1050 3547 1102 Τοῦτο
3578 1049 3773 1101 τοίνυν

497 1145 589 1200 Dei
619 1147 808 1200 dextra
843 1146 1001 1202 nobis
1036 1162 1191 1217 Opem
1232 1146 1440 1202 ferente
1467 1160 1567 1199 nos
1592 1144 1944 1214 expugnabit.

2200 1147 2469 1216 ὶσκῶμεν,
2511 1146 2607 1198 καὶ
2632 1144 2805 1208 οὐδεὶς
2835 1144 3147 1215 πειρασμὸς
3180 1145 3279 1213 τῆς
3309 1142 3582 1211 ἀηττήτου
3623 1157 3772 1211 προ-

2177 1235 2499 1308 ηγουμένως
2540 1234 2840 1306 βοηθούσης
2873 1234 3054 1300 δεξιᾶς
3082 1235 3230 1304 ἡμᾶς
3256 1234 3707 1298 καταγωνιεῖται.

703 1345 926 1401 CCCLI.
958 1374 1028 1386 —
1051 1342 1446 1400 HABPOCIUE
1473 1341 1859 1400 SOPIIISTKE.
2463 1343 2639 1399 TNA’.
2679 1373 2748 1387 --
2789 1343 3121 1414 ΑΡΙΙΟΚΡᾼ
3165 1341 3476 1411 ΣΟΦΙΣΤῌ.

498 1458 816 1513 Ilumilitate
843 1459 1048 1513 cateris
1075 1458 1459 1528 prwstandum.
1488 1456 1673 1527 (Conf.
1698 1456 2002 1528 epist.rl?.7,
2026 1456 2157 1528 εει),
2191 1455 2316 1509 549.
2341 1453 2446 1528 ASic
2574 1455 2709 1525 Aug.
2735 1456 2889 1526 epist.
2920 1457 2989 1508 ad
3010 1453 3332 1508 Ianuarium
3367 1455 3431 1507 de
3465 1451 3776 1506 humilitate

1565 1543 1630 1579 ea:
1652 1528 1794 1580 dicto
1826 1527 1992 1580 simili
2016 1526 2252 1580 Demost.
2315 1526 2378 1578 de
2408 1525 2668 1596 actione.)

567 1635 784 1689 Duobus
813 1632 931 1686 ﬁdis
963 1631 1244 1698 fratribus,
1273 1639 1328 1686 et
1350 1631 1489 1686 inter
1525 1647 1584 1686 se
1627 1633 1862 1686 maxime
1891 1647 2080 1684 aman-
2111 1697 2139 1701 _

2256 1630 2413 1684 Δυοῖν
2446 1648 2576 1684 ποτε
2603 1631 2854 1701 ἀδελφοῖν
2900 1632 3113 1684 πιστοῖν
3141 1631 3236 1684 καὶ
3275 1630 3451 1698 φίλειν
3485 1629 3767 1700 ἀρίστοιν,

496 1725 639 1778 tibus
665 1739 728 1777 ac
758 1724 824 1776 de
858 1722 1058 1776 virtute
1100 1723 1438 1776 certantibus
1467 1738 1552 1776 me
1573 1722 1811 1789 judicent
1846 1724 2068 1792 capien-

2197 1723 2276 1776 tal.
2339 1725 2420 1786 εἰς
2495 1724 2697 1795 ἀρετὴν
2745 1697 3194 1793 ἀμιλλωμὲνοιν,
3256 1724 3452 1793 κριτήν
3646 1721 3769 1774 ἐλο-

497 1813 664 1876 tibus,
701 1829 762 1868 ac
789 1811 1144 1882 jurejurando
1177 1813 1318 1880 quod
1345 1813 1644 1882 judicatnm
1676 1814 2069 1882 critamplesa-

2197 1814 2388 1882 ιένοιν,
2416 1817 2512 1868 καὶ
2535 1816 2684 1886 ὅρκῳ
2713 1815 2958 1886 στέρξειν
2974 1815 3044 1869 τὰ
3063 1815 3434 1886 κριθησόμενα
3473 1814 3769 1883 ἰσχυρισα-

497 1906 621 1960 tis:
677 1904 824 1957 illum
879 1903 1120 1972 judicavi
1177 1915 1458 1972 prestare,
1515 1904 1608 1973 qui
1669 1904 1724 1959 in
1750 1905 1961 1961 caneris
2004 1905 2069 1960 sit

2197 1907 2386 1976 aévow,
2417 1907 2625 1960 ἐκεῖνον
2681 1907 3036 1977 ὲψηφισάμην
3083 1906 3370 1978 κρείττονα
3397 1900 3558 1969 εἶναι,
3611 1905 3668 1966 ὃς
3706 1906 3769 1956 ἐν

494 1995 740 2065 aqualis,
769 1995 1072 2050 humilitate
1099 2004 1276 2049 tamen
1305 1994 1614 2050 antecellat.

2197 1999 2292 2060 τοῖς
2320 1997 2502 2062 ἀλλοις
2531 1998 2740 2052 ἅπασιν
2771 1998 3049 2070 ἰσάμιλλος
3073 1997 3166 2062 ὢν,
3200 1999 3261 2051 ὲν
3297 2001 3367 2068 τῇ
3397 2013 3769 2067 ταπεινοφρο-

2182 2085 2317 2157 σύνῃ
2354 2087 2689 2144 πλεονεκτεῖ.
3415 2079 3418 2084 ’

952 2184 1190 2243 CCCLll.
1229 2214 1302 2228 —
1331 2183 1610 2242 HERONI.

2689 2197 2861 2250 TNB'.
2893 2225 2965 2237 -
2997 2197 3228 2252 ΗΡΩΝΙ.

1742 2277 1963 2335 Parent:
1989 2285 2170 2342 merito
2201 2289 2494 2357 parendum

567 2387 852 2442 Parentem
875 2394 1028 2442 tuum
1057 2399 1311 2442 reverere
1360 2385 1671 2441 hortantem
1720 2386 2070 2443 incitantem-

2244 2395 2529 2466 Λὶδέσθητι
2565 2395 2657 2449 τὸν
2684 2398 2882 2451 σαυτοῦ
2936 2397 3166 2469 πατέρα,
3195 2395 3288 2450 τὸν
3322 2398 3382 2449 ὲν
3415 2389 3499 2459 οἷς
3535 2396 3755 2462 ἔξεστιν

493 2498 601 2550 que
631 2482 684 2534 in
735 2481 933 2550 quibus
983 2478 1282 2548 imperandi
1322 2477 1411 2544 jus
1457 2477 1770 2530 habeatzin
1817 2479 2065 2548 viamque

2191 2480 2485 2539 ὲπιτάττειν
2564 2473 3022 2558 παρακαλοῦνταυ
3102 2490 3198 2542 καὶ
3276 2486 3539 2541 ὲπάνελθε
3623 2487 3763 2557 πρὸς

495 2575 609 2627 redi
641 2571 882 2636 virtutis,
919 2586 985 2625 ne
1013 2570 1160 2625 abuti
1193 2570 1424 2639 propriis
1449 2580 1674 2636 cogatur
1709 2570 1895 2623 armis.
1920 2570 2067 2624 Diffi-

2187 2579 2400 2648 Ξιρετὴν,
2432 2579 2519 2630 ἵνα
2557 2580 2632 2650 μὴ
2691 2581 3012 2652 ἀναγκάσῃς
3071 2581 3236 2634 αὑτὸν
3277 2579 3585 2652 χρήσασθαι
3645 2583 3759 2640 τοῖς

495 2665 616 2721 cilis
671 2665 818 2718 enim
871 2672 1178 2734 expugnata
1233 2671 1338 2728 est,
1371 2662 1460 2730 qui
1520 2662 1727 2731 legibus
1786 2677 1849 2717 ac
1885 2673 2067 2718 natura

2189 2670 2395 2734 ιίκείοις
2433 2670 2639 2734 ὅπλοις.
2691 2673 2979 2742 Δύσμαχος
3031 2674 3146 2743 γάρ
3195 2675 3312 2726 ἐστι
3357 2671 3519 2740 φύσει
3564 2687 3626 2722 τε
3662 2670 3761 2722 καὶ

498 2755 758 2810 munitus.
807 2751 863 2807 ω
894 2754 939 2807 si
975 2752 1311 2807 humanitate
1350 2768 1458 2808 non
1489 2753 1850 2822 persuaserit,
1885 2765 1942 2809 at
1978 2770 2070 2826 po-

2183 2763 2366 2831 νόμοις
2423 2763 2928 2834 δορυφορούμενος·
2985 2767 3078 2816 καὶ
3132 2763 3295 2835 εἰμὴ
3361 2761 3656 2833 πεισθείσῃ
3689 2762 3755 2830 τῇ

495 2854 690 2901 testate
720 2859 822 2900 sua
856 2853 1067 2898 utetur.

2177 2853 2582 2925 φιλανθρωπίᾳ,
2605 2857 2870 2926 χρήσεται
2895 2859 2963 2928 τῇ
2990 2856 3233 2928 ἐξουσίᾳ.
3732 2841 3735 2844 ’

870 2951 1037 3022 see
1061 2949 1326 3008 CCCLlll.
1356 2980 1427 2992 —
1461 2950 1693 3011 EIDEM.

2649 2960 2824 3016 mT'.
2865 2990 2938 3001 —
2965 2962 3053 3032 To
3080 2961 3285 3033 arra.

1835 3046 1998 3118 Leges
2029 3048 2404 3118 formidandw.

581 3151 634 3209 Si
664 3162 912 3208 naturam
945 3152 1127 3209 minus
1158 3153 1384 3218 vereris,
1421 3153 1565 3225 leges
1603 3155 1794 3212 saltem
1824 3158 2069 3226 metuito,
2101 3145 2144 3202 C

2248 3161 2312 3213 El
2343 3161 2446 3214 οὐκ
2496 3161 2618 3232 αἰδῇ
2654 3163 2754 3233 τὴν
2812 3161 2996 3232 φύσιν,
3056 3161 3324 3234 φοϐήθητι
3352 3163 3482 3226 τοὺς
3531 3163 3746 3232 νόμους,

500 3261 568 3301 ne
590 3245 718 3318 quid
748 3247 800 3300 in
829 3244 997 3300 Deum
1026 3258 1216 3314 pecces
1239 3254 1295 3299 et
1317 3246 1367 3300 iu
1393 3245 1661 3302 homines.

2178 3251 2262 3304 ἵνα
2314 3253 2390 3325 μὴ
2451 3255 2544 3309 καὶ
2591 3255 2699 3309 τῶν
2743 3255 2903 3310 θείων
2953 3256 3050 3308 καὶ
3091 3256 3201 3308 τῶν
3231 3254 3591 3328 ἀνθρωπίνων
3639 3256 3750 3309 δια-

2223 3343 2412 3402 doma.

2177 3360 2412 3417 μαρτῃς.

914 3439 1174 3498 CCCLIV.
1222 3470 1291 3481 —
1321 3440 1643 3498 AUSONIO.

2177 3360 2412 3417 μαρτῃς.

2637 3457 2809 3510 TNA'.
2839 3487 2910 3499 _
2962 3456 3280 3526 amomo.

1202 3537 1326 3591 Non
1351 3538 1414 3590 ab
1435 3550 1620 3592 eventu
1649 3555 1730 3592 res
1747 3540 2077 3609 judicentur,
2101 3549 2192 3602 sed
2218 3566 2283 3604 ex
2305 3553 2498 3607 animo.
2521 3553 2697 3623 (conf.
2719 3555 2871 3624 epist.
2903 3551 3054 3624 533i)

570 3647 643 3704 IJt
668 3649 760 3718 qui
789 3648 975 3702 ulcisci
993 3647 1165 3717 cupit,
1198 3661 1298 3701 nec
1325 3657 1524 3716 potest,
1551 3648 1603 3702 in
1632 3649 1772 3702 idem
1795 3651 1986 3705 recidit
2011 3667 2075 3708 ac

2253 3665 2463 3735 Ὥσπερ
2495 3667 2523 3718 ὁ
2545 3664 2850 3734 ἀμύνεσθαι
2884 3664 3168 3734 ἐπιθυμῶν
3209 3663 3330 3734 μὲν,
3353 3663 3636 3718 ἀδυνατῶν
3672 3666 3748 3728 δὲ,

496 3741 541 3795 si
579 3739 724 3793 ultus
750 3746 899 3792 esset
935 3754 950 3793 :
987 3735 1061 3790 ita
1096 3736 1186 3806 qui
1243 3737 1538 3806 rependere
1565 3738 1703 3804 vult,
1751 3755 1849 3795 nec
1895 3752 2068 3810 potest

2178 3755 2236 3807 τό
2275 3771 2338 3822 γε
2368 3757 2447 3818 εἰς
2483 3755 2646 3807 αὐτὸν
2677 3751 2832 3826 ἧκον,
2877 3753 3152 3823 ἠμύνατο·
3199 3753 3344 3807 οὖεω
3384 3756 3480 3806 καὶ
3513 3757 3540 3808 ὁ
3591 3758 3747 3825 ἀμεί-

499 3842 700 3895 tamen,
731 3828 846 3896 jam
873 3827 1138 3897 rependit.
1166 3826 1317 3892 Quod
1341 3827 1482 3880 enim
1514 3827 1567 3880 in
1598 3843 1658 3882 se
1685 3839 1820 3895 erat,
1856 3833 2071 3900 praesti-

2175 3846 2377 3916 ψασθαι
2419 3847 2764 3916 βουλόμενος,
2804 3847 2878 3917 μὴ
2910 3847 3210 3917 δυνάμενος
3234 3847 3312 3913 δὲ,
3353 3849 3646 3917 ἡμείψατο.
3680 3851 3747 3900 Τὸ

501 3924 566 3976 tit
596 3939 611 3974 :
636 3935 757 3974 cum
779 3919 924 3973 enim
949 3933 1057 3972 non
1077 3931 1290 3985 semper
1306 3916 1572 3971 voluntati
1598 3917 1827 3975 facultas
1856 3937 2073 3991 respon-

2174 3940 2284 4010 γὰρ
2308 3939 2474 3991 αὑτοῦ
2521 3941 2631 3991 πᾶν
2665 3940 2759 3992 καὶ
2801 3916 2957 4002 οὗτος
2998 3916 3245 4010 εποίησε.
3290 3916 3509 4010 Ἐπειδὴ
3549 3940 3660 4009 γὰρ
3687 3941 3744 3994 οὐ

498 4016 644 4080 deat,
675 4025 766 4067 res
791 4011 860 4066 ab
887 4010 1078 4065 etIectu
1102 4008 1434 4078 iudicantur.
2177 4008 2392 4089 πάντως
2419 4029 2485 4096 τῇ
2512 4026 2766 4098 βουλήσει
2798 4027 3083 4098 ἡδύναμις
3109 4008 3320 4096 ἕπεται,
3345 4030 3453 4083 ἀπὸ
3482 4008 3581 4100 τῆς
3609 4008 3743 4101 fw;-

2175 4132 2284 4186 μης
2313 4116 2382 4170 τὰ
2422 4117 2726 4188 πράγματα
2761 4118 3028 4188 κρίνεται.

651 4226 891 4285 CCCLV.
931 4254 1003 4266 —
1049 4223 1448 4282 URSENOBIO
1474 4225 1552 4295 (a)
1572 4223 1898 4282 LECTORI.

2341 4229 2390 4282 Τ
2393 4230 2514 4283 NE'.
2552 4259 2623 4269 —
2660 4230 3090 4302 ΟΥΡΣΕΝΟΦιῼ
3133 4232 3569 4305 ΑΝΛΓΝΩΣΤῌ.

887 4315 1072 4370 Virtus
1101 4316 1199 4369 etsi
1223 4315 1311 4368 hic
1335 4316 1595 4369 orwconio
1625 4328 1802 4370 careat
1847 4320 2119 4384 promtiunt
2145 4327 2320 4375 tamen
2351 4320 2675 4391 gloriamque
2708 4322 2761 4374 in
2791 4321 2970 4391 futuro
2993 4323 3187 4376 swculo
3212 4323 3414 4378 habebit

560 4435 794 4493 Tametsi
821 4431 873 4487 in
900 4430 1004 4485 hac
1027 4430 1142 4500 ipsa
1172 4429 1386 4485 mortali
1437 4429 1576 4496 vita,
1630 4431 1794 4486 multa
1822 4433 2062 4503 antiquis
2098 4420 2132 4475 Π

2242 4437 2306 4488 Εἰ
2341 4435 2438 4488 καὶ
2472 4435 2531 4488 ὲν
2581 4435 2660 4506 τῷ
2683 4435 2739 4489 δε
2781 4435 2860 4505 τῷ
2910 4435 3011 4506 βίῳ
3055 4436 3225 4491 πολλά
3253 4440 3366 4502 τοῖς
3406 4438 3659 4503 παλαιοῖς
3688 4440 3733 4492 oi

496 4527 825 4584 recentiores
868 4521 1066 4578 similia
1124 4521 1434 4590 alliuiaque,
1489 4522 1598 4577 imo
1633 4531 1692 4578 et
1743 4524 2060 4580 admiranda

2166 4522 2261 4577 νῦν
2291 4523 2647 4595 παραπλήσια
2697 4525 2732 4595 ἢ
2767 4523 2866 4577 κα)⁸
2899 4524 3323 4598 θαυμασιώτερα
3387 4529 3645 4598 δρῶντες,
3677 4531 3731 4581 οὗ

497 4618 668 4688 magis
725 4622 967 4685 agentes,
1027 4627 1130 4668 non
1186 4627 1371 4681 parem
1434 4620 1614 4666 tamen
1647 4623 1775 4667 sunt
1838 4613 2062 4682 gloriam

2170 4615 2560 4686 παραπλησίας
2611 4615 2769 4685 δόξης
2837 4617 3198 4685 τυγχάνουσιν
3259 4619 3432 4690 (παρὰ
3489 4622 3596 4691 γὰρ

495 4709 675 4779 adepti
704 4708 851 4777 (nam
888 4710 1111 4773 propter
1137 4702 1533 4768 infirmitatem,
1561 4713 1656 4757 aut
1691 4705 1946 4758 invidiam
1970 4717 2065 4761 aut

2169 4709 2278 4760 τῶν
2330 4707 2686 4776 ὑμνησάντων
2729 4707 3036 4774 ἀσθένειαν,
3095 4709 3127 4778 ἢ
3176 4709 3372 4776 φθόνον
3426 4710 3460 4779 ἢ
3525 4711 3733 4771 σπάνιν,

497 4800 570 4858 ob
592 4798 870 4871 penuriam
887 4793 1300 4858 celebrantium,
1325 4791 1609 4850 inferiores
1627 4809 1748 4850 esse
1771 4796 2062 4864 videntur),

2173 4798 2394 4852 ἔλαττον
2424 4797 2567 4867 ἔχειν
2608 4797 2902 4867 δοκοῦσιν),
2961 4799 3100 4854 ἀλλά
3148 4817 3213 4868 γε
3259 4802 3318 4852 ὲν
3373 4800 3452 4870 τῷ
3499 4801 3735 4870 μέλλοντι

495 4893 590 4948 sed
617 4898 672 4944 et
704 4889 760 4944 in
791 4889 958 4941 altera
987 4887 1096 4939 vita
1124 4898 1188 4940 ea
1236 4895 1656 4954 consequentur,
1677 4901 1932 4955 ηοω-ρει·
1978 4896 2060 4941 est

2165 4889 2432 4960 τοσαύτης
2483 4888 2782 4953 τεύξονται,
2824 4890 2958 4958 ὅσης
2997 4890 3063 4943 ἂν
3109 4893 3293 4961 τυχεῖν
3349 4891 3561 4944 δίκαιον
3617 4894 3736 4953 τοὺς

495 4984 751 5053 adipisci,
787 4981 879 5049 qui
909 4979 1136 5034 honeste
1168 4978 1385 5048 quidem
1431 4977 1703 5045 vixerunt,
1737 4977 1949 5048 inglorii
1979 4990 2062 5032 ta-

2159 4981 2396 5044 εὐκλεῶς
2449 4982 2548 5051 μὲν
2599 4981 2893 5051 ζήσαντας,
2949 4982 3160 5046 ἀκλεῶς
3192 4983 3251 5036 δὲ
3281 4983 3727 5054 τελευτήσαντας.

496 5089 616 5129 men
646 5074 749 5126 vita
777 5071 1044 5124 abierunt.

493 5179 758 5239 CCCLVI.
830 5209 902 5220 —
953 5177 1742 5254 ns_aum_(l_,_ponojr_uso,
1797 5177 2065 5235 HIEBACI

2165 5181 2355 5248 TNq'.
2400 5209 2469 5218 -
2532 5179 2831 5254 ΕΡΜιΝρ,
2862 5181 3212 5254 amoeno,
3269 5186 3506 5239 IEPAKI
3560 5185 3730 5238 ΛΑΜ-

961 5248 1136 5304 VIRIS
1161 5247 1591 5304 CLARISSIMIS
2296 5247 2302 5248 ⁷

1585 5272 1591 5298 ,
2296 5247 2302 5248 ί
2752 5247 3157 5310 ΠΡΟΤΑΤΟΙΣ.

1217 5339 1294 5392 De
1320 5339 1412 5393 Dei
1437 5339 1836 5409 longanimitate
1861 5341 1918 5394 in
1941 5341 2096 5394 malis
2119 5339 2426 5395 tolerandis.
2459 5339 2639 5405 (Conf.
2669 5342 2822 5401 epist.
2856 5341 3005 5412 535.)

567 5437 919 5519 Νοιιιθίὶιοηῖ
962 5444 1087 5519 viri,
1143 5462 1331 5507 contra
1387 5451 1623 5506 divinam
1661 5453 1898 5509 clamare
1933 5470 2061 5523 pro-

2239 5453 2331 5523 Μὴ
2359 5453 2688 5517 καταϐοᾶτε,
2723 5470 2768 5506 ω
2801 5454 3092 5523 βέλτιστοι,
3124 5455 3226 5526 τῆς
3269 5455 3422 5518 θείας
3459 5457 3723 5526 προνοίας,

493 5549 809 5612 videntiam,
843 5545 985 5616 quod
1031 5543 1327 5606 Zosimum,
1377 5543 1478 5598 etsi
1529 5559 1634 5600 non
1676 5544 1918 5614 jusserit,
1969 5547 2064 5601 sed

2165 5546 2248 5599 ὅτι
2276 5543 2544 5614 Ζώσιμον,
2600 5545 2648 5597 εἰ
2697 5546 2792 5599 καὶ⁵
2821 5546 2896 5615 μὴ
2956 5547 3302 5612 κεκέλευκεν,
3348 5549 3489 5601 ἀ).λά
3546 5565 3607 5616 γε
3634 5547 3724 5600 οὐκ

494 5655 600 5693 non
636 5635 976 5707 prohibuerit
1013 5635 1154 5689 Deus
1190 5633 1402 5702 operari
1447 5635 1658 5693 sacris:
1695 5636 1789 5693 sed
1814 5634 1932 5706 ejus
1965 5651 2062 5706 po-

2167 5635 2439 5690 ἐκώλυσεν
2503 5636 2773 5707 ἱερᾶσθαι.
2849 5637 3010 5692 Ἀλλά
3066 5637 3378 5710 θαυμάζετε
3421 5639 3595 5709 αὐτῆς
3635 5638 3722 5709 τὴν

566 5750 640 5820 (a)
675 5747 1034 5820 Ursephanio,
1065 5748 1229 5818 epist.
1265 5746 1387 5801 502.
