3982 6420
222 350 361 427 1541
1100 357 1640 420 EPISTOLARUM
1677 358 1824 420 LIB.
1867 358 2277 420 V.—EPIST.
2321 356 2610 419 CCCLIX.
3359 342 3501 413 1552

222 468 633 545 μακροθυμίαν,
690 466 794 543 τὴν
834 466 1048 541 ’μικρόν
1082 469 1335 543 ὕστερον,
1370 473 1421 525 εί
1475 471 1553 543 μὴ
1610 489 1794 541 γνωσι-

1926 473 2029 527 tius
2073 472 2418 529 tolerantiam
2468 468 2837 531 admiremini.
2878 482 3000 536 qum
3025 471 3149 537 post
3189 464 3351 537 paulo
3392 463 3498 518 nisi

220 562 532 633 μαχήσειε,
582 563 845 626 τοιαύτας
904 563 1068 616 αὑτὸν
1127 564 1570 635 εἰσπραξομένην
1624 565 1792 631 δίκας,

1934 563 2002 619 lle
2029 564 2320 633 resipuerit
2370 572 2550 619 tantas
2598 563 2745 618 brevi
2786 574 2979 629 ptenas
3041 558 3245 628 exiget,
3299 564 3360 610 ut
3406 554 3499 625 qui

217 653 296 715 ὡς
329 654 460 718 τοὺς
524 654 623 709 νῦν
676 653 1085 720 καταϐοῶντας,
1137 654 1238 727 τὴν
1291 655 1590 711 ἀδέκαστον
1637 657 1789 727 αὐτῆς

1924 670 2060 709 nunc
2126 655 2453 720 acclamant,
2508 656 2882 723 incorruptum
2942 651 3063 720 ejus
3090 651 3199 703 sint
3233 647 3496 718 judicium

215 745 398 816 ἀνακη
408 744 565 817 ρύξαι
584 746 786 817 ψῆφον.
1914 744 2280 813 ρι’ωόὶεειιπί.

625 858 798 916 TNZ'.
818 892 890 906 —
919 858 1077 915 ΤΟΙΣ
1108 860 1385 917 ΑΥΤΟῙΣ.

2372 858 2658 916 CCCLVII.
2684 889 2756 899 —
2783 858 3038 914 llSDEM.

1320 973 1445 1029 Non
1469 982 1548 1028 est
1583 973 1722 1028 idem
1747 973 1957 1043 jubere,
1999 986 2048 1031 et
2087 978 2408 1045 permittere.

291 1086 411 1141 Οὐκ
437 1086 553 1141 ἔστι
582 1089 779 1144 ταυτὸν
807 1091 1104 1157 κελεύειν,
1134 1090 1230 1145 καὶ
1251 1089 1337 1160 μὴ
1377 1089 1664 1145 κωλύειν’
1686 1090 1808 1143 οὐδέ

1930 1153 1936 1171 ,
1986 1087 2250 1145 Diﬂ‘erunt
2282 1104 2414 1145 sane
2433 1088 2623 1159 jubere
2648 1097 2701 1144 et
2722 1088 3042 1157 permittere,
3071 1096 3129 1142 ut
3155 1094 3210 1143 et
3244 1086 3502 1142 ordinare

221 1178 579 1247 χειροτονεῖν,
615 1178 710 1231 καὶ
751 1181 1076 1252 συγχωρεῖν.
1128 1180 1203 1234 Τὸ
1249 1178 1347 1250 μὲν
1374 1179 1483 1248 γὰρ
1534 1178 1611 1242 ὡς
1663 1177 1793 1241 δέονε

1932 1193 2078 1233 nanu
2128 1179 2409 1249 imposita,
2451 1188 2506 1235 et
2549 1180 2802 1235 tolerare.
2863 1179 2994 1234 lllnd
3039 1181 3182 1234 enim
3229 1189 3315 1234 est
3359 1181 3504 1246 quod

222 1269 474 1337 γίνεσθαι
524 1271 960 1341 προστάττεται·
995 1271 1056 1325 τὸ
1079 1271 1137 1325 δὲ
1160 1271 1249 1326 διά
1277 1271 1375 1342 τὴν
1407 1270 1503 1324 τοῦ
1543 1269 1794 1335 αὐτεξου-

1930 1278 2126 1337 )portet
2156 1270 2295 1338 ﬁeri,
2324 1271 2541 1341 jubere;
2564 1273 2667 1327 hoc
2698 1288 2825 1327 vero
2848 1281 3068 1341 propter
3099 1271 3312 1325 arbitrii
3340 1270 3502 1325 liber-

223 1361 345 1416 σίου
375 1362 717 1435 προαίρεσιν,
809 1365 872 1418 τδ
898 1364 1238 1435 ἀνθρώπινον
1262 1361 1600 1435 κεκόσμηται
1627 1363 1795 1433 γένος,

1932 1369 2102 1429 .atem,
2135 1377 2242 1432 qua
2270 1364 2529 1434 praeditus
2575 1364 2738 1418 homo
2787 1374 2890 1428 est,
2944 1364 3277 1431 permittere.
3329 1362 3504 1418 Nolite

223 1457 615 1530 συγχωρεϊται.
656 1456 750 1526 Μὴ
790 1457 973 1512 τοίνυν
1027 1457 1137 1512 τῶν
1165 1455 1547 1528 ἀγοραζόντων
1591 1455 1692 1526 τὴν
1731 1457 1795 1508 ιε-

1932 1454 2089 1523 ιςίιιιι·
2125 1469 2243 1520 eos,
2267 1456 2359 1524 qui
2407 1457 2712 1511 sacerdotia
2759 1465 3074 1511 mercantur
3115 1455 3420 1517 absolvere,
3448 1464 3504 1509 et

225 1547 483 1619 ρωσύνην
534 1548 821 1619 ἀφέμενοι,
856 1547 949 1602 τὸν
994 1548 1385 1620 συγχωροῦντα
1438 1546 1706 1601 αἰτιᾶσθε.
1747 1547 1797 1599 El

1928 1556 2042 1597 eum
2073 1545 2165 1614 qui
2190 1547 2409 1600 eosdem
2469 1547 2684 1606 tolerat.
2725 1560 3009 1601 accusare.
3041 1546 3320 1616 Siquidem
3356 1546 3500 1598 enim

226 1637 332 1707 μὲν
363 1638 474 1709 γὰρ
504 1637 795 1701 ἀνεύθυνος
831 1634 901 1710 ἦν
944 1639 978 1709 ἡ
1007 1639 1173 1711 ἀρχὴ,
1212 1637 1440 1699 είκότως
1492 1636 1798 1707 ἐδυσχεραί-

1929 1635 2207 1691 reddendis
2233 1637 2536 1693 rationibus
2568 1639 2836 1694 obnoxius
2881 1654 2986 1691 non
3036 1645 3183 1692 esset
3212 1637 3501 1706 magistra-

223 1744 368 1782 νετε.
400 1728 466 1782 El.
486 1728 544 1782 δὲ
572 1728 847 1800 τοσαύτην
863 1731 1179 1783 ἀπαιτεῖται
1206 1728 1307 1799 τὴν
1352 1727 1511 1799 δίκην
1541 1727 1572 1779 ό
1603 1726 1795 1797 ταύτηι

1932 1743 2027 1793 .us,
2058 1731 2254 1783 merito
2294 1729 2668 1800 indignemini.
2701 1729 2759 1785 Si
2798 1746 2930 1786 vero
2961 1741 3230 1786 tantarum
3268 1729 3504 1800 postule-

224 1818 453 1886 διέπων,
492 1821 617 1875 ὅσον
672 1822 769 1876 καὶ
818 1824 918 1893 τὴν
945 1820 1115 1892 τιμὴν
1154 1819 1303 1891 έσχε,
1347 1819 1796 1891 καταθρηνεῖσθαι

1931 1839 2001 1877 ,ιιι-
2023 1837 2306 1892 pmnarum
2338 1822 2448 1888 ille,
2481 1823 2572 1892 qui
2613 1838 2708 1877 eas
2747 1823 3049 1892 dispensat,
3096 1832 3357 1891 quantum
3402 1822 3503 1875 ba-

222 1911 294 1965 ἀν
326 1912 414 1983 εῐη
439 1912 671 1979 δίκαιος,
716 1914 800 1967 ὅτι
832 1916 903 1987 τῇ
945 1913 1069 1985 θεία
1103 1911 1462 1985 μακροθυμίᾳ
1498 1912 1581 1978 είς
1611 1912 1794 1975 κακίας

1936 1915 2036 1978 iuit
2073 1914 2361 1981 honorem,
2392 1915 2574 1984 potius
2603 1914 2992 1983 deplorandus,
3015 1916 3155 1986 quod
3202 1914 3383 1969 divina
3411 1914 3508 1969 bo-

223 2003 440 2073 ἐφόδιον
468 2006 842 2077 ἐπεχρήσατο.

1919 2007 2088 2062 nitate
2113 2007 2180 2062 ad
2205 2007 2406 2061 malum
2439 2006 2511 2062 sit
2532 2008 2756 2063 abusus.

473 2116 656 2173 TNH'.
679 2147 751 2157 —
790 2118 1042 2189 ΖΟΣΙΜῼ
1080 2116 1560 2187 ΠΡΕΣΒΥΤΕΡῼ.

2092 2113 2407 2174 CCCLVIII.
2443 2148 2517 2158 —
2545 2115 2800 2173 ZOSIMO
2836 2114 3326 2172 PRESBYTERO.

392 2227 664 2289 Bonorum
687 2230 922 2285 virorum
959 2231 1252 2284 acerbiores
1281 2228 1711 2313 reprehensiones
1738 2246 1843 2284 non
1885 2229 2065 2301 inique
2097 2230 2365 2300 ferendas.
2394 2228 2635 2301 (Confer.
2669 2229 2824 2293 epist.
2871 2227 2995 2293 578,
3030 2227 3156 2292 448,
3189 2227 3343 2292 466.)

298 2341 366 2395 Εί
422 2341 518 2396 καὶ
554 2341 700 2414 πέρα
724 2341 838 2412 (Η)
895 2340 991 2394 τοῦ
1037 2340 1251 2406 δέοντος
1290 2341 1484 2413 πρώην
1525 2340 1685 2412 ὤφθη
1731 2358 1815 2395 σοι

1982 2343 2062 2399 Νε
2100 2343 2403 2414 indigneris
2436 2343 2540 2400 etsi
2574 2351 2774 2414 praeter
2803 2346 2897 2411 jus
2945 2358 3009 2398 ac
3045 2345 3303 2397 decorum
3332 2357 3505 2412 nuper

224 2433 491 2505 φορτικὸς
519 2434 616 2487 καὶ
667 2433 915 2505 ἐπαχθὴς
942 2434 971 2487 ὁ
1007 2434 1210 2499 παντὸς
1259 2434 1482 2488 ἐπαίνου
1514 2435 1796 2506 κρείττωνΤ

1943 2437 2015 2491 ibi
2051 2435 2201 2491 visus
2242 2435 2425 2506 gravis
2480 2444 2566 2490 est
2606 2445 2773 2505 atque
2820 2450 3105 2501 onerosus,
3137 2435 3285 2490 omni
3336 2436 3510 2503 major

239 2526 578 2598 Ἑρμογένης
600 2528 630 2580 ό
655 2526 980 2591 ἐπίσκοπος,
1010 2527 1447 2600 πληκτικωτέρῳ
1470 2529 1811 2601 χρησάμενος

1939 2531 2076 2585 aude
2115 2527 2487 2597 Hermogenes
2536 2527 2843 2596 episcopus,
2877 2527 3041 2598 667
3091 2527 3330 2581 mordaci
3380 2540 3511 2582 uSus

225 2617 395 2689 λόγῳ,
428 2617 523 2670 καὶ
553 2616 769 2688 μακρὰν
791 2617 935 2671 κατά
959 2620 1063 2689 τῆς
1091 2618 1193 2689 σῆς
1226 2618 1502 2690 ῥᾳθυμίας
1529 2618 1797 2674 ἀποτείνα

1938 2622 2195 2684 aratione,
2229 2620 2556 2687 Iungamque
2599 2618 2827 2688 ignavia:
2861 2627 2965 2672 tuae
2990 2617 3255 2672 adhibens
3284 2634 3510 2673 accusa-

224 2712 333 2780 τὴν
358 2709 714 2781 κατηγορίαν,
771 2709 848 2780 μὴ
898 2709 1258 2783 δυσχεράνῃς.
1316 2711 1379 2763 Et
1422 2711 1523 2781 μὲν
1549 2710 1659 2782 γὰρ
1689 2712 1796 2763 αὐτὶ

1944 2713 2147 2767 ἰοηειη.
2182 2712 2239 2768 Si
2272 2712 2416 2766 enim
2444 2710 2547 2765 hoc
2585 2709 2761 2778 ipsum
2814 2708 3029 2763 fecisset
3053 2720 3107 2763 ut
3137 2718 3189 2764 te
3212 2710 3512 2765 contrista-

229 2801 421 2867 τοῦτο,
450 2799 694 2870 λυπῆσαί
740 2816 801 2853 σε
843 2799 1207 2871 προελόμενος
1238 2800 1419 2870 μόνον,
1445 2801 1511 2855 τὰ
1542 2800 1612 2854 σά
1643 2817 1801 2870 γεγω-

1938 2814 2005 2859 ἐι
2038 2805 2233 2868 solum,
2265 2812 2318 2858 et
2366 2812 2455 2855 tua
2497 2801 2669 2869 magis
2719 2801 3096 2870 proscinderet
3126 2800 3279 2868 vitia,
3312 2802 3510 2855 merito

228 2892 455 2963 νότερον
493 2890 904 2962 ἐξετραγῴδησε
940 2893 1110 2954 κακά,
1145 2892 1375 2956 εἰκότως
1421 2893 1799 2964 ἐδυσχέραινες

1939 2896 2310 2967 ηιιᾱίεηετετῖε.
2348 2893 2406 2949 Si
2435 2909 2566 2948 vero
2591 2895 2658 2949 ad
2690 2902 2838 2947 tuam
2871 2894 3042 2947 solum
3080 2903 3334 2964 spectans
3364 2894 3511 2947 utili-

232 2985 300 3037 Εί
342 2984 399 3036 δὲ
425 2983 563 3054 πρὸς
605 2982 668 3036 τὸ
695 2982 974 3056 συμφέρον
1029 3000 1112 3036 σοι
1154 2983 1315 3054 μόνον
1367 2983 1603 3054 βλέπων,
1633 2984 1734 3055 τὴν
1762 2984 1804 3036 ἐπ

1938 2999 2092 3045 tatem
2127 2988 2310 3043 verbis
2344 2987 2416 3042 sit
2464 3000 2595 3041 usus
2633 2986 3002 3055 asperioribus
3030 2995 3083 3040 et
3108 2984 3341 3055 gratiam
3369 3000 3510 3055 prat-

228 3078 347 3139 τοῖς
375 3076 555 3144 λόγοις
582 3077 760 3146 ἄωρον
794 3076 889 3129 καὶ
920 3076 1193 3146 ἐπιϐλαϐἧ
1222 3076 1384 3148 χάριν
1411 3076 1692 3145 παρεῖδεν,
1734 3076 1800 3130 ἵν(

1938 3082 2119 3137 stando
2152 3090 2202 3134 te
2226 3078 2450 3145 lzeserit,
2483 3093 2591 3147 quo
2622 3093 2707 3131 res
2733 3087 2853 3131 tuas
2888 3078 3209 3148 corrigeret,
3243 3076 3510 3146 siquidem

230 3166 309 3220 τά
331 3167 638 3238 πράγματα
690 3166 1033 3239 διορθώσεως
1072 3168 1231 3241 τύχῃ,
1275 3169 1326 3222 εί
1380 3168 1477 3222 καὶ
1515 3168 1590 3239 μὴ
1631 3168 1802 3222 ἀποδέ·

1942 3173 2361 3230 benevolentiam
2408 3169 2529 3234 eius
2567 3171 2856 3225 admittere
2886 3170 3042 3235 nolis,
3074 3162 3182 3225 ‘sed
3232 3169 3514 3239 ignoscere

232 3258 434 3324 ξασθαι
455 3258 634 3329 βούλει
665 3260 765 3329 τῆς
822 3258 1036 3322 εὐνοίας
1091 3259 1277 3324 αὑτὸν,
1330 3258 1467 3313 ἀλλὰ
1512 3259 1799 3328 συγγνῶνα

1942 3284 1981 3324 .e
2006 3269 2126 3339 ejus
2164 3268 2333 3322 amori
2364 3280 2576 3335 :equnm
2619 3274 2724 3320 est.
2766 3262 2976 3317 Etenim
3015 3262 3172 3318 valde
3204 3277 3416 3323 vereor,
3449 3277 3514 3315 ne

230 3355 337 3422 τῆς
369 3350 643 3422 τοσαύτης
674 3351 1063 3423 φιλοστοργίας
1087 3350 1293 3415 δίκαιος
1317 3350 1383 3405 ἂν
1408 3352 1544 3421 ετης.
1575 3352 1686 3406 Καὶ
1714 3351 1802 3422 γὰι

1943 3362 2109 3416 livina
2170 3359 2535 3430 providentia,
2603 3367 2826 3427 pr0pter
2858 3356 3049 3427 ignave
3079 3365 3242 3425 atque
3273 3354 3515 3424 improbe

233 3442 447 3514 σφόδρα
467 3442 723 3508 δέδοικεν,
757 3440 835 3515 μὴ
875 3438 1034 3511 παρὰ
1068 3439 1182 3513 (12)
1223 3441 1323 3511 τῆς
1356 3439 1508 3505 θείας
1536 3440 1805 3510 προνοίας,

1941 3456 2231 3508 traductam
2267 3452 2433 3504 vitam
2480 3463 2669 3519 ptenas
2699 3452 2815 3512 des,
2851 3458 2910 3503 ut
2956 3464 3023 3502 ne
3062 3460 3247 3500 vocem
3298 3446 3513 3515 quidem

233 3534 491 3588 οὕτωδιὰ
530 3532 631 3606 τὴν
659 3533 758 3604 σὴν
802 3532 1079 3604 ῥᾳθυμίαν
1135 3533 1230 3586 καὶ
1260 3531 1463 3585 κακίαν
1499 3531 1805 3602 δυσφημου-

1944 3558 2099 3598 tusus
2127 3544 2345 3597 mittere
2379 3542 2449 3597 ob
2496 3542 2632 3596 tales
2664 3541 2961 3595 concitatas
3002 3541 3190 3593 turbas
3223 3538 3516 3593 factiones-

237 3628 435 3698 μένης,
478 3627 636 3692 δίκας
706 3626 841 3681 αὐτὸ
902 3625 1261 3696 ἀπαιτηθείη,
1315 3624 1392 3688 ὡς
1442 3623 1579 3695 μηδέ
1636 3623 1809 3694 φωνὴη

1952 3652 2055 3707 ιιιε.
2093 3636 2459 3704 Quamobrem
2518 3644 2614 3690 attt
2642 3637 2759 3690 haec
2812 3645 3033 3703 patrare
3066 3632 3273 3698 desine,
3321 3640 3413 3686 aut
3449 3645 3524 3685 ne

237 3719 404 3790 ρῆξαι
442 3717 720 3790 τολμήσας
744 3717 996 3771 τοιούτων
1018 3715 1623 3787 δραματουργουμένων
1650 3730 1809 3785 τραγ·

1694 3730 1823 3785 Ρατ-
1930 3743 2029 3786 eos
2058 3744 2282 3786 accuses
2310 3730 2403 3799 qui
2437 3737 2581 3783 tuam
2626 3728 2910 3798 deplorant
2950 3725 3266 3780 amentiam.

240 3810 443 3882 ῳδιῶν.
472 3812 543 3865 Ἢ
572 3805 665 3865 οὖν
718 3807 925 3863 παῦσαι
946 3808 1177 3862 τοιαῦτα
1209 3808 1372 3880 δρῶν,
1404 3806 1439 3880 ἢ
1476 3808 1553 3879 μὴ
1590 3805 1822 3861 ἐπαιτιῶ

234 3906 365 3970 τοὺς
387 3904 488 3977 τὴν
522 3904 620 3975 σὴν
646 3900 1124 3974 καταθρηνοῦντας
1154 3901 1373 3972 μανίαν.

524 4018 696 4075 ΤΝΘι.
720 4047 790 4059 -
820 4017 1074 4089 taxum;
1100 4015 1540 4087 ΑΝΛΓΝΩΣΤῌ.

2232 4011 2502 4069 CCCLIX.
2532 4043 2603 4052 —
2624 4010 2882 4067 JACOBO
2910 4009 3227 4066 LECTORI.

1191 4133 1357 4185 Deum
1378 4146 1483 4184 non
1502 4129 1722 4195 mutari,
1753 4144 1782 4183 e
1818 4129 1988 4184 sacris
2021 4139 2286 4184 ostensum
2322 4128 2561 4183 Litteris.

324 4250 393 4304 Ἥ
423 4250 546 4305 θεία
572 4250 674 4306 καὶ
708 4250 987 4324 ἀκήρατος
1034 4249 1131 4305 καὶ
1157 4248 1431 4321 ἀήττητος
1467 4247 1617 4315 δεξιά
1660 4247 1827 4302 ἀναλ-

2005 4245 2197 4300 Divina
2234 4254 2289 4300 et
2321 4245 2634 4314 incorrupta
2682 4242 2994 4312 invictaque
3040 4239 3133 4295 Dei
3165 4240 3382 4293 dextera
3414 4238 3518 4292 im-

239 4344 466 4409 λοίωτός
497 4346 614 4398 ἐστι
642 4344 779 4416 (15),
810 4345 907 4399 καὶ
933 4344 1023 4399 ἀεὶ
1057 4343 1203 4398 κατά
1227 4342 1297 4396 τὰ
1317 4340 1482 4409 αὐτὰ,
1519 4341 1615 4394 καὶ
1646 4339 1811 4393 ὡσαύ-

1950 4336 2212 4392 notabilis
2260 4344 2346 4392 est
2394 4335 2585 4391 eadem
2637 4348 2857 4403 semper
2904 4332 3203 4400 eodemque
3242 4333 3400 4385 modo
3434 4332 3522 4383 Im-

244 4456 359 4502 τως
404 4437 545 4511 εχει,
580 4436 709 4492 οὔτε
754 4437 1042 4510 προκοπὴν
1080 4435 1445 4507 ἐπιδεχομένη
1494 4433 1596 4506 τὴν
1637 4434 1731 4487 ἐπὶ
1763 4433 1816 4487 τί

1947 4431 2089 4493 bens,
2121 4442 2297 4497 neque
2320 4428 2715 4483 incrementum
2758 4425 2979 4494 capiens
3007 4423 3059 4477 in
3086 4421 3259 4488 majus
3288 4422 3519 4493 (summa

243 4533 503 4603 κρεῖττον
527 4547 543 4561 ·
582 4530 865 4603 ἀκροτάτη
901 4530 1011 4601 γάρ
1039 4531 1188 4584 ἐστιν
1230 4527 1400 4599 ἀρετή
1424 4544 1440 4560 ο
1474 4524 1599 4579 οὔτε
1673 4542 1812 4595 μετα

1950 4523 2089 4577 enim
2124 4521 2206 4576 vis
2224 4519 2369 4575 Deus
2393 4520 2525 4590 est),
2561 4534 2626 4574 ac
2656 4533 2725 4573 ne
2753 4518 2808 4573 in
2833 4516 3073 4572 deterius
3101 4514 3338 4585 quidem,
3378 4515 3522 4583 quod

244 4622 414 4694 δολὴν
440 4621 543 4695 τὴν
582 4620 679 4678 ἐπὶ
701 4620 773 4679 τὰ
798 4621 970 4694 χείρω
993 4636 1009 4651 ·
1041 4620 1104 4675 ού
1136 4620 1247 4692 γὰρ
1279 4614 1391 4673 οἷόν
1414 4634 1498 4672 τε.
1537 4617 1816 4673 Μεταὸἁλ-

1949 4614 2054 4669 lieri
2077 4612 2284 4683 nequit,
2310 4621 2573 4667 mutatur.
2595 4610 2908 4665 Abscednnt
2927 4608 3075 4663 enim
3100 4617 3154 4662 et
3180 4617 3521 4661 commutan-

245 4716 331 4770 λει
361 4715 423 4770 δέ
457 4714 555 4769 καὶ
592 4715 802 4773 ἀλλοιοῖ
841 4714 915 4771 τά
961 4710 1299 4785 βελτιώσεως
1324 4710 1578 4780 δεόμενα.
1610 4709 1705 4762 Διὸ
1741 4709 1817 4763 κα

1954 4720 2025 4758 ,ur
2046 4718 2168 4775 qua:
2194 4704 2505 4758 mutatione
2526 4702 2787 4770 indigent.
2814 4699 2954 4753 Hinc
2992 4700 3156 4753 etiam
3180 4698 3418 4766 psalmus
3444 4696 3526 4751 sic

246 4806 485 4877 Ψαλμδς
523 4806 939 4878 ἐπιγέγραπται.
987 4822 1008 4859 ι
1062 4803 1173 4859 τῶν
1229 4800 1766 4873 (Ξιλλοιωθιισισομένων⁶
1804 4818 1818 4853 ι

1952 4798 2233 4868 χηεοιίριυε
2266 4814 2286 4852 :
2332 4815 2354 4849 ι
2393 4795 2501 4852 Pro
2527 4796 2595 4850 iis
2620 4794 2713 4863 qui
2759 4792 3081 4848 commutati
3109 4790 3323 4856 sunt”,
3366 4808 3386 4841 ›
3420 4789 3524 4843 hoc

245 4899 502 4955 τουτέστι
524 4940 542 4967 ,
569 4898 682 4953 τῶν
722 4898 1006 4971 βελτίωσιν
1052 4895 1473 4967 ἐπιδεξομένων,
1513 4893 1610 4948 κα)⁸
1664 4893 1744 4957 είς
1772 4892 1817 4947 τί

1976 4901 2022 4945 st
2052 4892 2144 4961 qui
2169 4890 2421 4946 meliores
2440 4888 2661 4955 redditi,
2686 4901 2788 4943 nec
2804 4886 2999 4942 melius
3018 4884 3325 4940 deteriusve
3341 4897 3525 4938 susceo
3546 4894 3548 4897 ·

250 4994 505 5064 κρεῖττον
561 4992 657 5047 καὶ
716 4992 947 5063 ἄμεινον
996 4986 1463 5060 ἀναχθησομένων
1486 5002 1503 5019 ⁸
1551 4987 1603 5041 εί
1651 4986 1822 5039 τοίνυι

1952 4993 2156 5051 perunt.
2189 4981 2323 5049 Quae
2364 4996 2486 5037 cum
2518 4982 2590 5036 ita
2622 4981 2752 5047 sint,
2806 4994 2914 5034 non
2959 4986 3044 5033 est
3079 4973 3524 5036 nimis'diliicile,

247 5080 408 5136 ταῦθ’
439 5080 612 5147 οὔτως
647 5081 763 5153 ἔχει
786 5119 804 5147 ,
853 5081 956 5135 οὐκ
996 5080 1111 5134 ἐστι
1152 5077 1495 5150 περιαελές,
1540 5077 1678 5148 ὅπερ
1708 5075 1819 5148 ὴθέ·

1956 5076 2083 5144 ιιιοά
2109 5090 2441 5146 cognoscere
2471 5074 2700 5144 optabas
2758 5088 2775 5127 :
2817 5090 2836 5124 ι
2878 5071 3004 5126 Haec
3045 5068 3275 5124 mutatio
3320 5068 3528 5122 dextrae

248 5174 427 5246 λησας
470 5174 683 5245 μαθεῖν,
729 5192 750 5230 t
793 5172 945 5246 Αὕτη
973 5174 1009 5246 ἠ
1057 5172 1347 5238 ἀλλοίωσις
1390 5172 1491 5238 τῆς
1532 5168 1715 5236 δεξιᾶς
1742 5169 1820 5224 τοῐ

1958 5167 2156 5225 Excelsi
2189 5168 2259 5225 ⁸⁸.
2308 5186 2329 5221 ι
2364 5167 2482 5225 Non
2509 5167 2653 5239 quod
2682 5174 2945 5234 mutetur,
2980 5163 3073 5235 qui
3100 5170 3185 5218 est
3214 5159 3530 5216 immutabi-

341 5334 391 5367 ⁸⁸
423 5332 568 5389 Psal.
591 5347 742 5400 xuv,
780 5331 834 5388 1.
892 5330 1124 5404 "lPsal.
1169 5346 1371 5397 1.1m,
1399 5331 1489 5386 il.

1354 5483 1592 5541 VARI/ﬁ
1633 5482 2014 5540 LECTIONES
2052 5483 2139 5539 ET
2184 5482 2419 5542 ΝΟΤᾸΞ.

218 5680 228 5689 -
326 5646 443 5787 iit)
474 5644 582 5702 Pro
607 5645 754 5718 πέρα
786 5644 971 5717 legunt
1009 5643 1161 5716 παρά
1188 5644 1346 5699 codd.
1395 5643 1580 5697 iidem.
1618 5639 1834 5696 Possm.
2018 5639 2132 5709 (i3)
2158 5640 2299 5696 Ante
2343 5640 2460 5695 ἐστὶ
2501 5639 2659 5696 codd.
2700 5640 2822 5694 Vat.
2876 5638 2982 5695 650
3024 5646 3080 5696 et
3112 5637 3232 5709 Alt.
3281 5633 3533 5695 inserunt

356 5716 447 5787 l2)
479 5716 640 5787 Iidem
675 5717 870 5787 tollunt
898 5716 1048 5787 παρὰ
1064 5717 1207 5787 quod
1232 5710 1462 5787 in_edito
1488 5722 1568 5770 est
1599 5712 1837 5782 positum
1946 5728 2026 5765 τε.
2053 5710 2127 5768 In.

330 5710 447 5787 (l2)
479 5716 640 5772 Iidem
675 5710 870 5772 follunt
898 5716 1048 5790 παρὰ
1064 5710 1207 5787 quod
1232 5710 1462 5787 in_edito
1488 5722 1568 5770 est
1599 5712 1826 5782 positum

254 5787 405 5844 inter
437 5785 515 5858 μὴ
542 5798 595 5844 et
619 5786 739 5857 τῆς.
773 5786 851 5842 In.
1036 5800 1039 5801 '

556 5733 640 5772 em
654 5710 870 5842 ~t'ollitn't
898 5716 1048 5790 παρὰ
1064 5710 1207 5787 quod
1232 5710 1462 5787 in_edito
1488 5722 1568 5770 est
1599 5712 1837 5782 positum
1946 5728 2026 5765 τε.
2053 5710 2126 5768 In.

554 5798 595 5844 st
619 5803 739 5857 της.
797 5803 851 5842 o.
1036 5800 1039 5801 ν
