3982 6420
178 369 331 439 1545

990 369 1530 433 EPISTOLARUM
1560 367 1710 431 LIB.
1750 368 1819 429 V.
1859 393 1930 404 -
1967 368 2207 429 EPIST.
2248 368 2614 431 CCCLXVII.

3308 376 3446 443 1546

178 504 332 558 ματα
350 482 448 537 καὶ
475 482 801 554 πράγματα,
838 480 933 534 καί
962 480 1327 552 ἐνθυμήματα
1370 477 1759 549 βασανίζουσα,

1866 480 2033 533 verba
2061 478 2218 547 juxta
2241 493 2307 533 ac
2338 493 2444 544 res,
2488 481 2833 550 eogitataque
2878 483 3211 551 expendcns,
3256 489 3323 544 ad
3365 492 3441 546 iu-

175 580 276 633 καὶ
303 578 411 640 ἕως
449 576 659 629 ἀδύτων
689 573 982 645 χωροῦσα,
1024 574 1118 626 καὶ
1160 573 1247 626 διὰ
1284 571 1505 624 πάντων
1553 570 1766 637 ἄγουσα

175 671 283 739 τὴν
309 668 560 740 ἔρευναν.
607 663 787 735 Πολλὴ
840 664 896 716 δὲ
932 664 1027 716 καὶ
1074 662 1232 733 ἡμῶν
1274 664 1308 733 ἡ
1358 660 1610 730 ἀμέλεια.
1658 658 1768 711 Καὶ

173 759 359 813 ταῦτα
389 759 630 823 εἰδότων,
669 758 753 809 ὅτι
787 756 1009 820 πάντως
1051 755 1209 826 δίκην
1254 754 1545 824 ὑφέξομεν,
1580 755 1630 806 εἰ
1670 753 1768 806 καὶ

175 852 259 922 μὴ
282 852 385 922 τὴν
411 848 580 920 αὐτὴν
613 848 877 911 ἅπαντες.
911 848 986 899 Ού
1021 847 1126 916 γὰρ
1155 849 1203 900 οί
1231 848 1344 909 τοῖς
1368 846 1555 908 αὐτοῖς
1584 846 1765 914 ἀμαρ-

173 940 390 1011 τήμασι
431 939 854 1010 περιπεσόντες,
905 936 1123 998 πάντως
1164 935 1265 1005 τὴν
1314 934 1484 1003 αὐτὴν
1535 932 1766 986 δώσουσι

172 1031 360 1100 δίκην,
392 1029 470 1101 τῷ
503 1031 597 1083 καὶ
647 1029 826 1091 αἰτίας
865 1026 1238 1092 ἐξετάζεσθαι,
1270 1026 1365 1080 καὶ
1389 1026 1618 1096 καιροὺς
1668 1025 1765 1079 καὶ¹

172 1122 411 1184 τόπουςο
450 1114 561 1173 οἶόν
604 1137 656 1171 τι
685 1117 862 1187 λέγω·
896 1116 1096 1188 ἐναγὴς
1128 1119 1157 1170 6
1201 1118 1379 1186 φόνος.
1431 1116 1527 1180 Τίς
1558 1115 1669 1185 γὰρ
1701 1114 1763 1167 οὐ

173 1213 378 1284 cmest;
440 1211 580 1265 Ἀλλ’
622 1203 751 1264 ὅταν
775 1210 870 1264 καὶ
899 1211 956 1263 ἐν
1000 1210 1184 1278 ἁγίαις
1231 1209 1465 1280 ἡμέραις
1496 1208 1763 1277 γένηται,

174 1306 539 1375 ἐναγέστερος
577 1304 822 1372 γίνεται·
856 1303 905 1355 εἰ
944 1303 1001 1357 δὲ
1036 1303 1129 1357 καὶ
1159 1304 1217 1355 ἐν
1272 1301 1403 1373 ἰερῴ
1442 1301 1627 1371 τόπῳ,
1677 1301 1764 1352 ἐν·

173 1396 501 1466 αγέστατοςο
526 1395 620 1449 τοῦ
650 1394 823 1449 κακοῦ
848 1396 942 1448 καὶ
964 1393 1180 1448 ἀπὸτοῦ
1209 1392 1403 1465 καιροῦ
1430 1394 1524 1446 καὶ
1545 1391 1653 1445 ἀπὸ
1670 1391 1762 1444 τοῦ

172 1490 348 1543 τόπου
395 1488 808 1558 αὐξανομένου,
839 1486 935 1541 καὶ
987 1486 1310 1558 προσθήκην
1357 1487 1438 1549 εἰς
1491 1484 1762 1554 τιμωρίαν

172 1581 573 1654 λαμϐάνοντος,
608 1580 759 1649 καὶὴ
795 1577 1024 1649 πορνεία
1062 1577 1163 1649 μία
1197 1572 1339 1630 εῖναι
1380 1574 1645 1638 δοκοῦσα,
1666 1572 1765 1625 καὶ

173 1672 289 1726 ἀπὸ
325 1671 559 1744 καιροῦ,
596 1669 690 1723 καὶ
730 1669 840 1722 ἀπὸ
870 1668 1041 1723 τόπου
1078 1668 1358 1740 βαρυτέρα
1399 1667 1633 1736 γίνεται.
1665 1666 1762 1717 Ἐν

172 1764 360 1817 τοίνυν
384 1761 678 1833 σκοπῶμεν
705 1763 853 1826 ὅπως
869 1760 939 1814 τά
958 1760 1081 1814 καθ’
1105 1759 1334 1822 ἑαυτοὺς
1359 1754 1419 1813 εὗ
1444 1756 1745 1826 διαθῶμεν·

1870 573 2000 626 tima
2025 587 2195 641 usque
2226 572 2561 640 peuetrando
2593 586 2660 627 ac
2685 576 2984 628 scrutando
3009 586 3224 632 cuncta.
3256 578 3327 633 At
3362 582 3448 634 iu-

1868 680 1999 734 gens
2036 664 2195 719 nobis
2258 663 2499 732 ignavia,
2554 664 2662 718 etsi
2708 680 2813 718 non
2870 665 3039 735 fugiat
3097 682 3197 723 nos
3254 685 3446 740 poenas

1867 756 2090 810 omnino
2127 756 2531 826 persoluturos,
2563 758 2814 827 quamvis
2855 774 2960 812 non
2985 762 3204 814 easdem
3230 777 3439 818 omnes.

1866 847 2051 917 Neque
2080 849 2224 902 enim
2256 864 2467 915 omnes,
2513 850 2703 904 eadem
2752 850 3152 921 delinquentes,
3197 855 3443 910 eamdem

1867 940 2016 994 luem
2065 954 2305 1008 pmnam,
2336 941 2466 1010 quia
2520 949 2576 995 et
2609 956 2795 1007 causa,
2831 952 2888 996 et
2918 942 3055 1007 loca,
3098 958 3164 998 ac
3202 954 3444 1014 tempora

1865 1030 2340 1085 examinabuntur.
2370 1030 2531 1085 Verbi
2558 1032 2732 1100 gratia
2764 1032 3115 1088 homicidium
3151 1050 3443 1090 exsecran-

1867 1122 1994 1175 dum
2028 1119 2289 1190 ﬂagitium
2313 1130 2417 1187 est,
2445 1120 2567 1191 quis
2597 1121 2795 1191 neget?
2826 1122 2977 1190 Quod
3005 1123 3049 1177 si
3079 1122 3234 1179 feStis
3265 1135 3447 1194 patra-

1869 1221 1979 1267 tum
2007 1212 2080 1267 sit
2109 1211 2301 1267 diebus
2332 1214 2505 1282 magis
2533 1222 2620 1268 est
2668 1216 3086 1280 exsecrandum,
3135 1218 3180 1271 si
3235 1219 3288 1271 in
3329 1218 3446 1274 loco

1872 1319 2035 1361 sacro
2056 1306 2291 1360 maxime
2319 1306 2555 1370 exsistit,
2611 1304 3012 1373 detestandum,
3054 1307 3259 1379 ﬂagitio
3297 1326 3448 1365 sum-

1866 1408 2137 1464 moperea
2168 1392 2269 1448 loci
2312 1394 2687 1466 temporisque
2725 1396 3135 1452 circumstantia
3190 1400 3443 1465 adaucta,

1866 1499 2025 1554 poena
2048 1484 2213 1540 etiam
2241 1493 2593 1555 augmentum
2626 1486 2750 1540 inde
2773 1498 3023 1543 sumente
3055 1507 3069 1543 :
3103 1500 3157 1545 et
3189 1492 3446 1549 scortatio

1865 1578 1993 1634 licet
2037 1593 2145 1633 una
2193 1578 2461 1642 videatur,
2514 1578 2761 1631 variatur
2795 1568 2977 1634 tamen
3040 1581 3446 1652 intenditurque

1866 1668 2128 1738 temporis
2156 1667 2371 1737 locique
2411 1666 2702 1735 adjunctis.
2736 1670 3003 1726 Curemus
3045 1673 3229 1742 itaque
3256 1677 3307 1729 in
3333 1676 3446 1744 pri-

1865 1761 1990 1827 mis,
2026 1768 2087 1816 ut
2118 1776 2300 1816 mores
2339 1774 2727 1830 componamus
2748 1772 2971 1818 nostros
3032 1781 3046 1818 :
3105 1765 3271 1835 judici
3315 1781 3445 1821 vero

173 1853 256 1926 τῷ
278 1855 338 1908 δὲ
364 1856 523 1926 κριτῇ
551 1829 936 1927 ἐπιτετράφθω
960 1856 993 1924 ὴ
1020 1852 1253 1927 ἀκριϐὴς
1275 1851 1529 1920 βάσανος.
1552 1850 1628 1903 Οὐ
1651 1848 1761 1917 γάρ

1868 1854 1980 1909 Deo
2003 1855 2209 1925 optimo
2231 1840 2470 1908 maxime
2495 1854 2680 1909 relicta
2715 1855 2789 1909 sit
2836 1842 3092 1910 accurata
3148 1862 3321 1914 nostri
3353 1876 3446 1914 co-

175 1948 227 1999 εἰ
269 1948 436 2019 ἡμεῖς
489 1947 585 2001 νῦν
630 1948 911 2018 ὁριοῦμεν,
946 1946 1111 2009 αὐτὸς
1144 1943 1545 2014 ἐπιψηφιεῖται.
1591 1938 1758 1995 Ἀλλὰ

174 2037 396 2108 ἀνάγκη
429 2039 577 2109 ἡμᾶς
603 2037 702 2109 τὴν
725 2037 1024 2092 ἀδέκαστον
1053 2037 1346 2107 ἀναμένειν
1376 2034 1580 2105 ψῆφον.

676 2333 859 2403 Τεςι.
884 2363 955 2375 -
981 2333 1260 2403 mmo.

1866 1943 2038 2014 gnitio
2084 1952 2139 1998 et
2191 1943 2520 2011 disquisitlo.
2558 1941 2675 1998 Non
2730 1944 2875 1999 enim
2907 1948 2952 1999 si
3004 1947 3131 2015 quid
3170 1963 3315 2003 nunc
3344 1950 3444 2017 ipsi

1864 2037 2188 2100 detinimus,
2234 2036 2349 2106 ipse
2380 2038 2707 2092 sententiam
2740 2038 2821 2093 sic
2846 2038 3006 2107 feret,
3040 2041 3208 2112 669
3244 2043 3337 2098 sed
3366 2044 3447 2098 in—

1865 2139 2076 2199 tegrum
2107 2128 2595 2199 incorruptumque
2622 2128 2741 2201 ejus
2764 2140 2987 2201 oportet
3017 2145 3334 2204 exspectare
3358 2136 3446 2207 ju-

1862 2220 2081 2277 dicium.

2245 2326 2564 2383 CCCLXVI.
2614 2359 2686 2371 -
2727 2328 3052 2385 HYPATIO.

964 2428 1147 2483 Virtus
1168 2438 1284 2497 post
1325 2428 1543 2481 sudores
1574 2425 1830 2495 gaudium
1853 2434 1902 2479 et
1933 2439 2183 2477 coronam
2218 2424 2358 2491 parit
2393 2423 2669 2478 caeleuem.

252 2541 413 2613 Ἔχει
449 2539 550 2612 μὲν
584 2539 618 2611 ἡ
653 2540 826 2610 ἀρετὴ
857 2536 1199 2609 εὐφροσύνην
1239 2533 1509 2605 εἰλικρινῆ
1539 2533 1635 2586 καὶ
1671 2531 1759 2585 ἐν·

174 2630 335 2700 δοξον
383 2634 481 2685 καὶ
516 2631 898 2703 ἀτελεύτητον,
932 2628 1039 2682 ὑπὸ
1080 2629 1179 2699 μὲν
1204 2627 1297 2680 τοῦ
1338 2624 1547 2695 ἀγαθοῦ
1577 2642 1756 2679 συνει-

174 2726 333 2788 δότος
359 2724 709 2796 τικτομένην,
747 2723 853 2776 ὑπὸ
888 2721 946 2774 δὲ
992 2719 1100 2774 τῶν
1132 2719 1523 2789 ὑπερκοσμίων
1556 2716 1758 2784 στεφά-

175 2835 290 2873 νων
318 2817 715 2887 τιθηνουμένην
762 2815 896 2886 (14),
920 2814 1016 2868 καὶ
1046 2812 1152 2865 ὑπὸ
1178 2812 1277 2880 τῆς
1308 2810 1419 2864 τῶν
1455 2809 1759 2881 μελλόντων

177 2910 401 2973 ἐλπίδος
441 2909 783 2980 τρεφομένην
802 2925 815 2938 ·
844 2906 959 2977 ἔχει
985 2905 1044 2958 δέ
1072 2906 1165 2958 καὶ
1193 2903 1414 2968 πόνους,
1453 2901 1549 2955 καὶ
1583 2903 1759 2971 ἀγρυ-

178 3002 369 3067 πνίας,
404 3003 497 3055 καὶ
524 3000 808 3069 ἀσκήσεις,
844 2998 912 3052 δι’
951 2990 1027 3051 ὧν
1065 2993 1446 3066 κατορθοῦται.
1479 2994 1555 3046 Ub
1592 2994 1699 3061 γάρ
1729 2990 1758 3042 6

1939 2532 2120 2587 Virtus
2146 2547 2276 2586 sane
2304 2531 2597 2595 sinceram,
2633 2532 2947 2599 gloriosam,
3000 2542 3164 2604 atque
3213 2536 3441 2590 immor-

1863 2624 2022 2680 talem
2046 2624 2448 2694 perfectamque
2475 2625 2712 2679 continet
2735 2626 2998 2692 lmtitiam,
3029 2644 3057 2681 a
3090 2628 3225 2683 bona
3252 2630 3442 2699 quavis

1854 2716 2185 2791 conscientia
2220 2715 2474 2785 genitam,
2507 2717 2727 2771 coronis
2768 2726 2947 2771 autem
2992 2718 3304 2774 cmlestibus
3340 2736 3440 2774 nu-

1857 2808 2038 2860 tritam
2064 2807 2462 2875 educatamque
2488 2820 2584 2874 spe
2611 2804 2918 2863 futurorum
2948 2809 3233 2866 bonorum.
3266 2809 3440 2865 liabet

1854 2912 1985 2953 vero
2029 2898 2195 2953 etiam
2248 2897 2462 2952 labores
2508 2896 2827 2968 vigiliasque
2883 2909 2937 2954 et
2990 2902 3437 2964 exercitationes,

1855 2990 2053 3061 quibus
2083 2991 2258 3045 virtus
2303 2990 2599 3059 perﬁcitur.
2638 2988 2870 3057 lgnavus
2899 2992 3043 3046 enim
3084 3002 3137 3047 et
3164 2993 3440 3049 dormiens

181 3090 449 3162 ῥαθυμῶν
492 3089 590 3143 καὶ
639 3087 919 3142 καθεύδων
963 3086 1229 3158 τρόπαιον
1285 3084 1499 3153 στήσει,
1560 3081 1677 3135 ἀλλ’
1727 3082 1787 3132 ό‹

1866 3093 2063 3150 tropaea
2101 3094 2209 3135 non
2249 3088 2471 3144 statuet,
2511 3080 2606 3135 sed
2640 3080 2733 3149 qui
2768 3081 2942 3136 valide
2983 3082 3035 3135 in
3092 3083 3299 3137 hostem
3341 3100 3439 3152 pu-

178 3179 453 3252 λαμπρῶς
484 3179 622 3251 πρὸς
647 3180 775 3243 τοὺς
816 3178 1097 3239 ἐναντίους
1146 3174 1582 3244 ἀγωνισάμενος.
1610 3173 1673 3226 Εἰ
1702 3171 1760 3224 δέ

179 3272 354 3343 φαίης
384 3270 569 3334 πάλιν,
597 3268 787 3341 ῶσπερ
814 3265 907 3323 οὖν
936 3268 1032 3323 καὶ
1059 3267 1216 3337 ἔφης,
1253 3259 1364 3319 οἷόν
1390 3282 1451 3317 τε
1501 3258 1640 3315 εἶναι
1668 3264 1761 3316 τὸν

178 3363 252 3417 τά
281 3361 513 3434 βιωτικά
549 3362 853 3434 πράγματα
885 3360 1403 3431 μεταχειριζόμενον
1437 3357 1758 3427 στεφθῆναι.

179 3454 369 3509 πάντα
396 3452 465 3507 τά
490 3452 605 3524 εἴδη
634 3455 735 3522 τῆς
758 3453 961 3523 ἀρετῆς
980 3450 1430 3523 κατορθώσαντα,
1474 3450 1570 3502 καί⁵
1596 3463 1763 3499 σπου-

177 3545 386 3611 δάζων,
438 3544 576 3598 ἀλλά
624 3542 701 3615 μὴ
740 3544 952 3607 παίζων
990 3542 1235 3614 ἀκριϐῶς
1280 3541 1458 3594 ταῦτα
1508 3539 1651 3609 φής·
1685 3535 1762 3607 μὴ

180 3634 463 3707 φθονήσῃς
489 3631 699 3698 διδάξαι
735 3650 803 3703 με
832 3633 894 3685 τὸ
949 3631 1254 3703 παράδοξον
1283 3628 1443 3684 τοῦτο
1481 3627 1577 3680 καὶ
1623 3625 1762 3679 νεώ-

181 3744 346 3799 τερον
379 3726 624 3798 μάθημα.
660 3726 795 3779 Οὑδέ
819 3725 927 3796 γὰρ
955 3724 1146 3795 ῥᾳδίας
1181 3723 1316 3794 (15),
1347 3720 1444 3775 καὶ
1477 3718 1758 3781 πλατείας,

182 3819 286 3872 καὶ
315 3816 623 3885 ἰππηλάτου
654 3813 819 3884 οὔσης
850 3813 953 3883 τῆς
978 3812 1233 3881 τοιαύτης
1268 3808 1411 3871 ὁδοῦ,
1449 3806 1762 3876 πράγματα

191 3908 458 3979 βούλομαι
490 3907 653 3969 αὑτός
679 3922 739 3958 τε
773 3907 939 3974 ἔχειν,
972 3903 1068 3955 καὶ
1112 3904 1223 3963 τοῖς
1266 3898 1444 3961 ἄλλοις
1476 3895 1759 3966 παρέχειν,

184 4000 362 4068 λέγων
393 3998 455 4051 τὸ
503 3996 861 4051 ἀποστολικὸν
884 4035 900 4061 ,
942 3995 1024 4048 ὃτι
1065 4013 1083 4044 ι
1122 3992 1221 4045 Διά
1266 3989 1481 4043 πολλῶν
1528 3985 1763 4054 θλίψεων

183 4090 269 4145 δεῖ
297 4090 445 4160 ἡμᾶς
475 4087 733 4141 εἰσελθεῖν
758 4087 837 4150 είς
863 4085 961 4157 τὴν
985 4082 1261 4145 βασιλείαν
1294 4080 1402 4134 τῶν
1434 4076 1704 4150 οὐρανῶν.
1738 4093 1759 4127 ι

1860 3167 2127 3239 gnaverit.
2161 3166 2217 3222 Si
2250 3168 2446 3223 iterum
2491 3166 2740 3235 obiicias,
2778 3170 2919 3238 quod
2944 3170 3105 3233 facis,
3136 3170 3252 3226 fieri
3279 3187 3437 3241 posse

1862 3269 1921 3313 ut
1949 3258 2041 3329 qui
2074 3258 2140 3313 ad
2173 3259 2462 3313 humanam
2498 3259 2662 3312 vitam
2701 3260 2911 3329 negotia
2950 3261 3270 3329 pertinentia
3329 3273 3438 3316 tra-

1861 3359 1992 3415 ctet,
2036 3358 2330 3405 coronetur
2362 3349 2508 3403 omni
2552 3349 2810 3421 virtutum
2853 3361 3081 3407 ornatus
3122 3368 3339 3422 genere.
3374 3352 3440 3408 Et

1862 3441 2005 3494 serio
2057 3439 2169 3494 hac
2215 3440 2455 3508 quidem,
2493 3448 2853 3509 accurateque
2897 3457 3000 3495 non
3046 3442 3282 3512 jocando
3325 3444 3441 3497 haec

1862 3528 2096 3599 profers,
2130 3546 2232 3583 non
2270 3529 2492 3584 moleste
2519 3538 2695 3585 tamen
2729 3530 2869 3585 feres
2897 3532 3089 3586 docere
3120 3547 3205 3587 me
3241 3548 3437 3587 novum

1864 3623 1966 3675 hoc
2014 3631 2066 3675 et
2122 3621 2435 3675 inusitatum
2486 3631 2580 3674 aut
2634 3621 2950 3677 incredibile
3003 3622 3219 3693 dogma.
3254 3622 3439 3691 Neque

1863 3724 1992 3764 vero
2017 3724 2116 3778 ego
2145 3710 2357 3764 tametsi
2391 3709 2588 3776 facilis,
2640 3710 2768 3777 lata,
2811 3719 2867 3766 et
2912 3727 3098 3781 prope,
3131 3722 3190 3767 ut
3236 3714 3308 3768 ita
3357 3715 3440 3767 di-

1863 3817 2005 3867 cam,
2030 3802 2233 3856 curulis
2265 3814 2408 3857 esset
2446 3803 2552 3868 via,
2589 3818 2707 3871 quae
2738 3804 2805 3856 ad
2843 3803 3040 3857 caelum
3091 3804 3257 3867 ducit,
3306 3805 3437 3859 mihi

1867 3904 2045 3946 tamen
2093 3892 2279 3946 aliisve
2308 3908 2426 3946 eam
2459 3891 2729 3948 dilIicilem
2764 3894 2989 3948 reddere
3024 3894 3205 3955 velim.
3235 3910 3441 3949 memor

1863 3984 1979 4051 ejus
2030 3984 2311 4054 apostolici
2363 3984 2544 4038 dicti:
2585 4003 2606 4037 ι
2672 3984 2774 4039 Per
2818 3985 3013 4039 multas
3066 3986 3441 4040 tribulationes

1864 4084 2077 4144 Oportet
2111 4089 2210 4129 nos
2259 4074 2465 4129 intrare
2505 4075 2560 4129 in
2613 4091 2834 4145 regnum
2883 4077 2974 4130 Dei
3004 4076 3073 4131 ³⁸.
3117 4095 3136 4128 ο
3192 4075 3442 4133 Christus

196 4181 262 4234 Ὃ
292 4178 404 4252 γὰρ
437 4180 715 4248 Δεσπότης
756 4176 990 4248 Χριστὸς
1023 4175 1365 4245 ἀπεφήνατο,
1398 4167 1590 4239 στενὴν
1623 4163 1763 4221 εἶναι

1866 4182 1996 4222 vero
2046 4165 2305 4222 Dominus
2373 4167 2614 4222 ostendit
2693 4178 2975 4236 angustam
3032 4182 3158 4223 esse
3206 4177 3440 4237 portam,

185 4274 289 4342 τὴν
314 4269 519 4342 πύλην,
552 4271 649 4322 καὶ
682 4268 1051 4338 τεθλιμμένην
1078 4267 1177 4337 τὴν
1216 4263 1355 4326 ὁδὸν,
1387 4261 1485 4335 τὴν
1517 4258 1764 4325 ἀπάγου-

1869 4259 2118 4326 viamque
2173 4257 2520 4321 laboriosam,
2561 4272 2681 4325 quae
2710 4259 2778 4311 ad
2811 4259 2975 4311 vitam
3034 4260 3195 4312 ducat
3244 4260 3444 4327 sempi-

188 4380 293 4418 σαν
319 4364 400 4425 εἰς
431 4361 530 4432 τὴν
557 4360 724 4431 ζωὴν,
756 4359 853 4414 καὶ
884 4359 1098 4427 ὀλίγους
1148 4353 1289 4410 εἶναι
1315 4356 1443 4418 τοὺς
1478 4353 1764 4424 εὑρίσκον-

1868 4358 2100 4413 ternam,
2130 4363 2434 4417 paucosque
2484 4349 2619 4403 adeo
2659 4362 2805 4413 esse,
2851 4348 2944 4418 qui
2978 4361 3098 4403 eam
3149 4349 3440 4417 reperiant.

315 4413 507 4524 αῦτήνΙ.
542 4413 847 4523 γὰρ
896 4413 1055 4505 τοῦτο
1078 4413 1149 4503 τοὺ
1183 4413 1437 4519 δύναμαι-
1455 4413 1670 4517 μαθεῖν,
1702 4443 1765 4497 ού

1873 4441 1980 4495 Sed
2033 4441 2135 4494 hoc
2176 4439 2425 4508 equidem
2458 4453 2565 4492 non
2602 4452 2821 4508 possum
2856 4438 3064 4493 discere
3098 4455 3113 4492 :
3152 4413 3259 4491 non
3297 4439 3442 4492 enim

186 4550 299 4619 γὰρ
349 4548 447 4618 ἐᾷς
476 4546 541 4599 σὺ
575 4546 671 4599 καὶ
703 4545 771 4598 δι’
795 4539 871 4598 ὧν
900 4544 1104 4614 λέγεις,
1134 4543 1232 4597 καὶ
1260 4542 1326 4596 δι’
1377 4533 1454 4594 ὧν
1482 4538 1764 4610 πράττεις,

1872 4530 2075 4585 desinis
2110 4540 2163 4582 tu
2196 4544 2291 4598 per
2333 4542 2395 4581 ea
2424 4543 2545 4597 qua:
2580 4528 2758 4598 jactas
2785 4528 3009 4598 agisque
3038 4528 3279 4599 quotidie
3318 4530 3446 4583 huic

188 4636 687 4708 ἀναφθεγγόμενος
717 4635 892 4709 ταύτῃ
919 4652 978 4689 τε
1006 4638 1074 4706 τῇ
1102 4635 1268 4705 ψήφῳ
1287 4672 1303 4699 ,
1329 4632 1426 4685 καὶ
1451 4632 1565 4694 τοῖς
1598 4628 1766 4692 θείοις

1871 4622 2156 4677 sententiae
2191 4619 2508 4686 reclamare,
2557 4630 2717 4689 atque
2766 4620 2966 4675 divinis
2983 4622 3220 4677 oraculis
3247 4622 3444 4682 obniti,

186 4731 483 4804 χρησμοῖς,
518 4730 614 4782 καὶ
645 4728 907 4782 τάναντία
937 4725 1230 4781 παιδεύων.

1871 4715 1981 4770 imo
2002 4713 2274 4770 contraria
2299 4713 2462 4767 etiam
2504 4713 2705 4781 passim
2734 4713 2947 4769 docere.

381 4834 546 4891 ΤΞΖ’.
585 4835 659 4880 '—
692 4835 1091 4903 ΘΕΟΓΝΩΣΤῼ
1128 4829 1595 4900 ΠΡΕΣΒΥΤΕΡῼ.

1870 4817 2214 4876 CCCLXV".
2266 4847 2336 4858 —
2392 4816 2881 4873 THEOGNOSTIE
2966 4815 3442 4874 PRESBYTERO.

673 4930 749 4985 De
774 4932 972 4984 ultione
991 4929 1169 4983 divina
1202 4928 1259 4980 in
1290 4926 1405 4980 itlos
1432 4928 1521 4989 qui
1550 4922 1758 4976 nomine
1785 4929 1832 4973 et
1870 4928 2068 4978 tropaeo
2097 4914 2270 4968 crucis
2293 4913 2487 4981 signati
2525 4913 2741 4981 indigne
2766 4916 2964 4967 vivunt.

259 5044 563 5100 Πέπτωκεν
606 5043 636 5095 6
676 5038 940 5105 διάϐολος,
985 5039 1033 5091 εἰ
1063 5038 1157 5089 καὶ
1186 5033 1607 5105 ἀπερισκέπτως
1636 5030 1765 5102 θρα-

1946 5025 2200 5080 Diabolus
2238 5023 2375 5078 caalo
2405 5023 2625 5087 decidit,
2657 5031 2891 5077 attamen
2950 5021 3078 5077 l'erit
3141 5036 3205 5076 ac
3256 5022 3445 5079 ferocit

189 5136 433 5191 σύνεται.
481 5132 820 5205 Θρασύνεται
866 5130 960 5196 δέ,
1001 5128 1100 5200 τὴν
1156 5126 1433 5199 ἡμετέραν
1488 5122 1766 5195 ῥαθυμίαν

1875 5118 2216 5173 temerarius.
2250 5116 2467 5171 Ferocit
2497 5117 2641 5170 enim
2683 5118 2953 5184 audetque
2980 5117 3225 5170 socordia
3263 5126 3445 5170 nostra

187 5226 406 5295 ἐφόδιον
445 5204 545 5294 τῆς
587 5222 793 5285 οἰκείας
843 5221 1102 5282 ἀπονοίας
1141 5218 1482 5286 ποιούμενος.
1536 5215 1609 5268 Τὸ
1655 5213 1765 5283 γὰρ

1873 5209 2175 5265 subsidium
2197 5208 2297 5262 sibi
2331 5208 2563 5278 prepria:
2583 5222 2777 5277 parare
2810 5206 3080 5260 amentiae.
3114 5204 3266 5271 Quod
3304 5207 3447 5260 enim

192 5318 456 5389 μέγιστον
485 5317 580 5369 καὶ
619 5314 763 5367 θεῖον
803 5314 1088 5383 τρόπαιον,
1141 5312 1278 5383 ὅπερ
1308 5311 1337 5362 6
1386 5307 1574 5379 Σωτὴρ
1604 5306 1765 5376 δεῦρο

1876 5302 2171 5357 maximum
2201 5315 2266 5355 ac
2294 5300 2537 5356 divinum
2572 5309 2830 5370 tropaeum
2862 5299 3043 5353 crucis
3074 5299 3140 5351 ad
3176 5313 3275 5354 nos
3308 5298 3446 5353 Deus

236 5499 285 5535 ⁸⁸
315 5500 438 5553 Act.
478 5514 593 5564 xuv,
622 5498 714 5551 21.

1304 5604 1540 5661 VARIAS
1578 5601 1960 5660 LECTIONES
1998 5600 2087 5657 ET
2125 5602 2355 5659 ΝΟΤΑΞ.

260 5772 376 5844 (14)
411 5771 488 5825 Ex
528 5768 917 5839 τιθυνουμένην
946 5767 1066 5821 cod.
1110 5764 1216 5819 Alt.
1255 5762 1391 5818 tollit
1435 5779 1507 5816 τι.
1551 5758 1760 5816 Possm.

1944 5756 2056 5830 (l5\
2107 5755 2321 5829 Ῥᾳδίας
2350 5758 2469 5815 cod.
2495 5712 2602 5811 Alt.
2634 5765 2802 5813 mutat
2825 5756 2878 5811 in
2911 5755 3134 5827 ῥᾳδίως.
3159 5753 3235 5810 ID.

434 5866 703 5927 ΡΑΤιιοι.
735 5867 851 5927 Gn.
893 5859 1213 5924 LXXVIII.
2965 5848 3038 5909 49
