3982 6420
570 387 718 463 ἹΜἿ

1781 392 1839 451 S.
1884 388 2176 451 ISIDORI
2216 388 2654 452 PEI.USIOT/E

3682 397 3791 465 1548

580 506 804 562 veniens
860 501 1049 556 statuit
1110 499 1175 555 de
1218 498 1452 564 diabolo,
1492 498 1796 554 verendum
1834 514 1964 554 sane
1990 508 2073 553 est
2103 513 2169 552 ne

2272 500 2633 570 ὲπιφοιτήσας
2682 500 2804 552 κατ’
2835 498 3001 554 αὐτοῦ
3046 499 3262 572 ἔστησε.
3310 502 3596 557 κινδυνεύει
3633 508 3690 560 ἐκ
3715 513 3793 581 τῆς

581 607 768 653 nostra
818 594 1163 664 improbitate
1207 593 1549 656 obscuretur,
1582 606 1689 647 non
1721 592 1918 646 amissa
1948 590 2165 660 quidem

582 689 781 753 suavi,
810 687 904 742 sed
928 695 1115 741 nostro
1146 695 1365 756 torpore
1410 700 1475 738 ac
1523 684 1780 739 daemonis
1815 683 2017 738 malitia
2068 696 2165 736 nos

582 780 978 839 circumeuntis
1014 777 1296 846 injuriosc.
1335 775 1437 841 Qui
1469 776 1613 830 enim
1647 775 1789 845 regis
1820 774 2165 844 triumphan-

585 877 655 931 tis
683 872 881 928 milites
905 886 965 926 se
989 885 1111 926 esse
1145 868 1468 939 gloriantes,
1501 867 1854 934 divinumque
1902 864 2022 935 eius
2069 877 2165 918 no-

582 978 705 1024 men
732 981 828 1035 pro
854 972 1063 1019 summa
1100 962 1380 1031 dignitate,
1416 969 1473 1013 ut
1522 972 1709 1014 revera
1739 967 1843 1023 est,
1879 957 2169 1012 circumie-

582 1048 1112 1116 rentes‘Christiani,
1151 1049 1360 1105 deliciis
1394 1061 1457 1102 ac
1497 1046 1725 1116 quaestui
1750 1044 1863 1115 jam
1914 1053 2042 1099 sunt
2072 1045 2168 1098 de-

582 1150 706 1213 diti,
736 1162 866 1203 cum
900 1145 1000 1215 ipsi
1033 1144 1179 1215 digni
1208 1142 1317 1196 sint
1340 1141 1429 1209 qui
1454 1140 1761 1203 vincantur,
1785 1146 2003 1207 propter
2026 1134 2168 1203 regis

579 1248 763 1297 tamen
793 1238 1045 1310 glariam,
1082 1249 1388 1303 nomenque
1435 1236 1693 1300 superant
1735 1249 1752 1285 :
1798 1234 2006 1283 tantum
2057 1242 2166 1282 non

579 1334 726 1387 enim
755 1327 861 1385 hoc
886 1327 1045 1382 modo
1071 1326 1178 1381 illis
1200 1324 1401 1380 accinit
1424 1338 1439 1377 :
1463 1339 1492 1373 ’δ
1530 1320 1647 1376 Non
1679 1335 1779 1391 ego
1805 1319 1973 1375 vestri
2001 1332 2167 1374 causa

582 1439 705 1495 ago,
733 1422 826 1477 sed
855 1428 1075 1490 propter
1114 1430 1308 1471 nomen
1336 1429 1538 1480 meum,
1570 1427 1636 1468 ne
1668 1410 1796 1466 illud
1834 1411 2169 1481 profanetur,

582 1525 746 1582 atque
794 1510 1129 1579 inquinetur.
1178 1524 1198 1558 ›
1230 1504 1345 1560 Nisi
1396 1504 1542 1558 enim
1588 1502 1861 1574 propriam
1900 1501 2016 1570 ipse
2046 1515 2168 1554 cum

582 1605 774 1675 plausu
809 1607 1158 1668 componeret
1187 1596 1527 1667 religionem,
1552 1602 1607 1648 et
1632 1592 1810 1648 omnia
1844 1592 1943 1646 sibi
1979 1589 2169 1660 subju-

583 1706 758 1763 garet,
791 1694 956 1766 67o
988 1701 1109 1763 post
1139 1687 1429 1759 aliquando
1450 1686 1903 1755 ‘vilipenderetur,
1952 1681 2168 1752 ignavia

2266 589 2545 659 ἡμετέρας
2576 589 2777 653 κακίας
2800 589 3199 660 ἀμαυρωθῆναι
3218 608 3232 621 ’
3262 592 3323 644 οὐ
3350 592 3446 663 τὴν
3474 596 3664 649 οἰκείαν
3687 599 3795 653 ἀπο-

2267 680 2432 733 λέσαν
2458 680 2711 750 δύναμιν,
2740 682 2855 735 ἀλλ’
2883 681 2989 735 ὑπὸ
3017 685 3116 753 τῆς
3142 683 3359 746 ἀτονίας
3384 684 3478 737 καὶ
3506 688 3689 751 κακίας
3709 692 3795 743 τῶν

2268 773 2676 844 περιφερόντων
2706 774 2841 828 αὐτὸ
2859 774 3345 846 καθυϐριζόμενον.
3383 776 3446 828 Oi
3471 777 3573 847 γὰρ
3592 778 3676 831 τοῦ
3700 781 3800 834 καλε

2267 863 2474 921 λινίκου
2524 865 2791 936 βασιλέως
2836 867 3133 937 αὐχοῦντες
3166 863 3308 922 εἶναι
3359 869 3695 939 στρατιῶται,
3723 877 3796 927 καὶ

2267 958 2328 1010 τὸ
2359 957 2504 1012 θεῖον
2551 958 2718 1012 αὐτοῦ
2754 957 2927 1031 ὄνομα
2957 958 3147 1032 ὥσπερ
3203 960 3420 1031 ἀξίωμα
3455 961 3614 1032 μέγα,
3642 963 3795 1036 ὥσπερ

2267 1038 2361 1098 οὖν
2407 1046 2500 1097 καὶ
2532 1045 2674 1111 ἐστι,
2722 1047 3111 1118 περιφέροντες
3141 1089 3155 1113 ,
3184 1052 3363 1119 τρυφῇ
3414 1050 3526 1119 (I6;
3564 1052 3651 1103 καὶ
3691 1072 3797 1125 χρη-

2271 1138 2561 1206 ματισμοῖς
2611 1137 2840 1202 ἑαυτοὺς
2877 1138 3177 1203 ἐκδιδόντες
3200 1180 3214 1205 ,
3247 1142 3342 1193 καὶ
3376 1140 3442 1193 δι’
3484 1141 3695 1206 ἑαυτοὺς
3724 1148 3797 1216 ήτ-

2267 1226 2503 1298 τηθῆναι
2532 1228 2734 1282 δίκαιοι
2772 1230 2949 1295 ὄντες,
2986 1230 3076 1284 διὰ
3120 1232 3220 1303 τὴν
3248 1230 3344 1285 τοῦ
3381 1232 3639 1303 βασιλέως
3676 1236 3799 1303 δόξαν

2269 1318 2666 1389 περιγίνονται*
2703 1323 2987 1393 μονονουχὶ
3009 1323 3120 1394 γὰρ
3158 1325 3253 1378 καὶ
3283 1323 3381 1377 νῦν
3410 1326 3594 1389 αὐτοῖς
3624 1328 3796 1398 ἐπιφω-

2268 1412 2352 1463 νεῖ
2374 1425 2388 1441 ’
2422 1428 2441 1462 ι
2476 1412 2549 1465 Οὐ
2570 1412 2639 1465 δι’
2669 1414 2813 1483 ὑμᾶς
2838 1413 2949 1483 ἐγὼ
2977 1414 3136 1478 ποιῶ,
3163 1412 3302 1469 ἀλλά
3323 1416 3412 1469 διὰ
3442 1415 3504 1469 τὺ
3528 1416 3684 1487 δνομά
3703 1437 3798 1489 μου,

2270 1499 2358 1553 ἵνα
2392 1501 2467 1572 μὴ
2500 1501 2805 1575 βεϐηλωθῇ.
2837 1523 2856 1555 ›
2888 1505 2951 1557 El
2983 1506 3058 1577 μὴ
3092 1506 3196 1577 γὰρ
3222 1505 3385 1569 αὐτὸς
3411 1502 3482 1578 ἦν
3507 1510 3533 1560 ὁ
3565 1510 3671 1561 νυνὶ
3697 1525 3799 1577 συγ-

2271 1590 2484 1663 κροτῶν
2514 1594 2613 1665 τὴν
2641 1594 2849 1649 οἰκείαν
2879 1595 3177 1668 θρησκείαν
3215 1598 3309 1651 καὶ
3332 1597 3515 1650 πάντα
3544 1597 3667 1670 αὐτῇ
3694 1600 3800 1653 ὑπο-

2273 1685 2454 1758 χείρια
2485 1686 2942 1759 παρασκευάζων,
2983 1688 3152 1743 πάλαι
3193 1688 3260 1742 ἂν
3293 1688 3384 1742 διὰ
3416 1690 3516 1760 τὴν
3539 1689 3638 1743 τῶν
3669 1707 3799 1761 μετα-

584 1804 691 1843 non
724 1788 904 1843 debite
934 1796 1053 1840 eam
1086 1779 1588 1836 administrantium
1627 1793 1642 1830 :
1674 1775 1770 1831 sed
1802 1775 2019 1845 quando
2052 1786 2170 1845 pro-

2272 1776 2664 1860 xetptCopévwv
2721 1779 2894 1850 αὐτὴν
2965 1781 3025 1834 οὐ
3084 1780 3314 1844 δεόντως
3364 1781 3630 1855 ρᾳθυμίαν
3676 1781 3805 1851 ὠλιγ-

584 1880 760 1951 priam
789 1879 891 1934 sibi
938 1877 1176 1931 vindicat
1209 1872 1458 1946 gloriam,
1494 1871 1639 1926 hunc
1669 1868 1884 1939 quidem
1917 1868 1968 1921 in
2005 1867 2169 1921 altum

2272 1858 2461 1939 ωρήθη
2484 1884 2498 1899 ο
2532 1867 2648 1922 ἀλλ’
2688 1869 2876 1941 ἐπειδὴ
2904 1869 3002 1942 τῆς
3033 1871 3240 1935 οἰκείας
3274 1872 3625 1926 ἀντιποιεῖται
3656 1872 3801 1941 δόξης,

586 1970 856 2034 attollens,
896 1967 964 2023 ab
999 1968 1120 2022 aliis
1172 1980 1300 2020 vero
1358 1972 1479 2034 poSt
1528 1960 1687 2032 paulo
1735 1958 1961 2013 acerbas
2002 1958 2171 2029 exigit

574 2060 796 2133 ‘pmnas.
822 2060 931 2116 Nec
960 2060 1101 2115 enim
1138 2057 1340 2128 patitur
1358 2056 1474 2110 hanc
1496 2055 1713 2122 impune
1752 2065 1944 2105 ausum
1970 2044 2167 2114 ‘fuisse,

590 2168 764 2224 neque
791 2152 1030 2207 divinum
1066 2160 1260 2203 nomen
1296 2146 1439 2215 ipsos
1473 2142 1909 2210 lylnspltemantes
1937 2137 2171 2204 impuni-

592 2258 673 2300 tos
699 2243 952 2305 dimittet,
982 2242 1089 2295 imo
1130 2246 1185 2294 et
1217 2236 1420 2305 majora
1453 2234 1634 2302 exiget
1662 2231 1944 2302 supplicia
1973 2229 2044 2283 ab
2102 2228 2171 2284 iis

589 2334 679 2404 qui
745 2332 1018 2404 peccando
1082 2328 1434 2400 dignitatibus
1495 2340 1560 2379 ac
1626 2322 1961 2393 pratl‘ecturis
2017 2318 2172 2390 potiti

590 2438 736 2492 sunt,
778 2442 841 2481 ac
882 2442 949 2480 ne
983 2422 1063 2479 sic
1108 2421 1322 2490 quidem
1375 2418 1652 2471 moderate
1694 2416 1947 2485 agebant,
1983 2424 2171 2466 verum

589 2518 822 2587 propria:
854 2517 1174 2585 compendio
1198 2512 1457 2569 socordia:
1482 2508 1574 2564 Dei
1602 2506 2011 2577 longanimitate
2042 2514 2170 2560 sunt

578 2610 771 2676 abusi,
792 2624 854 2663 ac
876 2623 974 2679 pro
1000 2608 1194 2676 quibus
1223 2603 1487 2676 pmnitere
1504 2600 1809 2671 oportebat,
1833 2612 1929 2669 per
1961 2598 2075 2653 haec
2100 2598 2169 2653 ad

584 2700 794 2755 malum
829 2699 1001 2769 magis
1030 2708 1157 2754 sunt
1187 2694 1417 2751 incitati.

2264 1955 2358 2008 τὸν
2389 1955 2502 2027 (I7)
2539 1957 2641 2026 μὲν
2669 1959 2749 2020 είς
2776 1956 2911 2027 ὕψος
2953 1961 3119 2031 αἴρει,
3149 1963 3278 2024 τοὺς
3305 1960 3364 2014 δὲ
3407 1962 3557 2026 δίκας
3585 1963 3804 2032 πικροτά-

2266 2064 2366 2110 τας
2396 2048 2593 2119 μικρὸν
2627 2048 2857 2121 ὕστερον
2882 2051 3259 2122 εἰσπράξεται.
3294 2054 3439 2107 Οὐδὲ
3466 2056 3574 2123 γὰρ
3601 2054 3805 2117 ἀνέξεται

2266 2138 2441 2192 ταῦτα
2469 2140 2773 2212 τολμᾶσθαι
2803 2142 3138 2214 ἀτιμωρητὶ,
3177 2144 3298 2198 οὐδὲ
3331 2147 3463 2210 τοὺς
3485 2146 3545 2199 τὸ
3576 2146 3700 2199 θεῖον
3730 2147 3805 2201 αὺ-

2266 2231 2362 2286 τοῦ
2391 2233 2564 2304 ὄνομα
2594 2234 2721 2304 τόγε
2753 2237 2836 2298 είς
2863 2237 3063 2301 αὐτοὺς
3086 2232 3223 2309 ἦκον
3255 2237 3701 2311 βλασφημηθῆναι
3724 2258 3805 2292 πα·

2271 2326 2748 2394 ρασκευάσαντας,
2768 2328 3159 2400 ἀτιμωρήτους
3184 2332 3393 2404 ἀφήσει
3417 2345 3435 2362 °
3466 2333 3598 2386 ἀλλὰ
3626 2334 3706 2387 καὶ
3726 2335 3803 2404 ἀρ-

2269 2418 2620 2491 γαλεωτέρας
2653 2420 2949 2499 ἀπαιτήσει
2981 2422 3137 2486 δίκας
3166 2424 3293 2485 τοὺς
3336 2424 3439 2477 καὶ
3470 2425 3528 2477 ὲν
3553 2423 3624 2495 τῷ
3654 2424 3801 2494 πλημ·

2273 2508 2455 2581 μελεῖν
2515 2513 2856 2582 προστασίας
2910 2513 3178 2584 τοσαύτης
3232 2515 3675 2580 ἀπολαύσαντας,
3730 2517 3804 2568 καὶ

2272 2603 2407 2673 μηδὲ
2428 2600 2571 2655 οὕτω
2601 2604 3093 2671 σωφρονισθέντας,
3127 2606 3241 2659 ἀλλ’
3263 2608 3483 2675 ἐφόδιον
3510 2607 3605 2678 τῆς
3638 2609 3803 2668 οἰκείας

2269 2693 2544 2765 ῥᾳθυμίας
2570 2694 2671 2764 τὴν
2704 2694 2857 2749 θείαν
2888 2697 3270 2768 μακροθυμίαν
3295 2700 3703 2770 ποιησαμένους,
3729 2700 3801 2750 καὶ

2154 2816 2157 2819 »
2266 2782 2334 2836 δι’
2357 2775 2433 2837 ὧν
2462 2787 2832 2856 γνωσιμαχείν
2858 2785 3050 2857 ἐχρῆν,
3091 2785 3181 2840 διὰ
3202 2784 3417 2841 τούτων
3450 2788 3542 2841 ἐπὶ
3572 2787 3630 2840 τὸ
3659 2789 3803 2856 χεῖρον

1012 2988 1374 3049 CCCLXVIII.
1403 3020 1473 3031 —-
1499 2984 1743 3046 ESAIE.

2265 2874 2589 2939 ἐλάσαντας.

2789 2983 2960 3038 τειιν.
2996 3012 3069 3025 -
3097 2985 3328 3058 nasia.

1076 3104 1095 3138 ι
1127 3085 1344 3140 Declina
1366 3101 1399 3138 a
1423 3083 1563 3137 malo
1603 3092 1650 3136 et
1672 3083 1758 3152 {ac
1785 3081 1997 3146 bonum,
2032 3096 2051 3131 ι
2088 3078 2213 3146 quia
2251 3076 2393 3132 Deus
2420 3076 2597 3130 omnia
2630 3076 2815 3131 cernit.
2839 3074 3010 3146 (Paul.
3041 3092 3228 3140 mm.
3250 3079 3372 3147 27.)

654 3194 854 3269 Ingens
904 3208 958 3250 et
1001 3204 1159 3249 acute
1193 3208 1423 3248 cernens
1455 3208 1518 3247 ac
1548 3191 1779 3262 vigilans
1817 3189 2040 3262 iustitiae
2076 3187 2167 3243 Dei

2342 3185 2570 3254 Μέγας,
2625 3184 2723 3238 καὶ
2784 3184 3119 3256 ὀξυδερκὴς,
3169 3186 3264 3239 καὶ
3312 3187 3615 3257 anim-:0;
3658 3187 3682 3239 6
3725 3186 3803 3256 τῆς

584 3300 675 3348 est
704 3289 915 3354 oculus,
944 3300 1117 3355 neque
1139 3284 1313 3339 solum
1338 3298 1457 3353 quae
1482 3283 1696 3353 publice
1724 3292 1872 3352 gesta
1907 3283 2166 3343 intuetur,

584 3384 685 3440 sed
718 3393 774 3437 et
808 3395 926 3451 quae
955 3381 1008 3434 in
1050 3380 1244 3449 abysso
1268 3377 1388 3448 quis
1417 3376 1500 3430 vel
1526 3375 1845 3430 abscondito
1875 3382 1957 3428 est
1982 3387 2171 3439 ausus,

593 3474 880 3542 cordisque
917 3472 1050 3525 adeo
1080 3469 1293 3524 abditos
1331 3480 1577 3521 recessus
1607 3472 1884 3520 scrutatur
1927 3479 1991 3518 ac
2017 3478 2169 3517 com-

594 3562 897 3634 prehendit.
927 3559 1113 3615 Talem
1146 3559 1328 3625 itaque
1357 3572 1479 3609 cum
1505 3556 1845 3624 hicjudicem
1879 3555 2171 3608 habeamus

594 3660 848 3712 virtutem
888 3652 1347 3722 complectamur;
1387 3649 1755 3703 abstineamus
1802 3662 1932 3701 vero
1974 3661 2004 3700 a
2056 3661 2171 3699 ma-

592 3748 732 3803 litia.
765 3746 913 3799 Illam
945 3720 1091 3797 e'nim
1143 3738 1577 3794 remunerabitur
1630 3738 1807 3805 Deus;
1858 3738 1998 3793 hanc
2049 3752 2176 3793 vero

586 3836 735 3906 justo
765 3834 970 3906 judicio
1001 3834 1204 3901 puniet.
1396 3907 1408 3917 .

802 3942 1126 3998 CGCLXIX.
1161 3970 1233 3984 —
1265 3935 1603 3995 PALLADIO
1637 3934 1955 3993 DlACONO.

2269 3274 2423 3339 θείας
2454 3275 2568 3346 (18)
2615 3274 2773 3345 δίκης
2815 3277 2964 3329 ἐστὶν
2998 3276 3305 3347 ὀφθαλμός·
3364 3280 3463 3331 καὶ
3491 3279 3549 3331 οὐ
3589 3278 3726 3349 μόνον
3749 3278 3802 3329 τὰ

2270 3367 2328 3419 ὲν
2360 3365 2580 3437 φανερῷ
2623 3365 2875 3438 δρώμενα
2914 3369 3106 3439 ἐφορᾷ,
3151 3368 3286 3422 ἀλλὰ
3336 3372 3436 3422 καὶ
3479 3371 3544 3422 τὰ
3588 3373 3639 3423 ἐν
3662 3386 3803 3438 παρι-

2272 3457 2457 3530 6ύστῳ
2505 3456 2831 3528 τολμώμενα
2880 3459 3156 3529 ἀνιχνεύει
3182 3501 3197 3526 ,
3230 3462 3324 3513 καὶ
3375 3462 3444 3515 τὰ
3483 3462 3579 3530 τῆς
3622 3461 3804 3529 καρδίας

2272 3550 2552 3621 κινήματα
2570 3549 3002 3620 καταλαμϐάνει.
3028 3550 3283 3604 Τοιοῦτον
3314 3552 3608 3624 τοιγαροῦν
3635 3552 3803 3622 ἔχοντες

2275 3642 2490 3711 κριτὴν,
2544 3630 2906 3718 ,ἀντεχώμεθα
2962 3642 3063 3713 μὲν
3118 3643 3364 3714 ἀρετῆς,
3422 3643 3727 3713 ἀπεχώμεθα
3762 3640 3803 3690 δὲ

2275 3735 2496 3798 κακίας.
2554 3735 2681 3805 ιΤὴν
2748 3736 2850 3805 μὲν
2899 3736 3009 3807 γὰρ
3063 3736 3364 3807 ἀμείψεται
3396 3774 3413 3802 ,
3469 3738 3567 3808 τὴν
3612 3737 3662 3789 δὲ
3703 3736 3806 3803 ἀμυ-

2276 3844 2469 3882 νειται.

2545 3936 2713 3992 Τεθι.
2761 3968 2833 3978 -
2860 3938 3208 4010 manu;
3258 3906 3582 4011 AiAKONo.

1550 4030 1701 4085 Nihil
1735 4032 1893 4085 nimis
1924 4029 2297 4101 differendum.
2323 4029 2532 4084 Diaboli
2560 4042 2698 4084 arm
2727 4032 2905 4087 malm.

665 4150 784 4205 Non
826 4155 910 4202 est
935 4144 1471 4215 procrastinandum,
1500 4141 1988 4213 diIIerendumque,
2029 4142 2173 4197 bone

593 4245 698 4309 vir,
722 4243 817 4296 sed
859 4243 1066 4310 optima
1097 4250 1321 4307 qumque
1353 4238 1579 4305 agenda.
1616 4233 1800 4304 Neque
1849 4235 1993 4288 enim
2051 4233 2173 4287 linis

594 4346 806 4405 tempus
856 4333 1125 4396 novimus,
1168 4344 1236 4384 ac
1294 4343 1361 4383 ne
1408 4328 1670 4383 daemonis
1729 4327 1943 4395 quidem
2000 4327 2171 4379 malas

592 4438 739 4482 artes
771 4424 1171 4492 versutiasque,
1209 4421 1406 4491 quibus
1448 4435 1545 4475 nos
1588 4428 1880 4488 oppugnat,
1912 4417 2002 4486 qui
2029 4432 2169 4485 pra-.-

593 4520 839 4575 sentibus
867 4530 966 4570 nos
1002 4514 1305 4575 excutiens,
1339 4512 1640 4566 futurorum
1677 4508 1955 4578 promissis
1981 4507 2166 4561 eludit.

594 4610 701 4666 Ubi
746 4610 891 4663 enim
930 4607 1077 4661 novit
1105 4605 1355 4660 homines
1403 4605 1456 4656 in
1508 4603 1650 4657 diem
1698 4601 1900 4667 vivere,
1934 4601 2169 4653 futurum

591 4715 724 4754 vero
783 4699 852 4752 sit
913 4696 1199 4757 incertum,
1256 4700 1527 4763 oppugnat
1584 4690 1724 4753 illos,
1772 4704 1835 4742 ac
1885 4690 2173 4758 praesentia

594 4790 812 4861 quidem
849 4788 1063 4851 fallens,
1088 4786 1260 4854 deque
1306 4784 1505 4838 futuris
1531 4782 1675 4835 inani
1704 4796 1801 4851 spe
1830 4779 2055 4842 lactans,
2081 4779 2172 4849 qui

596 4884 914 4939 hodiernum
958 4879 1099 4933 diem
1136 4889 1352 4944 semper
1391 4883 1711 4943 praesentem
1757 4871 2111 4934 arbitrantur,
2139 4886 2170 4925 a

596 4987 657 5027 se
694 4983 981 5040 persuasos
1018 4966 1339 5036 praacipitat.
1368 4965 1707 5034 Quapropter
1731 4973 1785 5017 et
1816 4964 1891 5017 rei
1925 4962 2173 5030 gerendae

596 5062 940 5117 occasionem
966 5059 1017 5111 in
1042 5057 1176 5111 nihil
1199 5056 1407 5126 agendo
1425 5064 1831 5119 consumentes,
1857 5056 2175 5123 opportuni-

596 5162 759 5206 tatem
821 5161 1137 5219 tempusque
1191 5147 1485 5217 negligunt.
1535 5144 1770 5215 Tempus
1819 5148 1961 5199 enim
2007 5144 2178 5200 ﬂuens

596 5240 935 5312 aequabiliter
986 5252 1264 5307 nunquam
1320 5237 1555 5300 sistitur,
1610 5236 1707 5289 sed
1766 5251 1900 5304 quas
1968 5236 2178 5290 interea

2351 4143 2426 4196 Οὐ
2461 4142 2697 4214 μέλλειν,
2743 4138 2789 4197 ὦ
2820 4144 2950 4213 σοφὲ
2972 4182 2990 4209 ,
3035 4144 3174 4197 ἀλλά
3204 4144 3472 4216 πράττειν
3497 4147 3597 4217 χρὴ
3614 4145 3684 4198 ’τὰ
3713 4144 3806 4214 βέλ-

2275 4251 2437 4289 τιστα
2462 4250 2476 4266 '
2512 4232 2638 4287 οὔτε
2677 4234 2788 4305 γὰρ
2827 4234 2921 4287 τὸν
2972 4235 3071 4304 τῆς
3120 4235 3384 4305 τελευτῆς
3433 4238 3591 4307 ἴσμεν
3636 4234 3805 4304 καιρὸν,

2275 4323 2400 4378 οὔτε
2447 4324 2546 4394 τὴν
2586 4327 2681 4377 τοῦ
2725 4324 2976 4377 διαϐόλου
3030 4326 3395 4396 κακουργίαν,
3428 4328 3495 4397 ἣν
3543 4326 3655 4380 καθ’
3683 4323 3807 4394 ἡμῶν

2278 4418 2608 4486 μηχανᾶται,
2650 4416 2931 4487 ἐκκρούων
2975 4416 3076 4487 μὲν
3124 4417 3214 4470 ἀεὶ
3240 4417 3334 4471 τοῦ
3380 4419 3658 4490 παρόντος,
3689 4414 3806 4468 τὸδὲ

2280 4510 2472 4581 μέλλον
2522 4509 2886 4581 ὀνειροπολεῖν
2947 4510 3408 4581 παρασκευάζων.
3475 4510 3677 4580 Ἐπειδὴ
3723 4509 3806 4576 γὰρ

2276 4597 2435 4666 οἶδεν,
2465 4602 2547 4654 ὅτι
2576 4600 2718 4653 κατὰ
2767 4601 2829 4653 τὸ
2856 4600 3044 4678 παρὸν⁶
3071 4599 3255 4671 ζῶμεν
3299 4603 3346 4654 οί
3373 4601 3665 4672 ἄνθρωποι,
3688 4599 3737 4649 τὸ
3764 4597 3806 4648 δὲ

2284 4691 2475 4763 μέλλον
2501 4691 2829 4760 ἀμφίϐολον,
2871 4695 3353 4764 καταστρατηγεῖ·
3388 4694 3485 4746 καὶ
3528 4692 3587 4745 τὸ
3615 4692 3700 4761 μὲν
3724 4706 3805 4742 πε-

2282 4782 2375 4855 ρδν
2404 4782 2651 4846 ἀπατῶν,
2680 4783 2739 4835 τὸ
2763 4781 2820 4835 δὲ
2850 4781 3045 4852 μέλλον
3084 4783 3496 4853 ὑποτιθέμενος,
3533 4777 3805 4853 ἐκτραχηλί-

2282 4871 2364 4936 ζει
2410 4874 2533 4937 τοὺς
2577 4873 2932 4943 πειθομένους
2960 4912 2977 4938 ,
3006 4875 3067 4927 τὸ
3104 4876 3343 4945 σήμερον
3391 4875 3481 4928 ἀεὶ
3512 4874 3672 4946 παρὸν
3695 4872 3806 4938 λογι-

2282 4966 2566 5036 ζομένους.
2600 4967 2691 5019 Διὸ
2734 4968 2828 5019 καὶ
2862 4967 2955 5020 τὸν
2994 4968 3089 5020 τοῦ
3139 4969 3404 5039 πράττειν
3452 4970 3640 5037 καιρὸν
3678 4969 3742 5027 εἰς
3762 4961 3803 5014 τὸ

2282 5059 2449 5129 μηδὲν
2500 5058 3016 5130 παρασκευάζεσθαι
3067 5059 3489 5123 ἀναλίσκοντες,
3546 5056 3801 5127 διαμαρτά-

2281 5168 2432 5203 νουσι
2465 5151 2565 5219 τῆς
2600 5151 2903 5221 εὐκαιρίας.
2955 5151 3014 5203 '0
3062 5151 3171 5223 γὰρ
3220 5151 3415 5222 χρόνος
3464 5153 3525 5204 τὸ
3556 5150 3727 5221 βρὰδος
3756 5146 3800 5196 οὐ

2286 5241 2573 5311 περιμένει
2597 5257 2610 5271 ο
2645 5242 2781 5294 ἀλλὰ
2827 5243 2922 5296 καὶ
2957 5241 3022 5306 ἃς
3064 5244 3122 5296 ἐν
3162 5242 3239 5313 τῷ
3279 5242 3489 5315 μεταξὺ
3522 5243 3683 5314 χρόνῳ
3703 5239 3799 5299 ὗλις

1701 5412 1935 5468 VARUE
1975 5413 2360 5469 LECTIONES
2400 5414 2487 5467 ET
2527 5412 2758 5471 NOTIE.

598 5568 1029 5696 Pog:?il.TPwﬁ
1080 5571 1220 5625 idem
1263 5578 1423 5640 ³³8⁸⁸
1483 5569 1535 5622 ίη
1581 5568 1817 5640 τρυφῆς.
1872 5584 1994 5639 pus.
2052 5568 2176 5623 670.

645 5656 921 5850 0:15;?Pr0
949 5710 1042 5764 τὸν
1075 5711 1233 5765 ambo
1271 5711 1429 5765 codd.
1460 5719 1665 5778 ponunt
1697 5710 1816 5780 τήν.
1852 5707 1927 5762 In.

675 5782 766 5850 (18
816 5781 945 5838 Cod.
976 5793 1201 5850 uterque
1223 5783 1425 5838 omittit
1457 5780 1626 5844 θείας.
1651 5779 1804 5836 Vcrs.
1838 5780 1872 5835 5
1904 5780 1927 5833 i.

675 5779 945 5850 (18)'Cod.
976 5793 1201 5852 uterque
1223 5783 1425 5838 omittit
1457 5780 1626 5844 θείας.
1651 5779 1804 5836 Vcrs.
1838 5780 1872 5835 5
1904 5780 2050 5833 inter
2071 5793 2174 5830 κα-

2276 5570 2613 5651 ταλαμϐἀνει
2639 5582 2693 5625 et
2724 5571 2965 5651 τοιοῦτον
2990 5574 3147 5651 ambo
3176 5574 3420 5629 inserunt
3443 5576 3593 5645 πρός.
3623 5572 3671 5626 1η
3694 5571 3794 5623 duo-

2278 5642 2378 5695 bus
2413 5643 2611 5715 ultimis
2644 5646 2891 5697 versibus
2923 5645 3180 5715 vocaburla
3209 5646 3363 5699 iidem
3393 5642 3549 5702 aliter
3569 5646 3791 5701 ordinant,

2277 5714 2572 5767 mutatione
2606 5726 2795 5780 parum
2832 5714 3081 5769 notabili.
3112 5714 3316 5770 Possm.
