3982 6420
171 387 315 452 1549

1058 376 1595 443 EPISTOLARUM
1631 378 1779 438 LIB.
1821 379 1889 437 V.
1917 399 1987 414 —
2023 377 2261 439 EPIST.
2303 373 2690 435 CCCLXXIV.

3314 368 3452 436 1550

166 500 477 573 ἀπατῶμεν
532 499 763 562 ἑαυτοὺς
815 498 1278 570 παρασκευάζειν,
1329 493 1479 549 οὐδὲν
1534 489 1652 548 οἷόν
1700 510 1801 557 τε⁴

1893 493 2131 561 emporis
2179 507 2264 545 res
2293 506 2392 545 nos
2435 492 2579 558 ipsos
2633 485 2964 557 deoipiontes
3009 498 3271 554 apparare
3301 484 3450 539 vide-

168 596 355 647 ποιεῖν
386 592 789 662 ἐξελέγχονται.

433 792 557 845 TO’.
589 821 658 831 —
690 788 1084 861 ΑΠΟΛΛΩΝΙῼ
1117 790 1488 863 ΕΠΙΣΚΟΠῼ.

1869 602 2015 650 mur,
2086 586 2231 656 quod
2286 583 2569 639 absolvere
2649 596 2756 635 non
2822 579 3178 645 potuerimus,
3228 592 3452 633 accusa-

1866 681 2068 736 bimur.

2063 787 2363 845 CCCLXX.
2384 816 2455 837 -ι-
2481 782 2873 842 APOLLONIO
2900 781 3247 839 EPISCOPO.

1223 886 1405 941 Victor
1427 890 1547 957 quis
1582 903 1717 941 vere.
1744 886 1927 958 (Conf.
1960 887 2115 956 epist.
2156 885 2223 939 76
2247 895 2292 940 et
2322 884 2438 953 88.)

246 994 314 1047 Εἰ
368 994 468 1046 καὶ
520 992 697 1045 δειναὶ
739 994 798 1045 ὲν
844 996 958 1059 τοῖς
1013 994 1305 1066 πράγμασι
1366 996 1763 1067 συμϐαίνουσαι

169 1084 403 1155 ἀπορίαι
449 1084 510 1137 τὸ
551 1084 702 1148 εἰκὸς
744 1083 978 1151 ἀνελεῖν,
1015 1087 1111 1138 καὶ
1155 1087 1268 1156 (19)
1315 1086 1412 1140 τοῦ
1461 1087 1763 1158 πρέποντος

167 1175 550 1245 ἀναγκάζουσι
580 1177 639 1229 τὸ
690 1179 1085 1249 παρεμπίπτον
1136 1176 1393 1232 ἑλέσθαι·
1440 1178 1558 1233 ἀλλ’
1593 1175 1686 1234 οὖν
1715 1181 1764 1233 οἱ

170 1268 502 1339 φρονήσεως
542 1267 644 1321 οὐκ
675 1268 1069 1339 ἀμοιροῦντες,
1115 1269 1209 1322 καὶ
1238 1270 1304 1342 τῇ
1337 1270 1459 1343 θείᾳ
1504 1268 1656 1343 δεξιᾷ
1696 1273 1766 1325 τὰ

172 1359 304 1412 καθ’
340 1360 570 1422 ἑαυτοὺς
604 1359 1024 1429 ἐπιτρέποντες,
1068 1360 1130 1415 τὸ
1170 1361 1382 1433 πρέπον
1431 1361 1636 1432 μᾶλλον
1668 1358 1764 1417 τοῦ

169 1450 496 1520 παραυτίκα
542 1450 826 1514 δοκοῦντος
879 1449 1236 1521 αἱρούμενοι,
1271 1451 1330 1503 οὐ
1364 1448 1440 1521 τῷ
1486 1447 1636 1516 δόξαι
1668 1453 1764 1523 ήτ-

170 1540 379 1611 τῆσθαι
413 1536 889 1611 δυσχεραίνουσιν,
925 1538 1063 1595 ἀλλὰ
1092 1540 1169 1612 τῷ
1218 1540 1390 1605 ὅντως
1419 1540 1765 1612 νενικηκέναι

170 1634 529 1701 ἀγάλλονται.
575 1634 721 1703 Νίκη
758 1632 869 1703 γὰρ
911 1632 1127 1704 ἀληθῶς
1172 1633 1234 1687 οὐ
1274 1634 1336 1686 τὸ
1365 1633 1542 1686 δοκεῖν
1584 1650 1765 1703 παρα-

171 1712 372 1796 χρῆμα
406 1724 797 1795 νενικηκέναι,
831 1722 968 1778 ἀλλὰ
997 1723 1060 1777 τὸ
1104 1720 1308 1795 ἀρετῆς
1340 1726 1434 1777 καὶ
1482 1723 1767 1788 εὐσεϐείας

175 1814 256 1886 μὴ
292 1815 733 1868 ἐκπεπτωκέναι.

201 1924 377 1978 TOA'.
411 1954 482 1965 —
518 1920 782 1993 ΕΡΜΙΝῼ
816 1921 935 1977 ΚΑΙ
970 1919 1207 1975 ΙΕΡΑΚῙ
1234 1922 1727 1993 ΛΑΜΠΡΟΤΑΤῼ.
1755 1959 1761 1963 -

1944 994 2056 1049 Etsi
2075 1009 2194 1065 qua:
2222 995 2273 1048 in
2298 994 2458 1048 rebus
2478 993 2733 1064 gravibus
2753 998 3051 1046 occurrunt
3072 990 3452 1059 ambiguitates

1869 1088 2097 1143 multum
2124 1087 2343 1142 valeant
2363 1101 2427 1141 ac
2451 1100 2589 1156 pene
2613 1093 2810 1155 cogant
2836 1083 2903 1138 ab
2924 1083 3150 1137 honesto
3171 1082 3454 1151 officioque

1870 1179 2107 1246 deviare,
2154 1188 2334 1234 tamen
2380 1180 2473 1250 qui
2526 1177 2812 1248 prudentia
2854 1192 2959 1231 non
3000 1183 3208 1239 carent,
3248 1188 3454 1243 suaque

1871 1270 2065 1325 divinae
2094 1269 2296 1323 dextrae
2344 1268 2711 1330 committunt,
2755 1267 3009 1322 decorum
3062 1264 3240 1336 potius
3289 1279 3451 1334 quam

1872 1358 1926 1414 id
1950 1358 2093 1429 quod
2120 1358 2289 1426 prima
2327 1356 2506 1413 fronte
2548 1362 2774 1425 apparet
2823 1355 3106 1425 eligentes,
3157 1369 3265 1408 non
3311 1368 3455 1422 aegre

1875 1450 2057 1505 ierunt
2115 1449 2258 1519 quod
2302 1449 2443 1503 vinci
2493 1449 2800 1513 videantur,
2866 1447 2960 1502 sed
3009 1460 3201 1500 revera
3259 1444 3454 1499 vicisse

1873 1540 2196 1610 gloriantur.
2224 1541 2383 1612 671
2418 1538 2559 1594 Vera
2581 1540 2727 1594 enim
2753 1537 2981 1593 victoria
3013 1551 3119 1590 non
3144 1546 3227 1590 est
3258 1534 3456 1590 vicisse

1874 1631 2042 1685 videri
2081 1632 2133 1685 in
2167 1642 2430 1702 tempore,
2466 1633 2561 1687 sed
2592 1631 2791 1685 virtute
2822 1643 2887 1683 ac
2922 1628 3125 1699 pietate
3154 1641 3260 1682 non
3302 1626 3452 1681 exci-

1874 1721 2038 1778 disse.

1872 1924 2195 1981 CCCLXXI.
2252 1955 2321 1964 —
2384 1921 2694 1979 HERMINO
2753 1922 2840 1976 ET
2902 1914 3204 1982 HIERACI,
3272 1910 3458 1969 VIRIS

2431 1993 2883 2051 CLARISSIMIS.

571 2085 711 2140 Deus
744 2100 849 2139 non
886 2084 1058 2139 solum
1087 2101 1152 2139 ea:
1184 2086 1390 2147 merito,
1415 2085 1506 2137 sed
1532 2096 1581 2138 et
1621 2101 1783 2153 supra
1813 2089 2058 2142 meritum
2091 2105 2215 2143 suos
2245 2092 2511 2143 honorare
2553 2099 2599 2142 et
2636 2090 2743 2144 vult
2773 2097 2824 2142 et
2863 2098 3050 2156 potest.

260 2195 331 2252 Ἦ
372 2198 650 2269 ἀκήρατος
682 2198 776 2251 καὶ
808 2196 929 2250 θεία
982 2196 1225 2267 δύναμις
1257 2196 1393 2267 μόνη
1447 2197 1545 2267 μὲν
1601 2196 1774 2250 ἐθέλει

173 2291 303 2345 κατ’
328 2289 485 2354 ἀξίαν
519 2291 704 2360 τιμᾷν.
738 2289 895 2359 Μόνη
925 2288 983 2342 δὲ
1017 2289 1112 2341 καὶ
1159 2287 1273 2359 ἔχει
1302 2287 1368 2340 δι’
1414 2281 1489 2342 ὧν
1520 2289 1768 2358 τιμήσει,

175 2385 247 2455 τῇ
308 2381 569 2452 βουλήσει
619 2382 722 2451 τῆς
776 2381 1060 2452 δυνάμεως
1099 2379 1509 2451 ἀμιλλωμένης.
1562 2380 1774 2434 Οὐκοῦν

176 2476 571 2546 ἀγαπήσωμεν
604 2474 793 2545 αὐτὴν,
828 2474 928 2544 τὴν
963 2474 1130 2544 μόνην
1162 2472 1257 2525 καὶ
1296 2471 1587 2525 ἐθέλουσαν
1626 2473 1775 2542 ἡμᾶς

176 2566 452 2635 τιμῆσαι,
486 2563 581 2615 καί
622 2562 873 2632 ἔχουσαν,
923 2561 993 2615 δι’
1018 2555 1094 2615 ὧν
1123 2560 1184 2614 ού
1222 2560 1384 2631 μόνον
1435 2561 1555 2614 κατ’
1594 2558 1774 2625 ἀξίαν,

178 2662 326 2716 ἀλλὰ
357 2661 453 2715 καὶ
493 2660 633 2732 ὑπὲρ
660 2660 759 2732 τὴν
805 2660 963 2726 ἀξίαν
992 2659 1249 2729 τιμήσει·
1286 2676 1304 2710 ι
1342 2658 1456 2711 Οὐκ
1489 2657 1615 2723 ἄξια
1638 2658 1768 2731 γὰρ,

179 2756 347 2826 φησὶ,
375 2754 445 2808 τὰ
475 2753 779 2825 παθήματα
829 2752 923 2806 τοῦ
953 2750 1049 2805 νῦν
1098 2750 1292 2823 καιροῦ
1341 2751 1478 2820 πρὸς
1507 2751 1619 2823 τὴν
1643 2753 1774 2823 μέλ-

182 2843 394 2898 λουσαν
430 2843 590 2910 δόξαν
618 2842 1093 2913 ἀποκαλυφθῆναι.
1144 2860 1163 2894 ι

513 2934 680 2988 TOB'.
720 2964 789 2974 —
816 2932 1124 3003 ΘΕΟΔΩΡῼ
1156 2932 1457 3003 ΕΠΑΡΧῼ.

1948 2197 2266 2271 incorrupta
2295 2215 2513 2271 semper
2540 2202 2829 2269 divinaque
2879 2200 2963 2255 vis
3025 2198 3139 2253 vult
3174 2207 3230 2253 et
3280 2205 3459 2267 potest

1877 2292 2110 2360 aliquem
2131 2294 2423 2347 honorare.
2461 2290 2623 2347 Solus
2647 2293 2795 2346 enim
2844 2292 2984 2346 Deus
3027 2291 3190 2344 habet
3217 2304 3326 2359 quo
3355 2290 3458 2345 ho-

1876 2393 2054 2449 noret,
2096 2384 2374 2439 voluntate
2428 2383 2647 2451 quidem
2701 2397 2826 2437 cum
2883 2382 3144 2437 facultate
3188 2391 3454 2438 certante.

1877 2473 2057 2540 Quare
2083 2477 2397 2531 adamemus
2420 2473 2614 2541 Deum,
2658 2474 2752 2545 qui
2800 2474 2946 2531 solus
2998 2487 3053 2530 et
3091 2474 3205 2529 vult
3254 2475 3460 2530 honore

1878 2561 2120 2630 afficere,
2154 2573 2209 2618 et
2239 2564 2402 2619 habet
2429 2578 2535 2634 quo
2556 2578 2663 2619 non
2684 2572 2891 2619 tantum
2923 2578 3023 2631 pro
3052 2562 3335 2632 dignitate,
3362 2563 3457 2618 sed

1878 2656 2041 2710 etiam
2067 2671 2232 2726 supra
2269 2657 2520 2712 meritum
2569 2657 2805 2711 honoret
2856 2673 2868 2709 :
2925 2673 2944 2707 ι
3005 2654 3120 2708 Non
3166 2659 3334 2720 enim,
3383 2653 3459 2708 ait

1871 2747 2175 2817 Scriptura,
2204 2747 2485 2818 condigna:
2514 2755 2639 2802 sunt
2692 2747 2972 2817 passiones
3004 2746 3163 2815 hujus
3199 2745 3460 2815 temporis

1876 2842 1943 2895 ad
1973 2838 2210 2894 futuram
2235 2841 2482 2911 gloriam,
2514 2856 2636 2910 quae
2682 2840 3007 2895 revelabitur
3056 2840 3108 2892 in
3154 2839 3310 2893 nobis
3330 2840 3397 2893 ".
3430 2856 3452 2890 ι

2022 2931 2366 2987 CCCLXXII.
2397 2964 2467 2974 —
2493 2928 2865 2987 'I'llEODORO
2909 2928 3315 2986 PBASFECTO.

1177 3023 1307 3088 Quis
1352 3023 1545 3091 Optime
1584 3022 1886 3093 reipublicae
1916 3025 2095 3094 praesit
2130 3024 2481 3095 δημαγωγός.

264 3139 529 3210 Ἀριστον
553 3133 885 3207 δημαγωγὸν
906 3134 1002 3187 καί
1017 3132 1263 3204 ἡγεμόνα
1279 3132 1484 3186 ἐκεῖνον
1503 3132 1570 3186 ἂν
1598 3132 1774 3202 ἔγωγε

1950 3134 2277 3205 Reipublicae
2309 3136 2573 3206 optimum
2604 3150 2730 3191 eum
2768 3134 2997 3191 dixerim
3037 3136 3455 3205 gubernatorem

180 3229 513 3302 ὁρισαίμην,
557 3228 617 3281 οὐ
649 3226 739 3280 τὸν
799 3224 1165 3296 μισθοδοσίαις
1210 3223 1428 3290 στάσεις
1478 3224 1770 3290 κινοῦντα,

184 3322 290 3376 καὶ
320 3321 431 3374 τῶν
468 3318 665 3373 ἑαυτοῦ
701 3318 833 3371 ἴσων
891 3316 974 3388 (οὑ
1003 3318 1112 3387 γὰρ
1138 3314 1206 3369 ἂν
1241 3315 1453 3387 εἴποιμι
1492 3317 1773 3388 χειρόνων)

185 3412 387 3482 ὥσπερ
415 3408 690 3463 δεσποτῶν
721 3407 819 3469 τὰς
854 3405 1036 3475 φωνὰς
1073 3404 1440 3476 ὲξωνούμενον
1465 3422 1479 3435 ·
1513 3406 1651 3459 ἀλλὰ
1684 3406 1776 3459 τὸν

184 3506 261 3560 δι’
289 3505 497 3577 ἀρετῆς
524 3504 619 3557 καὶ¹
646 3500 931 3564 εὐσεϐείας
957 3502 1085 3564 τοὺς
1113 3499 1319 3570 δήμους
1360 3498 1736 3571 ὲξαρτώμενον
1757 3541 1774 3567 ,

190 3597 297 3652 καὶ
326 3597 430 3649 οὐκ
448 3597 505 3649 ἐν
530 3597 649 3655 ταῖς
681 3595 887 3664 φωναῖς
910 3592 1069 3662 μόνον
1088 3592 1617 3663 ἀνακηρυττόμενον,
1642 3592 1778 3646 ἀλλά

180 3668 297 3743 ’καὶ
328 3689 389 3741 ὲν
428 3689 548 3750 ταῖς
576 3685 828 3755 γνώμαις
862 3683 1316 3754 στεφανούμενον.

223 3797 398 3852 TOF’.
426 3828 490 3839 —
524 3796 798 3865 ΖΩΣΙΜῼ,
844 3793 1129 3865 ΜΑᾙΩΝΙ,
1162 3793 1579 3860 XAIPHMONI,
1628 3796 1751 3849 ΚΑΙ

811 3864 1169 3934 ΕΥΣΤΑΘΙῼ.

1880 3244 1947 3286 ac
1977 3229 2313 3299 praefectum,
2344 3245 2447 3283 nou
2477 3228 2570 3299 qui
2594 3229 2973 3300 largitionibus
3004 3228 3300 3284 seditiones
3328 3245 3461 3284 con-

1880 3320 2033 3385 citet,
2063 3334 2127 3374 ac
2180 3321 2263 3373 sui
2306 3318 2585 3382 similium,
2617 3332 2719 3372 non
2753 3317 2927 3372 dicam
2977 3317 3328 3380 deteriorum,
3364 3333 3460 3372 ve-

1882 3409 1980 3464 luti
2022 3409 2363 3464 dominorum
2394 3423 2556 3463 voces
2600 3408 2851 3473 redimat,
2879 3407 2973 3463 sed
3023 3409 3115 3476 qui
3167 3407 3367 3462 virtute
3396 3422 3463 3463 ac

1882 3502 2087 3572 pietate
2131 3516 2450 3572 suspensum
2492 3507 2671 3555 teneat
2707 3499 3001 3570 populum:
3035 3513 3208 3569 neque
3234 3498 3326 3568 qui
3366 3513 3464 3569 po-

1884 3598 1993 3666 puli
2044 3607 2253 3653 tantum
2302 3612 2554 3654 sermone
2596 3607 2653 3652 et
2696 3612 2829 3652 voce
2886 3597 3219 3660 celebretur,
3264 3596 3359 3650 sed
3406 3604 3464 3651 et

1879 3690 2084 3746 animo.
2897 3706 2900 3710 ‘
3062 3685 3082 3705 ⁸

1878 3797 2243 3854 CCCLXXIII.
2272 3830 2343 3839 ——
2369 3798 2647 3863 ZOSlMO,
2675 3797 2961 3866 MARONI,
3010 3797 3462 3868 CHASREMONI,

2403 3869 2488 3924 ET
2524 3868 2940 3926 EUSTATHIO.

932 3956 1013 4007 Ad
1044 3956 1233 4008 bonam
1272 3971 1454 4009 rursus
1494 3956 1697 4026 frugem
1738 3960 1948 4014 inuitat.
1977 3960 2133 4031 (Sup.
2162 3964 2316 4033 epist.
2345 3962 2471 4027 105,
2497 3973 2546 4015 et
2578 3962 2725 4033 511.)

284 4066 597 4136 ,Ελλόγιμοι
632 4064 728 4117 καὶ
753 4062 970 4133 ἀληθεῖς
1006 4062 1198 4133 ἄνδρες
1219 4064 1460 4127 ἐκτόπως
1502 4065 1647 4135 ὑμᾶς
1683 4066 1782 4137 τῆς

198 4159 409 4222 κακίας
435 4153 874 4211 διαϐεϐαιοῦνται
922 4148 1065 4207 εἶναι
1102 4153 1357 4224 ἐραστὰς,
1407 4156 1500 4207 καὶ
1549 4155 1617 4208 τὰ
1664 4156 1783 4208 κατ’

1953 4068 2150 4124 Diserti
2189 4070 2289 4123 viri
2323 4070 2595 4141 iidemque
2636 4072 2749 4126 veri
2791 4082 3036 4128 amantes
3072 4082 3316 4136 narrant.
3362 4090 3457 4130 vos

1881 4174 2044 4230 supra
2069 4161 2287 4217 modum
2311 4162 2587 4231 improbos
2617 4178 2758 4229 esse,
2792 4174 3084 4235 vestraque
3113 4164 3312 4236 ﬂagitia
3351 4168 3468 4221 sin-

196 4248 352 4315 εἶδος
385 4247 836 4318 πλημμελήματα
860 4245 1015 4316 ὑμῶν
1057 4244 1533 4315 ὲκκωμῳδοῦντες,
1584 4246 1785 4317 πολλὴν

1887 4250 2108 4319 gulatim
2151 4251 2608 4320 reprehendentes
2660 4253 2886 4307 multum
2946 4255 3179 4310 afferunt
3232 4256 3469 4313 tristitiae

196 4342 536 4412 καταχέουσι
567 4340 680 4401 τοῖς
709 4338 783 4407 μὴ
809 4335 1137 4407 ἀναλγήτοις
1177 4335 1273 4405 τὴν
1308 4334 1520 4404 ὀδύνην.
1570 4336 1710 4406 Ἐγὼ
1728 4338 1786 4390 δὲ

1887 4355 2106 4396 sensum
2135 4341 2368 4410 aliquem
2398 4343 2743 4398 habentibus.
2775 4342 3035 4414 Equidem
3072 4346 3208 4402 duas
3236 4347 3306 4402 ob
3336 4364 3469 4403 cau-

197 4435 347 4490 nam
376 4433 438 4486 οὐ
468 4432 663 4502 φράσω
690 4428 836 4481 δυοῖν
864 4428 1071 4481 ἕνεκεν.
1098 4426 1237 4479 Οὔτε
1259 4426 1369 4498 γὰρ
1394 4427 1655 4498 βούλομαι
1687 4446 1783 4499 μο-

1887 4446 1976 4486 sas
2000 4431 2089 4486 illa
2122 4448 2228 4488 non
2260 4430 2515 4487 referam.
2546 4431 2730 4503 Neque
2752 4436 2893 4488 enim
2919 4435 3160 4505 linguam
3180 4439 3469 4492 narrandis

195 4528 362 4582 λῦναι
394 4524 496 4595 τὴν
531 4521 800 4592 γλῶτταν,
851 4519 975 4573 οὔτε
1011 4519 1060 4572 εί
1118 4518 1432 4589 βουλοίμην,
1478 4520 1780 4590 δυναίμην-

194 4619 377 4679 οὕτως
424 4615 641 4668 ἅπαντα
687 4612 844 4679 λόγον
890 4609 1232 4680 ὑπερϐαίνει.
1278 4610 1461 4681 ’Υμῶν
1508 4607 1602 4664 οὖν
1663 4615 1781 4664 ἐστι

197 4712 453 4773 σκοπεῖν,
476 4709 626 4769 ὅπως
654 4704 940 4775 παύσησθε
970 4702 1081 4755 τῶν
1104 4702 1364 4758 τοιούτων
1394 4705 1686 4775 δραμάτων
1702 4744 1717 4767 ,
1742 4704 1779 4757 ἃ.

196 4804 299 4857 καὶ
323 4802 451 4865 τοὺς
474 4799 732 4864 λέγοντας
766 4796 1025 4868 ἐρυθριᾷν
1048 4794 1479 4867 παρασκευάζει.

722 4979 885 5033 TOA'.
916 5007 985 5019 —
1016 4978 1268 5050 ΠΑΥΛῼ.

1890 4523 1957 4577 iis
1984 4524 2360 4578 contaminare
2387 4524 2528 4587 volo,
2556 4538 2749 4593 neque,
2784 4525 2829 4579 si
2868 4525 3047 4592 velim,
3084 4528 3308 4597 possim,
3336 4529 3471 4584 adeo

1888 4610 2103 4668 omnem
2135 4621 2393 4683 superant
2448 4613 2658 4668 dicendi
2715 4614 2842 4668 vim.
2882 4612 3062 4680 Quare
3092 4624 3333 4671 vestrum
3384 4628 3470 4673 est

1889 4707 2321 4761 animadvertere
2365 4713 2423 4758 ut
2466 4713 2520 4759 et
2566 4706 2757 4760 horum
2794 4707 3115 4762 delictorum
3161 4709 3321 4764 tinem
3351 4725 3467 4765 mo-

1892 4799 2126 4868 dumque
2156 4799 2427 4862 statuatis,
2459 4805 2516 4851 ut
2540 4796 2608 4851 ab
2628 4797 2890 4865 ejusmodi
2921 4800 3176 4868 operibus
3201 4793 3468 4858 abstinea-

1892 4889 1962 4942 tis
1998 4902 2118 4956 qua:
2152 4888 2500 4940 narrantibus
2530 4887 2786 4955 pudorem
2829 4890 3116 4946 incutiunt.

2309 4977 2676 5035 CCCLXXIV.
2706 5010 2775 5019 —
2799 4979 3046 5037 PAULO.

1554 5073 1730 5127 Virtus
1760 5074 2143 5143 amplectenda.

273 5186 389 5249 Τάς
420 5186 621 5256 ἀρετὰς
644 5187 801 5257 τίμα,
868 5188 942 5258 μὴ
980 5186 1078 5251 τὰς
1136 5185 1437 5256 εὐημερίας
1489 5184 1782 5256 θεράπευε.

197 5282 268 5332 Δί
296 5280 395 5349 μὲν
423 5279 529 5350 γὰρ
558 5279 827 5332 ἀθάνατόν
867 5282 976 5332 εἰσι
1000 5281 1211 5351 χρῆμα,
1240 5279 1296 5330 αἱ
1325 5276 1379 5330 δὲ
1401 5275 1599 5348 ῥαδίως
1630 5276 1784 5329 σϐέν-

200 5388 415 5425 νυνται.

284 5485 334 5516 ’⁸
363 5482 521 5537 Rom.
553 5498 672 5546 vm,
724 5481 811 5534 l8.

1966 5185 2231 5242 Virtutem
2285 5186 2425 5254 cole,
2477 5202 2576 5242 nec
2626 5187 2855 5242 iortuna:
2904 5189 3062 5246 bonis
3115 5192 3343 5247 servias.
3374 5193 3466 5246 llla

1892 5276 2035 5330 enim
2064 5276 2191 5345 quid
2242 5275 2548 5332 immortale
2582 5286 2665 5331 est
2692 5294 2706 5341 ;
2742 5277 2857 5333 haec
2886 5294 3012 5332 vero
3043 5276 3181 5333 ﬂuxa
3209 5288 3359 5348 sunt,
3392 5279 3470 5334 ci-

1896 5380 2061 5435 toque
2094 5377 2337 5437 pereunt.

1317 5564 1550 5622 VARIIE
1597 5564 1983 5620 LECTIONES
2032 5565 2121 5619 ET
2164 5565 2399 5622 ΝΟΤΆΕ.

278 5716 395 5787 (19)
428 5715 572 5772 Inter
602 5715 696 5769 καὶ
723 5722 778 5767 et
799 5709 893 5764 τοῦ
925 5711 1083 5765 ambo
1113 5709 1267 5765 codd.
1341 5710 1585 5763 inserunt
1630 5705 1733 5774 πρὸ
1783 5722 1801 5761 ε

1897 5707 2054 5776 paulo
2110 5720 2230 5779 post
2283 5725 2379 5779 pro
2417 5708 2786 5778 ἀναγκάζουσι
2834 5710 3081 5769 scribunt
3132 5711 3465 5781 ἀναγκάσαι.

203 5785 422 5843 POSsm.
