3982 6420
566 471 703 539 1551
1768 459 1830 519 S.
1864 455 2161 517 ‘ISIDORI

1008 568 1350 631 CCCLXXV.
1378 601 1445 610 —
1466 566 1678 624 EIDEM
2173 576 2215 630 Α

2200 448 2637 515 PELUSIOT/E

2666 559 2836 614 'ros'.
2866 589 2935 599 —
2958 558 3047 629 Tn
3076 557 3260 628 ΑΥΤῼ
3294 557 3425 628 (20).

1266 683 1623 752 Interrogatio
1665 681 1719 735 in
1751 681 1917 733 sacris
1947 678 2158 731 Litteris
2188 675 2613 729 vehementiorem
2641 672 2814 726 reddit
2844 672 3160 725 orationem.

646 794 903 868 Quisquis
930 812 1035 851 non
1063 805 1169 849 tam
1202 793 1451 849 enuntiat
1472 807 1635 860 quam
1658 791 1973 858 interrogat,
1991 796 2153 855 atque

576 890 980 947 exaudientium
1010 886 1217 957 judicio
1251 884 1356 939 l‘ert
1390 882 1735 946 sententiam,
1779 880 2064 957 clariorem
2100 885 2155 930 et

577 979 931 1035 ellicaciorem
987 973 1371 1045 interrogando
1421 968 1941 1026 demonstrationem
2003 964 2152 1019 facit.

578 1070 711 1124 Nam
742 1067 1047 1136 iudicantes
1077 1063 1402 1131 arrogantia:
1432 1060 1623 1131 vulgus
1651 1066 1890 1113 accusat.
1926 1056 2158 1110 Interro-

578 1169 768 1229 gautes
802 1172 931 1213 vero
967 1166 1022 1210 et
1058 1156 1362 1210 temeritate
1408 1152 1642 1221 majores
1702 1164 1826 1205 esse
1878 1157 2052 1220 putat,
2103 1157 2161 1203 et

578 1250 813 1305 libenter
842 1249 1061 1319 probat,
1091 1246 1244 1316 quasi
1278 1245 1423 1299 dicta
1454 1242 1777 1315 percipiant,
1810 1250 1866 1295 et
1896 1248 2159 1311 perpetuo

576 1342 838 1413 judicent.
867 1339 1032 1410 672
1076 1336 1212 1392 Nam
1244 1333 1499 1405 suffragio
1528 1334 1693 1389 semel
1740 1333 1850 1387 lato
1899 1345 2157 1386 revocare

579 1432 1036 1487 verecundantur.
1076 1430 1167 1484 Sic
1198 1428 1449 1484 Christus
1494 1424 1782 1481 inell'abilis
1831 1424 1923 1478 Dei
1983 1422 2161 1478 Patris

582 1522 847 1593 sapientia
879 1534 1020 1589 saepe
1045 1518 1302 1573 adhibere
1330 1516 1525 1571 solitus
1549 1524 1634 1571 est
1653 1514 2158 1585 interrogationem,

582 1612 821 1669 maxime
849 1612 903 1666 in
934 1610 1183 1665 vinitoris
1216 1607 1501 1679 parabola;
1528 1607 1608 1661 sic
1636 1621 1885 1676 quaerens
1918 1624 1932 1661 :
1971 1622 1990 1657 ι
2026 1604 2161 1660 Cum

582 1718 711 1773 ergo
744 1702 954 1757 venerit
1002 1700 1253 1757 dominus
1304 1699 1497 1763 vineae,
1530 1698 1657 1767 quid
1715 1697 1875 1753 faciet
1913 1695 2163 1767 agricolis

583 1794 735 1848 illis?
768 1812 787 1844 ι
818 1792 927 1848 illis
957 1800 1137 1846 autem
1163 1790 1467 1845 dicentibus
1494 1806 1507 1843 :
1542 1807 1560 1840 ι
1595 1786 1766 1843 Malos
1792 1788 1932 1843 male
1952 1789 2160 1857 perdet,

583 1897 638 1941 et
665 1888 875 1941 vineam
932 1898 1085 1939 suam
1134 1881 1332 1936 locabit
1367 1879 1492 1934 aliis
1543 1879 1795 1949 agricolis
1824 1879 1895 1943 ⁸⁷,
1951 1897 1970 1929 ›
2021 1878 2161 1934 idem

583 1992 847 2045 responso
875 1975 1087 2031 illorum
1141 1972 1521 2027 auctoritatem
1569 1971 1792 2026 addidit.
1823 1971 1958 2025 Cum
2014 1971 2161 2025 enim

584 2070 866 2124 enuntiare
909 2068 1022 2137 ipse
1057 2066 1181 2135 jure
1228 2070 1430 2133 posset,
1469 2063 1649 2132 coegit
1702 2077 1797 2116 eos
1840 2062 2163 2116 sententiam

589 2162 759 2227 ferre,
787 2163 968 2229 itaque
998 2158 1270 2228 superavit
1300 2167 1353 2211 et
1392 2156 1717 2211 sententiam
1771 2156 2051 2211 stabilivit.
2084 2155 2167 2209 Ad

585 2254 832 2308 eumdem
871 2251 1088 2305 modum
1135 2256 1192 2302 et
1242 2247 1431 2302 beatus
1465 2246 1664 2302 Paulus
1694 2246 1971 2315 sapientiae
2026 2246 2170 2301 illius

586 2347 820 2410 auditor,
864 2342 1010 2397 fecit.
1043 2341 1177 2395 Cum
1225 2338 1368 2393 enim
1421 2348 1604 2407 posset
1649 2337 1912 2392 amrmate
1939 2337 2165 2392 dicere:

593 2454 613 2489 ι
652 2436 765 2490 Non
797 2436 950 2488 decet
989 2430 1269 2485 mulierem
1300 2428 1443 2482 nudo
1472 2427 1649 2498 capite
1670 2428 1839 2481 Deum
1870 2428 2103 2495 precari,
2144 2444 2164 2479 ι

588 2544 686 2599 per
708 2523 1184 2593 interrogationem
1217 2522 1496 2576 ardentius
1539 2518 1775 2573 extorsit
1820 2532 2166 2586 responsum,

590 2635 711 2674 cum
743 2618 821 2672 sic
845 2616 923 2670 ait
949 2632 965 2668 :
1005 2632 1024 2666 ι
1058 2612 1169 2668 Vos
1193 2613 1293 2683 ipsi
1318 2612 1529 2681 iudices
1570 2619 1766 2675 estote,
1798 2612 2020 2667 decetne
2051 2627 2173 2667 mu-

590 2710 777 2765 lierem
803 2722 908 2762 non
932 2706 1162 2760 velatam
1191 2720 1353 2760 orare
1384 2704 1551 2759 Deum
1574 2702 1661 2755 "‘t
1689 2722 1709 2756 ι
1750 2702 1832 2759 Tu
1862 2717 1994 2773 ergo
2020 2703 2174 2759 simi-

590 2800 736 2865 liter,
763 2799 807 2855 si
839 2798 968 2867 quid
1002 2795 1232 2851 delinire
1261 2796 1474 2865 cupias,
1506 2794 1642 2850 nihil
1687 2796 1994 2865 pertendas,
2019 2810 2172 2851 asse-

589 2906 768 2957 veres,
788 2899 881 2943 aut
913 2902 1106 2956 urgeas
1139 2885 1357 2941 fortius.
1388 2884 1540 2940 Multi
1571 2886 1716 2940 enim
1752 2886 1859 2941 hoc
1884 2887 2044 2941 modo
2070 2887 2174 2942 etsi

591 2982 793 3052 alioqui
833 2981 1277 3036 benedicentibus
1323 2980 1714 3050 obloquuntur,
1756 2980 1852 3035 sed
1894 2979 2012 3034 miti
2058 2994 2175 3033 mo-

594 3078 854 3144 destaque
917 3072 1346 3140 interrogatione
1404 3071 1759 3127 elIicaciorem
1833 3072 2176 3127 demonstra-

597 3168 796 3222 tionem
833 3178 1029 3235 parare
1057 3172 1263 3233 satage.
1299 3162 1392 3219 Sic
1414 3163 1557 3218 enim
1587 3163 1740 3218 lucro
1758 3178 2017 3253 appones,
2050 3178 2173 3218 cum

596 3256 819 3322 viceris,
844 3254 1168 3324 laudemque
1204 3253 1349 3311 feres
1384 3254 1532 3311 mitis
1566 3268 1633 3310 ac
1660 3253 1922 3310 moderati
1952 3253 2174 3324 ingenii.

862 3525 1229 3586 CCCLXXVI.
1246 3555 1319 3567 —
1343 3524 1557 3581 MENIE
1589 3524 1907 3581 DIACONO.

602 3621 1000 3693 Qumtionibus
1050 3621 1336 3691 propositis
1388 3621 1544 3686 plane
1576 3610 1925 3688 et'perspicue

671 3798 752 3855 Ne
778 3813 911 3854 vero
943 3794 1465 3865 tortuosa,obliqua,
1486 3804 1543 3851 et
1576 3803 1761 3850 coacta
1805 3794 2188 3866 interroganti-

603 3891 703 3947 bus
743 3906 1003 3960 responsa
1046 3891 1235 3944 demus
1283 3887 1691 3943 allaborandum
1728 3898 1832 3955 est,
1872 3889 1965 3943 sed
2013 3896 2186 3954 recta,

602 3997 782 4053 neque
810 3982 1067 4036 violenta.
1100 3980 1270 4036 Sacra
1320 3979 1468 4035 enim
1519 3976 1924 4047 Scripturarum
1966 3977 2185 4032 oracula

601 4072 842 4143 peccatis
881 4071 1133 4125 omnibus
1192 4068 1477 4138 perspicua
1537 4067 1773 4123 ail'erunt
1819 4068 2082 4124 remedia.
2119 4067 2186 4122 Et

604 4163 801 4218 medici
834 4162 977 4217 aliud
1009 4177 1104 4232 pro
1137 4162 1243 4217 alio
1266 4162 1618 4231 pharmacum
1650 4162 1869 4233 aegrotis
1888 4160 2181 4218 offerentes

603 4264 811 4309 tantum
840 4252 994 4308 abest
1022 4252 1319 4308 valetudini
1372 4260 1434 4307 ut
1481 4252 1712 4321 prosint,
1754 4260 1811 4307 ut
1840 4252 2002 4306 etiam
2035 4251 2185 4306 labe-

604 4346 830 4400 factent.
878 4342 955 4398 Ita
1016 4343 1109 4413 qui
1150 4342 1369 4413 pr0pria
1429 4342 1623 4399 afferre
1674 4343 1911 4398 remedia
1970 4343 2184 4398 crimini

607 4438 779 4493 cuivis
811 4435 1078 4503 nesciunt,
1105 4450 1227 4490 cum
1274 4436 1500 4491 medica;
1560 4435 1669 4489 sint
1712 4436 1846 4488 artis
1885 4434 2081 4505 ignari,
2133 4444 2189 4490 et

608 4526 921 4583 alTeCtiones
947 4536 1233 4596 augentur.
1264 4526 1364 4592 Qui
1396 4528 1539 4583 enim
1569 4527 1805 4582 oraculis
1829 4527 2190 4597 sapientiores

607 4633 729 4674 esse
745 4617 949 4682 volunt,
971 4633 1197 4687 quzeque
1217 4619 1319 4673 sibi
1339 4618 1573 4687 placent,
1597 4618 1811 4683 docent,
1828 4634 1931 4671 non
1956 4634 2013 4674 se
2031 4619 2190 4673 modo

611 4707 712 4776 ipsi
739 4708 832 4762 sed
861 4717 915 4762 et
935 4708 1072 4763 alios
1088 4708 1181 4776 qui
1209 4707 1276 4763 ad
1304 4723 1364 4764 se
1390 4708 1556 4764 veluti
1582 4710 1634 4764 in
1666 4720 1877 4778 portum
1901 4723 2021 4764 sese
2056 4709 2192 4764 reci-

612 4796 788 4864 piunt,
821 4797 964 4849 inani
991 4812 1086 4867 spe
1111 4795 1328 4863 fallunt,
1356 4798 1409 4853 in
1450 4809 1664 4853 vastum
1700 4801 2061 4869 qumstionum
2092 4815 2189 4870 pe-

613 4886 768 4957 lagus
785 4902 879 4942 eos
903 4888 1276 4959 cunjicientes.

677 5133 722 5166 ⁸⁷
751 5132 944 5191 Matth.
995 5149 1109 5199 xxx,
1137 5133 1227 5198 40,
1260 5134 1351 5189 41.
1420 5134 1463 5166 ⁸⁸
1497 5136 1510 5188 l
1542 5134 1668 5189 Cur.
1711 5152 1791 5203 XI,
1824 5138 1912 5194 l5.

2335 785 2396 838 '0
2430 784 2505 855 μὴ
2524 783 2987 852 ἀποφαινόμενος,
3011 780 3129 833 ἀλλ’
3162 781 3404 851 ἐρωτῶν,
3439 784 3530 835 καὶ
3548 785 3608 855 τῇ
3633 785 3782 855 κρίσει

2253 878 2363 932 τῶν
2388 876 2675 948 ἀκροατῶν
2692 875 2793 945 τὴν
2812 873 2995 944 ψῆφον
3017 873 3350 945 ἐπιτρέπων,
3377 874 3781 946 ἐμφατικωτέραν

2257 973 2351 1025 καὶ
2380 968 2826 1041 δραστικωτέραν
2858 970 2924 1037 τῇ
2958 968 3229 1039 ἐρωτήσει
3266 967 3380 1035 (‘21)
3416 967 3513 1037 τὴν
3554 966 3782 1032 ὰπόδεὲιν

2257 1064 2515 1116 ποιεῖται.
2544 1061 2684 1123 Τοὺς
2717 1058 2817 1129 μὲν
2850 1059 2959 1129 γὰρ
3005 1058 3501 1126 ἀποφαινομένους,
3542 1058 3783 1121 αὐθαδείας

2256 1152 2304 1205 οἱ
2335 1149 2521 1203 πολλοὶ
2564 1149 2888 1220 γράφονται.
2927 1148 3067 1211 Τοὺς
3096 1147 3154 1200 δὲ
3202 1147 3543 1218 ἐρωτῶντας,
3572 1149 3656 1201 καὶ
3682 1166 3785 1217 πρ)-

2259 1238 2481 1302 πετείας
2531 1238 2850 1309 κρείττονας
2902 1231 3042 1289 εἶναι
3091 1235 3379 1307 ἡγοῦνται,
3434 1237 3529 1289 καὶ
3581 1238 3786 1307 ἀσμένως

2261 1328 2626 1398 στεφανοῦσι,
2678 1326 2757 1398 τῷ
2803 1327 2872 1381 τά
2934 1327 3202 1398 λεγόμενα
3274 1326 3652 1396 καταδέχεσθαι
3717 1331 3787 1381 καὶ

2260 1421 2537 1493 ἐγκρίνειν
2553 1418 2860 1484 ἀεί.”Απαξ
2881 1419 2989 1490 γάρ
3017 1418 3414 1489 ψηφισάμενοι,
3446 1420 3717 1490 ἀνατρέψαι
3738 1423 3787 1475 τὰ

2260 1514 2566 1587 κεκριμένα
2595 1513 2966 1584 αἰσχύνονται.
2997 1511 3221 1565 Τοιοῦτό
3249 1529 3303 1564 τι
3335 1511 3434 1566 καὶ
3464 1514 3492 1564 ὁ
3516 1512 3737 1581 Χριστὸς,
3762 1514 3788 1581 ἡ

2261 1607 2499 1678 ἀρρητος
2544 1606 2732 1676 σοφία,
2761 1602 3031 1675 πολλαχοῦ
3067 1604 3170 1672 μὲν
3198 1604 3491 1673 πεποίηκε,
3524 1602 3729 1673 μάλιστα
3748 1604 3789 1655 δὲ

2262 1705 2354 1757 ἐπὶ
2381 1702 2491 1756 τῶν
2522 1700 2947 1773 ἀμπελουργῶν.
2976 1701 3291 1771 Ἐρωτήσας
3310 1700 3441 1769 γάρ·
3474 1718 3493 1751 ι
3528 1700 3585 1751 Τί
3618 1701 3790 1769 ποιήσει

2262 1795 2377 1856 τοῖς
2404 1794 2676 1863 γεωργοῖς
2713 1792 2980 1855 ἐκείνοις;
3018 1809 3037 1842 ι
3082 1784 3204 1843 εἶτα
3258 1791 3485 1843 ἐκείνων
3522 1792 3789 1859 φησάντων·

2269 1904 2290 1938 ι
2340 1885 2560 1949 Κακοὺς
2592 1883 2781 1946 κακῶς
2807 1883 3066 1936 ἀπολέσει
3113 1882 3339 1945 αὐτοὺς,
3378 1884 3479 1936 καὶ
3518 1882 3601 1935 τὸν
3648 1882 3793 1952 ἀμπε-

2264 1976 2413 2030 λῶνα
2457 1974 2756 2029 ἐκδώσεται
2810 1973 3021 2044 ἑτέροις
3083 1976 3357 2043 γεωργοῖς
3383 1988 3397 2001 ο
3456 1990 3474 2023 ›
3531 1972 3673 2035 αὐτὸς
3719 1971 3794 2040 τὴν

2269 2068 2544 2137 ἀπόφασιν
2590 2066 2820 2119 ἐκείνων
2853 2064 3121 2135 ἐκύρωσε.
3159 2065 3475 2133 Δυνάμενος
3500 2063 3601 2133 γὰρ
3623 2063 3796 2131 dmi).

2270 2160 2488 2224 νασθαι,
2516 2158 2835 2229 ἠνάγκασεν
2859 2157 3106 2220 ἐκείνους
3146 2156 3235 2209 διὰ
3266 2159 3369 2226 τῆς
3403 2157 3698 2227 ἐρωτήσεως
3720 2155 3796 2223 τὴν

2267 2252 2447 2323 ψῆφον
2469 2251 2795 2320 ἐξενεγκεῖν,
2826 2250 2921 2303 καὶ
2935 2249 3109 2312 οὕτως
3132 2249 3301 2313 αὐτὸς
3322 2248 3655 2302 ἐϐεϐαίωσεν.
3676 2247 3797 2299 Οὕτω

2269 2344 2367 2399 καὶ
2401 2346 2430 2397 ὁ
2460 2342 2673 2406 Παῦλος
2711 2345 2740 2397 ὁ
2778 2343 2879 2414 τῆς
2933 2342 3126 2410 σοφίας
3168 2341 3439 2412 φοιτητὴς
3472 2340 3703 2411 ἐποίησν
3726 2338 3796 2391 δυ-

2270 2439 2504 2509 νάμενος
2531 2437 2641 2509 γὰρ
2667 2438 2846 2491 εἰπεῖν
2868 2453 2882 2469 ο
2919 2456 2938 2488 ι
2972 2435 3112 2489 Οὔτε
3141 2436 3349 2509 πρέπει
3375 2438 3600 2505 γυναῖκα
3629 2436 3795 2489 ἀκατα-

2270 2532 2549 2586 κάλυπτον
2581 2530 2661 2601 τῷ
2693 2530 2817 2601 Θεῷ
2854 2529 3282 2602 προσεύχεσθαι.
3326 2548 3346 2581 ι
3386 2528 3485 2581 Διὰ
3514 2528 3607 2597 τῆς
3630 2528 3794 2597 ἐρωτή-

2274 2640 2413 2685 σεως
2436 2622 2884 2694 ζητητικωτέραν
2909 2621 3044 2694 (22),
3076 2605 3176 2691 τὴν
3208 2620 3487 2686 ἀπόδειξιν
3519 2620 3800 2674 κατεσκεύα-

2275 2730 2368 2767 σεν
2418 2713 2612 2779 εἰπὼν,
2659 2732 2679 2765 ι
2714 2715 2803 2767 Ἐν
2845 2714 2974 2783 ὑμῖν
3003 2712 3187 2777 αὐτοῖς
3227 2712 3480 2784 κρίνατε,
3508 2712 3695 2782 πρέπον
3712 2712 3799 2763 ἐστὶ

2273 2803 2512 2871 γυναῖκα
2552 2800 3014 2855 ἀκατακάλυπτον
3058 2800 3139 2870 τῷ
3188 2800 3313 2870 Θεῷ
3372 2798 3796 2871 προσεύχεσθαιςι

2274 2893 2385 2947 Καὶ
2418 2892 2584 2956 αὐτὸς
2614 2892 2795 2947 τοίνυν
2827 2894 2903 2963 μὴ
2947 2891 3237 2952 διατείνου,
3266 2891 3366 2945 καὶ
3400 2887 3705 2949 διαϐεϐαιοῖ),
3730 2887 3800 2939 καὶ

2274 2982 2687 3053 διαπληκτίζου,
2716 2983 2769 3035 εῐ
2794 2982 2926 3035 ποτέ
2949 2999 3003 3033 τι
3039 2981 3327 3047 ἀποδεῖξαι
3360 2979 3677 3051 βουληθείης.
3700 2976 3803 3029 Πολ·

2275 3072 2359 3126 λοὶ
2384 3072 2494 3144 γὰρ
2521 3074 2635 3135 τοῖς
2664 3070 2808 3125 οὕτω
2846 3071 3212 3140 διακειμένοις
3232 3110 3247 3133 ,
3281 3070 3383 3123 καὶ
3423 3070 3469 3122 εί
3496 3067 3659 3130 καλῶς
3694 3066 3801 3136 φρά-

2277 3163 2443 3229 ζοιεν,
2477 3162 2853 3231 ἀντιλέγουσιν
2872 3178 2888 3194 ο
2919 3161 3057 3214 ἀλλὰ
3087 3160 3418 3231 προσηνείᾳ,
3450 3162 3542 3213 καὶ
3565 3159 3800 3227 πραότητι,

2277 3257 2375 3312 καὶ
2427 3258 2698 3329 ἐρωτήσει
2751 3255 3207 3327 ἐμφατικωτέραν
3248 3255 3354 3326 τὴν
3403 3252 3657 3317 ἀπόδειξιν
3678 3268 3802 3303 κατα-

2202 3365 2245 3425 c
2280 3346 2538 3411 σκεύαζε.
2593 3347 2751 3402 Οὕτω
2806 3348 2916 3419 γὰρ
2975 3346 3259 3416 κερδανεῖς
3307 3345 3449 3417 μετά
3498 3343 3589 3397 τοῦ
3632 3342 3801 3409 νικῆσαι

2280 3440 2378 3495 καὶ
2408 3439 2509 3512 τὴν
2538 3439 2633 3494 τοῦ
2664 3441 2840 3511 πρᾶος
2876 3436 3015 3494 εἶναι
3046 3438 3226 3504 δόξαν.

2634 3530 2820 3597 TOG".
2854 3558 2925 3570 —
2952 3529 3159 3600 ΜΗΝᾼ
3186 3526 3514 3598 ΔΙᾹΚΟΝῼ.

1970 3634 2174 3700 respom

2021 3698 2174 3757 epist.

2270 3620 2389 3763 331;»
2428 3621 2588 3691 iuxta
2629 3621 2724 3677 Dei
2774 3624 2988 3676 tertuim
3032 3623 3364 3676 medicorum
3406 3618 3642 3687 exemplo.
3666 3613 3800 3685 (Cori.

2354 3798 2447 3870 Μὴ
2479 3798 2640 3867 λοξάς
2673 3799 2768 3854 καὶ
2802 3800 3041 3869 πλαγίας
3073 3800 3172 3853 καὶ
3193 3798 3561 3870 βεϐιασμένας
3580 3799 3677 3858 τοξ
3696 3795 3801 3863 lpu-

2282 3890 2419 3943 τῶσι
2443 3891 2540 3955 τὰς
2567 3892 2889 3963 ἀποκρίσεις
2916 3891 3220 3962 ποιώμεθα,
3253 3891 3374 3945 ἀλλ’
3402 3891 3561 3962 ὀρθάς
3581 3887 3665 3943 καὶ
3685 3883 3802 3941 ἀδιά-

2285 3998 2477 4045 στους·
2511 3984 2560 4037 οί
2598 3984 2696 4054 μὲν
2727 3983 2838 4055 γάρ
2874 3984 3009 4057 ίεροὶ
3039 3984 3283 4055 χρησμοὶ
3320 3984 3454 4037 πᾶσι
3479 3983 3582 4044 τοῖς
3608 3976 3802 4048 ἁμαρτή-

2286 4071 2510 4140 μασιτά
2546 4072 2753 4142 ἰάματα
2784 4073 2929 4142 σαφῆ
2952 4074 3351 4143 προσάγουσιν.
3383 4066 3651 4139 Ὠσπερδὲ
3674 4060 3805 4131 ἰατροὶ

2290 4165 2478 4235 ἕτερον
2529 4165 2648 4218 ἀνθ’
2724 4166 2913 4236 ἐτέρου
2974 4165 3269 4235 φάρμακον
3334 4164 3680 4235 προσάγοντες
3723 4155 3805 4212 τοῖς

2291 4254 2610 4323 κάμνουσιν,
2637 4255 2737 4309 ούκ
2767 4254 2833 4309 ἂν
2866 4254 3231 4323 ὠφελήσαιεν,
3267 4252 3405 4307 ἀλλά
3442 4251 3533 4303 καὶ
3567 4241 3806 4317 λυμανοῦν-

2291 4362 2405 4401 ται.
2439 4346 2596 4400 Οὖτω
2642 4348 2738 4401 καὶ
2765 4348 2815 4399 oi
2857 4346 2933 4417 μὴ
2965 4345 3066 4409 τὰς
3097 4344 3295 4415 κυρίας
3338 4340 3619 4413 θεραπείας
3642 4337 3806 4400 ἑκάστῳ

2293 4438 2597 4507 πταίσματι
2659 4436 2991 4509 προσφέρειν
3033 4435 3255 4499 εἰδότες,
3308 4435 3405 4487 καὶ
3440 4428 3667 4500 ἰατρικῆς
3704 4424 3805 4476 εἰσιν

2291 4528 2509 4600 ἄπειροι
2540 4530 2757 4600 τέχνης,
2783 4530 2877 4582 καὶ
2902 4527 2972 4582 τὰ
3001 4526 3149 4597 πάθη
3172 4524 3531 4596 ἐπιτρίϐουσι.
3562 4517 3804 4587 Σοφὼτεροι

2291 4622 2402 4693 γὰρ
2430 4619 2570 4675 εἶναι
2610 4622 2924 4692 βουλόμενοι
2971 4619 3081 4673 τῶν
3129 4618 3349 4686 λογίων,
3392 4615 3485 4669 καὶ
3510 4612 3573 4665 τὰ
3601 4605 3803 4663 δοκοῦντα

2293 4714 2511 4777 ἐαυτοῖς
2536 4712 2977 4783 δογματίζοντες,
3013 4711 3077 4765 οὐ
3110 4710 3273 4781 μόνον
3326 4706 3571 4768 ἑαυτοὺς,
3602 4700 3715 4757 om
3738 4698 3804 4749 καὶ

2293 4804 2419 4865 τοὺς
2450 4804 2587 4871 πρὸς
2616 4802 2819 4865 αὐτοὺς
2848 4801 3039 4869 ὥσπερ
3064 4801 3144 4863 είς
3170 4797 3396 4868 λιμένας
3432 4792 3803 4861 καταφεύγοντας

2220 4876 2267 4932 Ῑ)
2298 4892 2591 4962 σφάλλουσι
2624 4893 2724 4963 τῆς
2757 4892 2994 4957 ἐλπίδος,
3020 4893 3102 4955 είς
3128 4891 3366 4957 πέλαγος
3396 4888 3587 4948 αὐτοὺς
3615 4875 3803 4950 ζητημά-

2296 5004 2403 5041 των
2435 4985 2890 5053 ἐξακοντίζοντες.

1719 5254 1957 5310 VARl/E
1998 5252 2387 5309 LECTIONES
2428 5253 2514 5306 ET
2554 5251 2786 5309 NOTAE.

695 5368 809 5440 (ΞΟ)
840 5367 1011 5442 ded.
1053 5366 1172 5424 Vat.
1206 5369 1309 5424 650
1340 5380 1393 5424 et
1421 5370 1530 5425 Alt.
1584 5386 1680 5441 pro
1706 5371 1785 5442 τῷ
1818 5371 1965 5441 αὑτῷ
2010 5372 2206 5425 habent
2314 5370 2378 5442 in
2406 5368 2578 5442 Variis
2611 5324 3105 5442 lectionibusPetr.
3139 5367 3427 5442 __Vi_ctorius
3478 5339 3574 5442 lib.
3598 5376 3690 5442 tu.
3715 5372 3799 5425 cap.

622 5437 837 5509 Πέτρῳ.
872 5437 1081 5492 Possm.

694 5509 1106 5581 (2|)Modestia:
1137 5510 1189 5562 id
1236 5519 1612 5579 argumentum
1656 5511 1791 5566 alios
1841 5512 2196 5581 interrogare,

624 5587 687 5634 ut
707 5579 1045 5649 sententiam
1079 5580 1175 5649 ipsi
1217 5582 1302 5633 vel
1334 5590 1520 5633 contra
1560 5596 1619 5634 se
1649 5582 1846 5636 ferant.
1879 5580 2200 5634 Aristoteles

627 5664 843 5730 quoque
889 5662 942 5730 et
972 5648 1320 5730 iureconsulti
1360 5666 1463 5730 non
1511 5652 1666 5719 plane
1706 5667 1919 5719 semper
1946 5667 2199 5730 [pronun-

626 5719 783 5784 tiant,
815 5719 905 5772 sed
939 5719 1103 5771 videri
1136 5722 1325 5773 bonum
1365 5722 1419 5773 id
1446 5731 1495 5773 et
1528 5737 1732 5787 mquum
1780 5738 1910 5775 esse.
1940 5720 2198 5774 Oratores

627 5790 788 5842 etiam
813 5804 877 5842 ac
905 5797 1075 5853 poetae
1102 5790 1181 5843 usi
1212 5791 1311 5843 hac
1337 5804 1457 5844 sunt
1484 5791 1709 5843 formula
1749 5808 1761 5842 :
1799 5792 1863 5844 Et
1894 5790 2195 5843 dubitamus

629 5859 819 5912 adhuc.
850 5859 930 5913 An
955 5858 1170 5912 dubium
1211 5861 1451 5929 cuiquam
1482 5878 1592 5915 esse
1638 5872 1824 5929 potest,
1859 5871 1916 5917 ut
1945 5863 2196 5915 observat

2314 5439 2402 5495 15.
2436 5440 2501 5492 Et
2525 5440 2752 5493 Athenis
2783 5439 2942 5492 Attici
2981 5440 3029 5491 in
3056 5438 3261 5505 judicio
3289 5453 3434 5492 reum
3466 5436 3640 5502 capitis
3680 5431 3799 5505 inter-

2307 5511 2705 5579 regabantquo
2733 5509 2994 5579 supplicio
3025 5498 3083 5562 se
3115 5498 3669 5579 dignumexistit'naret
3690 5510 3734 5551 ut
3755 5498 3799 5547 de

2306 5576 2529 5632 Socrate
2557 5577 2629 5632 M.
2660 5578 2849 5631 Cicero
2884 5578 3099 5632 Tuscul.
3133 5576 3266 5631 Liex
3297 5576 3513 5631 Platone
3535 5580 3796 5628 commemo-

2304 5659 2385 5701 rat
2417 5658 2478 5699 ac
2500 5648 2710 5715 Lysias.
2757 5647 2998 5701 Scuor'r.

2374 5719 2484 5788 (22)
2528 5707 2634 5788 Pro
2681 5717 3129 5788 ζητητικωτέραν
3178 5719 3299 5773 cod.
3345 5718 3465 5772 Vat.
3514 5714 3610 5769 650
3646 5720 3688 5765 et
3719 5707 3791 5758 Αίι·

2300 5786 2543 5843 scribunt
2569 5786 2971 5857 ζ’ωτικωτέραν.
3016 5786 3224 5843 Possm.
