3982 6420
233 317 379 387 1553

751 432 916 486 ΤΟΖ’.
950 464 1019 472 —
1053 434 1304 503 name.

1078 319 1611 380 EPISTOLARUM
1655 320 1802 380 LIB.
1838 318 1905 380 V.
1933 344 2001 356 —
2040 319 2275 380 EPIST.
2314 319 2676 382 CCCLXXX.

1852 443 1901 499 A

3362 315 3509 385 1554'

2330 430 2723 489 CCCLXXVII.
2741 460 2813 472 ——
2831 429 2916 485 PA
2928 427 3082 488 ULO‘.

873 566 892 599 ι
930 548 1036 612 Qui
1066 552 1232 614 potuit
1263 549 1561 617 transgredi
1590 559 1638 602 et
1666 559 1867 602 nonest
1898 556 2276 616 transgressus.
2309 565 2327 598 ι
2360 545 2554 619 (Eccli.
2584 560 2736 609 nm,
2768 541 2899 611 10.);

309 636 426 706 Οὐχ
458 637 488 690 ό
514 636 695 706 πάσης
736 637 990 707 ἀφορμῆς
1042 637 1178 707 πρὸς
1225 637 1441 691 ἀδικίαν
1480 636 1686 707 ἕρημος
1713 636 1812 703 ὣν,

232 724 451 790 δίκαιος
484 726 783 797 κεκλῆσθαι
813 726 1044 791 δίκαιος,
1075 728 1190 781 ἀλλ’
1236 729 1384 790 ὅστις
1419 728 1519 799 τὴν
1571 728 1818 793 ἐξουσίαν

229 816 335 869 τοῦ
373 817 704 888 πράγματος
742 818 906 889 ἔχων,
938 819 1154 883 ἀδικίας
1197 820 1295 890 οὐχ
1324 820 1554 874 ἅπτεται
1575 836 1591 851 ο
1617 820 1679 874 οὐ
1710 819 1818 891 μὴν

230 908 364 961 οὐδὲ
388 910 417 962 6
446 909 663 981 ἀνάγκῃ
686 910 981 980 σωφρονῶν
1000 910 1248 981 σώφρων
1276 911 1504 975 εἰκότως
1547 911 1815 983 κεκλήσε-

228 1015 350 1062 ται,
387 997 505 1051 ἀλλ’
537 999 686 1064 ὅστις
714 1000 813 1071 τὴν
842 1000 1092 1067 ἐξουσίαν
1116 1000 1227 1054 τῶν
1256 1002 1457 1072 ἡδονῶν
1491 1002 1631 1071 ἔχων
1656 1002 1816 1056 ἐκού-

233 1106 358 1142 σιον
388 1090 747 1161 σωφροσύνην
777 1090 1103 1155 ἀσπάζεται.
1145 1092 1209 1144 Oi
1244 1091 1344 1163 μὲν
1369 1091 1480 1163 γάρ
1514 1091 1593 1162 τῷ
1622 1092 1697 1163 μὴ
1728 1091 1819 1146 δύ-

231 1180 441 1234 νασθαι
474 1181 608 1252 δρᾷν
642 1181 680 1237 ἃ
709 1182 1013 1253 βούλονται,
1038 1184 1341 1236 ἐπιείκειαν
1369 1183 1629 1247 πολλάκις
1651 1183 1818 1238 πλάτ-

229 1289 424 1325 τονται
452 1290 466 1304 ’
498 1274 560 1326 ἐν
589 1272 811 1345 ἐξουσίᾳ
837 1274 895 1327 δὲ
946 1274 1252 1345 γενόμενοι,
1281 1274 1616 1345 ἐλέγχονται.
1656 1276 1721 1327 Oi
1759 1274 1821 1329 δὲ

231 1361 457 1429 ἄριστοι
500 1362 624 1415 τότε
663 1362 901 1432 μάλιστα
955 1362 1308 1435 καρτεροῦσι,
1348 1364 1564 1418 καὶτοῦ
1607 1364 1817 1419 δικαίου

232 1449 480 1521 ἔχονται,
512 1453 602 1506 ὅτε
636 1453 914 1525 ἡέξουσία
950 1453 1050 1524 τὴν
1082 1454 1296 1508 ἀδικίαν
1327 1455 1521 1510 τίκτει.

454 1560 632 1617 ἸὈΗ’.
655 1589 727 1602 -—
754 1561 1097 1616 ΜΔΡΚΙΩΝΙ
1135 1563 1604 1636 ΠΡΕΣΒΥΤΕΡῼ.

1993 635 2108 690 Non
2153 635 2243 703 qui
2273 636 2419 689 omni
2450 643 2605 689 caret
2652 634 2718 686 ad
2767 632 3176 702 improbitatem
3211 632 3511 686 occasione

1916 726 2095 798 justus
2135 729 2293 783 debet
2319 726 2599 798 appellari,
2646 726 2740 780 sed
2782 726 2963 794 potius
3009 726 3127 795 qui,
3160 739 3281 779 cum
3330 726 3505 794 possit

1923 835 2154 890 nequam
2195 834 2337 884 esse,
2363 818 2589 873 minime
2630 818 2764 871 vult.
2805 816 2991 887 Neque
3035 818 3125 886 qui
3175 816 3501 873 necessitate

1921 918 2006 964 est
2041 917 2346 977 temperans
2370 924 2436 964 ac
2474 908 3146 987 moderatusntemperans
3175 907 3367 962 merito
3407 922 3502 960 ve-

1923 1009 2097 1065 cetur,
2128 1000 2224 1055 sed
2268 1000 2362 1069 qui
2402 998 2665 1068 voluptati
2695 999 2976 1070 indulgere
3004 1015 3126 1054 cum
3160 999 3332 1068 possit
3359 1008 3502 1057 tem-

1921 1091 2222 1161 perantiam
2252 1091 2424 1148 libens
2446 1101 2502 1145 et
2533 1092 2722 1147 volens
2762 1092 3166 1160 complectitur.
3205 1090 3307 1157 Qui
3355 1089 3509 1144 enim

1922 1200 2041 1256 qum
2067 1185 2272 1248 volunt,
2312 1195 2527 1253 patrare
2576 1200 2681 1239 non
2736 1192 2985 1253 possunt,
3021 1184 3329 1253 aequitatem
3359 1195 3504 1250 saepe

1920 1286 2136 1332 servant
2162 1295 2175 1331 :
2209 1285 2263 1330 at
2287 1292 2406 1332 cum
2432 1268 2667 1346 suppetit
2713 1277 2906 1347 agendi
2942 1275 3169 1330 facultas
3192 1273 3501 1328 refrenandi

1917 1378 2064 1425 sunt.
2099 1367 2345 1439 Optimus
2382 1370 2613 1440 quisque
2664 1378 2772 1420 tum
2831 1368 3063 1421 maxime
3110 1365 3416 1429 invalescit,
3442 1373 3501 1419 et

1913 1460 2092 1531 jusms
2122 1462 2373 1525 habetur,
2396 1460 2613 1529 quando
2644 1458 2870 1514 facultas
2902 1460 3154 1527 injuriam
3187 1460 3386 1527 pariat.

1918 1568 2081 1639 373
2107 1566 2525 1623 CCCLXXVIII.
2552 1597 2624 1608 —
2652 1565 2982 1621 MARCIONI
3017 1564 3498 1621 PRESBYTERO.

422 1657 556 1723 Qua:
582 1658 815 1727 dignitas
850 1658 969 1713 boni
997 1659 1304 1712 sacerdotis.
1344 1657 1685 1729 Hermogenis
1721 1662 1952 1731 episcopi
1984 1663 2122 1717 laus.
2164 1660 2375 1716 Eusebii
2411 1663 2747 1731 vituperatio.
2783 1660 2969 1731 (Supr.
2993 1662 3147 1730 epist.
3172 1662 3323 1731 358.)

317 1764 379 1820 ὀ
407 1766 473 1818 ἐκ
494 1766 594 1835 τῆς
622 1764 732 1818 τῶν
757 1764 935 1836 ἔργων
950 1765 1402 1836 λαμπρυνάμενος
1422 1768 1640 1837 ἀρετῆς,
1664 1761 1818 1831 οὗτος

1991 1773 2093 1840 Qui
2130 1771 2346 1826 virtutis
2377 1785 2495 1826 sese
2526 1771 2778 1840 operibus
2801 1770 3074 1835 ostendit,
3119 1783 3202 1823 na:
3249 1768 3339 1822 ille
3369 1783 3503 1823 vero

236 1858 467 1926 γνήσιος
499 1857 801 1928 ἱερωσύνης
827 1857 1089 1926 τυγχάνει
1121 1857 1347 1928 κόσμος.
1378 1859 1566 1921 Ὅστις
1591 1858 1649 1912 δὲ
1671 1859 1818 1913 ἔνδον

234 1949 338 2018 τῆς
371 1946 530 2012 ἀξίας
556 1948 617 2000 ού
653 1947 837 2018 φορῶν
872 1947 987 2018 (25)
1022 1947 1092 2001 τά
1123 1937 1500 2019 γνωρίσματα,
1530 1949 1820 2022 ἀλλοτρίαν

236 2039 716 2108 σχηματιζόμενος
788 2037 1159 2107 εὐπρέπειαν,
1211 2042 1277 2108 τῇ
1333 2042 1467 2111 τιμῇ
1534 2040 1672 2111 μόνῃ
1730 2041 1818 2092 ἐν-

235 2131 560 2202 αὸρύνεται,
598 2122 755 2194 οὗτος
793 2131 899 2185 ὑπὸ
926 2132 1027 2202 τῆς
1070 2131 1326 2204 ἀληθείας
1350 2134 1431 2198 εἰς
1464 2134 1592 2197 τοὺς
1629 2134 1817 2198 νόθους

233 2224 599 2294 ἀπέρριπται.
647 2224 801 2277 Ἐπεὶ
848 2218 944 2278 οὖν
981 2226 1009 2278 6
1041 2225 1140 2296 μὲν
1186 2225 1438 2295 θεοφιλὴς
1485 2226 1819 2298 Ἑρμογένης

236 2314 611 2385 ὁμολογοῦσαν
638 2318 705 2387 τῇ
733 2317 901 2388 ἀρετῇ
935 2319 1031 2372 καὶ
1061 2319 1161 2389 τὴν
1179 2317 1337 2383 ἀξίαν
1365 2317 1522 2388 ἔσχε·
1552 2318 1690 2390 πρὸς
1710 2318 1820 2388 γάρ

233 2407 301 2460 τὸ
330 2408 535 2461 οἰκεῖον
566 2407 830 2479 ἑκάτερον
862 2407 1152 2475 ἔσπευσεν,
1188 2411 1218 2463 ό
1261 2410 1360 2480 μέν
1391 2410 1493 2479 τῆς
1538 2412 1819 2479 ἁγιστείας

236 2498 447 2568 κόσμος
469 2498 564 2551 τὸν
584 2497 736 2563 ἄξιον
764 2496 1128 2571 ἐπιζητήσας,
1161 2500 1222 2554 τὸ
1243 2500 1302 2554 δὲ
1321 2501 1420 2571 τῆς
1445 2502 1647 2573 ἀρετῆς
1669 2502 1820 2572 ἀρχι·

233 2588 338 2643 κδν
360 2590 459 2660 τὴν
490 2590 643 2661 παρά
667 2591 765 2659 τῆς
801 2590 954 2654 θείας
988 2591 1214 2662 χάριτος
1255 2592 1619 2663 ὀφειλομένην
1649 2609 1819 2663 προσ-

235 2679 452 2749 θήκην
504 2680 533 2733 6
584 2678 643 2731 δὲ
698 2679 995 2751 θεομισὴς,
1053 2678 1129 2742 ὡς
1181 2679 1504 2750 γέγραφας,
1561 2680 1819 2744 Εὐσέϐιος

234 2769 447 2840 ἀρετῆς
476 2768 748 2841 χηρεύων,
771 2771 840 2840 τῇ
877 2769 1147 2841 ἱερωσύνῃ
1184 2770 1322 2842 μόνῃ
1353 2772 1696 2840 σεμνύνεται.
1758 2771 1819 2824 ’0

236 2861 345 2931 μὲν
379 2863 532 2933 παρὰ
572 2862 791 2917 πάντων
842 2862 1050 2933 ᾅδεται,
1081 2862 1157 2924 ὡς
1186 2862 1551 2934 ὁμολογοῦσαν
1579 2865 1647 2933 τῇ
1690 2861 1817 2933 ἀξίᾳ.

235 2953 338 3003 καὶ
366 2952 468 3023 τὴν
503 2951 826 3023 προαίρεσιν
862 2953 1313 3024 εἰσενεγκάμενος
1334 2972 1349 2986 ο
1377 2955 1405 3007 ὁ
1442 2953 1499 3006 δὲ
1532 2951 1817 3017 κακίζεται

232 3041 316 3104 ὡς
345 3042 521 3106 νόθος,

234 3135 611 3206 κληρονομίαν
642 3134 1085 3206 εἰσϐιασάμενος.

442 3245 611 3301 Τοθι.
640 3276 712 3288 -
745 3243 1052 3315 ΔΩΡΟΘΕῼ
1104 3244 1594 3315 ΛΑΜΙΙΡυΤΕΡῼ.

1920 1863 2222 1918 sacerdotio
2273 1872 2355 1916 est
2409 1870 2748 1917 ornamento.
2819 1860 2919 1926 Qui
2977 1875 3108 1914 vero
3171 1858 3500 1913 intrinsecus

1917 1954 2197 2026 dignitatis
2230 1953 2510 2009 scientiam
2559 1968 2665 2006 non
2712 1952 2907 2014 habet,
2942 1951 3119 2005 alieno
3165 1965 3225 2005 se
3254 1956 3497 2004 ostentat

1918 2053 2251 2109 ornamento,
2281 2045 2396 2099 solo
2417 2043 2591 2098 elatus
2621 2044 2828 2098 honore
2855 2062 2867 2097 :
2901 2044 2988 2097 hic
3016 2043 3186 2098 instar
3210 2041 3377 2111 Spurii
3409 2056 3503 2096 re-

1918 2153 2045 2191 vera
2089 2136 2269 2191 decori
2321 2144 2406 2191 est
2459 2135 2644 2190 statui.
2711 2133 2847 2189 Cum
2908 2134 3074 2203 igitur
3137 2134 3228 2188 Dei
3291 2134 3505 2187 amicus

1920 2228 2307 2299 Hermogenes,
2343 2227 2528 2282 virtuti
2575 2241 2687 2282 sua:
2717 2226 3129 2281 convenientem
3160 2236 3245 2280 cst
3264 2225 3502 2295 dignita—

1921 2330 2025 2375 tem
2062 2327 2411 2374 consecutus.
2476 2318 2559 2372 Ad
2593 2327 2885 2387 utrumque
2912 2317 3056 2371 enim
3088 2315 3165 2370 uti
3219 2315 3506 2385 proprium

1918 2424 2261 2479 summopere
2304 2408 2615 2475 contendit,
2658 2408 2857 2478 quippe
2893 2408 3069 2477 ipsum
3121 2406 3500 2462 sanctimonia:

1917 2502 2083 2557 decus
2119 2503 2294 2556 virum
2326 2500 2543 2571 dignum
2574 2499 2776 2571 exigit,
2807 2508 2862 2555 et
2898 2498 3116 2553 virtutis
3162 2497 3505 2568 principatus

1919 2594 2157 2648 debitum
2190 2608 2219 2647 a
2257 2593 2438 2649 divina
2479 2592 2650 2664 gratia
2681 2592 3128 2647 additamentum.
3186 2590 3340 2643 Alter
3367 2605 3508 2645 vero

1920 2683 2030 2739 Deo
2061 2684 2265 2739 invisus
2295 2685 2582 2750 Eusebius,
2609 2684 2676 2739 de
2701 2697 2810 2753 quo
2832 2686 2899 2737 ad
2933 2698 3021 2738 me
3048 2683 3263 2747 scribis,
3296 2682 3500 2735 virtute

1916 2790 2152 2840 vacuus,
2190 2777 2307 2832 solo
2337 2791 2396 2833 se
2442 2777 2617 2847 jactat
2660 2775 2986 2831 sacerdotio.
3045 2772 3138 2827 Ille
3171 2773 3388 2843 quidem
3423 2775 3493 2827 ab

1917 2867 2165 2922 omnibus
2205 2867 2532 2932 celebratur,
2576 2876 2635 2921 ut
2666 2866 3012 2922 consentiens
3067 2865 3313 2933 dignitati
3374 2879 3502 2934 pro-

1918 2956 2149 3025 positum
2199 2956 2474 3023 aﬂ'erens;
2534 2957 2623 3013 hic
2657 2967 2845 3012 contra
2891 2967 2948 3009 ut
2987 2958 3205 3026 spurius
3255 2964 3500 3017 notatur,

594 3044 691 3097 καὶ
741 3044 822 3107 εἰς
854 3043 1170 3115 μηδαμόθεν
1232 3043 1381 3115 αὐτῷ
1433 3044 1815 3115 προσήκουσαν

1926 3046 2074 3115 quasi
2109 3048 2177 3100 ad
2212 3046 2314 3101 sibi
2354 3047 2531 3102 minus
2556 3047 2968 3103 convenientem
2995 3046 3245 3101 redactus
3273 3053 3504 3107 sortem,

1922 3146 2083 3205 atque
2116 3137 2507 3191 luereditatem.

1971 3242 2346 3300 CCCLXXIX.
2382 3276 2451 3288 ——
2505 3246 2873 3303 DOBOTHEO
2910 3245 3228 3303 CLARISS.
3256 3244 3442 3301 VIRO.

1487 3337 1589 3403 Qui
1623 3337 1909 3392 ordinandi
1948 3342 2268 3399 sacerdotes.

313 3445 405 3517 lii)
432 3447 560 3509 τοὺς
606 3446 778 3517 μόλις,
811 3445 905 3499 καὶ
941 3445 1028 3499 διὰ
1078 3445 1288 3517 μυρίων
1336 3446 1566 3515 ἀγώνων
1616 3446 1816 3517 ἀρετὴν

236 3536 721 3607 κατορθώσαντας,
760 3539 854 3592 καὶ
879 3539 960 3602 εἰς
990 3537 1089 3609 τὴν
1113 3538 1487 3608 εὐαγεστάτην
1519 3538 1819 3610 ἱερωσύνην

236 3629 596 3695 τελέσαντας,
645 3631 754 3684 ἀπὸ
791 3628 900 3682 τῶν
931 3629 992 3695 ἐξ
1019 3630 1318 3701 ἐπιδρομῆς
1365 3631 1820 3701 ἐπιπηδησάντων

236 3721 385 3792 αὐτῇ
438 3723 843 3793 χαρακτήριζεο
881 3721 997 3776 ἀλλ’
1032 3723 1276 3786 ἐκείνους
1325 3722 1422 3792 μὲν
1455 3722 1818 3793 ἀνακήρυττε,

236 3814 468 3876 τούτους
493 3814 550 3866 δὲ
576 3815 950 3883 ἀποκήρυττε.
974 3813 1100 3877 Τοῖς
1128 3812 1237 3885 γάρ
1266 3814 1341 3884 μὴ
1370 3812 1480 3867 ἀπὸ
1508 3812 1617 3866 τῶν
1643 3812 1824 3866 αὐτῶν

242 3905 342 3958 ἐπὶ
371 3905 439 3959 τὰ
467 3904 607 3959 αύτά
621 3904 869 3975 ἥκουσιν,
892 3904 991 3975 οὐχ
1011 3904 1213 3975 ὁμοίως
1241 3904 1632 3977 προσενεκτέον
1653 3920 1666 3935 ·
1689 3904 1823 3958 ἀλλὰ

238 3999 374 4062 τοὺς
414 3997 514 4069 μὲν
564 3997 766 4068 ἀρετῆς
810 3992 973 4051 ἆθλον
1027 3995 1126 4068 τὴν
1175 3995 1475 4069 ἱερωσύνην
1522 3997 1825 4067 ἐσχηκότας

242 4091 666 4161 ἐγκωμιαστέον
693 4088 790 4143 καὶ
813 4087 1203 4159 μακαριστέον.
1240 4088 1380 4152 Τοὺς
1404 4087 1462 4141 δὲ
1494 4088 1825 4158 ἐπιπηδῆσαι

244 4181 392 4253 αὐτῇ
422 4182 821 4251 τολμήσαντας.
850 4181 957 4235 τόδ’
996 4180 1143 4243 ὅπως
1171 4179 1283 4251 (24)
1305 4179 1520 4250 φράσω,
1554 4179 1825 4232 αἰτιατέον

253 4273 351 4326 καὶ
375 4272 627 4344 ἐλεητέον
647 4290 661 4304 ·
691 4274 776 4327 ὅτι
802 4272 902 4342 τὴν
950 4270 1225 4343 φέρουσαν
1269 4270 1389 4324 ὁδὸν
1419 4270 1513 4323 ἐπὶ
1544 4271 1645 4340 τὴν
1674 4269 1826 4323 θείαν

242 4365 593 4436 λειτουργίαν
648 4365 991 4439 παριδόντες,
1056 4364 1151 4418 καὶ
1203 4362 1302 4434 τὴν
1372 4362 1676 4432 ὁσιωτάτην
1732 4362 1827 4414 καὶ

243 4458 625 4528 εύαγεστάτην
650 4460 708 4511 ἐν
739 4458 921 4530 πολλῷ
953 4458 1135 4531 χρόνῳ
1162 4455 1271 4509 τῶν
1303 4452 1617 4524 φιλαρέτων
1643 4453 1823 4508 πόνων

246 4551 534 4621 ὑπομονὴν
583 4552 977 4623 ἀτιμάσαντες,
1012 4549 1249 4621 θεσμούς
1288 4566 1348 4601 τε
1380 4549 1478 4601 καὶ
1525 4546 1625 4610 τὰς
1658 4546 1824 4611 ἄλλας

244 4643 569 4711 ἁγιαστείας
605 4643 707 4707 τὰς
737 4645 844 4697 ἀπὸ
869 4647 969 4715 τῆς
1022 4642 1190 4715 ὀρθῆς
1236 4639 1513 4702 πολιτείας
1561 4639 1825 4710 παρωσά-

1988 3448 2067 3503 Ne
2089 3450 2341 3513 ordines,
2379 3448 2581 3504 relictis
2613 3449 2717 3503 illis
2760 3448 2851 3518 qui
2902 3464 2999 3520 per
3021 3451 3172 3504 varia
3197 3450 3501 3505 certamina

1920 3542 1985 3596 ad
2009 3541 2260 3595 virtutem
2304 3542 2579 3604 instructi,
2622 3542 2838 3596 tandem
2871 3544 2936 3595 ad
2974 3551 3382 3596 sacrosanctum
3414 3557 3505 3595 sa-

1920 3631 2219 3687 cerdotium
2255 3631 2516 3696 nituntur,
2545 3647 2637 3686 eos
2666 3633 2755 3700 qui
2785 3646 2850 3686 co
2878 3632 3177 3700 irrumpanl
3205 3649 3220 3687 :
3250 3632 3347 3686 sed
3381 3632 3503 3687 illos

1920 3724 2102 3792 potius
2148 3724 2455 3779 sacerdotes
2479 3738 2775 3789 consecra,
2825 3724 2924 3780 hos
2961 3739 3087 3779 vero
3122 3724 3342 3793 repelle.
3395 3724 3504 3791 Qui

1923 3814 2065 3869 cnim
2096 3815 2162 3868 ab
2192 3814 2380 3869 iisdem
2410 3829 2514 3868 non
2544 3816 2608 3869 ad
2639 3818 2829 3870 eadem
2859 3814 3153 3882 festinant;
3184 3830 3371 3870 eorum
3395 3831 3504 3871 non

1923 3905 2110 3963 eadem
2145 3906 2391 3961 habenda
2422 3907 2559 3961 ratio
2578 3919 2683 3975 est,
2715 3908 2807 3963 sed
2840 3908 2930 3961 alii
2954 3908 3168 3963 virtutis
3196 3908 3511 3976 praemium,

1925 3998 2284 4053 sacerdotium
2319 4000 2516 4068 adepti,
2550 3999 2803 4055 laudandi
2834 4001 3046 4069 publice
3067 4010 3213 4067 sunt,
3242 4012 3296 4055 et
3317 4000 3504 4056 felices

1926 4090 2277 4159 praedicandi.
2318 4091 2387 4144 At
2414 4092 2506 4160 qui
2538 4091 2842 4161 irrumpere
2870 4102 3034 4161 atque
3066 4093 3276 4147 insilire
3306 4093 3507 4148 audent

1927 4183 1979 4236 in
2010 4182 2395 4245 sacerdotium,
2424 4182 2457 4236 ii
2489 4197 2640 4246 sane,
2669 4193 2728 4236 ut
2755 4182 2829 4237 ita
2845 4183 3041 4245 dicam,
3074 4182 3513 4251 reprehendendi

1928 4290 1991 4329 ac
2021 4274 2496 4328 commiseratione
2531 4274 2714 4343 digni,
2746 4274 2889 4342 quod
2928 4284 3129 4329 rectam
3161 4274 3227 4327 ad
3262 4274 3510 4328 divinum

1927 4378 2205 4418 sacrorum
2250 4363 2609 4418 ministerium
2657 4363 2942 4417 ducentem
2990 4365 3133 4417 viam
3189 4363 3501 4434 negligant:

1876 4458 2445 4524 'contemnentesque
2516 4455 2938 4510 sacratissimam
2998 4455 3507 4523 sanctissimamque

1930 4547 2242 4615 patientiam
2272 4548 2325 4601 in
2353 4547 2492 4617 longi
2538 4547 2795 4618 temporis
2817 4548 3018 4602 virtute
3049 4547 3393 4617 praeditorum
3426 4546 3512 4599 la-

1931 4639 2185 4703 boribus,
2228 4641 2367 4695 ritus
2402 4639 2852 4708 sanctionesquc,
2883 4648 2938 4694 et
2976 4639 3090 4694 alia.
3122 4637 3189 4692 ad
3235 4637 3505 4693 sacritlcia

250 4749 429 4802 μενοι,
463 4734 795 4805 ἀποχρῶσαν
814 4714 1076 4804 ἐνόμισαν
1101 4732 1314 4794 ἑαυτοῖς
1335 4730 1433 4799 τὴν
1455 4728 1791 4800 χειροτονίαν
1808 4745 1823 4761 ο

1932 4729 2254 4800 pertinentia
2286 4744 2351 4784 ex
2372 4729 2571 4800 optima
2599 4729 2869 4801 pellentes-
2892 4729 3160 4800 republica
3197 4731 3388 4784 ordine
3415 4745 3519 4786 sa-

247 4820 322 4879 δι’
354 4823 420 4892 ἢν
470 4825 563 4878 καὶ
594 4824 763 4895 μόνην
792 4823 1233 4896 ἐναϐρυνόμενοι,
1290 4821 1433 4874 κατά
1484 4820 1595 4873 τῶν
1645 4818 1821 4892 ὀρθῶς

250 4912 514 4986 βιούντων
534 4915 877 4986 ἐπιφύονται.

566 5025 697 5081 TII'.
735 5054 807 5066 --
842 5022 1172 5095 ΑΡΠΟΚΡᾼ
1201 5021 1509 5093 ΣΟΦΙΣΤῌ.

1926 4820 2182 4877 cerdotali
2230 4821 2479 4891 indignos
2508 4836 2567 4877 se
2599 4825 2890 4879 ostendunt
2922 4844 2935 4880 :
2989 4838 3096 4893 quo
3132 4823 3248 4879 solo
3276 4822 3401 4879 elati
3446 4822 3519 4878 it»

1937 4921 2078 4969 recte
2105 4913 2347 4967 viventes
2380 4914 2684 4984 insurgunt.

2092 5018 2435 5079 CCCLXXX.
2475 5050 2546 5061 —
2597 5020 2996 5079 ΗΑΒΡΟΕΒᾹΞ
3032 5021 3377 5078 RHETORI-

536 5115 638 5171 Uni
664 5110 955 5171 vacandum
986 5116 1111 5181 arti,
1133 5124 1190 5169 ut
1224 5113 1471 5181 excellas,
1511 5129 1604 5167 nec
1638 5113 1774 5166 enim
1808 5112 1862 5164 in
1888 5112 2128 5166 omnibus
2160 5124 2303 5181 potes
2326 5112 2600 5168 excellere.
2633 5112 2870 5185 (Confer.
2904 5115 3055 5183 epist.
3083 5114 3233 5183 452.)

337 5224 577 5297 Ἀνάγκη
610 5227 701 5281 τὸν
733 5228 833 5298 μιᾷ
866 5226 1193 5297 σχολάζοντα
1222 5223 1409 5297 τέχνῃ,
1440 5224 1638 5295 ἄριστα
1655 5225 1826 5295 αὐτὴν

252 5318 670 5388 διηκρισῶσθαι.
705 5321 769 5373 Oi.
794 5319 904 5389 γὰρ
935 5317 1155 5382 πολλαῖς
1200 5316 1426 5379 ἑαυτοὺς
1466 5315 1822 5386 παρέχοντες,

252 5412 305 5466 εἰ
332 5410 429 5465 καὶ
454 5409 665 5475 δόξειαν
696 5410 898 5475 πολλὰς
937 5410 1150 5474 εἰδέναι,
1184 5408 1302 5463 ἀλλ’
1332 5407 1393 5459 οὐ
1422 5406 1614 5459 πασῶν
1649 5408 1728 5469 εἰς
1764 5406 1826 5459 τὸ

2003 5221 2107 5278 Uni
2137 5234 2417 5279 vacantem
2449 5224 2553 5278 arti
2600 5238 2822 5280 necesse
2848 5234 2932 5278 est
2964 5224 3169 5295 Optime
3198 5238 3323 5278 eam
3344 5237 3506 5277 exer-

1931 5329 2076 5368 cere.
2134 5316 2233 5381 Qui
2268 5330 2397 5371 vero
2424 5315 2610 5371 multis
2640 5330 2701 5371 se
2728 5315 2985 5383 tradunt,
3032 5314 3135 5369 etsi
3175 5314 3337 5369 multa
3364 5314 3508 5368 scire

1932 5407 2237 5471 videantur,
2293 5406 2363 5461 ad
2412 5407 2625 5465 culmen
2665 5421 2772 5465 non
2829 5408 3171 5478 perungunt.
3209 5405 3405 5461 Verum
3455 5404 3514 5460 si

1350 5541 1584 5599 VARIAS
1618 5540 2005 5601 LECTIONES
2043 5541 2130 5597 ET
2171 5541 2403 5602 NOTAE.

601 5671 782 5759 φορῶν
812 5673 970 5759 iidem
1000 5672 1198 5757 habent
1236 5674 1411 5759 φορεῖ.
1430 5674 1655 5759 _l_’os_sm.

332 5740 807 5811 (9.4)1ηιθιεούτως
838 5756 891 5800 et
929 5744 1123 5813 φράσω
1152 5740 1308 5799 ambo
1345 5744 1501 5800 codd.
1551 5745 1792 5801 inserunt
1825 5743 1910 5799 οὔ.
1936 5741 2009 5796 lo.
