3982 6420
511 368 647 435 1555
1701 365 1762 425 8.
1803 363 2083 425 ISIDOR]

2233 360 2569 421 LUSIOTIE
2748 350 2751 351 7
3632 357 3805 423 1556

506 484 649 552 quod
679 487 786 548 est,
806 479 1039 550 ingenue
1068 476 1433 533 conﬁtendum
1469 489 1662 531 omnes
1684 473 2078 543 semiperfectas

2233 472 2498 543 κρότατον
2526 470 2830 541 ἀφίξονται.
2873 471 3013 525 ⁹Αλλ’
3042 473 3089 526 εί
3113 471 3217 543 χρὴ
3238 468 3299 524 τὸ
3320 472 3544 540 ἀκρισες
3570 474 3805 538 εἰπεῖν,

505 571 769 627 etcrudas
800 584 897 624 seu
932 582 1249 637 praecoquas
1282 565 1580 636 possident.
1621 563 1680 619 Si
1707 574 1887 617 autem
1919 565 2077 617 abun-

2237 571 2324 624 tac
2356 564 2639 633 ἡμιτελεῖς
2675 563 2771 616 καὶ
2814 563 3030 634 ἀώρους
3058 563 3441 633 κεκτήσονται.
3481 564 3544 616 Εἰ
3576 563 3633 616 δὲ
3688 564 3809 615 καὶ

506 664 637 720 dare
672 677 737 717 ac
777 674 1036 729 superare
1064 658 1261 711 artium
1314 655 1540 711 scientia
1582 655 1887 719 videantur,
1926 668 2078 722 supe-

2239 658 2404 709 >κοῖεν
2452 655 2798 709 πλεονεκτεῖν
2843 654 2921 724 τῷ
2958 654 3157 717 πολλὰς
3201 654 3420 716 εἰδέναι,
3466 654 3581 707 ἀλλ’
3621 656 3811 707 ἀντι-

468 742 471 743 ν
507 764 697 811 rantur
717 751 982 817 vicissim,
1000 750 1143 820 quod
1168 748 1472 803 accuratius
1492 746 1735 816 singulas
1754 760 2040 815 cognoscat

2238 746 2649 800 λεονεκτοῦνται
2692 746 2772 817 τῷ
2799 745 3088 800 λείπεσθαι
3117 747 3229 808 τοῖς
3274 746 3354 808 είς
3401 744 3493 798 τὴν
3531 746 3810 814 ἑκάστην

506 846 636 911 alii,
666 854 829 914 atque
862 858 891 897 a
926 852 1076 912 tergo
1107 840 1416 910 relinquant
1449 838 1781 908 disciplinas.

1059 858 1076 898 J
1107 840 1416 910 relinquant
1449 838 1781 908 disciplinas.
2193 836 2389 908 τέχνην
2422 838 2631 907 ἄκροις.

503 954 672 1032 674
700 951 1068 1013 CCCLXXXI.
1095 945 1557 1075 -—G
1588 944 2075 1003 REMPUBLICAM

2045 944 2082 999 ιι
2345 945 2520 1001 THA'.
2557 976 2626 988 —
2655 946 3002 1017 ΚΑΣΣΙΔΝῼ
3049 945 3617 1017 ΠΟΛΙΤΕΥΟΜΕΝῼ.

1260 1113 1538 1183 Cupientes
1566 1126 1702 1180 ωερε
1721 1111 1882 1178 capti.
1916 1109 1994 1165 De
2016 1110 2183 1178 fratre
2224 1109 2294 1162 ad
2333 1107 2531 1163 Christi
2561 1108 2715 1177 ﬁdem
2741 1125 3003 1164 converso.

575 1226 757 1284 Fratri
799 1232 889 1280 tuo
910 1221 1050 1277 idem
1079 1236 1247 1291 prope
1276 1221 1497 1287 accidit,
1526 1219 1668 1289 quod
1694 1219 1956 1275 ministris
1980 1217 2084 1274 illis

2262 1215 2653 1288 Παραπλήσιόν
2677 1234 2729 1271 τι
2757 1217 3025 1272 πέπονθεν
3054 1219 3084 1299 δ
3118 1218 3208 1281 σὸς
3233 1217 3462 1287 ἁδελφὸς
3507 1220 3625 1282 τοῖς
3664 1217 3790 1272 ὕπο

505 1318 689 1375 missis
712 1332 741 1370 a
758 1313 1051 1371 Pharisaeis
1080 1319 1140 1367 ut
1162 1310 1438 1366 Christum
1471 1310 1821 1374 abducerent,
1856 1309 2077 1363 redeun-

2208 1308 2432 1379 πρέταις,
2479 1311 2594 1374 τοῖς
2634 1311 2933 1382 πεμφθεῖσι
2974 1311 3075 1382 μὲν
3110 1314 3338 1379 ἀγαγεῖν
3377 1312 3467 1365 τὸν
3494 1311 3780 1383 Χριστὸν.

508 1410 652 1466 tibus
676 1421 802 1463 vero
830 1419 955 1459 mox
984 1418 1107 1460 cum
1139 1401 1341 1471 ingenti
1369 1400 1743 1455 admirationis
1771 1409 1990 1469 stupore
2008 1401 2077 1452 ”.

2220 1401 2549 1456 πανελθοῦσι
2582 1402 2642 1456 δέ
2680 1402 2822 1473 μετὰ
2852 1402 3048 1456 πολλοῦ
3089 1403 3182 1456 τοῦ
3222 1403 3517 1474 θαύματος.
3553 1405 3792 1473 Ὥσπερ

507 1497 580 1557 Ut
610 1498 754 1554 enim
798 1497 873 1552 illi
903 1509 1156 1551 sermone
1182 1493 1302 1562 ejus
1341 1494 1484 1563 capti
1530 1504 1656 1548 sunt
1680 1535 1695 1560 ,
1725 1502 1780 1547 et
1823 1492 1975 1547 missi
2023 1500 2079 1547 ut

2214 1493 2296 1565 ’ὰρ
2324 1495 2523 1547 ἐκεῖνοι
2554 1494 2930 1566 ἐχειρώθησαν
2960 1494 3068 1549 ἀπὸ
3105 1494 3205 1564 τῆς
3250 1495 3614 1565 δημηγορίας,
3669 1496 3786 1548 καὶ

505 1602 792 1660 caperent,
819 1587 962 1657 capti
998 1584 1357 1639 admiratione
1387 1584 1687 1639 discedunt.
1730 1581 1821 1638 Sic
1853 1590 1909 1638 et
1942 1585 2077 1651 ipse,

2210 1586 2533 1656 πεμφθέντες
2565 1587 2747 1658 δῆσαι,
2781 1587 3087 1658 ἐπανῆλθον
3113 1586 3359 1650 δεθέντες
3380 1587 3459 1657 τῷ
3478 1587 3743 1657 θαύματι
3764 1601 3782 1615 ⁸

504 1691 569 1738 ut
610 1682 820 1745 aiebat,
853 1691 1040 1749 captus
1072 1680 1336 1733 orationis
1364 1677 1632 1746 elegantia
1685 1685 1895 1731 tantum
1928 1676 2076 1731 abest

2215 1678 2327 1734 ὒτω
2358 1681 2454 1735 καὶ
2479 1681 2661 1745 αὐτὸς,
2693 1681 2769 1745 ὡς
2791 1680 2919 1751 ἔφη,
2954 1679 3119 1741 ἁλοὺς
3148 1680 3228 1748 τῷ
3257 1678 3440 1732 κάλλει
3477 1678 3589 1731 τῶν
3610 1681 3787 1750 εἰρη-

503 1782 565 1827 υι
597 1771 844 1842 religioni
879 1772 1121 1826 adversae
1142 1769 1448 1835 obstiterit,
1477 1777 1534 1822 ut
1561 1767 1726 1823 etiam
1760 1768 1876 1835 ejus
1902 1780 2075 1835 praeco

2202 1770 2384 1837 ιένων,
2416 1771 2477 1824 οὐ
2511 1771 2671 1841 μόνον
2698 1770 2791 1824 τοῦ
2818 1770 3202 1825 ἐναντιοῦσθαι
3239 1773 3304 1841 τῇ
3334 1771 3581 1842 θειοτάτῃ
3613 1772 3774 1843 θρη-

503 1878 571 1919 ac
617 1863 892 1934 professor
933 1864 1004 1919 sit
1056 1861 1256 1918 factus.
1312 1860 1555 1916 Veritate
1604 1860 1747 1915 enim
1806 1861 1938 1914 nihil
1997 1871 2075 1916 est

2210 1864 2346 1935 rxsiq.
2377 1865 2612 1935 ἀπέστη,
2639 1863 2775 1918 ἀλλὰ
2800 1864 2895 1918 καὶ
2934 1864 3114 1936 κήρυξ
3145 1863 3318 1932 αὐτῆς
3342 1864 3435 1916 καὶ
3462 1865 3782 1933 συνήγορος

503 1953 768 2010 illustrius
797 1964 891 2011 aut
921 1954 1240 2025 simplicius,
1275 1970 1397 2009 cum
1430 1967 1535 2007 non
1562 1953 1672 2022 agit
1698 1950 1821 2020 quis
1851 1950 2075 2006 fraudu-

2204 1953 2444 2023 ιατέστη.
2476 1953 2644 2006 Οὐδὲν
2681 1952 2790 2023 γὰρ
2819 1953 2919 2023 τῆς
2958 1952 3224 2023 ἀληθείας
3255 1954 3608 2023 σαφέστερον,
3635 1953 3776 2006 οὐδὲ

502 2043 697 2101 lentor.
760 2045 1224 2112 Quemadmodum
1273 2045 1318 2099 si
1372 2042 1639 2098 malitiose
1668 2051 1792 2110 agat
1843 2041 1977 2096 nihil
2011 2054 2074 2097 ea

2205 2044 2572 2116 ιπλούστερον,
2629 2046 2758 2099 ὅταν
2812 2062 2894 2107 τις
2938 2045 3013 2115 μὴ
3058 2048 3363 2115 κακουργῇ.
3423 2046 3631 2118 Ὠσπερ
3668 2041 3777 2099 οὖν

502 2139 803 2195 molestius.
838 2138 1088 2195 Gaudens
1114 2139 1299 2207 itaque
1325 2138 1602 2193 nobiscum
1636 2148 1857 2204 precare
1884 2134 2074 2201 Deum,

2203 2138 2283 2192 ιὰν
2312 2141 2620 2210 κακουργῇ,
2639 2138 2794 2192 οὐδὲν
2811 2138 2961 2191 δοκεῖ
2984 2138 3408 2209 δυσκολώτερον.
3438 2140 3775 2210 Συγχαίρων

499 2241 562 2285 ut
582 2230 676 2302 qui
700 2246 886 2287 verum
914 2239 1314 2299 consequentur
1343 2245 1448 2285 non
1477 2226 1635 2282 modo
1660 2241 1763 2282 non
1787 2225 2071 2292 laedantur,

2202 2230 2358 2285 τοίνυν
2389 2232 2521 2300 ἡμῖν
2555 2229 2741 2300 εὔχου,
2775 2231 2924 2293 ὅπως
2952 2232 2998 2284 οί
3028 2232 3448 2300 ἐντυγχάνοντες
3485 2230 3562 2301 μὴ
3600 2232 3774 2300 μόνον

500 2323 596 2379 sed
627 2333 682 2378 et
712 2332 890 2377 mente
924 2322 1283 2377 illustrantur.

2196 2323 2258 2394 κὴ
2289 2322 2658 2393 βλάπτωνται.
2689 2321 2825 2375 ἀλλὰ
2864 2323 2958 2375 καὶ
2982 2321 3327 2389 φωτίζωνται
3359 2321 3459 2392 τὴν
3490 2321 3768 2375 διάνοιαν.

853 2428 1242 2486 CCCLXXXII.
1280 2460 1350 2471 —
1395 2428 1715 2487 EULOGIO.

1701 2472 1715 2487 .
2659 2430 2831 2483 TIIB'.
2860 2460 2932 2471 —
2958 2431 3268 2504 ΕΥΛΟΙἸῼ.

499 2521 776 2595 Difﬁcilius
803 2532 880 2578 est
908 2524 1189 2577 secundam
1216 2538 1374 2593 quam
1411 2525 1687 2578 adversam
1714 2524 1853 2593 ferre
1880 2524 2170 2594 fortunam.
2204 2523 2461 2579 Secundis
2486 2538 2608 2595 “non
2645 2523 2907 2578 tollendus
2946 2525 3176 2587 animus,
3211 2539 3305 2577 nec
3351 2523 3587 2578 adversis
3620 2539 3769 2577 mer-

1699 2591 1916 2663 gendus.
1946 2595 2185 2667 (Confer.
2213 2596 2364 2663 epist.
2411 2591 2560 2662 115.)

565 2681 744 2755 Magni
767 2684 1015 2755 equidem
1041 2685 1180 2740 duco
1203 2697 1382 2739 rerum
1406 2683 1833 2742 vicissitudinem
1860 2688 2075 2744 fortiter

2251 2685 2325 2738 Οὐ
2359 2683 2554 2753 μικρὸν
2580 2684 2755 2753 ἔγωγε
2781 2682 3019 2755 ἡγοῦμαι
3048 2682 3109 2735 τδ
3152 2682 3456 2754 μεταϐολὴν
3492 2687 3767 2755 πραγμά-

493 2772 661 2829 ferre.
701 2771 851 2829 Multi
892 2774 1073 2843 itaque
1100 2773 1370 2831 difficilius
1395 2776 1714 2832 existimant
1737 2793 1765 2833 a
1799 2778 1957 2838 rebus
1984 2793 2065 2832 se-

2190 2792 2285 2828 ιων
2318 2776 2581 2848 ἀνδρείως
2619 2777 2866 2843 ἐνεγκεῖν
2889 2792 2903 2806 ο
2946 2775 3133 2828 ’πολλοὶ¹
3169 2775 3268 2845 μὲν
3295 2772 3391 2829 οὖν
3419 2776 3762 2831 δυσκολώτε-

493 2863 687 2918 cundis
718 2862 772 2916 in
802 2863 1057 2918 adversas
1086 2864 1433 2933 incidentem,
1462 2870 1668 2924 celsum
1699 2883 1921 2926 servare
1948 2868 2065 2922 ani-

2192 2883 2273 2919 aov
2297 2862 2437 2920 εἶναι
2465 2865 2726 2937 ἡγοῦνται
2756 2868 2816 2920 τὸ
2843 2866 2953 2920 ἀπὸ
2984 2866 3287 2935 εὐημερίας
3314 2867 3392 2929 είς
3415 2866 3764 2938 δυσπραγίαν

493 2970 663 3009 mum.
717 2955 829 3025 Ego
860 2970 987 3011 vero
1015 2955 1389 3013 diﬂicillimum
1417 2961 1676 3027 arbitror,
1715 2976 1838 3016 eum
1877 2960 1968 3031 qui
2001 2962 2065 3014 ab

2192 2958 2583 3029 ὲμπεπτωκότα
2636 2957 2749 3025 (25)
2811 2958 2933 3011 τινὰ
2984 2956 3217 3026 φυλάξαι
3274 2958 3653 3012 ἀταπείνωτον
3700 2961 3764 3013 τὸ

493 3045 736 3101 adversis
766 3047 926 3102 rebus
948 3048 1013 3101 ad
1043 3048 1307 3103 secundas
1336 3050 1494 3116 redit,
1522 3053 1859 3106 moderatum
1887 3062 2065 3106 custo-

2190 3050 2452 3122 ρρόνημα.
2501 3047 2643 3117 Ἐγὼ
2691 3049 2748 3102 δέ
2808 3047 3214 3103 δυσκολώτατον
3246 3049 3492 3118 ἡγοῦμαι
3530 3049 3594 3102 τὸ
3652 3050 3762 3104 ἀπὸ

494 3137 612 3191 dire
633 3138 890 3192 animum.
926 3138 994 3192 Et
1020 3148 1309 3210 utrumque
1329 3141 1543 3210 quidem
1566 3141 1699 3195 mihi
1730 3140 1891 3196 fortis
1906 3141 2066 3195 animi

2187 3141 2522 3210 Sucnpayiag
2573 3142 2652 3202 είς
2703 3139 3005 3209 εὐημερίαν
3056 3139 3459 3210 ἀναδραμόντα,
3527 3141 3759 3207 φυλάξαι

491 3241 615 3282 esse
653 3240 1029 3298 argumentum
1063 3239 1183 3295 est,
1228 3246 1327 3285 nec
1361 3231 1613 3287 secundis
1646 3232 1865 3298 extolli,
1899 3247 2063 3301 neque

2186 3233 2400 3303 μέτριον
2438 3213 2511 3284 τδ
2549 3231 2829 3302 φρόνημα.
2876 3229 2987 3285 Καὶ
3020 3230 3177 3283 τοῦτο
3216 3230 3324 3299 γὰρ
3368 3230 3598 3284 κάκεῖνο
3636 3232 3758 3301 ἐμοὶ

493 3318 547 3373 in
574 3318 817 3376 adversis
845 3319 1044 3391 abjecti
1082 3335 1203 3377 esse
1228 3322 1434 3386 animi;
1480 3323 1573 3377 sed
1604 3337 1815 3393 aequam
1852 3336 2065 3377 servare

2185 3323 2428 3394 ἀνδρείας
2449 3323 2778 3392 τεκμήριον,
2813 3323 2952 3392 μήτε
2977 3320 3280 3391 ἐξυϐρίζειν
3314 3323 3374 3375 ἐν
3400 3324 3526 3386 ταῖς
3558 3324 3757 3393 εὑημε-

494 3421 751 3469 mentem.
2178 3412 2343 3484 ρίαις,
2380 3412 2516 3482 μήτε
2542 3410 2933 3464 ταπεινοῦσθαι
2964 3412 3021 3465 ἐν
3062 3412 3185 3474 ταῖς
3226 3411 3618 3482 δυσημερίαις,
3646 3414 3754 3467 ἀλλ’

2172 3504 2372 3575 ὁμαλὸν
2397 3503 2458 3555 τὸ
2483 3503 2743 3574 φρόνημα
2773 3502 2940 3573 ἔχειν.

633 3613 1050 3673 CCCLxxxm.
1090 3647 1159 3663 η-
1199 3614 1428 3672 PETRO
1458 3614 1923 3673 CORBECTORI.
2120 3586 2123 3589 ’
2416 3613 2589 3669 TUI".
2638 3640 2707 3653 -
2741 3611 2967 3682 ΠΕΤΡῼ
2996 3612 3469 3669 KOPPHKTQPI.

476 3703 881 3773 Rempublicam
905 3710 1053 3778 juste
1101 3711 1511 3767 administrandi
1542 3722 1878 3779 praeceptum.
1910 3710 2065 3765 Disce
2109 3710 2257 3779 juste
2300 3723 2560 3776 prwesse;
2596 3716 2645 3760 et
2691 3724 2710 3757 ι
2754 3705 2871 3759 Tibi
2917 3706 3016 3759 soli
3062 3709 3291 3773 peccavi.
3321 3726 3338 3758 ι
3377 3708 3559 3776 (Psal.
3595 3724 3652 3771 ι..
3681 3709 3753 3779 6.)

565 3798 823 3869 Quisquis
849 3799 1100 3866 imperat,
1122 3799 1327 3869 legibus
1353 3815 1476 3853 eum
1506 3814 1697 3868 parere
1716 3815 1936 3855 necesse
1960 3808 2063 3855 est.

2246 3797 2306 3850 '0
2334 3798 2527 3871 ἄρχειν
2553 3796 2755 3867 λαχὼν,
2786 3796 2890 3850 ὑπὸ
2932 3795 3040 3849 τῶν
3086 3798 3270 3867 νόμων
3320 3798 3537 3863 δίκαιος
3578 3801 3647 3853 ἂν
3676 3802 3752 3873 εἴη

493 3889 646 3957 Quod
679 3892 724 3945 si
763 3901 1003 3958 recuset,
1034 3892 1279 3959 quinam,
1321 3906 1524 3960 quaeso,
1550 3891 1788 3961 legitime
1818 3892 2065 3961 imperet,

2183 3890 2454 3960 ίρχεσθαι.
2490 3890 2553 3942 Εἰ
2586 3890 2643 3946 δὲ
2678 3889 2840 3952 αὐτὸς
2874 3890 3071 3960 ἀκυροῖ
3100 3890 3345 3956 τούτους,
3370 3891 3493 3955 πῶς
3515 3892 3587 3945 ἂν
3608 3894 3755 3962 νόμι-

494 3980 580 4033 cui
616 3980 745 4033 vitia
776 3978 1090 4047 imperent?
1148 3978 1290 4046 juste
1318 3978 1498 4047 itaque
1544 3988 1599 4033 et
1630 3977 1867 4047 legitime
1902 3979 2066 4048 impe-

2179 3997 2275 4048 μος
2302 3982 2387 4051 είη
2429 3980 2635 4052 ἄρχων,
2683 3980 2845 4044 αὐτὸς
2888 3980 2994 4033 ὑπὸ
3023 3980 3122 4049 τῆς
3166 3980 3365 4043 κακίας
3414 3981 3751 4052 ἀρχόμενος;

494 4082 634 4136 rato,
661 4081 720 4125 ut
754 4071 849 4126 tibi
889 4072 1228 4139 potissimum
1263 4072 1494 4139 imperes
1520 4110 1535 4133 ,
1566 4071 1763 4131 dehinc
1791 4074 2066 4127 commode

2182 4072 2408 4136 Δικαίως
2459 4072 2753 4143 τοιγαροῦν
2799 4073 2895 4126 καὶ
2950 4073 3200 4143 νομίμως
3247 4073 3404 4143 ἆρχε,
3461 4073 3631 4137 αὐτὸς
3662 4074 3754 4143 μὲν

494 4164 657 4218 etiam
690 4162 833 4218 aliis.
877 4161 933 4217 Si
975 4161 1186 4234 justum
1222 4162 1473 4231 ignorare
1509 4171 1561 4216 te
1595 4161 1793 4231 ﬁngas,
1824 4177 1947 4217 cum
1981 4178 2066 4217 sa-

2180 4166 2374 4224 σαυτοῦ
2400 4166 2501 4237 τὴν
2535 4166 2801 4238 μεγίστην
2822 4167 3021 4239 ἀρχὴν,
3047 4167 3154 4221 τῶν
3178 4168 3234 4222 δὲ
3259 4168 3587 4239 ἀρχομένων
3615 4168 3752 4221 δεόν-

494 4254 766 4324 pientibus
808 4263 972 4322 atque
1021 4253 1448 4323 iutelligentibus
1495 4254 1925 4317 communicato,
1975 4255 2066 4321 qui

2175 4277 2301 4323 τως.
2332 4260 2396 4315 Ei
2427 4260 2472 4314 δ’
2504 4260 2728 4328 ἄγνοιαν
2772 4260 2865 4312 τοῦ
2923 4260 3136 4312 δικαίου
3176 4262 3413 4334 σκήπτῃ,
3466 4260 3747 4313 ἀνακοίνου

489 4345 754 4416 justitiam
804 4344 1019 4407 colant,
1065 4354 1120 4399 et
1166 4344 1304 4401 feda
1335 4346 1517 4397 omnia
1560 4356 1936 4399 contemnant.
2013 4346 2061 4399 Si

2176 4352 2285 4412 τοῖς
2319 4354 2523 4419 σοφοῖς,
2562 4351 2658 4405 καὶ
2688 4353 2952 4415 συνετοῖς,
2991 4351 3083 4404 καὶ
3110 4350 3169 4403 τὸ
3204 4351 3409 4404 δίκαιον
3445 4352 3551 4421 μὲν
3582 4353 3748 4422 τιμῶ-

494 4452 624 4491 vero
645 4437 774 4505 quid
807 4439 1068 4504 peccaris,
1111 4438 1160 4490 id
1191 4437 1469 4507 corrigito.
1533 4435 1591 4493 Si
1620 4453 1748 4493 vero
1783 4439 2064 4493 existimas

2178 4458 2275 4505 σιν,
2321 4443 2563 4513 αἰσχρῶν
2591 4443 2647 4496 δέ
2707 4442 3016 4513 λημμάτιον
3078 4442 3537 4512 καταφρονοῦσιν.
3591 4445 3655 4496 Ei
3697 4443 3750 4496 δὲ

493 4528 549 4587 id
599 4527 966 4599 praeiudicium
1014 4528 1322 4589 auctoritati
1364 4527 1592 4593 aﬁ‘erre,
1628 4527 1767 4582 scito
1807 4528 1859 4582 id
1892 4528 2065 4585 maxi-

2179 4533 2275 4586 xct‘t
2324 4533 2484 4591 ἔλαθέ
2531 4551 2605 4601 τι,
2664 4533 3002 4603 ἐπανόρθουο
3055 4534 3103 4585 εί
3139 4534 3195 4585 δὲ
3229 4535 3331 4586 οἴει
3374 4535 3538 4588 τοῦτο
3588 4535 3750 4588 κατά-

493 4636 636 4675 mam
679 4635 870 4688 parere
902 4620 1141 4681 laudem.
1182 4619 1367 4689 Neque
1394 4635 1522 4675 vero
1552 4629 1661 4677 tam
1708 4619 1838 4673 illud
1884 4633 1950 4673 ex
1981 4634 2065 4673 me

2174 4641 2379 4692 γνωσιν
2420 4624 2628 4695 φέρειν,
2674 4624 2782 4677 ἴσθι
2815 4624 2897 4676 ὅτι
2962 4623 3180 4677 ἔπαινον
3238 4625 3495 4696 μέγιστον
3544 4626 3744 4677 τίκτει·

492 4712 803 4781 pronuntio,
837 4727 997 4778 quam
1026 4725 1092 4766 ex
1126 4710 1350 4767 historia
1386 4712 1437 4764 in
1468 4726 1628 4779 quam
1669 4725 1842 4781 nuper
1876 4710 2061 4766 incidi.

2176 4715 2465 4769 καὶτοῦτο
2511 4717 2613 4769 οὐκ
2648 4717 2745 4770 ἀπ’
2802 4715 3043 4786 ἐμαυτοῦ
3093 4718 3348 4770 τοσοῦτον
3402 4717 3571 4785 λέγω,
3632 4718 3748 4769 ὅσον

490 4803 740 4863 Rexerat
762 4803 894 4870 justi
922 4804 1137 4871 etazqui
1172 4804 1223 4857 in
1256 4803 1448 4872 primis
1475 4802 1771 4867 studiosus,
1805 4803 1872 4856 ad
1906 4805 2062 4858 urbes

2174 4807 2429 4878 ἀρχαίαις
2464 4808 2725 4879 ἱστορίαις
2764 4809 3025 4878 ἐντυχών.
3066 4808 3328 4871 Βασιλεὺς
3360 4810 3474 4879 γάρ
3510 4827 3597 4873 τις
3631 4809 3746 4861 λίαν

492 4896 573 4951 sic
610 4895 999 4963 perscribens:
1041 4913 1057 4944 ι
1096 4894 1154 4948 Si
1190 4894 1318 4964 quid
1352 4906 1538 4949 contra
1573 4896 1717 4965 leges
1764 4895 1881 4951 ﬁeri
1913 4897 2063 4951 ordi-

2180 4899 2264 4952 ιοῦ
2295 4899 2505 4953 δικαίου
2540 4900 2840 4971 φροντίζων
2872 4901 3081 4972 ἔγραφε
3117 4904 3238 4965 ταῖς
3284 4901 3543 4954 πόλεσινο
3581 4920 3602 4952 ‹
3655 4903 3752 4953 Ἀν

490 4986 670 5039 nando
699 4986 1105 5053 praescripsero,
1152 4986 1319 5042 nolite
1352 4997 1407 5039 ut
1456 4986 1725 5061 ignoranti
1771 4988 2012 5043 obedire.
2040 5007 2059 5041 ι

2175 5009 2224 5044 τι
2253 4991 2449 5061 γράψω
2482 4992 2636 5061 παρὰ
2687 4994 2812 5055 τοὺς
2845 4993 3043 5062 νόμους
3075 4994 3440 5062 παρατάττων
3483 4989 3747 5057 γίνεσθαι,

492 5073 550 5127 Si
577 5089 708 5127 vero
730 5072 817 5127 ille
840 5089 961 5127 cum
1001 5089 1092 5128 rex
1119 5084 1295 5139 esset,
1326 5090 1423 5129 nec
1471 5078 1707 5131 humano
1736 5076 1942 5145 judicio
1969 5078 2064 5133 ob-

2180 5083 2250 5155 μὴ
2281 5083 2571 5156 προσέχειν
2591 5084 2666 5146 ὡς
2690 5085 3004 5154 ἠγνοηκότι.
3039 5102 3057 5135 ι
3093 5084 3158 5135 Εἰ
3188 5082 3244 5135 δὲ
3272 5083 3478 5144 ἐκεῖνος
3502 5080 3752 5151 βασιλεὺς

492 5166 691 5223 noxius
729 5164 855 5231 (soli
888 5164 1031 5218 enim
1078 5164 1172 5218 Dei
1212 5164 1413 5232 judicio
1443 5166 1668 5234 subjecti
1705 5177 1830 5221 sunt
1879 5168 2064 5239 hujus—

2176 5172 2269 5237 ὢν,
2303 5173 2398 5226 καὶ
2438 5174 2671 5237 εὐθύνας
2711 5174 2864 5244 παρὰ
2886 5175 3189 5245 ἀνθρώπων
3224 5174 3299 5244 μὴ
3332 5173 3546 5243 μέλλων
3590 5174 3748 5225 ἀπαι-

493 5256 634 5309 modi
662 5277 675 5312 :
711 5257 852 5310 unde
885 5265 941 5309 et
968 5254 1178 5311 Psaltes
1208 5258 1284 5311 ait
1313 5276 1325 5311 :
1366 5257 1482 5312 Tibi
1516 5259 1613 5313 soli
1647 5260 1916 5331 peccavi),
1986 5262 2065 5317 sic

2180 5265 2384 5317 τεῖσθαι
2427 5267 2446 5335 (
2466 5268 2532 5336 τῇ
2563 5266 2673 5335 γὰρ
2712 5266 2834 5337 θείᾳ
2872 5267 2997 5337 δίκῃ
3035 5267 3193 5337 μόνος
3225 5268 3253 5319 ὁ
3300 5264 3543 5327 τοιοῦτος
3592 5262 3752 5316 ὑπεύ-

490 5345 844 5409 nihilominus
875 5346 1143 5414 justitiam
1180 5349 1385 5415 coluit,
1418 5361 1470 5405 te
1507 5367 1639 5407 sane
1668 5359 1723 5406 et
1768 5353 1983 5423 regibus
2012 5362 2062 5406 et

2179 5352 2349 5416 θυνος.
2382 5356 2475 5406 Διὸ
2501 5356 2596 5408 καὶ
2627 5356 2656 5407 ὁ
2682 5355 2933 5426 Μελῳδὸς
2964 5356 3151 5425 ἐλεγεο
3187 5373 3206 5406 ι
3259 5355 3352 5408 Σοὶ
3575 5354 3751 5426 ἦμαρ-

538 5503 583 5536 ”
616 5502 807 5558 Matth.
846 5519 983 5569 χχιι,
1021 5504 1206 5561 15-22.

1587 5612 1824 5670 νΑιιιΑῑ
1866 5614 2245 5671 LECTIONES
2283 5617 2371 5673 ET
2412 5617 2645 5675 NOTAE.

564 5769 682 5849 (ξιξ)
721 5769 1154 5844 Ἐμπεπτωκότα
1185 5778 1414 5841 uterque
1447 5770 1564 5825 cod.
1601 5769 1656 5826 in
1703 5770 2136 5844 ἐμπεπτωκότων

1036 5769 1154 5825 «ita
1185 5778 1414 5841 uterque
1447 5770 1564 5825 cod.
1601 5769 1656 5826 in
1703 5770 2144 5844 ἐμπεπτωκότων
2174 5783 2369 5831 mutat.
2399 5773 2608 5835 Possm.
