3982 6420
162 390 325 457 ιῦῡτ
915 389 1448 453 EPISTOLARUM
1480 389 1630 452 LIB.
1670 390 1740 451 V.
1778 378 1849 426 -ἷέ
1882 382 2120 447 EPIST.
2157 375 2637 442 CCCLXXXVII.
3270 366 3425 431 1558'

161 520 253 557 τον
273 505 345 574 ι),
378 501 525 555 οὓτω
547 499 642 553 τοῦ
668 499 880 554 δικαίου
911 502 1217 574 ἐφρόντιζε,
1255 504 1315 557 σὲ
1341 503 1435 558 τὸν
1462 503 1556 557 καὶ
1587 502 1741 573 βασι-

1888 494 2298 552 ubernatoribus
2341 489 2643 561 subiectum
2686 498 2788 558 par
2832 490 2916 539 est
2960 480 3165 550 justum
3214 477 3417 543 colere,

160 570 322 648 λεῦσι
358 594 454 648 καὶ
494 592 724 663 ἄρχουσι
755 570 997 663 μείζοσιν
1030 593 1412 665 ὑποκείμενον,
1441 570 1647 648 δίκαιον
1672 592 1739 647 ἂν

1888 590 2005 661 ηε
2046 581 2161 642 ιιωό
2197 586 2267 642 ab
2294 599 2361 639 eo
2387 583 2664 647 recedere,
2714 579 3043 649 cogitantem
3078 573 3223 642 quod
3253 570 3296 624 si
3331 571 3421 626 hie

159 687 251 757 εἴη
290 685 387 739 τοῦ
416 685 628 738 δικαίου
659 683 902 754 ἔχεσθαι,
947 685 1043 738 καὶ
1073 664 1338 757 μηδαμῶς
1366 687 1526 739 τοῦτο
1563 701 1742 756 παρα-

1888 683 2134 738 indictam
2164 676 2425 742 evaseris,
2456 675 2648 745 utique
2680 669 2921 727 divinam
2951 681 3058 722 non
3092 664 3310 720 evades.

159 774 397 829 ϐαίνειν·
428 772 734 837 ἐννοοῦντα,
757 775 843 829 ὃτι
875 776 925 828 εἰ
958 776 1054 829 καὶ
1081 775 1182 848 τὴν
1204 776 1442 832 ἐνταῦθα
1457 775 1743 845 διαφύγοις
2248 788 2251 789 ⁷

160 863 478 937 δίκην,.τὴν
518 864 671 917 θείαν
698 866 759 918 οὐ
785 864 1072 939 διαφεύξῃ.
2874 882 2881 888 ’

658 971 829 1026 THA'.
866 1002 936 1013 —
971 974 1261 1029 ΜΑΡΩΝΙ.

2220 965 2635 1027 CCCLXXXIV.
2668 996 2739 1007 —
2777 961 3062 1020 MARONI.

272 1068 478 1137 Corpus
503 1076 705 1135 pareat,
746 1082 890 1120 mens
935 1066 1172 1135 imperet.
1206 1066 1422 1137 (Confer
1447 1067 1600 1137 epist.
1628 1066 1735 1123 529
1761 1076 1809 1122 et
1840 1066 1932 1124 lib.
1961 1083 2001 1132 ι,
2041 1065 2195 1137 epist.
2232 1063 2320 1130 15,
2343 1071 2390 1119 et
2421 1062 2512 1116 lib.
2546 1073 2619 1125 tv,
2653 1058 2806 1129 epist.
2850 1055 2975 1123 124,
3010 1050 3310 1122 126,146.)

248 1181 313 1235 Ὅ
341 1177 448 1233 ὑπὸ
470 1178 579 1233 τῶν
610 1175 978 1249 ἀνελευθέρων
1006 1176 1106 1246 τῆς
1138 1176 1339 1248 σαρκὸς
1372 1176 1560 1231 παθῶν
1588 1176 1746 1241 ἐξαν-

1924 1176 2025 1245 Qui
2054 1174 2235 1232 carnis
2266 1171 2514 1228 illiberali
2549 1168 2885 1235 mancipatus
2905 1173 2988 1222 est
3014 1163 3146 1218 vitio
3171 1161 3255 1232 (ut
3278 1175 3426 1216 cras-

161 1270 550 1345 δραποδισθεὶς
594 1270 720 1339 (ἵνα
764 1269 860 1323 καὶ
906 1266 1204 1343 παχυτέρῳ
1237 1268 1531 1339 χρήσωμαι
1566 1283 1747 1336 παρα-

1888 1272 1996 1326 iore
2028 1278 2148 1324 utar
2177 1264 2447 1334 exemplo)
2490 1276 2596 1318 non
2641 1258 2906 1315 absimilis
2937 1265 3020 1310 est
3060 1253 3294 1323 aurigae,
3334 1251 3437 1320 qui.

162 1341 481 1437 δείγματι),
530 1361 709 1416 ἔοικεν
735 1360 959 1431 ἡνιόχῳ,
991 1341 1369 1413 ὲκπετττωκότι
1397 1358 1495 1430 μὲν
1522 1357 1615 1411 τοῦ
1650 1357 1750 1428 ap-

1888 1378 2006 1420 urru
2034 1357 2266 1420 excidit,
2298 1362 2541 1425 raptatus
2575 1367 2603 1406 a
2631 1348 2916 1420 iumentis,
2951 1360 3054 1401 nec
3082 1344 3149 1398 ab
3195 1341 3301 1397 illis
3336 1356 3429 1396 so-

412 1433 697 1525 συρομένῳ
734 1451 791 1505 δὲ
821 1451 926 1505 ὑπὸ
974 1450 1087 1504 τῶν
1125 1451 1313 1520 ἡνιῶν,
1344 1452 1454 1504 τῶν
1507 1450 1584 1521 μὴ
1614 1450 1750 1503 ἀπο-

1888 1466 2021 1518 Itus,
2076 1449 2170 1506 sed
2220 1448 2352 1518 jugo
2401 1444 2706 1512 implicatus
2758 1438 3025 1496 socordiae
3073 1436 3206 1491 dans
3250 1433 3427 1527 justas

163 1508 420 1603 λυουσίῖνν
472 1508 680 1612 αὐτίκ’
705 1542 844 1598 ἀλλά
888 1508 1352 1613 συμπλεκομένων
1386 1508 1751 1613 αὺτῷ,.δίκην

1888 1558 2054 1601 muas.
2096 1540 2221 1595 Haec
2248 1540 2392 1593 enim
2427 1537 2640 1591 inversa
2667 1532 2920 1586 accidunt
2948 1536 3162 1583 natura.
3194 1508 3431 1580 Cur‘rum

164 1643 267 1713 τῆς
298 1637 573 1711 ῥᾳθυμίας
603 1634 1009 1705 ἀπαιτουμένῳ.
1044 1633 1213 1687 Ἔνθα
1237 1634 1302 1705 δὴ
1335 1633 1446 1686 τῶν
1472 1633 1615 1686 κατά
1644 1632 1750 1701 φύ-

1888 1637 1989 1691 nim
2040 1643 2186 1688 recte
2215 1647 2282 1686 ex
2314 1638 2432 1683 arte
2461 1639 2653 1695 regere
2678 1623 2931 1678 convenit
2955 1638 2969 1687 ;
3007 1618 3148 1673 male
3175 1631 3306 1671 vero
3336 1631 3426 1668 re-

168 1710 258 1783 σιν
287 1710 556 1783 τάναντία
583 1726 847 1781 ἐκϐαίνει.
890 1726 1021 1779 Δέον
1062 1724 1172 1796 γὰρ
1207 1724 1270 1777 τὸ
1302 1725 1459 1795 ἆρμα
1505 1723 1611 1776 ὑπὸ
1651 1723 1751 1795 τῆς

1888 1745 2002 1793 ens,
2034 1728 2101 1782 ab
2134 1724 2287 1795 equis
2317 1718 2562 1790 raptatur
2587 1716 2796 1785 auriga.
2841 1714 3096 1767 Evertere
3122 1710 3265 1765 enim
3294 1722 3420 1761 eum

166 1820 369 1891 τέχνης
401 1817 500 1871 τοῦ
545 1816 764 1886 ἡνιόχου
799 1813 1028 1883 ἄγεσθαι
1074 1788 1274 1878 καλῶς,
1310 1788 1355 1867 ὁ.
1382 1788 1597 1885 ἧνίοχος
1645 1788 1752 1865 Orib

1889 1822 1941 1876 ui
1975 1836 2042 1876 ex
2076 1826 2271 1873 natura
2317 1815 2578 1883 imperat,
2623 1809 2676 1863 id
2718 1815 2801 1862 est
2842 1814 3095 1859 naturam
3130 1803 3428 1855 invertere.

170 1888 283 1963 τῶν
324 1888 513 1963 ίππων
566 1906 792 1978 σύρεται
833 1905 1042 1968 κακῶς.
1084 1904 1199 1975 Τῆς
1249 1904 1359 1975 γὰρ
1396 1904 1538 1957 κατά
1586 1902 1751 1972 φύσιν

1888 1912 2060 1979 lorpus
2088 1906 2269 1975 itaque
2303 1917 2332 1957 a
2363 1908 2549 1957 mente
2575 1897 2686 1966 regi
2719 1910 2819 1964 par
2852 1903 2937 1948 est
2971 1908 3034 1947 ac
3067 1888 3377 1961 gubernari.
3454 1906 3459 1923 τ

171 2000 473 2073 ἡγεμονίας
503 1996 805 2070 ἀνατροπὴ,
854 1998 889 2068 ἡ
918 1996 1073 2069 παρά
1096 1996 1259 2068 φύσιν
1290 1995 1644 2067 παρατροπὴ,
1670 1993 1753 2049 διδ

172 2093 282 2166 χρὴ
303 2093 400 2148 τὸν
427 2091 555 2147 νοῦν
588 2092 859 2164 κυϐερνᾷν
885 2090 948 2145 τὸ
983 2090 1163 2159 σῶμα.

649 2220 824 2276 mea
853 2248 926 2263 -—
948 2220 1037 2292 Tu
1068 2218 1272 2291 ΔΥΤῼ.

2256 2207 2651 2269 CCCLXXXV.
2689 2235 2759 2249 --
2814 2200 3045 2258 ElDEM.

1161 2310 1519 2365 Fortitudinis
1562 2322 1807 2365 extrema:
1836 2309 2066 2365 audacia
2096 2317 2145 2363 et
2185 2306 2467 2361 timiditas.

242 2429 321 2483 Τὸ
352 2427 454 2499 μὲν
474 2425 859 2497 λελογισμένον
890 2424 987 2479 καὶ
1007 2425 1275 2493 γενναῖον,
1302 2422 1548 2493 ἀνδρεῖον
1579 2421 1753 2489 ἔγωγε

1931 2418 2083 2485 Quod
2113 2425 2198 2473 est
2228 2430 2353 2470 cum
2381 2414 2592 2468 ratione
2622 2425 2688 2465 ac
2717 2403 2980 2480 generose
3015 2412 3223 2474 gestum
3248 2440 3264 2466 ,
3296 2401 3437 2455 idem

171 2494 367 2573 καλῶί
400 2514 459 2570 τὸ
496 2515 553 2570 δὲ
582 2494 797 2583 ἀλοέον,
838 2513 934 2568 καὶ
959 2512 1061 2584 τὴν
1091 2511 1221 2566 ἄνευ
1262 2509 1357 2564 νοῦ
1392 2511 1590 2581 ἀλκὴν,
1622 2509 1753 2583 θρα-

1888 2526 1961 2580 τεο
1988 2510 2131 2565 forte
2160 2524 2225 2563 ac
2246 2506 2403 2562 virile
2434 2504 2679 2576 appello;
2715 2510 2925 2565 contra,
2948 2498 3089 2569 quod
3124 2494 3441 2564 imprudens

177 2608 389 2680 σύτητα
414 2604 827 2679 προσαγορεύω.

1888 2612 1946 2655 :st
1979 2616 2041 2655 ac
2074 2600 2191 2656 sine
2224 2607 2404 2652 mente
2431 2595 2710 2669 robustum
2732 2630 2747 2657 ,
2778 2591 2831 2647 id
2860 2605 2961 2661 ego
2991 2587 3278 2643 audaciam
3307 2599 3443 2640 con—

1863 2691 2249 2759 ﬁdentiamque
2278 2690 2487 2742 dixero.

450 2809 640 2877 Τῐιςν.
676 2838 747 2850 -—
774 2806 1028 2877 ΑΛΦΕῙῼ
1057 2804 1484 2860 ΜΟΝΑΖΟΝΤΙ.

2060 2794 2480 2855 CCCLXXXVI.
2518 2824 2586 2835 —
2618 2790 2874 2848 ALPHIO
2907 2784 3267 2845 MONACHO.

1432 2900 1511 2956 De
1529 2900 1656 2968 jure
1678 2898 1799 2954 belli
1820 2914 1883 2953 ac
1906 2897 2170 2953 riudictw.

392 3026 490 3095 μὲν
508 3024 620 3078 τῶν
645 3026 943 3096 ἀλλοτρίων
968 3025 1133 3081 ἕνεκα
1159 3028 1407 3098 κτήσεως
1428 3026 1595 3098 μόνης
1621 3024 1753 3097 (26),

1936 3021 2084 3078 Bella
2152 3020 2265 3076 fere
2311 3016 2383 3075 ob
2425 3015 2633 3071 alienas
2691 3010 2997 3068 conﬂantur
3048 3009 3453 3080 possessiones,

2434 3124 2441 3125 ,
2476 3122 2545 3125 ,-_
2591 3105 2794 3125 ___!j-_--
2828 3102 2962 3125 ι..11Δ
2999 3110 3243 3125 ..Α..-.,ι.υ.
3278 3114 3407 3125 ...ιιι-ι

176 3117 213 3183 ἦ
270 3116 529 3186 μάλιστα,
574 3117 623 3170 οί
659 3117 887 3188 πόλεμοι
924 3118 1376 3191 ἀναῤῥιπίξονται
1399 3136 1413 3150 ·
1445 3116 1506 3172 οὐ
1552 3118 1753 3179 πάντας

1888 3128 2147 3185 bonaque:
2180 3127 2245 3168 ac
2275 3125 2343 3166 ne
2362 3122 2553 3165 omnes
2583 3105 2798 3176 quidem
2828 3102 2965 3159 bella
2997 3110 3244 3173 gerentes
3277 3114 3444 3153 accu-
3547 3147 3553 3155 .

175 3209 238 3299 δὲ
273 3207 426 3299 τοὺς⁸
442 3209 815 3280 πολεμοῦντας
855 3188 1124 3268 αἰτιατέον
1148 3228 1162 3243 ⁸
1204 3212 1339 3266 ἀλλά
1364 3212 1493 3274 τοὺς
1524 3209 1625 3281 μὲν
1660 3209 1753 3282 ἀρ-

1893 3206 2050 3274 andi,
2080 3205 2175 3262 sed
2215 3202 2306 3274 qui
2336 3198 2638 3270 suscipiunt
2666 3195 2751 3251 vel
2799 3194 3033 3264 injuriae,
3066 3193 3150 3249 vel
3194 3188 3443 3261 rapiendi

182 3280 446 3371 ξανταςῆ
481 3278 681 3371 χειρῶν
728 3300 931 3355 ἀδίκων
959 3302 992 3372 ἢ
1027 3302 1309 3375 ἁρπαγῆς,
1343 3300 1419 3365 ὡς
1453 3278 1753 3372 ἀλιτηρίους

1888 3311 2048 3362 ausa,
2076 3294 2131 3351 hi
2162 3290 2451 3364 perniciosi
2475 3288 2626 3345 velut
2650 3287 2924 3343 daemones
2954 3282 3210 3339 habendi.
3251 3282 3322 3336 At
3347 3278 3444 3350 qui

180 3389 445 3459 δαίμονας
473 3390 778 3460 νομιστέον.
831 3371 1468 3462 Τοῦςίδεάμυνομένους
1505 3371 1753 3460 μετρίως1

1888 3387 2110 3442 nodeste
2138 3383 2419 3440 vindicant
2453 3394 2517 3437 ac
2546 3377 2827 3434 moderate
2853 3375 3186 3431 ulciscuntur
3219 3371 3446 3443 injurias

182 3479 313 3533 οὔτε
366 3480 643 3550 μεμπτέον
690 3481 767 3545 ὡς
825 3481 1066 3546 ἀδίκους.
1118 3482 1368 3553 Νόμιμον
1396 3480 1505 3551 γὰρ
1534 3481 1753 3551 πρᾶγμα

1888 3477 2065 3543 llatas,
2089 3490 2197 3532 non
2225 3482 2371 3530 sunt.
2399 3482 2458 3527 ut
2499 3471 2627 3542 justi
2679 3465 3131 3540 reprehendendi.
3165 3463 3245 3519 Ex
3272 3463 3449 3534 legum

185 3570 470 3624 ποιοῦσιν⁹
509 3570 633 3626 οὔτε
676 3574 785 3642 μὴν
830 3573 1174 3642 θαυμαστέον
1206 3573 1282 3637 ὡς
1316 3572 1639 3643 φιλοσόφους
1675 3572 1753 3625 καί

1888 3569 2014 3623 enim
2035 3565 2353 3638 praescripto
2380 3578 2493 3619 rem
2520 3569 2748 3631 gerunt:
2778 3572 2952 3627 neque
2975 3571 3066 3611 eos
3087 3554 3250 3611 veluti
3276 3552 3451 3624 philo-

187 3663 625 3733 ἀνακηρυκτέον,
651 3665 749 3718 ἆτε
777 3663 889 3734 (27)
916 3664 1128 3735 οὐρανῷ
1154 3665 1471 3735 πρέπουσαν
1495 3664 1753 3717 πολιτείαη

1888 3661 2075 3730 sophos
2102 3654 2363 3713 admirari
2395 3660 2611 3723 oportet
2660 3665 2761 3706 nec
2791 3648 3155 3719 depraedicare
3182 3647 3334 3715 quasi
3368 3643 3451 3698 vi-

190 3753 666 3825 πολιτευομένους,
707 3756 810 3810 οὐκ
855 3758 914 3810 ὲν
952 3756 1031 3828 τῷ
1059 3757 1316 3829 ἀντιδρᾷν
1349 3756 1386 3813 ἃ
1413 3756 1747 3810 πεπόνθασιν

1888 3768 1984 3807 .am
2012 3748 2153 3807 caelo
2181 3748 2395 3815 dignam
2426 3747 2718 3807 ducentes,
2747 3755 2855 3796 non
2894 3741 2947 3795 in
2987 3736 3346 3807 rependendis
3369 3736 3455 3789 in-

189 3844 313 3898 ἀλλ’
338 3846 399 3898 ὲν
418 3844 509 3916 τῷ
542 3846 804 3914 γενναίως
838 3849 1083 3916 ἐνεγκεῖν
1109 3848 1209 3918 τὴν
1234 3846 1526 3915 ἀνανδρίαν
1556 3844 1753 3916 κρίναν

1899 3843 2032 3899 nriis
2058 3856 2193 3912 quas
2223 3838 2464 3911 perpessi
2501 3845 2665 3902 sunt,
2691 3835 2786 3889 sed
2805 3833 2950 3902 quod
2976 3830 3208 3886 viriliter
3242 3838 3298 3883 et
3322 3842 3455 3883 eou-

190 3953 317 4000 τας.
369 3938 508 4001 Τοὺς
544 3937 601 3991 δὲ
637 3938 863 4001 δικαίως
915 3938 1016 4009 μὲν
1061 3917 1456 4008 ἀμυνομένους,
1506 3933 1753 4006 ὑπερϐαί·

1888 3945 2084 3991 stanter
2112 3932 2231 3987 illas
2256 3931 2550 4000 perferant,
2585 3926 2835 3981 inertiam
2861 3920 3159 3991 culpantes.
3195 3917 3297 3984 Qui
3323 3932 3456 3972 vero

193 4044 390 4091 νοντας
431 4028 489 4082 δὲ
535 4031 635 4100 τῆς
687 4030 903 4101 ἀμύνης
949 4030 1014 4084 τὸ
1059 4030 1275 4101 μέτρον,
1328 4028 1405 4092 ὡς
1454 4024 1753 4081 ἀδικοῦνται

1888 4030 2015 4093 iuste
2043 4024 2259 4093 quidem
2288 4037 2350 4077 se
2383 4021 2678 4081 vindicant,
2710 4014 2927 4070 modum
2961 4023 3139 4068 tamen
3163 4009 3454 4071 excedunt,

196 4120 497 4191 γραπτέον.
549 4122 615 4176 Οἱ
666 4122 777 4192 γὰρ
821 4121 1078 4192 ἀμέτρως
1132 4120 1486 4191 ἀμυνόμενοι,
1532 4118 1753 4187 δεύτερο

1888 4118 1913 4172 ii
1962 4126 2021 4171 ut
2053 4116 2235 4185 injusti
2278 4122 2407 4168 sunt
2445 4109 2756 4166 accusandi.
2796 4107 2897 4174 Qui
2919 4106 3070 4161 enim
3102 4102 3458 4160 immoderate

197 4212 366 4267 πάλιν
422 4212 811 4283 κατάρχουσιν.
881 4214 1254 4285 Ἀντιμετρεῖν
1306 4211 1415 4283 γὰρ
1488 4210 1593 4281 χρὴ
1663 4210 1753 4264 τοῖς

1888 4208 2239 4270 ulciscuntur,
2266 4204 2557 4260 secundam
2579 4211 2634 4257 et
2656 4213 2848 4255 novatn
2869 4197 3156 4253 ordiuntur
3183 4192 3457 4260 injuriam.

205 4282 644 4372 πλημμελήμασι
677 4302 778 4365 τὰς
806 4282 1100 4372 τιμωρίας,
1131 4282 1237 4375 οὐχ
1263 4282 1617 4370 ὑπερὸαίνειν
1641 4312 1659 4329 ·-
1691 4294 1753 4348 iw

1888 4300 2078 4356 Poenas
2104 4299 2259 4353 enimn
2294 4294 2507 4351 delictis
2527 4307 2649 4348 esse
2675 4305 2836 4359 pares
2866 4296 3113 4358 oportet,
3148 4300 3256 4339 non
3286 4282 3459 4349 majo-

198 4392 281 4463 μὴ
318 4392 382 4445 τδ
418 4391 627 4468 δίκαιον
674 4393 772 4446 καὶ
810 4392 872 4447 τὸ
900 4392 1129 4463 νόμιμον
1158 4372 1515 4462 ὑπερϐάντες,
1551 4390 1646 4441 καὶ
1682 4387 1750 4459 τὴ

1888 4405 1994 4455 res,
2024 4403 2091 4444 ne
2119 4388 2322 4458 justum
2357 4394 2412 4440 et
2444 4396 2659 4453 aequum
2693 4380 3022 4450 transgressi
3040 4384 3096 4431 et
3133 4374 3357 4444 iustitiae
3393 4372 3461 4425 li-

198 4484 296 4536 ὲπὶ
336 4482 417 4554 τῷ
457 4466 681 4548 δικαίως
717 4481 1166 4554 ὲπεξεληλυθέναι
1197 4482 1354 4548 δόξαν
1384 4480 1753 4552 λυμηνάμενοι

1888 4498 1983 4540 nes
2010 4481 2319 4539 excedenda
2346 4477 2571 4549 gloriam
2611 4473 3054 4533 dehonestantes,
3091 4470 3232 4523 inter
3259 4466 3463 4520 alasto-

199 4576 286 4641 είς
318 4577 447 4640 τοὺς
477 4575 783 4648 ἀλάστορας
810 4576 1182 4648 ὲγγραφῶσλν.

1888 4592 1975 4633 res
1999 4574 2326 4636 referantur,
2357 4570 2619 4626 excedere
2645 4565 2881 4622 videare.
2922 4562 3158 4618 Gloriam
3188 4559 3331 4614 enim
3367 4559 3462 4619 de,

1888 4669 2201 4730 honestam,
2233 4662 2457 4733 iustitia:
2488 4662 2623 4715 lines
2650 4655 2983 4722 excedendo,
3011 4663 3175 4722 utque
3200 4650 3335 4706 diris
3365 4663 3463 4703 ex-

1888 4754 2134 4814 secrandi
2170 4752 2402 4809 habendi
2433 4760 2593 4809 sunt.,

668 4872 838 4930 TIIZ'.
877 4905 951 4915 -
987 4874 1327 4945 eamme.

2224 4857 2668 4920 CCCLXXXVII.
2707 4888 2778 4899 —
2812 4854 3141 4914 OLYMPIO.

835 4984 936 5041 Sui
957 4986 1183 5056 cognitio
1215 4986 1388 5055 prima
1417 4983 1486 5036 ad
1532 4981 1804 5036 scientiam
1830 4981 1954 5045 via;
1980 4994 2044 5034 ea:
2075 4974 2310 5032 Platonis
2339 4970 2611 5026 Alcibiade
2636 4968 2832 5037 priore.

284 5096 411 5150 Ὀτι
437 5094 500 5149 τὸ
523 5094 723 5149 εἰδέναι
752 5094 958 5149 οἴεσθαι
994 5091 1090 5147 τοῦ
1121 5092 1196 5163 μὴ
1225 5091 1420 5145 εἰδέναι
1453 5091 1625 5144 αίτιον
1645 5089 1749 5143 καθ

1960 5086 2060 5153 Qui
2095 5085 2238 5141 scire
2267 5097 2325 5138 se
2350 5086 2527 5152 putat,
2550 5092 2647 5134 cur
2672 5074 2805 5130 nihil
2836 5074 2973 5129 sciat
3010 5072 3112 5127 sibi
3147 5082 3306 5124 causa
3335 5077 3463 5125 est:

208 5190 478 5259 έστηκεν·
527 5188 576 5241 εί
623 5186 717 5239 καὶ
757 5185 987 5254 αἴνιγμα
1036 5158 1361 5237 δοκεῖ-εἷναί
1411 5197 1493 5233 σοι
1536 5180 1598 5233 τὸ
1628 5181 1750 5250 είρη

1892 5176 2047 5231 mtilti
2077 5175 2141 5228 ad
2165 5173 2522 5228 eruditionem
2550 5166 2941 5239 pervenissent,
2970 5163 3071 5218 nisi
3099 5176 3158 5216 se
3198 5158 3310 5227 jam
3340 5172 3467 5226 pero

214 5249 399 5351 μενόν.
448 5279 734 5349 Μαρτυρεῖ
773 5249 1023 5340 Πλάτων,
1052 5275 1111 5329 ὃν
1148 5277 1234 5327 ἀεὶ
1275 5273 1371 5327 ἐπὶ
1401 5272 1667 5343 στόματος
1686 5249 1753 5339 rp!

1894 5268 2104 5323 venisse
2135 5271 2444 5336 putassent,
2504 5263 2581 5316 ait
2613 5260 2842 5315 Seneca.
2906 5255 2962 5311 ltl
3018 5254 3063 5309 si
3110 5252 3338 5321 aanigma
3372 5249 3475 5303 tibi

212 5341 350 5445 ρεις,
396 5341 571 5439 λέγων
612 5341 748 5440 τέρδς
774 5369 865 5422 τὸν
902 5368 1265 5436 Ἀλκιϐιάδην.
1288 5369 1447 5419 Σωκο
1554 5364 1753 5431 Πότερο

1897 5361 2165 5423 videatur,
2198 5356 2351 5411 testis
2380 5355 2603 5410 idoneus
2628 5352 2782 5406 Plato
2812 5359 2932 5415 est,
2974 5362 3133 5417 quem
3168 5359 3382 5412 semper
3408 5341 3466 5397 in

215 5462 416 5519 σσυτδν
458 5436 711 5531 λέληθας,
765 5462 846 5515 ὅτι
899 5460 999 5515 οὐκ
1043 5460 1333 5514 ἐπίστασαι
1386 5455 1641 5527 τοῦτο;ἢ
1693 5456 1753 5525 ἐμ

1902 5466 1996 5507 ore
2042 5447 2247 5503 habens
2294 5445 2515 5510 laudas,
2564 5459 2688 5499 cum
2723 5439 2998 5496 Alcibiade
3047 5437 3127 5493 sic
3174 5436 3491 5491 disserens.

1306 5640 1537 5699 VARIIE
1575 5636 1958 5696 LECTIONES
1998 5632 2088 5688 ET
2124 5631 2354 5688 NOTAE.

300 5805 413 5876 $2.3)
444 5803 571 5861 Post
602 5803 770 5876 μόνης
803 5803 965 5860 iidem
1009 5802 1211 5857 addunt
1235 5799 1333 5863 ὡς.
1366 5798 1473 5853 Pro
1515 5798 1609 5852 Ξὶτε
1640 5794 1753 5851 ἰὶιιυι

1888 5800 2010 5862 gunt
2042 5787 2186 5843 οὕτε.
2218 5786 2427 5841 Possm.
2452 5826 2457 5829 .
