3982 6420
497 323 634 391 1559

1703 349 1763 408 S.
1806 350 2096 411 ISIDORI
2133 352 2570 416 PELUSIOTE

3625 360 3805 427 1560

495 437 811 495 SBCRATES:
861 461 880 493 ι
907 444 1403 517 Animadvertisne,
1428 468 1462 507 o
1488 452 1820 521 Alcibiades,
1869 466 1926 513 te
1952 460 2066 516 haec
2093 520 2096 529 ,

2185 460 2358 526 Ξλαθες
2386 463 2695 532 μανθάνων,
2736 464 2834 519 καὶ
2861 462 3072 535 φοιτῶν
3110 468 3192 532 είς
3222 468 3573 535 διδασκάλω,
3605 473 3681 535 ὃς
3726 488 3805 524 σε

496 529 783 599 ignorare?
812 534 980 606 676
1010 553 1078 591 an
1104 554 1189 594 me
1221 544 1406 598 nescio
1432 544 1547 599 haec
1570 546 1828 617 didicisti,
1857 562 1912 606 et
1936 567 2072 621 pra:-

494 626 733 692 ce-ptoris
760 641 975 694 Operam
1015 629 1449 706 industriamque
1485 637 1816 707 adhibuimi,
1863 644 1956 713 qui
2021 654 2072 700 le

495 713 715 769 doceret
736 716 1034 784 dijudicare
1063 719 1261 789 justius
1290 735 1345 779 et
1381 726 1673 794 injustius?
1702 750 1720 782 ι
1763 731 1882 786 Mox
1912 735 2071 789 ALCI-

496 818 691 861 BIADES
714 823 728 861 :
785 823 804 859 ο
826 806 1024 874 Quidni
1054 813 1252 881 possim
1272 814 1295 867 ?
1314 834 1334 867 ι
1399 815 1527 874 Soc.
1565 837 1585 870 ι
1605 819 1963 879 Existimasne
1985 841 2071 881 me

499 912 677 950 rerum
725 895 992 964 justarttm
1029 908 1082 953 et
1143 899 1463 967 injustarum
1507 906 1876 965 deﬁnitionem
1921 913 2072 983 ἱεηο-

500 986 662 1040 rare?
711 985 977 1042 Existimo
1009 1000 1157 1045 certe
1196 1003 1249 1048 te
1282 994 1428 1050 illam
1470 1013 1664 1068 posse,
1696 1002 1742 1056 si
1774 1017 1894 1060 eam
1927 1020 2075 1061 com-

496 1077 766 1145 pereris.»
836 1080 1024 1137 Amm.
1083 1082 1281 1140 «Tunc
1313 1102 1444 1142 vero
1494 1091 1779 1149 arbitraris
1836 1112 1923 1152 me
1964 1112 2071 1153 non

495 1170 865 1240 comperisse?
893 1191 912 1224 ι
968 1172 1093 1228 Soc.
1135 1192 1155 1227 ι
1187 1176 1449 1246 Equidem
1472 1184 1730 1250 arbitror,
1759 1188 1802 1241 si
1836 1203 1955 1243 eam
1986 1190 2072 1245 in-

498 1260 866 1331 vestigaveris.
893 1281 911 1313 ι
969 1263 1155 1320 Atcm.
1207 1266 1364 1323 «Jam
1397 1285 1553 1327 mene
1586 1289 1691 1329 non
1718 1277 2074 1349 investigasse

2189 552 2435 607 ἐδίδασκε
2473 555 2856 624 διαγινώσκειν
2885 558 2947 611 τὸ
2971 557 3308 630 δικαιότερόν
3338 578 3398 614 τε
3440 564 3534 617 καὶ
3560 562 3807 617 ἀδικώ-

2175 661 2369 715 τερον;
2417 665 2436 699 ι
2488 647 2651 702 Ἀλφι.
2695 668 2715 699 ι
2756 650 2821 703 Τί
2849 649 2938 715 δὲ,
2983 652 3032 704 εί
3063 653 3139 723 μὴ
3170 653 3309 723 ἐχως
3350 673 3369 706 ι
3402 656 3544 711 Σωκ.
3593 674 3613 707 ι
3657 656 3804 707 Οὐκ

2178 736 2245 790 ἂν
2273 737 2377 789 οῐει
2414 755 2483 807 με
2525 738 2702 802 ἄλλως
2727 741 2925 797 εἰδέναι
2974 744 3104 815 περὶ
3136 744 3247 798 τῶν
3274 746 3496 801 δικαίων
3522 749 3619 800 καὶ
3656 746 3808 799 ἀδί-

2177 843 2319 893 κων;
2361 828 2485 893 ναὶ,
2527 830 2642 897 είγε
2675 830 2894 904 εὖροις’
2936 851 2956 884 ι
3020 834 3172 889 Ἀλκ.
3215 855 3234 889 ι
3292 836 3432 889 Ἀλλ’
3461 838 3569 890 οὐκ
3599 838 3683 891 ἄν
3721 855 3805 906 με

2173 918 2356 990 εὑρεῖν
2385 923 2529 993 imi;
2568 941 2588 975 ι
2618 925 2764 979 Σωκ.
2802 944 2822 976 ι
2843 926 2952 980 Καὶ
2984 928 3134 996 μάλα
3161 945 3248 997 γε,
3299 930 3348 981 εί
3376 929 3721 1000 ζητήσειας.
3769 949 3793 981 ι

2187 1010 2339 1065 Ἀλκ.
2378 1010 2541 1068 «Εἶτα
2564 1015 2799 1086 ζητῆσαι
2817 1018 2916 1071 οὐκ
2934 1018 3002 1074 ἂν
3022 1019 3124 1073 οῐει
3144 1036 3246 1090 με;
3272 1040 3291 1073 s
3318 1022 3456 1074 Σωκ.
3484 1039 3501 1072 ι
3518 1022 3797 1089 Ἔγωγε,

2169 1105 2220 1157 εί
2248 1104 2493 1176 οἰηθείης
2524 1107 2601 1179 μὴ
2625 1110 2822 1163 εἰδέναι
2859 1111 2996 1181 (27).
3039 1130 3059 1164 ι
3097 1113 3159 1166 El
3187 1113 3367 1166 τοίνυν
3400 1113 3557 1167 ταῦθ’
3588 1114 3797 1178 οὕτως

2175 1184 2308 1263 ἔχει,
2344 1198 2465 1249 τότε
2508 1199 2791 1269 εἰσόμεθα,
2846 1203 2975 1256 ὅταν
3019 1203 3094 1275 μὴ
3129 1204 3329 1258 εἰδέναι
3366 1206 3609 1275 οἰόμενοι
3645 1209 3799 1271 τοὺς

2174 1285 2530 1354 διδάσκοντας
2560 1291 3009 1365 ὲπιζητήσωμεν.

496 1355 858 1413 arbitraris?)
919 1359 1045 1415 Soc.
1091 1361 1391 1432 «Arbitror,
1423 1366 1470 1421 si
1502 1366 1793 1437 aliquando
1813 1373 2067 1441 opinatus
2105 1392 2165 1433 es
2194 1390 2247 1434 te
2310 1383 2457 1439 illam
2490 1355 2801 1454 ignorare;
2855 1355 2987 1454 Quae
3014 1405 3138 1444 cum
3205 1391 3280 1445 ita
3303 1392 3430 1458 sint,
3467 1402 3605 1449 tunc
3631 1395 3797 1451 scie-

495 1462 617 1503 mus
637 1464 805 1515 ,cnm
854 1466 959 1505 non
996 1453 1136 1508 scire
1163 1468 1257 1509 eos
1296 1457 1673 1516 existimantes
1703 1464 1794 1532 qui
1846 1480 1945 1521 nos
1980 1468 2211 1525 doceant
2240 1453 2713 1544 conquisierimus.

495 1558 958 1616 CCCLXXXV'III.
985 1593 1056 1603 —
1082 1562 1478 1624 ATHANASIO
1500 1580 1555 1626 et
1579 1570 2066 1633 THEOGNOSTO.

2337 1586 2518 1643 THH’.
2558 1619 2629 1630 —
2661 1591 3004 1665 ΑΘΑΝΛΣΙῼ
3030 1596 3151 1649 ΚΑΙ
3181 1597 3605 1669 ΘΕΟΓΝΩΣΤῼ.

886 1652 1143 1709 Timothei
1172 1659 1276 1711 vita
1314 1659 1485 1727 functi
1509 1661 1772 1730 laudatio,
1803 1669 1962 1722 veluti
1992 1669 2230 1739 funebris
2260 1682 2456 1745 oratio,
2495 1681 2559 1734 de
2590 1699 2691 1752 quo
2733 1694 2779 1737 et
2808 1684 2898 1737 lib.
2933 1652 2994 1750 tt,
3043 1688 3197 1752 epist.
3228 1689 3376 1760 155.)

570 1756 691 1814 Vita
728 1776 900 1830 nuper
943 1762 1183 1818 functum
1220 1766 1564 1839 Timotheum
1610 1773 1782 1829 bonos
1828 1776 2075 1833 imitandi
2109 1773 2152 1828 Β

496 1851 996 1919 studiosissimum,
1034 1856 1380 1928 maximeque
1406 1861 1783 1919 admirandum
1809 1905 1826 1932 ,
1861 1867 1947 1923 vel
1992 1884 2078 1925 me

496 1951 711 1999 tacente
748 1946 945 2000 novisti
981 1962 1292 2016 expressam
1326 1950 1547 2009 virtutis
1580 1953 1840 2012 habuisse
1875 1959 2077 2030 imagi-

496 2049 644 2091 nem.
698 2035 849 2103 Quod
878 2053 1008 2093 vero
1040 2040 1276 2097 maxime
1317 2043 1474 2099 nobis
1505 2043 1758 2103 addictus
1795 2049 1992 2117 fuerit,
2025 2061 2081 2106 et

496 2140 526 2178 a
568 2128 726 2183 nobis
761 2140 1001 2198 putetur,
1043 2134 1143 2187 etsi
1190 2147 1295 2187 non
1335 2134 1405 2189 ita
1453 2140 1566 2200 sit,
1606 2137 1829 2195 duxisse
1867 2141 2077 2198 initium

497 2220 581 2275 sui
617 2221 669 2274 in
700 2221 891 2276 melius
919 2237 1257 2292 progressus,
1280 2228 1527 2294 quamvis
1559 2228 1724 2283 multa
1757 2245 1880 2299 qua:
1901 2233 2077 2287 dicam

497 2322 823 2382 suppetunt,
861 2316 1231 2383 praetermitto,
1265 2316 1387 2369 aliis
1414 2317 1654 2373 dolorem
1691 2320 1742 2373 in
1778 2322 1844 2375 iis
1874 2323 2088 2392 quibus

497 2404 721 2476 glorior,
756 2406 1086 2477 relinquens.
1151 2407 1327 2464 Unum
1362 2411 1568 2478 dicam,
1604 2412 1758 2482 cujus
1801 2415 1877 2468 rei
1913 2424 2079 2471 testes

497 2496 656 2549 amici
686 2508 836 2562 sunt,
865 2500 1029 2554 etiam
1068 2500 1298 2569 inimici,
1329 2517 1395 2557 eo
1427 2518 1489 2559 se
1512 2505 1816 2571 demisisse,
1844 2517 2078 2563 tantam-

498 2606 603 2657 que
626 2606 752 2661 erga
783 2606 879 2645 nos
913 2592 1225 2649 exhibuisse
1259 2595 1718 2661 benevolentiam,
1744 2608 1804 2653 ut
1839 2600 1884 2654 si
1917 2600 2078 2656 dare-

501 2691 588 2733 tur
633 2680 707 2734 illi
739 2682 924 2750 optio;
981 2684 1071 2738 ubi
1109 2685 1328 2748 mallet,
1367 2699 1435 2739 an
1480 2686 1533 2741 in
1572 2688 1737 2759 regiis
1762 2692 1967 2745 versari
1995 2690 2080 2745 vel

499 2787 708 2826 mecmn
738 2812 754 2838 ,
792 2774 894 2829 hoc
936 2774 1056 2830 sine
1088 2775 1253 2832 dubio
1288 2778 1591 2846 praeferret.
1660 2779 1865 2849 Duplici
1915 2782 2081 2852 igitur

498 2864 716 2916 nomine
757 2864 874 2932 ejus
910 2878 1141 2922 mortem
1194 2869 1420 2925 moieste
1464 2869 1605 2937 fero,
1650 2888 1771 2927 cum
1826 2874 1896 2929 ob
1925 2891 2080 2930 sum-

497 2971 642 3009 mam
680 2957 850 3024 ipsius
880 2959 1166 3025 virtutem,
1200 2968 1313 3014 tum
1344 2962 1416 3015 ob
1444 2962 1713 3018 sinceram
1756 2965 2076 3023 amicitiam.

500 3043 616 3099 Duo
664 3061 793 3101 vero
842 3047 1079 3102 vicissim
1130 3049 1371 3104 dolorem
1428 3052 1762 3109 consolando
1810 3057 2075 3123 adimunt,

498 3136 673 3205 primo
699 3137 837 3203 quod
868 3137 956 3192 ille
978 3139 1213 3197 decessit
1240 3155 1270 3195 e
1300 3141 1404 3194 vita
1434 3154 1682 3211 ornatus,
1715 3146 1909 3202 deinde
1931 3122 2076 3217 quod
2103 3122 2146 3181 (ἶ

498 3230 705 3284 amoris
732 3230 908 3300 gratia
941 3245 1197 3286 coronam
1230 3249 1259 3287 a
1294 3234 1402 3290 Deo
1433 3238 1720 3307 acceperit.

545 3444 970 3501 CCCLXXXIX.
1001 3475 1077 3506 σ-
1115 3445 1491 3503 THEODORO
1519 3447 2033 3506 ANACHORETA'}.

2254 1785 2373 1839 Ὀτι
2424 1788 2523 1858 μὲν
2579 1791 2609 1842 ὁ
2667 1791 2937 1861 μακάριος
2992 1794 3258 1862 Τιμόθεος
3314 1797 3793 1867 μιμητικὼτατος

2182 1879 2401 1949 ἐγένετο
2431 1883 2525 1935 καὶ
2554 1883 3003 1954 θαυμασιώτατος
3026 1886 3245 1941 ἃπασαν
3275 1889 3623 1959 ἑκμάξασθαι
3663 1909 3789 1943 πα-

2183 1971 2548 2044 ραδείγματος
2595 1975 2818 2047 ἀρετὴν,
2869 1976 2985 2031 ίστε
3036 1978 3139 2031 κᾶν
3176 1980 3251 2050 μὴ
3284 1981 3504 2050 γράφω.
3552 1982 3689 2035 Ὀτι
3721 1983 3789 2036 δὲ

2181 2065 2402 2119 πάντων
2458 2067 2693 2137 μάλιστα
2741 2071 2871 2140 ἡμῖν
2925 2070 3338 2140 προσανέκειτο,
3378 2074 3471 2125 καὶ
3507 2072 3567 2137 ἐξ
3603 2074 3790 2143 ἡμῶν

2180 2157 2367 2227 ἡγεῖτο
2400 2155 2482 2227 (εί
2516 2159 2609 2211 καὶ
2638 2158 2713 2229 μὴ
2741 2158 2913 2223 οὕτως
2941 2155 3057 2230 εἶχε
3079 2160 3138 2214 τὸ
3171 2162 3435 2233 πρᾶγμα)
3461 2163 3563 2228 τὴν
3586 2164 3787 2234 ἀρχὴν

2179 2247 2331 2317 αὐτῷ
2355 2248 2686 2318 γεγενῆσθαι
2710 2253 2810 2321 τῆς
2842 2251 2954 2321 (28)
2985 2253 3078 2305 ἐπὶ
3111 2252 3171 2306 τὸ
3198 2250 3783 2325 ἄμεινον⁷προκοπῆς,

2180 2339 2353 2392 πολλὰ
2383 2340 2521 2410 ἔχων
2549 2343 2746 2407 εἰπεῖν,
2778 2342 3119 2412 παραλείψω,
3150 2345 3557 2415 φυλαττόμενος
3584 2346 3653 2399 τὸ
3678 2346 3783 2398 lu-

2182 2431 2358 2502 πῆσαί
2404 2450 2557 2496 τινας
2597 2434 2681 2501 ἐφ’
2713 2428 2795 2496 οἷς
2828 2434 3185 2505 σεμνύνομαι.
3237 2438 3333 2489 Ἐν
3362 2437 3419 2491 δὲ
3450 2438 3678 2507 φράσω,
3716 2431 3783 2492 οὗ

2181 2526 2380 2588 πάντες
2425 2526 2519 2577 καὶ
2561 2524 2706 2593 φίλοι
2730 2526 2825 2579 καὶ
2855 2525 3040 2596 ἐχθροὶ
3062 2529 3389 2597 τυγχάνουσι
3435 2529 3733 2601 μάρτυρες
3760 2547 3777 2560 ·

2179 2618 2261 2671 ὅτι
2298 2616 2551 2671 τοσοῦτον
2582 2619 2802 2688 ἥττητο,
2837 2620 2930 2673 καὶ
2962 2622 3233 2692 τοσαύτην
3268 2623 3398 2692 περὶ
3427 2624 3578 2692 ἡμᾶς
3617 2619 3778 2693 εἶχεν

2179 2708 2337 2774 αἰδὼ,
2377 2708 2453 2773 ὡς
2501 2711 2551 2763 εί
2598 2713 2811 2780 αἵρεσις
2845 2711 2995 2782 αὐτῷ
3025 2712 3313 2784 προετέθη,
3361 2716 3453 2766 ποῖ
3484 2713 3777 2783 βούλεται,

2180 2800 2240 2851 ὲν
2286 2801 2399 2861 τοῖς
2440 2797 2728 2868 βασιλείοις
2772 2800 3051 2871 διατρῖψαι
3099 2801 3132 2871 ἦ
3164 2802 3298 2873 παρ’
3325 2803 3470 2873 ἐμοὶ,
3502 2801 3671 2857 τοῦτο
3706 2806 3779 2858 ἂν

2180 2891 2531 2961 ἀσυγκρίτως
2579 2891 2817 2945 ἑλέσθαι.
2875 2894 3031 2946 Δυοῖν
3077 2893 3259 2947 τοίνυν
3302 2894 3487 2947 ἒνεκεν
3550 2895 3777 2965 βαρέως

2182 2977 2427 3047 ἐνεγκὼν
2455 2979 2554 3050 τὴν
2584 2979 2773 3033 τούτου
2803 2980 3081 3052 τελευτὴν,
3120 2983 3239 3046 ἑνὸς
3266 2983 3388 3053 μὲν,
3413 2984 3502 3037 διὰ
3528 2986 3630 3055 τὴν
3662 2987 3770 3039 ἀν·

2183 3070 2521 3141 υπέρὸλητον
2562 3071 2787 3142 ἀρετὴν,
2840 3074 3029 3145 ἐτέρου
3065 3075 3123 3128 δὲ
3156 3074 3246 3127 διὰ
3292 3075 3389 3147 τὴν
3426 3078 3775 3149 ἀσύγκριτον

2183 3163 2387 3233 φιλίαν,
2427 3163 2533 3215 ὑπὸ
2573 3164 2718 3217 δυοῖν
2760 3164 3157 3237 ἐθεραπεύθην,
3187 3167 3282 3220 τοῦ
3311 3184 3370 3220 τε
3404 3168 3650 3231 εὐκλεῶς
3682 3170 3773 3220 ἔνο

2181 3253 2371 3307 τεῦθεν
2409 3255 2931 3326 ἀποπεφοιτηκέναι,
2958 3257 3052 3311 τοῦ
3090 3274 3150 3310 τε
3176 3257 3329 3328 παρὰ
3359 3258 3495 3312 Θεοῦ
3529 3258 3773 3328 ἐστεφα-

2182 3345 2408 3400 νῶσθαι.

2403 3456 2575 3510 ΤΠΘι.
2611 3484 2683 3495 --
2713 3456 3039 3528 ΘΕοΔυΣιᾳ
3082 3458 3533 3530 ΑΝΑΧΩΡΗἸᾘ.

498 3535 735 3592 Peccatt's
798 3551 1060 3610 utcunque
1100 3545 1277 3610 parvis
1310 3544 1570 3626 principio
1612 3544 1946 3626 obstandum,
1982 3563 2075 3626 nan
2090 3560 2427 3626 crescant,‘ut
2455 3549 2677 3626 Z__osimt'_
2696 3563 3102 3626 “steteruntque
3132 3570 3226 3621 pro
3276 3555 3466 3625 quibus
3510 3568 3769 3626 tamquam

1376 3615 1667 3682 desperatis
1695 3618 1975 3670 orandum.
2012 3616 2249 3688 (Confer.
2289 3623 2441 3687 epist.
2477 3621 2533 3685 2,
2576 3622 2700 3684 105,
2729 3622 2877 3691 440.)

570 3720 718 3775 Satis
746 3731 832 3776 est
860 3730 1005 3777 tuam
1038 3723 1167 3778 tnihi
1219 3726 1503 3780 testiﬁcari
1557 3728 1907 3783 sanctitatem
1967 3744 2075 3785 non

496 3828 618 3868 esse
649 3828 857 3868 morum
876 3816 1166 3883 quamdam
1198 3816 1704 3888 insolentiam,qu:e
1736 3821 1805 3875 ob
1834 3836 1919 3875 res
1951 3836 2074 3891 par-

496 3905 548 3958 vi
584 3904 843 3959 momenti
882 3908 1171 3974 irascatur,
1199 3908 1292 3962 sed
1322 3917 1699 3978 corruptorum
1733 3912 2074 3980 negmiorum

495 3996 953 4066 experimentum,
998 4007 1054 4053 et
1081 4001 1147 4054 ad
1176 4001 1417 4056 deterius
1447 4003 1768 4067 labentium,
1824 4004 1927 4058 nisi
1955 4020 2077 4074 qua:

494 4080 784 4157 prohibeat
824 4092 1148 4147 necessitas.
1176 4093 1466 4148 Ostensum
1499 4094 1645 4149 enim
1672 4135 1687 4160 ,
1724 4105 1782 4150 ut
1811 4097 1893 4152 ais
1915 4139 1931 4163 ,
1964 4098 2077 4152 Eu-

496 4181 726 4248 statltio,
760 4183 1001 4248 Zosimo,
1024 4194 1081 4239 et
1115 4184 1320 4239 Maroni
1354 4186 1686 4241 successisse
1730 4202 1799 4243 ex
1832 4198 1955 4243 voto
1983 4190 2077 4245 de-

496 4275 752 4328 mentiam
788 4275 1103 4331 deliciarum
1136 4291 1201 4332 ac
1234 4277 1497 4333 libidinis.
1523 4277 1880 4334 (Estroenim
1904 4295 1969 4336 ac
1989 4280 2073 4334 fu-

500 4380 624 4421 rore
659 4367 865 4421 incitati
887 4409 902 4434 ,
935 4370 1323 4437 propemodum
1351 4379 1639 4425 centauros
1690 4372 2074 4427 obscurarunt.

497 4457 615 4512 Non
652 4459 835 4527 itaque
877 4460 1118 4515 cessabis
1154 4475 1248 4514 eos
1290 4461 1612 4530 deplorare:
1645 4462 1730 4517 sin
1777 4463 2073 4532 gratificari

500 4549 662 4605 etiam
699 4549 800 4617 vis,
837 4550 1086 4620 precibus
1118 4551 1237 4605 illos
1256 4549 1475 4619 iuvans,
1505 4562 1651 4608 recte
1684 4552 1904 4609 feceris.

995 4753 1239 4809 CCCXC.
1264 4783 1333 4793 —
1359 4751 1611 4809 PAULO.

2263 3733 2450 3805 Ἀρκεῖ
2477 3733 2657 3798 τοῦτο,
2709 3734 2769 3787 τὸ
2805 3735 3154 3806 μαρτυρῆσαί
3196 3753 3285 3807 μοι
3321 3737 3422 3807 τὴν
3454 3738 3557 3808 σὴν
3594 3739 3764 3804 ἁγιω-

2180 3825 2367 3895 σύνην,
2412 3827 2495 3879 ὅτι
2538 3829 2641 3881 οὐκ
2687 3823 2756 3899 ἢν
2811 3828 3072 3883 δυσκολία
3123 3831 3341 3899 τρόπων
3399 3833 3495 3884 ἐπὶ
3545 3834 3763 3901 μικροῖς

2178 3918 2478 3984 ποιουμένη
2532 3914 2632 3985 τὴν
2679 3915 2869 3987 ὀργὴν,
2925 3916 3043 3969 ἀλλ’
3094 3918 3361 3989 ἐμπειρία
3413 3921 3763 3990 πραγμάτων

2176 4006 2614 4079 διεφθαρμένων,
2645 4009 2738 4061 καὶ
2770 4009 2864 4062 ἐπί
2898 4026 2961 4078 γε
2992 4009 3051 4063 τὸ
3085 4014 3267 4081 χεῖρον
3298 4010 3563 4081 ἡξόντων,
3607 4015 3655 4065 εἱ
3688 4011 3759 4082 μή

2179 4115 2265 4162 τις
2293 4098 2509 4170 ἀνάγκη
2533 4099 2856 4153 κωλύσειεν·
2883 4102 3052 4166 ἔδειξε
3076 4104 3206 4172 γὰρ,
3235 4102 3311 4166 ὡς
3334 4103 3493 4173 ἔφης,
3530 4104 3594 4156 τὸ
3621 4107 3761 4174 sspi-

2180 4209 2318 4262 γμα,
2345 4191 2464 4255 πῶς
2487 4192 2792 4263 Εύσταθίῳ,
2826 4194 2922 4247 καὶ
2959 4195 3215 4265 Ζωσίμῳ,
3264 4197 3361 4249 καὶ
3383 4198 3617 4266 Μάρωνι
3662 4199 3759 4251 ἑπ-

2180 4282 2495 4353 ηυξήθησαν
2538 4286 2593 4337 σί
2646 4285 2775 4356 περὶ
2809 4286 2909 4355 τὴν
2939 4288 3152 4357 τρυφὴν
3193 4287 3287 4341 καὶ
3324 4288 3427 4358 τὴν
3472 4288 3756 4356 ἀσέλγειαν

2183 4374 2392 4443 μανίαι.
2426 4374 2763 4445 Οίστρῶντες
2796 4376 2906 4447 γὰρ
2935 4377 3031 4431 καὶ
3061 4378 3381 4443 λυττῶντες,
3410 4380 3613 4450 μικροῦ
3635 4382 3756 4442 τοὺς

2180 4464 2513 4536 κενταύρους
2555 4465 2903 4535 ἀπέκρυψαν.
2953 4469 3216 4523 Λείπεται
3261 4467 3356 4523 οὖν
3401 4472 3645 4542 ούδὲν,ἧ
3697 4472 3755 4524 τὸ

2180 4555 2540 4625 καταθρηνεῖν
2580 4556 2805 4621 αὐτούς·
2839 4560 2889 4611 εί
2936 4558 2993 4612 δὲ
3024 4561 3121 4613 καὶ
3151 4562 3408 4631 χαρίσαιο
3439 4563 3625 4626 aii-toi;
3658 4562 3752 4623 τὰς

2181 4646 2379 4701 σαυτοῦ
2409 4648 2595 4718 εὐχὰς,
2628 4645 2758 4717 εὖγε
2785 4651 3090 4719 ποιήσειας.

2706 4758 2824 4825 Tw.
2863 4787 2934 4799 —
2968 4760 3218 4829 ΠΑΥΛῼ.

1413 4919 1418 4926 ,
1519 4864 1696 4934 [Lucri
1728 4876 2074 4937 contemptus,
2106 4867 2338 4936 bonaque
2372 4869 2712 4923 existimatio.

568 4973 700 5027 Novi
736 4991 835 5045 ego
855 4977 1137 5045 quosdam,
1167 4976 1393 5030 forsitan
1424 4988 1477 5031 et
1507 4989 1580 5039 tu,
1608 4980 1698 5047 qui
1725 4980 1903 5034 oblata
1935 4996 2071 5047 prae-

498 5069 603 5123 mia
634 5070 924 5124 honoraria
955 5084 1056 5123 non
1086 5071 1384 5128 admisere:
1412 5087 1517 5125 non
1544 5074 1685 5140 quod
1715 5072 1923 5127 lucrum
1947 5088 2072 5128 con-

2249 4979 2382 5037 Οἴδά
2408 5001 2581 5045 τινας,
2618 4984 2746 5047 ἴσως
2774 4982 2832 5036 δὲ
2875 4982 2972 5036 καὶ
3006 4982 3188 5046 αὐτὸς,
3224 4982 3293 5035 τὰ
3324 4983 3584 5051 διδόμενα
3621 4984 3748 5052 γέρα

2182 5076 2257 5146 μὴ
2307 5076 2729 5146 προσιεμένουςο
2780 5075 2843 5129 οὐ
2888 5073 2967 5145 τῷ
3010 5076 3292 5145 κρείττους
3356 5071 3499 5128 εἶναι
3556 5077 3750 5146 κερδῶν

1629 5250 1864 5305 VARUS
1904 5251 2289 5308 LECTIONES
2319 5251 2408 5307 ET
2439 5253 2672 5311 ΝΟΤᾸΕ.

496 5450 499 5455 ι
575 5405 688 5475 (27)
725 5404 861 5460 Tres
888 5420 1011 5459 esse
1046 5406 1200 5460 docet
1227 5404 1279 5457 in
1306 5404 1573 5458 Alcibiade
1596 5406 1768 5472 priore
1798 5405 1952 5459 Plato
1978 5407 2076 5459 lm-

497 5492 671 5530 lnanze
702 5488 905 5529 natura:
934 5486 1110 5541 pestes
1151 5492 1165 5527 :
1197 5475 1569 5541 ignorantiam,
1605 5475 1985 5543 negligentiam,
2016 5485 2070 5528 et

496 5547 893 5614 arrogantiam;
934 5545 1252 5613 ignorantiae
1298 5558 1449 5614 vero
1479 5544 1673 5613 duplex
1718 5560 1889 5613 genus
1923 5560 2065 5608 csse,

499 5613 810 5668 existimare
837 5630 899 5668 ea
946 5630 1105 5669 nosse
1142 5628 1263 5682 quae
1308 5613 1540 5673 nescias,
1582 5614 1648 5667 de
1687 5629 1794 5682 quo
1820 5615 1921 5667 hoc
1952 5615 2070 5668 loco

497 5686 611 5753 agit
633 5685 904 5750 lsidorus;
938 5686 1163 5738 alterum
1194 5697 1485 5752 agnoscere
1517 5691 1660 5753 tuam
1684 5684 2067 5753 ignorantiam,

499 5752 553 5808 ct
577 5755 871 5824 peritorum
906 5756 1027 5810 ﬁdei
1062 5764 1111 5810 te
1159 5754 1515 5809 committere.
1554 5752 1689 5809 llinc
1712 5752 1780 5809 ’et
1817 5752 2071 5810 Socrates

2184 5420 2385 5478 septem
2416 5408 2638 5486 Graecia;
2664 5412 2990 5486 sapientum
3031 5408 3465 5486 sapientissimus
3492 5408 3754 5486 Apollinis

2177 5481 2398 5534 oraculo
2431 5490 2529 5550 gest
2552 5478 2792 5541 habitus.
2816 5484 2957 5550 quod
2987 5497 3147 5534 unum
3188 5494 3248 5533 se
3280 5478 3423 5531 scire
3452 5480 3599 5547 quod
3624 5478 3751 5531 nihil

2176 5552 2360 5612 sciret,
2385 5548 2697 5605 aliirmaret.
2734 5548 2972 5606 Sotion.

2176 5620 2509 5747 Ah(2?))osTsE:
2532 5633 2658 5677 ante
2680 5621 2773 5674 ἐπὶ
2804 5631 3012 5677 mutant
3046 5620 3098 5676 in
3118 5619 3219 5690 τὴν
3245 5618 3402 5675 codd.
3430 5615 3554 5673 Vat.
3575 5615 3679 5675 650
3699 5623 3750 5671 α
