  <div class='ocr_page' id='page_1' title='image "/cluster/home/n/w/nwhite01/storage/ocr_20150623/78/nnc1.0046980008/858.png"; bbox 0 0 3982 6420; ppageno 0'>
   <div class='ocr_carea' id='block_1_1' title="bbox 229 382 365 448">
    <p class='ocr_par' dir='ltr' id='par_1_1' title="bbox 229 382 365 448">
     <span class='ocr_line' id='line_1_1' title="bbox 229 382 365 448; baseline 0.015 -2"><span class='ocrx_word' id='word_1_1' title='bbox 229 382 365 448; x_wconf 83' lang='grc'><strong>1561</strong></span> 
     </span>
    </p>
   </div>
   <div class='ocr_carea' id='block_1_2' title="bbox 1067 382 2643 448">
    <p class='ocr_par' dir='ltr' id='par_1_2' title="bbox 1067 382 2643 448">
     <span class='ocr_line' id='line_1_2' title="bbox 1067 382 2643 448; baseline 0 0"><span class='ocrx_word' id='word_1_2' title='bbox 1067 383 1602 448; x_wconf 84' lang='lat' dir='ltr'><strong>EPISTOLARUM</strong></span> <span class='ocrx_word' id='word_1_3' title='bbox 1637 382 1786 443; x_wconf 89' lang='lat' dir='ltr'><strong>LIB.</strong></span> <span class='ocrx_word' id='word_1_4' title='bbox 1823 383 1894 444; x_wconf 83' lang='lat' dir='ltr'><strong>V.</strong></span> <span class='ocrx_word' id='word_1_5' title='bbox 1931 407 2003 420; x_wconf 88' lang='lat'><strong>—</strong></span> <span class='ocrx_word' id='word_1_6' title='bbox 2037 382 2277 445; x_wconf 90' lang='lat' dir='ltr'><strong>EPIST.</strong></span> <span class='ocrx_word' id='word_1_7' title='bbox 2309 383 2643 448; x_wconf 79' lang='lat' dir='ltr'><strong>CCCXCIV.</strong></span> 
     </span>
    </p>
   </div>
   <div class='ocr_carea' id='block_1_3' title="bbox 3369 377 3505 445">
    <p class='ocr_par' dir='ltr' id='par_1_3' title="bbox 3369 377 3505 445">
     <span class='ocr_line' id='line_1_3' title="bbox 3369 377 3505 445; baseline -0.015 0"><span class='ocrx_word' id='word_1_8' title='bbox 3369 377 3505 445; x_wconf 77' lang='grc'>1562</span> 
     </span>
    </p>
   </div>
   <div class='ocr_carea' id='block_1_4' title="bbox 227 496 1872 574">
    <p class='ocr_par' dir='ltr' id='par_1_4' title="bbox 227 496 1872 574">
     <span class='ocr_line' id='line_1_4' title="bbox 227 496 1872 574; baseline -0.003 -21"><span class='ocrx_word' id='word_1_9' title='bbox 227 501 436 570; x_wconf 78' lang='grc' dir='ltr'>(πάσης</span> <span class='ocrx_word' id='word_1_10' title='bbox 462 501 571 571; x_wconf 78' lang='grc' dir='ltr'>γὰρ</span> <span class='ocrx_word' id='word_1_11' title='bbox 591 496 811 572; x_wconf 79' lang='grc' dir='ltr'>ἂνῆσαν</span> <span class='ocrx_word' id='word_1_12' title='bbox 838 501 1195 574; x_wconf 73' lang='grc' dir='ltr'>ἀναρρήσεως</span> <span class='ocrx_word' id='word_1_13' title='bbox 1218 501 1404 572; x_wconf 76' lang='grc' dir='ltr'>ἄξιοι),</span> <span class='ocrx_word' id='word_1_14' title='bbox 1428 499 1563 552; x_wconf 86' lang='grc' dir='ltr'><strong>ἀλλά</strong></span> <span class='ocrx_word' id='word_1_15' title='bbox 1589 497 1668 568; x_wconf 85' lang='grc' dir='ltr'>τῷ</span> <span class='ocrx_word' id='word_1_16' title='bbox 1692 513 1809 565; x_wconf 88' lang='grc' dir='ltr'>μει-</span> <span class='ocrx_word' id='word_1_17' title='bbox 1837 505 1872 557; x_wconf 79' lang='grc' dir='ltr'><strong><em>Α</em></strong></span> 
     </span>
    </p>
   </div>
   <div class='ocr_carea' id='block_1_5' title="bbox 1948 496 3502 574">
    <p class='ocr_par' dir='ltr' id='par_1_5' title="bbox 1948 496 3502 568">
     <span class='ocr_line' id='line_1_5' title="bbox 1948 496 3502 568; baseline -0.001 -18"><span class='ocrx_word' id='word_1_18' title='bbox 1948 507 2218 552; x_wconf 74' lang='lat' dir='ltr'><strong>emnerent</strong></span> <span class='ocrx_word' id='word_1_19' title='bbox 2249 499 2464 568; x_wconf 90' lang='lat' dir='ltr'><strong>(quovis</strong></span> <span class='ocrx_word' id='word_1_20' title='bbox 2491 499 2634 552; x_wconf 90' lang='lat' dir='ltr'><strong>enim</strong></span> <span class='ocrx_word' id='word_1_21' title='bbox 2665 499 2936 568; x_wconf 70' lang='lat' dir='ltr'><strong>praeconio</strong></span> <span class='ocrx_word' id='word_1_22' title='bbox 2962 498 3107 568; x_wconf 84' lang='lat' dir='ltr'><strong>digni</strong></span> <span class='ocrx_word' id='word_1_23' title='bbox 3140 496 3358 564; x_wconf 89' lang='lat' dir='ltr'><strong>erant),</strong></span> <span class='ocrx_word' id='word_1_24' title='bbox 3408 496 3502 550; x_wconf 87' lang='lat' dir='ltr'><strong>sed</strong></span> 
     </span>
    </p>
   </div>
   <div class='ocr_carea' id='block_1_6' title="bbox 226 589 1818 660">
    <p class='ocr_par' dir='ltr' id='par_1_6' title="bbox 226 589 1818 660">
     <span class='ocr_line' id='line_1_6' title="bbox 226 589 1818 660; baseline -0.004 -15"><span class='ocrx_word' id='word_1_25' title='bbox 226 591 402 656; x_wconf 81' lang='grc' dir='ltr'>ζὸνων</span> <span class='ocrx_word' id='word_1_26' title='bbox 437 593 716 660; x_wconf 76' lang='grc' dir='ltr'>ἐφίεσθαιο</span> <span class='ocrx_word' id='word_1_27' title='bbox 777 593 976 655; x_wconf 80' lang='grc' dir='ltr'>οἵτινες</span> <span class='ocrx_word' id='word_1_28' title='bbox 1003 594 1097 645; x_wconf 77' lang='grc' dir='ltr'>καὶ</span> <span class='ocrx_word' id='word_1_29' title='bbox 1139 591 1299 655; x_wconf 83' lang='grc' dir='ltr'>δόξαν</span> <span class='ocrx_word' id='word_1_30' title='bbox 1328 589 1650 658; x_wconf 83' lang='grc' dir='ltr'><strong>σκαιότητος</strong></span> <span class='ocrx_word' id='word_1_31' title='bbox 1687 603 1818 656; x_wconf 85' lang='grc' dir='ltr'>κερ·-</span> 
     </span>
    </p>
   </div>
   <div class='ocr_carea' id='block_1_7' title="bbox 225 675 1818 753">
    <p class='ocr_par' dir='ltr' id='par_1_7' title="bbox 225 675 1818 753">
     <span class='ocr_line' id='line_1_7' title="bbox 225 675 1818 753; baseline -0.006 -17"><span class='ocrx_word' id='word_1_32' title='bbox 225 685 496 747; x_wconf 86' lang='grc' dir='ltr'>δαίνουσι,</span> <span class='ocrx_word' id='word_1_33' title='bbox 531 684 632 753; x_wconf 80' lang='grc' dir='ltr'><strong>τῆς</strong></span> <span class='ocrx_word' id='word_1_34' title='bbox 664 683 835 746; x_wconf 75' lang='grc' dir='ltr'>ὅντως</span> <span class='ocrx_word' id='word_1_35' title='bbox 857 683 1109 745; x_wconf 83' lang='grc' dir='ltr'>εὐκλείας</span> <span class='ocrx_word' id='word_1_36' title='bbox 1139 681 1525 751; x_wconf 84' lang='grc' dir='ltr'>γυμνούμενοι.</span> <span class='ocrx_word' id='word_1_37' title='bbox 1553 677 1674 748; x_wconf 84' lang='grc' dir='ltr'><strong>Χρὴ</strong></span> <span class='ocrx_word' id='word_1_38' title='bbox 1702 675 1818 728; x_wconf 76' lang='grc' dir='ltr'>τοί-</span> 
     </span>
    </p>
   </div>
   <div class='ocr_carea' id='block_1_8' title="bbox 227 768 1813 846">
    <p class='ocr_par' dir='ltr' id='par_1_8' title="bbox 227 768 1813 846">
     <span class='ocr_line' id='line_1_8' title="bbox 227 768 1813 846; baseline -0.004 -19"><span class='ocrx_word' id='word_1_39' title='bbox 227 793 330 828; x_wconf 88' lang='grc' dir='ltr'><strong>νυν</strong></span> <span class='ocrx_word' id='word_1_40' title='bbox 366 777 601 846; x_wconf 83' lang='grc' dir='ltr'>μάλιστα</span> <span class='ocrx_word' id='word_1_41' title='bbox 631 775 731 845; x_wconf 83' lang='grc' dir='ltr'><strong>μὲν</strong></span> <span class='ocrx_word' id='word_1_42' title='bbox 759 775 1076 843; x_wconf 85' lang='grc' dir='ltr'>κρείττονας</span> <span class='ocrx_word' id='word_1_43' title='bbox 1114 768 1254 826; x_wconf 81' lang='grc' dir='ltr'>εἶναι</span> <span class='ocrx_word' id='word_1_44' title='bbox 1284 771 1494 842; x_wconf 82' lang='grc' dir='ltr'><strong>κερδῶν</strong></span> <span class='ocrx_word' id='word_1_45' title='bbox 1513 787 1528 802; x_wconf 78' lang='grc' dir='ltr'><strong>ο</strong></span> <span class='ocrx_word' id='word_1_46' title='bbox 1559 771 1606 822; x_wconf 79' lang='grc' dir='ltr'>εἰ</span> <span class='ocrx_word' id='word_1_47' title='bbox 1634 768 1691 820; x_wconf 83' lang='grc' dir='ltr'>δὲ</span> <span class='ocrx_word' id='word_1_48' title='bbox 1716 768 1813 838; x_wconf 82' lang='grc' dir='ltr'><strong>μὴ,</strong></span> 
     </span>
    </p>
   </div>
   <div class='ocr_carea' id='block_1_9' title="bbox 228 860 1818 938">
    <p class='ocr_par' dir='ltr' id='par_1_9' title="bbox 228 860 1818 938">
     <span class='ocr_line' id='line_1_9' title="bbox 228 860 1818 938; baseline -0.004 -19"><span class='ocrx_word' id='word_1_49' title='bbox 228 867 458 936; x_wconf 78' lang='grc' dir='ltr'>ἀγαπᾷν</span> <span class='ocrx_word' id='word_1_50' title='bbox 501 866 564 919; x_wconf 86' lang='grc' dir='ltr'>τὸ</span> <span class='ocrx_word' id='word_1_51' title='bbox 612 865 828 938; x_wconf 87' lang='grc' dir='ltr'>μέτριον</span> <span class='ocrx_word' id='word_1_52' title='bbox 852 882 864 894; x_wconf 72' lang='grc'><strong><em>⁸</em></strong></span> <span class='ocrx_word' id='word_1_53' title='bbox 903 865 990 917; x_wconf 82' lang='grc' dir='ltr'><strong>ἵνα</strong></span> <span class='ocrx_word' id='word_1_54' title='bbox 1040 864 1114 935; x_wconf 79' lang='grc' dir='ltr'>μὴ</span> <span class='ocrx_word' id='word_1_55' title='bbox 1145 864 1205 917; x_wconf 84' lang='grc' dir='ltr'><strong>τὸ</strong></span> <span class='ocrx_word' id='word_1_56' title='bbox 1233 863 1370 932; x_wconf 81' lang='grc' dir='ltr'>ὑπὲρ</span> <span class='ocrx_word' id='word_1_57' title='bbox 1401 862 1502 932; x_wconf 85' lang='grc' dir='ltr'>τὴν</span> <span class='ocrx_word' id='word_1_58' title='bbox 1532 860 1689 926; x_wconf 79' lang='grc' dir='ltr'>ἀξίαν</span> <span class='ocrx_word' id='word_1_59' title='bbox 1719 860 1818 928; x_wconf 83' lang='grc' dir='ltr'><strong>ζη-</strong></span> 
     </span>
    </p>
   </div>
   <div class='ocr_carea' id='block_1_10' title="bbox 228 949 1817 1022">
    <p class='ocr_par' dir='ltr' id='par_1_10' title="bbox 228 949 1817 1022">
     <span class='ocr_line' id='line_1_10' title="bbox 228 949 1817 1022; baseline -0.006 -12"><span class='ocrx_word' id='word_1_60' title='bbox 228 957 476 1020; x_wconf 83' lang='grc' dir='ltr'>τοῦντες,</span> <span class='ocrx_word' id='word_1_61' title='bbox 508 956 604 1011; x_wconf 71' lang='grc' dir='ltr'>καὶ</span> <span class='ocrx_word' id='word_1_62' title='bbox 635 956 730 1010; x_wconf 80' lang='grc' dir='ltr'>τοῦ</span> <span class='ocrx_word' id='word_1_63' title='bbox 764 957 886 1010; x_wconf 79' lang='grc' dir='ltr'>κατ’</span> <span class='ocrx_word' id='word_1_64' title='bbox 922 955 1081 1020; x_wconf 84' lang='grc' dir='ltr'>ἀξίαν</span> <span class='ocrx_word' id='word_1_65' title='bbox 1112 954 1457 1022; x_wconf 89' lang='grc' dir='ltr'>ἐκπέσωμεν,</span> <span class='ocrx_word' id='word_1_66' title='bbox 1500 952 1594 1005; x_wconf 73' lang='grc' dir='ltr'><strong>καὶ</strong></span> <span class='ocrx_word' id='word_1_67' title='bbox 1629 949 1817 1003; x_wconf 80' lang='grc' dir='ltr'>σκαιό-</span> 
     </span>
    </p>
   </div>
   <div class='ocr_carea' id='block_1_11' title="bbox 232 1041 1819 1120">
    <p class='ocr_par' dir='ltr' id='par_1_11' title="bbox 232 1041 1819 1120">
     <span class='ocr_line' id='line_1_11' title="bbox 232 1041 1819 1120; baseline -0.006 -18"><span class='ocrx_word' id='word_1_68' title='bbox 232 1065 405 1120; x_wconf 83' lang='grc' dir='ltr'>τητος</span> <span class='ocrx_word' id='word_1_69' title='bbox 430 1047 588 1112; x_wconf 83' lang='grc' dir='ltr'>δόξαν</span> <span class='ocrx_word' id='word_1_70' title='bbox 620 1047 906 1118; x_wconf 84' lang='grc' dir='ltr'>σχοίημεν,</span> <span class='ocrx_word' id='word_1_71' title='bbox 937 1047 1039 1100; x_wconf 84' lang='grc' dir='ltr'><strong>οὐκ</strong></span> <span class='ocrx_word' id='word_1_72' title='bbox 1068 1046 1162 1098; x_wconf 79' lang='grc' dir='ltr'><strong>ἐπὶ</strong></span> <span class='ocrx_word' id='word_1_73' title='bbox 1184 1043 1262 1115; x_wconf 88' lang='grc' dir='ltr'>τῷ</span> <span class='ocrx_word' id='word_1_74' title='bbox 1297 1043 1484 1098; x_wconf 86' lang='grc' dir='ltr'>λαϐεῖν</span> <span class='ocrx_word' id='word_1_75' title='bbox 1515 1059 1569 1096; x_wconf 92' lang='grc' dir='ltr'><strong>τι</strong></span> <span class='ocrx_word' id='word_1_76' title='bbox 1614 1041 1819 1109; x_wconf 85' lang='grc' dir='ltr'>ἀγαθὸν</span> 
     </span>
    </p>
   </div>
   <div class='ocr_carea' id='block_1_12' title="bbox 233 1133 1821 1211">
    <p class='ocr_par' dir='ltr' id='par_1_12' title="bbox 233 1133 1821 1211">
     <span class='ocr_line' id='line_1_12' title="bbox 233 1133 1821 1211; baseline -0.004 -18"><span class='ocrx_word' id='word_1_77' title='bbox 233 1139 736 1211; x_wconf 79' lang='grc' dir='ltr'>ἐγκωμιαζόμενοι,</span> <span class='ocrx_word' id='word_1_78' title='bbox 766 1139 882 1193; x_wconf 86' lang='grc' dir='ltr'>ἀλλ’</span> <span class='ocrx_word' id='word_1_79' title='bbox 929 1139 1023 1191; x_wconf 77' lang='grc' dir='ltr'>ἐπὶ</span> <span class='ocrx_word' id='word_1_80' title='bbox 1070 1136 1150 1207; x_wconf 85' lang='grc' dir='ltr'>τῷ</span> <span class='ocrx_word' id='word_1_81' title='bbox 1185 1135 1513 1208; x_wconf 91' lang='grc' dir='ltr'>προσλαϐεῖν</span> <span class='ocrx_word' id='word_1_82' title='bbox 1558 1152 1611 1188; x_wconf 89' lang='grc' dir='ltr'><strong>τι</strong></span> <span class='ocrx_word' id='word_1_83' title='bbox 1652 1133 1821 1187; x_wconf 84' lang='grc' dir='ltr'>κακὸν</span> 
     </span>
    </p>
   </div>
   <div class='ocr_carea' id='block_1_13' title="bbox 233 1229 1268 1300">
    <p class='ocr_par' dir='ltr' id='par_1_13' title="bbox 233 1229 1268 1300">
     <span class='ocr_line' id='line_1_13' title="bbox 233 1229 1268 1300; baseline 0 -18"><span class='ocrx_word' id='word_1_84' title='bbox 233 1229 505 1300; x_wconf 85' lang='grc' dir='ltr'>κωμῳδού</span> <span class='ocrx_word' id='word_1_85' title='bbox 513 1247 685 1300; x_wconf 86' lang='grc' dir='ltr'>μενοι.</span> <span class='ocrx_word' id='word_1_86' title='bbox 1265 1263 1268 1266; x_wconf 53' lang='grc' dir='ltr'><strong>ν</strong></span> 
     </span>
    </p>
   </div>
   <div class='ocr_carea' id='block_1_14' title="bbox 770 1312 1293 1384">
    <p class='ocr_par' dir='ltr' id='par_1_14' title="bbox 770 1312 1293 1384">
     <span class='ocr_line' id='line_1_14' title="bbox 770 1312 1293 1384; baseline 0 -16"><span class='ocrx_word' id='word_1_87' title='bbox 770 1317 933 1383; x_wconf 73' lang='grc' dir='ltr'>Τι,Αν.</span> <span class='ocrx_word' id='word_1_88' title='bbox 963 1344 1037 1355; x_wconf 92' lang='grc'><strong>-</strong></span> <span class='ocrx_word' id='word_1_89' title='bbox 1065 1312 1293 1384; x_wconf 83' lang='grc' dir='ltr'><strong>ΝΕΙΛῼ.</strong></span> 
     </span>
    </p>
   </div>
   <div class='ocr_carea' id='block_1_15' title="bbox 1921 587 3497 657">
    <p class='ocr_par' dir='ltr' id='par_1_15' title="bbox 1921 587 3497 657">
     <span class='ocr_line' id='line_1_15' title="bbox 1921 587 3497 657; baseline 0.001 -19"><span class='ocrx_word' id='word_1_90' title='bbox 1921 597 1979 638; x_wconf 91' lang='lat' dir='ltr'><strong>ut</strong></span> <span class='ocrx_word' id='word_1_91' title='bbox 2010 587 2323 656; x_wconf 81' lang='lat' dir='ltr'><strong>acciperem</strong></span> <span class='ocrx_word' id='word_1_92' title='bbox 2353 589 2555 657; x_wconf 83' lang='lat' dir='ltr'><strong>majora</strong></span> <span class='ocrx_word' id='word_1_93' title='bbox 2582 630 2598 656; x_wconf 94' lang='lat'><strong>,</strong></span> <span class='ocrx_word' id='word_1_94' title='bbox 2629 588 2732 644; x_wconf 89' lang='lat' dir='ltr'><strong>hac</strong></span> <span class='ocrx_word' id='word_1_95' title='bbox 2763 591 2972 643; x_wconf 87' lang='lat' dir='ltr'><strong>ratione</strong></span> <span class='ocrx_word' id='word_1_96' title='bbox 3003 589 3279 643; x_wconf 88' lang='lat' dir='ltr'><strong>sinistram</strong></span> <span class='ocrx_word' id='word_1_97' title='bbox 3317 587 3497 655; x_wconf 91' lang='lat' dir='ltr'><strong>adepti</strong></span> 
     </span>
    </p>
   </div>
   <div class='ocr_carea' id='block_1_16' title="bbox 1921 676 3504 751">
    <p class='ocr_par' dir='ltr' id='par_1_16' title="bbox 1921 676 3504 751">
     <span class='ocr_line' id='line_1_16' title="bbox 1921 676 3504 751; baseline 0.002 -23"><span class='ocrx_word' id='word_1_98' title='bbox 1921 676 2144 738; x_wconf 82' lang='lat' dir='ltr'><strong>famam.</strong></span> <span class='ocrx_word' id='word_1_99' title='bbox 2171 689 2225 731; x_wconf 91' lang='lat' dir='ltr'><strong>et</strong></span> <span class='ocrx_word' id='word_1_100' title='bbox 2249 692 2372 732; x_wconf 91' lang='lat' dir='ltr'><strong>vera</strong></span> <span class='ocrx_word' id='word_1_101' title='bbox 2400 679 2616 747; x_wconf 76' lang='lat' dir='ltr'><strong>privati.</strong></span> <span class='ocrx_word' id='word_1_102' title='bbox 2646 680 2812 751; x_wconf 79' lang='grc'><strong>677</strong></span> <span class='ocrx_word' id='word_1_103' title='bbox 2846 681 3009 734; x_wconf 91' lang='lat' dir='ltr'><strong>Decet</strong></span> <span class='ocrx_word' id='word_1_104' title='bbox 3035 680 3216 748; x_wconf 78' lang='lat' dir='ltr'><strong>itaque</strong></span> <span class='ocrx_word' id='word_1_105' title='bbox 3268 679 3504 732; x_wconf 76' lang='lat' dir='ltr'><strong>maxime</strong></span> 
     </span>
    </p>
   </div>
   <div class='ocr_carea' id='block_1_17' title="bbox 1919 766 3503 836">
    <p class='ocr_par' dir='ltr' id='par_1_17' title="bbox 1919 766 3503 836">
     <span class='ocr_line' id='line_1_17' title="bbox 1919 766 3503 836; baseline 0.001 -16"><span class='ocrx_word' id='word_1_106' title='bbox 1919 766 2055 820; x_wconf 90' lang='lat' dir='ltr'><strong>lucri</strong></span> <span class='ocrx_word' id='word_1_107' title='bbox 2098 775 2507 836; x_wconf 90' lang='lat' dir='ltr'><strong>contemptores</strong></span> <span class='ocrx_word' id='word_1_108' title='bbox 2539 785 2658 826; x_wconf 83' lang='lat' dir='ltr'><strong>esse</strong></span> <span class='ocrx_word' id='word_1_109' title='bbox 2689 787 2702 824; x_wconf 91' lang='lat'>:</span> <span class='ocrx_word' id='word_1_110' title='bbox 2758 771 2840 825; x_wconf 86' lang='lat' dir='ltr'><strong>sin</strong></span> <span class='ocrx_word' id='word_1_111' title='bbox 2890 785 3084 835; x_wconf 80' lang='lat' dir='ltr'><strong>secus,</strong></span> <span class='ocrx_word' id='word_1_112' title='bbox 3123 769 3343 824; x_wconf 87' lang='lat' dir='ltr'><strong>modmn</strong></span> <span class='ocrx_word' id='word_1_113' title='bbox 3371 783 3503 824; x_wconf 87' lang='lat' dir='ltr'><strong>con-</strong></span> 
     </span>
    </p>
   </div>
   <div class='ocr_carea' id='block_1_18' title="bbox 1917 859 3506 932">
    <p class='ocr_par' dir='ltr' id='par_1_18' title="bbox 1917 859 3506 932">
     <span class='ocr_line' id='line_1_18' title="bbox 1917 859 3506 932; baseline 0.001 -20"><span class='ocrx_word' id='word_1_114' title='bbox 1917 860 2065 913; x_wconf 84' lang='lat' dir='ltr'><strong>venit</strong></span> <span class='ocrx_word' id='word_1_115' title='bbox 2095 876 2337 929; x_wconf 89' lang='lat' dir='ltr'><strong>servare,</strong></span> <span class='ocrx_word' id='word_1_116' title='bbox 2375 881 2443 920; x_wconf 89' lang='lat' dir='ltr'><strong>ne</strong></span> <span class='ocrx_word' id='word_1_117' title='bbox 2471 864 2598 932; x_wconf 90' lang='lat' dir='ltr'><strong>quid</strong></span> <span class='ocrx_word' id='word_1_118' title='bbox 2647 877 2809 930; x_wconf 87' lang='lat' dir='ltr'><strong>supra</strong></span> <span class='ocrx_word' id='word_1_119' title='bbox 2844 862 3160 931; x_wconf 85' lang='lat' dir='ltr'><strong>dignitatem</strong></span> <span class='ocrx_word' id='word_1_120' title='bbox 3189 859 3506 914; x_wconf 75' lang='lat' dir='ltr'><strong>aﬂ&#39;ectanles</strong></span> 
     </span>
    </p>
   </div>
   <div class='ocr_carea' id='block_1_19' title="bbox 1922 950 3504 1020">
    <p class='ocr_par' dir='ltr' id='par_1_19' title="bbox 1922 950 3504 1020">
     <span class='ocr_line' id='line_1_19' title="bbox 1922 950 3504 1020; baseline -0.001 -17"><span class='ocrx_word' id='word_1_121' title='bbox 1922 956 1978 1003; x_wconf 90' lang='lat' dir='ltr'><strong>et</strong></span> <span class='ocrx_word' id='word_1_122' title='bbox 1993 950 2170 1020; x_wconf 83' lang='lat' dir='ltr'><strong>dignis</strong></span> <span class='ocrx_word' id='word_1_123' title='bbox 2187 955 2500 1007; x_wconf 84' lang='lat' dir='ltr'><strong>excidamus</strong></span> <span class='ocrx_word' id='word_1_124' title='bbox 2517 960 2570 1007; x_wconf 90' lang='lat' dir='ltr'><strong>et</strong></span> <span class='ocrx_word' id='word_1_125' title='bbox 2593 953 2870 1006; x_wconf 88' lang='lat' dir='ltr'><strong>sinistram</strong></span> <span class='ocrx_word' id='word_1_126' title='bbox 2893 966 3147 1020; x_wconf 85' lang='lat' dir='ltr'><strong>paremus</strong></span> <span class='ocrx_word' id='word_1_127' title='bbox 3160 951 3504 1020; x_wconf 87' lang='lat' dir='ltr'><strong>opinionem;</strong></span> 
     </span>
    </p>
   </div>
   <div class='ocr_carea' id='block_1_20' title="bbox 1923 1040 3507 1114">
    <p class='ocr_par' dir='ltr' id='par_1_20' title="bbox 1923 1040 3507 1114">
     <span class='ocr_line' id='line_1_20' title="bbox 1923 1040 3507 1114; baseline 0 -21"><span class='ocrx_word' id='word_1_128' title='bbox 1923 1053 2031 1093; x_wconf 89' lang='lat' dir='ltr'><strong>non</strong></span> <span class='ocrx_word' id='word_1_129' title='bbox 2066 1040 2314 1098; x_wconf 87' lang='lat' dir='ltr'><strong>laudandi</strong></span> <span class='ocrx_word' id='word_1_130' title='bbox 2358 1043 2505 1114; x_wconf 91' lang='lat' dir='ltr'><strong>quod</strong></span> <span class='ocrx_word' id='word_1_131' title='bbox 2562 1045 2686 1098; x_wconf 91' lang='lat' dir='ltr'><strong>boni</strong></span> <span class='ocrx_word' id='word_1_132' title='bbox 2730 1041 2933 1112; x_wconf 91' lang='lat' dir='ltr'><strong>aliquid</strong></span> <span class='ocrx_word' id='word_1_133' title='bbox 2974 1042 3376 1112; x_wconf 84' lang='lat' dir='ltr'><strong>acceperimus,</strong></span> <span class='ocrx_word' id='word_1_134' title='bbox 3411 1040 3507 1096; x_wconf 87' lang='lat' dir='ltr'><strong>sed</strong></span> 
     </span>
    </p>
   </div>
   <div class='ocr_carea' id='block_1_21' title="bbox 1925 1133 3210 1206">
    <p class='ocr_par' dir='ltr' id='par_1_21' title="bbox 1925 1133 3210 1206">
     <span class='ocr_line' id='line_1_21' title="bbox 1925 1133 3210 1206; baseline 0.002 -20"><span class='ocrx_word' id='word_1_135' title='bbox 1925 1133 2066 1200; x_wconf 86' lang='lat' dir='ltr'><strong>quod</strong></span> <span class='ocrx_word' id='word_1_136' title='bbox 2105 1135 2233 1190; x_wconf 87' lang='lat' dir='ltr'><strong>mali</strong></span> <span class='ocrx_word' id='word_1_137' title='bbox 2269 1137 2396 1206; x_wconf 87' lang='lat' dir='ltr'><strong>quid</strong></span> <span class='ocrx_word' id='word_1_138' title='bbox 2430 1136 2578 1192; x_wconf 86' lang='lat' dir='ltr'><strong>nacti</strong></span> <span class='ocrx_word' id='word_1_139' title='bbox 2615 1137 2810 1201; x_wconf 88' lang='lat' dir='ltr'><strong>simus,</strong></span> <span class='ocrx_word' id='word_1_140' title='bbox 2847 1136 3210 1205; x_wconf 81' lang='lat' dir='ltr'><strong>vituperandi.</strong></span> 
     </span>
    </p>
   </div>
   <div class='ocr_carea' id='block_1_22' title="bbox 2410 1316 3003 1374">
    <p class='ocr_par' dir='ltr' id='par_1_22' title="bbox 2410 1316 3003 1374">
     <span class='ocr_line' id='line_1_22' title="bbox 2410 1316 3003 1374; baseline -0.007 0"><span class='ocrx_word' id='word_1_141' title='bbox 2410 1316 2679 1374; x_wconf 80' lang='lat' dir='ltr'><strong>CCCXCI.</strong></span> <span class='ocrx_word' id='word_1_142' title='bbox 2713 1348 2784 1362; x_wconf 93' lang='lat'><strong>—</strong></span> <span class='ocrx_word' id='word_1_143' title='bbox 2819 1317 3003 1372; x_wconf 81' lang='lat' dir='ltr'><strong>NILO.</strong></span> 
     </span>
    </p>
   </div>
   <div class='ocr_carea' id='block_1_23' title="bbox 242 1401 3482 1478">
    <p class='ocr_par' dir='ltr' id='par_1_23' title="bbox 242 1401 3482 1478">
     <span class='ocr_line' id='line_1_23' title="bbox 242 1401 3482 1478; baseline -0.002 -14"><span class='ocrx_word' id='word_1_144' title='bbox 242 1408 316 1464; x_wconf 83' lang='lat' dir='ltr'><strong>In</strong></span> <span class='ocrx_word' id='word_1_145' title='bbox 347 1410 505 1462; x_wconf 85' lang='lat' dir='ltr'><strong>nimio</strong></span> <span class='ocrx_word' id='word_1_146' title='bbox 534 1409 714 1462; x_wconf 89' lang='lat' dir='ltr'><strong>dolore</strong></span> <span class='ocrx_word' id='word_1_147' title='bbox 756 1424 892 1474; x_wconf 64' lang='lat' dir='ltr'><strong>saepe</strong></span> <span class='ocrx_word' id='word_1_148' title='bbox 917 1417 1103 1475; x_wconf 92' lang='lat' dir='ltr'><strong>stupor</strong></span> <span class='ocrx_word' id='word_1_149' title='bbox 1130 1417 1178 1459; x_wconf 86' lang='lat' dir='ltr'><strong>et</strong></span> <span class='ocrx_word' id='word_1_150' title='bbox 1205 1403 1468 1458; x_wconf 85' lang='lat' dir='ltr'><strong>silentium</strong></span> <span class='ocrx_word' id='word_1_151' title='bbox 1493 1402 1714 1457; x_wconf 80' lang='lat' dir='ltr'><strong>obvenit.</strong></span> <span class='ocrx_word' id='word_1_152' title='bbox 1747 1401 2027 1473; x_wconf 82' lang='lat' dir='ltr'><strong>Obstupui,</strong></span> <span class='ocrx_word' id='word_1_153' title='bbox 2055 1416 2410 1478; x_wconf 77' lang='lat' dir='ltr'><strong>steteruntque</strong></span> <span class='ocrx_word' id='word_1_154' title='bbox 2443 1426 2625 1473; x_wconf 65' lang='lat' dir='ltr'><strong>contra,</strong></span> <span class='ocrx_word' id='word_1_155' title='bbox 2660 1420 2706 1464; x_wconf 85' lang='lat' dir='ltr'><strong>et</strong></span> <span class='ocrx_word' id='word_1_156' title='bbox 2741 1425 2838 1462; x_wconf 80' lang='lat' dir='ltr'><strong>vox</strong></span> <span class='ocrx_word' id='word_1_157' title='bbox 2869 1408 3109 1476; x_wconf 75' lang='lat' dir='ltr'><strong>faucibus</strong></span> <span class='ocrx_word' id='word_1_158' title='bbox 3129 1405 3298 1461; x_wconf 63' lang='lat' dir='ltr'><strong>Iussit.</strong></span> <span class='ocrx_word' id='word_1_159' title='bbox 3330 1403 3482 1473; x_wconf 75' lang='lat' dir='ltr'><strong>Virg.</strong></span> 
     </span>
    </p>
   </div>
   <div class='ocr_carea' id='block_1_24' title="bbox 319 1492 1827 1569">
    <p class='ocr_par' dir='ltr' id='par_1_24' title="bbox 319 1492 1827 1569">
     <span class='ocr_line' id='line_1_24' title="bbox 319 1492 1827 1569; baseline -0.006 -16"><span class='ocrx_word' id='word_1_160' title='bbox 319 1500 383 1554; x_wconf 79' lang='grc' dir='ltr'><strong>Οἱ</strong></span> <span class='ocrx_word' id='word_1_161' title='bbox 430 1500 526 1569; x_wconf 81' lang='grc' dir='ltr'>μὲν</span> <span class='ocrx_word' id='word_1_162' title='bbox 564 1497 802 1569; x_wconf 79' lang='grc' dir='ltr'><strong>μετρίως</strong></span> <span class='ocrx_word' id='word_1_163' title='bbox 835 1496 1166 1566; x_wconf 83' lang='grc' dir='ltr'>λυπούμενοι</span> <span class='ocrx_word' id='word_1_164' title='bbox 1197 1496 1292 1548; x_wconf 54' lang='grc' dir='ltr'><strong>καὶ¹</strong></span> <span class='ocrx_word' id='word_1_165' title='bbox 1318 1492 1579 1564; x_wconf 80' lang='grc' dir='ltr'>δακρύειν</span> <span class='ocrx_word' id='word_1_166' title='bbox 1613 1493 1827 1563; x_wconf 76' lang='grc' dir='ltr'>ἰσχύου-</span> 
     </span>
    </p>
   </div>
   <div class='ocr_carea' id='block_1_25' title="bbox 245 1584 1827 1658">
    <p class='ocr_par' dir='ltr' id='par_1_25' title="bbox 245 1584 1827 1658">
     <span class='ocr_line' id='line_1_25' title="bbox 245 1584 1827 1658; baseline -0.007 -13"><span class='ocrx_word' id='word_1_167' title='bbox 245 1609 363 1646; x_wconf 86' lang='grc' dir='ltr'><strong>σιν·</strong></span> <span class='ocrx_word' id='word_1_168' title='bbox 393 1593 442 1644; x_wconf 84' lang='grc' dir='ltr'><strong>οί</strong></span> <span class='ocrx_word' id='word_1_169' title='bbox 468 1591 524 1643; x_wconf 89' lang='grc' dir='ltr'><strong>δέ</strong></span> <span class='ocrx_word' id='word_1_170' title='bbox 557 1589 1060 1658; x_wconf 83' lang='grc' dir='ltr'>καταπληττόμενοι</span> <span class='ocrx_word' id='word_1_171' title='bbox 1090 1588 1183 1639; x_wconf 69' lang='grc' dir='ltr'>ἐπὶ</span> <span class='ocrx_word' id='word_1_172' title='bbox 1209 1589 1331 1649; x_wconf 87' lang='grc' dir='ltr'>ταῖς</span> <span class='ocrx_word' id='word_1_173' title='bbox 1365 1584 1654 1655; x_wconf 81' lang='grc' dir='ltr'>μεγίσταις</span> <span class='ocrx_word' id='word_1_174' title='bbox 1692 1600 1827 1653; x_wconf 89' lang='grc' dir='ltr'>συμ-</span> 
     </span>
    </p>
   </div>
   <div class='ocr_carea' id='block_1_26' title="bbox 243 1672 1826 1755">
    <p class='ocr_par' dir='ltr' id='par_1_26' title="bbox 243 1672 1826 1755">
     <span class='ocr_line' id='line_1_26' title="bbox 243 1672 1826 1755; baseline -0.008 -18"><span class='ocrx_word' id='word_1_175' title='bbox 243 1686 461 1755; x_wconf 76' lang='grc' dir='ltr'>φοραῖς,</span> <span class='ocrx_word' id='word_1_176' title='bbox 508 1683 627 1735; x_wconf 84' lang='grc' dir='ltr'><strong>ούδέ</strong></span> <span class='ocrx_word' id='word_1_177' title='bbox 681 1679 949 1752; x_wconf 81' lang='grc' dir='ltr'>δακρύσαι</span> <span class='ocrx_word' id='word_1_178' title='bbox 1004 1677 1278 1739; x_wconf 87' lang='grc' dir='ltr'>δύνανται,</span> <span class='ocrx_word' id='word_1_179' title='bbox 1337 1677 1403 1745; x_wconf 76' lang='grc' dir='ltr'>τῇ</span> <span class='ocrx_word' id='word_1_180' title='bbox 1463 1673 1558 1726; x_wconf 82' lang='grc' dir='ltr'>τοῦ</span> <span class='ocrx_word' id='word_1_181' title='bbox 1617 1672 1826 1734; x_wconf 79' lang='grc' dir='ltr'><strong>πάθους</strong></span> 
     </span>
    </p>
   </div>
   <div class='ocr_carea' id='block_1_27' title="bbox 245 1761 1824 1846">
    <p class='ocr_par' dir='ltr' id='par_1_27' title="bbox 245 1761 1824 1846">
     <span class='ocr_line' id='line_1_27' title="bbox 245 1761 1824 1846; baseline -0.009 -18"><span class='ocrx_word' id='word_1_182' title='bbox 245 1774 524 1846; x_wconf 78' lang='grc' dir='ltr'>ὑπερϐολῇ</span> <span class='ocrx_word' id='word_1_183' title='bbox 577 1771 905 1840; x_wconf 71' lang='grc' dir='ltr'>ἐαλωκότες,</span> <span class='ocrx_word' id='word_1_184' title='bbox 960 1769 1054 1828; x_wconf 66' lang='grc' dir='ltr'>καὶ</span> <span class='ocrx_word' id='word_1_185' title='bbox 1081 1769 1189 1821; x_wconf 80' lang='grc' dir='ltr'>πᾶν</span> <span class='ocrx_word' id='word_1_186' title='bbox 1223 1768 1348 1819; x_wconf 82' lang='grc' dir='ltr'>ὅσον</span> <span class='ocrx_word' id='word_1_187' title='bbox 1391 1761 1534 1833; x_wconf 73' lang='grc' dir='ltr'>εἶχον</span> <span class='ocrx_word' id='word_1_188' title='bbox 1561 1765 1726 1834; x_wconf 83' lang='grc' dir='ltr'>ὑγρὸν</span> <span class='ocrx_word' id='word_1_189' title='bbox 1757 1767 1824 1834; x_wconf 81' lang='grc' dir='ltr'>τῇ</span> 
     </span>
    </p>
   </div>
   <div class='ocr_carea' id='block_1_28' title="bbox 2005 1495 3505 1569">
    <p class='ocr_par' dir='ltr' id='par_1_28' title="bbox 2005 1495 3505 1569">
     <span class='ocr_line' id='line_1_28' title="bbox 2005 1495 3505 1569; baseline -0.001 -20"><span class='ocrx_word' id='word_1_190' title='bbox 2005 1495 2104 1561; x_wconf 86' lang='lat' dir='ltr'><strong>Qui</strong></span> <span class='ocrx_word' id='word_1_191' title='bbox 2133 1498 2408 1552; x_wconf 78' lang='lat' dir='ltr'><strong>moderate</strong></span> <span class='ocrx_word' id='word_1_192' title='bbox 2441 1499 2642 1563; x_wconf 88' lang='lat' dir='ltr'><strong>dolent,</strong></span> <span class='ocrx_word' id='word_1_193' title='bbox 2675 1498 2962 1569; x_wconf 87' lang='lat' dir='ltr'><strong>lacrymari</strong></span> <span class='ocrx_word' id='word_1_194' title='bbox 3008 1498 3178 1551; x_wconf 87' lang='lat' dir='ltr'><strong>etiam</strong></span> <span class='ocrx_word' id='word_1_195' title='bbox 3226 1505 3453 1564; x_wconf 89' lang='lat' dir='ltr'><strong>possunt</strong></span> <span class='ocrx_word' id='word_1_196' title='bbox 3491 1510 3505 1546; x_wconf 92' lang='lat'><strong>:</strong></span> 
     </span>
    </p>
   </div>
   <div class='ocr_carea' id='block_1_29' title="bbox 1933 1587 3512 1658">
    <p class='ocr_par' dir='ltr' id='par_1_29' title="bbox 1933 1587 3512 1658">
     <span class='ocr_line' id='line_1_29' title="bbox 1933 1587 3512 1658; baseline 0.001 -19"><span class='ocrx_word' id='word_1_197' title='bbox 1933 1587 2022 1656; x_wconf 92' lang='lat' dir='ltr'><strong>qui</strong></span> <span class='ocrx_word' id='word_1_198' title='bbox 2057 1604 2182 1640; x_wconf 87' lang='lat' dir='ltr'><strong>vero</strong></span> <span class='ocrx_word' id='word_1_199' title='bbox 2205 1589 2406 1658; x_wconf 89' lang='lat' dir='ltr'><strong>ingenti</strong></span> <span class='ocrx_word' id='word_1_200' title='bbox 2441 1590 2749 1643; x_wconf 82' lang='lat' dir='ltr'><strong>calamitate</strong></span> <span class='ocrx_word' id='word_1_201' title='bbox 2783 1588 3039 1654; x_wconf 82' lang='lat' dir='ltr'><strong>perculsi,</strong></span> <span class='ocrx_word' id='word_1_202' title='bbox 3099 1603 3168 1642; x_wconf 89' lang='lat' dir='ltr'><strong>ne</strong></span> <span class='ocrx_word' id='word_1_203' title='bbox 3217 1587 3512 1657; x_wconf 83' lang='lat' dir='ltr'><strong>lacrymari</strong></span> 
     </span>
    </p>
   </div>
   <div class='ocr_carea' id='block_1_30' title="bbox 1934 1674 3511 1748">
    <p class='ocr_par' dir='ltr' id='par_1_30' title="bbox 1934 1674 3511 1748">
     <span class='ocr_line' id='line_1_30' title="bbox 1934 1674 3511 1748; baseline -0.001 -18"><span class='ocrx_word' id='word_1_204' title='bbox 1934 1679 2152 1746; x_wconf 87' lang='lat' dir='ltr'><strong>quidem</strong></span> <span class='ocrx_word' id='word_1_205' title='bbox 2182 1689 2403 1748; x_wconf 91' lang='lat' dir='ltr'><strong>queunt,</strong></span> <span class='ocrx_word' id='word_1_206' title='bbox 2439 1679 2638 1733; x_wconf 81' lang='lat' dir='ltr'><strong>doloris</strong></span> <span class='ocrx_word' id='word_1_207' title='bbox 2670 1678 2797 1732; x_wconf 90' lang='lat' dir='ltr'><strong>victi</strong></span> <span class='ocrx_word' id='word_1_208' title='bbox 2824 1677 3220 1744; x_wconf 75' lang='lat' dir='ltr'><strong>magnitudine,</strong></span> <span class='ocrx_word' id='word_1_209' title='bbox 3251 1684 3306 1729; x_wconf 91' lang='lat' dir='ltr'><strong>et</strong></span> <span class='ocrx_word' id='word_1_210' title='bbox 3349 1674 3511 1743; x_wconf 84' lang='lat' dir='ltr'><strong>quid-</strong></span> 
     </span>
    </p>
   </div>
   <div class='ocr_carea' id='block_1_31' title="bbox 1931 1765 3513 1840">
    <p class='ocr_par' dir='ltr' id='par_1_31' title="bbox 1931 1765 3513 1840">
     <span class='ocr_line' id='line_1_31' title="bbox 1931 1765 3513 1840; baseline -0.002 -18"><span class='ocrx_word' id='word_1_211' title='bbox 1931 1770 2060 1838; x_wconf 92' lang='lat' dir='ltr'><strong>quid</strong></span> <span class='ocrx_word' id='word_1_212' title='bbox 2091 1771 2228 1824; x_wconf 88' lang='lat' dir='ltr'><strong>inest</strong></span> <span class='ocrx_word' id='word_1_213' title='bbox 2248 1770 2452 1823; x_wconf 88' lang='lat' dir='ltr'><strong>humidi</strong></span> <span class='ocrx_word' id='word_1_214' title='bbox 2477 1771 2640 1840; x_wconf 80' lang='lat' dir='ltr'><strong>ignita</strong></span> <span class='ocrx_word' id='word_1_215' title='bbox 2667 1769 2715 1822; x_wconf 90' lang='lat' dir='ltr'><strong>vi</strong></span> <span class='ocrx_word' id='word_1_216' title='bbox 2745 1776 3120 1822; x_wconf 86' lang='lat' dir='ltr'><strong>consumente.</strong></span> <span class='ocrx_word' id='word_1_217' title='bbox 3147 1765 3305 1819; x_wconf 88' lang='lat' dir='ltr'><strong>Vultu</strong></span> <span class='ocrx_word' id='word_1_218' title='bbox 3332 1765 3513 1833; x_wconf 85' lang='lat' dir='ltr'><strong>itaque</strong></span> 
     </span>
    </p>
   </div>
   <div class='ocr_carea' id='block_1_32' title="bbox 242 1846 1872 1934">
    <p class='ocr_par' dir='ltr' id='par_1_32' title="bbox 242 1846 1872 1934">
     <span class='ocr_line' id='line_1_32' title="bbox 242 1846 1872 1934; baseline -0.007 -15"><span class='ocrx_word' id='word_1_219' title='bbox 242 1865 342 1919; x_wconf 71' lang='grc' dir='ltr'>τοῦ</span> <span class='ocrx_word' id='word_1_220' title='bbox 388 1864 559 1934; x_wconf 82' lang='grc' dir='ltr'>πυρὸς</span> <span class='ocrx_word' id='word_1_221' title='bbox 598 1864 752 1932; x_wconf 85' lang='grc' dir='ltr'>ἀκμῇ</span> <span class='ocrx_word' id='word_1_222' title='bbox 791 1860 1222 1928; x_wconf 88' lang='grc' dir='ltr'>δαπανήσαντες.</span> <span class='ocrx_word' id='word_1_223' title='bbox 1268 1858 1511 1927; x_wconf 82' lang='grc' dir='ltr'>Ἀχανεῖς</span> <span class='ocrx_word' id='word_1_224' title='bbox 1557 1855 1689 1922; x_wconf 81' lang='grc' dir='ltr'>γοῦν</span> <span class='ocrx_word' id='word_1_225' title='bbox 1735 1846 1872 1908; x_wconf 67' lang='lat' dir='ltr'><strong>atati]</strong></span> 
     </span>
    </p>
   </div>
   <div class='ocr_carea' id='block_1_33' title="bbox 1948 1846 3515 1934">
    <p class='ocr_par' dir='ltr' id='par_1_33' title="bbox 1948 1861 3515 1929">
     <span class='ocr_line' id='line_1_33' title="bbox 1948 1861 3515 1929; baseline -0.003 -16"><span class='ocrx_word' id='word_1_226' title='bbox 1948 1861 2144 1914; x_wconf 67' lang='lat' dir='ltr'><strong>attoniti</strong></span> <span class='ocrx_word' id='word_1_227' title='bbox 2198 1875 2262 1915; x_wconf 89' lang='lat' dir='ltr'><strong>ac</strong></span> <span class='ocrx_word' id='word_1_228' title='bbox 2293 1861 2525 1929; x_wconf 87' lang='lat' dir='ltr'><strong>perculsi</strong></span> <span class='ocrx_word' id='word_1_229' title='bbox 2583 1873 2837 1925; x_wconf 65' lang='lat' dir='ltr'><strong>maerore,</strong></span> <span class='ocrx_word' id='word_1_230' title='bbox 2883 1873 3057 1926; x_wconf 92' lang='lat' dir='ltr'><strong>neque</strong></span> <span class='ocrx_word' id='word_1_231' title='bbox 3100 1870 3292 1910; x_wconf 90' lang='lat' dir='ltr'><strong>vocem</strong></span> <span class='ocrx_word' id='word_1_232' title='bbox 3339 1869 3515 1924; x_wconf 89' lang='lat' dir='ltr'><strong>neque</strong></span> 
     </span>
    </p>
   </div>
   <div class='ocr_carea' id='block_1_34' title="bbox 246 1944 1825 2024">
    <p class='ocr_par' dir='ltr' id='par_1_34' title="bbox 246 1944 1825 2024">
     <span class='ocr_line' id='line_1_34' title="bbox 246 1944 1825 2024; baseline -0.01 -14"><span class='ocrx_word' id='word_1_233' title='bbox 246 1957 516 2024; x_wconf 76' lang='grc' dir='ltr'>κατηφεῖς</span> <span class='ocrx_word' id='word_1_234' title='bbox 544 1955 676 2006; x_wconf 77' lang='grc' dir='ltr'>είσι’</span> <span class='ocrx_word' id='word_1_235' title='bbox 703 1952 840 2022; x_wconf 83' lang='grc' dir='ltr'>μήτε</span> <span class='ocrx_word' id='word_1_236' title='bbox 870 1949 1049 2017; x_wconf 91' lang='grc' dir='ltr'>λόγον,</span> <span class='ocrx_word' id='word_1_237' title='bbox 1085 1952 1222 2018; x_wconf 84' lang='grc' dir='ltr'>μήτε</span> <span class='ocrx_word' id='word_1_238' title='bbox 1251 1946 1460 2017; x_wconf 83' lang='grc' dir='ltr'>δάκρυα</span> <span class='ocrx_word' id='word_1_239' title='bbox 1489 1944 1825 2016; x_wconf 83' lang='grc' dir='ltr'>προϊέμενοι,</span> 
     </span>
    </p>
   </div>
   <div class='ocr_carea' id='block_1_35' title="bbox 243 2035 1830 2117">
    <p class='ocr_par' dir='ltr' id='par_1_35' title="bbox 243 2035 1830 2117">
     <span class='ocr_line' id='line_1_35' title="bbox 243 2035 1830 2117; baseline -0.008 -18"><span class='ocrx_word' id='word_1_240' title='bbox 243 2049 315 2117; x_wconf 82' lang='grc' dir='ltr'>τῇ</span> <span class='ocrx_word' id='word_1_241' title='bbox 348 2047 405 2098; x_wconf 86' lang='grc' dir='ltr'><strong>δέ</strong></span> <span class='ocrx_word' id='word_1_242' title='bbox 451 2043 546 2098; x_wconf 83' lang='grc' dir='ltr'>τοῦ</span> <span class='ocrx_word' id='word_1_243' title='bbox 596 2040 890 2114; x_wconf 85' lang='grc' dir='ltr'>προσώπου</span> <span class='ocrx_word' id='word_1_244' title='bbox 947 2039 1268 2107; x_wconf 83' lang='grc' dir='ltr'>στυγνότητι</span> <span class='ocrx_word' id='word_1_245' title='bbox 1321 2035 1678 2106; x_wconf 87' lang='grc' dir='ltr'>ἐμφαίνοντες</span> <span class='ocrx_word' id='word_1_246' title='bbox 1731 2036 1830 2104; x_wconf 85' lang='grc' dir='ltr'>τῆς</span> 
     </span>
    </p>
   </div>
   <div class='ocr_carea' id='block_1_36' title="bbox 243 2124 1834 2205">
    <p class='ocr_par' dir='ltr' id='par_1_36' title="bbox 243 2124 1834 2205">
     <span class='ocr_line' id='line_1_36' title="bbox 243 2124 1834 2205; baseline -0.006 -18"><span class='ocrx_word' id='word_1_247' title='bbox 243 2135 429 2205; x_wconf 76' lang='grc' dir='ltr'>ψυχῆς</span> <span class='ocrx_word' id='word_1_248' title='bbox 466 2134 566 2200; x_wconf 83' lang='grc' dir='ltr'>τὴν</span> <span class='ocrx_word' id='word_1_249' title='bbox 613 2131 971 2186; x_wconf 87' lang='grc' dir='ltr'>κατάστασιν.</span> <span class='ocrx_word' id='word_1_250' title='bbox 1020 2126 1189 2181; x_wconf 85' lang='grc' dir='ltr'>Τοῦτο</span> <span class='ocrx_word' id='word_1_251' title='bbox 1225 2124 1282 2178; x_wconf 82' lang='grc' dir='ltr'>δὲ</span> <span class='ocrx_word' id='word_1_252' title='bbox 1332 2126 1517 2188; x_wconf 83' lang='grc' dir='ltr'>αὐτοῖς</span> <span class='ocrx_word' id='word_1_253' title='bbox 1550 2125 1723 2178; x_wconf 82' lang='grc' dir='ltr'>τίκτει</span> <span class='ocrx_word' id='word_1_254' title='bbox 1772 2124 1834 2177; x_wconf 84' lang='grc' dir='ltr'>τὸ</span> 
     </span>
    </p>
   </div>
   <div class='ocr_carea' id='block_1_37' title="bbox 246 2214 1830 2296">
    <p class='ocr_par' dir='ltr' id='par_1_37' title="bbox 246 2214 1830 2296">
     <span class='ocr_line' id='line_1_37' title="bbox 246 2214 1830 2296; baseline -0.008 -14"><span class='ocrx_word' id='word_1_255' title='bbox 246 2228 532 2296; x_wconf 74' lang='grc' dir='ltr'>ἀδόκητον·</span> <span class='ocrx_word' id='word_1_256' title='bbox 570 2225 632 2277; x_wconf 88' lang='grc' dir='ltr'><strong>τὸ</strong></span> <span class='ocrx_word' id='word_1_257' title='bbox 665 2223 773 2292; x_wconf 87' lang='grc' dir='ltr'>γὰρ</span> <span class='ocrx_word' id='word_1_258' title='bbox 803 2221 876 2292; x_wconf 70' lang='grc' dir='ltr'><strong>μὶ]</strong></span> <span class='ocrx_word' id='word_1_259' title='bbox 919 2219 1086 2274; x_wconf 86' lang='grc' dir='ltr'>πάλαι</span> <span class='ocrx_word' id='word_1_260' title='bbox 1134 2217 1426 2289; x_wconf 87' lang='grc' dir='ltr'>μελετηθέν</span> <span class='ocrx_word' id='word_1_261' title='bbox 1449 2217 1528 2286; x_wconf 84' lang='grc' dir='ltr'>τῷ</span> <span class='ocrx_word' id='word_1_262' title='bbox 1561 2214 1830 2288; x_wconf 76' lang='grc' dir='ltr'>λογισμῷ,</span> 
     </span>
    </p>
   </div>
   <div class='ocr_carea' id='block_1_38' title="bbox 240 2309 1274 2390">
    <p class='ocr_par' dir='ltr' id='par_1_38' title="bbox 240 2309 1274 2390">
     <span class='ocr_line' id='line_1_38' title="bbox 240 2309 1274 2390; baseline -0.011 -17"><span class='ocrx_word' id='word_1_263' title='bbox 240 2309 330 2390; x_wconf 64' lang='grc' dir='ltr'><strong>⁷τῷ</strong></span> <span class='ocrx_word' id='word_1_264' title='bbox 361 2319 574 2390; x_wconf 87' lang='grc' dir='ltr'>ἀθρόως</span> <span class='ocrx_word' id='word_1_265' title='bbox 601 2315 945 2384; x_wconf 87' lang='grc' dir='ltr'>συμϐαίνειν,</span> <span class='ocrx_word' id='word_1_266' title='bbox 977 2311 1274 2380; x_wconf 80' lang='grc' dir='ltr'>ἐξίστησιν.</span> 
     </span>
    </p>
   </div>
   <div class='ocr_carea' id='block_1_39' title="bbox 551 2399 1522 2474">
    <p class='ocr_par' dir='ltr' id='par_1_39' title="bbox 551 2399 1522 2474">
     <span class='ocr_line' id='line_1_39' title="bbox 551 2399 1522 2474; baseline -0.008 -14"><span class='ocrx_word' id='word_1_267' title='bbox 551 2405 714 2474; x_wconf 64' lang='lat' dir='ltr'><strong>me.</strong></span> <span class='ocrx_word' id='word_1_268' title='bbox 747 2433 820 2445; x_wconf 85' lang='lat'><strong>—</strong></span> <span class='ocrx_word' id='word_1_269' title='bbox 856 2403 1156 2473; x_wconf 77' lang='lat' dir='ltr'><strong>ErTon</strong></span> <span class='ocrx_word' id='word_1_270' title='bbox 1193 2399 1522 2470; x_wconf 80' lang='grc' dir='ltr'><strong>ΔΙΑΚΟΝῼ.</strong></span> 
     </span>
    </p>
   </div>
   <div class='ocr_carea' id='block_1_40' title="bbox 1937 1947 3517 2022">
    <p class='ocr_par' dir='ltr' id='par_1_40' title="bbox 1937 1947 3517 2022">
     <span class='ocr_line' id='line_1_40' title="bbox 1937 1947 3517 2022; baseline -0.003 -19"><span class='ocrx_word' id='word_1_271' title='bbox 1937 1950 2202 2022; x_wconf 88' lang='lat' dir='ltr'><strong>lacrymas</strong></span> <span class='ocrx_word' id='word_1_272' title='bbox 2223 1953 2498 2016; x_wconf 88' lang='lat' dir='ltr'><strong>emittunt,</strong></span> <span class='ocrx_word' id='word_1_273' title='bbox 2525 1950 2812 2018; x_wconf 86' lang='lat' dir='ltr'><strong>vultusque</strong></span> <span class='ocrx_word' id='word_1_274' title='bbox 2857 1949 3078 2003; x_wconf 89' lang='lat' dir='ltr'><strong>tristitia</strong></span> <span class='ocrx_word' id='word_1_275' title='bbox 3103 1947 3269 2001; x_wconf 91' lang='lat' dir='ltr'><strong>animi</strong></span> <span class='ocrx_word' id='word_1_276' title='bbox 3306 1961 3416 2015; x_wconf 71' lang='lat' dir='ltr'><strong>prae</strong></span> <span class='ocrx_word' id='word_1_277' title='bbox 3455 1960 3517 2000; x_wconf 89' lang='lat' dir='ltr'><strong>se</strong></span> 
     </span>
    </p>
   </div>
   <div class='ocr_carea' id='block_1_41' title="bbox 1936 2039 3513 2109">
    <p class='ocr_par' dir='ltr' id='par_1_41' title="bbox 1936 2039 3513 2109">
     <span class='ocr_line' id='line_1_41' title="bbox 1936 2039 3513 2109; baseline -0.002 -14"><span class='ocrx_word' id='word_1_278' title='bbox 1936 2042 2119 2097; x_wconf 80' lang='lat' dir='ltr'><strong>ferunt</strong></span> <span class='ocrx_word' id='word_1_279' title='bbox 2145 2043 2436 2097; x_wconf 83' lang='lat' dir='ltr'><strong>tristitiam.</strong></span> <span class='ocrx_word' id='word_1_280' title='bbox 2457 2042 2568 2097; x_wconf 89' lang='lat' dir='ltr'><strong>Hoc</strong></span> <span class='ocrx_word' id='word_1_281' title='bbox 2585 2042 2689 2097; x_wconf 83' lang='lat' dir='ltr'><strong>illis</strong></span> <span class='ocrx_word' id='word_1_282' title='bbox 2713 2041 3139 2109; x_wconf 83' lang='lat' dir='ltr'><strong>inexspectatum</strong></span> <span class='ocrx_word' id='word_1_283' title='bbox 3166 2039 3513 2107; x_wconf 87' lang='lat' dir='ltr'><strong>subitumque</strong></span> 
     </span>
    </p>
   </div>
   <div class='ocr_carea' id='block_1_42' title="bbox 1929 2126 3500 2202">
    <p class='ocr_par' dir='ltr' id='par_1_42' title="bbox 1929 2126 3500 2202">
     <span class='ocr_line' id='line_1_42' title="bbox 1929 2126 3500 2202; baseline -0.003 -16"><span class='ocrx_word' id='word_1_284' title='bbox 1929 2133 2099 2202; x_wconf 86' lang='lat' dir='ltr'><strong>gignit</strong></span> <span class='ocrx_word' id='word_1_285' title='bbox 2137 2134 2358 2189; x_wconf 90' lang='lat' dir='ltr'><strong>malum.</strong></span> <span class='ocrx_word' id='word_1_286' title='bbox 2394 2132 2548 2199; x_wconf 87' lang='lat' dir='ltr'><strong>Quod</strong></span> <span class='ocrx_word' id='word_1_287' title='bbox 2581 2132 2726 2186; x_wconf 92' lang='lat' dir='ltr'><strong>enim</strong></span> <span class='ocrx_word' id='word_1_288' title='bbox 2771 2145 2875 2184; x_wconf 92' lang='lat' dir='ltr'><strong>non</strong></span> <span class='ocrx_word' id='word_1_289' title='bbox 2917 2129 3069 2200; x_wconf 89' lang='lat' dir='ltr'><strong>prius</strong></span> <span class='ocrx_word' id='word_1_290' title='bbox 3106 2129 3288 2182; x_wconf 92' lang='lat' dir='ltr'><strong>animo</strong></span> <span class='ocrx_word' id='word_1_291' title='bbox 3316 2126 3500 2196; x_wconf 88' lang='lat' dir='ltr'><strong>provi-</strong></span> 
     </span>
    </p>
   </div>
   <div class='ocr_carea' id='block_1_43' title="bbox 1936 2219 3387 2294">
    <p class='ocr_par' dir='ltr' id='par_1_43' title="bbox 1936 2219 3387 2294">
     <span class='ocr_line' id='line_1_43' title="bbox 1936 2219 3387 2294; baseline -0.005 -15"><span class='ocrx_word' id='word_1_292' title='bbox 1936 2239 2057 2279; x_wconf 85' lang='lat' dir='ltr'><strong>sum</strong></span> <span class='ocrx_word' id='word_1_293' title='bbox 2089 2225 2180 2291; x_wconf 87' lang='lat' dir='ltr'><strong>sit,</strong></span> <span class='ocrx_word' id='word_1_294' title='bbox 2220 2225 2346 2280; x_wconf 90' lang='lat' dir='ltr'><strong>hinc</strong></span> <span class='ocrx_word' id='word_1_295' title='bbox 2370 2225 2568 2281; x_wconf 91' lang='lat' dir='ltr'><strong>mentis</strong></span> <span class='ocrx_word' id='word_1_296' title='bbox 2595 2223 2812 2294; x_wconf 87' lang='lat' dir='ltr'><strong>copiosa</strong></span> <span class='ocrx_word' id='word_1_297' title='bbox 2843 2221 3086 2277; x_wconf 89' lang='lat' dir='ltr'><strong>nascitur</strong></span> <span class='ocrx_word' id='word_1_298' title='bbox 3105 2219 3387 2275; x_wconf 91' lang='lat' dir='ltr'><strong>alienatio.</strong></span> 
     </span>
    </p>
   </div>
   <div class='ocr_carea' id='block_1_44' title="bbox 2171 2400 3280 2461">
    <p class='ocr_par' dir='ltr' id='par_1_44' title="bbox 2171 2400 3280 2461">
     <span class='ocr_line' id='line_1_44' title="bbox 2171 2400 3280 2461; baseline -0.003 -2"><span class='ocrx_word' id='word_1_299' title='bbox 2171 2402 2474 2461; x_wconf 80' lang='lat' dir='ltr'><strong>CCCXC“.</strong></span> <span class='ocrx_word' id='word_1_300' title='bbox 2512 2433 2584 2446; x_wconf 90' lang='lat'>—</span> <span class='ocrx_word' id='word_1_301' title='bbox 2615 2402 2920 2460; x_wconf 80' lang='lat' dir='ltr'><strong>EUTONIO</strong></span> <span class='ocrx_word' id='word_1_302' title='bbox 2955 2400 3280 2457; x_wconf 84' lang='lat' dir='ltr'><strong>DIACONO.</strong></span> 
     </span>
    </p>
   </div>
   <div class='ocr_carea' id='block_1_45' title="bbox 320 2489 3450 2568">
    <p class='ocr_par' dir='ltr' id='par_1_45' title="bbox 320 2489 3450 2568">
     <span class='ocr_line' id='line_1_45' title="bbox 320 2489 3450 2568; baseline -0.003 -16"><span class='ocrx_word' id='word_1_303' title='bbox 320 2497 490 2552; x_wconf 84' lang='lat' dir='ltr'><strong>Bonis</strong></span> <span class='ocrx_word' id='word_1_304' title='bbox 518 2512 727 2568; x_wconf 83' lang='lat' dir='ltr'><strong>propter</strong></span> <span class='ocrx_word' id='word_1_305' title='bbox 772 2495 1129 2563; x_wconf 86' lang='lat' dir='ltr'><strong>improborum</strong></span> <span class='ocrx_word' id='word_1_306' title='bbox 1159 2494 1410 2546; x_wconf 82' lang='lat' dir='ltr'><strong>invidiam</strong></span> <span class='ocrx_word' id='word_1_307' title='bbox 1433 2489 1640 2544; x_wconf 86' lang='lat' dir='ltr'><strong>virtutis</strong></span> <span class='ocrx_word' id='word_1_308' title='bbox 1679 2490 1912 2546; x_wconf 86' lang='lat' dir='ltr'><strong>studium</strong></span> <span class='ocrx_word' id='word_1_309' title='bbox 1953 2510 2055 2548; x_wconf 85' lang='lat' dir='ltr'><strong>non</strong></span> <span class='ocrx_word' id='word_1_310' title='bbox 2089 2493 2455 2552; x_wconf 82' lang='lat' dir='ltr'><strong>deserendum.</strong></span> <span class='ocrx_word' id='word_1_311' title='bbox 2498 2494 2673 2550; x_wconf 82' lang='lat' dir='ltr'><strong>Virtus</strong></span> <span class='ocrx_word' id='word_1_312' title='bbox 2715 2496 2887 2548; x_wconf 86' lang='lat' dir='ltr'><strong>claros</strong></span> <span class='ocrx_word' id='word_1_313' title='bbox 2922 2502 3244 2561; x_wconf 70' lang='lat' dir='ltr'><strong>aeternusque</strong></span> <span class='ocrx_word' id='word_1_314' title='bbox 3279 2489 3450 2560; x_wconf 69' lang='lat' dir='ltr'><strong>eﬁicit.</strong></span> 
     </span>
    </p>
   </div>
   <div class='ocr_carea' id='block_1_46' title="bbox 321 2580 1837 2657">
    <p class='ocr_par' dir='ltr' id='par_1_46' title="bbox 321 2580 1837 2657">
     <span class='ocr_line' id='line_1_46' title="bbox 321 2580 1837 2657; baseline -0.009 -13"><span class='ocrx_word' id='word_1_315' title='bbox 321 2591 389 2644; x_wconf 84' lang='grc' dir='ltr'><strong>Εἰ</strong></span> <span class='ocrx_word' id='word_1_316' title='bbox 420 2588 515 2642; x_wconf 67' lang='grc' dir='ltr'><strong>καὶ⁹</strong></span> <span class='ocrx_word' id='word_1_317' title='bbox 547 2586 718 2657; x_wconf 84' lang='grc' dir='ltr'>πολλὴ</span> <span class='ocrx_word' id='word_1_318' title='bbox 741 2585 838 2639; x_wconf 75' lang='grc' dir='ltr'>καὶ</span> <span class='ocrx_word' id='word_1_319' title='bbox 864 2583 1204 2645; x_wconf 80' lang='grc' dir='ltr'>πολύπλοκος</span> <span class='ocrx_word' id='word_1_320' title='bbox 1225 2582 1326 2651; x_wconf 79' lang='grc' dir='ltr'><strong>τῆς</strong></span> <span class='ocrx_word' id='word_1_321' title='bbox 1355 2580 1552 2639; x_wconf 84' lang='grc' dir='ltr'>κακίας</span> <span class='ocrx_word' id='word_1_322' title='bbox 1574 2581 1607 2650; x_wconf 79' lang='grc' dir='ltr'>ἡ</span> <span class='ocrx_word' id='word_1_323' title='bbox 1637 2595 1837 2632; x_wconf 84' lang='grc' dir='ltr'>σκαιω-</span> 
     </span>
    </p>
   </div>
   <div class='ocr_carea' id='block_1_47' title="bbox 253 2671 1837 2755">
    <p class='ocr_par' dir='ltr' id='par_1_47' title="bbox 253 2671 1837 2755">
     <span class='ocr_line' id='line_1_47' title="bbox 253 2671 1837 2755; baseline -0.006 -21"><span class='ocrx_word' id='word_1_324' title='bbox 253 2682 369 2755; x_wconf 89' lang='grc' dir='ltr'>ρία,</span> <span class='ocrx_word' id='word_1_325' title='bbox 394 2679 530 2733; x_wconf 85' lang='grc' dir='ltr'><strong>ἀλλά</strong></span> <span class='ocrx_word' id='word_1_326' title='bbox 554 2681 619 2732; x_wconf 87' lang='grc' dir='ltr'><strong>σὺ</strong></span> <span class='ocrx_word' id='word_1_327' title='bbox 649 2681 716 2748; x_wconf 77' lang='grc' dir='ltr'>τῇ</span> <span class='ocrx_word' id='word_1_328' title='bbox 742 2679 912 2750; x_wconf 81' lang='grc' dir='ltr'>ἀρετῇ</span> <span class='ocrx_word' id='word_1_329' title='bbox 935 2675 1142 2745; x_wconf 90' lang='grc' dir='ltr'>ταύτην</span> <span class='ocrx_word' id='word_1_330' title='bbox 1165 2671 1567 2742; x_wconf 77' lang='grc' dir='ltr'>καταγωνίζου.</span> <span class='ocrx_word' id='word_1_331' title='bbox 1613 2671 1837 2740; x_wconf 85' lang='grc' dir='ltr'>Ἐπειδὴ</span> 
     </span>
    </p>
   </div>
   <div class='ocr_carea' id='block_1_48' title="bbox 251 2761 1841 2840">
    <p class='ocr_par' dir='ltr' id='par_1_48' title="bbox 251 2761 1841 2840">
     <span class='ocr_line' id='line_1_48' title="bbox 251 2761 1841 2840; baseline -0.005 -17"><span class='ocrx_word' id='word_1_332' title='bbox 251 2773 366 2840; x_wconf 77' lang='grc' dir='ltr'>γὰρ</span> <span class='ocrx_word' id='word_1_333' title='bbox 399 2770 598 2838; x_wconf 79' lang='grc' dir='ltr'>ἀρετῆς</span> <span class='ocrx_word' id='word_1_334' title='bbox 630 2767 730 2839; x_wconf 82' lang='grc' dir='ltr'><strong>μὲν</strong></span> <span class='ocrx_word' id='word_1_335' title='bbox 758 2765 1139 2835; x_wconf 76' lang='grc' dir='ltr'>λαμπρότερον</span> <span class='ocrx_word' id='word_1_336' title='bbox 1167 2763 1340 2828; x_wconf 82' lang='grc' dir='ltr'>οὐδὲν,</span> <span class='ocrx_word' id='word_1_337' title='bbox 1372 2762 1570 2824; x_wconf 88' lang='grc' dir='ltr'>κακίας</span> <span class='ocrx_word' id='word_1_338' title='bbox 1599 2761 1657 2814; x_wconf 83' lang='grc' dir='ltr'>δὲ</span> <span class='ocrx_word' id='word_1_339' title='bbox 1687 2761 1841 2815; x_wconf 77' lang='grc' dir='ltr'>οὐδὲν</span> 
     </span>
    </p>
   </div>
   <div class='ocr_carea' id='block_1_49' title="bbox 252 2854 1835 2932">
    <p class='ocr_par' dir='ltr' id='par_1_49' title="bbox 252 2854 1835 2932">
     <span class='ocr_line' id='line_1_49' title="bbox 252 2854 1835 2932; baseline -0.007 -15"><span class='ocrx_word' id='word_1_340' title='bbox 252 2863 680 2932; x_wconf 79' lang='grc' dir='ltr'>ζοφωδέστερον,</span> <span class='ocrx_word' id='word_1_341' title='bbox 734 2858 921 2912; x_wconf 78' lang='grc' dir='ltr'>πολλοὶ</span> <span class='ocrx_word' id='word_1_342' title='bbox 967 2855 1229 2918; x_wconf 80' lang='grc' dir='ltr'>πολλάκις</span> <span class='ocrx_word' id='word_1_343' title='bbox 1285 2854 1393 2908; x_wconf 85' lang='grc' dir='ltr'><strong>τῶν</strong></span> <span class='ocrx_word' id='word_1_344' title='bbox 1445 2854 1584 2923; x_wconf 81' lang='grc' dir='ltr'>μήτε</span> <span class='ocrx_word' id='word_1_345' title='bbox 1637 2854 1835 2919; x_wconf 79' lang='grc' dir='ltr'>εἰπεῖν,</span> 
     </span>
    </p>
   </div>
   <div class='ocr_carea' id='block_1_50' title="bbox 257 2944 1836 3028">
    <p class='ocr_par' dir='ltr' id='par_1_50' title="bbox 257 2944 1836 3028">
     <span class='ocr_line' id='line_1_50' title="bbox 257 2944 1836 3028; baseline -0.009 -19"><span class='ocrx_word' id='word_1_346' title='bbox 257 2957 398 3028; x_wconf 81' lang='grc' dir='ltr'>μήτε</span> <span class='ocrx_word' id='word_1_347' title='bbox 431 2953 635 3024; x_wconf 79' lang='grc' dir='ltr'>πρᾶξαί</span> <span class='ocrx_word' id='word_1_348' title='bbox 663 2970 716 3004; x_wconf 89' lang='grc' dir='ltr'><strong>τι</strong></span> <span class='ocrx_word' id='word_1_349' title='bbox 752 2950 1005 3021; x_wconf 82' lang='grc' dir='ltr'>λαμπρὸν</span> <span class='ocrx_word' id='word_1_350' title='bbox 1051 2947 1410 3017; x_wconf 82' lang='grc' dir='ltr'>βουλομένων,</span> <span class='ocrx_word' id='word_1_351' title='bbox 1444 2944 1680 3014; x_wconf 81' lang='grc' dir='ltr'>ὁρῶντες</span> <span class='ocrx_word' id='word_1_352' title='bbox 1708 2946 1836 2997; x_wconf 84' lang='grc' dir='ltr'>ἐαυ-</span> 
     </span>
    </p>
   </div>
   <div class='ocr_carea' id='block_1_51' title="bbox 2012 2579 3523 2656">
    <p class='ocr_par' dir='ltr' id='par_1_51' title="bbox 2012 2579 3523 2656">
     <span class='ocr_line' id='line_1_51' title="bbox 2012 2579 3523 2656; baseline -0.003 -17"><span class='ocrx_word' id='word_1_353' title='bbox 2012 2585 2126 2640; x_wconf 87' lang='lat' dir='ltr'><strong>Etsi</strong></span> <span class='ocrx_word' id='word_1_354' title='bbox 2165 2586 2350 2642; x_wconf 86' lang='lat' dir='ltr'><strong>varius</strong></span> <span class='ocrx_word' id='word_1_355' title='bbox 2373 2595 2457 2641; x_wconf 91' lang='lat' dir='ltr'><strong>est</strong></span> <span class='ocrx_word' id='word_1_356' title='bbox 2480 2596 2643 2656; x_wconf 89' lang='lat' dir='ltr'><strong>atque</strong></span> <span class='ocrx_word' id='word_1_357' title='bbox 2687 2584 2982 2654; x_wconf 89' lang='lat' dir='ltr'><strong>implicitus</strong></span> <span class='ocrx_word' id='word_1_358' title='bbox 3030 2580 3392 2652; x_wconf 83' lang='lat' dir='ltr'><strong>improbitatis</strong></span> <span class='ocrx_word' id='word_1_359' title='bbox 3423 2579 3523 2635; x_wconf 82' lang='lat' dir='ltr'><strong>do-</strong></span> 
     </span>
    </p>
   </div>
   <div class='ocr_carea' id='block_1_52' title="bbox 1940 2671 3520 2746">
    <p class='ocr_par' dir='ltr' id='par_1_52' title="bbox 1940 2671 3520 2746">
     <span class='ocr_line' id='line_1_52' title="bbox 1940 2671 3520 2746; baseline -0.002 -17"><span class='ocrx_word' id='word_1_360' title='bbox 1940 2677 2052 2741; x_wconf 90' lang='lat' dir='ltr'><strong>lus,</strong></span> <span class='ocrx_word' id='word_1_361' title='bbox 2087 2689 2210 2730; x_wconf 91' lang='lat' dir='ltr'><strong>eum</strong></span> <span class='ocrx_word' id='word_1_362' title='bbox 2237 2685 2291 2730; x_wconf 91' lang='lat' dir='ltr'><strong>tu</strong></span> <span class='ocrx_word' id='word_1_363' title='bbox 2327 2676 2529 2730; x_wconf 88' lang='lat' dir='ltr'><strong>virtute</strong></span> <span class='ocrx_word' id='word_1_364' title='bbox 2553 2691 2822 2746; x_wconf 72' lang='lat' dir='ltr'><strong>expugna.</strong></span> <span class='ocrx_word' id='word_1_365' title='bbox 2853 2672 3116 2740; x_wconf 88' lang='lat' dir='ltr'><strong>Quoniam</strong></span> <span class='ocrx_word' id='word_1_366' title='bbox 3141 2671 3284 2727; x_wconf 91' lang='lat' dir='ltr'><strong>enim</strong></span> <span class='ocrx_word' id='word_1_367' title='bbox 3316 2673 3520 2726; x_wconf 83' lang='lat' dir='ltr'><strong>virtute</strong></span> 
     </span>
    </p>
   </div>
   <div class='ocr_carea' id='block_1_53' title="bbox 1945 2761 3512 2830">
    <p class='ocr_par' dir='ltr' id='par_1_53' title="bbox 1945 2761 3512 2830">
     <span class='ocr_line' id='line_1_53' title="bbox 1945 2761 3512 2830; baseline -0.001 -12"><span class='ocrx_word' id='word_1_368' title='bbox 1945 2763 2082 2818; x_wconf 89' lang='lat' dir='ltr'><strong>nihil</strong></span> <span class='ocrx_word' id='word_1_369' title='bbox 2139 2775 2224 2820; x_wconf 88' lang='lat' dir='ltr'><strong>est</strong></span> <span class='ocrx_word' id='word_1_370' title='bbox 2278 2765 2566 2830; x_wconf 89' lang='lat' dir='ltr'><strong>illustrius,</strong></span> <span class='ocrx_word' id='word_1_371' title='bbox 2617 2765 2818 2819; x_wconf 89' lang='lat' dir='ltr'><strong>malitia</strong></span> <span class='ocrx_word' id='word_1_372' title='bbox 2846 2779 2977 2818; x_wconf 85' lang='lat' dir='ltr'><strong>vero</strong></span> <span class='ocrx_word' id='word_1_373' title='bbox 3024 2763 3158 2817; x_wconf 85' lang='lat' dir='ltr'><strong>nihil</strong></span> <span class='ocrx_word' id='word_1_374' title='bbox 3200 2761 3512 2826; x_wconf 86' lang='lat' dir='ltr'><strong>obscurius,</strong></span> 
     </span>
    </p>
   </div>
   <div class='ocr_carea' id='block_1_54' title="bbox 1945 2852 3514 2926">
    <p class='ocr_par' dir='ltr' id='par_1_54' title="bbox 1945 2852 3514 2926">
     <span class='ocr_line' id='line_1_54' title="bbox 1945 2852 3514 2926; baseline 0.001 -19"><span class='ocrx_word' id='word_1_375' title='bbox 1945 2856 2100 2910; x_wconf 87' lang='lat' dir='ltr'><strong>multi</strong></span> <span class='ocrx_word' id='word_1_376' title='bbox 2131 2872 2506 2926; x_wconf 66' lang='lat' dir='ltr'><strong>smpenumero</strong></span> <span class='ocrx_word' id='word_1_377' title='bbox 2549 2857 2641 2926; x_wconf 92' lang='lat' dir='ltr'><strong>qui</strong></span> <span class='ocrx_word' id='word_1_378' title='bbox 2679 2870 2855 2925; x_wconf 90' lang='lat' dir='ltr'><strong>neque</strong></span> <span class='ocrx_word' id='word_1_379' title='bbox 2888 2856 3070 2910; x_wconf 87' lang='lat' dir='ltr'><strong>dicere</strong></span> <span class='ocrx_word' id='word_1_380' title='bbox 3115 2869 3288 2923; x_wconf 89' lang='lat' dir='ltr'><strong>neque</strong></span> <span class='ocrx_word' id='word_1_381' title='bbox 3332 2852 3514 2908; x_wconf 79' lang='lat' dir='ltr'><strong>facere</strong></span> 
     </span>
    </p>
   </div>
   <div class='ocr_carea' id='block_1_55' title="bbox 1951 2946 3527 3017">
    <p class='ocr_par' dir='ltr' id='par_1_55' title="bbox 1951 2946 3527 3017">
     <span class='ocr_line' id='line_1_55' title="bbox 1951 2946 3527 3017; baseline 0.001 -18"><span class='ocrx_word' id='word_1_382' title='bbox 1951 2946 2228 3017; x_wconf 88' lang='lat' dir='ltr'><strong>quidpiam</strong></span> <span class='ocrx_word' id='word_1_383' title='bbox 2280 2948 2522 3016; x_wconf 69' lang='lat' dir='ltr'><strong>prazclari</strong></span> <span class='ocrx_word' id='word_1_384' title='bbox 2555 2947 2763 3011; x_wconf 86' lang='lat' dir='ltr'><strong>volunt,</strong></span> <span class='ocrx_word' id='word_1_385' title='bbox 2805 2962 2956 3002; x_wconf 90' lang='lat' dir='ltr'><strong>suam</strong></span> <span class='ocrx_word' id='word_1_386' title='bbox 3005 2946 3414 3014; x_wconf 90' lang='lat' dir='ltr'><strong>turpitudinem,</strong></span> <span class='ocrx_word' id='word_1_387' title='bbox 3469 2955 3527 3000; x_wconf 87' lang='lat' dir='ltr'><strong>et</strong></span> 
     </span>
    </p>
   </div>
   <div class='ocr_carea' id='block_1_56' title="bbox 251 3023 1872 3115">
    <p class='ocr_par' dir='ltr' id='par_1_56' title="bbox 251 3023 1872 3115">
     <span class='ocr_line' id='line_1_56' title="bbox 251 3023 1872 3115; baseline -0.009 -15"><span class='ocrx_word' id='word_1_388' title='bbox 251 3023 364 3100; x_wconf 69' lang='grc' dir='ltr'><strong>τών</strong></span> <span class='ocrx_word' id='word_1_389' title='bbox 416 3023 512 3115; x_wconf 79' lang='grc' dir='ltr'><strong>μὲν</strong></span> <span class='ocrx_word' id='word_1_390' title='bbox 560 3045 658 3113; x_wconf 84' lang='grc' dir='ltr'>τὴν</span> <span class='ocrx_word' id='word_1_391' title='bbox 707 3041 1061 3110; x_wconf 80' lang='grc' dir='ltr'>αἰσχρότητα,</span> <span class='ocrx_word' id='word_1_392' title='bbox 1117 3038 1226 3090; x_wconf 85' lang='grc' dir='ltr'><strong>τῶν</strong></span> <span class='ocrx_word' id='word_1_393' title='bbox 1283 3036 1340 3089; x_wconf 85' lang='grc' dir='ltr'>δὲ</span> <span class='ocrx_word' id='word_1_394' title='bbox 1381 3035 1690 3105; x_wconf 85' lang='grc' dir='ltr'>φιλαρέτων</span> <span class='ocrx_word' id='word_1_395' title='bbox 1737 3035 1872 3103; x_wconf 78' lang='grc' dir='ltr'>τὴν⁴</span> 
     </span>
    </p>
   </div>
   <div class='ocr_carea' id='block_1_57' title="bbox 1948 3023 3523 3115">
    <p class='ocr_par' dir='ltr' id='par_1_57' title="bbox 1948 3038 3523 3108">
     <span class='ocr_line' id='line_1_57' title="bbox 1948 3038 3523 3108; baseline -0.001 -16"><span class='ocrx_word' id='word_1_396' title='bbox 1948 3038 2236 3106; x_wconf 90' lang='lat' dir='ltr'><strong>proborum</strong></span> <span class='ocrx_word' id='word_1_397' title='bbox 2280 3041 2665 3095; x_wconf 86' lang='lat' dir='ltr'><strong>claritudinem</strong></span> <span class='ocrx_word' id='word_1_398' title='bbox 2716 3041 2984 3104; x_wconf 91' lang='lat' dir='ltr'><strong>videntes,</strong></span> <span class='ocrx_word' id='word_1_399' title='bbox 3017 3040 3253 3108; x_wconf 89' lang='lat' dir='ltr'><strong>aliquem</strong></span> <span class='ocrx_word' id='word_1_400' title='bbox 3291 3038 3523 3108; x_wconf 88' lang='lat' dir='ltr'><strong>eligunt,</strong></span> 
     </span>
    </p>
   </div>
   <div class='ocr_carea' id='block_1_58' title="bbox 251 3127 1840 3211">
    <p class='ocr_par' dir='ltr' id='par_1_58' title="bbox 251 3127 1840 3211">
     <span class='ocr_line' id='line_1_58' title="bbox 251 3127 1840 3211; baseline -0.009 -17"><span class='ocrx_word' id='word_1_401' title='bbox 251 3138 652 3211; x_wconf 80' lang='grc' dir='ltr'>λαμπρότητα·</span> <span class='ocrx_word' id='word_1_402' title='bbox 706 3132 1063 3202; x_wconf 78' lang='grc' dir='ltr'>ἐκλεξάμενοι</span> <span class='ocrx_word' id='word_1_403' title='bbox 1109 3148 1235 3183; x_wconf 86' lang='grc' dir='ltr'>τινα</span> <span class='ocrx_word' id='word_1_404' title='bbox 1274 3129 1383 3182; x_wconf 86' lang='grc' dir='ltr'><strong>τῶν</strong></span> <span class='ocrx_word' id='word_1_405' title='bbox 1417 3128 1582 3200; x_wconf 84' lang='grc' dir='ltr'>μηδὲν</span> <span class='ocrx_word' id='word_1_406' title='bbox 1614 3127 1840 3196; x_wconf 82' lang='grc' dir='ltr'>ἀγαθὸν,</span> 
     </span>
    </p>
   </div>
   <div class='ocr_carea' id='block_1_59' title="bbox 257 3219 1841 3303">
    <p class='ocr_par' dir='ltr' id='par_1_59' title="bbox 257 3219 1841 3303">
     <span class='ocr_line' id='line_1_59' title="bbox 257 3219 1841 3303; baseline -0.009 -19"><span class='ocrx_word' id='word_1_407' title='bbox 257 3234 398 3303; x_wconf 85' lang='grc' dir='ltr'>μήτε</span> <span class='ocrx_word' id='word_1_408' title='bbox 426 3230 620 3292; x_wconf 75' lang='grc' dir='ltr'>εἰπεῖν,</span> <span class='ocrx_word' id='word_1_409' title='bbox 655 3227 791 3298; x_wconf 80' lang='grc' dir='ltr'>μήτε</span> <span class='ocrx_word' id='word_1_410' title='bbox 838 3225 1064 3294; x_wconf 83' lang='grc' dir='ltr'>ποιῆσαι</span> <span class='ocrx_word' id='word_1_411' title='bbox 1094 3221 1521 3294; x_wconf 82' lang='grc' dir='ltr'>προῃρημένων,</span> <span class='ocrx_word' id='word_1_412' title='bbox 1557 3219 1841 3291; x_wconf 78' lang='grc' dir='ltr'>ἐπαίρουσι</span> 
     </span>
    </p>
   </div>
   <div class='ocr_carea' id='block_1_60' title="bbox 256 3310 1842 3390">
    <p class='ocr_par' dir='ltr' id='par_1_60' title="bbox 256 3310 1842 3390">
     <span class='ocr_line' id='line_1_60' title="bbox 256 3310 1842 3390; baseline -0.008 -15"><span class='ocrx_word' id='word_1_413' title='bbox 256 3324 355 3375; x_wconf 75' lang='grc' dir='ltr'><strong>καὶ</strong></span> <span class='ocrx_word' id='word_1_414' title='bbox 393 3320 764 3390; x_wconf 79' lang='grc' dir='ltr'>θαυμάζουσιν</span> <span class='ocrx_word' id='word_1_415' title='bbox 806 3317 947 3385; x_wconf 81' lang='grc' dir='ltr'>ὑπὲρ</span> <span class='ocrx_word' id='word_1_416' title='bbox 977 3315 1076 3384; x_wconf 82' lang='grc' dir='ltr'>τὴν</span> <span class='ocrx_word' id='word_1_417' title='bbox 1118 3313 1295 3378; x_wconf 85' lang='grc' dir='ltr'>ἀξίαν,</span> <span class='ocrx_word' id='word_1_418' title='bbox 1321 3313 1370 3365; x_wconf 89' lang='grc' dir='ltr'>οἱ</span> <span class='ocrx_word' id='word_1_419' title='bbox 1405 3313 1503 3382; x_wconf 85' lang='grc' dir='ltr'><strong>μὲν</strong></span> <span class='ocrx_word' id='word_1_420' title='bbox 1530 3310 1764 3381; x_wconf 78' lang='grc' dir='ltr'>ἀμαθίᾳ,</span> <span class='ocrx_word' id='word_1_421' title='bbox 1793 3311 1842 3362; x_wconf 71' lang='lat' dir='ltr'><strong>oi</strong></span> 
     </span>
    </p>
   </div>
   <div class='ocr_carea' id='block_1_61' title="bbox 252 3403 1843 3483">
    <p class='ocr_par' dir='ltr' id='par_1_61' title="bbox 252 3403 1843 3483">
     <span class='ocr_line' id='line_1_61' title="bbox 252 3403 1843 3483; baseline -0.009 -15"><span class='ocrx_word' id='word_1_422' title='bbox 252 3415 313 3467; x_wconf 83' lang='grc' dir='ltr'><strong>δέ</strong></span> <span class='ocrx_word' id='word_1_423' title='bbox 346 3412 614 3483; x_wconf 77' lang='grc' dir='ltr'>βασκανίᾳ</span> <span class='ocrx_word' id='word_1_424' title='bbox 637 3411 795 3463; x_wconf 82' lang='grc' dir='ltr'>τοῦτο</span> <span class='ocrx_word' id='word_1_425' title='bbox 839 3407 1099 3479; x_wconf 83' lang='grc' dir='ltr'>δρῶντες,</span> <span class='ocrx_word' id='word_1_426' title='bbox 1139 3407 1226 3458; x_wconf 83' lang='grc' dir='ltr'><strong>ἴνα</strong></span> <span class='ocrx_word' id='word_1_427' title='bbox 1255 3405 1355 3475; x_wconf 82' lang='grc' dir='ltr'><strong>τὴν</strong></span> <span class='ocrx_word' id='word_1_428' title='bbox 1384 3404 1542 3470; x_wconf 81' lang='grc' dir='ltr'>δόξαν</span> <span class='ocrx_word' id='word_1_429' title='bbox 1575 3403 1843 3456; x_wconf 87' lang='grc' dir='ltr'>καθέλωσι</span> 
     </span>
    </p>
   </div>
   <div class='ocr_carea' id='block_1_62' title="bbox 254 3491 1843 3569">
    <p class='ocr_par' dir='ltr' id='par_1_62' title="bbox 254 3491 1843 3569">
     <span class='ocr_line' id='line_1_62' title="bbox 254 3491 1843 3569; baseline -0.006 -16"><span class='ocrx_word' id='word_1_430' title='bbox 254 3501 367 3554; x_wconf 85' lang='grc' dir='ltr'>τῶν</span> <span class='ocrx_word' id='word_1_431' title='bbox 401 3499 728 3569; x_wconf 84' lang='grc' dir='ltr'>φιλοπόνων,</span> <span class='ocrx_word' id='word_1_432' title='bbox 760 3497 859 3566; x_wconf 75' lang='grc' dir='ltr'><strong>οὐχ</strong></span> <span class='ocrx_word' id='word_1_433' title='bbox 890 3497 978 3547; x_wconf 82' lang='grc' dir='ltr'><strong>ἵνα</strong></span> <span class='ocrx_word' id='word_1_434' title='bbox 1007 3494 1222 3558; x_wconf 86' lang='grc' dir='ltr'>δείξωσι</span> <span class='ocrx_word' id='word_1_435' title='bbox 1253 3493 1566 3562; x_wconf 87' lang='grc' dir='ltr'>θαυμαστὸν</span> <span class='ocrx_word' id='word_1_436' title='bbox 1596 3494 1724 3545; x_wconf 78' lang='grc' dir='ltr'>ὄντα</span> <span class='ocrx_word' id='word_1_437' title='bbox 1750 3491 1843 3544; x_wconf 80' lang='grc' dir='ltr'><strong>τὸν</strong></span> 
     </span>
    </p>
   </div>
   <div class='ocr_carea' id='block_1_63' title="bbox 263 3583 1843 3663">
    <p class='ocr_par' dir='ltr' id='par_1_63' title="bbox 263 3583 1843 3663">
     <span class='ocr_line' id='line_1_63' title="bbox 263 3583 1843 3663; baseline -0.006 -18"><span class='ocrx_word' id='word_1_438' title='bbox 263 3592 341 3663; x_wconf 79' lang='grc' dir='ltr'>μὴ</span> <span class='ocrx_word' id='word_1_439' title='bbox 371 3593 501 3645; x_wconf 77' lang='grc' dir='ltr'>ὄντα</span> <span class='ocrx_word' id='word_1_440' title='bbox 529 3590 792 3644; x_wconf 79' lang='grc' dir='ltr'>τοιοῦτον.</span> <span class='ocrx_word' id='word_1_441' title='bbox 841 3588 1002 3641; x_wconf 84' lang='grc' dir='ltr'>Ἀλλά</span> <span class='ocrx_word' id='word_1_442' title='bbox 1039 3588 1133 3640; x_wconf 86' lang='grc' dir='ltr'><strong>τὸν</strong></span> <span class='ocrx_word' id='word_1_443' title='bbox 1162 3587 1445 3640; x_wconf 90' lang='grc' dir='ltr'>σπουδαῖον</span> <span class='ocrx_word' id='word_1_444' title='bbox 1472 3584 1709 3653; x_wconf 75' lang='grc' dir='ltr'>μάλιστα</span> <span class='ocrx_word' id='word_1_445' title='bbox 1744 3583 1843 3652; x_wconf 80' lang='grc' dir='ltr'><strong>μὲν</strong></span> 
     </span>
    </p>
   </div>
   <div class='ocr_carea' id='block_1_64' title="bbox 256 3675 1840 3751">
    <p class='ocr_par' dir='ltr' id='par_1_64' title="bbox 256 3675 1840 3751">
     <span class='ocr_line' id='line_1_64' title="bbox 256 3675 1840 3751; baseline -0.006 -14"><span class='ocrx_word' id='word_1_446' title='bbox 256 3685 356 3738; x_wconf 74' lang='grc' dir='ltr'><strong>καὶ</strong></span> <span class='ocrx_word' id='word_1_447' title='bbox 400 3683 641 3736; x_wconf 87' lang='grc' dir='ltr'>ἐπαίνων</span> <span class='ocrx_word' id='word_1_448' title='bbox 671 3677 810 3734; x_wconf 75' lang='grc' dir='ltr'>εἶναι</span> <span class='ocrx_word' id='word_1_449' title='bbox 857 3681 1148 3751; x_wconf 87' lang='grc' dir='ltr'>κρείττονα</span> <span class='ocrx_word' id='word_1_450' title='bbox 1194 3679 1330 3750; x_wconf 83' lang='grc' dir='ltr'><strong>χρή·</strong></span> <span class='ocrx_word' id='word_1_451' title='bbox 1363 3679 1412 3730; x_wconf 86' lang='grc' dir='ltr'><strong>εί</strong></span> <span class='ocrx_word' id='word_1_452' title='bbox 1445 3677 1502 3730; x_wconf 87' lang='grc' dir='ltr'><strong>δέ</strong></span> <span class='ocrx_word' id='word_1_453' title='bbox 1549 3679 1641 3730; x_wconf 71' lang='grc' dir='ltr'>καὶ</span> <span class='ocrx_word' id='word_1_454' title='bbox 1667 3675 1840 3747; x_wconf 75' lang='grc' dir='ltr'>διψῴη</span> 
     </span>
    </p>
   </div>
   <div class='ocr_carea' id='block_1_65' title="bbox 255 3765 1841 3840">
    <p class='ocr_par' dir='ltr' id='par_1_65' title="bbox 255 3765 1841 3840">
     <span class='ocr_line' id='line_1_65' title="bbox 255 3765 1841 3840; baseline -0.003 -17"><span class='ocrx_word' id='word_1_455' title='bbox 255 3771 489 3834; x_wconf 85' lang='grc' dir='ltr'>τούτων,</span> <span class='ocrx_word' id='word_1_456' title='bbox 543 3771 772 3840; x_wconf 85' lang='grc' dir='ltr'>συνορᾷν</span> <span class='ocrx_word' id='word_1_457' title='bbox 819 3767 910 3820; x_wconf 79' lang='grc' dir='ltr'><strong>τὸν</strong></span> <span class='ocrx_word' id='word_1_458' title='bbox 945 3768 1117 3830; x_wconf 89' lang='grc' dir='ltr'>δόλον,</span> <span class='ocrx_word' id='word_1_459' title='bbox 1166 3768 1248 3820; x_wconf 77' lang='grc' dir='ltr'><strong>ὅτι</strong></span> <span class='ocrx_word' id='word_1_460' title='bbox 1295 3767 1494 3818; x_wconf 83' lang='grc' dir='ltr'>ἐκεῖνοι</span> <span class='ocrx_word' id='word_1_461' title='bbox 1543 3765 1841 3835; x_wconf 73' lang='grc' dir='ltr'>ἢέκκόψαι</span> 
     </span>
    </p>
   </div>
   <div class='ocr_carea' id='block_1_66' title="bbox 261 3856 1842 3930">
    <p class='ocr_par' dir='ltr' id='par_1_66' title="bbox 261 3856 1842 3930">
     <span class='ocr_line' id='line_1_66' title="bbox 261 3856 1842 3930; baseline -0.003 -17"><span class='ocrx_word' id='word_1_462' title='bbox 261 3860 414 3930; x_wconf 81' lang='grc' dir='ltr'>αὐτῷ</span> <span class='ocrx_word' id='word_1_463' title='bbox 457 3860 547 3913; x_wconf 82' lang='grc' dir='ltr'><strong>τὸν</strong></span> <span class='ocrx_word' id='word_1_464' title='bbox 590 3862 670 3924; x_wconf 84' lang='grc' dir='ltr'><strong>είς</strong></span> <span class='ocrx_word' id='word_1_465' title='bbox 699 3859 800 3930; x_wconf 85' lang='grc' dir='ltr'>τὴν</span> <span class='ocrx_word' id='word_1_466' title='bbox 850 3859 1055 3929; x_wconf 86' lang='grc' dir='ltr'>ἀρετὴν</span> <span class='ocrx_word' id='word_1_467' title='bbox 1088 3857 1288 3928; x_wconf 89' lang='grc' dir='ltr'>δρόμον</span> <span class='ocrx_word' id='word_1_468' title='bbox 1326 3856 1660 3927; x_wconf 83' lang='grc' dir='ltr'>βουλόμενοι,</span> <span class='ocrx_word' id='word_1_469' title='bbox 1691 3857 1725 3926; x_wconf 79' lang='grc' dir='ltr'>ἢ</span> <span class='ocrx_word' id='word_1_470' title='bbox 1749 3856 1842 3909; x_wconf 86' lang='grc' dir='ltr'>λυ-</span> 
     </span>
    </p>
   </div>
   <div class='ocr_carea' id='block_1_67' title="bbox 259 3946 1843 4022">
    <p class='ocr_par' dir='ltr' id='par_1_67' title="bbox 259 3946 1843 4022">
     <span class='ocr_line' id='line_1_67' title="bbox 259 3946 1843 4022; baseline -0.004 -18"><span class='ocrx_word' id='word_1_471' title='bbox 259 3953 457 4022; x_wconf 84' lang='grc' dir='ltr'>πῆσαι,</span> <span class='ocrx_word' id='word_1_472' title='bbox 491 3949 761 4021; x_wconf 84' lang='grc' dir='ltr'>ἐπῄνεσαν</span> <span class='ocrx_word' id='word_1_473' title='bbox 799 3950 890 4002; x_wconf 84' lang='grc' dir='ltr'><strong>τὸν</strong></span> <span class='ocrx_word' id='word_1_474' title='bbox 935 3947 1279 4019; x_wconf 88' lang='grc' dir='ltr'>κακηγορίας</span> <span class='ocrx_word' id='word_1_475' title='bbox 1330 3947 1500 4011; x_wconf 80' lang='grc' dir='ltr'>ἄξιον.</span> <span class='ocrx_word' id='word_1_476' title='bbox 1553 3946 1663 4000; x_wconf 78' lang='grc' dir='ltr'><strong>Καὶ</strong></span> <span class='ocrx_word' id='word_1_477' title='bbox 1713 3947 1843 4010; x_wconf 84' lang='grc' dir='ltr'>τοὺς</span> 
     </span>
    </p>
   </div>
   <div class='ocr_carea' id='block_1_68' title="bbox 265 4037 1839 4114">
    <p class='ocr_par' dir='ltr' id='par_1_68' title="bbox 265 4037 1839 4114">
     <span class='ocr_line' id='line_1_68' title="bbox 265 4037 1839 4114; baseline -0.004 -17"><span class='ocrx_word' id='word_1_478' title='bbox 265 4044 367 4114; x_wconf 80' lang='grc' dir='ltr'>μὲν</span> <span class='ocrx_word' id='word_1_479' title='bbox 389 4043 456 4096; x_wconf 85' lang='grc' dir='ltr'>δι’</span> <span class='ocrx_word' id='word_1_480' title='bbox 479 4042 719 4113; x_wconf 77' lang='grc' dir='ltr'>ἀμαθίαν</span> <span class='ocrx_word' id='word_1_481' title='bbox 742 4041 900 4095; x_wconf 81' lang='grc' dir='ltr'>τοῦτο</span> <span class='ocrx_word' id='word_1_482' title='bbox 932 4039 1240 4106; x_wconf 85' lang='grc' dir='ltr'>ποιοῦντας,</span> <span class='ocrx_word' id='word_1_483' title='bbox 1274 4037 1606 4109; x_wconf 85' lang='grc' dir='ltr'>συγγνώμης</span> <span class='ocrx_word' id='word_1_484' title='bbox 1632 4037 1839 4104; x_wconf 76' lang='grc' dir='ltr'>ἀξιοῦν’</span> 
     </span>
    </p>
   </div>
   <div class='ocr_carea' id='block_1_69' title="bbox 259 4129 1842 4205">
    <p class='ocr_par' dir='ltr' id='par_1_69' title="bbox 259 4129 1842 4205">
     <span class='ocr_line' id='line_1_69' title="bbox 259 4129 1842 4205; baseline -0.004 -16"><span class='ocrx_word' id='word_1_485' title='bbox 259 4137 389 4200; x_wconf 77' lang='grc' dir='ltr'>τοὺς</span> <span class='ocrx_word' id='word_1_486' title='bbox 418 4136 477 4189; x_wconf 89' lang='grc' dir='ltr'>δὲ</span> <span class='ocrx_word' id='word_1_487' title='bbox 503 4135 591 4187; x_wconf 76' lang='grc' dir='ltr'>διὰ</span> <span class='ocrx_word' id='word_1_488' title='bbox 633 4135 848 4204; x_wconf 85' lang='grc' dir='ltr'>φθόνον,</span> <span class='ocrx_word' id='word_1_489' title='bbox 884 4133 1105 4205; x_wconf 86' lang='grc' dir='ltr'>θρηνεῖν</span> <span class='ocrx_word' id='word_1_490' title='bbox 1126 4149 1142 4164; x_wconf 80' lang='lat'>&#39;</span> <span class='ocrx_word' id='word_1_491' title='bbox 1172 4134 1254 4186; x_wconf 84' lang='grc' dir='ltr'><strong>ὅτι</strong></span> <span class='ocrx_word' id='word_1_492' title='bbox 1290 4130 1545 4184; x_wconf 80' lang='grc' dir='ltr'>τοσοῦτον</span> <span class='ocrx_word' id='word_1_493' title='bbox 1573 4129 1842 4198; x_wconf 82' lang='grc' dir='ltr'>ἀπέχουσι</span> 
     </span>
    </p>
   </div>
   <div class='ocr_carea' id='block_1_70' title="bbox 259 4221 1844 4295">
    <p class='ocr_par' dir='ltr' id='par_1_70' title="bbox 259 4221 1844 4295">
     <span class='ocr_line' id='line_1_70' title="bbox 259 4221 1844 4295; baseline -0.003 -15"><span class='ocrx_word' id='word_1_494' title='bbox 259 4226 355 4280; x_wconf 84' lang='grc' dir='ltr'>τοῦ</span> <span class='ocrx_word' id='word_1_495' title='bbox 402 4226 608 4294; x_wconf 81' lang='grc' dir='ltr'>πρᾶξαί</span> <span class='ocrx_word' id='word_1_496' title='bbox 651 4242 706 4279; x_wconf 86' lang='grc' dir='ltr'><strong>τι</strong></span> <span class='ocrx_word' id='word_1_497' title='bbox 757 4225 946 4290; x_wconf 87' lang='grc' dir='ltr'>καλὸν,</span> <span class='ocrx_word' id='word_1_498' title='bbox 995 4225 1078 4278; x_wconf 86' lang='grc' dir='ltr'>ὅτι</span> <span class='ocrx_word' id='word_1_499' title='bbox 1125 4224 1246 4277; x_wconf 85' lang='grc' dir='ltr'><strong>ούδέ</strong></span> <span class='ocrx_word' id='word_1_500' title='bbox 1279 4223 1418 4295; x_wconf 81' lang='grc' dir='ltr'>πρὸς</span> <span class='ocrx_word' id='word_1_501' title='bbox 1467 4222 1561 4276; x_wconf 83' lang='grc' dir='ltr'><strong>τὸν</strong></span> <span class='ocrx_word' id='word_1_502' title='bbox 1587 4221 1844 4292; x_wconf 77' lang='grc' dir='ltr'>ἐνάρετον</span> 
     </span>
    </p>
   </div>
   <div class='ocr_carea' id='block_1_71' title="bbox 263 4319 606 4372">
    <p class='ocr_par' dir='ltr' id='par_1_71' title="bbox 263 4319 606 4372">
     <span class='ocr_line' id='line_1_71' title="bbox 263 4319 606 4372; baseline -0.003 0"><span class='ocrx_word' id='word_1_503' title='bbox 263 4319 606 4372; x_wconf 80' lang='grc' dir='ltr'>σπένδονται.</span> 
     </span>
    </p>
   </div>
   <div class='ocr_carea' id='block_1_72' title="bbox 512 4403 1573 4477">
    <p class='ocr_par' dir='ltr' id='par_1_72' title="bbox 512 4403 1573 4477">
     <span class='ocr_line' id='line_1_72' title="bbox 512 4403 1573 4477; baseline -0.003 -16"><span class='ocrx_word' id='word_1_504' title='bbox 512 4405 670 4475; x_wconf 78' lang='lat' dir='ltr'><strong>TL_l&quot;&#39;.</strong></span> <span class='ocrx_word' id='word_1_505' title='bbox 706 4439 776 4449; x_wconf 96' lang='lat'><strong>—</strong></span> <span class='ocrx_word' id='word_1_506' title='bbox 807 4407 1060 4477; x_wconf 82' lang='grc' dir='ltr'><strong>ΖΩΣΙΜῼ</strong></span> <span class='ocrx_word' id='word_1_507' title='bbox 1097 4403 1573 4473; x_wconf 78' lang='grc' dir='ltr'><strong>ΠΡΕΣΒΥΤΕΡῼ.</strong></span> 
     </span>
    </p>
   </div>
   <div class='ocr_carea' id='block_1_73' title="bbox 1948 3131 3528 3200">
    <p class='ocr_par' dir='ltr' id='par_1_73' title="bbox 1948 3131 3528 3200">
     <span class='ocr_line' id='line_1_73' title="bbox 1948 3131 3528 3200; baseline 0.001 -16"><span class='ocrx_word' id='word_1_508' title='bbox 1948 3146 2048 3185; x_wconf 89' lang='lat' dir='ltr'><strong>nec</strong></span> <span class='ocrx_word' id='word_1_509' title='bbox 2086 3133 2477 3200; x_wconf 86' lang='lat' dir='ltr'><strong>benedicendi,</strong></span> <span class='ocrx_word' id='word_1_510' title='bbox 2527 3148 2626 3188; x_wconf 88' lang='lat' dir='ltr'><strong>nec</strong></span> <span class='ocrx_word' id='word_1_511' title='bbox 2657 3133 2888 3188; x_wconf 80' lang='lat' dir='ltr'><strong>faciendi</strong></span> <span class='ocrx_word' id='word_1_512' title='bbox 2928 3131 3217 3200; x_wconf 88' lang='lat' dir='ltr'><strong>cupidum,</strong></span> <span class='ocrx_word' id='word_1_513' title='bbox 3291 3142 3528 3198; x_wconf 75' lang='lat' dir='ltr'><strong>eumquc</strong></span> 
     </span>
    </p>
   </div>
   <div class='ocr_carea' id='block_1_74' title="bbox 1947 3221 3528 3291">
    <p class='ocr_par' dir='ltr' id='par_1_74' title="bbox 1947 3221 3528 3291">
     <span class='ocr_line' id='line_1_74' title="bbox 1947 3221 3528 3291; baseline 0.001 -16"><span class='ocrx_word' id='word_1_514' title='bbox 1947 3237 2110 3290; x_wconf 89' lang='lat' dir='ltr'><strong>supra</strong></span> <span class='ocrx_word' id='word_1_515' title='bbox 2148 3226 2341 3277; x_wconf 81' lang='lat' dir='ltr'><strong>merita</strong></span> <span class='ocrx_word' id='word_1_516' title='bbox 2377 3225 2643 3280; x_wconf 82' lang='lat' dir='ltr'><strong>extollunt</strong></span> <span class='ocrx_word' id='word_1_517' title='bbox 2690 3235 2745 3278; x_wconf 88' lang='lat' dir='ltr'><strong>et</strong></span> <span class='ocrx_word' id='word_1_518' title='bbox 2793 3222 3152 3288; x_wconf 87' lang='lat' dir='ltr'><strong>admirantur,</strong></span> <span class='ocrx_word' id='word_1_519' title='bbox 3210 3222 3263 3276; x_wconf 92' lang='lat' dir='ltr'><strong>hi</strong></span> <span class='ocrx_word' id='word_1_520' title='bbox 3304 3221 3528 3291; x_wconf 89' lang='lat' dir='ltr'><strong>quidem</strong></span> 
     </span>
    </p>
   </div>
   <div class='ocr_carea' id='block_1_75' title="bbox 1947 3312 3525 3383">
    <p class='ocr_par' dir='ltr' id='par_1_75' title="bbox 1947 3312 3525 3383">
     <span class='ocr_line' id='line_1_75' title="bbox 1947 3312 3525 3383; baseline -0.003 -15"><span class='ocrx_word' id='word_1_521' title='bbox 1947 3326 2044 3383; x_wconf 87' lang='lat' dir='ltr'><strong>per</strong></span> <span class='ocrx_word' id='word_1_522' title='bbox 2079 3313 2403 3382; x_wconf 89' lang='lat' dir='ltr'><strong>imperitiam</strong></span> <span class='ocrx_word' id='word_1_523' title='bbox 2433 3316 2536 3370; x_wconf 93' lang='lat' dir='ltr'><strong>hoc</strong></span> <span class='ocrx_word' id='word_1_524' title='bbox 2554 3315 2833 3379; x_wconf 78' lang='lat' dir='ltr'><strong>facientes,</strong></span> <span class='ocrx_word' id='word_1_525' title='bbox 2859 3314 2935 3368; x_wconf 90' lang='lat' dir='ltr'><strong>illi</strong></span> <span class='ocrx_word' id='word_1_526' title='bbox 2959 3329 3088 3368; x_wconf 93' lang='lat' dir='ltr'><strong>vero</strong></span> <span class='ocrx_word' id='word_1_527' title='bbox 3121 3329 3215 3382; x_wconf 91' lang='lat' dir='ltr'><strong>per</strong></span> <span class='ocrx_word' id='word_1_528' title='bbox 3243 3312 3525 3378; x_wconf 89' lang='lat' dir='ltr'><strong>invidiam,</strong></span> 
     </span>
    </p>
   </div>
   <div class='ocr_carea' id='block_1_76' title="bbox 1949 3405 3527 3476">
    <p class='ocr_par' dir='ltr' id='par_1_76' title="bbox 1949 3405 3527 3476">
     <span class='ocr_line' id='line_1_76' title="bbox 1949 3405 3527 3476; baseline -0.003 -16"><span class='ocrx_word' id='word_1_529' title='bbox 1949 3418 2005 3460; x_wconf 94' lang='lat' dir='ltr'><strong>ut</strong></span> <span class='ocrx_word' id='word_1_530' title='bbox 2040 3405 2264 3475; x_wconf 80' lang='lat' dir='ltr'><strong>gloriam</strong></span> <span class='ocrx_word' id='word_1_531' title='bbox 2301 3408 2590 3476; x_wconf 80' lang='lat' dir='ltr'><strong>acquirant</strong></span> <span class='ocrx_word' id='word_1_532' title='bbox 2629 3406 2826 3461; x_wconf 86' lang='lat' dir='ltr'><strong>laboris</strong></span> <span class='ocrx_word' id='word_1_533' title='bbox 2862 3421 2926 3460; x_wconf 91' lang='lat' dir='ltr'><strong>ac</strong></span> <span class='ocrx_word' id='word_1_534' title='bbox 2965 3405 3280 3474; x_wconf 60' lang='lat' dir='ltr'><strong>diligentia,</strong></span> <span class='ocrx_word' id='word_1_535' title='bbox 3327 3419 3433 3458; x_wconf 92' lang='lat' dir='ltr'><strong>non</strong></span> <span class='ocrx_word' id='word_1_536' title='bbox 3467 3411 3527 3456; x_wconf 93' lang='lat' dir='ltr'><strong>ut</strong></span> 
     </span>
    </p>
   </div>
   <div class='ocr_carea' id='block_1_77' title="bbox 1947 3494 3524 3566">
    <p class='ocr_par' dir='ltr' id='par_1_77' title="bbox 1947 3494 3524 3566">
     <span class='ocr_line' id='line_1_77' title="bbox 1947 3494 3524 3566; baseline -0.001 -16"><span class='ocrx_word' id='word_1_537' title='bbox 1947 3497 2306 3550; x_wconf 86' lang='lat' dir='ltr'><strong>admiratione</strong></span> <span class='ocrx_word' id='word_1_538' title='bbox 2324 3499 2542 3566; x_wconf 89' lang='lat' dir='ltr'><strong>dignum</strong></span> <span class='ocrx_word' id='word_1_539' title='bbox 2565 3512 2686 3552; x_wconf 87' lang='lat' dir='ltr'><strong>esse</strong></span> <span class='ocrx_word' id='word_1_540' title='bbox 2703 3499 3149 3559; x_wconf 89' lang='lat' dir='ltr'><strong>ostendanteum,</strong></span> <span class='ocrx_word' id='word_1_541' title='bbox 3167 3496 3256 3565; x_wconf 90' lang='lat' dir='ltr'><strong>qui</strong></span> <span class='ocrx_word' id='word_1_542' title='bbox 3276 3494 3395 3548; x_wconf 84' lang='lat' dir='ltr'><strong>talis</strong></span> <span class='ocrx_word' id='word_1_543' title='bbox 3418 3509 3524 3549; x_wconf 92' lang='lat' dir='ltr'><strong>non</strong></span> 
     </span>
    </p>
   </div>
   <div class='ocr_carea' id='block_1_78' title="bbox 1948 3586 3526 3658">
    <p class='ocr_par' dir='ltr' id='par_1_78' title="bbox 1948 3586 3526 3658">
     <span class='ocr_line' id='line_1_78' title="bbox 1948 3586 3526 3658; baseline -0.003 -15"><span class='ocrx_word' id='word_1_544' title='bbox 1948 3589 2020 3643; x_wconf 86' lang='lat' dir='ltr'><strong>sit</strong></span> <span class='ocrx_word' id='word_1_545' title='bbox 2046 3603 2059 3640; x_wconf 91' lang='lat'>:</span> <span class='ocrx_word' id='word_1_546' title='bbox 2093 3587 2186 3642; x_wconf 85' lang='lat' dir='ltr'><strong>sed</strong></span> <span class='ocrx_word' id='word_1_547' title='bbox 2213 3589 2436 3658; x_wconf 89' lang='lat' dir='ltr'><strong>probum</strong></span> <span class='ocrx_word' id='word_1_548' title='bbox 2470 3589 2798 3658; x_wconf 89' lang='lat' dir='ltr'><strong>virtutisque</strong></span> <span class='ocrx_word' id='word_1_549' title='bbox 2828 3589 3124 3644; x_wconf 81' lang='lat' dir='ltr'><strong>Studiosum</strong></span> <span class='ocrx_word' id='word_1_550' title='bbox 3153 3586 3401 3640; x_wconf 87' lang='lat' dir='ltr'><strong>laudibus</strong></span> <span class='ocrx_word' id='word_1_551' title='bbox 3423 3599 3526 3655; x_wconf 91' lang='lat' dir='ltr'><strong>po-</strong></span> 
     </span>
    </p>
   </div>
   <div class='ocr_carea' id='block_1_79' title="bbox 1951 3677 3527 3750">
    <p class='ocr_par' dir='ltr' id='par_1_79' title="bbox 1951 3677 3527 3750">
     <span class='ocr_line' id='line_1_79' title="bbox 1951 3677 3527 3750; baseline -0.001 -17"><span class='ocrx_word' id='word_1_552' title='bbox 1951 3679 2216 3735; x_wconf 88' lang='lat' dir='ltr'><strong>tissimum</strong></span> <span class='ocrx_word' id='word_1_553' title='bbox 2245 3695 2364 3735; x_wconf 87' lang='lat' dir='ltr'><strong>esse</strong></span> <span class='ocrx_word' id='word_1_554' title='bbox 2383 3681 2643 3750; x_wconf 85' lang='lat' dir='ltr'><strong>majorem</strong></span> <span class='ocrx_word' id='word_1_555' title='bbox 2674 3690 2907 3749; x_wconf 88' lang='lat' dir='ltr'><strong>oportet,</strong></span> <span class='ocrx_word' id='word_1_556' title='bbox 2937 3680 2980 3734; x_wconf 91' lang='lat' dir='ltr'><strong>si</strong></span> <span class='ocrx_word' id='word_1_557' title='bbox 3003 3695 3130 3734; x_wconf 89' lang='lat' dir='ltr'><strong>vero</strong></span> <span class='ocrx_word' id='word_1_558' title='bbox 3158 3678 3345 3732; x_wconf 86' lang='lat' dir='ltr'><strong>laudes</strong></span> <span class='ocrx_word' id='word_1_559' title='bbox 3360 3677 3527 3731; x_wconf 89' lang='lat' dir='ltr'><strong>etiam</strong></span> 
     </span>
    </p>
   </div>
   <div class='ocr_carea' id='block_1_80' title="bbox 1948 3769 3521 3841">
    <p class='ocr_par' dir='ltr' id='par_1_80' title="bbox 1948 3769 3521 3841">
     <span class='ocr_line' id='line_1_80' title="bbox 1948 3769 3521 3841; baseline -0.001 -17"><span class='ocrx_word' id='word_1_560' title='bbox 1948 3771 2120 3834; x_wconf 87' lang='lat' dir='ltr'><strong>sitiat,</strong></span> <span class='ocrx_word' id='word_1_561' title='bbox 2143 3770 2340 3824; x_wconf 87' lang='lat' dir='ltr'><strong>intueri</strong></span> <span class='ocrx_word' id='word_1_562' title='bbox 2364 3770 2543 3826; x_wconf 91' lang='lat' dir='ltr'><strong>dolum</strong></span> <span class='ocrx_word' id='word_1_563' title='bbox 2573 3781 2804 3841; x_wconf 90' lang='lat' dir='ltr'><strong>oportet,</strong></span> <span class='ocrx_word' id='word_1_564' title='bbox 2827 3771 2969 3840; x_wconf 89' lang='lat' dir='ltr'><strong>quod</strong></span> <span class='ocrx_word' id='word_1_565' title='bbox 2991 3769 3066 3823; x_wconf 91' lang='lat' dir='ltr'><strong>illi</strong></span> <span class='ocrx_word' id='word_1_566' title='bbox 3093 3779 3186 3823; x_wconf 86' lang='lat' dir='ltr'><strong>aut</strong></span> <span class='ocrx_word' id='word_1_567' title='bbox 3221 3769 3521 3823; x_wconf 86' lang='lat' dir='ltr'><strong>interrum-</strong></span> 
     </span>
    </p>
   </div>
   <div class='ocr_carea' id='block_1_81' title="bbox 1949 3863 3526 3931">
    <p class='ocr_par' dir='ltr' id='par_1_81' title="bbox 1949 3863 3526 3931">
     <span class='ocr_line' id='line_1_81' title="bbox 1949 3863 3526 3931; baseline 0.001 -14"><span class='ocrx_word' id='word_1_568' title='bbox 1949 3878 2077 3931; x_wconf 90' lang='lat' dir='ltr'><strong>pere</strong></span> <span class='ocrx_word' id='word_1_569' title='bbox 2090 3878 2309 3917; x_wconf 91' lang='lat' dir='ltr'><strong>cursum</strong></span> <span class='ocrx_word' id='word_1_570' title='bbox 2325 3864 2392 3918; x_wconf 91' lang='lat' dir='ltr'><strong>ad</strong></span> <span class='ocrx_word' id='word_1_571' title='bbox 2407 3865 2680 3927; x_wconf 90' lang='lat' dir='ltr'><strong>virtutem,</strong></span> <span class='ocrx_word' id='word_1_572' title='bbox 2701 3875 2794 3918; x_wconf 90' lang='lat' dir='ltr'><strong>aut</strong></span> <span class='ocrx_word' id='word_1_573' title='bbox 2811 3864 3047 3920; x_wconf 90' lang='lat' dir='ltr'><strong>dolorem</strong></span> <span class='ocrx_word' id='word_1_574' title='bbox 3066 3863 3267 3919; x_wconf 80' lang='lat' dir='ltr'><strong>inferre</strong></span> <span class='ocrx_word' id='word_1_575' title='bbox 3285 3863 3526 3918; x_wconf 89' lang='lat' dir='ltr'><strong>volentes</strong></span> 
     </span>
    </p>
   </div>
   <div class='ocr_carea' id='block_1_82' title="bbox 1950 3953 3520 4026">
    <p class='ocr_par' dir='ltr' id='par_1_82' title="bbox 1950 3953 3520 4026">
     <span class='ocr_line' id='line_1_82' title="bbox 1950 3953 3520 4026; baseline 0.003 -21"><span class='ocrx_word' id='word_1_576' title='bbox 1950 3953 2345 4022; x_wconf 89' lang='lat' dir='ltr'><strong>vituperatione</strong></span> <span class='ocrx_word' id='word_1_577' title='bbox 2379 3954 2598 4024; x_wconf 89' lang='lat' dir='ltr'><strong>dignum</strong></span> <span class='ocrx_word' id='word_1_578' title='bbox 2631 3956 2919 4010; x_wconf 88' lang='lat' dir='ltr'><strong>laudarint.</strong></span> <span class='ocrx_word' id='word_1_579' title='bbox 2951 3953 3017 4009; x_wconf 86' lang='lat' dir='ltr'><strong>Et</strong></span> <span class='ocrx_word' id='word_1_580' title='bbox 3039 3956 3254 4025; x_wconf 86' lang='lat' dir='ltr'><strong>quidem</strong></span> <span class='ocrx_word' id='word_1_581' title='bbox 3286 3955 3376 4026; x_wconf 92' lang='lat' dir='ltr'><strong>qui</strong></span> <span class='ocrx_word' id='word_1_582' title='bbox 3419 3970 3520 4025; x_wconf 91' lang='lat' dir='ltr'><strong>per</strong></span> 
     </span>
    </p>
   </div>
   <div class='ocr_carea' id='block_1_83' title="bbox 1951 4044 3526 4115">
    <p class='ocr_par' dir='ltr' id='par_1_83' title="bbox 1951 4044 3526 4115">
     <span class='ocr_line' id='line_1_83' title="bbox 1951 4044 3526 4115; baseline 0.002 -18"><span class='ocrx_word' id='word_1_583' title='bbox 1951 4044 2274 4112; x_wconf 87' lang='lat' dir='ltr'><strong>imperitiam</strong></span> <span class='ocrx_word' id='word_1_584' title='bbox 2298 4045 2348 4098; x_wconf 94' lang='lat' dir='ltr'><strong>id</strong></span> <span class='ocrx_word' id='word_1_585' title='bbox 2389 4044 2613 4110; x_wconf 86' lang='lat' dir='ltr'><strong>faciunt,</strong></span> <span class='ocrx_word' id='word_1_586' title='bbox 2647 4047 2804 4102; x_wconf 86' lang='lat' dir='ltr'><strong>venia</strong></span> <span class='ocrx_word' id='word_1_587' title='bbox 2835 4048 3028 4114; x_wconf 82' lang='lat' dir='ltr'><strong>dignos</strong></span> <span class='ocrx_word' id='word_1_588' title='bbox 3053 4047 3394 4112; x_wconf 82' lang='lat' dir='ltr'><strong>existimem;</strong></span> <span class='ocrx_word' id='word_1_589' title='bbox 3429 4045 3526 4115; x_wconf 84' lang='lat' dir='ltr'><strong>qui</strong></span> 
     </span>
    </p>
   </div>
   <div class='ocr_carea' id='block_1_84' title="bbox 1947 4134 3525 4206">
    <p class='ocr_par' dir='ltr' id='par_1_84' title="bbox 1947 4134 3525 4206">
     <span class='ocr_line' id='line_1_84' title="bbox 1947 4134 3525 4206; baseline 0.001 -19"><span class='ocrx_word' id='word_1_590' title='bbox 1947 4149 2078 4188; x_wconf 90' lang='lat' dir='ltr'><strong>vero</strong></span> <span class='ocrx_word' id='word_1_591' title='bbox 2105 4149 2202 4204; x_wconf 93' lang='lat' dir='ltr'><strong>per</strong></span> <span class='ocrx_word' id='word_1_592' title='bbox 2229 4134 2485 4190; x_wconf 90' lang='lat' dir='ltr'><strong>invidiam</strong></span> <span class='ocrx_word' id='word_1_593' title='bbox 2514 4136 2565 4190; x_wconf 92' lang='lat' dir='ltr'><strong>id</strong></span> <span class='ocrx_word' id='word_1_594' title='bbox 2591 4138 2937 4191; x_wconf 88' lang='lat' dir='ltr'><strong>committunt</strong></span> <span class='ocrx_word' id='word_1_595' title='bbox 2970 4137 3252 4206; x_wconf 86' lang='lat' dir='ltr'><strong>deplorare</strong></span> <span class='ocrx_word' id='word_1_596' title='bbox 3289 4146 3525 4206; x_wconf 88' lang='lat' dir='ltr'><strong>oportet,</strong></span> 
     </span>
    </p>
   </div>
   <div class='ocr_carea' id='block_1_85' title="bbox 1949 4223 3530 4298">
    <p class='ocr_par' dir='ltr' id='par_1_85' title="bbox 1949 4223 3530 4298">
     <span class='ocr_line' id='line_1_85' title="bbox 1949 4223 3530 4298; baseline 0.003 -22"><span class='ocrx_word' id='word_1_597' title='bbox 1949 4223 2092 4290; x_wconf 91' lang='lat' dir='ltr'><strong>quod</strong></span> <span class='ocrx_word' id='word_1_598' title='bbox 2122 4233 2327 4278; x_wconf 88' lang='lat' dir='ltr'><strong>tantum</strong></span> <span class='ocrx_word' id='word_1_599' title='bbox 2357 4239 2386 4278; x_wconf 92' lang='lat' dir='ltr'><strong>a</strong></span> <span class='ocrx_word' id='word_1_600' title='bbox 2416 4225 2555 4280; x_wconf 90' lang='lat' dir='ltr'><strong>bene</strong></span> <span class='ocrx_word' id='word_1_601' title='bbox 2589 4226 2795 4295; x_wconf 84' lang='lat' dir='ltr'><strong>agendo</strong></span> <span class='ocrx_word' id='word_1_602' title='bbox 2841 4227 3132 4293; x_wconf 90' lang='lat' dir='ltr'><strong>abstinent,</strong></span> <span class='ocrx_word' id='word_1_603' title='bbox 3189 4237 3247 4280; x_wconf 91' lang='lat' dir='ltr'><strong>ut</strong></span> <span class='ocrx_word' id='word_1_604' title='bbox 3269 4241 3443 4298; x_wconf 91' lang='lat' dir='ltr'><strong>neque</strong></span> <span class='ocrx_word' id='word_1_605' title='bbox 3472 4225 3530 4281; x_wconf 90' lang='lat' dir='ltr'><strong>hi</strong></span> 
     </span>
    </p>
   </div>
   <div class='ocr_carea' id='block_1_86' title="bbox 1950 4314 2975 4385">
    <p class='ocr_par' dir='ltr' id='par_1_86' title="bbox 1950 4314 2975 4385">
     <span class='ocr_line' id='line_1_86' title="bbox 1950 4314 2975 4385; baseline 0.004 -16"><span class='ocrx_word' id='word_1_606' title='bbox 1950 4330 2072 4369; x_wconf 86' lang='lat' dir='ltr'><strong>cum</strong></span> <span class='ocrx_word' id='word_1_607' title='bbox 2099 4314 2298 4368; x_wconf 90' lang='lat' dir='ltr'><strong>virtute</strong></span> <span class='ocrx_word' id='word_1_608' title='bbox 2325 4316 2549 4385; x_wconf 66' lang='lat' dir='ltr'><strong>praedito</strong></span> <span class='ocrx_word' id='word_1_609' title='bbox 2572 4315 2748 4372; x_wconf 61' lang='lat' dir='ltr'><strong>foedus</strong></span> <span class='ocrx_word' id='word_1_610' title='bbox 2772 4317 2975 4373; x_wconf 89' lang='lat' dir='ltr'><strong>ineant.</strong></span> 
     </span>
    </p>
   </div>
   <div class='ocr_carea' id='block_1_87' title="bbox 2118 4405 3363 4463">
    <p class='ocr_par' dir='ltr' id='par_1_87' title="bbox 2118 4405 3363 4463">
     <span class='ocr_line' id='line_1_87' title="bbox 2118 4405 3363 4463; baseline 0.002 -3"><span class='ocrx_word' id='word_1_611' title='bbox 2118 4405 2427 4461; x_wconf 79' lang='lat' dir='ltr'><strong>CCCXCIII.</strong></span> <span class='ocrx_word' id='word_1_612' title='bbox 2475 4435 2546 4447; x_wconf 91' lang='lat'>—</span> <span class='ocrx_word' id='word_1_613' title='bbox 2579 4406 2833 4462; x_wconf 85' lang='lat' dir='ltr'><strong>ZOSIMO</strong></span> <span class='ocrx_word' id='word_1_614' title='bbox 2882 4406 3363 4463; x_wconf 80' lang='lat' dir='ltr'><strong>PRESBYTERO.</strong></span> 
     </span>
    </p>
   </div>
   <div class='ocr_carea' id='block_1_88' title="bbox 374 4494 3420 4568">
    <p class='ocr_par' dir='ltr' id='par_1_88' title="bbox 374 4494 3420 4568">
     <span class='ocr_line' id='line_1_88' title="bbox 374 4494 3420 4568; baseline -0 -12"><span class='ocrx_word' id='word_1_615' title='bbox 374 4501 626 4556; x_wconf 75' lang='lat' dir='ltr'><strong>Simoniaz</strong></span> <span class='ocrx_word' id='word_1_616' title='bbox 655 4500 1152 4566; x_wconf 80' lang='lat' dir='ltr'><strong>nundinatianisque</strong></span> <span class='ocrx_word' id='word_1_617' title='bbox 1187 4497 1558 4564; x_wconf 75' lang='lat' dir='ltr'><strong>beneﬁciorum</strong></span> <span class='ocrx_word' id='word_1_618' title='bbox 1593 4503 1830 4560; x_wconf 89' lang='lat' dir='ltr'><strong>accusat,</strong></span> <span class='ocrx_word' id='word_1_619' title='bbox 1864 4505 1919 4549; x_wconf 90' lang='lat' dir='ltr'><strong>ut</strong></span> <span class='ocrx_word' id='word_1_620' title='bbox 1951 4494 2088 4550; x_wconf 84' lang='lat' dir='ltr'><strong>alias</strong></span> <span class='ocrx_word' id='word_1_621' title='bbox 2133 4513 2292 4563; x_wconf 70' lang='grc' dir='ltr'>ηερε,</span> <span class='ocrx_word' id='word_1_622' title='bbox 2327 4497 2421 4551; x_wconf 78' lang='lat' dir='ltr'><strong>lib;</strong></span> <span class='ocrx_word' id='word_1_623' title='bbox 2455 4513 2494 4562; x_wconf 83' lang='grc' dir='ltr'><strong>ι,</strong></span> <span class='ocrx_word' id='word_1_624' title='bbox 2527 4508 2573 4552; x_wconf 84' lang='lat' dir='ltr'><strong>et</strong></span> <span class='ocrx_word' id='word_1_625' title='bbox 2604 4499 2701 4554; x_wconf 79' lang='lat' dir='ltr'><strong>lib.</strong></span> <span class='ocrx_word' id='word_1_626' title='bbox 2732 4516 2819 4564; x_wconf 88' lang='lat' dir='ltr'><strong>Ill,</strong></span> <span class='ocrx_word' id='word_1_627' title='bbox 2855 4511 2902 4553; x_wconf 88' lang='lat' dir='ltr'><strong>et</strong></span> <span class='ocrx_word' id='word_1_628' title='bbox 2926 4517 3042 4568; x_wconf 85' lang='lat' dir='ltr'><strong>sup.</strong></span> <span class='ocrx_word' id='word_1_629' title='bbox 3084 4501 3240 4567; x_wconf 86' lang='lat' dir='ltr'><strong>epist.</strong></span> <span class='ocrx_word' id='word_1_630' title='bbox 3276 4500 3346 4553; x_wconf 72' lang='lat'><strong>27</strong></span> <span class='ocrx_word' id='word_1_631' title='bbox 3364 4499 3420 4555; x_wconf 87' lang='lat'><strong>6.</strong></span> 
     </span>
    </p>
   </div>
   <div class='ocr_carea' id='block_1_89' title="bbox 334 4585 1837 4660">
    <p class='ocr_par' dir='ltr' id='par_1_89' title="bbox 334 4585 1837 4660">
     <span class='ocr_line' id='line_1_89' title="bbox 334 4585 1837 4660; baseline -0.003 -19"><span class='ocrx_word' id='word_1_632' title='bbox 334 4590 502 4659; x_wconf 80' lang='grc' dir='ltr'>Δῆλος</span> <span class='ocrx_word' id='word_1_633' title='bbox 539 4591 636 4660; x_wconf 84' lang='grc' dir='ltr'><strong>μὲν</strong></span> <span class='ocrx_word' id='word_1_634' title='bbox 660 4586 727 4660; x_wconf 83' lang='grc' dir='ltr'>ἧς</span> <span class='ocrx_word' id='word_1_635' title='bbox 757 4589 991 4642; x_wconf 77' lang='grc' dir='ltr'>ἔκπαλαι</span> <span class='ocrx_word' id='word_1_636' title='bbox 1029 4589 1128 4658; x_wconf 80' lang='grc' dir='ltr'>τὴν</span> <span class='ocrx_word' id='word_1_637' title='bbox 1159 4585 1460 4658; x_wconf 74' lang='grc' dir='ltr'>ἱερωσύνην</span> <span class='ocrx_word' id='word_1_638' title='bbox 1489 4585 1591 4638; x_wconf 86' lang='grc' dir='ltr'><strong>οὐκ</strong></span> <span class='ocrx_word' id='word_1_639' title='bbox 1620 4586 1837 4654; x_wconf 85' lang='grc' dir='ltr'>εύαγῶς</span> 
     </span>
    </p>
   </div>
   <div class='ocr_carea' id='block_1_90' title="bbox 263 4678 1843 4750">
    <p class='ocr_par' dir='ltr' id='par_1_90' title="bbox 263 4678 1843 4750">
     <span class='ocr_line' id='line_1_90' title="bbox 263 4678 1843 4750; baseline -0.003 -15"><span class='ocrx_word' id='word_1_640' title='bbox 263 4681 542 4750; x_wconf 83' lang='grc' dir='ltr'>κτώμενος</span> <span class='ocrx_word' id='word_1_641' title='bbox 564 4698 577 4708; x_wconf 93' lang='grc'>·</span> <span class='ocrx_word' id='word_1_642' title='bbox 609 4682 668 4732; x_wconf 81' lang='grc' dir='ltr'><strong>ού</strong></span> <span class='ocrx_word' id='word_1_643' title='bbox 705 4682 812 4750; x_wconf 79' lang='grc' dir='ltr'><strong>γὰρ</strong></span> <span class='ocrx_word' id='word_1_644' title='bbox 847 4681 937 4733; x_wconf 76' lang='grc' dir='ltr'>διὰ</span> <span class='ocrx_word' id='word_1_645' title='bbox 971 4679 1247 4740; x_wconf 88' lang='grc' dir='ltr'>πολιτείας</span> <span class='ocrx_word' id='word_1_646' title='bbox 1282 4679 1513 4748; x_wconf 87' lang='grc' dir='ltr'>ἀρίστης</span> <span class='ocrx_word' id='word_1_647' title='bbox 1539 4678 1843 4748; x_wconf 84' lang='grc' dir='ltr'>κτήσασθαι</span> 
     </span>
    </p>
   </div>
   <div class='ocr_carea' id='block_1_91' title="bbox 263 4769 1841 4840">
    <p class='ocr_par' dir='ltr' id='par_1_91' title="bbox 263 4769 1841 4840">
     <span class='ocr_line' id='line_1_91' title="bbox 263 4769 1841 4840; baseline -0.003 -14"><span class='ocrx_word' id='word_1_648' title='bbox 263 4774 557 4836; x_wconf 83' lang='grc' dir='ltr'>ἐδικαίους,</span> <span class='ocrx_word' id='word_1_649' title='bbox 604 4773 739 4825; x_wconf 78' lang='grc' dir='ltr'>ἀλλὰ</span> <span class='ocrx_word' id='word_1_650' title='bbox 773 4774 1049 4840; x_wconf 78' lang='grc' dir='ltr'>χρήμασιν</span> <span class='ocrx_word' id='word_1_651' title='bbox 1086 4769 1403 4840; x_wconf 81' lang='grc' dir='ltr'>ὠνήσασθαι</span> <span class='ocrx_word' id='word_1_652' title='bbox 1437 4769 1841 4838; x_wconf 82' lang='grc' dir='ltr'>ὠνειροπόλεις.</span> 
     </span>
    </p>
   </div>
   <div class='ocr_carea' id='block_1_92' title="bbox 261 4858 1838 4930">
    <p class='ocr_par' dir='ltr' id='par_1_92' title="bbox 261 4858 1838 4930">
     <span class='ocr_line' id='line_1_92' title="bbox 261 4858 1838 4930; baseline -0.003 -15"><span class='ocrx_word' id='word_1_653' title='bbox 261 4864 431 4930; x_wconf 72' lang='grc' dir='ltr'>Δῆλος</span> <span class='ocrx_word' id='word_1_654' title='bbox 476 4863 533 4915; x_wconf 83' lang='grc' dir='ltr'><strong>δὲ</strong></span> <span class='ocrx_word' id='word_1_655' title='bbox 562 4859 724 4916; x_wconf 80' lang='grc' dir='ltr'>εἶκαὶ</span> <span class='ocrx_word' id='word_1_656' title='bbox 752 4862 842 4914; x_wconf 77' lang='grc' dir='ltr'>νῦν</span> <span class='ocrx_word' id='word_1_657' title='bbox 871 4861 968 4930; x_wconf 84' lang='grc' dir='ltr'><strong>τὴν</strong></span> <span class='ocrx_word' id='word_1_658' title='bbox 992 4859 1284 4929; x_wconf 77' lang='grc' dir='ltr'>ἐπιθυμίαν</span> <span class='ocrx_word' id='word_1_659' title='bbox 1305 4861 1384 4922; x_wconf 80' lang='grc' dir='ltr'>εἰς</span> <span class='ocrx_word' id='word_1_660' title='bbox 1414 4858 1572 4927; x_wconf 80' lang='grc' dir='ltr'>ἔργον</span> <span class='ocrx_word' id='word_1_661' title='bbox 1593 4858 1838 4927; x_wconf 86' lang='grc' dir='ltr'>ἀγαγὼν,</span> 
     </span>
    </p>
   </div>
   <div class='ocr_carea' id='block_1_93' title="bbox 262 4945 1848 5022">
    <p class='ocr_par' dir='ltr' id='par_1_93' title="bbox 262 4945 1848 5022">
     <span class='ocr_line' id='line_1_93' title="bbox 262 4945 1848 5022; baseline -0.003 -15"><span class='ocrx_word' id='word_1_662' title='bbox 262 4955 442 5007; x_wconf 88' lang='grc' dir='ltr'>καίτοι</span> <span class='ocrx_word' id='word_1_663' title='bbox 496 4955 574 5016; x_wconf 87' lang='grc' dir='ltr'>εἰς</span> <span class='ocrx_word' id='word_1_664' title='bbox 619 4953 830 5022; x_wconf 76' lang='grc' dir='ltr'>δυσμὰς</span> <span class='ocrx_word' id='word_1_665' title='bbox 887 4950 962 5004; x_wconf 83' lang='grc' dir='ltr'><strong>ὢν</strong></span> <span class='ocrx_word' id='word_1_666' title='bbox 1002 4950 1188 5003; x_wconf 82' lang='grc' dir='ltr'>λοιπὸν</span> <span class='ocrx_word' id='word_1_667' title='bbox 1213 4949 1309 5002; x_wconf 82' lang='grc' dir='ltr'>τοῦ</span> <span class='ocrx_word' id='word_1_668' title='bbox 1340 4949 1475 5018; x_wconf 79' lang='grc' dir='ltr'>βίου.</span> <span class='ocrx_word' id='word_1_669' title='bbox 1512 4949 1607 5012; x_wconf 82' lang='grc' dir='ltr'><strong>Τίς</strong></span> <span class='ocrx_word' id='word_1_670' title='bbox 1639 4945 1734 5004; x_wconf 83' lang='grc' dir='ltr'><strong>οὖν</strong></span> <span class='ocrx_word' id='word_1_671' title='bbox 1765 4968 1848 5003; x_wconf 91' lang='grc' dir='ltr'><strong>σοι</strong></span> 
     </span>
    </p>
   </div>
   <div class='ocr_carea' id='block_1_94' title="bbox 266 5039 1843 5114">
    <p class='ocr_par' dir='ltr' id='par_1_94' title="bbox 266 5039 1843 5114">
     <span class='ocr_line' id='line_1_94' title="bbox 266 5039 1843 5114; baseline -0.002 -16"><span class='ocrx_word' id='word_1_672' title='bbox 266 5044 567 5114; x_wconf 85' lang='grc' dir='ltr'>συγγνώμη</span> <span class='ocrx_word' id='word_1_673' title='bbox 593 5044 918 5114; x_wconf 74' lang='grc' dir='ltr'>λελείψεται,</span> <span class='ocrx_word' id='word_1_674' title='bbox 951 5045 1016 5112; x_wconf 85' lang='grc' dir='ltr'>τῇ</span> <span class='ocrx_word' id='word_1_675' title='bbox 1050 5042 1223 5112; x_wconf 75' lang='grc' dir='ltr'>κακίᾳ</span> <span class='ocrx_word' id='word_1_676' title='bbox 1246 5039 1662 5095; x_wconf 65' lang='grc' dir='ltr'><strong>ῐσυναποθανεῖν</strong></span> <span class='ocrx_word' id='word_1_677' title='bbox 1712 5060 1843 5113; x_wconf 85' lang='grc' dir='ltr'>προ-</span> 
     </span>
    </p>
   </div>
   <div class='ocr_carea' id='block_1_95' title="bbox 262 5138 554 5208">
    <p class='ocr_par' dir='ltr' id='par_1_95' title="bbox 262 5138 554 5208">
     <span class='ocr_line' id='line_1_95' title="bbox 262 5138 554 5208; baseline -0.021 0"><span class='ocrx_word' id='word_1_678' title='bbox 262 5138 554 5208; x_wconf 72' lang='grc' dir='ltr'>ηρημένφς</span> 
     </span>
    </p>
   </div>
   <div class='ocr_carea' id='block_1_96' title="bbox 765 5218 1345 5286">
    <p class='ocr_par' dir='ltr' id='par_1_96' title="bbox 765 5218 1345 5286">
     <span class='ocr_line' id='line_1_96' title="bbox 765 5218 1345 5286; baseline -0.002 -15"><span class='ocrx_word' id='word_1_679' title='bbox 765 5218 922 5286; x_wconf 61' lang='lat' dir='ltr'><strong>TLA&#39;.</strong></span> <span class='ocrx_word' id='word_1_680' title='bbox 961 5249 1031 5259; x_wconf 90' lang='lat'><strong><em>—</em></strong></span> <span class='ocrx_word' id='word_1_681' title='bbox 1064 5218 1345 5286; x_wconf 82' lang='grc' dir='ltr'><strong>ΙΣΙΔΩΡῼ.</strong></span> 
     </span>
    </p>
   </div>
   <div class='ocr_carea' id='block_1_97' title="bbox 2019 4586 3531 4660">
    <p class='ocr_par' dir='ltr' id='par_1_97' title="bbox 2019 4586 3531 4660">
     <span class='ocr_line' id='line_1_97' title="bbox 2019 4586 3531 4660; baseline 0.004 -20"><span class='ocrx_word' id='word_1_682' title='bbox 2019 4586 2095 4642; x_wconf 90' lang='lat' dir='ltr'><strong>&#39;l‘e</strong></span> <span class='ocrx_word' id='word_1_683' title='bbox 2151 4588 2508 4644; x_wconf 89' lang='lat' dir='ltr'><strong>sacerdotium</strong></span> <span class='ocrx_word' id='word_1_684' title='bbox 2541 4588 2740 4660; x_wconf 86' lang='lat' dir='ltr'><strong>injuste</strong></span> <span class='ocrx_word' id='word_1_685' title='bbox 2774 4591 3050 4660; x_wconf 85' lang='lat' dir='ltr'><strong>possidere</strong></span> <span class='ocrx_word' id='word_1_686' title='bbox 3080 4599 3263 4646; x_wconf 89' lang='lat' dir='ltr'><strong>notum</strong></span> <span class='ocrx_word' id='word_1_687' title='bbox 3324 4591 3531 4660; x_wconf 89' lang='lat' dir='ltr'><strong>pridem</strong></span> 
     </span>
    </p>
   </div>
   <div class='ocr_carea' id='block_1_98' title="bbox 1946 4678 3534 4752">
    <p class='ocr_par' dir='ltr' id='par_1_98' title="bbox 1946 4678 3534 4752">
     <span class='ocr_line' id='line_1_98' title="bbox 1946 4678 3534 4752; baseline 0.003 -20"><span class='ocrx_word' id='word_1_688' title='bbox 1946 4679 2220 4733; x_wconf 88' lang='lat' dir='ltr'><strong>omnibus.</strong></span> <span class='ocrx_word' id='word_1_689' title='bbox 2273 4678 2460 4749; x_wconf 87' lang='lat' dir='ltr'><strong>Neque</strong></span> <span class='ocrx_word' id='word_1_690' title='bbox 2512 4683 2656 4736; x_wconf 92' lang='lat' dir='ltr'><strong>enim</strong></span> <span class='ocrx_word' id='word_1_691' title='bbox 2729 4681 2968 4752; x_wconf 83' lang='lat' dir='ltr'><strong>legitime</strong></span> <span class='ocrx_word' id='word_1_692' title='bbox 3031 4681 3261 4751; x_wconf 87' lang='lat' dir='ltr'><strong>jureque</strong></span> <span class='ocrx_word' id='word_1_693' title='bbox 3319 4682 3534 4750; x_wconf 90' lang='lat' dir='ltr'><strong>optimo</strong></span> 
     </span>
    </p>
   </div>
   <div class='ocr_carea' id='block_1_99' title="bbox 1950 4768 3534 4842">
    <p class='ocr_par' dir='ltr' id='par_1_99' title="bbox 1950 4768 3534 4842">
     <span class='ocr_line' id='line_1_99' title="bbox 1950 4768 3534 4842; baseline 0.005 -23"><span class='ocrx_word' id='word_1_694' title='bbox 1950 4768 2175 4836; x_wconf 88' lang='lat' dir='ltr'><strong>adipisci</strong></span> <span class='ocrx_word' id='word_1_695' title='bbox 2217 4771 2496 4835; x_wconf 91' lang='lat' dir='ltr'><strong>studuisti,</strong></span> <span class='ocrx_word' id='word_1_696' title='bbox 2535 4773 2632 4827; x_wconf 90' lang='lat' dir='ltr'><strong>sed</strong></span> <span class='ocrx_word' id='word_1_697' title='bbox 2674 4774 2903 4842; x_wconf 90' lang='lat' dir='ltr'><strong>pecunia</strong></span> <span class='ocrx_word' id='word_1_698' title='bbox 2961 4784 3232 4828; x_wconf 81' lang='lat' dir='ltr'><strong>mercatus</strong></span> <span class='ocrx_word' id='word_1_699' title='bbox 3278 4787 3337 4827; x_wconf 91' lang='lat' dir='ltr'><strong>es</strong></span> <span class='ocrx_word' id='word_1_700' title='bbox 3399 4789 3534 4828; x_wconf 90' lang='lat' dir='ltr'><strong>cau-</strong></span> 
     </span>
    </p>
   </div>
   <div class='ocr_carea' id='block_1_100' title="bbox 1947 4860 3530 4934">
    <p class='ocr_par' dir='ltr' id='par_1_100' title="bbox 1947 4860 3530 4934">
     <span class='ocr_line' id='line_1_100' title="bbox 1947 4860 3530 4934; baseline 0.003 -23"><span class='ocrx_word' id='word_1_701' title='bbox 1947 4860 2216 4928; x_wconf 88' lang='lat' dir='ltr'><strong>ponando.</strong></span> <span class='ocrx_word' id='word_1_702' title='bbox 2258 4862 2602 4917; x_wconf 82' lang='lat' dir='ltr'><strong>Manifestum</strong></span> <span class='ocrx_word' id='word_1_703' title='bbox 2629 4875 2715 4919; x_wconf 91' lang='lat' dir='ltr'><strong>est</strong></span> <span class='ocrx_word' id='word_1_704' title='bbox 2741 4874 2791 4919; x_wconf 94' lang='lat' dir='ltr'><strong>te</strong></span> <span class='ocrx_word' id='word_1_705' title='bbox 2820 4880 2961 4919; x_wconf 90' lang='lat' dir='ltr'><strong>nunc</strong></span> <span class='ocrx_word' id='word_1_706' title='bbox 3002 4880 3218 4934; x_wconf 85' lang='lat' dir='ltr'><strong>quoque</strong></span> <span class='ocrx_word' id='word_1_707' title='bbox 3269 4865 3336 4918; x_wconf 92' lang='lat' dir='ltr'><strong>ad</strong></span> <span class='ocrx_word' id='word_1_708' title='bbox 3387 4878 3530 4933; x_wconf 81' lang='lat' dir='ltr'><strong>opus</strong></span> 
     </span>
    </p>
   </div>
   <div class='ocr_carea' id='block_1_101' title="bbox 1946 4951 3532 5026">
    <p class='ocr_par' dir='ltr' id='par_1_101' title="bbox 1946 4951 3532 5026">
     <span class='ocr_line' id='line_1_101' title="bbox 1946 4951 3532 5026; baseline 0.006 -25"><span class='ocrx_word' id='word_1_709' title='bbox 1946 4951 2294 5019; x_wconf 90' lang='lat' dir='ltr'><strong>cupiditatem</strong></span> <span class='ocrx_word' id='word_1_710' title='bbox 2350 4952 2574 5021; x_wconf 83' lang='lat' dir='ltr'><strong>referre,</strong></span> <span class='ocrx_word' id='word_1_711' title='bbox 2637 4956 2888 5026; x_wconf 86' lang='lat' dir='ltr'><strong>quamvis</strong></span> <span class='ocrx_word' id='word_1_712' title='bbox 2941 4957 2995 5009; x_wconf 89' lang='lat' dir='ltr'><strong>in</strong></span> <span class='ocrx_word' id='word_1_713' title='bbox 3049 4971 3249 5011; x_wconf 89' lang='lat' dir='ltr'><strong>occasu</strong></span> <span class='ocrx_word' id='word_1_714' title='bbox 3277 4955 3402 5008; x_wconf 64' lang='lat' dir='ltr'><strong>vitae</strong></span> <span class='ocrx_word' id='word_1_715' title='bbox 3429 4955 3532 5010; x_wconf 79' lang='lat' dir='ltr'><strong>sis.</strong></span> 
     </span>
    </p>
   </div>
   <div class='ocr_carea' id='block_1_102' title="bbox 1948 5037 3522 5111">
    <p class='ocr_par' dir='ltr' id='par_1_102' title="bbox 1948 5037 3522 5111">
     <span class='ocr_line' id='line_1_102' title="bbox 1948 5037 3522 5111; baseline 0.006 -19"><span class='ocrx_word' id='word_1_716' title='bbox 1948 5037 2082 5104; x_wconf 84' lang='lat' dir='ltr'><strong>Quis</strong></span> <span class='ocrx_word' id='word_1_717' title='bbox 2117 5042 2280 5111; x_wconf 86' lang='lat' dir='ltr'><strong>igitur</strong></span> <span class='ocrx_word' id='word_1_718' title='bbox 2317 5045 2487 5099; x_wconf 66' lang='lat' dir='ltr'><strong>venire</strong></span> <span class='ocrx_word' id='word_1_719' title='bbox 2517 5045 2738 5100; x_wconf 87' lang='lat' dir='ltr'><strong>relictus</strong></span> <span class='ocrx_word' id='word_1_720' title='bbox 2777 5045 2950 5110; x_wconf 90' lang='lat' dir='ltr'><strong>locus,</strong></span> <span class='ocrx_word' id='word_1_721' title='bbox 3000 5062 3120 5101; x_wconf 90' lang='lat' dir='ltr'><strong>cum</strong></span> <span class='ocrx_word' id='word_1_722' title='bbox 3155 5046 3221 5098; x_wconf 91' lang='lat' dir='ltr'><strong>ad</strong></span> <span class='ocrx_word' id='word_1_723' title='bbox 3258 5046 3381 5100; x_wconf 77' lang='lat' dir='ltr'><strong>vita:</strong></span> <span class='ocrx_word' id='word_1_724' title='bbox 3402 5044 3522 5100; x_wconf 69' lang='lat' dir='ltr'><strong>exi-</strong></span> 
     </span>
    </p>
   </div>
   <div class='ocr_carea' id='block_1_103' title="bbox 1950 5132 3176 5203">
    <p class='ocr_par' dir='ltr' id='par_1_103' title="bbox 1950 5132 3176 5203">
     <span class='ocr_line' id='line_1_103' title="bbox 1950 5132 3176 5203; baseline 0.006 -19"><span class='ocrx_word' id='word_1_725' title='bbox 1950 5139 2061 5184; x_wconf 84' lang='lat' dir='ltr'><strong>‘um</strong></span> <span class='ocrx_word' id='word_1_726' title='bbox 2105 5132 2364 5203; x_wconf 88' lang='lat' dir='ltr'><strong>improbis</strong></span> <span class='ocrx_word' id='word_1_727' title='bbox 2387 5135 2570 5190; x_wconf 88' lang='lat' dir='ltr'><strong>venire</strong></span> <span class='ocrx_word' id='word_1_728' title='bbox 2605 5136 2851 5192; x_wconf 87' lang='lat' dir='ltr'><strong>moribus</strong></span> <span class='ocrx_word' id='word_1_729' title='bbox 2881 5137 3176 5191; x_wconf 88' lang='lat' dir='ltr'><strong>malueris?</strong></span> 
     </span>
    </p>
   </div>
   <div class='ocr_carea' id='block_1_104' title="bbox 2043 5219 3430 5290">
    <p class='ocr_par' dir='ltr' id='par_1_104' title="bbox 2043 5219 3430 5290">
     <span class='ocr_line' id='line_1_104' title="bbox 2043 5219 3430 5290; baseline 0.001 -14"><span class='ocrx_word' id='word_1_730' title='bbox 2043 5219 2234 5290; x_wconf 80' lang='lat'><strong>678,</strong></span> <span class='ocrx_word' id='word_1_731' title='bbox 2263 5221 2573 5277; x_wconf 73' lang='lat' dir='ltr'><strong>CCCXCIV.</strong></span> <span class='ocrx_word' id='word_1_732' title='bbox 2619 5252 2690 5263; x_wconf 91' lang='lat'>—</span> <span class='ocrx_word' id='word_1_733' title='bbox 2753 5223 3026 5280; x_wconf 77' lang='lat' dir='ltr'><strong>lSIDORO</strong></span> <span class='ocrx_word' id='word_1_734' title='bbox 3075 5221 3430 5279; x_wconf 78' lang='lat' dir='ltr'><strong>EPISCOPO.</strong></span> 
     </span>
    </p>
   </div>
   <div class='ocr_carea' id='block_1_105' title="bbox 1079 5308 2714 5385">
    <p class='ocr_par' dir='ltr' id='par_1_105' title="bbox 1079 5308 2714 5385">
     <span class='ocr_line' id='line_1_105' title="bbox 1079 5308 2714 5385; baseline 0.004 -22"><span class='ocrx_word' id='word_1_735' title='bbox 1079 5311 1313 5363; x_wconf 86' lang='lat' dir='ltr'><strong>Prudens</strong></span> <span class='ocrx_word' id='word_1_736' title='bbox 1347 5309 1458 5376; x_wconf 86' lang='lat' dir='ltr'><strong>quis</strong></span> <span class='ocrx_word' id='word_1_737' title='bbox 1497 5318 1544 5360; x_wconf 90' lang='lat' dir='ltr'><strong>et</strong></span> <span class='ocrx_word' id='word_1_738' title='bbox 1570 5308 1723 5375; x_wconf 77' lang='lat' dir='ltr'><strong>fortis</strong></span> <span class='ocrx_word' id='word_1_739' title='bbox 1755 5308 2158 5363; x_wconf 75' lang='lat' dir='ltr'><strong>existimandus.</strong></span> <span class='ocrx_word' id='word_1_740' title='bbox 2195 5311 2377 5382; x_wconf 79' lang='lat' dir='ltr'><strong>(Conf.</strong></span> <span class='ocrx_word' id='word_1_741' title='bbox 2411 5317 2562 5384; x_wconf 82' lang='lat' dir='ltr'><strong>epist.</strong></span> <span class='ocrx_word' id='word_1_742' title='bbox 2595 5317 2714 5385; x_wconf 77' lang='lat'><strong>&#39;76.)</strong></span> 
     </span>
    </p>
   </div>
   <div class='ocr_carea' id='block_1_106' title="bbox 334 5400 1839 5477">
    <p class='ocr_par' dir='ltr' id='par_1_106' title="bbox 334 5400 1839 5477">
     <span class='ocr_line' id='line_1_106' title="bbox 334 5400 1839 5477; baseline -0.004 -17"><span class='ocrx_word' id='word_1_743' title='bbox 334 5409 396 5460; x_wconf 84' lang='grc' dir='ltr'>Εί</span> <span class='ocrx_word' id='word_1_744' title='bbox 431 5406 748 5477; x_wconf 87' lang='grc' dir='ltr'>θεασοίμην,</span> <span class='ocrx_word' id='word_1_745' title='bbox 794 5400 838 5458; x_wconf 75' lang='grc' dir='ltr'>ὦ</span> <span class='ocrx_word' id='word_1_746' title='bbox 891 5404 1180 5474; x_wconf 82' lang='grc' dir='ltr'>ὁμώνυμε,</span> <span class='ocrx_word' id='word_1_747' title='bbox 1213 5402 1381 5472; x_wconf 85' lang='grc' dir='ltr'>ἄνδρα</span> <span class='ocrx_word' id='word_1_748' title='bbox 1430 5401 1601 5453; x_wconf 85' lang='grc' dir='ltr'>δεινὸν</span> <span class='ocrx_word' id='word_1_749' title='bbox 1644 5400 1743 5470; x_wconf 82' lang='grc' dir='ltr'><strong>μὲν</strong></span> <span class='ocrx_word' id='word_1_750' title='bbox 1773 5403 1839 5454; x_wconf 83' lang='grc' dir='ltr'><strong>ἐκ</strong></span> 
     </span>
    </p>
   </div>
   <div class='ocr_carea' id='block_1_107' title="bbox 263 5493 1837 5567">
    <p class='ocr_par' dir='ltr' id='par_1_107' title="bbox 263 5493 1837 5567">
     <span class='ocr_line' id='line_1_107' title="bbox 263 5493 1837 5567; baseline -0.004 -17"><span class='ocrx_word' id='word_1_751' title='bbox 263 5499 372 5551; x_wconf 83' lang='grc' dir='ltr'>τῶν</span> <span class='ocrx_word' id='word_1_752' title='bbox 403 5499 745 5567; x_wconf 74' lang='grc' dir='ltr'>φαινομένων</span> <span class='ocrx_word' id='word_1_753' title='bbox 779 5497 839 5549; x_wconf 78' lang='grc' dir='ltr'><strong>τὸ</strong></span> <span class='ocrx_word' id='word_1_754' title='bbox 868 5496 1012 5558; x_wconf 85' lang='grc' dir='ltr'>εἰκὸς</span> <span class='ocrx_word' id='word_1_755' title='bbox 1044 5495 1341 5565; x_wconf 85' lang='grc' dir='ltr'>συμϐαλεῖν</span> <span class='ocrx_word' id='word_1_756' title='bbox 1377 5493 1511 5560; x_wconf 69' lang='grc'>(29),</span> <span class='ocrx_word' id='word_1_757' title='bbox 1535 5493 1837 5562; x_wconf 87' lang='grc' dir='ltr'>δεινότερον</span> 
     </span>
    </p>
   </div>
   <div class='ocr_carea' id='block_1_108' title="bbox 2021 5401 3532 5478">
    <p class='ocr_par' dir='ltr' id='par_1_108' title="bbox 2021 5401 3532 5478">
     <span class='ocr_line' id='line_1_108' title="bbox 2021 5401 3532 5478; baseline 0.001 -21"><span class='ocrx_word' id='word_1_758' title='bbox 2021 5401 2077 5457; x_wconf 91' lang='lat' dir='ltr'><strong>Si</strong></span> <span class='ocrx_word' id='word_1_759' title='bbox 2102 5408 2490 5474; x_wconf 75' lang='lat' dir='ltr'><strong>perspexerim,</strong></span> <span class='ocrx_word' id='word_1_760' title='bbox 2516 5425 2548 5461; x_wconf 87' lang='grc' dir='ltr'><strong>ο</strong></span> <span class='ocrx_word' id='word_1_761' title='bbox 2570 5410 2697 5462; x_wconf 83' lang='lat' dir='ltr'><strong>mihi</strong></span> <span class='ocrx_word' id='word_1_762' title='bbox 2731 5409 3312 5478; x_wconf 85' lang='lat' dir='ltr'><strong>cognominislsidore,</strong></span> <span class='ocrx_word' id='word_1_763' title='bbox 3347 5405 3532 5460; x_wconf 86' lang='lat' dir='ltr'><strong>virum</strong></span> 
     </span>
    </p>
   </div>
   <div class='ocr_carea' id='block_1_109' title="bbox 1945 5497 3536 5569">
    <p class='ocr_par' dir='ltr' id='par_1_109' title="bbox 1945 5497 3536 5569">
     <span class='ocr_line' id='line_1_109' title="bbox 1945 5497 3536 5569; baseline 0.006 -24"><span class='ocrx_word' id='word_1_764' title='bbox 1945 5504 2162 5547; x_wconf 90' lang='lat' dir='ltr'><strong>acutum</strong></span> <span class='ocrx_word' id='word_1_765' title='bbox 2215 5511 2280 5550; x_wconf 81' lang='lat' dir='ltr'><strong>ex</strong></span> <span class='ocrx_word' id='word_1_766' title='bbox 2313 5498 2472 5552; x_wconf 90' lang='lat' dir='ltr'><strong>rebus</strong></span> <span class='ocrx_word' id='word_1_767' title='bbox 2503 5500 2891 5568; x_wconf 84' lang='lat' dir='ltr'><strong>apparentibus</strong></span> <span class='ocrx_word' id='word_1_768' title='bbox 2929 5503 3072 5569; x_wconf 84' lang='lat' dir='ltr'><strong>quod</strong></span> <span class='ocrx_word' id='word_1_769' title='bbox 3103 5497 3396 5556; x_wconf 83' lang='lat' dir='ltr'><strong>verisimile</strong></span> <span class='ocrx_word' id='word_1_770' title='bbox 3415 5503 3536 5562; x_wconf 72' lang='lat' dir='ltr'><strong>est,</strong></span> 
     </span>
    </p>
   </div>
   <div class='ocr_carea' id='block_1_110' title="bbox 1385 5602 2440 5669">
    <p class='ocr_par' dir='ltr' id='par_1_110' title="bbox 1385 5602 2440 5669">
     <span class='ocr_line' id='line_1_110' title="bbox 1385 5602 2440 5669; baseline 0.005 -9"><span class='ocrx_word' id='word_1_771' title='bbox 1385 5605 1622 5669; x_wconf 74' lang='lat' dir='ltr'><strong>VARUE</strong></span> <span class='ocrx_word' id='word_1_772' title='bbox 1662 5602 2044 5661; x_wconf 77' lang='lat' dir='ltr'><strong>LECTIONES</strong></span> <span class='ocrx_word' id='word_1_773' title='bbox 2081 5606 2170 5661; x_wconf 89' lang='lat' dir='ltr'><strong>ET</strong></span> <span class='ocrx_word' id='word_1_774' title='bbox 2209 5607 2440 5665; x_wconf 71' lang='grc' dir='ltr'><strong>ΝυΤιιΕ.</strong></span> 
     </span>
    </p>
   </div>
   <div class='ocr_carea' id='block_1_111' title="bbox 341 5727 1835 5800">
    <p class='ocr_par' dir='ltr' id='par_1_111' title="bbox 341 5727 1835 5800">
     <span class='ocr_line' id='line_1_111' title="bbox 341 5727 1835 5800; baseline -0.003 -19"><span class='ocrx_word' id='word_1_775' title='bbox 341 5730 452 5800; x_wconf 69' lang='lat'><strong>(29)</strong></span> <span class='ocrx_word' id='word_1_776' title='bbox 484 5729 587 5783; x_wconf 88' lang='lat' dir='ltr'><strong>Pro</strong></span> <span class='ocrx_word' id='word_1_777' title='bbox 610 5729 903 5797; x_wconf 79' lang='grc' dir='ltr'>συμϐαλεῖν</span> <span class='ocrx_word' id='word_1_778' title='bbox 933 5730 1090 5781; x_wconf 86' lang='lat' dir='ltr'><strong>ambo</strong></span> <span class='ocrx_word' id='word_1_779' title='bbox 1115 5728 1274 5782; x_wconf 88' lang='lat' dir='ltr'><strong>iidem</strong></span> <span class='ocrx_word' id='word_1_780' title='bbox 1303 5727 1458 5781; x_wconf 88' lang='lat' dir='ltr'><strong>codd.</strong></span> <span class='ocrx_word' id='word_1_781' title='bbox 1496 5728 1546 5780; x_wconf 92' lang='lat' dir='ltr'><strong>in</strong></span> <span class='ocrx_word' id='word_1_782' title='bbox 1582 5736 1835 5781; x_wconf 81' lang='lat' dir='ltr'><strong>contextu</strong></span> 
     </span>
    </p>
   </div>
   <div class='ocr_carea' id='block_1_112' title="bbox 268 5791 2567 5866">
    <p class='ocr_par' dir='ltr' id='par_1_112' title="bbox 268 5791 2567 5866">
     <span class='ocr_line' id='line_1_112' title="bbox 268 5791 2567 5866; baseline -0.005 -8"><span class='ocrx_word' id='word_1_783' title='bbox 268 5791 469 5858; x_wconf 79' lang='lat' dir='ltr'><strong>habent</strong></span> <span class='ocrx_word' id='word_1_784' title='bbox 502 5791 802 5866; x_wconf 74' lang='grc' dir='ltr'>συλλαϐεῖν,</span> <span class='ocrx_word' id='word_1_785' title='bbox 834 5801 928 5855; x_wconf 83' lang='lat' dir='ltr'><strong>sed</strong></span> <span class='ocrx_word' id='word_1_786' title='bbox 965 5809 1191 5865; x_wconf 88' lang='lat' dir='ltr'><strong>uterque</strong></span> <span class='ocrx_word' id='word_1_787' title='bbox 1235 5800 1517 5854; x_wconf 85' lang='lat' dir='ltr'><strong>lectionem</strong></span> <span class='ocrx_word' id='word_1_788' title='bbox 1566 5799 1696 5853; x_wconf 87' lang='lat' dir='ltr'><strong>editi</strong></span> <span class='ocrx_word' id='word_1_789' title='bbox 1737 5796 1953 5853; x_wconf 72' lang='lat' dir='ltr'><strong>exhibet</strong></span> <span class='ocrx_word' id='word_1_790' title='bbox 1981 5795 2035 5849; x_wconf 89' lang='lat' dir='ltr'><strong>in</strong></span> <span class='ocrx_word' id='word_1_791' title='bbox 2069 5795 2326 5863; x_wconf 81' lang='lat' dir='ltr'><strong>margine.</strong></span> <span class='ocrx_word' id='word_1_792' title='bbox 2362 5791 2567 5850; x_wconf 58' lang='lat' dir='ltr'><strong>Posuit.</strong></span> 
     </span>
    </p>
   </div>
  </div>
