  <div class='ocr_page' id='page_1' title='image "/cluster/home/n/w/nwhite01/storage/ocr_20150623/78/nnc1.0046980008/859.png"; bbox 0 0 3982 6420; ppageno 0'>
   <div class='ocr_carea' id='block_1_1' title="bbox 474 333 613 392">
    <p class='ocr_par' dir='ltr' id='par_1_1' title="bbox 474 333 613 392">
     <span class='ocr_line' id='line_1_1' title="bbox 474 333 613 392; baseline 0.022 -3"><span class='ocrx_word' id='word_1_1' title='bbox 474 333 613 392; x_wconf 56' lang='lat' dir='ltr'><strong>1M3</strong></span> 
     </span>
    </p>
   </div>
   <div class='ocr_carea' id='block_1_2' title="bbox 1668 329 2627 393">
    <p class='ocr_par' dir='ltr' id='par_1_2' title="bbox 1668 329 2627 393">
     <span class='ocr_line' id='line_1_2' title="bbox 1668 329 2627 393; baseline 0 0"><span class='ocrx_word' id='word_1_2' title='bbox 1668 332 1731 393; x_wconf 90' lang='lat' dir='ltr'><strong>S.</strong></span> <span class='ocrx_word' id='word_1_3' title='bbox 1771 331 2068 393; x_wconf 83' lang='lat' dir='ltr'><strong>ISIDORI</strong></span> <span class='ocrx_word' id='word_1_4' title='bbox 2104 329 2547 393; x_wconf 70' lang='lat' dir='ltr'><strong>PELUSIOTB</strong></span> <span class='ocrx_word' id='word_1_5' title='bbox 2624 358 2627 361; x_wconf 44' lang='lat'><em>‘</em></span> 
     </span>
    </p>
   </div>
   <div class='ocr_carea' id='block_1_3' title="bbox 3574 320 3689 384">
    <p class='ocr_par' dir='ltr' id='par_1_3' title="bbox 3574 320 3689 384">
     <span class='ocr_line' id='line_1_3' title="bbox 3574 320 3689 384; baseline 0 0"><span class='ocrx_word' id='word_1_6' title='bbox 3574 320 3689 384; x_wconf 64' lang='grc'><strong>1564</strong></span> 
     </span>
    </p>
   </div>
   <div class='ocr_carea' id='block_1_4' title="bbox 472 436 2060 516">
    <p class='ocr_par' dir='ltr' id='par_1_4' title="bbox 472 441 2047 516">
     <span class='ocr_line' id='line_1_4' title="bbox 472 441 2047 516; baseline 0.003 -18"><span class='ocrx_word' id='word_1_7' title='bbox 472 443 791 513; x_wconf 83' lang='lat' dir='ltr'><strong>conjicere:</strong></span> <span class='ocrx_word' id='word_1_8' title='bbox 836 441 1140 497; x_wconf 86' lang='lat' dir='ltr'><strong>acutiorem</strong></span> <span class='ocrx_word' id='word_1_9' title='bbox 1199 456 1329 499; x_wconf 87' lang='lat' dir='ltr'><strong>vero</strong></span> <span class='ocrx_word' id='word_1_10' title='bbox 1378 458 1444 498; x_wconf 90' lang='lat' dir='ltr'><strong>ex</strong></span> <span class='ocrx_word' id='word_1_11' title='bbox 1503 458 1608 499; x_wconf 90' lang='lat' dir='ltr'><strong>non</strong></span> <span class='ocrx_word' id='word_1_12' title='bbox 1665 446 2047 516; x_wconf 90' lang='lat' dir='ltr'><strong>apparentibus</strong></span> 
     </span>
    </p>
   </div>
   <div class='ocr_carea' id='block_1_5' title="bbox 2170 436 3690 516">
    <p class='ocr_par' dir='ltr' id='par_1_5' title="bbox 2170 436 3690 514">
     <span class='ocr_line' id='line_1_5' title="bbox 2170 436 3690 514; baseline -0.005 -18"><span class='ocrx_word' id='word_1_13' title='bbox 2170 445 2205 498; x_wconf 75' lang='grc' dir='ltr'><strong>ἰέ</strong></span> <span class='ocrx_word' id='word_1_14' title='bbox 2229 447 2294 499; x_wconf 83' lang='grc' dir='ltr'><strong>ἐκ</strong></span> <span class='ocrx_word' id='word_1_15' title='bbox 2324 444 2433 497; x_wconf 90' lang='grc' dir='ltr'><strong>τῶν</strong></span> <span class='ocrx_word' id='word_1_16' title='bbox 2463 442 2687 514; x_wconf 83' lang='grc' dir='ltr'>ἀφανῶν</span> <span class='ocrx_word' id='word_1_17' title='bbox 2711 440 2773 497; x_wconf 78' lang='grc' dir='ltr'>τὸ</span> <span class='ocrx_word' id='word_1_18' title='bbox 2796 441 2915 495; x_wconf 82' lang='grc' dir='ltr'>δέον</span> <span class='ocrx_word' id='word_1_19' title='bbox 2941 440 3178 494; x_wconf 79' lang='grc' dir='ltr'>συνιδεῖν</span> <span class='ocrx_word' id='word_1_20' title='bbox 3197 454 3213 469; x_wconf 83' lang='grc'><em>’</em></span> <span class='ocrx_word' id='word_1_21' title='bbox 3244 436 3301 492; x_wconf 75' lang='grc' dir='ltr'><strong>ἐν</strong></span> <span class='ocrx_word' id='word_1_22' title='bbox 3322 454 3381 490; x_wconf 86' lang='grc' dir='ltr'><strong>τε</strong></span> <span class='ocrx_word' id='word_1_23' title='bbox 3404 438 3509 500; x_wconf 81' lang='grc' dir='ltr'>τοῖς</span> <span class='ocrx_word' id='word_1_24' title='bbox 3532 454 3690 508; x_wconf 80' lang='grc' dir='ltr'>πειρα-</span> 
     </span>
    </p>
   </div>
   <div class='ocr_carea' id='block_1_6' title="bbox 471 533 2046 605">
    <p class='ocr_par' dir='ltr' id='par_1_6' title="bbox 471 533 2046 605">
     <span class='ocr_line' id='line_1_6' title="bbox 471 533 2046 605; baseline 0.003 -19"><span class='ocrx_word' id='word_1_25' title='bbox 471 534 616 603; x_wconf 84' lang='lat' dir='ltr'><strong>qnnd</strong></span> <span class='ocrx_word' id='word_1_26' title='bbox 656 534 831 599; x_wconf 83' lang='lat' dir='ltr'><strong>decet.</strong></span> <span class='ocrx_word' id='word_1_27' title='bbox 865 533 1139 605; x_wconf 79' lang='lat' dir='ltr'><strong>colligere,</strong></span> <span class='ocrx_word' id='word_1_28' title='bbox 1182 543 1243 587; x_wconf 94' lang='lat' dir='ltr'><strong>ut</strong></span> <span class='ocrx_word' id='word_1_29' title='bbox 1268 533 1322 588; x_wconf 92' lang='lat' dir='ltr'><strong>in</strong></span> <span class='ocrx_word' id='word_1_30' title='bbox 1364 534 1754 590; x_wconf 88' lang='lat' dir='ltr'><strong>tentationibus</strong></span> <span class='ocrx_word' id='word_1_31' title='bbox 1792 551 1856 591; x_wconf 86' lang='lat' dir='ltr'><strong>ac</strong></span> <span class='ocrx_word' id='word_1_32' title='bbox 1899 537 2046 605; x_wconf 88' lang='lat' dir='ltr'><strong>peri-</strong></span> 
     </span>
    </p>
   </div>
   <div class='ocr_carea' id='block_1_7' title="bbox 470 624 2044 696">
    <p class='ocr_par' dir='ltr' id='par_1_7' title="bbox 470 624 2044 696">
     <span class='ocr_line' id='line_1_7' title="bbox 470 624 2044 696; baseline 0.001 -15"><span class='ocrx_word' id='word_1_33' title='bbox 470 624 606 681; x_wconf 83' lang='lat' dir='ltr'><strong>culis</strong></span> <span class='ocrx_word' id='word_1_34' title='bbox 630 625 904 696; x_wconf 82' lang='lat' dir='ltr'><strong>specimen</strong></span> <span class='ocrx_word' id='word_1_35' title='bbox 941 624 1156 694; x_wconf 81' lang='lat' dir='ltr'><strong>aliquod</strong></span> <span class='ocrx_word' id='word_1_36' title='bbox 1175 624 1475 693; x_wconf 73' lang='lat' dir='ltr'><strong>prudentize</strong></span> <span class='ocrx_word' id='word_1_37' title='bbox 1508 626 1745 696; x_wconf 67' lang='lat' dir='ltr'><strong>praebeat</strong></span> <span class='ocrx_word' id='word_1_38' title='bbox 1775 627 2044 683; x_wconf 83' lang='lat' dir='ltr'><strong>sermoni-</strong></span> 
     </span>
    </p>
   </div>
   <div class='ocr_carea' id='block_1_8' title="bbox 470 714 2044 788">
    <p class='ocr_par' dir='ltr' id='par_1_8' title="bbox 470 714 2044 788">
     <span class='ocr_line' id='line_1_8' title="bbox 470 714 2044 788; baseline -0.001 -15"><span class='ocrx_word' id='word_1_39' title='bbox 470 719 572 773; x_wconf 90' lang='lat' dir='ltr'><strong>bus</strong></span> <span class='ocrx_word' id='word_1_40' title='bbox 596 714 931 783; x_wconf 88' lang='lat' dir='ltr'><strong>bortatoriis,</strong></span> <span class='ocrx_word' id='word_1_41' title='bbox 960 725 1016 770; x_wconf 89' lang='lat' dir='ltr'><strong>et</strong></span> <span class='ocrx_word' id='word_1_42' title='bbox 1046 715 1136 769; x_wconf 89' lang='lat' dir='ltr'><strong>illa</strong></span> <span class='ocrx_word' id='word_1_43' title='bbox 1167 715 1437 787; x_wconf 91' lang='lat' dir='ltr'><strong>intrepido</strong></span> <span class='ocrx_word' id='word_1_44' title='bbox 1477 731 1574 785; x_wconf 91' lang='lat' dir='ltr'><strong>per</strong></span> <span class='ocrx_word' id='word_1_45' title='bbox 1614 732 1675 772; x_wconf 90' lang='lat' dir='ltr'><strong>se</strong></span> <span class='ocrx_word' id='word_1_46' title='bbox 1705 718 1887 772; x_wconf 86' lang='lat' dir='ltr'><strong>animo</strong></span> <span class='ocrx_word' id='word_1_47' title='bbox 1919 732 2044 788; x_wconf 92' lang='lat' dir='ltr'><strong>pro-</strong></span> 
     </span>
    </p>
   </div>
   <div class='ocr_carea' id='block_1_9' title="bbox 471 806 2050 879">
    <p class='ocr_par' dir='ltr' id='par_1_9' title="bbox 471 806 2050 879">
     <span class='ocr_line' id='line_1_9' title="bbox 471 806 2050 879; baseline 0.001 -16"><span class='ocrx_word' id='word_1_48' title='bbox 471 808 691 879; x_wconf 83' lang='lat' dir='ltr'><strong>pulsare</strong></span> <span class='ocrx_word' id='word_1_49' title='bbox 716 816 900 878; x_wconf 85' lang='lat' dir='ltr'><strong>queat,</strong></span> <span class='ocrx_word' id='word_1_50' title='bbox 932 807 1079 862; x_wconf 87' lang='lat' dir='ltr'><strong>bunc</strong></span> <span class='ocrx_word' id='word_1_51' title='bbox 1107 823 1208 877; x_wconf 91' lang='lat' dir='ltr'><strong>ego</strong></span> <span class='ocrx_word' id='word_1_52' title='bbox 1244 808 1723 878; x_wconf 81' lang='lat' dir='ltr'><strong>prudentissimum</strong></span> <span class='ocrx_word' id='word_1_53' title='bbox 1762 806 1915 877; x_wconf 81' lang='lat' dir='ltr'><strong>juxta</strong></span> <span class='ocrx_word' id='word_1_54' title='bbox 1982 823 2050 865; x_wconf 85' lang='lat' dir='ltr'><strong>ac</strong></span> 
     </span>
    </p>
   </div>
   <div class='ocr_carea' id='block_1_10' title="bbox 472 900 1436 970">
    <p class='ocr_par' dir='ltr' id='par_1_10' title="bbox 472 900 1436 970">
     <span class='ocr_line' id='line_1_10' title="bbox 472 900 1436 970; baseline -0.002 -12"><span class='ocrx_word' id='word_1_55' title='bbox 472 901 832 958; x_wconf 85' lang='lat' dir='ltr'><strong>fortissimum</strong></span> <span class='ocrx_word' id='word_1_56' title='bbox 859 900 1033 954; x_wconf 91' lang='lat' dir='ltr'><strong>virum</strong></span> <span class='ocrx_word' id='word_1_57' title='bbox 1058 900 1436 970; x_wconf 91' lang='lat' dir='ltr'><strong>jndicaverim.</strong></span> 
     </span>
    </p>
   </div>
   <div class='ocr_carea' id='block_1_11' title="bbox 655 1007 1867 1067">
    <p class='ocr_par' dir='ltr' id='par_1_11' title="bbox 655 1007 1867 1067">
     <span class='ocr_line' id='line_1_11' title="bbox 655 1007 1867 1067; baseline 0 -1"><span class='ocrx_word' id='word_1_58' title='bbox 655 1009 947 1067; x_wconf 83' lang='lat' dir='ltr'><strong>CCCXCV.</strong></span> <span class='ocrx_word' id='word_1_59' title='bbox 985 1040 1054 1053; x_wconf 89' lang='lat'><strong><em>—</em></strong></span> <span class='ocrx_word' id='word_1_60' title='bbox 1099 1008 1491 1067; x_wconf 83' lang='lat' dir='ltr'><strong>APOLLONIO</strong></span> <span class='ocrx_word' id='word_1_61' title='bbox 1514 1007 1867 1066; x_wconf 86' lang='lat' dir='ltr'><strong>EPISCOPO.</strong></span> 
     </span>
    </p>
   </div>
   <div class='ocr_carea' id='block_1_12' title="bbox 2156 527 3693 607">
    <p class='ocr_par' dir='ltr' id='par_1_12' title="bbox 2156 527 3693 607">
     <span class='ocr_line' id='line_1_12' title="bbox 2156 527 3693 607; baseline -0.006 -18"><span class='ocrx_word' id='word_1_62' title='bbox 2156 538 2316 607; x_wconf 84' lang='grc' dir='ltr'><strong>σμοῖς</strong></span> <span class='ocrx_word' id='word_1_63' title='bbox 2348 535 2443 589; x_wconf 76' lang='grc' dir='ltr'>καὶ</span> <span class='ocrx_word' id='word_1_64' title='bbox 2476 538 2587 598; x_wconf 87' lang='grc' dir='ltr'>τοῖς</span> <span class='ocrx_word' id='word_1_65' title='bbox 2618 533 2886 596; x_wconf 87' lang='grc' dir='ltr'><strong>κινδύνοις</strong></span> <span class='ocrx_word' id='word_1_66' title='bbox 2912 532 2971 585; x_wconf 75' lang='grc' dir='ltr'>τὸ</span> <span class='ocrx_word' id='word_1_67' title='bbox 2998 532 3185 602; x_wconf 78' lang='grc' dir='ltr'>δῆγμα</span> <span class='ocrx_word' id='word_1_68' title='bbox 3210 528 3319 583; x_wconf 90' lang='grc' dir='ltr'><strong>τῶν</strong></span> <span class='ocrx_word' id='word_1_69' title='bbox 3344 528 3591 581; x_wconf 84' lang='grc' dir='ltr'><strong>συνόντων</strong></span> <span class='ocrx_word' id='word_1_70' title='bbox 3614 527 3693 580; x_wconf 62' lang='lat'><strong>16-</strong></span> 
     </span>
    </p>
   </div>
   <div class='ocr_carea' id='block_1_13' title="bbox 2154 619 3692 697">
    <p class='ocr_par' dir='ltr' id='par_1_13' title="bbox 2154 619 3692 697">
     <span class='ocr_line' id='line_1_13' title="bbox 2154 619 3692 697; baseline -0.005 -17"><span class='ocrx_word' id='word_1_71' title='bbox 2154 644 2271 697; x_wconf 90' lang='grc' dir='ltr'>γοις</span> <span class='ocrx_word' id='word_1_72' title='bbox 2304 644 2363 680; x_wconf 89' lang='grc' dir='ltr'><strong>τε</strong></span> <span class='ocrx_word' id='word_1_73' title='bbox 2386 627 2842 697; x_wconf 83' lang='grc' dir='ltr'>παρακλητικοῖς,</span> <span class='ocrx_word' id='word_1_74' title='bbox 2871 624 3065 694; x_wconf 75' lang='grc' dir='ltr'>καὶτῷ</span> <span class='ocrx_word' id='word_1_75' title='bbox 3092 623 3214 677; x_wconf 85' lang='grc' dir='ltr'>καθ’</span> <span class='ocrx_word' id='word_1_76' title='bbox 3251 621 3436 674; x_wconf 84' lang='grc' dir='ltr'>ἐαυτὸν</span> <span class='ocrx_word' id='word_1_77' title='bbox 3457 620 3589 673; x_wconf 88' lang='grc' dir='ltr'>ἀδεεῖ</span> <span class='ocrx_word' id='word_1_78' title='bbox 3613 619 3692 673; x_wconf 78' lang='grc' dir='ltr'>δυ-</span> 
     </span>
    </p>
   </div>
   <div class='ocr_carea' id='block_1_14' title="bbox 2158 711 3695 788">
    <p class='ocr_par' dir='ltr' id='par_1_14' title="bbox 2158 711 3695 788">
     <span class='ocr_line' id='line_1_14' title="bbox 2158 711 3695 788; baseline -0.006 -16"><span class='ocrx_word' id='word_1_79' title='bbox 2158 717 2392 788; x_wconf 88' lang='grc' dir='ltr'>νάμενον</span> <span class='ocrx_word' id='word_1_80' title='bbox 2430 717 2683 772; x_wconf 87' lang='grc' dir='ltr'>ἐκϐαλεῖν</span> <span class='ocrx_word' id='word_1_81' title='bbox 2700 734 2716 750; x_wconf 74' lang='lat'>&#39;</span> <span class='ocrx_word' id='word_1_82' title='bbox 2750 717 2940 772; x_wconf 88' lang='grc' dir='ltr'>τοῦτον</span> <span class='ocrx_word' id='word_1_83' title='bbox 2969 718 3066 771; x_wconf 80' lang='grc' dir='ltr'>καὶ</span> <span class='ocrx_word' id='word_1_84' title='bbox 3092 712 3479 776; x_wconf 84' lang='grc' dir='ltr'>συνετώτατον,</span> <span class='ocrx_word' id='word_1_85' title='bbox 3504 711 3591 764; x_wconf 80' lang='grc' dir='ltr'>καὶ</span> <span class='ocrx_word' id='word_1_86' title='bbox 3616 712 3695 765; x_wconf 85' lang='grc' dir='ltr'>ἀν-</span> 
     </span>
    </p>
   </div>
   <div class='ocr_carea' id='block_1_15' title="bbox 2155 807 2802 880">
    <p class='ocr_par' dir='ltr' id='par_1_15' title="bbox 2155 807 2802 880">
     <span class='ocr_line' id='line_1_15' title="bbox 2155 807 2802 880; baseline 0.003 -18"><span class='ocrx_word' id='word_1_87' title='bbox 2155 807 2463 880; x_wconf 88' lang='grc' dir='ltr'>δρειότατον</span> <span class='ocrx_word' id='word_1_88' title='bbox 2486 807 2802 880; x_wconf 84' lang='grc' dir='ltr'>ὁρισαίμην.</span> 
     </span>
    </p>
   </div>
   <div class='ocr_carea' id='block_1_16' title="bbox 2387 1009 3493 1084">
    <p class='ocr_par' dir='ltr' id='par_1_16' title="bbox 2387 1009 3493 1084">
     <span class='ocr_line' id='line_1_16' title="bbox 2387 1009 3493 1084; baseline -0.007 -14"><span class='ocrx_word' id='word_1_89' title='bbox 2387 1015 2552 1083; x_wconf 57' lang='grc' dir='ltr'><strong>Τιιεν.</strong></span> <span class='ocrx_word' id='word_1_90' title='bbox 2589 1043 2655 1056; x_wconf 92' lang='grc'><strong><em>-</em></strong></span> <span class='ocrx_word' id='word_1_91' title='bbox 2691 1013 3090 1084; x_wconf 75' lang='grc' dir='ltr'><strong>ΔΠΟΛΛΩΝΙῼ</strong></span> <span class='ocrx_word' id='word_1_92' title='bbox 3125 1009 3493 1079; x_wconf 76' lang='grc' dir='ltr'><strong>ΕΠΙΣΚΟΠῼ.</strong></span> 
     </span>
    </p>
   </div>
   <div class='ocr_carea' id='block_1_17' title="bbox 1390 1116 2806 1192">
    <p class='ocr_par' dir='ltr' id='par_1_17' title="bbox 1390 1116 2806 1192">
     <span class='ocr_line' id='line_1_17' title="bbox 1390 1116 2806 1192; baseline 0.006 -22"><span class='ocrx_word' id='word_1_93' title='bbox 1390 1116 1521 1181; x_wconf 84' lang='lat' dir='ltr'><strong>Quis</strong></span> <span class='ocrx_word' id='word_1_94' title='bbox 1544 1133 1661 1172; x_wconf 85' lang='lat' dir='ltr'><strong>vere</strong></span> <span class='ocrx_word' id='word_1_95' title='bbox 1689 1134 1801 1185; x_wconf 70' lang='lat' dir='ltr'><strong>rex,</strong></span> <span class='ocrx_word' id='word_1_96' title='bbox 1821 1118 1940 1188; x_wconf 86' lang='lat' dir='ltr'><strong>quis</strong></span> <span class='ocrx_word' id='word_1_97' title='bbox 1965 1129 2242 1191; x_wconf 75' lang='lat' dir='ltr'><strong>tyrannus.</strong></span> <span class='ocrx_word' id='word_1_98' title='bbox 2266 1118 2443 1192; x_wconf 79' lang='lat' dir='ltr'><strong>(Conf.</strong></span> <span class='ocrx_word' id='word_1_99' title='bbox 2468 1123 2623 1192; x_wconf 88' lang='lat' dir='ltr'><strong>epist.</strong></span> <span class='ocrx_word' id='word_1_100' title='bbox 2650 1122 2806 1192; x_wconf 73' lang='lat'><strong>255.)</strong></span> 
     </span>
    </p>
   </div>
   <div class='ocr_carea' id='block_1_18' title="bbox 547 1224 2050 1296">
    <p class='ocr_par' dir='ltr' id='par_1_18' title="bbox 547 1224 2050 1296">
     <span class='ocr_line' id='line_1_18' title="bbox 547 1224 2050 1296; baseline 0 -15"><span class='ocrx_word' id='word_1_101' title='bbox 547 1225 702 1281; x_wconf 79' lang='lat' dir='ltr'><strong>Hunc</strong></span> <span class='ocrx_word' id='word_1_102' title='bbox 738 1240 839 1296; x_wconf 89' lang='lat' dir='ltr'><strong>ego</strong></span> <span class='ocrx_word' id='word_1_103' title='bbox 880 1224 1055 1280; x_wconf 90' lang='lat' dir='ltr'><strong>solum</strong></span> <span class='ocrx_word' id='word_1_104' title='bbox 1116 1240 1297 1295; x_wconf 92' lang='lat' dir='ltr'><strong>regem</strong></span> <span class='ocrx_word' id='word_1_105' title='bbox 1349 1226 1649 1293; x_wconf 87' lang='lat' dir='ltr'><strong>ducemque</strong></span> <span class='ocrx_word' id='word_1_106' title='bbox 1701 1226 1912 1293; x_wconf 79' lang='lat' dir='ltr'><strong>dixero,</strong></span> <span class='ocrx_word' id='word_1_107' title='bbox 1958 1227 2050 1296; x_wconf 87' lang='lat' dir='ltr'><strong>qui</strong></span> 
     </span>
    </p>
   </div>
   <div class='ocr_carea' id='block_1_19' title="bbox 2230 1220 3739 1302">
    <p class='ocr_par' dir='ltr' id='par_1_19' title="bbox 2230 1220 3739 1302">
     <span class='ocr_line' id='line_1_19' title="bbox 2230 1220 3739 1302; baseline -0.003 -19"><span class='ocrx_word' id='word_1_108' title='bbox 2230 1229 2466 1284; x_wconf 81' lang='grc' dir='ltr'><strong>Ἐκεῖνον</strong></span> <span class='ocrx_word' id='word_1_109' title='bbox 2500 1231 2662 1302; x_wconf 91' lang='grc' dir='ltr'>μόνον</span> <span class='ocrx_word' id='word_1_110' title='bbox 2691 1230 2864 1299; x_wconf 77' lang='grc' dir='ltr'>ἔγωγε</span> <span class='ocrx_word' id='word_1_111' title='bbox 2912 1226 3135 1300; x_wconf 80' lang='grc' dir='ltr'>βασιλέα</span> <span class='ocrx_word' id='word_1_112' title='bbox 3172 1230 3270 1282; x_wconf 75' lang='grc' dir='ltr'><strong>καὶ</strong></span> <span class='ocrx_word' id='word_1_113' title='bbox 3301 1228 3539 1298; x_wconf 81' lang='grc' dir='ltr'><strong>ἡγεμόνα</strong></span> <span class='ocrx_word' id='word_1_114' title='bbox 3575 1220 3696 1280; x_wconf 77' lang='grc' dir='ltr'>εἶναι</span> <span class='ocrx_word' id='word_1_115' title='bbox 3736 1242 3739 1243; x_wconf 66' lang='lat'><strong><em>&#39;</em></strong></span> 
     </span>
    </p>
   </div>
   <div class='ocr_carea' id='block_1_20' title="bbox 477 1315 2060 1395">
    <p class='ocr_par' dir='ltr' id='par_1_20' title="bbox 477 1315 2049 1386">
     <span class='ocr_line' id='line_1_20' title="bbox 477 1315 2049 1386; baseline 0.002 -15"><span class='ocrx_word' id='word_1_116' title='bbox 477 1316 579 1372; x_wconf 88' lang='lat' dir='ltr'><strong>sibi</strong></span> <span class='ocrx_word' id='word_1_117' title='bbox 605 1317 876 1386; x_wconf 87' lang='lat' dir='ltr'><strong>imperans</strong></span> <span class='ocrx_word' id='word_1_118' title='bbox 917 1315 1191 1371; x_wconf 92' lang='lat' dir='ltr'><strong>subditum</strong></span> <span class='ocrx_word' id='word_1_119' title='bbox 1235 1316 1487 1386; x_wconf 77' lang='lat' dir='ltr'><strong>a-quitate</strong></span> <span class='ocrx_word' id='word_1_120' title='bbox 1516 1325 1678 1385; x_wconf 89' lang='lat' dir='ltr'><strong>atque</strong></span> <span class='ocrx_word' id='word_1_121' title='bbox 1711 1318 2049 1376; x_wconf 76' lang='lat' dir='ltr'><strong>humanitate</strong></span> 
     </span>
    </p>
   </div>
   <div class='ocr_carea' id='block_1_21' title="bbox 2170 1315 3700 1395">
    <p class='ocr_par' dir='ltr' id='par_1_21' title="bbox 2170 1319 3700 1395">
     <span class='ocr_line' id='line_1_21' title="bbox 2170 1319 3700 1395; baseline -0.003 -19"><span class='ocrx_word' id='word_1_122' title='bbox 2170 1321 2413 1395; x_wconf 73' lang='grc' dir='ltr'>ιγοῦμαι,</span> <span class='ocrx_word' id='word_1_123' title='bbox 2447 1322 2507 1386; x_wconf 85' lang='grc' dir='ltr'>ὃς</span> <span class='ocrx_word' id='word_1_124' title='bbox 2532 1322 2704 1393; x_wconf 81' lang='grc' dir='ltr'>ἄρξας</span> <span class='ocrx_word' id='word_1_125' title='bbox 2743 1320 2939 1376; x_wconf 86' lang='grc' dir='ltr'>ἐαυτοῦ</span> <span class='ocrx_word' id='word_1_126' title='bbox 2971 1320 3031 1374; x_wconf 82' lang='grc' dir='ltr'>τὸ</span> <span class='ocrx_word' id='word_1_127' title='bbox 3064 1321 3307 1393; x_wconf 80' lang='grc' dir='ltr'>ὑπήκοον</span> <span class='ocrx_word' id='word_1_128' title='bbox 3332 1319 3597 1389; x_wconf 65' lang='grc' dir='ltr'>ἐπιεικείᾳ.</span> <span class='ocrx_word' id='word_1_129' title='bbox 3621 1319 3700 1371; x_wconf 68' lang='grc' dir='ltr'>καὶ</span> 
     </span>
    </p>
   </div>
   <div class='ocr_carea' id='block_1_22' title="bbox 477 1407 2060 1487">
    <p class='ocr_par' dir='ltr' id='par_1_22' title="bbox 477 1407 2041 1479">
     <span class='ocr_line' id='line_1_22' title="bbox 477 1407 2041 1479; baseline 0.003 -19"><span class='ocrx_word' id='word_1_130' title='bbox 477 1407 849 1462; x_wconf 82' lang='lat' dir='ltr'><strong>obstrinxerit.</strong></span> <span class='ocrx_word' id='word_1_131' title='bbox 899 1408 1137 1463; x_wconf 60' lang='lat' dir='ltr'><strong>Caeteros</strong></span> <span class='ocrx_word' id='word_1_132' title='bbox 1174 1422 1300 1462; x_wconf 83' lang='lat' dir='ltr'><strong>vero</strong></span> <span class='ocrx_word' id='word_1_133' title='bbox 1330 1416 1586 1478; x_wconf 83' lang='lat' dir='ltr'><strong>tyrannos</strong></span> <span class='ocrx_word' id='word_1_134' title='bbox 1632 1408 1917 1477; x_wconf 85' lang='lat' dir='ltr'><strong>appellem,</strong></span> <span class='ocrx_word' id='word_1_135' title='bbox 1951 1409 2041 1479; x_wconf 91' lang='lat' dir='ltr'><strong>qui</strong></span> 
     </span>
    </p>
   </div>
   <div class='ocr_carea' id='block_1_23' title="bbox 2170 1407 3705 1487">
    <p class='ocr_par' dir='ltr' id='par_1_23' title="bbox 2170 1412 3705 1487">
     <span class='ocr_line' id='line_1_23' title="bbox 2170 1412 3705 1487; baseline -0.003 -19"><span class='ocrx_word' id='word_1_136' title='bbox 2170 1415 2533 1487; x_wconf 70' lang='grc' dir='ltr'>ριλανθρωπίᾳ</span> <span class='ocrx_word' id='word_1_137' title='bbox 2564 1416 2932 1486; x_wconf 85' lang='grc' dir='ltr'>ἀνηρτήσατο.</span> <span class='ocrx_word' id='word_1_138' title='bbox 2966 1415 3105 1478; x_wconf 79' lang='grc' dir='ltr'>Τοὺς</span> <span class='ocrx_word' id='word_1_139' title='bbox 3129 1414 3186 1466; x_wconf 87' lang='grc' dir='ltr'><strong>δέ</strong></span> <span class='ocrx_word' id='word_1_140' title='bbox 3211 1412 3406 1475; x_wconf 75' lang='grc' dir='ltr'>ἄλλους</span> <span class='ocrx_word' id='word_1_141' title='bbox 3439 1412 3705 1480; x_wconf 72' lang='grc' dir='ltr'>τυράννους</span> 
     </span>
    </p>
   </div>
   <div class='ocr_carea' id='block_1_24' title="bbox 476 1498 2056 1572">
    <p class='ocr_par' dir='ltr' id='par_1_24' title="bbox 476 1498 2056 1572">
     <span class='ocr_line' id='line_1_24' title="bbox 476 1498 2056 1572; baseline 0.003 -20"><span class='ocrx_word' id='word_1_142' title='bbox 476 1513 576 1568; x_wconf 90' lang='lat' dir='ltr'><strong>per</strong></span> <span class='ocrx_word' id='word_1_143' title='bbox 612 1498 764 1555; x_wconf 80' lang='lat' dir='ltr'><strong>nefas</strong></span> <span class='ocrx_word' id='word_1_144' title='bbox 827 1500 1129 1570; x_wconf 87' lang='lat' dir='ltr'><strong>voluptates</strong></span> <span class='ocrx_word' id='word_1_145' title='bbox 1166 1514 1313 1566; x_wconf 88' lang='lat' dir='ltr'><strong>snas,</strong></span> <span class='ocrx_word' id='word_1_146' title='bbox 1351 1500 1529 1556; x_wconf 90' lang='lat' dir='ltr'><strong>alieno</strong></span> <span class='ocrx_word' id='word_1_147' title='bbox 1580 1498 1765 1556; x_wconf 88' lang='lat' dir='ltr'><strong>labore</strong></span> <span class='ocrx_word' id='word_1_148' title='bbox 1827 1502 2056 1572; x_wconf 88' lang='lat' dir='ltr'><strong>conqui-</strong></span> 
     </span>
    </p>
   </div>
   <div class='ocr_carea' id='block_1_25' title="bbox 478 1600 629 1646">
    <p class='ocr_par' dir='ltr' id='par_1_25' title="bbox 478 1600 629 1646">
     <span class='ocr_line' id='line_1_25' title="bbox 478 1600 629 1646; baseline -0.007 0"><span class='ocrx_word' id='word_1_149' title='bbox 478 1600 629 1646; x_wconf 80' lang='grc' dir='ltr'>ιἰιῐιῑ.</span> 
     </span>
    </p>
   </div>
   <div class='ocr_carea' id='block_1_26' title="bbox 655 1695 1857 1757">
    <p class='ocr_par' dir='ltr' id='par_1_26' title="bbox 655 1695 1857 1757">
     <span class='ocr_line' id='line_1_26' title="bbox 655 1695 1857 1757; baseline 0.001 -2"><span class='ocrx_word' id='word_1_150' title='bbox 655 1698 980 1756; x_wconf 76' lang='lat' dir='ltr'><strong>CCCXCVI.</strong></span> <span class='ocrx_word' id='word_1_151' title='bbox 1016 1729 1087 1742; x_wconf 89' lang='lat'><strong>—-</strong></span> <span class='ocrx_word' id='word_1_152' title='bbox 1114 1695 1514 1755; x_wconf 79' lang='lat' dir='ltr'><strong>ATIIANASIO</strong></span> <span class='ocrx_word' id='word_1_153' title='bbox 1536 1699 1857 1757; x_wconf 81' lang='lat' dir='ltr'><strong>DlACONO.</strong></span> 
     </span>
    </p>
   </div>
   <div class='ocr_carea' id='block_1_27' title="bbox 2154 1502 3703 1579">
    <p class='ocr_par' dir='ltr' id='par_1_27' title="bbox 2154 1502 3703 1579">
     <span class='ocr_line' id='line_1_27' title="bbox 2154 1502 3703 1579; baseline -0.003 -20"><span class='ocrx_word' id='word_1_154' title='bbox 2154 1505 2403 1577; x_wconf 85' lang='grc' dir='ltr'>κλητέον,</span> <span class='ocrx_word' id='word_1_155' title='bbox 2448 1506 2577 1569; x_wconf 77' lang='grc' dir='ltr'>τοὺς</span> <span class='ocrx_word' id='word_1_156' title='bbox 2625 1508 2739 1569; x_wconf 85' lang='grc' dir='ltr'>τοῖς</span> <span class='ocrx_word' id='word_1_157' title='bbox 2788 1505 2993 1579; x_wconf 80' lang='grc' dir='ltr'>ἐτέρων</span> <span class='ocrx_word' id='word_1_158' title='bbox 3043 1505 3227 1567; x_wconf 84' lang='grc' dir='ltr'>πόνοις</span> <span class='ocrx_word' id='word_1_159' title='bbox 3280 1504 3491 1566; x_wconf 79' lang='grc' dir='ltr'><strong>ἑαυτοῖς</strong></span> <span class='ocrx_word' id='word_1_160' title='bbox 3538 1502 3703 1573; x_wconf 72' lang='grc' dir='ltr'>ἡδονὰς</span> 
     </span>
    </p>
   </div>
   <div class='ocr_carea' id='block_1_28' title="bbox 2154 1596 2833 1669">
    <p class='ocr_par' dir='ltr' id='par_1_28' title="bbox 2154 1596 2833 1669">
     <span class='ocr_line' id='line_1_28' title="bbox 2154 1596 2833 1669; baseline -0.001 -17"><span class='ocrx_word' id='word_1_161' title='bbox 2154 1596 2451 1669; x_wconf 78' lang='grc' dir='ltr'><strong>ἀθεμίτους</strong></span> <span class='ocrx_word' id='word_1_162' title='bbox 2488 1597 2833 1667; x_wconf 74' lang='grc' dir='ltr'>πορίζοντας.</span> 
     </span>
    </p>
   </div>
   <div class='ocr_carea' id='block_1_29' title="bbox 2444 1705 3458 1777">
    <p class='ocr_par' dir='ltr' id='par_1_29' title="bbox 2444 1705 3458 1777">
     <span class='ocr_line' id='line_1_29' title="bbox 2444 1705 3458 1777; baseline -0.002 -17"><span class='ocrx_word' id='word_1_163' title='bbox 2444 1707 2623 1776; x_wconf 65' lang='grc' dir='ltr'><strong>Τιιςν.</strong></span> <span class='ocrx_word' id='word_1_164' title='bbox 2655 1738 2727 1748; x_wconf 90' lang='grc'><strong>-</strong></span> <span class='ocrx_word' id='word_1_165' title='bbox 2753 1708 3098 1777; x_wconf 72' lang='grc' dir='ltr'><strong>ΑΘΛΝΑΣΙῼ</strong></span> <span class='ocrx_word' id='word_1_166' title='bbox 3131 1705 3458 1777; x_wconf 77' lang='grc' dir='ltr'><strong>ΔΙΑΚΟΝῼ.</strong></span> 
     </span>
    </p>
   </div>
   <div class='ocr_carea' id='block_1_30' title="bbox 1681 1809 2515 1885">
    <p class='ocr_par' dir='ltr' id='par_1_30' title="bbox 1681 1809 2515 1885">
     <span class='ocr_line' id='line_1_30' title="bbox 1681 1809 2515 1885; baseline 0.007 -22"><span class='ocrx_word' id='word_1_167' title='bbox 1681 1809 1822 1866; x_wconf 82' lang='lat' dir='ltr'><strong>Bene</strong></span> <span class='ocrx_word' id='word_1_168' title='bbox 1851 1812 2097 1867; x_wconf 87' lang='lat' dir='ltr'><strong>morienti</strong></span> <span class='ocrx_word' id='word_1_169' title='bbox 2120 1815 2515 1885; x_wconf 82' lang='lat' dir='ltr'><strong>gratulandum.</strong></span> 
     </span>
    </p>
   </div>
   <div class='ocr_carea' id='block_1_31' title="bbox 547 1914 2060 1995">
    <p class='ocr_par' dir='ltr' id='par_1_31' title="bbox 547 1921 2046 1993">
     <span class='ocr_line' id='line_1_31' title="bbox 547 1921 2046 1993; baseline -0.001 -13"><span class='ocrx_word' id='word_1_170' title='bbox 547 1924 605 1980; x_wconf 91' lang='lat' dir='ltr'><strong>Si</strong></span> <span class='ocrx_word' id='word_1_171' title='bbox 659 1921 968 1979; x_wconf 89' lang='lat' dir='ltr'><strong>mortalium</strong></span> <span class='ocrx_word' id='word_1_172' title='bbox 1029 1921 1261 1993; x_wconf 90' lang='lat' dir='ltr'><strong>quisque</strong></span> <span class='ocrx_word' id='word_1_173' title='bbox 1323 1923 1483 1975; x_wconf 86' lang='lat' dir='ltr'><strong>morti</strong></span> <span class='ocrx_word' id='word_1_174' title='bbox 1545 1922 1680 1977; x_wconf 81' lang='lat' dir='ltr'><strong>vivit</strong></span> <span class='ocrx_word' id='word_1_175' title='bbox 1753 1923 2046 1985; x_wconf 85' lang='lat' dir='ltr'><strong>obnoxius.</strong></span> 
     </span>
    </p>
   </div>
   <div class='ocr_carea' id='block_1_32' title="bbox 2170 1914 3708 1995">
    <p class='ocr_par' dir='ltr' id='par_1_32' title="bbox 2224 1921 3708 1995">
     <span class='ocr_line' id='line_1_32' title="bbox 2224 1921 3708 1995; baseline -0.001 -20"><span class='ocrx_word' id='word_1_176' title='bbox 2224 1923 2286 1976; x_wconf 81' lang='grc' dir='ltr'>Εἰ</span> <span class='ocrx_word' id='word_1_177' title='bbox 2317 1924 2426 1986; x_wconf 78' lang='grc' dir='ltr'>πᾶς</span> <span class='ocrx_word' id='word_1_178' title='bbox 2465 1922 2755 1995; x_wconf 84' lang='grc' dir='ltr'>ἄνθρωπος</span> <span class='ocrx_word' id='word_1_179' title='bbox 2788 1922 3025 1978; x_wconf 82' lang='grc' dir='ltr'>Θανάτου</span> <span class='ocrx_word' id='word_1_180' title='bbox 3054 1923 3278 1993; x_wconf 75' lang='grc' dir='ltr'>ὄφλημα</span> <span class='ocrx_word' id='word_1_181' title='bbox 3308 1922 3583 1993; x_wconf 72' lang='grc' dir='ltr'>τυγχάνει,</span> <span class='ocrx_word' id='word_1_182' title='bbox 3630 1921 3708 1974; x_wconf 79' lang='grc' dir='ltr'>καὶ</span> 
     </span>
    </p>
   </div>
   <div class='ocr_carea' id='block_1_33' title="bbox 478 2013 2053 2087">
    <p class='ocr_par' dir='ltr' id='par_1_33' title="bbox 478 2013 2053 2087">
     <span class='ocr_line' id='line_1_33' title="bbox 478 2013 2053 2087; baseline -0.001 -15"><span class='ocrx_word' id='word_1_183' title='bbox 478 2031 654 2087; x_wconf 92' lang='lat' dir='ltr'><strong>neque</strong></span> <span class='ocrx_word' id='word_1_184' title='bbox 677 2014 795 2069; x_wconf 82' lang='lat' dir='ltr'><strong>fieri</strong></span> <span class='ocrx_word' id='word_1_185' title='bbox 818 2014 991 2084; x_wconf 85' lang='lat' dir='ltr'><strong>possit</strong></span> <span class='ocrx_word' id='word_1_186' title='bbox 1023 2014 1153 2083; x_wconf 90' lang='lat' dir='ltr'><strong>quin</strong></span> <span class='ocrx_word' id='word_1_187' title='bbox 1183 2014 1236 2068; x_wconf 87' lang='lat' dir='ltr'><strong>id</strong></span> <span class='ocrx_word' id='word_1_188' title='bbox 1288 2014 1527 2069; x_wconf 87' lang='lat' dir='ltr'><strong>debitum</strong></span> <span class='ocrx_word' id='word_1_189' title='bbox 1578 2013 1875 2084; x_wconf 86' lang='lat' dir='ltr'><strong>persolvat,</strong></span> <span class='ocrx_word' id='word_1_190' title='bbox 1906 2015 2053 2085; x_wconf 93' lang='lat' dir='ltr'><strong>quod</strong></span> 
     </span>
    </p>
   </div>
   <div class='ocr_carea' id='block_1_34' title="bbox 480 2106 2054 2177">
    <p class='ocr_par' dir='ltr' id='par_1_34' title="bbox 480 2106 2054 2177">
     <span class='ocr_line' id='line_1_34' title="bbox 480 2106 2054 2177; baseline 0 -15"><span class='ocrx_word' id='word_1_191' title='bbox 480 2122 659 2177; x_wconf 87' lang='lat' dir='ltr'><strong>neque</strong></span> <span class='ocrx_word' id='word_1_192' title='bbox 703 2120 838 2172; x_wconf 90' lang='lat' dir='ltr'><strong>rex,</strong></span> <span class='ocrx_word' id='word_1_193' title='bbox 892 2120 1068 2174; x_wconf 90' lang='lat' dir='ltr'><strong>neque</strong></span> <span class='ocrx_word' id='word_1_194' title='bbox 1103 2114 1387 2176; x_wconf 87' lang='lat' dir='ltr'><strong>tyrannus,</strong></span> <span class='ocrx_word' id='word_1_195' title='bbox 1440 2119 1613 2174; x_wconf 90' lang='lat' dir='ltr'><strong>neque</strong></span> <span class='ocrx_word' id='word_1_196' title='bbox 1652 2106 1903 2175; x_wconf 86' lang='lat' dir='ltr'><strong>dynasta,</strong></span> <span class='ocrx_word' id='word_1_197' title='bbox 1951 2122 2054 2163; x_wconf 85' lang='lat' dir='ltr'><strong>nec</strong></span> 
     </span>
    </p>
   </div>
   <div class='ocr_carea' id='block_1_35' title="bbox 482 2197 2057 2270">
    <p class='ocr_par' dir='ltr' id='par_1_35' title="bbox 482 2197 2057 2270">
     <span class='ocr_line' id='line_1_35' title="bbox 482 2197 2057 2270; baseline 0.001 -16"><span class='ocrx_word' id='word_1_198' title='bbox 482 2199 723 2269; x_wconf 83' lang='lat' dir='ltr'><strong>sapiens,</strong></span> <span class='ocrx_word' id='word_1_199' title='bbox 756 2212 857 2254; x_wconf 86' lang='lat' dir='ltr'><strong>nec.</strong></span> <span class='ocrx_word' id='word_1_200' title='bbox 889 2198 1121 2267; x_wconf 87' lang='lat' dir='ltr'><strong>denique</strong></span> <span class='ocrx_word' id='word_1_201' title='bbox 1150 2197 1332 2268; x_wconf 89' lang='lat' dir='ltr'><strong>justus</strong></span> <span class='ocrx_word' id='word_1_202' title='bbox 1368 2198 1542 2267; x_wconf 87' lang='lat' dir='ltr'><strong>possit</strong></span> <span class='ocrx_word' id='word_1_203' title='bbox 1589 2198 1901 2255; x_wconf 86' lang='lat' dir='ltr'><strong>rescindere</strong></span> <span class='ocrx_word' id='word_1_204' title='bbox 1938 2199 2057 2270; x_wconf 87' lang='lat' dir='ltr'><strong>(Dei</strong></span> 
     </span>
    </p>
   </div>
   <div class='ocr_carea' id='block_1_36' title="bbox 479 2287 2055 2361">
    <p class='ocr_par' dir='ltr' id='par_1_36' title="bbox 479 2287 2055 2361">
     <span class='ocr_line' id='line_1_36' title="bbox 479 2287 2055 2361; baseline -0.002 -16"><span class='ocrx_word' id='word_1_205' title='bbox 479 2290 625 2345; x_wconf 89' lang='lat' dir='ltr'><strong>enim</strong></span> <span class='ocrx_word' id='word_1_206' title='bbox 676 2287 942 2344; x_wconf 87' lang='lat' dir='ltr'><strong>sententia</strong></span> <span class='ocrx_word' id='word_1_207' title='bbox 990 2288 1336 2359; x_wconf 88' lang='lat' dir='ltr'><strong>pronuntiata</strong></span> <span class='ocrx_word' id='word_1_208' title='bbox 1387 2302 1577 2344; x_wconf 90' lang='lat' dir='ltr'><strong>omnes</strong></span> <span class='ocrx_word' id='word_1_209' title='bbox 1631 2287 2055 2361; x_wconf 90' lang='lat' dir='ltr'><strong>complectitur),</strong></span> 
     </span>
    </p>
   </div>
   <div class='ocr_carea' id='block_1_37' title="bbox 480 2379 2058 2450">
    <p class='ocr_par' dir='ltr' id='par_1_37' title="bbox 480 2379 2058 2450">
     <span class='ocr_line' id='line_1_37' title="bbox 480 2379 2058 2450; baseline 0 -15"><span class='ocrx_word' id='word_1_210' title='bbox 480 2379 957 2436; x_wconf 91' lang='lat' dir='ltr'><strong>commiseratione</strong></span> <span class='ocrx_word' id='word_1_211' title='bbox 1007 2379 1334 2449; x_wconf 87' lang='lat' dir='ltr'><strong>planctuque</strong></span> <span class='ocrx_word' id='word_1_212' title='bbox 1384 2379 1529 2450; x_wconf 88' lang='lat' dir='ltr'><strong>digni</strong></span> <span class='ocrx_word' id='word_1_213' title='bbox 1580 2380 1778 2449; x_wconf 89' lang='lat' dir='ltr'><strong>quibus</strong></span> <span class='ocrx_word' id='word_1_214' title='bbox 1808 2380 2058 2435; x_wconf 73' lang='lat' dir='ltr'><strong>interitus</strong></span> 
     </span>
    </p>
   </div>
   <div class='ocr_carea' id='block_1_38' title="bbox 479 2468 2059 2540">
    <p class='ocr_par' dir='ltr' id='par_1_38' title="bbox 479 2468 2059 2540">
     <span class='ocr_line' id='line_1_38' title="bbox 479 2468 2059 2540; baseline 0.001 -17"><span class='ocrx_word' id='word_1_215' title='bbox 479 2470 685 2540; x_wconf 63' lang='lat' dir='ltr'><strong>praebet</strong></span> <span class='ocrx_word' id='word_1_216' title='bbox 737 2468 949 2524; x_wconf 90' lang='lat' dir='ltr'><strong>initium</strong></span> <span class='ocrx_word' id='word_1_217' title='bbox 1012 2483 1295 2538; x_wconf 76' lang='lat' dir='ltr'><strong>poenarum</strong></span> <span class='ocrx_word' id='word_1_218' title='bbox 1348 2485 1411 2525; x_wconf 90' lang='lat' dir='ltr'><strong>ac</strong></span> <span class='ocrx_word' id='word_1_219' title='bbox 1456 2468 1871 2539; x_wconf 85' lang='lat' dir='ltr'><strong>suppliciorum.</strong></span> <span class='ocrx_word' id='word_1_220' title='bbox 1947 2470 2059 2525; x_wconf 88' lang='lat' dir='ltr'><strong>lllis</strong></span> 
     </span>
    </p>
   </div>
   <div class='ocr_carea' id='block_1_39' title="bbox 481 2559 2055 2631">
    <p class='ocr_par' dir='ltr' id='par_1_39' title="bbox 481 2559 2055 2631">
     <span class='ocr_line' id='line_1_39' title="bbox 481 2559 2055 2631; baseline 0.001 -16"><span class='ocrx_word' id='word_1_221' title='bbox 481 2569 671 2615; x_wconf 90' lang='lat' dir='ltr'><strong>contra</strong></span> <span class='ocrx_word' id='word_1_222' title='bbox 705 2559 1107 2630; x_wconf 89' lang='lat' dir='ltr'><strong>gratulandum,</strong></span> <span class='ocrx_word' id='word_1_223' title='bbox 1162 2561 1463 2631; x_wconf 90' lang='lat' dir='ltr'><strong>meritoque</strong></span> <span class='ocrx_word' id='word_1_224' title='bbox 1512 2570 1641 2617; x_wconf 93' lang='lat' dir='ltr'><strong>sunt</strong></span> <span class='ocrx_word' id='word_1_225' title='bbox 1686 2562 2055 2631; x_wconf 66' lang='lat' dir='ltr'><strong>praedicandi,</strong></span> 
     </span>
    </p>
   </div>
   <div class='ocr_carea' id='block_1_40' title="bbox 481 2652 2061 2721">
    <p class='ocr_par' dir='ltr' id='par_1_40' title="bbox 481 2652 2061 2721">
     <span class='ocr_line' id='line_1_40' title="bbox 481 2652 2061 2721; baseline 0.004 -18"><span class='ocrx_word' id='word_1_226' title='bbox 481 2666 713 2721; x_wconf 90' lang='lat' dir='ltr'><strong>quorum</strong></span> <span class='ocrx_word' id='word_1_227' title='bbox 750 2652 801 2705; x_wconf 95' lang='lat' dir='ltr'><strong>in</strong></span> <span class='ocrx_word' id='word_1_228' title='bbox 832 2652 1131 2707; x_wconf 86' lang='lat' dir='ltr'><strong>certamine</strong></span> <span class='ocrx_word' id='word_1_229' title='bbox 1152 2666 1408 2708; x_wconf 90' lang='lat' dir='ltr'><strong>excessus</strong></span> <span class='ocrx_word' id='word_1_230' title='bbox 1443 2653 1497 2707; x_wconf 89' lang='lat' dir='ltr'><strong>in</strong></span> <span class='ocrx_word' id='word_1_231' title='bbox 1544 2669 1870 2710; x_wconf 87' lang='lat' dir='ltr'><strong>coronarum</strong></span> <span class='ocrx_word' id='word_1_232' title='bbox 1913 2653 2061 2709; x_wconf 86' lang='lat' dir='ltr'><strong>desi-</strong></span> 
     </span>
    </p>
   </div>
   <div class='ocr_carea' id='block_1_41' title="bbox 468 2744 2060 2815">
    <p class='ocr_par' dir='ltr' id='par_1_41' title="bbox 468 2744 2060 2815">
     <span class='ocr_line' id='line_1_41' title="bbox 468 2744 2060 2815; baseline 0.001 -16"><span class='ocrx_word' id='word_1_233' title='bbox 468 2754 621 2799; x_wconf 86' lang='lat' dir='ltr'><strong>.nunt</strong></span> <span class='ocrx_word' id='word_1_234' title='bbox 660 2745 1041 2815; x_wconf 82' lang='lat' dir='ltr'><strong>principium!</strong></span> <span class='ocrx_word' id='word_1_235' title='bbox 1090 2744 1190 2811; x_wconf 88' lang='lat' dir='ltr'><strong>Qui</strong></span> <span class='ocrx_word' id='word_1_236' title='bbox 1237 2745 1383 2800; x_wconf 91' lang='lat' dir='ltr'><strong>enim</strong></span> <span class='ocrx_word' id='word_1_237' title='bbox 1434 2760 1662 2801; x_wconf 67' lang='lat' dir='ltr'><strong>summa:</strong></span> <span class='ocrx_word' id='word_1_238' title='bbox 1707 2744 2060 2800; x_wconf 88' lang='lat' dir='ltr'><strong>beatitudinis</strong></span> 
     </span>
    </p>
   </div>
   <div class='ocr_carea' id='block_1_42' title="bbox 482 2836 2058 2911">
    <p class='ocr_par' dir='ltr' id='par_1_42' title="bbox 482 2836 2058 2911">
     <span class='ocr_line' id='line_1_42' title="bbox 482 2836 2058 2911; baseline -0.001 -20"><span class='ocrx_word' id='word_1_239' title='bbox 482 2836 774 2893; x_wconf 88' lang='lat' dir='ltr'><strong>terminum</strong></span> <span class='ocrx_word' id='word_1_240' title='bbox 826 2845 1163 2906; x_wconf 88' lang='lat' dir='ltr'><strong>repererunt,</strong></span> <span class='ocrx_word' id='word_1_241' title='bbox 1219 2837 1286 2891; x_wconf 88' lang='lat' dir='ltr'><strong>de</strong></span> <span class='ocrx_word' id='word_1_242' title='bbox 1315 2836 1530 2894; x_wconf 67' lang='lat' dir='ltr'><strong>caneris</strong></span> <span class='ocrx_word' id='word_1_243' title='bbox 1578 2837 1835 2891; x_wconf 88' lang='lat' dir='ltr'><strong>omnibus</strong></span> <span class='ocrx_word' id='word_1_244' title='bbox 1882 2836 2058 2911; x_wconf 89' lang='lat' dir='ltr'><strong>securi</strong></span> 
     </span>
    </p>
   </div>
   <div class='ocr_carea' id='block_1_43' title="bbox 484 2928 2061 2998">
    <p class='ocr_par' dir='ltr' id='par_1_43' title="bbox 484 2928 2061 2998">
     <span class='ocr_line' id='line_1_43' title="bbox 484 2928 2061 2998; baseline -0.001 -15"><span class='ocrx_word' id='word_1_245' title='bbox 484 2929 720 2983; x_wconf 86' lang='lat' dir='ltr'><strong>animam</strong></span> <span class='ocrx_word' id='word_1_246' title='bbox 749 2928 921 2983; x_wconf 87' lang='lat' dir='ltr'><strong>solum</strong></span> <span class='ocrx_word' id='word_1_247' title='bbox 949 2938 1286 2983; x_wconf 80' lang='lat' dir='ltr'><strong>exornarunt</strong></span> <span class='ocrx_word' id='word_1_248' title='bbox 1338 2945 1354 2983; x_wconf 89' lang='lat'><strong>:</strong></span> <span class='ocrx_word' id='word_1_249' title='bbox 1387 2928 1543 2998; x_wconf 91' lang='lat' dir='ltr'><strong>cujus</strong></span> <span class='ocrx_word' id='word_1_250' title='bbox 1582 2929 1748 2983; x_wconf 91' lang='lat' dir='ltr'><strong>etiam</strong></span> <span class='ocrx_word' id='word_1_251' title='bbox 1792 2928 2061 2997; x_wconf 80' lang='lat' dir='ltr'><strong>expiatio-</strong></span> 
     </span>
    </p>
   </div>
   <div class='ocr_carea' id='block_1_44' title="bbox 483 3020 2060 3091">
    <p class='ocr_par' dir='ltr' id='par_1_44' title="bbox 483 3020 2060 3091">
     <span class='ocr_line' id='line_1_44' title="bbox 483 3020 2060 3091; baseline -0.001 -14"><span class='ocrx_word' id='word_1_252' title='bbox 483 3037 609 3077; x_wconf 90' lang='lat' dir='ltr'><strong>nem</strong></span> <span class='ocrx_word' id='word_1_253' title='bbox 641 3022 694 3076; x_wconf 92' lang='lat' dir='ltr'><strong>in</strong></span> <span class='ocrx_word' id='word_1_254' title='bbox 722 3036 780 3076; x_wconf 88' lang='lat' dir='ltr'><strong>se</strong></span> <span class='ocrx_word' id='word_1_255' title='bbox 834 3036 1032 3091; x_wconf 90' lang='lat' dir='ltr'><strong>corpus</strong></span> <span class='ocrx_word' id='word_1_256' title='bbox 1060 3022 1329 3091; x_wconf 88' lang='lat' dir='ltr'><strong>agnoscit,</strong></span> <span class='ocrx_word' id='word_1_257' title='bbox 1369 3024 1513 3091; x_wconf 88' lang='lat' dir='ltr'><strong>quod</strong></span> <span class='ocrx_word' id='word_1_258' title='bbox 1556 3020 1726 3091; x_wconf 85' lang='lat' dir='ltr'><strong>ipsum</strong></span> <span class='ocrx_word' id='word_1_259' title='bbox 1765 3021 1818 3074; x_wconf 91' lang='lat' dir='ltr'><strong>in</strong></span> <span class='ocrx_word' id='word_1_260' title='bbox 1876 3021 2060 3075; x_wconf 90' lang='lat' dir='ltr'><strong>carnis</strong></span> 
     </span>
    </p>
   </div>
   <div class='ocr_carea' id='block_1_45' title="bbox 484 3109 2062 3177">
    <p class='ocr_par' dir='ltr' id='par_1_45' title="bbox 484 3109 2062 3177">
     <span class='ocr_line' id='line_1_45' title="bbox 484 3109 2062 3177; baseline -0.001 -12"><span class='ocrx_word' id='word_1_261' title='bbox 484 3111 886 3166; x_wconf 88' lang='lat' dir='ltr'><strong>resurrectione</strong></span> <span class='ocrx_word' id='word_1_262' title='bbox 916 3113 969 3166; x_wconf 92' lang='lat' dir='ltr'><strong>in</strong></span> <span class='ocrx_word' id='word_1_263' title='bbox 994 3112 1189 3167; x_wconf 90' lang='lat' dir='ltr'><strong>melius</strong></span> <span class='ocrx_word' id='word_1_264' title='bbox 1215 3120 1629 3177; x_wconf 78' lang='lat' dir='ltr'><strong>commutatum,</strong></span> <span class='ocrx_word' id='word_1_265' title='bbox 1662 3110 1857 3165; x_wconf 67' lang='lat' dir='ltr'><strong>anima!</strong></span> <span class='ocrx_word' id='word_1_266' title='bbox 1882 3109 2062 3163; x_wconf 89' lang='lat' dir='ltr'><strong>denuo</strong></span> 
     </span>
    </p>
   </div>
   <div class='ocr_carea' id='block_1_46' title="bbox 484 3202 1981 3273">
    <p class='ocr_par' dir='ltr' id='par_1_46' title="bbox 484 3202 1981 3273">
     <span class='ocr_line' id='line_1_46' title="bbox 484 3202 1981 3273; baseline -0.003 -15"><span class='ocrx_word' id='word_1_267' title='bbox 484 3203 778 3259; x_wconf 87' lang='lat' dir='ltr'><strong>immortali</strong></span> <span class='ocrx_word' id='word_1_268' title='bbox 807 3205 1063 3259; x_wconf 90' lang='lat' dir='ltr'><strong>societate</strong></span> <span class='ocrx_word' id='word_1_269' title='bbox 1103 3204 1371 3273; x_wconf 89' lang='lat' dir='ltr'><strong>junctum,</strong></span> <span class='ocrx_word' id='word_1_270' title='bbox 1402 3202 1572 3259; x_wconf 90' lang='lat' dir='ltr'><strong>vitam</strong></span> <span class='ocrx_word' id='word_1_271' title='bbox 1622 3203 1981 3272; x_wconf 89' lang='lat' dir='ltr'><strong>adipiscetur.</strong></span> 
     </span>
    </p>
   </div>
   <div class='ocr_carea' id='block_1_47' title="bbox 570 3311 1967 3387">
    <p class='ocr_par' dir='ltr' id='par_1_47' title="bbox 570 3311 1967 3387">
     <span class='ocr_line' id='line_1_47' title="bbox 570 3311 1967 3387; baseline -0.004 -17"><span class='ocrx_word' id='word_1_272' title='bbox 570 3313 998 3371; x_wconf 78' lang='lat' dir='ltr'><strong>CCCXCVII.—</strong></span> <span class='ocrx_word' id='word_1_273' title='bbox 1038 3311 1434 3370; x_wconf 81' lang='lat' dir='ltr'><strong>lSCllYRlONl</strong></span> <span class='ocrx_word' id='word_1_274' title='bbox 1468 3312 1967 3387; x_wconf 66' lang='lat' dir='ltr'><strong>PRESBYTERO.</strong></span> 
     </span>
    </p>
   </div>
   <div class='ocr_carea' id='block_1_48' title="bbox 2156 2012 3706 2087">
    <p class='ocr_par' dir='ltr' id='par_1_48' title="bbox 2156 2012 3706 2087">
     <span class='ocr_line' id='line_1_48' title="bbox 2156 2012 3706 2087; baseline -0.001 -20"><span class='ocrx_word' id='word_1_275' title='bbox 2156 2012 2418 2068; x_wconf 85' lang='grc' dir='ltr'>ἀδύνατον</span> <span class='ocrx_word' id='word_1_276' title='bbox 2434 2013 2593 2067; x_wconf 88' lang='grc' dir='ltr'>τοῦτο</span> <span class='ocrx_word' id='word_1_277' title='bbox 2755 2015 3084 2086; x_wconf 81' lang='grc' dir='ltr'>ἀποδοθῆναι</span> <span class='ocrx_word' id='word_1_278' title='bbox 3097 2015 3160 2068; x_wconf 81' lang='grc' dir='ltr'>τὸ</span> <span class='ocrx_word' id='word_1_279' title='bbox 3177 2015 3357 2087; x_wconf 82' lang='grc' dir='ltr'><strong>χρέος,</strong></span> <span class='ocrx_word' id='word_1_280' title='bbox 3377 2015 3407 2067; x_wconf 86' lang='grc' dir='ltr'><strong>ὃ</strong></span> <span class='ocrx_word' id='word_1_281' title='bbox 3428 2016 3557 2085; x_wconf 86' lang='grc' dir='ltr'>μήτε</span> <span class='ocrx_word' id='word_1_282' title='bbox 3575 2013 3706 2082; x_wconf 75' lang='grc' dir='ltr'>βασι-</span> 
     </span>
    </p>
   </div>
   <div class='ocr_carea' id='block_1_49' title="bbox 2155 2107 3709 2179">
    <p class='ocr_par' dir='ltr' id='par_1_49' title="bbox 2155 2107 3709 2179">
     <span class='ocr_line' id='line_1_49' title="bbox 2155 2107 3709 2179; baseline -0.001 -18"><span class='ocrx_word' id='word_1_283' title='bbox 2155 2107 2288 2173; x_wconf 86' lang='grc' dir='ltr'>λεῖς,</span> <span class='ocrx_word' id='word_1_284' title='bbox 2338 2109 2476 2179; x_wconf 85' lang='grc' dir='ltr'>μήτε</span> <span class='ocrx_word' id='word_1_285' title='bbox 2522 2108 2818 2179; x_wconf 79' lang='grc' dir='ltr'>τύραννοι,</span> <span class='ocrx_word' id='word_1_286' title='bbox 2858 2110 2999 2179; x_wconf 89' lang='grc' dir='ltr'>μήτε</span> <span class='ocrx_word' id='word_1_287' title='bbox 3047 2111 3340 2179; x_wconf 82' lang='grc' dir='ltr'>σατράπαι,</span> <span class='ocrx_word' id='word_1_288' title='bbox 3389 2109 3523 2179; x_wconf 85' lang='grc' dir='ltr'>μήτε</span> <span class='ocrx_word' id='word_1_289' title='bbox 3559 2108 3709 2175; x_wconf 74' lang='grc' dir='ltr'>σοφοὶ,</span> 
     </span>
    </p>
   </div>
   <div class='ocr_carea' id='block_1_50' title="bbox 2160 2198 3713 2271">
    <p class='ocr_par' dir='ltr' id='par_1_50' title="bbox 2160 2198 3713 2271">
     <span class='ocr_line' id='line_1_50' title="bbox 2160 2198 3713 2271; baseline -0.002 -19"><span class='ocrx_word' id='word_1_290' title='bbox 2160 2200 2299 2271; x_wconf 86' lang='grc' dir='ltr'>μήτε</span> <span class='ocrx_word' id='word_1_291' title='bbox 2328 2199 2527 2253; x_wconf 89' lang='grc' dir='ltr'>δίκαιοι</span> <span class='ocrx_word' id='word_1_292' title='bbox 2555 2199 2842 2271; x_wconf 79' lang='grc' dir='ltr'>ἀκυρῶσαι</span> <span class='ocrx_word' id='word_1_293' title='bbox 2870 2198 3216 2271; x_wconf 74' lang='grc' dir='ltr'>ἠδυνήθησαν</span> <span class='ocrx_word' id='word_1_294' title='bbox 3259 2198 3421 2269; x_wconf 82' lang='grc' dir='ltr'>(θεία</span> <span class='ocrx_word' id='word_1_295' title='bbox 3463 2198 3565 2269; x_wconf 80' lang='grc' dir='ltr'><strong>γάρ</strong></span> <span class='ocrx_word' id='word_1_296' title='bbox 3588 2200 3713 2249; x_wconf 85' lang='grc' dir='ltr'>ἐστιν</span> 
     </span>
    </p>
   </div>
   <div class='ocr_carea' id='block_1_51' title="bbox 2156 2288 3710 2361">
    <p class='ocr_par' dir='ltr' id='par_1_51' title="bbox 2156 2288 3710 2361">
     <span class='ocr_line' id='line_1_51' title="bbox 2156 2288 3710 2361; baseline -0.002 -18"><span class='ocrx_word' id='word_1_297' title='bbox 2156 2288 2433 2358; x_wconf 83' lang='grc' dir='ltr'>ἀπόφασις</span> <span class='ocrx_word' id='word_1_298' title='bbox 2461 2290 2494 2361; x_wconf 84' lang='grc' dir='ltr'>ἡ</span> <span class='ocrx_word' id='word_1_299' title='bbox 2528 2289 2674 2344; x_wconf 86' lang='grc' dir='ltr'>τοῦτ’</span> <span class='ocrx_word' id='word_1_300' title='bbox 2696 2288 3048 2361; x_wconf 84' lang='grc' dir='ltr'>ἀπαιτοῦσα)’</span> <span class='ocrx_word' id='word_1_301' title='bbox 3078 2290 3206 2353; x_wconf 80' lang='grc' dir='ltr'>τοὺς</span> <span class='ocrx_word' id='word_1_302' title='bbox 3234 2289 3336 2360; x_wconf 89' lang='grc' dir='ltr'><strong>μέν</strong></span> <span class='ocrx_word' id='word_1_303' title='bbox 3354 2289 3543 2353; x_wconf 82' lang='grc' dir='ltr'>ἀλλους</span> <span class='ocrx_word' id='word_1_304' title='bbox 3570 2289 3710 2356; x_wconf 82' lang='grc' dir='ltr'>ἐλεη-</span> 
     </span>
    </p>
   </div>
   <div class='ocr_carea' id='block_1_52' title="bbox 2156 2374 3714 2452">
    <p class='ocr_par' dir='ltr' id='par_1_52' title="bbox 2156 2374 3714 2452">
     <span class='ocr_line' id='line_1_52' title="bbox 2156 2374 3714 2452; baseline 0.001 -21"><span class='ocrx_word' id='word_1_305' title='bbox 2156 2377 2278 2431; x_wconf 88' lang='grc' dir='ltr'>τέον</span> <span class='ocrx_word' id='word_1_306' title='bbox 2321 2378 2418 2433; x_wconf 77' lang='grc' dir='ltr'><strong>καὶ</strong></span> <span class='ocrx_word' id='word_1_307' title='bbox 2468 2378 2802 2450; x_wconf 86' lang='grc' dir='ltr'>θρηνητέον,</span> <span class='ocrx_word' id='word_1_308' title='bbox 2854 2374 2937 2444; x_wconf 75' lang='grc' dir='ltr'><strong>οἷς</strong></span> <span class='ocrx_word' id='word_1_309' title='bbox 2981 2382 3016 2450; x_wconf 84' lang='grc' dir='ltr'>ἡ</span> <span class='ocrx_word' id='word_1_310' title='bbox 3067 2380 3295 2451; x_wconf 81' lang='grc' dir='ltr'>τελευτὴ</span> <span class='ocrx_word' id='word_1_311' title='bbox 3332 2380 3479 2452; x_wconf 75' lang='grc' dir='ltr'>ἀρχὴ</span> <span class='ocrx_word' id='word_1_312' title='bbox 3533 2381 3714 2448; x_wconf 80' lang='grc' dir='ltr'>γίνεται</span> 
     </span>
    </p>
   </div>
   <div class='ocr_carea' id='block_1_53' title="bbox 2157 2470 3713 2543">
    <p class='ocr_par' dir='ltr' id='par_1_53' title="bbox 2157 2470 3713 2543">
     <span class='ocr_line' id='line_1_53' title="bbox 2157 2470 3713 2543; baseline 0 -20"><span class='ocrx_word' id='word_1_313' title='bbox 2157 2470 2472 2542; x_wconf 82' lang='grc' dir='ltr'>τιμωριῶν·</span> <span class='ocrx_word' id='word_1_314' title='bbox 2509 2472 2755 2535; x_wconf 81' lang='grc' dir='ltr'>ἐκείνους</span> <span class='ocrx_word' id='word_1_315' title='bbox 2808 2472 2867 2526; x_wconf 85' lang='grc' dir='ltr'>δὲ</span> <span class='ocrx_word' id='word_1_316' title='bbox 2920 2473 3273 2543; x_wconf 82' lang='grc' dir='ltr'>εὑφημητέον</span> <span class='ocrx_word' id='word_1_317' title='bbox 3318 2474 3419 2526; x_wconf 80' lang='grc' dir='ltr'><strong>καὶ</strong></span> <span class='ocrx_word' id='word_1_318' title='bbox 3456 2474 3713 2543; x_wconf 80' lang='grc' dir='ltr'>ἀνακηρυ-</span> 
     </span>
    </p>
   </div>
   <div class='ocr_carea' id='block_1_54' title="bbox 2159 2557 3715 2636">
    <p class='ocr_par' dir='ltr' id='par_1_54' title="bbox 2159 2557 3715 2636">
     <span class='ocr_line' id='line_1_54' title="bbox 2159 2557 3715 2636; baseline -0.001 -20"><span class='ocrx_word' id='word_1_319' title='bbox 2159 2564 2341 2628; x_wconf 90' lang='grc' dir='ltr'>κτέον,</span> <span class='ocrx_word' id='word_1_320' title='bbox 2399 2557 2475 2618; x_wconf 84' lang='grc' dir='ltr'>ὧν</span> <span class='ocrx_word' id='word_1_321' title='bbox 2514 2563 2788 2636; x_wconf 83' lang='grc' dir='ltr'>ήτελευτὴ</span> <span class='ocrx_word' id='word_1_322' title='bbox 2812 2566 2919 2619; x_wconf 89' lang='grc' dir='ltr'><strong>τῶν</strong></span> <span class='ocrx_word' id='word_1_323' title='bbox 2938 2564 3165 2635; x_wconf 84' lang='grc' dir='ltr'><strong>ἀγώνων</strong></span> <span class='ocrx_word' id='word_1_324' title='bbox 3189 2567 3270 2629; x_wconf 81' lang='grc' dir='ltr'><strong>είς</strong></span> <span class='ocrx_word' id='word_1_325' title='bbox 3297 2564 3401 2636; x_wconf 82' lang='grc' dir='ltr'>τὴν</span> <span class='ocrx_word' id='word_1_326' title='bbox 3430 2565 3595 2635; x_wconf 81' lang='grc' dir='ltr'>ἀρχὴν</span> <span class='ocrx_word' id='word_1_327' title='bbox 3624 2563 3715 2616; x_wconf 83' lang='grc' dir='ltr'><strong>τῶν</strong></span> 
     </span>
    </p>
   </div>
   <div class='ocr_carea' id='block_1_55' title="bbox 2162 2655 3713 2728">
    <p class='ocr_par' dir='ltr' id='par_1_55' title="bbox 2162 2655 3713 2728">
     <span class='ocr_line' id='line_1_55' title="bbox 2162 2655 3713 2728; baseline 0.006 -21"><span class='ocrx_word' id='word_1_328' title='bbox 2162 2655 2442 2723; x_wconf 90' lang='grc' dir='ltr'>στεφάνων</span> <span class='ocrx_word' id='word_1_329' title='bbox 2471 2655 2755 2728; x_wconf 82' lang='grc' dir='ltr'>περιέστη.</span> <span class='ocrx_word' id='word_1_330' title='bbox 2801 2656 2916 2727; x_wconf 84' lang='grc' dir='ltr'><strong>Τῆς</strong></span> <span class='ocrx_word' id='word_1_331' title='bbox 2964 2658 3071 2728; x_wconf 83' lang='grc' dir='ltr'>γὰρ</span> <span class='ocrx_word' id='word_1_332' title='bbox 3114 2657 3291 2727; x_wconf 78' lang='grc' dir='ltr'>ἄκρας</span> <span class='ocrx_word' id='word_1_333' title='bbox 3338 2656 3713 2727; x_wconf 78' lang='grc' dir='ltr'>μακαριότητος</span> 
     </span>
    </p>
   </div>
   <div class='ocr_carea' id='block_1_56' title="bbox 2161 2746 3713 2819">
    <p class='ocr_par' dir='ltr' id='par_1_56' title="bbox 2161 2746 3713 2819">
     <span class='ocr_line' id='line_1_56' title="bbox 2161 2746 3713 2819; baseline -0.001 -21"><span class='ocrx_word' id='word_1_334' title='bbox 2161 2746 2457 2817; x_wconf 82' lang='grc' dir='ltr'>εὑρηκότες</span> <span class='ocrx_word' id='word_1_335' title='bbox 2488 2747 2581 2801; x_wconf 84' lang='grc' dir='ltr'>τὸν</span> <span class='ocrx_word' id='word_1_336' title='bbox 2610 2748 2757 2819; x_wconf 83' lang='grc' dir='ltr'>ὅρον,</span> <span class='ocrx_word' id='word_1_337' title='bbox 2794 2748 2904 2802; x_wconf 87' lang='grc' dir='ltr'><strong>τῶν</strong></span> <span class='ocrx_word' id='word_1_338' title='bbox 2933 2748 3108 2804; x_wconf 82' lang='grc' dir='ltr'>ἀλλων</span> <span class='ocrx_word' id='word_1_339' title='bbox 3138 2750 3403 2803; x_wconf 83' lang='grc' dir='ltr'>ἁπάντων</span> <span class='ocrx_word' id='word_1_340' title='bbox 3434 2746 3713 2815; x_wconf 81' lang='grc' dir='ltr'>ἀμελήσαν-</span> 
     </span>
    </p>
   </div>
   <div class='ocr_carea' id='block_1_57' title="bbox 2160 2836 3713 2912">
    <p class='ocr_par' dir='ltr' id='par_1_57' title="bbox 2160 2836 3713 2912">
     <span class='ocr_line' id='line_1_57' title="bbox 2160 2836 3713 2912; baseline -0.01 -9"><span class='ocrx_word' id='word_1_341' title='bbox 2160 2856 2273 2902; x_wconf 84' lang='grc' dir='ltr'>τες.</span> <span class='ocrx_word' id='word_1_342' title='bbox 2308 2838 2476 2910; x_wconf 82' lang='grc' dir='ltr'>μόνην</span> <span class='ocrx_word' id='word_1_343' title='bbox 2527 2840 2626 2911; x_wconf 84' lang='grc' dir='ltr'>τὴν</span> <span class='ocrx_word' id='word_1_344' title='bbox 2663 2839 2846 2911; x_wconf 76' lang='grc' dir='ltr'>ψυχὴν</span> <span class='ocrx_word' id='word_1_345' title='bbox 2888 2841 3228 2911; x_wconf 89' lang='grc' dir='ltr'>ἐκόσμησαν,</span> <span class='ocrx_word' id='word_1_346' title='bbox 3255 2836 3324 2912; x_wconf 78' lang='grc' dir='ltr'>ἧς</span> <span class='ocrx_word' id='word_1_347' title='bbox 3364 2840 3461 2893; x_wconf 73' lang='grc' dir='ltr'>καὶ</span> <span class='ocrx_word' id='word_1_348' title='bbox 3492 2838 3550 2891; x_wconf 77' lang='grc' dir='ltr'>τὸ</span> <span class='ocrx_word' id='word_1_349' title='bbox 3578 2836 3713 2906; x_wconf 84' lang='grc' dir='ltr'>σῶμα</span> 
     </span>
    </p>
   </div>
   <div class='ocr_carea' id='block_1_58' title="bbox 2160 2930 3707 3004">
    <p class='ocr_par' dir='ltr' id='par_1_58' title="bbox 2160 2930 3707 3004">
     <span class='ocr_line' id='line_1_58' title="bbox 2160 2930 3707 3004; baseline -0.003 -19"><span class='ocrx_word' id='word_1_350' title='bbox 2160 2930 2458 3002; x_wconf 84' lang='grc' dir='ltr'>ἀνάκτορον</span> <span class='ocrx_word' id='word_1_351' title='bbox 2479 2932 2701 3000; x_wconf 78' lang='grc' dir='ltr'>ἁγνείας</span> <span class='ocrx_word' id='word_1_352' title='bbox 2727 2932 3017 3002; x_wconf 86' lang='grc' dir='ltr'>ἀπέφηναν</span> <span class='ocrx_word' id='word_1_353' title='bbox 3035 2949 3049 2962; x_wconf 83' lang='lat'><strong>&#39;</strong></span> <span class='ocrx_word' id='word_1_354' title='bbox 3074 2932 3103 2986; x_wconf 83' lang='grc' dir='ltr'><strong>ὃ</strong></span> <span class='ocrx_word' id='word_1_355' title='bbox 3133 2934 3225 2987; x_wconf 70' lang='grc' dir='ltr'>καὶ</span> <span class='ocrx_word' id='word_1_356' title='bbox 3259 2934 3317 2985; x_wconf 91' lang='grc' dir='ltr'><strong>ἐν</strong></span> <span class='ocrx_word' id='word_1_357' title='bbox 3338 2934 3409 3004; x_wconf 82' lang='grc' dir='ltr'><strong>τῇ</strong></span> <span class='ocrx_word' id='word_1_358' title='bbox 3440 2930 3707 2984; x_wconf 80' lang='grc' dir='ltr'>ἀναστάσει</span> 
     </span>
    </p>
   </div>
   <div class='ocr_carea' id='block_1_59' title="bbox 2161 3019 3714 3097">
    <p class='ocr_par' dir='ltr' id='par_1_59' title="bbox 2161 3019 3714 3097">
     <span class='ocr_line' id='line_1_59' title="bbox 2161 3019 3714 3097; baseline -0.001 -23"><span class='ocrx_word' id='word_1_359' title='bbox 2161 3021 2257 3075; x_wconf 79' lang='grc' dir='ltr'>ἐπὶ</span> <span class='ocrx_word' id='word_1_360' title='bbox 2289 3022 2351 3077; x_wconf 81' lang='grc' dir='ltr'>τὸ</span> <span class='ocrx_word' id='word_1_361' title='bbox 2380 3024 2629 3095; x_wconf 87' lang='grc' dir='ltr'>κρεῖττον</span> <span class='ocrx_word' id='word_1_362' title='bbox 2665 3023 3104 3096; x_wconf 87' lang='grc' dir='ltr'>μετακοσμηθέν,</span> <span class='ocrx_word' id='word_1_363' title='bbox 3136 3026 3206 3097; x_wconf 81' lang='grc' dir='ltr'><strong>τῇ</strong></span> <span class='ocrx_word' id='word_1_364' title='bbox 3230 3023 3383 3095; x_wconf 84' lang='grc' dir='ltr'>ψυχῇ</span> <span class='ocrx_word' id='word_1_365' title='bbox 3416 3022 3513 3095; x_wconf 80' lang='grc' dir='ltr'>τὴν</span> <span class='ocrx_word' id='word_1_366' title='bbox 3540 3019 3714 3076; x_wconf 80' lang='grc' dir='ltr'>ἀθάνα-</span> 
     </span>
    </p>
   </div>
   <div class='ocr_carea' id='block_1_60' title="bbox 2160 3114 2725 3187">
    <p class='ocr_par' dir='ltr' id='par_1_60' title="bbox 2160 3114 2725 3187">
     <span class='ocr_line' id='line_1_60' title="bbox 2160 3114 2725 3187; baseline 0.004 -20"><span class='ocrx_word' id='word_1_367' title='bbox 2160 3131 2253 3167; x_wconf 92' lang='grc' dir='ltr'><strong>τον</strong></span> <span class='ocrx_word' id='word_1_368' title='bbox 2288 3116 2420 3185; x_wconf 75' lang='grc' dir='ltr'>συζή</span> <span class='ocrx_word' id='word_1_369' title='bbox 2430 3132 2509 3169; x_wconf 84' lang='grc' dir='ltr'><strong>σει</strong></span> <span class='ocrx_word' id='word_1_370' title='bbox 2549 3114 2725 3187; x_wconf 75' lang='grc' dir='ltr'>ζωήν.</span> 
     </span>
    </p>
   </div>
   <div class='ocr_carea' id='block_1_61' title="bbox 2380 3309 3535 3390">
    <p class='ocr_par' dir='ltr' id='par_1_61' title="bbox 2380 3309 3535 3390">
     <span class='ocr_line' id='line_1_61' title="bbox 2380 3309 3535 3390; baseline 0.008 -25"><span class='ocrx_word' id='word_1_371' title='bbox 2380 3309 2542 3378; x_wconf 63' lang='grc' dir='ltr'><strong>τιιῖο.</strong></span> <span class='ocrx_word' id='word_1_372' title='bbox 2572 3342 2641 3352; x_wconf 92' lang='grc'><strong>-</strong></span> <span class='ocrx_word' id='word_1_373' title='bbox 2671 3312 3020 3369; x_wconf 76' lang='grc' dir='ltr'>ιΣΧΥΡωΝι</span> <span class='ocrx_word' id='word_1_374' title='bbox 3060 3310 3535 3390; x_wconf 63' lang='lat' dir='ltr'><strong>unaunam.</strong></span> 
     </span>
    </p>
   </div>
   <div class='ocr_carea' id='block_1_62' title="bbox 1594 3404 2632 3474">
    <p class='ocr_par' dir='ltr' id='par_1_62' title="bbox 1594 3404 2632 3474">
     <span class='ocr_line' id='line_1_62' title="bbox 1594 3404 2632 3474; baseline 0 -15"><span class='ocrx_word' id='word_1_375' title='bbox 1594 3405 1700 3472; x_wconf 86' lang='lat' dir='ltr'><strong>Qui</strong></span> <span class='ocrx_word' id='word_1_376' title='bbox 1725 3406 1781 3459; x_wconf 87' lang='lat' dir='ltr'><strong>in</strong></span> <span class='ocrx_word' id='word_1_377' title='bbox 1818 3407 1921 3459; x_wconf 69' lang='lat' dir='ltr'><strong>uita</strong></span> <span class='ocrx_word' id='word_1_378' title='bbox 1946 3404 2214 3474; x_wconf 77' lang='lat' dir='ltr'><strong>fugiendi;</strong></span> <span class='ocrx_word' id='word_1_379' title='bbox 2243 3404 2336 3473; x_wconf 82' lang='lat' dir='ltr'><strong>qui</strong></span> <span class='ocrx_word' id='word_1_380' title='bbox 2365 3405 2632 3474; x_wconf 80' lang='lat' dir='ltr'><strong>sequendi.</strong></span> 
     </span>
    </p>
   </div>
   <div class='ocr_carea' id='block_1_63' title="bbox 556 3513 2061 3586">
    <p class='ocr_par' dir='ltr' id='par_1_63' title="bbox 556 3513 2061 3586">
     <span class='ocr_line' id='line_1_63' title="bbox 556 3513 2061 3586; baseline -0.005 -15"><span class='ocrx_word' id='word_1_381' title='bbox 556 3514 787 3585; x_wconf 85' lang='lat' dir='ltr'><strong>Fugere,</strong></span> <span class='ocrx_word' id='word_1_382' title='bbox 815 3514 902 3570; x_wconf 89' lang='lat' dir='ltr'><strong>vir</strong></span> <span class='ocrx_word' id='word_1_383' title='bbox 947 3517 1171 3586; x_wconf 90' lang='lat' dir='ltr'><strong>optime,</strong></span> <span class='ocrx_word' id='word_1_384' title='bbox 1217 3513 1493 3586; x_wconf 91' lang='lat' dir='ltr'><strong>improbos</strong></span> <span class='ocrx_word' id='word_1_385' title='bbox 1534 3514 1808 3578; x_wconf 90' lang='lat' dir='ltr'><strong>convenit,</strong></span> <span class='ocrx_word' id='word_1_386' title='bbox 1846 3528 1910 3567; x_wconf 92' lang='lat' dir='ltr'><strong>ac</strong></span> <span class='ocrx_word' id='word_1_387' title='bbox 1936 3527 2061 3581; x_wconf 81' lang='lat' dir='ltr'><strong>per-</strong></span> 
     </span>
    </p>
   </div>
   <div class='ocr_carea' id='block_1_64' title="bbox 485 3606 2065 3678">
    <p class='ocr_par' dir='ltr' id='par_1_64' title="bbox 485 3606 2065 3678">
     <span class='ocr_line' id='line_1_64' title="bbox 485 3606 2065 3678; baseline -0.001 -16"><span class='ocrx_word' id='word_1_388' title='bbox 485 3617 801 3678; x_wconf 89' lang='lat' dir='ltr'><strong>sequentes,</strong></span> <span class='ocrx_word' id='word_1_389' title='bbox 863 3608 965 3663; x_wconf 87' lang='lat' dir='ltr'><strong>nisi</strong></span> <span class='ocrx_word' id='word_1_390' title='bbox 1044 3609 1388 3678; x_wconf 88' lang='lat' dir='ltr'><strong>resipiscant,</strong></span> <span class='ocrx_word' id='word_1_391' title='bbox 1447 3608 1808 3676; x_wconf 89' lang='lat' dir='ltr'><strong>desinantque</strong></span> <span class='ocrx_word' id='word_1_392' title='bbox 1892 3606 2065 3660; x_wconf 86' lang='lat' dir='ltr'><strong>bonos</strong></span> 
     </span>
    </p>
   </div>
   <div class='ocr_carea' id='block_1_65' title="bbox 488 3695 2063 3768">
    <p class='ocr_par' dir='ltr' id='par_1_65' title="bbox 488 3695 2063 3768">
     <span class='ocr_line' id='line_1_65' title="bbox 488 3695 2063 3768; baseline -0.001 -17"><span class='ocrx_word' id='word_1_393' title='bbox 488 3698 739 3768; x_wconf 87' lang='lat' dir='ltr'><strong>persequi</strong></span> <span class='ocrx_word' id='word_1_394' title='bbox 775 3706 938 3766; x_wconf 85' lang='lat' dir='ltr'><strong>atque</strong></span> <span class='ocrx_word' id='word_1_395' title='bbox 991 3697 1226 3753; x_wconf 85' lang='lat' dir='ltr'><strong>exsules.</strong></span> <span class='ocrx_word' id='word_1_396' title='bbox 1258 3697 1413 3764; x_wconf 84' lang='lat' dir='ltr'><strong>Quod</strong></span> <span class='ocrx_word' id='word_1_397' title='bbox 1443 3697 1490 3753; x_wconf 89' lang='lat' dir='ltr'><strong>si</strong></span> <span class='ocrx_word' id='word_1_398' title='bbox 1542 3704 1818 3762; x_wconf 86' lang='lat' dir='ltr'><strong>recusent,</strong></span> <span class='ocrx_word' id='word_1_399' title='bbox 1856 3695 2063 3751; x_wconf 81' lang='lat' dir='ltr'><strong>vitandi</strong></span> 
     </span>
    </p>
   </div>
   <div class='ocr_carea' id='block_1_66' title="bbox 490 3799 637 3844">
    <p class='ocr_par' dir='ltr' id='par_1_66' title="bbox 490 3799 637 3844">
     <span class='ocr_line' id='line_1_66' title="bbox 490 3799 637 3844; baseline -0.007 0"><span class='ocrx_word' id='word_1_400' title='bbox 490 3799 637 3844; x_wconf 83' lang='lat' dir='ltr'><strong>sunt.</strong></span> 
     </span>
    </p>
   </div>
   <div class='ocr_carea' id='block_1_67' title="bbox 585 3892 1962 3954">
    <p class='ocr_par' dir='ltr' id='par_1_67' title="bbox 585 3892 1962 3954">
     <span class='ocr_line' id='line_1_67' title="bbox 585 3892 1962 3954; baseline 0 -4"><span class='ocrx_word' id='word_1_401' title='bbox 585 3892 948 3954; x_wconf 79' lang='lat' dir='ltr'><strong>CCCXCVIII.</strong></span> <span class='ocrx_word' id='word_1_402' title='bbox 970 3924 1041 3937; x_wconf 86' lang='lat'><strong>—-</strong></span> <span class='ocrx_word' id='word_1_403' title='bbox 1061 3894 1452 3954; x_wconf 81' lang='lat' dir='ltr'><strong>THEODOSIO</strong></span> <span class='ocrx_word' id='word_1_404' title='bbox 1477 3892 1962 3951; x_wconf 78' lang='lat' dir='ltr'><strong>PRESBYTERO.</strong></span> 
     </span>
    </p>
   </div>
   <div class='ocr_carea' id='block_1_68' title="bbox 2230 3505 3711 3587">
    <p class='ocr_par' dir='ltr' id='par_1_68' title="bbox 2230 3505 3711 3587">
     <span class='ocr_line' id='line_1_68' title="bbox 2230 3505 3711 3587; baseline 0.005 -24"><span class='ocrx_word' id='word_1_405' title='bbox 2230 3508 2455 3579; x_wconf 81' lang='grc' dir='ltr'>Φεύγειν</span> <span class='ocrx_word' id='word_1_406' title='bbox 2480 3510 2606 3581; x_wconf 83' lang='grc' dir='ltr'>χρὴ.</span> <span class='ocrx_word' id='word_1_407' title='bbox 2633 3505 2678 3565; x_wconf 79' lang='grc' dir='ltr'><strong>ὣ</strong></span> <span class='ocrx_word' id='word_1_408' title='bbox 2710 3511 2981 3582; x_wconf 84' lang='grc' dir='ltr'>βέλτιστε,</span> <span class='ocrx_word' id='word_1_409' title='bbox 3001 3514 3128 3578; x_wconf 79' lang='grc' dir='ltr'>τοὺς</span> <span class='ocrx_word' id='word_1_410' title='bbox 3158 3516 3458 3587; x_wconf 79' lang='grc' dir='ltr'>πονηροὺς,</span> <span class='ocrx_word' id='word_1_411' title='bbox 3488 3519 3577 3570; x_wconf 71' lang='grc' dir='ltr'><strong>καὶ</strong></span> <span class='ocrx_word' id='word_1_412' title='bbox 3603 3517 3711 3570; x_wconf 81' lang='grc' dir='ltr'>διώ-</span> 
     </span>
    </p>
   </div>
   <div class='ocr_carea' id='block_1_69' title="bbox 2161 3602 3720 3677">
    <p class='ocr_par' dir='ltr' id='par_1_69' title="bbox 2161 3602 3720 3677">
     <span class='ocr_line' id='line_1_69' title="bbox 2161 3602 3720 3677; baseline 0.003 -21"><span class='ocrx_word' id='word_1_413' title='bbox 2161 3618 2391 3665; x_wconf 89' lang='grc' dir='ltr'>κοντας·</span> <span class='ocrx_word' id='word_1_414' title='bbox 2425 3603 2474 3655; x_wconf 91' lang='grc' dir='ltr'><strong>εί</strong></span> <span class='ocrx_word' id='word_1_415' title='bbox 2522 3602 2598 3675; x_wconf 81' lang='grc' dir='ltr'>μὴ</span> <span class='ocrx_word' id='word_1_416' title='bbox 2636 3603 2913 3674; x_wconf 86' lang='grc' dir='ltr'>βούλοιντο</span> <span class='ocrx_word' id='word_1_417' title='bbox 2942 3611 3341 3677; x_wconf 84' lang='grc' dir='ltr'>γνωσιμαχεῖν·</span> <span class='ocrx_word' id='word_1_418' title='bbox 3395 3609 3491 3661; x_wconf 76' lang='grc' dir='ltr'>καὶ</span> <span class='ocrx_word' id='word_1_419' title='bbox 3530 3608 3720 3662; x_wconf 84' lang='grc' dir='ltr'>διώκειν</span> 
     </span>
    </p>
   </div>
   <div class='ocr_carea' id='block_1_70' title="bbox 2161 3693 3714 3772">
    <p class='ocr_par' dir='ltr' id='par_1_70' title="bbox 2161 3693 3714 3772">
     <span class='ocr_line' id='line_1_70' title="bbox 2161 3693 3714 3772; baseline 0.004 -25"><span class='ocrx_word' id='word_1_420' title='bbox 2161 3693 2288 3758; x_wconf 81' lang='grc' dir='ltr'>τοὺς</span> <span class='ocrx_word' id='word_1_421' title='bbox 2320 3694 2589 3764; x_wconf 81' lang='grc' dir='ltr'>ἀγαθοὺς,</span> <span class='ocrx_word' id='word_1_422' title='bbox 2628 3697 2724 3751; x_wconf 81' lang='grc' dir='ltr'>καὶ</span> <span class='ocrx_word' id='word_1_423' title='bbox 2770 3697 3093 3767; x_wconf 81' lang='grc' dir='ltr'>φεύγοντας,</span> <span class='ocrx_word' id='word_1_424' title='bbox 3144 3700 3195 3753; x_wconf 82' lang='grc' dir='ltr'><strong>εί</strong></span> <span class='ocrx_word' id='word_1_425' title='bbox 3228 3702 3434 3772; x_wconf 82' lang='grc' dir='ltr'>καὶμὴ</span> <span class='ocrx_word' id='word_1_426' title='bbox 3472 3700 3714 3771; x_wconf 83' lang='grc' dir='ltr'>βούλοιντο</span> 
     </span>
    </p>
   </div>
   <div class='ocr_carea' id='block_1_71' title="bbox 2163 3786 2415 3857">
    <p class='ocr_par' dir='ltr' id='par_1_71' title="bbox 2163 3786 2415 3857">
     <span class='ocr_line' id='line_1_71' title="bbox 2163 3786 2415 3857; baseline 0.004 -19"><span class='ocrx_word' id='word_1_427' title='bbox 2163 3786 2198 3856; x_wconf 80' lang='grc' dir='ltr'><strong>η</strong></span> <span class='ocrx_word' id='word_1_428' title='bbox 2208 3787 2415 3857; x_wconf 86' lang='grc' dir='ltr'>ρεμεῖν.</span> 
     </span>
    </p>
   </div>
   <div class='ocr_carea' id='block_1_72' title="bbox 2382 3894 3535 3970">
    <p class='ocr_par' dir='ltr' id='par_1_72' title="bbox 2382 3894 3535 3970">
     <span class='ocr_line' id='line_1_72' title="bbox 2382 3894 3535 3970; baseline 0.006 -23"><span class='ocrx_word' id='word_1_429' title='bbox 2382 3894 2551 3961; x_wconf 64' lang='lat' dir='ltr'><strong>Tur.</strong></span> <span class='ocrx_word' id='word_1_430' title='bbox 2599 3924 2665 3941; x_wconf 79' lang='grc'><strong>.-</strong></span> <span class='ocrx_word' id='word_1_431' title='bbox 2700 3894 3028 3968; x_wconf 80' lang='grc' dir='ltr'><strong>ΘΕΟΔΟΣΙῼ</strong></span> <span class='ocrx_word' id='word_1_432' title='bbox 3057 3897 3535 3970; x_wconf 74' lang='grc' dir='ltr'><strong>ηΡΕΣΒΥτΕΡᾳ.</strong></span> 
     </span>
    </p>
   </div>
   <div class='ocr_carea' id='block_1_73' title="bbox 487 4003 3722 4082">
    <p class='ocr_par' dir='ltr' id='par_1_73' title="bbox 487 4003 3722 4082">
     <span class='ocr_line' id='line_1_73' title="bbox 487 4003 3722 4082; baseline 0.002 -24"><span class='ocrx_word' id='word_1_433' title='bbox 487 4003 568 4060; x_wconf 82' lang='lat' dir='ltr'><strong>De</strong></span> <span class='ocrx_word' id='word_1_434' title='bbox 596 4003 730 4060; x_wconf 85' lang='lat' dir='ltr'><strong>bona</strong></span> <span class='ocrx_word' id='word_1_435' title='bbox 751 4006 1039 4075; x_wconf 64' lang='lat' dir='ltr'><strong>patientiae,</strong></span> <span class='ocrx_word' id='word_1_436' title='bbox 1076 4006 1135 4061; x_wconf 89' lang='lat' dir='ltr'><strong>in</strong></span> <span class='ocrx_word' id='word_1_437' title='bbox 1160 4008 1520 4075; x_wconf 77' lang='lat' dir='ltr'><strong>persecutione</strong></span> <span class='ocrx_word' id='word_1_438' title='bbox 1551 4008 1678 4079; x_wconf 82' lang='lat' dir='ltr'><strong>quid</strong></span> <span class='ocrx_word' id='word_1_439' title='bbox 1705 4008 1990 4082; x_wconf 84' lang='lat' dir='ltr'><strong>agendum.</strong></span> <span class='ocrx_word' id='word_1_440' title='bbox 2027 4004 2511 4082; x_wconf 63' lang='lat' dir='ltr'><strong>Praeclarumcsse</strong></span> <span class='ocrx_word' id='word_1_441' title='bbox 2554 4008 2786 4079; x_wconf 82' lang='lat' dir='ltr'><strong>injurias</strong></span> <span class='ocrx_word' id='word_1_442' title='bbox 2825 4012 3083 4065; x_wconf 84' lang='lat' dir='ltr'><strong>vatienter</strong></span> <span class='ocrx_word' id='word_1_443' title='bbox 3110 4012 3274 4079; x_wconf 81' lang='lat' dir='ltr'><strong>ferre,</strong></span> <span class='ocrx_word' id='word_1_444' title='bbox 3305 4022 3361 4065; x_wconf 87' lang='lat' dir='ltr'><strong>at</strong></span> <span class='ocrx_word' id='word_1_445' title='bbox 3397 4029 3491 4082; x_wconf 85' lang='lat' dir='ltr'><strong>pro</strong></span> <span class='ocrx_word' id='word_1_446' title='bbox 3527 4012 3722 4067; x_wconf 80' lang='lat' dir='ltr'><strong>inimicis</strong></span> 
     </span>
    </p>
   </div>
   <div class='ocr_carea' id='block_1_74' title="bbox 1685 4075 2551 4146">
    <p class='ocr_par' dir='ltr' id='par_1_74' title="bbox 1685 4075 2551 4146">
     <span class='ocr_line' id='line_1_74' title="bbox 1685 4075 2551 4146; baseline -0.002 -13"><span class='ocrx_word' id='word_1_447' title='bbox 1685 4081 1848 4133; x_wconf 84' lang='lat' dir='ltr'><strong>etiam</strong></span> <span class='ocrx_word' id='word_1_448' title='bbox 1872 4093 2026 4131; x_wconf 85' lang='lat' dir='ltr'><strong>orare</strong></span> <span class='ocrx_word' id='word_1_449' title='bbox 2055 4075 2205 4146; x_wconf 87' lang='lat' dir='ltr'><strong>longe</strong></span> <span class='ocrx_word' id='word_1_450' title='bbox 2236 4080 2551 4136; x_wconf 72' lang='lat' dir='ltr'><strong>maximum.</strong></span> 
     </span>
    </p>
   </div>
   <div class='ocr_carea' id='block_1_75' title="bbox 559 4184 2059 4258">
    <p class='ocr_par' dir='ltr' id='par_1_75' title="bbox 559 4184 2059 4258">
     <span class='ocr_line' id='line_1_75' title="bbox 559 4184 2059 4258; baseline 0.001 -18"><span class='ocrx_word' id='word_1_451' title='bbox 559 4185 736 4241; x_wconf 87' lang='lat' dir='ltr'><strong>Probe</strong></span> <span class='ocrx_word' id='word_1_452' title='bbox 793 4186 916 4241; x_wconf 89' lang='lat' dir='ltr'><strong>novi</strong></span> <span class='ocrx_word' id='word_1_453' title='bbox 964 4185 1139 4256; x_wconf 90' lang='lat' dir='ltr'><strong>ipsam</strong></span> <span class='ocrx_word' id='word_1_454' title='bbox 1194 4184 1517 4256; x_wconf 91' lang='lat' dir='ltr'><strong>injuriarum</strong></span> <span class='ocrx_word' id='word_1_455' title='bbox 1586 4186 2059 4258; x_wconf 88' lang='lat' dir='ltr'><strong>improbitatisque</strong></span> 
     </span>
    </p>
   </div>
   <div class='ocr_carea' id='block_1_76' title="bbox 490 4278 2061 4351">
    <p class='ocr_par' dir='ltr' id='par_1_76' title="bbox 490 4278 2061 4351">
     <span class='ocr_line' id='line_1_76' title="bbox 490 4278 2061 4351; baseline 0.001 -20"><span class='ocrx_word' id='word_1_456' title='bbox 490 4278 681 4333; x_wconf 63' lang='lat' dir='ltr'><strong>alienae</strong></span> <span class='ocrx_word' id='word_1_457' title='bbox 715 4278 1083 4346; x_wconf 86' lang='lat' dir='ltr'><strong>tolerantiam,</strong></span> <span class='ocrx_word' id='word_1_458' title='bbox 1128 4288 1184 4334; x_wconf 89' lang='lat' dir='ltr'><strong>et</strong></span> <span class='ocrx_word' id='word_1_459' title='bbox 1224 4280 1277 4335; x_wconf 91' lang='lat' dir='ltr'><strong>in</strong></span> <span class='ocrx_word' id='word_1_460' title='bbox 1322 4281 1427 4335; x_wconf 88' lang='lat' dir='ltr'><strong>hac</strong></span> <span class='ocrx_word' id='word_1_461' title='bbox 1453 4280 1563 4334; x_wconf 88' lang='lat' dir='ltr'><strong>vita</strong></span> <span class='ocrx_word' id='word_1_462' title='bbox 1591 4280 1819 4351; x_wconf 87' lang='lat' dir='ltr'><strong>gloriam</strong></span> <span class='ocrx_word' id='word_1_463' title='bbox 1846 4293 2061 4345; x_wconf 90' lang='lat' dir='ltr'><strong>parere,</strong></span> 
     </span>
    </p>
   </div>
   <div class='ocr_carea' id='block_1_77' title="bbox 494 4372 2069 4430">
    <p class='ocr_par' dir='ltr' id='par_1_77' title="bbox 494 4372 2069 4430">
     <span class='ocr_line' id='line_1_77' title="bbox 494 4372 2069 4430; baseline 0.001 -5"><span class='ocrx_word' id='word_1_464' title='bbox 494 4381 607 4426; x_wconf 90' lang='lat' dir='ltr'><strong>tum</strong></span> <span class='ocrx_word' id='word_1_465' title='bbox 644 4372 694 4427; x_wconf 92' lang='lat' dir='ltr'><strong>in</strong></span> <span class='ocrx_word' id='word_1_466' title='bbox 722 4372 891 4428; x_wconf 85' lang='lat' dir='ltr'><strong>altera</strong></span> <span class='ocrx_word' id='word_1_467' title='bbox 938 4374 1104 4429; x_wconf 91' lang='lat' dir='ltr'><strong>decus</strong></span> <span class='ocrx_word' id='word_1_468' title='bbox 1149 4388 1269 4430; x_wconf 88' lang='lat' dir='ltr'><strong>esse</strong></span> <span class='ocrx_word' id='word_1_469' title='bbox 1292 4373 1576 4428; x_wconf 90' lang='lat' dir='ltr'><strong>allaturam</strong></span> <span class='ocrx_word' id='word_1_470' title='bbox 1630 4374 1946 4430; x_wconf 87' lang='lat' dir='ltr'><strong>maximum.</strong></span> <span class='ocrx_word' id='word_1_471' title='bbox 1980 4372 2069 4427; x_wconf 84' lang='lat' dir='ltr'><strong>ln-</strong></span> 
     </span>
    </p>
   </div>
   <div class='ocr_carea' id='block_1_78' title="bbox 490 4466 2065 4537">
    <p class='ocr_par' dir='ltr' id='par_1_78' title="bbox 490 4466 2065 4537">
     <span class='ocr_line' id='line_1_78' title="bbox 490 4466 2065 4537; baseline 0 -18"><span class='ocrx_word' id='word_1_472' title='bbox 490 4466 665 4537; x_wconf 90' lang='lat' dir='ltr'><strong>jurias</strong></span> <span class='ocrx_word' id='word_1_473' title='bbox 698 4482 827 4523; x_wconf 89' lang='lat' dir='ltr'><strong>vero</strong></span> <span class='ocrx_word' id='word_1_474' title='bbox 862 4468 1081 4522; x_wconf 78' lang='lat' dir='ltr'><strong>facienti</strong></span> <span class='ocrx_word' id='word_1_475' title='bbox 1126 4482 1191 4522; x_wconf 92' lang='lat' dir='ltr'><strong>ac</strong></span> <span class='ocrx_word' id='word_1_476' title='bbox 1222 4467 1435 4521; x_wconf 65' lang='lat' dir='ltr'><strong>laedenti</strong></span> <span class='ocrx_word' id='word_1_477' title='bbox 1464 4467 1668 4537; x_wconf 89' lang='lat' dir='ltr'><strong>gratias</strong></span> <span class='ocrx_word' id='word_1_478' title='bbox 1713 4481 1912 4537; x_wconf 85' lang='lat' dir='ltr'><strong>agere;</strong></span> <span class='ocrx_word' id='word_1_479' title='bbox 1952 4481 2065 4521; x_wconf 90' lang='lat' dir='ltr'><strong>rem</strong></span> 
     </span>
    </p>
   </div>
   <div class='ocr_carea' id='block_1_79' title="bbox 2248 4185 3723 4260">
    <p class='ocr_par' dir='ltr' id='par_1_79' title="bbox 2248 4185 3723 4260">
     <span class='ocr_line' id='line_1_79' title="bbox 2248 4185 3723 4260; baseline 0.001 -22"><span class='ocrx_word' id='word_1_480' title='bbox 2248 4185 2372 4238; x_wconf 89' lang='grc' dir='ltr'>Ὅτι</span> <span class='ocrx_word' id='word_1_481' title='bbox 2418 4186 2518 4256; x_wconf 84' lang='grc' dir='ltr'>μὲν</span> <span class='ocrx_word' id='word_1_482' title='bbox 2557 4187 2620 4241; x_wconf 82' lang='grc' dir='ltr'>τὸ</span> <span class='ocrx_word' id='word_1_483' title='bbox 2666 4186 2767 4253; x_wconf 81' lang='grc' dir='ltr'><strong>τὰς</strong></span> <span class='ocrx_word' id='word_1_484' title='bbox 2810 4187 3001 4258; x_wconf 83' lang='grc' dir='ltr'>ῦϐρεις</span> <span class='ocrx_word' id='word_1_485' title='bbox 3030 4190 3259 4254; x_wconf 80' lang='grc' dir='ltr'>καὶτὰς</span> <span class='ocrx_word' id='word_1_486' title='bbox 3303 4189 3520 4253; x_wconf 82' lang='grc' dir='ltr'>ἀδικίας</span> <span class='ocrx_word' id='word_1_487' title='bbox 3544 4190 3723 4260; x_wconf 85' lang='grc' dir='ltr'>φέρειν,</span> 
     </span>
    </p>
   </div>
   <div class='ocr_carea' id='block_1_80' title="bbox 2175 4276 3727 4351">
    <p class='ocr_par' dir='ltr' id='par_1_80' title="bbox 2175 4276 3727 4351">
     <span class='ocr_line' id='line_1_80' title="bbox 2175 4276 3727 4351; baseline 0.003 -22"><span class='ocrx_word' id='word_1_488' title='bbox 2175 4276 2457 4331; x_wconf 87' lang='grc' dir='ltr'>κάνταῦθα</span> <span class='ocrx_word' id='word_1_489' title='bbox 2512 4278 2614 4348; x_wconf 87' lang='grc' dir='ltr'>μὲν</span> <span class='ocrx_word' id='word_1_490' title='bbox 2646 4278 2804 4351; x_wconf 82' lang='grc' dir='ltr'>φέρει</span> <span class='ocrx_word' id='word_1_491' title='bbox 2838 4280 3019 4345; x_wconf 82' lang='grc' dir='ltr'>δόξαν,</span> <span class='ocrx_word' id='word_1_492' title='bbox 3070 4282 3296 4336; x_wconf 86' lang='grc' dir='ltr'>κάκεῖσε</span> <span class='ocrx_word' id='word_1_493' title='bbox 3324 4282 3385 4337; x_wconf 76' lang='grc' dir='ltr'>δὲ</span> <span class='ocrx_word' id='word_1_494' title='bbox 3422 4282 3573 4346; x_wconf 86' lang='grc' dir='ltr'>κλέος</span> <span class='ocrx_word' id='word_1_495' title='bbox 3610 4282 3727 4334; x_wconf 77' lang='grc' dir='ltr'>οἴσει</span> 
     </span>
    </p>
   </div>
   <div class='ocr_carea' id='block_1_81' title="bbox 2178 4364 3725 4441">
    <p class='ocr_par' dir='ltr' id='par_1_81' title="bbox 2178 4364 3725 4441">
     <span class='ocr_line' id='line_1_81' title="bbox 2178 4364 3725 4441; baseline 0.002 -23"><span class='ocrx_word' id='word_1_496' title='bbox 2178 4364 2455 4435; x_wconf 83' lang='grc' dir='ltr'>μέγιστον,</span> <span class='ocrx_word' id='word_1_497' title='bbox 2484 4367 2630 4438; x_wconf 86' lang='grc' dir='ltr'>μάλα</span> <span class='ocrx_word' id='word_1_498' title='bbox 2651 4369 2894 4441; x_wconf 87' lang='grc' dir='ltr'>ἀκριϐῶς</span> <span class='ocrx_word' id='word_1_499' title='bbox 2919 4365 3039 4423; x_wconf 87' lang='grc' dir='ltr'>οἶδα</span> <span class='ocrx_word' id='word_1_500' title='bbox 3057 4384 3072 4400; x_wconf 83' lang='lat'><strong><em>°</em></strong></span> <span class='ocrx_word' id='word_1_501' title='bbox 3103 4371 3185 4424; x_wconf 80' lang='grc' dir='ltr'>ὅτι</span> <span class='ocrx_word' id='word_1_502' title='bbox 3207 4370 3263 4426; x_wconf 82' lang='grc' dir='ltr'>δὲ</span> <span class='ocrx_word' id='word_1_503' title='bbox 3293 4371 3353 4424; x_wconf 77' lang='grc' dir='ltr'>τὸ</span> <span class='ocrx_word' id='word_1_504' title='bbox 3379 4372 3571 4425; x_wconf 83' lang='grc' dir='ltr'>εἰδέναι</span> <span class='ocrx_word' id='word_1_505' title='bbox 3590 4372 3725 4441; x_wconf 76' lang='grc' dir='ltr'>χάριν</span> 
     </span>
    </p>
   </div>
   <div class='ocr_carea' id='block_1_82' title="bbox 2169 4457 3726 4533">
    <p class='ocr_par' dir='ltr' id='par_1_82' title="bbox 2169 4457 3726 4533">
     <span class='ocr_line' id='line_1_82' title="bbox 2169 4457 3726 4533; baseline 0 -22"><span class='ocrx_word' id='word_1_506' title='bbox 2169 4457 2250 4529; x_wconf 85' lang='grc' dir='ltr'>τῷ</span> <span class='ocrx_word' id='word_1_507' title='bbox 2287 4459 2562 4514; x_wconf 78' lang='grc' dir='ltr'>ἀδικοῦντι</span> <span class='ocrx_word' id='word_1_508' title='bbox 2615 4461 2709 4514; x_wconf 70' lang='grc' dir='ltr'><strong>κα)⁸</strong></span> <span class='ocrx_word' id='word_1_509' title='bbox 2754 4461 3051 4533; x_wconf 76' lang='grc' dir='ltr'>ὑϐρίζοντι,</span> <span class='ocrx_word' id='word_1_510' title='bbox 3109 4460 3186 4525; x_wconf 84' lang='grc' dir='ltr'>ὡς</span> <span class='ocrx_word' id='word_1_511' title='bbox 3219 4462 3301 4525; x_wconf 85' lang='grc' dir='ltr'><strong>είς</strong></span> <span class='ocrx_word' id='word_1_512' title='bbox 3346 4461 3566 4532; x_wconf 75' lang='grc' dir='ltr'>μείζονα</span> <span class='ocrx_word' id='word_1_513' title='bbox 3602 4461 3726 4530; x_wconf 82' lang='grc' dir='ltr'>φιλο-</span> 
     </span>
    </p>
   </div>
   <div class='ocr_carea' id='block_1_83' title="bbox 492 4550 2060 4641">
    <p class='ocr_par' dir='ltr' id='par_1_83' title="bbox 492 4558 2060 4629">
     <span class='ocr_line' id='line_1_83' title="bbox 492 4558 2060 4629; baseline 0 -16"><span class='ocrx_word' id='word_1_514' title='bbox 492 4574 613 4614; x_wconf 87' lang='lat' dir='ltr'><strong>esse</strong></span> <span class='ocrx_word' id='word_1_515' title='bbox 634 4574 757 4629; x_wconf 66' lang='lat' dir='ltr'><strong>qua:</strong></span> <span class='ocrx_word' id='word_1_516' title='bbox 787 4559 855 4613; x_wconf 91' lang='lat' dir='ltr'><strong>ad</strong></span> <span class='ocrx_word' id='word_1_517' title='bbox 902 4558 1160 4627; x_wconf 88' lang='lat' dir='ltr'><strong>majorem</strong></span> <span class='ocrx_word' id='word_1_518' title='bbox 1203 4560 1329 4614; x_wconf 58' lang='lat' dir='ltr'><strong>vitae</strong></span> <span class='ocrx_word' id='word_1_519' title='bbox 1366 4560 1751 4629; x_wconf 79' lang='lat' dir='ltr'><strong>perfectionem</strong></span> <span class='ocrx_word' id='word_1_520' title='bbox 1794 4559 2060 4614; x_wconf 80' lang='lat' dir='ltr'><strong>hominem</strong></span> 
     </span>
    </p>
   </div>
   <div class='ocr_carea' id='block_1_84' title="bbox 2170 4550 3726 4641">
    <p class='ocr_par' dir='ltr' id='par_1_84' title="bbox 2176 4550 3726 4624">
     <span class='ocr_line' id='line_1_84' title="bbox 2176 4550 3726 4624; baseline 0.001 -20"><span class='ocrx_word' id='word_1_521' title='bbox 2176 4550 2372 4621; x_wconf 92' lang='grc' dir='ltr'>σοφίαν</span> <span class='ocrx_word' id='word_1_522' title='bbox 2404 4552 2826 4620; x_wconf 83' lang='grc' dir='ltr'>συνελαύνοντι,</span> <span class='ocrx_word' id='word_1_523' title='bbox 2879 4554 2977 4606; x_wconf 81' lang='grc' dir='ltr'>καὶ</span> <span class='ocrx_word' id='word_1_524' title='bbox 3027 4552 3266 4624; x_wconf 83' lang='grc' dir='ltr'>μάλιστα</span> <span class='ocrx_word' id='word_1_525' title='bbox 3319 4554 3455 4608; x_wconf 84' lang='grc' dir='ltr'>ὅταν</span> <span class='ocrx_word' id='word_1_526' title='bbox 3500 4553 3726 4613; x_wconf 76' lang='grc' dir='ltr'>πολλάκις</span> 
     </span>
    </p>
   </div>
   <div class='ocr_carea' id='block_1_85' title="bbox 496 4640 2060 4722">
    <p class='ocr_par' dir='ltr' id='par_1_85' title="bbox 496 4648 2060 4722">
     <span class='ocr_line' id='line_1_85' title="bbox 496 4648 2060 4722; baseline 0.002 -19"><span class='ocrx_word' id='word_1_527' title='bbox 496 4648 758 4719; x_wconf 89' lang='lat' dir='ltr'><strong>impellat,</strong></span> <span class='ocrx_word' id='word_1_528' title='bbox 797 4664 863 4704; x_wconf 91' lang='lat' dir='ltr'><strong>ac</strong></span> <span class='ocrx_word' id='word_1_529' title='bbox 911 4650 1215 4719; x_wconf 71' lang='lat' dir='ltr'><strong>praesertim</strong></span> <span class='ocrx_word' id='word_1_530' title='bbox 1260 4651 1305 4706; x_wconf 88' lang='lat' dir='ltr'><strong>si</strong></span> <span class='ocrx_word' id='word_1_531' title='bbox 1344 4651 1574 4722; x_wconf 91' lang='lat' dir='ltr'><strong>idipsum</strong></span> <span class='ocrx_word' id='word_1_532' title='bbox 1642 4650 1841 4721; x_wconf 62' lang='lat' dir='ltr'><strong>saepius</strong></span> <span class='ocrx_word' id='word_1_533' title='bbox 1897 4665 2060 4720; x_wconf 85' lang='lat' dir='ltr'><strong>agens</strong></span> 
     </span>
    </p>
   </div>
   <div class='ocr_carea' id='block_1_86' title="bbox 2170 4640 3727 4722">
    <p class='ocr_par' dir='ltr' id='par_1_86' title="bbox 2175 4640 3727 4716">
     <span class='ocr_line' id='line_1_86' title="bbox 2175 4640 3727 4716; baseline -0.001 -20"><span class='ocrx_word' id='word_1_534' title='bbox 2175 4640 2333 4696; x_wconf 83' lang='grc' dir='ltr'>τοῦτο</span> <span class='ocrx_word' id='word_1_535' title='bbox 2362 4642 2533 4697; x_wconf 88' lang='grc' dir='ltr'>ποιῶν</span> <span class='ocrx_word' id='word_1_536' title='bbox 2562 4643 2658 4697; x_wconf 78' lang='grc' dir='ltr'>καὶ</span> <span class='ocrx_word' id='word_1_537' title='bbox 2689 4642 3041 4715; x_wconf 83' lang='grc' dir='ltr'>ἐναϐρύνοιτο</span> <span class='ocrx_word' id='word_1_538' title='bbox 3073 4644 3200 4714; x_wconf 86' lang='grc' dir='ltr'>(ῖνα</span> <span class='ocrx_word' id='word_1_539' title='bbox 3230 4644 3307 4716; x_wconf 82' lang='grc' dir='ltr'>μὴ</span> <span class='ocrx_word' id='word_1_540' title='bbox 3335 4645 3496 4714; x_wconf 85' lang='grc' dir='ltr'>λέγω,</span> <span class='ocrx_word' id='word_1_541' title='bbox 3521 4646 3598 4698; x_wconf 86' lang='grc' dir='ltr'>ὃτι</span> <span class='ocrx_word' id='word_1_542' title='bbox 3622 4644 3727 4703; x_wconf 71' lang='grc' dir='ltr'>τοὺς</span> 
     </span>
    </p>
   </div>
   <div class='ocr_carea' id='block_1_87' title="bbox 494 4738 2069 4811">
    <p class='ocr_par' dir='ltr' id='par_1_87' title="bbox 494 4738 2069 4811">
     <span class='ocr_line' id='line_1_87' title="bbox 494 4738 2069 4811; baseline 0 -17"><span class='ocrx_word' id='word_1_543' title='bbox 494 4741 658 4795; x_wconf 89' lang='lat' dir='ltr'><strong>etiam</strong></span> <span class='ocrx_word' id='word_1_544' title='bbox 689 4740 947 4795; x_wconf 91' lang='lat' dir='ltr'><strong>honorem</strong></span> <span class='ocrx_word' id='word_1_545' title='bbox 978 4742 1183 4796; x_wconf 81' lang='lat' dir='ltr'><strong>referat</strong></span> <span class='ocrx_word' id='word_1_546' title='bbox 1208 4756 1273 4796; x_wconf 90' lang='lat' dir='ltr'><strong>ac</strong></span> <span class='ocrx_word' id='word_1_547' title='bbox 1303 4742 1537 4797; x_wconf 86' lang='lat' dir='ltr'><strong>laudem.</strong></span> <span class='ocrx_word' id='word_1_548' title='bbox 1564 4738 1681 4795; x_wconf 86' lang='lat' dir='ltr'><strong>Non</strong></span> <span class='ocrx_word' id='word_1_549' title='bbox 1714 4741 1861 4811; x_wconf 91' lang='lat' dir='ltr'><strong>quod</strong></span> <span class='ocrx_word' id='word_1_550' title='bbox 1891 4740 2069 4795; x_wconf 89' lang='lat' dir='ltr'><strong>dicam</strong></span> 
     </span>
    </p>
   </div>
   <div class='ocr_carea' id='block_1_88' title="bbox 496 4830 2072 4888">
    <p class='ocr_par' dir='ltr' id='par_1_88' title="bbox 496 4830 2072 4888">
     <span class='ocr_line' id='line_1_88' title="bbox 496 4830 2072 4888; baseline 0.001 -4"><span class='ocrx_word' id='word_1_551' title='bbox 496 4841 591 4885; x_wconf 89' lang='lat' dir='ltr'><strong>aut</strong></span> <span class='ocrx_word' id='word_1_552' title='bbox 627 4831 787 4885; x_wconf 85' lang='lat' dir='ltr'><strong>velim</strong></span> <span class='ocrx_word' id='word_1_553' title='bbox 819 4845 918 4886; x_wconf 83' lang='lat' dir='ltr'><strong>nos</strong></span> <span class='ocrx_word' id='word_1_554' title='bbox 941 4830 1154 4887; x_wconf 88' lang='lat' dir='ltr'><strong>laureas</strong></span> <span class='ocrx_word' id='word_1_555' title='bbox 1182 4848 1246 4887; x_wconf 84' lang='lat' dir='ltr'><strong>ex</strong></span> <span class='ocrx_word' id='word_1_556' title='bbox 1292 4832 1486 4888; x_wconf 90' lang='lat' dir='ltr'><strong>alienis</strong></span> <span class='ocrx_word' id='word_1_557' title='bbox 1524 4833 1723 4888; x_wconf 89' lang='lat' dir='ltr'><strong>debere</strong></span> <span class='ocrx_word' id='word_1_558' title='bbox 1756 4830 1914 4885; x_wconf 80' lang='lat' dir='ltr'><strong>malis</strong></span> <span class='ocrx_word' id='word_1_559' title='bbox 1941 4845 2072 4885; x_wconf 86' lang='lat' dir='ltr'><strong>con-</strong></span> 
     </span>
    </p>
   </div>
   <div class='ocr_carea' id='block_1_89' title="bbox 501 4922 2075 4997">
    <p class='ocr_par' dir='ltr' id='par_1_89' title="bbox 501 4922 2075 4997">
     <span class='ocr_line' id='line_1_89' title="bbox 501 4922 2075 4997; baseline -0.001 -17"><span class='ocrx_word' id='word_1_560' title='bbox 501 4935 708 4980; x_wconf 89' lang='lat' dir='ltr'><strong>texere.</strong></span> <span class='ocrx_word' id='word_1_561' title='bbox 766 4922 823 4978; x_wconf 86' lang='lat' dir='ltr'><strong>ld</strong></span> <span class='ocrx_word' id='word_1_562' title='bbox 876 4925 1019 4980; x_wconf 84' lang='lat' dir='ltr'><strong>enim</strong></span> <span class='ocrx_word' id='word_1_563' title='bbox 1062 4941 1413 4997; x_wconf 85' lang='lat' dir='ltr'><strong>permagnum</strong></span> <span class='ocrx_word' id='word_1_564' title='bbox 1467 4934 1573 4990; x_wconf 87' lang='lat' dir='ltr'><strong>est,</strong></span> <span class='ocrx_word' id='word_1_565' title='bbox 1633 4935 1688 4980; x_wconf 93' lang='lat' dir='ltr'><strong>et</strong></span> <span class='ocrx_word' id='word_1_566' title='bbox 1739 4925 1873 4980; x_wconf 86' lang='lat' dir='ltr'><strong>meis</strong></span> <span class='ocrx_word' id='word_1_567' title='bbox 1915 4925 2075 4995; x_wconf 88' lang='lat' dir='ltr'><strong>longe</strong></span> 
     </span>
    </p>
   </div>
   <div class='ocr_carea' id='block_1_90' title="bbox 500 5013 2072 5086">
    <p class='ocr_par' dir='ltr' id='par_1_90' title="bbox 500 5013 2072 5086">
     <span class='ocr_line' id='line_1_90' title="bbox 500 5013 2072 5086; baseline 0 -18"><span class='ocrx_word' id='word_1_568' title='bbox 500 5013 678 5084; x_wconf 87' lang='lat' dir='ltr'><strong>impar</strong></span> <span class='ocrx_word' id='word_1_569' title='bbox 703 5014 907 5071; x_wconf 90' lang='lat' dir='ltr'><strong>viribus</strong></span> <span class='ocrx_word' id='word_1_570' title='bbox 934 5030 1031 5083; x_wconf 93' lang='lat' dir='ltr'><strong>per</strong></span> <span class='ocrx_word' id='word_1_571' title='bbox 1052 5031 1189 5086; x_wconf 86' lang='lat' dir='ltr'><strong>quas</strong></span> <span class='ocrx_word' id='word_1_572' title='bbox 1217 5017 1423 5083; x_wconf 88' lang='lat' dir='ltr'><strong>possim</strong></span> <span class='ocrx_word' id='word_1_573' title='bbox 1446 5025 1501 5071; x_wconf 92' lang='lat' dir='ltr'><strong>et</strong></span> <span class='ocrx_word' id='word_1_574' title='bbox 1528 5015 1759 5086; x_wconf 87' lang='lat' dir='ltr'><strong>injurias</strong></span> <span class='ocrx_word' id='word_1_575' title='bbox 1782 5015 1988 5086; x_wconf 87' lang='lat' dir='ltr'><strong>perpeti</strong></span> <span class='ocrx_word' id='word_1_576' title='bbox 2016 5023 2072 5069; x_wconf 82' lang='lat' dir='ltr'><strong>et</strong></span> 
     </span>
    </p>
   </div>
   <div class='ocr_carea' id='block_1_91' title="bbox 501 5102 2094 5175">
    <p class='ocr_par' dir='ltr' id='par_1_91' title="bbox 501 5102 2094 5175">
     <span class='ocr_line' id='line_1_91' title="bbox 501 5102 2094 5175; baseline -0.004 -15"><span class='ocrx_word' id='word_1_577' title='bbox 501 5103 882 5169; x_wconf 92' lang='lat' dir='ltr'><strong>contumelias,</strong></span> <span class='ocrx_word' id='word_1_578' title='bbox 910 5104 1078 5175; x_wconf 76' lang='lat'><strong>679</strong></span> <span class='ocrx_word' id='word_1_579' title='bbox 1100 5120 1363 5174; x_wconf 89' lang='lat' dir='ltr'><strong>nequeam</strong></span> <span class='ocrx_word' id='word_1_580' title='bbox 1411 5114 1590 5159; x_wconf 90' lang='lat' dir='ltr'><strong>tamen</strong></span> <span class='ocrx_word' id='word_1_581' title='bbox 1620 5105 1743 5159; x_wconf 89' lang='lat' dir='ltr'><strong>inde</strong></span> <span class='ocrx_word' id='word_1_582' title='bbox 1765 5102 2094 5170; x_wconf 86' lang='lat' dir='ltr'><strong>emendari,.</strong></span> 
     </span>
    </p>
   </div>
   <div class='ocr_carea' id='block_1_92' title="bbox 501 5195 2063 5266">
    <p class='ocr_par' dir='ltr' id='par_1_92' title="bbox 501 5195 2063 5266">
     <span class='ocr_line' id='line_1_92' title="bbox 501 5195 2063 5266; baseline -0.001 -17"><span class='ocrx_word' id='word_1_583' title='bbox 501 5204 665 5265; x_wconf 88' lang='lat' dir='ltr'><strong>atque</strong></span> <span class='ocrx_word' id='word_1_584' title='bbox 695 5195 920 5265; x_wconf 89' lang='lat' dir='ltr'><strong>injurias</strong></span> <span class='ocrx_word' id='word_1_585' title='bbox 949 5197 1201 5251; x_wconf 81' lang='lat' dir='ltr'><strong>inferenti</strong></span> <span class='ocrx_word' id='word_1_586' title='bbox 1235 5197 1442 5266; x_wconf 84' lang='lat' dir='ltr'><strong>gratias</strong></span> <span class='ocrx_word' id='word_1_587' title='bbox 1489 5195 1711 5261; x_wconf 83' lang='lat' dir='ltr'><strong>habere,</strong></span> <span class='ocrx_word' id='word_1_588' title='bbox 1761 5206 1817 5251; x_wconf 91' lang='lat' dir='ltr'><strong>et</strong></span> <span class='ocrx_word' id='word_1_589' title='bbox 1848 5195 2063 5249; x_wconf 87' lang='lat' dir='ltr'><strong>sincere</strong></span> 
     </span>
    </p>
   </div>
   <div class='ocr_carea' id='block_1_93' title="bbox 501 5286 2072 5356">
    <p class='ocr_par' dir='ltr' id='par_1_93' title="bbox 501 5286 2072 5356">
     <span class='ocr_line' id='line_1_93' title="bbox 501 5286 2072 5356; baseline -0.005 -12"><span class='ocrx_word' id='word_1_590' title='bbox 501 5302 662 5344; x_wconf 90' lang='lat' dir='ltr'><strong>orare</strong></span> <span class='ocrx_word' id='word_1_591' title='bbox 691 5298 789 5356; x_wconf 92' lang='lat' dir='ltr'><strong>pro</strong></span> <span class='ocrx_word' id='word_1_592' title='bbox 852 5286 1313 5342; x_wconf 85' lang='lat' dir='ltr'><strong>calumniantibus</strong></span> <span class='ocrx_word' id='word_1_593' title='bbox 1357 5301 1456 5341; x_wconf 90' lang='lat' dir='ltr'><strong>nos</strong></span> <span class='ocrx_word' id='word_1_594' title='bbox 1508 5303 1522 5341; x_wconf 89' lang='lat'><strong>:</strong></span> <span class='ocrx_word' id='word_1_595' title='bbox 1574 5286 1917 5354; x_wconf 80' lang='lat' dir='ltr'><strong>maximeque</strong></span> <span class='ocrx_word' id='word_1_596' title='bbox 1949 5298 2072 5338; x_wconf 89' lang='lat' dir='ltr'><strong>cum</strong></span> 
     </span>
    </p>
   </div>
   <div class='ocr_carea' id='block_1_94' title="bbox 507 5376 2083 5448">
    <p class='ocr_par' dir='ltr' id='par_1_94' title="bbox 507 5376 2083 5448">
     <span class='ocr_line' id='line_1_94' title="bbox 507 5376 2083 5448; baseline 0 -17"><span class='ocrx_word' id='word_1_597' title='bbox 507 5393 574 5434; x_wconf 84' lang='lat' dir='ltr'><strong>ne</strong></span> <span class='ocrx_word' id='word_1_598' title='bbox 624 5392 920 5448; x_wconf 88' lang='lat' dir='ltr'><strong>agnoscere</strong></span> <span class='ocrx_word' id='word_1_599' title='bbox 971 5377 1190 5447; x_wconf 88' lang='lat' dir='ltr'><strong>quidem</strong></span> <span class='ocrx_word' id='word_1_600' title='bbox 1240 5377 1431 5442; x_wconf 86' lang='lat' dir='ltr'><strong>velint,</strong></span> <span class='ocrx_word' id='word_1_601' title='bbox 1487 5376 1619 5445; x_wconf 89' lang='lat' dir='ltr'><strong>quin</strong></span> <span class='ocrx_word' id='word_1_602' title='bbox 1670 5377 1835 5429; x_wconf 89' lang='lat' dir='ltr'><strong>etiam</strong></span> <span class='ocrx_word' id='word_1_603' title='bbox 1886 5391 1989 5446; x_wconf 87' lang='lat' dir='ltr'><strong>pro</strong></span> <span class='ocrx_word' id='word_1_604' title='bbox 2022 5392 2083 5431; x_wconf 91' lang='lat' dir='ltr'><strong>se</strong></span> 
     </span>
    </p>
   </div>
   <div class='ocr_carea' id='block_1_95' title="bbox 505 5468 2072 5525">
    <p class='ocr_par' dir='ltr' id='par_1_95' title="bbox 505 5468 2072 5525">
     <span class='ocr_line' id='line_1_95' title="bbox 505 5468 2072 5525; baseline 0 -1"><span class='ocrx_word' id='word_1_605' title='bbox 505 5478 724 5524; x_wconf 85' lang='lat' dir='ltr'><strong>orantes</strong></span> <span class='ocrx_word' id='word_1_606' title='bbox 753 5468 929 5525; x_wconf 87' lang='lat' dir='ltr'><strong>solent</strong></span> <span class='ocrx_word' id='word_1_607' title='bbox 984 5470 1231 5523; x_wconf 87' lang='lat' dir='ltr'><strong>irridere.</strong></span> <span class='ocrx_word' id='word_1_608' title='bbox 1287 5468 1400 5522; x_wconf 84' lang='lat' dir='ltr'><strong>Hoc</strong></span> <span class='ocrx_word' id='word_1_609' title='bbox 1429 5482 1596 5522; x_wconf 91' lang='lat' dir='ltr'><strong>unum</strong></span> <span class='ocrx_word' id='word_1_610' title='bbox 1626 5484 1696 5521; x_wconf 75' lang='lat' dir='ltr'><strong>ex</strong></span> <span class='ocrx_word' id='word_1_611' title='bbox 1739 5483 1828 5522; x_wconf 86' lang='lat' dir='ltr'><strong>me</strong></span> <span class='ocrx_word' id='word_1_612' title='bbox 1858 5468 2072 5524; x_wconf 90' lang='lat' dir='ltr'><strong>discito.</strong></span> 
     </span>
    </p>
   </div>
   <div class='ocr_carea' id='block_1_96' title="bbox 506 5557 2075 5623">
    <p class='ocr_par' dir='ltr' id='par_1_96' title="bbox 506 5557 2075 5623">
     <span class='ocr_line' id='line_1_96' title="bbox 506 5557 2075 5623; baseline 0.001 -10"><span class='ocrx_word' id='word_1_613' title='bbox 506 5558 563 5613; x_wconf 93' lang='lat' dir='ltr'><strong>ld</strong></span> <span class='ocrx_word' id='word_1_614' title='bbox 595 5575 723 5614; x_wconf 85' lang='lat' dir='ltr'><strong>vero</strong></span> <span class='ocrx_word' id='word_1_615' title='bbox 764 5560 810 5615; x_wconf 89' lang='lat' dir='ltr'><strong>si</strong></span> <span class='ocrx_word' id='word_1_616' title='bbox 864 5560 1080 5614; x_wconf 79' lang='lat' dir='ltr'><strong>fortiter</strong></span> <span class='ocrx_word' id='word_1_617' title='bbox 1128 5558 1343 5623; x_wconf 85' lang='lat' dir='ltr'><strong>feceris,</strong></span> <span class='ocrx_word' id='word_1_618' title='bbox 1390 5557 1604 5613; x_wconf 89' lang='lat' dir='ltr'><strong>laudem</strong></span> <span class='ocrx_word' id='word_1_619' title='bbox 1639 5574 1774 5613; x_wconf 84' lang='lat' dir='ltr'><strong>sane</strong></span> <span class='ocrx_word' id='word_1_620' title='bbox 1805 5568 1861 5613; x_wconf 89' lang='lat' dir='ltr'><strong>et</strong></span> <span class='ocrx_word' id='word_1_621' title='bbox 1890 5561 2075 5615; x_wconf 86' lang='lat' dir='ltr'><strong>animo</strong></span> 
     </span>
    </p>
   </div>
   <div class='ocr_carea' id='block_1_97' title="bbox 510 5649 2079 5721">
    <p class='ocr_par' dir='ltr' id='par_1_97' title="bbox 510 5649 2079 5721">
     <span class='ocr_line' id='line_1_97' title="bbox 510 5649 2079 5721; baseline -0.001 -14"><span class='ocrx_word' id='word_1_622' title='bbox 510 5651 831 5721; x_wconf 85' lang='lat' dir='ltr'><strong>applaudam</strong></span> <span class='ocrx_word' id='word_1_623' title='bbox 878 5666 1163 5721; x_wconf 89' lang='lat' dir='ltr'><strong>generoso.</strong></span> <span class='ocrx_word' id='word_1_624' title='bbox 1221 5649 1483 5720; x_wconf 89' lang='lat' dir='ltr'><strong>Equidem</strong></span> <span class='ocrx_word' id='word_1_625' title='bbox 1535 5651 1665 5719; x_wconf 86' lang='lat' dir='ltr'><strong>(non</strong></span> <span class='ocrx_word' id='word_1_626' title='bbox 1714 5649 1858 5704; x_wconf 83' lang='lat' dir='ltr'><strong>enim</strong></span> <span class='ocrx_word' id='word_1_627' title='bbox 1904 5666 2079 5705; x_wconf 90' lang='lat' dir='ltr'><strong>meam</strong></span> 
     </span>
    </p>
   </div>
   <div class='ocr_carea' id='block_1_98' title="bbox 509 5739 2084 5814">
    <p class='ocr_par' dir='ltr' id='par_1_98' title="bbox 509 5739 2084 5814">
     <span class='ocr_line' id='line_1_98' title="bbox 509 5739 2084 5814; baseline 0.002 -18"><span class='ocrx_word' id='word_1_628' title='bbox 509 5740 754 5796; x_wconf 86' lang='lat' dir='ltr'><strong>occulere</strong></span> <span class='ocrx_word' id='word_1_629' title='bbox 774 5739 895 5796; x_wconf 88' lang='lat' dir='ltr'><strong>volo</strong></span> <span class='ocrx_word' id='word_1_630' title='bbox 923 5740 1319 5812; x_wconf 85' lang='lat' dir='ltr'><strong>infirmitatem)</strong></span> <span class='ocrx_word' id='word_1_631' title='bbox 1355 5758 1458 5798; x_wconf 90' lang='lat' dir='ltr'><strong>non</strong></span> <span class='ocrx_word' id='word_1_632' title='bbox 1501 5757 1624 5797; x_wconf 86' lang='lat' dir='ltr'><strong>raro</strong></span> <span class='ocrx_word' id='word_1_633' title='bbox 1645 5757 1742 5812; x_wconf 78' lang='lat' dir='ltr'><strong>pro</strong></span> <span class='ocrx_word' id='word_1_634' title='bbox 1773 5741 1843 5798; x_wconf 90' lang='lat' dir='ltr'><strong>iis</strong></span> <span class='ocrx_word' id='word_1_635' title='bbox 1883 5742 1985 5814; x_wconf 87' lang='lat' dir='ltr'><strong>dep</strong></span> <span class='ocrx_word' id='word_1_636' title='bbox 2001 5759 2084 5799; x_wconf 90' lang='lat' dir='ltr'><strong>re-</strong></span> 
     </span>
    </p>
   </div>
   <div class='ocr_carea' id='block_1_99' title="bbox 2177 4731 3727 4804">
    <p class='ocr_par' dir='ltr' id='par_1_99' title="bbox 2177 4731 3727 4804">
     <span class='ocr_line' id='line_1_99' title="bbox 2177 4731 3727 4804; baseline -0.001 -21"><span class='ocrx_word' id='word_1_637' title='bbox 2177 4731 2487 4801; x_wconf 82' lang='grc' dir='ltr'>ήμετέρους</span> <span class='ocrx_word' id='word_1_638' title='bbox 2538 4732 2839 4802; x_wconf 85' lang='grc' dir='ltr'>στεφάνους</span> <span class='ocrx_word' id='word_1_639' title='bbox 2894 4732 3156 4804; x_wconf 81' lang='grc' dir='ltr'>βούλομαι</span> <span class='ocrx_word' id='word_1_640' title='bbox 3207 4735 3273 4788; x_wconf 88' lang='grc' dir='ltr'><strong>ἐκ</strong></span> <span class='ocrx_word' id='word_1_641' title='bbox 3310 4734 3420 4787; x_wconf 90' lang='grc' dir='ltr'><strong>τῶν</strong></span> <span class='ocrx_word' id='word_1_642' title='bbox 3461 4731 3727 4803; x_wconf 80' lang='grc' dir='ltr'>ἀλλοτρίων</span> 
     </span>
    </p>
   </div>
   <div class='ocr_carea' id='block_1_100' title="bbox 2181 4822 3727 4896">
    <p class='ocr_par' dir='ltr' id='par_1_100' title="bbox 2181 4822 3727 4896">
     <span class='ocr_line' id='line_1_100' title="bbox 2181 4822 3727 4896; baseline 0.006 -21"><span class='ocrx_word' id='word_1_643' title='bbox 2181 4822 2504 4891; x_wconf 83' lang='grc' dir='ltr'>ὑφαίνεσθαι</span> <span class='ocrx_word' id='word_1_644' title='bbox 2538 4823 2878 4896; x_wconf 88' lang='grc' dir='ltr'>συμφορῶν),</span> <span class='ocrx_word' id='word_1_645' title='bbox 2917 4826 3177 4895; x_wconf 85' lang='grc' dir='ltr'>μέγιστόν</span> <span class='ocrx_word' id='word_1_646' title='bbox 3200 4827 3340 4889; x_wconf 86' lang='grc' dir='ltr'>ἐστι,</span> <span class='ocrx_word' id='word_1_647' title='bbox 3371 4826 3467 4880; x_wconf 79' lang='grc' dir='ltr'>καὶ</span> <span class='ocrx_word' id='word_1_648' title='bbox 3491 4825 3583 4895; x_wconf 73' lang='grc' dir='ltr'>τῆς</span> <span class='ocrx_word' id='word_1_649' title='bbox 3609 4822 3727 4894; x_wconf 76' lang='grc' dir='ltr'>ἐμῆς</span> 
     </span>
    </p>
   </div>
   <div class='ocr_carea' id='block_1_101' title="bbox 2180 4912 3737 4990">
    <p class='ocr_par' dir='ltr' id='par_1_101' title="bbox 2180 4912 3737 4990">
     <span class='ocr_line' id='line_1_101' title="bbox 2180 4912 3737 4990; baseline -0.002 -21"><span class='ocrx_word' id='word_1_650' title='bbox 2180 4916 2464 4986; x_wconf 86' lang='grc' dir='ltr'>δυνάμεως</span> <span class='ocrx_word' id='word_1_651' title='bbox 2500 4918 2707 4989; x_wconf 77' lang='grc' dir='ltr'>μεῖζον,</span> <span class='ocrx_word' id='word_1_652' title='bbox 2745 4917 2846 4987; x_wconf 85' lang='grc' dir='ltr'>τῆς</span> <span class='ocrx_word' id='word_1_653' title='bbox 2872 4919 3060 4989; x_wconf 80' lang='grc' dir='ltr'>φέρειν</span> <span class='ocrx_word' id='word_1_654' title='bbox 3091 4918 3191 4989; x_wconf 78' lang='grc' dir='ltr'>μὲν</span> <span class='ocrx_word' id='word_1_655' title='bbox 3218 4920 3279 4972; x_wconf 87' lang='grc' dir='ltr'>τὸ</span> <span class='ocrx_word' id='word_1_656' title='bbox 3320 4918 3628 4990; x_wconf 74' lang='grc' dir='ltr'>ὑϐρίζεσθαι</span> <span class='ocrx_word' id='word_1_657' title='bbox 3650 4912 3737 4969; x_wconf 63' lang='grc' dir='ltr'>καὶ</span> 
     </span>
    </p>
   </div>
   <div class='ocr_carea' id='block_1_102' title="bbox 2182 5002 3730 5080">
    <p class='ocr_par' dir='ltr' id='par_1_102' title="bbox 2182 5002 3730 5080">
     <span class='ocr_line' id='line_1_102' title="bbox 2182 5002 3730 5080; baseline -0.003 -19"><span class='ocrx_word' id='word_1_658' title='bbox 2182 5007 2489 5061; x_wconf 83' lang='grc' dir='ltr'>ἀδικεῖσθαι</span> <span class='ocrx_word' id='word_1_659' title='bbox 2527 5006 2856 5079; x_wconf 78' lang='grc' dir='ltr'>δυναμένης,</span> <span class='ocrx_word' id='word_1_660' title='bbox 2891 5008 3119 5078; x_wconf 84' lang='grc' dir='ltr'>μηδέπω</span> <span class='ocrx_word' id='word_1_661' title='bbox 3147 5008 3205 5061; x_wconf 81' lang='grc' dir='ltr'>δὲ</span> <span class='ocrx_word' id='word_1_662' title='bbox 3243 5007 3654 5080; x_wconf 63' lang='grc' dir='ltr'>κατορθωσὼτης</span> <span class='ocrx_word' id='word_1_663' title='bbox 3678 5002 3730 5056; x_wconf 81' lang='grc' dir='ltr'><strong>τὺ</strong></span> 
     </span>
    </p>
   </div>
   <div class='ocr_carea' id='block_1_103' title="bbox 2185 5098 3729 5171">
    <p class='ocr_par' dir='ltr' id='par_1_103' title="bbox 2185 5098 3729 5171">
     <span class='ocr_line' id='line_1_103' title="bbox 2185 5098 3729 5171; baseline -0.005 -16"><span class='ocrx_word' id='word_1_664' title='bbox 2185 5101 2346 5171; x_wconf 86' lang='grc' dir='ltr'>χάριν</span> <span class='ocrx_word' id='word_1_665' title='bbox 2384 5100 2583 5155; x_wconf 85' lang='grc' dir='ltr'>εἰδέναι</span> <span class='ocrx_word' id='word_1_666' title='bbox 2624 5102 2737 5163; x_wconf 90' lang='grc' dir='ltr'>τοῖς</span> <span class='ocrx_word' id='word_1_667' title='bbox 2767 5099 3035 5163; x_wconf 87' lang='grc' dir='ltr'>ἀδικοῦσι,</span> <span class='ocrx_word' id='word_1_668' title='bbox 3090 5102 3185 5152; x_wconf 56' lang='grc' dir='ltr'><strong>καὶ⁵</strong></span> <span class='ocrx_word' id='word_1_669' title='bbox 3216 5098 3608 5171; x_wconf 77' lang='grc' dir='ltr'>ὑπερεύχεσθαι</span> <span class='ocrx_word' id='word_1_670' title='bbox 3644 5113 3729 5148; x_wconf 82' lang='grc' dir='ltr'>κα-</span> 
     </span>
    </p>
   </div>
   <div class='ocr_carea' id='block_1_104' title="bbox 2183 5189 3723 5264">
    <p class='ocr_par' dir='ltr' id='par_1_104' title="bbox 2183 5189 3723 5264">
     <span class='ocr_line' id='line_1_104' title="bbox 2183 5189 3723 5264; baseline -0.004 -19"><span class='ocrx_word' id='word_1_671' title='bbox 2183 5190 2366 5263; x_wconf 88' lang='grc' dir='ltr'>θαρῶς</span> <span class='ocrx_word' id='word_1_672' title='bbox 2400 5190 2510 5243; x_wconf 88' lang='grc' dir='ltr'><strong>τῶν</strong></span> <span class='ocrx_word' id='word_1_673' title='bbox 2538 5190 2627 5245; x_wconf 84' lang='grc' dir='ltr'><strong>διὰ</strong></span> <span class='ocrx_word' id='word_1_674' title='bbox 2664 5190 2865 5255; x_wconf 82' lang='grc' dir='ltr'>παντὸς</span> <span class='ocrx_word' id='word_1_675' title='bbox 2898 5190 3313 5264; x_wconf 77' lang='grc' dir='ltr'>ἐπηρεαζόντων</span> <span class='ocrx_word' id='word_1_676' title='bbox 3335 5207 3347 5220; x_wconf 90' lang='grc'><strong>·</strong></span> <span class='ocrx_word' id='word_1_677' title='bbox 3388 5191 3484 5243; x_wconf 77' lang='grc' dir='ltr'>καὶ</span> <span class='ocrx_word' id='word_1_678' title='bbox 3514 5189 3723 5260; x_wconf 76' lang='grc' dir='ltr'>μάλιστα</span> 
     </span>
    </p>
   </div>
   <div class='ocr_carea' id='block_1_105' title="bbox 2182 5280 3726 5352">
    <p class='ocr_par' dir='ltr' id='par_1_105' title="bbox 2182 5280 3726 5352">
     <span class='ocr_line' id='line_1_105' title="bbox 2182 5280 3726 5352; baseline -0.004 -16"><span class='ocrx_word' id='word_1_679' title='bbox 2182 5285 2310 5337; x_wconf 80' lang='grc' dir='ltr'>ὅταν</span> <span class='ocrx_word' id='word_1_680' title='bbox 2350 5281 2486 5352; x_wconf 86' lang='grc' dir='ltr'><strong>μηδέ</strong></span> <span class='ocrx_word' id='word_1_681' title='bbox 2528 5281 2961 5351; x_wconf 83' lang='grc' dir='ltr'>μεταγινώσκειν</span> <span class='ocrx_word' id='word_1_682' title='bbox 3007 5282 3291 5348; x_wconf 87' lang='grc' dir='ltr'>ἐθέλωσιν,</span> <span class='ocrx_word' id='word_1_683' title='bbox 3335 5283 3473 5337; x_wconf 86' lang='grc' dir='ltr'><strong>ἀλλά</strong></span> <span class='ocrx_word' id='word_1_684' title='bbox 3501 5280 3726 5339; x_wconf 75' lang='grc' dir='ltr'>καὶτοὺς</span> 
     </span>
    </p>
   </div>
   <div class='ocr_carea' id='block_1_106' title="bbox 2185 5367 3724 5446">
    <p class='ocr_par' dir='ltr' id='par_1_106' title="bbox 2185 5367 3724 5446">
     <span class='ocr_line' id='line_1_106' title="bbox 2185 5367 3724 5446; baseline -0.005 -17"><span class='ocrx_word' id='word_1_685' title='bbox 2185 5376 2327 5446; x_wconf 83' lang='grc' dir='ltr'>ὑπὲρ</span> <span class='ocrx_word' id='word_1_686' title='bbox 2359 5375 2537 5428; x_wconf 85' lang='grc' dir='ltr'>αὑτῶν</span> <span class='ocrx_word' id='word_1_687' title='bbox 2582 5374 2908 5445; x_wconf 82' lang='grc' dir='ltr'>εὐχομένους</span> <span class='ocrx_word' id='word_1_688' title='bbox 2951 5374 3173 5445; x_wconf 78' lang='grc' dir='ltr'>γελῶσι.</span> <span class='ocrx_word' id='word_1_689' title='bbox 3226 5374 3395 5428; x_wconf 88' lang='grc' dir='ltr'>Τοῦτο</span> <span class='ocrx_word' id='word_1_690' title='bbox 3436 5374 3565 5444; x_wconf 85' lang='grc' dir='ltr'>παρ’</span> <span class='ocrx_word' id='word_1_691' title='bbox 3609 5367 3724 5441; x_wconf 83' lang='grc' dir='ltr'>ἐμοῦ</span> 
     </span>
    </p>
   </div>
   <div class='ocr_carea' id='block_1_107' title="bbox 2190 5464 3723 5539">
    <p class='ocr_par' dir='ltr' id='par_1_107' title="bbox 2190 5464 3723 5539">
     <span class='ocr_line' id='line_1_107' title="bbox 2190 5464 3723 5539; baseline -0.005 -19"><span class='ocrx_word' id='word_1_692' title='bbox 2190 5467 2433 5537; x_wconf 85' lang='grc' dir='ltr'>μάνθανε</span> <span class='ocrx_word' id='word_1_693' title='bbox 2452 5482 2466 5497; x_wconf 78' lang='grc'><strong><em>⁸</em></strong></span> <span class='ocrx_word' id='word_1_694' title='bbox 2502 5466 2553 5520; x_wconf 81' lang='grc' dir='ltr'><strong>εί</strong></span> <span class='ocrx_word' id='word_1_695' title='bbox 2585 5466 2643 5519; x_wconf 85' lang='grc' dir='ltr'>δὲ</span> <span class='ocrx_word' id='word_1_696' title='bbox 2673 5466 2836 5530; x_wconf 85' lang='grc' dir='ltr'>αὐτὸς</span> <span class='ocrx_word' id='word_1_697' title='bbox 2868 5468 2964 5521; x_wconf 73' lang='grc' dir='ltr'>καὶ</span> <span class='ocrx_word' id='word_1_698' title='bbox 3013 5468 3174 5521; x_wconf 79' lang='grc' dir='ltr'>τοῦτο</span> <span class='ocrx_word' id='word_1_699' title='bbox 3204 5468 3587 5539; x_wconf 79' lang='grc' dir='ltr'>κατώρθωσας,</span> <span class='ocrx_word' id='word_1_700' title='bbox 3624 5464 3723 5516; x_wconf 80' lang='grc' dir='ltr'>λίαν</span> 
     </span>
    </p>
   </div>
   <div class='ocr_carea' id='block_1_108' title="bbox 2188 5554 3721 5630">
    <p class='ocr_par' dir='ltr' id='par_1_108' title="bbox 2188 5554 3721 5630">
     <span class='ocr_line' id='line_1_108' title="bbox 2188 5554 3721 5630; baseline -0.005 -17"><span class='ocrx_word' id='word_1_701' title='bbox 2188 5578 2246 5613; x_wconf 87' lang='grc' dir='ltr'><strong>σε</strong></span> <span class='ocrx_word' id='word_1_702' title='bbox 2288 5559 2496 5612; x_wconf 84' lang='grc' dir='ltr'>ἐπαινῶ</span> <span class='ocrx_word' id='word_1_703' title='bbox 2530 5558 2626 5611; x_wconf 71' lang='grc' dir='ltr'>καὶ</span> <span class='ocrx_word' id='word_1_704' title='bbox 2652 5558 2834 5630; x_wconf 90' lang='grc' dir='ltr'>κροτῶ</span> <span class='ocrx_word' id='word_1_705' title='bbox 2861 5560 2959 5629; x_wconf 85' lang='grc' dir='ltr'>τῆς</span> <span class='ocrx_word' id='word_1_706' title='bbox 2998 5560 3426 5630; x_wconf 64' lang='grc' dir='ltr'>μεγαλοψυχίας.</span> <span class='ocrx_word' id='word_1_707' title='bbox 3478 5556 3609 5626; x_wconf 84' lang='grc' dir='ltr'><strong>Ἐγὼ</strong></span> <span class='ocrx_word' id='word_1_708' title='bbox 3630 5554 3721 5624; x_wconf 72' lang='grc' dir='ltr'>γὰρ</span> 
     </span>
    </p>
   </div>
   <div class='ocr_carea' id='block_1_109' title="bbox 2191 5645 3723 5723">
    <p class='ocr_par' dir='ltr' id='par_1_109' title="bbox 2191 5645 3723 5723">
     <span class='ocr_line' id='line_1_109' title="bbox 2191 5645 3723 5723; baseline -0.009 -14"><span class='ocrx_word' id='word_1_709' title='bbox 2191 5653 2283 5721; x_wconf 79' lang='grc' dir='ltr'><strong>(οὐ</strong></span> <span class='ocrx_word' id='word_1_710' title='bbox 2318 5651 2425 5722; x_wconf 78' lang='grc' dir='ltr'><strong>γὰρ</strong></span> <span class='ocrx_word' id='word_1_711' title='bbox 2453 5651 2881 5723; x_wconf 71' lang='grc' dir='ltr'>ἀποκρυψαίμην</span> <span class='ocrx_word' id='word_1_712' title='bbox 2912 5651 3151 5723; x_wconf 84' lang='grc' dir='ltr'>ἐμαυτοῦ</span> <span class='ocrx_word' id='word_1_713' title='bbox 3185 5652 3244 5704; x_wconf 72' lang='grc' dir='ltr'>τὸ</span> <span class='ocrx_word' id='word_1_714' title='bbox 3268 5647 3584 5719; x_wconf 75' lang='grc' dir='ltr'>ἐλάττωμα)</span> <span class='ocrx_word' id='word_1_715' title='bbox 3619 5645 3723 5698; x_wconf 78' lang='grc' dir='ltr'>πολ-</span> 
     </span>
    </p>
   </div>
   <div class='ocr_carea' id='block_1_110' title="bbox 2190 5735 3729 5818">
    <p class='ocr_par' dir='ltr' id='par_1_110' title="bbox 2190 5735 3729 5818">
     <span class='ocr_line' id='line_1_110' title="bbox 2190 5735 3729 5818; baseline 0.002 -20"><span class='ocrx_word' id='word_1_716' title='bbox 2190 5745 2347 5809; x_wconf 80' lang='grc' dir='ltr'>λάκις</span> <span class='ocrx_word' id='word_1_717' title='bbox 2371 5744 2626 5816; x_wconf 82' lang='grc' dir='ltr'>καθαρῶς</span> <span class='ocrx_word' id='word_1_718' title='bbox 2650 5745 2943 5818; x_wconf 80' lang='grc' dir='ltr'>εὐξάμενος</span> <span class='ocrx_word' id='word_1_719' title='bbox 2971 5746 3114 5817; x_wconf 84' lang='grc' dir='ltr'>ὑπὲρ</span> <span class='ocrx_word' id='word_1_720' title='bbox 3138 5744 3250 5802; x_wconf 85' lang='grc' dir='ltr'><strong>τῶν</strong></span> <span class='ocrx_word' id='word_1_721' title='bbox 3276 5744 3413 5799; x_wconf 81' lang='grc' dir='ltr'>κατὰ</span> <span class='ocrx_word' id='word_1_722' title='bbox 3441 5735 3729 5813; x_wconf 56' lang='grc' dir='ltr'>περίστασίῑ</span> 
     </span>
    </p>
   </div>
  </div>
