3982 6420
227 357 350 424 15ΐῦ

1165 359 1700 427 EPISTOLARUM
1738 363 1887 426 LIB.
1919 365 1988 429 V.
2026 390 2097 401 -
2132 365 2368 431 EPIS'l‘.
2406 368 2554 431 CDI.

3321 367 3459 435 1566
3488 372 3509 386 ”

222 485 332 522 τινα
362 466 661 535 γεγονότων
718 468 949 541 ἐχθρῶν,
982 470 1219 544 θελήσας
1265 476 1325 529 δὲ
1370 474 1632 540 εὔξασθαι
1687 475 1785 527 καὶ

1894 484 2058 540 catus,
2082 478 2173 546 qui
2208 492 2276 533 es
2319 494 2452 534 casu
2484 478 2742 548 quodam,
2774 488 2829 534 et
2855 478 2909 535 in
2930 478 3251 549 quibusdam
3276 494 3457 537 rerum

222 563 345 631 ὑπὲρ
370 559 476 613 τῶν
500 560 642 613 κατά
672 562 901 632 μελέτην
928 566 1022 617 καὶ
1048 565 1309 636 σπουδὴν,
1346 567 1434 620 διά
1457 566 1551 619 τοῦ
1579 566 1782 635 στόμα-

221 670 301 714 τος
345 652 502 722 μόνου
531 650 690 704 τοῦτο
719 653 1036 729 πεποιηκὼς
1066 654 1262 710 ἑάλων.
1297 657 1371 709 Ού
1415 656 1522 727 μὴν
1567 655 1782 709 ἀπιστῶ

222 744 321 805 τοῖς
358 744 438 805 είς
493 741 748 796 τοσοῦτον
798 744 1001 813 ἀρετῆς
1048 746 1468 817 ἀναϐεϐηκόσιν,
1502 746 1640 800 ἀλλά
1687 745 1782 801 καὶ

221 834 382 903 χαίρω
416 834 512 887 καὶ
548 835 854 907 συγχαίρω,
883 838 976 890 καί
1001 839 1269 910 εὐξαίμην
1296 841 1376 904 είς
1396 839 1553 893 τοῦτο
1577 839 1781 909 φθάσαι

218 922 273 976 τὸ
293 924 507 995 μέτρον.
543 925 623 979 Οὐ
652 926 759 998 γὰρ
780 927 1010 999 πάθοιμι
1032 928 1093 982 τὸ
1117 930 1326 984 πολλῶν
1357 931 1548 996 πάθος,
1579 930 1628 984 οἳ
1654 930 1782 985 ὅταν

218 1015 349 1078 τινὸς
383 1016 457 1086 μὴ
504 1016 808 1087 δυνηθῶσιν
839 1019 1195 1075 ἐπιλαϐέσθαι
1236 1022 1456 1092 ἀρετῆς,
1488 1022 1691 1075 ἄτοπόν
1728 1039 1781 1075 τι

218 1106 401 1177 δρῶσιν
423 1125 435 1139 ’
470 1107 504 1177 ἦ
534 1109 644 1181 γάρ
672 1110 966 1165 ἀπιστοῦσι
995 1114 1108 1176 τοῖς
1138 1112 1579 1184 κατωρθωκόσιν,
1610 1112 1673 1179 ἐξ
1706 1106 1783 1167 ὧν

220 1197 501 1267 πράττουσι
547 1200 643 1252 καὶ
674 1200 802 1271 περὶ
830 1201 939 1254 τῶν
971 1202 1147 1257 ἄλλων
1178 1202 1540 1274 ψηφιζόμενοι
1581 1202 1781 1275 (πεφύ-

218 1304 336 1339 κασι
373 1291 481 1357 γάρ
509 1290 697 1359 σχεδὸν
738 1292 976 1357 ἆπαντες
1016 1294 1082 1347 ἐκ
1108 1293 1218 1347 τῶν
1248 1293 1369 1349 καθ’
1421 1293 1648 1357 ἑαυτοὺς
1686 1294 1782 1347 καὶ

218 1379 306 1440 τάς
333 1380 457 1449 περὶ
482 1379 591 1431 τῶν
627 1380 796 1444 πέλας
825 1382 1013 1453 φέρειν
1035 1383 1299 1455 ψήφους)ο
1331 1385 1364 1457 ἢ
1398 1384 1781 1455 αἰσχυνόμενοι

216 1469 271 1520 τὸ
290 1468 377 1521 ἐπὶ
410 1470 748 1544 μικροψυχίᾳ
790 1473 1013 1535 ἁλῶναι,
1047 1474 1435 1546 ὲναϐρύνονται
1466 1475 1543 1539 ὡς
1579 1492 1777 1545 κατορ-

219 1560 511 1624 θώσαντεςο
549 1565 643 1617 καὶ
674 1566 910 1635 μάλιστα
936 1568 1064 1621 ὅταν
1111 1568 1239 1638 περὶ
1282 1568 1481 1639 ἀδήλου
1519 1570 1782 1641 πράγμα-

218 1669 295 1715 τος
320 1652 347 1704 ό
373 1652 531 1721 λόγος
609 1672 623 1686 ·
656 1656 688 1727 ἢ
719 1658 799 1721 είς
829 1657 1061 1731 θεωρίας
1088 1662 1516 1729 καταφεύγουσι,
1543 1661 1603 1714 τὸ
1636 1664 1782 1735 πρᾶ-

216 1759 320 1810 γμα
353 1743 867 1815 ἀποδιδράσκοντες,
913 1749 1001 1802 ἵνα
1029 1748 1233 1815 δόξοιεν
1270 1751 1344 1823 μὴ
1378 1754 1443 1806 ὲκ
1482 1752 1777 1825 ῥᾳθυμίας,

1892 569 2172 624 eventibus
2236 570 2368 624 mihi
2429 571 2699 626 adversati
2762 569 3019 635 fuerunt,
3072 571 3268 628 deinde
3327 588 3461 630 vero

1889 657 2119 726 idipsum
2150 674 2249 727 pro
2280 660 2346 714 iis
2378 660 2559 715 facere
2589 669 2804 715 tcntans
2849 660 2943 730 qui
2976 661 3043 715 de
3088 660 3356 715 industria
3404 671 3462 718 et

1888 750 2068 804 studio
2094 752 2225 805 mihi
2258 752 2681 808 adversarentur
2714 766 2848 807 sane
2879 761 2992 805 tum
3020 762 3277 822 expertus
3312 768 3457 818 sum,

1889 841 2032 910 quod
2067 856 2172 896 non
2203 843 2305 897 nisi
2358 858 2453 898 ore
2498 853 2655 899 tenus
2713 844 2865 914 prius
2921 843 2974 897 id
3033 843 3305 899 fecissem.
3343 844 3461 899 Non

1886 932 2031 987 enim
2064 932 2133 988 iis
2161 932 2373 998 difﬁdo,
2404 934 2495 1003 qui
2532 935 2599 988 ad
2637 949 2904 989 summam
2953 945 3321 1004 pervenerunt
3352 938 3461 990 vir-

1890 1031 2083 1089 tutem,
2120 1025 2228 1080 imo
2255 1026 2463 1093 gaudeo
2494 1035 2659 1095 atque
2680 1025 2815 1080 adeo
2848 1026 3216 1096 congratulor,
3248 1037 3463 1096 optem,

1888 1129 1994 1183 que
2029 1130 2094 1170 eo
2137 1116 2488 1184 perfectionis
2517 1118 2852 1187 pertingere.
2894 1116 3079 1187 Neque
3127 1118 3271 1173 enim
3316 1118 3461 1172 mul-

1897 1214 2072 1261 torum
2092 1204 2276 1261 laboro
2292 1203 3074 1275 invidiaeperturbatione,qui,
3095 1223 3214 1261 cum
3232 1207 3463 1278 alicujus

1889 1295 2104 1362 assequi
2140 1304 2413 1365 nequeant
2451 1296 2729 1360 virtutem,
2767 1295 2985 1352 absurdi
3020 1298 3152 1368 quid
3205 1284 3462 1352 commit—

1890 1393 2052 1439 tunt:
2085 1384 2168 1439 vel
2197 1386 2339 1440 enim
2371 1386 2613 1441 invident
2644 1397 2793 1441 recte
2846 1389 3157 1458 agentibus,
3208 1399 3267 1446 et
3294 1406 3361 1445 ex
3393 1390 3460 1445 iis

1887 1489 2008 1544 quae
2034 1486 2199 1543 agunt
2223 1476 2288 1529 de
2335 1475 2456 1531 aliis
2502 1475 2748 1543 iudicant
2782 1477 2980 1545 (solent
3036 1480 3181 1533 enim
3220 1481 3462 1550 plerique

1886 1580 2077 1620 omnes
2097 1580 2164 1620 ex
2198 1567 2311 1621 suis
2342 1566 2443 1636 ipsi
2474 1568 2636 1621 rebus
2682 1570 2748 1623 de
2790 1569 2909 1623 aliis
2961 1569 3104 1625 ferre
3145 1571 3461 1641 judicium),

1886 1656 1972 1713 vel
1999 1658 2123 1712 dum
2162 1659 2329 1728 pudet
2355 1658 2473 1713 illos
2495 1658 2959 1728 pusillanimitatis
2991 1662 3171 1730 argui,
3220 1662 3465 1731 glorian-

1893 1756 2002 1813 tur,
2035 1747 2189 1817 quasi
2219 1756 2365 1801 recte
2423 1747 2654 1802 fecerint
2703 1749 3046 1820 maximeque
3090 1764 3214 1803 cum
3269 1751 3335 1804 de
3401 1765 3463 1805 re

216 1832 320 1885 ἀλλ’
353 1834 462 1887 ἀπὸ
496 1836 737 1907 κρίσεως
761 1838 949 1905 ὑγιοῦς
994 1839 1069 1911 μὴ
1110 1842 1556 1912 κατωρθωκέναι.
1606 1845 1783 1917 Ὅπερ

1894 1839 2093 1895 incerta
2133 1840 2299 1893 verba
2367 1838 2520 1893 ﬁunt.
2563 1839 2660 1895 Vel
2702 1840 2935 1908 denique
2985 1842 3052 1895 ad
3092 1841 3464 1910 contemplan-

218 1924 355 1988 τινάς
396 1921 514 1981 οἶδα
572 1930 849 1995 παθόντας
896 1931 1008 1999 ἐγὼ
1048 1932 1158 1986 τῶν
1199 1934 1274 2004 μὴ
1305 1935 1639 2007 δυνηθέντων
1675 1954 1780 1990 κα-

217 2015 493 2086 τορθῶσαι,
517 2021 675 2088 μηδὲ
696 2021 807 2075 δύο
828 2023 1105 2091 χιτῶνας.
1138 2026 1338 2097 Ἐχρῆν
1358 2027 1469 2099 γὰρ
1488 2028 1562 2098 μὴ
1584 2029 1781 2093 εἰπεῖν,

217 2105 287 2159 ὅτι
311 2107 651 2181 θεωρηθῆναι
678 2113 805 2184 χρὴ,
835 2116 972 2168 ἀλλά
997 2115 1275 2187 θαυμάσαι
1307 2118 1407 2187 μὲν
1426 2119 1553 2183 τοὺς
1580 2136 1781 2191 κατορ-

218 2196 505 2266 θώσαντας,
556 2203 895 2275 ὁμολογῆσαι
939 2207 997 2260 δὲ
1028 2207 1220 2262 τούτου
1252 2209 1348 2263 τοῦ
1377 2209 1543 2264 ἄθλου
1586 2212 1784 2264 ἀπολε-

214 2290 434 2361 λεῖφθαι.
490 2294 637 2363 Ἐγὼ
682 2296 791 2368 γὰρ
823 2299 1065 2363 ἐκείνους
1116 2300 1354 2370 μάλιστα
1392 2303 1781 2374 ἀνακηρύττω,

213 2388 325 2446 τοὺς
352 2384 658 2452 ἀνύσαντας
684 2388 829 2460 ἅπερ
858 2391 999 2456 τέως
1018 2392 1213 2447 ἀνύσαι
1246 2395 1348 2448 οὐκ
1378 2395 1672 2467 ἠδυνήθην.

1888 1930 2018 1985 dum
2048 1943 2108 1985 se
2129 1930 2420 1999 recipiunt,
2455 1930 2724 1986 actionem
2754 1930 3107 2000 refugientes,
3138 1946 3207 1986 ne
3240 1932 3461 1986 videan-

1894 2031 1982 2077 tur
2012 2036 2077 2076 ex
2119 2021 2327 2090 ignavia
2372 2021 2734 2091 socordiaque
2783 2022 2877 2077 sed
2926 2036 3061 2078 sano
3104 2023 3311 2092 judicio
3349 2038 3458 2078 non

1892 2121 2040 2168 recte
2075 2112 2288 2168 fecisse.
2333 2110 2486 2179 Quod
2546 2113 2733 2167 multis
2781 2115 2896 2170 scio
2953 2130 3056 2169 usu
3109 2116 3345 2175 venisse,
3396 2115 3465 2169 iis

1888 2206 2189 2276 praesertim
2233 2204 2327 2276 qui
2359 2206 2487 2261 illud
2532 2220 2754 2261 servare
2815 2221 2924 2261 non
2983 2207 3195 2277 possint
3245 2224 3259 2261 :
3320 2206 3465 2261 Duas

1889 2298 2094 2353 tunicas
2120 2313 2212 2352 nec
2265 2297 2557 2351 habeatis‘.
2616 2296 2733 2353 Non
2775 2298 2922 2353 enim
2980 2298 3292 2363 dicendum,
3337 2313 3470 2353 con-

1887 2388 2222 2458 templationi
2248 2388 2482 2444 dandam
2510 2403 2758 2458 operam,
2811 2390 2906 2444 sed
2952 2390 3331 2443 admirandum
3376 2402 3473 2443 eos

215 2475 296 2541 qui
348 2490 496 2532 recte
544 2493 611 2534 ac
654 2483 913 2549 praeclare
961 2484 1088 2552 quid
1114 2494 1276 2555 agant
1318 2502 1333 2540 :
1400 2485 1767 2542 confitendum
1839 2497 1969 2539 vero
2002 2482 2104 2536 hoc
2138 2494 2198 2535 se
2279 2481 2578 2535 certamine
2620 2482 2794 2547 vinci,‘
2834 2490 2889 2535 et
2935 2496 2966 2535 a
3003 2488 3154 2551 tergo
3209 2479 3465 2551 relinqui.

215 2572 316 2640 Ego
347 2588 478 2628 sane
525 2574 649 2630 illos
689 2578 926 2632 maxime
958 2580 1193 2649 praedico
1239 2582 1331 2651 qui
1382 2582 1434 2637 id
1490 2590 1771 2654 praestant,
1810 2579 1953 2652 quod
1988 2579 2101 2649 ipse
2136 2577 2399 2632 hactenus
2426 2590 2531 2630 non
2573 2577 2718 2647 potui
2747 2585 3029 2644 praestare.

650 2683 815 2753 Tw.
848 2717 920 2727 —
949 2688 1327 2761 ΜΔΡΤΥΡΙῼ.

2251 2684 2568 2742 CCCXCIX.
2608 2714 2681 2727 -—-
2701 2684 3089 2742 MARTYRIO.

809 2796 1072 2861 Temporis
1094 2797 1231 2851 ratio
1258 2797 1519 2851 habenda.
1551 2794 1779 2855 Occasio
1811 2811 1919 2849 non
1948 2791 2292 2863 negligenda.‘
2315 2789 2496 2862 (Cani.
2532 2791 2685 2860 epist.
2715 2790 2868 2863 266.)

278 2896 533 2971 ’Δριστόν
561 2898 742 2965 ἐστιν,
777 2893 824 2954 ὧ
857 2900 1079 2972 φίλτατε
1100 2943 1116 2968 ,
1145 2904 1207 2957 τὸ
1235 2904 1427 2975 χρόνου
1462 2903 1738 2974 φείδεσθαι
1761 2920 1779 2937 ο

211 2989 302 3043 οὐκ
331 2991 585 3061 ἀνέχεται
620 2992 731 3063 γὰρ
756 2987 913 3057 αὖθις
944 2996 1264 3067 ὲπιφοιτᾷν,
1296 2995 1421 3048 οὔτε
1451 2994 1629 3066 μάτην
1652 2995 1786 3048 ἀνα-

1957 2900 2209 2970 Tempori
2232 2914 2454 2970 parcere
2475 2899 2737 2969 optimum
2756 2908 2861 2965 est,
2890 2897 3218 2954 amicissime
3242 2916 3257 2954 :
3290 2907 3470 2955 trans-

1884 2993 2018 3049 itum
2056 2992 2200 3047 enim
2223 3006 2328 3045 non
2361 2990 2521 3056 redit,
2561 3006 2661 3045 nec
2697 2990 2839 3046 male
2869 2990 3211 3054 collocatum,
3269 2990 3460 3046 eadem

213 3080 392 3145 λωθεὶς
429 3083 536 3153 τὴν
581 3083 753 3152 αὐτὴν
785 3084 1147 3156 ὑποστρέφειν
1184 3086 1335 3140 ὁδόν·
1372 3086 1522 3158 νόμῳ
1574 3087 1631 3139 δὲ
1676 3085 1781 3157 φύ-

1894 3083 2178 3139 revertitur
2219 3082 2332 3138 via.
2380 3080 2741 3137 lndissolubili
2792 3081 2938 3137 enim
2970 3092 3179 3136 natura:
3231 3080 3330 3152 legi
3378 3082 3471 3136 ob-

214 3189 341 3235 σεως
390 3173 577 3244 ἀλύτῳ
633 3174 952 3245 πειθόμενος
1004 3176 1319 3246 (ὠκύτατος
1360 3177 1472 3249 γάρ
1522 3180 1638 3231 ἐστι
1688 3176 1784 3230 καὶ

1894 3185 2197 3245 temperans
2233 3174 2657 3244 (velocissimum
2699 3181 2783 3229 est
2832 3174 2977 3229 enim
3009 3188 3072 3227 ac
3096 3172 3468 3243 celerrimum)

211 3263 504 3335 ταχύτατος
522 3266 565 3333 ),
602 3265 713 3319 θέει
751 3267 849 3336 μὲν
877 3267 1139 3339 ἀκίχητον
1175 3267 1404 3339 δρόμον,
1442 3268 1702 3323 λαϐέσθαι
1725 3267 1783 3321 δὲ

1894 3265 2492 3337 incomprehensibilem
2533 3264 2706 3319 currit
2759 3279 3005 3328 cursum,
3042 3272 3101 3318 ut
3130 3264 3249 3333 capi
3278 3279 3310 3317 a
3370 3279 3469 3319 vo-

212 3356 314 3418 τοϊς
339 3355 686 3426 βουλομένοις
714 3356 773 3409 οὐ
802 3355 1035 3411 δίδωσιν.
1069 3356 1279 3411 Οὐκοῦν
1311 3356 1417 3427 χρὴ
1447 3356 1664 3426 ἔχεσθαι
1690 3355 1786 3411 αύ-

1894 3357 2032 3412 Ientc
2059 3366 2311 3427 nequeat.
2340 3354 2591 3411 Praesens
2640 3355 2822 3423 itaque
2854 3365 3066 3425 tempus
3095 3353 3469 3425 arripiendum

211 3445 299 3499 τοῦ
334 3446 731 3517 πλησιάζοντος
752 3462 767 3477 ⁸
796 3441 908 3501 οἷόν
931 3465 991 3500 τε
1021 3447 1131 3519 γάρ
1158 3449 1280 3502 τότε
1309 3448 1451 3501 ἑλεῖν
1490 3448 1578 3500 καί
1611 3464 1783 3501 κατα-

1894 3460 1996 3513 est,
2025 3458 2153 3504 tunc
2184 3449 2327 3503 enim
2360 3450 2767 3518 apprehendere
2808 3448 2974 3502 liceat
3030 3462 3095 3502 ac
3131 3448 3317 3515 potiri.
3360 3445 3472 3499 Ob-

211 3539 372 3607 σχεῖν.
403 3537 898 3609 Παριππεύσαντος
930 3541 1039 3609 γὰρ
1066 3540 1161 3594 καὶ
1184 3539 1245 3593 τὸ
1272 3536 1627 3609 μεταδιώκειν
1647 3538 1781 3611 ἀνή-

210 3646 358 3687 νυτον
374 3672 390 3698 ,
420 3632 521 3687 καὶ
544 3631 607 3685 τὸ
630 3631 1068 3701 καταλαμϐάνειν
1100 3632 1405 3704 ἀμήχανον.

522 3750 523 3755 κ
590 3740 668 3795 Υσ.
704 3772 775 3783 -
805 3739 1066 3812 ΕΡΜΙΝῼ
1100 3741 1397 3795 KOMHTI.

1890 3540 2148 3610 equitans
2186 3551 2369 3597 autem
2405 3555 2470 3595 ac
2518 3540 2811 3595 decurrens
2864 3538 2988 3609 capi
3035 3554 3142 3594 non
3200 3545 3379 3609 potest
3406 3550 3473 3592 ac

1891 3631 2296 3702 comprehendi.

2235 3739 2344 3793 CD.
2382 3767 2454 3779 —
2502 3736 2812 3794 HERMINO
2857 3735 3121 3796 COMITI.

1065 3859 1127 3903 ιη
1153 3844 1320 3898 malos
1353 3854 1591 3915 pastores
1620 3861 1775 3915 pecus
1807 3846 2163 3917 deglubentes,
2207 3846 2399 3902 Ezech.
2430 3843 2619 3904 xxitv.

272 3976 363 4049 Μὴ
412 3974 695 4046 θαύμαζε,
741 3975 789 4032 εί
846 3974 1116 4031 τοσούτων
1156 3975 1432 4045 ποιμένων
1482 3974 1789 4046 λεγομένων

1956 3976 2077 4033 Noli
2125 3976 2385 4031 admirari
2437 3984 2515 4030 tot
2569 3983 2953 4044 tantorumque
3016 3985 3295 4043 pastorum
3333 3990 3469 4032 oves

209 4069 272 4123 τά
298 4067 550 4140 πρόϐατα
582 4066 859 4121 λυκοῦται.
894 4065 1159 4120 Τοσοῦτον
1196 4066 1303 4136 γὰρ
1332 4066 1596 4136 ἀπέχουσι
1641 4083 1788 4128 τινες

1894 4067 2050 4122 veluti
2114 4081 2144 4119 a
2197 4066 2338 4135 lupis
2383 4064 2658 4121 dilaniari.
2697 4062 2925 4129 Quidam
2975 4064 3119 4117 enim
3154 4064 3284 4133 (non
3317 4064 3465 4118 enim

211 4159 265 4223 ἐξ
321 4159 506 4213 αὐτῶν
566 4157 666 4230 (οὐ
744 4157 853 4227 γὰρ
918 4157 1127 4219 πάντας
1181 4156 1491 4224 αἰτιατέον)
1539 4156 1633 4210 τοῦ
1687 4174 1787 4226 φυ-

210 4246 415 4299 λάττειν
457 4245 556 4300 καὶ
610 4244 988 4315 ἐπιμελεῖσθαι
1010 4284 1025 4309 ,
1062 4246 1145 4299 ὅτι
1177 4245 1300 4298 οὐδὲ
1331 4244 1510 4298 κυνῶν
1553 4244 1783 4314 μιμοῦν-

1884 4154 2174 4211 accusandi
2204 4152 2416 4223 omnes)
2442 4160 2653 4209 tantum
2684 4153 2786 4207 sibi
2812 4159 3122 4222 temperant
3151 4167 3180 4205 a
3207 4153 3466 4207 custodia

1883 4257 1937 4300 et
1966 4260 2116 4313 cura,
2149 4254 2208 4300 ut
2239 4260 2306 4299 ne
2323 4259 2517 4299 canum
2548 4244 2951 4314 680quidem
2983 4258 3201 4312 gregem
3236 4258 3466 4298 servan-

210 4354 295 4391 ται
332 4338 536 4409 τρόπον
570 4338 976 4407 φυλαττόντων,
1010 4337 1145 4391 ἀλλά
1175 4338 1244 4391 τὰ
1270 4337 1448 4390 λύκων
1476 4337 1679 4408 δρῶσι,
1712 4338 1779 4391 τά

1894 4338 2017 4391 tium
2061 4350 2264 4391 morem
2310 4344 2549 4400 teneant,
2605 4336 2700 4389 sed
2756 4334 3001 4403 luporum
3044 4344 3231 4404 partes
3262 4346 3448 4405 agant.

212 4426 451 4497 πρόϐατα
500 4426 896 4490 κατεσθίοντες.
946 4428 1023 4481 Οὐ
1072 4427 1180 4497 γάρ
1207 4428 1440 4498 ἤρκεσεν
1489 4427 1672 4490 αὐτοῖς
1714 4427 1783 4481 τὰ

1894 4427 2076 4496 Neque
2102 4426 2245 4480 enim
2278 4425 2413 4481 satis
2442 4428 2645 4479 ducunt
2679 4424 2801 4479 lana
2855 4434 2910 4480 et
2944 4430 3095 4479 lacte
3146 4425 3245 4491 uti,
3290 4426 3383 4480 sed
3410 4436 3467 4481 et

210 4515 325 4586 ἔρια
360 4518 457 4571 καὶ
512 4517 574 4570 τὸ
609 4518 780 4585 γάλα,
818 4518 956 4572 ἀλλά
1008 4518 1104 4571 καὶ
1154 4518 1333 4572 αὐτῶν
1368 4519 1608 4589 ἥψαντο,
1663 4518 1783 4589 οὐχὶ

1894 4518 2133 4586 ipsorum
2188 4516 2429 4586 rapiunt,
2474 4529 2578 4569 non
2611 4524 2719 4569 tam
2771 4529 3023 4584 corpora,
3081 4517 3228 4585 quod
3281 4515 3465 4572 minus

208 4608 312 4662 τῶν
351 4610 621 4680 σωμάτων
651 4605 845 4681 (ἦττον
882 4610 990 4681 γὰρ
1017 4611 1084 4663 ἂν
1111 4608 1208 4683 ἦν)
1225 4652 1239 4676 ,
1267 4610 1403 4664 ἀλλά
1432 4609 1540 4662 τῶν
1561 4608 1779 4679 ψυχῶν·

211 4700 313 4752 πᾶν
360 4700 460 4770 μὲν
509 4699 739 4770 λιπαρὸν
785 4699 1259 4769 κατασφάξαντες,
1302 4702 1410 4753 πᾶν
1449 4699 1507 4754 δὲ
1552 4699 1776 4760 ἀσθενὲς

208 4789 577 4860 παρορῶντες,
598 4792 707 4843 πᾶν
728 4791 786 4843 δὲ
806 4790 1343 4861 τετραυματισμένον
1365 4792 1426 4845 ού
1454 4791 1783 4861 θεραπεύον-

208 4897 313 4945 τες,
348 4881 408 4935 τὸ
437 4882 498 4935 δὲ
540 4882 759 4953 ἰσχυρὸν
802 4884 897 4936 καὶ
929 4883 1005 4953 μὴ
1034 4880 1181 4937 εἶκον
1211 4886 1278 4955 τῇ
1316 4883 1528 4954 ἀσωτίᾳ
1568 4882 1782 4951 αὐτῶν,

206 4970 373 5037 δόλοις
398 4975 497 5027 καὶ
526 4974 836 5037 ἐπιϐουλαῖς
865 4975 1347 5045 κατεργαζόμενοι.

452 5082 580 5138 ΥΔ’.
611 5112 682 5123 -
719 5083 1021 5157 ΔΩΡΟΘΕῼ
1050 5084 1539 5155 ΛΑΜΠΡΟΤΑΤῼ.

1889 4606 2051 4670 foret,
2086 4620 2248 4675 quam
2273 4605 2505 4669 animas,
2539 4619 2704 4674 pecus
2737 4619 2899 4659 omne
2938 4606 3139 4675 pingue
3170 4607 3467 4661 absumen-

1884 4708 2047 4763 tes,et
2070 4698 2342 4752 inlirmum
2362 4696 2505 4765 quod
2536 4706 2618 4751 eSt
2643 4706 3075 4760 contemnentes,
3106 4706 3162 4751 et
3194 4697 3457 4766 quidquid

1886 4792 2069 4845 la'sum
2096 4790 2316 4843 vulnere
2338 4799 2420 4843 est
2438 4803 2545 4841 non
2565 4788 2918 4843 medicantes.
2941 4787 3210 4857 Quidquid
3238 4788 3453 4843 firmum

1886 4889 1971 4933 est
1996 4893 2059 4931 ac
2086 4868 2389 4943 robuStum,
2437 4887 2625 4932 contra
2665 4887 2829 4947 atque
2868 4879 3175 4947 oportebat,
3222 4878 3463 4950 ingluvie

1889 4986 2009 5035 sua,
2046 4968 2327 5024 fraudibus
2358 4977 2521 5038 atque
2548 4969 2762 5023 insidiis
2792 4969 3285 5038 comprehendunt.

2069 5076 2201 5131 σοι.
2248 5106 2320 5116 -
2366 5074 2739 5133 DOROTHEO
2781 5076 2945 5134 VlliO
2975 5076 3284 5135 CLARISS.

1101 5194 1344 5249 Veritatis
1372 5199 1471 5261 vis,
1500 5188 1551 5250 et
1592 5193 1863 5250 candoris.
1916 5188 2133 5257 Semper
2164 5188 2358 5242 veritas
2399 5188 2579 5243 vincit.

287 5320 489 5382 Ἡδέως
516 5318 583 5373 ἂν
611 5319 705 5372 καὶ
730 5319 981 5390 ἀσμένως
1006 5321 1104 5390 τὴν
1136 5321 1390 5391 ἀλήθειαν
1418 5321 1593 5392 τιμῶν
1622 5322 1782 5393 ἡττῆ-

212 5411 331 5465 σθαι
359 5412 535 5473 δοκῶ,
563 5412 596 5482 ἢ
628 5411 956 5483 ψευδόμενος
987 5412 1142 5466 νικῶ.
1188 5414 1493 5483 Ἀληθεύων
1526 5414 1625 5485 μὲν
1652 5414 1782 5485 γὰρ,

210 5502 306 5554 κᾶν
344 5503 613 5573 ἡττῆσθαι
637 5504 800 5567 δόξω,
831 5504 1091 5574 νενίκηκα
1112 5522 1126 5535 ο
1153 5505 1338 5579 ἀπάτῃ
1374 5504 1431 5560 δὲ
1463 5506 1745 5579 κρατήσας
1771 5541 1786 5569 ,

212 5594 309 5649 κᾶν
337 5597 683 5666 νενικηκέναι
722 5596 859 5664 δόξω
882 5639 897 5664 ,
925 5597 1189 5671 ἦττημαι.

277 5768 291 5805 ¹
323 5769 513 5829 Matth.
559 5788 612 5837 ι,
651 5771 735 5827 l0.

1958 5317 2176 5373 Lubens
2231 5316 2523 5387 volensque
2584 5317 2866 5371 veritatem
2940 5318 3214 5375 honorans
3279 5316 3464 5376 malim

1885 5409 2055 5471 vinci,
2090 5424 2251 5478 quam
2286 5411 2516 5463 mendax
2543 5408 2783 5462 vincere.
2820 5406 2956 5462 Vera
2988 5410 3185 5465 etenim
3214 5426 3464 5477 narrans,

1887 5501 1989 5555 etsi
2022 5501 2163 5554 vinci
2191 5500 2395 5562 videar,
2446 5500 2621 5556 vinco.
2657 5498 2788 5555 Dolo
2845 5516 2973 5555 vero
3013 5502 3153 5560 malo
3176 5519 3465 5576 superans,

1893 5594 2107 5652 tametsi
2136 5591 2328 5648 vicisse
2364 5592 2570 5659 videar,
2596 5592 2770 5649 victus
2802 5592 2958 5649 abeo.
