3982 6420
501 342 643 412 1567
1713 345 1774 406 S.
1815 344 2108 407 ISIDORI
2146 344 2586 407 PELUSIOTE

2206 344 2586 407 ELUSIOTIE
3621 343 3741 411 1563

497 460 656 517 Cl)".
702 489 773 502 —-
825 457 1608 586 Manrméﬁtgtlghzlggmo,
1663 460 1929 516 MARONI
1987 461 2077 516 ET
2108 471 2151 529 Α
2186 462 2310 519 ΥΒ’.
2350 493 2420 504 -
2466 462 3265 591 ΜΑΡΤΙΝΙΔΙΨΓᾏὲἃξΙΜῼ,
3312 465 3602 529 ΜΑΡΩΝΙ,
3638 466 3741 519 ΕΥ-

1712 647 1915 702 Suadet
1951 664 1983 701 α
2005 647 2223 702 libidine
2249 659 2563 718 temperare.

574 754 1022 825 Quandoquidem
1061 755 1315 824 ignorare
1360 772 1457 811 vos
1495 756 1768 813 simulatis
1821 757 2082 827 improbi-
2273 758 2492 831 Ἐπειδὴ
2521 761 2735 830 ἀγνοεῖν
2769 777 2922 831 προσε

2273 758 2492 831 Ἐπειδὴ
2521 761 2735 830 ἀγνοεῖν
2769 760 3176 831 προσποιεῖσθε,
3218 760 3301 813 ὅτι
3334 761 3366 831 ἡ
3398 760 3561 814 κακία
3584 762 3744 832 πάσης

501 854 665 900 tatem
695 846 840 899 omni
884 861 1007 901 esse
1043 860 1203 913 poena
1246 846 1638 915 molestiorem,
1683 864 1895 919 aequum
1943 849 2072 903 duxi
2190 849 2461 921 τιμωρίας
2500 852 2615 905 ἐστὶ
2663 852 2918 922 χαλεπωτ

2206 849 2461 921 τιμωρίας
2500 852 2615 905 ἐστὶ
2663 852 3060 922 χαλεπωτέρα,
3106 850 3402 904 ἐδικαίωσα
3444 853 3572 905 αὑτὸ
3608 854 3746 907 τοῦτο

502 938 553 991 id
583 937 913 1009 signiﬁcare.
957 938 1011 993 Si
1041 950 1224 993 autem
1254 955 1351 995 vos
1381 940 1480 1009 ipsi
1512 940 1767 1010 decipitis
1810 941 2083 996 illecebris
2193 939 2454 1009 μηνῦσαι.
2489 942 2550 995 Et
2573 942 2631 996 δὲ
2666 943 2895 1005 ἑαυτοὺς

2206 939 2454 1009 μηνῦσαι.
2489 942 2550 995 Εί
2573 942 2631 996 δὲ
2666 943 2895 1005 ἑαυτοὺς
2924 940 3358 1011 παραλογίζεσθε
3388 942 3493 994 ὑπὸ
3513 942 3616 993 τῶν
3637 943 3745 1011 ήδο-

503 1028 837 1098 voluptatum
888 1030 1121 1099 decepti,
1162 1030 1429 1100 supplicia
1474 1046 1596 1101 quae
1646 1031 1749 1086 sibi
1817 1032 2083 1099 intempe-
2193 1029 2299 1082 νῶν
2336 1030 2782 1103 κολακευόμενοι,
2818 1034 2922 1085 ἐννι

2206 1029 2299 1082 νῶν
2336 1030 2782 1103 κολακευόμενοι,
2818 1034 3107 1102 ἐννοήσατε
3147 1032 3241 1085 καὶ
3270 1032 3368 1094 τὰς
3400 1032 3641 1093 κολάσεις
3664 1033 3747 1095 τὰς

508 1120 685 1172 rantia
736 1130 901 1188 atque
961 1120 1127 1175 libido
1181 1120 1443 1187 arcessit,
1480 1128 1537 1174 et
1592 1134 1810 1192 semper
1866 1121 2077 1191 pendit,
2189 1122 2549 1194 τῇάκολασίᾳ
2580 1124 2922 1195 χρεωστουμέ

2206 1122 2256 1191 τῇ
2283 1122 2549 1194 ἀκολασίᾳ
2580 1124 3050 1195 χρεωστουμένας,
3076 1122 3173 1176 καὶ
3202 1124 3421 1185 πάντως
3451 1123 3746 1195 ἀποδοθησο-

505 1212 843 1280 perpendite.
1168 1260 1173 1265 .
2193 1213 2363 1284 μένας
2382 1254 2398 1279 ,
2434 1216 2530 1269 καὶ
2558 1216 2836 1287 ἀπόστητε
2865 1234 2922 1270 το

2206 1213 2363 1283 μένας
2382 1254 2398 1279 ,
2434 1216 2530 1269 καὶ
2558 1216 2836 1287 ἀπόστητε
2865 1216 3091 1288 ταύτης.

979 1341 1161 1399 CDlll.
1187 1372 1258 1384 —
1290 1340 1583 1401 SERENO.
2701 1345 2825 1401 ΥΓ’.
2859 1377 2922 1387 -

2701 1345 2825 1401 rr'.
2859 1377 2931 1387 -
2960 1346 3257 1417 mrum.

1309 1476 1316 1481 ·
1357 1460 1536 1513 Animi
1568 1456 1864 1511 moderatio
1883 1456 1940 1511 in
1967 1456 2236 1526 prosperis
2271 1458 2609 1528 adversisque
2639 1462 2922 1517 servanda.

575 1565 812 1622 Nimium
840 1568 1093 1636 gaudium
1148 1569 1322 1639 magis
1372 1569 1645 1624 interdum
1691 1583 1855 1638 quam
1910 1567 2089 1623 luctus
2268 1569 2560 1623 Ἐστινὸτε
2578 1570 2922 1641 χαράἄμετρι

2268 1569 2459 1622 Ἔστιν
2472 1571 2560 1623 ὅτε
2578 1570 2720 1641 χαρά
2737 1571 2973 1641 ἄμετρος
2988 1569 3163 1640 λύπης
3180 1568 3343 1623 πλέον
3361 1568 3462 1640 τὴν
3481 1569 3648 1639 ψυχὴν
3661 1569 3749 1622 ἀδι-

505 1662 689 1713 animo
730 1668 908 1715 nocet.
941 1659 1076 1715 Nam
1101 1676 1196 1729 spe
1229 1661 1479 1716 attollens
1510 1663 1648 1715 bona
1674 1670 1853 1715 mente
1884 1666 2087 1722 movet,
2196 1665 2299 1718 κεῖ.
2337 1663 2401 1717 Ἦ
2434 1664 2533 1734 μὲν
2550 1664 2662 1734 γὰρ
2682 1664 2922 1733 ἀναπτερ

2206 1665 2299 1718 κεῖ.
2337 1663 2401 1717 Ἦ
2434 1664 2533 1734 μὲν
2550 1664 2662 1734 γὰρ
2682 1664 2980 1733 ἀναπτεροῖ
3015 1663 3110 1715 καὶ
3136 1662 3469 1734 παράφρονα
3486 1661 3644 1731 αὐτὴν
3671 1663 3749 1731 ἐρ-

506 1758 819 1820 naturteque
874 1752 1081 1807 inducit
1131 1752 1353 1808 oblivia.
1428 1751 1629 1806 Luctus
1675 1767 1806 1806 vero
1854 1750 2090 1806 hominis
2124 1781 2165 1837 Β
2192 1756 2451 1823 γάζεται,
2495 1757 2591 1809 καὶ
2634 1757 2734 1827 τῆς
2762 1754 2922 1825 φύσει

2206 1756 2451 1823 τάζεται,
2495 1757 2591 1809 καὶ
2634 1757 2734 1827 τῆς
2762 1754 2979 1825 φύσεως
3022 1755 3195 1825 λήθην
3243 1755 3485 1822 ἐμποιεῖ.
3526 1752 3588 1804 Ἥ
3619 1751 3667 1803 δὲ
3698 1751 3751 1803 τὺ

506 1852 742 1897 mentem
791 1844 1171 1901 demissiorem
1246 1845 1446 1911 reddit,
1502 1844 1809 1913 fastumque
1879 1843 2082 1913 dejicit,
2192 1845 2447 1917 φρόνημα
2480 1848 2649 1917 αὐτῆς
2676 1849 2922 1900 ταπεινοῖ

2206 1845 2447 1917 ρρόνημα
2480 1848 2649 1917 αὐτῆς
2676 1848 2960 1911 ταπεινοῖ,
2992 1845 3172 1899 καὶτὸ
3213 1844 3449 1914 φύσημα
3476 1845 3639 1905 κενοῖ,
3671 1843 3750 1893 καὶ

506 1950 724 2003 suaeque
752 1936 881 1992 facit
909 1937 1234 1992 conditionis
1260 1954 1556 1993 memorem
1596 1955 1611 1993 :
1640 1937 1827 1993 virtuti
1855 1937 2086 2005 denique
2190 1936 2293 2005 τῆς
2346 1936 2563 2006 φύσεως
2605 1939 2922 2009 ὑπομιμνήο

2206 1936 2293 2005 πῆς
2346 1936 2563 2006 φύσεως
2605 1939 3048 2009 ὑπομιμνήσκει,
3112 1937 3207 1991 καὶ
3256 1940 3337 1999 είς
3402 1934 3595 2006 ἀρετήν
3644 1951 3748 1986 συν-

506 2028 777 2097 astringit.
840 2027 1034 2084 Gaudii
1075 2029 1261 2099 itaque
1310 2039 1365 2086 et
1407 2030 1586 2085 luctus
1634 2030 1894 2085 victorem
1930 2029 2087 2083 decet
2191 2027 2427 2083 ελαύνει.
2471 2029 2594 2101 Χρὴ
2632 2026 2726 2083 οὖν
2758 2031 2853 2084 καὶ
2888 2048 2921 2100 χ

2206 2027 2427 2083 ελαύνει.
2471 2029 2594 2101 Χρὴ
2632 2026 2726 2083 οὖν
2758 2031 2853 2084 καὶ
2888 2031 3063 2100 χαρᾶς
3106 2030 3200 2083 καὶ
3241 2030 3423 2098 λύπης
3455 2026 3751 2096 ὑψηλότερον

506 2132 667 2171 esse:
695 2127 985 2190 utrumque
1015 2122 1181 2177 etiam
1212 2122 1493 2177 moderate
1546 2127 1974 2191 constanterque
2012 2119 2091 2174 fe-
2197 2116 2375 2186 είναι,
2407 2122 2502 2175 καὶ
2544 2121 2782 2193 μετρίως
2823 2124 2919 2176 καὶ

2206 2116 2375 2186 εἶναι,
2407 2122 2502 2175 καὶ
2544 2121 2782 2193 μετρίως
2823 2124 2919 2176 καὶ
2958 2120 3340 2192 ἐπιστημόνως
3375 2120 3477 2187 τὴν
3521 2118 3751 2188 ἑκατέρας

508 2209 760 2263 rcttdum.
2198 2213 2389 2285 φέρειν
2413 2212 2622 2283 ἔφοδον.

2206 2213 2389 2285 φέρειν
2413 2212 2622 2283 ἔφοδον.

825 2316 1008 2375 CDIV.
1038 2351 1109 2361 -—
1140 2319 1416 2376 HIERACI
1455 2318 1777 2378 DLACONO.
2568 2322 2691 2376 I’A'.
2725 2353 2799 2365 —
2829 2322 3065 2376 IEPAKI
3100 2320 3443 2382 AIAKONQ’

512 2431 776 2489 Hortatur
799 2447 879 2504 ut,
909 2454 1029 2492 cum
1060 2438 1225 2492 animi
1258 2440 1498 2494 morbum
1526 2448 1832 2511 cognoscat,
1868 2439 1985 2512 ejus
2011 2442 2280 2568 ἐνδεικτιὶέιὲ
2301 2441 2543 2583 )medelte.
2576 2441 2755 2514 (Conf.
2794 2442 2863 2496 ad
2905 2442 3146 2496 eumdem
3174 2442 3328 2510 epist.
3358 2442 3485 2506 155,
3522 2452 3567 2497 et
3594 2442 3674 2496 lib.
3697 2453 3753 2510 lt,

1976 2527 2086 2582 epts
2116 2550 2132 2568 .
2281 2555 2292 2565 .

1976 2521 2132 2582 epist.
2167 2521 2292 2568 258.

583 2615 710 2672 Plus
758 2627 934 2688 potest
989 2620 1305 2692 aegrotantis
1346 2622 1709 2691 propositum,
1764 2620 1811 2677 si
1866 2636 2088 2692 persua-
2267 2620 2379 2674 Καὶ
2404 2617 2498 2673 τοῦ
2530 2617 2717 2689 ίατροὺ
2749 2618 2855 2672 κᾶν
2875 2617 2922 2689 ἀι

2267 2620 2379 2674 Καὶ
2404 2617 2498 2673 τοῦ
2530 2617 2717 2689 ίατροῦ
2749 2618 2855 2672 κᾶν
2875 2617 3095 2689 ἄριστος
3118 2620 3226 2689 εἴη,
3249 2620 3347 2673 καὶ
3370 2620 3479 2672 τῶν
3504 2619 3748 2689 βοηθημά-

511 2712 644 2766 serit
670 2711 773 2766 sibi
802 2727 860 2766 se
881 2725 1165 2782 :egrotare,
1192 2714 1355 2769 etiam
1384 2714 1438 2768 in
1467 2714 1659 2777 morbo
1683 2726 1878 2770 curatu
1910 2713 2084 2779 facili,
2197 2729 2304 2765 των
2334 2710 2439 2764 κᾶν
2468 2710 2641 2764 πολλὰ
2672 2712 2755 2783 εἴη
2784 2712 2877 2765 καὶ
2905 2730 2922 2763 τ

2206 2729 2304 2765 των
2334 2710 2439 2764 κᾶν
2468 2710 2641 2764 πολλά
2672 2712 2755 2783 εἴη
2784 2712 2877 2765 καὶ
2905 2710 3193 2781 πολυτελῆ,
3224 2713 3319 2765 καὶ
3348 2712 3444 2764 τοῦ
3482 2714 3751 2781 νοσήματος

513 2811 568 2857 et
597 2804 881 2858 sanitatem
912 2806 1175 2876 consequi
1227 2806 1463 2873 studeat,
1505 2822 1667 2876 quam
1716 2805 1960 2861 medicus
1997 2804 2090 2875 qui
2197 2803 2303 2857 κᾶν
2348 2804 2561 2857 εὐΐατον
2611 2804 2729 2874 είη,
2782 2803 2922 2874 μᾶλλ

2206 2803 2303 2857 κᾶν
2348 2804 2561 2857 εὑϊατον
2611 2804 2729 2874 εἴη,
2782 2803 2984 2874 μᾶλλον
3036 2803 3257 2857 δύναται
3294 2805 3329 2874 ή
3370 2804 3466 2857 τοῦ
3507 2804 3750 2865 νοσοῦντος

514 2895 906 2949 medicamenta
936 2896 1164 2966 plurima
1182 2906 1234 2951 et
1257 2898 1524 2966 exquisita
1552 2898 1765 2951 habeat.
1789 2895 1914 2950 llaec
1936 2898 2083 2950 enim
2199 2896 2521 2967 προαίρεσις
2547 2935 2563 2955 ,
2610 2897 2659 2948 εί
2705 2894 2922 2948 πείσειε·

2206 2896 2521 2967 προαίρεσις
2547 2935 2563 2955 ,
2610 2897 2659 2948 εί
2705 2894 2946 2948 πείσειεν
2987 2896 3177 2950 ἑαυτὸν
3212 2898 3295 2949 ὃτι
3335 2899 3518 2963 νοσεῖ,
3561 2896 3648 2949 καὶ
3685 2897 3751 2958 εἰς

514 2986 560 3040 si
585 2988 1207 3052 concurrantuniversa,
1227 2988 1472 3058 nihilque
1496 2989 1877 3059 praetermittat
1905 3002 2093 3042 eorum
2201 2987 2501 3057 θεραπείαν
2530 2985 2748 3041 ὁδεῦσαι
2783 3002 2921 3040 σπου

2206 2987 2501 3057 θεραπείαν
2530 2985 2748 3041 ὁδεῦσαι
2783 2986 3156 3041 σπουδάσειεν.
3204 2989 3269 3041 Ei
3313 2989 3431 3060 γάρ
3474 2988 3564 3042 καὶ
3596 2990 3751 3039 ἐκεῖνα

515 3094 637 3147 quae
661 3079 727 3133 ad
781 3086 984 3134 rectam
1034 3082 1309 3151 pertinent
1360 3082 1751 3148 valetudinem,
1802 3080 1935 3135 nihil
1989 3080 2097 3135 tale
2122 3119 2165 3177 ε
2201 3079 2382 3132 πάντα
2418 3077 2736 3148 συνδράμοι.
2777 3077 2874 3131 καὶ
2907 3096 2922 3147 ι

2206 3079 2382 3132 πάντα
2418 3077 2736 3148 συνδράμοι.
2777 3077 2874 3131 καὶ
2907 3079 3073 3148 μηδὲν
3109 3078 3517 3149 παραλειφθείη
3544 3079 3641 3133 τῶν
3669 3095 3751 3147 φε-

516 3182 744 3241 possunt
792 3172 1003 3229 efﬁcere
1067 3174 1113 3229 si
1167 3190 1312 3244 :nger
1360 3175 1637 3244 proposito
1686 3174 2003 3239 reluctetur,
2042 3183 2094 3229 et
2129 3169 2164 3177 “
2204 3170 2407 3241 ρόντων
2447 3171 2528 3233 είς
2581 3169 2810 3237 ὑγείαν.
2843 3170 2922 3223 0ὖὲ

2206 3170 2407 3241 ρόντων
2447 3171 2528 3233 είς
2581 3169 2772 3237 ὑγείαν
2795 3210 2810 3233 ,
2843 3170 2998 3223 οὐδὲν
3039 3170 3293 3224 τοσοῦτον
3329 3171 3637 3242 δυνήσονται
3669 3171 3750 3239 τῆς

515 3259 768 3315 omnibus
796 3263 1131 3317 adversetur.
1157 3262 1214 3317 Si
1248 3273 1299 3319 te
1334 3264 1499 3331 igitur
1542 3265 1733 3319 m0rbo
1776 3265 1916 3319 nosti
1950 3263 2102 3319 labo-
2199 3262 2577 3335 προαιρέσεως
2633 3260 2728 3314 τοῦ
2780 3261 2922 3332 κάμν

2206 3262 2577 3335 προαιρέσεως
2633 3260 2728 3314 τοῦ
2780 3261 3083 3332 κάμνοντος
3128 3263 3630 3335 ἀντιπραττούσης,
3673 3262 3752 3316 καὶ

518 3366 663 3417 rare,
704 3368 810 3406 non
838 3354 1055 3423 quidem
1075 3356 1330 3426 exiguum
1368 3359 1470 3411 hoc
1501 3356 1678 3428 (multi
1714 3357 1859 3410 enim
1885 3355 2098 3427 aegroti,
2197 3355 2407 3417 τούτοις
2461 3353 2633 3407 ἅπασι
2698 3352 2922 3422 πολεμοι

2206 3355 2407 3417 τούτοις
2461 3353 2633 3407 ἅπασι
2698 3352 3064 3423 πολεμούσης.
3120 3355 3184 3407 Εἰ
3235 3354 3426 3407 τοίνυν
3483 3356 3571 3407 καὶ
3618 3354 3752 3416 αὐτὸς

517 3453 782 3511 :rgrotare
820 3460 879 3498 se
911 3446 1208 3513 nesciunt),
1231 3448 1297 3501 da
1324 3463 1546 3517 operam
1578 3447 1867 3519 diligenter
1887 3458 1943 3501 ut
1966 3463 2102 3504 con—
2194 3444 2348 3510 ξ’ἷδας
2365 3447 2448 3500 ὅτι
2474 3448 2651 3508 νοσεῖς
2689 3445 2772 3504 (οὑ
2804 3463 2922 3516 μικε

2206 3444 2348 3510 ἓῖδας
2365 3447 2448 3500 ὅτι
2474 3448 2651 3508 νοσεῖς
2689 3445 2772 3504 (οὑ
2804 3444 2999 3516 μικρὸν
3020 3446 3078 3499 δὲ
3105 3446 3202 3500 καὶ
3225 3446 3388 3499 τοῦτο
3415 3462 3433 3479 ⁸
3473 3446 3642 3499 πολλοὶ
3663 3444 3753 3515 γὰρ

518 3535 778 3593 valescas.
809 3538 1167 3594 Convalesces
1203 3548 1385 3595 autem
1414 3541 1459 3596 si
1490 3541 1705 3596 coneris
1745 3539 1859 3609 ipse
1890 3537 2101 3594 edicere
2208 3535 2482 3599 νοσοῦντες
2524 3535 2647 3588 οὐδὲ
2689 3535 2772 3588 ὃτι
2802 3551 2922 3587 νοσο

2208 3535 2482 3599 νοσοῦντες
2524 3535 2647 3588 οὐδὲ
2689 3535 2772 3588 ὅτι
2802 3532 3050 3587 νοσοῦσιν
3086 3534 3297 3606 ἴσασι),
3333 3536 3629 3590 σπούδασον
3676 3534 3752 3588 καὶ

521 3636 576 3681 te
609 3642 825 3692 sanum,
855 3638 909 3683 et
942 3645 971 3683 a
1000 3629 1108 3685 Deo
1131 3632 1353 3700 petieris
1380 3632 1455 3687 tui
1486 3632 1875 3704 cognitionem,
1904 3645 2024 3701 quae
2044 3641 2102 3686 et
2208 3626 2448 3697 ἰατρείας
2497 3629 2703 3696 τυχεῖν.
2740 3625 2922 3696 Τύχοιε

2208 3626 2448 3697 ίατρείας
2497 3629 2703 3696 τυχεῖν.
2740 3625 2941 3696 Τύχοις
2989 3626 3083 3691 δὲ,
3120 3628 3172 3679 εἰ
3219 3628 3422 3681 σαυτὸν
3460 3626 3751 3689 συντείνοις,

522 3726 770 3772 naturam
807 3728 862 3773 et
893 3720 1206 3776 morborum
1238 3723 1380 3778 mala
1409 3724 1594 3780 omnia
1627 3723 1790 3780 facile
1812 3733 2056 3794 superat.
2206 3720 2305 3773 καὶ
2344 3720 2444 3791 τὴν
2493 3719 2647 3773 Θείαν
2692 3717 2917 3771 καλεσει

2206 3720 2305 3773 καὶ
2344 3720 2444 3791 τὴν
2493 3719 2647 3773 Θείαν
2692 3717 2989 3781 καλέσειας
3039 3718 3136 3771 ἐπὶ
3193 3719 3399 3772 σαυτὸν
3444 3721 3751 3787 ἐπιστήμην,

2206 3815 2307 3884 τὴν
2335 3813 2431 3866 καὶ
2460 3810 2678 3880 φύσεως
2694 3852 2710 3876 ,
2735 3810 2831 3863 καὶ
2858 3810 3183 3880 νοσημάτων
3203 3851 3219 3877 ,
3251 3812 3347 3864 καὶ
3370 3812 3548 3881 πάσης
3574 3826 3754 3881 περιγι-

2206 3905 2440 3975 νομένην
2464 3901 2685 3965 κακίας.

721 4008 884 4080 681
915 4007 1520 4064 CDV.-—PALLADIO
1572 4008 1893 4067 DIACONO.
2515 4010 2641 4065 ΥΕ’.
2676 4039 2747 4050 -
2782 4009 2922 4063 ΗΑΛ

2515 4010 2641 4065 ΥΕν.
2676 4039 2747 4050 -
2782 4009 3127 4079 ΠΑΛΛΑΔΙῼ
3159 4010 3488 4079 ΔΙΑΚΟΝῼ.

529 4122 703 4178 Honet
737 4135 793 4178 ut
826 4126 968 4193 apud
995 4140 1135 4189 eum,
1169 4124 1256 4177 cui
1285 4123 1657 4192 maledixerat,
1680 4126 2006 4252 apologiaés:
2035 4134 2218 4252 ηιὸιόιει
2247 4122 2496 4264 ἓξὶἱῖιὶίε
2523 4133 2797 4191 peccatum
2826 4124 2948 4177 vitet
2979 4124 3034 4177 in
3063 4134 3349 4191 posterum.
3378 4123 3605 4194 (Confer.
3627 4123 3751 4192 geist.

2003 4238 2017 4261 ,
2172 4207 2218 4250 et
2296 4208 2310 4244 ι
2360 4232 2373 4245 .

2003 4238 2017 4261 ,
2049 4207 2152 4252 tuo
2172 4207 2218 4250 et
2247 4207 2373 4247 ΖΜ.

599 4324 712 4379 Etsi
746 4323 993 4379 convicio
1024 4332 1131 4379 ate
1172 4323 1421 4389 affectus,
1452 4325 1530 4380 uti
1582 4326 1790 4381 clarum
1853 4329 1950 4384 tibi
1996 4338 2102 4396 est,
2279 4327 2344 4379 Ei
2378 4326 2471 4378 καὶ
2498 4325 2527 4378 ὁ
2565 4324 2898 4396 λοιδορηθεὶς

2279 4327 2344 4379 Εἰ
2378 4326 2471 4378 καὶ
2498 4325 2527 4378 ὁ
2565 4324 2898 4396 λοιδορηθεὶς
2940 4326 3095 4395 παρὰ
3125 4325 3219 4379 σοῦ
3247 4326 3408 4397 δῆλός
3451 4328 3593 4378 ἐστιν
3617 4324 3753 4391 ἐξωρ-

528 4425 869 4479 succenseat,
912 4416 1157 4471 indicans
1205 4415 1479 4486 quomodo
1540 4416 1688 4472 brevi
1746 4434 1777 4472 a
1819 4429 1873 4475 te
1918 4433 2107 4490 poenas
2135 4418 2185 4479 D
2210 4417 2502 4488 γισμένος,
2539 4417 2853 4488 ὑποφαίνων
2876 4436 2922 4471 τε

2210 4417 2466 4488 γισμένος
2486 4457 2502 4481 ,
2539 4417 2853 4488 ὑποφαίνων
2876 4436 2937 4471 τε
2966 4418 3045 4481 ὡς
3077 4418 3178 4472 οὐκ
3205 4419 3286 4481 είς
3323 4418 3538 4489 μακρὰν
3569 4418 3668 4487 (50)
3690 4414 3753 4467 ὅξ-

531 4506 772 4561 audaciaa
828 4507 1034 4578 exigat,
1062 4514 1323 4575 tanquam
1381 4507 1451 4562 ab
1498 4506 1696 4575 injurio
1728 4517 1785 4564 et
1840 4510 2109 4580 improbo,
2211 4526 2317 4572 κας
2355 4509 2651 4579 ἀπαιτήσει
2683 4507 2779 4561 τοῦ
2810 4509 2922 4579 τολε

2211 4526 2317 4572 κας
2355 4509 2651 4579 ἀπαιτήσει
2683 4507 2779 4561 τοῦ
2810 4509 3197 4579 τολμήματος,
3230 4511 3326 4563 ἆτε
3364 4510 3617 4580 ὑϐριστὴν
3650 4506 3753 4558 ὄντα

531 4601 696 4653 credo
738 4609 919 4654 tamen
958 4599 1315 4654 admonitioni
1347 4601 1523 4672 ipsum
1570 4598 1898 4669 pariturum,
1934 4617 2111 4671 neque
2212 4601 2306 4655 καὶ
2349 4599 2689 4654 ἀτάσθαλον·
2743 4599 2922 4652 ἀλλὰτ

2212 4601 2306 4655 καὶ
2349 4599 2689 4654 ἀτάσθαλον·
2743 4599 2882 4652 ἀλλά
2910 4600 3189 4665 πιστεύω,
3242 4600 3320 4664 ὡς
3371 4599 3504 4665 εῖξει
3534 4601 3595 4671 τῇ
3636 4613 3752 4666 παρ·

533 4707 593 4745 se
617 4691 1037 4747 vindicaturum.
1070 4691 1250 4759 Quare
1274 4692 1319 4747 si
1360 4696 1668 4751 mortalium
1702 4708 1917 4766 poenam
1969 4693 2108 4749 elfu-
2211 4689 2448 4757 αινέσει,
2502 4690 2598 4743 καὶ
2643 4691 2745 4744 οὐκ
2785 4692 2922 4761 ἀμυι

2211 4689 2448 4757 αινέσει,
2502 4690 2598 4743 καὶ
2643 4691 2745 4744 οὐκ
2785 4692 3095 4761 ἀμυνεῖται.
3159 4693 3222 4745 Ei
3279 4693 3463 4745 τοίνυν
3510 4691 3753 4759 διαφύγοις

534 4783 687 4854 gies(
704 4784 848 4852 quod
878 4783 1117 4838 futurum
1151 4785 1370 4856 spero),
1400 4787 1626 4856 teipsum
1655 4788 1961 4851 moderare,
1992 4794 2048 4840 et
2078 4800 2107 4838 a
2214 4784 2333 4838 νυνὶ
2374 4783 2472 4855 τὴν
2503 4782 2656 4853 παρά
2704 4780 2922 4854 ἀνθρώπ

2214 4784 2333 4838 νυνὶ
2374 4783 2472 4855 τὴν
2503 4782 2656 4853 παρά
2704 4780 3015 4854 ἀνθρώποις
3056 4783 3218 4854 δίκην
3253 4782 3549 4854 (διαφεύξῃ
3580 4781 3630 4833 δὲ
3649 4822 3663 4845 ,
3693 4777 3752 4840 ὡς

536 4888 585 4929 te
620 4890 835 4948 poenam
867 4892 1109 4948 reposce,
1138 4887 1405 4934 metantea
1436 4886 1491 4934 te
1522 4880 1638 4948 ipse
1678 4877 1974 4949 ﬂagellans.
2005 4879 2110 4932 De-
2214 4872 2413 4946 οἶμαι),
2447 4875 2644 4929 σαυτὸν
2669 4874 2922 4945 σωφρόνιι

2214 4872 2413 4946 οἶμαι),
2447 4875 2644 4929 σαυτὸν
2669 4874 3027 4945 σωφρόνισον,
3047 4876 3143 4929 καὶ
3162 4875 3264 4947 τὴν
3289 4875 3447 4946 δίκην
3470 4873 3749 4941 ἀπαίτησυνι

536 4966 780 5025 fensione
817 4985 945 5026 vero
973 4985 1036 5024 ac
1060 4970 1379 5041 purgatione
1410 4970 1537 5026 laeso
1553 4969 1875 5025 medicinam
1890 4968 2106 5033 afferes,
2214 4970 2283 5039 τῇ
2336 4967 2434 5037 μὲν
2465 4967 2721 5037 μετανοίᾳ
2752 4967 2922 5020 σαυτὸε

2214 4970 2283 5039 τῇ
2336 4967 2434 5037 μὲν
2465 4967 2721 5037 μετανοίᾳ
2752 4967 2947 5020 σαυτὸν
2991 4967 3301 5037 μαστῖζων,
3327 4970 3394 5038 τῇ
3432 4967 3489 5021 δὲ
3527 4961 3751 5031 ἀπολογίᾳ

542 5076 902 5131 securumque
957 5061 1153 5117 reddes
1212 5061 1467 5133 (dicens)
1533 5060 1650 5116 fore
1701 5070 1760 5115 ut
1816 5060 1925 5116 tale
1984 5058 2112 5129 quid
2218 5058 2309 5112 τὸν
2337 5058 2663 5129 ὑϐρισθέντα
2707 5057 2922 5129 θεραπεί

2218 5058 2309 5112 τὸν
2337 5058 2663 5129 ὑϐρισθέντα
2707 5057 3057 5129 θεραπεύων,
3091 5060 3186 5113 καὶ
3215 5058 3295 5130 τῷ
3335 5059 3531 5131 μηκέτι
3559 5056 3623 5109 τὰ
3643 5051 3750 5107 αὐτὰ

544 5154 771 5223 posuiac
796 5170 900 5209 non
926 5154 1257 5210 committas.
1288 5154 1344 5209 Si
1377 5170 1508 5212 vero
1556 5156 1837 5224 antiquum
1875 5153 2111 5220 obtines,
2219 5150 2352 5221 δρᾷν
2393 5149 2493 5221 τὴν
2534 5150 2833 5219 ἀσφάλειαν
2874 5166 2922 5201 πε

2219 5150 2352 5221 δρᾷν
2393 5149 2493 5221 τὴν
2534 5150 2833 5219 ἀσφάλειαν
2874 5149 3255 5220 ποριζόμενος.
3306 5150 3369 5203 Ei
3401 5149 3508 5219 γὰρ
3544 5149 3645 5208 τοῖς
3676 5142 3750 5195 αύ-

546 5246 648 5299 etsi
682 5246 962 5301 hominum
988 5246 1211 5317 effugies
1244 5247 1591 5318 supplicium,
1625 5246 1715 5302 Dei
1749 5261 1970 5302 manum
2007 5260 2112 5300 non
2220 5244 2333 5305 τοῖς
2379 5242 2658 5312 ὲπιμένοις
2680 5282 2695 5304 ,
2731 5242 2781 5294 εί
2818 5241 2916 5295 καὶ

2220 5244 2333 5305 τοῖς
2379 5242 2658 5312 ἐπιμένοις
2680 5282 2695 5304 ,
2731 5242 2781 5294 εί
2818 5241 2916 5295 καὶ
2941 5240 3042 5312 τὴν
3079 5241 3234 5313 παρὰ
3271 5240 3574 5312 ἀνθρώποις
3600 5235 3749 5295 λάθοις

545 5335 789 5407 effugies.
2221 5332 2377 5404 δίκην
2397 5373 2411 5397 ,
2441 5333 2541 5403 τὴν
2570 5331 2717 5385 θείαν
2748 5332 2810 5386 οὑ
2840 5331 2922 5402 λήι

2221 5332 2377 5404 δίκην
2397 5373 2411 5397 ,
2441 5333 2541 5403 τὴν
2570 5331 2717 5385 θείαν
2748 5332 2810 5386 οὑ
2840 5331 3044 5402 λήσεις.

1651 5509 1887 5566 mum:
1922 5505 2311 5566 LECTIONES
2350 5508 2439 5564 ET
2470 5493 2700 5564 NOTAE.

618 5688 731 5760 (30)
762 5690 867 5743 Pro
892 5688 1109 5761 μακρὰν
1148 5690 1306 5744 iidem
1338 5688 1580 5761 scribunt
1606 5685 2013 5761 μικράνηγειδε.
2046 5686 2101 5761 ξ),
2212 5693 2335 5761 ante
2362 5683 2575 5761 δίκην,.
2597 5695 2648 5742 et
2693 5700 2837 5742 vers.
2888 5700 2917 5741 a

2212 5693 2335 5761 {mle
2362 5683 2648 5761 δίκην,.ει
2693 5700 2837 5742 vers.
2888 5695 3067 5757 autep.
3118 5701 3216 5757 pro
3259 5664 3534 5755 ἐπῖμένοις
3578 5680 3737 5737 habent

553 5754 845 5832 ἀπαιτήσει
874 5754 1079 5815 ιίηιιθίιι
1110 5760 1163 5815 in
1194 5759 1459 5814 ἀποτίσει.
1494 5754 1645 5815 Vers.
1675 5754 1734 5825 7⁷,
1778 5758 1973 5813 tollunt
2010 5756 2105 5826 τὴν
2214 5754 2538 5823 ὲπιμείνοις.

2214 5754 2538 5823 ὲπιμείνοις.
