3982 6420
251 395 386 464 1569
1108 403 1661 482 ,ΕῘῚΞΤΟΙΛΒΗΜ
1702 403 1827 463 LIB

1946 451 1957 462 .
1989 426 2059 437 -
2094 399 2329 460 EPIST.
2373 399 2541 461 CDX.
3380 397 3516 462 1570

757 514 892 583 Υςν.
932 547 1002 556 -
1036 518 1327 587 serum.

2425 508 2692 564 CUVI.—-
2723 508 3020 566 SERENO.

1305 622 1529 676 Virtutis
1564 621 1801 674 laudatio
1823 631 1870 706 et
1902 637 2046 674 scan.
2082 622 2234 685 epist.
2259 628 2310 672 et
2337 619 2460 673 4η.

318 733 382 784 Εἰ
437 735 550 796 τοῖς
593 733 794 804 ἀρετὴν
843 734 1109 798 ἀσκοῦσι,
1165 735 1304 805 μετὰ
1357 733 1673 805 παρρησίας
1729 731 1824 785 νῦν

2004 730 2058 784 Si
2087 730 2285 782 virtute
2311 728 2550 798 prazditis
2572 729 2624 782 in
2681 743 2782 784 .tac
2817 729 2926 784 vita
2989 727 3330 784 conlldenter
3357 729 3518 785 liceat

247 843 305 878 τε.
335 824 514 890 ἔξεστι
555 825 775 894 βιῶσαι,
809 827 902 880 καὶ
942 827 1083 897 μετὰ
1107 828 1198 880 τὸν
1229 827 1462 880 ἐνταῦθα
1508 826 1620 896 βίον
1648 842 1827 896 παρα-

1946 827 2136 888 vivere,
2171 832 2273 876 eta
2322 831 2496 876 morte
2553 821 2648 876 Dei
2708 820 2962 876 tribunali
3007 821 3284 884 assistere,
3316 821 3522 890 impro-

249 915 445 984 στῆναι
476 915 554 984 τῷ
577 916 702 982 θείῳ
732 917 1067 988 δικαστηρίῳ
1087 936 1101 949 ·
1134 920 1246 981 τοῖς
1276 918 1332 970 δὲ
1361 916 1559 970 κακίαν
1591 917 1831 978 ἀσπαζο-

1946 933 2026 971 )OS
2055 930 2183 970 vero
2210 915 2321 980 hic,
2344 924 2399 970 et
2425 915 2496 968 ibi
2529 916 2763 970 dedecus
2809 922 3089 982 sequatur,
3115 913 3242 983 quid
3295 915 3515 968 dubita-

251 1008 434 1077 μένοις
461 1007 688 1077 αἰσχύνη
719 1008 813 1062 νῦν
836 1027 894 1062 τε
922 1010 1114 1063 ’έπεται
1142 1053 1155 1072 ,
1178 1013 1400 1063 κάκεῖσε
1432 1010 1624 1078 ἕψεται
1649 1029 1662 1040 υ
1691 1009 1832 1061 διατί

1946 1021 2051 1061 nus
2084 1007 2336 1060 virtutem
2371 1006 2590 1074 quidem
2615 1005 2867 1076 amplecti
2898 1021 2963 1061 ac
2991 1005 3200 1073 fovere,
3225 1005 3356 1061 vitia
3383 1021 3514 1062 vero

250 1101 326 1169 μὴ
359 1101 576 1168 ἐκείνην
606 1101 703 1171 μὲν
736 1104 1218 1173 περιπυσσόμεθα
1241 1120 1254 1133 ·
1287 1102 1493 1173 ταύτην
1519 1101 1575 1157 δὲ
1603 1119 1836 1174 προτρο-

1946 1099 2206 1155 :oncitato
2236 1096 2426 1165 fugere
2448 1112 2609 1152 cursu
2633 1098 2656 1151 ’ἰ

249 1191 430 1262 στάδην
459 1192 734 1261 φεύγομεν
756 1210 771 1260 ;

583 1299 702 1353 ΥΖ’.
737 1328 808 1338 -
841 1297 1048 1351 ΗΡΩΝῙ
1082 1298 1511 1354 ΜΟΝΛΖΟΝΤΙ.

2423 1293 2630 1350 CDVll.
2656 1291 3024 1350 -—HERONI.

1683 1389 1762 1444 De
1806 1391 1988 1443 eadem
2020 1405 2096 1446 re.

324 1503 398 1554 Ἦ
445 1502 615 1574 ἁρετὴ
646 1501 834 1572 χρῆμά
877 1502 992 1554 ἐστι
1033 1501 1129 1554 καὶ
1177 1503 1506 1569 ἀναγκαῖον,
1559 1502 1655 1556 καὶ
1691 1519 1830 1574 συμ-

2015 1501 2193 1556 Virtus
2224 1517 2310 1556 res
2356 1511 2439 1554 est
2480 1499 2810 1563 necessaria,
2840 1509 2895 1553 et
2942 1499 3252 1566 commoda,
3282 1499 3513 1567 pulchra

243 1594 449 1663 φέρον,
493 1594 589 1646 καὶ
619 1593 778 1646 καλὸν
803 1631 818 1655 ,
866 1595 959 1646 καὶ
993 1594 1202 1663 πρέπον
1255 1595 1348 1645 καὶ
1389 1593 1696 1655 λυσιτελὲς,
1736 1594 1830 1647 καὶ

1946 1609 2001 1649 ac
2037 1596 2256 1656 decens,
2300 1594 2446 1646 utilis
2491 1602 2653 1661 atque
2701 1591 2998 1646 fructuosa.
3035 1590 3350 1646 Necessaria
3393 1593 3514 1660 qui-

243 1684 541 1753 χρήσιμον.
607 1684 926 1751 ’Λναγκαῖον
977 1684 1107 1752 μὲν,
1170 1683 1252 1736 ὅτι
1302 1682 1395 1736 τοῦ
1451 1683 1830 1738 πολιτεύεσθαι

1946 1686 2083 1747 dem,
2111 1685 2236 1754 quia
2273 1685 2664 1752 rempublicam
2718 1691 2867 1736 recte
2923 1682 3130 1750 gerenti
3185 1682 3318 1735 nihil
3366 1697 3519 1750 azque

241 1773 423 1844 ὀρθῶς
455 1773 604 1825 οὐδὲν
651 1767 1074 1844 ἀναγκαιότερον
1099 1790 1111 1800 ·
1143 1773 1421 1844 συμφέρον
1459 1774 1546 1840 δὲ,
1578 1775 1658 1827 ὅτι
1695 1775 1831 1845 πρὸς

1938 1776 2330 1830 necessarium.
2357 1776 2674 1841 Commoda,
2697 1776 2822 1844 quia
2850 1776 2915 1826 ad
2949 1772 3340 1826 beatitudinem
3369 1773 3519 1827 ducit.

246 1863 634 1934 μακαριότητα
667 1864 789 1931 ἄγει
811 1881 823 1894 ·
850 1863 1013 1916 καλὸν
1038 1863 1116 1930 δὲ,
1143 1864 1225 1916 ὃτι
1258 1864 1513 1933 σεμνύνει
1535 1865 1659 1927 τοὺς
1683 1864 1829 1934 ἔχον-

1946 1868 2341 1936 sempiternam.
2394 1866 2658 1929 llonesta,
2693 1866 2819 1934 quia
2872 1863 3218 1934 possidentes
3272 1863 3515 1921 cohone-

243 1972 344 2017 τας
365 1971 379 1983 ’
416 1954 626 2025 πρέπον
652 1954 706 2006 δὲ
725 1997 739 2021 ,
767 1955 847 2006 ὅτι
878 1957 1076 2025 κοσμεῖ
1094 1955 1219 2017 τοὺς
1243 1955 1613 2026 κεκτημένους
1632 1974 1646 1987 ·
1677 1955 1830 2009 λυσι-

243 2045 402 2108 τελὲς
427 2046 505 2108 δέ,
539 2046 621 2099 ὅτι
656 2045 772 2098 λύει
800 2045 858 2098 τὸ
892 2045 1046 2109 τέλος
1075 2046 1244 2116 αὐτῆς
1271 2045 1397 2108 τοὺς
1429 2044 1625 2108 πόνους
1645 2063 1659 2077 ο
1695 2047 1832 2116 χρή-

244 2155 409 2208 σιμον
457 2138 546 2200 δὲ,
597 2139 678 2192 ὃτι
705 2139 857 2192 οὐδὲν
903 2139 1074 2208 αὐτῆς
1107 2137 1542 2210 χρησιμώτερον.
1577 2139 1674 2203 Τίς
1717 2156 1832 2192 τοι·

243 2229 456 2300 γαροῦν
511 2229 586 2301 μὴ
634 2229 755 2283 λίαν
809 2229 1118 2301 ἐξεστηκὼς
1181 2230 1243 2283 οὐ
1294 2229 1416 2284 λίαν
1475 2231 1645 2302 αὐτῆς
1703 2229 1835 2285 ἀνθ-

243 2321 428 2387 έξεται
447 2337 463 2388 ;

780 2428 911 2483 rtt'.
957 2459 1028 2471 —
1065 2429 1292 2501 ΗΣΑΙᾼ.

1937 1965 2067 2009 stat.
2109 1957 2334 2020 Decens,
2394 1966 2554 2010 ornat
2609 1958 2754 2010 enim
2810 1971 2870 2010 se
2915 1956 3276 2025 possidentes.
3333 1956 3517 2023 Utilis,

1936 2049 2060 2115 quia
2097 2047 2218 2102 linis
2238 2048 2352 2116 ejus
2383 2048 2631 2103 dissolvit
2668 2049 2901 2103 labores.
2935 2048 3234 2103 Frnctuosa
3265 2048 3518 2119 denique,

1935 2139 2061 2207 quia
2129 2139 2259 2192 nihil
2324 2154 2386 2193 ea
2461 2139 2633 2208 magis
2693 2139 3050 2211 frugiferum.
3107 2139 3304 2208 Ecquis
3329 2139 3517 2206 igitur,

1939 2227 2042 2282 nisi
2072 2229 2224 2284 valde
2255 2244 2595 2297 amens,non
2625 2245 2746 2286 eam
2788 2232 3143 2286 vehementer
3183 2229 3520 2301 complecta-

1938 2320 2070 2375 tur?

2457 2428 2682 2486 CDVIII.
2704 2429 3013 2485 —-lS.-\IAE.

245 2523 440 2596 Magni
487 2534 536 2577 et
577 2524 790 2591 angusti
838 2525 1004 2579 animi
1056 2527 1357 2581 discrimen.
1384 2523 1563 2596 (Conf.
1615 2523 1981 2649 eplll'33381e9l
1999 2524 2156 2666 )443,
2185 2527 2310 2580 item
2354 2526 2507 2594 epist.
2554 2525 2672 2588 152,
2713 2525 2805 2579 lib.
2847 2541 2918 2591 tv,
2945 2525 3013 2577 ad
3053 2524 3168 2578 loca
3201 2521 3362 2577 Prov.
3405 2540 3519 2591 xw,

318 2708 450 2763 Ὅτι
504 2709 602 2780 μὲν
650 2710 717 2780 τῇ
774 2708 874 2779 μέν
922 2705 1301 2778 μεγαλοψυχίᾳ
1353 2706 1449 2759 καὶ
1493 2707 1526 2777 ἡ
1586 2707 1835 2776 μεγαλο-

243 2801 493 2871 πρέπεια
543 2801 769 2864 ἕπεται,
818 2803 886 2871 τῇ
943 2799 1001 2852 δὲ
1061 2797 1397 2870 μικροψυχίᾳ
1450 2800 1484 2869 ή
1535 2799 1835 2870 μικροπρέο

243 2910 420 2960 πεια,
462 2895 605 2965 μάλα
643 2893 886 2965 ἀκριϐῶς
937 2889 1091 2962 οἶμαι
1145 2909 1204 2945 σε
1249 2893 1467 2945 εἰδέναι.
1500 2893 1622 2944 ’Ὁτι
1653 2892 1708 2945 δέ
1755 2892 1834 2945 δι-

245 2985 425 3049 καίως
457 2987 524 3056 τῇ
563 2985 661 3055 μὲν
703 2985 905 3056 πρέπει
948 2984 1008 3037 τὸ
1042 2984 1228 3048 κλέος,
1266 2986 1329 3052 τῇ
1370 2983 1426 3034 δὲ
1468 2983 1528 3035 τὸ
1556 2983 1692 3047 δέος,
1741 2983 1838 3035 καὶ

245 3075 412 3127 τοῦτο
439 3070 594 3145 οἶμαι
621 3075 844 3128 είδέναι.
905 3075 971 3128 Ἠ
999 3075 1096 3145 μὲν
1127 3074 1234 3144 γὰρ
1263 3074 1360 3127 καὶ
1395 3075 1494 3145 τὴν
1533 3075 1834 3145 εὐημερίαν

1946 3073 2276 3140 gloriamque
2329 3088 2344 3125 :

575 3169 669 3221 καὶ
697 3167 795 3239 τὴν
824 3167 1158 3238 δυσημερίαν
1187 3167 1447 3238 ἀνδρείως
1474 3168 1650 3238 φέρει.
1691 3168 1756 3220 'H
1777 3167 1834 3221 δὲ

1946 3168 2148 3220 iecere.
2174 3162 2268 3218 llla
2298 3164 2516 3233 quidem
2536 3178 2622 3218 res
2639 3164 2905 3218 secundas
2931 3164 3237 3232 moderate;
3266 3167 3522 3222 adversas

248 3167 494 3237 μετρίως
515 3207 530 3231 ,

2000 2708 2251 2764 Arbitror
2279 2717 2465 2761 notum
2502 2706 2596 2761 tibi
2614 2721 2737 2762 esse
2761 2707 2824 2761 ad
2850 2707 3015 2761 animi
3055 2709 3513 2778 magnitudinem,

1931 2796 2274 2866 maiestatem
2314 2796 2742 2866 dignitatemque
2765 2798 3022 2866 consequi
3056 2814 3072 2852 :
3103 2799 3341 2852 animum
3370 2816 3502 2855 vero

1934 2889 2189 2960 pusillum
2239 2887 2596 2956 abjectioncm
2665 2887 3158 2960 demissionemque
3219 2893 3504 2950 comitari.

1935 2980 2068 3034 Illud
2102 2994 2319 3050 quoque
2374 2989 2425 3034 te
2463 2995 2569 3033 non
2622 2979 2810 3048 fugere
2852 2981 3108 3048 arbitror,
3144 2983 3312 3048 illam,
3350 2985 3518 3039 decus

2404 3072 2548 3126 hanc
2610 3086 2740 3125 vero
2802 3083 3003 3126 metum
3067 3071 3522 3143 formidinemque

245 3259 331 3330 πῆ
369 3260 468 3331 μὲν
487 3260 628 3328 ἄγαν
654 3261 854 3332 ὑψηλὴ,
880 3261 957 3332 πῆ
979 3261 1035 3314 δὲ
1066 3261 1186 3314 λίαν
1206 3260 1436 3331 ταπεινὴ
1465 3261 1696 3329 γίνεται,
1723 3261 1837 3322 τοῖς

1946 3271 2064 3310 vero
2118 3256 2329 3311 fortiter
2381 3255 2594 3310 tolerat.
2641 3255 2767 3311 llaec
2828 3271 2958 3311 vero
3010 3257 3163 3311 valde
3219 3258 3516 3312 identidem

246 3351 551 3423 πράγμασι
611 3352 1208 3424 συμμεταϐαλλομένη,
1254 3353 1351 3406 καὶ
1397 3352 1629 3424 εὑρίπου
1686 3351 1837 3406 οὐδὲν

1946 3347 2104 3413 elata,
2161 3347 2485 3416 quandoque
2549 3345 2784 3401 demissa
2834 3346 2999 3402 nimis
3059 3348 3295 3414 exsistit,
3356 3351 3520 3404 rebus

243 3443 609 3512 διαφέρουσα.

748 3642 874 3699 re.
909 3673 980 3685 —
1011 3645 1099 3715 Τῼ
1131 3644 1336 3714 arm.

1935 3440 2370 3505 accommodata.
2401 3439 2470 3496 ab
2490 3437 2678 3509 Euripi
2705 3437 2944 3495 fluminis
2996 3453 3159 3495 cursu
3197 3441 3332 3495 nihil
3368 3441 3522 3496 ditl‘e-

1939 3545 2090 3586 rens.

2474 3641 2654 3697 CDIX.
2669 3670 2740 3682 ο·-
2759 3639 2990 3698 ΕΙΒΕΜ.

822 3732 1002 3788 Monet
1039 3751 1100 3788 ne
1125 3747 1338 3802 propter
1365 3733 1579 3786 divitias
1608 3748 1664 3786 se
1706 3731 1968 3798 extollat,
2002 3731 2236 3800 aliosque
2268 3732 2333 3785 iis
2369 3743 2606 3786 carentes
2637 3742 2958 3787 contemnat.

324 3846 394 3900 El
417 3844 778 3916 περιρρέοντα
802 3843 894 3897 τὸν
917 3844 1102 3899 ἄδικον
1132 3843 1362 3896 πλοῦτον
1388 3843 1550 3912 ὁρῶν,
1582 3842 1837 3896 πλούσιον

2010 3843 2067 3898 Si
2096 3858 2217 3896 cum
2245 3841 2464 3898 emuere
2489 3843 2705 3913 iniquas
2740 3842 2982 3909 divitias,
3019 3859 3113 3899 seu
3148 3861 3519 3903 mammonam

247 3936 458 3992 σαυτὸν
509 3939 653 4007 ἡγῇ,
695 3937 788 3990 καὶ
838 3937 966 3999 τοὺς
1026 3934 1454 4005 φιλοσοφοῦντας
1511 3933 1837 4002 ταλανίζεις,

1946 3934 2274 4004 iniquitatis,
2327 3935 2669 3999 consideres,
2719 3935 2941 3989 divitem
3007 3938 3236 4007 teipsum
3296 3941 3522 4007 dixeris,

248 4031 332 4094 ὡς
367 4029 590 4099 χαλεπῷ
635 4028 810 4100 θηρίῳ
841 4031 906 4099 τῇ
958 4029 1121 4098 πενίᾳ
1171 4027 1550 4098 μαχομένουςο
1599 4026 1709 4080 ῖσθι
1757 4027 1837 4080 ὅτι

1946 4040 2005 4080 ac
2035 4025 2288 4095 perfectae
2319 4037 2576 4080 vacantes
2605 4025 2752 4090 vitae,
2788 4028 2953 4098 682
2989 4029 3142 4097 quasi
3180 4032 3403 4088 moleste
3442 4035 3511 4089 ad

247 4124 396 4192 ὅπερ
425 4121 667 4184 ἐκείνους
706 4122 845 4191 ἡγῇ,
874 4119 1018 4173 τοῦτ’
1068 4119 1229 4183 αὐτὸς
1275 4120 1410 4190 πρὸς
1456 4119 1696 4182 ἐκείνους
1753 4118 1837 4182 ἐξ-

1946 4115 2143 4169 bestias
2167 4115 2560 4183 depugnantes,
2580 4130 2700 4168 cum
2725 4129 3068 4186 paupertate,
3091 4119 3317 4176 miseros
3341 4125 3524 4193 appel-

248 4211 584 4282 εταζόμενος
634 4213 893 4280 πάσχεις·
925 4212 973 4264 εί
1020 4211 1075 4263 δὲ
1104 4211 1202 4263 οὐκ
1227 4211 1491 4284 αἰσθάνῃ,
1529 4210 1837 4279 θαυμαστὸν

1949 4205 2186 4259 laveris:
2219 4205 2358 4258 scito
2392 4205 2581 4274 quales
2614 4206 2734 4260 illos
2772 4209 3028 4272 aestimes,
3059 4209 3200 4263 idem
3247 4213 3312 4265 de
3357 4223 3406 4265 te
3442 4214 3525 4266 in-

249 4304 434 4359 οὐδέν.
477 4303 629 4355 Ἐπεὶ
658 4304 752 4356 καὶ
779 4303 827 4356 οί
854 4302 1020 4373 μανία
1042 4301 1362 4367 λυττῶντες,
1384 4302 1618 4372 δρῶντες
1645 4301 1680 4354 ἃ
1701 4301 1837 4370 δρῶ-

1947 4307 2246 4366 terrogatos
2274 4297 2496 4352 sentire.
2534 4297 2590 4350 ld
2653 4312 2780 4352 vero
2824 4299 2868 4352 si
2920 4301 3102 4354 minus
3153 4302 3358 4370 capias,
3386 4306 3522 4359 nihil

252 4411 349 4446 σιν
370 4433 385 4458 ,
416 4392 642 4453 ἑαυτοὺς
677 4391 776 4461 μὲν
807 4390 1171 4461 μακαρίζουσι
1196 4407 1208 4419 ·
1243 4391 1350 4444 τῶν
1377 4390 1433 4444 δὲ
1462 4389 1631 4454 ὅντως
1660 4391 1837 4458 ὑγιαι-

1946 4388 2271 4452 mirandum,
2304 4390 2520 4457 quando
2549 4399 2602 4442 et
2633 4388 2818 4444 furore
2846 4392 3196 4457 insanientes,
3215 4395 3284 4448 ob
3310 4411 3371 4447 ea
3404 4413 3522 4464 qua:

251 4487 461 4540 νόντων
493 4483 886 4552 καταγελῶσιν.

1946 4486 2183 4548 patrant,
2209 4478 2401 4531 beatos
2427 4492 2486 4530 se
2509 4477 2824 4546 Opiniantur
2859 4497 2873 4534 :
2905 4479 3107 4549 quique
3153 4489 3298 4533 recte
3343 4483 3528 4538 valent

1945 4570 2270 4641 sapiuntque
2299 4584 2391 4624 eos
2418 4569 2665 4623 irrident.

735 4679 838 4734 rr.
873 4709 945 4721 —
971 4679 1358 4750 ΑΙΜΙΛΙΛΝῼ.

2156 4674 2160 4678 ’
2408 4676 2567 4731 CDX.
2585 4706 2655 4715 —
2684 4674 3064 4735 AEMILIANO.

1004 4777 1081 4830 De
1114 4777 1296 4845 gloria:
1335 4775 1525 4828 studio.
1553 4775 1737 4845 (Supr.
1775 4777 1928 4845 epist.
1962 4774 2088 4839 556,
2127 4775 2252 4838 557,
2287 4773 2390 4828 558
2430 4783 2479 4826 et
2520 4773 2620 4826 hac
2653 4777 2782 4844 seq.)

335 4889 435 4942 Διὰ
485 4889 642 4942 τοῦτο
683 4888 940 4942 δύσκολόν
991 4889 1162 4953 ἐστιν,
1204 4889 1280 4950 ὼς
1327 4887 1504 4949 ἔοικε,
1559 4888 1842 4956 διαφυγεῖν

251 4983 355 5036 τὸν
399 4981 500 5052 τῆς
562 4981 864 5050 φιλοδοξίας
924 4980 1215 5050 λογισμόν·
1268 4981 1567 5052 ἐπειδήπερ
1623 4980 1650 5033 ὃ
1699 4984 1844 5035 ποιεῖ

252 5092 346 5136 τις
389 5075 466 5137 είς
516 5073 834 5146 καθαίρεσιν
868 5070 1033 5126 αὑτοῦ
1054 5115 1068 5138 ,
1113 5071 1271 5124 τοῦτο
1299 5072 1443 5144 ἀρχὴ
1468 5073 1660 5144 ἐτέρας
1690 5075 1842 5142 φιλο.

250 5170 440 5234 δοξίας
467 5171 798 5241 εὑρίσκεται.
825 5171 963 5232 Τοὺς
999 5171 1097 5240 μὲν
1123 5164 1216 5222 οὖν
1248 5170 1490 5240 ἐρήμους
1520 5169 1680 5231 ὄντας
1706 5169 1842 5235 ἀγα-

254 5263 372 5315 θῶν
401 5262 650 5333 πράξεων
674 5305 688 5325 ,
729 5262 1048 5326 δοξάζεσθαι
1083 5261 1138 5313 δὲ
1177 5260 1479 5324 ποθοῦντας
1503 5301 1518 5324 ,
1555 5261 1629 5322 ὠς
1654 5260 1839 5312 δυσιά-

251 5373 386 5417 τους
416 5355 843 5424 μεταδιδακτέον,
869 5355 1145 5421 λέγοντας,
1177 5355 1257 5406 ὅτι
1290 5354 1592 5423 Ἀσκήσατε
1615 5351 1836 5422 ἀρετὴν,

253 5449 359 5502 καὶ
401 5448 522 5499 τότε
570 5448 782 5517 ζητεῖτε
813 5448 988 5510 δόξαν.
1011 5448 1165 5509 Τοὺς
1199 5447 1252 5498 δὲ
1306 5446 1541 5516 πράξεσι
1577 5463 1837 5512 σεμνυνο-

259 5542 493 5611 μένους,
520 5539 677 5608 δόξης
703 5540 759 5591 δὲ
805 5539 878 5610 μὴ
923 5538 1398 5608 καταφρονοῦντας
1424 5578 1438 5599 ,
1477 5537 1551 5600 ὡς
1596 5539 1842 5599 εὑῖέιτους

255 5633 658 5700 θεραπευτέον,
717 5630 996 5697 λέγοντας,
1053 5631 1134 5682 ὅτι
1189 5629 1423 5692 Μείζους
1479 5629 1691 5680 ἔσονται
1746 5630 1840 5680 καὶ

254 5722 642 5792 λαμπρότεραι
667 5722 722 5773 αἱ
768 5721 995 5791 πράξεις
1017 5760 1031 5783 ,
1062 5722 1190 5773 ὅταν
1227 5721 1321 5772 καὶ¹
1349 5720 1447 5787 τῆς
1476 5717 1634 5788 δόξης
1670 5737 1838 5772 κατα-

259 5810 601 5881 φρονήσητε,
636 5810 733 5878 τῆς
766 5809 859 5862 καὶ
897 5811 1082 5863 πεσεῖν
1121 5808 1546 5878 αἰσχυνομένης,
1581 5807 1674 5860 καὶ
1710 5810 1836 5879 στῆ-

2020 4888 2229 4942 ldcirco
2255 4886 2471 4942 dillicile
2517 4897 2620 4951 est,
2656 4896 2714 4941 ut
2766 4898 3011 4956 apparet,
3048 4887 3283 4958 effugere
3342 4894 3526 4963 gloria:

1946 4982 2204 5043 studium,
2237 4981 2382 5049 quod
2414 4979 2674 5049 quidquid
2729 4982 2852 5049 quis
2898 4981 2965 5036 ad
3021 4999 3139 5037 eam
3203 4986 3522 5043 abolendam

1946 5076 2076 5144 agit,
2110 5075 2210 5128 hoc
2260 5073 2586 5144 principium
2623 5088 2744 5128 esse
2801 5073 3029 5129 alterius
3090 5076 3273 5146 glorize
3304 5095 3524 5149 compe-

1945 5168 2140 5219 riatur.
2177 5165 2279 5231 Qui
2311 5165 2475 5232 igitur
2512 5179 2542 5217 a
2571 5164 2725 5219 bonis
2749 5165 2904 5219 vacui
2934 5177 3062 5221 sunt
3084 5170 3364 5235 operibus,
3397 5170 3515 5224 lau-

1946 5260 2061 5312 dari
2098 5273 2228 5313 vero
2253 5269 2532 5326 expetunt,
2559 5267 2616 5310 ut
2651 5259 2742 5327 qui
2785 5273 2926 5329 atgre
2961 5262 3141 5315 curari
3167 5273 3388 5331 queant,
3427 5265 3523 5320 do-

1946 5350 2100 5404 cendi
2140 5360 2265 5404 sunt
2294 5350 2523 5403 dicendo
2555 5366 2568 5402 :
2606 5350 2856 5404 virtutem
2915 5361 3202 5416 exercete;
3233 5363 3359 5408 tunc
3404 5358 3522 5426 glo-

1949 5443 2080 5494 riam
2117 5443 2366 5509 quaarite.
2401 5441 2499 5508 Qui
2523 5456 2649 5495 vero
2690 5451 2884 5510 gerunt
2911 5457 2996 5496 res
3043 5445 3300 5512 praeclare
3324 5459 3519 5514 agunt-

1944 5546 2048 5600 que
2075 5529 2572 5598 felicitcr,gloriam
2630 5530 2981 5587 nihilominus
3015 5545 3294 5602 exaptant,
3331 5548 3518 5605 utpote

1942 5623 2033 5692 qui
2081 5623 2260 5677 curari
2287 5622 2444 5676 facile
2508 5634 2732 5691 queant,
2767 5625 3032 5678 medicina
3091 5627 3158 5680 iis
3211 5629 3516 5683 adhibenda

1941 5726 2022 5769 est
2051 5714 2314 5768 dicendo:
2347 5714 2585 5782 majores
2617 5713 2733 5768 fore
2765 5715 3200 5788 illustrioresque
3242 5736 3328 5773 res
3351 5722 3514 5775 etiam

1939 5813 2120 5874 gestas
2138 5819 2260 5860 cum
2295 5805 2732 5874 contempseritis
2772 5806 3020 5875 gloriam,
3049 5823 3168 5878 quae
3199 5821 3250 5865 et
3277 5811 3384 5867 labi
3417 5825 3514 5866 ve-
