3982 6420
508 376 642 444 1571

1713 378 1773 437 S.
1818 376 2110 437 ISIDORI
2150 374 2590 437 PELUSIOTIE

3620 378 3738 447 1572

506 499 676 553 retur,
702 485 889 557 etiam
918 485 1217 542 subsistere
1256 500 1361 540 non
1396 493 1593 554 potest,
1625 486 1719 540 sed
1764 486 1818 539 in
1851 486 2078 539 nihilum

2187 503 2273 540 ναι
2305 486 2380 556 μὴ
2407 486 2737 556 δυναμένης,
2769 485 2885 539 ἀλλ’
2916 486 2997 549 είς
3016 486 3080 539 τὸ
3105 489 3178 558 μὴ
3208 488 3268 541 δν
3294 492 3536 560 χωρῆσαι
3565 493 3738 563 ῥᾳδίως

504 581 665 636 facile
685 580 953 634 concidet.
986 577 1221 647 Aﬁquam
1250 580 1542 649 quamdam
1569 578 1802 648 gloriam
1827 580 2078 648 quaerite,

504 673 599 727 sed
626 672 862 725 nondum
901 670 1004 738 ipsi
1027 678 1241 739 tempus
1266 670 1545 739 quaerendi
1576 669 1947 725 commodum.
1981 667 2084 720 Ve-

503 761 618 817 niet
669 761 810 825 dies,
844 775 995 823 cum,
1038 769 1098 814 ut
1155 759 1260 823 sol,
1295 758 1565 815 clarescet
1595 776 1608 814 :
1636 768 1691 813 at
1729 759 1820 828 qui
1880 758 2091 812 laudem

500 867 718 923 omnem
743 852 1137 907 contemnendo
1159 860 1441 921 superant,
1473 851 1529 906 hi
1563 859 1624 905 ut
1675 847 1903 921 perfecti
1965 856 2091 905 sunt

500 942 856 1014 praedicandi.

1023 1048 1208 1105 CDXI.
1228 1079 1300 1089 —
1329 1048 1560 1104 EIDEM.
1644 1096 1649 1105 .

2188 579 2580 649 ἐπισταμένης.
2613 578 2687 630 Τὸ
2711 577 2858 641 είκὸς
2889 578 2989 647 μὲν
3017 579 3126 648 γάρ
3152 577 3359 649 ζητεῖτε
3384 620 3400 641 ,
3428 580 3537 634 ἀλλ’
3559 583 3743 639 οὐδέπω

2188 668 2366 740 τούτῳ
2398 670 2611 740 καιρός.
2649 669 2808 733 Ἥξει
2839 669 3034 740 χρόνος
3071 672 3159 723 ὅτε
3205 671 3447 741 λάμψετε
3477 673 3551 736 ὡς
3578 675 3739 745 ἥλιος·

2189 760 2316 823 τοὺς
2351 759 2408 812 δὲ
2458 760 2559 830 τῆς
2588 760 2701 813 τῶν
2729 758 3037 831 ἀνθρώπων
3080 761 3440 834 ὑψηλοτέρους
3468 763 3642 836 δόξης,
3680 765 3745 831 ὡς

2189 849 2512 919 φιλοσόφους
2536 851 2901 922 άναρῥητέον.

2674 1052 2828 1109 rw.
2861 1085 2931 1097 —
2963 1057 3053 1127 τῃ
3089 1057 3294 1128 ΔΥΤῼ.

887 1141 1116 1196 Rursum
1146 1143 1210 1197 de
1240 1142 1431 1214 gloria.
1464 1142 1622 1209 Quod
1649 1144 1930 1199 discrimen
1981 1144 2078 1214 φιλι

2187 1145 2287 1211 ξίας
2324 1146 2420 1199 καὶ
2454 1148 2780 1215 κενοδοξίας.
2814 1148 3053 1221 (Confer.
3086 1152 3236 1220 epist.
3264 1149 3415 1222 5'57.)

574 1253 824 1309 Divinius
848 1253 1125 1324 quidpiam
1145 1263 1228 1310 est
1256 1264 1405 1310 recte
1432 1265 1678 1323 agentem
1712 1271 1817 1311 non
1850 1269 2078 1326 quaere“

2271 1256 2553 1329 Θειότερον
2585 1257 2684 1328 μὲν
2727 1257 2789 1311 τὸ
2820 1259 3133 1328 πράττοντά
3179 1278 3234 1314 τι
3272 1262 3538 1332 χρηστὸν,
3572 1262 3641 1333 ph
3672 1264 3750 1334 ζη-

500 1347 727 1417 gloriam
754 1346 821 1399 ab
856 1345 1186 1410 hominibus,
1216 1347 1264 1399 si
1317 1360 1448 1399 vero
1488 1356 1634 1400 recte
1674 1361 1841 1416 agens
1874 1354 2078 1416 quaerat

2187 1349 2300 1402 τεῖν
2347 1348 2447 1421 τὴν
2495 1349 2553 1416 ἐξ
2594 1350 2899 1421 ἀνθρώπων
2943 1351 3137 1416 δόξαν·
3176 1353 3226 1405 εἰ
3268 1352 3326 1407 δὲ
3381 1354 3632 1424 πράττων
3682 1372 3751 1421 τις

500 1439 739 1501 laudem,
777 1437 865 1492 ille
896 1436 1179 1506 φιλόδοξος
1205 1437 1409 1503 laudis,
1444 1454 1548 1492 non
1572 1438 1749 1493 inanis
1774 1438 1959 1510 gloriae
1989 1455 2078 1493 cu-

2187 1441 2400 1512 ζητοίη,
2432 1442 2689 1511 φιλόδοε
2697 1461 2764 1510 ος
2806 1446 2835 1497 ό
2866 1444 3113 1509 τοιοῦτός
3141 1447 3311 1510 ἐστιν,
3343 1448 3405 1501 οὐ
3437 1448 3750 1514 κενόδοξος.

498 1531 655 1599 pidus
692 1540 776 1584 est
814 1530 1101 1585 dicendus.
1139 1531 1211 1584 At
1246 1532 1337 1601 qui
1376 1532 1533 1585 bonis
1567 1540 1753 1585 careat
1804 1531 2078 1601 operibus,

2197 1530 2256 1584 Ὃ
2292 1530 2402 1601 γάρ
2446 1532 2603 1596 κενὸς
2640 1531 2716 1584 ὢν
2752 1533 3004 1602 πράξεων
3036 1533 3282 1602 ἀγαθῶν,
3316 1535 3477 1599 δόξαν
3504 1534 3560 1589 δὲ
3600 1535 3754 1605 ζητῶν

502 1620 728 1689 gloriam
761 1631 941 1675 tamen
979 1620 1083 1675 sibi
1120 1636 1225 1675 non
1266 1621 1505 1675 debitam
1539 1621 1917 1692 investigando
1947 1637 2078 1676 con-

2189 1622 2264 1693 μὴ
2324 1623 2747 1693 προσήκουσαν,
2795 1624 3122 1689 κενόδοξός
3172 1625 3386 1689 ἐστιν,
3443 1625 3528 1693 ἐφ’
3570 1619 3643 1688 οἷς
3691 1627 3755 1696 ph

501 1722 762 1777 sectetur,
796 1712 886 1767 hic
914 1712 1214 1777 κενόδοξος.
1248 1713 1425 1767 inanis
1470 1724 1546 1767 est
1578 1714 1764 1784 gloria:
1791 1713 2078 1780 studiosus,

2191 1712 2407 1785 πράττῃ
2456 1713 2877 1783 σεμνυνόμενος,
2926 1714 3021 1767 καὶ
3048 1715 3320 1785 ﬂio-cpio)
3372 1715 3641 1786 προσώπῳ
3680 1717 3755 1769 ὲν-

501 1804 627 1871 quia
657 1820 822 1871 grave
846 1804 980 1858 nihil
1010 1805 1200 1874 gessit,
1232 1814 1287 1860 et
1341 1819 1575 1875 persana
1630 1805 1853 1859 indutus
1910 1805 2078 1861 aliena

2196 1802 2588 1873 αϐρυνόμενος.
2617 1804 2690 1856 Οὐ
2717 1803 2831 1875 γάρ
2860 1803 2959 1875 τὴν
2983 1804 3139 1870 δόξαν
3174 1807 3342 1877 κενὴν
3382 1807 3545 1877 μόνον
3574 1807 3671 1878 χρὴ
3692 1824 3757 1859 νο·

500 1912 560 1951 se
588 1897 831 1951 venditat
868 1906 1032 1965 atque
1066 1906 1326 1951 ostentat.
1360 1895 1547 1965 Neque
1594 1897 1737 1951 enim
1773 1897 1946 1966 gloria
1971 1896 2078 1953 sola

2201 1894 2378 1967 μίζειν
2433 1895 2513 1967 (εί
2543 1896 2652 1966 γάρ
2680 1895 2842 1949 τοῦτο
2868 1896 3046 1968 δοθείη
3080 1899 3174 1951 καὶ
3197 1901 3225 1952 ὁ
3270 1898 3548 1968 φιλόδοξος
3576 1899 3757 1951 κενόδο-

499 1985 683 2041 inanis
716 1995 799 2039 est
822 1984 1116 2053 iudicanda
1157 1985 1237 2056 (si
1265 1985 1319 2040 id
1353 1986 1498 2040 enim
1553 1986 2078 2051 concedatur,etian

2202 1984 2292 2051 ξος
2323 1986 2550 2049 εἰκότως
2583 1986 2651 2040 ἂν
2681 1987 2981 2060 κληθείη),
3013 1988 3126 2041 ἀλλ’
3165 1991 3214 2042 εί
3242 1990 3639 2059 κυριολεκτοῖτο
3662 1989 3758 2042 τοῦ·

499 2077 677 2132 laudis
711 2077 961 2147 cupidus,
984 2078 1165 2133 inanis
1192 2086 1340 2133 esset
1362 2077 1548 2147 gloria:
1592 2077 1867 2132 studiosus
1906 2078 2078 2149 appel-

2197 2096 2361 2149 νομα,
2394 2080 2422 2132 ὁ
2446 2078 2603 2141 κενὸς
2633 2077 2711 2132 ὢν
2740 2078 2918 2151 ἔργων
2948 2080 3221 2152 χρηστῶν,
3255 2081 3687 2153 ἀντιποιούμενος
3709 2079 3757 2133 δὲ

499 2170 744 2234 Iandusl,
774 2170 867 2225 sed
898 2179 951 2224 et
978 2171 1199 2240 proprio
1228 2170 1528 2240 appelletur
1555 2170 1910 2237 nomine,qui
1934 2170 2078 2226 boni:

2192 2168 2371 2239 δόξης,
2403 2166 2691 2234 κενόδοξος
2710 2167 2777 2221 ἂν
2809 2168 3037 2233 δικαίως
3068 2169 3309 2226 καλοῖτο.

499 2262 573 2317 sit
603 2276 811 2315 vacuus
842 2263 1120 2332 operibus,
1155 2262 1364 2333 (ingens
1388 2276 1519 2317 vero
1564 2260 1819 2332 gloriam,
1848 2260 1939 2317 hic
1974 2277 2091 2317 me-

500 2354 607 2408 rito
638 2353 919 2418 κενόδοξος
952 2353 1275 2424 appelletur.

526 2462 1201 2520 CD‘KIL—PROSECHIO
1240 2462 1741 2529 SCIIOLASTICO,
1777 2464 2059 2520 MEDICO.

2303 2462 2451 2517 TIB'.
2484 2492 2556 2501 —
2592 2461 2935 2534 ΠΡΟΣΕΧΙῼ
2970 2464 3415 2537 ΣΧΟΛΔΣΤΙΚῼ
3449 2465 3659 2535 ΙΑΤΡῼ.

1581 2585 1762 2639 Animi
1796 2582 2216 2655 perturbationes
2246 2599 2311 2638 ex
2338 2584 2514 2637 animo
2549 2582 2702 2635 oriri.

574 2690 716 2757 Non,
743 2705 775 2744 ο
802 2689 944 2746 bone
974 2691 1079 2750 vir.
1112 2700 1170 2744 ttt
1199 2690 1255 2745 in
1310 2690 1501 2763 pelago
1556 2704 1756 2763 praeter
1816 2692 2078 2748 ferocien-

2267 2694 2379 2764 Οὐχ
2430 2692 2617 2764 ὥσπερ
2666 2693 2723 2746 ὲν
2777 2690 3028 2758 πελάγει,
3057 2681 3102 2742 ὦ
3147 2688 3303 2758 σοφὲ,
3352 2686 3511 2758 παρὰ
3551 2687 3642 2759 τὴν
3666 2687 3758 2741 τῶν

500 2782 634 2839 tium
667 2793 954 2837 ventorum
982 2783 1264 2839 incursum
1296 2785 1587 2855 contingit,
1614 2785 1693 2840 sic
1740 2793 1796 2841 et
1819 2785 1871 2839 in
1906 2784 2078 2839 anima

2192 2783 2402 2855 ἀγρίων
2431 2782 2648 2851 ἀνέμων
2679 2779 2920 2851 ἐμϐολὴν
2948 2779 3178 2847 γίνεται,
3214 2776 3365 2830 οὕτω
3397 2779 3493 2830 καὶ
3518 2780 3575 2831 ἐν
3610 2777 3755 2847 ψυχῇ,

497 2876 716 2936 accidit,
750 2876 841 2929 sed
870 2875 958 2931 hic
993 2875 1275 2930 hominum
1308 2878 1577 2948 contingit
1607 2878 1766 2947 culpa
1813 2892 1879 2933 ac
1912 2877 2086 2947 negli-

2193 2876 2331 2931 ἀλλὰ
2364 2875 2517 2947 παρὰ
2552 2874 2652 2944 τὴν
2687 2874 2858 2944 αὐτῆς
2899 2871 3192 2943 ῥαθυμίαν.
3234 2870 3341 2924 Ἂν
3380 2872 3494 2941 γὰρ
3527 2872 3600 2941 μὴ
3640 2870 3757 2941 αὑτὴ

498 2967 700 3037 gentia.
742 2965 798 3021 Si
853 2968 997 3021 enim
1048 2966 1319 3021 llammam
1385 2982 1491 3022 non
1542 2970 1825 3035 accendat,
1874 2968 2078 3039 nisiquc

2190 2969 2375 3039 ἁνάψῃ
2403 2969 2504 3039 τὴν
2533 2967 2731 3036 φλόγα,
2760 2966 2827 3019 ἂν
2863 2966 2938 3035 μὴ
2966 2963 3173 3035 τροφὴν
3210 2962 3290 3033 δῷ
3313 2963 3397 3033 τῷ
3428 2964 3580 3034 πυρὶ,
3608 2962 3668 3016 ἂν
3694 2963 3757 3032 μὴ

497 3061 608 3132 igni
672 3061 959 3115 materiam
1018 3062 1277 3130 praebeat,
1315 3061 1418 3116 nisi
1476 3061 1776 3117 formarum
1830 3062 2084 3117 curiosus

497 3154 725 3209 exsistat
747 3162 1045 3222 spectator,
1073 3153 1175 3207 nisi
1199 3154 1433 3207 alienam
1491 3153 1744 3208 sollicitet
1775 3152 2085 3222 pulchritu-

498 3245 703 3311 dinem,
727 3244 830 3298 nisi
869 3244 1028 3298 adeat
1064 3244 1401 3313 spectacula,
1429 3243 1518 3297 ubi
1555 3243 1899 3313 voluptatum
1954 3243 2082 3313 plu-

497 3335 635 3390 rima
701 3344 830 3389 sunt
880 3335 933 3388 in
981 3335 1209 3390 theatris
1267 3335 1649 3400 invitamenta,
1690 3335 1795 3389 nisi
1846 3334 2087 3406 denique

496 3426 710 3481 deliciis
734 3442 953 3480 carnem
979 3428 1215 3496 saginet,
1240 3427 1343 3483 nisi
1387 3427 1720 3482 intellectum
1754 3427 1906 3483 velut
1927 3429 2081 3482 auri-

497 3533 619 3586 gam
653 3517 778 3569 vino
803 3517 1137 3583 deposuerit,
1174 3532 1271 3571 seu
1329 3517 1674 3580 demerserit,
1703 3517 1920 3570 ﬂamma
1953 3532 2085 3573 sane

496 3622 603 3662 non
638 3606 874 3669 tolletur,
910 3606 1074 3677 683
1102 3621 1232 3676 pyra
1272 3621 1378 3661 non
1408 3607 1646 3673 ardebit,
1676 3607 1788 3660 fera
1814 3607 2072 3663 vitiorum

496 3696 779 3751 molestior
806 3711 912 3749 non
975 3698 1192 3762 evadet,
1238 3712 1344 3750 non
1408 3698 1644 3767 denique
1694 3697 2084 3768 perfringetur,

495 3790 647 3844 velut
685 3788 889 3858 ingenti
932 3789 1209 3842 turbinum
1241 3789 1463 3858 impetu,
1497 3791 1693 3844 mentis
1740 3791 1973 3860 puritas,

521 3895 1108 3963 CDXlll.—-ZOblMO,
1145 3896 1598 3963 ΟΙΙᾸΞΒΕΜΟΝΙ,
1638 3898 1723 3952 ΕΤ
1759 3896 2048 3952 MARUNI.

2182 3061 2281 3123 τὰς
2306 3058 2617 3130 εὐμόρφους
2655 3057 2807 3126 ὄψεις
2834 3056 3295 3126 πολυπραγμονῇ,
3334 3053 3406 3108 ἂν
3436 3055 3512 3124 μὴ
3536 3055 3601 3107 τά
3627 3053 3758 3107 ἀλλό-

2182 3168 2310 3221 τρια
2344 3149 2517 3219 κάλλη
2559 3145 3028 3218 περιεργάζηται,
3061 3145 3128 3199 ἂν
3166 3144 3243 3216 μὴ
3282 3146 3365 3209 είς
3406 3144 3607 3215 θέατρα
3647 3144 3759 3196 ἔνθα

2183 3241 2292 3295 τῶν
2314 3238 2519 3312 ἡδονῶν
2537 3241 2593 3292 αἱ
2629 3238 2853 3307 νιφάδες
2877 3236 3166 3310 ἀναϐαίνῃ,
3183 3235 3252 3290 ἂν
3281 3236 3360 3307 μὴ
3388 3237 3580 3308 πιαίνῃ
3601 3238 3756 3306 τρυφῇ

2182 3329 2283 3401 τὴν
2314 3331 2512 3400 σάρκα,
2545 3328 2611 3383 ἂν
2648 3329 2724 3399 μὴ
2765 3326 3143 3398 καταποντίζῃ
3175 3327 3306 3397 οἴνῳ
3339 3326 3437 3380 τὸν
3468 3324 3759 3397 ἡνιοχοῦντα

2185 3422 2479 3492 λογισμὸν,
2523 3421 2626 3476 οὐκ
2672 3420 2890 3492 αἴρεται
2937 3420 2970 3489 ἡ
3034 3418 3200 3486 φλὸξ,
3248 3418 3354 3472 οὐκ
3398 3418 3687 3471 ἁνάπτεται
3728 3416 3757 3484 ἡ

2184 3514 2356 3585 πυρὰ,
2410 3512 2471 3567 οὐ
2527 3512 2736 3581 γίνεται
2786 3509 3204 3581 ἀργαλεώτερον
3232 3508 3296 3561 τὸ
3326 3508 3543 3578 θηρίον,
3574 3507 3631 3560 οὗ
3662 3506 3761 3559 δια-

2183 3605 2447 3659 κόπτεται
2503 3603 2758 3672 καθάπερ
2803 3601 2909 3655 ὑπὸ
2961 3601 3293 3672 πνευμάτων
3352 3600 3628 3672 ραγδαίων
3675 3597 3761 3667 τῆς

2181 3695 2421 3758 διανοίας
2447 3696 2481 3765 h
2507 3692 2841 3763 καθαρότης.

2289 3896 2435 3950 ΥΙΓ¹.
2474 3925 2545 3937 -
2577 3894 2860 3966 ΖΩΣΙΜῼ,
2902 3893 3297 3946 ΧΑΙΡΗΜΟΝΙ
3321 3932 3337 3957 ,
3384 3888 3668 3947 ΜΔΡΩΝΙ.

1122 4001 1197 4057 De
1227 4004 1334 4057 vini
1362 4020 1461 4057 usu
1487 4004 1837 4072 disputatum.
1872 4002 2164 4060 Ebrietatis
2193 4004 2357 4059 mala.
2384 4003 2620 4076 (Confer.
2658 4002 2816 4071 epist.
2846 4001 2917 4056 45
2943 4013 2990 4055 et
3023 4002 3139 4065 7'5.)

567 4109 942 4178 Vitis,Gra‘ce
996 4110 1216 4181 ἡμερίς,
1270 4110 1412 4164 mitis
1464 4113 1630 4176 dicta,
1689 4113 1830 4181 quod
1888 4114 2074 4167 viuum

494 4205 744 4261 mitiores
772 4218 894 4266 nos.
926 4204 971 4259 si
999 4204 1232 4272 tempori
1265 4219 1330 4259 ac
1352 4206 1630 4260 moderate
1656 4217 1927 4271 sumatur,
1956 4207 2079 4260 red-

2260 4112 2542 4183 Ἀμπελος
2596 4111 2807 4181 ἡμερὶς
2866 4110 3132 4179 λέγεται,
3190 4111 3342 4181 παρὰ
3396 4111 3460 4164 τὸ
3538 4109 3756 4181 ἡμεροῦν

2182 4206 2332 4277 ἡμᾶς
2346 4203 2458 4275 (51)
2476 4204 2567 4257 τὸν
2580 4198 2745 4269 οἶνον,
2766 4202 2997 4274 καιρίως
3015 4203 3111 4255 καὶ⁹
3130 4203 3370 4273 μετρίως
3387 4202 3753 4272 προσφερόμε-

495 4297 610 4351 dat.
636 4295 821 4351 Fidem
858 4296 1002 4349 enim
1068 4310 1423 4366 amoremque
1478 4306 1721 4350 mutuum
1770 4299 2077 4352 hominibus

2187 4312 2289 4350 νον·
2330 4294 2515 4347 πίστιν
2544 4310 2605 4346 τε
2629 4294 2739 4365 γὰρ
2785 4291 3092 4364 ἀνθρώποις
3119 4294 3215 4346 καὶ¹
3253 4292 3442 4359 φιλίαν
3488 4292 3754 4363 ὁμηρεύει,

492 4386 773 4448 conciliat,
823 4384 1026 4438 laetitiae
1084 4385 1248 4439 etiam
1304 4401 1466 4439 causa
1523 4397 1626 4451 est,
1672 4394 1726 4440 et
1786 4402 2075 4442 maerorem

494 4485 844 4543 averruncat,
889 4476 1157 4545 ignaviam
1214 4478 1479 4544 excitans,
1517 4493 1578 4533 ac
1637 4479 1859 4549 pellens.
1893 4478 2077 4547 Aﬁgris

493 4586 650 4640 opem
679 4570 843 4624 variis
883 4568 936 4623 in
980 4569 1183 4623 morbis
1211 4568 1462 4633 aﬂ‘erens,
1482 4571 1630 4625 sanis
1663 4585 1791 4624 vero
1812 4569 2076 4623 valetudi-

494 4675 616 4716 nem
651 4670 831 4714 tuetur
863 4669 1024 4729 atque
1055 4669 1364 4713 conservat.
1401 4657 1456 4713 Si
1520 4661 1704 4729 itaque
1748 4661 1871 4729 quis
1901 4660 2030 4714 illud
2059 4677 2075 4715 :

499 4748 572 4803 Ne
599 4749 726 4817 quid
752 4748 936 4811 nimis,
968 4758 1022 4801 et
1058 4750 1249 4801 modus
1279 4748 1540 4817 optimus,
1560 4749 1838 4819 negligens
1869 4750 1922 4805 in
1950 4749 2075 4805 vino

490 4840 880 4905 debacchctur,
902 4839 1128 4907 injurias
1185 4840 1507 4904 vindicabit,
1544 4849 1600 4895 et
1641 4850 1802 4911 caput
1855 4842 2072 4910 quidem

497 4941 845 5001 temporaque
879 4931 1251 4993 conturbabit.
1285 4932 1447 4986 robur
1506 4934 1825 5004 exagitahit,
1853 4948 2077 5004 corpus-

493 5037 601 5091 que
625 5024 759 5078 adeo
789 5033 956 5077 totum
991 5025 1162 5079 solvet
1190 5042 1205 5093 ;
1248 5041 1442 5080 manus
1507 5027 1779 5094 pedesque
1813 5028 2076 5094 vinciens,

491 5114 704 5183 aliaque
743 5114 827 5168 his
858 5117 1029 5185 magis
1060 5119 1222 5171 etiam
1252 5118 1507 5178 absurda,
1542 5132 1610 5170 ne
1660 5116 1805 5171 dictu
1861 5118 2077 5188 quidem

492 5206 717 5261 honesta
743 5205 948 5274 aﬂeret,
982 5217 1144 5277 atque
1169 5207 1358 5263 amicis
1384 5205 1535 5276 juxta
1565 5214 1618 5261 et
1646 5205 1880 5263 inimicis
1914 5209 2079 5263 risqu

493 5300 794 5355 exhibebit.

2182 4387 2521 4459 εὐφροσύνης
2551 4404 2611 4439 τε
2652 4387 2824 4448 αἴτιος
2846 4423 2862 4448 ,
2901 4384 3135 4448 πένθους
3171 4384 3644 4455 ἀλεξιφάρμακον,
3672 4383 3754 4437 καὶ

2185 4480 2457 4553 ῥᾳθυμίας
2512 4477 2859 4549 ἀναιρετικὸν
2906 4477 3198 4547 τυγχάνει·
3251 4476 3349 4530 καὶ
3402 4475 3619 4529 νοσοῦσι
3668 4474 3756 4545 μὲν

2184 4572 2439 4643 βοήθημα
2469 4570 2676 4625 άπλοῦν
2708 4571 2841 4640 (5‘2),
2873 4569 3137 4623 ποικίλων
3165 4586 3226 4622 τε
3256 4568 3454 4621 παθῶν
3479 4567 3753 4621 παιώνιον·

2182 4663 2485 4732 ὑγιαίνουσι
2530 4662 2588 4715 δὲ
2626 4660 2890 4733 ἔρεισμα,
2924 4661 3020 4715 καὶ
3050 4659 3154 4728 τῆς
3192 4658 3407 4726 ὑγιείας
3457 4657 3752 4728 τηρητικόν.

2181 4753 2244 4806 Ei
2263 4752 2319 4805 δέ
2334 4770 2418 4817 τις
2433 4752 2516 4816 τὸ,
2552 4772 2571 4803 ι
2587 4752 2753 4823 μηδὲν
2771 4751 2932 4821 άγαν,
2947 4770 2965 4802 ι
2989 4750 3085 4803 καὶ
3104 4750 3188 4812 τὸ,
3219 4750 3471 4819 «Μέτρον
3492 4748 3747 4819 ἄριστον.»

2179 4845 2454 4915 ἀτιμάσας
2512 4845 2898 4917 παροινήσειεν
2952 4842 3034 4904 είς
3083 4840 3266 4907 αὑτὸν,
3322 4841 3616 4911 ἀμυνεῖται
3670 4845 3755 4907 τὴν

2184 4933 2362 5004 ὒόρινο
2401 4934 2498 4988 καὶ
2524 4934 2769 5005 κεφαλὴν
2803 4933 2902 5003 μὲν
2934 4932 3028 4985 καὶ
3068 4932 3375 5001 κροτάφους
3413 4931 3751 4999 σφακελίσει,

2181 5026 2281 5096 τὴν
2317 5026 2374 5079 δὲ
2405 5026 2597 5096 ῥώμην
2626 5025 2890 5079 ἁπελάσει
2911 5063 2925 5089 ,
2962 5023 3057 5078 καὶ
3092 5024 3201 5075 πᾶν
3233 5022 3295 5073 τὸ
3325 5022 3494 5093 σῶμα
3532 5020 3751 5075 ἐκλύσει-

2181 5118 2369 5187 χεῖρας
2392 5116 2448 5168 δὲ
2482 5116 2578 5169 καὶ
2613 5115 2781 5178 πόδας
2812 5115 2979 5186 δήσας
3014 5113 3119 5183 (τὰ
3150 5112 3258 5183 γὰρ
3288 5111 3429 5166 ἄλλα
3460 5113 3532 5166 τὰ
3567 5111 3752 5164 τούτων

2182 5206 2525 5278 ἀτοπώτερα,
2558 5206 2679 5259 οὐδὲ
2717 5206 2897 5274 λέγειν
2946 5204 3155 5274 καλὸν),
3197 5202 3519 5274 παραδώσει
3546 5203 3639 5258 καὶ
3675 5200 3752 5270 φί-

2183 5298 2295 5362 λοις
2326 5300 2420 5352 καὶ
2449 5298 2662 5370 ἐχθροῖς
2694 5300 2772 5361 είς
2806 5297 3038 5366 γέλωτα.

1600 5453 1835 5511 VARUS
1873 5453 2259 5511 LECTIONES
2291 5453 2381 5509 ET
2417 5453 2650 5510 NOTAE.

562 5612 673 5680 (Ἠ)
729 5612 990 5681 Ἠμερὶς,
1052 5612 1349 5677 ἄμπελος,
1403 5611 1520 5665 ἀπὸ
1576 5611 1681 5665 τοῦ
1736 5610 2063 5680 ἐξημεροῦν

494 5679 671 5750 male.
709 5679 1022 5751 Hesychius,
1060 5683 1326 5736 Homerus
1351 5682 1546 5751 Odyss.
1581 5682 1641 5742 E,
1671 5696 1813 5736 vers.
1838 5679 1927 5735 60’
1949 5699 1962 5713 ·

610 5774 829 5841 Ἡμερὶς
864 5773 1132 5840 ἡϐώωσα,
1176 5772 1413 5838 τεθήλει
1445 5772 1509 5826 δὲ
1541 5770 1913 5842 σταφυλῇσι.

2297 5609 2434 5665 Vitis
2457 5612 2740 5678 pubescens
2762 5611 2983 5678 ﬂorebat
3016 5626 3135 5664 vero
3175 5611 3305 5664 uois.
3338 5608 3587 5665 δεεστ-ι’.

2260 5701 2374 5773 ('52)
2401 5700 2526 5773 Post
2560 5699 2963 5773 dulcﬁypudd.
3003 5700 3127 5757 Vat.
3159 5701 3265 5756 650
3300 5712 3351 5756 et
3393 5704 3509 5757 Alt.
3565 5698 3748 5756 addunt

2189 5770 2288 5843 μὲν
2321 5782 2377 5827 et
2404 5770 2465 5823 τὲ
2492 5780 2616 5827 ante
2652 5770 2841 5825 παθῶν
2882 5781 3093 5826 mutant
3142 5774 3194 5828 in
3223 5773 3299 5826 δέ.
