3982 6420
237 378 244 385 ’
277 363 413 430 1573
1153 367 1685 432 EPISTOLARUM
1724 372 1869 433 LIB.
1920 373 1991 435 V.
2026 397 2097 408 —
2128 374 2364 436 EPIST.
2399 376 2713 439 CDXVIII.
3388 377 3516 446 15ῗᾶ

738 474 882 530 Υιειο.
923 507 994 518 -
1032 479 1352 552 ΛΕΟΝΤΙῼ.
1867 498 1914 555 Α
2404 486 3058 549 CDXlV.~—LEONTIO.

1169 590 1249 645 De
1272 592 1478 646 virtutis
1505 590 1762 646 utilitate.
1788 592 2027 665 (Confer.
2059 598 2211 667 epist.
2238 598 2344 655 406
2371 611 2418 656 et
2466 601 2617 673 407.)

342 697 407 749 Ἦ
438 696 610 768 ἀρετὴ
663 696 915 753 τοσοῦτον
954 699 1148 771 ἀπέχει
1192 700 1289 755 τοῦ
1323 702 1432 756 ἀπὸ
1468 702 1576 755 τῶν
1608 703 1841 774 μεταϐο-

2018 706 2201 764 Virtus
2235 718 2441 764 tantum
2466 712 2622 767 abest
2650 721 2709 767 ut
2737 721 2992 783 tanquam
3035 727 3215 770 rerum
3246 715 3523 774 vicissitu-

256 789 368 843 λῶν
410 789 762 859 ἐλέγχεσθαι,
789 790 871 844 ὅτι
895 791 993 844 καὶ
1020 793 1211 856 αὐταῖς
1236 792 1338 857 τὰς
1365 793 1687 866 πρεπούσας
1716 795 1828 849 ἐπι-

1952 796 2087 851 dinis
2106 797 2175 852 sit
2204 813 2366 854 causa
2389 799 2706 868 judicanda,
2735 810 2795 856 ut
2826 802 2957 871 ipsis
3002 804 3167 859 etiam
3190 809 3524 864 convenien-

256 880 530 934 ϐάλλουσα
564 881 722 952 ήνίας
757 881 972 935 εὐθύνει
1016 884 1155 955 πρὸς
1189 884 1253 938 τὸ
1301 885 1442 942 δέον.
1483 885 1574 956 Τῷ
1607 886 1706 958 μὲν
1731 887 1828 959 γὰρ

1948 887 2021 941 tia
2050 887 2334 958 imponens
2365 892 2519 947 frena
2557 892 2759 962 dirigat
2806 895 2874 949 ad
2906 893 3140 950 ollicium
3188 896 3520 955 faciendum.

232 972 476 1043 -πλούτῳ
523 972 587 1025 τὸ
637 974 983 1043 οἰκονομικὸν
1030 976 1330 1047 συγκιρνᾷ,
1368 978 1437 1048 τῇ
1491 976 1549 1030 δὲ
1590 975 1716 1048 δόξῃ
1742 977 1804 1049 τὴ

1950 978 2112 1034 Diviti
2160 982 2305 1036 enim
2368 981 2589 1039 familia:
2651 987 2896 1055 regenda:
2946 1000 3190 1041 normam
3238 998 3522 1060 temperat,

256 1064 611 1134 μετριότητα·
644 1065 739 1118 καὶ
786 1067 854 1135 τῇ
899 1065 998 1134 μὲν
1036 1067 1181 1136 ἀρχῇ
1227 1067 1328 1137 τὴν
1360 1062 1618 1137 ἄτυφίαν.
1654 1069 1733 1139 Τῇ
1785 1067 1828 1121 δὲ

1949 1070 2128 1141 gloria:
2154 1072 2372 1128 modum
2404 1075 2709 1144 imponens,
2743 1078 2810 1132 iis
2839 1077 2934 1147 qui
2985 1089 3225 1146 praesunt
3251 1096 3315 1137 ac
3345 1084 3521 1153 magi-

254 1153 419 1225 πενίᾳ
458 1154 559 1224 τὴν
587 1154 857 1226 ἀνδρείαν.
895 1156 959 1208 Et
1002 1156 1184 1210 τοίνυν
1221 1157 1316 1211 καὶ
1356 1157 1467 1210 τῶν
1496 1162 1826 1229 πραγμάτωι

1950 1164 2141 1217 stratui
2171 1180 2240 1220 ne
2268 1158 2540 1249 turgescat
2568 1165 2741 1236 fastu;
2779 1173 3003 1240 pauperi
3027 1188 3154 1227 vero
3183 1175 3332 1228 addit
3362 1174 3522 1230 forti-

250 1245 382 1306 τοὺς
433 1246 840 1316 νεωτερισμοὺς
893 1247 1049 1317 νικᾷ,
1106 1246 1204 1300 καὶ
1252 1247 1498 1316 ἀοίδιμον
1562 1248 1822 1304 κάνταῦθα

1950 1251 2210 1308 tudinem.
2238 1245 2419 1321 Quare
2442 1257 2486 1311 si
2534 1272 2716 1312 rerum
2766 1275 3025 1315 novarum
3073 1264 3313 1319 studium
3360 1278 3522 1334 supe-

250 1336 368 1406 ἔχει
410 1338 634 1392 κάκεῖσε
682 1338 795 1405 ἕξει
822 1337 885 1392 τὸ
914 1339 1071 1403 κλέος
1094 1380 1110 1401 ,
1140 1340 1282 1394 διατί
1311 1340 1389 1413 μὴ
1421 1340 1626 1412 ταύτην
1656 1342 1822 1396 ἀσπα-

1944 1353 2043 1409 rat,
2071 1353 2234 1414 atque
2263 1348 2316 1401 in
2350 1348 2449 1403 hac
2496 1350 2763 1405 celebrem
2805 1352 2989 1416 habet,
3023 1354 3076 1409 in
3105 1355 3384 1427 alteraque
3406 1358 3516 1413 vita

250 1426 490 1498 ζόμεθας
1935 1433 2163 1502 gloriam
2192 1448 2581 1510 consequetur,
2616 1444 2805 1513 quidni
2837 1445 2979 1501 hanc
3007 1446 3170 1516 igitur
3217 1426 3520 1518 amplecti-

1936 1542 2059 1582 mur
2073 1528 2111 1599 Ἰ,

564 1623 710 1678 TIE'.
749 1652 823 1664 —
855 1624 1186 1698 ΑΡΠυΚΡᾼ
1222 1627 1529 1701 ΣΟΦΙΣΤῌ.

2187 1635 2483 1694 CDXV.—
2501 1639 2897 1699 HARPOCIUE
2931 1643 3258 1705 RHETOBI.

250 1715 528 1772 Hortatur
551 1728 609 1772 ut
638 1720 811 1774 amico
843 1735 1073 1787 mortuo,
1102 1739 1204 1776 non
1238 1733 1447 1777 mortua
1493 1732 2046 1812 ponut'monumentu,
2078 1730 2168 1812 sed
2197 1731 2412 1812 funebri
2437 1751 2556 1789 eum
2578 1749 2727 1792 ornet
2763 1740 3023 1796 oratione.
3052 1740 3320 1811 Epitaphii
3370 1743 3520 1812 λόγοι

1522 1794 1723 1865 duplici
1755 1799 1966 1852 nomine
1998 1794 2250 1856 habendi.

316 1894 405 1948 Τὰ
455 1896 552 1966 μὲν
607 1895 700 1949 ἐπὶ
748 1897 867 1962 ταῖς
916 1893 1116 1967 ταὲραῖς
1161 1900 1276 1961 τοῖς
1326 1899 1680 1971 ἀφιλοσόφοις
1734 1904 1829 1957 καὶ
1858 1902 1888 1962 Ε

2000 1909 2137 1965 Aliis
2183 1911 2535 1981 relinquenda
2567 1926 2691 1970 sunt
2715 1930 2779 1971 ea
2810 1932 2930 1987 quae
2967 1919 3271 1987 sepulchris
3306 1926 3516 1982 rudium

246 1985 637 2054 ἀπειροκάλως
683 1988 916 2042 εἰωθότα
980 1988 1354 2059 πληροῦσθαι,
1404 1990 1585 2055 ἄλλοις
1628 1994 1814 2047 ἐατέον

1947 2000 2222 2056 hominum
2259 2012 2426 2073 atque
2461 2005 2766 2074 ineptorum
2802 1985 3008 2079 imponi
3033 1985 3356 2070 _so|ent.Tu
3391 2032 3519 2073 vero

247 2077 320 2128 Σὺ
346 2078 411 2129 δέ
449 2079 570 2141 ταῖς
600 2078 1012 2150 ἐντελεστέραις
1050 2080 1348 2152 εὐφημίαις
1392 2083 1708 2153 περίστελλε
1745 2085 1819 2139 τδπ

1945 2096 2409 2163 apprecationibus
2432 2112 2761 2169 prosequere
2789 2077 3124 2170 defunctum,
3143 2117 3199 2161 et
3238 2108 3517 2179 sepultura

247 2168 602 2237 μεταστάντα
624 2206 640 2232 ,
685 2170 780 2223 καὶ
815 2173 929 2234 τοῖς
962 2170 1184 2235 ἀσύλοις
1231 2173 1326 2225 καὶ
1364 2175 1819 2245 πρεπωδεστάτας

1946 2199 1967 2238 a
2008 2186 2186 2253 praeda
2212 2188 2438 2243 immuni
2490 2204 2557 2245 ac
2609 2168 2995 2249 decentissima
3040 2213 3268 2264 exorna,
3299 2168 3518 2256 dicendi

245 2258 532 2327 ἐνταφίοις
564 2260 762 2331 κόσμει
782 2299 799 2327 ,
833 2260 933 2332 τὴν
961 2261 1056 2315 τοῦ
1089 2262 1248 2332 λόγου
1276 2263 1620 2334 δωρούμενος
1654 2266 1814 2338 χάριν

1946 2276 2204 2332 adhibens
2233 2280 2487 2348 gratiam,
2520 2293 2578 2335 ut
2618 2292 2673 2337 et
2699 2282 2849 2339 illum
2884 2285 3117 2343 honores
3149 2291 3217 2346 ad
3249 2258 3518 2350 imitatio-

247 2346 337 2401 ἵνα
375 2350 627 2404 κάκεῖνον
653 2352 925 2425 τιμήσῃς,
954 2353 1050 2406 καὶ
1078 2353 1208 2417 τοὺς
1236 2353 1357 2424 μεθ’
1388 2356 1538 2426 ἡμᾶς
1562 2356 1644 2420 είς
1677 2358 1819 2429 ζῆλοι

1188 2369 1208 2417 ς
1236 2353 1357 2424 μεθ’
1388 2356 1538 2426 ἡμᾶς
1562 2356 1644 2420 εἰς
1677 2358 1838 2429 ζῆλον
1938 2380 2170 2437 nemque
2195 2346 2444 2439 posteros
2472 2375 2760 2432 accendas.

243 2455 488 2512 αγαγῃς.

504 2548 669 2617 ΥΙΤ.
699 2579 773 2591 -
800 2550 992 2623 ΓΕΣΙῼ
1037 2552 1596 2627 ΠΟΛΙΤΕΥΟΜΕΝῼ.
1912 2641 1917 2645 ,
2028 2568 2565 2630 CDXVl.—GESIO
2612 2577 2819 2637 ιιΕΜΡ.
2852 2581 3423 2646 ADMINISTRANTI.

1538 2648 1565 2702 Ι
1575 2649 1809 2719 njuriam
1838 2659 2228 2718 remittendam.
3115 2673 3124 2699 ¹

315 2750 388 2804 Ei
408 2751 504 2805 καὶ
523 2752 876 2825 νενικημένος
907 2753 999 2823 ὑφ’
1025 2745 1102 2809 ὧν
1144 2753 1424 2821 πέπονθας
1446 2797 1463 2822 ,
1494 2756 1653 2814 οὔπω
1682 2761 1838 2833 νικῆο

2012 2771 2069 2827 Si
2092 2784 2316 2845 accepta
2339 2775 2515 2832 victus
2560 2778 2757 2849 injuria
2787 2797 2816 2836 a
2853 2793 2906 2840 te
2951 2786 3245 2858 impetrare
3271 2797 3400 2864 quin
3431 2799 3517 2853 nl-

244 2859 338 2897 σαι
372 2843 569 2897 σαυτὸν
599 2846 825 2914 ίσχυσας
855 2847 936 2910 είς
957 2847 1016 2899 τὸ
1047 2847 1124 2921 μὴ
1154 2847 1489 2919 ἀμύνασθαι,
1517 2850 1656 2907 ἀλλὰ
1681 2853 1816 2916 δίκαι

1944 2864 2149 2920 ciscare
2197 2882 2304 2922 non
2351 2879 2524 2938 potes,
2555 2874 2651 2928 sed
2689 2874 2973 2933 laedentem
3025 2885 3219 2950 punire
3274 2843 3516 2945 animum

241 2935 558 3005 ἀπαιτῆσαι
612 2937 705 2988 τδν
762 2937 1064 3009 ὑϐρίσαντα
1125 2938 1527 3011 ὀνειροπολεῖςο
1593 2944 1813 3015 μάλιστι

1944 2955 2216 3012 induxeris
2260 2935 2436 3028 tuum,
2482 2935 2718 3020 maxime
2748 2966 2802 3022 id
2838 2979 2924 3024 est
2971 2986 3001 3024 a
3025 2935 3516 3036 ὀιιὲἓὲιίαῖἶῖξξ

245 3030 353 3101 μὲν
390 3028 671 3101 ἀλλότριον
723 3030 879 3084 τοῦτο
935 3032 1285 3103 Χριπιανοῦ.
1330 3034 1395 3087 Et
1442 3034 1500 3088 δὲ
1543 3036 1624 3108 τῷ
1680 3039 1817 3111 νόμή

1945 3047 2080 3104 mine
2108 3050 2371 3106 alienum.
2403 3052 2554 3120 Quod
2578 3056 2622 3111 si
2641 3056 2848 3127 legibus
2875 3062 3093 3119 assidue
3123 3067 3372 3126 decertes
3398 3073 3517 3143 (vel

242 3120 530 3195 ἐπερείδῃ,
559 3121 697 3186 τέως
751 3123 939 3186 ἔνδος·
994 3122 1027 3193 ἢ
1078 3124 1188 3195 γὰρ
1242 3128 1271 3178 ὀ
1316 3126 1507 3195 χρόνος
1559 3144 1620 3180 σε
1673 3127 1814 3201 θερα

1934 3139 2076 3195 enim
2110 3149 2321 3213 tempus
2351 3145 2443 3200 tibi
2491 3120 2812 3217 medebilur,
2830 3154 2915 3208 vel
2961 3156 3073 3224 ipse
3105 3120 3506 3233 sevvde-l'e'ut‘let',

241 3213 443 3267 πεύσει
463 3253 478 3278 ,
502 3214 536 3284 ἢ
564 3215 769 3277 ἐκεῖνος
792 3214 1210 3286 ἀπολογήσεται,
1237 3217 1395 3288 εῐπερ
1418 3219 1655 3290 τοσαύτη
1686 3221 1813 3275 ἐστὶι

242 3307 274 3330 ,ι
311 3308 447 3330 2,-..ι
473 3322 487 3330 .
527 3306 617 3330 -.-ἱ
673 3307 805 3330 .-__l.
835 3306 1005 3330 -..π-,.
1052 3307 1211 3330 ...ονρὶη
1249 3308 1551 3330 1.---ηημμῑιωε
1590 3310 1644 3330 5!
1690 3311 1712 3330 1
1738 3329 1743 3330 ,

1942 3232 1980 3285 si
2013 3240 2157 3287 tanta
2181 3243 2267 3289 est
2298 3234 2416 3307 ira)
2441 3247 2497 3291 et
2533 3250 2721 3308 postea
2766 3242 2954 3301 ulcisci
3008 3251 3236 3318 poteris,
3268 3213 3514 3326 tempore

241 3307 279 3377 ή
307 3308 451 3377 ὀργή
473 3322 487 3335 ⁸
527 3306 620 3359 καὶ
669 3307 807 3378 μετὰ
833 3306 1009 3361 ταῦτα
1047 3307 1212 3362 αὑτὸν
1242 3308 1557 3379 ἀμύνασθαι
1585 3310 1813 3384 ὄύνὴσῃἸ

241 3399 404 3425 λιιι...
429 3398 532 3425 .¹.-λ
557 3397 647 3425 --π
681 3398 873 3425 “Al”-..
907 3400 985 3425 Α-
1011 3398 1070 3425 -λ
1118 3398 1190 3425 ..Δ-
1227 3400 1403 3425 ἓ-ῗζ-...-
1449 3401 1601 3425 ﬁt“--.
1631 3404 1813 3425 ι---ι’,.-.

1944 3323 2037 3425 ipsi
2068 3341 2172 3380 non
2205 3306 2845 3400 opitulante,vquominus
2883 3339 2975 3394 det
2995 3306 3088 3396 tibi
3122 3306 3516 3425 ptenasféé—‘v

240 3399 404 3449 οὐδὲν
429 3398 534 3449 ὑπὸ
557 3397 649 3450 τοῦ
681 3398 874 3468 χρόνου
906 3400 985 3461 είς
1011 3398 1072 3451 τὸ
1116 3398 1192 3471 μὴ
1226 3400 1408 3455 δοῦναι
1445 3401 1601 3472 δίκην
1628 3404 1812 3456 ἐκεῖνοε

1940 3415 2001 3470 Ει
2028 3418 2145 3473 haec
2174 3420 2390 3489 quidem
2432 3397 2716 3483 hactenus.
2744 3426 2841 3484 Dic
2889 3432 3068 3488 amico
3110 3397 3203 3491 t'uo
3232 3397 3512 3497 all-em

241 3491 803 3563 παραϐλαπτόμενος.
833 3491 945 3544 Καὶ
968 3490 1140 3545 ταῦτα
1165 3492 1264 3562 μὲν
1285 3495 1365 3557 είς
1390 3494 1667 3548 τοσοῦτον.
1699 3494 1813 3549 Είπῑ

1938 3522 2043 3575 me,
2077 3509 2162 3563 vel
2194 3515 2701 3573 communicaturus
2731 3534 2852 3588 quae
2892 3521 3079 3588 habes,
3115 3527 3197 3581 vel
3261 3543 3510 3601 receptu-

240 3584 301 3637 δὲ
347 3584 428 3654 τῷ
463 3582 663 3637 σαυτοῦ
704 3583 878 3654 φίλῳο
926 3583 1081 3691 ὶΕλθὲ
1111 3583 1187 3646 ὡς
1216 3586 1401 3656 ἡμᾶς,
1435 3585 1469 3657 ἢ
1507 3584 1812 3657 μεταδώσωι

1936 3615 2026 3656 rus
2062 3616 2170 3671 quo
2199 3618 2378 3659 cares.
2410 3607 2429 3627 ’
2465 3604 2546 3661 Tu
2601 3582 2906 3679 sapientem
2950 3629 3075 3670 esse
3108 3582 3508 3691 praedicasrqui

241 3669 321 3729 ὦν
352 3674 522 3745 ἔχεις,
560 3675 594 3745 ἢ
639 3673 879 3745 μεθέξων
919 3666 995 3728 ὧν
1021 3675 1121 3728 οὐκ
1150 3675 1311 3746 ἔχεις.
1354 3676 1428 3729 Σὺ
1477 3678 1576 3747 μὲν
1610 3677 1719 3749 γὰρ
1746 3695 1813 3730 σο

2081 3666 2098 3671 _
2668 3666 2683 3679 _
2958 3666 3070 3670 --η
3108 3666 3371 3687 rm---"

1939 3693 2222 3763 magniﬁce
2258 3710 2318 3751 se
2340 3695 2533 3765 jactat,
2570 3712 2671 3754 nec
2707 3703 2917 3757 veniam
2951 3718 3140 3773 poscat
3177 3735 3190 3766 ;
3237 3726 3334 3767 nos
3383 3666 3511 3768 va

242 3766 384 3837 φίαν
438 3765 583 3835 ἔχειν
630 3766 736 3836 φὴς
786 3764 1183 3837 μεγαληγορεῖν
1237 3767 1299 3818 ού
1357 3769 1814 3841 παραιτουμένην1

1937 3785 2217 3839 veritatem
2256 3786 2602 3856 simplicitate
2635 3804 2699 3843 ac
2726 3799 3046 3852 verecundia
3101 3802 3349 3855 vestitam
3373 3816 3509 3871 pne-

240 3860 413 3929 ήμεῖς
455 3858 511 3911 δέ
554 3874 732 3928 φαμεν
762 3857 1019 3928 ἀλήθειαν
1043 3857 1307 3927 ἁπλότητι
1356 3859 1452 3911 καὶ
1497 3859 1633 3912 αἰδοῖ
1678 3876 1809 3914 κεκο

1938 3875 2200 3931 dicamus.
2219 3878 2324 3935 Aut
2356 3885 2500 3937 enim
2531 3887 2751 3942 meliora
2782 3890 2997 3944 inventa
3031 3906 3261 3961 sequere
3314 3893 3510 3960 libens,

243 3949 567 4020 σμημένην.
606 3950 677 4002 Ἢ
715 3949 823 4020 γὰρ
853 3949 1156 4019 κρείττοσιν
1197 3949 1469 4021 εὑρεθεῖσι
1497 3950 1815 4004 κατακολου⁴

1551 3950 1833 4049 ιταξεολου·
1935 3965 2018 4021 vel
2059 3969 2259 4025 redibis
2283 3972 2500 4028 domum
2545 3987 2691 4031 tuam
2730 3979 2865 4033 nihil
2908 3949 3123 4049 passus:

241 4041 443 4110 θήσεις
481 4041 745 4111 ἄσμενος,
775 4041 809 4111 ἢ
851 4041 1141 4111 ἐπανήξεις
1182 4042 1367 4095 οἴκαδε
1410 4041 1579 4113 μηδὲν
1621 4041 1834 4115 ζημιω-

241 4130 385 4185 θείς.
2454 4162 2458 4166 .

298 4166 385 4195 ...,.

298 4245 308 4253 “
498 4239 648 4295 ΥΙΖ’.
694 4268 767 4280 -·
814 4240 1066 4311 ΖΩΣΙΜῼ
1114 4242 1584 4315 ΠΡΕΣΒΥΤΕΡῼ.

2144 4236 2402 4293 CDXVll.
2438 4270 2509 4280 —
2532 4241 2787 4301 ZOSIMO
2812 4246 3292 4311 PRESBYTERO.

971 4333 1035 4386 Ut
1058 4337 1123 4387 sit
1148 4337 1286 4406 frugi
1315 4337 1582 4401 hortatur,
1602 4346 1714 4389 utet
1735 4337 1903 4391 tribus
1926 4350 2070 4404 sequ.
2099 4334 2251 4402 epist.
2284 4344 2333 4388 et
2365 4336 2490 4401 5H,
2519 4337 2645 4403 445,
2677 4338 2803 4394 562.

315 4446 386 4500 Εἰ
421 4445 521 4517 μὲν
566 4446 726 4516 μόνος
767 4464 848 4500 σοι
880 4450 908 4500 ὁ
952 4448 1050 4518 τῆς
1096 4446 1532 4517 φιλοχρηματίας
1564 4446 1702 4518 ἔρως
1731 4449 1827 4501 καὶ
1861 4506 1887 4528 τ

2009 4441 2121 4497 Nisi
2151 4443 2323 4497 solum
2357 4454 2409 4499 te
2439 4446 2786 4514 pecuniarum
2850 4450 3117 4518 cupiditas
3166 4464 3221 4509 et
3281 4459 3505 4528 cepisset

239 4538 458 4608 ἐπῆλθε
485 4539 578 4590 καὶ
600 4534 959 4603 εἷλεν,ούκᾶν
981 4538 1248 4609 τοσαύτην
1277 4538 1431 4609 παρὰ
1472 4538 1691 4592 πάντων
1728 4539 1811 4592 ὐπ-

2439 4506 2453 4514 ,
2921 4506 2932 4518 .
3099 4506 3111 4509 ν
3173 4506 3217 4509 --
3286 4506 3504 4528 "ru-w-

1935 4541 1990 4587 et
2024 4543 2253 4599 teneret,
2287 4550 2392 4588 non
2430 4536 2565 4590 adeo
2593 4553 2781 4593 omnes
2810 4541 2903 4594 tibi
2953 4543 3127 4598 dicam
3182 4548 3504 4607 scriberent.

239 4627 444 4698 έμενες
465 4629 703 4700 γραφήν.
744 4628 961 4700 Ἐπειδὴ
996 4628 1052 4681 δέ
1082 4630 1282 4692 πάντες
1312 4630 1369 4681 ἐν
1405 4630 1508 4693 σοὶ,
1542 4628 1619 4692 ὥς
1645 4647 1807 4698 φασιν

1936 4622 2065 4679 Cum
2125 4639 2277 4690 vero,
2308 4635 2365 4679 ut
2427 4625 2628 4691 ferunt,
2669 4644 2862 4686 omnes
2916 4633 3076 4687 simul
3111 4638 3324 4705 agmine
3366 4640 3508 4698 facto

240 4716 562 4789 ἀχορεύτως
600 4717 962 4789 χορεύσαντες
990 4714 1153 4786 εἷλον,
1188 4718 1412 4788 μείζονά
1442 4735 1501 4770 σε
1541 4719 1721 4787 πάσης
1746 4736 1812 4771 τι-

1934 4725 1985 4769 te
2020 4717 2338 4781 invaserint,
2376 4717 2477 4770 rati
2514 4733 2673 4788 supra
2715 4736 2930 4777 omnem
2978 4734 3027 4778 te
3058 4741 3271 4794 ptennm
3330 4731 3506 4787 delin-

243 4808 464 4880 μωρίας
494 4809 830 4880 ἁμαρτάνειν
865 4811 1159 4881 ήγούμενοι
1186 4848 1201 4873 ,
1234 4810 1310 4873 ὼς
1339 4809 1583 4863 ποικίλον
1609 4809 1701 4861 καὶ
1733 4826 1815 4862 πο-

1933 4820 2121 4874 quere,
2146 4813 2207 4858 ut
2226 4805 2433 4858 variam
2465 4821 2527 4861 ac
2552 4808 2905 4876 multiplicem
2965 4814 3135 4869 feram
3169 4834 3234 4872 ac
3273 4820 3504 4876 bellnam

238 4898 533 4970 λύμορφον
573 4899 760 4970 θηρίον
796 4899 1176 4970 ἐκτρέπονται.
1208 4900 1273 4952 Ei.
1307 4899 1485 4952 τοίνυν
1515 4899 1691 4969 βούλει
1730 4899 1810 4971 τῆς

1933 4905 1981 4951 te
2010 4898 2368 4961 detestantur,
2393 4913 2457 4952 ac
2509 4899 2803 4967 refugiunt.
2852 4902 3003 4959 Hanc
3058 4907 3222 4977 igitur
3275 4912 3318 4964 si
3362 4911 3505 4966 inlu—

236 4990 505 5059 τοιαύτην
540 4989 946 5061 ἀποτρίψασθαι
999 4990 1238 5055 ἀδοξίαν,
1270 4989 1339 5043 τὰ
1364 4989 1676 5059 ἀνθρώποις
1702 4991 1808 5061 (ριλ⁴

1933 4989 2092 5044 miant
2115 4989 2267 5058 cupis
2293 4991 2521 5054 evitare,
2547 4992 2714 5046 dicito
2751 5007 2815 5049 ac
2856 4994 3022 5051 facito
3051 5015 3170 5070 qua:
3233 5002 3505 5059 hominem

236 5084 465 5151 αρέτοις
500 5082 779 5153 πρέποντα
802 5082 894 5135 καὶ
916 5081 1041 5150 λέγε
1070 5082 1163 5135 καὶ
1192 5083 1420 5148 πρᾶττε.

1367 5098 1420 5133 τε.
1930 5083 2128 5136 virtute
2156 5083 2437 5150 praeditum
2464 5085 2698 5139 maxime
2729 5087 2939 5143 decent.

498 5190 649 5246 l'lll’.
680 5220 751 5230 —
779 5191 1076 5261 ΑΥΣΟΝΙῼ
1118 5188 1581 5244 ΚΟΡΡΗΚΤΩΡΙ.

2130 5193 2410 5249 CDXVlll.
2424 5224 2498 5238 -—
2513 5196 2556 5248 A
2569 5194 2820 5254 USONIO
2848 5200 3311 5266 CORRECTOBI.

320 5297 568 5365 Ἀγαμαί
603 5315 696 5350 σου
728 5298 788 5350 τὸ
816 5297 977 5366 σοφὸν
1011 5298 1265 5366 φρόνημα
1285 5336 1299 5361 ,
1337 5297 1419 5349 ὅτι
1459 5295 1622 5363 φόϐον
1654 5296 1823 5365 πραό-

2002 5301 2171 5356 Tuam
2219 5304 2438 5372 quidem
2492 5304 2811 5373 prudentem
2868 5311 3110 5367 admiror
3156 5318 3501 5390 sapientiam,

235 5406 371 5459 τητι
408 5389 569 5458 μίξας
602 5391 823 5453 οὐδένας
864 5392 1044 5459 ἔχεις,
1088 5389 1208 5441 οὔτε
1241 5390 1368 5452 τοὺς
1397 5389 1486 5441 διὰ
1530 5390 1622 5441 τὸν
1661 5390 1807 5458 φόϐοι

1930 5395 2069 5461 quod
2105 5404 2305 5447 metum
2355 5393 2675 5461 benignitati
2736 5399 3066 5468 admiscens,
3111 5409 3379 5464 neminem
3405 5389 3502 5467 ha?

239 5483 575 5554 μισοῦντας,
614 5482 736 5535 οὔτε
769 5485 896 5545 τοὺς
922 5483 1009 5536 διὰ
1045 5482 1144 5552 τὴν
1177 5483 1457 5553 πραότητα
1498 5482 1811 5545 πταίονταςε

1928 5481 2058 5537 beas
2076 5483 2165 5552 qui
2193 5494 2243 5536 te
2266 5483 2348 5537 vel
2384 5482 2452 5537 ob
2487 5490 2685 5536 metum
2708 5485 2908 5551 oderit,
2943 5491 3023 5546 vel
3069 5494 3138 5548 ob
3159 5497 3500 5557 clementiam

235 5574 383 5628 ἀλλά
414 5591 498 5627 σοι
530 5575 628 5645 τὴν
652 5574 943 5628 ἀκόλουθον
972 5576 1169 5644 κρᾶσιν
1201 5573 1557 5626 ἀντιδιδόασιν
1584 5575 1631 5625 οἱ
1661 5573 1807 5643 ἀρχό-

1926 5572 2182 5640 offendat,
2214 5575 2307 5629 sed
2335 5576 2536 5631 subditi
2562 5592 2777 5631 omnem
2835 5584 3256 5641 tit-oderationem
3305 5605 3497 5647 conse-

238 5682 422 5736 μενοι,
450 5665 774 5739 σωφροσύνῃ
803 5665 984 5735 φιλίαν
1015 5663 1370 5733 συνάψαντες·
1406 5662 1592 5732 ἐπειδὴ
1620 5663 1726 5733 γὰρ
1754 5665 1810 5716 τά

1928 5674 2180 5732 qncntes,
2215 5662 2442 5719 allectus
2470 5670 2767 5736 rependant
2801 5687 2923 5726 cum
2980 5680 3337 5745 temperantia
3363 5688 3500 5735 ami-

233 5756 496 5811 πλεῖστον
522 5758 615 5811 ἀπ’
638 5756 883 5827 ἀλλήλων
898 5753 1197 5810 διεστῶστα
1221 5753 1511 5823 ἐκέρασας,
1538 5751 1631 5807 καὶ
1661 5753 1805 5806 αὐτοὶ

1927 5756 2108 5810 citiam
2162 5754 2579 5827 conjungentes.
2637 5762 2772 5818 Cum
2840 5766 3071 5825 misceas
3121 5774 3499 5845 concinneque
