3982 6420
528 367 671 435 1575

1740 360 1802 421 S.
1843 358 2136 420 ISIDORI
2176 352 2617 419 PELUSIOT/E

3622 361 3735 429 1576

521 459 818 549 temperes,
845 487 965 543 qua:
1015 471 1162 526 inter
1210 483 1269 525 se
1323 476 1589 539 pugnant.
1649 470 1816 522 etiam
1871 467 2102 536 subjecti

2204 466 2305 537 τὴν
2355 468 2477 535 ῐσην
2511 483 2593 519 σοι
2627 465 2975 519 ἀποδιδόασιν
3012 464 3268 536 ἀμοιϐὴν,
3314 466 3462 539 παρὰ
3505 469 3589 523 σοῦ
3630 491 3735 528 παι-

518 569 748 639 aequalia
806 564 1340 629 retrihuunt,edocti
1396 562 1651 616 nimirum
1700 564 1799 617 abs
1825 570 1877 617 te
1935 561 2110 618 divisa

521 677 644 731 qua:
671 670 799 714 sunt
818 655 1167 725 conjungere.

1020 766 1250 824 CDXIX.
1269 796 1341 807 --
1366 764 1596 821 EIDEM.

587 884 754 940 Recte
776 882 914 938 facta
946 892 1039 938 tua
1061 882 1116 952 (ο
1137 878 1504 952 gratissimum
1536 875 1748 930 aﬂlictis
1769 875 1971 940 lumen,
2004 858 2108 931 etsi

516 974 732 1045 iniustis
751 972 943 1028 terrori
973 972 1064 1043 sit)
1098 969 1243 1026 omni
1271 969 1425 1023 laude
1453 968 1730 1038 superiora
1758 976 1904 1021 sunt.
1920 966 2109 1033 Quan-

517 1083 680 1137 quam
707 1075 763 1122 et
790 1066 1093 1122 orationem
1127 1078 1280 1118 suam
1317 1064 1370 1117 in
1426 1061 1535 1116 tuis
1572 1060 1866 1115 virtutibus
1892 1059 1946 1114 in
2003 1060 2109 1114 im-

517 1174 763 1217 mensum
798 1157 1250 1215 excrescentibus
1276 1155 1525 1226 superari
1553 1161 1836 1224 exoptant.

1037 1353 1251 1411 CDXX.
1269 1350 1576 1406 ——ElDEM.

588 1467 689 1537 Qui
716 1468 1022 1525 moderatos
1049 1481 1228 1522 mores
1261 1467 1381 1521 sine
1410 1464 1550 1519 fastu
1579 1462 1819 1534 prmfert,
1851 1462 1986 1517 alios
2009 1476 2106 1517 ve-

520 1574 583 1613 ro
626 1560 696 1616 de
744 1576 803 1616 se
862 1560 1097 1628 superbe
1151 1556 1452 1613 sentientes
1500 1554 1569 1608 ad
1624 1552 2107 1620 arrOgantiamque

520 1654 691 1707 ﬂexos
729 1668 833 1707 non
865 1651 1134 1722 increpat,
1165 1649 1255 1705 hic
1298 1647 1518 1703 virtutis
1560 1646 1856 1701 maximum
1884 1642 2106 1698 exhibet

517 1752 917 1814 argumentum.

744 1850 1283 1911 CDXXl.—LUC.E
1319 1847 1634 1906 CLARISS.
1678 1844 1863 1901 VlRO.

2214 556 2498 621 δευθέντες
2530 558 2823 611 συνάπτειν
2851 556 2922 609 τὰ
2943 558 3346 627 κεχωρισμένα.

2691 750 2839 804 rte.
2868 780 2941 791 —
2977 752 3064 823 Τῼ
3100 752 3307 824 arm.

2280 862 2364 916 Τά
2392 862 2493 934 μὲν
2526 864 2598 916 σὰ
2645 862 3047 937 κατορθώματα
3096 858 3172 932 (ὦ
3202 866 3500 937 πραότατον
3532 874 3633 935 τοῖς
3654 874 3743 927 ἀδι.

2208 956 2496 1025 κουμένοις
2527 955 2719 1026 ὖμμα,
2752 958 2804 1009 εί
2850 958 2945 1009 καὶ
2992 958 3106 1019 τοῖς
3152 956 3429 1011 ἀδικοῦσίν
3475 963 3583 1015 ἐστι
3616 964 3745 1032 φοϐε.

2211 1044 2485 1117 ρώτατον)
2516 1046 2741 1116 μείζονά
2768 1048 2887 1100 ἐστι
2916 1047 3019 1117 τῆς
3041 1047 3152 1100 τῶν
3178 1051 3620 1120 ἐγκωμιαζόντων
3638 1058 3747 1110 αὐτὰ

2207 1134 2475 1207 γλώττης.
2510 1135 2777 1207 Εύχονται
2804 1138 2861 1191 δέ
2892 1138 3055 1192 πλέον
3082 1140 3386 1209 ἡττᾶσθαι,
3428 1144 3524 1213 τῆς
3560 1145 3649 1216 σῆς
3672 1149 3747 1203 ἐπὶ

2205 1225 2269 1279 τὸ
2301 1226 2486 1297 μεῖζον
2517 1227 2937 1299 προκοπτούσης
2968 1230 3197 1299 ἀρετῆς.

2706 1341 2841 1395 Υκν.
2873 1370 2936 1382 -
2972 1342 3062 1413 To
3097 1342 3301 1413 ΑΥΤῼ.

2289 1450 2350 1505 Ὃ
2392 1453 2509 1515 τοῖς
2545 1452 2645 1523 μὲν
2678 1454 2747 1507 τὰ
2788 1454 2895 1525 ἤθη
2932 1456 3176 1527 μετρίοις
3221 1457 3445 1527 ἀτύφως
3488 1476 3749 1531 προσφεροο

2210 1558 2372 1612 μενος
2387 1542 2414 1608 ,⁹
2443 1543 2571 1605 τοὺς
2628 1543 2687 1596 δὲ
2726 1546 2851 1608 ταῖς
2898 1546 3147 1618 γνώμαις
3192 1549 3647 1620 ἐξωγκωμένους,
3674 1553 3751 1606 καὶ

2207 1634 2345 1703 πρὸς
2388 1633 2710 1699 ἀλαζονείαν
2761 1634 3060 1705 βλέποντας
3109 1638 3186 1709 μὴ
3233 1641 3749 1711 καταπληττόμενος,

2206 1720 2360 1789 οὗτος
2395 1726 2602 1796 ἀρετῆς
2635 1726 2897 1797 μέγιστον
2931 1729 3154 1800 ἐκφέρει
3180 1731 3503 1800 τεκμήριον.

2440 1841 2622 1894 ΥκΑι.
2650 1871 2718 1883 -
2751 1841 2992 1914 ΛΟΥΚᾼ
3020 1826 3518 1917 ΛΑΜΠΡΟΤΑΤῼ.

1011 1939 1359 2013 Παρρησίας,
1397 1937 1681 1992 Libertatis
1708 1932 1954 2006 loquendi
1976 1941 2023 1987 et
2052 1931 2129 2000 im;

2183 1928 2396 1984 identia:
2421 1930 2724 1984 discrimen.
2766 1930 2921 1999 (infr.
2954 1935 3105 1993 epist.
3145 1933 3297 2005 455.)

585 2037 769 2108 Neque
819 2034 1073 2106 loquendi
1107 2033 1332 2089 libertas
1381 2041 1465 2086 est
1513 2028 1872 2099 impudentia,
1905 2039 2089 2096 neque

514 2131 754 2188 vicissim
775 2126 1110 2199 impudentia
1133 2124 1383 2195 loquendi
1403 2132 1489 2180 est
1506 2123 1731 2177 libertas
1757 2118 2097 2189 appellanda,

515 2225 609 2280 sed
640 2223 820 2293 lapsos
846 2227 1040 2275 ornate
1071 2217 1475 2289 reprehendens
1505 2215 1726 2269 libertas
1752 2221 1835 2266 est
1861 2209 2097 2264 dicendi.

516 2314 619 2382 Qui
653 2328 785 2368 vero
814 2321 966 2367 recte
1006 2319 1232 2380 agentes
1262 2308 1667 2370 conviciantur,
1695 2317 1882 2359 eorum
1926 2302 2102 2370 impu-

517 2405 697 2460 dentia
741 2413 827 2459 est
876 2402 1228 2457 nominanda.
1274 2400 1363 2454 Illa
1412 2400 1629 2469 quidem
1685 2395 1968 2451 medicinas
2016 2402 2101 2449 est

518 2496 724 2562 instar;
758 2496 875 2550 lucc
935 2508 1066 2549 vero
1101 2492 1425 2564 pestilentia:
1477 2491 1549 2546 lui
1601 2496 1973 2557 comparatur.
2007 2486 2104 2541 Illa

516 2597 751 2659 a'grotos
810 2602 974 2643 sanos
1024 2587 1225 2652 reddit,
1258 2586 1373 2641 haec
1421 2598 1552 2639 vero
1596 2581 1838 2638 valentes
1877 2589 2105 2635 contur-

517 2679 632 2735 ba‘.
656 2770 821 2842 685
849 2767 1107 2825 CDXXll.
1134 2797 1207 2810 -—
1233 2767 1419 2825 CYl’tO
1463 2767 1939 2825 PRESBYTERO.

2269 2042 2408 2098 Οὔτε
2453 2043 2552 2115 τὴν
2597 2045 2915 2117 παρρησίαν
2955 2047 3341 2118 ἀναισχυντίαν
3373 2049 3611 2120 κλητέον,
3644 2052 3745 2106 οὔτε

2196 2135 2294 2206 τὴν
2346 2137 2734 2207 ἀναισχυντίαν
2779 2139 3116 2210 παρρησίαν·
3163 2140 3301 2195 ἀλλὰ
3348 2144 3451 2215 τὴν
3502 2144 3595 2214 μέν
3633 2150 3739 2212 τοὺς

2195 2228 2490 2292 πταίοντας
2540 2229 2786 2299 κοσμίως
2818 2230 2906 2284 ὲλέ
2921 2248 3171 2302 (χουσαν,
3211 2236 3561 2306 παρρησίαν·
3599 2237 3685 2308 τὴν
3706 2238 3753 2291 δὲ

2196 2322 2324 2386 τοὺς
2344 2321 2754 2392 κατορθοῦντας¹
2778 2322 3128 2392 ὑϐρίζουσαν,
3149 2326 3561 2396 ἀναισχυντίαν.
3594 2329 3650 2382 Ὶι
3668 2329 3752 2400 μὲν

2197 2413 2306 2483 γὰρ
2326 2415 2541 2486 ἰατρικῇ
2558 2413 2755 2477 ἔοικεν,
2785 2416 2819 2485 ἡ
2845 2414 2904 2468 δὲ
2933 2415 3155 2488 λοιμικῇ
3187 2420 3545 2482 καταστάσει,
3572 2420 3643 2490 τῷ
3668 2420 3750 2491 τὴν

2202 2505 2305 2574 μὲν
2333 2507 2461 2569 τοὺς
2502 2504 2921 2577 ἀρρωστοῦντας
2954 2505 3137 2560 ίᾶσθαι
3157 2547 3173 2573 ,
3198 2507 3299 2579 τὴν
3330 2508 3391 2562 δέ
3430 2511 3551 2574 τοὺς
3594 2511 3748 2579 ὑγιαί-

2201 2612 2389 2660 νοντας
2415 2597 2726 2665 ταράττειν.

2466 2771 2642 2824 ΥΚΒ’.
2683 2802 2752 2813 -
2789 2772 2977 2843 ΚΥΡῼ
3015 2772 3491 2845 ΠΡΕΣΒΥΤΕΡῼ.

515 2866 596 2921 De
623 2867 905 2921 sacerdotii
936 2866 1268 2934 prazstantia.
1298 2864 1479 2935 (Cani.
1505 2866 1660 2934 epist.
1699 2864 1826 2947 26f.
1866 2863 2046 2947 etnlib.
2078 2866 2329 2947 tt,_epist.
2363 2866 2506 2947 ἓως
2538 2876 2585 2920 et
2619 2864 2713 2930 lib,
2753 2880 2828 2927 tv,
2868 2868 3017 2933 epist.
3050 2865 3190 2932 2l9;
3224 2878 3274 2921 et
3309 2867 3478 2947 J_oan.
3523 2869 3753 2940 Chrysa“.

1756 2933 2005 2989 llomiliis
2045 2937 2175 3008 περὶ
2206 2932 2533 3009 ἱερωσύνης.
2900 2932 2903 2933 ν
3332 2932 3365 2965 ⁸

588 3051 706 3111 Etsi
750 3052 1111 3109 sacerdotium
1153 3049 1301 3106 omni
1333 3060 1418 3105 est
1449 3063 1621 3118 regno
1650 3042 1959 3113 sublimius,
2010 3041 2129 3104 di-l

2276 3053 2337 3106 Ei
2368 3051 2464 3106 καὶ
2499 3052 2682 3123 πάσης
2714 3051 2830 3107 ἐστὶ
2858 3049 3136 3121 βασιλείας
3161 3049 3478 3124 ὑψηλοτέρα
3503 3051 3592 3105 καὶ
3614 3052 3750 3120 ἀξιω·

517 3143 806 3214 gniusque,
826 3157 933 3198 non
954 3150 1239 3213 propterea
1261 3139 1432 3195 sacris
1450 3140 1693 3194 initiatos
1717 3141 1874 3195 decet
1892 3140 1946 3194 in
1964 3139 2101 3195 alios

516 3244 723 3291 temere
754 3232 959 3299 elIerri,
994 3233 1126 3304 quin
1171 3232 1612 3289 decentissimum
1648 3232 2102 3301 aptissimumque

514 3325 678 3398 hujus
700 3340 825 3381 esse
861 3334 1113 3381 ornatum
1145 3324 1481 3389 existimare,
1513 3322 1685 3393 ipsam
1733 3340 1854 3379 cum
1888 3323 2101 3379 intelle-

514 3423 606 3471 ctu
631 3415 914 3471 lenitatem
935 3432 952 3469 :
970 3415 1276 3485 cogitantes
1305 3427 1423 3467 eam
1462 3427 1586 3468 esse
1616 3413 1762 3468 omni
1789 3413 1993 3467 honore
2018 3421 2101 3467 at-

514 3520 622 3576 que
638 3507 871 3561 humana
895 3506 1156 3574 dignitate
1181 3506 1446 3575 potiorem
1469 3506 1588 3559 :sed
1608 3512 1664 3560 et
1683 3505 1874 3560 aliena:
1894 3502 2099 3559 utilita-

515 3597 589 3652 tis
621 3611 754 3668 ergo
780 3611 878 3668 per
908 3596 1001 3652 Dei
1027 3597 1262 3667 gratiam
1293 3596 1439 3651 hunc
1465 3595 1712 3650 ordinem
1743 3601 2094 3664 acceperunt,

516 3702 678 3759 quem
705 3688 990 3760 tyrannide
1011 3687 1375 3744 contaminari
1407 3687 1653 3757 iniquum
1685 3687 1777 3741 sit.

712 3882 998 3944 CDXXIII.
1028 3912 1098 3928 -—
1128 3882 1527 3941 HABPOCBIE
1566 3881 1896 3937 RHETORI.

2196 3142 2330 3213 τέρα
2362 3144 2396 3213 ἠ
2427 3140 2717 3211 ἱερωσύνη,
2749 3140 2889 3193 ἀλλὰ
2909 3141 3035 3203 τοὺς
3065 3140 3271 3212 ταύτην
3295 3141 3564 3213 λαχόντας
3584 3144 3638 3194 οὺ
3669 3142 3756 3212 χρὴ

2197 3232 2342 3285 κατὰ
2360 3232 2468 3284 τῶν
2491 3232 2667 3286 ἄλλων
2692 3231 2780 3284 διὰ
2798 3231 3003 3301 ταύτην
3017 3232 3370 3303 ἐπαίρεσθαι,
3397 3234 3531 3286 ἀλλὰ
3560 3250 3754 3304 πρεπωο

2200 3323 2459 3377 δέστατον
2486 3323 2581 3377 καὶ
2607 3322 3017 3394 ἁρμοδιώτατον
3038 3325 3247 3395 ταύτης
3284 3325 3501 3395 κόσμον
3532 3325 3750 3395 ἡγεῖσθαι

2196 3413 2299 3481 τὴν
2329 3412 2467 3483 μετὰ
2494 3413 2767 3477 συνέσεως
2790 3414 3095 3485 πραότητα·
3123 3414 3465 3479 ἐννοοῦντας,
3491 3417 3571 3469 ὅτι
3599 3416 3753 3484 κρείτ-

2199 3518 2310 3555 των
2345 3501 2448 3572 μέν
2478 3504 2594 3555 ἐστι
2617 3502 2800 3573 πάσης
2824 3501 3179 3573 ἀνθρωπίνης
3200 3505 3377 3575 τιμῆς
3403 3522 3466 3559 τε
3491 3506 3581 3559 καὶ
3604 3506 3754 3570 ἀξίας·

2203 3590 2293 3645 διὰ
2323 3591 2380 3644 δέ
2417 3591 2516 3663 τὴν
2543 3591 2692 3645 θείαν
2721 3591 2880 3664 χάριν
2917 3608 2977 3645 τε
3006 3592 3100 3646 καὶ
3130 3593 3380 3661 διάταξιν
3410 3595 3609 3665 ταύτην
3636 3596 3757 3663 sil!)-

2205 3699 2339 3751 φασι
2377 3683 2477 3753 τῆς
2508 3684 2619 3737 τῶν
2666 3684 2842 3738 ἄλλων
2879 3684 3147 3753 ὠφελείας
3197 3686 3414 3755 ἕνεκεν,
3466 3690 3534 3760 ἢν
3572 3689 3663 3743 ούκ
3704 3686 3759 3741 ἂν

2204 3770 2316 3828 εἷεν
2344 3775 2544 3829 δίκαιοι
2579 3778 2646 3847 τῇ
2676 3776 2953 3847 τυραννίδι
2994 3774 3379 3848 καθυϐρίζειν.

2505 3889 2682 3943 Υκιπι.
2720 3920 2789 3929 -
2817 3889 3148 3959 ΑΡΠΟΚΡᾼ
3176 3892 3495 3965 ΣΟΦΙΣΤῌ.

1371 3973 1553 4030 Monet
1585 3985 1642 4029 ut
1675 3991 1773 4029 suo
1802 3976 2041 4043 exemplo
2074 3980 2273 4034 amicos
2313 3981 2652 4035 reconciliare
2693 3980 2920 4037 studeat.

589 4091 761 4148 Erant
807 4090 914 4146 duo
956 4089 1083 4145 olim
1135 4088 1375 4159 germani
1426 4086 1643 4152 fratres,
1693 4086 1828 4141 adeo
1860 4087 2002 4141 inter
2038 4102 2099 4143 se

2278 4092 2489 4160 Ἦστην
2533 4090 2663 4143 ποτέ
2697 4090 2790 4144 δύο
2827 4093 3143 4164 ὀμογνησίω
3179 4092 3423 4163 ἀδελφώ,
3458 4094 3757 4164 διενεχθέντε

518 4184 859 4247 dissidentes,
894 4191 954 4235 ut
978 4182 1142 4235 etiam
1180 4180 1430 4233 inimicos
1475 4179 1737 4232 ducerent
1766 4192 1879 4242 eos,
1907 4178 1997 4245 qui
2030 4181 2097 4233 de

2203 4178 2341 4250 πρὸς
2370 4178 2548 4232 ἐαυτὼ
2584 4179 2861 4244 τοσοῦτον,
2888 4182 2964 4246 ὼς
2990 4185 3083 4237 καὶ
3106 4183 3235 4247 τοὺς
3263 4185 3345 4246 εἰς
3376 4185 3755 4254 συμϐατηρίους

517 4273 963 4332 reconciliatione
1016 4274 1185 4327 verba
1244 4270 1425 4323 facere
1485 4269 1767 4323 auderent.
1834 4266 2095 4337 Equidem

2201 4269 2391 4339 λόγους
2414 4269 2728 4341 τολμῶντας
2759 4272 2951 4338 ἐλθεῖν,
2980 4273 3209 4344 ἐχθροὺς
3234 4276 3512 4343 ἡγεῖσθαι.
3557 4275 3685 4342 Ἐγὼ
3708 4275 3754 4326 δὲ

520 4368 730 4436 (verum
766 4364 910 4419 enim
948 4373 1032 4419 est
1062 4360 1373 4432 dicendum)
1413 4360 1680 4428 repulsam
1712 4359 1938 4425 veritus,
1985 4359 2098 4428 pri-

2197 4359 2316 4429 (δεῖ
2383 4361 2493 4432 γὰρ
2552 4361 2760 4433 τάληθῆ
2814 4362 3031 4437 λέγειν)
3086 4366 3188 4437 τὴν
3237 4367 3547 4437 ἀποτυχίαν
3596 4365 3755 4427 δεδιὼς

519 4474 667 4513 mum
689 4472 810 4512 cum
845 4457 951 4510 illis
982 4469 1144 4525 agere
1173 4453 1493 4508 cunctabar.
1522 4450 1762 4504 Tandem
1795 4450 1844 4503 id
1877 4450 2102 4519 degene-

2197 4448 2404 4503 ὤκνουν
2425 4451 2575 4522 αὐτῷ
2603 4454 2754 4525 παρὰ
2776 4454 2871 4526 τὴν
2891 4456 3120 4527 πρώτην
3148 4457 3527 4529 διαλεχθῆναι·
3560 4458 3755 4525 ὕστερον

517 4549 599 4602 ris
640 4562 763 4602 esse
811 4546 977 4601 animi
1038 4554 1210 4609 ratus,
1264 4558 1460 4614 meque
1510 4542 1625 4611 ipse
1671 4541 1989 4596 cohortatus
2046 4541 2099 4595 id

2195 4540 2251 4594 δὲ
2279 4543 2503 4610 ἀγεννὲς
2532 4539 2673 4599 εἶναι
2718 4546 2878 4600 τοῦτο
2912 4547 3178 4619 νομίσας,
3224 4550 3321 4602 καὶ
3364 4550 3756 4621 παρακελευσά-

517 4637 739 4692 omnino
765 4637 881 4692 lieri
906 4645 1177 4706 oportere,
1208 4634 1312 4690 etsi
1341 4650 1370 4687 a
1402 4648 1569 4704 scopo
1597 4633 1936 4697 aberrarem,
1963 4646 2100 4701 opus

2200 4649 2361 4703 μενος
2404 4634 2631 4703 ἐμαυτῷ
2667 4637 2828 4690 τοῦτο
2862 4638 3087 4704 πάντως
3129 4640 3327 4712 χρῆναι
3357 4640 3639 4709 γενέσθαι,
3671 4637 3755 4692 κᾶν

520 4744 808 4799 aggressus
836 4744 980 4794 sunt,
1009 4735 1162 4781 ratus
1190 4726 1409 4795 quidem
1435 4738 1721 4794 operosum
1756 4723 1809 4777 id
1845 4738 1984 4785 esse,
2006 4722 2099 4776 sed

2194 4724 2549 4795 διαμάρτοιμι
2575 4726 2670 4780 τοῦ
2697 4730 2933 4792 σκοποῦ,
2966 4723 3101 4801 ἧκον
3130 4731 3224 4783 ἐπὶ
3250 4726 3513 4801 τοῦργονο
3553 4731 3754 4800 νομίσας

522 4829 700 4874 tamen
742 4819 1009 4887 insperata
1052 4817 1218 4872 etiam
1268 4815 1611 4885 aggrediens,
1663 4822 1771 4867 tam
1816 4812 1973 4867 facile
2001 4813 2104 4867 hoc

520 4920 707 4979 postea
754 4909 1017 4979 comperi,
1071 4917 1132 4961 ut
1185 4906 1330 4961 nulla
1382 4921 1519 4976 opus
1561 4904 1874 4959 velitatione
1914 4904 2099 4958 fuerit.

522 5003 620 5057 Sat
647 5004 791 5057 enim
823 5000 927 5054 fuit
950 5015 1037 5054 me
1064 5014 1373 5054 sermonem
1408 4997 1722 5053 contulisse.
1750 4996 1928 5063 Quare
1952 5007 2006 5050 et
2045 5004 2098 5048 ttt

521 5093 718 5163 negotii
778 5090 1093 5145 dillicultate
1124 5090 1232 5144 noli
1266 5090 1498 5154 moveri,
1534 5088 1628 5143 sed
1673 5095 1946 5141 certamen
1979 5098 2103 5140 sus-

520 5184 639 5254 cipe
668 5202 681 5237 :
717 5183 855 5238 forte
879 5182 1022 5236 enim
1051 5196 1154 5234 non
1185 5194 1379 5250 magno
1406 5194 1542 5247 opus
1577 5177 1741 5232 fuerit
1766 5176 1970 5232 labore.

975 5378 1259 5434 CDXXlV.
1292 5406 1363 5420 —-
1391 5375 1624 5432 EIDEM.

2206 4814 2307 4886 μὲν
2332 4817 2461 4868 αὐτὸ
2488 4817 2725 4887 ἐργῶδες
2763 4815 2901 4874 εἶναι
2920 4860 2935 4882 ,
2965 4822 3117 4892 ὅμως
3142 4822 3200 4875 δὲ
3228 4824 3321 4875 καὶ
3350 4825 3467 4887 τοῖς
3499 4823 3755 4891 ἀδοκήτοις

2200 4906 2486 4977 ἐγχειρῶν.
2532 4910 2785 4980 Τοσούτῳ
2826 4910 2872 4963 δ’
2896 4904 3055 4982 ε’ὗρον
3083 4912 3264 4983 ῥᾴδιον
3299 4912 3500 4979 τοῦτο,
3532 4916 3606 4976 ώς
3640 4911 3754 4981 μηδὲ

2199 4996 2616 5067 ἀκροϐολισμῶν
2639 4997 2911 5068 δεηθῆναι.
2947 5001 3187 5071 Ἥρκεσε
3220 5000 3327 5071 γὰρ
3356 5003 3559 5074 ἐκείνῳ
3588 5002 3645 5055 τὸ
3672 4999 3755 5068 ἐμὲ

2199 5086 2308 5139 τῶν
2352 5087 2530 5155 λόγων
2563 5088 2827 5159 ἅψασθαι.
2862 5092 3074 5145 Οὐκοῦν
3115 5093 3211 5145 καὶ
3258 5094 3427 5157 αὐτὸς
3476 5095 3552 5165 μὴ
3578 5096 3640 5162 τῇ
3678 5090 3750 5141 τοῐ

2201 5178 2526 5247 πράγματος
2554 5180 2810 5252 δυσκολίᾳ
2838 5184 3094 5253 πρόσεχε,
3116 5183 3235 5236 ἀλλ’
3266 5183 3408 5253 ἅψαι
3442 5186 3551 5239 τῶν
3581 5182 3748 5236 ἄθλων·

2202 5270 2337 5335 ἴσως
2363 5272 2471 5341 γὰρ
2491 5271 2610 5325 οὐδὲ
2640 5274 2819 5326 πόνων
2841 5274 3028 5346 δεήσῃ.

2653 5378 2843 5442 'rKA'.
2879 5416 2951 5426 —
2981 5390 3068 5460 Ἰᾩ
3110 5390 3313 5460 and.

1442 5467 1717 5539 Spiritalis
1760 5474 1942 5522 nostra
1973 5467 2187 5536 militia,
2216 5473 2476 5541 quomodo
2510 5474 2852 5529 instituenda.

590 5589 815 5657 Quando
845 5589 1119 5644 exercitus
1156 5586 1479 5659 prudentim,
1511 5583 1851 5651 obedientiae,
1883 5581 2091 5639 ordinis

519 5690 576 5736 et
604 5680 901 5749 discipliua:
946 5681 1197 5736 militaris
1238 5688 1322 5735 est
1348 5677 1640 5747 particeps,
1676 5684 1805 5731 tunc
1848 5674 2093 5729 hostibus

521 5772 700 5838 gravis
741 5778 902 5840 atque
954 5772 1148 5828 terrori
1197 5781 1302 5839 est,
1348 5779 1403 5826 et
1439 5783 1538 5841 pro
1593 5767 1818 5824 audacia
1856 5767 2090 5837 quadam

2271 5585 2440 5639 Ὅταν
2497 5588 2713 5658 φάλαγξ
2769 5590 3157 5663 σωφροσύνης,
3213 5591 3306 5646 καὶ
3360 5591 3624 5653 πειθοῦς.
3674 5586 3752 5639 καὶ

2198 5674 2405 5740 τάξεως
2431 5717 2444 5740 ,
2482 5678 2576 5732 καὶ
2615 5684 2988 5753 στρατηγικῆς
3018 5683 3218 5755 ἀρετῆς
3252 5684 3461 5755 μετέχῃ
3483 5723 3499 5743 ,
3526 5681 3640 5735 τότε
3659 5680 3749 5737 τοῖς

2198 5769 2459 5834 ἐναντίοις
2485 5770 2634 5843 δεινὴ
2660 5774 3076 5843 καταφαίνεται,
3101 5775 3194 5828 καὶ
3224 5775 3329 5845 πρὸ
3359 5776 3462 5845 τῆς
3492 5771 3747 5840 εὐτολμίας
