3982 6420
268 286 405 356 1577

1145 286 1681 355 EPISTOLARUM
1722 286 1868 354 LIB.
1906 287 1977 354 ν.
2013 316 2087 329 ⁷-
2123 287 2360 354 EPIST.
2395 294 2762 361 CDXXVIII.

3403 300 3538 372 1578

264 411 334 462 τά
366 407 602 479 τρόπαια
636 407 895 470 πολλάκις
928 405 1110 479 ἵστησι
1131 450 1147 473 ,
1195 406 1304 460 τῶν
1343 407 1555 477 ἐχθρῶν
1583 407 1719 477 πρὸς
1743 409 1854 459 ίκε-

1961 418 2163 476 tropa-a
2192 422 2335 476 saepe
2357 408 2666 475 constituit,
2697 409 2944 466 hostibus
2972 413 3249 484 supplices
3276 422 3539 476 tendenti.

264 499 391 553 σίαν
435 499 758 570 χωρούντων
801 499 894 553 καὶ
938 499 1412 570 πρεσϐευομένων.
1474 500 1626 551 Ἐπεὶ
1666 498 1848 552 τοίνυν

171 652 173 654 η
259 589 441 645 ταῦτα
475 591 605 662 παρ’
639 593 797 662 ἡμῶν
829 590 1114 659 ὀφείλοντα
1149 592 1398 659 γενέσθαι
1434 593 1574 644 κατὰ
1601 589 1710 643 τῶν
1733 591 1848 643 δαι-

261 683 470 752 μόνων,
520 684 581 736 ού
609 683 837 750 γίνεται·
884 683 945 736 οὐ
978 683 1084 755 γάρ
1123 685 1240 752 μετ’
1265 682 1512 754 ἀλλήλων
1558 681 1680 735 κατ’
1706 681 1847 735 ἐκεί-

259 794 396 841 νων,
425 775 560 830 ἀλλὰ
585 777 704 828 κατ’
721 769 974 846 Ἀλλήλων
1008 777 1124 846 μετ’
1145 773 1369 828 ἐκείνων
1399 772 1812 844 στρατευόμεθα
1831 787 1845 802 ⁶

259 871 324 923 οὐ
361 869 695 942 θαυμαστὸν,
727 871 778 923 εἰ
805 866 1116 940 ἡττώμεθαο
1149 867 1285 920 ἀλλὰ
1325 867 1527 938 μᾶλλον
1553 868 1732 919 ἐκεῖνο
1753 905 1768 930 ,
1799 866 1850 918 εἱ

259 965 437 1034 μηδὲν
501 963 782 1027 ποιοῦντες
832 956 908 1016 ὧν
944 965 1056 1026 τοῖς
1111 960 1303 1016 νικῶσι
1365 958 1643 1030 προσῆκε,
1695 958 1851 1029 νικᾷν

256 1057 414 1123 άξιοῦ
422 1073 538 1128 μεν.

448 1170 626 1224 ΥΚΕ’.
663 1199 735 1210 -
766 1168 920 1222 ΤΟῙΣ
958 1164 1358 1240 ᾼΡΧΟΝῚἸΟΥ
1397 1161 1652 1216 ΠΑΙΣΙΝ.

1959 499 2058 553 bus
2087 514 2298 563 manus,
2332 501 2770 572 legationemque
2810 505 3172 564 mittentibus.
3208 509 3344 564 Cum
3377 514 3541 582 igitur

1954 591 2072 645 haec
2109 592 2292 646 omnia
2343 607 2372 646 a
2420 594 2578 649 nobis
2607 594 2842 652 debeant
2881 597 3000 654 ﬁeri
3047 603 3310 658 adversus
3338 605 3540 661 daemo-

1953 699 2073 750 nes,
2112 701 2214 741 nec
2245 685 2379 739 [iant
2403 686 2532 755 (non
2564 687 2710 742 enim
2750 687 2894 744 inter
2936 704 3036 746 nos
3063 703 3250 748 contra
3287 693 3412 760 hos,
3445 701 3538 753 sed

1954 775 2008 830 in
2037 791 2136 830 nos
2163 786 2354 831 mutuo
2383 793 2506 832 cum
2539 777 2646 833 illis
2668 779 2843 834 aciem
2884 781 3254 854 instruimus),
3286 787 3422 842 nihil
3442 791 3542 842 ini--

1956 871 2186 924 randum
2220 870 2266 925 si
2300 872 2616 940 vincamur,
2647 875 2765 928 sed-
2791 873 2922 928 illud
2969 877 3185 945 potius,
3215 880 3258 933 si
3298 881 3430 936 nihil
3460 880 3542 935 [ι-

1953 961 2165 1016 cientes
2203 975 2390 1016 eorum
2441 977 2562 1031 qua)
2610 964 2954 1022 vincentibus
3002 973 3379 1039 conveniunt,
3433 990 3538 1030 nos

1956 1054 2177 1107 vincere
2204 1069 2301 1123 par
2330 1071 2452 1108 esse
2484 1064 2760 1126 putemus.

2197 1161 2460 1216 CDXXV.
2488 1195 2560 1204 —
2586 1165 2954 1225 PRAEFECTI
2995 1169 3290 1230 LIBERIS.

867 1282 944 1335 De
977 1281 1207 1334 Eutom’o
1242 1279 1489 1334 diacono.
1521 1277 1788 1330 llortatur
1823 1274 1893 1328 ad
1924 1274 2217 1329 amicitiam
2250 1287 2298 1330 et
2325 1280 2659 1333 concordiam
2685 1294 2945 1338 mutuam.

333 1394 597 1467 Ἔπεμψα
626 1394 718 1448 τὸν
750 1396 1082 1465 πανάριστον
1113 1392 1384 1453 Εὐτὸνιον,
1419 1390 1593 1459 λόγων
1640 1388 1854 1458 συμϐαοι

2028 1385 2302 1458 Optimum
2333 1391 2456 1445 misi
2487 1392 2799 1461 Entonium,
2836 1399 2927 1466 qui
2965 1400 3220 1468 paciﬁcos
3247 1402 3400 1457 vobis
3425 1418 3542 1458 sets

246 1487 465 1558 ’τηρίων
487 1488 612 1557 ὑμῖν
635 1486 1101 1558 καθηγησόμενον.
1117 1483 1414 1554 Αίδέσθητε
1433 1483 1613 1536 τοίνυν
1633 1480 1852 1552 πρῶτον

1955 1493 2144 1533 mones
2175 1480 2394 1534 referat.
2445 1482 2786 1539 Revcremini
2829 1489 3010 1557 itaque
3050 1492 3227 1558 primo
3257 1493 3537 1558 decorum,

256 1577 362 1647 μὲν
410 1577 472 1629 τὸ
513 1578 742 1647 πρέπον,
792 1577 1046 1646 δεύτερον
1077 1575 1133 1629 δὲ
1167 1575 1417 1638 ἑαυτοὺς,
1468 1574 1652 1644 τρίτον
1702 1573 1842 1643 ἐμὲ,

251 1666 348 1719 τὸν
399 1669 457 1720 ἐν
503 1661 584 1726 οἷς
624 1665 830 1731 ἔξεστιν
870 1667 1202 1731 ἐπιτάττειν,
1243 1665 1715 1735 συμϐουλεύοντα·
1760 1663 1846 1716 τέ-

1952 1570 2150 1623 deinde
2175 1585 2272 1626 vos
2303 1572 2470 1640 ipsos,
2506 1576 2665 1630 tertio
2707 1592 2812 1640 me,
2839 1581 2930 1648 qui
2967 1582 3252 1636 consilium
3289 1583 3358 1638 do
3389 1585 3440 1638 in
3475 1587 3540 1639 iis

1947 1678 2068 1728 quae
2115 1661 2234 1717 ﬁeri
2281 1675 2496 1731 Oportet
2527 1682 2542 1730 ;
2572 1679 2770 1736 quarto
2819 1685 2969 1735 eum,
3019 1674 3110 1741 qui
3143 1682 3348 1728 tantum
3389 1678 3540 1745 pacis

251 1775 481 1832 ταρτον,
525 1759 616 1812 τὸν
663 1757 1106 1829 καταδεξάμενον
1145 1757 1402 1810 τοσοῦτον
1436 1757 1727 1825 ὑπομεῖναι
1752 1752 1842 1806 διὰ

1952 1765 2143 1808 vestra:
2169 1759 2343 1824 gratia
2376 1756 2582 1812 laboris
2627 1759 2881 1828 sumpsit,
2907 1761 3076 1833 686
3103 1763 3363 1834 omnique
3411 1766 3538 1819 odio

251 1849 356 1922 τὴν
421 1851 695 1920 ὑμετέραν
753 1852 978 1921 εἰρήνην
1041 1850 1307 1917 κάματον.
1356 1848 1467 1901 Καὶ
1509 1849 1690 1900 πᾶσαν
1739 1847 1847 1898 ἁπ-

252 1944 478 2015 ἑχθειαν
497 1943 856 2015 ἐξορίσαντες,
879 1946 1107 2015 ἄσμενοι
1129 1943 1226 2014 τὴν
1253 1944 1390 2016 πρὸς
1413 1943 1638 2005 ἑαυτοὺς
1663 1940 1847 2008 φιλίαν

251 2035 584 2091 ἀσπάσασθε
594 2076 609 2089 .

499 2148 692 2216 Υκςι.
728 2179 798 2193 -
824 2149 1075 2218 ΖΩΣΙΜῼ
1111 2145 1581 2215 ΠΡΕΣΒΥΤΕΡῼ.

1953 1846 2221 1912 deposito,
2246 1856 2488 1900 mutuam
2521 1849 2664 1904 inter
2693 1865 2790 1906 vos
2821 1865 3037 1908 servate
3074 1855 3391 1910 amicitiam.

2146 2138 2433 2196 CDXXVI.
2467 2170 2537 2181 -
2570 2141 2824 2200 ZOSIMO
2863 2145 3342 2205 PBESBYTERO.

251 2242 327 2301 In
357 2247 472 2316 ejus
516 2247 661 2312 vitia,
708 2249 798 2316 qui
846 2257 1034 2300 temere
1063 2248 1128 2298 ab
1182 2243 1412 2298 Eusebio
1445 2255 1575 2302 esset
1623 2233 2107 2381 ονάᾯηὲἒιειῦὃιξῧίί
2135 2239 2200 2291 ab
2247 2237 2495 2294 Ecclesia:
2536 2246 2905 2298 communi-one
2949 2248 3258 2315 separandi.
3296 2247 3533 2320 (Confer.

327 2435 394 2488 Εί
439 2434 537 2487 καὶ
586 2431 860 2497 ἐνταῦθα,
893 2424 940 2483 ὦ
983 2429 1164 2484 πάντα
1211 2429 1386 2501 μικρὰ
1431 2427 1567 2501 πρὸς
1597 2425 1696 2498 τὴν
1745 2425 1844 2495 σὴν

250 2526 595 2595 ἀναλγησίαν
640 2523 976 2594 φθέγξασθαι
996 2561 1012 2588 ,
1037 2523 1215 2594 χῶρος
1250 2521 1547 2592 εἰσδέχεται
1575 2521 1704 2583 τοὺς
1741 2520 1842 2572 οὐκ

251 2620 366 2674 ἀπὸ
393 2619 504 2672 τῶν
532 2617 712 2673 αὐτῶν
740 2618 995 2688 ἥκοντας,
1027 2616 1140 2668 ἀλλ’
1167 2617 1346 2669 ἐκεῖσε
1379 2616 1652 2685 διάκρισις
1688 2613 1842 2666 ἔσται

251 2713 514 2784 ἀκριϐής.
548 2711 748 2782 Πρώην
793 2709 896 2780 μὲν
933 2704 1048 2773 οῦν,
1081 2708 1247 2780 ἡνίκα
1285 2708 1335 2759 oi
1365 2708 1464 2778 τῆς
1515 2705 1842 2774 Ἐκκλησίας

249 2805 544 2857 παιδευταὶ
580 2803 677 2856 καὶ
720 2803 790 2855 δι’
817 2801 1050 2873 ἀρίστην
1096 2800 1374 2852 πολιτείαν
1401 2799 1481 2866 τῷ
1521 2798 1650 2867 θείῳ
1676 2797 1843 2865 ἐλαμσ

251 2895 530 2967 πρύνοντο
565 2892 871 2962 Πνεύματι,
904 2890 1183 2946 κάνταῦθα
1209 2888 1535 2960 ἐχωρίζοντο
1555 2889 1604 2940 οἱ
1629 2887 1841 2941 πταίον-

248 3001 368 3050 τες⁹
411 2986 507 3042 καὶ
538 2983 1018 3055 γνωσιμαχοῦντες
1042 3022 1058 3048 ,
1092 2982 1256 3035 πάλιν
1289 2978 1731 3050 κατηριθμοῦντο
1760 2979 1840 3039 εἰς

2027 2421 2139 2476 Etsi
2167 2427 2219 2477 in
2253 2425 2355 2478 hac
2381 2426 2600 2494 quidem
2645 2428 2751 2482 vita
2793 2444 2956 2498 parva
2986 2434 3166 2488 omnia
3199 2443 3254 2488 et
3277 2437 3440 2490 exilia
3474 2440 3539 2490 ad

1953 2527 2007 2570 te
2049 2517 2396 2585 passionibus
2441 2529 2717 2574 carentem
2777 2522 2958 2578 all‘erri
3013 2526 3163 2581 locus
3207 2529 3411 2596 patitur
3450 2547 3539 2583 eos
3609 2537 3615 2543 '

1949 2609 2040 2674 qui
2092 2611 2160 2662 ab
2193 2611 2385 2664 iisdem
2433 2626 2537 2664 non
2573 2614 2800 2668 veniunt
2834 2617 3005 2682 locis;
3041 2619 3094 2673 in
3141 2618 3309 2674 altera
3361 2633 3539 2676 tamen

1948 2701 2132 2753 futura
2159 2712 2246 2755 est
2281 2707 2536 2756 ac'cnrata
2565 2704 2890 2772 disceptatio
2921 2720 3085 2777 atque
3105 2711 3394 2777 judicium.
3426 2712 3531 2766 Nu-

1951 2807 2049 2858 per
2073 2792 2255 2862 itaque
2283 2808 2404 2846 cum
2437 2793 2695 2850 Ecclesia:
2719 2797 2992 2864 doctores,
3017 2802 3220 2872 quique
3248 2805 3299 2859 in
3332 2806 3534 2873 optima

1947 2883 2290 2952 gubernandi
2333 2889 2544 2940 ratione
2581 2888 2924 2954 claruerunt,
2966 2893 3152 2956 divino
3194 2894 3401 2966 Spiritu
3447 2915 3540 2950 or-

1949 2973 2061 3027 nati
2093 2984 2274 3039 erant,
2305 2985 2471 3045 atque
2498 2978 2606 3032 huc
2650 2991 3002 3036 accesserunt
3045 2999 3190 3040 nunc
3221 2999 3533 3055 peccantes,

250 3079 350 3132 τὸν
395 3077 540 3149 ἱερὸν
571 3076 668 3146 τῆς
719 3074 1046 3145 Ἐκκλησίας
1098 3072 1379 3140 σύλλογον.
1425 3069 1541 3123 Νῦν
1595 3069 1655 3122 δὲ
1703 3068 1840 3164 (αλλ’

1952 3080 2091 3120 nunc
2120 3067 2295 3120 denuo
2327 3067 2710 3134 resipiscentes
2743 3085 3172 3130 annumerentur
3199 3080 3366 3133 cmtui
3403 3095 3534 3134 san-

249 3173 411 3226 οὐδὲν
466 3169 730 3241 βούλομαι
791 3168 1055 3238 δυσχερὲς
1103 3166 1318 3234 εἰπεῖν)
1372 3165 1552 3217 πάντα
1615 3162 1838 3230 ἁναίδην

248 3262 545 3331 τολμᾶται,
587 3262 682 3314 καὶ
706 3259 880 3322 οὐδεὶς
909 3260 936 3312 ὀ
957 3257 1208 3324 ἐπεξιών.
1250 3254 1411 3308 Ἀλλὰ
1445 3255 1560 3316 τοῖς
1589 3251 1690 3321 μὲν
1721 3248 1841 3319 φιλ-

250 3355 473 3425 αρέτοις
517 3354 625 3406 εἰσὶ
666 3352 885 3422 βαρεῖς,
927 3353 1038 3413 τοῖς
1076 3349 1130 3402 δὲ
1180 3348 1634 3418 φιλαμαρτήμοσι
1667 3359 1841 3415 προσ-

250 3446 428 3516 ηνεῖς.
458 3444 598 3508 Τοὺς
625 3444 724 3507 μέν
769 3442 875 3513 γὰρ
900 3439 1284 3510 ἁποναρκῆσαι
1313 3435 1795 3508 παρασκευάζουσι
1821 3473 1836 3498 ,

249 3537 384 3598 τοὺς
410 3534 468 3588 δὲ
500 3537 581 3598 εἰς
622 3533 824 3588 κακίαν
863 3531 1087 3604 μείζονα
1120 3528 1568 3600 παιδπριὸοῦσιη
1604 3525 1840 3597 μάλιστα

249 3628 388 3681 ὅταν
437 3626 531 3680 καὶ
575 3625 805 3688 πλοῦτος
863 3625 1048 3687 αὐτοῖς
1111 3621 1406 3694 περιρῥέῃ.
1469 3617 1564 3690 Μὴ
1631 3617 1837 3684 τοίνυν,

252 3719 446 3792 ἐπειδὴ
473 3719 568 3772 καὶ
597 3717 866 3781 Εὐσέϐιος
897 3717 962 3789 (ὁ
987 3717 1089 3770 οὐκ
1118 3712 1218 3768 οἷδ’
1263 3715 1415 3775 ὅπως
1442 3728 1502 3765 σε
1528 3711 1839 3782 χειροτονή-

252 3827 393 3874 σας,
431 3811 497 3880 τῇ
532 3810 699 3880 ἀρετῇ
738 3806 996 3876 πολέμιος
1036 3803 1360 3876 τυγχάνων)
1395 3803 1455 3856 σέ
1491 3804 1572 3865 εἰς
1606 3802 1840 3872 ἐσχάτην

250 3900 460 3956 κακίαν
484 3899 752 3953 ἐλάσαντα
780 3899 879 3951 οὐκ
903 3895 1198 3950 ἀπελαύνει
1223 3895 1316 3948 τοῦ
1347 3893 1713 3963 πληρώματος
1739 3892 1840 3961 τῆς

268 3989 636 4060 Ἐκκλησίας,
683 3988 784 4059 ἤδη
832 3986 1019 4058 νόμιζε
1067 3987 1292 4040 κάκεῖσε
1342 3984 1510 4054 μηδὲν
1554 3980 1838 4036 πείσεσθαι

250 4082 448 4136 δεινόν.
490 4080 754 4133 Τοσοῦτον
801 4079 909 4150 γάρ
942 4079 1194 4132 κάκεῖνον
1221 4077 1317 4131 καὶ
1350 4075 1412 4128 σὲ
1454 4072 1837 4145 μετελεύσεται

250 4177 289 4246 ἡ
323 4175 471 4246 δίκη,
504 4176 626 4227 ὅσον
656 4171 890 4226 ἐνταῦθα
922 4168 1406 4241 μακροθυμήσασα
1429 4166 1581 4220 οὐδὲν
1599 4165 1832 4235 ὤνησεν,

247 4264 392 4320 ἀλλὰ
425 4265 522 4318 καὶ⁵
561 4261 1021 4335 βλασφημηθῆναι
1048 4260 1114 4314 δι’
1138 4259 1284 4331 ὑμᾶς
1310 4256 1654 4323 κατεδέξατο.

531 4466 705 4520 ΥΚΖν.
743 4495 816 4507 -
854 4464 1195 4534 ΠΑΛΑΑΔΙῼ
1231 4460 1552 4530 ΔΙΑΚΟΝῼ.

1944 3165 2046 3211 cla:
2083 3154 2361 3213 Ecclesiae.
2403 3157 2559 3213 Nunc
2603 3175 2764 3228 vero,
2809 3178 2878 3218 ne
2919 3166 3050 3234 quid
3080 3169 3300 3236 gravius
3333 3172 3532 3240 dicam,

1943 3247 2160 3313 quidvis
2203 3248 2368 3304 audet
2408 3251 2695 3318 impudens
2738 3253 2924 3322 homo,
2971 3265 3026 3310 et
3068 3272 3231 3314 nemo
3260 3262 3536 3333 redarguit

1943 3335 2117 3404 illum,
2164 3339 2260 3394 sed
2318 3341 2519 3396 virtute
2577 3344 2826 3411 praeditis
2879 3347 3182 3404 molestiam
3227 3350 3532 3420 facessunt,

1942 3431 2296 3496 peccantibus
2332 3445 2461 3487 vero
2493 3433 2642 3489 lenes
2671 3445 2863 3491 contra
2893 3453 2958 3493 ac
2999 3439 3184 3496 blandi
3219 3455 3366 3498 sunt.
3414 3446 3529 3501 Illis

1945 3521 2279 3588 torpedinem
2321 3523 2576 3588 alfernnt,
2620 3528 2720 3582 hos
2768 3530 2836 3583 ad
2871 3529 3078 3598 majora
3122 3534 3287 3588 etiam
3330 3536 3532 3606 ﬂagitia

1941 3625 2262 3683 provocant,
2303 3617 2540 3671 maxime
2591 3633 2721 3674 vero
2769 3635 2898 3676 cum
2943 3626 3188 3693 pecuniis
3231 3628 3529 3686 abundant.

1944 3701 2028 3757 Ne
2061 3703 2228 3772 igitur
2261 3719 2384 3761 cum
2408 3707 2674 3766 Eusebius
2702 3711 2868 3767 etiam
2897 3714 3016 3784 (qui
3050 3718 3236 3772 nescio
3260 3724 3532 3789 quomodo

1943 3800 1998 3845 te
2027 3792 2078 3846 in
2115 3796 2454 3850 sacerdotem
2493 3800 2796 3855 ordinando
2827 3804 3047 3859 virtutis
3081 3810 3254 3864 hostis
3296 3811 3528 3868 ell'ectus

1941 3885 2046 3955 est)
2081 3895 2134 3939 te
2164 3887 2232 3941 ad
2261 3897 2567 3945 extremum
2601 3895 2854 3962 nequitia:
2890 3900 3200 3956 tendentem
3245 3903 3313 3958 ab
3338 3902 3530 3960 Eccle-

1943 3976 2039 4031 siae
2079 3991 2187 4031 non
2234 3978 2444 4046 repellit
2483 3981 2840 4053 plenitudine,
2877 3986 2992 4055 jam
3026 4000 3181 4059 putes
3231 3997 3394 4050 etiam
3451 3999 3526 4052 iui

1941 4076 1993 4121 te
2016 4082 2184 4138 grave
2227 4069 2360 4123 nihil
2416 4087 2724 4141 passurum.
2776 4077 2950 4135 Tanto
3003 4084 3222 4151 gravius
3275 4090 3418 4142 enim
3475 4101 3528 4145 te

1937 4167 2102 4228 atque
2141 4159 2314 4228 ipsum
2352 4172 2534 4218 manet
2562 4179 2742 4234 paena,
2787 4179 3048 4238 quantum
3100 4174 3188 4230 hic
3236 4177 3369 4232 nihil
3404 4178 3526 4234 diu-

1943 4250 2048 4306 Iius
2074 4249 2237 4304 dilata
2266 4250 2492 4321 profuit,
2536 4255 2669 4324 quin
2711 4267 2766 4311 et
2799 4273 2830 4311 a
2873 4261 3028 4315 vobis
3058 4263 3408 4333 blasphemiis
3437 4279 3525 4327 est

1939 4355 2188 4414 excepta.

2156 4457 2462 4517 CDXXVII.
2492 4490 2564 4502 —--
2590 4462 2932 4521 PALLADIO
2980 4465 3308 4526 DIACONO.

1494 4553 1751 4608 Laborem
1781 4553 1930 4624 quies
1979 4555 2281 4610 comitatur.

321 4678 430 4735 Τὸν
465 4677 657 4749 ὥσπερ
702 4678 768 4731 σὺ
815 4679 1079 4745 ἄγευστον
1116 4675 1224 4728 τῶν
1275 4673 1475 4736 πόνων,
1525 4671 1584 4724 ού
1625 4670 1834 4723 δίκαιον

245 4774 434 4843 λέγειν
466 4770 784 4841 άναπαύλης
810 4769 1041 4824 δεῖσθαι.
1080 4767 1319 4838 Δευτὲρα
1359 4767 1469 4837 γάρ
1505 4763 1614 4818 τῶν
1652 4766 1832 4817 πόνων

246 4867 284 4936 ή
311 4864 626 4919 ἀνάπαυλα·
671 4863 842 4934 χωρὶς
884 4862 942 4915 δέ
985 4861 1232 4923 ἐκείνων,
1276 4858 1456 4931 τρυφὴ
1499 4856 1723 4918 δικαίως
1766 4856 1832 4908 ἂν

245 4959 488 5013 καλοῖτο.
516 4958 655 5021 Τοὺς
693 4957 792 5026 μὲν
809 4955 918 5025 γάρ
947 4954 1126 5007 πόνων
1154 4953 1423 5023 λήγοντας
1455 4948 1832 5004 ἀναπαύεσθαι

245 5049 359 5120 χρή
379 5065 394 5079 ·
432 5048 561 5110 τοὺς
585 5048 628 5100 δ’
657 5047 794 5110 ὅλως
819 5045 1199 5115 ἀφεστηκότας
1223 5043 1316 5096 τοῦ
1349 5044 1554 5104 πονεῖν,
1586 5041 1832 5103 ἀσώτους

245 5141 481 5210 κλητέον
515 5141 609 5192 καὶ
631 5138 854 5210 ἀργούς.
891 5138 1056 5189 ’Ὥστε
1084 5135 1189 5198 ἕως
1209 5133 1274 5188 ἂν
1311 5135 1374 5186 σὺ
1401 5132 1476 5203 μὴ
1499 5130 1833 5204 παραδέξαιο

243 5233 380 5296 τοὺς
438 5231 700 5302 ἱδρῶτας,
741 5229 1006 5300 ἀφεκτέον
1051 5227 1146 5281 καὶ
1188 5225 1283 5280 τοῦ
1326 5225 1428 5296 τῆς
1471 5222 1832 5285 ἀναπαύσεως

241 5323 534 5396 ὀνόματος.

452 5435 636 5492 ΥΚΗ’.
676 5463 747 5475 -
783 5432 1082 5502 ΑΥΣΟΝΙῼ
1115 5429 1586 5485 ΚΟΡΡΗΚΤΩΡΙ.

2009 4671 2237 4729 Laboris
2284 4685 2586 4744 expertem,
2637 4688 2841 4748 tuoque
2894 4681 3139 4752 exemplo
3186 4696 3516 4754 cessantem,

1937 4766 2121 4833 quiete
2172 4765 2459 4837 indigere,
2521 4771 2742 4825 minime
2806 4774 3286 4840 pronuntiandum.
3355 4778 3523 4846 Quies

1933 4858 2082 4912 enim
2111 4858 2372 4928 laborem,
2391 4877 2497 4916 non
2524 4863 2722 4929 otium,
2749 4866 3169 4935 sequitur:sine
3197 4885 3305 4938 quo
3335 4872 3520 4929 labore

1937 4948 2164 5003 delicias
2190 4949 2371 5017 potius
2415 4951 2586 5006 otium
2629 4954 3008 5024 appellaveris.
3046 4958 3209 5015 Decet
3239 4962 3382 5016 enim
3425 4966 3518 5033 qui

1937 5038 2185 5096 laborare
2216 5041 2492 5108 desinunt,
2535 5047 2841 5114 quiescere.
2893 5050 2992 5115 Qui
3026 5066 3154 5106 vero
3201 5054 3312 5108 otio
3343 5055 3520 5111 indul-

1936 5141 2084 5201 gent,
2125 5134 2384 5202 temporis
2424 5138 2680 5208 prodigos
2723 5152 2778 5194 et
2826 5141 3054 5211 ignavos
3088 5145 3282 5199 merito
3309 5162 3518 5202 nuncu-

1938 5237 2054 5290 pes.
2095 5222 2459 5290 Quamobrem
2511 5229 2604 5284 tibi
2648 5231 2836 5299 etiam,
2884 5233 3010 5288 dum
3057 5237 3254 5290 sudare
3297 5254 3518 5294 recusas

1937 5322 2100 5382 atque
2131 5314 2425 5383 detrectas,
2458 5335 2489 5372 a
2522 5320 2726 5388 quietis
2754 5333 2838 5376 est
2863 5325 3080 5378 nomine
3108 5328 3514 5386 abstinendum.

2078 5425 2406 5484 CDXXVIII.
2440 5461 2510 5470 —
2540 5431 2844 5490 AUSONlO
2901 5434 3370 5492 CORRECTORI.

1139 5527 1524 5597 lgnascendum
1550 5524 1776 5578 aliorum
1806 5523 2032 5578 delictis.
2065 5522 2248 5593 (Supr.
2280 5527 2434 5592 epist.
2474 5527 2626 5596 416.)

319 5652 383 5707 Ol
415 5651 516 5722 μὲν
557 5650 710 5720 νόμοι
739 5605 844 5701 ¹τὸν
893 5648 974 5710 εἰς
1007 5644 1067 5698 σέ
1101 5643 1514 5715 παροινήσαντα
1541 5639 1827 5694 συλλαϐόν-

240 5761 343 5812 τες
367 5744 740 5818 παρέπεμψαν
768 5742 873 5795 ὑπὸ
895 5741 995 5804 τὰς
1023 5739 1121 5801 σὰς
1147 5740 1335 5807 χεῖρας
1356 5737 1513 5808 δίκην
1542 5734 1828 5804 ὑφέξοντα-

562 5841 836 5900 ΡΑτιιοι.
879 5837 997 5897 Gn.
1038 5833 1350 5895 LXXVIII.

2003 5638 2177 5711 Leges
2206 5654 2330 5694 eum
2365 5641 2457 5711 qui
2490 5652 2540 5697 te
2565 5644 2780 5712 probris
2817 5645 3017 5712 allecit,
3047 5645 3148 5704 sub
3181 5664 3370 5705 manus
3396 5659 3516 5703 tuas

1932 5731 2270 5789 deduxerunt
2313 5746 2506 5801 ρωπος)
2544 5735 2819 5791 daturum.
2859 5735 2932 5792 At
2978 5745 3033 5791 tu
3067 5739 3150 5807 (es
3178 5739 3323 5794 enim
3363 5739 3511 5795 omni

3002 5831 3078 5894 50
