3982 6420
446 309 597 375 ’1579
1633 299 1695 359 S.
1739 295 2035 359 ISIDORI
2070 290 2511 355 PELUSIOTIE
3606 279 3732 343 1580

467 421 670 493 injuria
708 426 871 487 atque
918 412 1166 470 convicio
1209 410 1480 481 superior,
1511 421 1796 479 propterea
1827 418 1880 462 et
1911 404 2039 475 legi-

2157 403 2215 455 σὺ
2251 401 2309 454 δὲ
2344 399 2657 471 (κρείττων
2688 396 2796 469 γὰρ
2827 391 2877 449 εἷ
2924 394 3019 448 καὶ
3051 391 3259 462 ὕϐρεως
3297 390 3391 443 καὶ
3433 388 3693 458 λοιδορίας
3715 433 3729 456 ,

460 481 597 568 timo
643 509 875 579 imperio
919 505 1185 560 miscuisti
1211 500 1647 573 fpbilosophiam)
1686 501 1861 570 ipsum
1912 513 2032 551 non-

2163 491 2241 545 διὸ
2268 492 2362 546 καὶ
2387 490 2709 562 φιλοσοφίαν
2731 490 2798 560 τῇ
2824 488 3042 558 νομίμῳ
3072 485 3214 555 ἀρχῇ
3241 481 3547 552 ὲκέρασας)
3577 483 3735 551 μικρὰ

460 605 599 660 nihil
634 572 976 657 admonendo
1005 598 1160 653 venia
1186 597 1441 667 dignatus
1474 572 1756 649 meliorem
1792 592 2032 647 reddide‘

2164 584 2486 655 νουθετήσας
2514 582 2724 647 τοῦτον,
2788 580 2866 650 τῷ
2921 576 3252 646 συγγνώμης
3296 572 3531 637 ἀξιῶσαι
3560 573 3736 643 βελτίω

462 701 562 753 ris.
619 695 823 750 Punire
863 693 1037 747 cuivis
1084 700 1389 761 promptum
1437 700 1519 744 est
1561 706 1575 741 :
1611 686 1822 741 veniam
1871 693 2034 738 auten

2160 673 2522 745 κατάστησον·
2546 674 2609 727 τὸ
2644 672 2741 743 μὲν
2765 671 2872 741 γὰρ
2908 669 3137 722 κολάσαι
3160 664 3491 736 προχείρως,
3516 663 3610 715 καὶ
3635 662 3732 714 τῶν

2275 763 2284 766 _
2580 764 2589 766 _
2683 762 2693 766 -
2746 761 2784 766 --
3040 756 3051 766 ι
3280 757 3301 766 .-
3519 751 3543 762 -ι
3645 745 3693 766 ,γ

469 792 596 843 dare
628 795 792 854 atque
824 756 1107 853 ignoscere
1138 780 1215 834 tui
1242 756 1501 835 simil-ium
1534 787 1639 833 est.

2165 763 2429 833 τυχόντων
2474 764 2609 816 ἐστί·
2648 762 2709 815 τὸ
2741 761 2797 814 δὲ
2846 756 3180 827 συγγνώμην
3221 757 3430 825 νεῖμαι,
3474 756 3607 817 τῶν,
3639 756 3737 815 οἱος

2164 854 2327 919 αὐτὸς
2353 856 2668 927 τυγχάνεις.

828 968 996 1041 637
1027 964 1312 1022 cnxxm.
1344 994 1416 1007 —
1445 961 1697 1019 ESAIAE.

1663 961 1697 1017 ι.
2696 964 2876 1019 mea
2904 993 2970 1004 --
3006 961 3235 1032 ΗΣΑΙᾼ.

1006 1063 1186 1119 Monet
1215 1073 1271 1117 ut
1300 1080 1332 1115 a
1354 1064 1605 1130 peccatis,
1636 1077 1860 1133 quarunt
1900 1064 2102 1119 veniam
2128 1079 2249 1122 ante
2294 1080 2479 1121 nactus
2508 1066 2704 1135 fuerat,
2737 1062 2949 1116 tandem
2973 1062 3212 1116 desistat.

537 1175 755 1234 Videris
781 1175 894 1243 iam
939 1173 1190 1235 edoctus,
1233 1172 1377 1241 quod
1419 1171 1631 1225 veniam
1664 1171 1925 1225 continuo
1963 1171 2062 1227 de-

2239 1178 2464 1239 Ἔοικας
2531 1176 2595 1228 ὲκ
2650 1171 2746 1227 τοῦ
2806 1170 3045 1242 συνεχῶς
3114 1171 3456 1243 συγγνώμης
3533 1168 3619 1237 ἐφ’
3674 1162 3743 1231 οἷς

466 1270 719 1324 lictorum
768 1268 845 1322 sis
901 1273 1131 1329 nactus,
1179 1265 1338 1318 venia
1396 1264 1561 1317 etiam
1612 1264 1832 1334 indigna
1886 1265 2038 1318 adbut

2174 1270 2388 1333 πταίοις
2427 1268 2743 1338 τυγχάνειν,
2796 1265 2893 1319 καὶ
2931 1267 3011 1327 είς
3046 1268 3108 1317 τὸ
3158 1264 3501 1333 συγγνώμης
3544 1259 3746 1333 μείζονα

469 1362 832 1417 connuittere.
870 1358 1051 1426 Quare
1087 1356 1459 1425 temperantia:
1506 1355 1663 1410 freno
1700 1372 1831 1411 usus
1866 1368 1916 1411 te
1950 1354 2041 1425 Ῑρει

2176 1362 2519 1434 ἁμαρτάνειν
2579 1356 3136 1429 πεπαιδοτριϐἧσθαι.
3190 1355 3281 1425 Τῷ
3330 1353 3543 1426 χαλινῷ
3586 1354 3746 1404 τοίνυν

471 1453 750 1517 cohibeto,
788 1468 854 1506 ne
906 1453 958 1505 in
992 1464 1234 1519 praeceps
1271 1465 1419 1512 ruas,
1451 1458 1506 1503 et
1548 1449 1850 1504 remedium
1896 1450 2043 1503 venia

2174 1458 2270 1527 τῆς
2299 1455 2629 1527 ἐγκρατείας
2658 1452 3025 1525 χρησάμενος,
3050 1450 3326 1520 ἀνείργειν
3362 1446 3567 1502 σαυτὸν
3593 1444 3746 1515 πειρῶ

471 1545 664 1601 inutile
696 1544 919 1608 elﬁcias,
961 1559 1028 1598 ne
1060 1554 1118 1598 ut
1147 1543 1333 1599 dolore
1359 1557 1588 1597 vacuum
1634 1542 2043 1613 inscientemqut

2172 1548 2268 1601 τοῦ
2296 1548 2437 1601 κατὰ
2469 1548 2732 1621 κρημνῶν
2758 1547 3026 1619 φέρεσθαι
3048 1565 3062 1578 ·
3086 1547 3182 1601 καὶ
3208 1546 3273 1598 τὸ
3297 1546 3403 1615 τῆς
3428 1541 3744 1612 συγγνώμης

472 1652 598 1696 mox
630 1640 811 1692 divina
840 1636 1093 1691 Numinis
1118 1636 1547 1706 comprehendat
1577 1635 1841 1691 vindicta.

2178 1639 2469 1712 φάρμακον
2530 1640 2606 1712 μὴ
2670 1642 2894 1713 ἀχρεῖον
2959 1635 3348 1701 κατασκεύαξε
3376 1678 3393 1703 ,
3436 1636 3527 1689 ἵνα
3576 1632 3645 1705 μὴ
3684 1632 3750 1697 ὡς

2174 1730 2474 1803 ἀγνώμονά
2503 1748 2563 1785 σε
2607 1734 2706 1787 καὶ
2738 1732 3048 1804 ἀνάλγητον
3085 1733 3121 1801 ὴ
3146 1730 3268 1785 Θεία
3292 1727 3491 1783 λοιπὸν
3524 1725 3749 1799 μετέλθοι

2174 1827 2322 1897 δίκη.

656 1938 921 2000 CDXXX.
966 1970 1037 1981 --
1067 1935 1366 1995 OPlIELlO
1405 1932 1889 1990 GRAMMATICO.

2462 1941 2589 1993 YA'.
2624 1968 2695 1978 —
2727 1938 2975 2009 ΩΦΕΛΙῼ
3006 1933 3495 2004 ΓΡΑΜΜΑἸἸΚῼ.

1239 2032 1388 2089 Scire
1413 2043 1486 2087 est
1520 2050 1629 2086 rem
1664 2048 1755 2100 per
1788 2049 1980 2087 causas
2011 2049 2340 2104 cognoscere.
2371 2037 2618 2108 (Aristot.
2656 2038 2713 2090 in
2744 2034 2988 2107 Analyt.)

555 2156 785 2211 Maxima
818 2154 897 2208 vis
940 2165 1020 2206 est
1044 2151 1343 2217 scribendi,
1380 2149 1818 2219 eruditionisque
1860 2148 2074 2202 aetiolo-

2255 2149 2537 2222 Μεγίστης
2566 2148 2684 2202 ἐστὶ
2707 2146 3036 2219 συγγραφῆς
3062 2146 3157 2199 καὶ
3192 2143 3556 2206 διδασκαλίας
3582 2140 3750 2214 ἀρετὴ,

484 2245 593 2315 gia,
619 2259 715 2298 seu
741 2257 921 2298 causa:
955 2241 1186 2297 redditio
1240 2256 1304 2296 ac
1335 2240 1749 2297 demonstratio.
1790 2238 1902 2293 Nec
1932 2239 2056 2293 enin

2186 2242 2487 2310 αἰτιολογία
2532 2242 2627 2297 καὶ
2660 2240 2960 2304 ἀπόδειξις.
3014 2239 3090 2292 Ού
3123 2237 3233 2308 γὰρ
3286 2237 3564 2308 προσήκει
3612 2234 3752 2306 μόνον

487 2336 780 2391 ostendere
811 2336 945 2389 satis
973 2344 1077 2400 est,
1116 2336 1260 2402 quod
1307 2348 1393 2387 res
1427 2334 1517 2396 sit,
1564 2333 1657 2386 sed
1690 2341 1743 2385 et
1777 2344 1949 2399 quare
1984 2331 2054 2384 sit

2184 2334 2658 2408 διισχυρίζεσθαι,
2711 2335 2796 2387 ὅτι
2830 2333 2952 2386 τόδε
3003 2332 3062 2385 ὃν
3108 2332 3223 2398 (55)
3271 2333 3467 2395 ἐστιν,
3516 2328 3645 2382 ἀλλὰ
3676 2328 3753 2381 καὶ

489 2433 534 2486 si
571 2430 688 2485 ﬁeri
729 2430 922 2500 possit,
974 2439 1058 2484 est
1084 2429 1595 2483 demonstrandum.
1633 2426 1729 2482 Est
1773 2428 1918 2483 enim
1950 2441 2061 2481 veri

2199 2428 2334 2481 διότι
2374 2427 2548 2493 ἐστὶν,
2594 2428 2643 2480 εἰ
2691 2420 2802 2479 οἷόν
2846 2442 2928 2493 τε,
2985 2421 3397 2478 ἀποδεικνύναι.
3452 2420 3617 2474 Τοῦτο
3661 2419 3754 2489 γάρ

490 2523 653 2589 scire,
686 2538 798 2577 rem
831 2536 926 2592 per
956 2536 1156 2576 causas
1188 2536 1541 2591 cognoscere.

2184 2520 2336 2572 ἐστιν
2365 2516 2588 2589 ἀληθῶς
2624 2516 2847 2584 εἰδέναι,
2879 2516 2944 2569 τὸ
2975 2514 3117 2587 μετὰ
3164 2514 3347 2578 αἰτίας
3376 2512 3598 2568 εἰδέναι.

918 2654 1204 2711 CDXXXI.
1237 2684 1310 2696 —-
1352 2651 1649 2710 SERENO.

2666 2651 2844 2707 TAA'.
2877 2680 2950 2692 —
2982 2650 3281 2721 ΣΕΡΗΝῼ.

1408 2743 1603 2797 Rerum
1645 2745 1922 2797 metuenda
1950 2742 2280 2797 vicissitudo.
2314 2740 2478 2814 (Vide
2507 2743 2661 2813 epist.
2710 2743 2862 2813 495.)

561 2861 710 2919 Cave
739 2870 897 2932 putes
926 2875 1090 2930 supra
1122 2870 1393 2924 naturam,
1426 2869 1699 2928 extraque
1732 2859 2089 2915 mediocrita-

2266 2861 2359 2932 Μὴ
2387 2860 2534 2933 πέρα
2565 2860 2678 2932 (54)
2712 2861 2814 2933 τῆς
2864 2860 3114 2930 φύσεως,
3143 2859 3264 2932 μηδ’
3294 2859 3406 2922 ἔξω
3436 2858 3530 2913 τοῦ
3557 2855 3751 2928 μετρίου

499 2957 570 3012 tis
624 2956 888 3011 terminos
935 2955 1099 3008 rebus
1140 2954 1400 3008 secundis
1440 2954 1624 3006 animo
1669 2951 2061 3021 indulgendum

2191 2954 2558 3024 ἐμφορεῖσθαι
2593 2954 2692 3025 τῆς
2737 2953 3042 3024 εὐημερίας
3088 2953 3241 3018 ἀξίου
3269 2970 3283 2984 ·
3322 2952 3467 3005 ἀλλὰ
3506 2947 3750 3018 πανταχοῦ

496 3050 592 3105 sed
645 3049 843 3119 ubique
894 3047 1188 3102 humanam
1239 3047 1452 3100 intuere
1499 3055 1725 3109 sortem,
1756 3044 2068 3098 vicissitudi

2197 3048 2258 3100 τὸ
2289 3046 2631 3119 ἀνθρώπινον
2668 3047 2885 3110 σκόπει,
2914 3048 3009 3099 καὶ
3039 3046 3177 3116 πρὸς
3209 3046 3309 3108 τὰς
3330 3042 3632 3115 μεταϐολὰς
3650 3043 3751 3111 ὅρα,

498 3152 737 3207 nemque
760 3138 1036 3205 cormpice,
1068 3151 1189 3205 quas
1217 3150 1325 3190 uno
1369 3150 1513 3206 saepe
1552 3136 1639 3189 die
1672 3150 1760 3190 res
1791 3136 1843 3189 in
1873 3146 2065 3190 contra

2197 3139 2299 3202 τὰς
2320 3141 2376 3193 ὲν
2414 3140 2516 3209 μιᾷ
2546 3138 2809 3200 πολλάκις
2842 3138 3026 3209 ἡμέρᾳ
3057 3138 3193 3208 πρὸς
3217 3136 3489 3192 τάναντία
3518 3134 3582 3188 τὰ
3605 3134 3753 3202 πράγο

500 3236 641 3285 rium
684 3239 897 3285 vertere
929 3238 1128 3298 potest.
1184 3227 1275 3283 Sic
1305 3229 1451 3283 enim
1491 3239 1648 3283 extra
1691 3228 1867 3281 aleam
1897 3227 2006 3281 eris
2038 3241 2068 3280 e

2203 3250 2348 3303 ματα
2406 3232 2889 3303 μεταστοιχειῶσαι
2932 3230 3261 3301 δυναμένας.
3301 3229 3498 3293 Οὕτως
3530 3230 3629 3298 γὰρ
3675 3226 3752 3278 καὶ

500 3323 752 3377 fortunas
795 3331 918 3377 tuas
952 3325 1005 3375 in
1039 3330 1158 3377 tuto
1184 3321 1501 3377 collocabis.
1539 3322 1598 3376 Si
1629 3335 1735 3390 qua
1767 3320 1918 3376 enim
1964 3334 2072 3389 pert

2198 3326 2480 3388 ἀσπαστὸς
2508 3324 2627 3394 ἔσῃ,
2659 3324 2755 3377 καὶ
2790 3323 2889 3394 τὴν
2923 3322 3233 3393 εὐπραγίαν
3269 3322 3503 3392 βεϐαίαν
3526 3321 3672 3384 ἕξεις.
3695 3318 3746 3370 Ei

506 3416 737 3469 mutatio
769 3415 1001 3481 accidet,
1026 3414 1163 3468 nihil
1203 3413 1422 3469 eveniet
1452 3413 1547 3467 tibi
1580 3428 1766 3482 grave,
1790 3413 1943 3483 quasi
1977 3415 2078 3466 the

2197 3417 2254 3471 δὲ
2300 3416 2397 3470 καὶ
2445 3416 2689 3487 συμϐαίη
2735 3415 3047 3485 μεταϐολὴ,
3084 3416 3239 3468 οὐδὲν
3271 3414 3545 3485 ἀργαλέον
3581 3411 3751 3481 πείσῃ,

502 3519 695 3561 sauros
724 3517 904 3561 mente
935 3505 1249 3561 recondenti
1300 3505 1630 3560 conditionis
1664 3505 1935 3559 humanas.

2204 3505 2300 3560 ἆτε
2342 3506 2795 3577 προαποθὲμενος
2848 3504 3033 3575 σαυτῴ
3058 3508 3157 3575 τῆς
3216 3503 3628 3575 φιλανθρωπίας
3652 3500 3754 3561 τοὺς

2205 3597 2537 3669 θησαυρούς.

756 3711 1065 3769 CDXXXII.
1106 3742 1179 3753 —
1206 3708 1484 3769 SERENO
1524 3708 1848 3766 DIACONO.

2531 3712 2706 3766 TAB'.
2729 3742 2796 3752 —-
2827 3710 3104 3781 ΣΕΡΗΝῼ
3142 3711 3475 3782 ΔΙΑΚΟΝῼ.

1559 3804 1795 3860 Iustitia:
1821 3821 1933 3860 esse
1974 3808 2249 3874 proprium
2299 3814 2494 3862 sce.’era
2523 3809 2732 3876 punire.

580 3923 799 3980 .lustitia
826 3921 1048 3991 injustis
1070 3919 1270 3987 justam
1300 3921 1507 3989 irrogat
1537 3934 1777 3989 poenam,
1810 3919 2099 3989 redditque

2244 3918 2249 3923 ’
2280 3926 2408 3989 Τοῖς
2434 3926 2643 3989 ἀδίκοις
2673 3927 2706 3996 ἡ
2750 3923 2875 3993 δίκη
2907 3923 3176 3994 χρεωστεῖ
3217 3922 3319 3991 τὴν
3373 3918 3583 3973 δικαίαν
3609 3932 3753 3986 τιμω-

509 4018 761 4081 omnino,
814 4016 919 4070 nisi
965 4015 1164 4083 injusta
1204 4012 1557 4081 ﬁatjustitia,
1591 4022 1788 4067 cuncta
1817 4010 1963 4081 juste
2004 4011 2081 4065 ad-

2216 4015 2359 4088 ρίαν,
2397 4017 2492 4071 καὶ
2521 4017 2742 4081 πάντως
2768 4014 3064 4079 ἀποδώσει,
3094 4016 3252 4084 εἴπερ
3280 4012 3353 4084 μὴ
3395 4011 3572 4083 μέλλοι
3599 4009 3753 4070 ἄδικος

512 4112 853 4172 ministratus,
902 4118 959 4162 et
983 4107 1213 4175 justltia:
1259 4119 1477 4159 omnem
1509 4104 1774 4159 adhibens
1808 4102 2084 4174 providen-

2210 4105 2352 4162 εἶναι
2397 4111 2428 4179 ή
2460 4108 2583 4180 δίκη
2610 4149 2624 4173 ,
2656 4110 2690 4179 ἡ
2725 4108 2906 4162 πάντα
2953 4107 3179 4170 δικαίως
3210 4106 3476 4159 διέπουσα
3501 4142 3518 4166 ,
3556 4101 3640 4157 καὶ
3675 4100 3755 4169 τῆς

516 4205 666 4257 tiatn.
2211 4199 2561 4271 δικαιοσύνης
2584 4199 2788 4270 πολλὴν
2825 4199 3125 4269 ποιουμένη
3158 4199 3440 4269 πρόνοιαν.

514 4314 847 4372 CDXXXIII.
902 4343 973 4353 —
1030 4310 1451 4439 Βιῡὲἓςιξωιὲἑ
1512 4309 1772 4367 HERONI
1850 4308 2086 4367 SACER-

2180 4378 2186 4413 '
2221 4311 2385 4367 ΥΛΓν.
2430 4342 2501 4354 --
2537 4312 2796 4385 ΔΙΔΥΜῼ
2842 4313 2962 4366 ΚΑΙ
2990 4312 3221 4381 ,ΗΡΩΝΙ
3252 4304 3752 4365 ΠΡΕΣΒΥΤΕΡΟιὲ

905 4498 923 4531 ι
964 4479 1068 4546 Qui
1097 4478 1235 4531 male
1256 4479 1365 4547 agit
1392 4478 1502 4532 odit
1539 4477 1729 4532 lucem.
1765 4496 1784 4529 ι
1824 4476 2007 4547 (Joan.
2034 4493 2115 4543 ut,
2145 4476 2263 4550 ΞΟ.)
2297 4477 2421 4533 Νοη
2446 4478 2638 4533 mirum
2669 4497 2701 4534 a
2732 4480 2887 4534 malis
2916 4480 3209 4550 Oppugnari
3234 4481 3417 4535 bonos.

590 4617 732 4684 Quid
777 4617 973 4668 mirum
1024 4614 1067 4667 si
1106 4612 1337 4682 improbi
1392 4612 1563 4667 honos
1601 4612 1957 4682 oppugnent?
1998 4612 2113 4667 lmo

2290 4614 2365 4669 Οὐ
2387 4614 2495 4687 χρὴ
2522 4614 2847 4685 θαυμάζειν,
2877 4617 2926 4669 εί
2962 4617 3013 4669 οἱ
3045 4615 3275 4687 πονηροὶ
3298 4618 3415 4679 τοῖς
3450 4613 3660 4684 ἀγαθοῖς
3683 4613 3756 4663 ὲκ-

521 4711 563 4762 si
612 4722 769 4761 secus
804 4705 979 4771 fieret,
1032 4703 1102 4758 sit
1141 4704 1543 4757 admirandum.
1590 4701 1705 4756 Etsi
1736 4704 1879 4757 enim
1918 4703 2093 4758 absur-

2221 4707 2667 4778 πεπολέμωνται.
2716 4726 2736 4760 ι
2785 4707 3110 4763 Τούναντίον
3160 4707 3271 4778 γὰρ
3323 4707 3434 4777 (55)
3484 4702 3551 4777 ἦν
3582 4705 3756 4772 θαυμα-

522 4802 645 4854 tlum
682 4797 835 4852 valde
869 4797 1137 4863 videatur,
1188 4807 1244 4850 et
1288 4810 1466 4864 neque
1517 4796 1682 4850 verbo
1710 4796 2087 4866 explicandum

2223 4798 2374 4865 στὸν,
2407 4801 2456 4852 εί
2492 4798 2568 4870 μὴ
2598 4797 2773 4862 οὕτως
2795 4794 2938 4870 εἶχον
2959 4815 2972 4829 ⁸
3000 4801 3051 4852 εί
3080 4800 3188 4870 γὰρ
3217 4801 3312 4853 καὶ
3334 4800 3454 4853 λίαν
3480 4798 3663 4853 ἄτοπον
3685 4795 3754 4848 δο-

522 4903 623 4943 nec
668 4902 727 4943 re
774 4888 889 4955 ipsa
928 4888 1269 4942 tolerandum
1326 4886 1508 4952 fuerit,
1557 4888 1778 4940 omnino
1814 4899 1995 4942 tamen
2046 4902 2094 4942 et

2218 4893 2325 4953 κεί,
2353 4892 2450 4944 καὶ
2489 4889 2614 4944 οὔτε
2657 4889 2803 4961 λόγῳ
2830 4890 3017 4962 ῥητὸν,
3061 4890 3184 4944 οὔτε
3217 4891 3366 4963 ἔργῳ
3406 4888 3631 4967 φορητόν
3658 4889 3756 4940 ἐστι

525 4979 736 5034 ratione
764 4978 843 5033 ﬁt.
878 4978 1139 5032 Tenebrae
1184 4978 1329 5032 enim
1360 4977 1466 5031 luci
1500 4990 1819 5046 repugnant,
1864 4988 1917 5032 ct
1947 4980 2097 5034 latru-

2218 4982 2395 5047 τοῦτο,
2428 4982 2543 5035 ἀλλ’
2586 4983 2735 5053 ὅμως
2780 4982 2924 5035 κατὰ
2958 4982 3115 5050 λόγον
3159 4984 3385 5052 γίνεται.
3429 4978 3753 5037 Ἐναντιοῦται

531 5087 652 5137 nes,
688 5071 939 5125 lucernas
969 5083 1131 5125 noctu
1170 5070 1601 5139 eastinguentes,
1628 5071 1693 5123 ad
1735 5071 2022 5125 furandum
2056 5088 2103 5127 se

2222 5074 2330 5145 γὰρ
2382 5075 2442 5127 τὸ
2502 5074 2693 5138 σκότος
2759 5074 2939 5142 φωτί·
2999 5075 3094 5127 καὶ
3137 5074 3336 5147 λῃσταὶ
3386 5076 3512 5139 τοὺς
3566 5076 3754 5145 λύχνθκ

528 5166 838 5233 accingunt,
863 5163 967 5217 rati
1004 5178 1157 5217 suam
1188 5163 1357 5217 vitam
1390 5162 1592 5217 lumine
1622 5162 1874 5232 redargui
1903 5182 1917 5218 :
1944 5179 2100 5233 quart

2225 5167 2542 5231 σϐεννύντες
2576 5166 2672 5220 ἐπὶ
2694 5167 2755 5219 τὸ
2782 5166 3064 5237 λῃστεύειν
3086 5168 3653 5240 τρέπονται.”Ελεγχον
3672 5166 3754 5234 γὰρ

529 5256 582 5311 id
621 5256 810 5311 tollere
836 5257 1059 5310 omnino
1090 5264 1366 5326 satagunt.

2225 5259 2518 5328 ἡγούμενοι
2550 5260 2642 5311 τοῦ
2676 5260 2826 5327 σφῶν
2855 5260 2971 5330 βίου
2998 5260 3090 5314 τὸν
3123 5262 3352 5314 ἐκείνων
3378 5262 3594 5333 τρόπον,
3624 5262 3752 5312 ἑκτῗῦσ

2226 5351 2331 5402 ὀὼν
2374 5351 2537 5403 αὐτὸν
2577 5352 2806 5421 ποιῆσαι
2832 5354 3343 5423 πραγματεύονται.

1604 5505 1840 5564 VARUS
1875 5507 2263 5563 LECTIONES
2306 5508 2393 5561 ET
2438 5508 2675 5563 NOTAE.

614 5675 729 5745 (55)
747 5674 849 5729 Pro
864 5674 925 5728 τὸ
943 5674 998 5726 δὲ
1022 5673 1081 5727 ὃν
1113 5672 1273 5745 ambo
1298 5674 1454 5733 codd.
1484 5672 1729 5729 scribunt
1766 5674 1825 5727 τὸ
1848 5672 1982 5728 δέον.
2006 5670 2186 5727 Possm

2176 5687 2222 5725 ς.
2306 5670 2598 5745 (ὗῦλιιιιειι
2626 5672 2732 5745 γριρ
2768 5682 2821 5726 et
2866 5668 2932 5744 ἦν
2973 5673 3132 5728 iidem
3176 5674 3297 5730 cod.
3332 5675 3565 5731 inserunt
3604 5671 3685 5742 ῥν,
3708 5675 3748 5723 et

612 5739 725 5816 (54)
755 5747 945 5815 lidcm,
982 5746 1154 5815 παρά.
1183 5743 1259 5800 In.

2232 5739 2372 5796 vers.
2406 5741 2461 5806 '5,
2494 5757 2589 5811 pro
2626 5739 2769 5812 εἶχον
2809 5739 3050 5799 scribunt
3079 5745 3241 5817 ἔχειν.
3271 5745 3344 5801 ln.
