3982 6420
415 285 555 354 1583
1597 300 1660 361 S.
1702 299 1987 362 ISIDOR]

2071 298 2474 362 'ELUSIOTIE
3525 307 3643 375 15g;

415 414 591 467 cunda
633 410 740 468 illis
778 411 1038 483 exsistit),
1077 412 1279 482 scripta
1315 414 1472 470 decet
1500 417 1684 472 studio
1713 418 1987 497 animique

2089 431 2182 480 τος
2209 415 2353 488 ἡδὺ),
2373 416 2479 488 χρὴ
2507 414 2574 470 τά
2607 416 3016 489 συγγράμματα
3040 418 3105 472 ἐκ
3142 420 3372 493 σπουδῆς
3400 423 3492 478 καὶ
3519 428 3643 497 ψυχ-

415 515 566 560 motu
617 515 942 582 temperare.
998 507 1071 560 Et
1121 507 1288 562 animi
1345 508 1610 577 siquidem
1657 521 1808 565 motu
1863 496 1987 566 nihil

2104 510 2352 578 αγωγίας
2381 510 2709 579 κεκρᾶσθαι.
2761 511 2857 564 Ἐκ
2897 511 2997 581 μὲν
3025 512 3136 584 γὰρ
3171 513 3270 584 τῆς
3313 496 3644 585 ψυχαγωγίάς

414 598 641 654 studiosi
668 599 1033 655 otl'endnntur.
1054 601 1398 670 Negligentes
1429 616 1554 655 vero
1574 617 1642 656 ex
1671 602 1849 658 studio
1870 619 1986 658 cum

2095 604 2145 656 οί
2198 602 2456 673 ἐμμελεῖς
2505 602 2659 656 οὐδὲν
2705 603 3218 674 παραϐλαϐήσονται
3246 644 3263 670 ,
3313 606 3416 660 ὑπὸ
3462 608 3517 660 δὲ
3559 611 3647 681 τῆς

414 689 581 744 animi
615 699 762 744 motu
798 699 1206 760 contemperato
1245 690 1490 747 utilitatis
1526 691 1815 762 plurimum
1859 694 1986 748 bau-

2097 695 2334 765 σπουδῆς
2379 695 2479 765 τῆς
2504 697 2570 766 τῇ
2604 695 2935 767 ψυχαγωγία
2965 697 3314 769 κεκραμένης
3347 701 3396 752 οἱ
3433 701 3504 772 μὴ
3537 701 3648 758 λίαν

412 782 577 838 rient.

2096 786 2330 858 ρᾁυμοι
2354 785 2817 858 ὠφεληθήσονται.
2874 858 2882 871 ἱ

815 893 1026 950 CDXL.
1059 923 1130 933 —
1169 891 1577 948 THEODOSIO.
2327 897 2334 902 ”

2327 897 2334 902 ·
2451 939 2460 947 .
2571 897 2711 953 rM'.
2748 928 2818 937 —
2849 892 3201 970 ΘΕΟΔΟΣΙῼ.

413 989 493 1046 De
515 987 720 1043 Zosimi
745 988 936 1042 iterum
957 989 1063 1042 vita
1084 985 1301 1052 uitiosa,
1320 987 1557 1055 precibus
1576 989 1752 1056 itaque
1776 985 1884 1038 Deo
1905 988 2398 1042 commendandum.
2426 986 2608 1059 (Supr.
2631 990 2781 1054 epist.
2815 989 2850 1042 2
2875 999 2924 1042 et
2950 978 3057 1044 457
3080 1008 3094 1057 ;
3129 991 3318 1045 similis
3348 994 3495 1058 epist.
3520 994 3654 1064 105.)

482 1099 658 1154 Audio
678 1109 730 1154 te
753 1099 819 1153 de
849 1099 1010 1154 rebus
1042 1114 1148 1153 non
1171 1099 1369 1154 dudum
1402 1098 1690 1169 praeteritis
1715 1097 1987 1152 Zosimum

2167 1097 2298 1156 Οἶδα
2329 1102 2431 1172 μὲν
2460 1101 2518 1166 ἐξ
2544 1096 2618 1156 ὧν
2645 1102 2849 1169 ἀκούω,
2879 1103 2956 1166 ὡς
2985 1103 3086 1172 οὐχ
3107 1103 3249 1174 ὑπὲρ
3279 1105 3399 1159 λίαν
3429 1108 3654 1177 ἀρχαίων

409 1206 672 1248 accusare
699 1231 716 1258 ,
759 1205 934 1260 neque
961 1205 1026 1245 ex
1057 1191 1318 1260 temporis
1348 1191 1499 1260 lapsu
1531 1190 1981 1259 opportunitatem

2097 1195 2439 1265 πραγμάτων
2480 1195 2672 1263 λέγων,
2719 1195 2891 1258 ἀδεῶς
2939 1197 3205 1266 πράττεις
3242 1198 3339 1268 τὴν
3389 1201 3524 1253 κατά
3567 1203 3651 1254 τοῦ

412 1297 678 1353 quarere,
705 1291 764 1334 ut
801 1281 936 1334 falso
965 1295 1213 1336 accuses.
1253 1280 1430 1335 [labes
1456 1280 1599 1334 enim
1634 1281 1685 1333 in
1715 1291 1984 1349 promptu,

2097 1284 2282 1337 ἀθλίου
2335 1283 2588 1353 Ζωσίμου
2664 1285 3000 1356 κατηγορίαν
3027 1325 3045 1351 ,
3103 1292 3508 1362 συναγωνιστὴν
3567 1293 3655 1345 οὐκ

411 1390 531 1446 qua:
584 1373 829 1444 proferas
885 1383 1057 1444 gesta.
1123 1371 1323 1427 Verum
1371 1388 1476 1426 non
1515 1382 1623 1426 tam
1681 1373 1983 1426 accusando

2098 1374 2238 1445 ἔχων
2272 1376 2352 1440 είς
2383 1373 2738 1444 ψευδολογίαν
2788 1376 2880 1429 τὸν
2926 1377 3119 1447 χρόνον
3141 1395 3157 1408 ο
3192 1379 3336 1432 αὑτά
3387 1381 3491 1451 γὰρ
3528 1381 3655 1451 ἔχεις

410 1465 652 1536 linguam
701 1467 753 1519 in
784 1481 908 1518 eum
956 1464 1116 1519 decet
1149 1478 1449 1528 exacuere,
1495 1480 1658 1534 quam
1713 1463 1766 1517 in
1796 1479 1861 1518 eo
1890 1465 1982 1517 de-

2098 1466 2486 1538 μαρτυροῦντα
2513 1467 2580 1520 τά
2609 1467 2937 1538 πράγματα.
2985 1468 3146 1523 Ἀλλά
3178 1469 3283 1542 χρὴ
3315 1470 3392 1541 μὴ
3417 1471 3656 1524 τοσοῦτον

409 1559 701 1634 plorando,
744 1567 801 1611 et
844 1557 1010 1611 Deum
1066 1571 1164 1626 pro
1213 1557 1306 1612 illo
1354 1556 1692 1626 deprecando
1745 1566 1981 1624 satagere

2093 1557 2193 1629 τὴν
2229 1557 2477 1626 γλῶτταν
2511 1559 2755 1622 ὁπλίζειν
2789 1560 2869 1622 είς
2907 1558 3007 1629 τὴν
3060 1559 3181 1613 κατ’
3235 1561 3404 1614 αὑτοῦ
3438 1579 3656 1633 κατηγο-

407 1650 685 1705 convenit.
741 1649 1038 1703 Accusatus
1075 1649 1220 1703 enim
1257 1649 1323 1703 ad
1371 1649 1605 1714 malum,
1653 1658 1712 1702 ut
1741 1659 1979 1718 apparet,

2098 1651 2241 1722 ρίαν,
2267 1651 2392 1704 ὅσον
2431 1652 2510 1714 εἰς
2541 1651 2667 1714 τοὺς
2694 1652 2775 1714 είς
2799 1650 2962 1703 αὐτὸν
2987 1651 3215 1721 Θρήνους
3246 1653 3343 1704 καὶ¹
3383 1653 3480 1714 τὰς
3505 1671 3656 1724 προσ-

409 1740 727 1798 incitabitnr
767 1740 940 1810 magis
965 1757 979 1794 :
1014 1739 1325 1808 deploratus
1350 1754 1481 1794 vero
1507 1741 1694 1812 pedem
1729 1740 1869 1796 forte
1898 1757 1981 1797 re-

2091 1741 2277 1812 ευχάς.
2326 1741 2820 1813 Κατηγορούμενος
2849 1742 2978 1811 γὰρ,
3019 1742 3184 1796 πλέον
3233 1746 3316 1806 εἰς
3344 1744 3559 1808 κακίαν,
3590 1745 3654 1808 ὡς

410 1832 573 1888 feret.
2092 1834 2291 1898 ἔοικεν,
2319 1833 2626 1906 ἐρεθίζεται
2650 1849 2664 1864 ·
2693 1833 3060 1906 θρηνούμενος
3088 1835 3168 1900 δὲ,
3204 1835 3339 1900 ἴσως
3364 1836 3652 1905 ἀνενέγκαι,

883 1944 1016 2000 CDX
1028 1943 1113 2000 LI.
1145 1954 1218 1984 -—'-
1247 1942 1527 2000 ZOSIMO.

2585 1945 2770 1999 ΥΜΑν.
2795 1974 2865 1985 -
2893 1946 3163 2018 ΖΩΣΙΜῼ.

1217 2033 1464 2088 Gentium
1496 2052 1668 2089 mores
1697 2053 1814 2090 cum
1848 2035 2041 2090 nostris
2082 2034 2284 2088 collati.
2324 2033 2502 2103 (Conf.
2537 2035 2687 2102 epist.
2717 2035 2864 2103 164.)

483 2149 637 2205 Multi
679 2148 819 2218 apud
844 2147 1066 2204 Grmcos
1102 2148 1368 2217 gentiles,
1417 2151 1558 2204 bone
1594 2151 1698 2212 vir,
1729 2151 1981 2203 virtutem

2161 2145 2353 2198 Πολλοὶ
2389 2148 2509 2215 μὲν,
2545 2140 2590 2198 ὦ
2621 2145 2889 2215 βέλτιστε,
2924 2149 3056 2218 παρ’
3088 2148 3320 2220 Ἕλλησι
3352 2148 3454 2220 τὴν
3480 2150 3659 2222 ἠθικὴν

413 2253 623 2298 morum
665 2239 857 2294 sectati
883 2247 1031 2293 sunt.
1089 2237 1146 2292 Si
1173 2253 1300 2293 vero
1334 2238 1526 2308 ignave
1553 2252 1716 2310 agere
1747 2239 1980 2307 patrium

2089 2238 2540 2309 κατορθώσαντες
2571 2239 2770 2310 ἀρετὴν
2816 2240 3033 2311 ᾅδονται
3061 2258 3075 2271 ·
3107 2243 3155 2294 εί
3182 2242 3239 2295 δὲ
3279 2242 3381 2295 καὶ
3419 2242 3480 2296 τὸ
3513 2243 3661 2313 ρᾳθυ-

414 2331 521 2385 illis
547 2331 913 2399 nsitatumqne
951 2338 1104 2395 erat,
1139 2346 1206 2385 ne
1249 2331 1330 2384 sic
1355 2327 1574 2399 quidem
1617 2343 1715 2385 nos
1739 2329 1986 2385 convenit

2104 2333 2224 2402 μεῖν
2257 2330 2492 2394 ἐκείνοις
2540 2332 2773 2402 πάτριον
2816 2333 2914 2386 καὶ
2959 2333 3190 2404 σύνηθες
3221 2331 3312 2405 ἦν,
3365 2335 3476 2389 οὐδ’
3503 2336 3660 2399 οὕτως

412 2421 631 2478 virtutis
665 2423 1027 2478 intermittere
1048 2423 1310 2478 studium.
1346 2421 1482 2477 Nam
1515 2424 1857 2480 intervallum
1880 2437 1984 2495 quo

2086 2423 2236 2492 ἡμᾶς
2285 2420 2569 2491 προσῆκεν
2615 2421 2719 2492 τὴν
2769 2424 2901 2493 περὶ
2945 2424 3044 2494 τὴν
3094 2427 3298 2495 ἀρετὴν
3355 2429 3658 2497 ἐπιμέλειαν

413 2513 536 2570 illos
564 2530 883 2584 superamus
909 2516 1124 2570 veniam
1161 2528 1267 2567 non
1300 2515 1569 2569 concedit.

2089 2512 2368 2583 προέσθαι.
2402 2511 2475 2565 Τὸ
2504 2512 2616 2584 γὰρ
2643 2512 2805 2583 μέσον
2837 2516 2969 2584 ἡμῖν
2996 2515 3134 2585 πρὸς
3157 2518 3404 2581 ἐκείνους
3429 2520 3526 2571 οὐκ
3571 2518 3661 2571 ὀλί-

2083 2623 2178 2674 γον
2218 2606 2461 2674 ὑπάρχον
2500 2605 2814 2675 ἀφαιρεῖται
2837 2606 2936 2676 τὴν
2977 2607 3335 2678 συγγνώμην.

647 2717 906 2773 CDXLII.
941 2746 1012 2757 —
1049 2715 1359 2772 MACARIO
1396 2715 1750 2772 EPISCOPO.
2211 2703 2214 2707 ’

2211 2703 2214 2707 ’
2351 2717 2535 2773 ΥΜΒν.
2566 2748 2634 2758 -
2692 2720 3010 2793 ΜΔΚΑΡΙῼ
3049 2722 3433 2793 animone.

1231 2811 1431 2866 Orator
1460 2829 1562 2866 non
1595 2828 1796 2883 semper
1826 2812 2126 2881 persuadet.
2164 2810 2279 2881 (Sic
2304 2815 2454 2881 epist.
2486 2813 2590 2866 120
2617 2825 2664 2868 et
2695 2815 2840 2885 547.)

479 2945 539 3002 Si
573 2947 771 3001 tatibus
792 2961 885 3000 usa
914 2945 1098 3000 verbis
1118 2946 1317 3012 oratio,
1349 2960 1467 3014 quae
1493 2945 1658 3000 etiam
1691 2945 1983 2999 inanimem
2017 2985 2051 3038 Ω

2170 2946 2234 2999 Εἰ
2281 2947 2541 3009 τοιούτοις
2579 2947 2926 3017 χρησάμενος
2964 2946 3145 3014 λόγοις
3174 2946 3204 2998 6
3241 2946 3438 3014 λόγος,
3481 2947 3529 2999 οἶ
3578 2948 3661 3000 καὶ

408 3036 626 3092 περιεῖδε
660 3043 914 3088 naturam
954 3034 1148 3088 merito
1179 3043 1375 3102 queat,
1407 3033 1801 3103 implacabilem
1840 3034 1980 3087 illam

2103 3036 2201 3106 τὴν
2223 3035 2431 3104 ἄψυχον
2475 3035 2634 3100 φύσιν
2677 3035 2901 3099 εἰκότως
2931 3037 2996 3090 ἂν
3045 3036 3326 3108 ἔκαμψαν.
3363 3039 3466 3089 οὐκ
3493 3038 3658 3089 ἔπεισε

409 3127 579 3180 feram
626 3125 678 3178 in
723 3123 956 3193 sei-psam
1003 3123 1316 3176 sawicntcm
1353 3123 1595 3176 emollire
1646 3140 1749 3176 non
1787 3124 1981 3191 potuit,

2092 3130 2153 3181 τὸ
2186 3125 2507 3196 ἀμείλικτον
2556 3130 2734 3179 ἐκεῖνο
2771 3127 2960 3199 θηρίον
2991 3128 3053 3181 τὸ
3091 3129 3216 3184 κατ’
3246 3131 3421 3183 αὐτοῦ
3466 3131 3659 3182 ἐπιλυτ-

408 3217 644 3272 οειεηὰἱι
683 3226 888 3286 aperte,
935 3217 1077 3285 quod
1136 3215 1296 3269 [idem
1331 3215 1531 3282 facere,
1573 3225 1664 3270 aut
1716 3232 1818 3271 non
1861 3232 1980 3285 per-

2091 3218 2265 3287 τῆσαν
2285 3233 2300 3250 ⁸
2333 3217 2500 3282 ἔδειξε
2531 3219 2799 3290 λαμπρῶς
2825 3262 2839 3285 ,
2876 3221 2958 3273 ὅτι
2989 3222 3052 3272 τὸ
3091 3223 3396 3293 πεισθῆναι
3439 3225 3528 3277 καὶ
3557 3222 3655 3293 μὴ,

404 3309 657 3371 suadere,
689 3306 760 3362 sit
806 3306 860 3360 in
890 3306 1159 3360 auditoris
1205 3303 1498 3375 patestate,
1531 3317 1752 3376 pr0pter
1776 3309 1976 3361 arbitrii

2094 3309 2204 3363 τῶν
2247 3310 2550 3363 ἀκουόντων
2598 3312 2714 3364 ἐστὶ
2740 3351 2754 3375 ,
2803 3311 2892 3364 διὰ
2924 3311 3013 3364 τὸν
3053 3315 3152 3382 τῆς
3193 3314 3661 3384 αὑτεξουσιότητος

407 3395 739 3460 libertatem,
769 3397 840 3452 ob
876 3412 1036 3466 quam
1067 3398 1244 3452 oratio
1277 3395 1474 3453 iudicio
1499 3409 1583 3452 est
1614 3400 1795 3467 digna.

2097 3403 2245 3472 ὅρον,
2274 3403 2341 3456 δι’
2371 3403 2430 3455 ὃν
2460 3404 2555 3456 καὶ
2588 3406 2615 3457 6
2645 3405 2744 3474 τῆς
2773 3405 3008 3476 κρίσεως
3038 3405 3323 3474 ἀξιόλογός
3352 3409 3469 3459 ἐστι
3495 3405 3658 3473 λόγος.

797 3529 1076 3585 CDXLIII.
1107 3557 1179 3569 ——
1217 3528 1411 3584 MART
1423 3529 1603 3586 YRIO.

2541 3534 2722 3589 TMI".
2740 3563 2812 3574 —-
2842 3536 3221 3606 ΜΑΡΤΥΡΙῼ.

865 3619 1091 3674 Animus
1125 3620 1396 3676 instabilis
1424 3633 1647 3692 utraque
1681 3634 1824 3677 sorte
1857 3632 2114 3690 movetur,
2139 3624 2348 3692 sapiens
2382 3641 2486 3679 non
2516 3625 2658 3680 item.
2689 3625 2851 3698 (Vide
2881 3628 3035 3694 epist.
3063 3627 3214 3696 408.)

479 3732 706 3788 Incerta:
749 3734 871 3788 lidei
915 3744 970 3789 et
1022 3735 1303 3792 instabiles
1355 3738 1602 3792 homines
1635 3737 1892 3807 gaudium
1934 3746 1990 3791 et

2169 3741 2309 3804 Τοὺς
2343 3740 2442 3811 μέν
2468 3741 2819 3812 εὑριπίστους
2846 3745 2940 3796 καὶ
2961 3742 3257 3807 ἀϐεϐαίους
3287 3747 3389 3798 καὶ
3415 3745 3557 3816 χαρά
3580 3746 3667 3798 καὶ

408 3824 564 3880 dolor
599 3839 632 3878 a
661 3823 871 3878 decenti
914 3825 1194 3879 dimovent
1242 3834 1414 3879 statu.
1455 3824 1724 3880 Gaudium
1769 3827 1980 3895 quidem

2095 3829 2240 3902 λύπη
2268 3833 2368 3901 τῆς
2409 3833 2725 3904 πρεπούσης
2770 3837 3162 3896 καταστάσεως
3202 3837 3662 3902 ἐξακοντίζουσιν·

408 3915 526 3968 alas
560 3915 800 3978 addens,
841 3927 904 3968 ac
938 3914 1098 3967 veluti
1133 3914 1456 3969 debacchari
1506 3915 1781 3980 suadens;
1832 3915 1980 3969 dolo!

2096 3925 2133 3994 ἡ
2165 3924 2263 3993 μὲν
2315 3925 2590 3995 πτεροῦσα
2641 3927 2734 3978 καὶ
2788 3932 3064 3998 παροινεῖν
3108 3930 3523 3994 ἀναπείθουσα,
3559 3932 3667 4002 ἠδὲ

407 4020 538 4061 vero
563 4021 622 4060 se
651 4005 940 4060 demittere
969 4005 1426 4076 l'ormidoloseque
1450 4021 1612 4076 agere
1633 4008 1800 4076 cogit.
1841 4006 1979 4060 Con.

2097 4014 2430 4068 ταπεινοῦσα
2456 4017 2549 4068 καὶ
2574 4016 2854 4086 ψοξοδεεῐς
2886 4011 3412 4086 παρασκευάζουσα.
3453 4025 3582 4086 Τοὺς
3617 4023 3667 4076 δὲ

405 4105 614 4152 stantes
638 4111 768 4152 vero
805 4097 1054 4166 beneque
1098 4097 1369 4152 stabilitos
1409 4111 1475 4153 ac
1529 4097 1823 4168 prudentes
1851 4097 1977 4151 nihil

2099 4105 2351 4174 βεϐαίους
2375 4109 2471 4161 καὶ
2497 4111 2917 4180 ἐρηρεισμένους
2937 4151 2952 4175 ,
2979 4116 3071 4167 καὶ
3095 4116 3341 4184 κρηπῖδα
3368 4119 3667 4188 φρονήσεως

408 4193 600 4246 liornm
628 4204 660 4244 a
685 4189 883 4245 decoro
903 4189 1164 4244 dimovet.
1202 4190 1373 4258 Hujus
1395 4191 1540 4246 enim
1566 4192 1980 4247 exsultationem

2099 4199 2345 4270 ἔχοντας,
2399 4201 2510 4254 οὐδ’
2547 4204 2784 4274 ὁποτέρα
2812 4205 3016 4258 τούτων
3053 4206 3148 4259 τοῦ
3191 4210 3564 4277 προσήκοντος
3592 4207 3667 4272 ἐξ·

407 4280 799 4350 )asciviamque
825 4282 1176 4349 comprimit,
1241 4291 1495 4353 tanquam
1527 4284 1793 4338 rationem
1827 4284 1979 4337 intel-

2103 4293 2307 4364 ίστησι.
2350 4295 2461 4364 Τῆς
2491 4296 2588 4364 μὲν
2614 4298 2722 4368 γὰρ
2751 4299 3173 4353 καταστέλλουσι
3202 4300 3273 4352 τὰ
3307 4303 3665 4371 σκιρτήματα,

413 4371 587 4427 lectus
617 4371 774 4426 freno
799 4374 1060 4441 regendo.
1102 4370 1198 4426 lllo
1221 4386 1353 4427 vero
1375 4373 1682 4442 superiores
1713 4374 1985 4442 reperiun-

2099 4385 2351 4457 καθάπερ
2382 4387 2584 4456 χαλινῷ
2616 4406 2724 4442 τινι
2771 4389 2848 4458 τῷ
2887 4390 3137 4462 λογισμῷ
3175 4393 3628 4462 ἀνασειράζοντες
3650 4406 3661 4418 ·

414 4473 523 4530 tur,
552 4463 812 4533 quidquid
841 4464 1189 4520 immodicum
1220 4465 1274 4518 in
1306 4463 1398 4521 illo
1423 4465 1765 4535 castigando.

2095 4476 2193 4545 τῆς
2219 4475 2276 4527 δὲ
2310 4477 2620 4546 κρείττονες
2663 4479 3044 4550 εὑρίσκονται,
3075 4481 3175 4552 τὴν
3205 4483 3481 4553 ἀμετρίαν
3506 4483 3664 4550 αὐτῆς

2093 4563 2432 4628 κολάζοντες.

591 4667 760 4739 690
806 4665 1086 4723 CDXLIV.
1121 4697 1194 4709 -—
1229 4665 1827 4722 AGATHODAEMONI.

1724 4665 1827 4720 lNl.
2457 4677 2632 4730 ΥΜΔ’.
2660 4708 2729 4719 -
2762 4681 3296 4737 ΑΓΔΘΟΔΔΙΜΟΝΙ.

419 4761 492 4817 De
527 4762 699 4815 tribus
741 4761 950 4815 dicendi
981 4761 1280 4830 generibus,
1325 4777 1550 4826 summa,
1595 4761 1766 4845 medio
1794 4761 2095 4845 ﬁliuni-ix
2137 4764 2590 4845 Humerotui‘tam
2638 4773 2872 4826 oratione
2913 4777 3082 4843 magis
3119 4778 3458 4842 persuadere.
3497 4773 3666 4845 (Conf.

1609 4833 1763 4897 epist.
1799 4831 1926 4895 215,
1965 4833 2075 4888 255
2109 4847 2154 4888 et
2187 4835 2312 4897 265,
2345 4837 2493 4908 508.)

482 4969 697 5026 Novum
723 4968 852 5038 quid
885 4969 1158 5037 spectavi,
1195 4968 1340 5038 quod
1390 4985 1492 5021 non
1524 4969 1679 5023 facile
1715 4972 1835 5038 quis
1865 4985 1992 5038 per-

2171 4972 2500 5044 Καινότερὸν
2540 4992 2596 5029 τι
2628 4977 2915 5049 τεθέαμαι,
2949 4980 3098 5034 ὃοὺκ
3121 4981 3191 5035 ἄν
3214 4999 3300 5046 τις
3335 4983 3540 5053 ῥαδίως
3578 4956 3683 5031 κοι-Ι

409 5059 610 5128 cipiat,
651 5057 753 5112 nisi
799 5073 912 5112 rem
944 5067 1199 5110 accurate
1229 5058 1473 5110 edoctus.
1525 5057 1602 5111 De
1635 5059 1808 5113 tribus
1841 5061 1981 5114 enim

2097 5063 2400 5132 ταδέξοιτο,
2435 5065 2510 5136 μὴ
2534 5068 2775 5137 ἀκριϐῶς
2795 5073 2854 5124 τὸ
2881 5073 3112 5143 πρᾶγμα
3143 5074 3471 5144 πυθόμενος.
3498 5073 3664 5143 Τριιῖιν

411 5149 602 5204 amicis
631 5147 698 5201 ad
741 5161 904 5200 unum
929 5145 1209 5200 advocatis
1245 5147 1520 5215 negotium
1541 5186 1557 5211 ,
1587 5147 1681 5216 qui
1711 5148 1778 5202 ad
1801 5148 1983 5203 dicen-

2099 5153 2209 5223 γάρ
2233 5153 2368 5224 ὁμοῦ
2409 5156 2579 5225 φίλων
2604 5161 2733 5230 περὶ
2756 5160 2876 5224 ἐνὸς
2908 5164 3379 5233 παρακαλούντων
3409 5166 3663 5234 πράγμα-

409 5241 540 5295 dum
571 5240 886 5310 aptissimus
919 5247 1064 5304 erat,
1105 5239 1337 5294 dicendo
1365 5237 1592 5294 oﬂ‘endit
1621 5257 1635 5293 :
1686 5240 1778 5309 qui
1810 5241 1981 5299 minus

2095 5263 2188 5304 τος
2211 5285 2226 5310 ,
2264 5249 2292 5299 6
2323 5247 2423 5316 μὲν
2455 5248 2761 5314 δεινότατος
2801 5255 3266 5326 προσπαρώξυνεν
3291 5301 3305 5322 ,
3350 5260 3380 5310 6
3421 5257 3478 5310 δὲ
3513 5255 3663 5329 ἦττον

413 5338 592 5399 aptus,
625 5331 838 5388 animos
860 5329 1147 5398 demulsit,
1183 5339 1242 5384 at
1289 5329 1480 5384 tertius
1504 5330 1716 5385 dicendi
1763 5332 1984 5401 imperi-

2092 5337 2264 5401 δεινὸς
2299 5339 2599 5410 ἐπράῦνεν·
2631 5342 2660 5394 6
2699 5344 2756 5396 δὲ
2791 5345 3087 5416 ἠμεληκὼς
3113 5348 3208 5402 τοῦ
3251 5350 3436 5418 λέγειν
3463 5351 3659 5403 ἔπεισε.

411 5429 530 5486 tus,
586 5419 889 5490 persuasit,
966 5427 1285 5490 tantumque
1341 5418 1590 5474 indoctus
1637 5421 1729 5477 hic
1786 5423 1982 5492 potuit,

2093 5429 2206 5482 Καὶ
2225 5430 2464 5502 ἠδυνήθη
2493 5433 2593 5502 μὲν
2622 5437 2651 5488 6
2675 5437 2896 5508 ἀμαθὴς
2920 5440 3197 5508 τοσοῦτον,
3232 5444 3356 5496 ὅσον
3379 5443 3551 5515 ἐχρῆν
3575 5443 3658 5495 τὸν

410 5516 673 5578 quantum
705 5525 812 5564 non
843 5525 1089 5566 summus
1114 5510 1224 5566 ille.
1282 5509 1743 5580 Eloquentissimo
1766 5514 1982 5581 accidit,

2091 5520 2396 5575 δεινότατον
2416 5539 2431 5554 ·
2477 5524 2648 5579 ἔπαθε
2682 5527 2738 5580 δὲ
2763 5529 2792 5580 6
2834 5531 3291 5602 ρητορικώτατος,
3503 5509 3656 5604 ἐχρῆν

410 5610 674 5672 quantum
710 5601 1089 5662 indoctissimo
1121 5604 1344 5660 evenire
1376 5619 1474 5674 par
1504 5615 1644 5662 erat.
1700 5606 1773 5663 Ut
1813 5609 1982 5664 inter-

2093 5615 2184 5669 τὸν
2232 5616 2632 5685 ἀμαθέστατον.
2675 5620 2766 5686 Ὣς
2813 5623 2871 5676 δέ
2898 5601 3154 5695 ὴρωτᾶτο
3201 5601 3444 5693 ἐκεῖνος,

415 5703 635 5764 rogatus
660 5694 917 5764 quidam,
951 5695 1018 5752 ad
1045 5710 1204 5776 quem
1238 5694 1561 5768 legationem
1607 5695 1797 5765 ferret,
1835 5699 1984 5757 dice-

2095 5705 2392 5776 πρεσϐείαν
2422 5709 2786 5782 προσέφερον,
2822 5694 2952 5785 ἔφη,
2985 5736 3005 5768 ι
3041 5716 3120 5788 τῷ
3148 5719 3331 5791 τρόπῳ
3354 5721 3464 5775 τῶν
