  <div class='ocr_page' id='page_1' title='image "/cluster/home/n/w/nwhite01/storage/ocr_20150623/78/nnc1.0046980008/870.png"; bbox 0 0 3982 6420; ppageno 0'>
   <div class='ocr_carea' id='block_1_1' title="bbox 351 427 492 496">
    <p class='ocr_par' dir='ltr' id='par_1_1' title="bbox 351 427 492 496">
     <span class='ocr_line' id='line_1_1' title="bbox 351 427 492 496; baseline -0.035 0"><span class='ocrx_word' id='word_1_1' title='bbox 351 427 492 496; x_wconf 75' lang='grc'>1585</span> 
     </span>
    </p>
   </div>
   <div class='ocr_carea' id='block_1_2' title="bbox 1193 418 2801 485">
    <p class='ocr_par' dir='ltr' id='par_1_2' title="bbox 1193 418 2801 485">
     <span class='ocr_line' id='line_1_2' title="bbox 1193 418 2801 485; baseline 0.001 -2"><span class='ocrx_word' id='word_1_2' title='bbox 1193 419 1733 484; x_wconf 81' lang='lat' dir='ltr'><strong>EPISTOLARUM</strong></span> <span class='ocrx_word' id='word_1_3' title='bbox 1770 423 1919 483; x_wconf 85' lang='lat' dir='ltr'><strong>LIB.</strong></span> <span class='ocrx_word' id='word_1_4' title='bbox 1957 423 2030 484; x_wconf 87' lang='lat' dir='ltr'><strong>V.</strong></span> <span class='ocrx_word' id='word_1_5' title='bbox 2080 447 2127 457; x_wconf 85' lang='grc'><strong>-·</strong></span> <span class='ocrx_word' id='word_1_6' title='bbox 2164 418 2405 482; x_wconf 87' lang='lat' dir='ltr'><strong>EPIST.</strong></span> <span class='ocrx_word' id='word_1_7' title='bbox 2428 421 2801 485; x_wconf 76' lang='lat' dir='ltr'><strong>‘CDXLVIII.</strong></span> 
     </span>
    </p>
   </div>
   <div class='ocr_carea' id='block_1_3' title="bbox 3510 420 3650 487">
    <p class='ocr_par' dir='ltr' id='par_1_3' title="bbox 3510 420 3650 487">
     <span class='ocr_line' id='line_1_3' title="bbox 3510 420 3650 487; baseline 0.014 -2"><span class='ocrx_word' id='word_1_8' title='bbox 3510 420 3650 487; x_wconf 85' lang='grc'><strong>1586</strong></span> 
     </span>
    </p>
   </div>
   <div class='ocr_carea' id='block_1_4' title="bbox 351 534 2003 609">
    <p class='ocr_par' dir='ltr' id='par_1_4' title="bbox 351 536 2003 609">
     <span class='ocr_line' id='line_1_4' title="bbox 351 536 2003 609; baseline -0.002 -15"><span class='ocrx_word' id='word_1_9' title='bbox 351 539 669 595; x_wconf 75' lang='grc' dir='ltr'><strong>καλούντων</strong></span> <span class='ocrx_word' id='word_1_10' title='bbox 702 536 816 609; x_wconf 77' lang='lat'><strong>(-56)</strong></span> <span class='ocrx_word' id='word_1_11' title='bbox 855 537 1267 609; x_wconf 86' lang='grc' dir='ltr'>προεσχηκέναι</span> <span class='ocrx_word' id='word_1_12' title='bbox 1306 538 1442 609; x_wconf 77' lang='grc'><strong>(57),</strong></span> <span class='ocrx_word' id='word_1_13' title='bbox 1472 538 1533 590; x_wconf 82' lang='grc' dir='ltr'>οὺ</span> <span class='ocrx_word' id='word_1_14' title='bbox 1556 538 1633 608; x_wconf 82' lang='grc' dir='ltr'>τῷ</span> <span class='ocrx_word' id='word_1_15' title='bbox 1662 538 1807 609; x_wconf 84' lang='grc' dir='ltr'>λόγῳ</span> <span class='ocrx_word' id='word_1_16' title='bbox 1826 554 1842 571; x_wconf 79' lang='grc' dir='ltr'><strong>ο</strong></span> <span class='ocrx_word' id='word_1_17' title='bbox 1869 539 1937 609; x_wconf 80' lang='grc' dir='ltr'>τῇ</span> <span class='ocrx_word' id='word_1_18' title='bbox 1970 540 2003 597; x_wconf 74' lang='grc' dir='ltr'><em>Α</em></span> 
     </span>
    </p>
   </div>
   <div class='ocr_carea' id='block_1_5' title="bbox 2072 534 3632 609">
    <p class='ocr_par' dir='ltr' id='par_1_5' title="bbox 2076 534 3632 603">
     <span class='ocr_line' id='line_1_5' title="bbox 2076 534 3632 603; baseline 0.001 -11"><span class='ocrx_word' id='word_1_19' title='bbox 2076 546 2148 603; x_wconf 86' lang='lat' dir='ltr'><strong>et,</strong></span> <span class='ocrx_word' id='word_1_20' title='bbox 2202 557 2221 590; x_wconf 78' lang='grc' dir='ltr'><strong>ι</strong></span> <span class='ocrx_word' id='word_1_21' title='bbox 2251 537 2339 592; x_wconf 93' lang='lat' dir='ltr'><strong>hic</strong></span> <span class='ocrx_word' id='word_1_22' title='bbox 2369 552 2549 592; x_wconf 89' lang='lat' dir='ltr'><strong>mores</strong></span> <span class='ocrx_word' id='word_1_23' title='bbox 2578 535 2878 591; x_wconf 75' lang='lat' dir='ltr'><strong>dicentium</strong></span> <span class='ocrx_word' id='word_1_24' title='bbox 2907 534 3188 591; x_wconf 85' lang='lat' dir='ltr'><strong>observari</strong></span> <span class='ocrx_word' id='word_1_25' title='bbox 3214 576 3229 601; x_wconf 92' lang='lat'><strong>,</strong></span> <span class='ocrx_word' id='word_1_26' title='bbox 3268 549 3375 591; x_wconf 92' lang='lat' dir='ltr'><strong>non</strong></span> <span class='ocrx_word' id='word_1_27' title='bbox 3421 536 3632 595; x_wconf 87' lang='lat' dir='ltr'><strong>oratio-</strong></span> 
     </span>
    </p>
   </div>
   <div class='ocr_carea' id='block_1_6' title="bbox 350 629 1920 701">
    <p class='ocr_par' dir='ltr' id='par_1_6' title="bbox 350 629 1920 701">
     <span class='ocr_line' id='line_1_6' title="bbox 350 629 1920 701; baseline -0.001 -17"><span class='ocrx_word' id='word_1_28' title='bbox 350 630 601 701; x_wconf 78' lang='grc' dir='ltr'>πολιτείᾳ</span> <span class='ocrx_word' id='word_1_29' title='bbox 645 629 959 695; x_wconf 84' lang='grc' dir='ltr'>πεπεῖσθαι,</span> <span class='ocrx_word' id='word_1_30' title='bbox 1008 629 1068 681; x_wconf 85' lang='grc' dir='ltr'><strong>οὑ</strong></span> <span class='ocrx_word' id='word_1_31' title='bbox 1118 630 1184 699; x_wconf 78' lang='grc' dir='ltr'>τῇ</span> <span class='ocrx_word' id='word_1_32' title='bbox 1233 629 1555 701; x_wconf 74' lang='grc' dir='ltr'>εὐγλωττίᾳ.</span> <span class='ocrx_word' id='word_1_33' title='bbox 1588 631 1650 683; x_wconf 81' lang='lat' dir='ltr'><strong>Ei</strong></span> <span class='ocrx_word' id='word_1_34' title='bbox 1677 630 1859 684; x_wconf 80' lang='grc' dir='ltr'>τοίνυν</span> <span class='ocrx_word' id='word_1_35' title='bbox 1891 630 1920 683; x_wconf 99' lang='lat'><strong>6</strong></span> 
     </span>
    </p>
   </div>
   <div class='ocr_carea' id='block_1_7' title="bbox 357 722 1946 797">
    <p class='ocr_par' dir='ltr' id='par_1_7' title="bbox 357 722 1946 797">
     <span class='ocr_line' id='line_1_7' title="bbox 357 722 1946 797; baseline -0.001 -20"><span class='ocrx_word' id='word_1_36' title='bbox 357 726 475 796; x_wconf 79' lang='grc' dir='ltr'>βίος</span> <span class='ocrx_word' id='word_1_37' title='bbox 500 723 597 777; x_wconf 80' lang='grc' dir='ltr'>τοῦ</span> <span class='ocrx_word' id='word_1_38' title='bbox 631 723 793 791; x_wconf 83' lang='grc' dir='ltr'>λόγου</span> <span class='ocrx_word' id='word_1_39' title='bbox 827 724 1196 794; x_wconf 80' lang='grc' dir='ltr'><strong>περιγίνεται,</strong></span> <span class='ocrx_word' id='word_1_40' title='bbox 1224 724 1321 777; x_wconf 76' lang='grc' dir='ltr'>καὶ</span> <span class='ocrx_word' id='word_1_41' title='bbox 1350 724 1384 794; x_wconf 85' lang='grc' dir='ltr'><strong>ή</strong></span> <span class='ocrx_word' id='word_1_42' title='bbox 1415 722 1610 797; x_wconf 83' lang='grc' dir='ltr'><strong>γνώμη</strong></span> <span class='ocrx_word' id='word_1_43' title='bbox 1636 723 1736 793; x_wconf 79' lang='grc' dir='ltr'>τῆς</span> <span class='ocrx_word' id='word_1_44' title='bbox 1768 722 1946 793; x_wconf 86' lang='grc' dir='ltr'>γλώτ-</span> 
     </span>
    </p>
   </div>
   <div class='ocr_carea' id='block_1_8' title="bbox 352 811 1948 887">
    <p class='ocr_par' dir='ltr' id='par_1_8' title="bbox 352 811 1948 887">
     <span class='ocr_line' id='line_1_8' title="bbox 352 811 1948 887; baseline -0.003 -17"><span class='ocrx_word' id='word_1_45' title='bbox 352 835 487 887; x_wconf 91' lang='grc' dir='ltr'>της,</span> <span class='ocrx_word' id='word_1_46' title='bbox 519 814 740 884; x_wconf 81' lang='grc' dir='ltr'>πρῶτον</span> <span class='ocrx_word' id='word_1_47' title='bbox 765 816 867 887; x_wconf 78' lang='grc' dir='ltr'><strong>τὴν</strong></span> <span class='ocrx_word' id='word_1_48' title='bbox 895 815 1144 886; x_wconf 82' lang='grc' dir='ltr'>γνώμην,</span> <span class='ocrx_word' id='word_1_49' title='bbox 1182 811 1303 868; x_wconf 76' lang='grc' dir='ltr'>εἶτα</span> <span class='ocrx_word' id='word_1_50' title='bbox 1335 814 1435 886; x_wconf 85' lang='grc' dir='ltr'>τὴν</span> <span class='ocrx_word' id='word_1_51' title='bbox 1460 815 1712 887; x_wconf 72' lang='grc' dir='ltr'>γλῶτταν</span> <span class='ocrx_word' id='word_1_52' title='bbox 1737 832 1948 885; x_wconf 89' lang='grc' dir='ltr'>κοσμη-</span> 
     </span>
    </p>
   </div>
   <div class='ocr_carea' id='block_1_9' title="bbox 353 905 1951 978">
    <p class='ocr_par' dir='ltr' id='par_1_9' title="bbox 353 905 1951 978">
     <span class='ocr_line' id='line_1_9' title="bbox 353 905 1951 978; baseline -0.001 -17"><span class='ocrx_word' id='word_1_53' title='bbox 353 908 483 962; x_wconf 81' lang='grc' dir='ltr'><strong>τέον</strong></span> <span class='ocrx_word' id='word_1_54' title='bbox 504 923 518 937; x_wconf 84' lang='grc'>⁶</span> <span class='ocrx_word' id='word_1_55' title='bbox 545 909 594 961; x_wconf 88' lang='grc' dir='ltr'><strong>εί</strong></span> <span class='ocrx_word' id='word_1_56' title='bbox 611 907 669 961; x_wconf 83' lang='grc' dir='ltr'>δὲ</span> <span class='ocrx_word' id='word_1_57' title='bbox 689 908 943 971; x_wconf 80' lang='grc' dir='ltr'><strong>ἀπιστεῖς</strong></span> <span class='ocrx_word' id='word_1_58' title='bbox 966 906 1139 961; x_wconf 82' lang='grc' dir='ltr'>ταῦτα</span> <span class='ocrx_word' id='word_1_59' title='bbox 1168 906 1522 977; x_wconf 83' lang='grc' dir='ltr'>γεγενῆσθαι,</span> <span class='ocrx_word' id='word_1_60' title='bbox 1550 907 1631 971; x_wconf 84' lang='grc' dir='ltr'><strong>είς</strong></span> <span class='ocrx_word' id='word_1_61' title='bbox 1648 905 1747 978; x_wconf 82' lang='grc' dir='ltr'>τὴν</span> <span class='ocrx_word' id='word_1_62' title='bbox 1781 906 1951 977; x_wconf 86' lang='grc' dir='ltr'>Ὁμη-</span> 
     </span>
    </p>
   </div>
   <div class='ocr_carea' id='block_1_10' title="bbox 358 995 1950 1070">
    <p class='ocr_par' dir='ltr' id='par_1_10' title="bbox 358 995 1950 1070">
     <span class='ocr_line' id='line_1_10' title="bbox 358 995 1950 1070; baseline -0.001 -19"><span class='ocrx_word' id='word_1_63' title='bbox 358 998 522 1070; x_wconf 83' lang='grc' dir='ltr'>ρικὴν</span> <span class='ocrx_word' id='word_1_64' title='bbox 551 997 871 1070; x_wconf 80' lang='grc' dir='ltr'>πρεσϐείαν,</span> <span class='ocrx_word' id='word_1_65' title='bbox 898 998 965 1066; x_wconf 83' lang='grc' dir='ltr'>ἢν</span> <span class='ocrx_word' id='word_1_66' title='bbox 987 997 1075 1051; x_wconf 78' lang='grc' dir='ltr'><strong>ἀεὶ</strong></span> <span class='ocrx_word' id='word_1_67' title='bbox 1106 996 1199 1049; x_wconf 74' lang='grc' dir='ltr'>ἐπὶ</span> <span class='ocrx_word' id='word_1_68' title='bbox 1238 996 1482 1068; x_wconf 83' lang='grc' dir='ltr'>γλώττης</span> <span class='ocrx_word' id='word_1_69' title='bbox 1506 997 1672 1066; x_wconf 80' lang='grc' dir='ltr'>ἔχεις,</span> <span class='ocrx_word' id='word_1_70' title='bbox 1706 996 1798 1049; x_wconf 83' lang='grc' dir='ltr'><strong>τὸν</strong></span> <span class='ocrx_word' id='word_1_71' title='bbox 1825 995 1950 1049; x_wconf 82' lang='grc' dir='ltr'>νοῦν</span> 
     </span>
    </p>
   </div>
   <div class='ocr_carea' id='block_1_11' title="bbox 355 1085 1948 1158">
    <p class='ocr_par' dir='ltr' id='par_1_11' title="bbox 355 1085 1948 1158">
     <span class='ocr_line' id='line_1_11' title="bbox 355 1085 1948 1158; baseline -0.001 -18"><span class='ocrx_word' id='word_1_72' title='bbox 355 1086 735 1158; x_wconf 74' lang='grc' dir='ltr'>παράπεμψον</span> <span class='ocrx_word' id='word_1_73' title='bbox 757 1103 771 1115; x_wconf 70' lang='grc' dir='ltr'><strong>ο</strong></span> <span class='ocrx_word' id='word_1_74' title='bbox 802 1085 933 1139; x_wconf 79' lang='grc' dir='ltr'>ἔνθα</span> <span class='ocrx_word' id='word_1_75' title='bbox 970 1087 999 1139; x_wconf 92' lang='lat'><strong>6</strong></span> <span class='ocrx_word' id='word_1_76' title='bbox 1029 1085 1128 1156; x_wconf 82' lang='grc' dir='ltr'><strong>μὲν</strong></span> <span class='ocrx_word' id='word_1_77' title='bbox 1170 1086 1477 1157; x_wconf 80' lang='grc' dir='ltr'>Ἰθακήσιος</span> <span class='ocrx_word' id='word_1_78' title='bbox 1518 1087 1824 1150; x_wconf 86' lang='grc' dir='ltr'>δεινότατος</span> <span class='ocrx_word' id='word_1_79' title='bbox 1847 1085 1948 1151; x_wconf 82' lang='grc' dir='ltr'><strong>ὢν,</strong></span> 
     </span>
    </p>
   </div>
   <div class='ocr_carea' id='block_1_12' title="bbox 358 1174 1951 1248">
    <p class='ocr_par' dir='ltr' id='par_1_12' title="bbox 358 1174 1951 1248">
     <span class='ocr_line' id='line_1_12' title="bbox 358 1174 1951 1248; baseline 0 -16"><span class='ocrx_word' id='word_1_80' title='bbox 358 1179 523 1232; x_wconf 84' lang='grc' dir='ltr'>πλέον</span> <span class='ocrx_word' id='word_1_81' title='bbox 564 1178 853 1248; x_wconf 82' lang='grc' dir='ltr'>παρώξυνε</span> <span class='ocrx_word' id='word_1_82' title='bbox 891 1178 986 1231; x_wconf 86' lang='grc' dir='ltr'><strong>τὸν</strong></span> <span class='ocrx_word' id='word_1_83' title='bbox 1025 1177 1269 1245; x_wconf 79' lang='grc' dir='ltr'>Πηλέως.</span> <span class='ocrx_word' id='word_1_84' title='bbox 1307 1179 1368 1231; x_wconf 84' lang='grc' dir='ltr'><strong>Ὀ</strong></span> <span class='ocrx_word' id='word_1_85' title='bbox 1400 1180 1456 1232; x_wconf 79' lang='grc' dir='ltr'>δὲ</span> <span class='ocrx_word' id='word_1_86' title='bbox 1499 1174 1659 1247; x_wconf 80' lang='grc' dir='ltr'>ἦττον</span> <span class='ocrx_word' id='word_1_87' title='bbox 1697 1179 1888 1243; x_wconf 81' lang='grc' dir='ltr'>δεινὸς.</span> <span class='ocrx_word' id='word_1_88' title='bbox 1920 1181 1951 1232; x_wconf 87' lang='lat'><strong>6</strong></span> 
     </span>
    </p>
   </div>
   <div class='ocr_carea' id='block_1_13' title="bbox 358 1266 1947 1338">
    <p class='ocr_par' dir='ltr' id='par_1_13' title="bbox 358 1266 1947 1338">
     <span class='ocr_line' id='line_1_13' title="bbox 358 1266 1947 1338; baseline -0.002 -17"><span class='ocrx_word' id='word_1_89' title='bbox 358 1268 713 1337; x_wconf 85' lang='grc' dir='ltr'>παιδαγωγός</span> <span class='ocrx_word' id='word_1_90' title='bbox 743 1285 907 1338; x_wconf 80' lang='grc' dir='ltr'>φημι,</span> <span class='ocrx_word' id='word_1_91' title='bbox 949 1266 1357 1337; x_wconf 78' lang='grc' dir='ltr'>κατεπράϋνεν.</span> <span class='ocrx_word' id='word_1_92' title='bbox 1396 1268 1455 1320; x_wconf 85' lang='grc' dir='ltr'>Ὁ</span> <span class='ocrx_word' id='word_1_93' title='bbox 1486 1267 1543 1320; x_wconf 88' lang='grc' dir='ltr'>δὲ</span> <span class='ocrx_word' id='word_1_94' title='bbox 1582 1267 1947 1337; x_wconf 73' lang='grc' dir='ltr'>Τελαμώνιος,</span> 
     </span>
    </p>
   </div>
   <div class='ocr_carea' id='block_1_14' title="bbox 356 1358 1950 1433">
    <p class='ocr_par' dir='ltr' id='par_1_14' title="bbox 356 1358 1950 1433">
     <span class='ocr_line' id='line_1_14' title="bbox 356 1358 1950 1433; baseline -0.002 -19"><span class='ocrx_word' id='word_1_95' title='bbox 356 1363 388 1414; x_wconf 90' lang='lat'><strong>6</strong></span> <span class='ocrx_word' id='word_1_96' title='bbox 411 1360 534 1415; x_wconf 90' lang='grc' dir='ltr'>λίαν</span> <span class='ocrx_word' id='word_1_97' title='bbox 562 1360 859 1433; x_wconf 76' lang='grc' dir='ltr'><strong>ἠμεληκὼς</strong></span> <span class='ocrx_word' id='word_1_98' title='bbox 888 1360 980 1413; x_wconf 77' lang='grc' dir='ltr'><strong>τοῦ</strong></span> <span class='ocrx_word' id='word_1_99' title='bbox 1014 1358 1217 1428; x_wconf 81' lang='grc' dir='ltr'>λέγειν,</span> <span class='ocrx_word' id='word_1_100' title='bbox 1260 1358 1445 1412; x_wconf 78' lang='grc' dir='ltr'>ἔπεισε</span> <span class='ocrx_word' id='word_1_101' title='bbox 1476 1377 1488 1389; x_wconf 90' lang='grc'><strong>·</strong></span> <span class='ocrx_word' id='word_1_102' title='bbox 1540 1362 1634 1413; x_wconf 70' lang='grc' dir='ltr'><strong>καὶ</strong></span> <span class='ocrx_word' id='word_1_103' title='bbox 1666 1361 1950 1427; x_wconf 76' lang='grc' dir='ltr'>δεδύνηται</span> 
     </span>
    </p>
   </div>
   <div class='ocr_carea' id='block_1_15' title="bbox 362 1451 1949 1523">
    <p class='ocr_par' dir='ltr' id='par_1_15' title="bbox 362 1451 1949 1523">
     <span class='ocr_line' id='line_1_15' title="bbox 362 1451 1949 1523; baseline -0.001 -19"><span class='ocrx_word' id='word_1_104' title='bbox 362 1453 466 1523; x_wconf 84' lang='grc' dir='ltr'><strong>μὲν</strong></span> <span class='ocrx_word' id='word_1_105' title='bbox 497 1454 524 1505; x_wconf 90' lang='lat'><strong>6</strong></span> <span class='ocrx_word' id='word_1_106' title='bbox 551 1452 899 1522; x_wconf 81' lang='grc' dir='ltr'>Τελαμώνιος</span> <span class='ocrx_word' id='word_1_107' title='bbox 921 1452 1199 1517; x_wconf 77' lang='grc' dir='ltr'>τοσοῦτον,</span> <span class='ocrx_word' id='word_1_108' title='bbox 1222 1453 1345 1505; x_wconf 81' lang='grc' dir='ltr'>ὅσον</span> <span class='ocrx_word' id='word_1_109' title='bbox 1373 1452 1541 1522; x_wconf 81' lang='grc' dir='ltr'>ἐχρῆν</span> <span class='ocrx_word' id='word_1_110' title='bbox 1571 1452 1663 1505; x_wconf 82' lang='grc' dir='ltr'><strong>τὸν</strong></span> <span class='ocrx_word' id='word_1_111' title='bbox 1686 1451 1949 1523; x_wconf 72' lang='grc' dir='ltr'>Λαέρτουο</span> 
     </span>
    </p>
   </div>
   <div class='ocr_carea' id='block_1_16' title="bbox 360 1535 1489 1615">
    <p class='ocr_par' dir='ltr' id='par_1_16' title="bbox 360 1535 1489 1615">
     <span class='ocr_line' id='line_1_16' title="bbox 360 1535 1489 1615; baseline 0.002 -20"><span class='ocrx_word' id='word_1_112' title='bbox 360 1542 537 1596; x_wconf 73' lang='grc' dir='ltr'>ἔπαθε</span> <span class='ocrx_word' id='word_1_113' title='bbox 570 1542 629 1596; x_wconf 83' lang='grc' dir='ltr'><strong>δὲ</strong></span> <span class='ocrx_word' id='word_1_114' title='bbox 654 1535 842 1609; x_wconf 75' lang='grc' dir='ltr'>οὗτος,</span> <span class='ocrx_word' id='word_1_115' title='bbox 876 1543 1013 1615; x_wconf 80' lang='grc' dir='ltr'>ὅπερ</span> <span class='ocrx_word' id='word_1_116' title='bbox 1053 1542 1223 1614; x_wconf 84' lang='grc' dir='ltr'>ἐχρῆν</span> <span class='ocrx_word' id='word_1_117' title='bbox 1256 1542 1489 1597; x_wconf 81' lang='grc' dir='ltr'>ἐκεῖνον.</span> 
     </span>
    </p>
   </div>
   <div class='ocr_carea' id='block_1_17' title="bbox 600 1836 1687 1909">
    <p class='ocr_par' dir='ltr' id='par_1_17' title="bbox 600 1836 1687 1909">
     <span class='ocr_line' id='line_1_17' title="bbox 600 1836 1687 1909; baseline -0.003 -17"><span class='ocrx_word' id='word_1_118' title='bbox 600 1839 782 1893; x_wconf 70' lang='lat' dir='ltr'><strong>me.</strong></span> <span class='ocrx_word' id='word_1_119' title='bbox 815 1867 884 1879; x_wconf 86' lang='grc'><strong><em>-</em></strong></span> <span class='ocrx_word' id='word_1_120' title='bbox 925 1837 1181 1909; x_wconf 82' lang='grc' dir='ltr'><strong>ΖΩΣΙΜῼ</strong></span> <span class='ocrx_word' id='word_1_121' title='bbox 1214 1836 1687 1908; x_wconf 82' lang='grc' dir='ltr'><strong>ΠΡΕΣΒΥΤΕΡῼ.</strong></span> 
     </span>
    </p>
   </div>
   <div class='ocr_carea' id='block_1_18' title="bbox 2054 628 3645 701">
    <p class='ocr_par' dir='ltr' id='par_1_18' title="bbox 2054 628 3645 701">
     <span class='ocr_line' id='line_1_18' title="bbox 2054 628 3645 701; baseline 0 -18"><span class='ocrx_word' id='word_1_122' title='bbox 2054 646 2220 695; x_wconf 89' lang='lat' dir='ltr'><strong>nem;</strong></span> <span class='ocrx_word' id='word_1_123' title='bbox 2250 650 2269 682; x_wconf 77' lang='grc' dir='ltr'><strong>ι</strong></span> <span class='ocrx_word' id='word_1_124' title='bbox 2309 630 2495 701; x_wconf 89' lang='lat' dir='ltr'><strong>politia</strong></span> <span class='ocrx_word' id='word_1_125' title='bbox 2551 628 2916 699; x_wconf 88' lang='lat' dir='ltr'><strong>institutoque</strong></span> <span class='ocrx_word' id='word_1_126' title='bbox 2959 628 3083 684; x_wconf 61' lang='lat' dir='ltr'><strong>vitae</strong></span> <span class='ocrx_word' id='word_1_127' title='bbox 3128 630 3485 700; x_wconf 91' lang='lat' dir='ltr'><strong>persuaderi,</strong></span> <span class='ocrx_word' id='word_1_128' title='bbox 3535 644 3645 685; x_wconf 89' lang='lat' dir='ltr'><strong>non</strong></span> 
     </span>
    </p>
   </div>
   <div class='ocr_carea' id='block_1_19' title="bbox 2053 718 3647 790">
    <p class='ocr_par' dir='ltr' id='par_1_19' title="bbox 2053 718 3647 790">
     <span class='ocr_line' id='line_1_19' title="bbox 2053 718 3647 790; baseline -0.004 -13"><span class='ocrx_word' id='word_1_129' title='bbox 2053 720 2390 790; x_wconf 86' lang='lat' dir='ltr'><strong>eloquentia.</strong></span> <span class='ocrx_word' id='word_1_130' title='bbox 2452 719 2819 786; x_wconf 85' lang='lat' dir='ltr'><strong>Quamobrem</strong></span> <span class='ocrx_word' id='word_1_131' title='bbox 2869 718 2914 775; x_wconf 91' lang='lat' dir='ltr'><strong>si</strong></span> <span class='ocrx_word' id='word_1_132' title='bbox 2948 719 3183 773; x_wconf 89' lang='lat' dir='ltr'><strong>orationi</strong></span> <span class='ocrx_word' id='word_1_133' title='bbox 3226 720 3338 773; x_wconf 84' lang='lat' dir='ltr'><strong>vita</strong></span> <span class='ocrx_word' id='word_1_134' title='bbox 3399 728 3647 790; x_wconf 72' lang='lat' dir='ltr'><strong>praestat,</strong></span> 
     </span>
    </p>
   </div>
   <div class='ocr_carea' id='block_1_20' title="bbox 2055 811 3649 883">
    <p class='ocr_par' dir='ltr' id='par_1_20' title="bbox 2055 811 3649 883">
     <span class='ocr_line' id='line_1_20' title="bbox 2055 811 3649 883; baseline -0.001 -14"><span class='ocrx_word' id='word_1_135' title='bbox 2055 815 2220 869; x_wconf 87' lang='lat' dir='ltr'><strong>etiam</strong></span> <span class='ocrx_word' id='word_1_136' title='bbox 2264 828 2414 869; x_wconf 90' lang='lat' dir='ltr'><strong>mens</strong></span> <span class='ocrx_word' id='word_1_137' title='bbox 2445 812 2645 883; x_wconf 70' lang='lat' dir='ltr'><strong>lingua:</strong></span> <span class='ocrx_word' id='word_1_138' title='bbox 2680 812 2991 880; x_wconf 77' lang='lat' dir='ltr'><strong>antecellit,</strong></span> <span class='ocrx_word' id='word_1_139' title='bbox 3034 827 3189 866; x_wconf 88' lang='lat' dir='ltr'><strong>mens</strong></span> <span class='ocrx_word' id='word_1_140' title='bbox 3226 812 3408 881; x_wconf 85' lang='lat' dir='ltr'><strong>itaque</strong></span> <span class='ocrx_word' id='word_1_141' title='bbox 3447 811 3649 881; x_wconf 87' lang='lat' dir='ltr'><strong>primo,</strong></span> 
     </span>
    </p>
   </div>
   <div class='ocr_carea' id='block_1_21' title="bbox 2059 900 3667 975">
    <p class='ocr_par' dir='ltr' id='par_1_21' title="bbox 2059 900 3667 975">
     <span class='ocr_line' id='line_1_21' title="bbox 2059 900 3667 975; baseline -0.002 -17"><span class='ocrx_word' id='word_1_142' title='bbox 2059 906 2255 959; x_wconf 89' lang='lat' dir='ltr'><strong>dehinc</strong></span> <span class='ocrx_word' id='word_1_143' title='bbox 2285 903 2468 975; x_wconf 77' lang='lat' dir='ltr'><strong>lingua</strong></span> <span class='ocrx_word' id='word_1_144' title='bbox 2502 910 2585 958; x_wconf 85' lang='lat' dir='ltr'><strong>est</strong></span> <span class='ocrx_word' id='word_1_145' title='bbox 2619 903 2962 957; x_wconf 83' lang='lat' dir='ltr'><strong>exornanda.</strong></span> <span class='ocrx_word' id='word_1_146' title='bbox 3028 900 3184 970; x_wconf 86' lang='lat' dir='ltr'><strong>Quod</strong></span> <span class='ocrx_word' id='word_1_147' title='bbox 3236 902 3282 957; x_wconf 91' lang='lat' dir='ltr'><strong>si</strong></span> <span class='ocrx_word' id='word_1_148' title='bbox 3337 901 3390 956; x_wconf 91' lang='lat' dir='ltr'><strong>id</strong></span> <span class='ocrx_word' id='word_1_149' title='bbox 3444 900 3667 956; x_wconf 70' lang='lat' dir='ltr'><strong>factum.</strong></span> 
     </span>
    </p>
   </div>
   <div class='ocr_carea' id='block_1_22' title="bbox 2058 993 3647 1067">
    <p class='ocr_par' dir='ltr' id='par_1_22' title="bbox 2058 993 3647 1067">
     <span class='ocr_line' id='line_1_22' title="bbox 2058 993 3647 1067; baseline -0.003 -16"><span class='ocrx_word' id='word_1_150' title='bbox 2058 1012 2180 1052; x_wconf 87' lang='lat' dir='ltr'><strong>esse</strong></span> <span class='ocrx_word' id='word_1_151' title='bbox 2213 996 2464 1067; x_wconf 82' lang='lat' dir='ltr'><strong>negabis,</strong></span> <span class='ocrx_word' id='word_1_152' title='bbox 2511 993 2857 1051; x_wconf 82' lang='lat' dir='ltr'><strong>Homericam</strong></span> <span class='ocrx_word' id='word_1_153' title='bbox 2892 994 3258 1066; x_wconf 79' lang='lat' dir='ltr'><strong>legationem,</strong></span> <span class='ocrx_word' id='word_1_154' title='bbox 3287 1009 3447 1065; x_wconf 80' lang='lat' dir='ltr'><strong>quam</strong></span> <span class='ocrx_word' id='word_1_155' title='bbox 3493 1003 3549 1050; x_wconf 91' lang='lat' dir='ltr'><strong>et</strong></span> <span class='ocrx_word' id='word_1_156' title='bbox 3593 993 3647 1053; x_wconf 90' lang='lat' dir='ltr'><strong>in</strong></span> 
     </span>
    </p>
   </div>
   <div class='ocr_carea' id='block_1_23' title="bbox 2057 1085 3648 1159">
    <p class='ocr_par' dir='ltr' id='par_1_23' title="bbox 2057 1085 3648 1159">
     <span class='ocr_line' id='line_1_23' title="bbox 2057 1085 3648 1159; baseline -0.002 -17"><span class='ocrx_word' id='word_1_157' title='bbox 2057 1105 2153 1145; x_wconf 88' lang='lat' dir='ltr'><strong>ore</strong></span> <span class='ocrx_word' id='word_1_158' title='bbox 2178 1104 2393 1159; x_wconf 87' lang='lat' dir='ltr'><strong>semper</strong></span> <span class='ocrx_word' id='word_1_159' title='bbox 2418 1089 2619 1155; x_wconf 86' lang='lat' dir='ltr'><strong>habes,</strong></span> <span class='ocrx_word' id='word_1_160' title='bbox 2666 1089 2719 1144; x_wconf 92' lang='lat' dir='ltr'><strong>in</strong></span> <span class='ocrx_word' id='word_1_161' title='bbox 2772 1088 3090 1143; x_wconf 88' lang='lat' dir='ltr'><strong>memoriam</strong></span> <span class='ocrx_word' id='word_1_162' title='bbox 3120 1102 3337 1145; x_wconf 91' lang='lat' dir='ltr'><strong>revoca.</strong></span> <span class='ocrx_word' id='word_1_163' title='bbox 3375 1085 3453 1142; x_wconf 88' lang='lat' dir='ltr'><strong>lbi</strong></span> <span class='ocrx_word' id='word_1_164' title='bbox 3499 1086 3648 1142; x_wconf 84' lang='lat' dir='ltr'><strong>enim</strong></span> 
     </span>
    </p>
   </div>
   <div class='ocr_carea' id='block_1_24' title="bbox 2061 1180 3645 1265">
    <p class='ocr_par' dir='ltr' id='par_1_24' title="bbox 2061 1180 3645 1265">
     <span class='ocr_line' id='line_1_24' title="bbox 2061 1180 3645 1265; baseline -0.003 -27"><span class='ocrx_word' id='word_1_165' title='bbox 2061 1182 2281 1254; x_wconf 91' lang='lat' dir='ltr'><strong>Ulysses</strong></span> <span class='ocrx_word' id='word_1_166' title='bbox 2341 1182 2677 1265; x_wconf 62' lang='lat' dir='ltr'><strong>Ithacensis,</strong></span> <span class='ocrx_word' id='word_1_167' title='bbox 2737 1180 3221 1251; x_wconf 81' lang='lat' dir='ltr'><strong>eloquentissimus</strong></span> <span class='ocrx_word' id='word_1_168' title='bbox 3284 1194 3407 1236; x_wconf 90' lang='lat' dir='ltr'><strong>cum</strong></span> <span class='ocrx_word' id='word_1_169' title='bbox 3475 1188 3645 1244; x_wconf 85' lang='lat' dir='ltr'><strong>esset,</strong></span> 
     </span>
    </p>
   </div>
   <div class='ocr_carea' id='block_1_25' title="bbox 2054 1269 3649 1343">
    <p class='ocr_par' dir='ltr' id='par_1_25' title="bbox 2054 1269 3649 1343">
     <span class='ocr_line' id='line_1_25' title="bbox 2054 1269 3649 1343; baseline -0.001 -18"><span class='ocrx_word' id='word_1_170' title='bbox 2054 1273 2287 1343; x_wconf 78' lang='lat' dir='ltr'><strong>amplius</strong></span> <span class='ocrx_word' id='word_1_171' title='bbox 2338 1274 2589 1329; x_wconf 81' lang='lat' dir='ltr'><strong>incitavit</strong></span> <span class='ocrx_word' id='word_1_172' title='bbox 2644 1273 2791 1328; x_wconf 87' lang='lat' dir='ltr'><strong>Pelei</strong></span> <span class='ocrx_word' id='word_1_173' title='bbox 2838 1273 3005 1325; x_wconf 86' lang='lat' dir='ltr'><strong>liliqu</strong></span> <span class='ocrx_word' id='word_1_174' title='bbox 3036 1271 3326 1327; x_wconf 82' lang='lat' dir='ltr'><strong>Achillem.</strong></span> <span class='ocrx_word' id='word_1_175' title='bbox 3394 1269 3491 1325; x_wconf 88' lang='lat' dir='ltr'><strong>llic</strong></span> <span class='ocrx_word' id='word_1_176' title='bbox 3519 1286 3649 1324; x_wconf 83' lang='lat' dir='ltr'><strong>vero</strong></span> 
     </span>
    </p>
   </div>
   <div class='ocr_carea' id='block_1_26' title="bbox 2054 1361 3647 1434">
    <p class='ocr_par' dir='ltr' id='par_1_26' title="bbox 2054 1361 3647 1434">
     <span class='ocr_line' id='line_1_26' title="bbox 2054 1361 3647 1434; baseline -0.002 -17"><span class='ocrx_word' id='word_1_177' title='bbox 2054 1367 2231 1420; x_wconf 89' lang='lat' dir='ltr'><strong>minus</strong></span> <span class='ocrx_word' id='word_1_178' title='bbox 2256 1366 2567 1431; x_wconf 87' lang='lat' dir='ltr'><strong>vehemens,</strong></span> <span class='ocrx_word' id='word_1_179' title='bbox 2605 1366 2925 1434; x_wconf 67' lang='lat' dir='ltr'><strong>paedagogus</strong></span> <span class='ocrx_word' id='word_1_180' title='bbox 2976 1364 3230 1433; x_wconf 87' lang='lat' dir='ltr'><strong>inquam,</strong></span> <span class='ocrx_word' id='word_1_181' title='bbox 3255 1362 3495 1419; x_wconf 88' lang='lat' dir='ltr'><strong>sedatior</strong></span> <span class='ocrx_word' id='word_1_182' title='bbox 3526 1361 3647 1415; x_wconf 80' lang='lat' dir='ltr'><strong>fuit.</strong></span> 
     </span>
    </p>
   </div>
   <div class='ocr_carea' id='block_1_27' title="bbox 2052 1454 3641 1524">
    <p class='ocr_par' dir='ltr' id='par_1_27' title="bbox 2052 1454 3641 1524">
     <span class='ocr_line' id='line_1_27' title="bbox 2052 1454 3641 1524; baseline -0.002 -14"><span class='ocrx_word' id='word_1_183' title='bbox 2052 1455 2366 1513; x_wconf 87' lang='lat' dir='ltr'><strong>Telamonis</strong></span> <span class='ocrx_word' id='word_1_184' title='bbox 2383 1472 2511 1512; x_wconf 90' lang='lat' dir='ltr'><strong>vero</strong></span> <span class='ocrx_word' id='word_1_185' title='bbox 2538 1456 2682 1511; x_wconf 92' lang='lat' dir='ltr'><strong>ﬁlius</strong></span> <span class='ocrx_word' id='word_1_186' title='bbox 2705 1455 2865 1524; x_wconf 73' lang='lat' dir='ltr'><strong>Aiax,</strong></span> <span class='ocrx_word' id='word_1_187' title='bbox 2898 1456 2988 1524; x_wconf 86' lang='lat' dir='ltr'><strong>qui</strong></span> <span class='ocrx_word' id='word_1_188' title='bbox 3016 1455 3246 1511; x_wconf 89' lang='lat' dir='ltr'><strong>dicendo</strong></span> <span class='ocrx_word' id='word_1_189' title='bbox 3271 1455 3491 1509; x_wconf 87' lang='lat' dir='ltr'><strong>inﬁmus</strong></span> <span class='ocrx_word' id='word_1_190' title='bbox 3522 1454 3641 1515; x_wconf 82' lang='lat' dir='ltr'><strong>fuit.</strong></span> 
     </span>
    </p>
   </div>
   <div class='ocr_carea' id='block_1_28' title="bbox 2050 1545 3649 1619">
    <p class='ocr_par' dir='ltr' id='par_1_28' title="bbox 2050 1545 3649 1619">
     <span class='ocr_line' id='line_1_28' title="bbox 2050 1545 3649 1619; baseline -0.003 -16"><span class='ocrx_word' id='word_1_191' title='bbox 2050 1547 2331 1619; x_wconf 82' lang='lat' dir='ltr'><strong>persuasit</strong></span> <span class='ocrx_word' id='word_1_192' title='bbox 2355 1567 2370 1603; x_wconf 87' lang='lat'><strong>:</strong></span> <span class='ocrx_word' id='word_1_193' title='bbox 2404 1548 2684 1618; x_wconf 75' lang='lat' dir='ltr'><strong>potuitque</strong></span> <span class='ocrx_word' id='word_1_194' title='bbox 2708 1547 2844 1617; x_wconf 74' lang='lat' dir='ltr'><strong>Ajax</strong></span> <span class='ocrx_word' id='word_1_195' title='bbox 2864 1545 3216 1601; x_wconf 84' lang='lat' dir='ltr'><strong>Telamonius</strong></span> <span class='ocrx_word' id='word_1_196' title='bbox 3247 1554 3457 1600; x_wconf 88' lang='lat' dir='ltr'><strong>tantum</strong></span> <span class='ocrx_word' id='word_1_197' title='bbox 3480 1559 3649 1614; x_wconf 87' lang='lat' dir='ltr'><strong>quan-</strong></span> 
     </span>
    </p>
   </div>
   <div class='ocr_carea' id='block_1_29' title="bbox 2056 1636 3650 1710">
    <p class='ocr_par' dir='ltr' id='par_1_29' title="bbox 2056 1636 3650 1710">
     <span class='ocr_line' id='line_1_29' title="bbox 2056 1636 3650 1710; baseline -0.003 -15"><span class='ocrx_word' id='word_1_198' title='bbox 2056 1651 2167 1695; x_wconf 89' lang='lat' dir='ltr'><strong>tum</strong></span> <span class='ocrx_word' id='word_1_199' title='bbox 2196 1639 2411 1695; x_wconf 88' lang='lat' dir='ltr'><strong>Laertis</strong></span> <span class='ocrx_word' id='word_1_200' title='bbox 2437 1640 2605 1695; x_wconf 89' lang='lat' dir='ltr'><strong>ﬁlium</strong></span> <span class='ocrx_word' id='word_1_201' title='bbox 2637 1638 2885 1710; x_wconf 89' lang='lat' dir='ltr'><strong>Ulyssem</strong></span> <span class='ocrx_word' id='word_1_202' title='bbox 2921 1638 3224 1709; x_wconf 87' lang='lat' dir='ltr'><strong>oportebat.</strong></span> <span class='ocrx_word' id='word_1_203' title='bbox 3265 1636 3345 1693; x_wconf 91' lang='lat' dir='ltr'><strong>llli</strong></span> <span class='ocrx_word' id='word_1_204' title='bbox 3372 1652 3504 1693; x_wconf 82' lang='lat' dir='ltr'><strong>vero</strong></span> <span class='ocrx_word' id='word_1_205' title='bbox 3528 1645 3650 1693; x_wconf 75' lang='lat' dir='ltr'><strong>ten-</strong></span> 
     </span>
    </p>
   </div>
   <div class='ocr_carea' id='block_1_30' title="bbox 2059 1732 3466 1803">
    <p class='ocr_par' dir='ltr' id='par_1_30' title="bbox 2059 1732 3466 1803">
     <span class='ocr_line' id='line_1_30' title="bbox 2059 1732 3466 1803; baseline -0.002 -16"><span class='ocrx_word' id='word_1_206' title='bbox 2059 1744 2169 1787; x_wconf 88' lang='lat' dir='ltr'><strong>tum</strong></span> <span class='ocrx_word' id='word_1_207' title='bbox 2196 1734 2415 1798; x_wconf 83' lang='lat' dir='ltr'><strong>accidit,</strong></span> <span class='ocrx_word' id='word_1_208' title='bbox 2446 1742 2708 1803; x_wconf 86' lang='lat' dir='ltr'><strong>quantum</strong></span> <span class='ocrx_word' id='word_1_209' title='bbox 2743 1732 2889 1786; x_wconf 90' lang='lat' dir='ltr'><strong>hunc</strong></span> <span class='ocrx_word' id='word_1_210' title='bbox 2920 1732 3165 1801; x_wconf 82' lang='lat' dir='ltr'><strong>perferre</strong></span> <span class='ocrx_word' id='word_1_211' title='bbox 3194 1746 3293 1801; x_wconf 86' lang='lat' dir='ltr'><strong>par</strong></span> <span class='ocrx_word' id='word_1_212' title='bbox 3325 1740 3466 1785; x_wconf 90' lang='lat' dir='ltr'><strong>erat.</strong></span> 
     </span>
    </p>
   </div>
   <div class='ocr_carea' id='block_1_31' title="bbox 2258 1839 3436 1901">
    <p class='ocr_par' dir='ltr' id='par_1_31' title="bbox 2258 1839 3436 1901">
     <span class='ocr_line' id='line_1_31' title="bbox 2258 1839 3436 1901; baseline -0.003 -1"><span class='ocrx_word' id='word_1_213' title='bbox 2258 1842 2514 1901; x_wconf 69' lang='lat' dir='ltr'><strong>CDXLV.</strong></span> <span class='ocrx_word' id='word_1_214' title='bbox 2555 1872 2628 1884; x_wconf 91' lang='lat'><strong>—-</strong></span> <span class='ocrx_word' id='word_1_215' title='bbox 2665 1841 2919 1898; x_wconf 76' lang='lat' dir='ltr'><strong>ZOSIMO</strong></span> <span class='ocrx_word' id='word_1_216' title='bbox 2953 1839 3436 1897; x_wconf 72' lang='lat' dir='ltr'><strong>PRESBYTERO.</strong></span> 
     </span>
    </p>
   </div>
   <div class='ocr_carea' id='block_1_32' title="bbox 375 1932 3652 2013">
    <p class='ocr_par' dir='ltr' id='par_1_32' title="bbox 375 1932 3652 2013">
     <span class='ocr_line' id='line_1_32' title="bbox 375 1932 3652 2013; baseline 0.001 -22"><span class='ocrx_word' id='word_1_217' title='bbox 375 1935 638 1988; x_wconf 78' lang='lat' dir='ltr'><strong>Virtutem</strong></span> <span class='ocrx_word' id='word_1_218' title='bbox 662 1933 937 1988; x_wconf 77' lang='lat' dir='ltr'><strong>colendum</strong></span> <span class='ocrx_word' id='word_1_219' title='bbox 971 1934 1263 2003; x_wconf 61' lang='lat' dir='ltr'><strong>[hortatum</strong></span> <span class='ocrx_word' id='word_1_220' title='bbox 1291 1948 1453 2003; x_wconf 86' lang='lat' dir='ltr'><strong>quam</strong></span> <span class='ocrx_word' id='word_1_221' title='bbox 1488 1932 1952 2013; x_wconf 33' lang='lat' dir='ltr'><strong>xtrOPftfilaﬂeliattt</strong></span> <span class='ocrx_word' id='word_1_222' title='bbox 1973 1953 2123 1993; x_wconf 71' lang='lat' dir='ltr'><strong>mem:</strong></span> <span class='ocrx_word' id='word_1_223' title='bbox 2159 1957 2219 1994; x_wconf 71' lang='lat' dir='ltr'><strong>se</strong></span> <span class='ocrx_word' id='word_1_224' title='bbox 2261 1941 2455 2013; x_wconf 64' lang='lat' dir='ltr'><strong>sectari</strong></span> <span class='ocrx_word' id='word_1_225' title='bbox 2500 1937 2659 2013; x_wconf 57' lang='lat' dir='ltr'><strong>uiuite</strong></span> <span class='ocrx_word' id='word_1_226' title='bbox 2685 1946 2931 2003; x_wconf 77' lang='lat' dir='ltr'><strong>testatur,</strong></span> <span class='ocrx_word' id='word_1_227' title='bbox 2966 1952 3127 2007; x_wconf 77' lang='lat' dir='ltr'><strong>quam</strong></span> <span class='ocrx_word' id='word_1_228' title='bbox 3160 1936 3346 1991; x_wconf 82' lang='lat' dir='ltr'><strong>vitium</strong></span> <span class='ocrx_word' id='word_1_229' title='bbox 3376 1937 3652 2006; x_wconf 74' lang='lat' dir='ltr'><strong>proposito</strong></span> 
     </span>
    </p>
   </div>
   <div class='ocr_carea' id='block_1_33' title="bbox 1338 2001 2659 2079">
    <p class='ocr_par' dir='ltr' id='par_1_33' title="bbox 1338 2001 2659 2079">
     <span class='ocr_line' id='line_1_33' title="bbox 1338 2001 2659 2079; baseline 0.008 -23"><span class='ocrx_word' id='word_1_230' title='bbox 1338 2005 1576 2073; x_wconf 73' lang='lat' dir='ltr'><strong>prwmio.</strong></span> <span class='ocrx_word' id='word_1_231' title='bbox 1616 2001 1854 2072; x_wconf 78' lang='lat' dir='ltr'><strong>(Confer.</strong></span> <span class='ocrx_word' id='word_1_232' title='bbox 1894 2004 1985 2059; x_wconf 80' lang='lat' dir='ltr'><strong>lib.</strong></span> <span class='ocrx_word' id='word_1_233' title='bbox 2016 2024 2076 2072; x_wconf 87' lang='grc' dir='ltr'><strong>ιι,</strong></span> <span class='ocrx_word' id='word_1_234' title='bbox 2108 2013 2263 2079; x_wconf 79' lang='lat' dir='ltr'><strong>epist.</strong></span> <span class='ocrx_word' id='word_1_235' title='bbox 2292 2010 2398 2064; x_wconf 77' lang='grc'><strong>240</strong></span> <span class='ocrx_word' id='word_1_236' title='bbox 2424 2019 2472 2063; x_wconf 90' lang='lat' dir='ltr'><strong>et</strong></span> <span class='ocrx_word' id='word_1_237' title='bbox 2504 2009 2659 2079; x_wconf 72' lang='grc'><strong>225.)</strong></span> 
     </span>
    </p>
   </div>
   <div class='ocr_carea' id='block_1_34' title="bbox 428 2134 1955 2208">
    <p class='ocr_par' dir='ltr' id='par_1_34' title="bbox 428 2134 1955 2208">
     <span class='ocr_line' id='line_1_34' title="bbox 428 2134 1955 2208; baseline -0.003 -18"><span class='ocrx_word' id='word_1_238' title='bbox 428 2137 542 2208; x_wconf 85' lang='grc' dir='ltr'><strong>Τὴν</strong></span> <span class='ocrx_word' id='word_1_239' title='bbox 582 2134 824 2206; x_wconf 85' lang='grc' dir='ltr'>ἐμαυτοῦ</span> <span class='ocrx_word' id='word_1_240' title='bbox 872 2134 1103 2205; x_wconf 77' lang='grc' dir='ltr'>γνώμην</span> <span class='ocrx_word' id='word_1_241' title='bbox 1140 2134 1329 2204; x_wconf 78' lang='grc' dir='ltr'>σαφῶς</span> <span class='ocrx_word' id='word_1_242' title='bbox 1360 2136 1536 2189; x_wconf 84' lang='grc' dir='ltr'>εἰπεῖν</span> <span class='ocrx_word' id='word_1_243' title='bbox 1574 2134 1858 2205; x_wconf 83' lang='grc' dir='ltr'>βούλομαι.</span> <span class='ocrx_word' id='word_1_244' title='bbox 1892 2136 1955 2187; x_wconf 83' lang='grc' dir='ltr'>Εἰ</span> 
     </span>
    </p>
   </div>
   <div class='ocr_carea' id='block_1_35' title="bbox 358 2227 1958 2300">
    <p class='ocr_par' dir='ltr' id='par_1_35' title="bbox 358 2227 1958 2300">
     <span class='ocr_line' id='line_1_35' title="bbox 358 2227 1958 2300; baseline -0.001 -18"><span class='ocrx_word' id='word_1_245' title='bbox 358 2231 418 2283; x_wconf 79' lang='grc' dir='ltr'><strong>δέ</strong></span> <span class='ocrx_word' id='word_1_246' title='bbox 443 2248 528 2293; x_wconf 86' lang='grc' dir='ltr'><strong>τις</strong></span> <span class='ocrx_word' id='word_1_247' title='bbox 551 2228 934 2300; x_wconf 74' lang='grc' dir='ltr'>ὑπερϐολικῶς</span> <span class='ocrx_word' id='word_1_248' title='bbox 968 2229 1225 2299; x_wconf 82' lang='grc' dir='ltr'>εἰρῆσθαι</span> <span class='ocrx_word' id='word_1_249' title='bbox 1258 2227 1401 2294; x_wconf 79' lang='grc' dir='ltr'>δόξει</span> <span class='ocrx_word' id='word_1_250' title='bbox 1423 2269 1437 2289; x_wconf 85' lang='grc'><strong>,</strong></span> <span class='ocrx_word' id='word_1_251' title='bbox 1460 2227 1707 2280; x_wconf 87' lang='grc' dir='ltr'>δοκείτω.</span> <span class='ocrx_word' id='word_1_252' title='bbox 1741 2228 1807 2280; x_wconf 83' lang='grc' dir='ltr'>Οί</span> <span class='ocrx_word' id='word_1_253' title='bbox 1846 2228 1958 2299; x_wconf 86' lang='grc' dir='ltr'>γὰρ</span> 
     </span>
    </p>
   </div>
   <div class='ocr_carea' id='block_1_36' title="bbox 359 2319 1951 2394">
    <p class='ocr_par' dir='ltr' id='par_1_36' title="bbox 359 2319 1951 2394">
     <span class='ocr_line' id='line_1_36' title="bbox 359 2319 1951 2394; baseline -0.002 -17"><span class='ocrx_word' id='word_1_254' title='bbox 359 2324 465 2390; x_wconf 81' lang='grc' dir='ltr'>τῆς</span> <span class='ocrx_word' id='word_1_255' title='bbox 488 2323 688 2394; x_wconf 81' lang='grc' dir='ltr'>ἀρετῆς</span> <span class='ocrx_word' id='word_1_256' title='bbox 721 2322 954 2393; x_wconf 69' lang='grc' dir='ltr'>ἐρασταὶ</span> <span class='ocrx_word' id='word_1_257' title='bbox 1001 2322 1420 2391; x_wconf 76' lang='grc' dir='ltr'>μαρτυρήσουσι</span> <span class='ocrx_word' id='word_1_258' title='bbox 1446 2319 1525 2389; x_wconf 82' lang='grc' dir='ltr'>τῷ</span> <span class='ocrx_word' id='word_1_259' title='bbox 1574 2319 1951 2390; x_wconf 63' lang='grc' dir='ltr'>ῥηθησομένη).</span> 
     </span>
    </p>
   </div>
   <div class='ocr_carea' id='block_1_37' title="bbox 358 2411 1959 2485">
    <p class='ocr_par' dir='ltr' id='par_1_37' title="bbox 358 2411 1959 2485">
     <span class='ocr_line' id='line_1_37' title="bbox 358 2411 1959 2485; baseline -0.004 -17"><span class='ocrx_word' id='word_1_260' title='bbox 358 2417 512 2485; x_wconf 79' lang='grc' dir='ltr'>Φημὶ</span> <span class='ocrx_word' id='word_1_261' title='bbox 552 2414 733 2468; x_wconf 80' lang='grc' dir='ltr'>τοίνυν</span> <span class='ocrx_word' id='word_1_262' title='bbox 754 2454 770 2477; x_wconf 94' lang='grc'><strong>,</strong></span> <span class='ocrx_word' id='word_1_263' title='bbox 799 2414 850 2466; x_wconf 73' lang='grc' dir='ltr'>εἰ</span> <span class='ocrx_word' id='word_1_264' title='bbox 884 2413 984 2483; x_wconf 83' lang='grc' dir='ltr'>μὲν</span> <span class='ocrx_word' id='word_1_265' title='bbox 1006 2415 1073 2483; x_wconf 81' lang='grc' dir='ltr'>τῇ</span> <span class='ocrx_word' id='word_1_266' title='bbox 1096 2413 1265 2483; x_wconf 84' lang='grc' dir='ltr'>ἀρετῇ</span> <span class='ocrx_word' id='word_1_267' title='bbox 1292 2412 1559 2482; x_wconf 84' lang='grc' dir='ltr'>τιμωρία,</span> <span class='ocrx_word' id='word_1_268' title='bbox 1591 2413 1659 2481; x_wconf 78' lang='grc' dir='ltr'><strong>τῇ</strong></span> <span class='ocrx_word' id='word_1_269' title='bbox 1701 2411 1758 2464; x_wconf 81' lang='grc' dir='ltr'><strong>δὲ</strong></span> <span class='ocrx_word' id='word_1_270' title='bbox 1787 2412 1959 2481; x_wconf 77' lang='grc' dir='ltr'>κακίᾳ</span> 
     </span>
    </p>
   </div>
   <div class='ocr_carea' id='block_1_38' title="bbox 362 2502 1960 2576">
    <p class='ocr_par' dir='ltr' id='par_1_38' title="bbox 362 2502 1960 2576">
     <span class='ocr_line' id='line_1_38' title="bbox 362 2502 1960 2576; baseline -0.003 -17"><span class='ocrx_word' id='word_1_271' title='bbox 362 2508 627 2574; x_wconf 67' lang='grc' dir='ltr'>στέφανος</span> <span class='ocrx_word' id='word_1_272' title='bbox 669 2506 955 2571; x_wconf 81' lang='grc' dir='ltr'>ἀπέκειτο,</span> <span class='ocrx_word' id='word_1_273' title='bbox 988 2505 1161 2576; x_wconf 68' lang='grc' dir='ltr'>ἥδιστ’</span> <span class='ocrx_word' id='word_1_274' title='bbox 1198 2503 1264 2557; x_wconf 87' lang='grc' dir='ltr'><strong>ἂν</strong></span> <span class='ocrx_word' id='word_1_275' title='bbox 1304 2504 1459 2573; x_wconf 86' lang='grc' dir='ltr'>δίκην</span> <span class='ocrx_word' id='word_1_276' title='bbox 1488 2502 1699 2556; x_wconf 80' lang='grc' dir='ltr'>δέδωκα</span> <span class='ocrx_word' id='word_1_277' title='bbox 1731 2502 1960 2574; x_wconf 86' lang='grc' dir='ltr'>φιλάρε-</span> 
     </span>
    </p>
   </div>
   <div class='ocr_carea' id='block_1_39' title="bbox 362 2592 1960 2669">
    <p class='ocr_par' dir='ltr' id='par_1_39' title="bbox 362 2592 1960 2669">
     <span class='ocr_line' id='line_1_39' title="bbox 362 2592 1960 2669; baseline 0.014 -27"><span class='ocrx_word' id='word_1_278' title='bbox 362 2619 457 2663; x_wconf 76' lang='grc' dir='ltr'>τος</span> <span class='ocrx_word' id='word_1_279' title='bbox 488 2598 585 2664; x_wconf 77' lang='grc' dir='ltr'><strong>ὢν,</strong></span> <span class='ocrx_word' id='word_1_280' title='bbox 636 2599 671 2669; x_wconf 84' lang='grc' dir='ltr'>ἢ</span> <span class='ocrx_word' id='word_1_281' title='bbox 720 2596 992 2666; x_wconf 80' lang='grc' dir='ltr'>ἐστέφθην</span> <span class='ocrx_word' id='word_1_282' title='bbox 1033 2594 1235 2657; x_wconf 80' lang='grc' dir='ltr'>κακίας</span> <span class='ocrx_word' id='word_1_283' title='bbox 1269 2593 1345 2645; x_wconf 81' lang='grc' dir='ltr'>ὢν</span> <span class='ocrx_word' id='word_1_284' title='bbox 1390 2594 1655 2665; x_wconf 70' lang='grc' dir='ltr'>ἐραστής.</span> <span class='ocrx_word' id='word_1_285' title='bbox 1697 2592 1887 2657; x_wconf 68' lang='grc' dir='ltr'>Οὕτως</span> <span class='ocrx_word' id='word_1_286' title='bbox 1925 2595 1960 2663; x_wconf 69' lang='grc' dir='ltr'>ἡ</span> 
     </span>
    </p>
   </div>
   <div class='ocr_carea' id='block_1_40' title="bbox 366 2686 1961 2763">
    <p class='ocr_par' dir='ltr' id='par_1_40' title="bbox 366 2686 1961 2763">
     <span class='ocr_line' id='line_1_40' title="bbox 366 2686 1961 2763; baseline -0.005 -16"><span class='ocrx_word' id='word_1_287' title='bbox 366 2695 467 2763; x_wconf 80' lang='grc' dir='ltr'><strong>μὲν</strong></span> <span class='ocrx_word' id='word_1_288' title='bbox 495 2691 666 2747; x_wconf 85' lang='grc' dir='ltr'>κακία</span> <span class='ocrx_word' id='word_1_289' title='bbox 689 2732 703 2757; x_wconf 93' lang='grc'><strong>,</strong></span> <span class='ocrx_word' id='word_1_290' title='bbox 736 2691 842 2745; x_wconf 76' lang='grc' dir='ltr'>κᾶν</span> <span class='ocrx_word' id='word_1_291' title='bbox 888 2690 1156 2760; x_wconf 85' lang='grc' dir='ltr'>στέφανον</span> <span class='ocrx_word' id='word_1_292' title='bbox 1188 2686 1510 2758; x_wconf 82' lang='grc' dir='ltr'>προξενοίη,</span> <span class='ocrx_word' id='word_1_293' title='bbox 1542 2686 1725 2757; x_wconf 82' lang='grc' dir='ltr'>πάσης</span> <span class='ocrx_word' id='word_1_294' title='bbox 1751 2705 1842 2757; x_wconf 90' lang='grc' dir='ltr'><strong>μοι</strong></span> <span class='ocrx_word' id='word_1_295' title='bbox 1874 2704 1961 2740; x_wconf 89' lang='grc' dir='ltr'>τι-</span> 
     </span>
    </p>
   </div>
   <div class='ocr_carea' id='block_1_41' title="bbox 368 2776 1957 2857">
    <p class='ocr_par' dir='ltr' id='par_1_41' title="bbox 368 2776 1957 2857">
     <span class='ocr_line' id='line_1_41' title="bbox 368 2776 1957 2857; baseline -0.004 -19"><span class='ocrx_word' id='word_1_296' title='bbox 368 2784 586 2857; x_wconf 79' lang='grc' dir='ltr'>μωρίας</span> <span class='ocrx_word' id='word_1_297' title='bbox 614 2783 765 2838; x_wconf 87' lang='grc' dir='ltr'>δοκεί</span> <span class='ocrx_word' id='word_1_298' title='bbox 790 2781 1153 2853; x_wconf 87' lang='grc' dir='ltr'>χαλεπωτέρα</span> <span class='ocrx_word' id='word_1_299' title='bbox 1178 2776 1339 2834; x_wconf 78' lang='grc' dir='ltr'>εἶναι.</span> <span class='ocrx_word' id='word_1_300' title='bbox 1378 2779 1442 2832; x_wconf 80' lang='grc' dir='ltr'>Ἠ</span> <span class='ocrx_word' id='word_1_301' title='bbox 1464 2780 1521 2833; x_wconf 85' lang='grc' dir='ltr'><strong>δέ</strong></span> <span class='ocrx_word' id='word_1_302' title='bbox 1553 2778 1725 2851; x_wconf 80' lang='grc' dir='ltr'>ἀρετὴ</span> <span class='ocrx_word' id='word_1_303' title='bbox 1753 2779 1957 2850; x_wconf 86' lang='grc' dir='ltr'>τιμαλ-</span> 
     </span>
    </p>
   </div>
   <div class='ocr_carea' id='block_1_42' title="bbox 366 2857 1963 2949">
    <p class='ocr_par' dir='ltr' id='par_1_42' title="bbox 366 2857 1963 2949">
     <span class='ocr_line' id='line_1_42' title="bbox 366 2857 1963 2949; baseline -0.003 -19"><span class='ocrx_word' id='word_1_304' title='bbox 366 2879 645 2949; x_wconf 75' lang='grc' dir='ltr'>φεστέρα,</span> <span class='ocrx_word' id='word_1_305' title='bbox 679 2876 812 2937; x_wconf 72' lang='grc' dir='ltr'><strong>Δκόὶν</strong></span> <span class='ocrx_word' id='word_1_306' title='bbox 877 2875 1153 2946; x_wconf 74' lang='grc' dir='ltr'>τιμωρίας</span> <span class='ocrx_word' id='word_1_307' title='bbox 1195 2875 1272 2945; x_wconf 84' lang='grc' dir='ltr'>μὴ</span> <span class='ocrx_word' id='word_1_308' title='bbox 1301 2874 1580 2944; x_wconf 79' lang='grc' dir='ltr'>ἁμοιροίη.</span> <span class='ocrx_word' id='word_1_309' title='bbox 1626 2873 1689 2927; x_wconf 83' lang='grc' dir='ltr'>Ἣ</span> <span class='ocrx_word' id='word_1_310' title='bbox 1722 2874 1821 2944; x_wconf 85' lang='grc' dir='ltr'><strong>μὲν</strong></span> <span class='ocrx_word' id='word_1_311' title='bbox 1868 2857 1963 2927; x_wconf 80' lang='grc' dir='ltr'><strong>οὖν</strong></span> 
     </span>
    </p>
   </div>
   <div class='ocr_carea' id='block_1_43' title="bbox 365 2960 1963 3040">
    <p class='ocr_par' dir='ltr' id='par_1_43' title="bbox 365 2960 1963 3040">
     <span class='ocr_line' id='line_1_43' title="bbox 365 2960 1963 3040; baseline -0.001 -19"><span class='ocrx_word' id='word_1_312' title='bbox 365 2968 639 3040; x_wconf 85' lang='grc' dir='ltr'>εἰρημένη</span> <span class='ocrx_word' id='word_1_313' title='bbox 673 2986 763 3040; x_wconf 91' lang='grc' dir='ltr'><strong>μοι</strong></span> <span class='ocrx_word' id='word_1_314' title='bbox 785 2969 880 3038; x_wconf 75' lang='grc' dir='ltr'>ἥδε</span> <span class='ocrx_word' id='word_1_315' title='bbox 907 2968 1007 3022; x_wconf 83' lang='grc' dir='ltr'><strong>ὑπε</strong></span> <span class='ocrx_word' id='word_1_316' title='bbox 1019 2966 1206 3038; x_wconf 75' lang='grc' dir='ltr'>ρδολὴ,</span> <span class='ocrx_word' id='word_1_317' title='bbox 1228 2967 1304 3030; x_wconf 80' lang='grc' dir='ltr'>ὡς</span> <span class='ocrx_word' id='word_1_318' title='bbox 1343 2967 1499 3037; x_wconf 78' lang='grc' dir='ltr'><strong>φαῖἐν</strong></span> <span class='ocrx_word' id='word_1_319' title='bbox 1525 2985 1695 3033; x_wconf 78' lang='grc' dir='ltr'>τινες,</span> <span class='ocrx_word' id='word_1_320' title='bbox 1721 2960 1823 3021; x_wconf 83' lang='grc' dir='ltr'>ὦδε</span> <span class='ocrx_word' id='word_1_321' title='bbox 1849 2965 1963 3037; x_wconf 78' lang='grc' dir='ltr'>ἔχει</span> 
     </span>
    </p>
   </div>
   <div class='ocr_carea' id='block_1_44' title="bbox 366 3057 1969 3130">
    <p class='ocr_par' dir='ltr' id='par_1_44' title="bbox 366 3057 1969 3130">
     <span class='ocr_line' id='line_1_44' title="bbox 366 3057 1969 3130; baseline 0.001 -19"><span class='ocrx_word' id='word_1_322' title='bbox 366 3059 463 3112; x_wconf 82' lang='grc' dir='ltr'><strong>καὶ</strong></span> <span class='ocrx_word' id='word_1_323' title='bbox 488 3057 609 3122; x_wconf 78' lang='grc' dir='ltr'>ἃλις</span> <span class='ocrx_word' id='word_1_324' title='bbox 640 3057 835 3129; x_wconf 75' lang='grc' dir='ltr'>ἐχέτω.</span> <span class='ocrx_word' id='word_1_325' title='bbox 868 3059 931 3112; x_wconf 82' lang='grc' dir='ltr'><strong>Εἰ</strong></span> <span class='ocrx_word' id='word_1_326' title='bbox 954 3058 1011 3110; x_wconf 78' lang='grc' dir='ltr'><strong>δὲ</strong></span> <span class='ocrx_word' id='word_1_327' title='bbox 1036 3058 1132 3111; x_wconf 78' lang='grc' dir='ltr'><strong>καὶ</strong></span> <span class='ocrx_word' id='word_1_328' title='bbox 1154 3059 1371 3121; x_wconf 78' lang='grc' dir='ltr'>πάντως</span> <span class='ocrx_word' id='word_1_329' title='bbox 1399 3060 1466 3128; x_wconf 80' lang='grc' dir='ltr'>τῇ</span> <span class='ocrx_word' id='word_1_330' title='bbox 1506 3057 1608 3128; x_wconf 83' lang='grc' dir='ltr'><strong>μὲν</strong></span> <span class='ocrx_word' id='word_1_331' title='bbox 1638 3059 1810 3130; x_wconf 82' lang='grc' dir='ltr'>ἀρετῇ</span> <span class='ocrx_word' id='word_1_332' title='bbox 1844 3058 1969 3113; x_wconf 75' lang='grc' dir='ltr'>στέ-</span> 
     </span>
    </p>
   </div>
   <div class='ocr_carea' id='block_1_45' title="bbox 369 3150 1968 3225">
    <p class='ocr_par' dir='ltr' id='par_1_45' title="bbox 369 3150 1968 3225">
     <span class='ocr_line' id='line_1_45' title="bbox 369 3150 1968 3225; baseline -0.001 -19"><span class='ocrx_word' id='word_1_333' title='bbox 369 3171 581 3222; x_wconf 79' lang='grc' dir='ltr'>φανος,</span> <span class='ocrx_word' id='word_1_334' title='bbox 640 3155 705 3225; x_wconf 84' lang='grc' dir='ltr'>τῇ</span> <span class='ocrx_word' id='word_1_335' title='bbox 732 3152 791 3206; x_wconf 83' lang='grc' dir='ltr'><strong>δὲ</strong></span> <span class='ocrx_word' id='word_1_336' title='bbox 830 3152 999 3222; x_wconf 76' lang='grc' dir='ltr'>κακία</span> <span class='ocrx_word' id='word_1_337' title='bbox 1034 3151 1275 3223; x_wconf 83' lang='grc' dir='ltr'>τιμωρία</span> <span class='ocrx_word' id='word_1_338' title='bbox 1321 3150 1723 3217; x_wconf 82' lang='grc' dir='ltr'>ἁπόκειται,τί</span> <span class='ocrx_word' id='word_1_339' title='bbox 1748 3153 1866 3204; x_wconf 89' lang='grc' dir='ltr'>ἐστι</span> <span class='ocrx_word' id='word_1_340' title='bbox 1905 3152 1968 3205; x_wconf 83' lang='grc' dir='ltr'><strong>τὸ</strong></span> 
     </span>
    </p>
   </div>
   <div class='ocr_carea' id='block_1_46' title="bbox 366 3243 1968 3316">
    <p class='ocr_par' dir='ltr' id='par_1_46' title="bbox 366 3243 1968 3316">
     <span class='ocr_line' id='line_1_46' title="bbox 366 3243 1968 3316; baseline 0.001 -18"><span class='ocrx_word' id='word_1_341' title='bbox 366 3244 567 3299; x_wconf 83' lang='grc' dir='ltr'>πείσάν</span> <span class='ocrx_word' id='word_1_342' title='bbox 596 3261 656 3298; x_wconf 91' lang='grc' dir='ltr'><strong>σε</strong></span> <span class='ocrx_word' id='word_1_343' title='bbox 688 3246 770 3308; x_wconf 80' lang='grc' dir='ltr'>εἰς</span> <span class='ocrx_word' id='word_1_344' title='bbox 793 3244 887 3297; x_wconf 77' lang='grc' dir='ltr'><strong>τὸν</strong></span> <span class='ocrx_word' id='word_1_345' title='bbox 912 3243 1170 3316; x_wconf 81' lang='grc' dir='ltr'>πυθμένα</span> <span class='ocrx_word' id='word_1_346' title='bbox 1193 3245 1291 3314; x_wconf 82' lang='grc' dir='ltr'>τῆς</span> <span class='ocrx_word' id='word_1_347' title='bbox 1320 3243 1520 3308; x_wconf 85' lang='grc' dir='ltr'>κακίας</span> <span class='ocrx_word' id='word_1_348' title='bbox 1540 3244 1968 3300; x_wconf 82' lang='grc' dir='ltr'>καταποντῶσαι</span> 
     </span>
    </p>
   </div>
   <div class='ocr_carea' id='block_1_47' title="bbox 370 3335 1479 3409">
    <p class='ocr_par' dir='ltr' id='par_1_47' title="bbox 370 3335 1479 3409">
     <span class='ocr_line' id='line_1_47' title="bbox 370 3335 1479 3409; baseline -0.002 -16"><span class='ocrx_word' id='word_1_349' title='bbox 370 3338 602 3406; x_wconf 82' lang='grc' dir='ltr'>σαυτὸν;</span> <span class='ocrx_word' id='word_1_350' title='bbox 632 3336 806 3409; x_wconf 79' lang='grc' dir='ltr'>ἡδέως</span> <span class='ocrx_word' id='word_1_351' title='bbox 828 3338 895 3391; x_wconf 86' lang='grc' dir='ltr'>ἄν</span> <span class='ocrx_word' id='word_1_352' title='bbox 926 3354 1020 3390; x_wconf 88' lang='grc' dir='ltr'><strong>σου</strong></span> <span class='ocrx_word' id='word_1_353' title='bbox 1047 3336 1320 3405; x_wconf 82' lang='grc' dir='ltr'>πυθοίμην</span> <span class='ocrx_word' id='word_1_354' title='bbox 1348 3335 1479 3405; x_wconf 83' lang='grc' dir='ltr'>ἐγώ.</span> 
     </span>
    </p>
   </div>
   <div class='ocr_carea' id='block_1_48' title="bbox 628 3453 1681 3523">
    <p class='ocr_par' dir='ltr' id='par_1_48' title="bbox 628 3453 1681 3523">
     <span class='ocr_line' id='line_1_48' title="bbox 628 3453 1681 3523; baseline -0.004 -13"><span class='ocrx_word' id='word_1_355' title='bbox 628 3456 830 3522; x_wconf 55' lang='lat' dir='ltr'><strong>ma.</strong></span> <span class='ocrx_word' id='word_1_356' title='bbox 862 3484 932 3496; x_wconf 83' lang='lat'><strong>—</strong></span> <span class='ocrx_word' id='word_1_357' title='bbox 972 3453 1319 3523; x_wconf 82' lang='grc' dir='ltr'><strong>ΠΑΛΛΑΔΙῼ</strong></span> <span class='ocrx_word' id='word_1_358' title='bbox 1355 3453 1681 3523; x_wconf 83' lang='grc' dir='ltr'><strong>ΔΙΑΚΟΝῼ.</strong></span> 
     </span>
    </p>
   </div>
   <div class='ocr_carea' id='block_1_49' title="bbox 2128 2138 3642 2209">
    <p class='ocr_par' dir='ltr' id='par_1_49' title="bbox 2128 2138 3642 2209">
     <span class='ocr_line' id='line_1_49' title="bbox 2128 2138 3642 2209; baseline 0.001 -16"><span class='ocrx_word' id='word_1_359' title='bbox 2128 2139 2285 2197; x_wconf 83' lang='lat' dir='ltr'><strong>Libet</strong></span> <span class='ocrx_word' id='word_1_360' title='bbox 2312 2155 2487 2195; x_wconf 87' lang='lat' dir='ltr'><strong>meam</strong></span> <span class='ocrx_word' id='word_1_361' title='bbox 2516 2141 2664 2195; x_wconf 87' lang='lat' dir='ltr'><strong>clare</strong></span> <span class='ocrx_word' id='word_1_362' title='bbox 2696 2138 2943 2209; x_wconf 78' lang='lat' dir='ltr'><strong>proferre</strong></span> <span class='ocrx_word' id='word_1_363' title='bbox 2982 2139 3331 2197; x_wconf 85' lang='lat' dir='ltr'><strong>sententiam.</strong></span> <span class='ocrx_word' id='word_1_364' title='bbox 3367 2138 3478 2194; x_wconf 83' lang='lat' dir='ltr'><strong>Etsi</strong></span> <span class='ocrx_word' id='word_1_365' title='bbox 3512 2140 3642 2209; x_wconf 89' lang='lat' dir='ltr'><strong>quid</strong></span> 
     </span>
    </p>
   </div>
   <div class='ocr_carea' id='block_1_50' title="bbox 2057 2220 3643 2304">
    <p class='ocr_par' dir='ltr' id='par_1_50' title="bbox 2057 2220 3643 2304">
     <span class='ocr_line' id='line_1_50' title="bbox 2057 2220 3643 2304; baseline -0.002 -16"><span class='ocrx_word' id='word_1_366' title='bbox 2057 2249 2220 2304; x_wconf 85' lang='lat' dir='ltr'><strong>supra</strong></span> <span class='ocrx_word' id='word_1_367' title='bbox 2256 2233 2414 2288; x_wconf 85' lang='lat' dir='ltr'><strong>ﬁdem</strong></span> <span class='ocrx_word' id='word_1_368' title='bbox 2449 2234 2628 2288; x_wconf 90' lang='lat' dir='ltr'><strong>dicere</strong></span> <span class='ocrx_word' id='word_1_369' title='bbox 2674 2233 2898 2295; x_wconf 77' lang='lat' dir='ltr'><strong>videar,</strong></span> <span class='ocrx_word' id='word_1_370' title='bbox 2938 2232 3009 2285; x_wconf 91' lang='lat' dir='ltr'><strong>sit</strong></span> <span class='ocrx_word' id='word_1_371' title='bbox 3046 2234 3119 2286; x_wconf 88' lang='lat' dir='ltr'><strong>ita</strong></span> <span class='ocrx_word' id='word_1_372' title='bbox 3160 2220 3643 2287; x_wconf 16' lang='lat' dir='ltr'><strong>sane.ATestiﬁca-</strong></span> 
     </span>
    </p>
   </div>
   <div class='ocr_carea' id='block_1_51' title="bbox 2054 2324 3667 2395">
    <p class='ocr_par' dir='ltr' id='par_1_51' title="bbox 2054 2324 3667 2395">
     <span class='ocr_line' id='line_1_51' title="bbox 2054 2324 3667 2395; baseline -0.002 -12"><span class='ocrx_word' id='word_1_373' title='bbox 2054 2332 2262 2383; x_wconf 77' lang='lat' dir='ltr'><strong>buntur</strong></span> <span class='ocrx_word' id='word_1_374' title='bbox 2290 2328 2436 2382; x_wconf 90' lang='lat' dir='ltr'><strong>enim</strong></span> <span class='ocrx_word' id='word_1_375' title='bbox 2463 2328 2686 2383; x_wconf 87' lang='lat' dir='ltr'><strong>virtutis</strong></span> <span class='ocrx_word' id='word_1_376' title='bbox 2730 2325 2959 2381; x_wconf 87' lang='lat' dir='ltr'><strong>studiosi</strong></span> <span class='ocrx_word' id='word_1_377' title='bbox 2998 2325 3141 2395; x_wconf 83' lang='lat' dir='ltr'><strong>quod</strong></span> <span class='ocrx_word' id='word_1_378' title='bbox 3175 2326 3377 2381; x_wconf 80' lang='lat' dir='ltr'><strong>dicam.</strong></span> <span class='ocrx_word' id='word_1_379' title='bbox 3424 2324 3667 2380; x_wconf 81' lang='lat' dir='ltr'><strong>Aﬁirmo-</strong></span> 
     </span>
    </p>
   </div>
   <div class='ocr_carea' id='block_1_52' title="bbox 2060 2414 3659 2490">
    <p class='ocr_par' dir='ltr' id='par_1_52' title="bbox 2060 2414 3659 2490">
     <span class='ocr_line' id='line_1_52' title="bbox 2060 2414 3659 2490; baseline -0.004 -15"><span class='ocrx_word' id='word_1_380' title='bbox 2060 2422 2264 2490; x_wconf 84' lang='lat' dir='ltr'><strong>itaque,</strong></span> <span class='ocrx_word' id='word_1_381' title='bbox 2306 2419 2574 2490; x_wconf 78' lang='lat' dir='ltr'><strong>siquidem</strong></span> <span class='ocrx_word' id='word_1_382' title='bbox 2614 2418 2798 2472; x_wconf 75' lang='lat' dir='ltr'><strong>virtuti</strong></span> <span class='ocrx_word' id='word_1_383' title='bbox 2850 2431 3042 2486; x_wconf 73' lang='lat' dir='ltr'><strong>poena,</strong></span> <span class='ocrx_word' id='word_1_384' title='bbox 3074 2414 3225 2470; x_wconf 79' lang='lat' dir='ltr'><strong>vitiis</strong></span> <span class='ocrx_word' id='word_1_385' title='bbox 3276 2431 3409 2471; x_wconf 86' lang='lat' dir='ltr'><strong>vero</strong></span> <span class='ocrx_word' id='word_1_386' title='bbox 3443 2432 3659 2472; x_wconf 68' lang='lat' dir='ltr'><strong>corona</strong></span> 
     </span>
    </p>
   </div>
   <div class='ocr_carea' id='block_1_53' title="bbox 2059 2508 3653 2584">
    <p class='ocr_par' dir='ltr' id='par_1_53' title="bbox 2059 2508 3653 2584">
     <span class='ocr_line' id='line_1_53' title="bbox 2059 2508 3653 2584; baseline -0.001 -19"><span class='ocrx_word' id='word_1_387' title='bbox 2059 2513 2335 2584; x_wconf 88' lang='lat' dir='ltr'><strong>proposita</strong></span> <span class='ocrx_word' id='word_1_388' title='bbox 2378 2513 2484 2575; x_wconf 85' lang='lat' dir='ltr'><strong>sit,</strong></span> <span class='ocrx_word' id='word_1_389' title='bbox 2534 2510 2830 2578; x_wconf 83' lang='lat' dir='ltr'><strong>jucundius</strong></span> <span class='ocrx_word' id='word_1_390' title='bbox 2880 2522 3131 2577; x_wconf 73' lang='lat' dir='ltr'><strong>poenam,</strong></span> <span class='ocrx_word' id='word_1_391' title='bbox 3177 2508 3268 2579; x_wconf 89' lang='lat' dir='ltr'><strong>qui</strong></span> <span class='ocrx_word' id='word_1_392' title='bbox 3311 2508 3527 2564; x_wconf 86' lang='lat' dir='ltr'><strong>virtutis</strong></span> <span class='ocrx_word' id='word_1_393' title='bbox 3577 2511 3653 2564; x_wconf 81' lang='lat' dir='ltr'><strong>sit</strong></span> 
     </span>
    </p>
   </div>
   <div class='ocr_carea' id='block_1_54' title="bbox 2061 2601 3648 2672">
    <p class='ocr_par' dir='ltr' id='par_1_54' title="bbox 2061 2601 3648 2672">
     <span class='ocr_line' id='line_1_54' title="bbox 2061 2601 3648 2672; baseline -0.002 -12"><span class='ocrx_word' id='word_1_394' title='bbox 2061 2621 2277 2671; x_wconf 85' lang='lat' dir='ltr'><strong>amans,</strong></span> <span class='ocrx_word' id='word_1_395' title='bbox 2302 2604 2578 2668; x_wconf 87' lang='lat' dir='ltr'><strong>daturum,</strong></span> <span class='ocrx_word' id='word_1_396' title='bbox 2610 2618 2771 2671; x_wconf 89' lang='lat' dir='ltr'><strong>quam</strong></span> <span class='ocrx_word' id='word_1_397' title='bbox 2801 2601 2846 2656; x_wconf 82' lang='lat' dir='ltr'><strong>si</strong></span> <span class='ocrx_word' id='word_1_398' title='bbox 2882 2611 3195 2666; x_wconf 89' lang='lat' dir='ltr'><strong>coronetur,</strong></span> <span class='ocrx_word' id='word_1_399' title='bbox 3219 2602 3290 2657; x_wconf 90' lang='lat' dir='ltr'><strong>ob</strong></span> <span class='ocrx_word' id='word_1_400' title='bbox 3320 2601 3648 2672; x_wconf 83' lang='lat' dir='ltr'><strong>improbita-</strong></span> 
     </span>
    </p>
   </div>
   <div class='ocr_carea' id='block_1_55' title="bbox 2063 2694 3651 2766">
    <p class='ocr_par' dir='ltr' id='par_1_55' title="bbox 2063 2694 3651 2766">
     <span class='ocr_line' id='line_1_55' title="bbox 2063 2694 3651 2766; baseline -0.002 -15"><span class='ocrx_word' id='word_1_401' title='bbox 2063 2707 2170 2751; x_wconf 89' lang='lat' dir='ltr'><strong>tem</strong></span> <span class='ocrx_word' id='word_1_402' title='bbox 2229 2696 2386 2766; x_wconf 74' lang='lat' dir='ltr'><strong>hujus</strong></span> <span class='ocrx_word' id='word_1_403' title='bbox 2434 2710 2663 2753; x_wconf 85' lang='lat' dir='ltr'><strong>amans:</strong></span> <span class='ocrx_word' id='word_1_404' title='bbox 2700 2696 2781 2751; x_wconf 90' lang='lat' dir='ltr'><strong>sic</strong></span> <span class='ocrx_word' id='word_1_405' title='bbox 2816 2694 3159 2762; x_wconf 82' lang='lat' dir='ltr'><strong>improbitas,</strong></span> <span class='ocrx_word' id='word_1_406' title='bbox 3191 2708 3450 2749; x_wconf 76' lang='lat' dir='ltr'><strong>coronam</strong></span> <span class='ocrx_word' id='word_1_407' title='bbox 3486 2696 3651 2750; x_wconf 83' lang='lat' dir='ltr'><strong>etiam</strong></span> 
     </span>
    </p>
   </div>
   <div class='ocr_carea' id='block_1_56' title="bbox 2065 2785 3665 2858">
    <p class='ocr_par' dir='ltr' id='par_1_56' title="bbox 2065 2785 3665 2858">
     <span class='ocr_line' id='line_1_56' title="bbox 2065 2785 3665 2858; baseline -0.002 -16"><span class='ocrx_word' id='word_1_408' title='bbox 2065 2792 2282 2856; x_wconf 81' lang='lat' dir='ltr'><strong>adepta,</strong></span> <span class='ocrx_word' id='word_1_409' title='bbox 2308 2787 2456 2843; x_wconf 89' lang='lat' dir='ltr'><strong>omni</strong></span> <span class='ocrx_word' id='word_1_410' title='bbox 2485 2801 2608 2842; x_wconf 89' lang='lat' dir='ltr'><strong>esse</strong></span> <span class='ocrx_word' id='word_1_411' title='bbox 2638 2802 2836 2858; x_wconf 80' lang='lat' dir='ltr'><strong>genere</strong></span> <span class='ocrx_word' id='word_1_412' title='bbox 2861 2786 3246 2856; x_wconf 86' lang='lat' dir='ltr'><strong>suppliciorum</strong></span> <span class='ocrx_word' id='word_1_413' title='bbox 3275 2785 3553 2841; x_wconf 88' lang='lat' dir='ltr'><strong>molestior</strong></span> <span class='ocrx_word' id='word_1_414' title='bbox 3580 2788 3665 2839; x_wconf 80' lang='lat' dir='ltr'><strong>vi-</strong></span> 
     </span>
    </p>
   </div>
   <div class='ocr_carea' id='block_1_57' title="bbox 2065 2879 3654 2950">
    <p class='ocr_par' dir='ltr' id='par_1_57' title="bbox 2065 2879 3654 2950">
     <span class='ocr_line' id='line_1_57' title="bbox 2065 2879 3654 2950; baseline 0 -15"><span class='ocrx_word' id='word_1_415' title='bbox 2065 2880 2445 2935; x_wconf 84' lang='lat' dir='ltr'><strong>detur.Virtus</strong></span> <span class='ocrx_word' id='word_1_416' title='bbox 2468 2894 2598 2934; x_wconf 85' lang='lat' dir='ltr'><strong>vero</strong></span> <span class='ocrx_word' id='word_1_417' title='bbox 2621 2879 2938 2950; x_wconf 88' lang='lat' dir='ltr'><strong>pretiosior,</strong></span> <span class='ocrx_word' id='word_1_418' title='bbox 2969 2881 3075 2935; x_wconf 84' lang='lat' dir='ltr'><strong>etsi</strong></span> <span class='ocrx_word' id='word_1_419' title='bbox 3115 2894 3275 2949; x_wconf 70' lang='lat' dir='ltr'><strong>pmna</strong></span> <span class='ocrx_word' id='word_1_420' title='bbox 3308 2896 3414 2935; x_wconf 91' lang='lat' dir='ltr'><strong>non</strong></span> <span class='ocrx_word' id='word_1_421' title='bbox 3446 2891 3654 2936; x_wconf 76' lang='lat' dir='ltr'><strong>careat.</strong></span> 
     </span>
    </p>
   </div>
   <div class='ocr_carea' id='block_1_58' title="bbox 2066 2973 3663 3043">
    <p class='ocr_par' dir='ltr' id='par_1_58' title="bbox 2066 2973 3663 3043">
     <span class='ocr_line' id='line_1_58' title="bbox 2066 2973 3663 3043; baseline -0.001 -15"><span class='ocrx_word' id='word_1_422' title='bbox 2066 2973 2191 3029; x_wconf 63' lang='lat' dir='ltr'><strong>llaec</strong></span> <span class='ocrx_word' id='word_1_423' title='bbox 2237 2974 2416 3043; x_wconf 76' lang='lat' dir='ltr'><strong>itaque</strong></span> <span class='ocrx_word' id='word_1_424' title='bbox 2448 2973 2609 3028; x_wconf 88' lang='lat' dir='ltr'><strong>ﬁdem</strong></span> <span class='ocrx_word' id='word_1_425' title='bbox 2637 2975 2907 3029; x_wconf 82' lang='lat' dir='ltr'><strong>excedens</strong></span> <span class='ocrx_word' id='word_1_426' title='bbox 2949 2974 3219 3028; x_wconf 86' lang='lat' dir='ltr'><strong>sententia</strong></span> <span class='ocrx_word' id='word_1_427' title='bbox 3246 3013 3263 3039; x_wconf 91' lang='lat'><strong>,</strong></span> <span class='ocrx_word' id='word_1_428' title='bbox 3303 2982 3360 3028; x_wconf 87' lang='lat' dir='ltr'><strong>ut</strong></span> <span class='ocrx_word' id='word_1_429' title='bbox 3403 2975 3663 3037; x_wconf 81' lang='lat' dir='ltr'><strong>dixerunt</strong></span> 
     </span>
    </p>
   </div>
   <div class='ocr_carea' id='block_1_59' title="bbox 2066 3064 3661 3135">
    <p class='ocr_par' dir='ltr' id='par_1_59' title="bbox 2066 3064 3661 3135">
     <span class='ocr_line' id='line_1_59' title="bbox 2066 3064 3661 3135; baseline -0.001 -16"><span class='ocrx_word' id='word_1_430' title='bbox 2066 3066 2312 3135; x_wconf 82' lang='lat' dir='ltr'><strong>quidam,</strong></span> <span class='ocrx_word' id='word_1_431' title='bbox 2350 3064 2475 3119; x_wconf 85' lang='lat' dir='ltr'><strong>talis</strong></span> <span class='ocrx_word' id='word_1_432' title='bbox 2496 3074 2582 3119; x_wconf 90' lang='lat' dir='ltr'><strong>est</strong></span> <span class='ocrx_word' id='word_1_433' title='bbox 2616 3075 2671 3119; x_wconf 92' lang='lat' dir='ltr'><strong>et</strong></span> <span class='ocrx_word' id='word_1_434' title='bbox 2703 3064 2921 3120; x_wconf 82' lang='lat' dir='ltr'><strong>suﬁicit.</strong></span> <span class='ocrx_word' id='word_1_435' title='bbox 2975 3066 3031 3119; x_wconf 91' lang='lat' dir='ltr'><strong>Si</strong></span> <span class='ocrx_word' id='word_1_436' title='bbox 3068 3081 3196 3120; x_wconf 88' lang='lat' dir='ltr'><strong>vero</strong></span> <span class='ocrx_word' id='word_1_437' title='bbox 3227 3066 3450 3119; x_wconf 91' lang='lat' dir='ltr'><strong>omnino</strong></span> <span class='ocrx_word' id='word_1_438' title='bbox 3485 3065 3661 3118; x_wconf 56' lang='lat' dir='ltr'><strong>virtu-</strong></span> 
     </span>
    </p>
   </div>
   <div class='ocr_carea' id='block_1_60' title="bbox 2070 3154 3661 3226">
    <p class='ocr_par' dir='ltr' id='par_1_60' title="bbox 2070 3154 3661 3226">
     <span class='ocr_line' id='line_1_60' title="bbox 2070 3154 3661 3226; baseline -0.003 -14"><span class='ocrx_word' id='word_1_439' title='bbox 2070 3166 2177 3212; x_wconf 90' lang='lat' dir='ltr'><strong>tem</strong></span> <span class='ocrx_word' id='word_1_440' title='bbox 2224 3157 2540 3226; x_wconf 71' lang='lat' dir='ltr'><strong>praemium,</strong></span> <span class='ocrx_word' id='word_1_441' title='bbox 2577 3158 2763 3211; x_wconf 81' lang='lat' dir='ltr'><strong>vitium</strong></span> <span class='ocrx_word' id='word_1_442' title='bbox 2800 3167 2982 3212; x_wconf 89' lang='lat' dir='ltr'><strong>autem</strong></span> <span class='ocrx_word' id='word_1_443' title='bbox 3026 3172 3187 3226; x_wconf 67' lang='lat' dir='ltr'><strong>pinna</strong></span> <span class='ocrx_word' id='word_1_444' title='bbox 3232 3166 3487 3222; x_wconf 88' lang='lat' dir='ltr'><strong>maneat,</strong></span> <span class='ocrx_word' id='word_1_445' title='bbox 3532 3154 3661 3224; x_wconf 89' lang='lat' dir='ltr'><strong>quid</strong></span> 
     </span>
    </p>
   </div>
   <div class='ocr_carea' id='block_1_61' title="bbox 2070 3249 3663 3319">
    <p class='ocr_par' dir='ltr' id='par_1_61' title="bbox 2070 3249 3663 3319">
     <span class='ocr_line' id='line_1_61' title="bbox 2070 3249 3663 3319; baseline 0 -16"><span class='ocrx_word' id='word_1_446' title='bbox 2070 3259 2152 3303; x_wconf 90' lang='lat' dir='ltr'><strong>est</strong></span> <span class='ocrx_word' id='word_1_447' title='bbox 2182 3250 2326 3318; x_wconf 86' lang='lat' dir='ltr'><strong>quod</strong></span> <span class='ocrx_word' id='word_1_448' title='bbox 2372 3260 2423 3304; x_wconf 86' lang='lat' dir='ltr'><strong>te</strong></span> <span class='ocrx_word' id='word_1_449' title='bbox 2452 3249 2696 3316; x_wconf 84' lang='lat' dir='ltr'><strong>alliciat,</strong></span> <span class='ocrx_word' id='word_1_450' title='bbox 2756 3258 2813 3303; x_wconf 92' lang='lat' dir='ltr'><strong>ut</strong></span> <span class='ocrx_word' id='word_1_451' title='bbox 2862 3250 2914 3304; x_wconf 93' lang='lat' dir='ltr'><strong>in</strong></span> <span class='ocrx_word' id='word_1_452' title='bbox 2962 3250 3221 3319; x_wconf 74' lang='lat' dir='ltr'><strong>nequitia:</strong></span> <span class='ocrx_word' id='word_1_453' title='bbox 3252 3249 3576 3305; x_wconf 88' lang='lat' dir='ltr'><strong>barathrum</strong></span> <span class='ocrx_word' id='word_1_454' title='bbox 3610 3259 3663 3305; x_wconf 87' lang='lat' dir='ltr'><strong>te</strong></span> 
     </span>
    </p>
   </div>
   <div class='ocr_carea' id='block_1_62' title="bbox 2074 3341 3247 3413">
    <p class='ocr_par' dir='ltr' id='par_1_62' title="bbox 2074 3341 3247 3413">
     <span class='ocr_line' id='line_1_62' title="bbox 2074 3341 3247 3413; baseline 0 -16"><span class='ocrx_word' id='word_1_455' title='bbox 2074 3341 2372 3413; x_wconf 88' lang='lat' dir='ltr'><strong>conjicias?</strong></span> <span class='ocrx_word' id='word_1_456' title='bbox 2408 3342 2642 3399; x_wconf 89' lang='lat' dir='ltr'><strong>libenter</strong></span> <span class='ocrx_word' id='word_1_457' title='bbox 2669 3357 2771 3413; x_wconf 89' lang='lat' dir='ltr'><strong>ego</strong></span> <span class='ocrx_word' id='word_1_458' title='bbox 2798 3343 2852 3396; x_wconf 89' lang='lat' dir='ltr'><strong>id</strong></span> <span class='ocrx_word' id='word_1_459' title='bbox 2892 3351 2943 3396; x_wconf 89' lang='lat' dir='ltr'><strong>te</strong></span> <span class='ocrx_word' id='word_1_460' title='bbox 2972 3356 3247 3412; x_wconf 84' lang='lat' dir='ltr'><strong>rogarem.</strong></span> 
     </span>
    </p>
   </div>
   <div class='ocr_carea' id='block_1_63' title="bbox 2293 3451 3422 3511">
    <p class='ocr_par' dir='ltr' id='par_1_63' title="bbox 2293 3451 3422 3511">
     <span class='ocr_line' id='line_1_63' title="bbox 2293 3451 3422 3511; baseline 0.002 -2"><span class='ocrx_word' id='word_1_461' title='bbox 2293 3452 2571 3510; x_wconf 70' lang='lat' dir='ltr'><strong>CDXLV‘l.</strong></span> <span class='ocrx_word' id='word_1_462' title='bbox 2604 3484 2676 3495; x_wconf 86' lang='lat'><strong>-—-</strong></span> <span class='ocrx_word' id='word_1_463' title='bbox 2716 3453 3062 3510; x_wconf 85' lang='lat' dir='ltr'><strong>PALLADIO</strong></span> <span class='ocrx_word' id='word_1_464' title='bbox 3098 3451 3422 3511; x_wconf 81' lang='lat' dir='ltr'><strong>DlACONO.</strong></span> 
     </span>
    </p>
   </div>
   <div class='ocr_carea' id='block_1_64' title="bbox 1000 3546 3036 3621">
    <p class='ocr_par' dir='ltr' id='par_1_64' title="bbox 1000 3546 3036 3621">
     <span class='ocr_line' id='line_1_64' title="bbox 1000 3546 3036 3621; baseline 0.001 -20"><span class='ocrx_word' id='word_1_465' title='bbox 1000 3546 1178 3601; x_wconf 82' lang='lat' dir='ltr'><strong>Monet</strong></span> <span class='ocrx_word' id='word_1_466' title='bbox 1208 3556 1263 3600; x_wconf 86' lang='lat' dir='ltr'><strong>ut</strong></span> <span class='ocrx_word' id='word_1_467' title='bbox 1293 3556 1470 3600; x_wconf 83' lang='lat' dir='ltr'><strong>caveat</strong></span> <span class='ocrx_word' id='word_1_468' title='bbox 1504 3562 1565 3600; x_wconf 86' lang='lat' dir='ltr'><strong>ne</strong></span> <span class='ocrx_word' id='word_1_469' title='bbox 1602 3548 1658 3601; x_wconf 84' lang='lat' dir='ltr'><strong>in</strong></span> <span class='ocrx_word' id='word_1_470' title='bbox 1684 3546 1867 3601; x_wconf 86' lang='lat' dir='ltr'><strong>eadem</strong></span> <span class='ocrx_word' id='word_1_471' title='bbox 1911 3547 2111 3603; x_wconf 79' lang='lat' dir='ltr'><strong>incidat</strong></span> <span class='ocrx_word' id='word_1_472' title='bbox 2142 3548 2269 3603; x_wconf 79' lang='lat' dir='ltr'><strong>vitia</strong></span> <span class='ocrx_word' id='word_1_473' title='bbox 2303 3566 2421 3621; x_wconf 75' lang='lat' dir='ltr'><strong>qua:</strong></span> <span class='ocrx_word' id='word_1_474' title='bbox 2445 3551 2518 3616; x_wconf 70' lang='lat' dir='ltr'><strong>in</strong></span> <span class='ocrx_word' id='word_1_475' title='bbox 2548 3549 2657 3605; x_wconf 86' lang='lat' dir='ltr'><strong>alio</strong></span> <span class='ocrx_word' id='word_1_476' title='bbox 2685 3550 3036 3615; x_wconf 78' lang='lat' dir='ltr'><strong>reprehendit.</strong></span> 
     </span>
    </p>
   </div>
   <div class='ocr_carea' id='block_1_65' title="bbox 455 3658 1962 3734">
    <p class='ocr_par' dir='ltr' id='par_1_65' title="bbox 455 3658 1962 3734">
     <span class='ocr_line' id='line_1_65' title="bbox 455 3658 1962 3734; baseline -0.001 -19"><span class='ocrx_word' id='word_1_477' title='bbox 455 3661 792 3734; x_wconf 81' lang='grc' dir='ltr'>Ἀνθρώπιον</span> <span class='ocrx_word' id='word_1_478' title='bbox 835 3658 1040 3730; x_wconf 79' lang='grc' dir='ltr'>φαῦλον</span> <span class='ocrx_word' id='word_1_479' title='bbox 1067 3701 1082 3727; x_wconf 92' lang='grc'><strong>,</strong></span> <span class='ocrx_word' id='word_1_480' title='bbox 1107 3660 1204 3714; x_wconf 72' lang='grc' dir='ltr'><strong>καὶ</strong></span> <span class='ocrx_word' id='word_1_481' title='bbox 1245 3658 1524 3732; x_wconf 81' lang='grc' dir='ltr'>βδελυρὸν,</span> <span class='ocrx_word' id='word_1_482' title='bbox 1558 3659 1655 3714; x_wconf 70' lang='grc' dir='ltr'><strong>καὶ</strong></span> <span class='ocrx_word' id='word_1_483' title='bbox 1684 3659 1962 3731; x_wconf 81' lang='grc' dir='ltr'>κίϐδηλον,</span> 
     </span>
    </p>
   </div>
   <div class='ocr_carea' id='block_1_66' title="bbox 372 3750 1966 3824">
    <p class='ocr_par' dir='ltr' id='par_1_66' title="bbox 372 3750 1966 3824">
     <span class='ocr_line' id='line_1_66' title="bbox 372 3750 1966 3824; baseline -0.001 -17"><span class='ocrx_word' id='word_1_484' title='bbox 372 3754 469 3809; x_wconf 74' lang='grc' dir='ltr'><strong>καὶ</strong></span> <span class='ocrx_word' id='word_1_485' title='bbox 488 3753 541 3806; x_wconf 89' lang='grc' dir='ltr'><strong>τί</strong></span> <span class='ocrx_word' id='word_1_486' title='bbox 568 3753 677 3824; x_wconf 81' lang='grc' dir='ltr'>γὰρ</span> <span class='ocrx_word' id='word_1_487' title='bbox 708 3754 769 3807; x_wconf 76' lang='grc' dir='ltr'><strong>οὐ</strong></span> <span class='ocrx_word' id='word_1_488' title='bbox 814 3752 927 3824; x_wconf 80' lang='grc'>(³58)</span> <span class='ocrx_word' id='word_1_489' title='bbox 959 3750 1069 3805; x_wconf 88' lang='grc' dir='ltr'><strong>τῶν</strong></span> <span class='ocrx_word' id='word_1_490' title='bbox 1099 3751 1346 3823; x_wconf 80' lang='grc' dir='ltr'>αἰσχρῶν</span> <span class='ocrx_word' id='word_1_491' title='bbox 1370 3751 1606 3815; x_wconf 81' lang='grc' dir='ltr'>καλέσας</span> <span class='ocrx_word' id='word_1_492' title='bbox 1630 3751 1690 3806; x_wconf 89' lang='grc' dir='ltr'><strong>ἐν</strong></span> <span class='ocrx_word' id='word_1_493' title='bbox 1720 3754 1836 3816; x_wconf 79' lang='grc' dir='ltr'>τοῖς</span> <span class='ocrx_word' id='word_1_494' title='bbox 1865 3753 1966 3807; x_wconf 87' lang='grc' dir='ltr'>αὑ-</span> 
     </span>
    </p>
   </div>
   <div class='ocr_carea' id='block_1_67' title="bbox 368 3842 1966 3915">
    <p class='ocr_par' dir='ltr' id='par_1_67' title="bbox 368 3842 1966 3915">
     <span class='ocr_line' id='line_1_67' title="bbox 368 3842 1966 3915; baseline -0.001 -17"><span class='ocrx_word' id='word_1_495' title='bbox 368 3845 467 3899; x_wconf 75' lang='grc' dir='ltr'>τοῦ</span> <span class='ocrx_word' id='word_1_496' title='bbox 490 3845 782 3915; x_wconf 72' lang='grc' dir='ltr'>γράμμασι</span> <span class='ocrx_word' id='word_1_497' title='bbox 816 3843 1089 3915; x_wconf 86' lang='grc' dir='ltr'>Ζώσιμον,</span> <span class='ocrx_word' id='word_1_498' title='bbox 1122 3842 1301 3913; x_wconf 82' lang='grc' dir='ltr'>ἀληθῆ</span> <span class='ocrx_word' id='word_1_499' title='bbox 1345 3844 1445 3913; x_wconf 80' lang='grc' dir='ltr'><strong>μὲν</strong></span> <span class='ocrx_word' id='word_1_500' title='bbox 1472 3842 1658 3913; x_wconf 87' lang='grc' dir='ltr'>λέγεις</span> <span class='ocrx_word' id='word_1_501' title='bbox 1687 3861 1700 3874; x_wconf 89' lang='grc'><strong>·</strong></span> <span class='ocrx_word' id='word_1_502' title='bbox 1749 3843 1966 3899; x_wconf 86' lang='grc' dir='ltr'>δέδοικα</span> 
     </span>
    </p>
   </div>
   <div class='ocr_carea' id='block_1_68' title="bbox 370 3934 1963 4009">
    <p class='ocr_par' dir='ltr' id='par_1_68' title="bbox 370 3934 1963 4009">
     <span class='ocr_line' id='line_1_68' title="bbox 370 3934 1963 4009; baseline -0.001 -17"><span class='ocrx_word' id='word_1_503' title='bbox 370 3939 433 3992; x_wconf 80' lang='grc' dir='ltr'>δὲ</span> <span class='ocrx_word' id='word_1_504' title='bbox 468 3938 543 4009; x_wconf 83' lang='grc' dir='ltr'>μὴ</span> <span class='ocrx_word' id='word_1_505' title='bbox 573 3938 669 3992; x_wconf 75' lang='grc' dir='ltr'><strong>καὶ</strong></span> <span class='ocrx_word' id='word_1_506' title='bbox 700 3938 864 4001; x_wconf 81' lang='grc' dir='ltr'>αὐτὸς</span> <span class='ocrx_word' id='word_1_507' title='bbox 891 3937 1087 4009; x_wconf 70' lang='grc' dir='ltr'>μικρὸν</span> <span class='ocrx_word' id='word_1_508' title='bbox 1114 3936 1344 4007; x_wconf 74' lang='grc' dir='ltr'>ὕστερον</span> <span class='ocrx_word' id='word_1_509' title='bbox 1373 3934 1619 4001; x_wconf 70' lang='grc' dir='ltr'>τοιοῦτος</span> <span class='ocrx_word' id='word_1_510' title='bbox 1658 3936 1963 4008; x_wconf 83' lang='grc' dir='ltr'>εὑρεθείης.</span> 
     </span>
    </p>
   </div>
   <div class='ocr_carea' id='block_1_69' title="bbox 386 4026 1961 4100">
    <p class='ocr_par' dir='ltr' id='par_1_69' title="bbox 386 4026 1961 4100">
     <span class='ocr_line' id='line_1_69' title="bbox 386 4026 1961 4100; baseline -0.003 -16"><span class='ocrx_word' id='word_1_511' title='bbox 386 4030 606 4084; x_wconf 82' lang='grc' dir='ltr'>Ἐκεῖνα</span> <span class='ocrx_word' id='word_1_512' title='bbox 636 4029 768 4100; x_wconf 73' lang='grc' dir='ltr'>γὰρ.</span> <span class='ocrx_word' id='word_1_513' title='bbox 800 4028 878 4092; x_wconf 87' lang='grc' dir='ltr'><strong>ῶς</strong></span> <span class='ocrx_word' id='word_1_514' title='bbox 900 4028 1033 4097; x_wconf 84' lang='grc' dir='ltr'>φασί</span> <span class='ocrx_word' id='word_1_515' title='bbox 1065 4044 1234 4092; x_wconf 89' lang='grc' dir='ltr'>τινες,</span> <span class='ocrx_word' id='word_1_516' title='bbox 1266 4026 1419 4097; x_wconf 77' lang='grc' dir='ltr'>ἤρξω</span> <span class='ocrx_word' id='word_1_517' title='bbox 1440 4028 1725 4098; x_wconf 84' lang='grc' dir='ltr'>πράττειν,</span> <span class='ocrx_word' id='word_1_518' title='bbox 1759 4026 1795 4083; x_wconf 78' lang='grc' dir='ltr'><strong>ἃ</strong></span> <span class='ocrx_word' id='word_1_519' title='bbox 1816 4029 1961 4080; x_wconf 80' lang='grc' dir='ltr'>ἐκεῖ·</span> 
     </span>
    </p>
   </div>
   <div class='ocr_carea' id='block_1_70' title="bbox 372 4116 1957 4194">
    <p class='ocr_par' dir='ltr' id='par_1_70' title="bbox 372 4116 1957 4194">
     <span class='ocr_line' id='line_1_70' title="bbox 372 4116 1957 4194; baseline -0.004 -18"><span class='ocrx_word' id='word_1_520' title='bbox 372 4140 466 4187; x_wconf 85' lang='grc' dir='ltr'><strong>νος</strong></span> <span class='ocrx_word' id='word_1_521' title='bbox 520 4122 779 4194; x_wconf 83' lang='grc' dir='ltr'>πράττων</span> <span class='ocrx_word' id='word_1_522' title='bbox 831 4121 912 4184; x_wconf 90' lang='grc' dir='ltr'><strong>είς</strong></span> <span class='ocrx_word' id='word_1_523' title='bbox 959 4121 1260 4192; x_wconf 83' lang='grc' dir='ltr'>ἀνήκεστον</span> <span class='ocrx_word' id='word_1_524' title='bbox 1310 4117 1651 4191; x_wconf 85' lang='grc' dir='ltr'>ἀναλγησίαν</span> <span class='ocrx_word' id='word_1_525' title='bbox 1700 4116 1957 4173; x_wconf 77' lang='grc' dir='ltr'>τετελεύ-</span> 
     </span>
    </p>
   </div>
   <div class='ocr_carea' id='block_1_71' title="bbox 372 4232 534 4286">
    <p class='ocr_par' dir='ltr' id='par_1_71' title="bbox 372 4232 534 4286">
     <span class='ocr_line' id='line_1_71' title="bbox 372 4232 534 4286; baseline -0.019 -15"><span class='ocrx_word' id='word_1_526' title='bbox 372 4232 534 4286; x_wconf 68' lang='grc' dir='ltr'>τηκε.</span> 
     </span>
    </p>
   </div>
   <div class='ocr_carea' id='block_1_72' title="bbox 721 4325 1615 4399">
    <p class='ocr_par' dir='ltr' id='par_1_72' title="bbox 721 4325 1615 4399">
     <span class='ocr_line' id='line_1_72' title="bbox 721 4325 1615 4399; baseline 0.002 -17"><span class='ocrx_word' id='word_1_527' title='bbox 721 4328 909 4387; x_wconf 80' lang='grc' dir='ltr'><strong>ΥΜΖ¹.,</strong></span> <span class='ocrx_word' id='word_1_528' title='bbox 927 4359 999 4370; x_wconf 92' lang='lat'><strong>——</strong></span> <span class='ocrx_word' id='word_1_529' title='bbox 1019 4328 1261 4399; x_wconf 67' lang='grc' dir='ltr'><strong>ίΜΩΣΕῼ</strong></span> <span class='ocrx_word' id='word_1_530' title='bbox 1296 4325 1615 4399; x_wconf 78' lang='grc' dir='ltr'><strong>ΔΙΑΚΟΝῼ.</strong></span> 
     </span>
    </p>
   </div>
   <div class='ocr_carea' id='block_1_73' title="bbox 2142 3658 3665 3730">
    <p class='ocr_par' dir='ltr' id='par_1_73' title="bbox 2142 3658 3665 3730">
     <span class='ocr_line' id='line_1_73' title="bbox 2142 3658 3665 3730; baseline 0.001 -17"><span class='ocrx_word' id='word_1_531' title='bbox 2142 3658 2360 3716; x_wconf 76' lang='lat' dir='ltr'><strong>Falsum</strong></span> <span class='ocrx_word' id='word_1_532' title='bbox 2398 3661 2842 3726; x_wconf 85' lang='lat' dir='ltr'><strong>homuncionem,</strong></span> <span class='ocrx_word' id='word_1_533' title='bbox 2880 3661 3277 3717; x_wconf 83' lang='lat' dir='ltr'><strong>exsecrandum</strong></span> <span class='ocrx_word' id='word_1_534' title='bbox 3310 3670 3476 3730; x_wconf 87' lang='lat' dir='ltr'><strong>atque</strong></span> <span class='ocrx_word' id='word_1_535' title='bbox 3512 3662 3665 3717; x_wconf 89' lang='lat' dir='ltr'><strong>adul-</strong></span> 
     </span>
    </p>
   </div>
   <div class='ocr_carea' id='block_1_74' title="bbox 2075 3750 3664 3822">
    <p class='ocr_par' dir='ltr' id='par_1_74' title="bbox 2075 3750 3664 3822">
     <span class='ocr_line' id='line_1_74' title="bbox 2075 3750 3664 3822; baseline 0.003 -18"><span class='ocrx_word' id='word_1_536' title='bbox 2075 3750 2310 3806; x_wconf 85' lang='lat' dir='ltr'><strong>terinum</strong></span> <span class='ocrx_word' id='word_1_537' title='bbox 2334 3792 2350 3817; x_wconf 92' lang='lat'><strong>,</strong></span> <span class='ocrx_word' id='word_1_538' title='bbox 2391 3762 2447 3808; x_wconf 91' lang='lat' dir='ltr'><strong>et</strong></span> <span class='ocrx_word' id='word_1_539' title='bbox 2477 3754 2610 3822; x_wconf 85' lang='lat' dir='ltr'><strong>quid</strong></span> <span class='ocrx_word' id='word_1_540' title='bbox 2652 3768 2760 3809; x_wconf 90' lang='lat' dir='ltr'><strong>non</strong></span> <span class='ocrx_word' id='word_1_541' title='bbox 2789 3753 2918 3808; x_wconf 84' lang='lat' dir='ltr'><strong>fcedi</strong></span> <span class='ocrx_word' id='word_1_542' title='bbox 2947 3754 3194 3809; x_wconf 88' lang='lat' dir='ltr'><strong>criminis</strong></span> <span class='ocrx_word' id='word_1_543' title='bbox 3223 3754 3329 3808; x_wconf 87' lang='lat' dir='ltr'><strong>tuis</strong></span> <span class='ocrx_word' id='word_1_544' title='bbox 3377 3755 3430 3809; x_wconf 93' lang='lat' dir='ltr'><strong>in</strong></span> <span class='ocrx_word' id='word_1_545' title='bbox 3467 3754 3664 3809; x_wconf 89' lang='lat' dir='ltr'><strong>litteris</strong></span> 
     </span>
    </p>
   </div>
   <div class='ocr_carea' id='block_1_75' title="bbox 2074 3842 3663 3915">
    <p class='ocr_par' dir='ltr' id='par_1_75' title="bbox 2074 3842 3663 3915">
     <span class='ocr_line' id='line_1_75' title="bbox 2074 3842 3663 3915; baseline 0.001 -19"><span class='ocrx_word' id='word_1_546' title='bbox 2074 3842 2352 3896; x_wconf 89' lang='lat' dir='ltr'><strong>Zosimum</strong></span> <span class='ocrx_word' id='word_1_547' title='bbox 2392 3846 2709 3911; x_wconf 71' lang='lat' dir='ltr'><strong>nominans,</strong></span> <span class='ocrx_word' id='word_1_548' title='bbox 2735 3860 2862 3901; x_wconf 86' lang='lat' dir='ltr'><strong>vere</strong></span> <span class='ocrx_word' id='word_1_549' title='bbox 2892 3845 3111 3915; x_wconf 85' lang='lat' dir='ltr'><strong>quidem</strong></span> <span class='ocrx_word' id='word_1_550' title='bbox 3138 3845 3312 3901; x_wconf 90' lang='lat' dir='ltr'><strong>dicis:</strong></span> <span class='ocrx_word' id='word_1_551' title='bbox 3362 3860 3554 3901; x_wconf 84' lang='lat' dir='ltr'><strong>vereor</strong></span> <span class='ocrx_word' id='word_1_552' title='bbox 3581 3854 3663 3899; x_wconf 81' lang='lat' dir='ltr'><strong>ta-</strong></span> 
     </span>
    </p>
   </div>
   <div class='ocr_carea' id='block_1_76' title="bbox 2076 3934 3661 4005">
    <p class='ocr_par' dir='ltr' id='par_1_76' title="bbox 2076 3934 3661 4005">
     <span class='ocr_line' id='line_1_76' title="bbox 2076 3934 3661 4005; baseline 0.002 -19"><span class='ocrx_word' id='word_1_553' title='bbox 2076 3948 2197 3988; x_wconf 89' lang='lat' dir='ltr'><strong>men</strong></span> <span class='ocrx_word' id='word_1_554' title='bbox 2239 3948 2306 3988; x_wconf 89' lang='lat' dir='ltr'><strong>ne</strong></span> <span class='ocrx_word' id='word_1_555' title='bbox 2338 3942 2392 3988; x_wconf 89' lang='lat' dir='ltr'><strong>et</strong></span> <span class='ocrx_word' id='word_1_556' title='bbox 2446 3934 2564 4001; x_wconf 84' lang='lat' dir='ltr'><strong>ipse</strong></span> <span class='ocrx_word' id='word_1_557' title='bbox 2626 3946 2749 4004; x_wconf 87' lang='lat' dir='ltr'><strong>post</strong></span> <span class='ocrx_word' id='word_1_558' title='bbox 2804 3936 2966 4005; x_wconf 91' lang='lat' dir='ltr'><strong>paulo</strong></span> <span class='ocrx_word' id='word_1_559' title='bbox 3015 3937 3139 3992; x_wconf 88' lang='lat' dir='ltr'><strong>talis</strong></span> <span class='ocrx_word' id='word_1_560' title='bbox 3177 3936 3498 4005; x_wconf 83' lang='lat' dir='ltr'><strong>reperiaris.</strong></span> <span class='ocrx_word' id='word_1_561' title='bbox 3569 3936 3661 3989; x_wconf 88' lang='lat' dir='ltr'><strong>Illa</strong></span> 
     </span>
    </p>
   </div>
   <div class='ocr_carea' id='block_1_77' title="bbox 2073 4026 3664 4101">
    <p class='ocr_par' dir='ltr' id='par_1_77' title="bbox 2073 4026 3664 4101">
     <span class='ocr_line' id='line_1_77' title="bbox 2073 4026 3664 4101; baseline 0.003 -21"><span class='ocrx_word' id='word_1_562' title='bbox 2073 4026 2271 4081; x_wconf 89' lang='lat' dir='ltr'><strong>etenim</strong></span> <span class='ocrx_word' id='word_1_563' title='bbox 2302 4028 2695 4097; x_wconf 81' lang='lat' dir='ltr'><strong>agereincipis,</strong></span> <span class='ocrx_word' id='word_1_564' title='bbox 2726 4029 2887 4100; x_wconf 81' lang='lat'><strong>691</strong></span> <span class='ocrx_word' id='word_1_565' title='bbox 2911 4041 2969 4085; x_wconf 90' lang='lat' dir='ltr'><strong>ut</strong></span> <span class='ocrx_word' id='word_1_566' title='bbox 2991 4031 3210 4101; x_wconf 85' lang='lat' dir='ltr'><strong>quidam</strong></span> <span class='ocrx_word' id='word_1_567' title='bbox 3246 4031 3517 4095; x_wconf 81' lang='lat' dir='ltr'><strong>referunt,</strong></span> <span class='ocrx_word' id='word_1_568' title='bbox 3542 4046 3664 4100; x_wconf 67' lang='lat' dir='ltr'><strong>quae</strong></span> 
     </span>
    </p>
   </div>
   <div class='ocr_carea' id='block_1_78' title="bbox 2072 4118 3548 4177">
    <p class='ocr_par' dir='ltr' id='par_1_78' title="bbox 2072 4118 3548 4177">
     <span class='ocr_line' id='line_1_78' title="bbox 2072 4118 3548 4177; baseline 0.002 -4"><span class='ocrx_word' id='word_1_569' title='bbox 2072 4118 2162 4175; x_wconf 90' lang='lat' dir='ltr'><strong>ille</strong></span> <span class='ocrx_word' id='word_1_570' title='bbox 2191 4118 2538 4175; x_wconf 87' lang='lat' dir='ltr'><strong>committens</strong></span> <span class='ocrx_word' id='word_1_571' title='bbox 2570 4119 2625 4175; x_wconf 91' lang='lat' dir='ltr'><strong>in</strong></span> <span class='ocrx_word' id='word_1_572' title='bbox 2660 4119 3018 4177; x_wconf 89' lang='lat' dir='ltr'><strong>incurabilem</strong></span> <span class='ocrx_word' id='word_1_573' title='bbox 3050 4121 3242 4177; x_wconf 89' lang='lat' dir='ltr'><strong>incidit</strong></span> <span class='ocrx_word' id='word_1_574' title='bbox 3274 4122 3548 4176; x_wconf 78' lang='lat' dir='ltr'><strong>morbum.</strong></span> 
     </span>
    </p>
   </div>
   <div class='ocr_carea' id='block_1_79' title="bbox 2387 4323 3365 4383">
    <p class='ocr_par' dir='ltr' id='par_1_79' title="bbox 2387 4323 3365 4383">
     <span class='ocr_line' id='line_1_79' title="bbox 2387 4323 3365 4383; baseline -0.002 -2"><span class='ocrx_word' id='word_1_575' title='bbox 2387 4323 2692 4381; x_wconf 77' lang='lat' dir='ltr'><strong>CDXLVll.</strong></span> <span class='ocrx_word' id='word_1_576' title='bbox 2730 4357 2801 4367; x_wconf 90' lang='lat'><strong><em>—</em></strong></span> <span class='ocrx_word' id='word_1_577' title='bbox 2841 4324 3001 4382; x_wconf 85' lang='lat' dir='ltr'><strong>MOSI</strong></span> <span class='ocrx_word' id='word_1_578' title='bbox 3036 4324 3365 4383; x_wconf 76' lang='lat' dir='ltr'><strong>DlACONO.</strong></span> 
     </span>
    </p>
   </div>
   <div class='ocr_carea' id='block_1_80' title="bbox 1578 4420 2468 4496">
    <p class='ocr_par' dir='ltr' id='par_1_80' title="bbox 1578 4420 2468 4496">
     <span class='ocr_line' id='line_1_80' title="bbox 1578 4420 2468 4496; baseline 0.003 -19"><span class='ocrx_word' id='word_1_579' title='bbox 1578 4422 1653 4477; x_wconf 85' lang='lat' dir='ltr'><strong>De</strong></span> <span class='ocrx_word' id='word_1_580' title='bbox 1683 4422 1903 4479; x_wconf 79' lang='lat' dir='ltr'><strong>divitiis.</strong></span> <span class='ocrx_word' id='word_1_581' title='bbox 1932 4420 2103 4495; x_wconf 72' lang='lat' dir='ltr'><strong>(Infr.</strong></span> <span class='ocrx_word' id='word_1_582' title='bbox 2131 4424 2284 4494; x_wconf 83' lang='lat' dir='ltr'><strong>epist.</strong></span> <span class='ocrx_word' id='word_1_583' title='bbox 2316 4423 2468 4496; x_wconf 74' lang='grc'><strong>450.)</strong></span> 
     </span>
    </p>
   </div>
   <div class='ocr_carea' id='block_1_81' title="bbox 452 4535 1965 4613">
    <p class='ocr_par' dir='ltr' id='par_1_81' title="bbox 452 4535 1965 4613">
     <span class='ocr_line' id='line_1_81' title="bbox 452 4535 1965 4613; baseline -0.001 -21"><span class='ocrx_word' id='word_1_584' title='bbox 452 4538 552 4593; x_wconf 84' lang='grc' dir='ltr'>Ἐν</span> <span class='ocrx_word' id='word_1_585' title='bbox 590 4540 751 4611; x_wconf 84' lang='grc' dir='ltr'>μόνον</span> <span class='ocrx_word' id='word_1_586' title='bbox 798 4540 965 4596; x_wconf 83' lang='grc' dir='ltr'>καλὸν</span> <span class='ocrx_word' id='word_1_587' title='bbox 1009 4540 1153 4613; x_wconf 75' lang='grc' dir='ltr'>ἔχειν</span> <span class='ocrx_word' id='word_1_588' title='bbox 1188 4557 1280 4611; x_wconf 89' lang='grc' dir='ltr'><strong>μοι</strong></span> <span class='ocrx_word' id='word_1_589' title='bbox 1334 4539 1483 4594; x_wconf 84' lang='grc' dir='ltr'>δοκεῖ</span> <span class='ocrx_word' id='word_1_590' title='bbox 1507 4538 1535 4592; x_wconf 86' lang='lat'><strong>6</strong></span> <span class='ocrx_word' id='word_1_591' title='bbox 1584 4535 1838 4601; x_wconf 81' lang='grc' dir='ltr'>πλοῦτος,</span> <span class='ocrx_word' id='word_1_592' title='bbox 1880 4539 1965 4591; x_wconf 84' lang='grc' dir='ltr'><strong>ὅτι</strong></span> 
     </span>
    </p>
   </div>
   <div class='ocr_carea' id='block_1_82' title="bbox 2152 4532 3665 4605">
    <p class='ocr_par' dir='ltr' id='par_1_82' title="bbox 2152 4532 3665 4605">
     <span class='ocr_line' id='line_1_82' title="bbox 2152 4532 3665 4605; baseline 0.001 -14"><span class='ocrx_word' id='word_1_593' title='bbox 2152 4536 2361 4591; x_wconf 70' lang='lat' dir='ltr'><strong>Divitiae</strong></span> <span class='ocrx_word' id='word_1_594' title='bbox 2407 4552 2574 4591; x_wconf 91' lang='lat' dir='ltr'><strong>unum</strong></span> <span class='ocrx_word' id='word_1_595' title='bbox 2632 4536 2765 4591; x_wconf 91' lang='lat' dir='ltr'><strong>mihi</strong></span> <span class='ocrx_word' id='word_1_596' title='bbox 2811 4536 3097 4592; x_wconf 87' lang='lat' dir='ltr'><strong>continere</strong></span> <span class='ocrx_word' id='word_1_597' title='bbox 3143 4532 3346 4592; x_wconf 86' lang='lat' dir='ltr'><strong>bonum</strong></span> <span class='ocrx_word' id='word_1_598' title='bbox 3383 4536 3665 4605; x_wconf 80' lang='lat' dir='ltr'><strong>videntur,</strong></span> 
     </span>
    </p>
   </div>
   <div class='ocr_carea' id='block_1_83' title="bbox 374 4599 2003 4708">
    <p class='ocr_par' dir='ltr' id='par_1_83' title="bbox 374 4599 1969 4708">
     <span class='ocr_line' id='line_1_83' title="bbox 374 4599 1969 4708; baseline -0.004 -17"><span class='ocrx_word' id='word_1_599' title='bbox 374 4636 491 4699; x_wconf 72' lang='grc' dir='ltr'>τοῖς</span> <span class='ocrx_word' id='word_1_600' title='bbox 553 4599 792 4707; x_wconf 65' lang='grc' dir='ltr'>μάλιστα</span> <span class='ocrx_word' id='word_1_601' title='bbox 845 4599 1094 4708; x_wconf 51' lang='grc' dir='ltr'>φιλοῦσῐθ</span> <span class='ocrx_word' id='word_1_602' title='bbox 1142 4599 1307 4690; x_wconf 64' lang='grc' dir='ltr'>αθτὸν</span> <span class='ocrx_word' id='word_1_603' title='bbox 1363 4633 1645 4697; x_wconf 84' lang='grc' dir='ltr'>κινδύνους</span> <span class='ocrx_word' id='word_1_604' title='bbox 1691 4599 1969 4697; x_wconf 76' lang='grc' dir='ltr'>ἐξαισίους</span> 
     </span>
    </p>
   </div>
   <div class='ocr_carea' id='block_1_84' title="bbox 2072 4599 3519 4708">
    <p class='ocr_par' dir='ltr' id='par_1_84' title="bbox 2076 4624 3519 4697">
     <span class='ocr_line' id='line_1_84' title="bbox 2076 4624 3519 4697; baseline 0.001 -17"><span class='ocrx_word' id='word_1_605' title='bbox 2076 4626 2220 4697; x_wconf 91' lang='lat' dir='ltr'><strong>quod</strong></span> <span class='ocrx_word' id='word_1_606' title='bbox 2248 4642 2344 4683; x_wconf 89' lang='lat' dir='ltr'><strong>eas</strong></span> <span class='ocrx_word' id='word_1_607' title='bbox 2375 4625 2685 4682; x_wconf 85' lang='lat' dir='ltr'><strong>amantibus</strong></span> <span class='ocrx_word' id='word_1_608' title='bbox 2722 4625 2962 4697; x_wconf 89' lang='lat' dir='ltr'><strong>ingentia</strong></span> <span class='ocrx_word' id='word_1_609' title='bbox 3000 4624 3219 4695; x_wconf 86' lang='lat' dir='ltr'><strong>pariant</strong></span> <span class='ocrx_word' id='word_1_610' title='bbox 3251 4624 3519 4695; x_wconf 85' lang='lat' dir='ltr'><strong>pericula.</strong></span> 
     </span>
    </p>
   </div>
   <div class='ocr_carea' id='block_1_85' title="bbox 376 4726 686 4783">
    <p class='ocr_par' dir='ltr' id='par_1_85' title="bbox 376 4726 686 4783">
     <span class='ocr_line' id='line_1_85' title="bbox 376 4726 686 4783; baseline 0.003 -1"><span class='ocrx_word' id='word_1_611' title='bbox 376 4726 686 4783; x_wconf 85' lang='grc' dir='ltr'>ἀποτίκτει.</span> 
     </span>
    </p>
   </div>
   <div class='ocr_carea' id='block_1_86' title="bbox 868 4822 1475 4895">
    <p class='ocr_par' dir='ltr' id='par_1_86' title="bbox 868 4822 1475 4895">
     <span class='ocr_line' id='line_1_86' title="bbox 868 4822 1475 4895; baseline -0.005 -1"><span class='ocrx_word' id='word_1_612' title='bbox 868 4840 1055 4895; x_wconf 74' lang='lat' dir='ltr'><strong>YMH’.</strong></span> <span class='ocrx_word' id='word_1_613' title='bbox 1090 4869 1162 4880; x_wconf 82' lang='grc'><strong><em>--</em></strong></span> <span class='ocrx_word' id='word_1_614' title='bbox 1192 4822 1475 4894; x_wconf 76' lang='lat' dir='ltr'><strong>ann&#39;Ni.</strong></span> 
     </span>
    </p>
   </div>
   <div class='ocr_carea' id='block_1_87' title="bbox 2496 4827 3249 4886">
    <p class='ocr_par' dir='ltr' id='par_1_87' title="bbox 2496 4827 3249 4886">
     <span class='ocr_line' id='line_1_87' title="bbox 2496 4827 3249 4886; baseline -0.005 0"><span class='ocrx_word' id='word_1_615' title='bbox 2496 4828 2821 4886; x_wconf 80' lang='lat' dir='ltr'><strong>CDXLVIII.</strong></span> <span class='ocrx_word' id='word_1_616' title='bbox 2856 4861 2927 4870; x_wconf 93' lang='lat'>—</span> <span class='ocrx_word' id='word_1_617' title='bbox 2976 4827 3249 4884; x_wconf 82' lang='grc' dir='ltr'><strong>ΖΕΝΟΝῙ.</strong></span> 
     </span>
    </p>
   </div>
   <div class='ocr_carea' id='block_1_88' title="bbox 1200 4921 2840 5000">
    <p class='ocr_par' dir='ltr' id='par_1_88' title="bbox 1200 4921 2840 5000">
     <span class='ocr_line' id='line_1_88' title="bbox 1200 4921 2840 5000; baseline -0.004 -18"><span class='ocrx_word' id='word_1_618' title='bbox 1200 4928 1545 5000; x_wconf 79' lang='lat' dir='ltr'><strong>Hermogenis</strong></span> <span class='ocrx_word' id='word_1_619' title='bbox 1576 4927 1807 4999; x_wconf 80' lang='lat' dir='ltr'><strong>episcopi</strong></span> <span class='ocrx_word' id='word_1_620' title='bbox 1837 4927 1980 4981; x_wconf 86' lang='lat' dir='ltr'><strong>laus.</strong></span> <span class='ocrx_word' id='word_1_621' title='bbox 2019 4925 2257 4997; x_wconf 80' lang='lat' dir='ltr'><strong>(Confer.</strong></span> <span class='ocrx_word' id='word_1_622' title='bbox 2296 4924 2449 4992; x_wconf 82' lang='lat' dir='ltr'><strong>epist.</strong></span> <span class='ocrx_word' id='word_1_623' title='bbox 2486 4922 2592 4978; x_wconf 78' lang='lat'><strong>558</strong></span> <span class='ocrx_word' id='word_1_624' title='bbox 2618 4933 2668 4978; x_wconf 91' lang='lat' dir='ltr'><strong>et</strong></span> <span class='ocrx_word' id='word_1_625' title='bbox 2690 4921 2840 4994; x_wconf 81' lang='grc'><strong>466.)</strong></span> 
     </span>
    </p>
   </div>
   <div class='ocr_carea' id='block_1_89' title="bbox 455 5046 1968 5121">
    <p class='ocr_par' dir='ltr' id='par_1_89' title="bbox 455 5046 1968 5121">
     <span class='ocr_line' id='line_1_89' title="bbox 455 5046 1968 5121; baseline -0.003 -18"><span class='ocrx_word' id='word_1_626' title='bbox 455 5051 523 5103; x_wconf 81' lang='grc' dir='ltr'>Ὀ</span> <span class='ocrx_word' id='word_1_627' title='bbox 586 5047 848 5120; x_wconf 82' lang='grc' dir='ltr'>βούλομαι</span> <span class='ocrx_word' id='word_1_628' title='bbox 901 5048 1184 5120; x_wconf 89' lang='grc' dir='ltr'>συντόμως</span> <span class='ocrx_word' id='word_1_629' title='bbox 1227 5047 1437 5120; x_wconf 80' lang='grc' dir='ltr'>φράσαι</span> <span class='ocrx_word' id='word_1_630' title='bbox 1489 5047 1749 5121; x_wconf 75' lang='grc' dir='ltr'>περὶτοῦ</span> <span class='ocrx_word' id='word_1_631' title='bbox 1784 5046 1968 5103; x_wconf 84' lang='grc' dir='ltr'>πάντα</span> 
     </span>
    </p>
   </div>
   <div class='ocr_carea' id='block_1_90' title="bbox 378 5136 1967 5213">
    <p class='ocr_par' dir='ltr' id='par_1_90' title="bbox 378 5136 1967 5213">
     <span class='ocr_line' id='line_1_90' title="bbox 378 5136 1967 5213; baseline -0.003 -18"><span class='ocrx_word' id='word_1_632' title='bbox 378 5141 607 5212; x_wconf 86' lang='grc' dir='ltr'>ἀρίστου</span> <span class='ocrx_word' id='word_1_633' title='bbox 650 5139 1037 5213; x_wconf 82' lang='grc' dir='ltr'>Ἑρμογένους,</span> <span class='ocrx_word' id='word_1_634' title='bbox 1089 5140 1185 5195; x_wconf 84' lang='grc' dir='ltr'>τοῦ</span> <span class='ocrx_word' id='word_1_635' title='bbox 1235 5140 1406 5204; x_wconf 71' lang='grc' dir='ltr'>ὅντως</span> <span class='ocrx_word' id='word_1_636' title='bbox 1429 5140 1755 5205; x_wconf 79' lang='grc' dir='ltr'>ἐπισκόπου,</span> <span class='ocrx_word' id='word_1_637' title='bbox 1805 5136 1967 5192; x_wconf 83' lang='grc' dir='ltr'>τοῦτό</span> 
     </span>
    </p>
   </div>
   <div class='ocr_carea' id='block_1_91' title="bbox 379 5230 1975 5304">
    <p class='ocr_par' dir='ltr' id='par_1_91' title="bbox 379 5230 1975 5304">
     <span class='ocr_line' id='line_1_91' title="bbox 379 5230 1975 5304; baseline -0.002 -18"><span class='ocrx_word' id='word_1_638' title='bbox 379 5234 560 5287; x_wconf 84' lang='grc' dir='ltr'>ἐστιν·</span> <span class='ocrx_word' id='word_1_639' title='bbox 608 5232 691 5285; x_wconf 83' lang='grc' dir='ltr'>ὅτι</span> <span class='ocrx_word' id='word_1_640' title='bbox 745 5230 1005 5286; x_wconf 74' lang='grc' dir='ltr'>τοσοῦτον</span> <span class='ocrx_word' id='word_1_641' title='bbox 1046 5232 1217 5304; x_wconf 82' lang='grc' dir='ltr'>ἀρετῇ</span> <span class='ocrx_word' id='word_1_642' title='bbox 1272 5231 1402 5295; x_wconf 81' lang='grc' dir='ltr'>τοὺς</span> <span class='ocrx_word' id='word_1_643' title='bbox 1454 5232 1596 5300; x_wconf 80' lang='grc' dir='ltr'>ἄγαν</span> <span class='ocrx_word' id='word_1_644' title='bbox 1649 5231 1975 5301; x_wconf 81' lang='grc' dir='ltr'>εὐδοκίμους</span> 
     </span>
    </p>
   </div>
   <div class='ocr_carea' id='block_1_92' title="bbox 381 5321 1977 5392">
    <p class='ocr_par' dir='ltr' id='par_1_92' title="bbox 381 5321 1977 5392">
     <span class='ocr_line' id='line_1_92' title="bbox 381 5321 1977 5392; baseline 0.001 -18"><span class='ocrx_word' id='word_1_645' title='bbox 381 5321 623 5392; x_wconf 79' lang='grc' dir='ltr'>παριὼν,</span> <span class='ocrx_word' id='word_1_646' title='bbox 654 5322 779 5376; x_wconf 86' lang='grc' dir='ltr'>ὅσον</span> <span class='ocrx_word' id='word_1_647' title='bbox 810 5323 1011 5376; x_wconf 82' lang='grc' dir='ltr'>ἐκεῖνοι</span> <span class='ocrx_word' id='word_1_648' title='bbox 1043 5323 1171 5387; x_wconf 86' lang='grc' dir='ltr'>τοὺς</span> <span class='ocrx_word' id='word_1_649' title='bbox 1209 5321 1411 5386; x_wconf 78' lang='grc' dir='ltr'>ἀλλους</span> <span class='ocrx_word' id='word_1_650' title='bbox 1462 5321 1731 5384; x_wconf 75' lang='grc' dir='ltr'>ἅπαντας,</span> <span class='ocrx_word' id='word_1_651' title='bbox 1757 5322 1834 5384; x_wconf 86' lang='grc' dir='ltr'>ὡς</span> <span class='ocrx_word' id='word_1_652' title='bbox 1872 5337 1977 5391; x_wconf 80' lang='grc' dir='ltr'>μη-</span> 
     </span>
    </p>
   </div>
   <div class='ocr_carea' id='block_1_93' title="bbox 381 5410 1975 5487">
    <p class='ocr_par' dir='ltr' id='par_1_93' title="bbox 381 5410 1975 5487">
     <span class='ocr_line' id='line_1_93' title="bbox 381 5410 1975 5487; baseline -0.001 -20"><span class='ocrx_word' id='word_1_653' title='bbox 381 5412 473 5467; x_wconf 82' lang='grc' dir='ltr'><strong>δὲν</strong></span> <span class='ocrx_word' id='word_1_654' title='bbox 520 5413 669 5486; x_wconf 83' lang='grc' dir='ltr'>μέγα</span> <span class='ocrx_word' id='word_1_655' title='bbox 718 5414 1208 5487; x_wconf 80' lang='grc' dir='ltr'>διαπραττόμενος,</span> <span class='ocrx_word' id='word_1_656' title='bbox 1265 5414 1412 5469; x_wconf 78' lang='grc' dir='ltr'>οὕτω</span> <span class='ocrx_word' id='word_1_657' title='bbox 1457 5413 1749 5478; x_wconf 77' lang='grc' dir='ltr'>διάκειται,</span> <span class='ocrx_word' id='word_1_658' title='bbox 1800 5410 1975 5475; x_wconf 71' lang='grc' dir='ltr'>οὕτως</span> 
     </span>
    </p>
   </div>
   <div class='ocr_carea' id='block_1_94' title="bbox 2148 5041 3673 5117">
    <p class='ocr_par' dir='ltr' id='par_1_94' title="bbox 2148 5041 3673 5117">
     <span class='ocr_line' id='line_1_94' title="bbox 2148 5041 3673 5117; baseline -0.002 -17"><span class='ocrx_word' id='word_1_659' title='bbox 2148 5045 2307 5101; x_wconf 88' lang='lat' dir='ltr'><strong>Libet</strong></span> <span class='ocrx_word' id='word_1_660' title='bbox 2353 5045 2545 5117; x_wconf 89' lang='lat' dir='ltr'><strong>paucis</strong></span> <span class='ocrx_word' id='word_1_661' title='bbox 2600 5045 2668 5101; x_wconf 88' lang='lat' dir='ltr'><strong>de</strong></span> <span class='ocrx_word' id='word_1_662' title='bbox 2714 5044 2923 5116; x_wconf 86' lang='lat' dir='ltr'><strong>optimo</strong></span> <span class='ocrx_word' id='word_1_663' title='bbox 2964 5044 3086 5100; x_wconf 87' lang='lat' dir='ltr'><strong>viro</strong></span> <span class='ocrx_word' id='word_1_664' title='bbox 3137 5041 3485 5113; x_wconf 86' lang='lat' dir='ltr'><strong>Hermogene</strong></span> <span class='ocrx_word' id='word_1_665' title='bbox 3538 5057 3673 5097; x_wconf 76' lang='lat' dir='ltr'><strong>vere</strong></span> 
     </span>
    </p>
   </div>
   <div class='ocr_carea' id='block_1_95' title="bbox 2075 5132 3667 5207">
    <p class='ocr_par' dir='ltr' id='par_1_95' title="bbox 2075 5132 3667 5207">
     <span class='ocr_line' id='line_1_95' title="bbox 2075 5132 3667 5207; baseline -0.002 -16"><span class='ocrx_word' id='word_1_666' title='bbox 2075 5137 2333 5207; x_wconf 89' lang='lat' dir='ltr'><strong>episcopo</strong></span> <span class='ocrx_word' id='word_1_667' title='bbox 2358 5135 2524 5191; x_wconf 88' lang='lat' dir='ltr'><strong>verba</strong></span> <span class='ocrx_word' id='word_1_668' title='bbox 2560 5134 2768 5202; x_wconf 80' lang='lat' dir='ltr'><strong>facere,</strong></span> <span class='ocrx_word' id='word_1_669' title='bbox 2808 5133 3071 5190; x_wconf 90' lang='lat' dir='ltr'><strong>nimirum</strong></span> <span class='ocrx_word' id='word_1_670' title='bbox 3104 5133 3305 5188; x_wconf 83' lang='lat' dir='ltr'><strong>virtute</strong></span> <span class='ocrx_word' id='word_1_671' title='bbox 3338 5132 3496 5188; x_wconf 82' lang='lat' dir='ltr'><strong>valde</strong></span> <span class='ocrx_word' id='word_1_672' title='bbox 3539 5147 3667 5201; x_wconf 87' lang='lat' dir='ltr'><strong>pro-</strong></span> 
     </span>
    </p>
   </div>
   <div class='ocr_carea' id='block_1_96' title="bbox 2078 5223 3667 5294">
    <p class='ocr_par' dir='ltr' id='par_1_96' title="bbox 2078 5223 3667 5294">
     <span class='ocr_line' id='line_1_96' title="bbox 2078 5223 3667 5294; baseline -0.004 -10"><span class='ocrx_word' id='word_1_673' title='bbox 2078 5229 2268 5284; x_wconf 86' lang='lat' dir='ltr'><strong>batum</strong></span> <span class='ocrx_word' id='word_1_674' title='bbox 2295 5236 2527 5283; x_wconf 64' lang='lat' dir='ltr'><strong>caeteros</strong></span> <span class='ocrx_word' id='word_1_675' title='bbox 2573 5233 2783 5283; x_wconf 88' lang='lat' dir='ltr'><strong>tantum</strong></span> <span class='ocrx_word' id='word_1_676' title='bbox 2830 5226 3062 5281; x_wconf 85' lang='lat' dir='ltr'><strong>transire</strong></span> <span class='ocrx_word' id='word_1_677' title='bbox 3108 5235 3275 5294; x_wconf 87' lang='lat' dir='ltr'><strong>atque</strong></span> <span class='ocrx_word' id='word_1_678' title='bbox 3315 5223 3667 5288; x_wconf 87' lang='lat' dir='ltr'><strong>autecellere,</strong></span> 
     </span>
    </p>
   </div>
   <div class='ocr_carea' id='block_1_97' title="bbox 2078 5314 3671 5390">
    <p class='ocr_par' dir='ltr' id='par_1_97' title="bbox 2078 5314 3671 5390">
     <span class='ocr_line' id='line_1_97' title="bbox 2078 5314 3671 5390; baseline -0.004 -15"><span class='ocrx_word' id='word_1_679' title='bbox 2078 5333 2341 5390; x_wconf 86' lang='lat' dir='ltr'><strong>quantum</strong></span> <span class='ocrx_word' id='word_1_680' title='bbox 2382 5320 2459 5375; x_wconf 93' lang='lat' dir='ltr'><strong>illi</strong></span> <span class='ocrx_word' id='word_1_681' title='bbox 2491 5320 2704 5375; x_wconf 67' lang='lat' dir='ltr'><strong>caeteris</strong></span> <span class='ocrx_word' id='word_1_682' title='bbox 2742 5328 3009 5389; x_wconf 70' lang='lat' dir='ltr'><strong>praestant</strong></span> <span class='ocrx_word' id='word_1_683' title='bbox 3039 5336 3053 5373; x_wconf 91' lang='lat'><strong>:</strong></span> <span class='ocrx_word' id='word_1_684' title='bbox 3099 5317 3145 5373; x_wconf 85' lang='lat' dir='ltr'><strong>is</strong></span> <span class='ocrx_word' id='word_1_685' title='bbox 3168 5317 3324 5388; x_wconf 88' lang='lat' dir='ltr'><strong>quasi</strong></span> <span class='ocrx_word' id='word_1_686' title='bbox 3367 5314 3502 5370; x_wconf 90' lang='lat' dir='ltr'><strong>nihil</strong></span> <span class='ocrx_word' id='word_1_687' title='bbox 3536 5330 3671 5385; x_wconf 72' lang='lat' dir='ltr'><strong>pne-</strong></span> 
     </span>
    </p>
   </div>
   <div class='ocr_carea' id='block_1_98' title="bbox 2080 5400 3673 5483">
    <p class='ocr_par' dir='ltr' id='par_1_98' title="bbox 2080 5400 3673 5483">
     <span class='ocr_line' id='line_1_98' title="bbox 2080 5400 3673 5483; baseline -0.004 -16"><span class='ocrx_word' id='word_1_688' title='bbox 2080 5414 2286 5468; x_wconf 89' lang='lat' dir='ltr'><strong>clarum</strong></span> <span class='ocrx_word' id='word_1_689' title='bbox 2317 5400 2661 5483; x_wconf 43' lang='lat' dir='ltr'><strong>egissetfita</strong></span> <span class='ocrx_word' id='word_1_690' title='bbox 2693 5413 2760 5469; x_wconf 88' lang='lat' dir='ltr'><strong>de</strong></span> <span class='ocrx_word' id='word_1_691' title='bbox 2786 5426 2848 5468; x_wconf 85' lang='lat' dir='ltr'><strong>se</strong></span> <span class='ocrx_word' id='word_1_692' title='bbox 2885 5410 3174 5477; x_wconf 90' lang='lat' dir='ltr'><strong>sentiebat,</strong></span> <span class='ocrx_word' id='word_1_693' title='bbox 3202 5418 3261 5465; x_wconf 84' lang='lat' dir='ltr'><strong>ut</strong></span> <span class='ocrx_word' id='word_1_694' title='bbox 3306 5406 3673 5463; x_wconf 89' lang='lat' dir='ltr'><strong>humilitatem</strong></span> 
     </span>
    </p>
   </div>
   <div class='ocr_carea' id='block_1_99' title="bbox 1484 5588 2547 5649">
    <p class='ocr_par' dir='ltr' id='par_1_99' title="bbox 1484 5588 2547 5649">
     <span class='ocr_line' id='line_1_99' title="bbox 1484 5588 2547 5649; baseline -0.001 -1"><span class='ocrx_word' id='word_1_695' title='bbox 1484 5592 1719 5648; x_wconf 75' lang='lat' dir='ltr'><strong>VARUE</strong></span> <span class='ocrx_word' id='word_1_696' title='bbox 1756 5589 2146 5649; x_wconf 73' lang='lat' dir='ltr'><strong>LECTIONES</strong></span> <span class='ocrx_word' id='word_1_697' title='bbox 2183 5590 2273 5645; x_wconf 82' lang='grc' dir='ltr'><strong>ΕΤ</strong></span> <span class='ocrx_word' id='word_1_698' title='bbox 2313 5588 2547 5647; x_wconf 66' lang='lat' dir='ltr'><strong>NOTAE.</strong></span> 
     </span>
    </p>
   </div>
   <div class='ocr_carea' id='block_1_100' title="bbox 462 5748 1982 5830">
    <p class='ocr_par' dir='ltr' id='par_1_100' title="bbox 462 5748 1982 5830">
     <span class='ocr_line' id='line_1_100' title="bbox 462 5748 1982 5830; baseline -0.009 -14"><span class='ocrx_word' id='word_1_699' title='bbox 462 5758 577 5830; x_wconf 78' lang='lat'><strong>(36)</strong></span> <span class='ocrx_word' id='word_1_700' title='bbox 607 5758 693 5825; x_wconf 83' lang='grc' dir='ltr'><strong>Τῷ</strong></span> <span class='ocrx_word' id='word_1_701' title='bbox 724 5759 923 5828; x_wconf 81' lang='grc' dir='ltr'>τρόπῳ</span> <span class='ocrx_word' id='word_1_702' title='bbox 949 5753 1484 5830; x_wconf 54' lang='grc' dir='ltr'>παρακαλούντψ,</span> <span class='ocrx_word' id='word_1_703' title='bbox 1507 5759 1614 5830; x_wconf 69' lang='lat' dir='ltr'><strong>etc.</strong></span> <span class='ocrx_word' id='word_1_704' title='bbox 1647 5748 1982 5830; x_wconf 44' lang='lat' dir='ltr'><strong>Vitteeagem:</strong></span> 
     </span>
    </p>
   </div>
   <div class='ocr_carea' id='block_1_101' title="bbox 390 5821 1978 5954">
    <p class='ocr_par' dir='ltr' id='par_1_101' title="bbox 390 5821 1978 5954">
     <span class='ocr_line' id='line_1_101' title="bbox 390 5821 1978 5954; baseline -0.006 -71"><span class='ocrx_word' id='word_1_705' title='bbox 390 5821 482 5899; x_wconf 75' lang='lat' dir='ltr'><strong>plo</strong></span> <span class='ocrx_word' id='word_1_706' title='bbox 515 5821 682 5913; x_wconf 65' lang='lat' dir='ltr'><strong>magis</strong></span> <span class='ocrx_word' id='word_1_707' title='bbox 700 5821 861 5954; x_wconf 48' lang='lat' dir='ltr'><strong>43mm</strong></span> <span class='ocrx_word' id='word_1_708' title='bbox 890 5821 1130 5884; x_wconf 66' lang='lat' dir='ltr'><strong>oratione</strong></span> <span class='ocrx_word' id='word_1_709' title='bbox 1161 5825 1491 5905; x_wconf 56' lang='lat' dir='ltr'><strong>persuaderi.</strong></span> <span class='ocrx_word' id='word_1_710' title='bbox 1520 5822 1801 5876; x_wconf 85' lang='lat' dir='ltr'><strong>Menandri</strong></span> <span class='ocrx_word' id='word_1_711' title='bbox 1831 5821 1978 5909; x_wconf 44' lang='lat' dir='ltr'><strong>,illnd</strong></span> 
     </span>
     <span class='ocr_line' id='line_1_102' title="bbox 392 5891 1978 5954; baseline -0.006 0"><span class='ocrx_word' id='word_1_712' title='bbox 392 5911 633 5954; x_wconf 69' lang='lat' dir='ltr'><strong>resnent</strong></span> <span class='ocrx_word' id='word_1_713' title='bbox 657 5923 668 5954; x_wconf 93' lang='lat'>:</span> <span class='ocrx_word' id='word_1_714' title='bbox 749 5900 913 5954; x_wconf 77' lang='grc' dir='ltr'>οόπος</span> <span class='ocrx_word' id='word_1_715' title='bbox 935 5899 1047 5954; x_wconf 78' lang='grc' dir='ltr'>ἔσθ’</span> <span class='ocrx_word' id='word_1_716' title='bbox 1072 5901 1101 5953; x_wconf 89' lang='lat'><strong>6</strong></span> <span class='ocrx_word' id='word_1_717' title='bbox 1123 5896 1326 5954; x_wconf 84' lang='grc' dir='ltr'>πείθων</span> <span class='ocrx_word' id='word_1_718' title='bbox 1357 5912 1451 5949; x_wconf 82' lang='grc' dir='ltr'><strong>του</strong></span> <span class='ocrx_word' id='word_1_719' title='bbox 1480 5893 1753 5954; x_wconf 77' lang='grc' dir='ltr'>λέγοντος,</span> <span class='ocrx_word' id='word_1_720' title='bbox 1793 5909 1854 5946; x_wconf 89' lang='grc' dir='ltr'><strong>ου</strong></span> <span class='ocrx_word' id='word_1_721' title='bbox 1895 5891 1978 5945; x_wconf 88' lang='grc' dir='ltr'><strong>λό-</strong></span> 
     </span>
    </p>
   </div>
   <div class='ocr_carea' id='block_1_102' title="bbox 392 5891 1981 5972">
    <p class='ocr_par' dir='ltr' id='par_1_102' title="bbox 392 5891 1981 5972">
     <span class='ocr_line' id='line_1_103' title="bbox 392 5891 1981 5972; baseline -0.007 -17"><span class='ocrx_word' id='word_1_722' title='bbox 392 5891 633 5972; x_wconf 58' lang='lat' dir='ltr'><strong>respexit</strong></span> <span class='ocrx_word' id='word_1_723' title='bbox 657 5923 668 5959; x_wconf 92' lang='lat'>:</span> <span class='ocrx_word' id='word_1_724' title='bbox 700 5891 913 5972; x_wconf 78' lang='grc' dir='ltr'>Τρόπος</span> <span class='ocrx_word' id='word_1_725' title='bbox 935 5899 1047 5954; x_wconf 78' lang='grc' dir='ltr'>ἔσθ’</span> <span class='ocrx_word' id='word_1_726' title='bbox 1072 5901 1101 5953; x_wconf 91' lang='lat'><strong>6</strong></span> <span class='ocrx_word' id='word_1_727' title='bbox 1123 5891 1326 5954; x_wconf 79' lang='grc' dir='ltr'>πείθων</span> <span class='ocrx_word' id='word_1_728' title='bbox 1357 5894 1451 5949; x_wconf 76' lang='grc' dir='ltr'>τοῦ</span> <span class='ocrx_word' id='word_1_729' title='bbox 1480 5893 1753 5965; x_wconf 77' lang='grc' dir='ltr'>λέγοντος,</span> <span class='ocrx_word' id='word_1_730' title='bbox 1793 5892 1854 5946; x_wconf 80' lang='grc' dir='ltr'><strong>οὐ</strong></span> <span class='ocrx_word' id='word_1_731' title='bbox 1895 5891 1981 5945; x_wconf 87' lang='grc' dir='ltr'><strong>λό-</strong></span> 
     </span>
    </p>
   </div>
   <div class='ocr_carea' id='block_1_103' title="bbox 2086 5732 3070 5819">
    <p class='ocr_par' dir='ltr' id='par_1_103' title="bbox 2086 5732 3070 5819">
     <span class='ocr_line' id='line_1_104' title="bbox 2086 5732 3070 5819; baseline 0.001 -17"><span class='ocrx_word' id='word_1_732' title='bbox 2086 5732 2204 5819; x_wconf 83' lang='grc' dir='ltr'>γος.</span> <span class='ocrx_word' id='word_1_733' title='bbox 2234 5746 2437 5819; x_wconf 62' lang='lat' dir='ltr'><strong>Confer</strong></span> <span class='ocrx_word' id='word_1_734' title='bbox 2467 5746 2630 5819; x_wconf 79' lang='lat' dir='ltr'><strong>epist.</strong></span> <span class='ocrx_word' id='word_1_735' title='bbox 2656 5745 2785 5819; x_wconf 59' lang='grc'><strong>215.</strong></span> <span class='ocrx_word' id='word_1_736' title='bbox 2825 5746 3070 5807; x_wconf 77' lang='lat' dir='ltr'><strong>Scuor&#39;r.</strong></span> 
     </span>
    </p>
   </div>
   <div class='ocr_carea' id='block_1_104' title="bbox 2159 5814 3517 5955">
    <p class='ocr_par' dir='ltr' id='par_1_104' title="bbox 2159 5814 3517 5955">
     <span class='ocr_line' id='line_1_105' title="bbox 2159 5814 3517 5955; baseline -0.001 -81"><span class='ocrx_word' id='word_1_737' title='bbox 2159 5818 2271 5955; x_wconf 39' lang='lat' dir='ltr'><strong>i227)</strong></span> <span class='ocrx_word' id='word_1_738' title='bbox 2302 5816 2429 5901; x_wconf 58' lang='lat' dir='ltr'><strong>Yat.</strong></span> <span class='ocrx_word' id='word_1_739' title='bbox 2456 5814 2563 5872; x_wconf 83' lang='lat'><strong>650</strong></span> <span class='ocrx_word' id='word_1_740' title='bbox 2595 5825 2650 5870; x_wconf 89' lang='lat' dir='ltr'><strong>et</strong></span> <span class='ocrx_word' id='word_1_741' title='bbox 2677 5816 2786 5906; x_wconf 56' lang='lat' dir='ltr'><strong>Alt:</strong></span> <span class='ocrx_word' id='word_1_742' title='bbox 2819 5816 3283 5892; x_wconf 74' lang='grc' dir='ltr'>προσεσχηκέναι.</span> <span class='ocrx_word' id='word_1_743' title='bbox 3304 5814 3517 5873; x_wconf 73' lang='lat' dir='ltr'><strong>Possm.</strong></span> 
     </span>
     <span class='ocr_line' id='line_1_106' title="bbox 2187 5887 2920 5955; baseline 0.004 -10"><span class='ocrx_word' id='word_1_744' title='bbox 2187 5890 2277 5955; x_wconf 75' lang='grc' dir='ltr'>οδ)</span> <span class='ocrx_word' id='word_1_745' title='bbox 2305 5888 2471 5946; x_wconf 76' lang='lat' dir='ltr'><strong>Iidem</strong></span> <span class='ocrx_word' id='word_1_746' title='bbox 2505 5887 2700 5945; x_wconf 83' lang='lat' dir='ltr'><strong>tollunt</strong></span> <span class='ocrx_word' id='word_1_747' title='bbox 2731 5905 2814 5943; x_wconf 83' lang='lat' dir='ltr'><strong>ou.</strong></span> <span class='ocrx_word' id='word_1_748' title='bbox 2842 5890 2920 5949; x_wconf 81' lang='lat' dir='ltr'><strong>in.</strong></span> 
     </span>
    </p>
   </div>
   <div class='ocr_carea' id='block_1_105' title="bbox 2187 5887 2920 5957">
    <p class='ocr_par' dir='ltr' id='par_1_105' title="bbox 2187 5887 2920 5957">
     <span class='ocr_line' id='line_1_107' title="bbox 2187 5887 2920 5957; baseline 0.004 -12"><span class='ocrx_word' id='word_1_749' title='bbox 2187 5890 2277 5957; x_wconf 81' lang='lat'><strong>38)</strong></span> <span class='ocrx_word' id='word_1_750' title='bbox 2305 5888 2471 5946; x_wconf 85' lang='lat' dir='ltr'><strong>Iidem</strong></span> <span class='ocrx_word' id='word_1_751' title='bbox 2505 5887 2700 5945; x_wconf 83' lang='lat' dir='ltr'><strong>tollunt</strong></span> <span class='ocrx_word' id='word_1_752' title='bbox 2731 5889 2814 5943; x_wconf 79' lang='grc' dir='ltr'>οὐ.</span> <span class='ocrx_word' id='word_1_753' title='bbox 2842 5887 2920 5949; x_wconf 72' lang='grc' dir='ltr'>ιι».</span> 
     </span>
    </p>
   </div>
  </div>
