3982 6420
400 415 535 482 1591
1589 422 1651 482 S.
1690 419 1987 482 ISIDORI
2030 419 2478 481 PELUSI‘OT/E
3521 408 3642 473 1588

401 525 710 594 prasidium
755 539 820 582 ac
850 525 1246 582 munimentum
1294 526 1527 582 aliarum
1562 543 1685 582 esse
1717 531 1973 583 virtutum

2083 528 2238 600 ᾠήθη
2273 529 2384 582 δεῖν
2413 529 2516 598 τὴν
2565 523 3096 595 ταπεινοφροσύνην,
3125 520 3319 591 ὥσπερ
3344 517 3586 590 φρούριον
3614 521 3643 590 ἦ

399 616 650 672 duceret.
2091 623 2465 698 Qulaxtﬁptov
2495 620 2606 673 τῶν
2635 619 2810 674 ἄλλων
2843 615 3290 688 κατορθωμάτων
3327 613 3489 683 ἒχειν.

656 728 932 788 GDXLIX.
965 760 1037 770 —
1075 729 1378 788 EUTONIO
1408 729 1726 788 DIACONO.

2380 733 2566 788 TMB’.
2602 761 2672 774 -
2708 730 3014 799 ΕΥΤΟΝΙῼ
3054 725 3386 796 ΔΙΑΚΟΝῼ.

1302 825 1568 880 Bonorum
1599 825 1965 896 malorumque
1993 827 2117 880 dum
2144 826 2438 895 laudantur
2462 826 2769 880 discrimen.

470 939 539 998 Ut
560 955 748 996 eorum
767 941 860 1011 qui
888 941 1096 1012 judicio
1119 952 1249 998 sunt
1275 941 1622 997 condemnati
1655 941 1787 1007 vita,
1817 943 1978 998 modo

2158 945 2371 1013 Ὥσπερ
2393 942 2512 995 ἔνια
2526 941 2636 994 τῶν
2655 938 3018 1012 ἐγκλημάτων
3039 935 3232 990 εἴωθεν
3259 933 3462 988 ἄπιστα
3487 939 3645 989 ποιεῖν

395 1033 620 1101 probata
643 1032 896 1102 claraque
921 1035 1173 1099 exsistat,
1201 1034 1563 1104 quorumdam
1596 1033 1737 1088 solet
1763 1049 1962 1090 accusa

2081 1039 2239 1094 ὁτῶν
2270 1039 2607 1110 κρινομένων
2631 1037 2769 1108 βίος,
2805 1037 3092 1106 εὐδόκιμος
3131 1033 3209 1087 ὢν
3248 1033 3345 1086 καὶ
3382 1032 3650 1103 λαμπρός·

397 1125 598 1178 tionem
631 1122 879 1180 refellere
909 1143 924 1191 ;
975 1127 1055 1182 sic
1092 1137 1148 1182 et
1199 1126 1543 1182 laudationes
1581 1127 1778 1183 nimias
1814 1127 1969 1183 falsa:

2085 1131 2258 1194 οὕτως
2289 1129 2406 1183 ἔνια
2433 1130 2542 1182 τῶν
2595 1129 2890 1200 ἐγκωμίων
2930 1127 3175 1198 πέφυκεν
3207 1127 3416 1180 ἄπιστα
3445 1128 3654 1179 ποιεῖνό

393 1214 686 1269 ostende-re
713 1225 1119 1271 consuevenmt
1163 1232 1343 1270 mores
1373 1216 1731 1286 quorumdam
1773 1217 1961 1272 sinistr

2085 1224 2192 1277 τῶν
2223 1222 2723 1294 ἐγκωμιαζομένων
2757 1222 2982 1295 τρόπος,
3005 1222 3195 1286 σκαιὸς
3225 1220 3302 1276 ὢν
3330 1220 3424 1276 καὶ
3445 1219 3657 1289 φαῦλος.

390 1304 545 1372 juxta
576 1321 638 1361 ae
670 1306 820 1361 mali.
859 1306 916 1362 Si
949 1307 1094 1362 enim
1122 1308 1374 1379 plerique
1393 1308 1673 1370 mortales,
1698 1309 1788 1377 qui
1825 1308 1962 1364 laudi

2085 1317 2148 1369 Εί
2173 1315 2282 1386 γὰρ
2317 1317 2405 1368 καὶ
2451 1314 2640 1368 πολλοὶ
2669 1315 2780 1368 τῶν
2822 1314 3148 1386 ἀνθρώπων,
3177 1315 3288 1368 τῶν
3315 1313 3478 1385 μηδὲν
3507 1313 3651 1381 λόγου

394 1397 612 1466 dignum
653 1397 789 1452 nihil
825 1413 1018 1469 gerere
1052 1401 1308 1464 student,
1357 1399 1594 1468 gaudent
1627 1399 1844 1468 quidem
1889 1415 1966 1454 ca-

2085 1406 2237 1472 ἄξιον
2275 1408 2448 1460 ποιεῖν
2507 1405 2824 1471 ἐθελόντων,
2873 1407 3126 1478 χαίρουσι
3177 1406 3277 1476 μὲν
3316 1407 3438 1468 ταῖς
3489 1403 3657 1457 διαϐο-

395 1485 613 1543 lumniis
638 1527 653 1553 ,
696 1489 945 1543 laudibus
996 1500 1182 1544 contra
1227 1490 1622 1544 contristantur
1659 1490 1802 1558 (illas
1832 1491 1967 1545 enim

2086 1495 2230 1560 λαῖς,
2295 1496 2709 1568 δυσχεραίνουσι
2769 1497 2829 1550 δὲ
2891 1497 2985 1549 ἐπὶ
3041 1499 3156 1560 τοῖς
3209 1495 3502 1566 ἐγκωμίοις
3553 1495 3655 1564 (τὰς

393 1587 581 1633 contra
631 1596 696 1636 se
742 1580 848 1636 dici
897 1582 1215 1651 opinantur,
1264 1585 1360 1634 has
1403 1597 1534 1635 vero
1589 1598 1864 1650 nunquam
1917 1597 1965 1638 se

2090 1589 2188 1658 μὲν
2236 1589 2345 1658 γὰρ
2388 1591 2483 1641 καὶ
2527 1589 2651 1643 καθ’
2677 1585 2896 1643 ἑαυτῶν
2935 1590 3195 1660 ἡγοῦνται
3241 1587 3518 1656 λέγεσθαι,
3561 1586 3659 1642 τῶν

393 1681 783 1728 consecuturos
809 1673 1090 1745 sperant):
1117 1677 1314 1728 virtute
1340 1690 1468 1729 vero
1505 1675 1762 1736 ilhtstres,
1782 1676 1965 1744 probos

2086 1681 2144 1734 δὲ
2197 1681 2453 1734 οὐδέποτε
2497 1682 2804 1735 ἀπολαῦσαι
2852 1683 3271 1753 προσδοκῶσιν)ο
3329 1680 3445 1735 ἀλλ’
3472 1676 3560 1732 οὖν
3601 1695 3657 1746 γε

391 1776 528 1830 quos
567 1777 672 1815 non
718 1774 952 1828 norunt,
989 1765 1260 1819 calumnia
1292 1770 1572 1829 oneratos,
1623 1766 1786 1818 etiam
1819 1775 1963 1819 ante-

2089 1775 2134 1826 οί
2168 1776 2266 1842 τὴν
2300 1774 2502 1846 ἀρετὴν
2544 1774 2893 1845 ἐστεμμένοι,
2919 1776 3046 1838 τοὺς
3087 1776 3184 1845 μέν
3203 1773 3465 1845 ἀρίστους
3488 1773 3566 1842 ἐφ’
3588 1765 3661 1834 οἷς

392 1865 555 1920 quam
595 1855 812 1919 norint,
847 1853 1101 1910 innoxios
1132 1856 1435 1910 declarant.
1473 1853 1642 1909 Malos
1664 1871 1794 1910 vero
1833 1855 1876 1910 si
1909 1855 1964 1909 ad

2085 1864 2146 1917 οὐ
2191 1865 2426 1924 συνίασι,
2473 1865 2959 1936 διαϐαλλομένους,
3016 1869 3112 1920 καὶ
3165 1867 3272 1936 πρὸ
3332 1864 3657 1932 διαγνώσεως

392 1944 626 2013 gratiam
669 1944 984 2010 laudentur,
1037 1947 1196 2002 laude
1237 1947 1487 2018 judicant
1540 1948 1817 2019 indignos,
1861 1963 1964 2003 non

2082 1955 2484 2012 ἀπαλλάττουσι
2507 1960 2616 2012 τῶν
2643 1960 2811 2029 ὲγκλη
2823 1961 3032 2029 μάτων.
3065 1960 3205 2023 Τοὺς
3232 1959 3294 2012 δὲ
3322 1958 3578 2027 φαύλους,
3609 1958 3652 2009 εί

394 2042 504 2088 tam
533 2036 603 2089 oh
631 2036 795 2099 dicta,
816 2053 978 2107 quam
1009 2041 1078 2091 oh
1103 2049 1251 2109 gesta
1277 2039 1540 2108 judicium
1577 2037 1830 2094 ferentes.
1868 2039 1966 2107 lgi-

2087 2049 2228 2120 πρὺς
2275 2049 2437 2121 χάριν
2503 2051 2965 2121 ἐγκωμιασθείεν,
3035 2051 3298 2116 ἀναξίους
3360 2046 3500 2103 εἶναι
3558 2048 3656 2102 τῶν

393 2134 483 2180 tur
524 2142 702 2198 neque
759 2130 947 2200 optimi
1002 2131 1330 2185 calumniam
1381 2131 1507 2185 dum
1569 2132 1854 2201 patiuntur
1901 2133 1965 2186 iu-

2089 2140 2326 2194 ὲπαίνων
2379 2141 2716 2212 νομίζουσιν,
2754 2142 2855 2196 οὐκ
2903 2144 3011 2197 ἀπδ
3040 2143 3149 2196 τῶν
3187 2143 3524 2214 λεγομένων,
3553 2140 3661 2194 ἀλλ’

390 2218 685 2288 dignentur
707 2220 939 2292 (iactata
971 2223 1114 2276 enim
1149 2223 1279 2278 nihil
1305 2224 1370 2278 ad
1391 2223 1530 2279 alios
1548 2225 1962 2296 pertinent),ne-

2091 2232 2195 2287 ἀπὸ
2221 2232 2330 2286 τῶν
2365 2233 2758 2304 πραττομένων
2787 2234 2885 2297 τὰς
2911 2234 3122 2304 ψήφους
3147 2233 3434 2304 φέροντες.
3470 2228 3663 2284 Οὐκοῦν

389 2325 498 2380 que
550 2312 792 2369 vicissim
847 2315 1096 2370 homines
1146 2315 1364 2385 pessimi
1429 2317 1637 2372 laudari
1689 2319 1958 2374 exsultent

2088 2326 2228 2394 μήτε
2271 2326 2320 2378 οἱ
2372 2324 2586 2396 ἄριστοι
2660 2325 3080 2397 διαϐαλλόμενοι
3142 2325 3660 2397 δυσχεραινέτωσαν,

393 2402 532 2460 Sunt
561 2404 710 2462 enim
741 2404 914 2463 abiis
936 2405 1128 2462 aliena:
1159 2408 1520 2476 pronuntiata:
1550 2409 1766 2466 laudes.

2093 2418 2254 2486 [οὐδὲν
2279 2417 2396 2489 γὰρ
2437 2418 2572 2488 πρὸς
2600 2417 2800 2482 αὐτοὺς
2824 2419 2892 2472 τὰ
2934 2418 3273 2489 λεγόμενα),
3322 2416 3455 2488 μήθ’
3489 2417 3539 2468 oi
3581 2415 3665 2468 κὰ-

2081 2525 2260 2562 κιστοι
2328 2507 2809 2578 ἐγκωμιαζόμενοι
2867 2507 3324 2577 άγαλλέσθωσαν.
3394 2505 3665 2574 ’Δλλότρια

2078 2600 2189 2671 γάρ
2224 2600 2407 2654 αὐτῶν
2437 2602 2555 2654 ἐστι
2585 2599 2654 2652 τά
2682 2598 2964 2670 ἐγκώμια.

847 2709 1002 2768 CDL.
1036 2741 1107 2750 —
1145 2708 1514 2766 HERACLIO.

2722 2745 2788 2756 -
2829 2716 3208 2788 ΗΡΑΚΛΕΙῼ.

1691 2802 1822 2868 Quae
1849 2820 1981 2859 verte
2005 2805 2208 2860 divi-tia!
2229 2817 2372 2860 sunt.

460 2916 733 2984 Quotnam
779 2916 1026 2987 pluribus
1072 2916 1348 2972 inhiantes
1390 2917 1548 2969 bonis
1594 2917 1846 2973 oumibus
1879 2934 1980 2973 ex-

2157 2920 2321 2973 Πόσοι
2367 2920 2460 2973 τοῦ
2512 2921 2760 2984 πλείονος
2816 2921 3285 2991 ἐπιθυμήσαντες,
3335 2916 3433 2973 τσῖυ
3484 2919 3670 2981 παντὸς

386 3010 640 3065 εἰᾱθτιιίιι
673 3049 688 3074 ,
755 3018 810 3066 et
874 3008 1144 3079 superﬂua
1199 3020 1600 3076 corrogantes,
1669 3011 1958 3065 necessari:

2088 3009 2362 3076 ἐξέπεσον,
2415 3012 2508 3064 καὶ
2543 3012 2611 3066 τά
2674 3011 2914 3082 περιττὰ.
2965 3010 3404 3080 συναγαγόντες,
3458 3012 3549 3062 καὶ
3600 3009 3660 3061 τά

386 3103 550 3157 etiam
581 3102 925 3156 amiserunt?
962 3112 1016 3157 et
1043 3101 1314 3171 legitimos
1335 3102 1664 3156 excedentes
1695 3103 1956 3156 terminos

2097 3103 2361 3170 ἱναγκαῖα
2411 3102 2730 3170 ἄπώλεσαν;
2793 3105 2888 3157 καὶ
2941 3101 3286 3172 ὑπερϐάντες
3344 3104 3476 3164 τοὺς
3533 3117 3669 3153 νενο-

385 3192 548 3245 etiam
587 3192 954 3246 mediocribus
974 3193 1152 3246 orbati
1182 3204 1308 3246 sunt
1337 3193 1536 3246 bonis?
1562 3193 1957 3263 Supervacanet

2094 3195 2390 3265 μισμένους
2439 3195 2622 3266 ὅρους,
2681 3195 2914 3248 καὶτῶν
2966 3194 3205 3265 μετρίων
3233 3193 3666 3264 ἐγυμνώθησανς

385 3283 574 3352 itaque
627 3285 960 3350 resecanda,
1008 3291 1066 3338 ut
1115 3286 1436 3340 necessariis
1468 3286 1721 3340 dileumr.
1795 3285 1957 3355 Nequl

2100 3287 2208 3359 Χρὴ
2255 3283 2348 3340 οὖν
2407 3288 2763 3358 περικόπτειν
2843 3287 2913 3340 τά
2968 3287 3236 3357 περιττὰ,
3318 3286 3392 3338 ἵν’
3461 3287 3518 3338 ἐν
3567 3287 3672 3347 τοῖς

385 3379 535 3432 enim
565 3377 760 3446 opihns
787 3377 1091 3444 abundare,
1119 3378 1212 3433 sed
1249 3378 1318 3432 iis
1347 3392 1454 3432 non
1482 3379 1747 3448 indigere,
1775 3379 1957 3434 divitia

2097 3378 2407 3447 Ξναγκαίοις
2443 3379 2764 3450 πλουτῶμεν
2792 3397 2808 3411 ⁸
2851 3381 2915 3433 οὐ
2967 3379 3078 3450 γὰρ
3107 3378 3199 3431 τὸν
3230 3377 3472 3431 πλοῦτον
3515 3375 3669 3446 ἔχειν,

385 3478 514 3523 sunt
548 3469 819 3523 maximae.

2106 3470 2223 3524 ιλλὰ
2292 3471 2359 3524 τὸ
2422 3472 2497 3544 μὴ
2573 3472 2786 3526 δεῖσθαι
2888 3471 3147 3534 πλούτου,
3232 3469 3476 3533 πλοῦτός
3565 3471 3678 3522 ἐστι

2088 3563 2362 3634 μέγιστος.

577 3676 743 3748 692
781 3676 957 3732 CDLI.
997 3707 1066 3716 ——
1113 3675 1422 3733 EUTONIO
1456 3674 1778 3731 DIACONO.

2392 3673 2567 3727 TNA'.
2599 3703 2669 3712 —
2700 3673 3004 3743 ΕγτοΝιῼ
3043 3673 3374 3743 ΔΙΑΚΟΝῼ.

812 3769 890 3824 De
915 3767 1131 3822 Eusebii
1165 3769 1394 3838 episcopi
1427 3766 1634 3824 Pelusii
1659 3769 1920 3834 moribus,
1952 3769 2017 3822 de
2038 3783 2141 3838 quo
2166 3766 2304 3820 alia:
2333 3782 2493 3834 swpe.
2530 3763 2697 3838 (Infr.
2735 3765 2842 3820 470
2873 3767 3074 3832 εΓεαρ.
3103 3764 3254 3830 129.)

461 3888 625 3942 Aliud
655 3897 772 3951 est,
808 3885 892 3940 vir
919 3883 1259 3948 admirande,
1292 3883 1346 3937 iu
1377 3885 1740 3953 suspicionem
1770 3884 1976 3951 venire,

2155 3882 2232 3935 Οὐ
2273 3881 2494 3944 ταυτὸν,
2537 3875 2583 3936 ὦ
2636 3879 2930 3950 θαυμάσιε,
3005 3879 3068 3932 τὸ
3127 3877 3557 3949 ὑποπτευθῆναι
3602 3876 3674 3946 τῷ

387 3983 538 4039 aliud
562 3997 692 4036 vero
725 3977 1069 4049 reprehendi.
1107 3977 1239 4032 lllud
1279 3977 1424 4031 enim
1460 3991 1580 4032 esse
1610 3975 1784 4030 fertur
1812 3977 1959 4032 etian

2100 3972 2314 4027 Ξιλῶναι·
2351 3974 2414 4026 τὸ
2466 3973 2567 4044 μὲν
2601 3973 2712 4045 γὰρ
2772 3973 2866 4026 καὶ
2923 3971 3069 4025 κατὰ
3101 3971 3197 4025 τοῦ
3253 3972 3332 4044 μὴ
3386 3972 3672 4043 δράσαντος

389 4077 468 4133 nil
496 4074 794 4142 agentium,
827 4071 931 4126 hoc
958 4086 1088 4124 vero
1113 4070 1180 4125 de
1205 4071 1523 4139 compertis.
1563 4067 1618 4123 Si
1651 4085 1780 4124 vero
1811 4070 1961 4126 Euse-

2097 4067 2324 4136 λέγεται,
2345 4069 2405 4122 τὸ
2429 4068 2487 4120 δέ
2517 4068 2660 4122 κατὰ
2683 4066 2776 4120 τοῦ
2805 4067 3176 4138 φωραθέντος.
3199 4069 3264 4121 Εἰ
3297 4068 3357 4120 δὲ
3394 4067 3669 4132 Εὐσέϐιος,

388 4172 533 4236 hius,
577 4177 637 4224 ut
661 4166 879 4230 scribis,
923 4163 1061 4218 alios
1092 4173 1297 4218 temere
1333 4163 1387 4216 in
1417 4165 1782 4232 suspicionem
1810 4178 1960 4218 voea-

2090 4157 2160 4222 ὥς
2215 4159 2344 4230 φὴς,
2393 4159 2521 4222 τοὺς
2581 4159 2681 4227 μὲν
2743 4157 2922 4228 μάτην
2972 4158 3413 4228 ὑπονοουμένους
3441 4159 3536 4210 καὶ
3558 4157 3662 4209 δια·

397 4273 484 4318 tos
513 4270 904 4326 accusatosque
941 4255 1183 4324 expellit,
1217 4255 1354 4309 alios
1394 4265 1574 4308 autem
1603 4256 1969 4324 deprehensos

2100 4250 2454 4321 ϐαλλομένους
2504 4251 2905 4320 ἐξοστρακίζει,
2944 4252 3074 4313 τοὺς
3125 4249 3182 4302 δὲ
3217 4251 3469 4321 ὶὰλόντας
3503 4250 3672 4321 μείζο·

279 4343 284 4349 ’
391 4353 596 4421 majore
625 4353 818 4421 dignos
843 4349 1012 4419 gradu
1049 4357 1303 4410 censeat,
1357 4361 1465 4407 qua
1490 4346 1851 4400 assentatione

2095 4360 2177 4406 νος
2206 4343 2351 4409 ἀξιοῖ
2402 4343 2638 4414 βαθμοῦ,
2676 4343 2752 4414 πῆ
2803 4343 2904 4413 μὲν
2957 4343 3276 4406 κολακείαις
3327 4344 3667 4412 πειθόμενος.

389 4449 617 4512 ductus,
672 4459 778 4513 qua
829 4441 1076 4512 pecuniis
1118 4441 1374 4504 inhians,
1422 4438 1528 4491 noli
1583 4438 1864 4492 admirari.
1920 4437 1958 4492 S

2093 4434 2166 4503 πῆ
2191 4433 2249 4486 δέ
2284 4436 2583 4506 χρημάτων
2613 4436 2964 4506 ὀρεγόμενος,
3003 4434 3080 4505 μὴ
3113 4434 3436 4504 θαυμάσῃς.
3476 4435 3540 4487 Εἰ
3576 4435 3665 4502 μὲν

388 4538 536 4593 enim
559 4539 741 4591 omnia
769 4543 914 4589 recta
941 4533 1145 4587 faceret
1172 4532 1402 4594 ratione,
1436 4529 1666 4585 fortasse
1688 4530 1818 4584 illud
1844 4545 1960 4600 quo

2096 4527 2196 4597 γὰρ
2241 4503 2460 4581 τίήᾶλλα
2507 4503 2688 4582 πάντα
2725 4503 2879 4582 κατὰ
2933 4503 3095 4596 λόγον
3149 4528 3304 4596 αὐτῷ
3347 4531 3668 4599 ἐπράττετο,

389 4647 497 4701 que
518 4629 917 4684 emendandum
948 4625 1310 4680 existimaret.
1351 4623 1408 4678 Si
1433 4638 1566 4678 vero
1584 4624 1696 4694 agit
1723 4623 1961 4677 univers:

2100 4619 2220 4683 ἴσως
2255 4620 2368 4688 (39)
2421 4620 2517 4673 καὶ
2570 4619 2732 4674 τοῦτο
2797 4620 3143 4692 διορθώσεως
3208 4623 3474 4692 ἠξίωσεν.
3529 4619 3672 4676 Είᾶὲ

389 4740 512 4795 qua:
560 4737 667 4775 non
712 4728 967 4789 oportet,
1023 4718 1127 4772 hoc
1154 4731 1370 4786 quoque
1404 4716 1626 4786 dignum
1669 4730 1794 4771 esse
1839 4715 1961 4769 illiti:

2101 4712 2264 4766 πάντα
2297 4712 2399 4784 δρᾷ
2424 4712 2460 4765 ἃ
2487 4713 2622 4783 δρᾷν
2662 4713 2724 4765 οὺ
2755 4712 2934 4782 θέμις,
2970 4715 3068 4767 καὶ
3100 4713 3261 4769 τοῦτο
3305 4715 3467 4780 ἄξιον
3488 4715 3548 4766 ὃν
3576 4713 3673 4766 τῶν

390 4815 637 4870 moribus
671 4826 775 4886 non
811 4810 1075 4876 ambigat.

2083 4802 2251 4856 αὐτοῦ
2285 4804 2503 4875 τρόπων
2549 4803 2760 4874 μηδένα
2797 4804 3076 4871 ξενιζέτω.

883 4919 1082 4977 CDLII.
1120 4951 1190 4960 —
1228 4919 1482 4976 PAULO.

2595 4918 2772 4972 YNB’.
2813 4949 2883 4958 .-
2919 4919 3176 4992 name.

1331 5010 1433 5066 Uni
1459 5014 1754 5066 vacandum
1789 5014 1912 5066 arti.
1943 5011 2126 5082 (Supr.
2159 5009 2350 5064 similis
2379 5011 2530 5077 epist.
2568 5010 2718 5073 580.)

468 5131 570 5197 Qui
597 5129 821 5184 omnino
849 5126 1046 5180 multas
1077 5126 1334 5180 scientias
1361 5133 1616 5194 artesque
1646 5126 1855 5190 didicit,
1879 5129 1981 5180 etsi

2161 5129 2235 5182 Οὐ
2267 5129 2487 5190 πάντως
2525 5129 2556 5180 ὁ
2599 5127 2798 5190 πολλὰς
2837 5129 3152 5198 ἐπιστήμας
3199 5125 3234 5196 ἢ
3265 5125 3471 5195 τέχνας
3499 5140 3669 5194 μεμα-

393 5223 636 5277 omnium
674 5221 953 5274 hominum
994 5218 1067 5273 sit
1096 5217 1587 5286 ingeniosissimus,
1623 5232 1965 5285 unamquam-

2097 5219 2293 5289 θηκὼς,
2322 5220 2431 5272 οὐδ’
2467 5219 2536 5272 ἂν
2581 5220 2801 5274 πάντων
2844 5217 3155 5291 ἀνθρώπων
3200 5217 3580 5283 εὐφυέστατος
3616 5209 3669 5287 ᾖ.

393 5303 499 5382 que
563 5325 750 5364 earum
810 5309 876 5362 ad
941 5321 1214 5362 summum
1279 5314 1472 5359 exacta
1531 5303 1810 5371 diligentia
1873 5318 1965 5356 nor

2093 5312 2326 5382 ἑκάστην
2351 5311 2532 5366 αὐτῶν
2556 5313 2636 5375 εἰς
2688 5312 2858 5381 ἄκρον
2913 5309 3158 5381 ἀκριϐοῖ,
3188 5307 3284 5362 τοῦ
3326 5308 3535 5378 χρόνου
3579 5304 3665 5357 τοῦ

395 5413 633 5465 tractat,
680 5417 802 5454 cum
849 5399 1075 5453 multum
1117 5396 1405 5465 temporis,
1437 5396 1580 5465 quod
1629 5395 1892 5450 exercitio
1924 5408 1967 5449 el

2098 5405 2387 5474 Ξφείλοντος
2411 5407 2490 5469 εἰς
2541 5405 2640 5478 τὴν
2706 5405 2942 5476 ἄσκησιν
2984 5405 3081 5458 καὶ
3132 5403 3230 5474 τὴν
3293 5401 3538 5471 μελέτην
3580 5396 3670 5466 τῆς

392 5511 537 5550 curre
581 5495 780 5562 prioris
811 5494 944 5547 artis
988 5491 1228 5561 impendi
1269 5489 1466 5551 debet,
1503 5490 1554 5541 in
1588 5488 1815 5540 alterius
1844 5490 1964 5542 arti:

2097 5495 2309 5565 πρώτης
2363 5495 2560 5566 τέχνης
2619 5496 2988 5566 ἀναλωθῆναι,
3080 5495 3160 5558 εἰς
3237 5491 3411 5561 ἄλλης
3481 5489 3669 5558 τέχνης

394 5587 807 5658 recuperatione
829 5593 1218 5643 consumatur:
1260 5581 1354 5638 sed
1405 5582 1458 5634 in
1491 5595 1556 5635 eo
1583 5581 1802 5650 quidem
1831 5586 1966 5651 quod

2100 5585 2353 5657 ὶνάληψιν
2395 5587 2789 5659 δαπανωμένου
2813 5601 2826 5614 ·
2875 5585 3014 5642 ἀλλὰ
3071 5583 3392 5639 πλεονεκτεί
3449 5578 3549 5652 μὲν
3594 5571 3672 5645 τῷ

1485 5722 1724 5796 vnum
1764 5741 2156 5800 LECTIONES
2191 5747 2282 5802 ET
2324 5749 2555 5804 NO'LE.

474 5900 587 5971 (59)
618 5900 761 5955 lutcr
786 5901 912 5963 ἴσως
943 5910 996 5957 ει
1025 5901 1122 5954 καὶ
1151 5899 1313 5956 iidem
1346 5899 1592 5955 inserunt
1613 5899 1696 5956 ἄν.
1738 5900 1956 5960 Possm.
