3982 6420
234 425 378 490 1589

1123 427 1662 490 EPISTOLARUM
1698 430 1846 490 LIB.
1886 430 1955 491 V.
1992 452 2064 466 -·
2094 429 2332 490 EPIST.
2378 429 2624 491 CDLIV.

3389 420 3525 488 1590

231 540 443 602 πολλὰς
467 539 687 606 εἰδέναι,
721 540 1258 597 ἀντιπλεονεκτείται
1303 544 1359 596 δὲ
1405 543 1535 613 παρ’
1586 536 1822 597 ἑκάστου

1953 543 2130 597 nullas
2177 542 2350 607 Sciat,
2391 543 2575 597 omnia
2631 538 2733 595 sibi
2781 536 3064 607 superiora
3099 534 3375 600 vindicat,
3424 534 3522 588 sed

231 631 349 684 τῶν
392 631 521 700 μίαν
553 630 750 702 τέχνην
780 637 861 695 εἰς
895 633 1064 704 ἀκρον
1122 635 1470 705 ἠσκηκότων.
1514 635 1606 706 Μὴ
1640 635 1821 688 τοίνυν

236 722 368 791 μηδ’
404 722 567 787 αὐτὸς
620 724 799 777 πάντα
838 724 1036 779 εἰδέναι
1086 725 1228 779 θέλε.
1276 727 1373 779 Ἐκ
1404 728 1512 796 γὰρ
1544 726 1737 779 τούτου
1765 727 1826 779 τὸ

238 815 411 884 μηδὲν
437 816 680 887 ἀκριϐῶς
705 817 902 870 εἰδέναι
957 818 1086 891 περὶ
1136 818 1370 872 ἕκαστον
1420 818 1668 889 γίγνεται
1692 817 1828 889 (40).

252 908 419 962 Ἀλλά
472 910 611 983 πρὸς
657 910 756 965 ἕνα
816 911 1031 983 βλέπων
1096 913 1325 982 σκοπὸν,
1386 915 1505 967 ἐκεῖ
1555 914 1733 966 τεῖνον
1769 912 1831 966 τὸ

235 1000 403 1072 ὄμμα
446 1004 546 1073 τῆς
572 1003 836 1069 διανοίας.
884 1004 1041 1058 Οὕτω
1093 1006 1203 1077 γὰρ
1254 1006 1486 1078 περιέσῃ
1515 1003 1610 1059 τοῦ
1646 1005 1829 1076 πράγ-

240 1109 437 1163 ματος.

708 1210 885 1265 ΥΝΓν.
922 1242 992 1250 -
1031 1211 1118 1283 Τῼ
1161 1211 1366 1282 ΑΥΤῼ.

1934 642 2123 687 contra
2156 633 2485 702 deprimitur
2513 631 2582 685 ab
2617 643 2942 699 unoquoque
2970 642 3159 683 eorum
3181 669 3196 695 ,
3224 626 3314 696 qui
3360 641 3523 679 unam

1936 728 2003 780 ad
2038 741 2307 780 summum
2333 725 2706 779 excoluerunt.
2743 720 2821 777 Ne
2855 723 3021 792 igitur
3044 720 3227 775 omnia
3257 719 3400 775 scire
3430 732 3526 772 ve-

1940 816 2047 871 lis:
2084 833 2148 871 ex
2188 817 2290 871 hoc
2319 816 2463 871 enim
2493 814 2722 870 efﬁcitur
2749 812 2883 867 nihil
2923 822 3177 867 accurate
3211 811 3265 865 in
3298 810 3526 880 singulis

1941 910 2190 980 cognosci
2225 928 2239 965 :
2288 911 2384 964 sed
2417 925 2582 963 unum
2614 918 2867 979 spectans
2892 921 3154 975 scopum,
3190 904 3299 960 huc
3330 904 3527 959 nientis

1938 1004 2111 1058 aciem
2163 1002 2353 1072 dirige.
2427 1002 2521 1057 Sic
2559 1002 2705 1056 enim
2751 1012 2865 1053 rem
2912 996 3253 1068 expugnabis
3293 1006 3348 1050 et
3393 1010 3527 1051 con-

1940 1093 2210 1165 sequeris.

2434 1205 2658 1261 CDLllI.
2692 1236 2761 1244 —
2796 1202 3027 1259 EIDESI.

240 1302 434 1359 Aliena
464 1314 679 1373 peccata
704 1309 985 1359 verecunde
1015 1308 1440 1376 perstringenda,
1488 1323 1549 1360 ne
1586 1308 1726 1389 alios
1759 1315 2081 1444 τριηρῶν-ἵε
2117 1304 2224 1370 ipse
2263 1301 2499 1371 linguam
2544 1302 2887 1353 contamines.
2932 1297 3094 1368 (Vide
3131 1297 3284 1363 epist.
3313 1293 3450 1359 49.1;
3480 1302 3528 1375 et

1708 1394 1761 1430 ut
1794 1394 1853 1429 ra
1891 1396 1924 1430 ι)
2004 1416 2015 1427 .

1708 1394 1853 1430 tmra
1891 1394 1989 1430 θυι
2004 1416 2015 1427 .

319 1490 585 1563 Εὔφημον
635 1492 733 1563 μὲν
782 1492 927 1565 ἔχειν
978 1493 1086 1565 χρὴ
1136 1492 1229 1547 καὶ
1287 1493 1492 1565 σεμνὴν
1532 1491 1631 1562 τὴν
1661 1488 1834 1560 γλῶτα

242 1602 353 1638 ταν
375 1602 389 1616 ·
425 1585 615 1656 ἐπειδὴ
646 1584 702 1638 δὲ
728 1586 855 1649 τοὺς
897 1587 978 1649 εἰς
1007 1585 1171 1639 αὑτὸν
1204 1586 1303 1658 τῆς
1329 1584 1529 1648 κακίας
1564 1584 1656 1636 τὸν
1694 1579 1832 1633 πυθ-

256 1680 399 1745 μένα
456 1679 899 1747 νεναυαγηκότας
945 1677 1246 1749 ἀνιμᾶσθαι
1298 1677 1426 1749 χρὴ,
1482 1675 1835 1730 ἀτοπώτατον

242 1767 305 1821 δὲ
338 1768 488 1821 δοκεῖ
532 1769 622 1823 τὸν
679 1769 873 1833 ἄλλους
908 1770 1212 1840 ἀναστῆσαι
1273 1768 1618 1841 βουλόμενον,
1670 1764 1836 1819 αὐτὸν

2006 1490 2215 1545 Bonam
2264 1487 2421 1542 decet
2486 1498 2816 1556 gravemque
2862 1482 3124 1535 adhibere
3173 1481 3225 1532 in
3276 1478 3529 1533 sermone

1936 1583 2213 1652 linguam,
2262 1577 2699 1651 quandoquidem
2732 1583 2948 1644 oportet
2998 1587 3029 1627 e
3074 1568 3345 1640 profundo
3373 1584 3531 1624 coeno

1938 1676 2194 1729 vitiorum
2232 1672 2367 1727 alios
2422 1679 2668 1742 prompte
2697 1667 3007 1721 extrahere.
3060 1662 3375 1719 Absurdum
3402 1675 3533 1716 vero

1943 1768 2158 1823 videtur
2188 1765 2325 1821 alios
2366 1765 2577 1835 erigere
2609 1770 2900 1817 conantem
2933 1757 3109 1827 ipsutn
3152 1754 3281 1809 labi.
3341 1752 3415 1809 Ut
3460 1753 3549 1807 sit-

245 1859 638 1915 καταπίπτειν.
697 1860 781 1924 Ὠς
820 1862 886 1915 ἂν
933 1856 1043 1924 οἷός
1079 1878 1139 1914 τε
1192 1861 1473 1931 τυγχάνει,
1522 1848 1731 1921 δίκαιος
1766 1856 1832 1910 ἂν

1953 1872 2189 1928 aequum,
2230 1857 2406 1927 quoad
2437 1854 2553 1924 ejus
2586 1852 2699 1907 lieri
2754 1857 2965 1921 potest,
2998 1860 3311 1902 sermonum
3347 1844 3530 1914 gravi-

244 1953 339 2024 εἴη
392 1954 769 2025 περιστέλλειν
819 1955 920 2027 τὴν
961 1955 1071 2009 τῶν
1112 1954 1457 2026 πραγμάτων
1500 1951 1835 2023 αἰσχρότητα

242 2050 315 2117 τῇ
343 2047 454 2100 τῶν
475 2047 674 2114 λέξεων
727 2049 1016 2119 σεμνότητι
1042 2065 1057 2078 ·
1092 2048 1182 2103 ἵνα
1235 2048 1312 2119 μὴ
1358 2044 1653 2114 ἐπιστύψαι
1694 2042 1837 2096 ἐκεί-

245 2156 376 2201 νους
404 2138 726 2209 βουλόμενος
754 2140 853 2208 τὴν
884 2139 1077 2193 ἑαυτοῦ
1102 2138 1352 2207 γλῶτταν
1375 2135 1832 2207 καταρρυπαίνοι’

249 2230 394 2300 μηδὲ
422 2231 727 2296 ἀπαλλάξαι
756 2231 1039 2303 μολυσμοῦ
1068 2230 1291 2297 ἐθέλων,
1325 2230 1489 2292 αὐτὸς
1532 2227 1834 2300 μολύνοιτο.

245 2323 321 2375 El
374 2323 429 2375 δὲ
482 2323 649 2394 φαίης
683 2326 766 2379 ὅτι
815 2325 877 2377 οὐ
916 2324 1143 2377 δυνατόν
1192 2324 1309 2377 ἐστι
1366 2322 1461 2376 καὶ
1507 2322 1703 2392 σεμνὸν
1756 2321 1835 2373 εί-

246 2414 529 2486 πεῐνμί),
582 2417 676 2469 καὶ
728 2415 1078 2485 καθάψασθαι
1118 2415 1211 2469 τοῦ
1269 2414 1594 2477 ἀκούοντος·
1651 2413 1836 2482 φαίην,

246 2505 388 2558 ὅτιὸ
430 2505 525 2559 τοῦ
573 2507 795 2579 μετρίου
823 2508 1049 2580 ἐλέγχου
1101 2507 1488 2578 καταφρονῶν,
1549 2498 1707 2568 οὗτος
1741 2505 1838 2560 καὶ

246 2600 349 2653 τοῦ
378 2601 624 2674 ἀμέτρου
654 2603 749 2656 καὶ
776 2602 991 2674 γυμνοῦ
1023 2603 1183 2655 πλέον
1206 2600 1616 2672 ὀλιγωρήσειεν.
1646 2599 1707 2651 Εἰ
1731 2597 1839 2666 γὰρ

247 2692 285 2760 ἠ
326 2693 572 2764 πραότης
602 2694 697 2747 τοῦ
720 2695 997 2764 λέγοντος,
1020 2694 1115 2747 καὶ
1145 2696 1181 2766 ἡ
1207 2696 1306 2764 τῆς
1341 2692 1540 2757 λέξεως
1572 2688 1840 2761 σεμνότης

248 2784 356 2837 οὐκ
396 2785 634 2855 ὠφελεῖ,
696 2787 861 2858 σχολῇ
914 2803 978 2855 γε
1025 2785 1209 2857 γυμνὴ
1272 2784 1378 2838 τῶν
1436 2781 1841 2855 πεπραγμένων

249 2874 406 2947 αὑτῷ
438 2878 472 2947 ἠ
508 2880 762 2949 προφορά
809 2879 1105 2950 ὠφελήσει.

367 2991 538 3047 ΥΝΔ’.
579 3024 648 3039 -
697 2993 1212 3048 ΑΓΑΘΟΔΑΙΜΟΝΙ
1249 2992 1731 3064 ΓΡΑΜΜΑΤΙΚῼ.

1949 1960 2056 2004 tate
2085 1964 2264 2003 rerum
2292 1960 2473 2019 tegere
2498 1944 2911 2016 turpitudinem,
2937 1955 3006 1995 ne
3032 1940 3158 1994 dum
3188 1938 3326 1995 alios
3352 1938 3534 1992 studet

1946 2042 2215 2110 mordere,
2241 2057 2393 2097 suam
2423 2041 2539 2109 ipse
2565 2040 2812 2110 inquinet
2846 2036 3110 2104 linguam,
3136 2047 3316 2103 neque
3343 2031 3532 2086 sordes

1944 2134 2132 2190 volens
2160 2134 2385 2189 alterius
2413 2133 2619 2197 tollere,
2651 2132 2767 2200 ipse
2795 2127 3132 2198 inquinetur.
3162 2125 3234 2179 At
3255 2124 3299 2179 si
3327 2122 3534 2177 dixeris

1945 2229 2062 2282 licri
2095 2243 2201 2282 non
2240 2242 2401 2297 posse
2432 2234 2490 2280 ut
2516 2226 2640 2295 quis
2668 2222 2897 2280 sublime
2926 2222 3101 2287 dicat,
3134 2228 3190 2274 et
3222 2218 3290 2273 ab
3317 2217 3535 2271 audito-

1943 2322 2091 2375 ribus
2110 2319 2463 2390 intelligatur,
2480 2316 2783 2386 respondeo
2806 2332 2821 2368 :
2842 2312 2948 2381 Qui
2972 2312 3307 2367 moderatam
3324 2308 3532 2378 respuit

1945 2412 2437 2483 reprehensionem,
2470 2409 2557 2464 hic
2584 2417 2640 2463 et
2679 2405 3026 2463 immodicam
3057 2404 3365 2472 nudamque
3405 2416 3540 2456 con-

1946 2511 2171 2559 temnet.
2210 2502 2267 2558 Si
2292 2502 2437 2558 enim
2466 2500 2699 2556 dicentis
2728 2498 2861 2553 mite
2884 2496 3181 2568 ingenium,
3210 2494 3532 2548 verborum-

1942 2612 2048 2667 que
2079 2596 2319 2667 gravitas
2346 2595 2475 2649 nihil
2514 2594 2755 2665 prodest,
2788 2607 2855 2645 ne
2894 2592 3038 2645 nuda
3068 2588 3287 2659 quidem
3316 2602 3348 2642 a
3372 2587 3536 2643 rebus

1944 2692 2247 2747 enuntiatio
2275 2699 2360 2746 est
2393 2689 2696 2761 profutura.

1996 2990 2224 3046 CDLIV.
2262 3022 2331 3031 ——-
2382 2989 2958 3047 AGATHODEMONI
3001 2987 3485 3046 GRAMMATICO.

773 3081 849 3137 De
878 3081 1187 3138 Mithridate
1214 3101 1326 3154 rege
1351 3085 1565 3154 ejusque
1593 3095 1777 3138 contra
1804 3097 1999 3137 venena
2037 3082 2482 3150 alexipharmaco.
2514 3082 2692 3151 (Conf.
2723 3084 2876 3153 epist.
2904 3082 3019 3154 66.)

328 3211 597 3277 Πολλάκις
624 3214 652 3267 ὃ
671 3215 880 3268 ὲπινοεί
905 3231 989 3276 τις
1007 3215 1089 3278 είς
1114 3214 1418 3283 ἀσφάλειαν
1442 3212 1663 3278 ἑαυτοῦ,
1681 3212 1843 3267 τοῦτο

2024 3209 2153 3276 Quae
2207 3212 2273 3263 atl
2327 3226 2574 3265 securam
2625 3212 2707 3265 sui
2759 3211 2979 3266 tutelam
3024 3212 3147 3282 quis
3190 3210 3537 3279 excogitavit,

252 3306 582 3376 εὑρίσκεται
653 3308 1054 3377 χαλεπωτάτων
1122 3306 1299 3361 αἴτιον
1351 3308 1670 3379 συμφορῶν.
1733 3308 1841 3360 Καὶ

1953 3301 2114 3373 693
2161 3302 2276 3357 haec
2313 3317 2457 3374 saepe
2490 3318 2708 3359 causam
2740 3319 2861 3360 esse
2901 3305 3260 3359 maximarum
3297 3305 3541 3374 comperi

250 3399 347 3451 ἵνα
372 3397 442 3451 τὰ
475 3398 612 3452 ἄλλα
640 3399 820 3470 παρῶ,
858 3400 937 3468 ἓν,
963 3401 1031 3453 δι’
1058 3396 1119 3457 οὗ
1154 3403 1337 3457 πάντα
1388 3401 1634 3473 μηνύσω,
1680 3400 1840 3466 λέξω.

248 3490 617 3561 Μιθριδάτης,
645 3491 723 3556 ῶς
754 3496 985 3562 φασιν,ό
1016 3495 1316 3567 Παρθυέων
1361 3495 1458 3550 καὶ
1488 3495 1664 3550 ἄλλων
1713 3496 1846 3548 πολ-

248 3579 365 3632 λῶν
388 3579 561 3634 ἐθνῶν
589 3580 917 3652 βασιλεύσας
937 3622 953 3647 ,
975 3583 1066 3636 ἐπὶ
1109 3583 1253 3652 μέγα
1306 3583 1590 3655 δυνάμεως
1648 3584 1845 3655 προελ-

250 3670 387 3737 θὼν,
434 3672 531 3726 καὶ
580 3672 798 3742 πλούτῳ
856 3673 1045 3743 κομῶν
1098 3675 1196 3728 καὶ
1249 3674 1561 3747 συμμαχίᾳ,
1612 3675 1706 3728 καὶ
1764 3676 1844 3737 είς

251 3762 419 3821 αὑτὸν
448 3762 650 3827 ἐλάσας
700 3764 800 3835 τῆς
829 3764 1180 3843 ἀνθρωπίνης
1229 3765 1535 3838 εὐημερίας
1569 3766 1660 3819 τὸν
1692 3766 1839 3837 ὅρον,

252 3854 521 3925 φοϐηθεὶς
555 3856 630 3927 μὴ
665 3856 979 3929 δηλητηρίῳ
1013 3858 1352 3930 ἀναιρεθείη,
1391 3857 1842 3929 ἀλεξιφάρμακον

250 3944 437 4015 ἑαυτῷ
487 3947 914 4001 κατεσκεύασεν.
960 3948 1389 4021 Μεταϐαλούσης
1422 3945 1516 4003 οὖν
1558 3948 1707 4020 αὐτῷ
1744 3948 1845 4018 τῆς

250 4036 580 4107 εὐημερίας,
627 4039 707 4100 είς
764 4039 1038 4109 τοσαύτην
1080 4034 1246 4111 ἦλθεν
1298 4041 1567 4111 ἀνάγκην,
1630 4040 1706 4103 ὡς
1762 4041 1842 4103 είς

251 4128 720 4198 φαρμακοποσίαν
790 4130 1092 4200 τραπῆναι.
1183 4131 1271 4191 Ὠς
1334 4130 1391 4183 δὲ
1461 4130 1613 4184 οὐδὲν
1680 4130 1844 4200 ἤνυεν

252 4218 438 4289 (ἔτυχε
476 4219 606 4291 γάρ,
627 4220 702 4284 ὡς
732 4220 888 4293 ἔφην,
923 4223 1183 4294 πρόπομα
1217 4222 1356 4293 πρὸς
1404 4223 1513 4275 πᾶν
1543 4221 1840 4293 φάρμακον

250 4312 580 4383 ἀνδροφόνον
609 4313 1058 4387 ἀλεξιφάρμακον
1119 4313 1398 4385 προπιὼν,
1448 4314 1589 4367 ὥστε
1644 4313 1719 4384 μὴ
1772 4313 1841 4365 τὰ

249 4405 563 4477 δηλητήρια
634 4406 799 4460 αὐτὸν
865 4407 1113 4479 βλάψαι),
1165 4401 1227 4461 οὗ
1282 4406 1753 4479 προκατειληφυῖα
1809 4407 1842 4476 ἡ

249 4499 506 4569 δύναμις,
542 4499 634 4553 τὸν
666 4503 730 4553 ὲκ
757 4500 853 4554 τοῦ
886 4501 1214 4573 δηλητηρίου
1254 4501 1331 4554 ἰὸν
1365 4502 1466 4554 οὐκ
1500 4502 1649 4554 εἴασε
1702 4517 1838 4570 κρα-

249 4593 439 4661 τῆσαι.
504 4591 570 4644 Τί
617 4587 711 4646 οὖν
783 4594 1139 4657 τούντεῡθεν;
1189 4592 1324 4645 Τινὰ
1372 4594 1480 4645 τῶν
1526 4592 1843 4664 δορυφόρων

252 4682 454 4737 ἑαυτοῦ
505 4684 601 4737 καὶ
648 4686 1008 4757 σκηπτούχων
1067 4685 1541 4756 ἐφελκυσάμενος,
1622 4684 1837 4738 κελεύει

254 4776 501 4841 πατάξαι
528 4775 640 4846 (42)
696 4776 922 4846 καιρίαν
972 4778 1051 4839 εἰς
1090 4775 1150 4828 τὸ
1185 4775 1410 4847 στέρνον
1454 4775 1533 4845 τῷ
1575 4775 1839 4847 ἀκινάκῃ.

262 4872 364 4935 ⁸ος
392 4871 448 4926 δὲ
491 4871 739 4936 πατάξας
773 4871 1017 4925 ἀνεῖλεν·
1065 4872 1238 4936 οὕτως
1269 4871 1422 4924 οὐδὲν
1470 4873 1675 4923 ἐκεῖνον
1701 4870 1844 4938 ὠφέ-

1951 3393 2342 3449 calamitatum.
2386 3394 2563 3465 thue
2591 3406 2787 3450 caetera
2822 3397 3093 3462 omittam,
3126 3412 3290 3449 unum
3329 3396 3395 3451 ad
3427 3411 3540 3449 rem

1954 3487 2091 3542 hanc
2117 3487 2499 3543 declarandam
2531 3488 2753 3544 afferam
2780 3506 2801 3546 :1
2829 3491 3189 3556 Mithridates,
3208 3501 3265 3545 ut
3293 3502 3542 3557 narrant,

1952 3579 2278 3635 Parthorum
2303 3580 2395 3636 ille
2422 3582 2777 3653 gentiumque
2806 3582 3161 3654 plurimarum
3192 3599 3307 3647 rex,
3336 3584 3539 3654 ingenti

1953 3682 2242 3741 provectus
2284 3675 2547 3743 potentia,
2582 3676 2776 3745 Opibus
2802 3674 3050 3741 afﬂuens,
3081 3691 3144 3730 ac
3179 3676 3537 3731 ﬁnitimorum

1954 3764 2240 3830 societate,
2269 3781 2442 3836 eoque
2464 3767 2639 3822 elatus
2673 3770 2892 3825 tandem
2921 3770 3169 3824 humanm
3207 3770 3541 3840 prosperita-

1955 3859 2051 3923 tis,
2096 3860 2262 3928 coepit
2299 3860 2473 3914 vereri
2524 3876 2590 3915 ne
2626 3876 2837 3918 veneno
2871 3862 3172 3918 tolleretur.
3234 3862 3544 3919 Pharmaco

1952 3952 2138 4021 itaque
2164 3959 2218 4005 et
2248 3953 2493 4009 antidoto
2520 3969 2578 4008 se
2607 3956 2820 4010 munire
2843 3957 3083 4011 animum
3116 3957 3327 4011 indnxit
3356 3971 3537 4011 suum.

1952 4042 2212 4098 Vertente
2240 4043 2421 4114 itaque
2453 4058 2631 4097 rerum
2663 4047 3024 4101 secundarum
3060 4048 3442 4117 proslieritate,
3473 4061 3542 4102 eo

1954 4132 2193 4186 vicissim
2222 4132 2444 4188 adactus
2475 4142 2557 4187 est
2583 4137 2926 4190 necessitatis
2962 4147 3040 4200 ut,
3077 4152 3284 4192 veneno
3318 4138 3536 4205 hausto,

1951 4229 2117 4277 vitam
2166 4225 2321 4280 linire
2366 4236 2605 4295 cuperet.
2644 4227 2799 4293 Quod
2850 4243 2971 4281 cum
3025 4244 3129 4282 non
3189 4230 3533 4298 procederet,

1953 4316 2204 4386 (bibebat
2232 4319 2401 4384 enim,
2450 4328 2506 4372 ut
2533 4318 2706 4385 aiunt,
2740 4335 2805 4374 ex
2844 4320 2999 4374 melle
3028 4329 3080 4374 et
3110 4321 3239 4375 vino
3284 4321 3538 4393 poculum

1952 4409 2214 4463 adversus
2258 4410 2417 4463 noxia
2457 4412 2639 4464 omnia
2683 4413 2861 4465 toxica
2914 4412 3251 4478 remedium,
3302 4427 3371 4467 ne
3410 4413 3540 4483 quid

1952 4500 2166 4555 aconita
2215 4502 2504 4573 nocerent)
2555 4503 2639 4556 vis
2690 4503 2833 4558 illius
2882 4504 3223 4571 praeveniens
3268 4520 3538 4560 venenum

1951 4608 2213 4661 superare
2245 4609 2349 4648 non
2387 4594 2533 4648 sivit.
2564 4596 2702 4662 Quid
2737 4598 2921 4650 evenit
2953 4597 3173 4667 itaque?
3205 4597 3404 4668 rogas?
3435 4598 3542 4667 lgi-

1948 4694 2095 4738 ture
2124 4687 2372 4755 corporis
2412 4687 2730 4742 cuswdibus
2772 4689 3060 4744 satellitem
3107 4700 3325 4743 acutum
3378 4689 3545 4758 jussit

1954 4779 2229 4834 acinacem
2286 4780 2339 4834 in
2383 4790 2571 4848 pectus
2624 4781 2731 4836 sibi
2778 4782 3001 4853 adigere
3050 4797 3114 4837 ac
3158 4782 3343 4837 ferire.
3409 4781 3542 4837 Per-

1955 4871 2214 4926 cutieudo
2265 4872 2446 4941 itaque
2499 4886 2529 4925 e
2565 4872 2742 4928 medio
2782 4874 3060 4928 dominum
3109 4874 3357 4938 sustulit,
3406 4871 3542 4927 adeo

1348 5047 1583 5103 VARI/E
1626 5046 2011 5103 LECTIONES
2045 5049 2133 5102 ET
2163 5047 2399 5105 NOTIE.

328 5213 440 5283 (40)
468 5213 574 5267 Pro
594 5213 791 5266 εἰδέναι
808 5210 939 5282 περὶ
968 5211 1198 5283 ἕκαστον
1213 5210 1457 5278 γίγνεται
1480 5209 1638 5283 codd.
1660 5208 1834 5283 V_atic.

255 5279 365 5340 650
386 5279 440 5339 et
482 5284 589 5337 Alt.
623 5284 795 5337 solum
836 5279 1037 5350 legunt,
1070 5281 1267 5333 εἰδέναι
1298 5279 1657 5350 περιγίνεται.
1682 5279 1849 5334 Paulo

254 5370 377 5426 post
396 5370 492 5423 pro
520 5356 637 5407 ἐκεῖ
660 5358 832 5426 τεῖνον
856 5370 961 5405 tino
984 5353 1148 5426 verbo
1176 5352 1423 5426 scribunt
1452 5350 1848 5426 Ext_sv.vov.Pos.

336 5419 444 5496 (Al)
481 5427 610 5478 ’Ὁτι
657 5427 729 5478 οὐ
773 5424 1036 5477 δυνατόν
1070 5422 1222 5496 ,ἐστι
1246 5420 1343 5473 καὶ
1373 5422 1608 5496 σεμνόν.
1639 5419 1848 5496 ερίεῖν.

256 5498 401 5552 Sunt
426 5492 539 5549 hac
568 5496 678 5564 ipsa
710 5493 1082 5563 Chrysoswmi
1116 5494 1489 5564 verhaihomil.
1518 5492 1570 5555 4,
1599 5492 1652 5564 in
1676 5492 1847 5561 Epist.

257 5567 325 5620 ad
363 5562 614 5629 Romam,
646 5566 736 5635 qui
764 5562 835 5635 et
870 5564 1078 5635 ibidem
1105 5562 1345 5635 disserit,
1368 5577 1463 5616 eos
1492 5562 1838 5635 quialiorum

256 5632 675 5706 reprehendere
693 5634 876 5689 volunt
913 5632 1138 5703 ﬂagitia,
1172 5633 1289 5701 cogi
1323 5632 1643 5706 necessario
1681 5633 1841 5687 {cedi-

259 5703 428 5762 tatem
476 5707 689 5761 illorum
744 5706 1053 5770 denudare,
1089 5714 1144 5756 et
1178 5705 1331 5770 quasi
1380 5704 1450 5757 ob
1480 5703 1667 5756 oculos
1718 5717 1841 5771 spe-

261 5778 515 5831 ctandam
555 5791 877 5845 proponere,
910 5776 1032 5844 quia
1068 5789 1255 5841 parum
1291 5772 1493 5845 alioqui
1534 5772 1838 5845 proﬁcient.

260 5846 321 5899 ln
351 5863 469 5900 eam
506 5842 618 5900 rem
658 5842 859 5901 "solitus
904 5842 959 5900 et
987 5845 1224 5913 chirurgi
1268 5842 1461 5899 aﬂerre
1506 5842 1835 5912 exeittplum,

262 5918 355 5986 qui
386 5928 445 5971 ut
480 5920 605 5973 tabo
638 5932 699 5974 ac
723 5918 875 5974 sanie
902 5914 1193 5987 σηπεδόνος
1243 5930 1433 5971 manus
1487 5914 1639 5971 ulcus
1665 5921 1837 5981 sanet,

1952 5225 2057 5263 non
2093 5220 2312 5264 veretur
2352 5211 2453 5265 sibi
2500 5225 2693 5266 manus
2748 5212 3059 5282 inquinare,
3105 5223 3268 5282 atque
3311 5215 3363 5267 in
3412 5215 3537 5270 feti-

1962 5282 2240 5333 dissimnm
2270 5296 2370 5347 pus
2401 5282 2712 5335 immittere.
2749 5284 2839 5336 Sic
2875 5283 2925 5335 in
2961 5282 3253 5347 Epistulam
3287 5285 3437 5338 Pauli
3475 5288 3540 5338 ad

1958 5351 2270 5404 Corinthios
2296 5368 2436 5420 saepe.
2472 5360 2740 5418 repetens,
2776 5364 2832 5406 et
2864 5353 2916 5406 in
2950 5351 3119 5419 Epist.
3152 5356 3220 5407 ad
3251 5353 3541 5410 Thessalo-

1963 5420 2313 5493 nicenses_(nt
2343 5419 2395 5474 in
2415 5419 2585 5476 Persii
2613 5433 2851 5493 satyram
2877 5422 2910 5475 4
2936 5425 3246 5478 observavit
3275 5424 3537 5487 Casaub.)

1962 5501 2143 5544 monet
2199 5489 2638 5563 distinguendum
2660 5489 2714 5563 ,ς
2738 5504 2915 5547 utrum
2974 5493 3223 5547 dicantur
3271 5493 3537 5563 ejusmodi

1953 5575 2234 5613 sermones
2259 5577 2323 5614 ex
2353 5561 2608 5630 loquendi
2633 5561 2851 5627 all'ectu,
2877 5578 2945 5616 an
2981 5568 3203 5617 curandi
3229 5561 3527 5619 voluntate.

1946 5631 2306 5705 Quod‘auteut
2366 5633 2451 5705 hic
2505 5634 2742 5686 Isidorus
2790 5648 2951 5701 supra
2980 5634 3156 5705 dixit,
3207 5634 3532 5705 βουλόμενος

1945 5701 2045 5771 τὴν
2094 5700 2287 5775 ἑαυτοῦ
2335 5700 2582 5775 γλῶτταν
2636 5700 3096 5775 καταρρυπαίνοι,
3156 5700 3393 5773 reperies
3444 5723 3536 5774 gn-

1947 5770 2093 5824 niina
2125 5770 2249 5825 inlr.
2275 5775 2434 5841 epist.
2469 5772 2573 5827 507
2596 5812 2611 5837 ,
2644 5770 2963 5841 quam'cum
3006 5774 3091 5829 his
3136 5770 3540 5830 committns‘li-

1945 5851 2052 5898 cct.
2082 5840 2319 5897 Scuorr.

2019 5911 2133 5984 (42)
2166 5913 2408 5978 Πατάξαι
2450 5915 2610 5972 iidem
2640 5924 2837 5987 augent
2877 5916 2927 5971 itt
2964 5918 3294 5987 παρατάξαι.
3330 5919 3537 5977 l’oSsm.
