3982 6420
216 441 364 511 1593

530 557 705 612 mea
740 587 810 596 -—
840 559 1104 630 Ismaro
1134 558 1501 631 ΕΠΙΣΚΟΠῼ.

1115 446 1657 507 EPISTOLARUM
1698 448 1847 510 LIB.
1888 449 2036 510 V.—-
2072 450 2313 510 EPIST.
2338 449 2589 509 CDLXI.
2656 470 2659 477 λ

1834 572 1881 627 Α

3352 432 3491 500 1594

2171 560 2399 616 CDLIX.
2425 591 2493 601 -—
2522 556 2801 615 lSlDORO
2856 551 3210 610 EPISCOPO.

328 669 621 726 Laboranti
652 681 700 726 et
727 672 939 741 facienti
963 684 1219 741 quantum
1252 673 1306 725 in
1340 689 1394 726 se
1413 684 1511 737 est,
1549 672 1690 726 Deus
1732 673 1831 742 fert
1861 676 2140 730 auxilium.
2179 675 2449 731 Virtutum
2494 674 2633 727 laus.
2661 672 2815 743 (Sup.
2855 671 3010 741 epist.
3041 666 3381 736 51581327.,

306 784 369 836 '0
410 785 510 855 μὲν
554 785 755 856 ἀρετὴν
788 786 995 851 ἀσκῶν,
1058 785 1265 849 δίκαιος
1320 786 1386 840 ἂν
1449 787 1534 858 εἴη
1586 788 1680 841 καὶ
1705 788 1807 859 τὴν

221 874 380 929 θείαν
409 877 489 939 είς
523 875 775 947 βοήθειαν
826 877 1204 931 ἐπικαλεῖσθαι
1253 880 1458 949 ῥοπήν
1493 881 1521 931 ὁ
1567 878 1623 930 δὲ
1674 878 1809 949 μηδ-

220 968 366 1032 ὁλως
409 969 709 1041 φροντίζων
762 970 984 1040 ἀρετῆς,
1048 972 1157 1024 οὐδ’
1196 970 1260 1025 ἂν
1313 971 1529 1041 καλοίη,
1575 973 1809 1041 ἐπήκοον

221 1061 340 1127 ἔξει
369 1062 429 1115 τὸ
464 1062 641 1116 Θεῖον.
672 1063 762 1132 Τῷ
798 1063 907 1134 γὰρ
954 1065 1128 1117 πάντα
1173 1064 1239 1116 τὰ
1286 1066 1414 1136 παρ’
1452 1064 1647 1117 ἑαυτοῦ
1673 1066 1809 1135 πλη-

228 1156 416 1226 ροῦντι
474 1156 717 1225 εὐμενῶς
769 1156 1027 1212 ἐπινεύει.
1082 1158 1198 1210 Ἵνα
1250 1158 1435 1210 δὲκαὶ
1486 1159 1575 1211 διὰ
1627 1175 1809 1229 παρα-

221 1248 538 1317 δειγμάτων
564 1248 787 1318 βαδίσας
815 1252 843 1301 ὁ
882 1249 1039 1316 λόγος
1075 1249 1406 1322 σαφέστερον
1458 1250 1617 1304 τοῦτο
1646 1254 1807 1321 ποιή-

225 1353 322 1407 σῃ,
368 1338 564 1408 παρεὶς
594 1338 655 1390 τὸ
684 1340 868 1406 φάναι.
903 1339 966 1392 Ei
996 1342 1028 1410 ἡ
1074 1340 1249 1411 πόρνη
1287 1340 1538 1410 βούλεται
1568 1342 1668 1411 μὲν
1702 1359 1811 1394 σω-

223 1429 414 1499 θῆναι,
454 1431 514 1481 ού
564 1430 814 1499 βούλεται
872 1433 927 1485 δὲ
984 1432 1354 1503 σωφρονῆσαι,
1404 1432 1523 1496 πῶς
1576 1433 1815 1503 σωθήσε-

220 1536 353 1586 tat;
403 1521 612 1572 Ἐκεῖνο
652 1522 867 1592 φράσω.
898 1523 1077 1575 Ἔστω
1118 1541 1201 1586 τις
1228 1524 1533 1595 γράμματα
1571 1523 1667 1594 μὲν
1691 1524 1815 1576 ἐπι-

225 1611 427 1679 θυμῶν
500 1611 715 1681 μαθεῖν,
771 1615 851 1676 είς
910 1613 1231 1667 διδασκάλου
1291 1614 1348 1666 δὲ
1410 1613 1483 1685 μὴ
1568 1613 1812 1682 φοιτῶνο

224 1700 354 1755 εἶτα
412 1704 490 1774 τῷ
544 1708 937 1775 γραμματιστῇ
981 1705 1303 1776 ἁγοράιζοντι
1356 1704 1594 1775 ἐντυχὼν
1647 1704 1811 1769 λέξοι·

228 1796 471 1866 Ποίησον
512 1814 578 1866 με
617 1797 809 1866 μαθεῖν
856 1798 1190 1867 γράμματα·
1231 1794 1321 1871 ἆρ’
1361 1798 1461 1867 ούχ
1506 1800 1615 1868 ἡγῇ
1667 1800 1815 1850 ἐκεῖ-

227 1902 325 1936 νον
390 1884 658 1955 λαμπρῶς
705 1887 1098 1957 ἀποκρίνεσθαι
1150 1887 1399 1955 λέγοντα·
1430 1887 1818 1957 Ἐμὸρόντητε,

229 1976 331 2028 καὶ
380 1975 496 2039 πῶς
532 1976 598 2029 ἂν
643 1977 827 2031 δύναιο
885 1978 1099 2048 μαθεῖν,
1163 1980 1299 2048 μήτε
1355 1980 1435 2041 είς
1484 1978 1810 2032 διδασκάλου

230 2065 463 2132 φοιτῶν,
492 2068 630 2137 μήτε
654 2069 891 2139 γραφίδα
924 2069 1019 2121 καὶ
1057 2069 1239 2123 δέλτον
1282 2070 1642 2139 κεκτημένος,
1678 2071 1816 2140 μήτε
1854 2047 1893 2102 Β

232 2161 423 2211 πονεῖν
451 2159 806 2229 βουλόμενος;
841 2162 919 2231 Τῇ
963 2161 1061 2230 μὲν
1114 2163 1221 2232 γὰρ
1250 2161 1515 2233 ἐπιθυμίᾳ
1544 2165 1610 2232 τῇ
1665 2164 1731 2232 σῇ
1766 2163 1818 2214 εί

232 2249 266 2301 ὁ
322 2248 487 2312 πόνος
540 2250 839 2321 συναφθείη
893 2253 988 2303 καὶ
1049 2252 1222 2321 ἡὲμὴ
1292 2253 1519 2321 σπουδὴ,
1578 2252 1818 2306 ἔσταιτι

233 2340 425 2395 πλέον.
458 2342 520 2393 Εἰ
550 2341 605 2394 δὲ
642 2342 821 2411 λέγοις
859 2344 956 2413 μὲν
990 2344 1300 2413 ἐπιθυμεῖν,
1357 2345 1494 2414 μηδὲ
1542 2347 1715 2408 ποιοῖς
1744 2339 1820 2398 ὧν

230 2434 288 2486 οἱ
364 2432 763 2504 ἐπιθυμοῦντες
824 2435 1060 2500 ποιοῦσι,
1124 2435 1239 2498 πῶς
1315 2435 1507 2506 μαθεῖν
1580 2435 1817 2508 δυνήσῃ;

232 2526 488 2579 Ίόιοῦτοί
520 2527 625 2580 εἱσι
660 2528 754 2581 καὶ
782 2528 832 2580 οί
862 2528 1060 2597 ἀρετῆς
1083 2526 1336 2597 λέγοντες
1379 2528 1478 2597 μὲν
1508 2528 1818 2598 ἐπιθυμεῖν,

229 2616 339 2688 τὴν
367 2618 424 2670 δὲ
450 2622 529 2683 εἰς
555 2619 725 2689 αὐτὴν
752 2619 1026 2689 φέρουσαν
1052 2618 1171 2673 ὁδδν
1206 2618 1717 2690 ἀποδιδράσκοντες.

602 2919 723 2975 ΥΞ⁸.
742 2950 809 2961 -—
846 2920 1053 2974 ΗΡΩΝΙ
1084 2918 1554 2987 ΙΙΡΕΣΒΥΤΕΡῼ.

1980 789 2182 845 Virtuti
2208 804 2428 860 operam
2458 787 2675 843 navanti
2707 800 2922 856 aequum
2953 792 3039 839 est
3063 782 3301 836 divinum
3328 779 3495 835 etiam

1909 883 2222 953 implorare,
2266 894 2322 936 ut
2354 897 2508 951 opem
2560 880 2701 934 Deus
2744 878 2903 940 ferat,
2949 874 3236 930 auxilium.
3283 872 3353 925 At
3401 870 3493 940 qui

1910 977 2028 1047 ejus
2057 978 2255 1030 nullam
2289 977 2437 1030 ducit
2470 974 2760 1037 rationem,
2804 986 2979 1039 neque
3010 968 3227 1023 invocat
3261 964 3502 1023 Numen,

1912 1070 2043 1124 illud
2092 1068 2385 1137 propitium
2419 1082 2524 1121 non
2571 1065 2908 1136 experietur.
2963 1062 3067 1127 Qui
3112 1060 3255 1114 enim
3286 1057 3493 1119 omnia,

1913 1163 2087 1232 quoad
2134 1162 2250 1227 ejus
2302 1160 2420 1214 ﬁeri
2458 1168 2657 1229 potest,
2709 1157 2917 1227 implet.
2984 1155 3220 1224 benigne
3253 1152 3302 1205 ei
3356 1150 3500 1204 Deus

1915 1255 2123 1309 annuit.
2161 1252 2227 1308 Ut
2277 1269 2407 1307 vero
2457 1252 2721 1321 exemplis
2767 1251 2935 1305 etiam
2981 1261 3163 1303 sermo
3202 1244 3404 1299 clarius
3445 1240 3500 1295 id

1914 1346 2188 1409 ostendat,
2220 1344 2401 1397 dicere
2433 1343 2562 1397 mihi
2600 1341 2801 1395 videris
2834 1359 2847 1395 :
2876 1338 3016 1405 Quid
3043 1337 3089 1391 si
3120 1344 3363 1391 scortum
3398 1330 3500 1386 sal-

1915 1437 2032 1490 vari
2059 1436 2209 1498 velit,
2241 1450 2350 1488 non
2394 1433 2520 1486 velit
2550 1443 2732 1486 tamen
2763 1432 2831 1485 ab
2862 1427 3251 1485 incontinentia
3281 1437 3502 1493 tempe-

1917 1541 2060 1591 rare,
2117 1539 2222 1591 qua
2284 1528 2497 1577 demum
2548 1522 2761 1576 ratione
2818 1516 3155 1575 salvabitur?
3215 1513 3309 1567 Est
3358 1515 3503 1582 quod

1916 1618 2265 1684 respondeam
2306 1632 2319 1665 :
2358 1613 2441 1667 Sit
2478 1614 2569 1682 qui
2604 1614 2817 1667 discere
2862 1611 3074 1666 litteras
3109 1610 3317 1679 cupiat,
3372 1621 3505 1676 prte-

1916 1721 2185 1775 ceptorem
2226 1718 2403 1761 tamen
2439 1706 2570 1761 nolit
2600 1707 2971 1773 frequentare,
3006 1703 3203 1758 dehinc
3232 1702 3283 1755 in
3317 1716 3504 1768 gram-

1919 1799 2175 1853 matisten
2210 1798 2334 1866 (hoc
2370 1807 2473 1857 est.
2508 1795 2753 1851 scribere
2803 1797 3088 1849 docentem
3114 1834 3130 1859 ,
3182 1806 3247 1846 ac
3294 1792 3359 1845 de
3411 1789 3503 1843 lit-

1922 1890 2051 1944 teris
2106 1889 2505 1958 disserentem)
2560 1888 2805 1942 incidens
2866 1886 3010 1941 dicat
3060 1900 3076 1937 :
3124 1884 3363 1938 Litteras
3419 1895 3506 1934 me

1922 1983 2158 2049 doceas;
2191 1997 2371 2035 annon
2403 1983 2550 2034 clare
2603 1992 2987 2046 responsurum
3045 1975 3286 2044 opinaris
3317 1991 3331 2028 :
3361 1972 3506 2026 Heus

1925 2076 2151 2139 stolide,
2184 2076 2455 2143 quomodo
2485 2075 2695 2127 discere
2727 2086 2918 2142 queas,
2939 2070 2981 2123 si
3009 2084 3182 2138 neque
3213 2074 3506 2137 praecepto-

1927 2179 2041 2220 rem
2100 2166 2444 2234 frequentas,
2482 2180 2657 2233 neque
2693 2164 2890 2233 stylum
2933 2161 3097 2215 habes
3140 2159 3504 2226 tabulamque.

1926 2266 1979 2310 et
2010 2255 2256 2309 laborare
2292 2256 2549 2309 recusas?
2588 2254 2714 2309 Tute
2749 2254 2891 2307 enim
2938 2250 3180 2305 discendi
3222 2247 3507 2317 cupiditati

1927 2348 1970 2401 si
2005 2349 2299 2401 accesserit
2329 2348 2499 2412 labor,
2530 2359 2691 2415 atque
2720 2360 2883 2414 Opera
2917 2344 3079 2396 etiam
3114 2357 3254 2405 mea,
3287 2340 3509 2394 absolu-

1930 2449 2038 2493 tum
2070 2439 2198 2508 quid
2231 2440 2643 2509 perfectumque
2684 2437 2897 2492 evadet.
2927 2434 3083 2500 Quod
3117 2435 3161 2488 si
3198 2435 3509 2487 desiderare

1929 2532 2145 2601 quidem
2204 2540 2257 2584 te
2308 2530 2566 2597 afﬁrmes,
2631 2547 2803 2601 neque
2852 2544 2914 2584 ea
2962 2544 3089 2597 ages
3144 2542 3264 2595 qua:
3307 2523 3510 2578 sciendi

1929 2622 2108 2689 cupidi
2141 2620 2321 2675 facere
2345 2634 2767 2689 consueverunt,
2788 2623 3057 2691 quomodo
3074 2618 3280 2670 discere
3307 2608 3515 2680 queas?

1933 2712 2025 2765 Sic
2074 2712 2163 2778 qui
2220 2713 2470 2764 virtutem
2531 2718 2720 2779 Optare
2784 2727 2843 2765 se
2895 2712 3099 2772 dicunt,
3159 2719 3224 2759 ac
3274 2704 3415 2756 viatn
3446 2714 3517 2752 eo

1935 2802 2219 2856 ducentem
2254 2802 2461 2872 ingredi
2496 2801 2791 2872 refugiunt.

2170 2915 2376 2971 CDLX.
2402 2947 2472 2956 ——
2492 2915 2751 2971 HERONI
2801 2910 3282 2970 PRESBYTERO.

876 3018 1137 3073 Sectnnda
1162 3034 1222 3071 ea
1245 3035 1362 3089 qua:
1402 3020 1468 3070 ad
1501 3020 1741 3071 virtutem
1779 3018 2154 3088 acquirendam
2193 3018 2514 3073 adminiculo
2543 3034 2653 3072 esse
2674 3026 2885 3087 queant.

318 3136 506 3206 Μηδὲν
558 3134 741 3206 τίμιον
785 3130 926 3189 εἶναι
977 3134 1189 3205 νόμιζε,
1219 3134 1247 3187 ὃ
1296 3134 1371 3206 μὴ
1445 3134 1581 3205 πρὸς
1628 3133 1831 3205 ἀρετὴν

240 3232 420 3305 φέρῃ,
459 3230 595 3300 μηδὲ
625 3232 750 3299 ποιῇ
781 3229 1040 3299 ἀμείνους
1066 3229 1194 3290 τοὺς
1226 3228 1355 3297 περὶ
1406 3227 1539 3279 αὐτὸ
1586 3224 1826 3278 σπουδά-

2007 3134 2149 3191 Cave
2182 3143 2338 3205 putes
2364 3132 2593 3203 alicujus
2622 3146 2741 3185 esse
2772 3128 2953 3198 pretii,
2988 3125 3129 3195 quod
3165 3124 3231 3177 ad
3264 3122 3522 3174 virtutem

1934 3243 2038 3283 non
2089 3229 2273 3293 ducat,
2314 3241 2487 3296 neque
2518 3224 2770 3278 meliores
2802 3222 2989 3276 reddat
3038 3218 3139 3273 sibi
3176 3215 3407 3270 deditos.
3440 3212 3526 3265 Ad

242 3323 465 3388 ζοντας.
491 3323 651 3393 Φέρει
673 3322 730 3375 δὲ
775 3324 854 3385 εἰς
880 3321 1082 3392 ἀρετὴν
1105 3321 1166 3373 τὸ
1198 3322 1312 3383 τοῖς
1356 3319 1667 3388 φιλαρέτοις
1699 3319 1827 3371 ἁκο-

1938 3323 2194 3375 virtutem
2227 3330 2406 3373 autem
2461 3334 2619 3371 manu
2653 3315 2894 3380 duceris,
2916 3314 2961 3367 si
3014 3311 3214 3366 virtute
3272 3305 3527 3375 praeditos

246 3414 479 3480 λουθεῖν,
513 3415 607 3467 καὶ
640 3415 849 3484 ὁμιλεῖν
888 3417 1001 3477 τοῖς
1057 3412 1547 3483 σωφρονεστάτοις,
1585 3410 1722 3463 ἀλλά
1752 3410 1827 3480 μὴ

245 3511 364 3571 τοῖς
415 3507 866 3575 ἀσελγεστάτοις·
919 3509 1031 3570 τοῖς
1106 3504 1553 3576 είρηνικωτάτοις
1606 3502 1703 3555 καὶ
1751 3495 1834 3563 οἷς

247 3599 652 3670 συνδιατρίϐειν
701 3596 998 3662 λυσιτελὲς,
1034 3597 1172 3651 ἀλλά
1222 3597 1297 3667 μὴ
1332 3599 1443 3660 τοῖς
1495 3596 1829 3666 μαχιμωτά-

246 3708 386 3755 τοις.
418 3686 492 3744 Εὖ
531 3691 645 3763 γὰρ
701 3690 899 3744 είδέναι
932 3689 1060 3761 χρὴ,
1108 3690 1191 3742 ὅτι
1224 3688 1419 3751 κακίας
1456 3704 1539 3749 τις
1587 3688 1715 3758 ῥᾷον
1743 3704 1839 3757 με-

246 3784 591 3854 ταλαμόἀνει
622 3784 657 3856 ἢ
706 3785 930 3854 ἀρετῆς.
974 3783 1037 3834 Εἰ
1066 3780 1174 3852 γὰρ
1228 3777 1298 3850 ἦν
1350 3782 1480 3851 ῥᾷον
1522 3780 1582 3832 τὸ
1635 3779 1837 3850 ἀρετῆς

254 3879 569 3946 μετασχεῖν,
593 3874 765 3945 ἐχρῆν
811 3875 1046 3937 καὶτοῖς
1100 3874 1386 3935 κακίστοις
1418 3875 1657 3925 συνεῖναι
1707 3873 1836 3934 τοὺς

252 3969 593 4038 δυναμένους
649 3967 854 4037 ταύτην
907 3966 1259 4039 χαρίσασθαι.
1327 3964 1547 4036 Ἐπειδὴ
1588 3964 1645 4016 δὲ
1676 3962 1836 4016 τοῦτο

250 4058 535 4124 δύσκολον,
584 4057 807 4128 ἄμεινον
843 4059 902 4111 ἐν
946 4055 1218 4126 ἀσφαλείᾳ
1266 4051 1426 4121 εἶναι,
1484 4054 1579 4106 καὶ
1620 4053 1842 4122 φεύγειν

251 4151 384 4213 τοὺς
414 4150 703 4221 πονηρούς.
748 4151 811 4205 Εἰ
850 4150 959 4219 γὰρ
1005 4150 1201 4201 ἐκεῖνοι
1235 4148 1336 4200 οὐκ
1383 4147 1747 4216 ὠφελοῦνται,
1773 4146 1842 4199 δι’

254 4244 325 4315 ἢν
352 4242 531 4297 αἰτίαν
556 4242 719 4305 αὐτὸς
744 4240 1038 4313 ζημιοῦσαι
1061 4260 1076 4309 ;

598 4442 769 4500 rasa
794 4473 863 4484 —
895 4443 1132 4497 [EPAKI
1176 4442 1502 4512 ΔΙΑΚΟΝῼ.

1937 3413 2222 3481 sequaris,
2279 3419 2440 3479 atque
2484 3418 2637 3462 utare
2692 3404 3033 3460 familiariter
3084 3394 3529 3469 prudentissimis

1943 3505 2288 3568 hominibus,
2345 3504 2437 3557 sed
2489 3502 2711 3555 libidine
2773 3498 2997 3552 minime
3052 3492 3367 3553 dissolutis,
3416 3488 3529 3540 vita

1941 3612 2070 3650 vero
2088 3595 2294 3663 pacatis
2316 3609 2377 3647 ac
2402 3591 2629 3664 placidis
2658 3590 2893 3643 maxime
2915 3586 3177 3647 moribus,
3206 3582 3529 3651 quibuScunt

1941 3688 2148 3742 versari
2187 3687 2451 3757 perutile,
2495 3700 2598 3739 non
2648 3698 2770 3737 cum
2814 3678 3191 3735 contentiosis.
3237 3673 3529 3729 Sciendum

1946 3784 2090 3835 enim
2118 3797 2265 3842 vere,
2300 3780 2459 3833 citius
2491 3778 2641 3832 vitiis
2678 3790 2841 3845 quam
2872 3771 3163 3827 virtutibus
3197 3768 3339 3837 capi.
3366 3762 3535 3835 695

1948 3871 2005 3926 Si
2040 3873 2183 3925 enim
2223 3870 2434 3925 facilius
2468 3870 2609 3922 foret
2661 3869 2917 3919 virtutem
2966 3859 3216 3930 adipisci,
3246 3858 3535 3926 Oportebat

1948 3979 2078 4019 sane
2103 3980 2225 4017 eum
2251 3961 2506 4031 pessimis
2552 3958 2759 4015 versari
2788 3972 2902 4020 eos,
2939 3953 3031 4023 qui
3064 3953 3204 4005 hanc
3230 3946 3537 4003 commutti-

1951 4070 2081 4108 care
2112 4062 2349 4123 possent.
2393 4051 2529 4104 Cum
2578 4064 2708 4103 vero
2747 4047 2797 4100 id
2833 4041 3149 4113 perdifﬁcile
3183 4038 3275 4101 sit,
3312 4040 3534 4103 praestat

1953 4154 2066 4198 tuto
2094 4122 2254 4213 agere
2287 4153 2342 4196 et
2371 4140 2647 4210 improbos
2688 4138 2882 4191 vitare.
2921 4132 3198 4200 Siquidem
3232 4143 3358 4180 vero
3403 4122 3539 4175 nihil

1951 4237 2219 4291 commodi
2266 4235 2504 4289 referunt
2552 4230 2804 4300 improbi,
2854 4242 2972 4291 cur,
3021 4236 3249 4293 quazso,
3295 4218 3388 4271 tibi
3434 4213 3538 4283 ipsi

1952 4329 2147 4382 allerre
2177 4327 2433 4381 damnum
2463 4323 2692 4379 studes?

2237 4440 2467 4499 CDLXI.
2496 4469 2566 4479 ——
2606 4434 2886 4491 HIERACI
2928 4427 3247 4488 DIACONO.

878 4610 890 4617 _
948 4537 1202 4589 Animum
1228 4550 1384 4604 quant
1426 4549 1614 4601 corpus
1646 4531 1881 4586 excolere
1914 4550 2155 4604 prwstat.
2188 4536 2265 4590 De
2288 4536 2535 4589 societate
2565 4530 2841 4583 bonorum-

343 4672 408 4725 Ἥ
446 4669 609 4739 φύσις
634 4670 849 4742 ἀνάγκῃ
877 4671 971 4722 καὶ
999 4670 1144 4740 ὅροις
1171 4667 1398 4733 δέδεται,
1431 4669 1464 4737 ή
1493 4667 1550 4719 δὲ
1581 4665 1841 4737 προαίρε-

2015 4664 2219 4718 Natura
2252 4659 2559 4717 necessitati
2607 4657 2883 4725 certisque
2919 4660 3005 4707 est
3047 4649 3243 4702 ﬁnibus
3277 4645 3543 4702 astricta;

260 4782 349 4827 σις
374 4738 658 4832 ἐλευθερίᾳ
705 4762 798 4814 καὶ
823 4738 1047 4833 ἐξουσία
1089 4762 1399 4831 τετίμηται.
1433 4759 1498 4811 Τί
1548 4756 1846 4827 τοιγαροῦν

1945 4758 2230 4812 arbitrium
2288 4770 2417 4809 vero
2473 4752 2725 4805 libertate
2785 4764 2847 4801 ac
2927 4751 3194 4813 potestate
3258 4738 3541 4805 praulituut

256 4857 325 4909 τὸ
358 4854 515 4924 σῶμα
567 4830 954 4918 καλλωπίζων,
993 4830 1093 4922 ei};
1119 4830 1298 4924 ψυχῆς
1342 4851 1606 4921 ἀμελεῖς;
1660 4848 1848 4918 Μυρία

1948 4860 2050 4904 est.
2080 4850 2190 4903 Cur
2221 4848 2389 4917 igitur
2432 4860 2633 4912 corpus
2680 4851 2934 4895 accurate
2971 4847 3247 4889 exornans
3301 4830 3540 4883 anitnant

264 4948 372 5019 μὲν
412 4922 525 5016 (tu)
562 4948 655 4999 ἐὰν
691 4947 999 5016 μηχανήσῃ,
1034 4945 1095 4997 τὸ
1117 4922 1355 5028 εἰδεχθὲς
1384 4942 1542 5013 σῶμα
1570 4940 1848 5011 εθμορφον

1955 4940 2229 5011 negligis?
2286 4937 2523 4992 Tametsi
2579 4936 2724 4989 enim
2790 4925 3204 4983 innumerabilia
3264 4922 3541 4985 moliaris,

258 5039 325 5093 ού
358 5040 620 5107 ποιήσεις.
665 5038 823 5107 Ῥᾷον
846 5038 902 5089 δὲ
933 5036 1033 5106 τὴν
1069 5036 1246 5106 ψυχὴν
1278 5036 1357 5097 εἰς
1400 5033 1568 5103 αὐτὴν
1598 5030 1688 5084 τοῦ
1722 5031 1855 5084 κάλ-

260 5132 392 5195 λους
426 5131 741 5199 ἀναγάγοις,
773 5132 822 5183 εἰ
869 5128 1099 5199 βούλοιο,
1157 5127 1256 5198 τὴν
1301 5126 1584 5197 κορυφήν
1646 5122 1744 5176 καὶ
1786 5123 1851 5176 τὸ

266 5224 392 5295 μὲν,
429 5225 477 5276 εί
508 5222 601 5275 καὶ
629 5221 852 5275 δυνατὸν
878 5216 967 5293 ἦν,
1001 5220 1273 5288 ἀνωφελὲς
1302 5215 1371 5289 ἦν
1398 5218 1493 5271 καὶ
1520 5216 1812 5287 ἐπίφθονον
1833 5234 1846 5248 ·

263 5319 329 5371 τὸ
362 5318 418 5369 δὲ
450 5314 853 5385 καὶὼφέλιμον,
872 5313 969 5367 καὶ
999 5312 1191 5381 φθόνου
1222 5314 1489 5381 κρεῖττον,
1521 5312 1614 5364 καὶ
1641 5310 1853 5380 βασκα-

265 5408 385 5469 νίας
454 5406 744 5476 ἀνώτερον.
809 5406 872 5459 Εἰ
930 5404 988 5458 δὲ
1036 5402 1277 5474 νομίζεις
1322 5402 1579 5456 δύσκολον
1610 5398 1752 5455 εἶναι
1790 5401 1853 5453 τὸ

268 5499 541 5570 ἀναϐῆναι
568 5500 661 5551 ἐπὶ
688 5497 784 5568 τὴν
808 5498 1050 5569 κορυφὴν
1081 5496 1180 5565 τῆς
1217 5494 1439 5565 ἀρετῆς,
1475 5494 1710 5564 μάλιστα
1749 5493 1851 5562 μὲν

266 5592 410 5653 εἰσὶν
474 5592 525 5645 oi
581 5592 675 5645 καὶ
728 5591 888 5645 τοῦτο
938 5591 1255 5655 ἀνύσαντες,
1307 5589 1403 5642 καὶ
1457 5588 1521 5640 ὲκ
1550 5586 1646 5640 τοῦ
1684 5584 1848 5656 βυθοῦ

1957 5047 2156 5101 corpus
2178 5030 2422 5085 deforme
2454 5029 2655 5081 frustra
2707 5024 3007 5077 formosum
3037 5015 3256 5072 coneris
3290 5014 3540 5067 reddere.

1956 5124 2025 5174 At
2059 5134 2286 5189 pronum
2338 5124 2421 5171 est
2452 5130 2516 5169 ac
2545 5112 2701 5167 facile
2748 5112 2988 5165 animam
3040 5108 3108 5160 ad
3158 5117 3454 5165 sumnuun,
3500 5102 3545 5154 si

1958 5213 2109 5277 libet,
2170 5207 2587 5281 pulchritudinis
2640 5205 2853 5259 culmen
2914 5202 3208 5254 adducere.
3288 5194 3352 5247 Et
3416 5193 3549 5246 illud

1953 5304 2196 5374 quidem,
2242 5300 2492 5371 quamvis
2548 5297 2663 5352 lieri
2721 5303 2921 5365 queat,
2957 5290 3147 5345 inutile
3183 5299 3360 5341 tamen
3390 5285 3461 5338 sit
3492 5293 3549 5337 et

1954 5398 2201 5452 odiosum
2231 5413 2246 5449 :
2275 5398 2376 5449 hoc
2407 5409 2537 5449 vero
2585 5390 2824 5463 perutile
2857 5396 2911 5442 et
2941 5396 3098 5439 extra
3133 5395 3353 5436 omnem
3405 5376 3548 5429 invi-

1955 5492 2099 5546 diam
2152 5489 2447 5557 odiumque
2483 5487 2741 5556 positum.
2784 5482 2842 5537 Si
2888 5489 3064 5534 autem
3123 5484 3279 5547 putes
3331 5466 3550 5527 diﬂicile

1954 5599 2097 5652 esse,
2129 5592 2187 5638 ut
2216 5581 2339 5651 quis
2360 5580 2427 5634 ad
2446 5592 2721 5635 summum
2753 5574 2977 5631 virtutis
3002 5573 3211 5641 apicem
3246 5566 3549 5638 pertingat,

1386 5739 1620 5799 VARIIE
1660 5736 2045 5796 LECTIONES
2083 5736 2172 5793 ET
2207 5734 2441 5793 NOTAE.

352 5901 466 5977 (44)
492 5903 635 5963 Inter
665 5905 762 5977 μὲν
788 5912 843 5962 et
881 5903 975 5961 ἐὰν
1006 5902 1167 5959 iidem
1198 5903 1442 5958 inserunt
1467 5900 1596 5971 γάρ.
1642 5897 1855 5956 Possm.
