3982 6420
504 401 642 470 1595
1702 401 1763 463 S.
1806 398 2099 459 ISIDORI
2136 396 2579 461 PELUSIOT/E
3621 389 3742 458 1595

501 527 628 572 sunt
662 524 845 572 tamen
899 514 1142 580 omnino,
1199 514 1289 585 qui
1338 528 1403 569 eo
1448 514 1804 583 perveniant,
1859 524 2073 582 atquee

2181 511 2282 579 τῆς
2310 509 2509 573 κακίας
2565 507 2704 579 πρὸς
2746 507 2915 578 ἄκρον
2979 505 3379 575 ἀναϐεϐηκότες
3424 504 3635 576 ἀρετῆς.
3686 507 3736 561 Ei

501 605 726 661 malitia:
778 606 1038 659 barathro
1066 606 1134 659 ad
1169 603 1389 658 virtutis
1423 603 1682 657 verticem
1723 602 2073 657 conscendert

2193 602 2253 655 δέ
2289 619 2372 655 σοι
2400 601 2658 656 δύσκολον
2690 595 2828 654 εἶναι
2858 599 3017 653 τοῦτο
3054 600 3231 664 δοκεῖ,
3262 600 3353 652 καὶ
3388 598 3641 669 ἀπόστηθι
3660 601 3740 669 τῆς

502 695 773 749 nitantur.
800 693 954 759 Quod
986 693 1030 749 si
1060 692 1278 749 dilIieiIe
1320 695 1592 759 videatur,
1643 692 1858 747 discede
1889 692 1957 745 ab
1985 691 2074 744 im-

2194 694 2417 758 κακίας,
2448 694 2544 746 καὶ
2578 694 2711 762 ἆψαι
2734 692 2837 762 τῆς
2864 691 2957 745 ἐπὶ
2982 690 3083 761 τὴν
3103 688 3302 761 ἀρετὴν
3324 688 3589 760 φερούσης
3619 691 3740 743 ὁδοῦ·

502 785 793 854 probitate,
825 791 879 838 et
936 782 1126 837 insiste
1159 783 1247 837 via
1297 798 1419 852 quae
1479 782 1545 836 ad
1603 781 1859 835 virtutem
1918 779 2068 832 ducit

2191 786 2251 839 τὸ
2281 787 2388 857 γὰρ
2414 784 2495 838 ἔτι
2529 784 2726 856 μικρὸν
2776 782 2968 838 ἑαυτοῦ
3024 783 3325 854 διαφέρειν,
3376 781 3436 834 οὑ
3464 781 3543 833 δεῖ
3577 782 3740 850 μικρδν

501 875 657 943 Quod
691 875 735 930 si
777 875 955 928 adhuc
989 874 1202 929 modice
1229 875 1433 927 distare
1456 874 1726 935 videatur,
1757 871 1867 925 noli
1898 870 2073 924 existi-

2190 879 2466 949 ἡγεῖσθαι.
2501 878 2674 932 Τοῦτο
2704 877 2761 930 δὲ
2791 876 2965 940 ἔσται,
3008 877 3057 929 εί
3089 877 3205 938 τοῖς
3243 873 3340 944 μὲν
3371 874 3618 944 πονηροῖς
3642 875 3739 924 ἑπι-

501 983 652 1024 mare
678 968 972 1023 modicum.
996 966 1051 1021 Id
1086 967 1176 1021 fiet
1198 966 1242 1020 si
1281 967 1456 1020 noxiis
1477 965 1597 1018 vita:
1622 964 1887 1017 institutis
1911 977 2073 1032 nequt

2202 969 2503 1039 τηδεύμασι
2553 971 2690 1041 μήτε
2738 968 2902 1031 αὐτὸς
2947 967 3186 1039 χρῆσθαι
3244 963 3583 1035 βουληθείης,
3628 964 3740 1034 μήτε

503 1062 581 1115 Uti
614 1061 729 1129 ipse
764 1059 931 1125 voles,
974 1074 1150 1127 neque
1196 1058 1268 1113 iis
1299 1058 1391 1125 qui
1430 1066 1655 1111 utantur
1688 1057 1765 1110 sis
1798 1055 2075 1109 familiaris

2192 1064 2304 1124 τοῖς
2325 1061 2629 1132 χρωμένοις
2674 1061 2936 1132 χρῆσθαι,
2961 1063 3072 1123 τοῖς
3109 1060 3165 1112 δὲ
3193 1058 3418 1126 ἀγαθοῖς
3459 1056 3553 1109 καὶ
3587 1058 3740 1125 πράγ-

506 1152 668 1206 bonis
723 1163 915 1205 contra
953 1151 1087 1205 viris
1130 1165 1193 1204 ac
1257 1150 1488 1218 negotiis
1550 1148 1780 1217 tcipsum
1844 1148 2078 1202 dederis.

2199 1170 2332 1225 μασι
2364 1154 2457 1206 καὶ
2506 1153 2734 1223 ἀνδράσι
2788 1152 3085 1222 συνάψειας
3121 1151 3336 1205 σαυτόν.
3368 1150 3506 1212 Τοὺς
3542 1148 3631 1218 μὲν
3657 1152 3743 1219 γὰρ

501 1243 709 1299 I’robos
762 1243 1002 1308 ctenim,
1057 1242 1270 1296 tametsi
1335 1250 1387 1296 te
1434 1242 1689 1303 oderint,
1746 1240 1932 1309 fugere
1982 1256 2068 1293 nor

2187 1246 2428 1314 ἀγαθοὺς
2453 1246 2573 1299 οὐδὲ
2608 1244 2934 1315 μισούμενον
2959 1244 3181 1313 φεύγειν
3214 1242 3340 1313 χρὴ,
3370 1242 3501 1302 τοὺς
3523 1241 3579 1293 δὲ
3608 1258 3742 1310 πονη-

499 1344 733 1404 oportet,
769 1343 823 1388 at
849 1349 978 1389 vero
1001 1335 1189 1394 malos,
1219 1333 1317 1389 etsi
1347 1343 1394 1388 te
1422 1340 1627 1387 ament.

1241 1333 1317 1389 :tsi
1347 1343 1394 1388 te
1422 1340 1627 1387 ament.
2188 1338 2315 1407 ροὺς
2340 1338 2436 1390 καὶ
2466 1336 2813 1407 φιλούμενον.

664 1448 916 1505 CDLXII.
956 1478 1027 1489 —
1053 1445 1430 1502 THEODOBO
1486 1444 1913 1501 AUGUSTALI.

2396 1450 2563 1505 ΥΞΒ’.
2599 1482 2669 1490 -
2695 1448 2999 1518 ΘΕΟΔΩΡῼ
3049 1447 3554 1517 ΛΥΓΟΥΣΤΑΛΙῼ.

1110 1540 1425 1595 Comitalem
1458 1541 1633 1610 potius
1662 1556 1817 1609 quam
1848 1541 2152 1609 superbiam
2185 1554 2234 1598 et
2263 1546 2463 1612 [astam
2496 1546 2877 1615 imperantibus
2908 1543 3204 1595 convenire.

570 1652 689 1708 Non
720 1656 1013 1724 superbum
1049 1655 1360 1723 elatumque
1400 1654 1678 1723 ingenium
1715 1655 1780 1707 ad
1804 1654 2082 1722 imperano

2260 1663 2336 1715 Οὑ
2366 1661 2426 1712 τὸ
2445 1660 2763 1724 ἀλαζονικὸν
2795 1662 2892 1712 καὶ
2931 1657 3237 1728 ὑπέρογκον
3268 1657 3471 1725 δεῖγμα
3529 1658 3746 1725 ἄρχοντι-

499 1745 627 1799 dum
669 1761 790 1800 cum
837 1745 977 1800 fastu
1018 1760 1076 1800 se
1121 1748 1256 1800 dans
1314 1745 1624 1812 reipublicm
1676 1745 2071 1813 gubernanda,

2189 1750 2287 1804 κοῦ
2314 1753 2484 1813 ἐστιν,
2509 1750 2585 1812 ὡς
2617 1752 2747 1819 ἡγῇ,
2782 1751 3150 1820 φρονήματος,
3186 1748 3325 1802 ἀλλὰ
3355 1749 3418 1800 τὸ
3448 1748 3639 1817 ἥμερον
3666 1747 3745 1799 καὶ

501 1844 560 1889 ιιι
588 1836 889 1900 existimas,
930 1847 1114 1902 aptum
1143 1846 1246 1905 est,
1298 1837 1390 1891 sed
1439 1837 1571 1890 mite
1599 1836 1779 1905 potius
1829 1851 1893 1889 ac
1925 1834 2073 1888 facile

2184 1839 2527 1908 εὐπρόσιτον,
2562 1839 2658 1892 καὶ
2696 1838 2756 1890 τὸ
2788 1839 2955 1890 πᾶσιν
2993 1840 3108 1907 μετ’
3135 1837 3444 1899 ἐπιεικείας
3471 1836 3743 1906 προσφέρε-

499 1929 863 1998 omnibusque
914 1944 973 1983 se
1022 1946 1085 1985 ex
1145 1944 1299 1998 aequo
1334 1930 1763 1983 accomnmdans
1802 1927 2071 1995 ingenium

2193 1930 2335 1984 σθαι.
2403 1932 2613 1983 Ἐκεῖνο
2649 1929 2749 1999 μὲν
2801 1930 2911 1999 γὰρ
2963 1928 3336 1999 θηριοπρεπὲς
3378 1928 3474 1980 καὶ
3527 1927 3740 1996 ὀφιῶδες,

501 2020 901 2089 ιηίρίθτθηιίυῐη
934 2030 1038 2077 est.
1095 2021 1227 2076 Illud
1265 2022 1483 2092 quidem
1530 2021 1759 2074 ferinum
1808 2020 1967 2088 plane
2001 2028 2073 2073 est

2191 2020 2348 2073 τοῦτο
2377 2020 2432 2073 δὲ
2468 2020 2715 2089 ἀρχικὸν,
2750 2021 2982 2083 καὶτοῖς
3018 2020 3277 2090 ὑπηκόοις
3309 2019 3737 2071 λυσιτελέστατον.

502 2130 567 2169 ac
618 2115 924 2184 viperinum
985 2132 998 2169 :
1058 2114 1163 2170 hoc
1212 2123 1402 2169 contra
1462 2123 1645 2182 aptum
1708 2113 1960 2181 imperio,
2021 2126 2074 2167 at

2194 2114 2268 2165 Οὐ
2313 2112 2425 2182 γὰρ
2473 2112 2581 2165 ἀπὸ
2626 2112 2998 2181 φρονήματος,
3027 2111 3141 2164 ἀλλ’
3175 2110 3283 2163 ἀπὸ
3318 2112 3625 2182 φρονήσεως
3653 2110 3741 2162 τῶν

501 2208 738 2263 subditis
773 2207 930 2277 longe
964 2209 1336 2262 utilissimum.
1390 2205 1576 2276 Neque
1617 2207 1758 2260 enim
1795 2206 1959 2269 fastu,
1990 2207 2073 2260 sed

2193 2204 2478 2273 ἡγεμόνων
2519 2204 2587 2256 τὰ
2614 2204 2721 2256 τῶν
2752 2202 3010 2273 ὑπηκόων
3044 2201 3407 2271 κατορθοῦται
3456 2201 3741 2271 πράγματα.

500 2300 790 2363 prudentia
828 2297 1209 2367 praefectorum
1250 2314 1337 2352 res
1367 2298 1734 2367 subjectorum
1778 2297 2072 2351 instauran'

2190 2296 2265 2348 Τὸ
2303 2294 2524 2365 μὲνγὰρ
2559 2296 2654 2347 καὶ
2675 2296 2857 2358 αὑτοῖς
2883 2295 2978 2347 καὶ
2995 2296 3108 2356 τοῖς
3138 2294 3468 2364 ἀρχομένοις
3490 2290 3742 2362 σφαλερὸν,

504 2399 610 2443 tur.
631 2390 725 2444 Ille
745 2392 887 2445 enim
904 2393 1149 2462 utrisque
1168 2409 1356 2462 parum
1380 2392 1677 2453 tutus,baec
1696 2405 1822 2445 vero
1845 2392 2076 2459 utrisque

2190 2388 2224 2457 ἡ
2284 2386 2341 2439 δὲ
2391 2386 2673 2456 ἑκατέροις
2731 2386 2980 2456 ἀσφαλής
3002 2402 3016 2416 °
3049 2387 3162 2447 τοῖς
3208 2385 3311 2454 μὲν
3347 2386 3481 2456 (45),
3510 2386 3555 2436 εἰ
3582 2384 3635 2435 τὸ
3658 2383 3740 2453 ἀρ⁴

504 2490 617 2535 tuta
637 2499 651 2536 :
675 2482 797 2536 istis
820 2484 1037 2553 quidem
1067 2485 1112 2538 si
1139 2484 1424 2553 imperium
1447 2483 1514 2538 ad
1541 2482 1853 2551 popularem
1886 2491 2076 2537 statum

2190 2482 2343 2550 χικδν
2371 2482 2465 2535 ἐπὶ
2502 2482 2561 2534 τὺ
2586 2479 3025 2552 δημοτικώτερον
3058 2479 3235 2533 νεύειν
3257 2478 3626 2532 ἁναπείθοιενο
3650 2478 3741 2538 τοῖς

502 2584 746 2642 spectare
770 2577 1031 2641 creditur,
1061 2577 1144 2631 his
1176 2591 1303 2630 vero
1333 2577 1377 2630 si
1408 2575 1720 2629 dominandi
1755 2572 2074 2647 [libidinem]

2188 2572 2268 2633 δὲ,
2324 2574 2373 2625 εἰ
2429 2574 2530 2642 τὴν
2582 2570 2882 2624 ἐπιείκειαν
2924 2570 3023 2642 τὴν
3073 2569 3418 2641 ἡγεμονικὴν
3450 2570 3529 2632 εἰς
3558 2567 3746 2635 ἀγάπην

502 2680 711 2734 amore,
747 2668 839 2735 qui
878 2667 1129 2721 timorem
1166 2667 1358 2732 vincit,
1390 2677 1722 2735 permutent.

2193 2663 2416 2733 μείζονα
2435 2663 2529 2717 τοῦ
2555 2663 2721 2733 φόϐου
2755 2663 3133 2733 τυγχάνουσαν
3161 2661 3442 2733 τρέψοιεν.

952 2777 1226 2835 CDLXHI.
1259 2809 1329 2818 —
1352 2777 1626 2833 ALYPIO.

2699 2774 2863 2829 r31".
2895 2805 2963 2815 —-
2986 2776 3266 2847 ΑΛΥΠΙῼ.

1429 2870 1656 2925 Theatra
1689 2872 1927 2937 vitanda,
1962 2879 2019 2923 ut
2053 2869 2323 2923 libidinosi
2357 2869 2555 2922 amoris
2592 2869 2848 2923 scholam.

569 2980 797 3037 Theatri
854 2982 1106 3054 quisquis
1152 2983 1348 3040 insano
1396 2999 1583 3038 amore
1627 2995 1823 3053 captus
1870 2993 1995 3050 est,
2052 2999 2085 3038 ο

2274 2983 2332 3037 'O
2357 2981 2754 3053 θεατρομανὴς,
2788 2974 2835 3034 ὧ
2870 2980 3137 3051 βέλτιστε,
3158 2980 3526 3053 ἐρωτομανὴς
3548 2981 3741 3047 γίνεται.

498 3076 703 3144 optime
752 3076 1018 3139 virorum,
1060 3077 1287 3131 insanus
1340 3077 1578 3133 vicissim
1621 3093 1685 3133 ac
1726 3078 1970 3147 perditus
2023 3077 2070 3130 ﬁt

2189 3074 2362 3143 Φεῦγε
2384 3074 2561 3128 τοίνυν
2590 3074 2786 3137 ἐκεῖνο,
2814 3073 2905 3127 ἵνα
2932 3074 3008 3145 μὴ
3053 3073 3214 3127 τοῦτο
3249 3074 3495 3144 τεχθείη.
3525 3075 3744 3142 Ἄμεινον

501 3179 739 3222 amator.
796 3167 933 3222 Illud
994 3167 1178 3237 itaque
1221 3169 1414 3223 vitium
1466 3170 1703 3235 declina,
1763 3185 1829 3223 ne
1885 3170 1936 3223 in
1984 3171 2073 3224 hct

2189 3166 2300 3238 γὰρ
2327 3166 2402 3237 μὴ
2436 3164 2734 3237 ῥιζωθῆναι
2768 3166 2869 3236 τὴν
2895 3168 3071 3229 νόσον,
3099 3167 3133 3237 ἢ
3176 3168 3510 3237 ριζωθείσαν
3534 3168 3743 3219 ἀνασπα-

498 3258 730 3313 incidas.
775 3256 1006 3312 Praestat
1053 3259 1200 3313 enim
1235 3261 1480 3313 morbum
1516 3261 1726 3315 radices
1761 3276 1865 3314 non
1900 3275 2070 3329 agere

2198 3255 2415 3326 σθῆναι,
2456 3256 2591 3327 ὅπερ
2643 3255 2757 3308 *ιιισ1¹
2811 3255 2911 3326 μὲν
2969 3254 3252 3324 δύσκολον,
3285 3257 3403 3310 τισὶ
3434 3257 3490 3310 δὲ
3520 3255 3744 3311 ἀδύνατον

497 3363 659 3412 quam
680 3348 846 3418 jactis
869 3348 981 3416 jam
1016 3350 1290 3404 radicibus
1320 3351 1576 3417 avellere,
1597 3351 1738 3419 quod
1758 3351 2069 3421 quibusdan'

1104 3350 1290 3404 licibus
1320 3351 1576 3417 avellere,
1597 3351 1738 3419 quod
1758 3351 2084 3421 quibusdam
2194 3348 2334 3406 εῖναι
2354 3352 2506 3406 δοκεῖ
2540 3351 2676 3423 (46).

495 3438 732 3503 difﬁcile,
772 3440 893 3494 aliis
921 3456 1049 3495 vero
1080 3444 1245 3495 etiam
1282 3443 1616 3509 impossibile
1642 3444 1906 3498 videatur.

666 3553 837 3624 696
861 3553 1134 3631 CDLXIV.
1167 3585 1238 3595 —
1269 3553 1542 3611 DIOGENI
1589 3553 1911 3611 DIACONO.

1899 3595 1911 3608 .
2490 3557 2654 3613 ΥΞΔ⁹.
2674 3587 2747 3599 -
2770 3557 3087 3615 AIOI‘ENEI
3131 3560 3463 3631 ΔΙΔΚΟΝῼ.

1826 3649 1999 3704 Amisi
2031 3665 2137 3704 non
2165 3650 2459 3705 deserendi.

566 3756 700 3811 Cum
753 3771 1016 3825 germano
1062 3772 1389 3827 sinceraque
1434 3775 1623 3815 amore
1676 3760 1929 3816 ﬁduciam
1982 3762 2071 3814 ha-

2260 3762 2371 3833 Τῆς
2402 3763 2633 3833 γνησίας
2662 3766 2756 3819 καὶ
2778 3766 3107 3837 εἰλικρινοῦς
3146 3767 3335 3839 φιλίας
3383 3770 3445 3823 τὸ
3486 3769 3628 3831 ἀδεὲς
3667 3770 3741 3836 ἐγ-

495 3848 628 3902 bere
686 3848 1070 3917 spoponderis,
1126 3865 1245 3916 cur,
1308 3865 1511 3920 quaeso,
1575 3852 1782 3908 amicos
1835 3853 1954 3907 illos
1982 3864 2067 3907 tua

2180 3856 2494 3927 γυωμένης,
2525 3857 2591 3909 δι’
2619 3858 2687 3928 ἢν
2741 3859 2918 3913 αἰτίαν
2958 3861 3122 3923 αὑτδς
3156 3864 3282 3925 τοὺς
3303 3860 3738 3933 ὲμπιστευθέντας

498 3939 823 3992 commissos
857 3937 980 3993 fidei
1017 3940 1070 3992 in
1128 3950 1375 4009 apertum
1406 3943 1688 4012 conjecisti
1744 3942 2070 4012 periculum?

2185 3963 2267 3999 σοι
2290 3947 2439 4016 παρὰ
2469 3948 2577 4000 τῶν
2608 3948 2778 4018 φίλων
2805 3953 2884 4014 είς
2910 3947 3190 4021 προῦπτον
3225 3952 3461 4024 ἔρριψας
3493 3953 3739 4013 κίνδυνονξ

496 4028 604 4083 Sed
638 4029 887 4083 fortassis
929 4031 1081 4085 rudis
1132 4032 1247 4101 ipse
1280 4046 1422 4087 verae
1451 4047 1511 4089 es
1551 4034 1827 4101 amicitiaa,
1865 4035 2068 4091 minimt

2196 4038 2332 4093 Ἀλλ’
2374 4038 2503 4103 ἴσως
2532 4040 2718 4111 φιλίας
2760 4043 3089 4115 εἰλικρινοῦς
3116 4045 3385 4113 ἄγευστος
3427 4044 3501 4098 ὢν
3531 4044 3615 4097 καὶ
3638 4040 3739 4096 ἀτέ-

496 4136 602 4191 que
632 4122 904 4190 perfectus
935 4123 1040 4178 hoc
1074 4125 1267 4179 fecisti.

2184 4132 2373 4198 λεστος
2396 4134 2554 4187 τοῦτο
2586 4135 2881 4206 διεπράξω.

916 4229 1170 4285 CDLXV.
1202 4261 1273 4272 —
1301 4230 1661 4287 ASCLEPIO.

2632 4243 2797 4297 ΥΞΕ’.
2832 4273 2905 4282 --
2933 4245 3308 4317 ΔΣΚΛΗΠΙῼ.

1137 4319 1339 4375 Cedant
1373 4339 1523 4375 arma
1558 4334 1712 4392 (egw.
1739 4323 1907 4379 Cicer.
1971 4337 1986 4376 1
2052 4325 2200 4396 Ome.
2241 4341 2288 4383 et
2311 4341 2494 4383 contra
2531 4333 2586 4386 in
2630 4332 2951 4387 Mureniana
2975 4345 3115 4389 orat.

568 4436 1015 4506 Quandoquidem
1042 4439 1332 4491 ostendere
1360 4436 1593 4492 fortasse
1618 4445 1771 4509 cupis
1800 4440 2085 4510 sapientiae

2273 4447 2490 4518 Ἐπειδὴ
2518 4448 2686 4513 δεῖξαι
2746 4451 2876 4514 ἴσως
2924 4451 3248 4522 βουλόμενος
3295 4453 3397 4521 τῆς
3444 4452 3624 4520 σοφίας
3658 4452 3736 4518 τῆς

501 4531 664 4599 hujus
722 4532 908 4585 mundi
955 4530 1203 4587 bellicam
1237 4542 1500 4601 pnestare
1548 4532 1943 4602 fortitudinem,
1975 4553 2073 4606 op-

2180 4540 2452 4609 κοσμικῆς
2479 4541 2762 4609 κρείττονα
2796 4542 2895 4614 τὴν
2942 4546 3000 4595 ἐν
3058 4547 3172 4607 τοῖς
3206 4544 3471 4615 πολέμοις
3495 4542 3733 4613 ἀνδρείαν,

497 4624 656 4690 ponis
712 4623 869 4679 nobis
914 4635 1190 4678 oratorem
1236 4626 1504 4680 dicentem
1545 4642 1557 4677 :
1600 4627 1875 4692 Quantum
1935 4631 2069 4698 quod

2220 4632 2538 4702 ηπετείχισας
2566 4634 2699 4703 ἡμῖν
2718 4636 2809 4687 τὸν
2844 4637 3051 4707 ῥήτορα
3074 4640 3354 4706 φάσκοντα
3375 4655 3389 4668 ⁸
3418 4636 3566 4706 Ὀσῳ
3582 4635 3635 4687 τὸ
3656 4651 3735 4701 φα·
3788 4632 3792 4641 ’

496 4724 709 4781 apcrtc,
750 4730 912 4785 quam
944 4717 1086 4785 quod
1137 4716 1276 4771 clam
1339 4719 1574 4784 geritur,
1614 4720 1807 4774 melius
1855 4730 1979 4788 est;
2025 4731 2068 4776 el

2185 4724 2358 4795 νερῶς
2383 4725 2476 4777 τοῦ
2512 4726 2684 4797 λάθρα
2718 4732 2985 4795 κρεῖττον,
3007 4732 3102 4783 καὶ
3127 4731 3187 4783 τὸ
3229 4731 3549 4800 νικῶνταςῆ
3587 4744 3732 4797 παρα-

496 4809 714 4861 vincerc
743 4817 932 4875 aperto
958 4809 1148 4876 Marte,
1188 4824 1351 4879 quam
1382 4812 1776 4880 supplantando
1809 4823 2068 4879 evertere,

2186 4820 2593 4888 κρουσαμένους
2627 4824 2887 4891 πράττειν
2925 4823 3107 4877 ὁτιοῦν
3136 4825 3503 4896 ἐντιμότερον,
3529 4822 3732 4889 τοσούτῳ

498 4897 950 4953 honorificentius
1007 4900 1379 4957 exsistitzsic
1427 4914 1483 4955 et
1544 4904 1827 4960 honestius
1877 4906 1977 4959 fuit
2014 4921 2070 4960 ac

2187 4910 2404 4963 κάλλιον
2458 4912 2683 4966 Κόνωνα
2727 4913 2796 4966 τὰ
2858 4915 3016 4985 τείχη
3070 4916 3269 4986 στῆσαι
3314 4913 3731 4986 Θεμιστοκλέους.

497 4990 821 5047 laudabilius
846 5008 875 5046 a
896 4993 1118 5049 Conone
1144 4995 1300 5060 duce,
1320 5010 1482 5064 quam
1507 5012 1533 5048 a
1562 4995 1931 5054 Themistocle
1958 5017 2069 5053 tnu-

2199 5001 2259 5053 Ὀ
2295 5001 2395 5071 μὲν
2425 5002 2534 5074 γὰρ
2569 5003 2768 5067 λαθὼν,
2828 5007 2857 5058 ὁ
2916 5007 2974 5060 δὲ
3003 5009 3234 5079 νικήσας
3262 5008 3391 5071 τοὺς
3417 5005 3730 5063 κωλύσαντας

497 5097 590 5136 ros
619 5084 1027 5140 Atheniensium
1063 5087 1345 5141 constitui.
1375 5086 1475 5141 Hic
1501 5088 1646 5142 enim
1683 5089 1846 5155 clam,
1875 5091 1963 5145 ille
1995 5093 2069 5146 vi-

2185 5093 2359 5148 ταῦτα
2372 5096 2649 5164 ἐποίησεν.
2685 5098 2893 5151 Ἐκείνό
2920 5116 3085 5170 φημι,
3123 5100 3207 5153 ὅτι
3235 5101 3473 5172 μάλιστα
3515 5098 3606 5169 μὲν
3630 5094 3731 5148 οὔτε

495 5187 620 5231 olor
637 5192 823 5230 eorum
841 5179 933 5249 qui
964 5178 1385 5248 prohibuissent,
1404 5179 1604 5235 eﬂ'ecit.
1632 5180 1764 5237 Illud
1790 5185 2067 5247 confirmo1

2184 5187 2411 5260 ταύτην,
2449 5187 2571 5242 οὕτε
2601 5191 2817 5262 ἐκείνην
2847 5192 3226 5265 ἀποδεχόμεθα
3250 5210 3265 5223 '
3295 5194 3434 5248 ἀλλὰ
3478 5193 3573 5263 τὴν
3614 5188 3726 5261 μὲν.

498 5282 674 5333 neque
692 5270 831 5324 hanc
850 5285 1025 5340 neque
1048 5271 1195 5325 illam
1219 5273 1610 5340 recipiendam,
1637 5274 1733 5329 sed
1758 5276 2070 5345 sapientiam

2367 5281 2668 5353 κοσμηθείη
2695 5286 2758 5354 τῇ
2773 5258 2906 5356 θείᾳ
2927 5258 3231 5352 παιδεύσει,
3253 5286 3407 5340 οὐδὲν
3432 5258 3568 5339 εἶναι
3589 5258 3728 5353 ἡγού-

495 5357 717 5424 quidem
750 5359 916 5425 illam,
942 5361 1045 5415 nisi
1088 5362 1267 5417 divina
1300 5362 1524 5417 scientia
1559 5364 1894 5430 instruatur,
1930 5367 2067 5421 nihil

2354 5388 2363 5401 ’
2395 5348 2496 5442 τῆλ’
2524 5348 2583 5426 δὲ
2609 5348 2927 5447 κάκίξομεν.
2977 5348 3307 5433 Ἃδικεῖσθαι
3338 5378 3471 5451 γὰρ,
3513 5348 3725 5431 οὐκ-αδε-

496 5448 869 5516 aestimamus,
920 5451 1064 5507 illam
1110 5461 1290 5509 autem
1332 5457 1734 5525 vituperamus.
1796 5455 2064 5514 Didicimu

2354 5438 2763 5537 ιεμαθήκαμενί
2788 5438 3066 5540 ’Ᾰνδρείαν
3090 5470 3147 5525 δὲ
3166 5438 3469 5544 ἡγούμεθα,
3499 5469 3589 5541 τὴν
3611 5464 3727 5520 κατὰ

1598 5612 1839 5670 ἾΑΒΙᾸΕ
1877 5614 2261 5673 LECTIONES
2301 5617 2388 5674 ΕΤ
2427 5618 2661 5677 NOTIE.

501 5760 855 5890 Po'stsflig’IPnst
880 5766 979 5840 μὲν
1017 5769 1224 5827 addunt
1244 5768 1352 5841 γὰρ
1398 5771 1553 5830 codd.
1585 5770 1706 5829 Val.
1741 5774 1843 5831 650
1872 5787 1924 5833 et
1968 5778 2073 5833 Alt.
2195 5779 2467 5905 6436).?
2506 5782 2611 5838 fine
2640 5796 2721 5852 ep.
2756 5797 2853 5852 pro
2878 5781 3027 5837 δοκεῖ
3068 5782 3216 5840 solus
3258 5782 3426 5839 Vatic.
3478 5776 3718 5850 650ml!“
