3982 6420
92 441 226 509 1597

991 426 1532 502 EPISTOLARUM
1570 440 1716 501 LIB.
1758 442 1906 502 v.—-
1947 440 2189 503 EPIST.
2228 443 2537 506 CDLXIX.

3259 426 3399 494 1598

87 562 194 616 τῶν
213 558 504 630 δυσχερῶν
532 557 860 630 ὑπεροψίαν,
891 558 985 611 καὶ
1032 558 1089 610 τὸ
1112 557 1379 625 γενναίως
1406 556 1594 626 φέρειν
1618 556 1691 610 τὰ
1723 562 1757 619 Α

1832 558 1941 614 nim
1964 559 2260 614 Christiani
2286 561 2540 630 accipere
2563 572 2729 629 quam
2760 556 2942 612 facere
2964 551 3219 622 iniuriam
3238 549 3397 617 longe

89 652 488 723 συμϐαίνοντα.
526 652 590 704 El
620 652 675 705 δὲ
702 652 807 721 χρή
842 669 894 704 τι
949 652 1043 704 καὶ
1090 650 1230 722 πρὸς
1252 649 1344 703 τὸν
1374 651 1585 722 ῥήτορα
1613 650 1692 702 εί-

88 748 233 809 πεῖν,
254 744 465 814 εῐποιμ⁹
503 744 605 798 ἄν’
661 744 803 797 Ἀλλ’
845 745 874 796 ὁ
931 743 1095 814 σοφίᾳ
1147 742 1590 814 περιγενόμενος,
1647 737 1695 797 ὦ

89 835 349 907 ρητόρων
383 834 598 906 ἄριστε,
632 834 792 905 δῆλος
811 831 880 906 ἦν
896 835 979 888 ὅτι
1002 835 1096 887 καὶ
1120 836 1373 905 νικήσας,
1399 835 1448 886 εἰ
1473 834 1695 906 συνέϐη,

88 926 358 998 πολεμῶν
390 926 729 998 περιεγένετ⁹
754 926 822 982 ἂν
847 927 1135 999 μείζονως·
1168 930 1196 981 ὁ
1220 927 1279 981 δὲ
1303 926 1527 999 ἀνδρεία
1560 944 1701 999 κρα-

87 1022 269 1091 τήσας
304 1021 505 1093 ἄδηλος
543 1015 635 1092 ἧν,
671 1021 722 1075 εί
757 1021 922 1093 σοφίᾳ
972 1022 1325 1093 περιεγένετο
1372 1021 1484 1086 τοῖς
1514 1020 1701 1086 ὅπλοις

86 1114 377 1187 ἡττηθείς.

606 1397 787 1472 Υεςο.
820 1426 889 1436 -
925 1397 1208 1452 zuNnNt.

1803 666 1924 706 esse
1959 654 2323 721 praestantius.
2359 653 2767 708 Fortitudinem
2796 649 2943 705 enim
2975 646 3354 702 existimamus
3380 682 3398 707 ,
3506 635 3518 647 '

1802 758 1987 798 rerum
2019 760 2141 801 esse
2163 744 2460 800 difﬁcilium
2491 742 2939 813 despicientiam,
2968 747 3025 794 et
3055 752 3243 793 eorum
3278 749 3399 805 qua:

1808 835 2064 889 accidunt
2126 836 2491 891 tolerantiam.
2559 835 2698 901 Quid
2750 848 2883 887 vero
2939 827 3147 885 oratori
3205 826 3282 881 illi
3329 825 3401 877 sit

1807 928 2243 996 respondendum
2264 968 2280 993 ,
2313 930 2392 983 sic
2441 928 2641 983 habeto
2674 946 2688 981 :
2722 925 2766 981 Ο
2800 926 3078 979 rhetorum
3128 925 3400 990 praestan-

1803 1018 2049 1082 tissime,
2092 1021 2342 1090 quisquis
2375 1020 2643 1089 sapientia
2682 1018 2932 1087 superior
2972 1013 3181 1078 evasit,
3228 1009 3402 1079 magis

1804 1109 2140 1175 inclarescit,
2174 1127 2341 1182 quam
2391 1114 2563 1167 victor
2603 1113 2695 1182 qui
2745 1109 3036 1180 pugnando
3085 1104 3266 1160 evadit
3312 1117 3402 1156 su-

1803 1201 2007 1271 perior.
2042 1202 2325 1258 Fortitudo
2370 1215 2549 1258 autem
2586 1206 2810 1258 vincens
2840 1204 3143 1272 ignoratur,
3185 1199 3232 1254 si
3272 1212 3404 1268 pru-

1804 1295 1985 1350 dentis
2017 1296 2187 1349 armis
2212 1309 2521 1366 superetur.

2262 1404 2541 1461 CDI.XVI.
2577 1437 2647 1446 -—
2675 1404 2949 1461 ZENONI.

246 1489 596 1560 Hermogenis
626 1488 855 1558 episcopi
886 1489 1027 1551 laus,
1048 1496 1096 1541 et
1128 1488 1399 1541 modestia:
1431 1488 1854 1560 humilitatisque
1883 1496 2293 1554 commendatio.
2323 1495 2415 1567 (Ut
2446 1509 2495 1552 et
2522 1515 2686 1568 supra
2716 1499 2870 1568 epist.
2899 1497 3007 1552 558
3034 1505 3083 1550 et
3109 1492 3259 1563 448.)

173 1602 531 1675 Ἑρμογένης
553 1605 582 1656 ὁ
619 1602 942 1666 ἐπίσκοπος,
986 1600 1210 1668 ἀγαθὸς,
1235 1602 1284 1653 εί
1307 1602 1401 1653 καί
1424 1618 1508 1665 τις
1536 1600 1696 1665 ἄλλος

93 1696 357 1765 γέγονεν,
383 1695 543 1766 ἀνήρ.
567 1692 813 1768 Τραφεὶς
836 1693 945 1763 γὰρ
976 1693 1034 1745 ὲν
1059 1694 1173 1754 τοῖς
1207 1691 1302 1744 τοῦ
1332 1691 1573 1763 Χριστοῦ
1610 1693 1698 1743 νό-

98 1806 255 1859 μοις,
301 1784 610 1849 παιδευθεὶς
656 1784 714 1837 δὲ
770 1786 829 1837 ὲν
855 1786 966 1846 τοῖς
997 1782 1377 1845 ἀποστολικοίς
1407 1782 1701 1853 παραδείγ-

1884 1608 2184 1680 Episcopus
2237 1610 2612 1682 llermOgenes
2666 1612 2872 1681 probus
2916 1609 3000 1663 vir
3035 1617 3140 1674 est,
3190 1607 3237 1663 si
3282 1606 3406 1677 quis

1807 1701 1965 1756 alius.
1999 1703 2271 1757 Educatus
2299 1704 2444 1758 enim
2479 1704 2532 1757 in
2564 1702 2765 1757 Christi
2794 1699 3203 1771 lege,exemplis
3224 1708 3405 1753 autem

1811 1792 2093 1847 institutus
2129 1793 2465 1861 apostolicis,
2499 1795 2754 1862 episcopo
2786 1807 2916 1846 vero
2945 1792 3103 1860 digna
3139 1789 3305 1844 sentit
3351 1795 3408 1843 et

100 1897 301 1951 μασιν,
342 1878 652 1948 ἐπισκοπῆς
693 1877 749 1930 δὲ
775 1874 901 1940 ἄξια
936 1876 1030 1928 καὶ
1056 1875 1333 1946 φρονήσας
1350 1875 1444 1928 καὶ
1463 1875 1699 1945 πράξας,
1734 1882 1757 1942 ι

1825 1884 2143 1953 Exsequilur.
2189 1884 2551 1952 Temporibus
2593 1899 2721 1938 vero
2765 1882 3173 1937 accommodam
3203 1881 3404 1934 famam

102 1970 441 2042 συνηϐὦσαν
473 1970 587 2039 (47)
617 1968 693 2039 τῷ
749 1968 928 2039 χρόνῳ
974 1967 1072 2039 τὴν
1105 1968 1263 2032 δόξαν
1293 1969 1387 2021 καὶ
1415 1968 1513 2038 τὴν
1541 1967 1706 2037 τιμὴν

98 2065 396 2135 κέκτηται.
442 2063 500 2117 '0
529 2063 639 2133 γὰρ
668 2064 782 2126 τοῖς
808 2062 988 2125 ἄλλοις
1004 2066 1117 2125 τοῖς
1149 2061 1248 2131 τὴν
1282 2061 1484 2132 ἀρετὴν
1508 2060 1708 2112 ἀσκοῦ-

99 2175 189 2212 σιν
261 2156 667 2226 άντοτθαλμεῖν
733 2155 1125 2226 μεμελετηκὼς
1171 2154 1387 2223 φθόνος.
1421 2153 1595 2223 τούτῳ
1620 2153 1709 2207 διὰ

102 2250 168 2302 τὸ
217 2248 455 2319 μέγεθος
476 2249 578 2316 τῆς
627 2247 935 2317 πραότητος
974 2248 1072 2299 καὶ
1097 2246 1199 2316 τῆς
1237 2246 1711 2317 μετριοφροσύνης

98 2341 217 2394 οὐδ’
284 2339 604 2408 ἀντιϐλέψαι
654 2339 978 2410 ἐτόλμησεν.
1040 2339 1107 2390 Ἦ
1156 2338 1264 2407 γὰρ
1322 2338 1460 2407 πρὸς
1510 2336 1579 2390 τὰ
1625 2339 1711 2388 ἐν·

98 2432 375 2495 δοξότατα
433 2431 541 2485 τῶν
605 2431 784 2500 ἔργων
835 2431 1136 2502 σύντροφος
1186 2430 1462 2501 ἀγρυπνία
1504 2446 1713 2500 κοσμηο

102 2526 272 2579 θεῖσα
325 2528 394 2596 τῇ
446 2524 942 2596 ταπεινοφροσύνῃ,
1005 2524 1099 2577 καὶ
1143 2522 1235 2576 τὸν
1262 2523 1368 2575 τῶν
1401 2523 1711 2575 καλλίστων

100 2618 373 2690 λυμεῶνα
402 2618 597 2687 φθόνον
657 2615 1124 2670 κατεδουλώσατο.
1160 2616 1223 2669 Εἰ
1271 2616 1451 2669 τοίνυν
1486 2619 1577 2669 καὶ
1612 2617 1710 2667 αὑ-

100 2712 203 2774 τὸς
233 2712 361 2764 κατ’
395 2710 543 2779 ἴχνος
568 2708 781 2761 ἐκείνου
812 2707 1030 2777 βαδίσαι
1086 2708 1421 2779 προῄρησαι,
1460 2708 1714 2779 καθάπερ

103 2804 193 2866 εἰς
262 2801 573 2873 ἀρχέτυπόν
626 2818 754 2854 τινα
817 2802 1007 2855 είκόνα
1058 2802 1226 2872 ὁρῶν,
1282 2800 1552 2873 σφράγιζε
1612 2799 1713 2870 τὴν

116 2897 334 2969 ἀρετὴν
363 2897 429 2966 τῇ
456 2892 919 2965 μετριοφροσύνῃ.
945 2893 1135 2964 Καλὴν
1159 2893 1269 2966 γὰρ
1298 2894 1598 2963 ἀσφάλειαν
1623 2892 1715 2946 καὶ

112 2990 388 3061 μέγιστον
438 2989 753 3059 σήμαντρον
781 2986 861 3057 τῷ
886 2984 1098 3057 ταμείῳ
1136 2986 1244 3039 τῶν
1275 2986 1715 3056 κατορθωμάτων

106 3081 433 3153 ἐπιθήσεις.

446 3191 610 3245 ΥΞΖ’.
638 3221 709 3231 -
735 3190 904 3245 ΗΛΙΑ
928 3188 1406 3259 ΠΡΕΣΒΥΤΕΡῼ.

1812 1984 1866 2029 et
1896 1974 2121 2043 gloriam
2151 1983 2235 2029 est
2260 1986 2606 2031 consecutus.
2647 1974 2877 2042 Invidia,
2900 1991 3023 2045 quae
3052 1975 3186 2029 alios
3204 1973 3408 2027 virtute

1814 2069 2073 2136 prmditos
2105 2068 2279 2135 palam
2314 2068 2453 2122 solet
2483 2084 2819 2138 Oppuguare,
2855 2070 2998 2123 hunc
3031 2070 3099 2122 ob
3129 2069 3407 2137 ingentem

1814 2174 2026 2211 morum
2062 2161 2559 2227 mansuetudinem,
2587 2162 3027 2230 singularemque
3056 2160 3406 2227 modestiam,

1813 2267 1881 2305 ne
1913 2252 2158 2320 aspicere
2180 2253 2396 2321 quidem
2439 2255 2693 2308 sustinet.
2724 2254 2990 2325 Vigilandi
3022 2254 3169 2309 enim
3216 2253 3409 2309 claris-

1814 2343 1969 2397 simis
2024 2343 2187 2398 rebus
2240 2345 2408 2413 gestis
2462 2355 2720 2413 agnatuzn
2785 2347 3027 2400 studium
3088 2345 3402 2399 humilitate

1815 2443 2158 2498 exornatum,
2191 2435 2393 2505 Optima
2424 2452 2653 2506 qua:th
2677 2447 3116 2507 corrumpentem
3138 2436 3400 2490 invidiam

1814 2527 2043 2596 pedibus
2068 2528 2181 2582 suis
2206 2530 2444 2601 subegit.
2475 2529 2655 2595 Quare
2680 2531 2722 2584 si
2744 2529 2859 2598 ejus
2876 2530 3129 2585 incedere
3158 2528 3410 2598 veStigiis

1816 2618 2091 2686 statuisti,
2124 2621 2272 2675 velut
2310 2622 2364 2677 in
2414 2623 2708 2694 imaginem
2759 2624 2827 2678 ad
2876 2623 3057 2677 vivum
3086 2635 3407 2692 expressam

1819 2710 2058 2776 intuens,
2112 2713 2339 2783 obsigna
2388 2715 2641 2769 virtutem
2682 2714 2831 2783 ejus,
2882 2716 3051 2771 veluti
3102 2716 3410 2787 signaculo,

1818 2803 2148 2860 humilitate.
2178 2804 2474 2861 Pulchrum
2492 2810 2636 2863 enim
2671 2808 2980 2878 prmsidium
3005 2808 3413 2876 maximumque

1819 2894 2034 2964 signum
2083 2900 2462 2969 promptuario
2526 2900 2892 2970 tbesauroque
2943 2909 3091 2956 recte
3143 2900 3411 2956 factorum

1820 2989 2118 3056 appendes.

1923 3191 2088 3261 697
2120 3191 2421 3247 covau.
2466 3224 2536 3233 —
2583 3192 2762 3248 eum
2802 3189 3267 3248 paesavrsno

998 3276 1123 3331 Non
1147 3284 1320 3348 pudor
1343 3288 1421 3333 est
1455 3277 1534 3331 nil
1562 3279 1720 3345 scire,
1748 3282 1917 3348 pudor
1944 3294 2019 3337 est
2051 3284 2124 3337 nil
2155 3286 2353 3338 discere
2378 3286 2525 3339 velle.

199 3400 265 3455 Ὀ
296 3397 573 3451 διδάσκειν
608 3396 707 3467 μὲν
744 3394 820 3466 μὴ
861 3393 1182 3465 δυνάμενος,
1233 3393 1428 3465 μαθεῖν
1453 3394 1510 3447 δὲ
1538 3394 1721 3463 βουλό·
1748 3392 1757 3434 ⁴

1897 3393 2104 3448 Docere
2128 3396 2217 3462 qui
2254 3396 2480 3461 nesciat,
2505 3396 2719 3451 discere
2743 3410 2873 3450 vero
2919 3402 3169 3465 exoptat,
3206 3394 3408 3465 dignus

112 3512 287 3567 μενος
317 3493 595 3562 ἀποδοχῆς
616 3492 764 3543 ἐστιν
785 3487 953 3552 ἄξιος.
982 3487 1042 3539 Ὀ
1067 3486 1124 3539 δὲ
1155 3485 1293 3556 πρὸς
1320 3484 1400 3556 τῷ
1425 3485 1499 3557 μὴ
1523 3486 1721 3538 εἰδέναι

111 3589 217 3641 καὶ
248 3586 522 3640 διδάσκειν
556 3580 1056 3651 ἐπαγγελλόμενος,
1089 3579 1330 3650 ἐσχάτην
1354 3578 1715 3632 ἀπαιδευσίαν

109 3678 317 3744 νοσῶν,
347 3676 468 3730 οὐδὲ
493 3675 686 3747 μαθεῖν
707 3673 1018 3744 δυνήσεται,
1048 3667 1144 3724 τοῦ
1169 3670 1349 3725 δοκεῖν
1382 3669 1579 3725 εἰδέναι
1610 3668 1717 3740 χώ-

116 3787 223 3840 ραν
253 3768 329 3839 μὴ
356 3765 713 3838 παρέχοντος.

442 3880 617 3934 rana
637 3907 709 3918 -
743 3876 1022 3947 ΣΕΡΗΝῼ
1074 3874 1403 3945 ΔΙΑΚΟΝῼ.

1830 3486 1923 3553 qui
1957 3486 2273 3554 recipiatur.
2301 3487 2402 3554 Qui
2429 3503 2558 3542 vero
2585 3497 2640 3542 et
2672 3488 2809 3543 nihil
2838 3488 2980 3543 scire
3000 3497 3054 3544 et
3079 3488 3272 3544 docere
3292 3502 3418 3557 pro-

1826 3577 2002 3632 fessus
2030 3588 2116 3634 est.
2164 3594 2377 3634 summa
2427 3580 2642 3635 inscitia
2690 3580 2969 3646 laborans,
3009 3594 3185 3649 neque
3206 3579 3419 3635 discere

1822 3669 2110 3723 commode
2141 3672 2368 3738 poterit,
2389 3670 2532 3742 quod
2567 3670 2745 3725 locum
2772 3685 2877 3725 non
2896 3670 3158 3741 praebeat,
3186 3679 3249 3727 ut
3274 3670 3421 3727 scire

1822 3758 1996 3813 videri
2015 3769 2200 3829 queat.

2072 3869 2394 3927 CDLXVIII.
2428 3904 2498 3914 —
2529 3870 2802 3929 SERENO
2829 3871 3150 3930 DIACONO.

1344 3965 1572 4035 Superbi
1605 3973 1653 4018 et
1688 3962 1813 4018 elati
1858 3962 2211 4030 deprimendi.

194 4092 264 4147 Εἰ
296 4082 373 4143 ὧν
429 4084 858 4157 ὴμφισϐήτησας
908 4080 985 4152 μὴ
1036 4079 1242 4150 τυχὼν,
1273 4078 1414 4132 ἀλλὰ
1440 4076 1717 4147 λαμπρῶς

116 4182 404 4253 ἡττηθεὶς,
437 4178 532 4232 νῦν
561 4177 724 4248 χάριν
768 4176 947 4237 δοκεῖς
994 4174 1185 4237 αἰτεῖν,
1226 4170 1386 4241 δῆλος
1433 4165 1483 4223 εἷ
1509 4167 1588 4239 τῷ
1614 4167 1718 4237 τῆς

122 4276 355 4345 χάριτος
400 4271 626 4340 ὀνόματι
692 4266 855 4319 λῦσαι
908 4266 979 4318 τὰ
1042 4262 1300 4335 κριθέντα
1354 4259 1715 4332 πειρώμενος.

124 4371 190 4421 Εἰ
227 4367 283 4418 δὲ
314 4365 493 4433 λέγοις
524 4362 619 4417 καὶ
636 4361 791 4433 παρὰ
814 4357 910 4413 τοῦ
932 4357 1257 4420 δικάσαντος
1298 4354 1595 4425 ἠδικῆσθαι
1636 4349 1719 4423 (τὸ

126 4459 235 4529 μὲν
271 4455 346 4518 ὡς
380 4453 608 4515 δικαίως
637 4450 917 4522 ἡττηθεὶς,
959 4447 1108 4500 ὲάσω
1137 4446 1365 4515 λέγειν),
1403 4444 1463 4497 τὸ
1515 4444 1595 4507 δὲ,
1648 4443 1725 4506 ὡς

124 4550 409 4618 κέκριται,
441 4545 603 4611 λέξω,
645 4542 783 4597 Οὐδὲ
813 4540 923 4613 γὰρ
975 4540 1041 4594 ἂν
1078 4540 1186 4593 οὐδ’
1218 4538 1363 4592 οὕτω
1393 4537 1725 4607 κεκριμένον

1896 4077 1954 4132 Si
1987 4095 2093 4133 non
2126 4090 2408 4134 assecutus
2451 4079 2503 4133 id
2559 4092 2726 4148 super
2761 4094 2871 4148 quo
2924 4080 3279 4148 contendisti,
3328 4083 3422 4135 sed

1825 4171 2117 4227 manifeste
2148 4182 2439 4242 superatus
2470 4172 2705 4239 gratiam
2735 4172 2895 4226 modo
2926 4172 3205 4242 postulare
3242 4173 3427 4225 videa-

1826 4262 1922 4320 ris.
1954 4274 2182 4331 apparet
2213 4273 2265 4317 te
2319 4271 2575 4316 conatum
2614 4275 2735 4315 esse
2786 4262 2976 4329 gratiae
3027 4262 3266 4326 nomine,
3303 4278 3423 4329 quae

1827 4364 1957 4409 sunt
1982 4355 2253 4424 iudicata.
2286 4354 2440 4408 irrita
2475 4352 2723 4407 reddere.
2762 4352 2819 4406 Si
2856 4354 3008 4407 dices
3042 4355 3207 4407 etiam
3244 4371 3272 4406 a
3304 4370 3424 4408 sen-

1828 4450 2052 4502 tentiam
2082 4444 2297 4501 ferente
2324 4444 2590 4512 iniuriam
2627 4445 2745 4500 fieri
2775 4447 2963 4515 (idque
2997 4456 3051 4498 ut
3082 4446 3207 4515 iure
3234 4448 3422 4501 convi-

1827 4546 1970 4603 ctus,
2003 4539 2163 4591 mitto
2192 4535 2425 4606 dicere),
2457 4535 2585 4589 illud
2618 4545 2679 4589 ut
2709 4535 3009 4602 iudicatum
3041 4535 3114 4590 sit
3164 4536 3421 4591 referam.

120 4640 218 4713 ἦν,
250 4639 347 4694 τοῦ
379 4638 704 4699 δικάσαντος
740 4634 1042 4688 ἀδεκάστου
1090 4632 1476 4702 τυγχάνοντος,
1540 4630 1590 4681 εί
1648 4629 1726 4698 μὴ

1831 4628 1981 4684 Nihil
2028 4629 2176 4684 enim
2235 4629 2313 4684 sic
2333 4627 2635 4697 iudicatum
2690 4628 2875 4693 fuerit,
2929 4642 3052 4682 cum
3108 4629 3427 4683 muneribus

121 4737 189 4790 τὸ
211 4733 440 4796 δικαίως
479 4731 711 4800 προσῆν.
746 4729 893 4799 Πλὴν
935 4726 1072 4782 ἀλλὰ
1114 4726 1210 4780 καὶ
1243 4724 1385 4794 μετὰ
1411 4722 1472 4776 τὸ
1501 4722 1727 4790 νικῆσαι

1835 4720 2001 4776 fuerit
2026 4720 2397 4789 incorruptus,
2426 4719 2518 4789 qui
2565 4721 2894 4775 sententiam
2930 4720 3074 4785 tulit,
3110 4721 3210 4775 nisi
3257 4722 3308 4774 id
3334 4721 3425 4788 ju-

121 4830 234 4897 τὴν
262 4830 424 4897 χάριν
454 4824 669 4893 δίδωμι,
699 4824 758 4883 ὃς
792 4839 856 4890 γε
890 4821 1000 4873 οὐδ’
1033 4820 1100 4874 ἂν
1134 4818 1195 4882 ἐξ
1228 4816 1409 4887 ἀρχῆς
1455 4813 1730 4884 ἠγωνισά-

1834 4824 1979 4869 stum
2020 4812 2207 4869 fuerit.
2246 4813 2634 4881 Verumtamen
2662 4829 2804 4867 nunc
2830 4821 2951 4883 post
2990 4812 3271 4867 victoriam
3305 4829 3428 4882 gra-

127 4939 269 4992 μην,
334 4919 447 4988 εἴγε
508 4914 815 4983 καταγνοὺς
872 4910 1074 4966 σαυτοῦ
1122 4908 1458 4979 συγγνώμην
1494 4907 1725 4977 ᾔτησας.

124 5009 258 5082 Χρὴ
282 5007 393 5080 γὰρ
449 5008 512 5060 τὸ
567 5005 825 5076 φρόνημα
884 5003 994 5057 τῶν
1055 4999 1444 5073 σφαλλομένων
1496 4998 1617 5068 μὲν,
1654 4994 1729 5067 μὴ

124 5102 403 5172 οἰομένων
435 5100 494 5153 δὲ
521 5098 819 5168 ἐσφάλθαι,
852 5095 1138 5167 καθαιρεῖν
1158 5110 1173 5126 ·
1201 5094 1621 5163 γνωσιμαχοῦσι
1670 5090 1729 5143 δὲ

127 5194 478 5267 συγγνώμην
516 5195 725 5265 νέμειν.

379 5405 547 5458 ΥΞΘ’.
576 5435 647 5444 --
679 5403 891 5458 ΗΡΩΝΙ
918 5396 1487 5466 ΠΟΛΙΤΕΥΟΜΕΝῼ.

1838 4908 1969 4961 tiam
2006 4906 2100 4972 do,
2126 4907 2339 4976 qualem
2394 4907 2464 4961 ab
2502 4906 2658 4959 initio
2703 4915 2996 4972 antequam
3033 4916 3305 4960 certarem
3333 4906 3430 4959 de—

1836 5001 2066 5069 dissem,
2099 4999 2145 5055 si
2177 5000 2389 5055 veniam
2415 4999 2779 5069 postulasses.
2815 4996 3044 5066 Oportet
3071 5000 3217 5052 enim
3247 5013 3430 5066 super-

1832 5091 1931 5147 bos
1962 5092 2197 5154 animos,
2224 5105 2415 5145 eorum
2458 5091 2551 5159 qui
2576 5089 2819 5157 superati
2841 5088 2971 5153 sint,
3008 5102 3111 5142 non
3153 5098 3331 5141 tamen
3369 5100 3430 5142 se

1830 5184 2005 5239 victos
2038 5183 2375 5246 existiment,
2410 5182 2742 5251 deprimere,
2794 5181 3011 5235 veniam
3047 5196 3178 5235 vero
3227 5182 3428 5251 resipi-

1831 5277 2109 5333 scentibus
2145 5276 2404 5330 tribuere.

1972 5387 2252 5445 CDLXIX.
2277 5418 2349 5429 -—
2387 5387 2645 5444 HERONI
2692 5387 2899 5442 REMP.
2938 5388 3265 5444 GERENTI.

1384 5486 1654 5539 Bonorum
1698 5483 1954 5538 sodalitas
1998 5490 2174 5552 grata.

208 5596 309 5668 Μὴ
338 5594 529 5665 ὥσπερ
557 5590 761 5663 ταῦρος
797 5588 894 5643 καὶ⁹
931 5584 1235 5655 ἁγέρωχος,
1268 5579 1365 5632 καὶ
1392 5578 1731 5648 ἁτιμαγέλας

1915 5573 2033 5626 Noli
2064 5581 2123 5626 ut
2156 5572 2397 5627 insolens
2432 5583 2854 5641 armcntumque
2906 5570 3166 5628 deserens
3216 5583 3427 5641 taurus,

1266 5694 1501 5750 VARI/IS
1538 5690 1924 5749 LECTIONES
1963 5687 2051 5743 ET
2090 5685 2329 5741 NOTIE.

210 5837 332 5906 (47)
355 5835 497 5889 Inter
528 5831 847 5906 συνηᾷῷσαν
868 5836 922 5882 et
950 5825 1027 5895 τῷ
1053 5823 1240 5906 ,χρρνῳ
1269 5822 1426 5876 iidem
1457 5819 1614 5906 codd.
1652 5821 1733 5906 in-

129 5892 357 5966 ﬁndunt
418 5892 873 5975 συνακμᾶζουςαν
907 5913 919 5926 ·
971 5892 1355 5952 εὐιίἹυι-ῐιιδεο
1431 5892 1726 5962 supplenda

1839 5815 2014 5941 lfuerit
2048 5812 2359 5883 coniunctio
2390 5812 2507 5880 καὶ,
2535 5825 2656 5882 qua:
2686 5809 2793 5867 duo
2838 5809 2924 5866 illa
2972 5814 3156 5865 nectat
3183 5805 3421 5863 nomina.

1863 5892 2045 5941 'ossm.

1863 5892 2045 5943 'ossm.
