3982 6420
147 321 263 389 1601

927 321 1464 384 EPISTOLARUM
1505 320 1651 380 LIB.
1694 317 1762 381 V.
1798 343 1867 354 —
1904 317 2142 381 EPIST.
2176 310 2529 391 CDLXXVI.

3264 311 3397 383 16οΞδ

145 440 320 511 μανίαν
339 436 469 509 ἔχει.
508 437 630 509 Χρὴ
656 437 947 508 τοιγαροῦν
983 439 1108 502 τοὺς
1133 436 1487 509 ἱερωμένους,
1512 434 1707 507 ὥσπερ
1734 441 1758 500 Α

1812 449 2012 490 rorem.
2041 435 2205 489 Decet
2236 435 2420 504 itaque
2448 437 2620 489 sacris
2669 433 2951 488 dedicatos
2996 434 3158 487 veluti
3199 439 3394 497 templa

139 532 411 602 ἀνάκτορα,
466 530 669 593 παντὸς
725 529 1058 601 τυραννικοῦ
1107 529 1204 583 καὶ
1232 526 1464 599 αἰσχροῦ
1494 524 1700 590 πάθους

139 624 351 687 ἀϐάτους
379 622 607 685 ἑαυτοὺς
636 621 933 693 διατηρεῖν.

610 737 775 793 ΥΟΡ.
807 768 878 778 -
906 738 1192 792 ΜΛΡΩΝῙ.

1808 528 1993 583 omnis
2022 528 2319 598 tyrannica:
2361 527 2630 597 undaeque
2670 527 3098 595 perturbationis
3147 541 3398 597 expertes

1806 633 1868 675 se
1897 632 2245 674 conservare.

2204 726 2532 784 CDLXXIII.
2564 757 2637 776 -ς
2679 727 2971 788 MARONI.

758 829 958 902 Fugito
994 842 1204 900 peccata
1237 842 1283 887 et
1313 833 1535 903 famam,
1572 828 2063 899 existimationeque
2089 827 2287 880 malum
2333 827 2492 895 facile
2526 825 2755 881 sedabis.

214 944 299 997 Ἐκ
320 943 424 997 τῶν
446 943 788 1016 πραγμάτων
817 943 893 1006 ὡς
917 944 985 996 τὰ
1026 943 1196 997 πολλὰ
1226 945 1281 997 αἱ
1314 946 1495 1014 φῆμαι
1528 942 1693 1013 φύον-

129 1052 244 1088 ταιο
281 1037 330 1089 αἱ
390 1037 488 1107 μὲν
520 1034 613 1089 οὖν
654 1036 872 1105 ἀληθεῖς
906 1036 967 1088 οὐ
1028 1037 1245 1107 ῥᾳδίως,
1294 1037 1437 1107 τάχα
1467 1036 1524 1089 δὲ
1584 1035 1694 1088 οὐδ’

128 1128 256 1190 ὅλως
286 1128 609 1182 σϐέννυνται.
639 1129 705 1180 Al
733 1128 787 1181 δὲ
802 1128 1038 1197 ψευδεῖς,
1059 1128 1154 1180 καὶ
1179 1129 1329 1199 παρᾶ
1354 1128 1463 1181 τῶν
1484 1127 1695 1199 ἐχθρῶν

128 1221 310 1289 φθόνου
366 1220 553 1274 ’ἐνεκεν
599 1220 997 1291 πραττόμεναι,
1036 1221 1110 1283 ὼς
1140 1221 1209 1274 τά
1246 1221 1511 1292 ἀράχνεια
1552 1219 1695 1287 ὑφά-

129 1329 317 1380 σματα,
356 1311 549 1365 θᾶττον
584 1312 911 1366 διαλύονται.
944 1312 1200 1365 Πέπαυσο
1239 1312 1417 1365 τοίνυν
1443 1311 1549 1364 τῶν
1571 1312 1697 1364 ἀτό-

125 1423 239 1458 πων
276 1406 551 1476 πράξεων·
585 1407 633 1458 εί
686 1406 744 1460 δὲ
782 1408 879 1477 μὴ,
916 1408 990 1478 μὴ
1039 1406 1339 1476 ἀγανάκτει
1396 1406 1541 1459 κατὰ
1597 1406 1697 1476 τῆς

127 1499 327 1569 φήμης,
344 1498 418 1561 ὡς
453 1498 759 1568 πανταχόσε
778 1500 1170 1570 κωμῳδούσης.
1195 1499 1330 1552 Οὐδὲ
1357 1500 1468 1571 γάρ
1497 1494 1609 1553 οἷόν
1635 1507 1693 1552 τε

125 1589 276 1661 ῥίζης
308 1590 415 1663 (48)
439 1590 667 1655 κλάδους
700 1591 776 1662 μὴ
814 1592 1107 1660 ἀναφύναι.

418 1701 585 1755 ΥΟΔ’.
621 1736 688 1749 --
717 1705 981 1777 ΙΣΙΔΩΡῼ
1032 1706 1401 1776 ΕΠΙΣΚΟΠῼ.

1872 936 2036 990 Fama
2071 937 2311 990 nascitur
2361 936 2678 1005 plerumque
2712 952 2775 989 ex
2804 936 2935 1007 ipsis
2971 940 3222 1008 negotiis,
3250 956 3389 1006 qttu‘,

1801 1029 1844 1081 si
1878 1043 2002 1082 vera
2033 1029 2270 1089 exsistit,
2301 1043 2404 1080 non
2440 1026 2618 1092 facile,
2656 1027 2794 1082 forte
2818 1030 2981 1082 etiam
3018 1047 3123 1084 non
3161 1034 3384 1083 ()Illlllllt)

1802 1122 2183 1189 exstinguitur.
2248 1119 2406 1173 Falsa
2449 1133 2639 1175 contra
2698 1122 2765 1175 ab
2813 1122 3062 1176 liOStibus
3104 1124 3221 1176 fere
3282 1125 3390 1177 odii

1805 1231 1971 1271 causa
1998 1215 2253 1278 COIlﬁCla,
2293 1214 2470 1269 instar
2510 1215 2628 1268 tela:
2651 1229 2975 1267 aranearum
3018 1216 3126 1269 cito
3183 1218 3391 1271 interit.

1801 1308 2168 1373 Quamobrem
2217 1306 2408 1361 desine
2456 1306 2690 1361 absurde
2712 1321 2891 1377 agere,
2921 1308 3160 1377 alioquin
3194 1308 3391 1363 faniam

1800 1398 2373 1463 existimationetnque
2409 1397 2482 1449 tui
2516 1384 2779 1450 accusare
2828 1398 2959 1459 noli,
3001 1399 3155 1466 quasi
3192 1399 3392 1468 ubique

1801 1491 2213 1561 perstringaris.
2254 1488 2364 1543 Nec
2385 1488 2531 1543 enim
2573 1488 2691 1543 lieri
2746 1498 2926 1557 potest
2959 1491 3088 1559 quin
3120 1508 3150 1546 e
3194 1491 3392 1546 radici-

1798 1584 1897 1640 bus
1929 1583 2063 1637 rami
2090 1581 2374 1653 pullulent.

1910 1695 2079 1767 699
2115 1694 2443 1750 CDLxxw.
2482 1724 2554 1737 —
2597 1692 2875 1751 ISIDORO
2925 1693 3285 1752 EPISCOPO.

1038 1798 1315 1851 Hominem
1340 1798 1575 1866 iniquum
1604 1804 1651 1849 et
1678 1793 1998 1864 injuriosum
2030 1789 2301 1843 admoneri
2333 1788 2463 1844 rult.

193 1902 453 1970 Πιστεύω,
488 1906 570 1958 ὅτι
610 1908 659 1960 εί
696 1906 853 1977 γνοίη
886 1907 1036 1978 παρὰ
1063 1907 1167 1978 τῆς
1211 1907 1309 1976 σῆς
1360 1907 1639 1977 ὁσιότητος
1666 1906 1695 1958 ὁ

116 2001 185 2069 τῇ
217 1998 404 2052 ἑαυτοῦ
436 2000 748 2071 ἐπιτρέπων
793 2000 1042 2070 δυνάμει,
1074 2000 1177 2057 ὅτι,
1225 1999 1321 2052 σὺν
1347 1998 1465 2068 Θεῷ
1504 2000 1691 2067 φάναι,

114 2089 217 2157 τῆς
263 2090 587 2157 Ἐκκλησίας
615 2091 679 2143 ἐκ
710 2092 810 2161 τῆς
859 2089 1066 2145 ἄνωθεν
1113 2088 1366 2159 βοηθείας
1395 2087 1695 2159 ὠχυρωμέ-

116 2199 235 2251 νης,
265 2184 358 2235 καὶ
388 2183 498 2235 τῶν
524 2184 704 2253 νόμων
738 2182 1092 2254 ἐρρωμένων,
1140 2182 1314 2244 οὐδεὶς
1344 2182 1495 2252 παρὰ
1519 2181 1580 2233 τὸ
1610 2181 1691 2233 δί-

111 2291 265 2327 καιον
295 2275 657 2328 ἐκϐιάσασθαι
687 2275 778 2328 τὸν
821 2274 1032 2345 πένητα
1077 2273 1165 2342 ἐφ’
1212 2273 1368 2343 ὕϐρει
1414 2274 1515 2342 τῆς
1570 2275 1695 2326 Ἐκ-

110 2364 340 2433 κλησίας
367 2365 469 2435 τῆς
506 2365 811 2436 ὀρεγούσης
841 2368 952 2428 τοῖς
1003 2364 1377 2433 ἀδικουμένοις
1411 2364 1505 2434 τὴν
1534 2368 1693 2434 χεῖρα

109 2458 421 2529 δυνήσεται,
456 2459 829 2530 ἀποστήσεται
872 2460 973 2529 τῆς
1007 2458 1148 2512 κατὰ
1184 2458 1277 2511 τοῦ
1322 2461 1551 2528 πένητος
1582 2460 1692 2511 ἀδι-

109 2548 253 2610 κίεις,
294 2549 494 2618 μᾶλλον
523 2549 580 2602 δὲ
624 2550 723 2619 τῆς
757 2549 878 2602 καθ’
914 2549 1130 2603 ἑαυτοῦ.
1162 2550 1237 2601 υύ
1272 2550 1381 2619 γὰρ
1435 2549 1692 2603 τοσοῦτον

100 2645 131 2694 ό
164 2644 389 2712 πάσχων
424 2644 585 2715 (τέως
641 2647 749 2716 γὰρ
794 2645 967 2708 οὕτως
1000 2643 1282 2717 εἰρήσθω),
1328 2646 1453 2698 ὅσον
1483 2648 1511 2698 ὀ
1547 2646 1690 2713 δρῶν

97 2734 389 2788 ἀδικεῖται.

317 2844 484 2898 rost.
518 2874 584 2885 —
628 2844 971 2917 ΛΘΑΝΑΣΙῼ
1003 2845 1474 2918 ΠΡΕΣΒΥΤΕΡῼ.

1874 1901 2072 1965 Credo,
2111 1902 2158 1956 si
2223 1902 2342 1969 quis
2390 1909 2497 1955 tuae
2550 1915 2608 1956 se
2642 1902 2987 1958 committens
3038 1905 3312 1970 poteStati,
3359 1921 3390 1960 a

1806 2004 1893 2050 tua
1916 1996 2212 2051 sanctitate
2246 2003 2563 2063 cognoscat,
2593 1996 2758 2064 quod,
2794 2005 2853 2049 ut
2878 2008 3001 2049 cum
3029 1995 3139 2050 Deo
3170 1996 3383 2065 loquar,

1802 2104 1924 2142 cum
1976 2088 2216 2142 Ecclesia
2269 2087 2480 2143 ccelesti
2526 2089 2731 2141 auxilio
2785 2091 3080 2154 muniatur,
3136 2090 3390 2161 legesque

1801 2180 2038 2244 valeant,
2090 2180 2272 2234 nullus
2307 2195 2403 2248 per
2432 2180 2826 2235 contumeliam
2874 2181 3128 2236 Ecclesia:
3166 2198 3386 2236 manmn

1799 2271 1945 2327 lmsis
1971 2271 2242 2327 tendentis
2272 2281 2467 2340 praeter
2501 2272 2580 2326 fas
2602 2273 2758 2342 etjus
2798 2274 3018 2341 pauperi
3047 2273 3151 2327 vim
3184 2274 3388 2329 inferre

1800 2363 2023 2431 poterit,
2051 2364 2130 2417 sic
2164 2364 2538 2432 unusquisque
2565 2366 2632 2418 ab
2658 2365 2853 2431 injuria
2888 2376 3077 2419 contra
3118 2381 3384 2436 pauperes

1800 2455 1971 2525 magis
1996 2470 2158 2524 quam
2191 2464 2377 2510 contra
2408 2472 2466 2510 se
2495 2457 2809 2511 abstinebit.
2845 2458 3030 2528 Neque
3074 2461 3217 2514 enim
3264 2469 3387 2513 tan-

1806 2548 2004 2602 tumis
2056 2548 2146 2617 qui
2207 2550 2407 2619 accipit
2453 2549 2727 2617 injuriam,
2791 2560 2849 2605 ut
2906 2553 3040 2608 alias
3081 2552 3388 2621 docuimus,

1794 2646 2059 2707 quantum
2095 2639 2186 2708 qui
2211 2638 2338 2694 facit
2367 2639 2469 2694 sibi
2505 2640 2604 2710 ipsi
2635 2652 2814 2697 nocet.

1904 2838 2212 2895 CDLXXV.
2242 2872 2311 2881 —
2339 2838 2738 2896 ATIIANASIO
2785 2842 3275 2901 PRESBYTERO.

967 2957 1167 3013 Virtuti
1199 2961 1375 3031 potius
1399 2977 1536 3014 vera:
1565 2974 1724 3029 quam
1752 2954 1985 3010 orationi
2012 2953 2208 3023 [ucatw
2230 2956 2566 3010 studendum.

172 3092 373 3162 Πρώην
398 3093 497 3163 μὲν
522 3093 724 3165 ἐτέρων
750 3095 971 3167 ἢκουον,
994 3093 1090 3147 νῦν
1110 3094 1167 3148 δὲ
1192 3094 1365 3163 ἔγνων
1386 3094 1690 3148 δεινότατον
1721 3065 1758 3126 C

1866 3087 2050 3172 l‘iuper
2079 3104 2145 3143 ex
2174 3088 2283 3143 alio
2311 3089 2515 3156 audivi,
2549 3105 2692 3145 nunc
2738 3090 2905 3145 etiam
2941 3094 3193 3163 cognovi,
3245 3096 3388 3165 opti-

88 3182 227 3237 am
259 3201 320 3236 σε
357 3185 706 3256 ῥητορεύειν
742 3185 800 3249 ὃς
848 3187 941 3239 ἐπὶ
970 3185 1233 3256 πράξεσιν
1276 3186 1420 3239 οὕτω
1450 3185 1693 3257 παρανὸο

90 3294 223 3346 μοις
258 3282 355 3329 καὶ
388 3280 655 3348 πονηραῖς
693 3277 866 3346 λόγων
918 3279 1262 3352 εὐπρέπειαν
1307 3279 1540 3348 ἐχόντων
1592 3277 1693 3330 οὐκ

85 3370 409 3440 ἠπόρησας.
440 3370 581 3422 Ἀλλ’
600 3371 697 3440 οὐχ
719 3374 747 3423 ὁ
765 3371 929 3443 τέχνη
953 3371 1221 3442 τάληθοῦς
1245 3371 1690 3442 περιγενόμενος,

86 3462 344 3515 ἐπαίνων
376 3461 545 3527 ἄξιος,
587 3463 700 3516 ἀλλ’
758 3464 787 3516 ὁ
816 3465 875 3516 τὸ
904 3463 1106 3535 ἀληθὲς
1157 3464 1401 3533 ἀτέχνως
1442 3462 1687 3535 φράζων.

100 3554 415 3624 ’Λφέμενος
436 3556 620 3607 τοίνυν
647 3556 748 3625 τῆς
782 3556 1110 3627 δεινότητος,
1134 3555 1259 3626 ἔχου
1283 3556 1381 3626 τῆς
1408 3554 1684 3625 ἀληθείας,

84 3645 318 3697 καὶτὸν
359 3645 471 3713 βίον
518 3645 613 3697 τὸν
658 3645 856 3698 σαυτοῦ
907 3645 1043 3717 πρὸς
1089 3646 1296 3716 ταύτην
1331 3644 1547 3715 βλέπων
1585 3644 1682 3714 ῥύ-

82 3735 278 3804 θμιζε.
303 3735 369 3788 Εἰ
391 3734 499 3805 γὰρ
524 3738 620 3788 καὶ
664 3735 986 3807 ἀνθρώπους
1029 3735 1503 3807 παραλογίσασθαι
1529 3735 1693 3805 δυνη-

81 3828 275 3897 θείης,
310 3829 362 3881 εί
389 3828 483 3881 καὶ
516 3829 598 3882 ὅτι
634 3828 867 3899 μάλιστα
890 3828 946 3881 δὲ
978 3830 1109 3900 παρ’
1147 3829 1334 3891 αὐτοῖς
1377 3827 1691 3898 ἐφωράθης,

79 3920 231 3973 ἀλλὰ
269 3920 366 3975 τὴν
397 3920 838 3992 ἁπαραλόγιστον
863 3920 925 3974 οὐ
967 3919 1281 3990 φενακίσεις
1321 3919 1537 3991 κριτήν.

159 4229 359 4296 roq'.
384 4258 458 4269 -—
498 4228 988 4353 ῘίνῙΑΡΤΙὲἓέ-ὶῐξέἓἒ
992 4224 1285 4373 1392mm,
1325 4224 1613 4291 ΜΑΡΩΝΙ,

1796 3200 1940 3237 nium
1966 3194 2019 3238 te
2042 3184 2251 3238 dicendi
2282 3198 2403 3238 esse
2452 3182 2740 3251 artiﬁcem,
2793 3185 2884 3254 qui
2942 3187 3009 3240 de
3040 3186 3199 3242 rebus
3248 3190 3385 3243 adeo

1794 3274 1898 3345 legi
1933 3275 2223 3330 contrariis
2248 3284 2411 3345 atque
2456 3276 2717 3343 improbis
2768 3279 2931 3333 verba
2984 3281 3386 3351 dictionemque

1797 3368 1873 3422 ita
1904 3370 2299 3436 composueris,
2358 3369 2491 3422 nihil
2537 3379 2596 3422 ut
2664 3371 3070 3426 desideraretur
3127 3374 3382 3443 amplius.

1799 3460 1908 3516 Sed
1952 3476 2125 3530 neque
2166 3463 2256 3530 qui
2302 3461 2589 3515 veritatem
2654 3472 2772 3518 arte
2818 3475 3040 3532 superat
3094 3464 3255 3518 laude
3325 3467 3384 3520 tit

1807 3556 2025 3625 dignus,
2060 3555 2154 3607 sed
2177 3557 2268 3624 qui
2299 3570 2419 3607 eam
2463 3555 2582 3609 sine
2628 3555 2755 3609 fuco
2809 3566 2866 3610 et
2907 3567 3025 3611 arte
3087 3557 3383 3628 eloquitur.

1800 3645 2165 3712 Quamobrem
2207 3647 2371 3700 missa
2408 3647 2624 3701 dicendi
2674 3647 2766 3702 illa
2820 3651 3113 3717 gravitate,
3150 3652 3214 3705 da
3256 3666 3386 3720 ope-

1793 3756 1907 3794 ram
1943 3742 2181 3805 veritati,
2218 3744 2284 3796 ad
2315 3758 2545 3813 eamque
2593 3744 2893 3814 respiciens
2937 3758 3082 3801 tuam
3112 3762 3379 3817 compone

1789 3834 1983 3887 vitam.
2006 3834 2118 3889 Etsi
2140 3834 2283 3887 enim
2315 3836 2543 3890 dicendo
2576 3838 2976 3893 circumvenire
3024 3850 3178 3909 potes
3211 3842 3386 3895 homi-

1791 3940 1908 3989 nes,
1955 3927 2204 3995 quamvis
2260 3928 2327 3980 ab
2376 3926 2480 3982 illis
2547 3928 2944 3999 deprehensus,
3008 3945 3131 3986 eum
3200 3943 3382 3988 tamen

1793 4033 1954 4087 quem
1986 4021 2124 4074 ratio
2156 4035 2433 4090 nunquam
2461 4022 2616 4091 fugit,
2636 4022 2874 4090 judicent
2900 4023 3089 4080 fallere
3109 4041 3385 4096 nunquam

1794 4126 1993 4182 possis.

1831 4223 2165 4285 caLxxw.
2219 4225 2799 4298 ὲιιΑιιτιΝιΑΝο,
2874 4227 3147 4298 zosmo,
3201 4232 3327 4290 νει

2217 4296 2379 4351 Rtth
2414 4298 2502 4351 ΕΤ
2527 4298 2945 4355 EUSTATHIO.

848 4416 930 4469 Ad
958 4416 1146 4470 bonam
1192 4417 1399 4488 frugem
1431 4432 1521 4470 eas
1544 4413 1752 4477 invitat,
1792 4423 1847 4466 ut
1894 4423 1941 4467 et
1972 4429 2117 4482 supr.
2149 4414 2306 4481 epist.
2338 4414 2464 4482 511,
2508 4415 2634 4471 445.

164 4530 469 4600 Ἐνέτυχον
498 4530 639 4600 ἁγίῳ
669 4529 845 4602 ἀνδρὶ,
879 4522 924 4597 ᾧ
954 4529 1113 4600 ἔργον
1160 4530 1277 4582 ἐστὶ
1318 4529 1378 4582 τὸ
1412 4529 1553 4601 ὑπὲρ
1577 4529 1688 4587 τῶν
1721 4526 1758 4580 D

1865 4524 2090 4581 Occurri
2130 4543 2301 4598 nuper
2360 4530 2481 4585 viro
2526 4542 2737 4595 sancto,
2796 4533 2952 4600 cujus
3018 4534 3259 4590 olticium
3306 4536 3381 4593 sit

72 4623 416 4674 πταιόντων
446 4621 715 4673 ἱκετεύειν
755 4622 817 4673 τὸ
849 4622 1004 4674 Θεῖον
1033 4620 1172 4693 (ἴστε
1198 4621 1254 4674 δὲ
1282 4622 1340 4674 ὃν
1365 4621 1556 4692 λέγω),
1592 4623 1688 4674 καὶ

1806 4619 1964 4673 Deum
2000 4632 2099 4687 pro
2144 4620 2586 4690 delinquentibus
2639 4623 2957 4694 suppliciter
3008 4640 3169 4682 orare
3220 4630 3385 4699 (nosti

65 4707 236 4765 εἶδον
273 4712 540 4765 ὑπόθεσιν
574 4710 725 4782 αύτῷ
756 4711 1008 4783 δακρύων
1049 4712 1260 4766 ἀενάων
1291 4714 1383 4766 τὸν
1421 4712 1688 4783 ὑμέτερον

1806 4728 1959 4779 quem
1987 4712 2212 4781 dicam),
2245 4726 2300 4769 et
2327 4714 2576 4769 videbam
2600 4719 2887 4772 materiam
2912 4718 2988 4773 illi
3019 4730 3279 4789 perpetuo
3310 4723 3387 4777 la-

63 4805 435 4875 γεγενῆσθαι
466 4804 599 4875 βίον.
646 4805 1049 4875 Αίσχυνόμενος
1082 4805 1191 4876 γὰρ
1222 4805 1326 4875 ζὲπὶ
1372 4808 1486 4867 τοῖς
1537 4806 1690 4875 παρὰ

1806 4804 2075 4875 crymandi
2112 4806 2349 4859 oblatam
2382 4816 2622 4861 vestram
2655 4809 2725 4862 ob
2756 4809 2944 4864 vitam.
3002 4809 3217 4868 Pudore
3240 4816 3386 4869 enim

64 4896 322 4949 πάντων
357 4896 489 4965 περὶ
524 4893 681 4965 ὑμῶν
724 4894 1206 4966 κωμῳδουμένοις,
1255 4895 1410 4965 ἔλεγε
1439 4900 1551 4960 τοῖς
1582 4915 1691 4950 πα-

1806 4897 2167 4955 ille-suﬂ‘usus
2220 4914 2384 4969 super
2431 4902 2515 4957 his
2549 4916 2672 4972 qua:
2710 4904 2776 4958 de
2822 4904 2975 4959 vobis
3038 4920 3387 4963 accusatores

63 4987 372 5059 ρακαλεῖν
424 4986 828 5058 πειρωμένοις·
871 5005 891 5038 ι
944 4988 1173 5056 Ἄφετε,
1212 4990 1429 5059 πικρῶς
1459 4990 1693 5043 κλαύσο-

1806 5001 2254 5061 commemorant,
2310 4994 2378 5049 iis
2426 4995 2516 5063 qui
2562 4996 2836 5051 consolari
2882 4999 3243 5067 conabantur,
3305 5002 3389 5056 sic

64 5099 211 5153 μαι,
261 5081 343 5153 μὴ
378 5080 701 5151 κατισχύετε
732 5079 1075 5152 παρακαλεῖν
1127 5098 1218 5152 με.
1254 5099 1274 5132 )
1309 5076 1442 5135 Εἶτα
1472 5082 1550 5144 ὡς
1598 5084 1695 5135 ἁν-

1806 5084 1877 5137 ait
1912 5102 1926 5138 :
1970 5102 1989 5135 ι
2029 5084 2208 5140 Sinite
2231 5085 2621 5143 miserabiliter
2665 5088 2967 5157 deplorem,
2995 5104 3171 5161 neque
3216 5093 3386 5149 solari

58 5176 319 5227 ένευσεν
350 5173 531 5242 ὀλίγον
553 5175 617 5227 ἐκ
644 5174 755 5227 τῶν
770 5174 1003 5245 θρήνων,
1031 5173 1133 5228 οὑκ
1164 5168 1262 5227 οἷδ’
1292 5174 1321 5227 ὅ
1351 5191 1403 5227 τι
1432 5176 1696 5245 ἐννοήσας

1806 5190 1887 5228 me
1915 5174 2182 5231 desistite.
2214 5194 2235 5227 ι
2278 5177 2483 5232 Deinde
2509 5179 2599 5233 ubi
2621 5193 2683 5234 se
2706 5180 2950 5234 nonnihil
2973 5198 3003 5235 a
3027 5181 3383 5254 lacrymando

58 5267 160 5337 (οὐ
212 5265 344 5338 γὰρ
398 5267 640 5336 ἀσφαλὲς
676 5266 789 5320 τῶν
836 5268 1049 5338 ἀδήλων
1084 5266 1476 5339 κατατολμᾷν),
1508 5268 1695 5341 ὥσπερ

1806 5268 2038 5337 collegit,
2077 5271 2263 5325 nescio
2287 5272 2417 5339 quid
2442 5271 2690 5342 cogitans
2736 5273 2937 5343 (neque
2980 5275 3126 5329 enim
3181 5277 3388 5333 incerta

57 5362 285 5425 ἔνθους
343 5360 662 5429 γενόμενος,
716 5361 812 5413 καὶ
862 5361 943 5423 εἰς
991 5360 1222 5431 οὐρανὸν
1254 5360 1589 5430 ἀναϐλέψας,
1619 5360 1695 5425 ὼς

1806 5363 2015 5431 aggredi
2052 5373 2223 5416 tutum
2264 5366 2393 5436 εει),
2420 5366 2589 5423 veluti
2626 5365 2861 5420 Numine
2891 5365 3123 5434 aliiatus,
3154 5369 3386 5426 caelum-

52 5455 253 5507 αὐτὸν
286 5454 441 5525 ὁρῶν
482 5453 574 5507 τὸν
614 5452 832 5535 πάντων
862 5452 1160 5524 Δεσπότην,
1191 5451 1417 5522 ὲὸόησεν
1439 5466 1453 5480 ·
1494 5469 1514 5503 ι
1556 5452 1695 5517 Δόξα

1806 5471 1902 5526 que
1928 5457 2221 5525 aspiciens,
2249 5460 2400 5528 quasi
2436 5460 2679 5515 omnium
2716 5459 2931 5516 videret
2966 5460 3278 5531 Dominum,
3308 5461 3391 5517 sic

1197 5611 1437 5669 γΑῐιιιΕ
1471 5611 1857 5671 LECTlONES
1891 5614 1980 5671 ET
2019 5614 2254 5673 NOTAE.

130 5776 276 5848 (48)
316 5773 474 5831 Inter
513 5772 671 5848 ῥίζης
709 5784 765 5835 et
803 5774 1033 5842 κλάδους
1070 5786 1220 5834 recte
1253 5776 1414 5836 codd.
1449 5777 1570 5835 Vat.
1601 5777 1706 5835 650
1736 5794 1758 5836 ε

1814 5779 1923 5833 Alt.
1954 5779 2203 5834 inserunt
2240 5797 2254 5835 :
2283 5780 2471 5852 οὔσης.
2513 5779 2727 5840 Possm.
