3998 6414
642 302 781 366 1603

1840 310 1903 370 S.
1945 308 2239 370 ISIDORI
2280 305 2723 367 PELUSIOT/E
3727 313 3821 377 Ῑθθί

637 420 966 478 exclamavit
1020 440 1032 476 :
1074 442 1092 475 ι
1128 421 1275 489 Tibi,
1328 424 1465 491 Rex,
1506 425 1703 496 gloria,
1755 426 1924 495 gloria
1982 425 2078 479 tibi
2133 426 2225 479 sit.

2343 442 2441 487 σοι,
2475 424 2721 494 βασιλεῦ,
2759 420 2887 488 δόξα
2925 439 3027 476 σοι.
3060 422 3241 491 Πόσης
3276 420 3626 491 μακροθυμίας
3654 427 3822 499 πέλαγος

636 514 867 582 Quantat
895 515 1174 585 patientia:
1220 518 1315 572 tibi
1345 519 1609 589 pelagus?
1655 529 1919 588 quantum
1973 528 2227 572 avertens

640 609 843 665 malum
874 609 1258 679 depellensque
1315 612 1603 666 thesaurus
1655 612 1754 666 es?
1797 611 1934 678 Quot
1988 622 2080 666 tuo
2132 627 2228 665 no-

639 703 787 756 mine
823 714 893 756 ex
936 702 1192 756 obscuris
1214 712 1378 773 atque
1425 704 1671 774 iugloriis
1710 705 1843 759 clari
1885 705 2230 773 illustresque

639 790 792 855 facti,
833 790 1042 846 honore
1073 800 1264 846 contra
1318 802 1394 857 te,
1431 794 1521 863 qui
1565 793 1845 849 honurasti
1904 796 2069 865 ipsos,
2104 805 2234 849 sunt

641 882 823 947 abusi,
855 881 1165 952 audentque
1191 898 1297 937 non
1342 884 1611 947 audenda,
1661 900 1927 953 sacraque
1974 884 2236 939 conviciis

633 971 1028 1042 proscindunt,
1057 983 1344 1041 peccantes
1372 976 1524 1028 venia
1549 976 1711 1028 etiam
1740 976 1980 1045 indigna.
2012 994 2029 1025 ι
2060 974 2237 1041 Quare

635 1067 742 1120 nisi
772 1066 860 1120 hic
889 1081 988 1135 pro
1019 1067 1141 1120 aliis
1186 1082 1374 1131 orans,
1420 1077 1474 1120 et
1512 1084 1610 1135 pro
1662 1069 1862 1121 vestris
1899 1069 2063 1121 etiam
2100 1066 2234 1120 deli-

640 1158 749 1237 ctis
808 1157 902 1213 Dei
959 1160 1282 1227 patientiam
1354 1160 1931 1229 longanimitatemque
1983 1159 2237 1230 precibus

2335 520 2484 589 παρὰ
2527 519 2639 572 col!
2679 518 2852 587 πόσης
2896 516 3250 583 ἀνεξικακίας
3292 515 3581 586 θησαυρόςί
3615 518 3667 568 Oi
3700 520 3823 578 διὰτὸ

2335 607 2508 678 ὄνομα
2536 608 2595 661 τὸ
2627 608 2720 661 σὸν
2762 607 2823 671 ἐξ
2854 606 3079 675 ἀφανῶν
3132 604 3229 658 καὶ
3259 604 3461 675 ἀτίμων
3508 605 3716 678 λαμπροὶ
3756 617 3819 667 nt

2337 700 2692 770 περίϐλεπτοι
2728 699 3036 767 γεγονότες,
3069 700 3136 768 τῇ
3166 701 3298 769 τιμῇ
3343 698 3480 751 κατὰ
3522 698 3605 750 σοῦ
3630 700 3706 752 τοῦ
3729 719 3823 754 τετι.

2344 791 2583 863 μηκότος
2632 791 2953 862 κέχρηνται,
3015 790 3111 843 καὶ
3155 788 3425 858 τολμῶσιν
3474 789 3732 860 ἁτόλμητα,
3764 802 3822 847 ιιιί

2347 883 2728 955 ἐνυϐρίζουσιν
2758 885 2840 947 είς
2864 882 2936 936 τὰ
2962 883 3115 952 ἆγια,
3150 880 3477 951 συγγνώμης
3510 882 3822 952 ἁμαρτάνοντες

2344 976 2587 1047 μείζονα.
2629 996 2645 1027 ι
2688 976 2752 1028 Ei
2785 976 2964 1028 τοίνυν
3015 974 3111 1028 καὶ
3142 974 3170 1026 ὁ
3215 973 3353 1043 ὑπὲρ
3409 974 3513 1025 τῶν
3552 973 3701 1027 ἄλλων
3739 996 3825 1046 πρε-

2344 1068 2573 1133 σϐεύων,
2592 1069 2621 1121 δ
2629 1068 2681 1120 ιὰ
2696 1068 2763 1120 τὰ
2780 1068 3022 1138 ὑμέτερα
3039 1066 3355 1134 πταίσματα
3369 1065 3462 1135 τὴν
3478 1063 3615 1118 θείαν
3630 1068 3821 1137 taedia

2347 1158 2755 1231 μακροθυμίαν,
2798 1161 2882 1221 τίς
2927 1159 3070 1230 ὑπὲρ
3116 1156 3271 1228 ὑμῶν
3307 1156 3599 1219 ίκετεύσει;
3631 1160 3700 1219 τίς
3744 1179 3825 1227 πρε-

636 1248 903 1320 fatigarit,
923 1251 1069 1319 quis,
1104 1266 1308 1319 qumso,
1337 1254 1557 1322 supplex
1595 1269 1690 1321 pro
1717 1254 1869 1306 vobis
1901 1251 2098 1307 fuerit?
2123 1252 2237 1321 quis

2347 1250 2599 1316 σ6εύσει;
2630 1252 2713 1315 τίς
2744 1252 3189 1321 παραστήσεται;
3232 1248 3559 1310 Ἐννοοῦντες
3585 1244 3679 1313 οὖν,
3703 1245 3741 1300 οἷ
3762 1252 3827 1301 τῷ.

636 1342 1061 1410 deprecabitur?
1090 1343 1278 1412 ecquis
1306 1343 1563 1397 assistet?
1590 1342 1900 1413 Cogitantes
1921 1343 2105 1412 itaque
2134 1356 2241 1411 quo

637 1434 905 1489 malorum
934 1435 1284 1497 deveneritis,
1316 1452 1345 1488 a
1371 1434 1589 1504 ﬂagitiis
1621 1434 1912 1488 abstinete.

729 1547 892 1617 700
918 1544 1270 1602 CDLXXVII.
1301 1576 1368 1586 —
1392 1545 1701 1601 OLYMPIO
1740 1547 1826 1601 ET
1871 1546 2168 1603 lSlDORO.

2340 1342 2530 1398 κακῶν
2557 1345 2702 1409 ἐστε,
2739 1340 3027 1397 παύσασθε
3055 1339 3420 1408 άσύγγνωστα
3443 1338 3709 1402 πταίοντες.

2656 1546 2829 1600 ΥΟΖ’.
2867 1575 2937 1586 -
2970 1541 3303 1615 ΟΛΥΜΗΙῼ,
3336 1541 3601 1615 ΙΣιΔΩξᾮ.

635 1612 773 1706 Qui—3
796 1612 911 1694 ὗεῖε
935 1641 1163 1708 sapiens.
1192 1642 1220 1710 ;(
1237 1639 1366 1693 Vide
1392 1640 1546 1709 epist.
1591 1640 1743 1709 497.)
1782 1639 1960 1693 νίν-λιιι
2000 1656 2117 1710 cum
2163 1640 2405 1693 doctrina
2432 1641 2732 1708 jungenda.
2768 1638 2877 1693 Illa
2919 1638 3127 1707 [ructus
3159 1645 3235 1689 est
3257 1612 3265 1615 ν
3287 1636 3476 1700 instar,
3503 1612 3609 1687 iure
3633 1631 3833 1701 foliorum.

1963 1709 2163 1778 φύλλον
2202 1712 2340 1765 unde
2378 1713 2602 1764 dictum.

710 1798 1022 1869 Sapientem
1060 1798 1311 1868 equidem
1363 1799 1602 1862 nomino,
1660 1813 1765 1852 non
1811 1802 1902 1867 qui
1950 1809 2233 1869 promptus

2412 1800 2583 1869 Σοφὸν
2619 1799 2798 1868 ἔγωγε
2850 1795 3095 1867 ἡγοῦμαι
3147 1795 3211 1849 ού
3238 1794 3332 1848 τὺν
3374 1793 3473 1858 τάς
3520 1794 3618 1847 τῶν
3662 1796 3836 1864 ποιητῶν

638 1888 698 1944 in
729 1888 913 1958 lingua
952 1889 1151 1943 habeat
1199 1898 1483 1959 poetarum
1541 1890 1892 1957 rhapsodias,
1943 1891 2242 1944 disertasve

639 1991 921 2036 oratorum
966 1979 1269 2044 orationes,
1314 1988 1409 2033 aut
1453 1978 1900 2049 philosophorum
1957 1979 2144 2041 tricas,
2182 1988 2241 2032 ut

636 2073 944 2138 existimas,
976 2070 1070 2125 sed
1096 2070 1191 2141 qui
1216 2084 1399 2125 mores
1432 2070 1667 2135 excolat,
1706 2071 1981 2143 vitamque
2015 2086 2239 2140 compo-

642 2163 750 2218 site
774 2162 954 2231 degat.
982 2160 1140 2216 Hunc
1168 2176 1277 2215 non
1314 2160 1499 2216 extolli
1528 2162 1678 2215 hisce
1709 2169 1875 2231 puto:
1909 2162 2065 2215 talem
2092 2163 2238 2216 enim

641 2270 743 2310 nec
793 2254 862 2308 ab
896 2252 1005 2307 illis
1063 2252 1341 2307 deturbari
1399 2253 1840 2323 prmeipitemque
1897 2253 2013 2307 dari
2069 2266 2230 2323 posse

641 2347 923 2401 existimo.
979 2344 1309 2414 Improbitas
1361 2344 1506 2398 enim
1574 2343 1791 2397 dicendi
1828 2344 1928 2397 sibi
1974 2356 2237 2413 arrogans

643 2438 899 2509 peritiam
925 2439 1086 2509 longe
1113 2436 1365 2508 graviora
1401 2450 1563 2506 quam
1592 2436 1831 2502 inscitia,
1869 2434 2007 2488 mala
2035 2442 2237 2504 patrat.

641 2529 858 2584 Miraris
909 2538 966 2584 tu
1016 2530 1233 2599 quidem
1285 2528 1337 2582 id
1384 2542 1416 2581 a
1467 2540 1555 2581 me
1592 2526 1979 2595 pronuntiari;
2040 2534 2234 2580 testem

638 2619 782 2675 dabo
821 2618 1221 2690 Thucydidem,
1250 2616 1407 2686 cujus
1438 2618 1555 2672 hac
1581 2616 1747 2670 verba
1789 2625 1958 2671 sunt:
2000 2632 2021 2666 ι
2060 2615 2236 2684 Impe-

638 2714 767 2769 ritia
806 2712 1090 2767 modestiae
1120 2712 1410 2781 conjuncta
1447 2709 1635 2763 utilior
1682 2717 1764 2762 est
1810 2706 2076 2761 industria
2114 2721 2237 2760 cum

643 2804 903 2860 libertate
949 2804 1264 2874 conjuncta.
1302 2803 1381 2856 Ac
1416 2800 1737 2871 plerumque
1780 2798 1874 2869 qui
1930 2799 2239 2854 ltutnilioris

643 2907 775 2955 sunt
804 2897 1034 2967 ingenii,
1074 2896 1267 2951 melius
1303 2911 1464 2962 quam
1509 2893 1823 2949 solertiores
1855 2891 2238 2962 rempublicam

647 2990 1057 3045 administrant.
1106 3006 1126 3040 ›
1180 2988 1369 3058 Itaque
1399 2988 1445 3041 si
1483 3003 1584 3042 nec
1617 2985 1823 3054 ingenii
1856 2984 2238 3039 dexteritatem

644 3080 736 3137 ille
773 3080 981 3150 recepit
1019 3080 1244 3149 (damno
1294 3078 1437 3133 malo
1486 3077 1632 3131 enim
1667 3086 1752 3131 est
1786 3088 1892 3129 non
1937 3085 2084 3129 recte
2111 3073 2237 3127 illud

2348 1892 2650 1964 ῥαψῳδίας,
2689 1892 2783 1945 καὶ
2812 1889 2913 1953 τὰς
2941 1890 3052 1942 τῶν
3077 1888 3328 1960 ρητόρων
3355 1888 3663 1956 δεινότητας,
3682 1888 3755 1938 καὶ
3773 1886 3837 1947 τὰς

2342 1987 2453 2039 τῶν
2499 1984 2682 2054 σοφῶν
2720 1982 3043 2055 τερθρείας,
3090 1982 3167 2044 ὡς
3216 1981 3485 2052 νομίζεις,
3538 1981 3618 2032 ἐπὶ
3661 1979 3838 2047 γλώττης

2341 2076 2553 2147 ἔχοντα,
2591 2075 2729 2129 ἀλλὰ
2757 2075 2850 2127 τὸν
2875 2074 2936 2126 τὸ
2965 2069 3098 2144 ἦθος
3123 2072 3526 2142 ὲξασκήσαντα,
3556 2070 3640 2121 καὶ
3663 2069 3735 2122 τὸν
3757 2070 3840 2139 τρό-

2341 2185 2445 2220 πον
2474 2166 2839 2238 ῥυθμίσαντα.
2867 2166 2975 2219 Τὸν
3002 2164 3113 2236 γὰρ
3138 2162 3385 2217 τοιοῦτον
3430 2162 3534 2215 οὐδ’
3562 2163 3642 2214 ὑπ’
3682 2161 3842 2213 ἐκείνων

2348 2258 2853 2331 ὲκτραχηλίζεσθαι
2880 2252 3059 2328 οἶμαι.
3090 2254 3339 2326 Πονηρία
3371 2254 3481 2324 γὰρ
3504 2253 3595 2323 τὴν
3616 2252 3695 2305 τοῦ
3714 2252 3841 2320 λέγειν

2341 2349 2637 2419 ἐμπειρίαν
2690 2345 3107 2418 προσλαϐοῦσα,
3152 2343 3338 2414 πολὶῷ
3385 2342 3734 2414 ἀργαλεώτερα
3777 2342 3843 2409 τῆς

2344 2437 2585 2508 ἀμαθίας
2613 2436 2911 2507 ἐργάζεται
2938 2434 3107 2489 κακά.
3141 2431 3205 2485 Ei
3240 2431 3303 2485 δὲ
3346 2429 3635 2501 θαυμάζεις
3657 2428 3707 2480 τὸ
3736 2429 3841 2497 εἰρη-

2355 2529 2536 2600 μένον,
2588 2529 2927 2599 ὲγγυήσεται
2970 2525 3304 2595 Θουκυδίδης
3360 2523 3569 2592 λέγων·
3604 2541 3621 2573 ι
3672 2520 3843 2591 ’Δμαθίι

2342 2622 2486 2690 μετὰ
2520 2619 2879 2691 σωφροσύνης
2919 2616 3371 2689 ὠφελιμώτερον,
3421 2615 3455 2687 ἢ
3496 2615 3707 2683 δεξιότης
3745 2614 3841 2681 μετὰ

2341 2711 2658 2776 ἀκολασίας.
2699 2732 2717 2763 ι
2741 2712 2804 2766 Ei
2826 2712 3007 2765 τοίνυν
3037 2710 3158 2764 οὐδὲ
3187 2710 3290 2781 τὴν
3327 2708 3554 2777 εὐφυΐαν
3592 2706 3757 2768 ἐκεῖνος
3772 2705 3844 2757 ἀπε

2346 2804 2568 2870 εδέξατο
2596 2806 2760 2877 (πρὸς
2794 2803 2966 2859 κακοῦ
2996 2803 3105 2875 γὰρ
3133 2802 3349 2872 γίνεται
3381 2803 3493 2864 τοῖς
3526 2800 3595 2871 μὴ
3622 2798 3765 2860 καλῶς
3786 2798 3845 2848 2-3-

2343 2896 2441 2968 τὴν
2466 2896 2820 2968 γεωργοῦσι),
2876 2896 3041 2967 σχολῇ
3081 2911 3147 2963 γε
3180 2894 3317 2965 περὶ
3345 2893 3445 2963 eis
3471 2890 3653 2956 ἔξωθεν
3685 2887 3846 2942 παιδεύ-

2344 3008 2483 3054 σεως
2528 2988 2959 3059 ἀποφανούμεθα
2989 2988 3066 3051 ὡς
3104 2986 3267 3052 ἀξίας
3294 2984 3483 3054 λόγου,
3517 2984 3631 3037 ὅταν
3663 2982 3847 3051 ότρόπος

2344 3082 2643 3145 ἀκόλαστος
2668 3082 2777 3153 εἴη.
2810 3083 2873 3135 El
2901 3080 3000 3153 μὲν
3027 3075 3120 3133 οὖν
3149 3078 3323 3148 ἄμφω
3350 3076 3633 3139 συνέϐαινε,
3655 3074 3848 3143 sponsi;

642 3172 995 3243 colentibus),
1024 3172 1196 3228 multo
1216 3171 1403 3225 minus
1445 3168 1516 3224 ab
1559 3178 1790 3223 externa
1825 3166 2111 3237 disciplina
2142 3181 2237 3221 ceu

2343 3193 2402 3227 τε
2425 3174 2521 3229 καὶ
2558 3175 2841 3238 παίδευσις
2866 3213 2881 3238 ,
2928 3172 3202 3237 τουτέστι,
3259 3173 3466 3245 τρόπος
3496 3170 3585 3224 καὶ
3630 3168 3770 3235 λόγος,
3806 3163 3845 3217 εὖ

644 3267 806 3337 digna
842 3279 1098 3320 sermone
1135 3265 1508 3327 censebimur,
1549 3262 1639 3317 ubi
1674 3276 1854 3315 mores
1890 3260 2094 3315 fuerint
2122 3260 2239 3315 dis-

643 3362 831 3415 soluti.
876 3364 1059 3426 Quare
1100 3359 1146 3413 si
1206 3369 1441 3428 utraque
1497 3357 1849 3420 obvenerint,
1877 3353 2160 3425 prudentia
2184 3363 2242 3408 et

642 3463 794 3507 recta
828 3450 1123 3514 institutio,
1150 3450 1256 3505 hoc
1280 3460 1385 3515 est,
1413 3463 1593 3504 mores
1635 3447 1962 3515 dicendique
1988 3444 2239 3509 facultas,

641 3546 785 3600 bene
806 3559 893 3598 res
922 3544 1124 3606 habet;
1154 3544 1199 3597 si
1224 3556 1351 3595 vero
1376 3541 1603 3594 alterum
1632 3539 1790 3605 desit,
1821 3536 2015 3592 melius
2034 3537 2238 3605 eligen-

644 3640 773 3691 dum
806 3646 914 3692 est.
956 3637 1213 3691 Testatur
1248 3635 1299 3689 id
1336 3634 1502 3688 etiam
1557 3631 1732 3695 Plato,
1762 3645 1871 3699 quo
1904 3630 2021 3685 solo
2065 3630 2117 3683 in
2145 3643 2242 3683 ore

644 3728 867 3783 assidue
902 3726 1170 3795 gestando
1243 3724 1519 3796 gloriaris.
1578 3723 1669 3776 Ait
1714 3722 1861 3776 enim
1899 3739 1913 3775 :
1962 3739 1981 3773 ι
2018 3722 2243 3774 Animas

648 3820 858 3888 optime
893 3833 923 3870 a
954 3817 1245 3885 juventute
1274 3816 1575 3881 institutas,
1608 3815 1652 3868 si
1686 3814 1887 3868 malum
1920 3814 2242 3868 nanciscan-

658 3920 749 3963 tur
773 3918 1192 3978 praeceptorem,
1220 3907 1377 3962 valde
1402 3907 1575 3961 malas
1615 3906 1789 3971 reddi,
1837 3925 1855 3957 ι
1884 3920 2243 3975 magnamque

649 4000 980 4072 injustitiam
1029 4014 1349 4069 merantque
1386 3999 1793 4068 improbitatem
1823 4013 1889 4052 ex
1919 3996 2053 4051 falsa
2092 3997 2242 4051 inve—

647 4104 940 4163 terataque
979 4103 1176 4147 natura
1230 4100 1489 4159 corrupta
1529 4089 1855 4144 educatione
1892 4088 2045 4155 ﬁeri,
2088 4096 2241 4141 natu-

647 4200 766 4239 ram
795 4199 928 4238 vero
967 4181 1295 4238 imbecillem
1335 4196 1657 4251 magnorum
1680 4194 1799 4249 qua}
1828 4196 1927 4233 nec
1956 4180 2097 4234 bona
2126 4179 2234 4233 sint

649 4290 751 4331 nec
773 4275 940 4339 mala,
974 4289 1197 4329 causam
1247 4274 1520 4328 interdum
1563 4273 1847 4327 exsistere.
1880 4271 2241 4338 Quamobrem

646 4367 694 4422 si
734 4366 1030 4421 historicus
1066 4379 1337 4427 summus,
1391 4365 1755 4433 princepsque
1794 4362 2241 4432 philosophorum

2342 3268 2409 3322 ἂν
2438 3268 2572 3338 ἔχοι.
2611 3269 2673 3320 Ei
2703 3268 2760 3320 δὲ
2783 3266 3014 3337 θάτερον
3047 3266 3331 3337 λείπηται,
3369 3267 3585 3335 ἄμεινον
3616 3260 3787 3315 ἑλέσθαι
3806 3259 3846 3310 τί

2344 3362 2616 3429 κρεῖττον.
2651 3359 2774 3411 Ὀτι
2800 3357 2857 3410 δὲ
2887 3356 3043 3411 ταῦθ’
3080 3356 3257 3421 οὕτως
3292 3356 3432 3427 ἔχει,
3470 3356 3759 3425 ὲγγυήσεται
3783 3351 3845 3403 ul

2344 3452 2594 3513 Πλάτων,
2646 3451 2709 3504 ὃν
2751 3451 2919 3515 αὐτὸς
2960 3452 3055 3504 καὶ
3105 3451 3269 3521 μόνον
3320 3449 3598 3522 ὀνομάζων
3626 3443 3843 3516 ὲναύρύνη.

2343 3547 2483 3615 Φησὶ
2513 3546 2620 3614 γάρ
2644 3561 2656 3575 ·
2707 3564 2726 3596 ι
2764 3544 2913 3615 Φημὶ
2945 3543 3046 3605 τὰς
3081 3543 3262 3613 ψυχὰς
3291 3543 3395 3607 τὰς
3429 3541 3756 3612 εὐφυεστάτας
3782 3554 3846 3588 zz-

2343 3637 2445 3707 κῆς
2477 3635 2854 3704 παιδαγωγίας
2895 3634 3189 3706 τυχούσας,
3236 3634 3598 3707 διαφερόντως
3626 3629 3768 3692 κακὰς
3788 3627 3845 3694 τί·

2342 3728 2553 3780 νεσθαι’
2602 3747 2620 3777 ι
2656 3728 2752 3780 καὶ
2804 3726 2918 3796 (49)
2965 3726 3036 3779 τὰ
3069 3726 3283 3797 μεγάλα
3336 3728 3658 3797 ἀδικήματα,
3683 3721 3845 3788 uicti

2343 3816 2582 3888 ἄκρατον
2627 3817 2891 3887 πονηρίαν
2926 3818 2991 3870 ἐκ
3034 3816 3267 3888 φαύλης,
3300 3816 3421 3869 ἀλλ’
3457 3818 3552 3869 οὐκ
3580 3817 3635 3867 ὲκ
3661 3810 3845 3876 νεανικῆς

2344 3908 2580 3978 φύσεως,
2622 3912 2796 3980 τροφῇ
2851 3908 3201 3979 διολλυμένης
3248 3909 3578 3977 γίγνεσθαι·
3619 3905 3777 3973 ἀσθενῆ
3808 3903 3845 3952 δὲ

2345 3998 2505 4068 φύσιν
2531 3998 2785 4069 μεγάλων
2812 3996 2937 4051 οὗτε
2965 3999 3175 4064 κακῶν,
3200 3998 3327 4052 οὔτε
3348 3998 3565 4068 ἀγαθῶν
3586 3999 3738 4051 αἰτίαν
3758 3993 3846 4044 ποτὲ

2344 4088 2583 4143 ἔσεσθαι.
2624 4090 2687 4142 Ei
2715 4088 2899 4143 τοίνυν
2930 4090 3025 4144 καὶ
3058 4092 3086 4143 ό
3128 4090 3239 4143 τῶν
3270 4090 3685 4162 ἱστοριογράφων
3712 4088 3846 4155 ἄκραν

2343 4182 2439 4235 καὶ
2464 4183 2493 4234 ὁ
2523 4181 2632 4235 τῶν
2673 4182 2983 4252 φιλοσόφων
3028 4187 3330 4253 κορυφαῖος
3366 4186 3428 4238 τὸ
3459 4180 3585 4257 ἦθος
3610 4182 3689 4235 τοῦ
3716 4180 3845 4245 λόγω.

2345 4275 2440 4327 καὶ
2470 4274 2560 4326 τὸν
2597 4275 2801 4345 τρόπον
2822 4275 2923 4346 τῆς
2958 4275 3304 4345 πολυμαθίας
3336 4276 3697 4347 προκρίνοντες
3722 4267 3848 4337 ὣςθη·

2347 4382 2471 4431 σαν,
2500 4366 2555 4418 τί
2584 4365 2785 4419 ἄτοπόν
2816 4383 2978 4437 φημι,
3010 4368 3104 4420 τὸν
3137 4368 3353 4437 καρπὸν
3383 4367 3552 4435 λέγων
3573 4362 3848 4432 ἀναγκαιότε-

649 4474 834 4515 mores
868 4460 1104 4514 orationi
1159 4466 1214 4513 et
1250 4457 1377 4511 vita:
1434 4456 1888 4511 consuetudinem
1938 4456 2237 4523 omnigenis:

2350 4473 2445 4527 ρον
2468 4456 2578 4509 τῶν
2608 4456 2825 4526 φύλλων
2850 4461 3103 4531 ἡγεῖσθαι
3124 4477 3138 4526 ;
3166 4462 3397 4532 Καρπδν
3424 4462 3521 4532 μὲν
3545 4463 3643 4530 γὰρ
3660 4457 3848 4528 ὁρίζομαι

649 4552 913 4607 doctrina:
933 4560 1274 4618 anteponere
1300 4548 1399 4603 visi
1433 4548 1565 4613 sint,
1592 4544 1745 4616 quid,
1770 4560 1975 4615 quzeso,
2010 4544 2235 4599 absurdi

2346 4544 2495 4602 εῖναι
2519 4549 2621 4621 τὴν
2649 4551 2877 4624 ἀρετὴν,
2917 4553 3094 4623 φύλλα
3127 4553 3225 4626 τὴν
3257 4553 3606 4624 εύγλωττίαν.
3637 4551 3760 4603 [Ioui
3782 4547 3847 4615 βω

650 4651 736 4697 est
758 4641 980 4697 asseria
1025 4655 1118 4695 me
1164 4639 1395 4693 fructum
1426 4637 1569 4693 foliis
1610 4636 1786 4707 magis
1829 4650 1949 4690 esse
1992 4648 2239 4690 necessa-

651 4734 831 4788 rium?
862 4732 1122 4789 Fructum
1154 4741 1332 4785 autem
1358 4730 1614 4785 virtutem
1640 4743 1762 4783 esse
1802 4728 2076 4793 dicimus;
2110 4726 2236 4783 folia

651 4841 785 4881 vero
826 4824 1159 4893 frondesque
1193 4822 1331 4877 bene
1357 4817 1577 4874 dicendi
1600 4834 1722 4874 esse
1759 4818 2097 4873 facultatem.
2132 4814 2239 4872 Fo-

650 4916 724 4969 lia
757 4916 976 4985 quidem
1007 4923 1261 4967 ornatum
1296 4912 1477 4967 arbori
1503 4908 1736 4965 aﬂ'erunt
1770 4911 1996 4981 agitata,
2033 4919 2089 4961 at
2111 4924 2241 4965 vero

2346 4638 2442 4696 οὖν
2475 4661 2597 4698 τινα
2624 4646 2829 4717 κόσμον
2860 4646 2940 4718 τῷ
2970 4647 3177 4720 δένδρῳ
3210 4650 3428 4720 (50).τά
3452 4648 3616 4717 φύλλα
3644 4642 3845 4716 περιπεί-

2349 4752 2511 4805 μενα,
2537 4736 2654 4790 ἀλλ’
2678 4740 2707 4791 ό
2736 4740 2950 4810 καρπός
2973 4742 3121 4795 ἐστιν
3140 4743 3168 4794 ὁ
3189 4740 3540 4812 ζητούμενος,
3567 4739 3628 4792 δι’
3650 4738 3700 4789 ὃν
3718 4734 3789 4787 καὶ
3804 4732 3846 4783 τὰ

2351 4826 2528 4895 φύλλα
2559 4829 2874 4901 γεγένηται.
2907 4832 3022 4886 Καὶ
3050 4832 3180 4897 ίσως
3219 4832 3364 4886 οὕτω
3394 4832 3643 4902 κέκληται
3669 4826 3786 4897 παρὰ
3807 4821 3847 4873 τὸ

2351 4918 2644 4986 φυλάττειν
2673 4922 2863 4977 αὐτόν.

652 5010 744 5078 qui
773 5007 1059 5076 quaeritur,
1081 5004 1290 5059 fructus
1311 5004 1546 5067 exsistit,
1589 5000 1743 5070 cujus
1807 4999 1982 5068 gratia
2046 5000 2137 5055 illa
2193 5004 2581 5066 adnascnntur.
2618 5012 2685 5067 Et
2741 5014 2871 5071 hinc
2929 5016 3067 5071 forte
3101 5014 3156 5088 [a
3193 5016 3397 5072 Graecis
3452 5016 3638 5086 φύλλον
3665 5008 3751 5067 ἀπὸ
3770 5003 3831 5058 τοῦ
3882 4992 3887 5008 λ

655 5101 945 5171 φυλάττειν
973 5114 1002 5151 a
1036 5093 1422 5167 custodiendo]
1464 5109 1659 5148 nomen
1694 5093 1979 5147 sortiatur.

1080 5186 1319 5243 CDLXX
1334 5185 1462 5239 Vlll.
1494 5215 1565 5226 —
1594 5182 1828 5239 EIDEM.

2826 5188 3002 5242 retr.
3041 5220 3111 5229 -
3139 5190 3227 5263 To
3258 5191 3460 5263 ΑΥΤῼ.

1156 5277 1229 5332 De
1248 5274 1448 5329 Zosimi
1474 5285 1522 5328 et
1557 5274 1823 5327 sodalium
1858 5273 2022 5327 vitiis.
2049 5273 2211 5343 (Infr.
2258 5274 2411 5342 epist.
2448 5274 2598 5345 482.)
2645 5275 2851 5332 Veritas
2878 5284 3062 5350 quanti
3092 5285 3429 5339 ωειξηιαηίια,

738 5366 899 5426 Valde
941 5379 997 5424 tu
1050 5368 1265 5438 quidem
1312 5364 1629 5430 admiraris,
1684 5378 1805 5433 quae
1856 5378 2026 5432 nuper
2068 5364 2135 5416 ad
2183 5371 2234 5417 te

2415 5365 2587 5429 Λύτὸς
2619 5366 2718 5436 μὲν
2759 5368 2880 5426 λίαν
2911 5370 3294 5446 ἐξεθαύμασας
3339 5378 3407 5431 τά
3467 5375 3641 5448 πρώην
3682 5378 3840 5430 ἐπιπα-

1772 5496 2003 5553 νΑιιιΑε
2037 5498 2423 5556 LECTIONES
2456 5502 2547 5557 ET
2583 5503 2820 5565 ΝΟΤᾹΞ.

728 5669 841 5739 (49)
873 5668 980 5739 Καὶ
1010 5667 1168 5739 iidem
1193 5673 1403 5719 mutant
1426 5663 1477 5739 in
1502 5662 1563 5739 fi}.
1599 5659 1809 5715 Possm.

726 5723 1021 5811 'lnter
1055 5736 1258 5806 δένδρῳ
1308 5744 1362 5790 et
1389 5732 1455 5788 τὰ
1501 5723 1744 5787 inserunt
1788 5729 1881 5783 καὶ
1933 5730 2092 5788 iidem
2134 5729 2369 5787 codices.
2416 5723 2493 5779 In.
