3998 6414
219 338 361 405 1605

1114 330 1654 393 EPISTOLABUM
1694 329 1841 387 LIB.
1884 327 1949 386 ν.
1976 350 2043 359 ’-
2075 323 2315 384 EPIST.
2352 326 2676 385 CDLXXX.

3346 324 3484 388 Ῑίὶθδ

214 447 380 500 λέντα
405 462 417 474 ·
452 442 790 508 κινδυνεύεις
822 443 879 497 δὲ
912 440 1052 494 αὐτὰ
1088 441 1419 512 ἀνατρέπειν
1463 438 1544 508 τῷ
1596 453 1804 507 γεγρα-

1921 433 2231 501 :onscripsi,
2264 436 2483 502 propius
2525 443 2583 486 ut
2617 431 2750 486 nihil
2782 431 2854 486 sit
2898 446 3060 500 quam
3110 439 3169 485 ut
3219 447 3485 501 reponas,

210 542 397 610 φέναι,
428 538 495 592 δι’
544 539 613 608 ἣν
656 537 837 589 αἰτίαν
883 534 1153 603 Ζώσιμος,
1186 533 1284 586 καὶ
1334 529 1654 593 Εὐστὰθιος,
1709 526 1805 579 καὶ

209 633 422 703 Μάρων
480 630 617 699 μήτε
663 629 827 697 λόγῳ,
868 627 1005 697 μήτε
1060 625 1159 695 βίῳ
1204 623 1635 692 διαπρέποντες,
1683 620 1802 673 ἀλλ’

212 719 579 775 ἀπαιδευσίαν
638 717 877 787 ἐσχάτην
913 718 972 767 ἐν
1027 715 1274 785 ἐκατέρῳ
1326 713 1647 777 νοσοῦντες,
1707 709 1804 765 καὶ

212 813 479 883 κωμῳδία
513 811 610 863 καὶ
635 809 809 877 γέλως
846 808 982 859 πᾶσι
1014 807 1390 877 προκείμενοι,
1427 804 1675 858 δοκοῦσιν
1725 805 1805 867 εἰς

216 902 522 974 ἱερωσύνην
551 899 748 953 τελεῖν.
797 896 937 965 Ἐγὼ
958 897 1013 949 δὲ
1039 896 1219 966 ἁπλῆν
1253 896 1348 948 καὶ
1371 895 1512 964 σαφῆ
1539 892 1640 963 τὴν
1665 894 1804 945 ἁπο-

215 995 411 1063 λογίαν
443 993 771 1061 ποιήσομαι.
806 991 868 1042 Εἰ
896 988 995 1059 μὲν
1022 988 1131 1058 γὰρ
1165 987 1303 1058 ὑπὲρ
1327 985 1507 1040 αὐτῶν
1532 985 1620 1037 τὸν
1648 984 1803 1051 λόγον

217 1085 597 1155 ἐποιησάμην,
626 1084 726 1152 τὴν
743 1083 943 1153 ἀρετὴν
971 1084 1070 1153 τῆς
1103 1080 1438 1142 παιδεύσεως
1471 1078 1802 1149 προκρίνων,

212 1179 444 1240 εἰκότως
472 1176 537 1230 ἄν
579 1193 647 1245 με
684 1176 761 1238 είς
791 1177 1037 1245 ἀνάγκην
1088 1173 1383 1240 ἀπολογίας
1428 1170 1804 1239 κατέστησας·

212 1274 266 1323 εἰ
297 1270 355 1323 δέ
415 1267 727 1340 προσώπων
776 1266 875 1336 μέν
906 1266 1063 1333 λόγος
1111 1260 1178 1335 ῆν
1235 1264 1411 1325 οὐδεὶς
1436 1304 1451 1327 ,
1498 1262 1630 1315 αὐτὸ
1659 1262 1714 1315 δὲ
1745 1262 1806 1315 τὸ

216 1362 458 1432 πρᾶγμα
506 1359 629 1412 καθ’
659 1357 822 1410 ἑαυτὸ
869 1356 1255 1421 ἐδασανίζετο’
1292 1355 1367 1418 ώς
1416 1354 1512 1407 καὶ
1550 1354 1713 1407 αὐτόν
1743 1369 1804 1405 σε

215 1450 595 1518 ἐκπλαγέντα,
626 1449 702 1513 ώς
731 1448 891 1519 ἔφης,
934 1448 997 1501 τὸ
1029 1446 1226 1510 κάλλος
1277 1448 1371 1499 καὶ
1413 1446 1513 1516 τὴν
1548 1445 1805 1516 ἀλήθειαν

214 1543 327 1595 τῶν
352 1542 783 1612 γεγραμμένων,
813 1539 1033 1611 μείζους
1054 1540 1087 1609 ἢ
1120 1539 1240 1592 κατ’
1274 1538 1374 1609 ἐμὲ
1399 1538 1653 1599 ἐπαίνους
1676 1538 1807 1609 ὑφῆ-

214 1654 330 1690 ναι.
359 1636 428 1688 Τί
457 1635 659 1705 δὴποτε
681 1634 776 1687 νῦν
798 1630 1128 1704 ἀνθρώπους
1158 1634 1303 1696 ὅπως
1330 1631 1529 1702 δήποτε
1557 1630 1805 1701 βιοῦντας

214 1730 302 1791 εἰς
332 1727 496 1797 μέσον
518 1724 859 1797 προύθηκας,
892 1723 1198 1794 ἐξελέγχειν
1219 1724 1289 1777 τὰ
1318 1722 1508 1793 πρώην
1525 1721 1805 1791 γραφέντα

1913 525 2171 595 quidnam
2198 526 2268 579 sit
2290 539 2493 591 causas,
2518 540 2614 579 cur
2635 524 2906 589 Zosimus,
2956 524 3271 578 Enslalhius
3296 535 3348 578 et
3374 523 3487 578 Ma-

1909 629 2005 669 ron
2035 628 2208 682 neque
2236 614 2503 679 oratione,
2574 630 2749 683 neque
2782 614 2995 669 vivendi
3052 615 3303 669 instituto
3333 631 3482 669 com-

1908 707 2067 776 positi
2132 706 2261 771 sint,
2298 705 2392 759 sed
2452 714 2695 760 extrema
2749 707 2964 760 inscitia
2998 707 3051 759 in
3087 717 3317 776 utroque
3361 722 3489 775 pec—

1908 808 2111 861 cantes,
2141 812 2262 850 cum
2298 797 2411 851 acri
2444 798 2858 867 reprehensioni
2904 798 3151 863 obnoxii,
3193 808 3304 852 tum
3351 798 3491 852 Indi-

1908 888 2027 943 brio
2076 887 2309 957 expositi
2358 887 2426 941 ad
2491 889 2857 943 sacerdotium
2908 898 3112 943 temere
3167 889 3483 957 irruperint.

1907 976 2167 1044 Equidem
2199 975 2519 1045 simpliciter
2542 977 2868 1046 sincereque
2909 977 3286 1032 defensionem
3319 977 3481 1030 insti-

1911 1079 2077 1123 tuam.
2116 1068 2273 1137 ⁵101
2306 1068 2585 1136 Siquidem
2639 1068 2784 1123 enim
2816 1070 2882 1122 de
2908 1067 3040 1137 ipsis
3063 1082 3371 1122 sermonem
3406 1070 3491 1120 in-

1907 1159 2055 1213 stitui
2088 1169 2340 1211 Virtutem
2363 1157 2661 1227 disciplinae
2688 1156 3004 1226 praeferens,
3025 1156 3148 1225 jure
3176 1159 3381 1227 optimo
3404 1173 3490 1212 me

1906 1252 1973 1304 ad
2008 1250 2113 1303 mei
2155 1249 2523 1303 defensionem
2574 1250 2885 1318 cantpnlisti
2919 1266 2933 1315 ;
2974 1250 3019 1303 si
3067 1266 3196 1303 vero
3232 1265 3490 1319 persona.

1909 1356 2025 1395 rum
2070 1340 2217 1394 nulla
2245 1350 2362 1394 erat
2417 1342 2573 1404 ratio,
2612 1342 2887 1409 negotium
2940 1356 3072 1395 vero
3104 1343 3276 1411 ipsum
3304 1359 3399 1411 per
3432 1358 3492 1395 se

1907 1432 2200 1499 diligenter
2233 1431 2676 1496 examinabatur,
2730 1441 2787 1482 ut
2829 1430 2942 1499 ipse
2973 1430 3297 1495 admiratus,
3348 1432 3490 1500 quod

1908 1521 2114 1585 aiebas,
2170 1521 2629 1591 pulchritudinem
2682 1531 2738 1573 et
2781 1521 3067 1575 veritatem
3134 1524 3486 1590 scriptorum,

1909 1613 2142 1683 majores
2174 1628 2334 1681 quam
2368 1626 2581 1665 mereor
2624 1611 2810 1666 laudes
2859 1623 3201 1679 contexeres,
3226 1611 3486 1682 quidnam

1906 1718 2037 1757 sane
2058 1703 2171 1773 jam
2207 1702 2457 1756 homines
2495 1703 2987 1772 quomodoeunque
3019 1703 3263 1757 viventes
3288 1705 3340 1757 in
3376 1719 3491 1757 me-

217 1788 578 1889 ἐπιγειρῶνς-
611 1788 747 1870 Οὐδέ
796 1815 906 1887 γὰρ
936 1788 1003 1868 ήεί
1053 1788 1262 1886 μυρίων
1312 1788 1510 1867 ἐκεῖνοι
1539 1788 1801 1881 γγέμουσι

1921 1793 2058 1848 iium
2083 1792 2376 1862 protulisti,
2405 1793 2729 1862 redarguere
2745 1793 2944 1863 scripta
2971 1807 3144 1861 nuper
3168 1790 3494 1861 aggressus?

217 1910 433 1979 κακῶν,
470 1910 564 1963 καὶ
594 1910 803 1971 πάντας
836 1906 1183 1979 ἀπέκρυψαν,
1230 1907 1306 1970 ώς
1354 1907 1658 1977 γέγραφας,
1689 1908 1808 1969 ταῖς

220 2002 620 2075 παρανομίαις,
650 2002 753 2073 ἤδη
781 2004 809 2055 ό
831 2000 988 2069 λόγος
1015 2002 1043 2053 ὁ
1068 2000 1199 2070 παρ’
1233 1999 1388 2068 ἡμῶν
1420 1999 1447 2051 ό
1473 2001 1539 2070 τῇ
1584 1997 1812 2069 ἀληθείᾳ

220 2099 594 2170 ὠχυρωμένος
620 2096 1091 2166 ἀνατραπήσεται.
1155 2093 1297 2146 Ἀλλ’
1332 2094 1531 2145 ἐκεῖνοι
1564 2092 1662 2161 μὲν
1707 2090 1807 2162 ἤδη

219 2190 457 2244 τοιοῦτοί
486 2190 593 2242 εἰσι
635 2187 775 2260 μετά
801 2187 896 2241 τοῦ
939 2186 1345 2256 κωμῳδεῖσθαι,
1395 2184 1488 2238 καὶ
1532 2184 1688 2254 δίκην
1716 2184 1808 2237 ἀν-

222 2284 487 2337 ύποιστον
503 2282 839 2351 δώσουσινοὴ
870 2280 927 2333 δὲ
954 2278 1181 2349 ἀλήθεια
1204 2278 1497 2348 διαλάμψει
1522 2274 1805 2347 μειζόνως,

219 2377 287 2428 οὐ
313 2376 444 2445 παρ’
498 2374 695 2442 ὀλίγων
750 2372 1003 2442 πονηρῶν
1054 2370 1409 2440 ἐλεγχομένη,
1460 2368 1597 2422 ἀλλὰ
1626 2367 1799 2438 ταύτῃ

224 2466 469 2539 μάλιστα
495 2464 853 2537 λαμπροτέρα
878 2464 1159 2535 γινομένη,
1195 2464 1278 2516 ὅτι
1306 2464 1432 2524 τοὺς
1464 2461 1539 2531 μὴ
1564 2460 1803 2532 ἐρῶντας

222 2560 420 2628 αὐτῆς,
447 2557 725 2619 δυσκλεεῖς
748 2556 1149 2625 ἀποφαίνουσα,
1178 2557 1303 2619 τοὺς
1326 2554 1561 2626 ἐραστὰς
1590 2552 1806 2606 εύκλεε·

223 2649 459 2711 στάτους
489 2646 886 2717 ἀπεργάζεται.

550 2782 721 2835 rosa
754 2810 825 2819 -
870 2778 1169 2850 ΕΥΤΟΝΙῼ
1207 2778 1528 2849 annexa.

1916 1886 2034 1942 Non
2060 1887 2207 1942 enim
2230 1885 2279 1941 si
2308 1884 2537 1940 inlinitis
2582 1885 2660 1939 illi
2687 1894 2817 1941 sunt
2865 1884 3052 1943 referti
3112 1885 3286 1949 malis,
3320 1895 3395 1950 et,
3432 1893 3495 1939 ut

1908 1978 2202 2049 scripsisti,
2254 1985 2481 2033 cunctos
2522 1976 2819 2031 sceleribus
2869 1978 2983 2032 suis
3033 1977 3351 2041 obscuraut,
3378 1976 3493 2046 jam

1909 2070 2088 2126 oratio
2113 2085 2139 2122 a
2174 2070 2331 2124 nobis
2362 2070 2593 2124 veritate
2644 2070 2859 2123 ﬁrmata
2892 2070 3259 2124 subvertetur.
3293 2069 3492 2125 Verum

1908 2162 1983 2216 illi
2014 2161 2147 2216 tales
2189 2169 2314 2230 post
2358 2160 2839 2229 reprehensionem
2880 2160 3047 2215 etiam
3095 2162 3495 2216 intolerandam

1909 2252 2059 2307 luent
2090 2266 2330 2322 pmnam.
2363 2252 2481 2321 Ipsa
2510 2264 2695 2309 autem
2736 2252 2942 2307 veritas
2982 2255 3154 2324 magis
3192 2253 3489 2319 elucescet,

1908 2360 2017 2399 non
2060 2359 2091 2397 a
2137 2344 2326 2415 paucis
2379 2346 2641 2415 improbis
2669 2345 3029 2415 reprehensa,
3070 2347 3166 2401 sed
3218 2346 3323 2401 hoc
3368 2347 3491 2417 ipso

1910 2434 2108 2489 clarior
2158 2435 2323 2501 facta,
2358 2436 2502 2504 quod
2549 2450 2645 2491 vos
2676 2437 2861 2492 hostes
2900 2437 3161 2508 inglorios
3196 2438 3495 2493 ostendens

1914 2538 2188 2583 amatores
2220 2527 2609 2584 celeberrimos
2630 2527 2859 2583 eﬂiciat.

2124 2778 2453 2833 CDLXXIX.
2500 2811 2569 2820 —
2611 2776 2913 2835 EUTONIO
2957 2780 3273 2835 DIACONO.

224 2894 389 2949 Iulli
427 2904 691 2980 merent‘tr
741 2910 925 2946 nomen
968 2902 1018 2946 et
1053 2910 1153 2946 non
1182 2892 1390 2955 habent,
1437 2895 1525 2946 sed
1569 2893 1967 3016 multitflqmam
1999 2896 2208 2961 habent,
2258 2913 2416 2965 quant
2465 2911 2567 2948 non
2620 2907 2906 2950 merentur.
2959 2896 3176 2951 Invidia
3232 2900 3354 2952 boni
3388 2914 3499 2969 ,ενι

1757 2985 1784 3016 a
1826 2976 2002 3016 orant.

1757 2976 2002 3019 avolant.

302 3095 509 3157 Πόσους
532 3097 633 3149 οἴει
669 3094 775 3149 τῶν
803 3094 899 3148 ἀνθ
910 3093 1103 3165 ρώπων
1126 3094 1446 3165 ἀνωνύμους
1469 3096 1562 3148 καὶ
1584 3097 1806 3163 ἀδέξους

1994 3098 2263 3165 Qnotnam
2310 3109 2467 3168 putas
2509 3098 2757 3154 homines
2803 3100 2920 3155 sine
2969 3100 3111 3153 fama
3182 3101 3504 3173 ignotosque

222 3183 372 3240 εἶναι
403 3187 582 3257 πολλῷ
620 3186 1073 3259 σπουδαιοτέρους
1114 3186 1520 3257 γεγενημένους
1552 3188 1658 3241 τῶν
1685 3190 1805 3258 ᾁδο-

1921 3195 2095 3247 vivero
2125 3193 2341 3247 virtutis
2388 3193 2558 3261 magis
2603 3193 2872 3247 studiosos
2898 3193 3265 3264 clarioresque
3291 3236 3307 3261 ,
3339 3211 3501 3266 quam

226 3282 413 3351 μένων
442 3298 458 3347 ;
490 3279 568 3351 τῷ
593 3282 721 3341 τοὺς
746 3282 844 3351 μὲν
871 3281 1112 3350 ποιητῶν
1135 3283 1321 3350 τυχεῖν
1360 3281 1453 3334 καὶ
1482 3280 1802 3349 λογοποιῶν,

226 3372 344 3425 τῶν
376 3374 486 3425 πᾶν
519 3371 581 3424 τὸ
614 3371 989 3443 πραττόμενον
1021 3373 1095 3442 μὴ
1121 3370 1255 3439 πρὸς
1289 3368 1387 3441 τὴν
1416 3369 1671 3439 ἀλήθειαν
1694 3389 1811 3443 κριο

226 3464 456 3525 υόντων,
480 3462 616 3516 ἀλλά
644 3462 779 3534 πρὸς
802 3462 869 3533 ἣν
904 3458 1049 3533 εἶχον
1067 3460 1277 3514 εὔνοιαν
1302 3461 1811 3532 ὑπολαμϐανόντων,

230 3553 333 3605 καὶ
364 3552 423 3604 τὸ
455 3550 802 3622 κατορθωθέν
826 3552 1204 3621 οὐρανόμηκες
1237 3550 1533 3603 ποιούντων
1558 3568 1571 3581 °
1600 3553 1727 3614 τοὺς
1755 3552 1812 3605 δὲ

232 3642 315 3713 μὴ
389 3641 681 3713 ἐσχηκέναι
723 3641 851 3704 τοὺς
906 3642 1255 3712 ύμνήσαντας
1299 3642 1385 3694 διὰ
1416 3641 1630 3710 φθόνον,
1679 3642 1817 3712 ὅπερ

227 3738 357 3796 ταῖς
380 3733 659 3804 λαμπραῖς
680 3731 943 3803 πράξεσιν
970 3732 1285 3786 ἀκολουθεῖν
1304 3731 1518 3786 εἴωθεν.
1547 3733 1817 3787 Ἐνταῦθα

244 3827 354 3897 μὲν
391 3822 484 3880 οὖν
521 3828 569 3878 εί
603 3826 697 3879 καὶ
739 3822 926 3889 ἔδοξαν
956 3827 1004 3878 οἱ
1041 3825 1138 3895 μὲν
1173 3825 1640 3896 ἀνακεκηρύχθαι,
1673 3827 1722 3878 οἱ
1760 3826 1818 3878 δὲ

234 3917 637 3987 σεσιωπῆσθαι,
671 3916 764 3969 τοῦ
795 3916 1000 3985 κόσμου
1024 3915 1209 3968 λοιπὸν
1240 3918 1320 3980 εἰς
1352 3917 1504 3981 τέλος
1527 3916 1819 3987 ἐπειγομέ-

234 4028 359 4073 νου,
396 4011 576 4062 ἐκεῖσε
607 4009 735 4072 τοὺς
770 4008 940 4072 ὅντως
981 4008 1269 4079 λαμπροὺς
1303 4011 1396 4062 καὶ
1425 4010 1667 4075 ἐνδόξους
1694 4009 1820 4079 ὀψό-

240 4099 411 4172 μεθα,
445 4101 543 4169 τῆς
591 4098 743 4162 θείας
772 4097 928 4169 δίκης
956 4099 1055 4151 οὐκ
1094 4098 1424 4169 ἀνεξομένης
1452 4101 1516 4151 ὲκ
1568 4100 1666 4169 τῆς
1712 4100 1821 4153 τῶν

237 4188 551 4261 ἀνθρώπων
599 4187 758 4258 δόξης
792 4189 1038 4257 ἐνεγκεῖν
1082 4189 1181 4259 τὴν
1232 4190 1432 4260 ψῆφον,
1472 4188 1588 4243 ἀλλ’
1620 4191 1685 4242 ἐκ
1720 4190 1822 4260 τῆς

236 4284 471 4346 οἰκείας,
502 4282 601 4351 τῆς
648 4282 976 4353 εἰλικρινοῦς
1045 4283 1139 4336 καί
1182 4283 1548 4339 ἁδιαπτώτου.
1600 4286 1692 4356 Μὴ
1728 4282 1822 4339 οὖν

236 4379 526 4449 όὶιγωρει,
556 4379 606 4430 εἰ
644 4374 1067 4447 οὐρανοπολίτης
1097 4375 1172 4429 ὢν
1214 4377 1314 4440 τὰς
1337 4376 1446 4430 τῶν
1488 4377 1824 4447 φθονούντων

1917 3286 1971 3341 hi
2001 3300 2227 3355 quorum
2258 3285 2619 3338 decantantur
2649 3284 2916 3338 nomina?
2949 3284 3010 3339 lli
3035 3287 3180 3341 enim
3202 3287 3347 3342 nacti
3380 3287 3502 3357 qui-

1914 3380 2034 3433 dem
2084 3387 2207 3432 sunt
2239 3391 2422 3446 poetas
2448 3389 2609 3446 atque
2644 3378 2955 3446 historicos,
2990 3394 3075 3434 res
3104 3389 3284 3449 gestas
3312 3395 3504 3437 omnes

1917 3487 2023 3526 non
2059 3487 2122 3525 ex
2157 3486 2305 3539 vero,
2331 3472 2425 3524 sed
2452 3470 2616 3523 animi
2670 3470 3047 3525 benevolentia
3082 3472 3134 3525 in
3171 3472 3342 3542 majus
3373 3487 3502 3541 pro-

1918 3566 2202 3629 vehentes,
2245 3574 2298 3617 et
2329 3563 2591 3632 quidquid
2636 3572 2785 3617 recte
2825 3563 3027 3617 factum
3074 3564 3126 3617 in
3163 3564 3357 3618 malum
3391 3564 3507 3618 lau-

1919 3656 2076 3710 dibus
2110 3655 2444 3709 cxtulerunt.
2492 3653 2566 3706 lili
2614 3664 2803 3709 contra
2863 3655 2931 3709 ob
2982 3654 3239 3710 invidiam
3265 3657 3405 3725 (quae
3438 3654 3505 3709 il-

1920 3746 2109 3801 lustria
2150 3747 2465 3816 plermnqne
2508 3748 2711 3815 stipare
2752 3746 2893 3800 facta
2937 3747 3244 3817 consuevit)
3280 3748 3504 3803 minime

1920 3840 2195 3894 consecuti
2229 3838 2317 3907 qni
2353 3838 2729 3907 praedicat-ent.
2755 3835 2853 3891 llic
2895 3837 3059 3907 igitur
3085 3838 3183 3892 etsi
3213 3838 3501 3892 videantur

1922 3931 1973 3985 hi
2039 3930 2253 3997 quidem
2317 3929 2623 3996 prmtlicari,
2688 3928 2761 3983 illi
2834 3945 2965 3984 vero
3023 3928 3241 3985 silentio
3303 3930 3521 4000 premi,

1923 4021 2124 4076 mundo
2148 4019 2362 4073 tandem
2398 4020 2463 4071 ad
2498 4021 2656 4072 tinem
2686 4019 2938 4085 deducto,
2968 4019 3078 4074 illic
3109 4034 3294 4075 revera
3326 4020 3505 4075 claros

1924 4123 1979 4167 et
2004 4112 2270 4183 gloriosos
2300 4110 2623 4175 videbimus,
2672 4111 2766 4165 Dei
2807 4110 3022 4179 iustitia
3059 4126 3161 4166 non
3198 4114 3508 4167 sustinente

1924 4203 2238 4272 suffragium
2282 4201 2426 4255 ferre
2456 4215 2522 4254 ex
2556 4202 2859 4267 hominum,
2901 4202 2995 4256 sed
3037 4216 3105 4255 ex
3142 4202 3358 4272 prapria
3390 4202 3508 4256 sin-

1924 4308 2047 4349 cera
2096 4303 2259 4361 atque
2295 4292 2501 4346 erroris
2548 4300 2770 4359 experte
2819 4291 3112 4345 sententia.
3154 4290 3297 4345 Cave
3344 4292 3511 4359 igitur

1927 4398 2056 4453 agas
2083 4382 2296 4451 ignave,
2319 4382 2362 4437 si
2389 4381 2795 4436 cmliexsistens
2818 4381 2996 4437 incola
3028 4381 3121 4435 tibi
3149 4381 3504 4436 invidentium

248 4487 339 4522 σοι
358 4469 607 4537 γλώττας
634 4469 838 4540 αίχμῆς
859 4468 1114 4539 νεηκόνου
1142 4468 1403 4540 ὀξυτέρας
1430 4468 1661 4542 αἰσθάνῃ
1684 4470 1824 4525 κατά

1928 4473 2139 4544 linguas
2168 4482 2327 4527 acuto
2359 4471 2581 4541 cuspide
2629 4471 2901 4526 acutiores
2945 4470 3152 4540 pridem
3200 4471 3256 4524 in
3308 4480 3359 4526 te
3400 4470 3510 4542 jaci

251 4558 459 4613 σαυτοῦ
491 4560 817 4631 φερομένας,
846 4557 984 4613 ἀλλά
1010 4556 1098 4612 διὰ
1120 4558 1277 4611 τοῦτο
1308 4558 1543 4629 μάλιστα
1578 4559 1824 4632 λαμπρό-

1928 4564 2157 4629 sentias,
2200 4564 2294 4619 sed
2326 4578 2423 4634 per
2452 4563 2568 4620 haec
2610 4563 2793 4633 potius
2843 4561 3129 4617 clariorem
3158 4571 3209 4617 te
3236 4561 3352 4618 fore
3377 4576 3513 4618 con-

246 4668 415 4724 τερος
446 4650 667 4705 ἔσεσθαι
704 4651 1095 4723 προσδόκησον.

718 4808 848 4862 ΥΙΡ.
888 4838 957 4847 -
992 4808 1079 4878 To
1110 4808 1314 4880 ΑΥΤῼ.

1931 4657 2104 4712 ﬁdite.

2406 4811 2709 4867 CDLXXX.
2742 4843 2811 4853 —
2843 4812 3075 4870 EIDEM.

1034 4918 1259 4971 Virtutis
1300 4921 1531 4971 studium
1559 4924 1812 4986 praeconii
1839 4942 1927 4995 spe
1950 4928 2135 4981 alitur.
2173 4926 2299 4994 Spes
2336 4926 2470 4981 bona
2501 4927 2593 4979 dat
2615 4926 2768 4979 vires.

326 5059 491 5121 Ἴσθι,
528 5058 610 5110 ὅτι
639 5057 752 5118 τοῖς
771 5053 871 5123 τῆς
894 5052 1095 5123 ἀρετῆς
1120 5051 1305 5114 πόνοις
1333 5052 1397 5105 ἐκ
1419 5052 1644 5122 πρώτης
1669 5036 1829 5127 μέγρι

248 5150 520 5220 τελευτῆς
545 5147 954 5219 ἐγκαρτερῆσαι
984 5144 1082 5214 οὐχ
1105 5136 1215 5197 οἷόν
1239 5159 1321 5205 τε,
1365 5142 1440 5213 μὴ
1465 5143 1565 5213 τῆς
1599 5145 1831 5213 προσδο-

248 5246 381 5305 κίας
409 5241 520 5296 τῶν
551 5240 731 5312 γερῶν
755 5237 1096 5309 κιρναμένης
1145 5234 1327 5305 ἡρέμα
1370 5234 1449 5306 τῷ
1493 5235 1699 5306 ἱδρῶτι,
1737 5237 1835 5291 καὶ

248 5335 401 5388 κατά
446 5332 621 5403 βραχὺ
683 5328 907 5393 ἀλύπως
954 5344 1015 5379 τε
1058 5326 1153 5380 καὶ
1199 5325 1437 5393 κούφως,
1492 5327 1587 5379 καὶ
1636 5327 1836 5397 τρόπον

250 5428 379 5480 τινὰ
413 5426 532 5495 μετ’
571 5421 916 5494 εὐφροσύνης
959 5416 1442 5490 παραπεμπούσης
1472 5416 1564 5470 ἐπὶ
1616 5417 1678 5469 τὸ
1725 5418 1834 5473 τῶν

248 5520 482 5582 ἀγώνων
526 5517 701 5580 τέλος.
754 5514 816 5567 Εἰ
864 5512 1043 5565 τοίνυν
1102 5510 1317 5563 θεάσοιο
1365 5507 1651 5579 ἄνθρωπον
1704 5510 1832 5574 τοὺς

252 5616 454 5675 πόνους
494 5612 594 5680 τῆς
622 5609 843 5681 ἀρετῆς,
881 5607 980 5670 τὰς
1012 5604 1114 5675 τῆς
1148 5602 1363 5675 τρυφῆς
1394 5605 1507 5666 τοῖς
1544 5604 1832 5676 ἐχέφροσιν

252 5703 471 5773 ἡδονὰς,
500 5702 793 5772 φεύγοντα,
828 5698 937 5752 ίσθι
968 5698 1049 5752 ὅτι
1102 5695 1259 5759 ἐλπὶς
1291 5693 1440 5765 αὐτῷ
1491 5696 1704 5767 χρηστὴ
1733 5697 1833 5750 οὐκ

254 5795 432 5851 ἀνθεῖ.

2006 5061 2154 5117 Scito
2193 5062 2306 5116 fieri
2348 5077 2451 5117 non
2483 5074 2642 5130 posse
2670 5070 2728 5113 ut
2759 5060 2882 5129 quis
2914 5058 2981 5112 ab
3016 5059 3241 5114 exordio
3265 5061 3330 5112 ad
3360 5060 3521 5115 linem

1937 5169 2107 5224 usque
2147 5153 2361 5207 labores
2398 5168 2495 5219 pro
2536 5152 2737 5207 virtute
2775 5160 3053 5219 susceptos
3083 5162 3397 5208 constanter
3438 5164 3522 5208 ιο-

1940 5248 2099 5311 leret,
2126 5246 2231 5299 nisi
2261 5245 2606 5312 praemiorum
2639 5242 2870 5297 admista
2901 5244 3309 5313 exspectatione
3336 5248 3523 5302 sudori

1943 5337 2221 5409 paulatim,
2249 5346 2306 5391 et
2331 5337 2460 5399 cito,
2494 5334 2902 5403 indolenterqne
2933 5350 2995 5389 ac
3026 5334 3243 5401 leniter,
3275 5350 3340 5391 ac
3366 5338 3527 5393 modo

1940 5428 2174 5500 quodam
2207 5441 2328 5481 cum
2364 5426 2636 5481 hilaritate
2667 5425 2941 5495 prmmissa
2968 5440 3138 5495 usque
3174 5427 3242 5481 ad
3270 5428 3525 5483 certami-

1942 5534 2071 5574 num
2103 5528 2428 5574 extremnm.
2463 5515 2521 5570 Si
2560 5516 2742 5586 itaque
2771 5516 3041 5571 hominem
3078 5517 3278 5573 videris
3303 5518 3525 5574 virtutis

1943 5608 2157 5663 labores
2220 5608 2362 5677 (quae
2437 5606 2793 5677 prudentibus
2866 5608 3138 5663 deliciosa:
3220 5608 3525 5679 voluptates

1943 5698 2232 5770 exsistunt)
2266 5699 2583 5769 fugientem,
2621 5700 2833 5755 noveris
2877 5700 3072 5755 bonam
3104 5700 3179 5756 illi
3229 5716 3379 5771 spem
3412 5717 3520 5757 non

1949 5790 2200 5859 relinqui.
