3998 6414
552 249 690 323 1607
1746 253 1809 317 s.
1845 249 2137 318 ISIDORI
2173 246 2614 316 PELUSIOT/E
3624 255 3729 323 1603

888 362 1058 442 ’πη
1091 365 1420 428 anxxxt.
1467 403 1538 416 --
1575 371 1804 428 Ειῡειι.
2160 388 2213 446 Α

1757 373 1804 426 ri.
2160 388 2213 446 Α
2701 371 2876 424 ΥηΑι.
2908 401 2978 410 -
3005 370 3093 438 re
3140 367 3336 441 ΑΥΤῼ.

1198 491 1274 543 De
1309 493 1570 560 corruptis
1602 490 1933 544 sacerdotum
1958 490 2310 559 quorumdam
2341 491 2594 544 moribus.
2627 488 2808 560 (Conf.
2841 491 2996 560 epist.
3031 483 3180 550 552.)

627 601 1089 665 Terribile‘nnnc,
1118 612 1170 656 et
1203 603 1358 656 valde
1385 603 1601 671 quidem
1650 603 1893 657 terribile
1937 613 2018 657 est
2070 602 2138 656 ad

2317 603 2553 674 Φοὸερόν
2583 606 2721 668 ἐστι,
2757 604 2852 656 καὶ
2879 603 3000 655 λίαν
3042 603 3272 674 φοϐερὸν
3299 602 3358 656 τὸ
3391 603 3466 664 είς
3501 605 3743 678 ἱερωσύνην

553 695 914 746 sacerdotium
949 695 1276 763 pertingere.
1317 695 1560 750 Alterum
1591 697 1734 748 enim
1765 696 1957 748 horum
1993 697 2132 747 acci-

2249 695 2367 746 wvl.
2401 694 2637 747 τελέσαι.
2667 695 2824 746 Δυοῖν
2857 693 2965 764 γὰρ
2990 693 3140 764 αὐτῷ
3183 693 3406 764 θάτερον
3437 695 3740 766 συμϐήσεται·

555 787 685 836 dere
708 783 846 836 solet
876 801 890 838 :
923 796 1009 837 ant
1035 785 1191 852 juxta
1220 799 1429 840 veteres
1459 796 1511 839 et
1543 787 1869 855 apestoliros
1901 801 2134 839 canones

2244 777 2278 855 ἣ
2329 785 2472 838 κατὰ
2510 787 2636 848 τοὺς
2687 784 2950 855 ἀρχαίους
3005 785 3101 838 καὶ
3150 785 3526 848 ἀποστολικοῦς
3566 789 3746 851 κανόνας

555 878 828 930 viventem
867 877 1099 930 invisum
1131 895 1272 938 esse,
1306 879 1620 946 insidiisque
1648 879 1823 946 appeti
1856 878 1922 929 ab
1951 879 2016 930 iis
2048 879 2134 944 qui

2247 874 2425 938 ζῶντα
2466 875 2761 946 μισηθῆναι
2787 876 2880 928 καὶ
2922 875 3374 944 ἐπιϐουλευθῆναι
3402 877 3538 947 παρά
3563 877 3654 930 τῶν
3676 880 3746 948 τὴν

559 981 702 1022 nunc
747 985 841 1037 per
873 981 1220 1036 apparentem
1249 987 1444 1023 noxam
1478 981 1532 1023 et
1559 969 1889 1039 illegitinmm
1914 984 2138 1022 consuc-

2245 968 2367 1020 νυνὶ
2416 967 2831 1020 ὲπιπολάσασαν
2878 966 3151 1034 ἐπιϐλαϐῆ
3186 967 3279 1019 καὶ
3328 968 3615 1037 παράνομον
3654 987 3745 1022 συν-

558 1063 821 1124 tudinem,
859 1073 1114 1126 tanquam
1151 1060 1243 1114 Dei
1275 1072 1497 1114 servent
1541 1060 1734 1128 legem,
1771 1071 2022 1127 recteque
2058 1060 2137 1111 vi-

2247 1057 2440 1128 ήθειαν
2483 1058 2560 1121 ὡς
2583 1059 2747 1129 νόμον
2775 1059 2918 1112 θεῖον
2947 1059 3342 1128 φυλαττόντων,
3374 1061 3463 1113 καὶ
3487 1062 3598 1124 τοὺς
3618 1061 3750 1130 69013.;

555 1163 746 1207 ventes
785 1151 1092 1218 expellunt;
1119 1161 1208 1204 aut
1246 1151 1652 1204 submittentem
1687 1165 1774 1213 se,
1826 1161 1880 1202 et
1925 1149 2134 1218 propria

2248 1149 2499 1220 βιοῦντας
2525 1151 3028 1222 ὲξοστρακιζόντων
3046 1169 3058 1182 ·
3089 1148 3122 1220 ἢ
3155 1152 3638 1205 ὑποκατακλίναντα
3654 1155 3750 1206 ἑαυ-

556 1242 797 1311 neglecta
858 1246 1051 1307 salute,
1094 1243 1274 1296 multis
1319 1242 1440 1296 aliis
1497 1241 1694 1295 olierre
1734 1240 2135 1304 ofl‘entliculum,

2249 1239 2362 1303 τὸν,
2391 1239 2486 1293 καὶ
2512 1240 2614 1310 τῆς
2639 1240 2835 1292 ἑαυτοῦ
2874 1239 3166 1309 aeneam
3193 1240 3479 1308 σωτηρίας,
3505 1241 3590 1293 καὶ
3608 1242 3753 1303 ἄλλοις

556 1351 666 1406 quo
693 1335 892 1404 duplici
924 1336 1141 1388 nomine
1174 1337 1419 1405 ingentes
1448 1347 1574 1388 sunt
1604 1348 1793 1403 pmnns
1813 1335 2009 1388 daturi.
2045 1331 2135 1386 Fc-

2254 1331 2484 1394 πολλοὺς
2519 1331 2893 1396 σκανδαλίσαι,
2932 1331 3074 1402 ὑπὲρ
3097 1325 3171 1384 ὧν
3199 1332 3293 1384 καὶ
3321 1331 3471 1394 δίκας
3515 1333 3753 1404 σφοδροτὰ-

556 1427 712 1481 licem
742 1429 922 1496 itaque
950 1429 1190 1488 nomino,
1228 1427 1317 1494 qui
1355 1428 1456 1479 hoc
1491 1435 1680 1494 captus
1705 1442 1807 1479 non
1844 1426 1910 1478 sit
1939 1440 2135 1479 amore.

2252 1441 2353 1486 τας
2379 1423 2562 1477 δώσει.
2599 1425 2889 1495 Μακάριον
2927 1425 3024 1494 μὲν
3055 1420 3146 1477 οὖν
3179 1421 3239 1476 τὸ
3273 1424 3408 1493 μηδὲ
3440 1423 3620 1476 ἁλῶναί
3660 1442 3756 1476 ποτε

557 1519 616 1576 Si
645 1537 774 1575 vero
813 1535 917 1574 non
953 1530 1143 1589 captus
1174 1521 1474 1581 ordinetur,
1519 1518 1749 1586 prinmm
1799 1527 1977 1570 servet
2019 1531 2136 1584 pro-

2252 1513 2330 1586 τῷ
2376 1516 2604 1586 τοιούτῳ
2647 1516 2830 1587 ἔρωτι.
2862 1518 2926 1568 Ei
2971 1517 3028 1569 δὲ
3081 1517 3156 1586 μὴ
3205 1516 3366 1580 ἁλοὺς
3395 1517 3755 1588 χειροτονηθείη,

558 1614 790 1685 positum
815 1621 1051 1680 Oportet,
1081 1625 1381 1680 magnaque
1406 1608 1656 1677 loquendi
1691 1607 1959 1670 libertate,
1995 1607 2137 1660 anti-

2252 1608 2460 1678 ὲχέσθω
2489 1609 2581 1661 τοῦ
2612 1609 2878 1679 προτέρου
2915 1608 3140 1670 σκοποῦ,
3189 1609 3283 1662 καὶ
3329 1607 3463 1679 μετὰ
3507 1609 3760 1679 παρρησίας

553 1721 662 1774 qua
691 1715 853 1772 atque
891 1702 1187 1773 apostolica
1239 1711 1463 1756 renovet
1512 1701 1748 1758 decreta,
1791 1716 1858 1752 ne
1891 1700 2132 1753 sacerdo‘

2182 1689 2218 1742 Β
2249 1703 2316 1752 τὰ
2346 1699 2551 1769 ἀρχαῖα
2573 1701 2667 1752 καὶ
2699 1697 3033 1752 ὰποστολικὰ
3063 1697 3372 1768 πράγματα
3394 1699 3681 1760 ἀνανεούτω,
3707 1700 3761 1769 μὴ

557 1796 691 1848 tium
740 1810 883 1848 nunc
928 1794 1362 1864 propinantibus,
1426 1793 1716 1860 omniaque
1766 1799 1821 1844 et
1879 1792 2136 1844 dicereet

2249 1793 2363 1853 τοῖς
2389 1789 2484 1842 νῦν
2515 1791 2842 1862 προτείνουσι
2883 1789 2982 1860 τὴν
3011 1790 3336 1861 ἱερωσύνην,
3366 1791 3456 1844 καὶ
3500 1791 3655 1844 πάντα
3696 1795 3762 1844 καὶ

552 1886 737 1942 facere
784 1887 946 1940 licere
979 1887 1078 1940 sibi
1112 1887 1481 1954 upinantibus,
1517 1884 1569 1936 in
1603 1883 1750 1936 vitiis
1793 1891 2131 1950 coeperetnr.

2250 1883 2431 1951 λέγειν
2471 1884 2566 1935 καὶ
2611 1882 2876 1952 πράττειν
2925 1882 3126 1946 ἐξεῖναι
3157 1883 3346 1946 αὐτοῖς
3381 1883 3677 1950 νομίζουσιν,
3705 1886 3763 1945 εἰς

555 1975 783 2030 Pra-stat
833 1977 978 2030 enim
1032 1977 1245 2029 insidiis
1295 1974 1475 2043 appeti
1529 1991 1593 2029 ac
1649 1975 1822 2044 rejici,
1868 1989 2030 2042 quam
2089 1973 2134 2025 id

2247 1973 2316 2026 τὰ
2365 1972 2686 2042 πταίσματα
2727 1971 3122 2044 συμπράττων.
3171 1974 3437 2042 Κρεῖττον
3468 1972 3566 2043 γὰρ
3600 1973 3763 2025 τὺέπι-

552 2081 726 2137 genus
754 2067 1035 2138 aggregari
1065 2068 1394 2121 hominibus.

2233 2066 2610 2136 ’ϐουλευθῆναι
2637 2066 2732 2117 καὶ
2758 2063 3339 2136 ἀποχειροτονηθῆναι,
3372 2063 3463 2116 τοῦ
3492 2063 3615 2134 μετὰ
3632 2061 3764 2115 τοιού-

1153 2200 1158 2205 .
2247 2177 2356 2212 των
2400 2157 2610 2230 ἀνδρῶν
2637 2157 2920 2227 τετάχθαι.

748 2249 1101 2308 CDLXXXII.
1136 2284 1193 2293 —-
1228 2252 1576 2308 LAMPETIO
1617 2251 1963 2308 EPISCOPO.

2513 2247 2688 2302 YHB'.
2721 2270 2794 2288 —=—
2819 2249 3177 2319 ΛΛΜΠΕΤΙῼ
3206 2250 3563 2322 ΕΠΙΣΚΟΠῼ.

987 2344 1059 2399 De
1090 2346 1424 2413 improbitate
1447 2344 1666 2408 Zosimi,
1693 2347 2099 2414 sociorumque:
2133 2357 2228 2411 pro
2261 2341 2324 2394 iis
2357 2339 2640 2393 orandum.
2675 2337 2865 2406 (Supr.
2897 2341 3050 2404 epist.
3093 2339 3220 2405 457,
3255 2341 3408 2407 440.)

630 2441 941 2510 Deplorare,
973 2458 1077 2494 non
1109 2441 1401 2494 conviciari
1450 2442 1618 2496 debes
1645 2441 1957 2508 Eusebium,
1987 2441 2142 2495 Cha:-

2319 2435 2396 2488 Οὐ
2441 2434 2747 2504 κωμῳδεῖν,
2796 2433 2934 2486 ἀλλὰ
2983 2433 3354 2504 καταθρηνεῖν
3393 2436 3610 2504 ὀφείλεις
3638 2437 3766 2488 Εὐτέ-

559 2543 786 2586 remona
815 2539 869 2585 et
901 2531 1201 2596 Zosimum,
1235 2533 1631 2602 improborum,
1659 2542 1720 2587 ut
1751 2533 1968 2596 scribis,
1997 2547 2138 2587 sum-

2247 2529 2362 2582 ϐιόν
2387 2545 2445 2581 τε
2469 2528 2563 2580 καὶ⁸
2587 2527 2914 2598 Χαιρήμονα
2939 2527 3031 2579 καὶ
3052 2527 3325 2596 Ζώσιμον,
3348 2527 3494 2593 τοὺς,
3522 2529 3590 2590 ὡς
3613 2527 3769 2596 γέγρα-

556 2638 700 2687 mos,
728 2638 791 2676 ac
817 2623 1020 2676 malitia
1073 2623 1275 2676 nemini
1328 2625 1707 2678 concedentes.
1760 2625 1914 2689 Quod
1959 2626 2003 2678 si
2038 2624 2135 2678 Eu-

2247 2619 2860 2692 φας,κορυφαιοτάτους
2885 2618 2992 2670 τῶν
3020 2619 3228 2682 κακῶν,
3255 2621 3354 2672 καὶ
3381 2620 3562 2689 μηδενὶ
3587 2618 3767 2688 ὑπερϐο-

558 2715 793 2768 stathius
841 2728 960 2767 cum
1018 2713 1236 2767 Marone
1293 2714 1486 2768 iisdem
1539 2715 1853 2769 insistentes
1905 2716 2137 2783 vestigiis

2246 2715 2345 2786 λὴν
2374 2711 2834 2781 καταλείψαντας.
2871 2713 2936 2764 Εἰ
2959 2711 3016 2764 δὲ
3049 2713 3143 2765 καὶ
3177 2711 3482 2774 Εὐστάθιος
3507 2712 3771 2780 καὶΜάρωτ

562 2804 702 2858 \inci
750 2804 985 2857 nondum
1039 2812 1348 2870 potuerunt,
1379 2804 1748 2873 excedentqne
1771 2817 1823 2857 et
1844 2804 1919 2858 illi
1949 2804 2141 2873 iniqui-

2246 2809 2359 2870 τοῖς
2427 2805 2628 2876 ἴχνεσιν
2678 2803 2859 2857 αὐτῶν
2934 2803 3395 2867 ἀκολουθοῦντες,
3452 2803 3643 2856 οὐδέπω
3695 2805 3770 2870 μὲν

558 2904 692 2957 tate,
722 2894 790 2948 ad
822 2905 942 2948 vota
975 2909 1039 2948 ac
1076 2909 1263 2962 preces
1299 2905 1598 2957 vertamur,
1643 2905 1704 2948 ut
1735 2896 1979 2964 utrisque
2012 2894 2137 2948 resi-

2194 2935 2219 2992 3
2255 2895 2628 2966 ἀμιλληθῆναι
2671 2893 3013 2964 δεδύνηνται,
3039 2892 3197 2963 ,δῆλοι
3225 2893 3284 2947 δέ.
3328 2895 3436 2947 aid
3464 2895 3552 2946 καὶ
3585 2891 3773 2962 ὑπερεσ-

555 2984 801 3054 piscendi
840 2984 892 3037 in
928 2985 1182 3053 viamque
1229 2986 1489 3040 redeundi
1541 2985 1877 3052 facultatem,
1919 2986 2079 3040 veluti
2115 3000 2134 3040 ε

2194 2984 2219 2992 ”
2253 2987 2536 3058 λούμενοι’
2571 2987 2656 3049 είς
2679 2985 2844 3056 εὐχὴν
2889 2985 3218 3056 τρεψοίμην,
3256 2985 3406 3038 ὥστε
3437 2986 3682 3046 κάκείνοις
3703 2985 3773 3034 καὶ

560 3075 811 3129 machina
868 3077 1166 3144 respiciens
1211 3091 1325 3140 eos,
1373 3078 1511 3132 Deus
1563 3078 1846 3147 largiatur.
1895 3075 2139 3133 Fortasse

2246 3083 2461 3144 τούτοις
2491 3079 2832 3150 μετάγνωσιν
2849 3077 3042 3148 ὥσπερ
3067 3079 3131 3130 ἐκ
3161 3078 3418 3148 μηχανῆς
3450 3095 3583 3140 τινος
3613 3078 3772 3144 ἐπιφα-

468 3161 476 3167 ’
559 3166 732 3233 enim,
769 3165 870 3220 etsi
912 3181 1216 3238 repugnare
1241 3176 1320 3221 tot.
1354 3169 1627 3237 tantisque
1663 3179 1932 3237 nequeant
1965 3175 2047 3222 ten

2247 3172 2425 3243 νῆναι.
2459 3170 2613 3241 Τάχα
2641 3185 2757 3232 πως
2791 3170 2840 3221 εί
2867 3169 2960 3220 καὶ
2987 3168 3060 3238 μὴ
3081 3167 3532 3237 ἀναμαχέσασθαι
3550 3164 3774 3232 δυνηθεῖεν

558 3257 769 3312 tionum
800 3259 1210 3325 certaminibus,
1255 3260 1444 3314 saltem
1492 3260 1672 3328 aliqua
1705 3261 1809 3315 illis
1845 3259 2137 3315 consolatin

2244 3264 2344 3327 τὰς
2378 3263 2645 3324 τοσαύτας
2691 3261 2787 3315 καὶ
2819 3258 3154 3330 τηλικαύτας
3187 3260 3385 3329 ἥττας,
3418 3259 3548 3314 ἀλλὰ
3572 3258 3663 3311 κᾶν
3695 3272 3775 3308 πα-

558 3349 724 3404 tantis
760 3363 947 3415 eorum
966 3349 1378 3419 probationibus
1399 3349 1672 3406 Obveniet.

2250 3353 2491 3425 ραμυθία
2521 3370 2605 3415 τις
2634 3353 2819 3415 αὐτοῖς
2841 3353 2898 3405 ἐν
2938 3353 3054 3415 τοῖς
3081 3351 3276 3415 δεινοῖς
3331 3353 3556 3412 ἐκείνοις
3602 3350 3777 3418 βασανι-

2248 3444 2494 3516 στηρίοις
2519 3443 2760 3514 τεχθείη.
2877 3437 2881 3440 ’

611 3528 988 3586 CDLXXXIII.
1045 3561 1117 3574 --
1171 3531 1548 3588 THEODORO
1607 3531 2098 3590 SCHOLASTICO.

2002 3534 2098 3590 ΕΟ.
2465 3536 2640 3589 ΥΠΓ’.
2674 3565 2744 3576 -
2788 3533 3094 3605 ΘΕΟΔΩΡῼ
3127 3532 3581 3603 ΣΧΟΛΑΣΤΙΚῼ.

1237 3624 1308 3682 Ut
1343 3630 1479 3682 vires
1501 3629 1694 3696 desint,
1729 3631 1970 3684 voluntas
2001 3629 2292 3685 laudanda.
2340 3631 2559 3702 (Confer
2599 3629 2823 3684 similem
2855 3631 3006 3698 epist.
3036 3628 3152 3697 25.)

635 3739 886 3795 Maximis
928 3739 1072 3793 vinci
1125 3740 1527 3796 laudationibus
1573 3755 1678 3796 non
1712 3741 2026 3798 indecorum
2059 3743 2145 3809 iis,

2313 3743 2428 3797 Οὐκ
2456 3741 2683 3813 αἰσχρὸν
2720 3741 2829 3794 τῶν
2885 3741 3160 3810 μεγίστων
3207 3739 3505 3810 ἐγκωμίων
3540 3735 3775 3808 ἡττᾶσθαι,

563 3832 660 3901 qui
716 3831 946 3887 dicendo
1009 3831 1297 3909 adaequare
1356 3833 1630 3886 orationes
1687 3843 1980 3898 nequeant,
2048 3847 2142 3888 nec

2243 3828 2324 3896 οἷς
2358 3831 2619 3896 ἐξισῶσαι
2647 3833 2774 3894 τοὺς
2800 3831 2990 3900 λόγους
3020 3832 3118 3900 οὐχ
3169 3825 3281 3882 οἷόν
3313 3847 3376 3881 τε
3396 3845 3410 3858 ο
3440 3828 3558 3881 οὒτε
3607 3826 3695 3898 μὴν
3718 3825 3775 3877 δίε

560 3940 773 3994 αιίιυυπι
801 3925 1062 3994 dignitate
1090 3923 1442 3980 inferioribus
1474 3925 1728 3980 facultate
1752 3926 1916 3978 etiam
1951 3941 2139 3979 conce-

2245 3942 2421 3989 καιον,
2444 3926 2543 3996 τῆς
2563 3923 2720 3988 ἀξίας
2751 3924 3091 3994 ὑστεροῦσιν,
3116 3922 3221 3993 ἤδη
3245 3924 3346 3976 καὶ
3363 3924 3425 3976 τὸ
3440 3920 3575 3976 κατά
3596 3921 3779 3986 δύναμιν

560 4017 710 4070 dere.
749 4015 854 4080 Qui
887 4017 1031 4069 enim
1058 4015 1282 4072 laudare
1313 4019 1612 4084 contendit,
1637 4030 1810 4074 rictus
1841 4027 2139 4085 autemest,

2247 4019 2533 4071 ἐλλείπειν.
2569 4018 2629 4072 '0
2643 4020 2751 4088 γὰρ
2783 4018 3065 4071 ἐπαινέσαι
3089 4016 3484 4087 φιλονεικήσας
3517 4015 3776 4087 μὲν,ὴττη-

559 4107 820 4176 propositi
853 4120 947 4159 seu
985 4106 1277 4162 voluntatis
1322 4109 1481 4162 laude
1517 4111 1930 4164 condecoratur.
1961 4113 2138 4176 Quare

2247 4113 2360 4176 θεὶς
2390 4113 2468 4176 δὲ,
2530 4113 2598 4182 τῇ
2651 4114 2747 4182 τῆς
2818 4109 3192 4182 προαιρέσεως
3255 4108 3388 4179 δόξῃ
3458 4107 3775 4176 κεκόσμηται·

562 4196 612 4251 si
669 4197 995 4254 rusticitatis
1063 4199 1346 4254 infamiam
1417 4201 1652 4273 alijicere
1685 4210 1790 4255 stat
1848 4202 2138 4269 sententia,

2194 4201 2216 4256 )
2245 4183 2439 4257 ούκοῦν
2473 4201 2592 4272 εἴγε
2635 4206 2955 4271 σκαιότητος
2985 4201 3200 4266 ἀδοξίαν
3238 4199 3637 4274 ἀπορρίψασθαι
3679 4196 3773 4267 βου-

561 4296 832 4345 ten'temus
883 4299 938 4344 et
971 4290 1094 4347 illos
1143 4292 1391 4356 laudare,
1429 4307 1659 4362 quorum
1696 4293 1811 4348 laus
1838 4295 2008 4364 major
2035 4303 2140 4359 est,

2238 4295 2464 4366 λόμεθα,
2521 4293 2845 4366 πειρώμεθα
2903 4294 3191 4357 κάκείνους
3236 4295 3508 4358 ἐπαινεῖν,
3537 4286 3613 4354 οἷς
3669 4288 3776 4357 ὑπὲρ

553 4396 721 4452 quam
774 4383 956 4439 verbis
999 4394 1163 4453 queat
1188 4386 1440 4453 exprimi.
1494 4386 1716 4440 Praestat
1753 4387 1897 4439 enim
1940 4387 2132 4440 oratio-

2237 4387 2427 4453 λόγους
2458 4389 2486 4441 ὁ
2517 4386 2762 4450 ἔπαινος.
2793 4387 3051 4456 Ἀμεινον
3083 4386 3191 4457 γὰρ
3218 4387 3276 4440 ὲν
3305 4389 3418 4448 τοῖς
3443 4385 3615 4452 λόγοις
3641 4383 3775 4452 ἡττω-

553 4474 715 4530 nibus
759 4476 936 4531 victos
991 4477 1060 4532 ob
1090 4478 1379 4531 consilium
1433 4477 1876 4547 voluntatemque
1911 4479 2132 4533 laudari.

2249 4480 2447 4550 μένους
2476 4483 2542 4552 τῇ
2590 4482 2692 4550 τῆς
2743 4481 3120 4551 προαιρέσεως
3150 4478 3590 4542 καλλωπίζεσθαι
3611 4477 3777 4544 εὐγνω-

2247 4588 2475 4644 μοσυνῃ.

892 4657 1052 4728 703
1077 4657 1453 4715 CDLXXXIV.
1484 4686 1550 4699 ——
1575 4660 1804 4717 EIDEM.

1789 4702 1804 4717 .
2703 4663 2875 4716 rns'.
2907 4695 2978 4703 —
3021 4664 3111 4736 Τῼ
3158 4663 3362 4733 arm.

973 4748 1331 4818 Belligeraudi
1358 4761 1406 4804 et
1431 4753 1703 4806 societatis
1744 4752 1946 4806 bellica:
1989 4754 2294 4808 discrimen.
2333 4753 2516 4824 (Supr.
2553 4756 2707 4824 epist.
2731 4757 2858 4823 285,
2898 4758 3175 4811 eademeu
3205 4756 3411 4827 initio.)
3495 4767 3497 4769 ’

627 4839 813 4911 Longe
850 4842 1016 4896 tutius
1045 4853 1129 4897 est
1159 4859 1264 4897 non
1301 4846 1644 4911 belligerare,
1677 4861 1836 4916 quam
1873 4848 1997 4902 belli
2042 4863 2133 4904 so-

2311 4848 2498 4919 Πολλῷ
2560 4849 2964 4921 ἀσφαλέστερον
3027 4853 3087 4904 τὸ
3150 4851 3226 4923 μὴ
3299 4851 3652 4922 πολεμεῖσθαι
3708 4847 3777 4899 to]

551 4932 808 4985 cietatem
863 4932 1020 4985 inire.
1065 4929 1199 4983 lllud
1269 4935 1413 4985 enim
1467 4933 1635 4986 otium
1694 4933 1889 5001 negotii
1943 4947 2130 5003 expers

2242 4941 2666 5012 ωμμαχείσθαι.
2702 4943 2774 4995 Τὸ
2797 4944 2896 5012 μὲν
2922 4943 3032 5014 γὰρ
3071 4945 3304 5014 ἡσυχίαν
3329 4944 3447 5014 ἔχει
3471 4944 3773 5015 ἀπράγμονα.

549 5023 710 5076 affert
736 5039 752 5090 ;
783 5022 885 5075 hoc
907 5036 1035 5075 vero
1061 5037 1435 5090 saepenumero
1457 5025 1599 5091 cogit
1622 5039 1726 5076 una
1743 5040 1864 5077 cmn
1893 5025 2052 5078 sociis
2081 5026 2128 5078 in

2241 5031 2301 5084 τὸ
2332 5031 2388 5082 δὲ
2411 5033 2713 5099 ἀναγκάζει
2749 5034 3120 5102 συμπολεμεῖν
3172 5034 3440 5097 πολλάκις
3484 5037 3593 5096 τοῖς
3619 5029 3776 5102 βοηθή-

553 5115 766 5170 hostem
820 5129 1084 5183 pugnare,
1125 5116 1340 5169 tametsi
1398 5116 1596 5169 bellum
1651 5117 1910 5186 iniustum
1953 5133 2132 5173 susce-

2241 5138 2388 5187 σασι,
2407 5123 2500 5174 καὶ
2522 5125 2570 5175 εί
2603 5123 2802 5186 ἀδίκως
2839 5124 3147 5192 πολεμοῖεν,
3173 5126 3267 5176 καὶ
3293 5126 3460 5196 χάριν
3491 5123 3660 5176 ἄδικον
3686 5118 3775 5172 ἀντὶ

552 5206 754 5276 perint,
781 5217 837 5261 et
867 5207 1119 5273 injustam
1147 5208 1376 5274 gratiam
1408 5224 1505 5277 pro
1533 5208 1675 5276 justa
1708 5211 2021 5278 rependere.

1154 5208 1376 5274 gratiam
1408 5224 1505 5277 pro
1533 5208 1675 5276 justa
1708 5211 2021 5278 rependere.
2236 5210 2454 5274 δικαίας
2480 5212 2733 5266 ἐκτίνειν.

893 5299 1245 5355 CDLXXXV.
1278 5330 1348 5340 —
1390 5300 1804 5358 ISCHYRIONI.

2676 5305 2850 5361 Υ11Ε’.
2895 5337 2961 5347 -
3017 5309 3398 5365 ΙΣΧΥΡΙΩΝΙ.

550 5394 754 5465 Spretis
785 5397 1072 5450 mundanis
1101 5408 1149 5451 et
1181 5399 1419 5466 caducis,
1459 5400 1754 5454 cwlestibus
1777 5400 2128 5466 studendum;
2155 5410 2206 5456 et
2234 5403 2299 5506 ἄιε
2335 5403 2428 5458 illo
2461 5403 2800 5461 Ecclesiastw
2829 5422 2848 5459 :
2898 5425 2916 5458 ι
2960 5405 3184 5462 Vanitas
3211 5409 3536 5468 vanitatum,
3567 5413 3613 5458 et
3639 5398 3774 5456 omnia

2018 5474 2224 5506 ιυηιὸιιη
2341 5491 2360 5506 ι

2018 5484 2224 5529 υαιιιιαε
2260 5484 2302 5526 ³.
2341 5491 2360 5524 ι

621 5561 838 5619 Videris
867 5565 1122 5634 ignorare
1145 5569 1395 5625 tenebras
1424 5568 1548 5625 vita:
1581 5568 1890 5624 mortalium
1915 5569 1966 5624 in
1997 5569 2132 5624 ima-

2315 5570 2544 5632 Ἐοικας
2574 5569 2791 5637 ἀγνοεῖν
2816 5569 2918 5642 τῆς
2962 5571 3223 5643 βιωτικῆς
3252 5571 3555 5641 φαντασίας
3595 5565 3677 5622 τὸν
3711 5559 3774 5628 δέ·

624 5719 644 5747 ⁸
674 5717 852 5774 Eccle.
892 5736 928 5785 ι,
963 5720 1019 5774 2.
