3998 6414
212 330 339 395 1609

1040 320 1574 385 EPISTOLARUM
1615 325 1761 384 LIB.
1804 320 1955 387 V.-
1987 322 2224 387 EPIST.
2268 320 2742 389 CDLXXXVIII.

3328 322 3469 391 1610

208 454 321 505 φον,
364 434 456 486 καὶ
485 435 583 504 τῆς
612 431 761 494 θείας
802 431 1117 500 φιλοσοφίας
1148 432 1209 483 τὸ
1240 430 1376 500 φῶς.
1427 430 1635 485 Οὐκοῦν
1676 430 1774 483 ἕνα

1891 432 2133 501 ginando,
2159 449 2258 489 nec
2290 450 2399 489 non
2429 436 2612 491 lumen
2636 435 2837 489 divinae
2871 433 3243 504 philosophiae.
3284 435 3470 493 Unum

210 542 286 579 σοι
313 524 424 577 τῶν
453 524 719 595 ἐκατέρου
759 523 1084 593 πράγματος
1121 525 1320 594 πεῖραν
1358 522 1657 594 εἰληφότων
1676 522 1782 593 χρὴ

209 618 458 689 μάρτυρα
505 615 822 680 ἀξιόπιστον
872 615 1257 683 παραγαγεῖν·
1310 615 1442 685 ἡμῖν
1503 616 1613 683 γὰρ
1652 614 1783 677 ἴσως

204 710 261 762 οὐ
287 706 586 777 πεισθήσῃ.
622 704 753 757 Τίνα
780 699 873 757 οὖν
900 705 1008 775 ἡγῇ
1061 704 1407 776 ἀξιόχρεων;
1448 703 1637 757 Βούλει
1689 705 1782 758 τὸν

206 798 495 869 Σολομῶνα.
555 799 633 860 είς
665 796 830 868 μέσον
878 796 1213 866 ἀγάγωμεν;
1268 790 1436 859 Οὗτος
1467 796 1576 867 γάρ
1619 795 1785 867 ἡνίκα

207 891 304 963 μὲν
330 890 409 961 τῷ
439 889 550 943 τῶν
580 888 851 958 βιωτικῶν
881 886 1226 958 πραγμάτων
1253 886 1421 956 έρωτι
1454 887 1781 958 κεκράτητε,

209 980 442 1053 μέγιστά
466 997 527 1033 τε
566 979 707 1034 αὐτὰ
755 980 965 1050 ἠγεῖτο,
1013 978 1112 1031 καὶ
1155 977 1435 1048 θαύματος
1467 978 1780 1049 κρείττονα.

207 1074 300 1125 καὶ
326 1058 509 1124 πᾶσαν
532 1068 661 1139 περὶ
683 1066 824 1120 αὐτὰ
837 1066 935 1137 τὴν
965 1066 1225 1137 φροντίδα
1241 1066 1502 1136 ἔστρεφε’
1530 1066 1786 1138 λαμπρὰς

209 1160 306 1233 μὲν
333 1158 786 1230 οἰκοδομούμενος
824 1157 1021 1222 οἰκίας,
1051 1156 1274 1228 χρυσίον
1298 1156 1356 1210 δὲ
1381 1156 1629 1225 συνάγων
1653 1173 1667 1187 ο
1692 1158 1786 1210 καὶ

205 1252 501 1324 μουσικοὺς
535 1250 638 1321 μὲν
660 1250 857 1322 χοροὺς
892 1249 1236 1319 συγκροτῶν,
1281 1248 1697 1322 τραπεζοποιῶν
1729 1250 1786 1304 δὲ

207 1346 340 1416 γένη
381 1345 477 1398 καὶ
516 1343 797 1416 μαγείρων
848 1340 1168 1415 κτώμενος⁶
1221 1343 1315 1397 καὶ
1377 1342 1481 1414 τὴν
1527 1342 1638 1396 ἀπὸ
1686 1343 1787 1413 τῆς

204 1438 431 1508 ἐσθῆτος
458 1435 687 1508 τρυφὴν,
708 1436 805 1489 καὶ
824 1436 922 1508 τὴν
948 1435 1056 1491 ἀπὸ
1076 1435 1185 1489 τῶν
1210 1436 1554 1508 παραδείσων
1573 1434 1785 1507 τέρψιν,

203 1529 299 1583 καὶ
338 1529 440 1598 τὴν
478 1526 587 1581 ἀπὸ
614 1527 723 1581 τῶν
758 1525 1028 1597 λαμπρῶν
1051 1526 1320 1596 σωμάτων
1344 1526 1535 1599 ἡδονὴν
1551 1525 1786 1596 δαψιλῶς

203 1619 383 1692 ἑαυτῷ
405 1614 858 1691 παρασκευάζων,
876 1618 970 1673 καὶ
987 1621 1187 1684 πᾶσαν,
1206 1619 1279 1682 ὡς
1299 1620 1493 1685 εἰπεῖν,
1514 1618 1788 1690 λεωφόρον

201 1710 558 1782 ψυχαγωγίας
570 1711 663 1765 καὶ
678 1709 920 1781 τέρψεως
935 1709 1098 1763 άνατέ
1107 1726 1275 1780 μνων.
1293 1709 1507 1780 Ἐπειδὴ
1520 1709 1576 1762 δὲ
1594 1710 1787 1781 μικρὸν

203 1801 413 1856 ἐκεῖθεν
440 1802 631 1872 ὥσπερ
664 1801 773 1855 ἀπὸ
824 1799 1023 1872 μανίας
1063 1801 1354 1871 ἀνήνεγκε,
1394 1801 1491 1853 καὶ
1533 1800 1785 1872 καθάπερ

203 1897 269 1949 ὲκ
300 1893 625 1964 λαϐυρίνθου
666 1892 813 1956 τινος
851 1890 1085 1964 ζοφεροῦ
1113 1893 1249 1963 πρὸς
1285 1891 1347 1945 τὸ
1384 1892 1782 1963 ὑπέρλαμπρον

203 1987 302 2057 τῆς
369 1985 744 2059 ὑπερκοσμίου
791 1984 1107 2055 φιλοσοφίας
1171 1983 1475 2053 ἀναϐλέψαι
1545 1983 1784 2054 ἠδυνήθη

205 2079 341 2148 φῶς,
393 2078 458 2132 τὸ
506 2076 810 2148 τηνικαῦτα
864 2078 964 2148 τὴν
1014 2076 1226 2148 ὑψηλὴν
1272 2076 1492 2148 ἐκείνην
1551 2078 1646 2129 καὶ
1674 2076 1784 2129 τῶν

202 2171 448 2242 οὐρανῶν
482 2170 641 2236 ἀξίαν
664 2168 860 2241 ἔρρηξε
884 2169 1076 2238 φωνήν
1102 2184 1115 2195 ⁸
1158 2186 1177 2219 ι
1212 2167 1525 2238 Ματαιότης
1560 2184 1786 2237 ματαιο-

202 2265 407 2333 τήτων,
437 2262 507 2317 τὰ
536 2262 715 2316 πάντα
745 2259 1072 2332 ματαιότης.
1127 2278 1147 2313 ι
1200 2261 1265 2314 El
1302 2260 1484 2314 τοίνυν
1513 2262 1541 2314 ὀ
1572 2260 1697 2331 μηδ’
1727 2261 1786 2312 ὲν

203 2355 419 2427 χρόνοις
464 2353 839 2424 γεγενημένος
889 2352 1094 2421 πολλὴν
1141 2350 1435 2404 ἀπαιτοῦσι
1465 2349 1786 2420 φιλοσοφίας

204 2448 530 2521 ἀκρίϐειαν,
576 2446 819 2518 ἠδυνήθη
877 2447 1109 2500 συνιδεῖν
1170 2445 1231 2498 τὸ
1266 2444 1375 2498 τῶν
1440 2444 1786 2515 πραγμάτων

201 2542 453 2613 ἀνόητον,
474 2542 570 2596 καὶ
592 2539 795 2611 πολλὴν
818 2539 999 2594 αὐτῶν
1026 2538 1376 2609 καταγνῶναι
1405 2537 1744 2609 ματαιότητα
1768 2555 1782 2569 ·

200 2632 362 2687 ποίαν
388 2633 585 2703 ἕξομεν
624 2630 954 2703 συγγνώμην
982 2633 1032 2685 οἱ
1069 2633 1207 2702 πρὸς
1235 2630 1572 2704 ὑψηλοτέραν
1607 2631 1788 2685 κελευ-

202 2718 429 2783 σθέντες
486 2719 755 2789 ἀναϐῆναι
812 2718 1133 2788 φιλοσοφίας
1189 2720 1457 2792 κορυφὴν,
1518 2719 1615 2773 καὶ
1651 2720 1786 2790 μηδὲ

199 2809 305 2881 τὴν
363 2811 536 2881 αὐτὴν
578 2812 771 2882 ἐκείνῳ
838 2812 1131 2883 δυνάμενοι
1204 2813 1367 2883 ῥῆξαι
1416 2811 1619 2883 φωνὴν,
1672 2812 1786 2866 ἀλλ’

197 2897 345 2953 οὕτω
386 2901 764 2972 περιεχόμενοι
790 2901 901 2955 τῶν
932 2902 1103 2957 σκιῶν
1139 2903 1235 2956 καὶ
1259 2902 1371 2956 τῶν
1415 2902 1666 2972 ὀνείρων,
1699 2903 1778 2965 ὡς

198 2993 296 3048 καὶ
327 2993 604 3064 σωτηρίας
644 2994 920 3066 ὑπεριδεῖν
945 3004 971 3065 ;j

273 3192 568 3260 rnq'.—
594 3193 971 3268 ΛΑΜΠΕΤΙῼ,
1023 3198 1436 3270 ΣΤΡΑΤΗΓΙῼ,
1480 3199 1706 3271 ΚΑΣΙῼ.

1811 3142 1858 3203 C

1888 526 2072 595 itaque
2104 526 2198 582 tibi
2230 528 2514 596 utriusque
2544 527 2620 581 rei
2650 527 3027 596 experimento
3060 533 3237 595 capto,
3275 535 3469 582 leuem

1885 615 2033 671 omni
2085 616 2403 684 exceptione
2456 617 2719 687 majorem
2778 617 3065 682 adducam,
3121 618 3248 687 quia
3311 619 3469 673 nobis

1900 707 2123 764 credere
2150 707 2380 762 fortasse
2408 722 2654 763 recusas.
2688 707 2820 773 Quis
2841 708 3026 776 igitur,
3060 709 3275 773 amabo,
3309 710 3472 765 [idem

1886 799 2025 868 apud
2058 808 2110 853 te
2138 798 2421 868 reperiat?
2457 798 2716 855 Placetne
2762 798 3107 855 Salomonem
3139 802 3190 855 in
3228 804 3469 856 medium

1886 890 2193 961 proferam?
2248 890 2349 949 Hic
2397 907 2514 955 rex,
2559 907 2747 948 earum
2803 907 3008 955 rerum,
3056 906 3177 961 quae
3226 893 3294 947 ad
3342 895 3471 948 vitae

1886 991 2011 1038 sunt
2039 998 2197 1039 usum
2243 985 2590 1049 necessariae,
2628 998 2817 1039 amore
2843 992 3057 1052 captus,
3082 984 3351 1039 maximas
3374 1000 3477 1039 eas

1887 1075 2137 1142 ducebat,
2169 1085 2226 1131 et
2278 1075 2641 1132 admiratione
2688 1076 2943 1144 majores,
3008 1090 3334 1141 omnemque
3402 1078 3473 1130 ad

1894 1180 1988 1222 eas
2017 1182 2105 1223 res
2156 1182 2344 1223 curam
2377 1168 2870 1238 cogitationemque
2934 1168 3243 1227 convertit;
3279 1181 3473 1238 magna

1888 1273 2082 1328 nempe
2127 1259 2415 1329 amplaque
2469 1260 2710 1316 incolens
2767 1259 2990 1330 palatia,
3064 1268 3226 1329 atque
3281 1262 3473 1315 domus

1888 1361 2168 1421 augustas,
2204 1367 2392 1407 aurum
2454 1352 2520 1407 iis
2564 1353 2858 1419 adhibens,
2910 1368 2976 1407 ac
3031 1353 3266 1408 musicos
3319 1368 3474 1408 com»-

1888 1457 2097 1512 ponens
2142 1445 2360 1510 choros,
2411 1459 2611 1499 mensae
2656 1454 3011 1509 structorum,
3058 1455 3221 1514 atque
3261 1459 3471 1513 coquo—

1888 1548 2008 1587 rum
2065 1533 2213 1587 varia
2258 1534 2543 1602 possidens
2585 1548 2786 1605 genera
2832 1546 2850 1588 :
2899 1533 3348 1589 vestimentorum
3400 1533 3472 1588 ad

1888 1622 2004 1676 haec
2027 1635 2152 1692 rege
2178 1622 2462 1693 dignorum
2501 1622 2706 1686 luxum,
2731 1621 3012 1677 hortorum
3044 1622 3207 1677 etiam
3243 1622 3476 1678 arumni-

1894 1720 2078 1776 tatem,
2097 1720 2152 1765 et
2172 1725 2203 1765 e
2231 1710 2528 1780 splendidis
2553 1712 2872 1780 corporibus
2900 1710 3228 1781 voluptatem
3252 1712 3477 1781 upipare

1819 1786 1864 1846 Β
1892 1816 1956 1856 ac
1984 1801 2130 1857 laute
2153 1801 2256 1856 sibi
2288 1816 2581 1870 apparans,
2607 1815 2932 1870 omnemque
2955 1800 3090 1856 adeo
3121 1801 3290 1869 viam,
3328 1803 3474 1870 quod

1886 1894 2058 1956 aiunt,
2101 1891 2419 1960 adaperiens
2466 1891 2885 1945 oblectamentis
2930 1892 3097 1945 animi
3142 1907 3206 1947 ac
3240 1892 3469 1948 deliciis.

1887 1982 1989 2040 Ubi
2025 1997 2155 2038 vero
2186 1983 2310 2037 inde
2342 1983 2637 2053 paulisper,
2672 1982 2819 2037 velut
2857 1981 2924 2036 ab
2950 1983 3191 2037 amentia
3224 1984 3471 2051 recessit,

1888 2091 1952 2130 ac
1977 2075 2140 2130 veluti
2165 2090 2231 2129 ex
2270 2076 2504 2130 obscuro
2543 2074 2853 2145 labyrintho
2892 2072 2959 2128 ad
2986 2074 3346 2129 clarissimum
3375 2090 3471 2128 su-

1889 2181 2070 2237 pernae
2112 2166 2466 2235 philosophia:
2498 2166 2677 2220 lumen
2711 2166 2885 2234 potuit
2926 2166 3193 2235 aspicere,
3234 2166 3287 2220 in
3333 2166 3473 2221 lianc

1887 2261 2024 2314 adeo
2045 2260 2330 2314 sublimem
2353 2274 2418 2315 ac
2442 2259 2586 2314 cmlo
2603 2258 2821 2327 dignam
2854 2260 3032 2328 erupit
3058 2273 3243 2312 vocem
3273 2276 3288 2311 :
3320 2277 3339 2310 ι
3371 2258 3474 2312 Va-

1889 2356 2031 2409 nitas
2061 2357 2383 2420 vanitatum,
2423 2360 2477 2409 et
2520 2354 2700 2407 omnia
2739 2354 2971 2408 vanitas.
3012 2372 3031 2405 ι
3070 2352 3126 2406 Si
3172 2352 3355 2420 itaque
3380 2354 3473 2422 qui

1888 2462 1953 2501 eo
2014 2446 2211 2503 sarculo
2266 2458 2427 2501 natus
2474 2461 2580 2501 non
2634 2454 2740 2509 est,
2772 2448 2914 2514 quod
2954 2455 3161 2500 tantum
3217 2446 3474 2517 perfecta

1890 2537 2013 2590 vitae
2052 2537 2288 2591 studium
2334 2536 2523 2606 exigit,
2549 2536 2724 2605 potuit
2756 2549 2938 2589 rerum
2964 2535 3282 2603 conspicere
3318 2551 3474 2604 aequo

1888 2628 2072 2683 animo
2093 2626 2436 2689 inanitatem,
2470 2627 2850 2695 ingentemque
2878 2626 3113 2694 ipsarum
3141 2639 3472 2694 cognoscere

1889 2717 2235 2773 vanitatem:
2281 2733 2444 2787 quam
2501 2732 2619 2781 nos,
2665 2732 2870 2787 quaeso,
2920 2718 3135 2770 veniam
3169 2732 3469 2787 conseque-

1890 2827 2032 2877 mur,
2059 2812 2150 2881 qui
2202 2811 2269 2864 ad
2317 2809 2687 2865 sublimiorem
2732 2809 2872 2879 jussi
2934 2810 3299 2863 conscendere
3339 2824 3469 2863 con-

1891 2899 2253 2970 templationis
2302 2899 2583 2962 verticem,
2619 2912 2796 2967 neque
2826 2899 2965 2953 hanc
2998 2898 3171 2967 ipsam
3215 2899 3469 2954 emittere

1887 3006 2074 3046 vocem
2136 3005 2448 3061 possumus,
2492 2998 2548 3046 et
2601 2990 2811 3045 umbris
2853 2990 3188 3058 somniisque
3231 2989 3472 3059 undique

1890 3086 2025 3139 adeo
2053 3084 2196 3152 capti
2218 3098 2435 3146 sumus,
2467 3090 2526 3136 ut
2549 3082 2778 3137 salutem
2814 3082 2917 3152 ipsi
2946 3082 3278 3151 negligamus
3306 3083 3331 3135 ?

1944 3195 2320 3253 CDLXXXVI.
2379 3224 2451 3235 -——
2873 3193 3283 3262 STRATEGIO,
3345 3193 3432 3250 ET

957 3355 1036 3412 De
1059 3360 1291 3427 quodam
1320 3375 1472 3429 quem
1497 3358 1576 3411 illi
1602 3359 1671 3411 ad
1705 3374 1833 3427 quos
1860 3358 2044 3412 scribit
2089 3373 2344 3411 accusare
2369 3356 2739 3421 instituerant,

169 3550 219 3565 ,Α
258 3462 430 3565 ξΔρατ
457 3470 533 3565 git
570 3471 747 3565 χρόνῳ
795 3474 982 3543 φανὲν,
1009 3474 1072 3527 τὸ
1107 3476 1344 3546 γρᾶμμα
1383 3477 1564 3546 γραφῇ
1603 3490 1784 3545 παροι-

187 3557 385 3614 δοῢναι.
415 3560 494 3631 τῷ
518 3562 670 3633 πόθῳ
726 3565 1070 3635 κεκμηκότες
1115 3566 1460 3636 ἐσκέψασθε;
1516 3566 1782 3636 Πείθομαι

195 3654 309 3723 μέν
333 3671 350 3689 ο
382 3654 444 3707 οὐ
480 3653 585 3724 μὴν
614 3656 830 3727 ἐρήμην
854 3655 1147 3720 ἁλώσεται,
1178 3661 1246 3728 τῇ
1272 3660 1399 3728 σιγῆ
1424 3657 1523 3729 τὴν
1553 3673 1784 3728 κατηγο-

193 3745 326 3815 ρίαν
370 3745 494 3798 καθ’
526 3746 728 3799 ἑαυτοῦ
780 3746 1090 3816 βεϐαιῶσαν
1114 3766 1127 3778 ·
1170 3749 1307 3802 ἀλλὰ
1367 3751 1462 3803 καὶ
1512 3751 1641 3820 ῥᾷον
1689 3749 1783 3802 καὶ

190 3834 402 3888 θᾶττον
425 3835 852 3907 ἀπολογήσεται,
902 3839 984 3892 ὅτι
1015 3841 1304 3912 σωματικὴ
1349 3840 1628 3912 ἀρρωστία
1681 3841 1782 3910 τὴν

194 3924 365 3996 σιγὴν
402 3924 713 3997 ἐγέννησεν.

701 4017 878 4073 ΥΠΖν.
932 4048 1003 4057 -
1046 4018 1278 4091 ΝΕΙΛῼ.

1962 3473 2044 3527 An
2074 3473 2423 3543 scriptionem
2454 3486 2558 3525 non
2588 3473 2908 3541 tempestive
2938 3482 3284 3543 apparentem
3307 3486 3470 3529 accu-

1890 3566 2085 3620 sationi
2132 3564 2348 3618 tradere
2400 3563 2671 3618 desiderio
2734 3564 2861 3617 victi
2914 3564 3237 3631 cogitastis?
3290 3563 3470 3621 Credo

1889 3656 2141 3725 equidem
2180 3669 2197 3708 :
2239 3668 2339 3707 nec
2378 3654 2674 3707 solitariam
2721 3654 3160 3724 deprehendetur
3189 3666 3377 3709 contra
3409 3671 3469 3711 se

1889 3744 2285 3800 accusationem
2336 3743 2605 3805 firmasse,
2634 3744 2726 3798 sed
2771 3744 2981 3799 facilius
3025 3746 3185 3798 etiam
3223 3756 3278 3800 et
3305 3746 3468 3801 citius

1892 3838 2230 3902 defendetur,
2259 3835 2402 3906 quod
2436 3836 2684 3905 corporis
2710 3835 3000 3892 infirmitas
3036 3837 3310 3893 silentium
3355 3852 3468 3907 pe-

1892 3931 2115 3997 pererit.
2284 3932 2285 3935 “
2378 3984 2383 3989 ,

2219 4017 2381 4089 ’104Ι
2416 4015 2811 4073 CDLXXXVII.
2840 4049 2911 4059 —
2952 4017 3130 4074 NILO.

739 4108 846 4163 Pro
880 4112 1105 4179 acceptis
1137 4128 1169 4164 a
1204 4122 1421 4181 parente
1444 4111 1735 4181 beneﬁciis,
1760 4113 1937 4166 liberis
1971 4113 2132 4166 vicem
2175 4127 2285 4165 esse
2314 4112 2696 4181 rependendam
2736 4123 2929 4165 manet.

270 4221 402 4277 Ὅτι
424 4224 454 4277 ὁ
483 4222 629 4278 δεῖνα
660 4225 775 4296 (51)
827 4227 1051 4300 ὀρφανῷ
1089 4243 1171 4282 σοι
1225 4229 1601 4299 γεγενημένῳ,
1658 4228 1781 4283 ἀντὶ

1960 4229 2113 4284 Nosti
2171 4230 2460 4297 quemdam
2492 4228 2586 4283 tibi
2633 4229 2883 4297 orphano
2930 4226 3075 4281 facto
3121 4228 3292 4296 patris
3348 4227 3468 4283 loco

190 4314 412 4386 πατρὸς
435 4315 679 4385 γέγονεν,
709 4313 887 4373 οἶσθα,
940 4320 1093 4373 Ἐπεὶ
1113 4320 1293 4374 τοίνυν
1342 4322 1547 4385 ἐκεῖνος
1589 4320 1691 4392 μὲν
1721 4323 1779 4388 ἐξ

1891 4322 2075 4377 fuisse.
2110 4319 2158 4375 Is
2203 4334 2368 4391 porro
2411 4334 2480 4375 ex
2527 4320 2629 4375 hac
2679 4321 2789 4375 vita
2832 4319 3078 4375 sublatus
3135 4328 3241 4375 est.
3299 4319 3468 4388 Igitur

188 4405 509 4478 ἀνθρώπων
556 4406 765 4480 ᾧχετο’
805 4411 855 4463 οί
912 4411 972 4465 δὲ
1022 4412 1213 4465 τούτου
1254 4414 1389 4476 υἱεῖς
1427 4412 1638 4466 δέονται
1684 4412 1778 4467 τοῦ

192 4501 368 4570 χεῖρα
392 4500 697 4572 ὀρέξοντος,
743 4503 839 4556 καὶ
884 4502 983 4574 τὴν
1026 4503 1291 4574 ὀρφανίαν
1322 4503 1783 4577 παραμυθησομέ-

192 4608 338 4645 νου*
370 4589 432 4646 εὖ
467 4596 662 4660 ποιεῖς,
697 4594 746 4646 εἰ
798 4595 895 4647 καὶ
949 4595 1111 4658 αὐτὸς
1159 4598 1281 4649 ἀντὶ
1334 4596 1541 4668 πατρὸς
1598 4596 1781 4658 αὐτοῖς

192 4683 408 4751 γένοιο,
438 4683 537 4755 τὴν
561 4684 822 4756 πατρῴαν
849 4685 1171 4757 εὐεργεσίαν
1210 4689 1291 4752 είς
1335 4687 1461 4751 τοὺς
1491 4687 1641 4751 υἱοὺς
1675 4704 1778 4740 κα-

190 4773 581 4845 τατιθέμενος.

704 4883 884 4938 ΥΠΗ’.
915 4914 985 4926 -
1008 4886 1296 4941 ΜΑΡΩΝΙ.

1886 4411 2030 4467 illius
2076 4412 2168 4466 filii
2203 4426 2394 4467 manus
2425 4413 2704 4468 tendentes
2743 4421 2797 4465 te
2839 4422 3050 4479 rogant,
3080 4409 3198 4478 eius
3234 4412 3325 4480 qui
3364 4413 3462 4467 tibi

1888 4504 2016 4559 olim
2050 4518 2242 4559 manus
2280 4506 2543 4574 porrexit,
2570 4512 2624 4559 et
2648 4504 2937 4559 orbitatem
2988 4512 3131 4556 tuam
3180 4503 3468 4560 miseratus

1888 4608 1992 4651 est.
2018 4595 2185 4650 Recte
2210 4594 2433 4660 feceris,
2456 4595 2501 4650 si
2537 4604 2588 4650 et
2626 4595 2742 4663 ipse
2762 4593 2881 4649 loco
2906 4595 3076 4663 patris
3110 4592 3219 4649 illis
3251 4594 3347 4661 sis,
3368 4611 3466 4666 pa-

1891 4694 2103 4740 ternum
2140 4685 2465 4741 beneficium
2491 4686 2542 4740 in
2571 4685 2709 4740 filius
2743 4700 3030 4754 reponens.

2252 4884 2682 4941 CDLXXXVIII.
2714 4915 2784 4926 -—
2812 4883 3098 4942 MARONI.

1053 4977 1375 5032 Diuitiarum
1410 4976 1556 5030 nulla
1592 4978 1831 5032 satietas.
1863 4975 2029 5047 (Vide
2059 4976 2213 5047 epist.
2246 4977 2350 5030 “2
2380 4985 2427 5031 et
2465 4976 2616 5046 545.)

266 5089 341 5145 Εἰ
367 5089 463 5145 καὶ
488 5095 821 5163 καταφρονεῖ
858 5094 891 5165 ἠ
944 5093 1348 5165 φιλοχρηματία
1389 5094 1571 5165 πάσης
1611 5094 1777 5148 κολά-

1955 5092 2070 5146 Etsi
2098 5107 2261 5160 npum
2302 5090 2571 5160 cupiditas
2612 5104 2828 5143 omnem
2867 5100 3182 5144 contemnat
3234 5090 3468 5161 castiga-

194 5197 368 5244 σεως,
409 5181 504 5235 καὶ
548 5182 639 5235 διὰ
672 5183 894 5237 πάντων
928 5183 1039 5236 τῶν
1109 5183 1301 5237 δεινῶν
1350 5186 1537 5255 χωρεῖ,
1616 5184 1778 5256 κόρον

1891 5184 2108 5249 tionem,
2167 5194 2222 5238 et
2286 5184 2473 5252 gravia
2546 5198 2775 5253 quaeque
2850 5188 3111 5254 pervadat
3171 5185 3469 5241 insatiabili

192 5272 489 5343 άκορέστῳ
517 5272 678 5325 πάθει
703 5273 1104 5345 μηχανωμένη·
1139 5273 1274 5327 ἀλλὰ
1299 5273 1377 5344 τῷ
1426 5274 1563 5345 μηδὲ
1612 5275 1672 5328 ἐν
1701 5274 1780 5346 τῷ

194 5364 461 5431 κτᾶσθαι,
491 5364 595 5419 κᾶν
614 5366 683 5420 τά
716 5366 935 5420 πάντων
966 5365 1131 5436 λάϐῃ,
1159 5365 1451 5435 τυγχάνειν
1484 5366 1779 5437 ἁνακωχῆς

1884 5273 2098 5328 aﬂ‘ectui
2140 5275 2446 5329 satietatem
2481 5276 2745 5329 moliens:
2782 5283 2965 5331 tamen
3007 5279 3148 5348 quod
3192 5279 3243 5332 in
3290 5278 3464 5348 possin

1883 5366 2080 5433 dendo,
2115 5367 2367 5436 quamvis
2405 5368 2649 5422 omnium
2678 5366 2962 5425 facultates
3008 5369 3236 5441 ceperit,
3262 5369 3465 5424 nullam

1303 5521 1540 5578 VARUE
1577 5519 1968 5577 LECTIONES
2005 5520 2097 5578 ET
2134 5519 2367 5577 NOTAE.

278 5679 399 5753 (ει)
429 5678 542 5753 Pro!
573 5679 603 5731 δ
624 5677 784 5753 gem
818 5651 1153 5753 codd._Vat.
1200 5678 1303 5735 650
1333 5688 1387 5734 et
1419 5679 1526 5753 Au,
1583 5678 1786 5753 habent

187 5748 334 5810 ἀντὶ
373 5748 597 5821 πατρός.
624 5748 788 5805 Forte
826 5750 1107 5820 legendum
1156 5766 1263 5803 uno
1305 5751 1564 5808 vocabqu
1603 5749 1775 5810 Ἀντί-

548 5843 816 5906 Ρκιτιιοι..
844 5843 972 5905 Gri.
1022 5842 1345 5907 LXXVIII.

1894 5696 2122 5750 πατρος,
2164 5687 2223 5732 ιιι
2246 5677 2296 5732 itI
2327 5691 2523 5750 nomen
2563 5676 2640 5732 sit
2673 5678 2792 5747 ejus
2826 5694 2935 5747 quo
2960 5678 3026 5735 de
3059 5679 3274 5750 agitur;
3306 5694 3463 5747 quem

1885 5765 1982 5805 cur
1998 5748 2276 5807 nominare
2302 5748 2548 5805 omiserit
2569 5749 2831 5819 Isidorus,
2862 5766 2968 5807 non
2987 5748 3229 5819 apparet.
3250 5749 3464 5808 Possis.

3039 5843 3107 5905 51
