3998 6414
184 327 279 392 161

210 333 320 395 613
1016 333 1481 394 EPISTULARU

465 438 621 508 ΥιιΔἏ
650 470 721 481 -
749 442 1020 512 ΕΛΙΣΑΙῼ
1049 444 1481 499 ΜΟΝΑΖΟΝΤΙ.

1016 331 1553 394 EPISTOLARUM
1589 334 1737 394 LIB.
1773 336 1840 396 V.
1878 358 1945 369 --
1982 335 2222 396 EPIST.
2260 333 2595 395 CDXCVII.

1795 458 1846 515 Α

3318 327 3451 392 1611.

2110 444 2390 501 CDXCIV.
2410 473 2479 483 -—
2502 438 2775 497 ΕἰλιὸΕο
2809 438 3160 496 MONACHO.

182 550 528 607 Commendat
573 550 640 606 ob
688 554 934 608 uirtutem
988 567 1037 609 ct
1083 555 1400 624 doctrinam,
1444 574 1603 628 quam
1658 573 1726 637 ea;
1759 556 2044 697 ἶήἑρὲηείὶ
2090 556 2336 611 monachi
2374 555 2616 611 conuictu
2660 552 2957 608 imbiberat.
2992 551 3102 623 (De
3142 566 3243 622 quo
3288 568 3454 624 supra

1644 645 1754 697 cpt:
1783 666 1801 683 .
1941 664 1954 679 .

1644 645 1801 698 epist.
1827 645 1954 682 κιο.

251 733 319 787 Ei
371 731 469 785 καὶ
515 730 616 803 τὴν
664 732 953 786 συνουσίαν
1008 749 1092 786 σοι
1142 735 1245 807 τὴν
1295 735 1432 808 πρὸς
1471 736 1566 791 τὸν
1603 737 1761 805 ἅγιον

181 820 466 874 Θεοδόσιον
500 819 703 890 μικρὰν
732 820 762 873 ὁ
794 819 1006 891 χρόνος,
1031 821 1168 876 ἀλλά
1204 838 1270 891 γε
1317 823 1419 896 τὴν
1461 824 1560 879 ἀπ’
1587 824 1763 895 αὐτῆς

180 911 371 982 ὄνησιν
403 911 455 964 oi
486 910 643 964 πόνοι
685 910 860 983 καλὴν
897 912 996 966 καὶ
1036 914 1293 981 γενναίαν
1324 914 1760 970 κατεσκεύασαν.

183 1003 343 1058 Οῦτω
366 1003 477 1074 γὰρ
521 1002 736 1074 ταχέως
786 1003 1055 1075 καὶπρὸς
1105 1004 1176 1058 τὰ
1207 1004 1317 1060 τῶν
1366 1005 1589 1078 τρόπων
1632 1004 1766 1078 ἤθη,

183 1094 280 1149 καὶ⁷
307 1093 447 1165 πρὸς
477 1093 579 1164 τὴν
621 1093 730 1147 τῶν
761 1093 923 1147 θείων
953 1094 1188 1166 Γραφῶν
1239 1095 1442 1166 γνῶσιν
1496 1096 1770 1162 ὲξετυπώ-

183 1185 310 1256 θης,
373 1185 470 1239 καὶ
534 1185 781 1257 μιμητὴς
840 1186 1233 1259 ἀκριϐέστερος
1280 1187 1390 1242 τῶν
1460 1187 1769 1259 ζωγράφων

182 1276 479 1347 κατέστης,
533 1276 609 1340 ὡς
664 1278 804 1349 μήτε
854 1278 1062 1333 ἐκεῖνον
1104 1278 1264 1334 ἄλλον
1312 1279 1422 1349 πρὸ
1471 1282 1590 1343 σοῦ,
1630 1281 1769 1351 μήτε

182 1368 449 1439 νομίζειν,
510 1370 651 1440 μήτε
715 1367 862 1440 ἔχειν
916 1369 1223 1442 ὁμιλητήν*
1280 1370 1341 1423 σέ
1384 1387 1481 1435 τε,
1530 1371 1637 1425 κᾶν
1689 1372 1768 1442 μὴ

183 1458 418 1530 φράζοις
449 1459 578 1529 παρ’
608 1452 655 1527 ᾧ
705 1460 1022 1531 ὲφοίτησας,
1077 1460 1234 1532 δῆλον
1291 1456 1433 1515 εἶναι
1480 1462 1593 1523 τοῖς
1631 1460 1770 1531 δρω-

185 1550 396 1623 μένοις.

402 1660 569 1729 Υιιεν.
593 1692 665 1702 -
704 1661 1091 1733 ΣΤΡΑΤΗΓΙῼ
1135 1660 1557 1717 ΜΟΝΑΖΟΝΤΙ.

1938 734 2053 791 Ειεί
2077 732 2423 789 familiaritas
2458 732 2556 787 tibi
2596 746 2719 786 cum
2748 732 2952 800 optimo
3000 731 3116 786 viro
3146 728 3456 789 Theodosio

1868 825 2051 881 brevis
2102 823 2208 879 fttit
2256 825 2537 891 temporis,
2576 823 2869 877 utilitatem
2928 832 3109 877 tamen
3162 824 3446 878 honestam

1869 914 2315 984 generosamquel
2344 913 2561 968 labores
2604 912 2679 965 tui
2734 922 3080 981 pepererunt.
3128 912 3278 966 Adeo
3306 912 3453 966 enim

1872 1006 2127 1061 celeriter
2149 1015 2204 1061 et
2230 1007 2510 1062 honestate
2541 1020 2775 1067 morum,
2803 1013 2857 1057 et
2883 1018 3165 1058 sacrarum
3187 1019 3246 1058 es
3274 1004 3457 1058 scien-

1875 1096 1949 1150 tia
1978 1095 2281 1151 litterarum
2312 1095 2663 1159 informatus,
2702 1105 2759 1148 ut
2792 1095 2991 1149 habeat
3028 1094 3322 1160 neminem,
3363 1096 3455 1162 qui

1875 1201 1937 1242 se
1963 1186 2137 1257 magis
2164 1196 2512 1256 assequatur,
2562 1187 2630 1240 ad
2682 1186 2971 1253 vivumque
2992 1186 3264 1253 exprimat
3293 1201 3457 1252 quam

1877 1286 1935 1331 tu
1981 1296 1994 1331 :
2032 1292 2140 1348 quo
2185 1276 2593 1332 familiariorem
2630 1277 2791 1331 habet
2833 1276 3123 1330 neminem.
3164 1275 3275 1329 Etsi
3329 1291 3459 1329 vero

1878 1384 1983 1424 non
2013 1369 2218 1425 dixeris
2270 1385 2379 1439 quo
2424 1369 2503 1426 sis
2551 1384 2681 1424 usus
2743 1368 3015 1435 familiari,
3050 1369 3221 1424 cuivis
3276 1382 3456 1424 tamen

1873 1476 1939 1515 ex
1973 1462 2057 1516 his
2083 1477 2203 1532 quae
2227 1462 2361 1518 facis
2386 1474 2572 1517 notum
2594 1475 2697 1517 est.

2108 1664 2361 1721 CDXCV.
2386 1694 2452 1705 -
2476 1664 2870 1720 STRATEGIO
2914 1662 3264 1719 MONACIIO.

487 1757 566 1813 De
594 1773 774 1812 rerum
801 1759 1035 1812 omnium
1066 1757 1446 1814 vicissitudine.
1475 1757 1701 1812 Animus
1739 1776 1901 1830 neque
1940 1762 2160 1816 caducis
2190 1762 2343 1816 rebus
2372 1760 2549 1815 attolli
2594 1776 2758 1831 neque
2786 1760 2946 1830 dejict'
2982 1761 3150 1814 debet.

266 1869 330 1923 '0
394 1869 703 1941 φιλοσόφως
754 1869 1221 1941 ἐπισκεπτόμενος
1267 1870 1376 1925 τῶν
1421 1870 1800 1943 πραγμάτων

1953 1875 2211 1945 Quisquis
2266 1875 2711 1946 philosophorum
2789 1888 2941 1928 more
3000 1888 3087 1927 res
3145 1873 3460 1928 considerat

181 1958 286 2028 τὴν
317 1958 505 2029 φύσιν,
531 1959 616 2013 ὅτι
644 1960 928 2031 ποταμίων
958 1960 1266 2032 ῥευμάτων,
1309 1962 1406 2015 καὶ
1439 1961 1652 2015 καπνοῦ
1693 1963 1776 2027 είς

180 2051 337 2122 ἀέρα
369 2051 746 2123 διαλυομένου,
777 2052 872 2106 καὶ
903 2054 1062 2116 σκιᾶς
1087 2052 1316 2124 θεούσης
1340 2052 1491 2107 οὐδὲν
1528 2053 1773 2125 ἄμεινον,

182 2143 325 2197 ἀλλὰ
358 2144 456 2198 καὶ
502 2146 685 2216 χεῖρον
734 2145 1026 2210 διάκειται,
1075 2144 1200 2199 οὔτε
1237 2146 1342 2199 ὑπὸ
1368 2146 1479 2199 τῶν
1518 2146 1775 2218 χρηστῶν

182 2234 458 2308 ἐπαρθείη
481 2237 634 2304 ποτὲ,
665 2234 788 2290 οὔτε
810 2236 914 2290 ὑπὸ
938 2237 1047 2290 τῶν
1066 2238 1326 2308 λυπηρῶν
1355 2237 1717 2310 ταπεινωθείη
1740 2255 1757 2270 ·

184 2326 305 2380 ἀλλ’
336 2327 402 2380 ὲν
447 2330 514 2399 τῇ
558 2326 764 2382 τούτων
805 2328 1076 2401 μεταϐολῇ
1122 2329 1498 2400 ἀμετάϐλητον
1542 2330 1778 2401 τηρήσει

184 2415 291 2486 τὴν
309 2415 559 2487 γνώμην.
588 2416 648 2469 '0
663 2418 772 2490 γὰρ
806 2419 1092 2489 παρόντων
1120 2418 1231 2473 τῶν
1256 2418 1510 2490 χρηστῶν
1536 2419 1612 2492 μὴ
1648 2421 1780 2473 ἀντ-

185 2507 475 2579 εχόμενος,
508 2508 632 2563 οὐδὲ
655 2509 907 2564 ἀπόντων
931 2510 1305 2582 ἀνιαθήσεται.

440 2615 627 2684 mer.
646 2645 719 2655 —
742 2616 996 2688 ΖΩΣΙΜῼ
1042 2617 1518 2688 ΠΡΕΣΒΥΤΕΡῼ.

1880 1964 2171 2029 humanas,
2202 1965 2375 2019 instar
2403 1978 2596 2017 cursus
2626 1961 2936 2027 ﬂuviorum,
2972 1961 3213 2031 fumique
3251 1962 3302 2015 in
3330 1977 3459 2016 aere

1880 2053 2149 2123 dissipati,
2175 2054 2489 2121 umbraeque
2524 2052 2859 2121 apparentis,
2896 2050 3029 2105 nihil
3077 2066 3196 2105 esse
3236 2068 3458 2120 compe-

1880 2145 2007 2209 riet,
2063 2145 2161 2199 sed
2216 2145 2397 2212 potius
2437 2144 2728 2207 inaniores,
2787 2158 2961 2212 neque
3005 2142 3144 2198 idem
3207 2145 3459 2198 secundis

1880 2235 2167 2299 ederetur,
2231 2251 2407 2306 neque
2476 2236 2720 2291 adversis
2775 2236 3113 2305 dejicietur:
3162 2251 3349 2291 verum
3400 2237 3452 2290 in

1880 2329 1983 2383 bac
2016 2343 2196 2382 rerum
2245 2327 2498 2394 [omnium
2543 2327 2725 2382 mobili
2771 2328 3458 2392 vicissitudine,immobili

1880 2420 2135 2489 persistet
2176 2428 2375 2475 mente.
2400 2419 2500 2486 Qui
2543 2420 2686 2474 enim
2716 2421 2947 2476 terrenis
2979 2421 3198 2476 minime
3223 2423 3461 2476 adlt'eret

1884 2512 2059 2575 bonis,
2093 2526 2177 2567 me
2202 2510 2290 2566 ille
2312 2510 2489 2566 futura
2524 2526 2629 2567 non
2666 2511 2904 2567 fastidiet
2940 2512 3103 2569 bona.

2047 2620 2322 2676 CDXCVI.
2366 2651 2437 2661 ——
2487 2618 2741 2678 ZOSIMO
2774 2620 3257 2678 PRESBYTERO.

1395 2709 1548 2767 Gula:
1570 2724 1727 2783 atque
1751 2714 2000 2785 inglttriei
2030 2724 2265 2769 accusat.

263 2821 363 2887 Εί,
395 2819 473 2885 ὥς
523 2823 656 2891 φασί
710 2839 879 2888 τινες,
929 2822 1150 2893 φαύλως
1204 2822 1270 2877 δι’
1302 2824 1541 2895 ἐσχάτην
1584 2823 1779 2878 πενίαν

184 2913 394 2985 ἦχθης,
449 2913 516 2967 δι’
567 2914 636 2985 ἢν
676 2915 856 2969 αἰτίαν
899 2914 995 2969 νῦν
1045 2915 1138 2968 τὸν
1180 2915 1519 2987 ἁϐροδίαιτον
1568 2914 1782 2981 διώκεις

190 3005 351 3076 βίον;
383 3006 493 3059 Καὶ
545 3004 720 3060 ταῦτα
766 3008 869 3060 οὐκ
918 3003 1016 3061 οἷδ’
1052 3008 1176 3061 ὅθεν
1223 3007 1657 3080 παρατιθέμενος
1683 3008 1781 3080 τὴν

193 3096 510 3169 τράπεζαν,
540 3098 678 3153 ἀλλὰ
722 3101 834 3164 τοῖς
860 3101 959 3164 τὰς
985 3098 1273 3164 Σικελικὰς
1325 3099 1783 3177 παρατιθεμένοις
1811 3130 1852 3184 C

190 3192 561 3264 ὲπιρρίπτων,
598 3186 677 3248 ὧν
744 3189 827 3258 εἷς
877 3194 1050 3249 ταῦτα
1090 3192 1408 3260 ὲξεϐιάσατο
1439 3194 1673 3266 χαράξαι
1715 3195 1785 3248 τὰ

191 3286 526 3356 γράμματα.
559 3286 625 3340 Ei
662 3285 772 3358 γὰρ
803 3286 989 3341 πολλοὶ
1019 3287 1130 3341 τῶν
1157 3286 1513 3359 ἁϐροδιαίτων
1546 3287 1643 3342 καὶ
1675 3287 1785 3340 τῶν

203 3370 273 3430 εὖ
299 3377 607 3445 γεγονότων
665 3377 755 3432 διὰ
802 3377 1121 3447 φιλοσοφίαν
1168 3377 1403 3447 εὐτελῶς
1453 3378 1784 3433 ἐπαίδευσαν

190 3470 428 3532 ἑαυτοὺς
458 3469 581 3541 ζῇν,
620 3470 887 3543 μεγίστην
937 3471 1206 3541 ὠφέλειαν
1236 3473 1333 3526 καὶ
1381 3471 1540 3539 δόξαν
1574 3474 1638 3524 ὲκ
1660 3472 1784 3524 τού-

189 3578 291 3615 του
335 3560 679 3633 θηρώμενον
715 3563 835 3627 πῶς
883 3563 951 3616 σὺ
1002 3563 1145 3635 ἔχων
1178 3564 1275 3618 καὶ
1348 3564 1447 3635 τὴν
1491 3562 1787 3633 σύντροφον

196 3653 500 3725 συνήθειαν
526 3656 1059 3727 συναγωνιζομένην,
1094 3658 1175 3720 είς
1204 3656 1510 3709 τούναντίον
1552 3656 1785 3724 μετέπε-

195 3766 340 3813 σας;
392 3749 739 3820 Ἐπανάγαγε
781 3752 962 3806 τοίνυν
995 3752 1192 3806 σαυτὸν
1221 3753 1314 3805 ἐπὶ
1356 3750 1456 3822 τὴν
1488 3752 1651 3821 φίλην
1691 3768 1784 3804 σου

195 3842 301 3896 καὶ⁸
334 3842 715 3915 ὁμοτράπεζον
745 3845 1042 3909 εὐτέλειαν,
1080 3847 1167 3899 ἵνα
1200 3845 1277 3916 μὴ
1329 3844 1425 3897 καὶ
1458 3843 1640 3915 σαυτῷ
1672 3862 1785 3915 χει-

194 3934 397 4005 μῶνας
438 3934 494 4006 (ἡ
543 3936 652 4008 γὰρ
690 3938 870 4008 τρυφὴ
907 3937 1115 4010 ὕϐρεώς
1161 3939 1279 3991 ὲστι
1310 3936 1566 4009 μήτηρ),
1597 3937 1693 3991 καὶ
1719 3938 1786 4008 τῇ

192 4026 468 4099 θειοτάτῃ
513 4027 793 4101 ,θρησκείᾳ
828 4030 1027 4094 ὄνειδος
1081 4030 1520 4100 κατασκευάσῃς.
1570 4030 1634 4083 Οί
1678 4028 1788 4100 γὰρ

192 4119 573 4191 διαφερόντως
612 4123 753 4192 αὐτῇ
810 4121 1200 4193 ἀνακείμενοι,
1248 4123 1447 4192 κομιδῇ
1483 4120 1626 4175 κατά
1690 4121 1787 4174 σοῦ

194 4210 630 4280 ἀγανακτοῦσιν,
675 4212 758 4266 ὅτι
802 4211 891 4266 διὰ
930 4212 1031 4283 τὴν
1070 4212 1168 4286 σὴν
1205 4212 1542 4285 λαιμαργίαν
1600 4213 1785 4284 ὲκείνη

199 4301 581 4373 κωμῳδεῖται.

391 4410 552 4479 ΥιιΖο.
586 4442 654 4453 -
686 4410 1105 4484 ΘΕΟΓΝΩΣΤῼ⁴
1134 4411 1605 4483 ΠΡΕΣΒΥΤΕΡῼ.

1961 2828 2041 2893 Si,
2072 2839 2134 2883 ut
2166 2828 2302 2883 falso
2330 2827 2551 2897 quidam
2588 2838 2832 2893 narrant,
2856 2829 2921 2883 ad
2950 2838 3248 2884 extremam
3305 2830 3461 2885 reda-

1889 2931 2011 2975 ctus
2047 2936 2108 2975 es
2158 2920 2425 2990 inopiam,
2466 2921 2756 2987 quomodo,
2789 2935 2994 2991 quaeso,
3036 2921 3173 2975 cibis
3216 2921 3462 2976 delicatis

1888 3014 2053 3066 vitam
2087 3009 2379 3079 transigis?
2427 3008 2588 3078 idque
2616 3021 2672 3063 ut
2708 3025 2811 3066 non
2845 3011 3005 3064 modo
3035 3012 3177 3065 domi
3219 3026 3461 3065 mensam

1888 3106 2147 3169 instruas,
2194 3104 2290 3158 sed
2330 3104 2492 3155 etiam
2528 3116 2753 3172 superes
2796 3100 3101 3157 Sicularum
3151 3118 3463 3157 mensarum

1888 3197 2238 3269 apparatum?
2282 3196 2633 3251 Narrantium
2679 3211 2819 3250 unus
2875 3196 2970 3250 bas
3010 3210 3095 3249 nte
3123 3210 3348 3251 exarare
3376 3196 3464 3250 lit—

1889 3298 2034 3343 teras
2080 3286 2359 3355 compulit.
2403 3285 2461 3341 Si
2512 3286 2658 3340 enim
2701 3284 2917 3339 delicati
2955 3284 3106 3338 multi
3146 3300 3211 3340 ac
3251 3286 3464 3340 nobiles

1886 3393 1984 3448 per
2013 3378 2410 3449 philosOphiam
2440 3377 2723 3449 frugaliter
2741 3378 2921 3432 vivere
2945 3377 3104 3446 seipsi
3138 3380 3461 3443 docuerunt,

1888 3474 2178 3529 maximam
2214 3474 2499 3529 utilitatem
2532 3482 2589 3528 et
2618 3472 2843 3543 gloriam
2885 3485 2951 3525 ex
2995 3487 3060 3525 eo
3104 3483 3460 3541 aucupantes,

1887 3584 1993 3636 qua
2017 3569 2230 3622 ratione
2278 3576 2334 3621 tu
2373 3567 2464 3637 qui
2522 3568 2590 3620 ab
2640 3565 2964 3620 educatione
3005 3566 3459 3620 consuetudinem

1903 3658 2070 3713 babes
2132 3658 2481 3714 auxiliantem
2543 3660 2596 3711 in
2654 3657 2989 3713 contrarium
3041 3670 3101 3710 es
3177 3656 3463 3725 delapsus?

1890 3750 2053 3821 706
2112 3748 2477 3815 Quamobrem
2553 3764 2745 3803 revoca
2818 3749 3047 3817 teipsutn
3107 3749 3175 3801 ad
3249 3757 3460 3815 gratam

1893 3856 2199 3909 mensaeque
2231 3842 2505 3911 propriam
2558 3841 2972 3908 parcimoniam,
3029 3854 3095 3893 ne
3136 3837 3229 3892 tibi
3262 3849 3464 3908 tempe-

1889 3944 2056 3988 states
2088 3932 2314 4005 (delicite
2362 3934 2505 3987 enim
2556 3932 2804 4000 injttriam
2834 3932 3151 4000 plerumque
3196 3932 3462 3999 pariunt),

1890 4039 1953 4079 ac
1973 4036 2333 4080 sacrosanctte
2362 4024 2603 4092 religioni
2638 4023 2868 4078 dedecus
2891 4023 3165 4076 obveniat.
3196 4021 3295 4088 Qui
3319 4025 3463 4076 enim

1892 4116 2136 4187 religioni
2179 4117 2333 4172 valde
2382 4126 2507 4171 sunt
2550 4114 2769 4176 addicti,
2807 4114 2874 4168 de
2927 4124 2978 4167 te
3029 4130 3196 4184 prope
3246 4116 3464 4168 modum

1891 4207 2255 4276 expostulant,
2305 4206 2447 4277 quod
2505 4207 2573 4259 ob
2620 4216 2765 4259 tuam
2798 4205 3112 4275 ingluviem,
3164 4205 3249 4258 illa
3286 4206 3467 4260 audiat

1890 4301 2050 4354 male.

1959 4406 2262 4464 CDXCVII.
2313 4438 2382 4448 --
2419 4402 2883 4463 THEOGNOS'IO
2916 4402 3392 4463 PRESBYTERO.

1103 4500 1207 4567 Qui
1245 4519 1359 4558 uere
1379 4505 1639 4572 sapientes
1670 4500 1991 4573 appellandi.
2024 4497 2203 4571 (Cani.
2227 4500 2379 4568 epist.
2416 4498 2565 4569 477.)

277 4609 347 4667 Οί
395 4608 495 4681 τὴν
525 4609 719 4680 σοφίαν
748 4610 849 4682 τὴν
877 4610 1058 4665 πάντα
1084 4610 1153 4665 τὰ
1173 4611 1315 4665 καλὰ
1344 4614 1403 4668 ὲν
1432 4613 1600 4684 ἑαυτῇ
1625 4629 1783 4682 περι-

1960 4608 2061 4676 Qui
2095 4608 2415 4678 sapientiam
2446 4596 2627 4662 omnia
2679 4610 2729 4662 in
2759 4624 2818 4664 se
2843 4608 2983 4663 bona
3011 4610 3459 4677 complectentem

195 4700 447 4773 έχουσαν
500 4699 599 4772 (ὡς
625 4701 721 4756 καὶ
750 4701 841 4756 τὸν
863 4702 1081 4756 πάντων
1102 4702 1380 4773 Δεσπότην
1408 4703 1567 4756 τοῦτο
1592 4702 1793 4773 μᾶλλον

196 4791 241 4861 ἦ
282 4807 337 4843 τι
371 4789 560 4860 ἕτερον
592 4790 804 4863 χαίρειν
857 4791 1147 4857 ἀκούοντα,
1198 4792 1389 4864 ἐπειδὴ
1430 4792 1644 4857 πολλοῖς
1672 4791 1792 4846 ὀνό-

198 4899 350 4954 μασι
377 4882 644 4955 καλεῖται)
670 4883 805 4955 (55),
838 4882 1039 4955 φαῦλον
1084 4883 1180 4938 καὶ
1216 4886 1606 4956 πεπατημένω
1654 4886 1795 4955 πρᾶ-

195 4992 330 5046 γμα
353 4975 667 5046 ἡγούμενοι,
695 4976 993 5048 πάντολμοι
1029 4977 1095 5032 ἂν
1129 4973 1237 5031 εἶεν
1266 4978 1399 5049 παρ’
1442 4979 1568 5048 ἐμοὶ
1605 4980 1790 5049 κριτῇ.

213 5064 392 5129 Ἀλλ’,
434 5061 610 5136 οἶμαι,
654 5065 799 5136 ἔχειν
843 5067 942 5137 μὲν
990 5066 1404 5136 ἐπιθυμοῦντες,
1434 5068 1562 5130 τοὺς
1589 5066 1647 5120 δὲ
1691 5068 1793 5119 πό-

197 5174 336 5221 νους
364 5157 653 5229 ὑπομεῖναι
687 5159 762 5229 μὴ
782 5158 1085 5225 ἀξιοῦντες,
1103 5154 1186 5224 οἷς
1222 5160 1257 5230 ἡ
1288 5158 1410 5213 θεία
1454 5158 1616 5228 σοφία
1662 5160 1785 5212 ἐπι-

198 5250 397 5319 φοιτᾷ,
427 5248 505 5319 τῷ
531 5248 607 5320 μὴ
641 5249 730 5303 διὰ
754 5250 1029 5322 ρᾳθυμίαν
1056 5250 1235 5304 δοκεῖν
1264 5250 1463 5314 αὐτοὺς
1505 5250 1791 5305 ἀπολελεῖ-

198 5342 369 5413 φθαι,
397 5344 716 5413 φθονοῦντες
742 5347 855 5409 τοῖς
903 5347 1089 5415 σοφοῖς
1117 5343 1433 5416 διασύρουσι
1485 5346 1548 5398 τὸ
1578 5344 1794 5416 ἐκείνης

196 5437 404 5506 ὄνομα.
438 5437 643 5508 Σοφοὺς
664 5436 723 5491 δέ
753 5453 896 5509 φημι
925 5437 987 5490 οὐ
1033 5437 1161 5501 τοὺς
1210 5435 1273 5489 τὸ
1314 5436 1601 5499 Πλάτωνος
1630 5436 1785 5507 ὕψος,

1892 4704 2113 4773 (quippe
2163 4716 2284 4755 cum
2328 4701 2565 4756 universi
2624 4700 2883 4757 Dominus
2930 4704 3031 4757 hac
3078 4700 3248 4773 magis
3294 4718 3459 4773 quam

1893 4811 1953 4850 re
1990 4794 2094 4847 ulla
2129 4808 2188 4848 se
2210 4793 2460 4857 oblectet,
2492 4794 2630 4847 unde
2654 4796 2797 4849 etde
2824 4794 3066 4862 pluribus
3103 4796 3229 4850 hinc
3265 4814 3464 4853 nomen
3494 4778 3502 4783 ’

1892 4885 2139 4955 sortitur)
2165 4885 2353 4939 falsam
2384 4902 2498 4940 rem
2538 4894 2592 4940 et
2634 4886 3085 4941 contumeliosam
3123 4888 3464 4950 existimant,

1894 4992 2012 5031 mea
2045 4979 2263 5046 quidem
2302 4978 2590 5043 sententia,
2642 4979 2874 5032 audaces
2913 4988 3040 5032 sunt
3064 4980 3316 5035 habendi.
3362 4980 3491 5035 νει-ί

1893 5086 2011 5122 rum
2035 5069 2229 5138 Opinor
2282 5083 2402 5123 esse
2429 5071 2644 5139 quidem
2686 5070 2778 5138 qui
2827 5084 2946 5123 eam
2982 5070 3306 5135 desiderent,
3370 5074 3466 5126 sed

1894 5162 2133 5215 laborem
2167 5163 2356 5229 qttisit
2390 5162 2734 5216 sustinendus
2781 5160 3070 5232 refugiant,
3120 5177 3227 5229 quo
3281 5163 3466 5217 divina

1898 5254 2234 5323 potissimum
2290 5253 2591 5324 acquiritur
2625 5254 2910 5323 sapientia.
2959 5251 3037 5307 Ne
3096 5264 3274 5308 autem
3308 5254 3471 5323 negli-

1899 5346 2074 5409 gentia
2116 5359 2210 5397 sua
2266 5344 2554 5397 videantur
2584 5342 2728 5397 illam
2778 5358 2883 5396 non
2912 5344 3171 5407 assecuti,
3206 5344 3467 5411 sapienti.-

1898 5436 1998 5490 bus
2031 5437 2290 5503 invident,
2314 5447 2370 5489 et
2404 5434 2509 5489 illis
2536 5436 2867 5491 obtrectant.
2895 5432 3163 5490 Caeterum
3192 5434 3468 5505 sapientes

1358 5592 1598 5651 VARIIE
1633 5590 2017 5648 LECTIONES
2055 5590 2140 5645 ET
2179 5590 2412 5648 NUTIE.

878 5714 926 5750 ἐξ

286 5756 401 5828 (53)
422 5757 563 5814 Inter
593 5718 1133 5843 καλεῖταΐὲἷϊξξέῦλρν
1156 5756 1337 5815 insere
1358 5753 1515 5809 τοῦτο
1541 5768 1607 5812 ex
1635 5762 1797 5825 utroq

1901 5753 2018 5808 cod.
2054 5750 2259 5805 Possm.
