3998 6414
539 327 678 393 1615
1750 319 1808 376 S.
1852 314 2145 375 ISIDORI
2184 306 2624 371 PELUSIOTzE
3648 301 3758 369 1616

536 441 780 502 nomino,
824 452 928 491 non
962 433 1050 506 qui
1087 443 1365 489 sectantur
1408 428 1651 486 Plutonis
1687 428 1899 482 dicendi
1945 440 2115 497 genus

2178 444 2195 487 ι
2225 421 2321 473 καὶ
2354 421 2453 490 τὴν
2487 417 2813 479 Θουκυδίδου
2847 414 3172 486 σεμνότητα,
3196 411 3290 466 καὶ
3314 411 3410 479 τὴν
3431 411 3757 481 Δημοσθένους

538 533 789 596 sublime,
828 530 910 583 vel
945 503 1275 598 Thucydidas
1304 526 1648 595 gravitatem.
1685 531 1779 576 aut
1802 520 2117 575 Demosthe-

2218 510 2501 578 δεινότητα
2533 507 2857 577 ζηλοῦντας,
2891 506 3027 561 ἀλλὰ
3051 506 3178 567 τοὺς
3203 504 3358 571 λόγον
3390 503 3663 557 ἀποδοῦναι
3686 505 3759 558 δυ-

541 630 624 681 nis
648 595 1175 694 grandiloquentiam
1210 619 1513 682 imitantur,
1557 615 1651 669 sed
1683 613 1774 683 qui
1808 614 1875 667 de
1923 611 2120 665 divinis

2221 604 2491 672 ναμένους
2522 601 2664 671 ὑπὲρ
2695 598 2803 652 τῶν
2836 598 2996 652 θείων
3022 596 3330 665 δογμάτων,
3360 595 3452 648 καὶ
3485 595 3557 665 μὴ
3581 596 3658 647 διὰ
3685 598 3761 667 τῆς

536 718 683 787 loqui
711 714 999 787 praeceptis
1034 712 1266 783 possint,
1316 722 1493 778 neque
1536 707 1752 775 ignavia
1778 703 1995 773 propria
2025 715 2115 755 suo

2225 694 2433 756 οἰκείας
2468 692 2744 763 ῥᾳθυμίας
2786 692 2914 761 σιγῇ
2964 689 3066 760 τὴν
3102 685 3277 760 ἧτταν
3321 687 3760 757 καταδεχομενους.

536 809 755 864 silentio
784 812 1131 876 superentur.
1174 801 1275 869 Qui
1304 802 1449 857 enim
1482 798 1728 863 audiunt,
1758 811 1865 851 non
1894 794 2115 849 dicentis

2228 790 2293 842 Οί
2321 788 2432 857 γὰρ
2486 784 2800 849 ἀκούοντες,
2859 785 2920 837 οὐ
2978 785 3079 855 τὴν
3111 781 3209 835 τοῦ
3254 782 3503 848 λέγοντος
3532 779 3761 848 ἀπειρίαν,

536 871 889 971 imperitiam,
942 896 1037 952 sed
1096 894 1366 965 dogmatis
1420 901 1718 947 causantur
1773 886 2115 943 imbecillita-

2006 886 2124 940 lita-
2230 880 2368 934 ἀλλά
2390 879 2491 951 τὴν
2519 877 2616 930 τοῦ
2640 877 2910 947 δόγματος
2944 875 3230 930 αἰτιῶνται
3265 871 3585 943 σαθρότητα.

539 1001 668 1048 teut.
2270 1020 2273 1021 ,

965 1094 1284 1151 CDXCVIII.
1323 1123 1392 1133 —-
1418 1088 1690 1146 ALPHIO.
2774 1082 2942 1146 l'lJl'.
2969 1108 3041 1117 —
3068 1074 3289 1145 ΑΛΦΙῼ.

781 1217 846 1271 In
876 1232 962 1271 eos
988 1213 1077 1284 qui
1102 1211 1308 1281 publica
1338 1207 1589 1262 Ecclesia:
1628 1206 1763 1259 bona
1802 1204 1857 1258 in
1896 1218 1992 1257 sua
2023 1210 2226 1255 vertunt
2258 1202 2553 1253 commoda.
2592 1198 2885 1252 Immutata
2920 1193 3083 1262 prisci
3114 1188 3362 1257 temporis
3390 1186 3569 1255 facies.

612 1330 746 1385 Cum
790 1341 946 1382 suum
984 1323 1216 1393 quisque
1245 1317 1591 1373 commodum
1631 1328 1694 1367 ac
1724 1312 1932 1367 lucrum
1977 1325 2123 1365 com-

2316 1309 2535 1379 Ἐπειδὴ
2572 1308 2789 1377 ἑκάστῳ
2821 1305 2882 1358 τὸ
2916 1303 3116 1356 οἰκεῖον
3162 1298 3355 1368 κέρδος
3390 1296 3484 1350 τοῦ
3510 1298 3649 1366 κοινῇ
3694 1314 3770 1349 κα-

551 1422 700 1478 muni
732 1427 1027 1488 anteponat
1055 1417 1216 1478 bono,
1244 1412 1445 1467 idcirco
1477 1424 1563 1464 res
1594 1405 1849 1461 Ecclesia:
1877 1418 2125 1474 pessum-

2232 1400 2609 1472 ταστήσασθαί
2658 1417 2711 1452 τι
2759 1396 2998 1468 χρηστὸν
3053 1392 3473 1465 προτιμότερον,
3522 1388 3603 1441 διὰ
3647 1389 3772 1441 τοῦτο

546 1524 697 1573 eunt.
748 1515 948 1569 Contra
988 1524 1113 1564 vero
1163 1506 1362 1561 accidit
1420 1504 1488 1558 iis
1537 1502 1626 1572 qui
1687 1497 1953 1567 majorum
2013 1504 2125 1550 tne-

2229 1489 2297 1543 τὰ
2346 1486 2446 1558 τῆς
2499 1486 2831 1558 Ἐκκλησίας
2900 1484 3259 1554 προπέποται
3320 1480 3631 1549 πράγματα.
3688 1478 3774 1531 Καὶ

541 1609 738 1662 bantur
795 1604 974 1657 (idem.
1040 1600 1195 1653 Tunc
1264 1597 1407 1651 enim
1464 1596 1673 1665 privata
1727 1590 1781 1645 in
1838 1599 2120 1643 commune

2228 1581 2544 1635 τούναντίον
2583 1579 2783 1649 συνέϐη
2838 1578 2953 1640 τοῖς
3001 1573 3400 1645 γεγενημένοις
3448 1570 3540 1623 ἐπὶ
3573 1570 3668 1623 τῶν
3695 1571 3771 1639 τῆς

539 1698 914 1755 conferebant.
996 1695 1065 1747 At
1155 1691 1315 1746 hodie
1394 1686 1700 1743 communia
1793 1681 2117 1753 publicaque

2233 1674 2467 1738 πίστεως
2496 1672 2800 1744 προγόνων.
2832 1670 2965 1723 Τότε
3008 1669 3107 1741 μὲν
3138 1668 3246 1738 γὰρ
3273 1664 3347 1719 τὰ
3373 1664 3481 1718 ἴδια
3512 1664 3586 1728 εἰς
3612 1663 3662 1715 τὸ
3682 1679 3769 1714 κοι-

539 1793 759 1846 domum
833 1787 1173 1843 conferentes
1214 1824 1227 1847 ,
1309 1795 1375 1834 ex
1447 1778 1675 1832 aliorum
1752 1769 2118 1829 incommodis

2195 1802 2203 1848 ι
2232 1767 2320 1821 νὺν
2348 1764 2737 1837 προύτίθεσαν,
2773 1763 2869 1817 νῦν
2893 1763 2949 1816 δὲ
2986 1761 3054 1815 τὰ
3082 1759 3241 1813 κοινά
3267 1757 3455 1811 οἴκαδέ
3484 1773 3616 1819 τινες
3643 1772 3774 1825 μετα-

540 1886 750 1940 lucrum
785 1880 1075 1952 prredando
1110 1886 1392 1947 reportare
1423 1889 1529 1928 non
1560 1870 1913 1925 erubescunt.

2240 1859 2581 1931 κομίζοντες,
2624 1860 2725 1910 οὐκ
2772 1855 3117 1925 αἰσχύνονται
3162 1852 3223 1917 ἐξ
3253 1849 3549 1922 ἀλλοτρίων
3596 1847 3775 1919 κερδαί-

2241 1967 2422 2012 νοντες
2463 1947 2779 2019 συμφορῶν.

957 2078 1235 2139 CDXCIX.
1265 2108 1336 2117 —
1372 2073 1553 2129 NILO.

2764 2056 2929 2123 mea
2960 2086 3031 2097 -
3057 2053 3289 2122 ΝΕΙΛῼ.

1273 2191 1350 2245 Ab
1382 2188 1500 2243 aliis
1526 2185 1742 2240 irrideri
1771 2184 1847 2238 vel
1882 2199 1913 2236 α
1941 2179 2206 2252 gravibus,
2239 2174 2316 2228 vel
2342 2189 2375 2225 a
2405 2172 2625 2241 perditis
2668 2172 2952 2223 discrimen
2983 2178 3081 2221 est.

612 2312 658 2368 Δ
685 2311 817 2365 viris
847 2306 1098 2380 gravibus
1125 2314 1285 2371 atque
1318 2296 1555 2355 cordatis
1585 2292 1800 2349 irrideri
1831 2291 2118 2347 molestum

2305 2278 2381 2331 Τὸ
2422 2278 2520 2348 μὲν
2564 2277 2719 2349 παρὰ
2771 2277 2882 2329 τῶν
2931 2274 3150 2344 σεμνῶν
3196 2273 3293 2326 καὶ
3330 2270 3615 2341 σωφρόνων
3652 2269 3778 2338 γελᾶ-

543 2406 901 2477 estquidem;
929 2411 982 2453 at
1013 2413 1138 2452 vero
1168 2412 1195 2449 a
1232 2390 1533 2447 libidinosis
1553 2387 1877 2456 lascivisque
1908 2383 2122 2439 minime

2236 2371 2381 2437 σθαι,
2404 2371 2577 2424 δεινόν
2602 2384 2616 2399 ⁶
2652 2370 2718 2422 τὸ
2746 2369 2803 2422 δὲ
2833 2372 2986 2439 παρὰ
3012 2368 3120 2419 τῶν
3166 2362 3421 2431 ἀσελγῶν
3461 2362 3550 2415 καὶ
3583 2362 3774 2430 λάγνων,

546 2456 704 2552 Ιιοιιῖο
739 2493 1019 2548 molestum
1050 2497 1154 2541 est.
1186 2484 1287 2552 Qui
1318 2481 1463 2537 enim
1497 2494 1529 2533 a
1574 2488 1723 2533 recto
1752 2491 1935 2531 rerum
1968 2475 2125 2529 aber-

2234 2464 2295 2517 οὑ
2357 2462 2552 2517 δεινόν.
2610 2462 2722 2531 Τῆς
2779 2459 2891 2531 γὰρ
2943 2459 3112 2530 ὀρθῆς
3160 2457 3269 2511 τῶν
3322 2456 3649 2526 πραγμάτων
3685 2456 3775 2508 δια-

545 2597 667 2642 rant
696 2585 919 2657 judicio,
956 2582 1294 2637 subsatmattt
1326 2590 1388 2630 ea
1411 2574 1576 2627 etiant
1607 2584 1727 2641 quae
1759 2565 2124 2624 admiratione

2240 2559 2608 2629 μαρτάνοντες
2649 2555 2907 2627 κρίσεως,
2947 2553 3150 2622 γελῶσι
3196 2552 3265 2606 τὰ
3309 2550 3586 2619 θαύματος
3628 2548 3775 2620 κρείτ-

544 2684 654 2735 sint
677 2680 860 2747 digna.

809 2693 860 2732 ει,
2237 2670 2386 2707 τονα.

1117 2781 1176 2835 D.
1210 2808 1280 2818 —
1307 2776 1559 2833 PETRO.

2802 2760 2880 2814 οι.
2908 2789 2978 2799 -
3008 2757 3258 2827 ΠΕΤΡῼ.

1145 2895 1389 2951 Caelestia
1417 2891 1791 2947 meditantium
1815 2885 1895 2941 vel
1921 2882 2192 2938 terrestria
2219 2880 2344 2951 quid
2368 2879 2597 2932 intersit.
2636 2876 2875 2948 (Confer.
2899 2877 3054 2944 epist.
3088 2874 3240 2943 485.)

621 3017 813 3087 Ingens
836 3027 900 3067 ac
927 3011 1223 3065 vehemens
1253 3003 1569 3076 prudentia,
1600 3000 1669 3055 ab
1698 2998 1860 3055 exilia
1886 2996 2136 3063 malaque

2305 2986 2466 3055 Μέγα
2502 2986 2598 3039 καὶ
2633 2985 2886 3038 νεανικὸν
2909 2986 3171 3055 φρόνημα
3206 2982 3309 3052 οὐχ
3351 2976 3466 3035 οἷόν
3493 2997 3547 3033 τε
3570 2978 3780 3049 τεχθῆναι

550 3108 862 3180 gerentibus
897 3102 1076 3174 parari
1111 3099 1317 3168 nequit.
1364 3093 1739 3165 Cogitationes
1789 3090 1934 3144 enim
1970 3099 2129 3156 Opera

2237 3078 2314 3149 τῷ
2351 3078 2526 3149 μικρὰ
2556 3077 2653 3132 καὶ
2675 3077 2859 3146 φαῦλα
2881 3077 3202 3147 πράττοντι.
3236 3075 3367 3137 Τοῖς
3401 3074 3510 3143 γὰρ
3531 3071 3691 3143 ἔργοις
3708 3069 3782 3123 καὶ

549 3200 898 3256 comitantur.
966 3192 1067 3260 Qui
1130 3191 1274 3244 enim
1331 3204 1448 3258 qua:
1490 3186 1557 3240 ad
1595 3199 1751 3239 usum
1797 3182 1922 3235 vita:
1964 3177 2128 3248 perti-

2201 3175 2209 3228 I
2240 3173 2310 3226 τά
2333 3174 2659 3244 φρονήματα
2700 3167 2928 3221 ἕπεσθαι
2968 3167 3135 3236 φιλεῖ.
3172 3167 3232 3220 Ὀ
3284 3165 3393 3234 μὲν
3447 3165 3555 3235 γὰρ
3589 3165 3649 3216 τὰ
3683 3163 3780 3231 βιω-

565 3301 694 3347 nent
762 3257 1007 3350 tractat,
1053 3283 1213 3355 707
1286 3257 1419 3335 nihil
1489 3279 1731 3340 caeleste,
1786 3274 1921 3329 nihil
1969 3285 2137 3340 ange-

2234 3265 2363 3319 τικά
2392 3262 2929 3335 μεταχειριζόμενος,
2959 3260 3113 3313 οὐδὲν
3141 3259 3422 3330 οὐράνιον,
3451 3257 3598 3311 οὐδὲν
3632 3258 3770 3324 ἀγγε-

554 3385 719 3438 licum
775 3349 1086 3450 cogitabit:
1121 3349 1213 3429 'A't
1293 3374 1383 3443 qui
1473 3371 1615 3425 caelo
1696 3369 1912 3439 dignam
1992 3365 2133 3435 degit

2245 3357 2399 3412 λικὸν
2445 3354 2925 3426 φαντασθήσεται’
2966 3355 2995 3405 ὁ
3028 3352 3085 3404 δὲ
3114 3352 3215 3423 τὴν
3262 3349 3484 3421 οὐρανῷ
3518 3350 3783 3420 πρέπουσαν

563 3477 766 3539 vitam,
837 3485 1008 3539 nugas
1085 3442 1468 3536 ineptiasque,
1522 3462 1744 3517 umbras
1805 3472 2022 3530 quoque
2075 3472 2139 3511 ac

2237 3454 2509 3508 πολιτείαν
2535 3450 2973 3517 πολιτευόμενος.
2993 3448 3195 3520 λήρους
3218 3446 3315 3500 καὶ
3346 3446 3628 3515 φλυαρίας,
3655 3442 3780 3502 σκιάς

553 3567 763 3623 somnia
828 3563 976 3619 ducit
1045 3574 1168 3614 esse
1240 3557 1428 3612 mundi
1492 3556 1610 3610 haec
1669 3553 1905 3622 negotia.
1958 3548 2132 3615 Quare

2234 3564 2295 3600 τε
2345 3545 2441 3600 καὶ
2470 3543 2767 3614 ὀνείρατα,
2800 3540 2871 3593 τὰ
2909 3538 3145 3609 βιωτικά
3190 3539 3464 3608 ἡγήσεται
3503 3538 3778 3605 πράγματα.

555 3657 767 3727 angusti
836 3668 961 3709 esse
1029 3650 1193 3705 animi
1266 3648 1461 3703 merito
1533 3649 1581 3701 is
1634 3656 1719 3701 est
1763 3642 2134 3713 appellandus,

2251 3638 2343 3691 Διὸ
2371 3638 2465 3691 καὶ
2488 3639 2517 3691 ὁ
2547 3636 2668 3707 μὲν,
2707 3632 3048 3705 μικρόψυχος
3096 3632 3327 3694 εἰκότως
3364 3632 3433 3685 ἂν
3459 3628 3686 3701 κληθείη,
3716 3624 3783 3676 ἐπὶ

561 3752 651 3821 qui
713 3750 779 3805 de
830 3747 1013 3817 parvis
1072 3758 1193 3799 sese
1249 3741 1409 3796 rebus
1468 3742 1640 3807 lactat
1700 3735 2137 3804 :magnanimus

2247 3733 2466 3802 μικροῖς
2493 3728 2930 3798 ὲναϐρυνόμενος
2949 3742 2963 3755 ·
2995 3727 3024 3778 ὁ
3054 3724 3110 3777 δὲ
3136 3724 3535 3795 μεγαλόψυχος,
3569 3722 3632 3774 τὰ
3653 3719 3784 3776 ὅντως

552 3846 764 3903 contra,
792 3816 885 3904 qui
920 3848 1039 3901 quae
1070 3846 1198 3886 vere
1233 3829 1447 3885 excelsa
1488 3836 1639 3892 sunt,
1675 3826 1742 3880 iis
1766 3840 1888 3895 quae
1925 3832 2131 3879 tantum

1720 3840 1742 3880 5
1766 3840 1888 3895 quae
1925 3832 2135 3879 tantum
2250 3821 2463 3892 μεγάλα
2477 3820 2586 3873 τῶν
2623 3817 2928 3872 δοκούντων
2960 3816 3299 3889 προκρίνων.

556 3932 681 3986 talia
709 3922 1315 3999 apparent,anteponit.

911 4032 997 4088 Dl.
1026 4060 1095 4070 -—
1123 4023 1424 4083 EUTONIO
1459 4019 1777 4077 DIACONO.

2565 4023 2698 4094 ,φΑκ
2731 4052 2799 4063 -
2835 4019 3137 4089 ΕΥΤΟΝΙῼ
3167 4018 3496 4089 ΔΙΑΚΟΝῼ.

1896 4133 1941 4185 Α
1968 4134 2137 4202 seipso
2163 4136 2331 4207 decipi
2352 4135 2528 4206 facile.

629 4263 745 4319 Etsi
780 4265 1027 4329 prompta
1073 4251 1237 4307 multa
1289 4256 1437 4312 sunt,
1476 4247 1728 4313 factuque
1770 4242 1972 4307 fat-ilia,
2002 4242 2138 4296 nihil

2320 4243 2488 4297 Οὐδὲν
2531 4243 2705 4307 οὕτως
2749 4243 3121 4298 εὐκολώτατον
3173 4245 3348 4307 ἐστιν,
3409 4241 3575 4295 ὅντων
3620 4236 3787 4292 πολλῶν

559 4370 737 4413 tamen
756 4352 989 4412 facilius,
1017 4345 1298 4414 magisque
1318 4339 1533 4394 obvium
1555 4352 1717 4405 quam
1739 4350 1768 4387 a
1796 4350 1854 4388 se
1871 4348 2138 4403 quemque

2249 4334 2510 4399 εὐκόλων,
2543 4335 2621 4399 ὼς
2644 4335 2707 4388 τὸ
2746 4335 2977 4388 ἕκαστον
3018 4335 3216 4390 ἑαυτὸν
3258 4333 3619 4403 ἐξαπατῆσαι.
3662 4330 3786 4396 Μέγα

557 4448 754 4516 deripi.
790 4443 1041 4513 Magnum
1090 4435 1238 4490 enim
1269 4432 1466 4501 cuique
1514 4444 1671 4483 suum
1710 4433 1936 4495 apparet
1960 4423 2136 4479 consi-

2248 4428 2360 4497 γάρ
2405 4427 2622 4497 ἑκάστῳ
2669 4427 2730 4480 τὸ
2761 4427 3031 4498 βούλημα.
3094 4427 3315 4498 Ἐπειδὴ
3367 4425 3478 4496 γὰρ
3507 4426 3566 4478 οὐ
3592 4423 3654 4476 τὰ
3677 4420 3787 4492 πρά-

555 4513 711 4595 littni.
734 4536 873 4591 Cum
904 4532 1049 4586 enim
1102 4542 1189 4581 res
1222 4539 1327 4578 non
1358 4531 1416 4575 ut
1446 4521 1575 4583 sint,
1616 4519 1685 4572 ita
1719 4518 1793 4571 illi
1820 4524 2134 4585 appareant,

2248 4536 2438 4588 γματα
2464 4520 2613 4584 ὅπως
2638 4520 2853 4587 πέφυκε
2877 4522 3092 4585 σκοπεῖ,
3122 4519 3261 4574 ἁλλά
3276 4520 3377 4589 τὴν
3400 4516 3589 4571 ἑαυτοῦ
3608 4513 3788 4583 γνώμην

570 4631 662 4685 sed
696 4625 1021 4680 sententiam
1054 4617 1200 4673 omni
1228 4630 1328 4682 ope
1356 4626 1513 4667 suam
1538 4611 1719 4664 studet
1747 4609 1977 4678 quisque
2030 4617 2144 4662 sta-

2251 4614 2416 4667 παντὶ
2446 4612 2621 4665 σθένει
2656 4611 2904 4681 κυρῶσαι
2937 4614 3300 4682 προαιρεῖται,
3327 4611 3356 4663 ὃ
3387 4609 3644 4680 βούλεται,
3671 4602 3790 4657 τοῦτο

564 4720 723 4776 bilire
759 4713 965 4784 ,a~quod
1011 4713 1125 4780 ipse
1172 4706 1322 4771 vult,
1372 4703 1511 4758 idem
1552 4710 1608 4756 et
1652 4700 1865 4771 probat,
1906 4700 2005 4754 etsi
2058 4713 2143 4753 res

2252 4706 2348 4757 καὶ
2382 4704 2554 4759 οἴεται
2576 4722 2589 4736 ·
2626 4704 2805 4758 καίτοι
2865 4704 3213 4775 πραγμάτων
3255 4702 3523 4764 πολλάκις
3552 4696 3789 4766 amella:-

559 4826 703 4884 sepe
726 4808 884 4864 aliter
918 4819 1037 4860 sese
1073 4801 1290 4856 habeat.

943 4819 1037 4859 ese
1073 4801 1290 4856 habeat.
2253 4798 2522 4869 γομένων.

1014 4915 1116 4972 DII.
1140 4944 1211 4955 ——
1235 4902 1695 4968 URSENOPIIIO.

2668 4906 2791 4960 φιν.
2821 4936 2892 4945 -
2924 4904 3422 4975 ΟΥΡΣΕΝΟΥΦΙῼ.

1482 5018 1786 5075 Meticulosi
1816 5018 2026 5083 timore,
2056 5020 2220 5090 fortes
2255 5020 2564 5075 adulatione
2585 5030 2927 5088 superantur.

632 5148 829 5206 Fortes
861 5144 1079 5215 quidem
1115 5139 1265 5192 viros
1302 5131 1604 5188 assentatio
1641 5132 1849 5192 domat,
1902 5130 2148 5185 imbecil-

2328 5128 2468 5190 Τοὺς
2512 5127 2609 5197 μὲν
2656 5126 2943 5196 ἀνδρείους
2992 5125 3257 5179 κολακεία
3295 5124 3592 5197 χειροῦται,
3624 5117 3787 5181 τοὺςᾶ

562 5242 646 5297 los
677 5214 1075 5293 contraiuetus
1103 5228 1322 5298 frangit.
1370 5224 1482 5278 Illis
1514 5222 1731 5292 quidem
1785 5220 2005 5274 suadela
2038 5222 2141 5273 vim

2253 5219 2552 5288 ἀνάνδρους
2571 5218 2757 5288 φόϐος·
2781 5222 2895 5283 τοῖς
2915 5219 3012 5289 μὲν
3031 5219 3143 5289 γὰρ
3167 5220 3200 5289 ή
3224 5217 3404 5271 πειθὼ
3418 5217 3563 5269 δοκεῖ
3580 5214 3788 5268 (mium;

562 5334 762 5389 afferre
798 5344 904 5383 non
933 5326 1165 5387 videtur,
1205 5322 1287 5374 his
1320 5332 1450 5371 vero
1479 5326 1653 5369 metus
1681 5314 2009 5382 impotenter
2053 5314 2141 5365 im-

2253 5308 2427 5379 εἶναι,
2470 5314 2585 5375 τοῖς
2621 5312 2678 5365 δὲ
2707 5312 2736 5364 ὁ
2772 5312 2936 5381 φόϐος
2980 5313 3358 5383 ἀπαραίτητος
3403 5309 3676 5375 δεσπότης.
3706 5301 3785 5353 Καὶ

564 5434 743 5496 perat.
775 5420 844 5474 Et
872 5418 948 5472 illi
989 5428 1225 5471 causam.
1246 5407 1580 5464 adversariis
1617 5405 1895 5475 prodendo
1926 5405 2143 5457 vincun-

2252 5406 2303 5458 οί
2341 5404 2443 5475 μὲν
2481 5404 2559 5474 τῷ
2606 5403 2931 5471 καθυφεῖναι
2964 5404 3094 5468 τοὺς
3147 5404 3498 5465 ἀντιπάλους,
3533 5398 3780 5471 ἡττῶνται·

570 5488 677 5579 ιον,
713 5516 766 5569 hi
799 5529 906 5567 non
941 5524 1000 5564 se
1033 5507 1210 5561 dando
1236 5503 1531 5557 deduntur.
1571 5497 1690 5553 Noli
1729 5499 1910 5567 itaque
1955 5507 2149 5565 putare

2253 5498 2304 5550 οἱ
2345 5497 2403 5549 δὲ
2436 5495 2512 5567 τῷ
2540 5496 2618 5575 μὴ
2650 5496 2910 5549 ἐνδιδόναι
2952 5496 3240 5552 ὲνδιδόασι.
3276 5496 3365 5564 Μὴ
3412 5495 3587 5549 τοίνυν
3621 5488 3783 5546 πάντας

573 5623 680 5664 una
733 5621 835 5675 ope
870 5612 1133 5668 utrosque
1162 5594 1449 5667 iuvandos,
1491 5606 1676 5646 verum
1721 5605 1819 5660 pro
1854 5588 2151 5644 aﬂ‘cctioni-

2256 5588 2337 5640 ἑνὶ
2380 5574 2689 5657 βοηθήματι
2736 5584 3063 5655 θεραπεύειν
3104 5587 3254 5639 οἴου·
3287 5584 3421 5638 ἀλλά
3465 5583 3575 5644 τοῖς
3624 5574 3780 5633 πάθεςι

569 5701 696 5762 bus,
737 5672 801 5750 ac
830 5695 1089 5765 cujusque
1120 5687 1401 5755 facultate,
1440 5682 1709 5742 medicina
1737 5682 2001 5752 adhibita,
2036 5696 2148 5737 rem

2257 5680 2353 5734 καὶ
2377 5681 2495 5742 ταῖς
2522 5678 2787 5749 δυνάμεσι
2827 5677 2936 5729 τῶν
2967 5676 3288 5747 πασχόντων
3318 5672 3619 5743 κατάλληλα
3648 5680 3778 5738 προσ-

571 5793 880 5863 conl'ectam
911 5787 976 5845 iri
998 5782 1275 5865 confidito.

2259 5773 2440 5842 φέρων
2471 5770 2539 5826 τὰ
2569 5769 2827 5837 παιῶνια,
2858 5768 3041 5833 ἔλπιζε
3067 5769 3248 5825 αὐτῶν
3276 5768 3585 5841 κρατήσειν.
