3998 6414
228 487 368 554 1617
1128 490 1665 550 EPISTOLARUM
1705 493 1850 550 LIB.
1893 494 1962 552 V.
1998 493 2326 552 —EPIST.
2371 493 2523 551 DIX.
2903 511 2917 526 ε
3356 485 3492 551 1618

542 595 660 647 ΦΓ.
691 622 758 632 -—
786 593 1128 663 ΠΑΛΛΑΔΙῼ
1169 593 1488 664 ΔΙΑΚΟΝῼ.
1839 617 1886 668 Α

1839 617 1886 668 Α
2227 599 2364 652 Dlll.
2395 627 2465 640 -
2488 596 2829 651 l’ALLADlO
2861 596 3177 653 DIACONO.

430 705 772 778 Perstringit,
810 708 949 776 quod
974 708 1124 760 rebus
1156 706 1407 777 bonisque
1430 716 1674 772 terrenis,
1713 709 2016 766 ambitionis
2049 722 2096 766 et
2135 712 2320 782 gloriae
2353 728 2539 778 causa,
2570 714 2622 765 in
2658 714 2877 779 speciem
2908 728 2963 766 se
2991 714 3289 766 abdicaret.

295 818 361 872 Ei
391 818 489 888 μὲν
514 816 683 880 ὅντως
708 815 816 869 τῶν
842 813 1110 884 βιωτικῶν
1139 815 1417 883 κατέγνως
1439 817 1806 886 πραγμάτων,

1986 820 2043 875 Si
2089 821 2305 890 quidem
2345 822 2470 875 vita:
2521 821 2683 890 hujus
2736 822 2952 889 negotia
3022 835 3210 875 revera
3273 821 3490 890 cognita

225 910 398 980 μηδέν
429 925 512 962 σοι
538 907 718 961 κοινὸν
748 906 886 977 πρὸς
915 906 1074 960 αὐτὰ.
1101 906 1163 958 Εἰ
1191 905 1248 958 δὲ
1277 906 1436 972 δόξαν
1465 906 1804 979 θηρώμενος,

1914 912 2138 979 habeas,
2185 912 2318 968 nihil
2355 914 2446 966 tibi
2497 929 2620 966 cum
2668 913 2782 968 illis
2826 927 3110 967 commune
3138 913 3228 967 sit.
3260 912 3318 967 Si
3359 927 3487 965 vero

219 1000 534 1062 διαϐάλλεις
583 999 682 1070 μὲν
737 998 897 1062 αὐτὰ,
977 997 1206 1069 περιέχῃ
1256 998 1313 1051 δὲ
1356 1000 1431 1063 ὼς
1469 999 1678 1063 ἀϊδίων,
1732 1001 1798 1072 μὴ

1915 1003 2138 1074 gloriam
2179 1004 2424 1058 venando
2462 1003 2550 1057 illa
2588 1003 2916 1068 crimineris,
2955 1003 3335 1072 complectaris
3364 1017 3491 1056 vero

222 1094 416 1158 ἔλπιζε
451 1093 672 1162 ἀπατᾷν
720 1092 847 1153 τοὺς
884 1088 974 1142 διὰ
994 1089 1104 1144 τῶν
1155 1092 1499 1163 πραγμάτων
1547 1094 1801 1147 τάναντία

1917 1106 1976 1150 ιιι
2016 1095 2291 1157 diuturna,
2341 1109 2474 1148 cave
2529 1108 2686 1165 putes
2728 1110 2821 1150 eos
2879 1096 2973 1164 qui
3022 1095 3090 1149 de
3136 1095 3298 1150 rebus
3331 1093 3485 1164 ipsis,

223 1185 382 1257 παρὰ
414 1182 510 1238 σοῦ
535 1182 980 1253 παιδευομένους.

1915 1195 2105 1242 contra
2140 1196 2305 1257 alque
2337 1197 2392 1241 tu
2435 1188 2691 1250 sentiant,
2729 1189 3010 1240 aberrare.

579 1296 700 1350 οΑι.
729 1322 798 1336 -
827 1293 1103 1364 ΣΕΡΗΝῼ
1126 1294 1453 1367 ΔΙΛΚΟΝῼ.

2229 1295 2364 1351 DIV.
2404 1326 2476 1335 —
2518 1293 2791 1350 SERENO
2824 1291 3145 1349 DlACONO.

1111 1387 1384 1441 Honorari
1414 1388 1534 1442 vis?
1569 1389 1818 1444 honorem
1851 1389 2039 1459 fugito.
2071 1386 2249 1459 (Conf.
2281 1391 2430 1459 epist.
2461 1387 2611 1456 522.)

299 1499 367 1554 Ei
397 1497 558 1569 δόξης
583 1498 737 1569 ἐρᾷς,
772 1496 1106 1568 καταφρόνει
1151 1497 1332 1568 δόξης,
1365 1499 1460 1551 καὶ
1488 1499 1610 1552 τότε
1640 1499 1812 1571 αὐτῆς

1985 1504 2042 1558 Si
2101 1504 2325 1574 gloriam
2377 1505 2625 1570 sectaris,
2677 1518 2796 1557 eam
2862 1503 2946 1558 fac
3005 1513 3365 1561 contemnas:
3417 1505 3495 1559 sic

224 1590 619 1654 ἀπολαύσειας.
650 1589 958 1643 Φιλόνεικον
1000 1590 1109 1660 γάρ
1140 1606 1257 1652 πως
1280 1589 1342 1642 τὸ
1370 1589 1479 1644 τῶν
1509 1590 1803 1662 ἀνθρώπων

1920 1597 2010 1652 liet
2036 1607 2093 1650 ut
2114 1598 2204 1650 illa
2226 1597 2467 1667 potiaris.
2491 1597 2901 1650 Contentiosum
2930 1604 3014 1650 est
3039 1597 3182 1650 enim
3209 1596 3491 1650 hominum

225 1685 388 1751 γένος
420 1681 560 1747 ἐστὶ,
599 1681 695 1734 καὶ
730 1681 867 1750 πρὸς
923 1680 1024 1750 μὲν
1063 1681 1125 1734 τὺ
1156 1679 1501 1751 ὑπεραυχοῦν
1547 1681 1804 1734 διακινδυ-

1919 1703 2108 1755 genus,
2137 1696 2192 1742 et
2238 1690 2304 1743 de
2360 1687 2671 1758 prmstantia
2721 1687 2950 1741 libenter
2983 1687 3221 1741 dimicat.
3253 1687 3487 1742 Vincere

227 1773 411 1827 νεύειν
449 1771 622 1841 φιλεϊο
656 1771 793 1843 πρὸς
822 1771 880 1824 δὲ
902 1771 964 1824 τὸ
990 1772 1248 1825 ταπεινὸν
1280 1771 1397 1842 μεθ’
1427 1772 1618 1843 ἡδονῆς
1655 1773 1806 1826 σπέν-

1919 1780 2064 1832 cnim
2095 1778 2274 1832 studet
2305 1793 2450 1840 eum,
2495 1778 2584 1846 qui
2627 1777 2866 1832 victorire
2911 1777 3101 1832 inhiat.
3139 1777 3493 1847 Cumjucuu—

227 1864 421 1919 δεσθαι
451 1863 684 1932 πέφυκε.
716 1862 896 1932 Νικᾷν
933 1862 1032 1934 μὲν
1061 1863 1171 1933 γὰρ
1207 1861 1498 1927 σπουδάζει
1528 1863 1622 1916 τὸν
1657 1863 1806 1933 νίκης

1921 1868 2088 1921 ditate
2133 1877 2312 1921 autem
2366 1866 2682 1921 submittere
2725 1881 2783 1922 se
2834 1866 2932 1933 illi,
2985 1868 3076 1937 qui
3109 1867 3329 1924 vincere
3377 1881 3488 1924 non

230 1955 544 2026 ἐφιέμενον,
581 1951 846 2024 ἡττᾶσθαι
881 1952 941 2006 δὲ
989 1953 1135 2022 φιλεῖ
1165 1954 1283 2025 μεθ’
1315 1954 1508 2025 ἡδονῆς
1550 1954 1628 2026 τῷ
1661 1955 1809 2026 νίκης

989 1953 1135 2022 φιλεῖ
1165 1954 1283 2025 μεθ’
1315 1954 1508 2025 ἡδονῆς
1550 1954 1628 2026 τῷ
1661 1955 1817 2026 νίκης
1851 1943 1891 1997 Β
1921 1958 2217 2024 desiderat,
2251 1959 2553 2014 consuevit.

236 2049 315 2119 μὴ
351 2045 646 2118 ἐφιεμένῳ.

300 2155 428 2212 QE’.
454 2183 526 2194 —
550 2153 709 2208 ΤΟΙΣ
745 2152 1134 2208 ΚΛΗΡΙΚΟῙΣ
1163 2153 1302 2207 ΤΟΥ
1331 2154 1750 2213 ΠΗΛΟΥΣΙΟΥ.

1641 2154 1750 2209 ΟΥ.
2231 2156 2340 2211 DV.
2393 2186 2461 2199 —-
2505 2154 2892 2213 PELUSIANO
2965 2157 3217 2215 CLERO.

1436 2250 1687 2320 Βοὴθεια,
1726 2252 1864 2306 unde
1893 2250 2092 2306 Gra'cis
2140 2253 2303 2307 dicta.

323 2361 570 2416 Ἐοίκατε
606 2362 823 2433 ἀγνοεῖν
869 2361 932 2416 τὺ
959 2362 1060 2433 τῆς
1089 2361 1342 2433 βοηθείας
1373 2361 1566 2431 ὄνομα,
1589 2360 1724 2431 ὅπερ
1749 2359 1824 2413 ετ-

1993 2360 2260 2414 Videmini
2299 2361 2549 2429 ignorare
2580 2362 2833 2433 βοήθειας
2859 2372 3078 2434 etymon
3121 2365 3261 2434 quod
3293 2361 3498 2419 Graecis

238 2469 404 2524 ρηται
453 2454 605 2525 παρὰ
653 2455 714 2508 τὸ
755 2453 909 2524 μετὰ
955 2453 1114 2522 ,ϐοῆς
1173 2452 1358 2509 θέεινο
1404 2452 1500 2506 καὶ⁸
1544 2452 1632 2506 διὰ
1668 2451 1817 2505 τοῦτε

1922 2452 2121 2506 dictum
2140 2451 2293 2522 παρὰ
2311 2452 2372 2505 τὸ
2399 2453 2537 2522 μετὰ
2553 2453 2680 2524 βοῆς
2710 2455 2872 2519 θέειν,
2905 2453 2973 2508 ad
2998 2471 3170 2508 vocem
3199 2472 3495 2510 accurrere.

238 2544 577 2617 βραδύτερον
599 2546 945 2617 ἀφικόμενοι,
977 2546 1070 2599 καὶ
1104 2546 1482 2615 σχολαιότερον
1521 2543 1817 2612 βαδίζοντες

1922 2543 2264 2613 Quapropter
2297 2546 2504 2600 tardius
2558 2561 2653 2598 vos
2688 2549 3004 2602 accedentes
3043 2559 3211 2616 atque
3254 2549 3500 2615 ignavius

235 2637 692 2707 ἀποτετυχήκατε
739 2638 841 2708 τῆς
871 2637 1063 2708 θήρας.
1105 2637 1166 2690 Ὁ
1196 2636 1303 2706 γὰρ
1338 2635 1549 2706 δεηθεὶς
1579 2634 1679 2704 τῆς
1705 2636 1814 2686 επι-

1922 2643 2230 2696 ourrentes,
2285 2633 2453 2687 feram
2493 2651 2596 2688 non
2655 2637 2899 2704 cepistis.
2952 2636 3052 2704 Qui
3109 2638 3252 2692 enim
3300 2638 3501 2692 auxilio

241 2727 496 2798 κουρίας,
539 2727 765 2799 θήραμα
812 2729 906 2781 καὶ
935 2727 1096 2798 ἔργον
1139 2729 1238 2798 τῆς
1270 2726 1379 2779 τῶν
1409 2723 1820 2780 ἐπιϐουλευσάν-

1928 2727 2223 2795 indigebat,
2250 2738 2470 2797 captura
2503 2739 2557 2782 et
2590 2744 2725 2799 opus
2760 2729 3132 2784 insidiantium
3162 2730 3501 2786 crudelitatis

236 2837 353 2872 των
382 2819 667 2891 ὠμότητος
693 2821 940 2889 γέγονεν.

542 2837 667 2889 ητος
693 2821 940 2889 γέγονεν.
1929 2821 2121 2872 evasit.

748 2929 886 2994 eq".
925 2956 996 2966 —
1029 2923 1308 2996 ΑΛΥΠΙῼ.
2318 2927 2327 2996 ε

2318 2926 2482 2998 708
2504 2927 2639 2982 DVI.
2671 2958 2741 2969 —
2773 2928 3056 2988 ALYPlO.

885 3019 927 3071 Α
963 3021 1154 3073 teneris
1181 3033 1480 3072 assuescere
1508 3016 1732 3070 multum
1760 3025 1834 3070 est
1865 3018 1922 3071 in
1967 3019 2178 3086 pietatis
2203 3022 2400 3074 studio.
2435 3019 2596 3092 (Vide
2617 3023 2771 3087 epist.
2803 3022 2882 3093 9.)

311 3136 440 3197 Τοῖς
490 3134 676 3188 παισὶν
717 3133 797 3187 ἔτι
826 3134 1044 3204 νηπίοις
1064 3132 1443 3204 τυγχάνουσιν,
1475 3130 1692 3202 πρῶτον
1727 3131 1826 3201 μὲν

2002 3131 2195 3186 Pueris
2241 3133 2534 3187 etiamnum
2581 3134 2784 3189 teneris
2811 3134 2879 3189 de
2932 3133 3027 3190 Dei
3080 3134 3396 3190 excellentia
3438 3150 3504 3191 ac

237 3227 335 3280 τὸν
379 3225 511 3296 περὶ
553 3225 652 3296 τῆς
696 3225 971 3296 ὑπεροχῆς
1009 3242 1069 3277 τε
1111 3223 1205 3277 τοῦ
1245 3222 1380 3276 Θεοῦ
1420 3223 1516 3275 καὶ
1545 3222 1816 3292 προνοίας,

1931 3225 2291 3293 providentia,
2315 3235 2499 3293 postea
2553 3227 2620 3281 de
2648 3227 2852 3282 virtute
2907 3239 3174 3298 praecepta
3203 3237 3330 3282 sunt
3361 3228 3505 3283 inse-

239 3317 438 3371 ἔπειτα
486 3317 543 3370 δὲ
576 3317 672 3370 καὶ
708 3315 800 3369 τὸν
832 3316 958 3387 περὶ
984 3315 1189 3387 ἀρετῆς
1226 3313 1332 3384 χρὴ
1359 3313 1818 3383 κατασπείρεσθαι

1934 3316 2120 3381 renda,
2163 3325 2224 3370 ut
2271 3317 2590 3386 grandiores
2636 3317 2749 3386 jam
2796 3319 2924 3374 facti
2988 3319 3042 3374 in
3088 3320 3348 3387 virosque
3393 3321 3505 3388 jam

239 3410 408 3477 λόγον
428 3423 442 3438 ·
475 3409 564 3461 ῐνα
600 3407 1065 3477 συναυξανόμενος
1094 3407 1188 3460 καὶ
1215 3404 1508 3476 συνανδρού
1519 3421 1680 3475 μενος
1705 3404 1818 3457 θεο-

1934 3405 2174 3474 formati,
2211 3421 2334 3462 cum
2388 3407 2480 3462 Dei
2539 3406 2741 3477 Optimi
2794 3408 3018 3465 Maximi
3079 3418 3344 3475 amantes,
3393 3417 3504 3462 tum

240 3503 423 3572 φιλεῖς
444 3501 538 3556 καὶ
561 3501 849 3572 ἐναρέτους
875 3499 1074 3570 ἄνδρας
1103 3497 1503 3552 ἀποτελέσειεν.

1103 3497 1503 3552 ἀποτελέσειεν.
1932 3497 2143 3568 ρι’ωαίιί
2178 3498 2408 3553 evadant
2435 3499 2653 3554 virtute.

526 3611 644 3664 οῖ’.
683 3637 755 3648 -
785 3607 1036 3679 ΖΩΣΙΜῼ
1069 3606 1539 3676 ΠΡΕΣΒΥΤΕΡῼ.

2158 3605 2321 3664 DVll.
2353 3638 2421 3649 —
2472 3606 2727 3663 ZOSIMO
2785 3606 3264 3665 PRESBYTERO.

1129 3697 1270 3751 Vitia
1301 3699 1590 3752 verecunde
1614 3697 2035 3768 perstringenda.
2065 3697 2252 3769 (Supr.
2282 3701 2435 3768 epist.
2466 3700 2616 3772 455.)

325 3813 531 3885 Ἐχρῆν
586 3814 694 3884 ,μὲν
739 3811 1134 3883 νεανικώτερον
1179 3810 1668 3884 ὲκτραγῳδηθῆναι
1719 3810 1819 3872 τὰς

2003 3808 2302 3878 Oportebat
2326 3810 2623 3880 juvenilius
2658 3827 2723 3867 ac
2759 3813 3136 3868 vehementius
3190 3821 3309 3868 tuas
3339 3815 3511 3871 actio-

243 3907 350 3970 σὰς
395 3905 649 3976 πράξεις,
693 3905 834 3976 τάχα
883 3903 988 3959 κᾶν
1037 3902 1212 3966 οὓτως
1260 3901 1655 3973 ὲρυθριάσαιςο
1707 3901 1822 3955 ἀλλ’

1932 3913 2028 3952 nes
2054 3899 2256 3968 tragice
2271 3900 2607 3969 exaggerari,
2631 3910 2690 3954 ut
2707 3902 2788 3956 sic
2811 3900 2948 3956 forte
2969 3903 3260 3957 erubescas
3283 3924 3294 3958 :
3320 3918 3509 3957 verum

242 3997 437 4068 ἐπειδὴ
458 3998 519 4051 οὐ
543 3998 650 4068 χρὴ
679 3997 808 4059 τοὺς
858 3994 1186 4066 σεμνότητος
1217 3991 1697 4063 ἀντιποιουμένους
1732 4008 1821 4062 μο‹

1935 3992 2149 4060 quando
2170 4007 2273 4045 non
2298 3994 2452 4048 decet
2478 3993 2801 4064 gravitatem
2854 3994 3204 4062 praeferentes
3257 4011 3385 4051 snas
3428 3999 3509 4050 iu-

242 4089 428 4144 λύνειν
470 4089 684 4145 ἑαυτῶν
727 4077 827 4152 τὰς
869 4086 1148 4157 γλώττας,
1188 4085 1422 4156 τάχιστα
1479 4085 1576 4138 καὶ
1624 4084 1821 4154 εὐπρε-

1933 4084 2164 4152 quinare
2210 4084 2444 4153 linguas,
2490 4085 2870 4139 decentissima
2916 4088 3094 4154 potius
3142 4087 3511 4156 proferentur.

241 4183 490 4237 πέστατα
509 4182 804 4248 λελέξεται,
835 4183 919 4236 ὅτι
967 4179 1219 4253 μεγάλων
1249 4177 1438 4234 κακῶν
1475 4176 1650 4232 αἴτιαί
1688 4177 1820 4232 εἰσιν

1933 4173 2065 4240 Quae
2079 4173 2220 4228 enim
2248 4174 2396 4244 juxta
2421 4183 2666 4230 ventrem
2691 4173 2942 4231 libidines
2974 4186 3118 4242 sunt,
3145 4179 3503 4234 maximorum

244 4274 303 4326 ai
337 4272 476 4340 μετὰ
505 4274 749 4343 γαστέρα
774 4270 977 4344 ἡδοναί.

1930 4265 2198 4319 exsistunt
2230 4281 2408 4323 causa:
2437 4268 2729 4339 malorum.

432 4381 562 4435 ΦΗ’.
600 4413 672 4426 --
699 4380 1127 4452 ΘΕΟΠΕΜΠΤῼ
1158 4377 1633 4447 ΠΡΕΣΒΥΤΕΡῼ.

2073 4373 2264 4430 DVIll.
2295 4403 2358 4416 --
2387 4375 2848 4434 THEOPEMPTO
2881 4376 3364 4434 PRESBYTERO.

153 4547 156 4550 .
241 4498 313 4554 In
336 4501 728 4555 concionatores
765 4517 987 4570 quorum
1016 4501 1123 4553 vita
1151 4497 1406 4570 doctrina
1428 4483 1530 4549 non
1560 4491 1854 4570 respondet.
1884 4490 1964 4570 Ad
1991 4489 2124 4570 illud
2153 4504 2172 4543 :
2204 4508 2222 4542 ι
2262 4491 2529 4570 Dicuntet
2559 4509 2679 4570 nAo_n_
2695 4493 2951 4570 faciunt.»
2985 4491 3202 4564 (Matth.
3239 4509 3396 4557 mu,
3429 4493 3509 4563 5.)

897 4568 1098 4624 Facere
1129 4585 1284 4637 quam
1316 4567 1487 4620 dicere
1515 4560 1682 4633 magis
1706 4562 2002 4631 persuadet.
2035 4560 2194 4630 (Sup.
2227 4563 2380 4630 epist.
2414 4562 2542 4627 215,
2575 4560 2702 4627 9.35,
2727 4563 2876 4631 265.)

318 4677 459 4732 Οὔτε
490 4678 648 4747 λόγος
667 4719 682 4742 ,
737 4677 861 4732 οὔτε
891 4677 1087 4748 σκῆψις
1135 4675 1490 4730 ὑπολείπεται
1537 4674 1650 4736 τοῖς
1678 4670 1826 4724 διδά-
1860 4659 1897 4712 Π

1999 4669 2185 4741 Neque
2247 4672 2447 4735 oratio,
2511 4688 2575 4726 ac
2609 4688 2676 4727 ne
2747 4673 3027 4728 excusatio
3063 4673 3280 4742 quidem
3314 4673 3511 4727 docere

245 4787 404 4824 σκειν
453 4770 553 4841 μὲν
602 4769 864 4841 τολμῶσι,
906 4769 1166 4823 τάναντία
1201 4768 1258 4820 δὲ
1289 4759 1364 4820 ὧν
1407 4765 1624 4832 λέγουσι
1658 4762 1824 4834 πράτ-

1936 4762 2073 4818 alios
2118 4763 2267 4818 ausis
2330 4764 2515 4818 relicta
2557 4774 2660 4829 est,
2722 4766 2766 4819 si
2835 4773 3028 4819 contra
3102 4774 3265 4832 atque
3315 4763 3513 4819 docent

243 4878 426 4914 τουσι.
484 4861 624 4924 Τοὺς
684 4861 783 4931 μὲν
832 4860 941 4931 γάρ
979 4861 1116 4930 μήτε
1166 4859 1526 4929 πράττοντας,
1571 4854 1709 4924 μήτε
1752 4853 1822 4905 δι-

1937 4855 2158 4910 i'aciant.
2191 4855 2294 4922 Qui
2319 4870 2446 4910 vero
2479 4871 2654 4926 neque
2684 4866 2871 4927 agunt,
2907 4871 3080 4922 neque
3097 4857 3292 4910 docere
3323 4868 3513 4924 aggre-

243 4951 473 5006 δάσκειν
518 4951 950 5022 ἐπιχειροῦντας,
988 4950 1136 5012 εἰκὸς
1168 4947 1540 5019 μετριωτέραν
1588 4946 1822 5012 ἀπαιτη-

1938 4948 2178 5014 diuntur,
2210 4961 2423 5017 pinnam
2467 4949 2694 5002 daturos
2745 4948 3166 5002 tolerabiliorem
3221 4945 3517 5001 verisimile

247 5044 412 5113 θῆναι
461 5043 754 5114 τιμωρίαν.
803 5043 943 5106 Τοὺς
989 5042 1047 5095 δὲ
1093 5038 1558 5109 ὲναϐρυνομένους
1604 5035 1702 5106 μὲν
1737 5034 1826 5087 ἐπὶ

1936 5052 2042 5097 est.
2086 5045 2156 5096 At
2206 5045 2297 5112 qui
2348 5043 2593 5103 docendo
2655 5059 2712 5097 se
2753 5042 2963 5111 jactant
3012 5051 3174 5112 atque
3210 5049 3510 5101 ostentant,

246 5133 335 5205 τῷ
385 5133 752 5203 διδασκαλικῷ
790 5134 958 5203 λόγῳ,
1012 5132 1087 5203 μὴ
1135 5129 1424 5192 ποιοῦντας
1453 5127 1512 5180 δὲ
1557 5125 1594 5181 ἃ.
1644 5142 1825 5196 φασιν,

1937 5147 2059 5201 qua:
2086 5149 2217 5187 vero
2267 5134 2482 5195 docent,
2536 5149 2640 5187 non
2689 5143 2873 5202 agunt,
2907 5131 3298 5187 inexorabilem
3325 5131 3511 5184 venia-

247 5225 630 5296 ἀπαραίτητον
664 5225 760 5278 καὶ
785 5224 1194 5294 ἀσύγγνωστον.

1938 5238 2044 5292 que
2081 5233 2360 5279 carentem
2385 5237 2602 5293 pteuam
2635 5224 2804 5278 luent.

766 5333 887 5387 Φθι.
916 5363 989 5374 -
1013 5332 1102 5402 To
1137 5330 1344 5400 ΔΥΤῼ.

2463 5330 2598 5385 DlX.
2642 5359 2714 5369 —
2744 5328 2971 5386 EIDEM.

248 5446 464 5504 Bellum
485 5445 722 5517 spiritale
745 5445 991 5500 alacriter
1010 5443 1220 5515 aggredi
1243 5443 1407 5505 decet,
1445 5441 1619 5495 divino
1647 5440 1837 5521 [return
1869 5439 2091 5520 nutritio.
2131 5437 2308 5507 Neque
2355 5441 2492 5494 enim
2525 5457 2588 5493 ea:
2628 5441 2897 5509 copiarum
2935 5439 3274 5494 multitudine
3312 5455 3518 5510 semper

1768 5523 2006 5562 υιειονιιι.

1768 5527 2006 5564 amona.

322 5629 390 5682 Ei
417 5627 511 5681 καὶ
535 5625 800 5697 περὶ⁹τῶν
825 5624 1151 5696 σωματικῶν
1181 5621 1458 5692 πολέμων,
1489 5619 1550 5672 οὐ
1578 5621 1684 5692 χρὴ
1704 5621 1826 5682 τοὺς

2009 5622 2076 5676 Et
2114 5621 2159 5676 si
2199 5621 2335 5676 bello
2360 5621 2629 5688 corporali
2672 5635 2768 5675 eos
2811 5621 2903 5690 qui
2924 5620 3136 5675 viribus
3193 5621 3503 5690 superiores

255 5720 430 5792 μείζω
471 5718 698 5789 δύναμιν
744 5717 989 5788 ἔχοντας,
1021 5717 1096 5780 ὡς
1129 5717 1370 5786 φανερᾶς
1407 5712 1570 5784 οὔσης
1606 5716 1704 5783 τῆς
1750 5713 1830 5766 νί-

1937 5721 2084 5778 sunt,
2116 5713 2270 5782 quasi
2315 5713 2386 5766 sit
2409 5723 2555 5767 certa
2579 5712 2908 5773 vietoria,se
2932 5713 3142 5780 jactare
3183 5727 3288 5765 non
3333 5714 3513 5768 decet.

250 5827 380 5881 κης,
415 5809 878 5864 διαϐεὗαιοῦσθαιο
913 5809 1084 5862 πολλὰ
1116 5809 1223 5879 γὰρ
1261 5806 1538 5879 παράδοξα
1572 5809 1829 5872 πολλάκις

1941 5805 2204 5859 Accidunt
2237 5805 2378 5859 enim
2409 5805 2496 5859 hic
2528 5805 2691 5858 multa
2739 5820 3109 5872 saepenumero
3156 5805 3430 5874 inopinata
3461 5814 3515 5858 et

255 5899 502 5969 ὲγένετου
560 5900 650 5955 καὶ
684 5901 745 5954 τὸ
777 5901 877 5972 μὲν
907 5895 1051 5967 εἶξαν
1085 5900 1244 5965 εὐθὺς
1283 5899 1624 5967 ἀνέλπιστον,
1674 5899 1750 5971 τῷ
1778 5901 1834 5956 δὲ

1945 5898 2267 5968 insperata:
2320 5905 2373 5954 et
2400 5897 2615 5968 quidem
2653 5897 2838 5956 statim
2880 5897 3158 5965 recedere,
3201 5911 3296 5967 spe
3341 5904 3515 5952 caret.
