3998 6414
590 465 731 533 1619
1127 510 1135 515 ν
1790 482 1852 540 S.
1894 481 2186 541 lSIDORI
2226 482 2665 542 PELUSIO’I‘IE
3673 485 3775 549 1620

585 584 787 637 Contra
841 597 969 638 vero
1014 585 1110 639 niti
1169 587 1462 653 volentem,
1505 590 1646 645 bona
1679 604 1804 660 spes
1857 592 2164 645 comitatur.

2200 614 2243 669 Α
2277 591 2533 662 ἀντιδρᾷν
2587 588 2828 643 ἐθέλοντι
2877 588 3033 652 ἐλπὶς
3088 588 3266 661 ἀγαθὴ
3311 589 3591 645 ἀκολουθεῖ·
3639 596 3776 668 ποὶᾲνρ

587 672 752 728 Multo
787 689 915 729 vero
967 679 1139 744 magis
1168 679 1221 734 in
1257 681 1486 747 spiritali
1528 681 1669 736 lucta
1716 682 2018 738 adversarii
2057 684 2159 736 im-

2277 684 2480 751 μᾶλλον
2509 684 2637 748 τοὺς
2684 684 2813 753 περὶ
2842 683 3025 753 ψυχῆς
3060 681 3486 754 ἀγωνιζομένους
3513 686 3569 738 οὒ
3598 686 3678 757 τὴν
3699 690 3776 743 nini

580 775 707 832 petu
736 772 1071 823 conssernari
1116 786 1221 824 non
1264 774 1442 832 decet.
1493 775 1585 829 sed
1622 775 1954 830 vincentium
2008 775 2159 845 cogi-

2269 772 2581 828 ἀντιπάλων
2608 773 2715 844 χρὴ
2741 777 3153 843 καταπτήσσειν
3181 772 3424 843 δύναμιν,
3449 774 3577 827 ἀλλὰ
3598 776 3682 847 τὴν
3699 779 3777 833 τῶν

583 857 752 910 tando
805 858 1037 925 c0piam.
1091 860 1294 930 Deique
1347 864 1623 934 adjutorio
1664 865 1930 921 audentes
1960 866 2025 920 ad
2059 882 2161 936 pu-

2272 866 2614 936 νικησάντων
2647 864 3084 935 ἐνθυμουμένους
3126 864 3356 935 πληθὺν,
3388 869 3452 937 τῇ
3474 866 3587 938 θείᾳ
3614 885 3777 940 συμμα-

580 964 742 1019 gnam
774 951 929 1005 decet
962 953 1192 1022 accingi.

2273 957 2367 1028 χίᾳ
2405 956 2750 1029 θαρροῦντας,
2776 958 2871 1010 ἐπὶ
2898 957 2990 1010 τὸν
3022 956 3211 1026 ἀγῶνα
3232 959 3446 1031 χωρεῖν.

866 1054 979 1115 DX.
1006 1088 1075 1098 —
1111 1056 1370 1115 ZOSIMO
1393 1059 1873 1117 PRESBYTERO.

2554 1068 2755 1122 <bl'.—
2787 1069 3042 1139 ΖΩΣΙΜῼ
3078 1068 3540 1139 unaunam.

1400 1157 1479 1211 De
1508 1157 1856 1231 eleemosyna.
1888 1158 2069 1232 (Conf.
2102 1165 2255 1233 epist.
2284 1162 2370 1228 79,
2408 1163 2531 1228 155,
2562 1164 2688 1231 181,
2720 1165 2843 1230 185,
2868 1164 3023 1235 210.)

649 1259 729 1315 Eo
755 1261 1127 1331 immanitatis,
1172 1276 1335 1336 atque
1376 1269 1801 1327 inhumanitatis
1844 1272 2159 1342 prolapsum

2333 1274 2431 1339 Είς
2487 1274 2761 1345 τοσαύτην
2815 1274 3079 1346 ὠμότητα
3124 1275 3220 1329 καὶ
3263 1273 3640 1344 ἀπανθρωπίαν
3677 1277 3779 1341 τινὲς

581 1359 635 1405 te
659 1353 876 1420 quidam
907 1369 1240 1417 asseverant.
1268 1369 1325 1414 ut
1354 1370 1542 1415 contra
1564 1360 1655 1416 Dei
1699 1374 1962 1432 praecepta
1997 1380 2154 1435 gras-

2263 1364 2585 1437 ὲληλυθέναι
2617 1366 2681 1419 σέ
2704 1384 2893 1437 φασιν,
2926 1366 3005 1430 ὡς
3031 1366 3126 1421 καὶ
3155 1366 3254 1436 τὴν
3274 1366 3516 1421 ἐναντίαν
3545 1366 3640 1421 τῶν
3662 1368 3780 1422 θείων

584 1446 745 1498 seris.
773 1442 971 1500 Jubent
996 1447 1140 1501 enim
1182 1449 1268 1502 illa
1302 1452 1393 1505 Dei
1426 1453 1699 1517 mandata,
1734 1454 1787 1507 in
1819 1455 2162 1527 eleemosyna

2267 1460 2534 1532 χρησμῶν
2581 1460 2908 1532 ἀνατέμνειν
2955 1460 3097 1515 ὁδόν.
3158 1460 3413 1513 Ἐκείνων
3442 1460 3546 1531 γὰρ
3586 1478 3779 1530 παρακε-

584 1534 828 1589 facienda
861 1537 1003 1591 nulla
1045 1540 1168 1594 duci
1230 1541 1377 1596 inani
1418 1543 1614 1613 gloria.
1660 1544 1739 1599 Te
1783 1562 1935 1609 vero,
1994 1564 2060 1602 ne
2097 1548 2163 1602 ob

2263 1554 2594 1623 λευομένων,
2648 1553 2724 1623 μὴ
2760 1552 3059 1617 κενοδοξεῖν
3100 1552 3196 1605 ἐπὶ
3237 1551 3317 1622 τῷ
3347 1554 3516 1605 ποιεῖν
3547 1552 3781 1623 ἐλεημοσύ-

582 1626 799 1679 inanem
845 1629 1061 1698 quidem
1123 1630 1381 1700 gloriam,
1438 1631 1581 1687 ﬂecti
1634 1634 1849 1701 quidem
1905 1651 2064 1705 pOSSe
2098 1637 2161 1689 ad

2267 1660 2387 1712 νην,
2433 1643 2493 1696 σὲ
2540 1643 2663 1698 οὐδὲ
2712 1643 2801 1697 διὰ
2848 1642 3158 1708 κενοδοξίαν
3203 1641 3526 1696 ἐπικλᾶσθαι
3573 1644 3688 1706 πρὸς
3708 1644 3781 1706 τὰς

582 1719 803 1788 inopum
858 1736 1049 1789 preces
1109 1724 1397 1783 allirmant.
1455 1724 1684 1782 Noveris
1736 1738 1922 1799 Itaque
1969 1730 2161 1785 melius

2269 1734 2488 1804 δεήσεις
2523 1735 2917 1807 ἰσχυρίζονται.
2960 1734 3132 1799 Εἰδὼς
3175 1735 3358 1789 τοίνυν
3383 1734 3457 1798 ὡς
3490 1733 3681 1805 ἄμεινον
3709 1735 3780 1805 μὲν

581 1824 702 1865 esse
729 1812 943 1880 quidem
983 1817 1261 1873 occultare
1298 1818 1735 1891 eleemosynam,
1785 1830 1841 1874 at
1880 1822 2013 1876 nihil
2049 1837 2160 1877 om-

2200 1877 2236 1899 n
2266 1826 2327 1879 τὸ
2358 1827 2644 1899 κρύπτειν,
2677 1828 2737 1881 τὸ
2764 1828 2821 1881 δέ
2856 1828 2981 1899 μηδ’
3010 1828 3148 1891 ὅλως
3173 1828 3436 1899 παρέχειν
3459 1826 3779 1897 ἀπάνθρωπον,

581 1902 713 1957 nino
749 1904 989 1973 praebere
1015 1907 1370 1964 inhumanum
1424 1924 1568 1967 esse.
1617 1910 1790 1966 Media
1846 1913 2030 1983 itaque
2075 1913 2159 1966 via

2202 1877 2236 1932 Β
2265 1877 2504 1991 aia.
2523 1877 2756 1990 ista;
2769 1877 2982 1991 "pili;
3017 1877 3278 1987 ’β’έῖδίέρῖ
3464 1877 3682 1973 aut;
3696 1877 3781 1991 {si

581 1994 840 2050 insistito.
870 1994 1098 2052 Praestat
1118 2000 1262 2054 enim
1292 1998 1566 2071 utcunque
1618 2003 1746 2073 quid
1781 2016 1964 2073 agere,
1999 2018 2160 2073 quam

2264 2008 2360 2064 τοῦ
2399 2010 2522 2082 μηδ’
2548 2012 2683 2075 ὅλως
2710 2014 2881 2064 ποιεῖν
2907 2011 2969 2064 τὸ
3000 2012 3151 2075 ὅπως
3180 2012 3383 2083 δήποτε
3427 2014 3600 2066 ποιεῖν.
3624 2011 3684 2064 Τὸ
3709 2012 3780 2081 μὲν

580 2086 716 2142 nihil
746 2103 943 2158 agere:
979 2089 1081 2145 hoc
1127 2091 1269 2146 enim
1326 2107 1592 2147 summam
1648 2104 1888 2150 meretur
1915 2109 2157 2164 poenam,

2267 2102 2379 2174 γὰρ
2411 2103 2495 2166 είς
2533 2102 2771 2173 ἐσχάτην
2822 2103 3055 2174 τελευτᾷ
3102 2103 3400 2174 τιμωρίαν,
3445 2103 3505 2155 τὺ
3534 2102 3584 2156 δὲ
3610 2102 3694 2156 κᾶν
3715 2101 3781 2154 τὸν

579 2175 711 2231 illud
742 2192 877 2233 vero
898 2182 1260 2250 spectantium
1288 2183 1450 2238 etiam
1487 2185 1702 2240 laudem
1741 2197 2008 2242 meretur-

1882 2197 2008 2242 :tur-
2272 2193 2426 2265 παρά
2457 2194 2568 2249 τῶν
2601 2183 2893 2264 θέωμένων
2919 2196 3140 2249 ἔπαινον
3169 2194 3461 2265 κερδαίνει.

1007 2290 1170 2362 709
1217 2292 1348 2346 uxr.
1382 2325 1449 2333 —
1485 2292 1714 2349 EIDEM.

2753 2308 2903 2362 MA'.
2934 2337 3004 2346 —
3031 2308 3118 2378 Te
3152 2307 3357 2378 ΑΥἹᾮ.

922 2470 925 2471 ν
1555 2406 1761 2462 Luxmn
1810 2396 2129 2466 valetudinis
2157 2417 2314 2473 etiam
2337 2422 2513 2490 gratia
2539 2420 2865 2490 fugiendum.

647 2512 945 2569 Pauearum
972 2515 1268 2588 indigentia
1296 2534 1499 2585 rerum,
1523 2523 1816 2592 paucisque
1842 2533 2158 2580 contentum

2345 2531 2410 2585 Ἦ
2453 2531 2550 2603 μὲν
2594 2532 2864 2599 ὀλιγόδεια
2899 2533 2995 2586 καὶ
3024 2531 3123 2603 τὴν
3170 2530 3357 2602 ψυχὴν
3386 2528 3593 2600 ὠφελεῖ,
3632 2527 3709 2582 καί
3738 2527 3782 2581 τὸ

572 2620 716 2667 esse.
743 2617 797 2661 et
841 2609 1024 2662 animo
1054 2608 1303 2676 prodest,
1326 2620 1380 2664 et
1411 2613 1656 2680 corporis
1683 2615 1975 2669 conﬁrmat
2006 2618 2151 2673 vale-

2262 2622 2427 2693 σῶμα
2464 2623 2616 2692 ὑγιές
2651 2622 2976 2694 καθίστησιν
2996 2638 3009 2651 ·
3042 2624 3075 2692 ἡ
3103 2621 3161 2676 δὲ
3204 2620 3523 2674 πολυτέλεια
3545 2618 3686 2688 ἄμφω
3709 2616 3780 2669 λυ-

574 2697 841 2750 tudinem.
873 2696 942 2751 At
974 2697 1135 2754 luxus
1165 2708 1453 2770 utrumque
1480 2700 1805 2758 labefactat:
1832 2705 2001 2760 animi
2035 2708 2153 2776 qui-

2262 2714 2535 2783 μαίνεται,
2563 2714 2665 2784 τῆς
2708 2712 2808 2783 μὲν
2839 2712 2939 2784 τὴν
2983 2712 3267 2783 φρόνησιν,
3296 2710 3395 2764 τοῦ
3419 2710 3475 2764 δὲ
3502 2710 3590 2781 τὴν
3619 2707 3782 2777 ὑγίειαν

570 2785 695 2843 dem
731 2803 921 2876 sensus
954 2791 1273 2860 corrumpit,
1307 2793 1555 2863 corporis
1585 2809 1715 2850 vero
1752 2794 1903 2864 pellit
1943 2798 2149 2853 sanita-

2259 2804 2752 2876 ἐξοστρακίζουσα*
2780 2805 2877 2859 καὶ
2902 2805 2936 2876 ἡ
2963 2804 3063 2876 μὲν
3087 2804 3182 2857 καὶ
3213 2803 3317 2866 τὰς
3359 2801 3616 2873 ἐμφύτους
3637 2798 3780 2853 ἐπιου-

572 2890 699 2935 tem.
752 2880 821 2936 Et
868 2882 968 2936 hoc
997 2882 1217 2953 quidem
1249 2884 1466 2953 innatos
1501 2887 1769 2956 appetitus
1809 2889 1983 2953 sedat,
2018 2889 2151 2945 illud

2265 2896 2396 2967 μίας
2433 2893 2779 2960 κατευνάζει,
2803 2896 2837 2965 ἡ
2864 2895 2925 2948 δὲ
2950 2893 3045 2948 καὶ
3064 2893 3163 2957 τὰς
3195 2892 3357 2964 παρὰ
3382 2892 3535 2962 φύσιν
3560 2889 3779 2960 διεγείρει.

571 2987 635 3026 ea
680 2975 843 3028 etiam
889 2990 1009 3045 qua:
1055 2986 1253 3044 praeter
1280 2990 1528 3032 naturam
1567 2989 1693 3033 sunt
1726 2980 1993 3036 desideria
2024 2996 2150 3035 con-

2262 2988 2456 3060 Τρυφὴ
2489 2986 2600 3057 γάρ
2648 2985 2895 3057 γαστέρα
2944 2984 3311 3058 πληρώσασα,
3361 2985 3457 3039 καὶ
3497 2983 3586 3046 τάς
3628 2983 3783 3049 ὑπογα-

570 3066 723 3120 citat.
772 3067 983 3123 Delicia:
1007 3069 1151 3124 enim
1176 3081 1418 3126 ventrem
1451 3071 1700 3142 implent.
1726 3073 2149 3144 conjunctasque

2263 3079 2484 3151 στρίους
2517 3079 2820 3149 ἀναστομοῖ
2863 3076 3082 3149 ὴδονάς.
3120 3074 3333 3130 Οὐκοῦν
3371 3073 3547 3147 ἐκείνη
3571 3073 3653 3144 μέν
3683 3086 3782 3142 χρη-

571 3158 746 3212 ventri
782 3159 1031 3217 libidines
1052 3163 1321 3232 aperiunt.
1346 3163 1577 3219 Vitanda
1610 3165 1795 3236 itaque
1818 3175 1874 3221 et
1897 3166 2150 3236 fugienda

571 3247 793 3304 luxuria
822 3262 924 3304 est.

1559 3179 1577 3217 ι
1610 3165 1795 3236 itaque
1818 3175 1874 3221 et
1897 3166 2150 3236 fugienda
2181 3249 2229 3304 c
2264 3169 2440 3236 στέον,
2472 3170 2680 3240 ταύτην
2710 3168 2756 3222 δ’
2785 3167 3138 3240 ἀτιμαστέον.

597 3250 793 3305 uxuria
822 3262 924 3307 est.
2181 3249 2229 3308 (Ξ

1069 3367 1231 3423 DXll.
1264 3399 1336 3408 —
1373 3367 1666 3423 MARONI'

2770 3366 2919 3421 MB’.
2954 3397 3027 3409 —-
3054 3366 3346 3422 ΜΑΡΩΝΙ.

1490 3484 1650 3539 Avari
1674 3486 1881 3539 animus
1907 3485 2093 3555 quibus
2141 3486 2367 3553 agitetur
2393 3482 2641 3555 ﬂuctibus
2671 3492 2720 3537 et
2756 3483 2935 3536 malis.

645 3591 816 3648 Nemo
841 3593 1058 3661 ignorat
1085 3593 1328 3649 animum
1354 3594 1597 3663 pecuniae
1611 3594 1907 3664 cupiditate
1939 3593 2167 3664 ﬂagran-

2343 3595 2465 3649 Ὅτι
2499 3595 2598 3667 μὲν
2644 3594 2829 3666 μυρίοι
2871 3591 3141 3662 χειμῶνες
3175 3586 3601 3658 κατασκηνοῦσιν
3627 3586 3693 3647 είς
3713 3583 3784 3651 τὴν

576 3694 718 3750 tem,
754 3685 898 3740 mille
936 3686 1252 3769 plerumque
1300 3686 1498 3755 jactari
1548 3687 1821 3756 procellis.
1884 3686 2081 3743 Notum
2109 3697 2155 3743 el

2266 3688 2360 3743 τοῦ
2401 3686 2851 3758 ἐρασιχρημάτου
2897 3683 3099 3755 ψυχὴν,
3131 3681 3309 3746 οὐδεὶς
3346 3682 3556 3750 ἀγνοεῖ·
3585 3679 3655 3731 ὅτι
3677 3676 3722 3730 δὲ
3744 3675 3784 3726 ἐν

572 3776 703 3831 illud
724 3818 741 3842 ,
784 3776 837 3831 in
891 3776 1038 3832 hisce
1070 3777 1503 3848 tempestatibus,
1536 3777 1741 3833 nullum
1789 3793 1913 3834 esse
1940 3794 2151 3835 sensum

2264 3783 2378 3844 τοῖς
2400 3779 2663 3843 τοιούτοις
2686 3777 2973 3851 χειμῶσιν,
2997 3775 3122 3830 οὔτε
3144 3775 3487 3845 ἀναπαύλης,
3508 3772 3620 3827 οὔτε
3642 3770 3781 3837 κόρου,

571 3868 793 3938 quietis,
839 3870 1105 3925 satietatis
1138 3884 1203 3925 ac
1242 3870 1534 3937 libertatis,
1564 3870 1720 3941 quasi
1773 3870 1955 3925 anima
1994 3872 2065 3927 sit
2090 3873 2150 3928 ab

2262 3869 2387 3924 οὔτε
2423 3869 2758 3942 ἐλευθερίας,
2812 3867 2937 3922 οὗτε
2984 3867 3145 3923 ἄλλου
3178 3866 3327 3931 τινὸς
3377 3864 3681 3925 αἰσθάνεται,
3712 3858 3782 3913 ἅτε

574 3960 727 4016 hisce
758 3972 1040 4015 ventorum
1080 3962 1386 4017 turbinibus
1412 3962 1569 4019 elisa.
1603 3961 1805 4034 Ecquis
1836 3978 1966 4035 ergo
1997 3964 2153 4019 talem

2262 3964 2369 4017 ὑπὸ
2409 3964 2679 4018 τοσούτων
2724 3962 3055 4033 πνευμάτων
3108 3962 3534 4030 διακοπτομένη,
3560 3951 3783 4010 καὶτοῦτο

571 4054 730 4109 ducat
750 4054 934 4116 vitam,
961 4054 1010 4107 in
1037 4069 1141 4124 qua
1174 4056 1403 4123 scopuli,
1431 4055 1561 4112 fera:
1586 4057 1796 4123 beStiaz,
1822 4072 1889 4112 ac
1912 4058 2150 4112 turbines

2261 4056 2443 4128 δῆλον.
2493 4057 2590 4121 Τίς
2632 4050 2727 4111 οὖν
2756 4054 3002 4109 τοιοῦτον
3046 4054 3211 4107 ἕλοιτ’
3238 4051 3306 4107 ἂν
3348 4052 3482 4123 βίον,
3514 4052 3568 4103 ἐν
3590 4041 3628 4115 ᾧ
3648 4044 3780 4099 πάντα

571 4145 875 4217 ﬂuctusque
898 4147 1098 4216 vigent,
1132 4148 1345 4203 exsulat
1374 4162 1503 4203 vero
1529 4162 1633 4218 pax
1661 4156 1824 4219 atque
1852 4149 2037 4205 latitia
2062 4150 2085 4203 ?

2265 4148 2365 4217 μὲν
2386 4147 2659 4212 σκόπελοι,
2686 4147 2781 4200 καὶ
2803 4145 2990 4218 θηρία,
3012 4146 3109 4200 καὶ
3129 4144 3464 4213 καταιγίδες,
3489 4141 3576 4195 καὶ
3594 4137 3781 4208 κύματα,

2262 4239 2570 4311 εὐφροσύνη
2601 4238 2659 4291 δέ
2690 4240 2786 4293 καὶ
2818 4240 3012 4310 είρήνη
3044 4236 3318 4303 ὲκποδώνς

1070 4347 1256 4402 DXIII.
1296 4379 1365 4388 —
1411 4348 1655 4404 ESALE.

2789 4349 2933 4404 an".
2975 4377 3048 4388 -
3079 4346 3308 4417 ΗΣΑῙᾼ.

1522 4462 1790 4533 Pauperes
1834 4480 1994 4533 quare
2023 4481 2124 4518 non
2154 4461 2519 4516 contemnendi
2552 4471 2601 4515 et
2638 4461 2891 4515 laedendi.

644 4574 759 4631 Etsi
792 4577 946 4633 dives
973 4577 1068 4631 tibi
1100 4586 1155 4631 et
1182 4576 1422 4645 locuples
1446 4578 1702 4646 videaris,
1733 4594 1865 4634 cave
1888 4593 2154 4649 pauperes
2187 4568 2223 4624 Π

2202 4569 2233 4624 )
2339 4572 2403 4624 El
2432 4573 2528 4627 καὶ
2563 4572 2817 4626 πλουτεῖν
2849 4569 3047 4633 δοκεῖς,
3082 4566 3159 4640 μὴ
3187 4565 3516 4638 καταφρόνει
3538 4561 3637 4615 τῶν

570 4683 634 4729 ut
666 4673 802 4729 viles
844 4672 1117 4738 fastidias,
1165 4672 1392 4744 iustitiae
1425 4673 1770 4743 potissimum
1817 4689 2005 4739 causa,
2038 4689 2149 4743 quae

2260 4686 2368 4722 των
2403 4666 2479 4730 ὡς
2532 4663 2818 4718 εὐαλώτων
2838 4677 2853 4691 ⁸
2892 4660 3133 4733 μάλιστα
3168 4659 3265 4731 μὲν
3292 4659 3382 4714 διά
3409 4657 3505 4730 τὴν
3529 4655 3684 4725 δίκην,
3709 4647 3780 4717 τὴν

573 4765 805 4834 injustas
827 4765 1194 4833 consequitur.
1236 4763 1409 4831 Quam
1439 4766 1485 4819 si
1516 4774 1856 4829 contemnas,
1887 4765 1967 4819 sic
1991 4764 2152 4819 etiam

2261 4764 2375 4825 τοῖς
2424 4759 2721 4830 ἀδικήμασι
2772 4757 3188 4829 παρεπομένην.
3228 4756 3293 4808 Ei
3326 4754 3384 4807 δὲ
3427 4751 3619 4821 ταύτης
3656 4759 3782 4800 κατα-

487 4838 493 4845 ’
574 4860 645 4912 ab
686 4856 881 4926 injuria
913 4856 1202 4921 abstineto,
1250 4865 1423 4919 ratus,
1478 4864 1536 4910 ut
1570 4858 1819 4926 quamvis
1870 4857 2065 4911 laedere

2262 4852 2503 4921 φρονεῖς,
2531 4850 2627 4902 καὶ
2656 4848 2831 4911 οὕτως
2865 4847 3076 4919 ἀπέχου
3099 4849 3201 4918 τῆς
3226 4846 3346 4900 κατ’
3375 4842 3549 4899 αὐτῶν
3581 4837 3777 4897 ἀδικίας·

574 4958 846 5017 nequeant
891 4946 1102 5015 inopes,
1129 4944 1392 5000 commori
1440 4954 1620 5000 tamen
1664 4944 1933 5015 simulque
1979 4944 2153 5015 perire

2260 4941 2438 5007 εἰδὼς,
2469 4942 2551 4995 ὅτι
2596 4940 2700 4994 κάν
2733 4940 2991 5011 ἀδικῆσαί
3034 4956 3096 4992 σε
3124 4940 3189 4993 ού
3226 4938 3498 5002 δύνανται,
3530 4932 3650 4987 ἀλλὰ
3685 4943 3778 4980 ουν-

574 5038 806 5107 possiut.
845 5035 997 5090 Multi
1020 5038 1165 5091 enim
1193 5036 1260 5091 ad
1291 5037 1655 5091 accusandum
1678 5037 1951 5103 conversi,
1987 5050 2153 5106 neque

2266 5033 2564 5089 απολέσθαι
2591 5032 3028 5102 σοιδυνήσονται.
3053 5030 3250 5086 Πολλοὶ
3269 5029 3376 5102 γὰρ
3402 5030 3480 5091 εἰς
3506 5019 3780 5093 κατηγορίαν

576 5129 750 5183 solum
790 5134 1109 5182 everterunt
1160 5126 1362 5196 injuste
1403 5127 1677 5196 agentium
1720 5127 1932 5191 domos,
1968 5127 2062 5180 sed
2105 5136 2155 5181 et

2267 5126 2605 5198 ἐτράπησαν,
2638 5123 2733 5176 καὶ
2766 5123 2827 5175 οὐ
2866 5123 3025 5194 μόνον
3050 5125 3131 5186 είς
3155 5121 3350 5191 ἔδαφος
3380 5118 3692 5187 κατήνεγκεν
3712 5108 3780 5169 τὰς

575 5220 759 5275 animo
799 5219 945 5286 ipsos
978 5218 1376 5287 exspoliarunt.

2270 5218 2377 5272 τῶν
2415 5216 2789 5286 ἀδικησάντων
2819 5215 3027 5281 ἑστίας,
3054 5213 3193 5269 ἀλλά
3224 5214 3319 5267 καὶ
3352 5212 3450 5282 τῆς
3466 5207 3632 5281 ψυχῆς
3655 5200 3780 5269 αὐτῆς

1543 5346 1548 5349 -
2270 5308 2595 5380 στερηθῆναι
2624 5307 3066 5378 παρεσκεύασαν.

1085 5420 1270 5476 DXIV.
1312 5452 1383 5461 —
1428 5420 1657 5475 EIDEM.

2745 5419 2893 5472 ΦιΔο.
2922 5448 2994 5459 --
3022 5419 3111 5488 Ta
3147 5418 3348 5489 ΑΥΤῼ.

957 5517 1176 5587 Sponte,
1213 5534 1315 5571 non
1345 5528 1544 5581 coacta,
1571 5520 1739 5573 virtus
1776 5521 2085 5575 exercenda.
2124 5520 2200 5576 De
2222 5522 2323 5589 piis
2354 5521 2445 5592 qui
2472 5530 2592 5574 ante
2622 5519 3013 5588 promulgatam
3032 5517 3208 5571 vixere
3232 5516 3414 5586 legem.

652 5634 913 5705 Equidem
959 5632 1186 5686 summis
1230 5631 1475 5686 laudibus
1525 5642 1688 5700 atque
1720 5634 1934 5688 coronis
1964 5648 2161 5688 ornan-

2341 5635 2632 5701 Μεγίστων
2679 5631 2973 5702 ἐγκωμίων
3020 5630 3117 5683 καὶ
3156 5628 3433 5696 στεφάνων
3479 5623 3646 5688 ἀξίους
3675 5612 3776 5670 εἶναί

585 5728 682 5780 dos
724 5739 938 5793 semper
959 5722 1179 5789 censui,
1213 5722 1303 5790 qui
1339 5721 1542 5791 absque
1571 5725 1880 5793 praeceptis,
1913 5725 1979 5777 ad
2023 5723 2164 5778 bene

2273 5711 2417 5793 φημι
2436 5722 2561 5785 τοὺς
2587 5723 2716 5777 ἄνευ
2744 5723 3038 5793 ἐγγράφων
3061 5720 3350 5792 ὑποθηκῶν
3368 5718 3430 5772 τὸ
3452 5718 3564 5771 δέον
3585 5709 3774 5783 πράξαν⁶

584 5817 871 5871 vivendum
912 5815 1231 5885 compositis
1263 5812 1497 5868 oﬂicium
1542 5811 1821 5878 facientes,
1852 5825 1907 5868 et
1948 5816 2163 5869 innatos

2270 5831 2391 5879 τας,
2434 5814 2529 5866 καί
2565 5813 2666 5876 τὰς
2696 5812 2975 5883 ἐμφύτους
3015 5811 3271 5884 ἀφορμὰς
3308 5812 3384 5874 είς
3437 5797 3772 5869 καλοκάγαθίαν

588 5908 655 5961 ad
688 5909 1025 5964 honestatem
1049 5906 1322 5977 appetitus
1351 5904 1625 5971 excolam,
1653 5914 1705 5961 et
1738 5906 1970 5976 ingenue
1999 5906 2163 5964 insito

2271 5908 2714 5980 γεωργήσαντας,
2748 5906 3051 5979 ἐλευθέρως
3092 5922 3151 5960 τε
3185 5907 3303 5971 ταῖς
3338 5901 3469 5975 πρὸς
3502 5900 3589 5972 τὴν
3616 5886 3768 5963 ἀρετὴν
