3998 6414
322 336 455 404 1621

1218 343 1752 411 EPISTOLARUM
1790 348 1937 413 LIB.
1975 351 2045 415 ν.
2085 377 2156 391 -
2192 348 2431 411 EPIST.
2471 349 2682 410 DXIX.

3458 340 3598 405 182?.

316 458 523 528 ὁρμαῖς
564 457 968 529 χρησαμένους.
1017 460 1082 513 Εἰ
1132 459 1193 511 δὲ
1250 462 1404 515 ταῦθ’
1449 461 1623 527 οὕτως
1655 463 1789 535 ἔχει,
1843 467 1895 518 οἱ

2016 466 2068 521 ιὰ
2100 466 2354 521 virtutem
2384 466 2587 533 impetu
2618 472 2863 518 utantur.
2905 461 3037 528 Quae
3068 475 3191 515 cum
3226 458 3299 513 ita
3334 457 3464 522 sint,
3499 469 3591 528 qui

321 545 464 614 μετά
507 546 668 616 νόμον
714 549 807 600 καὶ
846 548 1006 619 χάριν
1051 550 1360 616 πταίοντες,
1404 554 1499 606 καὶ
1550 554 1684 625 μηδὲ
1730 555 1900 627 αὐτὴν

302 636 537 723 ’ὁδεῦσαι
584 638 863 701 ἐθέλοντες
905 641 1044 707 ὁδὸν,
1074 640 1263 714 ὥσπερ
1297 645 1345 697 oi
1384 644 1607 698 παλαιοὶ
1635 644 1897 713 ὥδευσαν,

317 726 467 790 τίνος
497 726 717 799 τύχοιεν
751 729 905 783 ἐλέου
928 748 944 797 ;

776 931 923 986 oIE'.
970 964 1040 973 —
1071 935 1440 1007 ΑΝΛΤΟΛΙῼ.

2007 566 2128 627 post
2169 558 2339 627 legem
2381 559 2724 629 gratiamque
2762 564 3014 624 peccant,
3047 568 3111 608 ac
3145 566 3214 608 ne
3241 552 3344 608 vim
3372 551 3593 621 quidem

2006 648 2205 703 abillis
2229 650 2514 713 ordinatae,
2540 664 2704 719 quam
2727 646 2963 714 majores
2985 644 3158 701 nostri
3191 643 3420 716 ingressi
3448 650 3595 707 sunt,

2005 740 2192 797 volunt
2239 740 2517 807 insistere,
2548 755 2781 812 quanam
2826 739 2883 794 hi
2921 738 3069 809 digni
3101 734 3482 794 misericordia
3509 733 3597 789 vi-

2009 833 2237 889 deantur
2257 832 2281 885 Ἰ

2470 941 2635 999 DXV.
2674 971 2744 982 —
2774 937 3139 997 ANATOLIO.

1474 1025 1705 1083 Vitanda
1736 1030 2090 1099 improborum
2112 1034 2445 1088 commercia.

389 1128 526 1183 Δίαν
578 1131 640 1185 σέ
691 1148 838 1197 τινες
872 1135 1177 1201 αἰτιῶνται,
1218 1136 1301 1191 ὅτι
1337 1137 1432 1202 οὒς
1477 1140 1580 1209 μὲν
1621 1139 1731 1194 οὐδ’
1767 1142 1898 1212 ὁρᾷν

317 1221 499 1291 θέμις,
559 1223 767 1289 τούτοις
821 1226 897 1288 ὡς
942 1227 1138 1299 ἥδιστα
1197 1229 1397 1294 λαλεῖς.
1452 1225 1548 1294 Οἷς
1600 1231 1657 1284 δὲ
1713 1232 1899 1288 λαλεῖν

315 1311 616 1383 αἴσχιστον,
639 1317 860 1383 τούτους
886 1321 1138 1391 συνήθεις
1182 1323 1498 1394 πεποίησαι.
1531 1322 1640 1387 Οὓς
1668 1324 1727 1377 δὲ
1758 1343 1901 1396 παρ-

2074 1146 2350 1203 Accusant
2382 1156 2432 1202 te
2454 1146 2704 1217 quidam,
2747 1144 2891 1215 quod
2930 1156 3069 1213 quos
3100 1156 3167 1197 ne
3195 1138 3441 1210 aspicere
3474 1138 3595 1210 qui-

2005 1240 2127 1293 dem
2157 1239 2231 1295 sit
2262 1238 2364 1303 fas,
2396 1253 2518 1294 cum
2550 1240 2617 1293 iis
2640 1252 2803 1306 quam
2829 1233 3210 1291 lubentissime
3239 1231 3593 1300 colloquaris.

2006 1329 2139 1384 Cum
2165 1332 2360 1401 quibus
2386 1346 2512 1386 vero
2536 1330 2772 1399 colloqui
2802 1327 3177 1398 turpissimum
3204 1325 3297 1393 sit,
3322 1324 3409 1380 his
3434 1322 3594 1377 fami-

315 1405 478 1467 όντας
518 1410 684 1479 τιμᾷν
740 1411 970 1482 ἀτιμίας
1031 1413 1200 1480 ἄξιον,
1261 1415 1484 1478 τούτους
1524 1415 1620 1469 καὶ
1668 1416 1899 1479 ἀπόντας

2016 1423 2215 1478 liariter
2247 1424 2437 1477 utaris.
2473 1423 2620 1489 Quos
2651 1436 2777 1476 vero
2806 1428 3107 1491 praesentes
3132 1418 3407 1472 honorare
3432 1422 3593 1485 turpe

314 1499 563 1569 ἀγαπᾷς.
606 1502 669 1554 Ei
718 1504 899 1558 τοίνυν
948 1504 1310 1577 ἀληθεύουσι,
1345 1507 1720 1578 γνωσιμάχει·
1758 1510 1805 1562 εἰ
1849 1508 1899 1562 δὲ

2016 1515 2108 1581 sit,
2157 1516 2256 1571 hos
2307 1516 2434 1570 licet
2487 1517 2741 1570 absentes
2791 1514 3033 1568 adamas.
3095 1511 3260 1582 710
3314 1507 3594 1579 Resipisce

320 1588 421 1660 μὴ,
477 1592 670 1662 δήλου⁹
715 1594 804 1648 ἵνα
851 1597 1300 1670 ὲπιστομίσωμεν
1330 1600 1457 1663 τοὺς
1492 1601 1584 1653 ἐπὶ
1625 1602 1746 1665 ταῖς
1783 1603 1899 1665 σαῖς

2016 1621 2158 1676 ergo,
2184 1608 2229 1661 si
2258 1622 2383 1660 vera
2411 1607 2484 1661 illi
2513 1617 2772 1673 narrant;
2807 1606 2891 1661 sin
2918 1620 3099 1665 secus,
3132 1603 3356 1658 ostende
3391 1599 3589 1655 falsum

315 1686 601 1753 διαϐολαῖς
637 1690 1006 1763 ἀγαλλομένου
1014 1711 1062 1757 ς.

552 1895 717 1962 atqu
756 1923 830 1935 —
865 1895 1096 1968 ΝΕΙΛῼ,
1128 1897 1377 1970 ΠΕΤΡῼ,
1416 1897 1672 1969 name.

2011 1712 2163 1763 esse,
2199 1707 2256 1750 ut
2295 1713 2358 1753 os
2409 1697 2475 1753 iis
2501 1699 2818 1753 obturcmus
2845 1696 2940 1767 qui
2994 1696 3080 1751 his
3124 1696 3177 1750 in
3217 1705 3271 1749 te
3302 1691 3594 1749 calumniis

2011 1790 2304 1844 exsultant.

2222 1897 2411 1954 DXVI.
2440 1928 2513 1939 —
2548 1894 2733 1963 NILO,
2767 1892 2997 1951 PETRO
3028 1902 3082 1950 et
3120 1890 3376 1949 PAULO.

1689 1989 1766 2043 De
1788 1989 2055 2059 patientia:
2080 1990 2235 2047 bono.

407 2093 475 2148 Ἦ
522 2094 613 2149 ἐπὶ
656 2098 776 2161 ταῖς
814 2095 1039 2170 ὕϐρεσιν
1085 2098 1410 2169 ἀνεξικακία
1452 2099 1574 2154 λίαν
1600 2099 1698 2170 τὴν
1726 2099 1903 2171 ψυχὴν

314 2182 553 2253 ὠφελεῖ⁹
584 2187 653 2258 ῆν
684 2190 732 2242 εί
764 2189 877 2259 (5’4)
910 2191 1299 2262 συμφέρουσαν
1331 2192 1430 2263 μὲν
1457 2192 1629 2263 ᾔδειν,
1658 2191 1903 2262 χαλεπὴν

316 2274 381 2329 δὲ
396 2278 677 2346 γενέσθαι,
695 2281 891 2353 κομιδῇ
915 2282 981 2335 ἂν
1007 2283 1279 2355 ἠχθέσθην
1300 2286 1319 2306 ‘
1347 2285 1424 2357 μὴ
1451 2285 1513 2337 τὸ
1545 2285 1643 2355 τὴν
1673 2282 1907 2355 προσοῦ-

318 2384 426 2421 σαν
456 2370 842 2441 πραγματείαν
882 2373 1126 2443 φεύγειν,
1172 2376 1235 2429 τὸ
1279 2376 1556 2441 λυσιτελὲς
1605 2376 1901 2448 προέσθαισ

314 2460 373 2512 εἰ
417 2459 475 2513 δὲ
505 2461 599 2515 καὶ
629 2462 792 2533 ῥᾳδία
820 2466 914 2517 καὶ
941 2464 1196 2539 βελτίστη
1228 2468 1509 2539 τυγχάνει.
1549 2468 1622 2521 Τὸ
1660 2467 1769 2538 γὰρ
1800 2469 1902 2522 ὲπ-

315 2550 524 2616 εξιέναι
548 2553 642 2607 καὶ
664 2553 923 2610 δύσκολον
946 2558 1043 2611 καὶ⁸
1068 2558 1490 2631 ἐργωδέστερον,
1521 2559 1616 2613 καὶ
1637 2557 1905 2632 χειμῶνος

315 2642 423 2711 τὴν
454 2642 633 2714 ψυχὴν
659 2644 887 2717 πληροῖ⁶
922 2648 1151 2718 ἄμεινον
1178 2649 1241 2704 τὸ
1268 2650 1599 2720 φιλοσοφεῖν.

588 2843 732 2902 ΦΙΖ’.
766 2879 838 2890 —
875 2847 1119 2922 ΩΦΕᾹΙῼ
1158 2849 1643 2923 ΓΡᾹΜΜΑΤΙΚῼ.

2076 2102 2340 2157 Patientia
2391 2099 2826 2171 injuriarumque
2878 2098 3166 2153 tolerantta
3215 2095 3398 2151 animo
3430 2091 3588 2149 valde

2004 2196 2258 2266 prodest;
2284 2210 2444 2264 quam
2476 2196 2521 2249 si
2552 2193 2734 2248 utilem
2756 2193 2972 2263 quidem
2997 2205 3119 2247 esse
3143 2188 3409 2255 sciebam,
3442 2184 3587 2243 ditii-

2004 2289 2161 2342 cilem
2190 2301 2396 2352 tamen,
2426 2286 2652 2341 moleste
2674 2284 2801 2349 tuli,
2829 2282 2978 2353 quod
3017 2290 3341 2351 praesentem
3372 2278 3591 2348 fugiens

2005 2378 2408 2443 difﬁcultatem,
2439 2376 2858 2431 emolumentum
2886 2375 3004 2442 ejus
3030 2373 3338 2435 amiserim,
3371 2371 3475 2425 etsi
3507 2368 3590 2423 fa—

2007 2471 2125 2527 cilis
2172 2471 2419 2538 bonaque
2454 2469 2732 2524 obveniat.
2790 2466 2990 2523 Ulcisci
3036 2467 3183 2522 enim
3229 2464 3482 2532 iniuriam
3532 2470 3589 2516 et

2008 2576 2173 2632 grave
2193 2571 2275 2616 est
2298 2570 2350 2614 et
2381 2559 2732 2621 laboriosum,
2758 2558 2998 2611 animum
3025 2556 3352 2611 turbulentis
3375 2555 3589 2625 agitans

2011 2653 2270 2708 motibus.
2306 2650 2681 2719 Pbilosophari
2722 2650 2910 2720 itaque
2940 2651 3185 2718 beneque
3212 2649 3399 2703 vivere
3430 2647 3592 2717 longe

2006 2745 2370 2817 praistabilius
2396 2752 2501 2798 est.

2221 2849 2430 2905 DXVII.
2460 2880 2533 2889 —
2567 2845 2869 2902 OPHELIO
2895 2841 3373 2901 GRAMMATICO.

1044 2945 1088 2998 Α
1112 2946 1420 3013 spectaculis
1445 2946 1798 3001 dehortandos
1828 2955 1996 2999 monet
2037 2946 2295 3011 homines,
2327 2958 2381 3000 ut
2410 2946 2561 3011 epist.
2591 2945 2716 3009 185,
2746 2941 2871 2996 186.

392 3048 457 3100 Ei
514 3048 574 3100 ἐν
627 3050 724 3117 μὲν
780 3053 845 3121 τῇ
887 3056 1061 3125 σκηνῇ
1111 3054 1345 3123 γελῶσιν
1406 3055 1457 3108 οἱ
1512 3054 1898 3126 φιλοθεάμονες

2079 3055 2136 3110 Si
2167 3056 2381 3124 quidem
2404 3055 2457 3109 in
2484 3070 2646 3110 scena
2676 3050 2957 3123 spectandi
2990 3044 3596 3119 perstudiosi,.mnllius-

315 3137 671 3208 ἁπαλώτερον
718 3119 1085 3208 τοῦ-δέοντος,
1119 3119 1176 3195 έν
1215 3143 1273 3196 δὲ
1304 3142 1381 3214 τῷ
1437 3119 1760 3215 ἱπποδρόμῴ
1812 3144 1899 3198 θυ-

2016 3163 2169 3217 quam
2207 3163 2306 3217 par
2334 3148 2404 3203 sit
2434 3148 2671 3215 rideant,
2700 3146 2752 3200 in
2783 3142 3121 3200 circensibus
3148 3155 3276 3194 vero
3304 3138 3447 3193 ludis
3469 3152 3588 3191 am-

321 3230 549 3298 μοῦνται
568 3231 733 3285 πλέον
755 3232 789 3303 ἢ
813 3234 1110 3305 προσῆκεν
1142 3237 1258 3289 ἐκεῖ
1277 3237 1375 3306 μὲν
1400 3237 1506 3291 ὑπὸ
1532 3237 1638 3290 τῶν
1662 3236 1905 3308 αἰσχρῶν

313 3322 612 3393 δραμάτων
638 3325 1081 3396 ὲκθηλυνὸμενοι,
1102 3327 1336 3382 ἐνταῦθα
1351 3327 1408 3381 δὲ
1431 3331 1551 3392 ταῖς
1580 3330 1688 3382 τῶν
1705 3332 1721 3350 ⁹
1749 3331 1907 3401 ἁμίλ-

314 3412 440 3478 λαις
482 3414 619 3485 πρὸς
665 3417 861 3487 μανίαν
894 3418 1362 3490 ὲκϐακχευόμενοι
1416 3420 1655 3491 (μικροῦ
1698 3424 1806 3493 γὰρ
1836 3422 1906 3475 τά

312 3505 428 3560 τῶν
461 3508 777 3580 κενταύρων
816 3510 1166 3582 μιμοῦνται)·
1200 3512 1330 3565 πότε
1360 3514 1417 3565 ὲν
1446 3515 1513 3587 τῇ
1547 3514 1904 3588 προσηκούσῃ

316 3601 658 3654 καταστάσει
702 3600 1068 3672 ὀφθήσονταις
1127 3603 1162 3674 ἢ
1194 3604 1327 3657 πότε
1380 3604 1451 3658 τά
1495 3605 1723 3676 ἀνδράσι
1766 3606 1903 3677 πρέ-

317 3708 490 3745 ποντα
520 3691 806 3762 πράεειανς
833 3692 1043 3748 Οὐκοῦν
1064 3695 1172 3766 χρὴ
1187 3694 1297 3748 εἴτε
1327 3695 1524 3764 πειθοῖ,
1549 3698 1658 3750 εἴτε
1686 3696 1903 3771 ἀνάγκῃ

316 3782 527 3853 εἵργειν
573 3785 700 3849 τοὺς
723 3784 1005 3850 τοιούτους
1030 3785 1139 3839 ἀπὸ
1170 3785 1273 3856 τῆς
1303 3787 1562 3860 τοιαύτης
1587 3788 1881 3860 ἀκοσμίας.

611 3897 766 3951 cur.
804 3927 873 3938 —
903 3894 1264 3970 ΛΑΜΠΕΤΙῼ
1295 3897 1617 3970 ΔΙΑΚΟΝῼ.

2007 3240 2147 3310 plius
2179 3254 2340 3307 quam
2379 3247 2592 3307 oportet
2632 3238 2980 3306 indignentur
3015 3255 3028 3290 :
3076 3233 3188 3287 illic
3216 3231 3433 3301 quidem
3470 3238 3586 3282 tur—

2006 3332 2153 3400 pium
2179 3330 2491 3400 spectaculo
2513 3327 2787 3394 enervati,
2811 3328 2902 3383 hic
2927 3340 3056 3381 vero
3076 3322 3468 3380 certaminibus
3493 3320 3589 3375 de-

2006 3422 2231 3476 mentati
2284 3420 2598 3490 (centauros
2642 3422 2787 3477 enim
2844 3417 3230 3489 prapemodum
3282 3412 3596 3479 imitantur)

2005 3513 2224 3585 quando
2254 3522 2548 3570 cernentur
2587 3513 2640 3567 in
2673 3522 2817 3568 statu
2849 3508 3106 3566 decenti?
3145 3507 3227 3562 vel
3255 3505 3388 3560 viris
3422 3504 3582 3573 digna

2007 3610 2223 3678 quando
2256 3605 2530 3662 fecerint?
2584 3613 2763 3660 nonne
2808 3604 2975 3673 igitur
3008 3607 3259 3670 oportet,
3304 3598 3419 3652 sive
3456 3609 3584 3666 per-

2006 3699 2289 3764 suasione,
2319 3698 2434 3754 sive
2465 3696 2792 3752 necessitate
2816 3692 2995 3749 arceri
3045 3690 3181 3745 tales
3212 3704 3242 3743 a
3269 3703 3331 3744 re
3354 3695 3464 3742 tam
3496 3685 3583 3740 in-

2006 3790 2204 3845 decora
2229 3790 2255 3844 ἲ

2264 3898 2499 3956 DXVlIl.
2530 3929 2602 3940 —
2637 3893 2988 3953 LAMPETIO
3010 3888 3335 3949 DIACONO.

823 3992 1138 4054 Constantia
1167 4004 1217 4048 et
1246 3997 1489 4049 censoria
1516 3996 1749 4065 gravitas
1774 3997 1888 4050 sine
1917 4005 2130 4051 austera
2167 4006 2216 4053 et
2237 3996 2413 4068 rigida
2431 3995 2737 4051 morositate
2762 3992 3059 4047 laudanda.

392 4101 561 4156 Ὅταν
590 4118 696 4167 τις,
730 4096 776 4155 ῶ
825 4102 1018 4172 σοφίας
1057 4102 1328 4172 αὐτοφυὲς
1354 4101 1601 4174 ἄγαλμα,
1633 4101 1763 4158 ἄνευ
1796 4103 1898 4174 μὲν

316 4193 659 4269 προπετείας
690 4194 1004 4265 παρέχηται
1034 4193 1097 4247 τὸ
1133 4194 1399 4265 ἀνδρεῖον,
1428 4193 1556 4249 ἄνευ
1594 4194 1653 4247 δὲ
1684 4192 1898 4265 ὕϐρεως

315 4283 380 4336 τὸ
404 4282 663 4354 βλοσυρόν
680 4301 695 4316 ο
726 4285 823 4338 καὶ¹
848 4285 909 4338 τὸ
933 4284 1035 4355 μὲν
1060 4285 1320 4357 ἐμϐριθὲς
1344 4284 1650 4356 καθαρεῦον
1671 4287 1897 4355 στυγνός

314 4389 501 4444 τητος,
535 4374 596 4428 τὸ
624 4375 682 4427 δὲ
714 4374 929 4447 σῶφρον
975 4375 1079 4429 οὐκ
1108 4376 1497 4448 ἀπάνθρωπον,
1532 4375 1647 4430 ἀλλ’
1671 4378 1898 4449 ἀρρήτῳ

2074 4106 2211 4163 Cum
2263 4106 2421 4178 quis,
2482 4120 2518 4161 ο
2560 4103 2838 4174 sapientia:
2886 4100 3119 4172 genuina
3195 4098 3403 4167 imago,
3463 4095 3585 4150 sine

2004 4192 2201 4262 lingua:
2241 4193 2539 4264 petulantia
2587 4192 2786 4247 fortem
2831 4205 2893 4246 se
2933 4196 3208 4253 ostentet,
3242 4195 3296 4242 et
3348 4186 3581 4255 rigorem

2004 4286 2209 4355 absque
2245 4285 2528 4351 conviciis,
2556 4294 2612 4340 et
2644 4283 2970 4355 gravitatem
3002 4279 3246 4335 molestia
3278 4286 3603 4341 carentem,

2004 4378 2415 4447 temperantiam
2441 4391 2570 4432 vero
2600 4391 2705 4431 non
2736 4374 3112 4437 inhumanam,
3148 4373 3241 4427 sed
3277 4369 3580 4441 ineXpliea.

317 4466 658 4536 κεκραμένον
708 4467 1061 4539 φαιδρότητι·
1100 4468 1224 4521 τότε
1258 4466 1507 4539 καθαρὰς
1538 4469 1646 4522 τῶν
1685 4468 1895 4522 κακιῶν

2016 4470 2093 4524 δίΙί
2120 4470 2332 4526 mistam
2359 4470 2642 4532 hilaritati,
2670 4480 2797 4524 tunc
2824 4470 2915 4539 qui
2947 4483 3108 4538 puras
3123 4476 3178 4522 et
3205 4466 3403 4521 illaesas
3427 4463 3578 4519 omni

316 4556 426 4609 τῶν
454 4558 935 4628 παραπεπηγυιῶν
962 4561 1084 4623 ταῖς
1104 4560 1347 4630 ἀρεταῖς,
1376 4559 1548 4623 αὐτὰς
1577 4559 1675 4626 τὰς
1691 4561 1896 4633 ἀρετὰς

317 4646 784 4719 ἐπιδεικνύμενος,
816 4650 1058 4721 ἀοίδιμος
1088 4650 1241 4704 ἔσται
1275 4650 1371 4704 καὶ
1398 4650 1648 4720 εὐκλεής.

539 4752 686 4808 ΦΙΘθ.
724 4784 795 4797 -
821 4753 1209 4829 ΣΤΡΑΤΗΓΙῼ
1248 4756 1675 4813 ΜΟΝΑΖΟΝΤΙ.

2003 4560 2269 4627 vitiorum;
2296 4559 2534 4615 confinio
2564 4559 2796 4614 virtutes
2822 4558 3078 4623 exhibet,
3108 4555 3339 4613 celebris
3368 4555 3475 4610 erit
3526 4564 3585 4607 et

2007 4652 2290 4722 gloriosus.

2231 4758 2421 4815 DXIX.
2459 4790 2531 4800 —
2583 4756 2977 4815 STRATEGIO
3012 4755 3365 4812 ΜοΝΑιιΗος

1028 4869 1400 4933 Improborum
1430 4870 1647 4940 fraudes
1687 4872 1885 4928 homini
1908 4875 2133 4944 sapienti
2164 4875 2543 4944 deprehendere
2570 4875 2729 4945 facile
2763 4885 2864 4930 est.

389 4980 454 5036 Ei
498 4980 593 5034 καὶ
641 4980 750 5034 εἰσί
775 4998 925 5045 τινες
966 4980 1132 5034 δεινοὶ
1176 4980 1278 5052 μὲν
1314 4981 1635 5046 ἀπατῶντες
1681 4981 1889 5049 λαθεῖν,

319 5071 488 5126 δεινοὶ
522 5071 579 5125 δὲ
622 5072 970 5143 φωραθέντες
1004 5071 1505 5143 παραλογίσασθαι*
1555 5072 1670 5126 ἀλλ’
1701 5074 1731 5127 ὸ
1779 5073 1899 5126 θεο-

317 5160 484 5231 φιλὴς
528 5161 792 5231 κρείττων
829 5161 1038 5215 τούτων
1090 5161 1428 5233 εὑρίσκεται.
1479 5162 1649 5232 Σοφὸς
1692 5163 1792 5233 μὲν
1823 5162 1901 5218 ὢν

319 5253 552 5306 συνιδεῖν
579 5252 678 5322 τὴν
706 5252 945 5323 ἀπάτην,
977 5253 1286 5324 σοφώτερος
1315 5252 1375 5305 δὲ
1398 5252 1669 5322 διελέγξαι
1701 5253 1802 5324 τὴν
1840 5254 1900 5308 ὲν

317 5346 432 5407 τοῖς
458 5345 637 5414 λόγοις
658 5345 1045 5417 κρυπτομένην
1071 5344 1376 5416 δεινότητα.

2070 4989 2182 5044 Etsi
2224 4990 2444 5059 quidam
2495 4989 2747 5045 industrii
2777 4989 2887 5044 sint
2919 4988 2971 5042 in
3004 4986 3127 5041 aliis
3153 4985 3364 5040 occulte
3389 4980 3609 5037 fallen-—

2000 5081 2106 5146 dis,
2157 5096 2314 5137 acres
2345 5083 2508 5137 etiam
2538 5098 2663 5137 cum
2699 5082 2809 5136 sint
2854 5078 3177 5149 deprehensi
3225 5078 3275 5131 in
3324 5089 3383 5131 se
3412 5089 3581 5130 excu-

1999 5172 2203 5237 sandis,
2254 5171 2367 5226 Deo
2397 5171 2598 5227 charus
2638 5170 2724 5225 his
2759 5168 3015 5224 omnibus
3044 5166 3261 5222 exsistit
3297 5164 3572 5233 superior.

2001 5260 2242 5317 Prudens
2274 5263 2489 5332 quidem
2520 5261 2786 5315 fallaciam
2817 5257 3213 5328 cognoscendo,
3250 5254 3577 5324 prudentior

2002 5368 2127 5405 vero
2188 5353 2240 5406 in
2301 5353 2639 5417 rationibus,
2690 5351 3140 5419 eaptionibusque
3185 5346 3417 5403 occultis
3480 5344 3595 5399 de-

1998 5443 2297 5499 ﬂectendis.

1412 5569 1647 5626 VARUE
1697 5570 2085 5629 LECTIONES
2128 5574 2213 5629 ET
2243 5575 2476 5632 NOTAE.

392 5687 505 5759 (54)
562 5687 656 5762 El__
678 5694 804 5762 ante
855 5686 1095 5762 συμφέρ.
1147 5694 1354 5762 mutant
1409 5687 1491 5762 in__
1512 5686 1587 5756 μὴ
1628 5687 1788 5745 codd.
1828 5687 1899 5743 Va

2016 5690 2102 5746 550
2140 5700 2194 5746 et
2237 5691 2345 5747 Alt.
2388 5690 2540 5748 Vcrs.
2578 5691 2613 5746 5
2643 5706 2739 5762 pro
2772 5688 3031 5742 πυθέσθαι
3078 5687 3185 5744 Alt.
3230 5688 3479 5760 suggerit
3518 5688 3580 5745 in

320 5756 563 5829 margine
589 5758 748 5814 aliam
779 5756 1059 5815 lectionem
1095 5756 1422 5829 προσῆσθαι.
1459 5756 1672 5812 l’ossnv.
