3998 6414
474 404 613 474 152'}
1670 404 1731 463 S.
1769 405 2063 464 ISIDORI
2102 404 2537 466 PELUSIOT.E
3586 397 3699 461 1324

984 516 1148 574 nxx.
1188 548 1257 559 -
1304 516 1537 573 EIDEM.
2078 534 2123 587 Α
2554 542 2560 548 -

2078 534 2123 587 Α
2554 542 2560 548 -
2638 520 2765 572 «hic.
2800 547 2870 557 —
2903 517 2990 587 Τῼ
3032 516 3230 587 arra.

1457 630 1581 683 Non
1618 631 1799 699 lingua
1829 641 2055 693 tantum,
2088 633 2178 684 sed
2206 641 2253 683 et
2297 648 2438 685 mens
2470 630 2779 686 excolenda.

538 739 802 795 Discenda
837 749 964 795 sunt
991 756 1094 794 non
1124 755 1188 795 ea
1226 741 1406 806 modo,
1438 741 1634 808 quibus
1661 740 1871 795 dicendi
1898 739 2040 793 acri»

2222 739 2297 791 Οὑ
2331 738 2505 793 ταῦτα
2534 739 2639 809 χρὴ
2679 738 2971 809 μανθάνειν
3002 739 3183 809 μόνον,
3216 737 3282 791 δι’
3310 729 3388 791 ὧν
3412 738 3440 789 ὁ
3476 735 3569 807 μὲν
3593 739 3698 805 όξῖις

465 832 647 888 monia
692 830 815 901 quis
847 846 1092 887 summus
1122 832 1351 897 evadat,
1396 832 1479 885 vel
1523 830 1734 885 tardius
1774 829 2044 900 loquendo

2153 829 2321 900 ἄκρος
2352 830 2549 893 εἰπεῖν,
2585 832 2613 882 ὁ
2636 830 2692 884 δὲ
2724 830 2924 901 βραδὺς
2955 830 3193 899 ἀμείνων
3232 847 3349 893 πως
3384 828 3699 895 καθίσταται,

466 926 646 992 sapiat
678 924 870 993 magis,
905 924 999 978 sed
1025 932 1078 978 et
1108 939 1167 979 ea
1189 964 1204 988 ,
1230 924 1429 992 quibus
1464 923 1646 977 animo
1668 921 1919 977 meliores
1944 922 2044 975 ho-

2155 920 2294 973 ἀλλὰ
2325 922 2418 974 καὶ
2461 921 2531 973 τά
2580 921 2648 974 δι’
2694 914 2770 974 ὧν
2820 922 2879 975 αἱ
2912 921 3084 992 ψυχαὶ
3118 918 3490 990 βελτιοῦνται·
3531 920 3612 973 ἵνα
3644 922 3704 994 μὴ

466 1017 639 1069 mines
672 1015 941 1079 evadant,
994 1032 1061 1070 ne
1086 1018 1349 1070 duntaxat
1398 1014 1633 1084 linguam
1676 1014 2045 1084 espurgsndo,

2153 1011 2316 1082 μόνον
2364 1011 2441 1082 τῷ
2472 1012 2573 1083 τὴν
2598 1011 2844 1081 γλῶτταν
2882 1010 3310 1082 ἐκκεκαθάρθαι,
3350 1009 3491 1065 ἀλλὰ
3525 1011 3616 1064 καί
3640 1012 3706 1083 τῷ

464 1110 559 1161 sed
588 1115 820 1159 mentem
847 1122 1064 1175 quaque
1086 1107 1399 1161 exornando
1422 1105 1645 1175 gloriam
1671 1105 1771 1159 sibi
1805 1105 2043 1174 pariant.

1724 1105 1771 1158 bi
1805 1105 2045 1174 pariant.
2151 1101 2254 1173 τὴν
2276 1100 2504 1175 γνώμην
2535 1103 2911 1173 κεκοσμῆσθαι
2940 1102 3298 1174 εὑδοκιμῶσιν

604 1216 764 1290 711
809 1216 999 1272 DXXI.
1036 1248 1105 1257 —
1141 1214 1393 1273 ALYPIO
1425 1212 1903 1271 PRESBYTERO.

1868 1214 1903 1267 ι.
2431 1214 2607 1267 ΦΚΑ’.
2634 1242 2706 1253 -
2734 1215 2938 1285 metu
2974 1207 3447 1286 IIPEZBI‘TEPQ.

1065 1308 1293 1363 Frustra
1327 1310 1630 1377 persuaderi
1669 1307 2002 1379 quibusdam.
2030 1303 2082 1375 (1
2090 1304 2164 1375 uf.
2198 1306 2349 1374 epist.
2375 1306 2467 1374 20,
2495 1306 2621 1374 219,

1555 1310 1630 1361 eri
1669 1307 2002 1379 quibusdam.
2030 1303 2164 1375 (luf.
2198 1306 2349 1374 epist.
2375 1306 2467 1374 20,
2495 1306 2621 1374 219,
2653 1306 2781 1372 250,
2813 1306 2942 1371 257,
2980 1305 3129 1376 568.)

532 1417 818 1488 indignum
846 1429 928 1474 est
954 1419 1167 1489 culpam
1196 1434 1383 1475 eorum
1419 1420 1509 1489 qui
1534 1422 1669 1476 bene
1696 1418 2041 1473 monentibus

2221 1417 2457 1469 Ἄτοπον
2477 1416 2574 1481 τὰς
2596 1415 2776 1480 αἰτίας
2806 1415 2918 1470 τῶν
2948 1416 3011 1469 οὑ
3046 1415 3380 1469 πεισθέντων
3402 1417 3516 1480 τοῖς
3550 1418 3711 1483 mor;

459 1524 564 1562 nou
615 1519 937 1578 paruerunt,
979 1511 1277 1566 transferre
1332 1512 1383 1565 in
1420 1526 1534 1576 eos,
1574 1511 1663 1579 qui
1719 1510 2038 1578 persuadere

2146 1509 2238 1561 ἐπὶ
2274 1508 2402 1565 τοὺς
2448 1506 2523 1579 μὴ
2569 1508 2903 1571 πεπεικότας
2951 1508 3312 1579 μεταφέρειν’
3365 1507 3463 1561 καὶ
3501 1508 3710 1579 μάλιστα

460 1616 563 1655 non
604 1610 925 1668 potuerunt,
974 1603 1136 1673 idque
1171 1605 1512 1674 potissimum
1540 1603 1757 1673 quando
1788 1602 2039 1659 videntur

2143 1598 2273 1651 ὅταν
2305 1598 2601 1665 φαίνωνται
2630 1598 2718 1652 διά
2750 1599 2970 1653 πάντων
2996 1597 3107 1651 τῶν
3151 1597 3520 1669 ἐνδεχομένων
3545 1598 3708 1653 ἐλθόν-

458 1694 817 1759 percurrisse,
843 1710 963 1762 quae
984 1696 1241 1765 consequi
1272 1696 1395 1766 quis
1419 1696 1824 1764 possetomuia,
1843 1694 2037 1764 quibus

1621 1696 1824 1758 omnia,
1843 1694 2040 1764 quibus
2144 1705 2267 1754 τες,
2301 1689 2371 1743 δι’
2393 1682 2471 1744 ὧν
2496 1691 2530 1761 ἡ
2564 1689 2737 1744 πειθὼ
2763 1690 3200 1761 δημιουργεῖται.

456 1784 740 1853 persuasio
773 1798 961 1853 compa
971 1794 1139 1837 ratur.

948 1888 1159 1944 nxxu.
1197 1919 1269 1930 —
1313 1888 1539 1944 EIDEM.
2071 1858 2114 1911 Β
2607 1888 2781 1946 sua.
2813 1918 2885 1928 —
2920 1889 3008 1960 Tn
3038 1889 3243 1960 ΑΥΤῼ.

1094 1981 1169 2036 De
1196 1980 1381 2051 gloria:
1410 1992 1733 2053 contemptu,
1756 1998 1917 2051 quam
1949 1979 2199 2052 fugiendo
2236 1982 2548 2050 assequeris.
2581 1980 2760 2052 (Conf.
2790 1983 2946 2049 epist.
2973 1982 3124 2042 504.)

526 2085 672 2141 Nihil
731 2086 906 2141 laudis
960 2086 1255 2156 glorizeque
1307 2087 1577 2158 mancipio
1625 2087 1919 2157 abiectius,
1976 2099 2038 2143 ut

2210 2087 2377 2141 Οὑδὲν
2409 2086 2506 2140 τοῦ
2533 2087 2692 2159 δόξης
2737 2090 2975 2161 ἐρῶντος
3013 2091 3431 2165 ταπεινότερον,
3475 2092 3591 2146 οὐδὲ
3626 2093 3709 2149 τοῦ

454 2189 641 2233 contra
691 2178 827 2233 nihil
876 2177 997 2249 ejus
1026 2187 1402 2248 contemplare
1431 2181 1709 2249 grandius.
1775 2180 1870 2236 llle
1900 2182 2033 2237 nihil

2138 2178 2614 2251 καταφρονοῦντος
2662 2179 3019 2252 ὑψηλότερον.
3084 2183 3144 2236 ὐ
3204 2184 3305 2255 μὲν
3354 2185 3471 2255 γὰρ
3521 2186 3710 2240 οίκοθεν

452 2271 598 2325 (10ιηί
652 2286 899 2341 maguum
942 2270 1179 2336 habens,
1219 2286 1327 2340 quo
1349 2286 1673 2340 magnopere
1698 2283 2031 2338 exornetur,

2141 2271 2308 2342 μηδὲν
2338 2270 2478 2340 ἔχων
2522 2270 2665 2342 μέγα
2689 2312 2704 2337 ,
2740 2272 2827 2341 ἐφ’
2859 2265 2905 2340 ᾧ
2952 2272 3433 2344 ὲγκαλλωπισθείη
3454 2315 3470 2337 ,
3500 2273 3586 2327 διά
3625 2275 3711 2345 τῆς

452 2374 676 2417 externa
719 2364 900 2432 specie
942 2363 1231 2418 clariorem
1278 2378 1338 2418 se
1368 2378 1490 2419 esse
1532 2365 1729 2419 debere
1758 2365 2031 2435 opinatur.

2137 2362 2336 2428 ἔξωθεν
2369 2364 2671 2432 φαντασίας
2703 2364 3087 2436 λαμπρότερος
3113 2365 3286 2419 οἴεται
3313 2365 3431 2419 δεῖν
3468 2362 3626 2421 εἶναι.
3660 2369 3714 2419 ’0

456 2454 556 2508 llic
587 2469 717 2509 vero
740 2464 925 2523 utpote
953 2454 1253 2510 domestico
1286 2454 1542 2510 hauriens
1590 2454 1741 2510 fonte
1765 2471 2034 2511 veneran-

2133 2454 2191 2507 δὲ
2217 2453 2407 2525 ὥσπερ
2433 2455 2493 2519 ἐξ
2527 2455 2734 2519 οίκείας
2764 2456 2951 2526 πηγῆς
2978 2457 3385 2528 σεμνυνόμενος
3407 2500 3423 2525 ,
3455 2460 3603 2513 οὐδὲν
3627 2459 3712 2529 τῆς

453 2547 554 2600 dus
588 2556 694 2614 est,
733 2560 909 2613 neque
944 2554 1170 2601 externo
1209 2546 1411 2616 indiget
1449 2557 1795 2602 ornamento.
1831 2546 2032 2613 Quam-

2133 2544 2334 2611 ἔξωθεν
2378 2546 2552 2599 δεῖται
2603 2546 2946 2617 προσθήκης.
2999 2547 3093 2600 Διὸ
3148 2548 3245 2601 καὶ
3293 2548 3397 2602 τοῦ
3436 2550 3536 2620 μὲν
3580 2550 3712 2604 οὐδὲν

451 2637 638 2691 uhrem
678 2647 738 2694 ut
779 2638 915 2693 nihil
966 2637 1058 2692 illo
1090 2638 1361 2705 miserius,
1398 2639 1479 2695 sic
1512 2640 1614 2694 hoc
1645 2638 1779 2694 nihil
1823 2638 2030 2695 exsistit

2132 2636 2485 2707 ἀθλιώτερον,
2510 2637 2605 2691 τοῦ
2633 2637 2691 2692 δὲ
2729 2636 2884 2691 οὐδὲν
2917 2636 3310 2708 εὐκλεέστερον
3338 2639 3552 2708 γένοιτ’
3579 2641 3656 2695 ἄν.

490 2730 763 2785 loriosius.

492 2746 763 2785 loriosius.

452 2746 484 2806 8
584 2836 821 2901 DXXIII.
857 2869 929 2880 ——
964 2836 1389 2895 ALEXANDRO
1414 2836 1896 2894 PRESBYTERO.

2308 2839 2481 2892 ΦΚΓί.
2514 2868 2583 2878 --
2625 2838 3037 2909 ΑΛΕΞΑΝΔΡῼ
3073 2839 3554 2911 ΠΡΕΣΒΥΤΕΡῼ.

1334 2928 1519 2984 Virtus
1551 2930 1809 2985 laudatur
1836 2939 1885 2984 et
1913 2931 2069 3000 alget.
2103 2928 2280 3001 (Conf.
2322 2930 2415 2993 44,
2441 2929 2570 2992 510,
2597 2940 2644 2982 et
2684 2928 2837 2999 528.)

519 3036 734 3104 Quanto
751 3040 1110 3109 praestabilius
1130 3049 1214 3097 est
1237 3042 1494 3097 admirari
1522 3058 1681 3111 quam
1713 3042 2022 3113 repudiare,
2056 3101 2098 3159 α

519 3138 603 3159 ηιιιι
637 3130 763 3159 mih:
812 3131 1011 3159 r':n.n-A
1048 3133 1303 3159 ..ζιελ-ει..-
1356 3136 1443 3159 -..ξ
1481 3135 1736 3159 ..2-ι..ι,.....
1772 3150 1874 3159 ...ιη
1910 3149 2027 3159 ---Α

2205 3041 2353 3111 Ὀσῳ
2390 3040 2482 3094 τοῦ
2512 3039 2792 3094 διαπτύειν
2851 3040 2912 3095 τὸ
2943 3039 3245 3109 θαυμάζειν
3287 3042 3545 3111 κρεῖττόν
3589 3044 3713 3109 ἐστι,

2134 3133 2389 3159 --.ηιῗῗριη
2437 3150 2523 3159 η--
2568 3133 2909 3159 ἒ...“λΊΔ.---...
2948 3134 3193 3159 ἓ-.--2-...
3246 3135 3293 3159 -l
3348 3134 3483 3159 .-μυ
3537 3135 3713 3159 1.--.Δμ.

452 3138 603 3182 tanto
637 3130 764 3184 mihi
810 3131 1013 3187 distare
1048 3133 1322 3199 videntur,
1353 3136 1447 3204 qui
1481 3135 1737 3188 virtutem
1772 3150 1877 3190 non
1906 3149 2029 3189 esse

2137 3133 2389 3189 τοσοῦτόν
2436 3150 2527 3204 μοι
2564 3133 2909 3187 διαλλάττειν
2945 3134 3193 3187 δοκοῦσιν
3244 3135 3296 3186 oi
3347 3134 3483 3205 μηδ’
3533 3135 3716 3206 ἀρετὴν

448 3220 706 3276 virtutem
723 3221 1035 3291 opinantur,
1063 3224 1129 3280 ab
1154 3224 1223 3280 iis
1251 3226 1342 3294 qui
1371 3226 1619 3280 virtutem
1646 3225 1862 3295 quidem
1895 3240 2027 3294 pra:-

2135 3227 2233 3296 τὴν
2260 3224 2461 3296 ἀρετὴν
2509 3222 2649 3277 εἶναι
2686 3225 3003 3295 νομίζοντες
3024 3265 3039 3290 ,
3067 3223 3177 3277 τῶν
3217 3224 3428 3296 ἀρετὴν
3471 3226 3569 3295 μὲν
3592 3221 3714 3280 εἶναι

448 3314 671 3379 dicant,
731 3328 838 3367 non
889 3314 1291 3384 amplectuntur
1334 3326 1535 3371 tamen.
1600 3315 1681 3370 Illi
1722 3316 1865 3371 enim
1910 3332 2027 3371 cor-

2138 3318 2309 3389 αὑτὴν
2336 3318 2684 3387 φασκόντων,
2723 3318 2797 3387 μὴ
2830 3316 3230 3386 ἀσπαζομένων
3259 3316 3339 3371 δέ.
3378 3319 3450 3371 Oi
3495 3319 3591 3388 μὲν
3618 3320 3717 3388 γὰρ

449 3412 670 3474 ruptum
715 3419 839 3461 esse
877 3403 1141 3473 judicium
1165 3445 1181 3471 ,
1216 3408 1593 3478 rationemque
1631 3407 1883 3463 vacillare
1933 3422 2028 3462 suo

2140 3409 2376 3481 κρίσεως
2422 3408 2859 3478 διεφθαρμένης,
2918 3408 3013 3460 καὶ
3060 3407 3157 3461 τοῦ
3204 3407 3280 3477 μὴ
3327 3408 3598 3476 ὑγιαίνειν
3634 3409 3718 3462 τὸν

448 3497 551 3564 ipsi
581 3496 958 3550 demonstrant
992 3497 1219 3567 judicio.
1274 3498 1340 3554 Hi
1366 3513 1495 3552 vero
1525 3500 1694 3568 ipsam
1738 3498 2027 3563 laudando,

2144 3502 2425 3571 λογισμὸν,
2474 3500 2597 3553 καθ’
2629 3498 2843 3553 ἑαυτῶν
2879 3498 3059 3568 ψῆφον
3088 3500 3445 3569 ἐκφέρουσιν.
3483 3501 3551 3553 οι
3574 3500 3627 3552 δὲ
3648 3498 3719 3569 τῷ

446 3586 549 3641 etsi
587 3604 694 3641 non
726 3598 1050 3653 exerceant,
1079 3589 1219 3645 bene
1249 3600 1428 3646 tamen
1452 3592 1520 3645 de
1554 3592 1756 3645 virtute
1806 3605 1867 3645 se
1905 3606 2025 3645 con-

2143 3594 2383 3646 ὲπαινεϊν
2417 3593 2607 3663 αὐτὴν,
2635 3591 2745 3645 κᾶν
2774 3590 2853 3660 μὴ
2881 3591 3192 3661 πράττοιεν,
3215 3590 3531 3646 δεικνύουσι
3571 3591 3714 3661 μεγί-

447 3678 674 3737 ﬁrmant
700 3681 1040 3738 existimare.

2138 3700 2268 3753 στην
2298 3685 2427 3755 περὶ
2455 3682 2625 3751 αὑτὴν
2656 3680 2873 3751 ἔχοντες
2901 3681 3080 3746 δόξαν.

909 3786 1143 3849 DXXIV.
1176 3818 1247 3831 -—-
1287 3788 1569 3845 MARONI.

2629 3790 2800 3842 QKA'.
2837 3819 2909 3830 —
2935 3790 3222 3845 ΜΑΡΩΝΙ.

1607 3880 1749 3936 Male
1774 3898 1929 3952 agens
1952 3884 2255 3951 reprehendi
2294 3901 2398 3937 non
2419 3885 2549 3938 vult.

519 3986 604 4044 0b
632 3988 926 4054 nequitiam
954 3989 1225 4045 accusatis
1256 3988 1338 4046 l‘as
1372 4004 1477 4045 non
1501 4000 1586 4045 est
1612 4005 1677 4045 ea
1706 3992 1886 4046 dicere
1908 4006 2030 4059 qua:

2205 3992 2280 4045 Οὑ
2337 3992 2497 4062 θέμις
2545 3994 2659 4055 τοῖς
2710 3991 2801 4044 διὰ
2855 3990 3164 4063 μοχθηρίαν
3215 3990 3715 4063 κακηγορουμένοις

449 4080 661 4150 possint
700 4080 775 4135 illi
797 4119 817 4147 ,,
855 4080 950 4154 qui
978 4081 1193 4135 virtutis
1224 4082 1397 4150 gratia
1439 4081 1494 4136 in
1534 4082 1792 4136 invidiam
1823 4083 2025 4147 vocati,

2136 4084 2317 4137 ἐκεῖνα
2352 4082 2553 4150 λέγειν,
2599 4082 2635 4137 ἃ
2666 4085 2780 4147 τοῖς
2816 4083 3208 4153 φθονουμένοις
3254 4083 3324 4136 δι’
3354 4084 3587 4154 ἀρετὴν,
3633 4082 3715 4135 καὶ

451 4169 675 4227 terendo
699 4170 752 4225 id
792 4170 1086 4239 patienter,
1136 4172 1405 4240 proloqui.
1454 4170 1633 4238 Quare
1662 4171 1745 4225 vel
1800 4173 1916 4227 hac
1947 4172 2029 4224 fa-

2137 4172 2288 4226 τοῦτο
2340 4174 2634 4244 πάσχουσι,
2683 4173 2866 4242 λέγειν
2912 4173 3098 4244 θέμις.
3133 4174 3204 4226 Ἦ
3242 4173 3505 4227 πέπαυσο
3548 4173 3716 4226 τοίνυν

449 4276 576 4318 cere
602 4277 782 4329 cessa,
816 4263 900 4319 vel
945 4265 989 4319 si
1021 4280 1131 4324 non
1161 4266 1388 4331 desinis,
1420 4280 1491 4320 ne
1525 4265 1728 4321 dixeris
1769 4265 1883 4329 illa,
1905 4280 2027 4337 quae

2137 4260 2355 4314 τοιαῦτα
2378 4262 2542 4333 δρῶν,
2576 4263 2608 4332 ἢ
2638 4262 2714 4333 μὴ
2752 4262 3082 4333 παυόμενος,
3120 4265 3301 4317 ἐκεῖνα
3328 4262 3404 4335 μὴ
3442 4262 3619 4333 φράζε
3642 4303 3657 4327 ,
3683 4260 3716 4314 ἃ

445 4354 644 4428 probos
674 4355 1103 4426 deceantviros;
1136 4358 1391 4412 indecens
1405 4358 1553 4412 enim
1583 4356 1703 4412 illos
1728 4356 1918 4411 eadem
1948 4355 2024 4411 di-

2133 4356 2245 4418 τοῖς
2277 4354 2584 4425 εὑδοκίμοις
2606 4356 2828 4426 πρέπει.
2864 4357 3101 4410 ’Δτοπον
3121 4356 3231 4429 γὰρ
3260 4358 3329 4410 τὰ
3351 4357 3499 4410 αὐτὰ
3521 4357 3712 4425 λέγειν,

448 4460 596 4511 cere,
626 4446 823 4516 quibus
852 4448 991 4503 idem
1021 4449 1233 4504 dicendi
1262 4464 1372 4509 non
1403 4458 1487 4506 est
1517 4458 1920 4519 argumentum.

2134 4415 2238 4517 τῆς*
2265 4415 2618 4515 ὑποθέσεως,
2652 4415 2745 4516 άφ⁸
2773 4442 2842 4520 ἧς
2879 4415 3167 4519 ἑκατέροις
3198 4415 3470 4518 γίγνεται,
3502 4415 3713 4503 διαλιιτἐ

2125 4554 2349 4609 τουσης.

722 4644 932 4705 DXXV.
968 4677 1037 4687 —
1070 4643 1414 4713 PALLADIO
1442 4644 1760 4701 LECTORI.

2333 4648 2509 4701 tl’KE'.
2543 4678 2615 4688 —
2646 4646 3009 4717 ΠΔΛΛΑΔΙῼ
3043 4644 3493 4719 ΑΝΔΓΝΩΣἸᾘ.

1493 4735 1648 4801 Fide,
1676 4737 1767 4791 sed
1791 4736 1905 4791 vide
1932 4753 2017 4789 cui
2048 4744 2095 4790 te
2120 4736 2325 4791 doctori
2356 4736 2674 4791 committas.

519 4852 682 4918 Cave,
735 4852 869 4907 ildas
918 4851 1091 4907 cuivis
1135 4852 1226 4921 qui
1265 4852 1518 4909 Virtutem
1566 4867 1626 4906 se
1656 4852 1851 4905 docere
1898 4866 2024 4920 pro-

2200 4849 2293 4920 Μὴ
2325 4850 2459 4903 πᾶσι
2499 4850 2699 4903 σαυτὸν
2742 4849 3000 4915 πίστευε,
3047 4843 3094 4903 ὧ
3120 4849 3380 4921 φιλότης,
3418 4852 3541 4914 τοῖς
3578 4850 3714 4904 διδά-

448 4944 702 5003 iitealur;
737 4958 911 5017 neque
932 4943 1076 4997 enim
1103 4958 1293 4998 omnes
1313 4943 1459 5012 digni
1490 4951 1585 4995 aut
1618 4942 1795 4996 idonei
1827 4941 2027 5010 quibus

2138 4955 2286 4995 σκειν
2314 4940 2444 5011 περὶ
2485 4940 2689 5013 ἀρετῆς
2732 4938 3250 5010 ἐπαγγελλομένοις*
3286 4938 3409 4995 οὑδὲ
3437 4939 3552 5012 γὰρ
3584 4940 3713 4993 πάν-

449 5040 733 5095 credatur:
772 5037 869 5095 sed
904 5036 1008 5090 illis
1030 5036 1399 5107 potissimum,
1430 5035 1524 5105 qui
1557 5049 1770 5102 reapse,
1800 5034 2021 5088 virtutis

2133 5049 2224 5095 τες
2264 5031 2461 5103 ἐφεξῆς
2492 5030 2636 5096 ἄξιοι
2674 5030 2837 5100 λόγου
2859 5048 2875 5063 ·
2906 5030 3026 5085 ἀλλ’
3066 5030 3300 5095 ἐκείνοις
3319 5072 3334 5097 ,
3376 5027 3459 5093 οἷς
3490 5031 3711 5097 δντωςή

449 5143 510 5187 se
553 5127 807 5196 Operibus
850 5137 1075 5184 ornatos
1120 5126 1400 5181 exhibent.
1466 5126 1619 5181 Nunc
1667 5126 1812 5180 enim
1860 5139 2027 5179 conor

2139 5122 2303 5194 ἁρετὴ
2334 5123 2421 5177 διὰ
2442 5124 2552 5177 τῶν
2573 5125 2920 5196 πραγμάτων
2957 5123 3258 5196 ἐμπρέπει.
3286 5120 3404 5176 Νῦν
3430 5120 3550 5191 γάρ
3586 5118 3718 5185 ἀξιῶ

446 5218 777 5288 persuadere
808 5234 912 5272 non
937 5232 1045 5272 uno
1069 5232 1191 5273 esse
1221 5219 1482 5287 magistro
1510 5217 1805 5283 utendum;
1835 5224 1891 5268 at
1920 5230 2025 5270 non

2137 5213 2340 5267 πείθειν
2384 5216 2483 5288 οὑχ
2512 5216 2594 5269 ἑνὶ
2636 5216 2876 5287 χρῆσθαι
2909 5216 3220 5288 διδασκάλῳ
3244 5256 3259 5282 ,
3290 5215 3426 5269 ἀλλὰ
3458 5215 3542 5286 μὴ
3582 5213 3716 5285 χρῆ·

447 5324 569 5362 esse
599 5309 798 5378 passim
832 5308 1168 5365 adhibendos
1189 5322 1399 5372 omnes,
1426 5308 1515 5377 qui
1546 5323 1605 5363 se
1633 5308 1699 5361 ad
1725 5308 2025 5361 docendum

1377 5348 1399 5372 η,
1426 5308 1515 5377 qui
1546 5323 1605 5363 se
1633 5308 1699 5361 ad
1725 5308 2025 5361 docendum
2132 5305 2256 5358 σθαι
2289 5308 2420 5371 πᾶσι
2449 5309 2561 5371 τοῖς
2592 5307 2956 5379 βουλομένοις.

450 5402 722 5468 ingerunt.

489 5507 727 5562 DXXVI.
758 5507 1192 5575 -ΡΑιιΑυιο
1217 5506 1305 5563 ΕΤ
1334 5505 1627 5570 SERENO,
1658 5504 1995 5560 DIACONIS.

2203 5510 2393 5576 ΦΚΤ.
2425 5538 2495 5548 —
2526 5509 2891 5581 ΠΑΛΛΑΔΙῼ,
2931 5511 3229 5582 ΣΕΡΗΝῼ,
3251 5506 3644 5563 ΔΙΔΚΟΝΟΙΣ.

1545 5598 1663 5667 {Dei
1693 5598 2093 5667 longanimitate
2126 5615 2229 5653 non
2256 5601 2593 5654 abutendum.

524 5706 631 5763 Nos
651 5710 804 5778 quasi
827 5710 1007 5765 divina
1031 5726 1089 5765 se
1111 5710 1321 5779 justitia
1348 5726 1450 5766 non
1472 5710 1763 5771 contineat,
1780 5710 1823 5764 si
1849 5723 2023 5778 neque

2212 5714 2300 5777 Ὧς
2336 5714 2413 5784 μὴ
2441 5713 2770 5786 ἀνεξομένης
2809 5714 2908 5786 τῆς
2951 5716 3103 5780 θείας
3126 5715 3319 5788 δίκης,
3354 5715 3401 5769 εί
3428 5712 3569 5785 μηδὲ
3603 5726 3708 5783 μα·

454 5797 867 5881 louganimitate
897 5802 1015 5879 eius
1041 5803 1473 5871 emendabimur,
1503 5803 1594 5860 sed
1620 5803 1840 5860 omnino
1874 5804 2027 5878 quasi

2138 5805 2409 5878 κροθυμίᾳ
2442 5806 2918 5883 βελτιωθησόμεθα
2936 5849 2952 5880 ,
2978 5808 3117 5864 ἀλλὰ
3140 5808 3356 5873 πάντως
3382 5807 3540 5869 δίκας
3569 5819 3705 5880 πραι-
