3998 6414
229 466 370 532 1625

1111 478 1649 541 EPISTOLARUM
1686 482 1834 543 LIB.
1874 482 2282 545 V.-—EPIST.
2325 483 2650 545 DXXVIII.

3358 480 3495 547 1626

228 579 458 649 ξομὲνης
486 579 817 652 πικροτέρας
846 582 971 645 τοὺς
1003 583 1138 654 μηδὲ
1166 588 1232 656 τῇ
1259 587 1427 658 ἀνοχῇ
1459 588 1539 651 είς
1571 588 1817 659 βελτίονα

1920 604 2111 659 pinnas
2152 601 2411 645 exactura
2442 591 2516 644 sit
2561 589 2873 644 acerbiores
2903 589 2972 643 ab
3002 589 3086 654 iis,
3114 591 3206 660 qui
3236 592 3497 661 patientia

227 668 688 739 προθυμηθέντας
737 670 1015 725 πολιτείαν
1062 673 1293 739 ἑαυτοὺς
1326 676 1814 749 μεταρρυθμίσαι,

223 762 369 817 οὕτω
395 762 765 832 διακεώμεθα.

550 895 722 949 ΦΚΖ’.
747 922 818 938 -
844 896 1057 950 ΗΡΩΝΙ
1101 898 1474 971 ΕΠΙΣΚΟΠῼ.

1922 682 2070 736 illius
2116 685 2183 737 ad
2234 683 2509 737 meliorem
2540 683 2664 737 vita:
2693 692 2893 737 statqu
2938 698 2997 737 se
3044 698 3361 753 comparare
3390 701 3497 739 non

1920 775 2166 845 cupiunt,
2201 776 2280 829 sic
2318 774 2639 829 alliciamur.

2074 909 2237 979 712
2274 907 2409 963 DXX
2424 907 2529 964 VII.
2561 938 2632 947 —
2668 904 2926 961 HERONI
2966 905 3323 963 EPISCOPO.

806 1028 993 1085 Virtus
1019 1046 1124 1085 non
1152 1040 1262 1085 tam
1291 1033 1654 1103 eradicanda,
1683 1054 1841 1108 quam
1869 1043 2178 1097 exercenda.
2207 1041 2367 1113 (Vide
2388 1057 2536 1111 supr.
2567 1042 2725 1111 epist.
2754 1040 2904 1113 525.)

293 1162 388 1233 Τῷ
415 1161 559 1232 λόγῳ
593 1162 694 1234 μὲν
715 1162 816 1236 τήν
840 1164 1044 1236 ἀρετὴν
1071 1166 1366 1237 κοσμοῦντι
1391 1207 1407 1233 ,
1440 1168 1587 1240 ἔργῳ
1618 1171 1674 1223 δὲ
1702 1172 1802 1244 τήν

225 1254 428 1308 κακίαν
477 1254 858 1326 πρεσϐεύοντι⁹
909 1256 1005 1310 καὶ
1055 1257 1258 1311 ἐοικότι
1305 1263 1420 1323 τοῖς
1460 1262 1553 1313 ἐπὶ
1596 1263 1802 1333 σκηνῆς

223 1347 531 1412 παίζουσιν
557 1348 653 1401 καὶ
678 1347 891 1418 λέγοντι
917 1350 1017 1420 μὲν
1043 1349 1081 1404 ἃ
1109 1351 1183 1423 μὴ
1213 1351 1495 1420 γινώσκει,
1525 1354 1660 1424 μηδὲ
1689 1356 1803 1417 τοῖς

219 1440 409 1510 ἔργοις
455 1438 765 1510 βεϐαιοῦντι
820 1441 857 1496 ἃ
887 1440 1070 1510 λόγοις
1115 1442 1391 1513 σεμνύνει*
1424 1444 1676 1514 παραινῶ
1705 1444 1801 1498 τοῦ

222 1531 326 1603 μὲν
355 1533 604 1586 ἐπαινεῖν
644 1532 745 1602 τὴν
786 1533 987 1605 ἀρετὴν
1039 1533 1115 1604 μὴ
1170 1535 1360 1606 λήγειν
1399 1537 1555 1607 (οὐδὲ
1587 1536 1695 1608 γὰρ
1721 1537 1801 1590 δί-

219 1622 434 1692 καιονι),
460 1620 598 1676 ἀλλὰ
627 1622 816 1693 λήγειν
844 1625 944 1693 τῆς
969 1624 1166 1689 κακίας
1186 1665 1201 1691 ,
1230 1626 1317 1680 ἵνα
1358 1626 1479 1681 κατ’
1508 1626 1677 1698 ἄμφω
1709 1629 1803 1681 εύ-

217 1714 443 1784 δόκιμος
486 1712 594 1783 εῖη.

538 1822 720 1878 mur.
750 1852 820 1863 -
860 1822 1145 1892 ΔοΜιτιο
1181 1825 1477 1881 ΚΟΜΗΤΙ.

1980 1175 2177 1232 Verbis
2201 1176 2422 1247 quidem
2454 1175 2710 1230 virtutem
2738 1158 2984 1237 ornanti,‘
3008 1175 3182 1243 opere
3208 1180 3386 1227 autem
3414 1172 3498 1227 vi-

1909 1266 1984 1323 tio
2008 1266 2211 1336 primas
2242 1266 2494 1319 tribuenti
2545 1265 2598 1317 in
2635 1280 2796 1318 scena
2842 1263 3151 1318 ludentibus
3196 1262 3399 1325 simili,
3433 1278 3500 1316 ac

1907 1358 2107 1414 dicenti
2132 1373 2196 1411 ea
2231 1372 2349 1426 qua:
2378 1372 2484 1411 non
2521 1356 2769 1426 intelligit
2789 1395 2804 1418 ,
2829 1370 3007 1424 neque
3038 1354 3294 1422 operibus
3325 1354 3498 1408 stabi-

1907 1446 2055 1503 lieuti
2076 1487 2091 1512 ,
2124 1463 2245 1518 quas
2287 1447 2628 1502 sermonibus
2651 1454 2825 1512 Jactat
2855 1484 2870 1508 ,
2908 1443 3159 1513 equidem
3190 1444 3393 1497 suadeo
3439 1451 3499 1494 ut

1906 1542 2162 1597 virtutem
2192 1541 2413 1596 laudare
2444 1556 2548 1593 non
2579 1540 2795 1595 desinat
2826 1538 3027 1608 (neque
3056 1538 3200 1591 enim
3237 1552 3333 1606 par
3360 1536 3492 1603 est),

1903 1633 1999 1689 sed
2035 1640 2149 1687 uta
2183 1632 2383 1687 malitia
2417 1632 2649 1695 desinat,
2680 1639 2737 1684 ut
2762 1641 2991 1699 utroque
3026 1630 3248 1684 nomine
3276 1627 3491 1682 laudem

1910 1734 2173 1793 reportet.

2190 1828 2474 1885 DXXVIII.
2513 1860 2582 1871 ——
2632 1828 2916 1883 DOMITIO
2945 1826 3206 1883 COMITI.

218 1952 553 2024 Decorporis
599 1957 972 2011 exercitatione
1018 1968 1066 2012 et
1113 1959 1409 2013 valetudine
1449 1961 1642 2014 tuenda
1678 1962 1733 2033 in
1761 1964 1877 2033 cibo
1920 1974 2167 2033 potaque,
2225 1962 2475 2016 Isocratis
2508 1964 2763 2025 oratoris,
2808 1969 2857 2015 et
2910 1958 3252 2027 Hippocratis
3294 1958 3485 2015 medici

1334 2034 1622 2086 sententiis.
1651 2031 1869 2102 (Confer
1892 2031 2167 2103 epist.'75,
2197 2033 2348 2104 415.)

287 2173 467 2246 Ὅπερ
492 2172 586 2227 ἐπὶ
613 2172 723 2227 τῶν
750 2173 1071 2245 γυμνασίων
1099 2173 1208 2229 τῶν
1236 2175 1336 2244 τὴν
1362 2175 1573 2244 ὑγίειαν
1602 2176 1803 2250 διατη-

1981 2177 2059 2232 De
2106 2176 2351 2247 corporis
2400 2174 2880 2231 exercitationibus
2941 2174 3301 2229 valetudinem
3354 2189 3492 2230 con-

215 2265 461 2339 ρούντων
515 2264 830 2337 Ἰσοκράτης
875 2264 1185 2338 παρῄνεσεν
1231 2266 1367 2337 (55),
1425 2286 1444 2319 ι
1481 2268 1675 2323 Ἀσκει
1707 2287 1805 2339 γυ-

216 2360 465 2431 μνασίων
491 2358 567 2430 μὴ
595 2360 664 2411 τὰ
699 2359 836 2431 πρὸς
863 2358 1078 2429 ῥώμην,
1104 2358 1239 2413 ἀλλὰ
1270 2358 1406 2430 πρὸς
1436 2360 1648 2429 ὑγίειαν
1673 2379 1805 2431 συμ-

213 2452 475 2521 φέροντα.
517 2468 536 2502 ι
593 2449 796 2503 Τούτου
840 2449 885 2502 δ’
926 2449 992 2503 ἂν
1021 2448 1340 2520 ὲπιτύχοις,
1378 2450 1427 2502 εί
1463 2450 1651 2520 λήγοις
1692 2451 1803 2504 τῶν

210 2546 398 2595 πόνων
432 2542 513 2594 ἔτι
540 2543 726 2594 πονεῖν
747 2541 1067 2609 δυνάμενος.
1101 2541 1273 2594 Τοῦτο
1299 2541 1392 2594 καὶ
1418 2542 1512 2595 ἐπὶ
1545 2541 1802 2612 βρώσεως

211 2635 313 2688 καὶ
353 2634 587 2696 πόσεως,
617 2634 712 2686 καὶ
750 2633 845 2685 ἐπὶ
885 2632 996 2685 τῶν
1039 2632 1238 2699 ἄλλων,
1287 2625 1363 2686 ὧν
1407 2632 1536 2686 ἄνευ
1557 2631 1658 2704 ζῇν
1702 2634 1803 2688 ούκ

211 2723 386 2785 εστιν,
419 2724 470 2776 εἰ
514 2723 863 2792 μετενέγκοις
884 2761 901 2786 ,
934 2721 1131 2793 κομιδῇ
1163 2721 1517 2793 ὠφεληθήσῃ·
1546 2721 1666 2792 χρῶ
1689 2725 1802 2786 τοῖς

215 2816 409 2879 σιτίοις
438 2815 533 2868 καὶ
578 2814 786 2879 πότοις,
827 2814 901 2884 μὴ
946 2817 1060 2877 τοῖς
1089 2813 1228 2883 πρὸς
1256 2812 1468 2884 ῥώμην,
1515 2813 1653 2866 ἀλλὰ
1688 2817 1803 2878 τοῖς

212 2908 355 2978 πρὸς
388 2907 597 2975 ὑγίειαν
642 2905 923 2976 βλέπουσι.
957 2904 1159 2957 Τούτου
1193 2903 1238 2955 δ’
1284 2903 1352 2957 ἂν
1396 2902 1677 2973 ὲπιτύχοις
1701 2942 1717 2967 ,
1751 2905 1801 2957 εί

214 3000 410 3069 λήγοις
441 2998 639 3052 ἐσθίων
682 2998 777 3051 καὶ
822 2998 1013 3060 πίνων,
1046 2996 1126 3050 ἔτι
1156 2998 1352 3065 φαγεῖν
1394 2996 1489 3049 καὶ
1534 2999 1678 3049 πιεῖν
1710 2996 1801 3049 δυ-

215 3094 472 3164 νάμενος.
522 3093 585 3145 Εἰ
607 3092 664 3145 δὲ
692 3090 861 3161 φαίης
882 3108 897 3121 ·
931 3089 1085 3143 Διατί
1115 3089 1171 3142 δὲ
1204 3089 1279 3159 μὴ
1298 3088 1367 3143 τὰ
1397 3088 1535 3159 πρὸς
1575 3087 1799 3159 ρώμην;

214 3187 407 3257 φαίην,
435 3186 520 3239 ὅτι
561 3183 797 3254 μάλιστα
833 3181 931 3253 μὲν
960 3183 1063 3235 ούκ
1090 3180 1299 3252 ἀθλητῇ
1320 3221 1333 3244 ,
1370 3180 1504 3235 ἀλλὰ
1532 3179 1799 3252 φιλολόγῳ

214 3278 474 3349 παρῄνει.
524 3274 735 3330 Ἔπειθ’
783 3276 864 3328 ὅτι
911 3274 1008 3327 καὶ
1055 3275 1178 3327 κατ’
1214 3272 1379 3326 αὐτὸν
1424 3272 1517 3325 τὸν
1552 3273 1796 3343 ῥήτορα,

218 3365 381 3439 ῥώμη
417 3364 557 3436 μετὰ
589 3365 687 3436 μὲν
719 3364 1033 3435 φρονήσεως
1055 3362 1277 3432 ὠφελεῖ,
1322 3360 1453 3416 ἄνευ
1496 3362 1554 3415 δὲ
1592 3360 1800 3432 ταύτης

214 3458 346 3519 τοὺς
384 3457 609 3527 ἔχοντας
666 3454 918 3525 βλάπτει.
975 3453 1087 3506 Καὶ
1142 3452 1214 3505 τὰ
1262 3452 1359 3521 μὲν
1414 3450 1644 3523 σώματα
1688 3451 1797 3505 τῶν

213 3525 531 3601 ἀσκούντων
577 3545 802 3614 κοσμεῖν
844 3542 1014 3607 δοκεῖ,
1060 3544 1183 3604 ταῖς
1226 3541 1284 3594 δὲ
1316 3542 1416 3611 τῆς
1458 3540 1641 3611 ψυχῆς
1679 3543 1800 3594 tm—
1829 3525 1873 3585 C

216 3637 463 3709 μελείαις
505 3635 795 3689 ἐπισκοπεῖ
828 3633 961 3704 (56).
1004 3634 1069 3686 Ei
1108 3634 1167 3687 δὲ
1198 3634 1476 3702 νομίζεις,
1505 3634 1601 3687 τὸν
1647 3651 1801 3703 σοφι-

215 3730 352 3799 στὴν
383 3730 633 3800 ἰατρικῆς
658 3726 788 3780 ὄντα
825 3726 1073 3797 ἄπειρον,
1101 3725 1197 3778 καὶ
1226 3725 1287 3779 τὸ
1316 3725 1543 3795 ἀκριϐὲς
1574 3724 1650 3797 μὴ
1676 3726 1801 3777 ὲπι-

214 3820 506 3891 στάμενον,
542 3816 803 3890 ἀλλοτρίᾳ
828 3817 991 3889 τέχνῃ
1017 3817 1078 3869 ού
1105 3816 1334 3879 δεόντως
1380 3814 1796 3888 ὲναϐρύνεσθσιι⁹

214 3911 327 3966 ισθι
346 3952 362 3977 ,
386 3910 470 3963 ὅτι
497 3908 592 3962 καὶ
627 3906 993 3977 Ἱπποκράτης
1025 3907 1053 3959 ὁ
1083 3905 1242 3975 Κῷος
1268 3944 1284 3970 ,
1309 3898 1354 3973 ᾧ
1379 3904 1577 3967 πάντες
1616 3906 1794 3957 εἴκου-

215 3982 325 4069 im,
353 4001 460 4072 ἐφη
494 4018 513 4052 ι
549 3999 661 4071 Τὴν
689 3998 900 4067 ὑγίειαν
926 3996 1297 4068 διατηρεῑσθαι
1321 3998 1387 4068 τῇ
1412 3995 1630 4067 ἀκορίῃ.
1660 4014 1676 4047 ι
1705 3995 1796 4048 Διὸ

215 4095 313 4150 καὶ
339 4095 374 4165 ή
421 4091 594 4145 ἔνδεια
632 4092 817 4162 μήτηρ
844 4089 1058 4158 ὑγιείας
1107 4087 1333 4151 εἰκότως
1365 4086 1603 4158 εἴρηται.
1638 4087 1796 4156 Σοφὼ

213 4188 272 4241 δὲ
300 4185 464 4255 ἄνδρε
491 4184 723 4254 είπάτην
753 4182 782 4234 ὁ
813 4181 939 4252 μὲν,
978 4199 997 4233 ι
1034 4179 1217 4249 Μηδὲν
1249 4178 1441 4249 άγαν’›
1475 4180 1504 4231 ὁ
1536 4179 1611 4246 δὲ,
1648 4197 1668 4231 ι
1690 4175 1798 4233 Μέ-

213 4293 345 4347 τρον
377 4275 620 4345 ἄριστον.
662 4292 681 4324 ι
717 4272 780 4325 Ei
819 4270 998 4325 τοίνυν
1030 4269 1125 4323 καὶ
1166 4269 1259 4323 ἐπὶ
1290 4268 1526 4340 τροφῶν,
1562 4269 1658 4323 καὶ
1699 4268 1797 4323 ὲπὶ

212 4367 329 4421 τῶν
364 4364 682 4437 γυμνασίων
712 4363 775 4417 τὸ
806 4380 826 4413 ι
854 4361 1006 4433 παρὰ
1036 4360 1232 4433 μικρὸν
1259 4360 1359 4413 οὐκ
1388 4358 1505 4414 ἔστι
1540 4360 1741 4431 μικρὸν
1771 4378 1791 4413 ι

216 4461 325 4533 (si;
359 4460 571 4528 ὑγίειαν
591 4457 701 4528 γὰρ
749 4453 993 4527 βλέπει)·
1055 4451 1404 4524 φυλάξωμεν,
1455 4451 1669 4523 μήποτε
1718 4449 1798 4523 τῷ

218 4554 371 4623 κόρῳ
400 4552 501 4623 τήν
525 4551 735 4621 ὑγίειαν
761 4548 1119 4621 ἐξορίσωμεν.

1902 2269 2249 2324 servantibus
2272 2267 2535 2323 Isocrates
2567 2278 2752 2322 orator
2774 2269 2852 2321 sic
2879 2268 3201 2321 adhortatur
3225 2285 3238 2320 :
3271 2285 3289 2318 ι
3317 2268 3489 2320 Exer-

1902 2359 2190 2414 citationes
2236 2360 2483 2428 corporis
2535 2373 2627 2413 eas
2683 2358 3049 2427 amplectere,
3105 2372 3207 2411 non
3256 2373 3376 2426 qtae
3421 2357 3488 2411 ad

1901 2452 2102 2513 robur,
2166 2452 2259 2505 sed
2320 2465 2442 2520 qua:
2498 2449 2789 2520 valetudini
2842 2449 3118 2516 prosint.)
3189 2446 3241 2498 Id
3306 2458 3486 2499 autem

1901 2540 2273 2609 consequeris,
2304 2541 2348 2593 si
2383 2538 2629 2593 laborare
2649 2516 2855 2600 cesses,
2882 2551 3003 2590 cum
3037 2535 3287 2589 laborare
3313 2534 3490 2587 adhuc

1901 2646 2112 2703 posses.
2151 2632 2409 2699 Idemque
2437 2631 2504 2684 de
2528 2631 2650 2685 cibo
2684 2638 2945 2698 potuque,
2973 2629 3145 2696 deque
3173 2627 3294 2681 aliis
3326 2626 3491 2680 rebus

1900 2724 2096 2794 quibus
2132 2723 2299 2777 vitam
2348 2736 2583 2788 tuemur,
2605 2723 2651 2775 si
2672 2719 2920 2775 eﬂ‘ectum
2953 2720 3129 2784 dabis,
3154 2733 3484 2785 ningquere

1901 2815 2162 2885 proderit.
2206 2814 2371 2870 Utere
2424 2830 2552 2884 ergo
2586 2813 2710 2868 cibo
2764 2821 3001 2881 potuque
3052 2826 3157 2863 non
3194 2809 3258 2862 ad
3301 2810 3489 2871 robur,

1900 2908 1995 2962 sed
2044 2908 2111 2960 ad
2170 2908 2423 2961 tuendam
2456 2906 2701 2974 corporis
2728 2904 3109 2959 valetudinem.
3163 2901 3314 2955 Hauc
3360 2916 3491 2955 con-

1900 2998 2168 3066 sequeris,
2208 2999 2425 3066 inquam
2447 3036 2461 3061 ,
2492 2998 2537 3052 si
2569 2999 2731 3052 edere
2770 3012 2833 3051 ac
2864 2995 3049 3051 bibere
3078 2994 3323 3055 desines,
3364 3008 3487 3047 cum

1898 3090 2062 3145 edere
2112 3091 2343 3160 amplius
2390 3089 2566 3158 possis
2600 3104 2666 3143 ac
2717 3088 2924 3142 bibere.
2978 3086 3158 3150 Dices,
3193 3084 3302 3140 Cur
3335 3084 3483 3147 illud,

1904 3198 2041 3238 «non
2072 3183 2139 3237 ad
2169 3186 2361 3237 robur»
2392 3182 2622 3248 adjecit?
2645 3181 2922 3247 nimirum,
2950 3180 3093 3248 quod
3113 3194 3217 3232 non
3251 3188 3359 3232 tam
3388 3192 3487 3246 pu-

1900 3274 1993 3346 gili
2026 3290 2188 3344 quam
2220 3275 2465 3329 studioso
2496 3273 2837 3343 potissimum
2877 3272 3185 3326 litterarum
3220 3277 3489 3339 praecepta

1902 3365 2158 3421 traderet.
2210 3363 2416 3420 Deinde
2459 3363 2611 3432 juxta
2648 3362 2800 3416 illum
2824 3370 3134 3423 oratorem,
3173 3359 3338 3413 robur
3362 3372 3487 3413 cor-

1901 3456 2068 3525 poris,
2099 3471 2221 3511 cutn
2250 3455 2531 3525 prudentia
2569 3454 2700 3510 utile
2728 3454 2946 3525 quidem
2974 3462 3078 3516 est,
3110 3460 3267 3506 nocet
3297 3460 3481 3504 tamen

1905 3546 1973 3601 iis
2008 3551 2097 3617 qui
2133 3550 2326 3603 robore
2362 3546 2573 3617 praediti
2612 3554 2762 3611 sunt,
2790 3555 2845 3601 et
2882 3558 3109 3614 corpora
3136 3543 3355 3612 quidem
3388 3555 3489 3609 pu-

1903 3639 2067 3708 gilum
2101 3639 2315 3692 videtur
2346 3654 2546 3693 ornare
2568 3677 2583 3701 ,
2616 3637 2782 3692 animi
2814 3651 2949 3691 vero
2995 3634 3175 3689 studia
3219 3632 3488 3686 obl’nscat.

1902 3732 2059 3796 Quod
2106 3731 2151 3784 si
2184 3730 2386 3785 dixeris
2429 3730 2730 3800 sopbistam
2772 3728 2923 3783 illum
2956 3727 3179 3782 medicae
3204 3730 3488 3793 expertem

1900 3821 2034 3875 artis
2086 3819 2284 3887 fuisse,
2346 3836 2525 3890 neque
2574 3821 2709 3877 satis
2742 3821 2996 3885 nevisse,
3042 3818 3327 3887 alienaque
3372 3824 3495 3869 arte

1900 3908 2177 3977 illegitime
2223 3923 2343 3965 sese
2385 3920 2696 3977 ostentare,
2736 3913 2872 3967 scito
2901 3910 3282 3981 Hippocratem
3324 3907 3487 3961 etiam

1902 4001 2101 4068 Coum,
2151 4002 2236 4056 cui
2281 4017 2474 4058 omnes
2524 4002 2759 4058 libenter
2807 4005 3196 4064 assentiuntur,
3247 3999 3484 4053 alierre:

1906 4092 2313 4148 «Valetudinem
2344 4094 2657 4148 conservari
2691 4095 2736 4150 si
2771 4109 2877 4149 non
2924 4093 3145 4149 satieris
3187 4091 3430 4146 nimium.
3464 4107 3494 4148 ι,

1900 4182 2192 4253 Propterea
2224 4184 2402 4239 inedia
2428 4193 2592 4255 atque
2635 4183 2904 4255 jejunium
2946 4191 3120 4238 mater
3149 4181 3291 4236 dicta
3335 4178 3487 4233 sani-

1904 4276 2052 4331 tatis.
2114 4275 2284 4346 Igitur
2318 4291 2441 4330 cum
2490 4278 2739 4348 sapiente
2785 4280 2903 4331 viro
2938 4285 3171 4344 utroque
3202 4273 3391 4327 dixero
3434 4278 3495 4329 ει

1903 4382 2026 4440 ego,
2056 4369 2254 4441 partim
2280 4386 2295 4425 :
2332 4389 2351 4422 ι
2372 4370 2450 4425 Ne
2470 4371 2599 4442 quid
2630 4371 2815 4437 nimis,
2841 4389 2861 4423 ι
2892 4370 3130 4441 partim:
3173 4387 3191 4419 ι
3218 4365 3406 4420 Modus
3433 4364 3495 4423 iit

1903 4461 2051 4515 omni
2086 4476 2146 4516 re
2173 4461 2465 4531 optimus.»
2510 4463 2656 4519 Idem
2686 4464 2732 4519 si
2763 4476 3046 4519 servemus
3080 4461 3133 4515 in
3163 4459 3301 4514 cibis
3330 4472 3488 4512 exer-

1904 4551 2365 4624 citationibusque
2404 4554 2573 4621 illud,
2620 4572 2641 4607 ι
2670 4555 2811 4625 quod
2864 4568 3027 4624 supra
3071 4551 3339 4606 modicum
3383 4556 3485 4610 est,

216 4645 364 4701 haud
392 4653 477 4699 est
499 4643 803 4706 modicum,
834 4659 852 4693 ι
886 4643 952 4695 ad
982 4638 1215 4695 hominis
1236 4635 1487 4693 tuendam
1515 4635 1795 4707 pertinens
1831 4642 2229 4711 valetudinem,
2296 4655 2445 4704 certe
2470 4647 2755 4705 saturitate
2792 4660 2861 4703 ne
2925 4660 3162 4715 unquam
3198 4641 3493 4703 sanitatem

218 4736 667 4801 exterminemus,
702 4748 1013 4790 caveamus.
1068 4782 1078 4795 ,

1312 4946 1549 5005 VARIE
1588 4946 1978 5006 LECTIONES
2014 4947 2105 5005 ET
2156 4947 2390 5006 NOTAE.

314 5134 406 5205 55)
428 5130 681 5205 Isocratis
716 5130 977 5205 locusest
1012 5127 1065 5181 in
1108 5124 1543 5205 [Iapeti/seruat}
1582 5126 1782 5205 Deme.

212 5195 425 5269 nicum,
459 5203 822 5272 legendusque
864 5195 1207 5272 Hieronymi
1229 5195 1584 5272 Mercurialis,
1617 5195 1786 5251 medi-

214 5292 317 5331 cus
349 5265 565 5338 ex'cellj,
597 5273 649 5326 in
698 5265 1101 5341 C'ymnasticis':
1133 5265 1482 5341 ﬂippocratis
1507 5281 1679 5341 _vero,_
1718 5281 1787 5321 ex

214 5346 314 5399 lib.
347 5359 381 5396 v
412 5334 857 5412 Epidemicoram,
887 5351 1018 5412 sect.
1037 5337 1071 5390 4
1097 5334 1622 5412 ιξΑσκησις-ύγίηςς
1655 5337 1789 5412 ἁκο-

218 5417 312 5486 ρίη
345 5406 579 5486 τροφῆς,
626 5411 816 5480 ἀοκνίη
879 5406 1444 5486 πόνωνηιξαῖετεέεαιίο
1493 5406 1733 5486 sanitatis
1769 5424 1791 5461 :

214 5475 353 5540 ses-ci
382 5475 882 5544 citra'isatielatem,
921 5496 1022 5532 non
1063 5477 1307 5546 defugere
1361 5477 1614 5546 laborem.
1667 5475 1793 5531 lllas

217 5556 361 5609 infra
393 5569 623 5623 gnomas
652 5551 832 5621 Μηδὲν
878 5550 1043 5623 άγαν,
1072 5544 1166 5623 καὶ
1194 5546 1391 5623 μέτρον
1417 5544 1661 5623 ἄριστον,
1689 5549 1792 5623 _uni

215 5616 480 5680 Cleobule
509 5623 701 5677 Lindio
730 5616 917 5674 tribuit
943 5619 1234 5683 Ausonius,
1259 5619 1311 5670 in
1344 5627 1535 5683 septem
1569 5616 1793 5684 Sapien-

219 5707 333 5749 tum
366 5694 514 5758 ludo,
548 5694 710 5748 Solon
746 5706 897 5756 vero,
946 5689 1184 5751 Cbiloni,
1221 5685 1653 5758 elmSll‘aIOdQIiIO
1680 5687 1796 5758 cui-

219 5767 345 5817 dam
377 5754 622 5833 Tegeatze
655 5754 974 5833 attributum
1035 5758 1224 5833 scribit
1251 5754 1791 5833 CleineusAlexancl.

221 5836 281 5889 St
294 5824 532 5889 romat'eo
561 5833 755 5903 primo.
788 5829 1072 5903 Euripides
1099 5837 1154 5883 et
1183 5826 1473 5903 Terentius
1504 5824 1797 5903 iu‘Andria

222 5914 511 5981 usurpant,
556 5894 610 5961 et
639 5904 692 5958 in
736 5894 1227 5981 ddugftlbiliastes
1268 5896 1489 5969 exponit
1535 5894 1793 5961 Batavus,

1896 5380 1963 5436 Et
1992 5396 2205 5435 rursum
2239 5396 2379 5435 vers.
2408 5383 2532 5437 401.

1890 5136 1952 5183 ut
1978 5126 2215 5184 Isidorus
2255 5142 2444 5199 supra,
2468 5141 2592 5197 epp.
2626 5126 2697 5181 75
2726 5135 2782 5183 et
2822 5128 2948 5184 415.
2983 5125 3265 5199 Theognis
3297 5139 3485 5196 autem

1892 5213 2041 5254 vers.
2073 5199 2179 5253 335
2215 5198 2293 5252 sic
2324 5195 2608 5268 coniungit
2645 5213 2659 5250 :

1960 5288 2168 5356 Μηδὲν
2189 5289 2345 5358 ἄγαν
2378 5288 2671 5343 σπεύδειν
2694 5304 2711 5321 ⁶
2740 5289 2985 5345 πάντων
3003 5291 3139 5362 μέσ’
3173 5290 3408 5358 ἄριστα.

3088 5397 3377 5454 λιιριστος.

1965 5472 2172 5542 Μηδὲν
2214 5472 2369 5537 ἄγαν
2410 5474 2736 5529 σπεύδειν·
2790 5474 2995 5544 καιρὸς
3048 5474 3135 5597 5’s
3150 5474 3244 5526 ἐπὶ
3295 5473 3489 5530 πᾶσιν

3140 5559 3344 5599 ουοττ.

1969 5635 2083 5705 (56)
2120 5635 2224 5689 Pro
2257 5637 2548 5689 ἐπισκοπεῖ
2578 5635 2734 5690 codd.
2770 5634 2888 5689 Val.
2922 5634 3028 5688 650
3055 5646 3108 5689 ct
3136 5636 3246 5689 Alt.
3286 5636 3491 5705 habent

1898 5704 2197 5759 ἐπισκοτεῖ.
2225 5705 2377 5761 Vers.
2413 5717 2737 5773 antepen.et
2763 5721 2885 5774 pen.
2907 5721 2994 5774 ep.
3030 5711 3145 5758 end.
3179 5706 3324 5759 solus
3364 5704 3486 5760 Vat.

1898 5777 2004 5831 650
2053 5778 2215 5847 aliam
2263 5775 2389 5847 lect.
2424 5776 2579 5847 offert
2641 5776 2694 5827 in
2757 5792 2927 5846 marg.
2979 5791 3078 5846 pro
3127 5776 3485 5847 φυλάξωμεν,

1902 5862 2095 5917 nempe
2121 5844 2504 5918 φυλαξώμεθα.
2538 5845 2753 5903 Possm.
