3998 6414
566 407 703 472 1627
1765 422 1826 481 S.
1870 420 2162 481 ISIDORI
2196 422 2637 484 PELUSIOT/E

997 522 1240 583 DXXIX.
1279 557 1349 566 --
1394 527 1722 585 ilYPATIO.
2188 543 2236 599 Α

1730 645 1911 703 Virtus
1934 651 1989 704 in
2015 661 2236 722 utraque
2260 649 2408 706 utilis
2440 651 2679 720 fortuna.

632 743 731 799 Hic
759 746 946 811 etiam,
969 747 1110 802 bone
1135 748 1235 813 vir,
1259 750 1693 821 quandoquidem
1721 752 1916 810 futuris
1941 756 2134 813 diliidis

2315 757 2640 823 Κάνταῦθα,
2673 752 2719 811 ὦ
2753 757 2998 828 βέλτιστε
3017 797 3032 822 ,
3072 757 3259 829 ἐπειδὴ
3291 760 3403 822 τοῖς
3434 758 3664 829 μέλλουσι
3686 760 3769 816 δια.

558 837 915 903 temporibus,
941 838 1119 894 virtus
1136 838 1394 895 clariores
1420 843 1593 897 rcddit
1621 844 1702 898 sui
1725 860 1910 901 amore
1930 859 2134 918 captosI

2254 853 2465 915 πιστεῖς
2484 890 2501 916 ,
2528 853 2570 921 ἡ
2590 850 2760 923 ἀρετὴ
2786 850 3208 922 λαμπροτέρους
3232 852 3521 920 ἀποφαίνει
3545 854 3654 916 τοὺς
3679 856 3772 907 ἐαυ-

559 927 674 981 sive
700 942 786 981 res
818 930 926 981 sint
952 930 1227 995 secundae,
1252 932 1368 987 sive
1397 933 1659 990 adversze.
1697 937 1797 1003 Qui
1828 939 1972 992 enim
2006 941 2134 996 benc

2247 942 2348 1012 τῆς
2372 942 2611 1015 ἐραστάς
2630 983 2642 1006 ,
2674 944 2782 996 εἴτε
2813 943 3085 1014 εὐημερίᾳ
3110 983 3126 1004 ,
3160 941 3273 995 εἴτε
3302 941 3601 1015 δυσημερία
3626 946 3772 1017 χορεύ-

560 1018 897 1088 l‘elicitcrqnc
934 1030 1130 1089 agunt,
1156 1022 1417 1078 clariores
1443 1026 1677 1080 evadunt
1703 1045 1717 1080 :
1745 1030 1833 1098 qui
1863 1045 1992 1084 vero
2017 1046 2134 1085 cum

2245 1052 2415 1089 σειαν.
2452 1029 2527 1089 Εὖ
2573 1035 2912 1105 πράττοντας
2954 1034 3063 1105 γάρ
3100 1033 3507 1105 λαμπροτέρους
3529 1075 3543 1101 ,
3575 1036 3657 1089 καὶ
3679 1037 3774 1089 δυσ-

561 1109 791 1163 adversa
821 1109 1179 1166 colluctantur
1208 1112 1446 1178 fortuna,
1470 1129 1565 1168 eos
1597 1130 1702 1171 non
1737 1118 1943 1186 patitur
1970 1120 2134 1175 virtus

2245 1126 2434 1191 κολίας
2459 1128 2752 1199 συμϐάσης
2787 1128 2887 1180 οὐκ
2926 1126 3122 1197 ἀφίησι
3151 1128 3485 1180 καταπεσεῖν
3514 1128 3590 1191 είς
3617 1128 3774 1199 ἀγεννῆ

562 1200 759 1255 animis
787 1202 1093 1260 concidere.
1129 1201 1240 1260 Illis
1262 1205 1406 1259 enim
1431 1218 1748 1264 ornamento
1774 1220 1877 1277 est,
1906 1211 1989 1265 his
2014 1227 2134 1267 vero

2241 1218 2571 1287 δυσθυμίαν,
2605 1222 2719 1283 τοῖς
2758 1219 2859 1290 μὲν
2899 1218 3139 1289 κόσμος,
3190 1220 3303 1282 τοῖς
3346 1217 3404 1271 δὲ
3441 1219 3604 1289 ὅρμος
3631 1235 3775 1288 γιγνο-

559 1303 773 1361 portum
807 1294 1031 1363 praebet.

2250 1308 2412 1380 μένη.

620 1404 781 1475 713
812 1405 1024 1461 DXXX.
1055 1437 1128 1447 ——
1157 1407 1555 1465 ATHANASIO
1592 1411 2072 1471 PRESBYTERO.

2481 1419 2605 1473 ΦΝ.
2648 1449 2719 1460 -
2745 1416 3089 1489 ΑΘΑΝΑΣΙῼ
3125 1418 3588 1489 ΠΡΕΣΒΥΤΕΡῼ.

664 1495 752 1550 Ea:
779 1513 834 1551 se
855 1499 1071 1568 quisque
1094 1501 1157 1553 de
1178 1500 1301 1555 aliis
1318 1500 1551 1569 judicat,
1580 1514 1633 1556 ut
1657 1501 1902 1559 Zosimus
1925 1508 2178 1574 pessimus
2208 1509 2340 1563 atros
2365 1526 2566 1580 quoque
2603 1511 2775 1564 malos
2805 1526 2916 1565 esse
2946 1512 3208 1563 censebat.
3240 1508 3403 1581 (Vide
3429 1511 3569 1579 epist.
3599 1511 3698 1584 18.)

633 1602 841 1660 Omnes
880 1606 1136 1663 mortales
1165 1619 1225 1663 ut
1253 1610 1326 1664 ita
1358 1611 1555 1679 dicam,
1590 1614 1656 1668 de
1695 1629 1754 1669 se
1796 1615 1920 1685 ipsi,
1954 1625 2046 1669 aut
2076 1618 2134 1671 de

2310 1620 2552 1684 Πάντες,
2593 1620 2671 1684 ώς
2711 1619 2844 1685 ἔπος
2871 1620 3067 1684 εἰπεῖν,
3119 1619 3408 1691 ἄνθρωποι
3439 1622 3501 1674 ἐκ
3538 1621 3636 1675 τῶν
3679 1625 3780 1677 καθ’

563 1694 686 1751 aliis
708 1712 775 1750 ex
826 1711 887 1752 se
935 1699 1207 1767 iudicant.
1249 1701 1352 1768 Qui
1384 1703 1525 1757 enim
1552 1703 1732 1771 justus
1759 1717 1862 1771 est,
1908 1707 2134 1776 reliquos

2248 1711 2475 1774 ἑαυτοὺς
2503 1710 2597 1763 καὶ
2626 1711 2755 1781 περὶ
2783 1710 2892 1764 τῶν
2914 1710 3091 1765 ἄλλων
3116 1710 3213 1773 τὰς
3240 1710 3459 1780 ψήφους
3483 1713 3775 1784 ἐκφέρουσιν.

563 1789 737 1842 credit
772 1787 971 1857 jnstos,
1002 1800 1055 1846 et
1086 1802 1401 1863 temperans
1434 1804 1800 1864 temperantes
1829 1797 1964 1853 alios
1998 1815 2013 1861 ;
2059 1799 2134 1853 sic

2251 1800 2311 1855 Ὀ
2338 1802 2468 1870 γοῦν
2498 1801 2705 1865 δίκαιος
2725 1800 2969 1865 δικαίους
2994 1796 3133 1854 εἶναι
3169 1802 3420 1855 πιστεύει
3451 1802 3675 1869 πολλοὺς,
3701 1807 3775 1858 καὶ

563 1889 619 1934 et
648 1883 810 1943 latro,
845 1894 1072 1937 eteteros
1112 1883 1377 1951 latrones,
1419 1894 1475 1940 et
1510 1886 1802 1953 homicida,
1839 1889 2134 1945 homicidas

2245 1893 2274 1945 6
2304 1891 2536 1963 σώφρων
2571 1894 2891 1962 σώφρονας,
2935 1894 3030 1947 καὶ
3072 1895 3100 1947 6
3142 1891 3350 1963 λῃστὴς
3388 1892 3611 1967 λῃστάς·
3656 1897 3777 1951 καὶὸ

564 1969 704 2024 alios
727 1973 984 2026 aestimat.
1024 1971 1143 2028 Noli
1171 1974 1355 2044 itaque
1381 1977 1722 2041 mirari,retsi
1749 1978 2021 2046 Zositnns,
2047 1982 2134 2051 qni

2244 1981 2569 2053 ἀνδροφόνος
2598 1981 2979 2052 ἀνδροφόνους.
3010 1981 3102 2052 Μὴ
3132 1981 3316 2034 τοίνυν
3346 1981 3584 2052 θαύμαζε
3605 2023 3618 2046 ,
3640 1986 3680 2037 εί
3705 1987 3779 2037 καὶ

564 2073 796 2118 eiciet-os
822 2080 1011 2120 omnes
1037 2066 1385 2136 improbitate
1406 2067 1646 2125 celebres
1668 2074 1963 2141 superavit,
1987 2088 2053 2127 ex
2083 2088 2134 2129 se

2245 2073 2527 2143 Ζώσιμος,
2560 2075 2588 2127 6
2620 2074 2831 2138 πάντας
2855 2075 2982 2137 τοὺς
3022 2075 3116 2127 ἐπὶ
3153 2073 3527 2145 παρανομίαις
3556 2074 3775 2146 βεϐοημέ-

563 2153 700 2210 alios
729 2157 1008 2225 improbos
1037 2159 1296 2217 aestimet.

2243 2181 2370 2227 νους
2390 2164 2712 2237 ἀποκρύψας
2732 2206 2746 2230 ,
2783 2168 2848 2219 ἐκ
2877 2165 2986 2219 τῶν
3014 2164 3139 2218 καθ’
3184 2166 3383 2220 ἐαυτὸν
3418 2167 3615 2229 πάντας
3646 2183 3777 2231 πονη-

2247 2257 2377 2328 ροὺς
2396 2252 2539 2309 εἶναι
2568 2255 2890 2326 ψηφίζεται.

2744 2368 2916 2421 ΦΛΑ’.
2947 2396 3018 2406 -
3044 2367 3321 2439 ΖΩΣΙΜῼ.

3662 422 3768 487 162i

2748 536 2924 592 exe.
2959 564 3028 579 -
3080 534 3353 609 mmo.

1019 2355 1260 2415 DXXXI.
1297 2389 1370 2400 —
1412 2358 1684 2418 ZOSIMO.

1991 2454 2071 2512 De
2095 2459 2275 2514 eadem
2314 2475 2391 2516 re.

631 2555 746 2613 Etsi
790 2561 1085 2630 prudentes
1131 2579 1197 2620 ac
1247 2566 1516 2622 moderati
1565 2566 1850 2623 incurabili
1897 2572 2134 2627 amentia

2313 2575 2376 2628 Εί
2411 2574 2505 2628 καὶ
2549 2573 2837 2644 ἀνηκέστῳ
2878 2589 2961 2626 σοι
3004 2572 3175 2645 μανίᾳ
3207 2570 3595 2644 κεχειρωμένῳ
3631 2569 3777 2641 μαίνε-

559 2646 826 2705 laboranti
860 2651 1103 2708 insanire
1139 2656 1442 2725 videantur,
1476 2668 1532 2713 et
1558 2659 1805 2729 desipere
1831 2672 2009 2730 putes,
2041 2665 2132 2731 qui

2241 2665 2364 2718 σθαί
2401 2683 2483 2717 σοι
2514 2664 2763 2718 δοκοῦσιν
2805 2665 2854 2717 οἱ
2887 2664 3316 2733 σωφρονοῦντες
3370 2664 3465 2718 καὶ
3490 2662 3778 2737 παραπαίειν

562 2741 658 2795 tibi
694 2743 979 2799 consilium
1010 2746 1163 2812 dant,
1192 2749 1342 2804 brevi
1378 2760 1555 2805 tamen
1584 2751 1913 2821 palinodiam
1944 2768 2131 2819 canes,

2240 2759 2291 2810 oi.
2343 2757 2751 2820 νουθετοῦντες·
2784 2756 2901 2811 ἀλλ’
2935 2759 2985 2809 εί
3027 2756 3204 2825 ὀλίγον
3260 2756 3598 2825 ἀνενέγκοις,
3625 2755 3776 2809 πολιν·

562 2833 815 2906 ferosque
845 2837 899 2891 in
926 2840 1261 2894 contrarium
1280 2833 1647 2899 sententiam.

2240 2847 2407 2916 ῳδίαν
2433 2847 2587 2919 ᾁσεις
2606 2887 2620 2909 ,
2656 2848 2751 2900 καὶ
2782 2846 2880 2917 τὴν
2907 2846 3157 2899 ἐναντίαν
3183 2845 3370 2917 ψῆφον
3396 2847 3585 2908 οῑσεις.

1029 2950 1294 3006 DXXXII.
1328 2983 1400 2995 —
1432 2953 1667 3009 EIDEM.

2700 2955 2868 3009 ιιιΑΒν.
2904 2985 2974 2995 -
3016 2955 3105 3026 Tu
3147 2954 3361 3025 ΔΥΤῼ.

667 3042 747 3097 De
785 3043 1012 3101 Eusebio
1044 3045 1249 3102 Pelusii
1281 3050 1539 3119 episcOpo,
1569 3053 1659 3121 qui
1686 3050 1956 3107 Zosimum
1990 3053 2274 3108 ordinavit.
2315 3051 2449 3118 Quis
2479 3066 2596 3105 vere
2628 3051 2893 3105 sacerdos.
2932 3049 3119 3119 (Supr.
3156 3052 3310 3118 epist.
3349 3049 3456 3104 426
3480 3058 3531 3103 et
3564 3047 3696 3114 481.)

633 3156 748 3212 Etsi
785 3166 841 3213 et
869 3159 1005 3229 ipse,
1038 3169 1094 3214 et
1122 3162 1213 3230 qui
1246 3171 1298 3218 te
1323 3165 1661 3219 sacerdotem
1696 3165 1986 3229 ordinavit,
2023 3165 2134 3221 sive

2318 3163 2379 3218 Εἰ
2411 3163 2506 3217 καὶ
2534 3162 2696 3225 αὐτὸς
2723 3163 2752 3215 6
2785 3161 3034 3232 προπιών
3066 3178 3148 3213 σοι
3180 3160 3284 3231 τὴν
3314 3158 3628 3231 ἱερωσύνην,
3650 3160 3675 3210 6
3700 3157 3777 3227 μὲν

556 3248 862 3318 imperandi
913 3252 1132 3315 studio,
1180 3255 1296 3311 sive
1340 3257 1553 3326 argenti
1598 3257 1785 3313 ebrius
1835 3256 2134 3328 cupiditate

2246 3255 2354 3308 ὑπὸ
2383 3254 2727 3326 φιλαρχίας,
2774 3255 2802 3306 6
2842 3253 2900 3306 δὲ
2941 3253 3048 3305 ὑπὸ
3098 3252 3477 3323 φιλαργυρίας
3519 3248 3721 3321 μεθύων,
3754 3250 3776 3301 ἑ

556 3338 648 3393 hic
673 3342 827 3408 emit,
854 3342 943 3398 ille
968 3344 1214 3400 vendidit
1237 3360 1457 3412 nomen,
1489 3361 1556 3402 ne
1575 3362 1690 3402 rem
1723 3347 1894 3417 ipsam
1923 3347 2134 3414 dicam;

2246 3346 2348 3417 μὲν
2389 3344 2691 3417 ἐπώλησεν,
2742 3345 2770 3397 6
2814 3344 2870 3396 δέ
2898 3343 3141 3413 ἠγόρασε
3183 3341 3457 3412 τοῦνομαο
3504 3342 3561 3394 οὐ
3600 3340 3693 3411 γὰρ
3725 3340 3777 3393 ἄν

558 3432 655 3486 sed
710 3432 827 3502 lege
885 3434 1269 3506 Scripturam,
1308 3439 1423 3494 haec
1466 3448 1519 3495 te
1564 3441 1907 3495 sacerdotem
1957 3439 2134 3495 faciet.

2242 3437 2411 3509 φαίην
2437 3437 2497 3490 τὸ
2528 3439 2758 3511 πρᾶγμα
2785 3453 2798 3465 ·
2826 3435 2962 3488 ἀλλά
2990 3435 3079 3498 δὺς
3106 3435 3307 3488 σαυτὸν
3334 3436 3459 3499 ταῖς
3485 3435 3643 3504 ἱεραῖς
3663 3431 3774 3502 Γρα-

559 3521 618 3576 Si
647 3525 791 3579 enim
822 3526 983 3594 hujus
1014 3527 1312 3600 Scriptura:
1351 3532 1567 3602 parebis
1606 3531 1836 3602 legibus,
1894 3530 2134 3603 legitime

2243 3532 2373 3598 φαῖς
2397 3569 2411 3593 ,
2449 3529 2542 3582 καί
2592 3545 2652 3583 σε
2688 3530 3007 3599 ποιήσουσιν
3038 3527 3212 3597 ἱερέα.
3260 3526 3395 3580 Ἐὰν
3433 3528 3541 3596 γάρ
3567 3528 3669 3588 τοῖς
3702 3523 3773 3575 νό-

555 3615 843 3687 suscipies,
873 3619 1013 3689 quod
1050 3621 1290 3677 indebite
1322 3623 1626 3692 suscepisti.

2246 3640 2367 3693 μοις
2396 3620 2575 3675 αὐτῶν
2608 3620 2920 3692 πεισθείης,
2949 3622 3087 3691 ὅπερ
3112 3620 3176 3673 οὐ
3197 3619 3434 3684 δεόντως
3465 3619 3646 3686 ἐδέξω,
3666 3615 3776 3670 δεόνο

2239 3733 2349 3780 τως
2378 3713 2756 3786 μεταχειρίσῃ.

798 3815 1081 3875 DXXXIll.
1110 3850 1181 3860 —
1209 3819 1527 3877 AMMONIO
1565 3822 1886 3882 LECTORI.
2500 3822 2670 3878 ΦΛΓ.
2704 3853 2773 3866 -
2800 3819 3123 3891 ΑΜΜΟΝΙῼ
3153 3818 3590 3892 suamnam.

558 3919 786 3981 Praestat
827 3929 911 3983 hic
940 3930 1285 4015 laborare,_ut
1322 3935 1763 4015 istic'coroueris,
1805 3956 2149 4015 quantitch
2190 3937 2460 4015 deliciari,
2500 3933 2571 4015 cf]
2589 3945 2706 4015 p981
2746 3933 3013 4015 ωιετηριηη
3037 3933 3293 4015 ςζαείατίτ
3332 3951 3365 4015 ,⁸
3400 3931 3626 4015 βεφῖωπ
3654 3928 3776 3984 δαίθ’

846 4017 963 4053 rum
992 4002 1092 4055 vim
1119 4006 1341 4072 patitur.
1376 4024 1395 4057 ι
1439 4006 1659 4073 (Matth.
1695 4000 1772 4076 ιιι,
1812 4000 1922 4078 i2.)
1954 4007 2040 4063 Ea:
2070 4008 2318 4064 Gentium
2351 4000 2568 4075 δενὶριὶέ
2586 4000 2644 4060 id
2687 4009 3010 4075 comprobat.
3039 4002 3174 4075 (Inf.
3210 4004 3367 4073 epist.
3396 4000 3546 4071 546.)

621 4101 703 4159 Ob
736 4120 878 4170 eam,
907 4124 1068 4177 quam
1099 4110 1339 4180 ignoras,
1376 4114 1676 4184 indignaris
1705 4130 1949 4183 causam,
1982 4117 2134 4186 cujus

2308 4114 2556 4185 Λέληθας
2584 4112 2792 4167 τούτων
2836 4111 3001 4165 ἓνεκα
3034 4109 3433 4181 δυσχεραίνων,
3466 4109 3550 4179 ἐφ’
3576 4104 3649 4171 οἷς
3674 4106 3776 4176 ἤδε-

555 4199 728 4268 gratia
770 4201 1007 4270 gaudere
1050 4202 1227 4270 potius
1258 4207 1521 4272 oportuit.
1557 4207 1710 4274 Quod
1754 4209 1899 4264 enim
1943 4209 2003 4263 ﬁt
2042 4224 2134 4262 ne-

2242 4207 2366 4261 σθαι
2411 4205 2689 4277 προσῆκον
2730 4200 2820 4276 ἦν.
2855 4203 2930 4257 Τὸ
2977 4202 3079 4273 μὲν
3120 4202 3230 4272 γὰρ
3282 4202 3550 4273 ῥᾴθυμον,
3594 4201 3772 4253 ἄπονον·

557 4289 841 4358 gligenler,
885 4300 939 4345 et
987 4294 1181 4359 otiose,
1219 4310 1324 4351 non
1375 4297 1533 4351 modo
1579 4313 1780 4354 corona
1829 4310 2003 4365 caret,
2038 4300 2133 4354 sed

555 4390 608 4434 t-t
638 4397 851 4449 poenam
884 4382 1060 4438 all‘ert.
1094 4385 1245 4451 Quod
1286 4402 1412 4441 vero
1444 4405 1564 4442 cum
1597 4390 1782 4446 labore
1834 4405 1898 4446 ac
1935 4391 2133 4445 sudore

555 4473 782 4539 geritur,
812 4477 1037 4543 prmmio
1065 4486 1147 4531 est
1177 4492 1485 4548 coronaque
1508 4480 1750 4550 dignum.
1781 4481 1949 4552 Igitur
1979 4483 2137 4547 cedo,

558 4564 699 4618 utris
739 4566 895 4620 malis
927 4569 1230 4639 aggregari,
1267 4569 1405 4625 iisne
1436 4572 1529 4639 qui
1579 4571 1667 4627 hic
1701 4573 1757 4627 in
1797 4572 2011 4629 deliciis
2048 4572 2133 4628 vi-

563 4662 667 4708 tam
703 4659 1029 4727 transigunt,
1082 4660 1134 4714 in
1173 4660 1345 4717 altero
1374 4676 1501 4716 vero
1537 4662 1735 4718 saecqu
1772 4677 1965 4733 pinnas
1997 4678 2137 4732 pen-

558 4750 715 4817 dunt,
749 4767 816 4806 an
852 4752 1226 4809 laborantibus
1270 4757 1323 4809 in
1360 4756 1463 4811 hac
1509 4756 1729 4826 quidem
1775 4761 1910 4823 vita,
1944 4766 2129 4825 postea

556 4856 687 4898 vero
711 4858 912 4899 corona
942 4846 1331 4902 redimiendis?
1355 4848 1472 4913 His,
1503 4849 1717 4916 opinor,
1748 4850 1928 4904 malis.
1953 4849 2134 4916 Quare

555 4938 599 4990 si
629 4936 731 4992 hos
760 4937 1085 5005 imitaberis,
1119 4938 1359 4995 laborem
1399 4958 1506 4998 non
1544 4942 1738 5013 fugies,
1781 4943 1876 4997 sed
1925 4952 1980 4996 et
2016 4942 2132 5012 glo-

557 5028 693 5081 riam
723 5030 1094 5099 consequeris.

742 5137 1030 5196 DXXXIV.
1064 5168 1137 5180 —-
1159 5138 1419 5197 DIDYMO
1456 5141 1939 5200 PRESBYTERO.

2239 4303 2334 4355 καὶ
2364 4301 2425 4354 οὐ
2458 4299 2615 4371 μόνον
2645 4296 3051 4367 ἀστεφάνωτον,
3077 4292 3217 4347 ἀλλὰ
3248 4295 3345 4346 καὶ
3378 4293 3640 4355 κολάσεως
3660 4290 3774 4343 πνεῖ.

2241 4394 2316 4448 T6
2352 4394 2409 4447 δὲ
2452 4393 2593 4463 μετά
2619 4392 2800 4443 πόνων
2828 4390 2926 4441 καὶ
2967 4385 3212 4458 ἱδρώτων
3248 4384 3422 4456 βιοῦν,
3460 4382 3773 4455 ἀναῤῥήσεων

2243 4486 2339 4540 καὶ
2367 4484 2647 4555 στεφάνων
2674 4482 2869 4536 αἴτιον.
2894 4481 3048 4534 Τίσιν
3069 4476 3165 4533 οὖν
3194 4479 3452 4550 ἀσμένως
3483 4474 3775 4545 καταριθμῇ.

2243 4579 2355 4640 τοῖς
2378 4576 2629 4647 τρυφῶσι
2657 4575 2754 4645 μὲν
2774 4572 3007 4628 ἐνταῦθα
3025 4611 3041 4634 ,
3066 4570 3559 4642 κολασθησομένοις
3589 4568 3640 4621 δὲ
3667 4562 3777 4636 μετὰ

2242 4666 2446 4731 ταῦτας
2464 4684 2478 4698 ’
2511 4666 2543 4737 ἢ
2576 4668 2689 4729 τοῖς
2719 4664 2941 4718 ἀθλοῦσι
2974 4663 3073 4735 μὲν
3100 4662 3250 4733 τῇδε,
3280 4664 3462 4715 ἐκεῖσε
3497 4661 3551 4715 δὲ
3585 4655 3775 4725 στεφθη-

2240 4759 2528 4831 ωμένοις;
2570 4757 2715 4827 Ἐγὼ
2751 4758 2850 4829 μὲν
2887 4752 3042 4828 οἶμαι
3068 4756 3314 4819 τούτους.
3351 4756 3415 4809 Εἰ
3446 4755 3501 4809 δὲ
3532 4752 3621 4806 καὶ
3646 4748 3772 4807 (167.6;

2238 4851 2450 4904 τούτου⁶
2505 4849 2720 4921 ζηλοῖς,
2756 4847 2832 4919 μὴ
2890 4846 3063 4917 φεῦγε
3113 4847 3243 4911 τοὺς
3275 4846 3504 4911 πόνους,
3550 4843 3671 4898 ἀλλά
3697 4838 3772 4908 τὴν

2236 4942 2488 4997 εῠκλειαν
2514 4940 2701 4995 δίωκε.

2480 5140 2641 5196 om.
2675 5167 2748 5181 -
2773 5138 3029 5209 ΔῐΔΥΜῼ
3072 5135 3546 5208 ΠΡΕΣΒΥΤΕΡῼ.

1335 5255 1411 5310 De
1434 5254 1659 5323 Zosimi,
1686 5257 1891 5325 opinor,
1919 5257 2196 5322 desperata
2231 5252 2460 5339 malitia.
2492 5251 2679 5324 (Supr.
2711 5254 2867 5322 epist.
2893 5249 3045 5320 510.)

623 5355 769 5411 Cave
821 5357 1189 5426 reprehendas
1232 5374 1351 5423 eos,
1396 5360 1487 5429 qui
1543 5360 1940 5430 implacabilem
1982 5361 2130 5414 illam

555 5446 725 5500 feram
778 5448 1054 5503 concitato
1094 5450 1307 5521 fugiunt
1353 5464 1538 5516 cursu,
1596 5466 1719 5519 quae
1768 5453 1823 5506 in
1867 5465 2132 5521 pauperes

556 5539 933 5593 misericordia
964 5540 1177 5610 dignos,
1212 5541 1466 5597 immanis
1491 5550 1598 5607 est,
1637 5545 1689 5597 in
1722 5543 1972 5611 turpibus
2003 5557 2131 5596 vero

558 5628 1054 5697 impudentissima,
1103 5646 1227 5702 quae
1274 5647 1369 5687 eos
1408 5633 1646 5689 hostium
1684 5634 1737 5688 in
1785 5648 2017 5689 numero
2048 5632 2147 5688 lia-

561 5720 674 5784 bet,
720 5720 812 5790 qni
856 5737 964 5778 non
1019 5740 1087 5778 ex
1127 5724 1294 5780 animi
1356 5727 1438 5781 sui
1480 5726 1773 5791 sententia,
1823 5727 2029 5783 vicinos
2072 5741 2136 5783 ac

560 5811 861 5881 proximos,
889 5828 1062 5884 neque
1097 5830 1164 5871 ex
1195 5831 1295 5872 suo
1327 5816 1642 5886 prtescripto
1668 5816 1885 5873 lmdant.

2309 5361 2403 5431 Μὴ
2435 5361 2657 5431 μέμφου
2685 5360 2814 5424 τοὺς
2832 5359 2895 5413 τὸ
2918 5359 3235 5431 ἀμείλικτον
3268 5362 3445 5415 ἐκεῖνο
3470 5357 3643 5430 θηρίον
3665 5370 3765 5419 προ-

2238 5452 2512 5526 τροπάδην
2542 5451 2846 5523 φεύγοντας
2863 5492 2879 5516 ,
2912 5452 2974 5505 τὸ
3000 5453 3060 5507 ἐν
3086 5455 3201 5518 τοῖς
3228 5454 3485 5515 ἐλεεινοῖς
3506 5450 3762 5521 ὠμότατον,

2243 5548 2302 5601 ἐν
2328 5546 2386 5600 δὲ
2412 5548 2525 5609 τοῖς
2552 5547 2852 5617 αἰσχίστοις
2877 5544 3281 5612 ἀναιδέστατον,
3309 5545 3368 5599 τὸ
3399 5542 3615 5616 ἐχθροὺς
3633 5535 3762 5609 ἡγού-

2242 5655 2401 5709 μενον
2427 5638 2553 5702 τοὺς
2581 5638 2720 5710 μήτε
2749 5637 2893 5692 κατά
2914 5636 3143 5713 γνώμην
3173 5639 3509 5711 βλάπτοντας
3545 5634 3658 5694 τοὺς
3687 5625 3762 5682 πέ·

2240 5729 2372 5795 λας,
2407 5729 2545 5802 μήτε
2577 5728 2637 5797 ἐξ
2664 5729 3059 5800 ἐπιτάγματος.
