3998 6414
313 428 454 494 1629

764 544 931 599 ΦΛΕ’.
970 573 1041 584 -—
1080 545 1453 604 OYAAENTI.

1228 434 1766 499 EPISTOLARUM
1803 437 1950 497 LIB.
1988 434 2060 497 V.
2104 459 2173 474 -
2214 433 2449 495 EPIST.
2494 433 2667 494 DXL.

1943 556 1980 611 Α
2438 543 2632 599 DXXX
2645 541 2701 599 ν.
2746 572 2817 583 --
2846 541 3169 599 VALENTI.

3456 428 3596 496 1630

1231 664 1311 721 De
1340 668 1636 722 sacerdotio
1664 669 1915 737 indignis.
1953 665 2115 739 (Vide
2143 667 2294 735 epist.
2328 663 2435 720 556
2459 672 2508 717 et
2536 662 2690 734 557.)

384 774 524 839 Τοὺς
559 778 692 847 παρ’
737 778 897 844 ἀξίαν
925 780 1187 851 τυχόντας
1238 782 1524 854 ἱερατικῆς
1584 783 1751 855 τιμῆς
1786 785 1889 838 ὑπ-

307 868 531 921 ακούειν
564 870 777 942 ἀνάγκη
823 874 934 936 τοῖς
975 874 1037 926 ού
1088 872 1317 937 δεόντως
1358 874 1649 941 δεδωκόσι,
1682 875 1785 930 κᾶν
1818 878 1899 939 είς

308 960 445 1012 αὖτό
479 959 540 1012 τὸ
568 960 722 1014 Θεῖον
755 962 823 1016 τά
866 962 1121 1034 δρώμενα
1155 963 1341 1033 βλέπει
1360 978 1376 994 ⁸
1408 965 1490 1019 διὸ
1518 968 1615 1020 καὶ
1642 967 1896 1038 ἀλλήλοις

307 1045 412 1118 τὴν
457 1048 643 1102 ἄδικον
684 1049 889 1121 ταύτην
937 1051 1208 1106 ἀντίδοσιν
1258 1054 1627 1124 παρέχοντες,
1661 1056 1893 1127 δύναμιν

307 1141 373 1193 οὐ
424 1143 626 1215 μικρὰν
656 1143 736 1206 εἱς
775 1143 835 1197 τὸ
874 1144 1016 1198 κατὰ
1043 1145 1154 1198 τῶν
1192 1140 1252 1200 εὖ
1290 1144 1549 1217 βιούντων
1578 1146 1899 1211 ὁπλίζεσθαι

308 1232 849 1302 προσλαμϐάνουσιν.
892 1235 953 1288 Εἰ
999 1235 1057 1289 δέ
1102 1254 1186 1300 τις
1214 1238 1249 1308 ἢ
1288 1238 1546 1303 τούτους,
1583 1240 1615 1311 ἢ
1655 1239 1898 1303 ἐκείνους

308 1324 642 1387 αἰτιάσοιτο,
694 1326 1040 1401 παρακινῷσι
1089 1332 1201 1392 τοῖς
1248 1329 1547 1401 δρωμένοις
1595 1331 1691 1383 καὶ
1739 1333 1901 1402 εἰρω-

306 1413 484 1478 νείαν,
514 1413 543 1466 ὃ
572 1414 678 1468 τῶν
713 1416 1006 1488 δρωμένων
1043 1418 1441 1489 ἀλγεινότερον,
1484 1418 1560 1490 τῷ
1593 1422 1896 1490 συγχωρεῖν

309 1504 620 1573 γίγνεσθαι,
643 1506 816 1560 ταῦτα
839 1507 1124 1577 βούλεσθαι
1153 1510 1213 1562 es
1228 1509 1381 1562 Θείον
1408 1510 1893 1582 καταψευδόμενοι.

518 1615 688 1682 eaq.
720 1645 792 1655 —
834 1616 1178 1689 ΑΘΑΝΑΣΙῼ
1210 1618 1679 1692 ΠΡΕΣΒΥΤΕΡῼ.

2078 785 2179 852 Qui
2222 784 2447 854 indigne
2494 780 2786 838 sacerdotii
2837 788 2963 836 sunt
3005 780 3213 835 honore
3252 778 3457 847 affecti,
3501 795 3595 835 ne-

2010 892 2164 933 cesse
2214 885 2296 931 est
2349 875 2610 931 obediant
2656 873 2707 928 ei
2758 873 2848 941 qui
2909 887 3015 928 non
3072 872 3251 926 debite
3296 871 3593 933 ordinavit,

2002 984 2126 1025 cum
2156 971 2221 1024 ad
2251 969 2491 1023 divinum
2518 982 2720 1022 numen
2759 966 3033 1020 ordinatio
3063 973 3272 1032 spectet
3304 980 3321 1018 :
3355 966 3501 1017 unde
3542 974 3596 1015 et

2002 1068 2189 1114 mutuo
2247 1058 2504 1127 injustam
2564 1057 2981 1112 retributionem
3045 1052 3209 1127 714
3251 1053 3594 1124 praebentes,

2001 1150 2316 1205 facultatem
2342 1165 2449 1204 non
2476 1150 2743 1203 modicam
2773 1146 2873 1201 sibi
2904 1146 3200 1209 vindicant,
3231 1160 3337 1214 qua
3372 1145 3424 1197 in
3452 1145 3591 1197 bene

2001 1242 2251 1296 viventes
2304 1242 2679 1296 obarmentur.
2734 1238 2790 1292 Si
2834 1238 2956 1308 quis
3000 1253 3131 1290 vero
3183 1238 3287 1290 hos
3343 1246 3434 1289 aut
3477 1235 3594 1289 illos

2006 1344 2250 1398 accuset,
2282 1333 2455 1388 sacris
2488 1332 2649 1386 rebus
2683 1331 2851 1385 risum
2884 1328 3142 1391 concitet,
3171 1327 3314 1397 quod
3353 1327 3594 1381 deterius

2004 1431 2089 1478 est
2121 1423 2301 1493 longe,
2346 1437 2508 1490 quam
2545 1419 2686 1475 male
2728 1420 2931 1474 initiari
2958 1420 3301 1490 permittere,
3331 1417 3475 1487 quod
3505 1425 3591 1471 est

1952 1580 1957 1583 _
2002 1513 2169 1569 Deum
2198 1513 2337 1568 velle
2364 1511 2573 1567 fallere.

2124 1622 2412 1679 DXXXVI.
2449 1652 2519 1663 —-
2545 1619 2952 1677 ATIIANASIO
2988 1616 3469 1675 PRESBYTERO.

1370 1732 1445 1789 De
1467 1732 1667 1789 Zosimi
1696 1736 1935 1792 amicitia
1968 1740 2126 1793 noxia
2152 1748 2201 1794 et
2233 1753 2494 1808 suspecta.

380 1837 554 1901 Μῖσός
588 1853 670 1891 σοι
708 1838 918 1910 ἀνεφύη
961 1838 1113 1912 παρά
1161 1842 1297 1894 πᾶσι
1343 1841 1433 1896 διὰ
1480 1842 1581 1914 τὴν
1609 1843 1889 1909 ἀσέϐειαν,

2069 1846 2266 1903 Odium
2304 1863 2433 1917 erga
2488 1858 2540 1904 te
2574 1846 2715 1917 apud
2767 1856 2962 1902 omnes
2994 1844 3329 1900 recrudescit
3376 1844 3446 1900 ob
3489 1843 3591 1898 im-

306 1929 409 2001 τὴν
444 1930 679 2001 Ζωσίμῳ
714 1930 852 2002 φίλῳ
878 1930 955 2003 τῷ
983 1933 1061 2003 σῷ
1091 1933 1520 2006 τετολμημένην.
1557 1936 1622 1989 Οἱ
1659 1937 1759 2006 μὲν
1785 1937 1891 2009 γὰρ

2008 1939 2275 2009 pietatem,
2324 1954 2488 2008 quam
2546 1938 2797 1993 Zosimus
2848 1938 2940 1992 tibi
2990 1938 3190 1992 charus
3232 1946 3448 2006 patrare
3506 1945 3590 1990 est

306 2023 681 2095 ἀφειδέστεροί
709 2042 864 2093 φασι,
898 2025 975 2097 μὴ
1011 2025 1240 2097 ἄμοιρόν
1274 2042 1334 2080 σε
1362 2023 1503 2081 εἶναι
1540 2029 1640 2100 τῆς
1681 2030 1895 2101 δραμα-

306 2116 593 2185 τουργίαςο
645 2118 694 2169 οἱ
740 2116 798 2170 δέ
844 2119 1263 2190 ἐπιεικέστεροι,
1306 2120 1534 2192 ἄμοιρον
1576 2122 1676 2193 μὲν
1721 2119 1895 2190 εἶναι,

307 2211 610 2281 δυνάμενον
644 2213 703 2266 δὲ
744 2212 1021 2280 κωλῦσαι,
1056 2214 1134 2284 μὴ
1169 2213 1549 2287 βεϐουλῆσθαισ
1576 2218 1658 2272 διὸ
1696 2220 1789 2271 καὶ
1817 2219 1898 2273 δί-

310 2318 468 2367 καιος
498 2302 564 2355 ἂν
588 2304 705 2372 είης
730 2306 880 2377 παρὰ
910 2306 1128 2360 πάντων
1165 2309 1284 2370 ταῖς
1308 2307 1672 2379 κατηγορίαις
1702 2309 1891 2379 βάλλε-

311 2396 458 2449 σθαι.
514 2400 577 2450 Oi
629 2398 687 2450 δὲ
734 2398 1097 2469 βεϐουλῆσθαι
1143 2398 1264 2468 μὲν,
1320 2398 1397 2471 μὴ
1443 2400 1765 2472 δεδυνῆσθαι
1815 2402 1895 2461 δέ,

323 2488 466 2541 Ἄλλο
504 2489 627 2543 οὐδὲ
658 2484 804 2544 οὗτοι
832 2489 931 2561 τὴν
957 2491 1211 2559 ἀφιεῖσαν
1242 2492 1373 2562 περὶ
1402 2491 1497 2545 σοῦ
1525 2492 1750 2563 φέρουσι
1785 2492 1894 2563 ψῆ-

308 2595 434 2647 φον,
474 2580 611 2634 ἀλλά
654 2581 974 2651 φράζουσιψ
1011 2583 1076 2638 Εί
1113 2582 1211 2635 καὶ
1255 2582 1331 2654 μὴ
1380 2583 1745 2656 κεκοινώνηκε
1796 2584 1892 2639 τοῦ

310 2671 631 2742 σκέμματος
657 2711 674 2738 ,
722 2660 805 2727 ὅτι
841 2672 1087 2727 τοιούτου
1139 2674 1329 2742 ἀνδρὸς
1369 2674 1521 2743 φίλος
1561 2675 1890 2746 γεγένηται,

310 2763 640 2833 μεμόλυται.
669 2764 846 2829 Αὐτὸς
873 2759 966 2820 οὖν
997 2766 1204 2830 δίκαιος
1229 2765 1281 2820 εἴ
1301 2766 1721 2838 βουλεύσασθαι,
1740 2770 1894 2833 ὅπως

305 2854 515 2927 ταύτην
539 2856 869 2927 ἀποτρίψαιο
892 2856 992 2930 τὴν
1021 2857 1258 2926 ἀδοξίαν.

542 2962 711 3018 ΦΛΖ’.
750 2993 823 3004 -
864 2963 1247 3025 ΕΥΔΑΙΜΟΝΙ
1296 2964 1649 3021 ΦΙΛΙΠΠΟΥ.

1998 2045 2187 2085 ausus.
2241 2031 2342 2096 Qui
2390 2030 2595 2099 largius
2646 2031 2916 2095 referunt,
2967 2030 3120 2084 aiunt
3167 2037 3478 2083 consortem
3533 2039 3587 2083 te

1999 2122 2253 2179 factionis
2286 2138 2409 2179 esse
2436 2140 2452 2176 :
2477 2124 2566 2191 qui
2611 2138 2742 2178 vero
2776 2123 3014 2192 parcius,
3047 2132 3323 2177 essortem
3364 2120 3584 2190 quidem

1999 2222 2054 2268 te
2099 2228 2246 2277 esse,
2296 2215 2594 2283 prohibere
2634 2224 2814 2268 tamen
2861 2212 3126 2282 potuisse,
3175 2214 3270 2267 sed
3324 2213 3585 2267 noluisse.

2004 2306 2363 2373 Quamobrem
2428 2307 2625 2361 merito
2668 2314 2722 2359 te
2779 2307 2847 2359 ab
2901 2304 3156 2359 omnibus
3214 2304 3583 2358 accusandum

2000 2400 2176 2455 videri
2206 2400 2379 2453 aiunt.
2418 2398 2523 2451 Alii
2557 2398 2721 2451 etiam
2762 2396 2998 2451 voluisse
3023 2397 3240 2466 quidem
3274 2407 3348 2462 te,
3393 2406 3449 2450 at
3478 2411 3587 2451 non

2000 2493 2242 2561 potuisse
2274 2492 2340 2544 ab
2383 2490 2579 2558 injuria
2615 2488 2925 2558 prohibere.
2962 2487 3162 2542 Verum
3194 2502 3368 2555 neque
3400 2487 3454 2541 hi
3489 2488 3586 2543 ab-

1998 2580 2287 2635 solutionis
2319 2581 2386 2637 de
2432 2591 2484 2635 te
2516 2580 2846 2635 sententiam
2878 2577 3082 2643 ferunt,
3114 2578 3209 2633 sed
3254 2579 3427 2642 aiunt,
3478 2579 3583 2633 etsi

2000 2686 2110 2726 non
2163 2670 2669 2735 communicaverit,
2712 2670 2855 2739 quod
2913 2677 3097 2723 tantus
3144 2676 3323 2722 tamen
3371 2669 3584 2723 amicus

1997 2763 2164 2817 fuerit
2210 2762 2399 2833 ipsius,
2450 2760 2853 2817 contaminatus
2900 2769 3007 2823 est,
3060 2759 3184 2829 jure
3236 2760 3588 2817 inducendus

1999 2855 2165 2925 igitur
2194 2870 2276 2923 es,
2312 2865 2372 2909 ut
2405 2854 2548 2909 illam
2582 2853 2935 2923 ignominiam
2967 2852 3176 2908 deleas.

2152 2966 2463 3024 DXXXVIII.
2495 2997 2565 3007 —
2596 2964 2983 3022 EUDEMONI
3022 2963 3316 3021 PHILIPPI
3356 2965 3422 3021 F.

840 3089 843 3093 ’
933 3098 1128 3155 Rerum
1151 3101 1458 3169 caelestium,
1481 3118 1640 3173 quam
1666 3106 1997 3157 terrestrium
2020 3121 2152 3158 cura
2190 3105 2388 3173 potior.
2416 3102 2597 3175 (ϐοαί.
2624 3104 2771 3173 epist.
2817 3102 2964 3173 108.)

392 3208 615 3282 Ἐπειδὴ
638 3211 739 3264 οὐκ
762 3210 823 3277 ἐξ
852 3210 969 3264 ἴσου
1003 3211 1112 3265 τῶν
1138 3211 1477 3267 διδασκάλων
1502 3213 1601 3284 τὴν
1624 3213 1889 3286 ἀκρόασιν

2064 3217 2199 3271 Cum
2224 3233 2330 3272 non
2364 3218 2478 3287 pari
2514 3216 2708 3272 affectu
2740 3217 2984 3272 docentis
3012 3215 3340 3286 accipiamus
3367 3229 3583 3283 vocem,

306 3279 635 3374 ποιούμεθα,
667 3303 805 3357 ἀλλά
839 3306 950 3368 τοῖς
988 3304 1089 3375 μὲν
1126 3306 1219 3358 ἐπὶ
1257 3306 1327 3359 τά
1365 3279 1595 3376 βιωτικά
1631 3279 1887 3378 παρακα-

2008 3309 2088 3363 sed
2124 3309 2189 3364 iis
2220 3324 2341 3379 quae
2374 3310 2440 3363 ad
2490 3309 2773 3364 saecularia
2824 3309 3076 3373 invitant,
3119 3308 3359 3362 animum
3402 3310 3573 3377 appli-

306 3393 461 3449 λοῦσι
485 3398 823 3468 προσέχομεν
852 3397 947 3451 τὸν
976 3396 1104 3451 νοῦν
1123 3415 1138 3431 ο
1169 3398 1278 3452 τῶν
1310 3398 1368 3451 δὲ
1396 3398 1491 3451 ἐπὶ
1514 3397 1616 3468 τὴν
1641 3398 1890 3470 οὐράνιον

305 3487 630 3557 φιλοσοφίαν
672 3487 986 3544 καλούντων
1020 3490 1144 3543 οὐδὲ
1181 3489 1282 3561 τὴν
1326 3490 1509 3560 φωνὴν
1544 3490 1887 3561 ἀνεχόμεθαο

305 3579 397 3634 διὰ.
423 3578 582 3635 τοῦτο
612 3580 683 3635 τά
706 3580 807 3653 μὲν
837 3580 997 3654 ἔργα,
1022 3582 1092 3637 τὰ
1112 3581 1171 3637 δὲ
1198 3581 1480 3655 ἡγούμεθα
1505 3583 1781 3655 πάρεργα.

574 3765 750 3821 cum.
787 3795 860 3806 —
896 3766 1109 3820 meum
1147 3766 1613 3840 ΠΡΕΣΒΥΤΕΡῼ.

1995 3415 2223 3468 ceruus;
2257 3411 2313 3455 at
2362 3401 2453 3470 qui
2495 3401 2561 3456 ad
2608 3400 2882 3456 temlestem
2925 3410 3123 3456 vocant
3155 3399 3578 3469 philosophiam,

1996 3506 2183 3546 eorum
2211 3507 2277 3547 ne
2300 3507 2486 3547 vocem
2513 3492 2729 3563 quidem
2749 3491 2936 3546 audire
2967 3492 3296 3546 sustinemus
3328 3508 3343 3544 :
3378 3491 3583 3544 idcirco

2001 3584 2086 3637 illa
2134 3585 2352 3653 quidem
2400 3585 2577 3651 utilia,
2623 3584 2739 3640 hazc
2774 3598 2905 3639 vero
2940 3584 3174 3651 inutilia,
3205 3594 3259 3638 et
3305 3584 3373 3638 ab
3412 3598 3579 3654 opere

1995 3676 2249 3731 ducimus
2289 3676 2487 3733 aliena.

2144 3762 2479 3818 DXXXVIII.
2502 3792 2576 3804 —
2604 3761 2864 3819 IIERONI
2903 3762 3383 3819 PRESBYTEBO.

1292 3880 1636 3936 Laconismus
1664 3880 1938 3935 laudatur.
1968 3875 2207 3948 (Confer.
2240 3877 2395 3944 epist.
2431 3876 2582 3945 121.)

379 3988 503 4060 Χρὴ
539 3988 642 4042 κάν
670 3986 749 4057 τῷ
776 3988 977 4056 λέγειν,
1012 3988 1115 4041 κάν
1146 3985 1222 4057 τῷ
1255 3987 1490 4058 γράφειν
1511 3986 1679 4056 τιμᾷν
1702 3984 1762 4037 τὸ
1792 3984 1887 4054 μέ-

307 4095 483 4151 τριονο
506 4079 603 4132 καὶ
636 4078 712 4150 μὴ
736 4078 841 4143 ἔξω
876 4080 988 4131 τῶν
1019 4079 1225 4149 καιρῶν
1258 4077 1541 4148 φέρεσθαι,
1568 4077 1617 4129 εἰ
1654 4076 1728 4147 μή
1760 4092 1824 4143 γε
1852 4077 1884 4146 ἡ

307 4168 421 4223 τῶν
468 4166 756 4240 ἀκροατῶν
816 4167 1084 4239 βραδυτὴς
1129 4168 1491 4235 ἀναγκάσειεν
1540 4169 1744 4221 ἄκοντα
1795 4165 1887 4220 τὸν

310 4261 560 4329 λέγοντα,
589 4261 685 4314 καὶ
712 4260 804 4313 ἐπὶ
828 4260 891 4312 τὸ
927 4261 1301 4331 μακρηγορεῖν
1331 4258 1662 4324 ἐκϐιάζοιτο.

360 4370 528 4426 ΦΛ8’.
558 4401 626 4412 -
657 4370 927 4441 ΖΩΣΙΜῼ,
962 4368 1229 4424 ΜᾹΡΩΝΙ
1261 4370 1383 4424 ΚΑΙ
1429 4369 1845 4424 ΧΑΙΡΗΜΟΝΙ.

2064 3982 2200 4037 Cum
2248 3982 2300 4037 in
2354 3983 2603 4051 dicendo,
2652 3993 2763 4039 tum
2814 3985 2865 4039 in
2916 3985 3207 4041 scribendo
3258 3986 3448 4040 modus
3493 3993 3580 4040 cst

1993 4076 2352 4140 adhibendus,
2410 4077 2652 4146 nihilque
2695 4078 3051 4133 immoderate
3099 4078 3406 4141 dicendum,
3468 4079 3571 4131 nisi

1990 4166 2133 4221 forte
2185 4166 2492 4221 auditorum
2544 4169 2754 4222 tardum
2809 4169 3105 4237 ingenium,
3147 4169 3310 4223 etiam
3338 4168 3567 4222 invitum

1988 4261 2170 4314 dicere
2194 4258 2595 4329 explanareque
2614 4268 2772 4329 cogat
2794 4260 3089 4330 copiosius.

1991 4366 2281 4424 DXXXIX.
2341 4396 2412 4409 -—
2473 4365 3152 4494 ZOSIhigEMOLﬁIRONI,
3227 4368 3315 4423 ET
3382 4368 3557 4425 CIIAS-

1296 4534 1667 4591 Peccatoribus
1695 4551 1811 4591 vere
1851 4532 2222 4605 paenitentibus
2250 4534 2469 4603 ignoscit
2513 4534 2674 4588 Deus.

381 4648 445 4701 Εἰ
472 4646 568 4701 καὶ
600 4643 833 4715 μέγιστα
857 4645 953 4699 καὶ
979 4644 1309 4717 συγγνώμης
1342 4643 1564 4715 μείζονα
1593 4646 1882 4717 ἐπλημμε-

2060 4642 2300 4698 Tametsi
2336 4655 2393 4698 et
2431 4644 2639 4715 gravia,
2676 4652 2732 4698 et
2762 4645 2920 4699 venia
2967 4645 3185 4715 indigna
3239 4647 3580 4701 commiseri-

307 4740 538 4811 λήσατε,
562 4739 698 4793 ἀλλά
734 4755 799 4807 γε
836 4736 1168 4810 συγγνώμης
1205 4736 1379 4791 ταῦτα
1419 4738 1642 4806 ἀξιώσει
1676 4741 1706 4793 ὁ
1748 4739 1891 4810 Κρι-

308 4833 430 4906 τὴς,
455 4833 571 4904 εῐγε
606 4833 893 4903 εἰλικρινεῖ
924 4831 1183 4903 μετανοίᾳ
1214 4830 1605 4904 θεραπευθείη.

590 4941 727 4997 ΦΜ’.
765 4970 837 4983 -
862 4941 1099 4996 ΙΕΡΑΚΙ
1132 4941 1607 5012 ΠΡΕΣΒΥΤΕΡῼ,

1995 4740 2085 4807 tis,
2117 4739 2285 4810 judex
2333 4750 2515 4796 tamen
2572 4741 2713 4796 Deus
2760 4741 3030 4813 ignoscet,
3068 4743 3113 4798 si
3158 4745 3320 4799 modo
3363 4744 3581 4800 sincera

1996 4833 2293 4889 accesserit
2323 4833 2665 4902 ptenitentia.

2229 4940 2393 4994 DXL.
2428 4969 2501 4981 —
2529 4939 2812 4999 IIIERACI
2850 4941 3335 5001 PBESBYTEBO.

1333 5053 1411 5108 De
1430 5053 1748 5109 meticulosis
1777 5063 1825 5108 et
1854 5051 2035 5123 inﬁdis
2065 5052 2528 5110 commilitonibus.

380 5192 445 5247 Οἱ
472 5190 579 5263 πρὸ
606 5191 713 5244 τῶν
742 5188 1004 5243 κινδύνων
1042 5186 1121 5258 τῷ
1161 5187 1313 5258 φόϐῳ
1353 5186 1759 5259 δεδουλωμένοι,
1789 5186 1885 5241 καὶ

312 5283 393 5355 μὴ
436 5285 679 5352 ἐνεγκεῖν
721 5282 820 5353 τὴν
861 5280 1190 5352 προσδοκίαν
1226 5278 1584 5348 δυνηθέντες,
1620 5278 1727 5349 πρὸ
1773 5279 1883 5333 τῶν

281 5358 649 5448 θοεραγμάτων
680 5373 775 5428 τοῦ
808 5372 999 5445 καιροῦ
1030 5372 1129 5444 τὴν
1173 5371 1475 5444 μεταϐολὴν
1513 5371 1887 5442 θεραπεύσαν-

307 5484 419 5531 τες,
449 5466 566 5531 πῶς
592 5466 691 5521 οὐκ
717 5465 940 5537 ἔμελλον
961 5465 1145 5527 αὐτοῖς
1167 5466 1280 5528 τοῖς
1304 5463 1495 5527 δεινοῖς
1516 5463 1884 5534 ἐμϐεϐηκότες

309 5560 560 5630 ἄνανδροι
601 5558 972 5630 ὁφθήσεσθαι;
1006 5555 1214 5612 Οὐκοῦν
1241 5557 1291 5610 εί
1336 5554 1607 5626 παρόντες
1646 5555 1798 5607 οὐδὲν
1827 5554 1895 5608 ἂν

310 5646 528 5716 ὤνησαν
548 5648 675 5708 τοὺς
696 5645 1128 5713 συναγωνιστὰς,
1152 5644 1386 5707 ἀπόντες
1403 5642 1475 5696 τά
1500 5642 1729 5713 μέγιστα
1752 5642 1891 5711 ὠφέ-

311 5738 505 5807 λησαν,
546 5738 638 5793 καὶ
673 5738 774 5809 τὴν
812 5736 990 5809 λύπην
1018 5735 1117 5808 τὴν
1154 5738 1218 5791 ἐκ
1249 5736 1345 5808 τῆς
1376 5733 1664 5807 προδοσίας
1709 5734 1887 5806 ἠμαύ-

317 5846 515 5899 ρωσαν.

2060 5184 2162 5252 Qui
2213 5185 2264 5239 in
2300 5183 2556 5254 periculis
2599 5182 2950 5251 adversisque
2994 5183 3156 5237 rebus
3202 5192 3349 5238 metu
3399 5182 3569 5253 capti,

1991 5278 2169 5334 timori
2228 5277 2595 5339 subserviunt,
2653 5290 2830 5345 neque
2879 5274 3005 5329 mali
3047 5275 3414 5343 impendentis
3462 5289 3575 5329 me-

1990 5381 2102 5425 tum
2139 5368 2282 5425 ferre
2315 5380 2563 5437 possunt,
2604 5372 2740 5423 ‘ante
2782 5377 2994 5437 tempus
3035 5383 3212 5422 rerum
3267 5380 3577 5423 commuta-

1992 5461 2190 5517 tionem
2225 5471 2564 5529 excptantes,
2598 5461 2653 5514 hi
2682 5461 2727 5515 si
2760 5460 2812 5514 in
2850 5459 3037 5529 gravia
3072 5458 3216 5515 .tnala
3256 5460 3571 5529 inciderint,

1994 5552 2180 5623 quidni
2222 5551 2516 5606 ell‘eminati
2572 5552 2873 5620 mollesque
2923 5550 3270 5607 habeantur?
3308 5548 3480 5620 Igitur
3523 5554 3569 5608 si

1996 5655 2291 5717 praesentes
2323 5644 2531 5699 nullum
2559 5645 2822 5698 auxilium
2849 5642 3091 5699 tulerunt
3119 5642 3570 5710 allaborantibus,

1995 5736 2250 5791 absentes
2296 5736 2530 5791 maxime
2560 5735 2898 5806 profuerunt,
2930 5743 2985 5789 et
3020 5733 3259 5789 dolorem
3302 5736 3567 5806 proditio-

1994 5832 2080 5888 nis
2110 5831 2461 5903 dissiparunt.
