3998 6414
485 397 617 461 16⁸31
1686 392 1746 451 S.
1794 390 2085 450 ISIDORI
2123 387 2563 448 PELUSIOTJE
3296 448 3310 461 _
3598 385 3715 449 1632

551 510 713 582 715
746 511 923 567 DXLI.
969 542 1041 552 —
1070 503 1465 565 ATHANASIO
1506 498 1981 557 PRESBYTERO.
2094 516 2130 564 Α

1937 498 1981 553 ).
2094 516 2160 564 Α.
2359 498 2540 551 ΦΜΛ’.
2572 526 2642 539 --
2682 495 3023 565 ΑΘΑΝΛΣΙῼ
3052 448 3516 563 ΠΡΕΣΒῚΖΤΕΡῼ.

1837 615 2208 685 Philosoplmri
2242 613 2389 684 quid.

549 734 835 804 Siquidem
882 752 992 790 non
1043 734 1214 790 videri
1259 731 1651 803 philosophari,
1683 738 1743 782 ut
1780 729 1886 790 ais,
1915 727 2059 797 opti-

2239 726 2302 778 Ei
2335 725 2433 795 μὲν
2466 724 2527 777 τὸ
2583 724 2656 794 μή
2695 723 2872 775 δοκεῖν
2903 722 3233 791 φιλοσοφεῖν,
3264 719 3339 781 ὡς
3368 719 3497 788 φὴς,
3530 717 3717 785 φιλοσο-

477 845 624 883 mam
650 845 772 884 esse
801 830 1091 885 arbitraris
1131 825 1552 898 philosophandi
1595 824 1887 890 rationem,
1919 823 2056 877 bene

2168 816 2296 897 (plav
2328 816 2558 887 ἀρίστην
2582 812 2719 868 εἶναι
2764 814 3076 883 νενόμικας,
3101 807 3159 864 εὖ
3190 809 3397 898 ἂνᾉὲχοι
3418 825 3432 838 ·
3466 812 3515 862 εί
3563 808 3615 861 δὲ
3636 812 3718 879 ἀρ-

482 921 667 975 habet.
723 920 780 974 Si
825 936 953 975 vero
997 919 1323 989 principium
1370 917 1616 988 ignaviae.
1657 923 1712 970 et
1756 924 2060 969 commuta-

2169 895 2269 981 χήν
2306 909 2609 980 ῥᾳθυμίας,
2642 907 2737 962 καὶ
2770 904 3072 977 μεταϐολὴν
3104 895 3376 966 πολιτείας
3400 902 3719 971 φαντασθεῖς,

489 1014 692 1066 tionem
728 1012 990 1068 instituta:
1020 1014 1146 1066 vitae
1176 1000 1501 1079 imaginatus
1539 1007 1667 1062 illud
1702 1006 1942 1075 speciose
1976 1004 2061 1073 ja-

2168 1001 2327 1054 τοῦτο
2365 998 2821 1070 κατεκομψεύσω,
2857 997 3099 1070 κακίστῃ
3127 995 3322 1066 γνώμῃ
3352 997 3591 1065 ἐχρήσω.
3619 997 3720 1064 Χρὴ

481 1104 663 1168 ctasti,
690 1104 921 1171 pessima
952 1119 1012 1158 es
1038 1118 1167 1158 usus
1189 1101 1479 1156 sententia.
1513 1101 1678 1154 Recte
1705 1097 1850 1152 enim
1878 1097 2060 1150 vivere

2170 1092 2270 1163 μὲν
2297 1091 2406 1162 γὰρ
2435 1090 2614 1162 ὀρθῶς
2634 1130 2650 1154 ,
2688 1090 2785 1144 καὶ
2823 1090 2897 1160 μὴ
2929 1089 3069 1159 πρὸς
3110 1087 3367 1150 ἐπίδειξιν
3394 1085 3561 1155 βιοῦν.
3596 1085 3720 1138 Εἱδέ

482 1193 657 1256 decet,
698 1206 802 1243 non
853 1193 917 1244 ad
953 1190 1375 1245 ostentationem
1428 1198 1485 1243 et
1532 1203 1806 1258 pompam.
1849 1186 1904 1241 Si
1937 1185 2059 1253 quis

2165 1204 2252 1249 τις
2278 1185 2440 1247 ἁλοὺς
2474 1182 2738 1254 ῥαθυμίᾳ,
2768 1182 2901 1235 αὐτὸ
2927 1180 3086 1234 τοῦτο
3113 1178 3383 1250 ἐρυθριῶν
3411 1179 3603 1240 εἰπεῖν,
3629 1179 3718 1230 ἀπὸ

484 1279 652 1349 igitur
705 1281 930 1351 ignavia:
973 1281 1253 1335 convictus
1296 1281 1399 1335 hoc
1444 1280 1586 1334 idem
1628 1280 1812 1333 dicere
1861 1279 2057 1331 erube-

2165 1272 2260 1327 τοῦ
2295 1273 2370 1344 μὴ
2395 1272 2542 1338 δόξαι
2573 1272 2884 1340 φιλοσοφεῖν
2914 1268 3242 1340 ἀρξάμενος,
3290 1271 3372 1332 είς
3404 1268 3468 1321 τὸ
3509 1268 3723 1337 μηδόλως

486 1386 645 1425 scens
681 1372 914 1440 primum
958 1372 1081 1426 inde
1118 1371 1368 1441 coeperit,
1400 1386 1467 1426 ne
1502 1369 1873 1439 philosOphari
1908 1369 2061 1422 vide-

2165 1365 2472 1435 φιλοσοφεῖν
2488 1365 2885 1434 τελευτήσειεν,
2910 1362 3170 1433 ἀμείνονα
3192 1360 3485 1427 ἐπιδείξειε
3503 1361 3590 1413 τὸν
3611 1361 3722 1413 αὐτὸ

478 1470 663 1523 retur,
719 1470 905 1530 postea
951 1461 1175 1515 desierit
1220 1460 1275 1516 in
1311 1476 1401 1524 eo,
1447 1469 1504 1514 ut
1542 1459 1764 1515 omnino
1806 1475 1911 1513 non
1948 1459 2057 1526 phi-

2163 1455 2322 1510 τοῦτο
2354 1455 2736 1509 σπουδάσαντα
2787 1452 3077 1520 ἐπιδεῖξαι,
3111 1452 3194 1505 ὅτι
3251 1451 3565 1521 φιλοσοφεῖν
3608 1466 3723 1519 προ-

478 1552 890 1619 cosopharetur,
930 1553 1208 1609 meliorem
1244 1553 1287 1606 is
1313 1553 1614 1607 ostenderit
1643 1566 1788 1614 eum,
1822 1551 1911 1620 qui
1946 1566 2063 1604 ma-
2164 1548 2391 1620 ῄρηται.

486 1643 747 1698 nil'estare
790 1646 1018 1712 studuit,
1051 1662 1113 1701 se
1154 1645 1573 1716 philosophandi
1623 1645 1861 1699 studium
1901 1653 2063 1699 antea

486 1743 779 1789 sectatum.

712 1842 916 1900 DXL".
945 1875 1016 1886 —
1046 1842 1319 1900 DANIELI
1357 1842 1836 1900 PRESBYTERO.
2097 1837 2140 1892 Β

2097 1837 2140 1892 Β
2376 1914 2383 1919 _
2412 1846 2591 1900 ΦΜΒί.
2622 1875 2693 1886 -
2713 1843 2976 1897 ΔΑΝΙΗΛ
3006 1841 3489 1911 ΠΡΕΣΒΥΤΕΡῼ.

1281 1936 1469 1992 Gratia
1501 1954 1605 1993 non
1641 1939 2046 2005 corrumpenda,
2082 1942 2173 1995 sed
2201 1941 2473 2013 referenda
2502 1950 2731 2008 tempore
2753 1937 2950 1993 alieno.

558 2037 798 2094 Gratiam
851 2042 1201 2111 repeudcndo
1248 2053 1493 2097 mutuum
1534 2043 1587 2098 in
1643 2044 1806 2098 rebus
1846 2042 2065 2111 iniustis

2240 2048 2315 2101 Οὐ
2350 2047 2457 2119 χρὴ
2507 2044 2867 2116 λυμαίνεσθαι
2897 2045 2996 2107 τὰς
3043 2042 3274 2114 χάριτας
3321 2041 3404 2112 τῷ
3438 2042 3496 2093 ὲν
3542 2039 3721 2104 ἀδίκοις

483 2128 669 2185 vitiari
712 2131 934 2187 minime
982 2134 1260 2188 convenit.
1311 2133 1413 2200 Qui
1474 2134 1619 2188 enim
1659 2133 1804 2203 iuste
1844 2135 2062 2204 quidem

2169 2140 2491 2211 πράγμασιν
2538 2136 2947 2192 ἀνταποδιδόναι
2991 2134 3092 2198 τὰς
3140 2133 3401 2205 ἀμοιϐάς.
3448 2132 3507 2184 '0
3534 2130 3632 2200 γὰρ
3656 2132 3719 2183 δι-

482 2220 724 2287 adjutus,
752 2221 803 2274 in
836 2221 1056 2289 iniustis
1086 2239 1217 2278 vero
1247 2224 1409 2278 rebus
1449 2224 1728 2277 auxilianti
1770 2225 2061 2291 succurrit,

2172 2232 2346 2296 καίως
2379 2233 2480 2302 μὲν
2519 2230 2828 2302 βοηθηθεὶς,
2878 2229 2937 2281 ὲν
2982 2227 3190 2290 ἀδίκοις
3236 2227 3295 2280 δὲ
3349 2224 3630 2296 πράγμασι
3659 2224 3722 2291 τῷ

486 2309 694 2375 injuste
717 2310 921 2381 justam
953 2315 1254 2384 corrumpit
1282 2316 1538 2385 gratiam.
1564 2315 1802 2385 Mihique
1828 2317 2062 2380 videtur,

2175 2325 2505 2397 βοηθήσαντι
2559 2322 2879 2393 ὲπαμύνων,
2930 2321 2989 2374 οὗ
3031 2320 3257 2382 δικαίως
3316 2318 3534 2371 δικαίαν
3586 2317 3722 2386 χάριν

483 2417 575 2467 qm
626 2418 731 2457 non
780 2403 853 2457 ita
898 2406 1182 2474 rependit,
1240 2407 1535 2462 benevolus
1585 2423 1726 2463 esse.
1772 2408 1878 2474 Qui
1920 2411 2062 2464 enim

2172 2415 2495 2485 διαφθείρει.
2530 2414 2639 2466 Καί
2674 2430 2763 2483 μοι
2814 2412 2961 2465 δοκεί
3000 2414 3029 2465 ὁ
3064 2410 3139 2480 μὴ
3173 2409 3319 2461 οὕτω
3379 2406 3721 2475 ἀμειψάμενος

479 2494 686 2561 justum
726 2496 955 2566 adeptus
993 2500 1254 2555 auxilium
1299 2511 1407 2562 est,
1442 2500 1590 2568 jnste
1615 2516 1714 2571 par
1749 2502 1955 2558 referre
1982 2505 2058 2559 de-

2174 2509 2473 2577 εὐγνώμων
2504 2501 2663 2560 εἶναι.
2704 2505 2764 2557 '0
2795 2504 2904 2574 γὰρ
2930 2503 3149 2565 δικαίας
3199 2500 3523 2568 ἐπικουρίας
3549 2495 3720 2567 τυχὼν,

484 2580 597 2647 bet,
638 2594 696 2638 ut
724 2588 913 2655 gratia:
941 2604 1053 2643 suae
1098 2599 1345 2646 servetur
1383 2592 1695 2661 appellatio.
1728 2592 1833 2648 Sed
1875 2607 2054 2662 neque

2171 2598 2393 2660 δικαίως
2416 2598 2509 2651 καὶ
2537 2596 2635 2667 τὴν
2665 2595 2900 2665 ἀμοιϐὴν
2926 2592 3218 2647 ἀποδοῦναι
3245 2591 3476 2659 ὀφείλει,
3519 2590 3599 2641 ίνα
3626 2603 3717 2639 σω·

484 2674 562 2729 illi
594 2676 683 2744 qui
718 2677 770 2730 in
816 2678 980 2734 licitis
1011 2681 1382 2748 benefaciunt,
1428 2683 1482 2736 in
1531 2683 1738 2740 illicitis
1780 2695 1929 2741 recte
1969 2701 2059 2742 re-

2174 2689 2292 2759 θείη
2332 2690 2433 2759 τῆς
2477 2690 2700 2760 χάριτος
2738 2690 2771 2759 ή
2809 2685 3172 2759 προσηγορία.
3226 2684 3394 2737 Ἀλλὰ
3438 2682 3565 2753 μηδὲ
3598 2682 3641 2734 οί
3670 2680 3718 2731 ὲν

484 2769 915 2824 numerationem
944 2780 1154 2841 petunt,
1181 2789 1355 2841 neque
1374 2785 1432 2828 ut
1454 2776 1649 2846 ingrati
1669 2778 2063 2847 reprehenden-

2172 2779 2255 2845 οἷς
2288 2782 2445 2852 θέμις
2497 2782 2983 2852 εὐεργετήσαντες,
3014 2781 3072 2831 ὲν
3096 2772 3181 2842 οἷς
3209 2777 3285 2849 μὴ
3317 2776 3482 2847 θέμις
3503 2772 3720 2828 ἀπαιτεί-

485 2856 563 2922 di,
598 2858 688 2914 oui
714 2859 902 2917 illicita
930 2877 1039 2918 non
1065 2865 1390 2935 rependunt.

2172 2891 2353 2929 τωσαν
2399 2875 2497 2938 τὰς
2540 2873 2798 2943 ἀμοιϐὰς,
2838 2872 2973 2942 μηδὲ
3028 2871 3367 2941 ἀχαρίστους
3423 2866 3720 2922 καλείτωσαν

2173 2967 2301 3029 τοὺς
2322 2968 2380 3020 ἐν
2400 2959 2481 3028 οἷς
2519 2966 2592 3036 μὴ
2624 2965 2800 3031 ἔξεστι
2837 2964 2912 3034 μὴ
2942 2962 3381 3033 ἁμειψαμὲνους.

661 3058 894 3121 DXLIII.
961 3095 1013 3106 —
1041 3065 1273 3123 PETRO
1313 3068 1518 3124 REMP.
1560 3069 1885 3128 GERENTI.

2401 3076 2579 3131 ΦΜΓ’.
2602 3104 2672 3114 -
2700 3074 2930 3144 ΠΕΤΡῼ
2953 3069 3520 3139 ΠΟΛΙΤΕΥΟΜΕΝῼ.

482 3172 529 3237 Α
556 3173 814 3246 legatione
842 3178 978 3248 falso
1003 3182 1145 3237 obita
1179 3185 1435 3240 abstinere
1457 3186 1814 3269 jubet,_cujus
1843 3185 2061 3241 Eschit

2138 3201 2159 3237 ιι
2209 3193 2426 3237 accusat
2483 3182 2849 3236 Demosthenes
2890 3192 3028 3235 orat.
3055 3181 3198 3249 Περὶ
3244 3176 3717 3250 παραπρεσϐείας,

556 3281 750 3338 Missus
796 3298 856 3340 es
894 3286 961 3340 ad
1005 3289 1426 3358 expediendum,
1472 3307 1580 3347 non
1617 3292 1686 3347 ad
1725 3293 2067 3347 vendendum
2099 3287 2135 3344 C

2139 3299 2142 3342 ι
2261 3290 2581 3361 Ἐπέμφθης
2616 3290 2833 3344 ἀνύσων
2864 3290 2925 3342 οὐ
2959 3288 3314 3359 προξενήσων
3365 3290 3478 3351 τοῖς
3506 3287 3718 3356 πέμψασι

483 3372 776 3426 commissa
804 3376 1038 3445 negotia,
1068 3377 1395 3446 legationem
1423 3382 1674 3438 obiturus
1694 3399 1801 3437 non
1831 3383 2018 3436 falsam
2044 3402 2057 3438 :

2169 3384 2493 3454 πράγματα’
2524 3382 2905 3454 πρεσϐεύσων,
2935 3381 2998 3434 οὐ
3045 3380 3577 3451 παραπρεσϐεύσων·
3607 3395 3717 3431 κατ-

483 3472 540 3515 et
592 3465 1006 3533 emendaturus,
1066 3487 1175 3525 non
1228 3488 1541 3529 eversurus.
1589 3473 1669 3529 Ne
1715 3476 1877 3545 igitur
1914 3476 2062 3530 falsae

2168 3476 2447 3544 ορθώσων,
2487 3476 2547 3528 οὐ
2586 3473 3000 3545 καταστρέφων.
3038 3472 3157 3544 (57)
3183 3472 3301 3526 Ἵνα
3328 3469 3426 3525 οὖν
3458 3472 3530 3542 μὴ
3573 3487 3719 3540 παρα-

484 3557 646 3611 οιιίιω
690 3559 978 3627 legationis
1018 3566 1292 3621 accuseris
1331 3568 1451 3621 veni
1497 3568 1680 3624 statim
1717 3578 1770 3625 te
1807 3569 2063 3625 defensu-

2171 3568 2468 3638 πρεσϐείας
2526 3565 2829 3634 ὑποσταίης
2891 3565 3133 3639 γραφὴν,
3175 3560 3282 3637 ἦκε
3330 3566 3435 3635 τὴν
3488 3564 3718 3634 ταχίστην

486 3660 612 3713 rus,
641 3658 696 3703 et
726 3649 1076 3718 ignominiam
1110 3655 1410 3711 deleturus.

2169 3656 2640 3727 ἀπολογησόμενος
2666 3695 2682 3721 ,
2717 3656 2811 3709 καὶ
2843 3656 2943 3727 τὴν
2979 3656 3198 3721 ἀδοξίαν
3225 3656 3644 3727 ἀποτριψόμενος

685 3758 910 3815 DXLIV.
941 3789 1013 3801 —
1040 3759 1341 3819 OPHELIO
1378 3763 1859 3821 GRAMMATICO.

2426 3766 2599 3818 ΦΜΔν.
2634 3794 2707 3804 -
2738 3763 2983 3835 noema
3010 3764 3498 3835 ΓΡΑΜΜΑΤΙΚῼ.

1505 3858 1636 3923 Quae
1659 3859 1823 3911 virtus
1865 3855 2139 3913 Historiae.
2166 3855 2390 3928 (Similis
2420 3856 2571 3921 epist.
2603 3854 2755 3925 450.)
2822 3878 2825 3881 -

559 3959 809 4026 Maxima,
835 3976 869 4016 ο
899 3964 1092 4032 amice,
1112 3966 1355 4022 historiae
1382 3976 1437 4024 et
1459 3968 1932 4037 contemplationis
1955 3968 2063 4022 vir-

2238 3965 2509 4035 Μεγίστη,
2539 3958 2584 4017 ὦ
2610 3962 2781 4032 φίλος,
2808 3962 3049 4033 ἱστορίας
3094 3963 3191 4017 καὶ
3225 3962 3466 4035 θεωρίας
3498 3962 3648 4033 ἀρετή
3670 3979 3716 4015 τε

488 4059 574 4106 tus
601 4062 683 4106 est
720 4054 1007 4110 articulata
1040 4072 1219 4113 causa:
1244 4060 1407 4125 ratio,
1449 4060 1706 4130 quodque
1743 4070 2061 4129 argumenta

2170 4059 2269 4112 καὶ
2301 4056 2629 4128 διάρθρωσις
2654 4056 2976 4124 αἰτιολογία,
3009 4056 3185 4111 καὶτὸ
3210 4057 3310 4120 τὰς
3336 4056 3608 4119 ὑποθέσεις
3625 4059 3716 4119 τοῖς

488 4142 866 4212 ignorantibus
910 4148 1185 4217 explanat.
1230 4150 1347 4215 Qua
1392 4152 1597 4209 virtute
1638 4152 1687 4208 si
1729 4161 1935 4217 careat,
1967 4153 2065 4207 de-

2171 4148 2455 4217 ἀγνοοῦσιν
2486 4148 2857 4219 ἀπογυμνοῦν.
2896 4149 2959 4201 Εἰ
3001 4148 3057 4202 δὲ
3101 4149 3309 4220 ταύτης
3333 4149 3607 4223 χηρεύσειε
3637 4149 3715 4217 τῆς

487 4239 885 4294 monstratione
914 4241 1079 4294 etiam
1106 4242 1338 4296 carebit.

2170 4241 2370 4312 ἀρετῆς
2391 4281 2407 4307 ,
2439 4240 2534 4294 καὶ
2569 4243 2669 4313 τῆς
2706 4241 3029 4307 ἀποδείξεως
3060 4242 3268 4314 ἔρημος
3296 4244 3406 4315 εἴη.

967 4352 1175 4411 DXLV.
1201 4382 1272 4395 —-
1301 4353 1592 4413 MARONI.

2665 4352 2845 4407 ΦΜΕ’.
2872 4384 2946 4395 -
2983 4354 3271 4408 ΜΑΡΩΝΙ.

487 4443 701 4508 Divitiw
724 4463 828 4502 non
855 4447 1076 4502 satiant.
1106 4447 1284 4519 (Cani.
1316 4452 1472 4517 epist.
1512 4448 1640 4515 488,
1670 4446 1774 4503 496
1794 4459 1841 4502 et
1861 4445 2066 4569 5ἒῇοῇ

2128 4444 2282 4566 ’ἷιῖοςμ
2322 4458 2460 4516 vers.
2498 4442 2601 4497 l55
2624 4459 2639 4507 ;
2666 4441 2848 4497 Solon.
2874 4459 3007 4498 vers.
3039 4443 3146 4509 99;
3187 4455 3234 4498 et
3281 4444 3449 4499 Clem.
3483 4433 3707 4499 Alexand.

2154 4531 2169 4566 t
2210 4555 2223 4566 .
2261 4529 2334 4566 Vl.

560 4647 718 4703 Disce
750 4664 858 4704 non
888 4664 916 4703 a
941 4664 1047 4715 me,
1091 4651 1188 4706 sed
1230 4652 1299 4706 ab
1344 4654 1457 4721 ipsa
1508 4652 1588 4707 rei
1621 4662 1836 4715 natura.
1869 4653 1913 4707 si
1945 4653 2069 4707 inii-
2100 4616 2139 4669 Β

2132 4620 2144 4664 ’
2241 4648 2333 4720 Μὴ
2365 4649 2494 4716 παρ’
2525 4646 2683 4717 ἐμοῦ,
2725 4646 2862 4701 ἀλλὰ
2901 4647 3034 4716 παρ’
3064 4646 3233 4716 αὐτῆς
3261 4646 3363 4715 τῆς
3406 4645 3609 4715 φύσεως
3636 4641 3711 4696 τοῦ

487 4741 632 4799 nitas
659 4742 959 4808 quaerendas
988 4744 1230 4811 pecuniae
1254 4743 1370 4797 vias
1392 4745 1719 4813 excogitaris
1759 4747 2066 4800 satietatem

2169 4742 2495 4813 πράγματος
2535 4741 2813 4809 μάνθανε,
2865 4740 2952 4792 ὃτι
3001 4738 3107 4793 κᾶν
3178 4740 3408 4811 μυρίους
3451 4737 3712 4810 χρημάτων

488 4833 716 4893 minime
761 4834 1020 4901 reperies.
1072 4832 1189 4887 Non
1232 4834 1376 4889 enim
1419 4836 1647 4890 satietas
1700 4851 1822 4890 cum
1859 4836 2067 4891 divitiis

2168 4836 2372 4907 πόρους
2417 4835 2715 4907 ὲπινοήσῃς
2740 4873 2755 4899 ,
2796 4834 2959 4902 κόρον
3004 4833 3104 4903 οὐχ
3141 4834 3399 4904 εὑρήσεις
3423 4849 3438 4864 ο
3474 4834 3581 4893 τοῖς
3617 4829 3698 4899 μὲν

488 4922 764 4977 convenit.
799 4923 933 4976 Cum
983 4922 1305 4978 sulIicientia
1348 4939 1479 4979 vero
1524 4940 1818 4995 rerumque
1863 4940 2067 4995 pauca-

2168 4927 2276 4998 γὰρ
2305 4928 2493 4999 πόροις
2520 4929 2549 4981 ὀ
2586 4928 2747 4997 κόρος
2770 4924 3182 4988 ἁκατάλλακτός
3212 4926 3331 4977 ἐστι
3355 4967 3370 4991 ,
3414 4926 3475 4996 τῇ
3505 4922 3559 4974 δὲ
3596 4921 3709 4976 αὖτ-

491 5029 614 5069 rum
658 5013 955 5083 indigentia
990 5012 1150 5068 facile
1197 5016 1542 5077 conciliatur,
1586 5018 1857 5080 convenit,
1904 5025 2069 5085 atque

2169 5019 2366 5091 αρκείᾳ
2421 5020 2515 5072 καὶ
2571 5018 2870 5088 ὀλιγοδεία,
2935 5017 3029 5069 καὶ
3071 5017 3396 5081 σπένδεται,
3432 5015 3519 5069 καὶ
3552 5026 3710 5080 συγχο-

491 5102 791 5159 cohabitat.
825 5103 1024 5160 Desine
1054 5104 1238 5175 itaque
1263 5120 1383 5174 quae
1409 5107 1792 5175 comprehendi
1838 5121 1901 5161 ac
1942 5122 2070 5177 pos-

2180 5111 2325 5182 ρεύει
2347 5149 2362 5173 ,
2402 5111 2496 5164 καὶ
2533 5113 2791 5163 συνοικεῖ.
2825 5108 3085 5162 Πέπαυσο
3121 5108 3302 5162 τοίνυν
3352 5107 3576 5178 ἀκίχητα
3610 5100 3710 5156 διώ-

492 5194 660 5249 sideri
682 5204 953 5266 nequeant
979 5197 1305 5252 consectari.
1348 5197 1512 5269 716
1534 5198 1906 5253 Couseclando
1925 5200 2071 5253 enim

2175 5222 2304 5257 κων.
2331 5203 2669 5273 Διωκὸμενος
2693 5202 2801 5273 γὰρ
2831 5202 2891 5255 οὺ
2926 5202 3440 5270 καταλαμϐάνεται,
3470 5199 3539 5273 μὴ
3556 5195 3708 5251 διωκὸ·

492 5302 602 5345 non
650 5290 1102 5357 comprehendas.
1148 5289 1201 5347 Si
1243 5304 1372 5345 vero
1415 5306 1524 5345 non
1574 5292 1929 5355 consecteris,
1963 5308 2070 5346 non

2178 5312 2335 5364 μενος
2363 5295 2420 5347 δὲ
2444 5295 2883 5363 αὐτεπάγγελτος
2916 5295 3191 5365 ἐπιφοιτᾷ,
3225 5296 3286 5348 οὐ
3315 5294 3471 5366 μόνον
3499 5290 3705 5346 ἀνάπαυ-

492 5391 682 5449 rogata
722 5380 865 5436 ultro
897 5383 1137 5449 advenit,
1194 5397 1298 5438 non
1345 5384 1645 5453 requietem
1692 5385 1850 5438 modo
1878 5384 1971 5438 sed
2016 5395 2071 5438 et

1620 5400 1645 5437 η
1692 5385 1850 5438 modo
1878 5384 1971 5438 sed
2016 5395 2072 5438 et
2176 5403 2292 5449 σιν,
2327 5386 2460 5439 ἀλλὰ
2485 5386 2576 5439 καὶ
2605 5385 2947 5457 εὐφροσύνην
2974 5384 3199 5440 ὠδίνων.

493 5471 741 5539 Letitiarn
778 5473 1018 5546 pariens.

1620 5635 1852 5689 VARIAS
1904 5633 2284 5689 LECTiONES
2324 5635 2409 5693 ΕΤ
2444 5635 2675 5693 NOTAE.

580 5784 688 5861 (57)
728 5785 965 5865 Uterque
996 5790 1115 5845 cod.
1163 5805 1259 5861 pro
1290 5790 1677 5862 καταστρέφων
1720 5790 1848 5859 legit
1876 5786 2159 5862 καταστρὲι

1028 5790 1115 5845 od.
1163 5805 1259 5861 pro
1290 5790 1677 5862 καταστρέφων
1720 5790 1848 5859 legit
1876 5786 2359 5862 καταστρέψωμεν.
2399 5790 2606 5849 Possm.
