3998 6414
244 340 380 409 1633

491 457 687 524 ψΜςο.
719 485 789 495 -
830 456 1193 528 umnam
1232 458 1545 530 ΣΟΦΙΣΤῌ.

1189 342 1729 403 EPISTOLARUM
1770 343 1917 404 LIB.
1956 345 2111 405 V.--
2150 346 2388 411 EPIST.
2441 350 2590 413 DLI.

3387 351 3523 419 1634

2176 464 2410 559 υχῳνι.
2440 496 2511 507 -
2550 465 2895 524 ASCLEPIO
2934 467 3269 525 BIIETORL

1036 567 1240 623 Labore
1265 571 1451 632 Itonos,
1477 582 1524 623 et
1551 574 1658 625 vita
1681 586 1907 640 paratur
1928 590 2147 634 aeterna.
2178 577 2359 648 (Conf.
2383 580 2537 649 epist.
2560 580 2710 647 555.)

304 679 606 749 Θαυμάζω,
644 677 765 742 πῶς
804 678 1061 749 Ὅμηρος
1095 679 1195 749 μὲν
1228 681 1321 733 καὶ
1346 680 1609 751 Πίνδαρος
1640 681 1823 747 ἀξιοῦ-

234 789 320 825 σιν
350 771 619 841 ἀλκίμους
655 767 797 825 εἶναι
830 773 956 833 τοὺς
990 772 1051 824 οὐ
1083 771 1377 841 μέλλοντας
1398 772 1606 843 λήσειν,
1638 774 1821 829 εἴποτε

235 864 513 931 ἐγένοντο.
556 865 890 936 Θουκυδίδης
924 864 981 918 δὲ
1006 863 1208 933 ’σαφῶς
1259 863 1516 929 ἱκετεύει,
1564 867 1639 937 μὴ
1688 868 1821 937 φεύ-

232 971 351 1021 γειν
380 954 508 1018 τοὺς
560 954 781 1018 πόνους,
830 953 863 1025 ἢ
898 955 1033 1027 μηδὲ
1063 955 1162 1018 τὰς
1183 954 1349 1025 τιμὰς
1381 954 1621 1010 διώκειν’
1655 958 1824 1026 Σοφο-

233 1046 368 1115 κλῆς
404 1044 463 1096 δὲ
489 1046 711 1115 φάσκει·
747 1046 919 1099 Πόνου
950 1064 1035 1099 τοι
1057 1049 1225 1118 χωρὶς
1254 1047 1409 1101 οὐδὲν
1444 1049 1664 1119 εὐτυχεῖ
1683 1046 1818 1121 (58)·

230 1137 321 1189 διὰ
356 1135 536 1191 πόνων
563 1137 665 1207 τὴν
691 1136 787 1191 τοῦ
822 1136 933 1209 (59)
974 1137 1091 1209 βίου
1125 1138 1458 1209 ἀείμνηστον
1481 1139 1640 1206 δόξαν
1665 1142 1820 1195 ὠνεῖ-

236 1228 363 1281 σθαι
404 1229 534 1291 τοὺς
591 1228 957 1299 πειθομένους
1012 1229 1378 1294 διδάσκοντες.
1430 1232 1493 1284 Ol
1541 1232 1599 1285 δὲ
1659 1233 1820 1306 δόξης

234 1320 557 1390 ἀμαράντου
600 1323 784 1390 τυχεῖν
818 1321 1173 1391 γλιχόμενοι,
1225 1322 1320 1376 καὶ
1352 1322 1631 1392 βασιλείας
1658 1326 1821 1397 οὐρα-

2002 686 2171 742 Miror
2219 688 2467 758 equidem
2540 686 2833 744 llomerum
2886 699 2943 744 et
3001 689 3293 745 Pindarum
3348 692 3522 748 fortes

1930 781 2277 835 existimasse
2317 795 2432 844 eos,
2477 781 2570 850 qui
2609 796 2712 834 non
2745 782 3010 847 latelmnt,
3055 783 3101 837 si
3137 799 3374 852 unquam
3406 786 3521 837 lue-

1932 871 2063 926 rint.
2096 870 2436 942 Thucydides
2482 887 2611 926 vero
2644 872 2791 928 clare
2834 875 3128 943 supplicat,
3163 875 3376 929 labores
3412 892 3521 929 non

1930 964 2143 1034 fugere,
2178 972 2274 1016 aut
2305 978 2481 1032 neque
2522 964 2761 1020 honores
2794 966 3017 1020 sectari.
3054 965 3356 1034 Sophocles
3388 982 3521 1019 vero

1932 1053 2032 1117 ait,
2074 1052 2278 1121 absque
2325 1051 2512 1107 labore
2564 1053 2697 1107 nihil
2746 1064 2893 1108 recte
2945 1054 3084 1117 ﬁeri,
3126 1056 3402 1109 docentes
3449 1057 3521 1111 ab

1927 1144 2017 1209 iis,
2047 1145 2247 1213 quibus
2295 1144 2347 1198 id
2390 1153 2806 1212 persuaserunt,
2861 1156 3178 1214 perpetuam
3228 1148 3351 1200 vitae
3398 1146 3516 1215 glo-

1928 1236 2065 1289 riam
2110 1235 2386 1289 laboribus
2414 1236 2742 1304 comparari.
2781 1236 3043 1292 Oratores
3082 1239 3248 1293 etiam
3297 1244 3516 1294 docent.

1926 1324 1997 1379 At
2024 1324 2115 1394 qui
2148 1323 2655 1380 immarcessibilem
2694 1336 2947 1395 appetunt
2979 1328 3234 1396 gloriam,
3265 1330 3514 1383 caelesti-

235 1411 345 1464 νῶν
374 1412 717 1483 ὀρεγόμενοι,
749 1414 850 1467 οὐκ
880 1410 975 1467 οἶδ’
996 1415 1151 1477 ὅπως
1181 1415 1463 1486 νομίζουσι
1489 1417 1579 1470 διὰ
1612 1419 1815 1489 ῥᾳστώ-

1933 1431 2030 1486 que
2077 1416 2293 1469 inhiant
2334 1430 2523 1485 regno,
2560 1416 2746 1471 nescio
2776 1420 3050 1489 quomodo
3082 1430 3273 1489 putant
3322 1437 3390 1475 ex
3426 1421 3512 1474 l'a-

235 1521 336 1575 νης
362 1503 540 1575 φιλεῖν
569 1506 685 1569 τοῖς
714 1504 1026 1576 ἀνθρώποις
1047 1505 1119 1559 τὰ
1139 1507 1354 1578 χρηστὰ
1387 1508 1812 1580 παραγίνεσθαι.

706 1660 885 1760 arma
923 1735 998 1749 —
1029 1707 1117 1779 Ta
1145 1706 1349 1778 arm.

1921 1507 2132 1561 cilitate
2178 1507 2460 1577 animique
2517 1507 2814 1575 lasatione,
2874 1510 3015 1566 velle
3069 1510 3322 1568 homines
3372 1514 3513 1568 bona

1922 1598 2169 1669 adipisci.

2406 1706 2661 1766 DXLVII.
2693 1739 2767 1749 —
2798 1709 2914 1765 EID
2924 1710 3038 1766 ΕΜ.

921 1797 1119 1852 Orator
1152 1815 1255 1853 non
1276 1815 1481 1870 semper
1516 1802 1819 1870 persuadet.
1870 1796 2058 1872 (Conf.
2089 1798 2245 1869 epist.
2281 1799 2410 1866 442,
2440 1800 2538 1855 521
2580 1811 2629 1854 et
2666 1800 2817 1871 568.)

329 1909 553 1981 Ἐπειδὴ
578 1909 677 1981 οὐχ
722 1911 752 1964 ὁ
788 1908 964 1979 λέγων
992 1910 1270 1972 τοσοῦτον,
1308 1912 1358 1964 εί
1388 1911 1485 1966 καὶ
1520 1914 1702 1967 πᾶσαν
1730 1930 1815 1967 κι-

1997 1910 2447 1982 Quandoquidem
2491 1924 2697 1979 orator,
2739 1914 2843 1968 etsi
2874 1912 3240 1983 eloquentiam
3267 1928 3513 1978 onmem,

232 2003 376 2072 νήσῃ
410 2000 693 2071 δεινότητα
724 2000 820 2054 καὶ
843 2001 1041 2071 τέχνην
1067 1999 1385 2071 ῥητορικὴν,
1412 2002 1683 2055 τεκταίνει
1717 2002 1817 2073 τὴν

1925 2013 2211 2073 artemque
2242 2005 2572 2059 rhetoricam
2603 2006 2858 2071 concitet,
2897 2022 3002 2059 non
3052 2015 3259 2059 tantum
3289 2020 3512 2073 persua-

230 2089 427 2157 πειθὼ,
463 2091 587 2144 ὅσον
606 2092 636 2143 ὁ
660 2089 874 2144 ἀκούων
897 2106 910 2118 ·
941 2090 1002 2142 οὐ
1031 2087 1190 2161 θέμις
1225 2090 1315 2142 τὸν
1343 2089 1571 2158 λέγοντα
1601 2092 1706 2160 μὲν
1744 2093 1815 2145 τὰ

1933 2097 2070 2161 deat,
2111 2111 2375 2167 quantum
2428 2100 2519 2167 qui
2572 2098 2763 2165 audil,’
2823 2114 2928 2152 non
2976 2106 3191 2166 oportet
3237 2097 3512 2150 dicentem

228 2183 461 2253 ἄριστα,
504 2180 580 2253 μὴ
621 2181 879 2235 πείθοντα
923 2180 1015 2247 δὲ,
1060 2181 1253 2250 ψέγειν
1282 2200 1295 2213 ·
1335 2183 1451 2235 ἀλλ’
1477 2184 1689 2238 ἐκεῖνον
1718 2185 1811 2237 τὸν

1933 2192 2140 2259 quidem
2170 2193 2393 2261 optima,
2447 2208 2555 2245 non
2608 2192 3030 2261 persuadentem
3080 2201 3255 2245 tamen
3292 2191 3511 2259 vitnpe«

226 2272 342 2334 τοῖς
374 2270 688 2342 κρατίστοις
718 2270 1008 2340 πεισθῆναι
1050 2270 1130 2343 μὴ
1167 2272 1521 2344 ἐθελήσαντα.

689 2381 875 2435 oMH'.
903 2410 974 2420 -
1003 2380 1090 2452 Τῼ
1122 2382 1329 2453 ΑΥΤῼ.

1922 2291 2066 2349 rare,
2098 2286 2191 2338 sed
2226 2284 2378 2338 illum
2407 2285 2497 2352 qui
2527 2284 2752 2352 optimis
2787 2282 3103 2353 persuaderi
3136 2297 3242 2336 non
3279 2280 3430 2334 velit.

2388 2393 2665 2449 DXLVIII.
2700 2424 2772 2435 —
2806 2392 3043 2448 EIDEM.

727 2493 919 2547 Anima
951 2494 1140 2549 virtute
1165 2497 1391 2556 munita,
1414 2495 1612 2566 Deique
1640 2501 1773 2563 freta
1807 2506 2035 2571 auxilio,
2071 2509 2209 2561 arcis
2242 2508 2415 2560 instar
2442 2515 2521 2561 est
2551 2504 3002 2574 inexpugnabilis.

295 2604 508 2675 Ὠσπερ
538 2602 836 2675 ἀκρόπολις
888 2604 1219 2676 ἀπορθήτοις
1246 2606 1452 2677 τείχεσι
1503 2625 1800 2679 πεπυργω-

1998 2617 2064 2672 Ut
2115 2634 2210 2672 arx
2250 2615 2762 2686 inexpugnabilibus
2812 2613 2985 2668 nturis
3033 2613 3206 2667 cincta
3257 2626 3317 2666 se
3363 2612 3508 2666 obsi-

238 2699 378 2770 μένη
403 2738 419 2765 ,
481 2698 757 2769 καταγελᾷ
792 2698 901 2751 τῶν
954 2698 1395 2770 πολιορκούντων
1425 2702 1620 2773 αὐτὴν,
1669 2703 1814 2757 οὓτω

1933 2709 2114 2762 dentes
2154 2710 2366 2773 irridet,
2403 2709 2474 2761 ita
2522 2716 2578 2761 et
2610 2707 2814 2770 anima,
2858 2705 3004 2760 omni
3037 2706 3295 2759 virtutum
3329 2706 3509 2759 cinrta

228 2793 327 2846 καὶ
358 2791 530 2862 ψυχὴ,
558 2793 605 2844 εἰ
650 2794 855 2855 πάσαις
880 2793 1001 2854 ταῖς
1036 2793 1262 2863 ἀρεταῖς
1303 2794 1502 2865 ἑαυτὴν
1544 2798 1818 2866 περιφρά-

227 2886 363 2952 ξειε,
400 2886 495 2937 καὶ
521 2887 590 2955 τῇ
639 2883 761 2956 θείᾳ
808 2885 1098 2956 συμμαχίᾳ
1129 2884 1491 2956 πυργώσειεν,
1516 2889 1596 2952 εἰς
1621 2890 1813 2960 αἰσχύ-

226 2996 329 3048 νην
370 2978 467 3031 καὶ
514 2977 726 3046 γέλωτα
760 2978 1171 3049 παρασκευάζει
1200 2979 1521 3052 τελευτῆσαι
1556 2985 1672 3046 τοῖς
1714 3002 1812 3039 πο·

227 3069 537 3143 λιορκοῦσιν
567 3070 738 3142 αὐτὴν
765 3070 835 3123 τὰ
867 3072 1262 3143 μηχανήματα.

760 3182 938 3236 me.
966 3211 1039 3222 -
1068 3182 1296 3254 ΗΣΑΙᾼ.

1921 2813 2141 2865 genere,
2190 2797 2396 2867 Deique
2425 2798 2763 2852 communita
2796 2798 3092 2865 adjutorio,
3131 2798 3384 2849 ruborem
3422 2797 3508 2849 itt-

1919 2887 2089 2941 cutiet
2126 2887 2433 2958 ridebitque
2460 2902 2577 2942 eam
2606 2887 3038 2956 oppugnantium
3066 2895 3320 2941 conatus.

2403 3179 2637 3237 DXLlX.
2667 3210 2741 3221 —
2768 3177 3000 3236 ISAIIE.

785 3295 884 3352 Dei
907 3296 1278 3368 longanimitas
1304 3299 1375 3352 ad
1407 3300 1765 3363 paenitentiam
1790 3299 2000 3353 inritat.
2034 3296 2208 3368 (Rom.
2243 3311 2306 3360 tt,
2343 3296 2396 3351 4.
2428 3295 2559 3367 Sup.
2593 3297 2746 3367 epist.
2782 3294 2933 3367 526.)

303 3410 396 3481 Μὴ
424 3411 459 3483 ἦ
491 3408 609 3464 θεία
636 3410 989 3482 μακροθυμία
1018 3411 1346 3483 ὲπιτριὸἑτω
1387 3428 1449 3464 σε
1471 3414 1551 3476 είς
1584 3412 1810 3478 κακίαν,

1997 3407 2139 3464 Cave
2174 3423 2241 3462 ne
2271 3406 2361 3461 Dei
2395 3406 2777 3475 longanimitas
2803 3406 2868 3460 ad
2898 3405 3097 3460 malum
3140 3414 3193 3461 te
3221 3420 3507 3476 provocet,

228 3505 349 3559 ἀλλ’
379 3505 460 3569 είς
503 3504 707 3574 ἀρετὴν
737 3502 1150 3574 παρακαλείτω.
1200 3503 1577 3558 Ἀτοπὼτατον
1602 3505 1712 3577 γὰρ
1748 3505 1812 3558 τὺ

227 3597 320 3651 διὰ
341 3597 449 3650 τῶν
483 3595 706 3665 ἀγαθῶν
740 3595 1073 3666 βλάπτεσθαι
1094 3609 1110 3624 ο
1136 3595 1340 3665 ἀγαθὸν
1367 3595 1425 3649 δὲ
1463 3598 1497 3666 ἡ
1534 3596 1811 3668 μακροθυ-

232 3689 337 3759 μία
357 3688 508 3740 ἒλεον
545 3686 642 3757 μὲν
682 3689 797 3751 τοῖς
828 3685 1187 3757 μετανοοῦσι,
1230 3685 1412 3758 κρίσιν
1444 3686 1500 3739 δὲ
1529 3688 1640 3751 τοῖς
1675 3688 1810 3757 ἀμε-

227 3779 513 3850 τανοήτοις
546 3776 834 3831 ὠδίνουσα.

538 3887 668 3941 ψΝν.
696 3914 770 3963 ε
804 3886 1152 3958 ΠΑΛΛΑΔΙῼ
1178 3885 1503 3958 ΔΙΑΚΟΝῼ.

1918 3502 2049 3570 quin
2084 3502 2149 3553 ad
2186 3501 2439 3553 virtutem
2486 3512 2538 3555 te
2572 3500 2755 3569 potius
2789 3500 2999 3554 invitet.
3036 3500 3505 3556 Absurdissimntn

1916 3591 2063 3645 enim
2096 3606 2126 3643 a
2164 3605 2222 3644 re
2268 3593 2411 3646 bona
2446 3591 2589 3646 Iredi.
2623 3590 2771 3645 Bona
2815 3600 3000 3645 autem
3035 3591 3131 3646 Dei
3178 3601 3262 3647 est
3292 3593 3508 3661 patien-

1919 3682 2014 3748 tia,
2049 3684 2112 3735 ad
2150 3682 2584 3737 misericordiam
2616 3683 2992 3750 resipiscenti;
3041 3692 3102 3736 ut
3131 3692 3319 3738 contra
3358 3683 3506 3752 judi-

1922 3776 2066 3831 cium
2094 3775 2265 3845 gignit
2294 3790 2399 3829 non
2436 3776 2851 3846 paenitentibus.

2241 3846 2351 3942 n'L.
2379 3917 2452 3928 —
2476 3885 2818 3943 PALLADIO
2858 3886 3182 3943 DIACONO.

1185 3999 1436 4057 Summus
1470 3998 1772 4054 morborum
1805 4001 1975 4057 animi
2012 4004 2244 4057 medicus
2274 4000 2411 4056 Deus
2451 4011 2551 4055 est.

306 4104 699 4184 Πυνθάνομαι,
729 4113 812 4167 ὃτι
854 4110 918 4165 τὸ
945 4111 1161 4183 νόσημα
1210 4111 1311 4182 τῆς
1353 4111 1453 4182 σῆς
1498 4111 1679 4182 ψυχῆς
1704 4110 1814 4165 ἀπὸ

234 4207 452 4280 μικρῶν
503 4207 599 4259 καὶ
651 4203 872 4273 φαύλων
910 4202 1153 4274 ὁρμηθὲν
1210 4202 1355 4256 κατὰ
1411 4202 1522 4255 τῶν
1580 4202 1813 4273 καιρίων

231 4299 536 4370 ἐχώρησεν,
584 4295 836 4366 ἰατρικῆς
863 4293 1061 4365 τέχνης
1105 4296 1356 4363 κρεῖττον
1385 4294 1700 4363 γενόμενον.
1747 4295 1814 4346 Εἰ

227 4389 413 4443 τοίνυν
442 4384 596 4439 ταῦθ’
637 4383 812 4447 οὓτως
840 4384 976 4454 ἔχει,
1007 4382 1304 4453 ἐπίτρεψον
1338 4382 1531 4436 ἑαυτὸν
1589 4383 1656 4452 τῇ
1691 4383 1815 4435 ἑπι-

230 4482 534 4553 στημονικῇ
554 4478 661 4532 ,καὶ
694 4477 812 4549 θείᾳ
840 4476 1015 4548 χειρί·
1104 4475 1228 4529 οὕτε
1260 4475 1494 4546 νόσημα,
1524 4472 1649 4527 οὔτε
1686 4474 1815 4545 χρό-

231 4592 347 4640 νος,
400 4572 524 4626 οὔτε
574 4570 737 4641 φύσις
790 4570 940 4624 ἐστὶν
983 4569 1312 4634 ἀντίπαλος,
1344 4568 1440 4621 καὶ
1488 4567 1688 4639 ῥᾳδίως
1733 4568 1816 4630 είς

228 4666 442 4735 ὑγίειαν
476 4664 999 4735 ἁναστοιχειωθήσῃ.

700 4773 875 4837 φΝΑν.
917 4802 987 4814 .-
1024 4771 1391 4842 enormia.

1988 4114 2162 4169 Audio
2222 4113 2391 4167 animi
2443 4113 2519 4167 tui
2568 4113 2851 4177 morbum,
2919 4126 2951 4167 e
2999 4112 3186 4181 parvis
3237 4113 3508 4183 malisque

1919 4203 2084 4259 rebus
2105 4214 2311 4267 ortum,
2342 4202 2604 4272 temporis
2629 4202 2793 4256 ductu
2816 4211 3060 4269 auctum,
3087 4217 3304 4257 omnem
3338 4218 3506 4258 exce-

1918 4296 2047 4351 dere
2085 4295 2421 4350 medicorum
2471 4294 2815 4349 industriam.
2863 4293 3016 4371 Quod
3063 4295 3107 4348 si
3155 4309 3343 4349 verum
3389 4304 3501 4359 est,

1921 4388 2223 4444 curandum
2256 4386 2352 4441 tibi
2382 4395 2441 4441 ut
2467 4387 2751 4456 sapientiae
2782 4387 2985 4456 Deique
3012 4388 3251 4441 dexterae
3273 4396 3326 4441 te
3352 4404 3507 4441 rom-

1922 4479 2105 4533 mittas
2136 4494 2151 4532 :
2180 4478 2261 4533 sic
2320 4491 2496 4547 neque
2546 4478 2719 4532 morbi
2768 4476 2883 4544 vis,
2938 4490 3115 4547 neque
3164 4486 3378 4546 tempus
3434 4492 3507 4533 ac

1921 4580 2118 4622 natura
2150 4568 2553 4634 adversabitur,
2601 4568 2791 4639 itaque
2836 4568 2999 4624 facile
3045 4569 3289 4638 pristina:
3340 4569 3501 4624 resti-

1846 4648 1892 4704 D
1921 4658 2089 4712 tueris
2123 4658 2439 4713 valetudini.

2277 4766 2440 4837 717
2461 4765 3142 4823 DLI.—THEOPHANIO.

827 4886 1046 4940 Animus
1074 4904 1107 4939 a
1136 4886 1467 4955 praesentium
1494 4882 1756 4937 malorum
1785 4896 1939 4937 sensu
1964 4895 2054 4949 spe
2075 4881 2245 4951 futuri
2284 4881 2406 4933 boni
2442 4880 2785 4934 abducendus
2820 4888 2916 4934 est.

302 4999 410 5054 Τοῦ
452 4996 769 5069 παραυτίκα
806 4994 984 5049 δεινοῦ
1028 4994 1121 5047 τὸν
1185 4993 1447 5062 λογισμὸν
1510 4992 1725 5056 θᾶττον,
1766 4985 1811 5044 ὧ

225 5091 379 5163 φίλε,
410 5087 740 5158 ἀπαγαγὼν,
774 5086 896 5149 ὅλος
925 5083 1087 5155 γενοῦ
1111 5084 1211 5155 τῆς
1240 5083 1539 5155 μελλούσης
1564 5081 1779 5145 ἐλπίδος
1797 5097 1813 5114 ⁶

1992 4988 2195 5044 Rerum
2249 4989 2598 5043 molestarum
2648 4988 2831 5042 statim
2888 4988 3275 5058 cogitationem
3331 4990 3501 5059 ἀθροι-

1922 5095 2076 5147 nens,
2100 5095 2134 5135 ο
2173 5081 2367 5147 amice,
2401 5094 2551 5149 spem
2568 5082 2792 5149 concipe
2820 5080 3127 5145 meliorem,
3158 5096 3281 5135 cum
3311 5091 3367 5136 et
3401 5097 3504 5137 nos

1337 5259 1573 5316 νΑΒιᾹῖ
1613 5256 2001 5314 LECTIONES
2037 5256 2127 5311 ΕΤ
2160 5253 2401 5311 ΝΟΤΕ.

303 5426 417 5498 (δε)
452 5423 735 5495 Sophoclis
770 5437 962 5498 vasus
1010 5420 1121 5498 hic.
1159 5419 1221 5498 tn.
1264 5418 1478 5498 ξίεεινςι
1511 5426 1595 5498 est
1630 5435 1644 5473 =
1684 5417 1811 5473 Sine

225 5488 416 5551 latiore
444 5488 693 5567 magnum
716 5512 779 5549 ac
810 5496 941 5565 felix
979 5493 1131 5547 nihil.
1166 5490 1371 5546 Similis
1398 5488 1659 5559 ejusdem
1701 5498 1813 5567 tra-

226 5568 339 5639 gici
379 5565 838 5638 apud’Stobteum
876 5572 1076 5620 exstat.

380 5683 465 5738 οὔ
500 5683 560 5737 τί
583 5671 715 5740 erat?
746 5682 879 5750 ἣξει
906 5678 1024 5735 τῶν
1044 5679 1245 5747 ἄκρων
1272 5676 1418 5731 ἄνευ
1458 5677 1671 5731 πόνου.

229 5775 556 5844 Phocylides
581 5773 721 5831 idem
752 5773 930 5845 prodit
958 5787 1014 5849 77v.
1043 5770 1164 5827 155.
1189 5767 1326 5828 Vide
1354 5769 1603 5839 proverb.
1642 5767 1814 5825 Exer-

1915 5413 2096 5469 citatio
2127 5413 2304 5469 omnia
2334 5420 2522 5474 potest.
2547 5410 2724 5467 Locus
2773 5410 2992 5466 Homeri
3024 5426 3187 5481 supra
3228 5413 3503 5468 excitatus

1919 5496 2002 5539 est
2034 5482 2224 5552 Odyss.
2262 5500 2353 5548 xv,
2387 5484 2512 5538 597.
2564 5484 2761 5537 Cicero
2788 5498 2852 5536 ex
2908 5481 3187 5550 Euripide,
3226 5483 3327 5537 lib.
3356 5499 3391 5536 η
3428 5485 3509 5538 ἐκ

1920 5553 2133 5623 ﬁnibus,
2154 5572 2173 5606 ι
2202 5568 2421 5623 suavem
2448 5567 2569 5606 esse
2599 5552 2845 5606 laborum
2873 5554 3262 5623 pratteritornm
3297 5569 3501 5607 memo-

1923 5622 2060 5678 riam
2101 5641 2121 5693 g
2162 5624 2257 5678 ait.
2285 5622 2620 5693 Thucydidis
2654 5632 2831 5676 autem
2870 5624 3029 5693 verba
3065 5622 3209 5692 legas
3247 5624 3339 5680 lib.
3373 5639 3409 5677 tt
3444 5625 3503 5679 in

1919 5703 2061 5750 orat.
2100 5692 2325 5748 Periclis
2354 5696 2419 5746 ad
2447 5691 2831 5747 Athenienses.
2864 5691 3137 5746 Scnor'r.’
3248 5712 3249 5717 η

1992 5763 2107 5834 (59)
2129 5763 2295 5822 Codd.
2326 5762 2502 5820 Vatic.
2530 5762 2635 5822 650
2662 5771 2716 5818 et
2745 5762 2877 5829 Alt.,
2908 5763 3124 5819 τούτου.
3168 5761 3385 5819 Possm.
