3998 6414
524 318 666 384 1635
1733 315 1794 373 S.
1837 313 2132 373 ISIDOBI
2169 311 2610 372 PELUSIOTXE
3621 313 3731 376 163G

522 433 600 486 rei
634 430 901 500 gravioris
950 429 1094 483 fama
1129 428 1316 494 allata,
1357 441 1463 482 non
1490 442 1682 497 parum
1720 427 1962 483 dolentes
1985 441 2101 482 nos-

2155 437 2182 494 ι
2214 425 2404 496 ἐπειδὴ
2435 426 2530 479 καὶ
2573 425 2738 494 ἡμεῖς
2764 463 2780 489 ,
2813 423 2907 476 ὅτε
2948 423 2983 493 ἡ
3016 422 3175 493 φήμη
3205 421 3266 475 τὸ
3311 421 3474 475 δεινὸν
3513 423 3734 494 ἐπήγγει-

519 523 668 592 ipsos
689 521 1130 576 excitaverimus.

2212 519 2303 570 λεν
2337 508 2470 587 (60),
2501 517 2561 570 οὐ
2597 515 2808 586 μικρῶς
2839 513 3200 584 λυπηθέντες,
3228 514 3526 584 ἀνενεγκεῖν
3547 515 3737 581 ἑαυτοὺς

2211 609 2581 678 πεπείκαμεν.

907 719 1062 776 DLll.
1095 750 1166 760 —
1189 716 1371 774 ELME
1401 716 1720 774 DIACONO.

2572 718 2746 773 one:
2777 748 2842 758 —
2879 717 3050 789 ΗΛΙᾼ
3089 716 3407 789 Δυιιςοιςᾳ.

1263 813 1652 882 Ignoscendum
1676 814 1752 868 vel
1790 829 1895 867 non
1931 812 2147 883 petenti,
2183 827 2301 864 cum
2325 811 2526 881 pudore
2562 811 2719 880 culpa
2744 809 3060 864 ostenditur.

591 925 708 980 Etsi
772 925 910 979 nihil
964 925 1098 980 mihi
1148 925 1437 981 confessus
1483 941 1565 993 es,
1603 925 1886 996 ignoscere
1923 935 2101 979 tamen

2280 925 2344 975 Εί
2370 922 2464 974 καὶ
2494 921 2738 992 μηδεμία
2767 938 2851 973 σοι
2883 921 3179 992 πρόσεστιν
3194 920 3472 991 ὁμολογία,
3495 921 3608 991 ἐμοὶ
3635 923 3740 992 πρέ.

517 1019 712 1082 debeo,
742 1018 836 1072 scd
883 1018 1140 1072 delictum
1198 1017 1499 1083 confitenti,
1539 1028 1594 1074 et
1641 1020 1850 1088 pudore
1880 1019 2096 1087 culpam

2209 1031 2303 1070 πει
2340 1014 2673 1084 συγγνώμην
2703 1016 2889 1083 νεῖμαι
2919 1013 3017 1084 τῷ,
3038 1013 3106 1065 δι’
3139 1006 3213 1067 ὧν
3243 1013 3548 1082 αἰσχύνεται
3573 1014 3735 1068 ἀπολο-

516 1108 728 1162 fatenti.
776 1109 920 1164 Cave
967 1111 1147 1178 itaque
1204 1125 1273 1165 ne
1324 1121 1562 1164 mentem
1607 1110 1899 1174 disturbet,
1945 1111 2092 1180 quod

2205 1103 2504 1176 γήσασθαι,
2529 1103 3062 1174 πεπλημμεληκέναι
3089 1101 3460 1173 ὁμολογοῦντι.
3493 1102 3578 1174 Μὴ
3599 1104 3742 1158 τοίνυν

516 1210 666 1254 tuam
719 1215 825 1255 non
863 1204 1226 1272 exspectarim
1261 1203 1696 1264 excusationem,
1726 1202 1858 1271 quin
1916 1203 2095 1272 potius

2205 1199 2464 1252 ἀπόνοιαν
2518 1215 2600 1250 σοι
2648 1198 2882 1251 τικτέτω
2911 1197 3009 1262 τὸ,
3041 1197 3143 1267 ὲμὲ
3189 1198 3268 1268 μὴ
3309 1197 3742 1266 ἀναμεμενηκέναι

514 1299 582 1350 ad
637 1309 828 1352 mutuo
887 1314 986 1352 nos
1035 1299 1300 1352 amandos
1363 1298 1574 1352 incitet.
1605 1295 1767 1350 Tanti
1821 1304 1908 1351 est
1950 1297 2093 1350 enim

2204 1291 2304 1362 τὴν
2339 1292 2440 1362 σὴν
2470 1291 2794 1359 ἀπολογίαν,
2825 1290 2962 1344 ἀλλά
3001 1290 3203 1360 μᾶλλον
3237 1291 3320 1352 είς
3375 1289 3588 1358 ἀγάπην
3620 1306 3741 1358 χειρ-

514 1394 660 1459 apud
724 1407 816 1447 me
891 1395 1149 1447 momenti
1207 1408 1337 1462 pax,
1399 1405 1456 1446 ut
1510 1392 1594 1447 vel
1645 1390 1994 1447 erubescenti
2039 1404 2093 1444 se

2204 1382 2514 1450 αγωγείτω.
2549 1382 2680 1434 ’Ὀτι
2707 1381 2948 1451 τοσαύτη
2981 1399 3074 1452 μοι
3109 1380 3244 1451 πρὸς
3259 1381 3481 1451 εἰρήνην
3515 1379 3743 1450 βλέπουσα

515 1482 835 1552 defendere,
866 1485 1042 1540 libens
1070 1487 1282 1540 veniam
1309 1486 1430 1539 dem
1462 1495 1628 1552 atque
1654 1485 1956 1553 ignoscam.

2208 1475 2475 1546 πρόσεστι
2523 1473 2667 1545 ῥοπὴ
2691 1514 2706 1538 ,
2747 1474 2824 1537 ὡς
2855 1474 2952 1527 καὶ
2993 1475 3109 1538 τοῖς
3155 1471 3485 1545 ὲρυθριῶσιν
3515 1471 3743 1542 ἀπολογή-

2208 1565 2408 1620 σασθαι
2444 1563 2775 1636 συγγνώμην
2801 1565 3009 1634 νέμειν.

1013 1678 1200 1736 DLHI.
1219 1709 1293 1721 —
1316 1678 1453 1732 ALY
1465 1678 1596 1734 P10.

2689 1673 2861 1729 om".
2892 1705 2963 1714 —
2992 1673 3274 1745 ΑΛΥΠΙῼ.

1332 1773 1484 1828 Mens
1515 1789 1677 1842 quam
1701 1771 1886 1842 lingua
1919 1770 2092 1841 potius
2112 1767 2422 1823 excolenda.
2447 1766 2601 1838 (Sup.
2635 1770 2790 1837 epist.
2821 1767 2974 1837 475.)

585 1883 853 1954 Equidem
909 1882 1208 1938 familiares
1261 1897 1432 1946 meos,
1465 1890 1700 1935 mentem
1739 1877 1893 1948 prius
1923 1891 2090 1946 quam
2121 1869 2163 1923 Ρ

2275 1873 2419 1942 Ἐγὼ
2456 1875 2558 1944 τῆς
2588 1873 2813 1945 γνώμης
2855 1873 2961 1945 πρὸ
2987 1873 3086 1944 τῆς
3126 1873 3377 1944 γλώττης
3422 1871 3552 1938 ἀξιῶ
3584 1890 3745 1925 πεπαι-

514 1974 758 2044 linguam
821 1972 1174 2028 excolendam
1227 1974 1417 2026 doceo.
1483 1968 1638 2036 Quod
1706 1968 1751 2021 si
1805 1977 2093 2036 utrumque

2209 1965 2432 2019 δεῦσθαι
2472 1967 2600 2029 τοὺς
2641 1966 2766 2036 ἐμοὶ
2797 1964 3194 2034 πλησιάζοντας
3218 1981 3234 1996 ⁸
3270 1967 3320 2017 εί
3371 1965 3429 2018 δὲ
3472 1965 3563 2017 καὶ
3603 1966 3739 2034 ἄμφω

511 2067 797 2130 obveniant,
824 2075 878 2120 et
904 2065 1118 2133 aliquos
1154 2064 1203 2116 id
1241 2061 1500 2126 offendat,
1534 2060 1740 2116 veritas
1779 2074 1903 2112 cum
1929 2058 2089 2112 liber-

2207 2057 2406 2128 ἔχοιεν,
2454 2058 2546 2111 καὶ
2582 2057 2744 2109 λυπεῖ
2771 2074 2924 2119 τινας
2951 2097 2966 2122 ,
3019 2056 3255 2125 τάληθὲς
3298 2057 3439 2125 μετά
3472 2059 3743 2128 παρρησίας

529 2169 640 2213 tate
695 2156 1162 2226 pronuntiabitur.
1209 2152 1280 2207 Ut
1325 2162 1572 2218 statuas,
1630 2154 1805 2218 obeo,
1858 2150 2100 2205 cunctis-

2198 2149 2498 2214 λελέξεται.
2548 2151 2761 2220 Ὥσπερ
2807 2150 3101 2219 ἀγάλματα
3147 2152 3434 2221 περιέπω,
3476 2152 3566 2203 καὶ
3607 2153 3743 2204 πᾶσιν

513 2264 622 2317 que
663 2264 749 2303 nte
783 2247 1016 2303 efferens
1069 2255 1326 2309 ostento,
1365 2260 1450 2298 me
1496 2244 1632 2299 tales
1682 2254 1900 2299 nactum
1953 2243 2092 2296 ami-

2199 2245 2546 2312 ὲπιδείκνυμι
2594 2242 2742 2313 μέγα
2792 2243 3009 2314 φρονῶν
3049 2243 3144 2296 ἐπὶ
3189 2242 3268 2313 τῷ
3326 2242 3593 2307 τοιούτους
3628 2245 3744 2312 ἔχειν

511 2351 630 2392 (ξοδ.

2201 2337 2411 2406 φίλους.

769 2441 949 2498 DLlV.
977 2472 1048 2484 —
1074 2441 1308 2500 PETRO
1349 2439 1847 2498 SCHOLASTICO.

2485 2446 2655 2499 ΦΝΔ’.
2675 2473 2745 2485 -
2779 2445 3007 2515 ΠΕΤΡῼ
3041 2444 3503 2517 ΣΧΟΛΑΣΤΙΚῼ.

1387 2534 1492 2602 Qui
1517 2552 1632 2590 vere
1663 2544 1904 2589 statuant
1935 2546 2156 2603 tropea.
2186 2538 2369 2611 (Supr.
2397 2540 2552 2609 epist.
2587 2539 2655 2594 19
2682 2548 2733 2593 et
2759 2538 2910 2608 167.)

583 2641 686 2710 Qui
745 2653 952 2699 rectum
986 2643 1054 2700 de
1085 2645 1248 2700 rebus
1295 2653 1516 2700 servant
1561 2644 2090 2716 judicium,ignavia

2267 2652 2331 2704 Οἱ
2367 2652 2468 2721 μὲν
2493 2650 2594 2721 τὴν
2622 2649 2735 2702 τῶν
2761 2649 3105 2720 πραγμάτων
3127 2649 3313 2719 κρίσιν
3339 2648 3552 2718 ἔχοντες
3585 2647 3740 2719 ὀρθὴν.

511 2734 677 2804 victi,
715 2735 854 2790 forte
895 2735 1062 2790 etiam
1115 2738 1524 2807 expugnabunt,
1567 2745 1622 2792 et
1671 2737 1946 2807 sapientes
1969 2753 2090 2793 eva-

2195 2745 2301 2800 ὑπὺ
2332 2745 2605 2817 ῥᾳθυμίας
2630 2743 2686 2797 δὲ
2716 2743 3243 2813 καταπαλαιόμενοι,
3271 2741 3408 2805 ἴσως
3443 2742 3536 2796 καὶ
3565 2743 3741 2812 ἀναμα-

508 2826 662 2892 dent,
693 2836 746 2881 et
780 2828 845 2882 de
867 2827 984 2897 ipsa
1011 2829 1174 2882 etiam
1210 2829 1424 2897 ignavia
1463 2839 1706 2885 statuent
1743 2840 1963 2900 tropaea.
1993 2831 2087 2898 Qui

2193 2838 2444 2907 χέσονται
2465 2878 2481 2903 ,
2519 2837 2616 2891 καὶ
2663 2836 2929 2906 στήσουσι
2963 2836 3085 2889 κατ’
3115 2833 3288 2903 αὐτῆς
3323 2834 3590 2906 τρόπαιαο
3621 2837 3664 2888 οἱ
3697 2835 3739 2887 δὲ

511 2932 643 2972 vero
669 2919 721 2974 id
747 2919 1024 2989 ignorant,
1053 2936 1112 2976 se
1135 2921 1307 2976 victos
1327 2936 1470 2988 esse,
1504 2923 1786 2993 ecquando
1810 2923 2090 2978 victoriam

2197 2926 2322 2998 μηδ’
2365 2927 2500 2981 αὐτὸ
2545 2925 2703 2979 τοῦτο
2745 2925 2969 2993 εἰδότες,
3002 2926 3084 2979 ὃτι
3127 2924 3426 2997 ἡττῶνται,
3465 2926 3588 2979 πότε
3621 2925 3745 2994 νίκης

508 3027 822 3084 coxisequen
832 3013 954 3068 tur?

2190 3019 2636 3092 ἀντιποιήσονται
2662 3037 2675 3088 ;

869 3121 1026 3180 DLV.
1055 3151 1128 3164 —
1157 3123 1390 3181 PETBO
1417 3123 1733 3181 LECTORI.

2483 3127 2654 3186 tlJNE'.
2682 3158 2752 3170 -—
2789 3127 3018 3198 ΠΕΤΡῼ
3055 3124 3501 3196 ΑΝΑΓΝΩΣΤῌ.

1629 3215 1854 3271 Virtutis
1882 3226 2124 3273 venustas
2139 3233 2159 3282 ,'
2183 3229 2386 3290 peccati
2426 3219 2660 3289 fwditas.

579 3324 714 3380 Cum
749 3341 836 3381 res
855 3327 929 3382 sit
951 3327 1154 3396 gravis,
1180 3335 1235 3382 et
1259 3327 1457 3382 invicta
1506 3327 1676 3381 animi
1721 3326 2092 3396 pulchritudo,
2121 3331 2158 3389 C

2162 3365 2166 3387 .
2281 3327 2502 3399 Ἐπειδὴ
2543 3328 2716 3381 δεινὸν
2751 3327 2852 3398 μὲν
2891 3328 2987 3382 καὶ
3017 3327 3303 3398 ἀμήχανον
3327 3325 3434 3397 τῆς
3461 3325 3626 3396 ψυχῆς
3648 3325 3741 3378 ἐστι

506 3421 724 3488 quando
758 3435 881 3474 cum
927 3422 1188 3475 virtutum
1235 3421 1602 3491 aequabilitate
1639 3436 1701 3476 ac
1734 3420 1934 3475 decoro
1961 3420 2085 3474 illu-

2191 3420 2408 3484 κάλλος,
2426 3421 2554 3473 ὅταν
2582 3423 2650 3492 τῇ
2683 3421 2999 3492 συμμετρίᾳ
3013 3420 3120 3472 τῶν
3137 3418 3357 3489 ἀρετῶν
3373 3417 3741 3488 λαμπρὺνηται·

506 3525 719 3568 stratur
756 3534 769 3570 :
813 3516 956 3571 foeda
1013 3518 1080 3573 sit
1141 3528 1354 3585 contra,
1387 3532 1548 3586 atque
1581 3520 1754 3572 instar
1802 3518 1930 3572 fera:
1951 3519 2081 3572 vitae

2191 3514 2461 3585 ἀργαλέον
2492 3513 2550 3566 δὲ
2575 3514 2671 3566 καὶ
2707 3513 3079 3584 θηριόμορφον
3109 3512 3366 3581 γίγνεται
3396 3511 3560 3580 αὐτῆς
3593 3511 3646 3562 τὸ
3678 3505 3739 3562 εἷ-

509 3605 812 3672 turpitudo,
832 3607 876 3661 si
910 3607 1277 3677 improbitatis
1304 3609 1422 3675 ejus
1452 3609 1687 3663 dedecus
1712 3623 1776 3661 ac
1811 3608 2088 3677 turpitudo

2189 3606 2299 3669 δος,
2328 3606 2458 3659 ὅταν
2489 3606 2550 3659 τὸ
2580 3608 2679 3676 τῆς
2702 3606 2903 3669 κακίας
2929 3600 3119 3675 αἶσχος
3148 3603 3574 3674 ἀπομάττηταιι·
3608 3619 3744 3655 σπου-

507 3695 872 3762 exprimatur,
931 3699 1080 3752 velut
1106 3701 1157 3752 in
1221 3700 1399 3753 tabula
1455 3710 1551 3753 aut
1601 3699 1808 3767 pictura
1845 3717 1858 3753 :
1893 3699 2086 3755 demus

2190 3697 2444 3767 δάσωμεν
2477 3699 2653 3752 ὲκεῖνο
2687 3697 2788 3768 μὲν
2827 3695 3158 3768 κτήσασθαι,
3208 3694 3376 3750 τοῦτο
3399 3697 3455 3750 δὲ
3480 3694 3746 3765 ἀποτρίψα-

506 3803 729 3858 operam
762 3798 819 3844 ut
855 3790 984 3845 illud
1006 3792 1400 3860 possideamus,
1427 3791 1529 3845 hoc
1561 3804 1687 3845 vero
1714 3789 1994 3857 deleamus
2193 3789 2340 3845 σθαι.

949 3900 1126 3955 DLVl.
1147 3931 1218 3941 —
1233 3899 1645 3958 APOLLONIO.

2621 3901 2813 3969 oNq'.
2851 3927 2923 3938 -
2947 3900 3370 3972 ΑΠΟΛΛΩΝΙῼ.

1651 3994 1830 4050 Citius
1867 3994 1984 4062 alii,
2016 3993 2112 4046 alii
2147 3993 2338 4047 lentius
2367 4000 2646 4046 curantur.

583 4097 715 4153 Scio
757 4099 920 4153 citius
977 4097 1238 4153 offensam
1294 4101 1576 4169 quosdam,
1605 4103 1784 4157 serius
1828 4102 1966 4157 alios
2003 4117 2090 4156 re-

2269 4098 2399 4155 Οῐδα
2431 4102 2553 4172 μὲν,
2590 4101 2676 4154 ὅτι
2719 4101 2864 4163 τινὲς
2891 4101 3006 4171 ’μὲν
3045 4102 3108 4154 τὸ
3139 4099 3393 4170 ταχέως,
3437 4101 3580 4164 τινὲς
3605 4099 3656 4152 δὲ
3693 4097 3743 4149 τὸ

509 4193 757 4258 missam,
785 4192 998 4260 signum
1032 4200 1274 4246 statuere
1303 4193 1500 4248 mentis
1551 4195 1628 4248 nil
1681 4195 1782 4250 sibi
1819 4195 2079 4250 consciae.

2198 4193 2441 4265 βραδέως
2491 4193 2894 4262 θεραπεύεσθαι
2940 4193 3036 4246 ἐπὶ
3080 4195 3202 4257 ταῖς
3233 4193 3432 4263 ὕϐρεσι
3459 4235 3474 4261 ,
3508 4191 3742 4263 σύμϐολον

510 4281 584 4341 Ut.
622 4284 766 4336 enim
822 4284 1052 4351 quisque
1115 4282 1342 4338 affectus
1400 4293 1505 4350 est,
1537 4285 1616 4340 sic
1665 4296 1724 4340 et
1776 4285 2086 4339 faciendum

2196 4283 2476 4336 ποιοῦνται
2503 4283 2598 4336 τοῦ
2629 4285 2798 4354 μηδὲν
2819 4285 3036 4349 ἑαυτοῖς
3067 4285 3374 4338 συνειδέναι
3397 4285 3506 4338 τῶν
3537 4281 3745 4356 εἰρημέ-

509 4375 814 4428 existimat.
841 4373 944 4439 Qui
976 4373 1122 4427 enim
1163 4372 1420 4429 fortiores
1447 4390 1511 4430 ac
1539 4377 1916 4446 generosiores
1933 4386 2084 4440 sunt,

2197 4392 2324 4429 νων.
2358 4375 2548 4437 Ὅπως
2576 4375 2688 4445 γὰρ
2718 4375 2783 4428 ἂν
2816 4376 3040 4430 ἕκαστοι
3080 4377 3435 4441 διακέωνται,
3467 4377 3606 4429 τοῦτ’
3629 4375 3745 4428 οἷον·

509 4468 812 4536 promptius
845 4466 1065 4520 virtutis
1122 4481 1231 4521 sua!
1265 4469 1506 4536 praebent
1535 4479 1940 4538 argumentum,
1983 4484 2088 4521 non

2193 4485 2284 4520 ται
2314 4465 2518 4537 χρῆναι
2546 4470 2741 4521 ποιεῖν.
2765 4469 2833 4520 Οἱ
2865 4469 2960 4538 μὲν
2995 4470 3104 4541 γὰρ
3134 4470 3508 4541 ἀνδρειότεροι
3537 4470 3625 4521 καὶ
3645 4485 3745 4535 γεν-

513 4566 624 4609 tam
661 4555 1075 4610 considerantes
1107 4571 1192 4610 res
1242 4556 1409 4625 ipsas,
1443 4558 1536 4610 sed
1576 4565 1876 4626 prteceptas
1936 4570 2086 4611 ratas

2193 4561 2464 4631 ναιότεροι
2508 4560 2569 4614 τὸ
2606 4561 2821 4631 ταχέως
2849 4562 3114 4616 ἐνδιδόναι
3154 4565 3463 4634 τεκμήριον
3497 4562 3743 4615 ποιοῦνται

510 4648 772 4704 habentes
801 4649 1106 4717 opiniones.
1144 4649 1200 4703 Si
1228 4649 1466 4704 dixeris:
1493 4649 1658 4718 718
1685 4650 1888 4719 Ecquid
1922 4650 2086 4718 igitur

2189 4628 2411 4724 ἀρετῆς,
2444 4654 2506 4706 οὐ
2543 4653 2611 4706 τὰ
2639 4628 2943 4725 πράγματα
2979 4628 3358 4721 σκοποῦντες
3398 4655 3536 4709 ἀλλὰ
3559 4654 3650 4717 τὰς
3684 4654 3744 4704 οἱ-

508 4740 654 4794 facto
685 4749 767 4793 est
793 4739 968 4809 Opus?
1017 4740 1196 4793 dicam
1235 4758 1248 4794 :
1288 4755 1410 4794 cum
1444 4740 1516 4794 sit
1545 4740 1690 4794 omni
1737 4742 1948 4796 ratione
1971 4755 2085 4795 me-

2192 4746 2344 4810 κείας
2358 4745 2660 4817 προλήψεις
2681 4746 3002 4817 κυροῦντες.
3021 4748 3084 4799 Εἰ
3103 4748 3160 4800 δὲ
3187 4747 3354 4818 ἔροιο,
3368 4748 3436 4799 Τί
3450 4748 3553 4818 χρὴ
3577 4746 3739 4806 ποιεῖν;

507 4829 768 4895 dendum,
824 4828 1018 4882 melius
1076 4838 1161 4883 est
1216 4829 1326 4883 cito
1383 4829 1523 4884 fieri.
1559 4828 1657 4883 Sin
1714 4844 1893 4895 secus,
1924 4832 2086 4884 etiam

2192 4839 2381 4909 φαίην,
2423 4839 2508 4892 ὅτι
2547 4839 2738 4910 ἐπειδὴ
2765 4839 2931 4892 παντὶ
2969 4839 3158 4911 τρόπῳ
3189 4840 3297 4910 χρὴ
3338 4837 3740 4912 θεραπεύεσθαι,

509 4920 708 4974 lentius
736 4936 797 4974 ac
825 4921 1020 4974 serius.
1043 4919 1232 4988 Neque
1269 4921 1414 4974 enim
1439 4922 1676 4975 hominis
1705 4932 1788 4976 est
1814 4921 2002 4978 furore
2028 4938 2088 4977 ac

2191 4930 2416 4998 ἄμεινον
2445 4928 2547 4999 μὲν
2584 4931 2798 5000 ταχέως
2824 4945 2838 4961 ·
2873 4932 2921 4983 εί
2953 4930 3010 4983 δὲ
3052 4929 3128 5000 μὴ
3163 4931 3314 5002 (61),
3344 4930 3453 4983 κᾶν
3492 4928 3739 5000 βραδέως·

511 5013 663 5070 rabie
694 5023 956 5083 perpetuo
984 5014 1198 5082 agitari.

2191 5020 2252 5072 τὸ
2283 5019 2392 5090 γὰρ
2420 5020 2689 5074 ἀθάνατον
2712 5022 2911 5092 λυττᾷν
2941 5003 3042 5075 οὐκ
3072 5021 3437 5093 ἀνθρώπινον.

787 5125 990 5181 DLVll.
1025 5155 1098 5164 —
1137 5123 1416 5179 lSlDORO
1467 5123 1814 5180 EPISCOPO.

2488 5125 2658 5178 oNz'.
2700 5153 2769 5165 -
2795 5128 3060 5198 mauro
3093 5127 3469 5199 ΕΠΙΣΚΟΠῼ.

1251 5216 1514 5270 Hortatur
1539 5219 1608 5270 ad
1637 5217 1990 5270 constantiam
2012 5218 2067 5270 in
2097 5219 2248 5284 bono,
2274 5235 2336 5271 ne
2358 5217 2556 5286 {amant
2603 5218 2793 5274 bonam
2817 5223 3021 5288 perdat.

574 5327 746 5389 Fama
787 5330 1024 5401 undique
1046 5329 1325 5400 divulgata
1375 5329 1691 5398 percrebuit
1738 5327 1954 5384 fortiter
1977 5344 2007 5382 a
2039 5338 2091 5384 te

2262 5331 2449 5398 Διήκει
2483 5329 2586 5400 μὲν
2617 5329 2715 5384 καὶ
2740 5330 2992 5402 διαφοιτᾷ
3023 5331 3304 5405 πανταχοῦ
3337 5333 3518 5402 λόγος,
3546 5333 3636 5394 τὰς
3660 5329 3737 5390 σάς

1601 5483 1837 5540 VARIIE
1879 5483 2262 5540 LECTIONES
2296 5483 2385 5537 ET
2421 5483 2655 5539 NOT/E.

573 5647 686 5722 (βο)
743 5643 850 5705 Pro
902 5647 1103 5716 ἐπήγγ.
1181 5648 1339 5703 ambo
1386 5647 1542 5703 codd.
1604 5643 1852 5702 scribunt
1905 5637 2084 5714 ἀπῆγε

2269 5638 2493 5713 (61)Μὴ
2516 5653 2646 5722 ante
2671 5645 2776 5700 κᾶν
2800 5648 3070 5722 omittitur
3106 5666 3136 5704 a
3161 5652 3368 5710 duobus
3391 5653 3550 5711 codd.
3575 5649 3655 5722 qui
3690 5653 3731 5700 et

503 5712 674 5788 τειλεζ
995 5712 1033 5716 ’⁷
1062 5712 1070 5715 ⁷
2008 5712 2016 5714 ἡ

2008 5712 2016 5714 ⁷
2191 5727 2332 5770 vers.
2368 5729 2465 5784 pro
2483 5712 2771 5775 ἀθάνατον
2806 5721 3053 5779 scribunt
3081 5722 3339 5781 ἀθάνατα.
