3998 6414
229 328 347 391 n37
1058 321 1596 382 EPISTOLARUM
1627 321 1776 383 LIB.
1815 321 1884 382 v.
1908 346 1979 355 —
2006 321 2246 382 EPIST.
2303 323 2544 383 DLXII.
3322 323 3459 390 1633

224 434 484 509 ἀριστείας
524 431 1011 502 εὐαγγελιζόμενος
1036 448 1050 464 ·
1085 433 1144 485 ὃν
1167 432 1378 496 δίκαιος
1416 432 1482 485 ἂν
1508 432 1627 503 εἴης
1656 449 1776 488 νευ-

1880 440 2029 501 gesta
2060 433 2318 489 nuntians
2344 450 2359 499 ;
2391 448 2554 503 quam
2585 431 2730 488 vires
2787 431 2840 486 in
2876 432 2994 488 dies
3026 448 3218 503 capere
3245 451 3457 503 mqumu

226 528 341 600 ροῦν
389 526 502 587 τοῖς
546 522 815 592 ὁσημέραι
863 520 1278 592 κατορθώμασι.
1325 521 1646 592 Φυλλοροεῖν
1672 520 1782 592 γάρ

1882 534 1966 578 est
2004 534 2154 578 recte
2203 540 2268 579 ac
2321 525 2585 593 praeclare
2627 524 2805 578 factis.
2845 524 2995 579 Solet
3042 526 3187 581 enim
3216 526 3461 583 dimuere

223 616 363 672 εἴωθε
384 614 489 668 τῶν
516 613 740 685 ὕστερον
773 612 1165 683 ῥᾳθυμούντων
1190 613 1252 665 τὸ
1286 613 1462 676 κλέος.

1882 619 2046 681 atque
2068 614 2356 670 concidere
2378 616 2544 671 decus
2581 629 2771 670 eorum
2805 615 2897 683 qui
2930 625 3117 685 postea
3155 632 3213 671 se
3243 617 3450 671 dedunt.

1879 703 1993 758 otio
2022 713 2186 774 atque
2221 708 2469 777 ignaviae.

452 817 630 874 ΦΝΙΓ.
663 849 734 859 —
769 818 1017 888 ΩΦΕΔῘῼ
1049 817 1534 888 ΓΡᾹΜΜΑΤΙΚῼ.

2079 812 2309 869 DLVIII.
2332 843 2405 853 —-
2432 810 2737 868 OPHELIO
2791 811 3269 869 GRAMMATICO.

886 912 1225 981 PhilosOphin
1258 923 1312 966 ut
1339 911 1661 981 deﬁnienda.
1690 911 1995 985 (Plutarch.
2030 912 2106 967 De
2135 911 2344 982 placitis
2370 910 2461 980 phi

1194 931 1225 967 τι
1258 923 1312 966 ιιι
1339 911 1661 981 deﬁnienda.
1690 911 1995 985 (Plutarch.
2030 912 2106 967 De
2135 911 2344 982 placitis
2370 910 2561 980 philos.
2593 909 2683 964 lib.
2710 910 2772 979 ι.)

281 1029 342 1083 Ol
369 1029 466 1099 μὲν
494 1026 644 1082 ἄλλοι
674 1025 954 1097 φιλόσοφοι
987 1025 1184 1096 τέχνην
1242 1024 1468 1094 τεχνῶν,
1525 1026 1621 1078 καὶ⁹
1652 1026 1778 1079 ἑπι-

1954 1024 2104 1080 Varii
2156 1020 2462 1093 philosophi
2521 1031 2695 1075 artem
2769 1021 3005 1086 artium,
3066 1020 3462 1091 scientiamque

224 1122 424 1190 στήμην
457 1118 777 1190 ἐπιστημῶν
811 1117 1080 1189 ὡρίσαντο
1128 1113 1268 1170 εἶναι
1296 1117 1396 1186 τὴν
1439 1117 1776 1186 φιλοσοφίαν.

1883 1118 2239 1174 scientiarum
2281 1114 2684 1184 philosophiam
2744 1113 3091 1168 deﬁnierunt.
3120 1114 3457 1185 PythagOras

224 1211 531 1282 Πυθαγόρας
560 1210 641 1274 δὲ,
697 1210 861 1282 ζῆλον
911 1209 1125 1279 σοφίας.
1177 1208 1408 1262 Πλάτων
1451 1208 1528 1272 δὲ,
1584 1209 1781 1279 κτῆσιν

1883 1210 2100 1281 quidem
2131 1208 2411 1278 sapientiae
2444 1207 2680 1262 studium
2726 1206 2887 1271 dixit,
2924 1207 3157 1276 indeque
3216 1209 3459 1275 philoso-

220 1304 565 1375 ἐπιστημῶν,
651 1305 976 1374 Χρύσιππος
1047 1303 1136 1364 δὲ,
1208 1302 1550 1373 ἐπιτήδευσιν
1621 1301 1781 1369 λόγου

1885 1303 2052 1370 phum
2113 1297 2578 1355 nominari.Plato
2631 1298 2983 1353 scientiarum
3035 1300 3458 1367 possessionem,

226 1394 524 1465 ὀρθότητος.
582 1396 694 1449 Καὶ
728 1394 909 1448 αὐτῶν
952 1389 1046 1447 οὖν
1091 1393 1199 1447 τῶν
1245 1392 1549 1447 δοκούντων
1601 1392 1786 1464 ἄκρων

1886 1390 2243 1462 Chrysippus,
2276 1389 2598 1444 industriam
2662 1403 2760 1442 seu
2820 1388 3111 1443 artiﬁcium
3180 1400 3341 1442 rectae
3374 1404 3462 1441 ra-

220 1482 347 1539 είναι
371 1486 483 1557 (62)
509 1486 711 1557 ὁμοίως
722 1486 1073 1557 ὁριζομένων,
1094 1486 1251 1555 ἡμεῖς
1269 1484 1444 1556 ἀληθῆ
1468 1483 1786 1554 φιλοσοφίαν

1886 1481 2052 1537 tionis
2078 1495 2200 1536 esse
2222 1480 2411 1535 voluit.
2445 1480 2579 1534 Cum
2613 1480 2665 1533 hi
2699 1493 2803 1533 non
2826 1481 3013 1533 eodem
3051 1478 3311 1534 deﬁniant
3338 1493 3457 1531 mo-

218 1575 503 1646 ὁριζόμεθα
528 1613 547 1639 ,
576 1576 678 1648 τὴν
722 1576 891 1646 μηδὲν
937 1574 1046 1629 τῶν
1080 1575 1324 1645 ἡκόντων
1363 1576 1444 1639 είς
1499 1574 1785 1629 εὐσέϐειαν

1884 1576 1976 1638 do,
2007 1582 2155 1629 recte
2184 1587 2286 1627 nos
2318 1585 2502 1626 veram
2529 1570 2857 1626 deﬁniamus
2896 1571 3318 1640 philosophiam,
3344 1585 3461 1639 qua:

220 1668 304 1722 καὶ
339 1667 546 1740 ἀρετὴν
579 1666 932 1739 παρορῶσαν.

1810 1735 1845 1740 _
1882 1666 2017 1721 nihil
2034 1664 2271 1735 negligat
2296 1677 2508 1727 eorum,
2535 1677 2655 1731 qure
2677 1662 2746 1717 ad
2776 1663 3032 1718 virtutem
3057 1667 3278 1719 ducunt.

517 1735 692 1832 om".
730 1735 801 1816 ὲ-
826 1776 1126 1847 ΕΥΤοΝιο
1154 1776 1475 1848 ΔιΑιιοΝο.
1806 1735 1852 1790 Β

1806 1735 1852 1790 Β
2184 1772 2366 1830 nux.
2390 1802 2464 1814 -
2491 1770 2798 1828 EUTONlO
2837 1772 3157 1828 DIACONO.

435 1885 662 1940 Invidia:
691 1885 1003 1940 cedendum.
1033 1884 1256 1940 Invidus
1280 1885 1429 1941 bonis
1459 1886 1649 1940 alienis
1678 1885 1897 1953 acessit;
1930 1896 1978 1941 et
2000 1886 2211 1941 virtutis
2234 1894 2307 1939 est
2344 1868 2710 1953 argumentum
2736 1883 2933 1938 invidia
2970 1882 3231 1940 laborare.

281 1996 341 2049 Ei
370 1995 470 2048 καὶ
507 1989 673 2064 ἦλθεν
703 1993 796 2047 ἐπὶ
819 1994 880 2047 σὲ
903 1995 933 2046 ό
973 1993 1038 2066 δὴ
1066 1994 1163 2048 καὶ
1197 1995 1418 2048 πάντων
1459 1993 1644 2065 σχεδὸν
1675 1993 1785 2047 τῶν

1952 1994 2067 2049 Etsi
2133 2003 2185 2048 te
2224 2004 2442 2061 quoque
2489 1990 2718 2055 invidia,
2755 2002 2877 2060 qua:
2932 1992 3106 2047 bonos
3141 1992 3464 2063 plerumque

219 2085 509 2157 εὐδοκίμων
550 2084 833 2155 ἁψάμενος
876 2084 1071 2154 φθόνος
1091 2125 1107 2149 ,
1139 2086 1293 2159 παρά
1322 2086 1430 2139 τῶν
1455 2086 1667 2149 οἰκείας
1701 2102 1785 2138 τι·

1883 2085 2249 2155 persequitnr,
2293 2083 2608 2146 comitatur,
2634 2085 2777 2151 quod
2801 2083 2991 2137 vitium
3028 2085 3259 2137 aliorum
3289 2078 3458 2138 virtu-

219 2177 454 2248 θεμένων
498 2176 787 2248 συμφοράς
826 2177 925 2239 τὰς
958 2177 1162 2248 ἐτέρων
1212 2178 1440 2248 ἀρετάς,
1476 2177 1677 2247 μᾶλλον
1728 2175 1785 2228 δὲ

1885 2189 1965 2231 tes
1992 2191 2088 2231 sua
2115 2189 2240 2229 esse
2283 2175 2433 2229 ducit
2477 2173 2845 2239 incommoda,
2874 2174 2958 2228 vel
2998 2175 3177 2243 potius
3229 2176 3460 2231 aliorum

218 2270 366 2326 πλέον
398 2269 720 2342 ἀχθομένων
767 2271 881 2334 τοῖς
909 2269 1112 2341 ἐτέρων
1165 2270 1388 2340 ἀγαθοῖς
1405 2311 1421 2337 ,
1453 2270 1487 2342 ἡ
1514 2272 1629 2335 τοῖς
1658 2269 1786 2324 έαυ-

1881 2276 2140 2340 gravatur
2181 2265 2360 2331 bonis,
2384 2281 2546 2337 quam
2580 2265 2814 2336 pr0priis
2846 2266 3023 2328 malis,
3067 2276 3120 2319 tu
3165 2268 3274 2321 noli
3338 2276 3456 2323 tur—

217 2360 316 2413 τῶν
361 2362 579 2425 κακοῖς,
614 2359 690 2432 μὴ
714 2359 984 2431 ταράττου
1012 2374 1026 2389 ο
1067 2358 1182 2413 ἀλλ’
1209 2358 1341 2414 αὐτὸ
1364 2360 1520 2414 τοῦτο
1552 2358 1787 2430 μάλιστα

1882 2360 1999 2418 bari
2031 2378 2045 2415 :
2072 2359 2169 2414 sed
2204 2359 2383 2428 potius
2410 2357 2539 2413 illud
2562 2358 2781 2413 virtutis
2821 2367 3030 2412 certum
3078 2372 3201 2413 esse
3239 2359 3457 2430 signum

218 2453 562 2523 ἡγησάμενος
592 2452 802 2523 ἀρετῆς
830 2447 972 2506 εἶναι
1005 2452 1328 2523 τεκμήριον,
1362 2455 1428 2524 τῇ
1456 2452 1655 2507 σαυτοῦ
1680 2470 1783 2508 κα-

1881 2453 2226 2517 existimans,
2262 2462 2406 2506 tuam
2462 2450 2728 2506 accendat
2789 2450 3136 2517 probitatem.
3169 2449 3265 2505 Sic
3311 2453 3458 2507 enim

218 2543 514 2616 λοκάγαθίᾳ
550 2544 857 2617 προστίθει.
907 2544 1066 2599 Οὕτω
1113 2547 1224 2616 γὰρ
1278 2546 1342 2601 σὺ
1388 2546 1487 2616 μὲν
1539 2546 1784 2617 ἀοίδιμος

1893 2548 1988 2602 ﬁet
2036 2554 2096 2599 ut
2137 2544 2468 2608 celebreris,
2519 2542 2595 2596 illi
2650 2552 2843 2597 contra
2911 2556 3102 2613 poenas
3149 2542 3314 2610 dent,
3366 2558 3467 2599 nec

217 2637 345 2708 εἴης,
383 2639 587 2691 ἐκεῖνοι
620 2637 679 2690 δὲ
699 2636 859 2700 δίκας
894 2636 1411 2708 είσπραχθήσονται,
1444 2629 1521 2691 ὧν
1562 2635 1786 2708 μείζους

1095 2636 1411 2708 χθήσονται,
1444 2629 1521 2691 ὧν
1562 2635 1786 2708 μείζους
1890 2648 2090 2711 queant
2117 2637 2351 2707 majores
2381 2635 2674 2706 suscipere.

217 2731 311 2783 οὐκ
338 2729 406 2784 ἂν
430 2730 708 2800 δυνηθεῖεν
734 2727 938 2782 δοῦναι.

743 2833 864 2890 es.
894 2866 966 2877 —
998 2836 1243 2908 ΠΕΤΡῼ.
1480 2804 1481 2807 γ

1480 2804 1481 2807 γ
2403 2830 2563 2887 oLx.
2595 2861 2669 2872 -
2692 2829 2940 2889 emno.

1431 2930 1563 2996 Qua:
1587 2940 1729 2985 certa
1758 2931 2008 2987 amicitia:
2037 2930 2242 3000 regula.

290 3039 436 3111 Ἐγὼ
506 3043 711 3096 κανόνα
781 3041 969 3112 φιλίας
1026 3041 1320 3098 εὐθύτατον
1390 3044 1632 3116 ἡγοῦμαι
1694 3044 1787 3098 τὸν
1824 3107 1856 3116 Α

1965 3041 2116 3096 lllum
2143 3056 2243 3113 ego
2268 3043 2443 3096 virum
2475 3040 2838 3097 rectissimam
2875 3056 2997 3097 esse
3050 3042 3292 3115 regulam
3324 3044 3466 3099 ami-

215 3107 639 3202 ἀπροφασίστως
664 3130 763 3201 μὲν
785 3107 900 3193 τοῖς
924 3131 1175 3200 ἀδελφοῖς
1221 3107 1569 3203 συμπνέοντα
1593 3175 1610 3199 ,
1643 3134 1782 3204 μήτε

1891 3134 2032 3189 citiae
2065 3135 2227 3197 duco,
2264 3134 2355 3203 qui
2382 3134 2501 3189 sine
2541 3135 2861 3203 exceptione
2885 3134 3148 3191 fratribus
3172 3139 3465 3203 consentit,

211 3214 268 3267 δὲ
296 3216 561 3287 κολακείᾳ
594 3217 694 3280 τὰς
745 3217 928 3287 φιλίας
956 3218 1394 3289 προσαγόμενον,
1448 3222 1586 3291 μήτε
1612 3221 1785 3293 λάθρα

1892 3241 2069 3295 neque
2102 3227 2470 3281 assentatione
2516 3227 2618 3281 iuit
2668 3227 2986 3291 amicitiam,
3009 3242 3185 3298 neque
3231 3228 3458 3283 claude-

218 3304 733 3377 μεταχειριζόμενον
775 3308 874 3370 τὰς
930 3306 1166 3377 ἕχθρας’
1206 3308 1343 3363 ἀλλὰ
1392 3311 1529 3380 πρὸς
1570 3310 1785 3364 ἅπαντα

1893 3319 2034 3373 stina
2085 3319 2230 3373 fovet
2260 3319 2382 3372 odia
2434 3317 2990 3389 simultatcsqne,sed
3042 3321 3106 3375 ad
3138 3321 3319 3374 omnia
3361 3336 3464 3389 pu-

213 3398 308 3468 τὴν
351 3398 537 3468 ψυχὴν
588 3398 834 3469 γυμνὸν,
894 3398 1098 3454 ἁπλοῦν
1152 3402 1251 3472 μὲν
1310 3401 1645 3472 τυγχάνοντα
1690 3404 1787 3474 τὴν

1900 3424 2020 3463 ram
2045 3410 2305 3476 animam,
2334 3408 2744 3479 simphcemque
2794 3410 3011 3465 exhibet
3035 3421 3290 3477 mentem,
3334 3414 3467 3466 sim-

214 3488 458 3561 γνώμην,
508 3490 715 3544 ἁπλοῦν
759 3490 816 3543 δὲ
855 3491 952 3560 τὴν
997 3488 1266 3560 γλῶτταν,
1311 3494 1679 3565 ἁπλούστερον
1730 3495 1787 3548 δὲ

1894 3501 2084 3569 plicem
2106 3502 2270 3555 etiam
2300 3500 2572 3570 linguam;
2596 3510 2652 3553 at
2679 3514 2806 3554 vero
2837 3501 2921 3555 his
2951 3501 3204 3556 oninibus
3248 3502 3466 3572 simpli-

212 3582 290 3637 έτι
320 3583 526 3654 μᾶλλον
554 3582 646 3635 τὸν
668 3581 802 3653 βίον.

1895 3594 2100 3647 ciorem
2137 3593 2324 3658 vitam,
2352 3608 2661 3662 (naresque.

382 3688 550 3745 ΦΞΑ’.
586 3720 659 3732 -
689 3692 1135 3747 ΝΕΙΛΑΜΜΩΝΙ
1159 3694 1615 3767 ΣΧΟΛΔΣΤΙΚῼ.

1962 3724 1975 3731 ο
2078 3698 2259 3755 DLXI.
2285 3699 2760 3779 —NILAMMONI
2802 3699 3293 3759 SCHOLASTICO.

1194 3782 1517 3852 Meticulosi,
1553 3784 1758 3858 sibique
1781 3788 1919 3844 male
1939 3789 2135 3844 conscii
2156 3791 2273 3860 quis
2300 3801 2489 3847 status.

281 3893 499 3966 Ὠσπερ
541 3896 593 3948 οί
623 3894 929 3965 ψοφοδεεῖς,
967 3896 1064 3951 καὶ
1107 3897 1248 3969 πρὸς
1283 3897 1451 3970 μόνην
1484 3898 1584 3969 τὴν
1621 3899 1791 3973 ἀκοὴν

1968 3905 2040 3961 Ut
2096 3906 2294 3972 timidi,
2332 3916 2387 3962 et
2439 3907 2506 3961 ad
2559 3909 2734 3965 solum
2784 3912 3155 3967 molestiarum
3218 3914 3469 3971 auditmn

208 3984 316 4040 τῶν
338 3986 532 4041 δεινῶν
559 3988 1055 4060 καταπλήττονται,
1084 3990 1179 4043 καὶ
1192 3990 1313 4045 οὐδὲ
1342 3990 1540 4061 φύλλου
1566 3992 1787 4063 φέρουσι

1894 3997 2284 4067 percelluntur,
2320 4013 2384 4053 ac
2438 4015 2509 4055 ne
2564 4001 2748 4057 ferunt
2803 4002 3020 4074 quidem
3061 4006 3173 4059 l'olii
3237 4018 3465 4077 tantum,

213 4077 426 4149 κίνησιν
446 4118 462 4143 ,
513 4078 608 4133 τοῦ
659 4080 819 4144 δέους
866 4081 1012 4136 κατὰ
1055 4081 1168 4136 τῶν
1212 4082 1485 4152 τυχόντων
1540 4084 1791 4155 μεγάλας

1896 4089 2039 4157 quod
2066 4088 2254 4146 folium
2286 4105 2389 4147 suo
2414 4091 2563 4161 lapsu
2594 4109 2848 4163 magnum
2892 4106 3095 4152 metum
3124 4113 3470 4169 angoresque

210 4170 570 4239 ἐμποιοῦντος
600 4171 698 4236 τὰς
730 4172 1008 4243 ὑποψίας⁹
1052 4173 1197 4228 οὕτω
1241 4174 1338 4229 καὶ
1382 4177 1434 4230 oi
1486 4176 1789 4245 πταίοντες,

1903 4181 2134 4247 incutit;
2173 4184 2242 4238 ad
2272 4183 2523 4238 eumdem
2558 4188 2777 4241 modum
2802 4188 2894 4257 qui
2940 4189 3282 4259 deliquerint,
3309 4193 3469 4246 undi-

212 4261 461 4333 ἐλέγχοις
504 4265 845 4335 πανταχόθεν
879 4266 1196 4336 βάλλονται,
1227 4266 1323 4320 τοῦ
1351 4269 1652 4333 συνειδότος
1698 4272 1791 4324 καὶ

1897 4288 2003 4343 que
2027 4283 2353 4345 appetuntur
2379 4277 2640 4334 conviciis
2662 4280 3031 4346 consciorum,
3056 4282 3173 4336 sive
3228 4283 3468 4337 laudan-

212 4352 274 4405 ὲκ
300 4356 410 4407 τῶν
442 4356 839 4421 ἐπαινούντων,
875 4359 972 4413 καὶ
1022 4358 1087 4413 ἐκ
1123 4358 1229 4413 τῶν
1252 4358 1551 4429 ψεγόντων,
1596 4363 1694 4415 καὶ
1729 4364 1791 4417 ἐκ

1901 4366 2031 4420 tium
2062 4365 2177 4422 sive
2207 4367 2651 4437 vituperantium,
2683 4379 2739 4427 et
2762 4381 2870 4426 tam
2899 4387 2968 4428 ex
3016 4374 3277 4442 consciis,
3304 4390 3470 4444 quam

210 4444 318 4497 τῶν
356 4446 705 4515 συνειδότων,
733 4449 829 4502 καὶ
867 4451 931 4502 ἐκ
960 4450 1070 4503 τῶν
1111 4450 1188 4521 μὴ
1218 4451 1535 4505 συνειδότων
1564 4470 1789 4507 κατατο-

1902 4474 2012 4512 non
2062 4459 2300 4515 consciis
2332 4460 2499 4516 veluti
2550 4461 2751 4533 jaculis
2795 4464 2863 4520 de
2903 4466 3211 4523 commissis
3262 4466 3473 4524 feriun-

210 4527 466 4596 ξεύοντος
501 4533 631 4598 τοὺς
673 4536 886 4605 ὲργασα
894 4536 1110 4606 μένους.
1903 4557 2010 4603 tur.
2403 4541 2411 4548 ’

468 4641 636 4700 ᾤεθ’.
665 4675 738 4689 --
768 4648 1016 4720 ΖΩΣΙΜῼ
1050 4648 1520 4724 ΠΡΕΣΒΥΤΕΡῼ.
1984 4700 1987 4703 ,
2032 4658 2047 4728 τ

1984 4700 1987 4703 -
2032 4657 2198 4729 719
2228 4657 2436 4716 DLXII.
2456 4691 2529 4703 —
2560 4661 2815 4723 ZOSIMO
2853 4665 3332 4726 PRESBYTERO.

1167 4746 1249 4800 Ad
1279 4746 1489 4818 frugem
1518 4748 1707 4803 bonam
1743 4750 1952 4818 invitat,
1980 4762 2037 4807 ut
2061 4764 2109 4808 et
2132 4771 2293 4825 supra
2316 4762 2531 4830 saepius.

278 4849 408 4905 Ὀτι
437 4850 589 4905 οὐδὲν
620 4852 924 4908 ἀκόλαστον
943 4896 960 4921 ,
991 4856 1111 4911 οὐδὲ
1156 4858 1519 4929 μειρακιῶδες
1551 4860 1657 4931 χρὴ
1685 4861 1802 4917 δια-

1966 4859 2113 4920 Nihil
2142 4866 2425 4937 lascivum,
2460 4879 2556 4926 aut
2601 4871 2809 4942 puerile
2851 4873 3303 4929 committendum
3324 4889 3470 4943 esse,

208 4942 574 5011 πράττεσθαι,
617 4944 756 5000 ἀλλά
791 4946 1049 5019 σώφρονα
1080 4949 1176 5002 καὶ
1208 4950 1617 5022 κεκολασμένην
1654 4952 1787 5023 έχειι

1894 4958 1991 5011 sed
2051 4960 2403 5016 moderatum
2458 4964 2895 5034 castigatumque
2957 4964 3171 5018 vivendi
3253 4942 3470 5020 modum

208 5036 265 5089 ὲν
298 5038 467 5090 παντὶ
504 5036 582 5106 τῷ
629 5037 731 5108 βίῳ
767 5038 869 5110 τὴν
908 5039 1155 5106 δίαιταν,
1187 5043 1349 5095 παντί
1388 5059 1491 5095 που
1521 5044 1681 5113 δῆλον
1721 5044 1787 5115 τᾷ

1896 5047 2310 5118 praeferendum,
2366 5057 2557 5108 notum
2592 5064 2679 5108 est
2708 5053 2880 5108 cuivis
2929 5062 3108 5108 mente
3159 5055 3475 5122 prudentia-

206 5127 300 5181 νοῦ
330 5129 432 5183 καὶ
469 5132 788 5201 φρονήσεως
820 5132 921 5185 οὐκ
949 5133 1291 5203 ἀμοιροῦντι.
1316 5134 1382 5186 Τί
1409 5133 1590 5188 τοίνυν
1619 5137 1785 5191 τοιαύ·

1897 5150 2001 5205 que
2034 5140 2286 5207 praedito.
2322 5139 2436 5195 Cur
2460 5140 2625 5210 igitur
2654 5142 2818 5198 veluti
2847 5143 2902 5197 in
2932 5143 3221 5209 comoedia,
3254 5145 3476 5198 nomine

205 5232 307 5287 την
343 5218 642 5289 κωμῳδίαν
667 5223 930 5293 περιορᾷς
960 5223 1102 5277 κατὰ
1136 5223 1332 5277 σαυτοῦ
1359 5225 1662 5297 ᾁδομένην,
1699 5227 1784 5281 λε-

1900 5229 2071 5284 etiam
2100 5238 2154 5286 te
2196 5233 2517 5302 reprehendi
2548 5234 2891 5290 contemnis?
2930 5234 3237 5291 dicentibus
3262 5237 3476 5305 sapien-

205 5308 417 5397 γόντων
443 5309 553 5364 τῶν
593 5313 793 5381 σοφῶν,
826 5312 965 5367 Οῦτε
994 5314 1113 5379 νέος
1136 5315 1211 5369 ὢν
1231 5316 1361 5387 περὶ
1380 5316 1477 5381 τάς
1499 5318 1784 5390 ἐπιθυμίας

1906 5321 2051 5377 tibus
2083 5336 2151 5377 ne
2172 5323 2426 5392 juvenem
2453 5326 2698 5395 quidem,
2724 5328 2779 5383 in
2804 5328 3241 5398 concupiscendo
3289 5329 3476 5383 mode-

209 5401 537 5476 ὲμετρίαζες
571 5404 660 5459 διὰ
686 5405 787 5477 τὴν
818 5406 1043 5474 πενίαν,
1072 5406 1197 5461 οὔτε
1223 5408 1551 5479 γεγηρακὼς
1576 5409 1665 5464 διὰ
1694 5410 1788 5481 τὴν

1901 5422 2078 5466 ratum
2108 5418 2179 5471 ob
2207 5416 2443 5487 inopiam
2465 5418 2654 5487 luisse,
2672 5434 2739 5477 ac
2766 5434 2834 5477 ne
2873 5434 3057 5476 senem
3083 5419 3301 5491 quidem
3331 5433 3475 5474 nunc

1302 5587 1542 5645 VARIIE
1580 5589 1969 5648 LECTIONES
2005 5592 2113 5665 ΕΤ,
2140 5593 2373 5656 NOTAE.

283 5735 407 5811 (ϐξ)
442 5739 589 5799 inter
616 5737 757 5799 εἶναι
793 5755 849 5803 et
887 5742 1091 5813 ὁμοίως
1132 5745 1292 5802 ambo
1335 5744 1497 5803 codd.
1546 5745 1792 5806 inserunt
1817 5747 1862 5802 oi

616 5737 757 5799 εἶναι
793 5755 849 5803 et
887 5742 1091 5813 ὁμοίως
1132 5745 1292 5802 ambo
1335 5744 1497 5803 codd.
1546 5745 1792 5806 inserunt
1817 5747 1935 5819 οὐχ.
1968 5746 2182 5806 Possm.
