3998 6414
533 308 667 372 1639

1722 300 1789 365 ’8.
1834 302 2126 363 ISIDORI
2168 302 2605 365 PELUSIOTAE

3674 306 3800 372 1610

531 437 641 489 prae
671 426 828 474 zelate
859 418 1141 474 desinere?
1169 416 1299 481 Cur,
1328 430 1532 485 qumso,
1554 416 1689 469 adeo
1709 415 1950 469 insanis?
1978 413 2117 481 Quid

2235 414 2467 485 ἡλικίαν;
2493 416 2556 467 Τί
2578 416 2831 470 τοσοῦτον
2861 417 3057 490 λυττᾷς
3081 437 3097 485 ;
3124 417 3190 473 Τί
3212 421 3335 484 τοὺς
3363 419 3475 474 τῶν
3499 418 3801 490 ἐπιθυμιῶν

527 513 843 583 cupiditatis
877 512 1097 566 excedis
1129 510 1301 565 ﬁnes?
1338 509 1435 565 Vel
1467 514 1650 578 itaque
1680 508 1748 562 ab
1772 508 1857 563 bis
1885 509 2108 573 desiste,

528 609 612 662 vel
638 608 709 661 ab
751 608 908 661 altari
939 605 1169 660 abstine.

810 715 1038 771 ῡωιιιι.
1060 744 1133 756 -
1159 712 1432 771 SERENO
1488 712 1819 769 TRIBUNO.

2221 507 2322 559 ὑπε
2333 507 2570 578 ρϐαίνεις
2587 509 2781 579 ὅρουςς
2808 511 2878 561 Ἢ
2904 496 3158 565 πέπαυσο
3183 514 3362 567 τοίνυν
3388 513 3616 566 τοιαῦτα
3638 514 3800 585 δρῶν,

2219 599 2254 670 ἢ
2290 595 2444 671 εἶργε
2480 600 2675 653 σαυτὸν
2702 599 2799 652 τοῦ
2832 600 3223 674 θυσιαστηρίου

2520 709 2683 764 ΦΞΙν.
2720 740 2788 749 -
2829 711 3106 780 ΣΕΡΗΝῼ
3138 712 3509 785 ΤΡΙΒΟΥΝῼ.

983 806 1183 862 Virtuti
1211 809 1386 876 potius
1412 822 1571 878 quam
1600 806 1784 876 gloria:
1811 802 2143 859 serviendum
2168 818 2187 870 ;
2213 801 2322 857 haec
2363 804 2500 856 enim
2530 803 2683 871 ﬂuxa
2709 812 2758 857 et
2781 803 2969 873 fugax,
2999 804 3095 856 illa
3117 815 3337 859 (eterna.

602 918 787 974 Mundi
829 917 988 985 hujus
1011 917 1182 987 gloria
1232 915 1601 972 bemerocales
1624 924 1708 969 est
1741 913 1873 986 [hoc
1898 926 1986 969 est
2010 913 2112 967 ﬂos

528 1026 639 1067 uno
686 1011 776 1066 die
823 1010 1092 1064 duntaxat
1140 1005 1391 1079 ﬂorens].
1419 1008 1490 1061 At
1532 1006 1752 1061 virtutis
1788 1006 1957 1061 decus
1987 1019 2113 1060 esse

532 1101 976 1158 immarcessibile
1011 1101 1226 1170 ﬁneque
1259 1112 1477 1165 carens,
1506 1096 1710 1167 quivis,
1737 1095 1825 1151 cui
1871 1109 2025 1150 mens
2045 1094 2119 1151 sit

527 1209 595 1248 ac
636 1190 1265 1263 prudentia,ailirmarit.
1298 1187 1447 1244 Nihil
1498 1203 1629 1244 vero
1678 1189 1899 1252 mirum,
1924 1185 2123 1241 multos

533 1285 680 1340 illam
710 1296 991 1356 expetere,
1030 1285 1172 1339 hanc
1194 1296 1324 1339 vero
1359 1282 1672 1351 repudiare,
1704 1289 1904 1335 cumet
1932 1277 2124 1349 aegroti

531 1378 783 1434 salubres
813 1376 1065 1446 rejiciant
1097 1376 1276 1442 cibos,
1299 1375 1639 1430 delectentur
1680 1383 1860 1428 autem
1894 1371 2075 1427 noxiis
2105 1386 2145 1426 ες

531 1480 588 1525 et
617 1469 887 1525 libidinosi
920 1467 1281 1523 concubinam
1311 1466 1549 1521 cordata:
1574 1472 1912 1535 anteponant
1940 1463 2121 1517 uxori.

535 1562 705 1619 Decet
738 1563 919 1632 itaque
961 1561 1346 1632 prudentiores
1381 1574 1493 1614 non
1519 1560 1587 1614 ab
1633 1558 1818 1628 aegris,
1837 1559 1933 1614 sed
1962 1572 1994 1613 a
2029 1572 2121 1613 sa-

539 1656 625 1709 nis
648 1657 911 1725 boumque
937 1652 1137 1708 mentis
1164 1665 1381 1707 sumere
1408 1650 1737 1722 exemplum.

2294 916 2419 968 Ὀτι
2449 914 2795 987 ήμεροκαλές
2826 915 2939 982 (65)
2966 915 3121 979 ἐστι,
3146 918 3451 979 τουτέστιν,
3483 916 3649 981 ἄνθος
3679 920 3807 989 πρὸς

2221 1006 2353 1077 μίαν
2384 1005 2552 1078 μόνην
2588 1006 2775 1077 σχεδὸν
2800 1006 3016 1077 ἡμέραν
3045 1008 3319 1077 ἀκμάζον,
3354 1008 3417 1061 τὺ
3440 1008 3696 1080 δοξάριον
3722 1010 3807 1063 τοῦ

2218 1095 2429 1166 κόσμου
2457 1095 2649 1150 τούτου
2669 1137 2683 1163 ,
2721 1099 2754 1169 ή
2794 1098 2853 1151 δέ
2880 1098 2979 1166 τῆς
3010 1098 3214 1168 ἀρετῆς
3246 1097 3468 1153 εὔκλεια
3496 1101 3809 1171 ἀμάραντος

2220 1205 2280 1241 τε
2327 1188 2423 1241 καὶ
2454 1187 2837 1260 άτελεύτητος,
2879 1190 2987 1253 πᾶς
3016 1206 3100 1253 τις
3119 1189 3228 1242 τῶν
3256 1190 3348 1244 νοῦ
3378 1192 3475 1245 καὶ
3496 1193 3810 1262 φρονήσεως

2220 1280 2322 1334 οὐκ
2357 1280 2739 1353 ἀμοιρούντων
2788 1281 3157 1352 ίσχυρίζαιτο.
3188 1283 3253 1336 Et
3290 1282 3350 1335 δὲ
3379 1283 3570 1337 πολλοὶ
3604 1284 3808 1337 ἐκείνου

2225 1372 2327 1442 μὲν
2364 1371 2809 1436 ἀντιποιοῦνται,
2842 1372 3051 1443 ταύτης
3097 1372 3158 1426 δέ
3204 1376 3652 1445 καταφρονοῦσι,
3684 1376 3810 1429 θαυο

2224 1465 2433 1535 μαστὸν
2460 1465 2642 1519 οὐδέν’
2690 1465 2813 1518 ἐπεὶ
2842 1466 2936 1519 καὶ
2960 1467 3011 1519 oi
3044 1464 3331 1530 νοσοῦντες
3363 1466 3465 1531 τάς
3498 1467 3601 1537 μὲν
3643 1469 3809 1535 ὑγιει-

2220 1556 2319 1621 νὰς
2353 1558 2749 1628 παραιτοῦνται
2782 1560 3016 1630 τροφάς,
3055 1560 3180 1623 ταῖς
3222 1559 3282 1613 δέ
3322 1560 3615 1614 νοσώδεσιν
3660 1560 3811 1631 156w-

2219 1665 2311 1704 ται
2333 1666 2348 1681 ’
2376 1650 2470 1704 καὶ
2497 1651 2547 1703 oi
2582 1650 2844 1722 ἀκρατεῖς
2866 1651 2967 1723 τὴν
2994 1651 3219 1722 ἑταίραν
3244 1653 3371 1706 ἀντὶ
3401 1654 3503 1723 τῆς
3535 1652 3814 1725 σώφρονος

531 1746 817 1820 αἱροῦνται
861 1746 1143 1818 γυναικός.
1192 1744 1355 1800 Ἀλλά
1388 1746 1496 1817 χρὴ
1545 1747 1675 1811 τοὺς
1706 1745 2005 1817 ὲχέφρονας
2050 1743 2127 1817 μὴ
2162 1744 2272 1800 ἀπὸ
2307 1745 2417 1800 τῶν
2463 1745 2914 1819 ἀρρωστούντων,
2958 1747 3076 1802 ἀλλ’
3116 1748 3227 1803 ἀπὸ
3294 1748 3406 1802 τῶν
3466 1749 3815 1818 ὑγιαινόντων

533 1843 833 1917 λαμϐάνειν
858 1844 958 1909 τὰς
985 1844 1220 1916 ψήφους.

1032 1955 1267 2011 DLXIV.
1300 1986 1369 1996 —
1390 1954 1620 2011 EIDEM.

2700 1953 2861 2012 ΦΞΔο.
2898 1939 2973 1997 -ἑ
3005 1957 3094 2028 Te
3128 1957 3334 2030 ΔΥΤῼ.

535 2049 614 2106 De
644 2050 893 2114 Eutonio,
919 2049 968 2105 et
1006 2047 1257 2103 Eusebio.
1305 2047 1580 2118 EpiscOpis
1603 2046 1823 2116 aliisque
1847 2048 1906 2120 in
1929 2047 2525 2120 dignitateconstitutis,
2555 2047 2648 2120 ubi
2689 2049 2828 2103 male
2871 2059 3059 2119 agunt,
3084 2049 3319 2103 blandiri
3354 2058 3516 2120 atque
3551 2051 3815 2105 assentari

1782 2119 2001 2187 impium
2037 2118 2213 2189 (Conf.
2239 2121 2391 2188 epist.
2419 2119 2574 2189 470.)

609 2232 834 2301 Semper
883 2230 1195 2286 existimavi
1254 2229 1478 2299 impium
1526 2244 1669 2296 esse,
1708 2246 2016 2300 parumque
2047 2229 2129 2284 vi-

534 2326 653 2387 rile,
685 2324 824 2378 male
860 2324 1136 2387 viventes,
1157 2322 1201 2376 si
1254 2322 1484 2393 imperio
1516 2323 1819 2391 potiantur,
1843 2322 2128 2377 observari

538 2422 593 2475 in
622 2417 900 2485 oculisque
932 2414 1059 2469 ferri
1081 2431 1096 2467 :
1118 2415 1320 2468 virtute
1368 2429 1497 2469 vero
1547 2413 1827 2484 praeditos,
1853 2414 1897 2468 si
1935 2412 2130 2483 privati

538 2515 759 2583 degant,
792 2508 1167 2574 contemni,et
1222 2506 1342 2561 illos
1407 2507 1627 2576 quidem
1677 2506 1932 2562 laudibus
1961 2504 2126 2573 allici,

540 2605 642 2660 hos
673 2618 802 2658 vero
833 2602 1155 2672 vituperari.
1176 2598 1296 2654 Noli
1357 2602 1539 2668 itaque
1594 2599 1806 2665 mirari,
1835 2600 1879 2653 si
1913 2598 2119 2669 justum

540 2693 660 2747 utili
684 2698 1105 2761 auteponam,et
1141 2689 1399 2743 decorum
1466 2687 1640 2749 lucro,
1669 2685 1924 2740 virtutem
1962 2686 2121 2741 deni-

539 2800 648 2855 que
664 2783 918 2854 potentize
952 2779 1259 2850 pra-feram.
1293 2777 1348 2834 Id
1401 2779 1455 2833 ni
1490 2778 1688 2833 faciam
1733 2778 1921 2832 videar
1947 2776 2119 2831 Eulo-

543 2878 691 2930 nium
722 2874 936 2929 insidiis
964 2874 1262 2943 appetitum
1319 2870 1631 2940 aspernari;
1664 2869 1956 2924 Eusebium
1992 2882 2125 2923 con-

544 2981 650 3033 tra,
673 2968 801 3038 quia
838 2966 1116 3037 tyranuice
1163 2962 1298 3034 agit,
1324 2965 1639 3019 observare.
1670 2962 1959 3016 Eutonium
1999 2960 2123 3032 qui-

540 3064 665 3119 dem
735 3060 1022 3115 universus
1082 3064 1359 3127 oppugnat
1418 3056 1636 3120 clerus,
1684 3068 1825 3108 unus
1898 3052 2121 3123 quidem

543 3164 753 3227 sponte,
781 3153 919 3207 alius
948 3165 1077 3206 vero
1122 3159 1343 3220 pr0pter
1382 3146 1716 3203 dominantis
1766 3146 2059 3217 imperium
2103 3162 2118 3199 :

2304 2231 2416 2285 Καὶ
2454 2229 2653 2294 ἀσεϐὲς
2694 2226 2834 2285 εἶναι
2866 2232 2961 2285 καὶ
2995 2232 3256 2303 ἄνανδρον
3287 2233 3554 2303 νενόμικα
3584 2233 3719 2296 τοὺς
3746 2232 3817 2304 μὴ

2230 2317 2290 2376 εὖ
2320 2322 2569 2393 βιοῦντας
2605 2322 2726 2395 μὲν,
2754 2324 3075 2377 δυναστείαν
3098 2324 3155 2377 δὲ
3187 2323 3694 2395 περιϐεϐλημένους
3724 2341 3818 2378 πε-

2232 2415 2464 2486 ριέπειν·
2484 2415 2593 2468 τῶν
2618 2414 2676 2469 δὲ
2698 2416 2867 2487 ἀρετῇ
2894 2416 3346 2487 κεκοσμημένων,
3379 2417 3431 2469 εί
3466 2416 3818 2481 ίδιωτεύοιεν,

2230 2512 2598 2580 καταφρονεῖν
2622 2524 2638 2539 ·
2670 2510 2957 2575 κάκείνους
2992 2512 3257 2575 ἐπαινεῖν,
3288 2509 3517 2572 τούτους
3544 2508 3606 2563 δὲ
3632 2508 3815 2563 διασύ-

2230 2616 2367 2671 ρειν.
2414 2599 2507 2671 Μὴ
2549 2599 2729 2653 τοίνυν
2763 2600 3047 2670 θαύμαζε,
3106 2602 3156 2653 εί
3201 2602 3264 2654 τὸ
3308 2601 3521 2656 δίκαιον
3563 2601 3677 2672 πρὸ
3726 2600 3817 2654 τοῦ

2229 2692 2606 2763 συμφέροντος
2652 2692 2892 2762 τίθεμαι,
2944 2694 3039 2747 καὶ
3066 2694 3128 2747 τὸ
3168 2694 3381 2766 πρέπον
3410 2694 3520 2765 πρὸ
3564 2694 3661 2747 τοῦ
3693 2694 3814 2765 κέρ-

2226 2785 2369 2849 δους,
2417 2785 2515 2839 καὶ
2546 2786 2645 2856 τὴν
2675 2785 2878 2857 ἀρετὴν
2925 2786 3032 2857 πρὸ
3080 2787 3181 2855 τῆς
3219 2788 3563 2850 δυναστείας.
3616 2788 3682 2841 Ei
3713 2787 3817 2857 γὰρ

2232 2878 2309 2949 μὴ
2331 2876 2474 2931 τοῦτ’
2507 2878 2754 2943 ἐποίουν,
2788 2877 2945 2942 ἔδοξα
2966 2878 3033 2932 ἂν
3057 2879 3310 2932 Εύτόνιον
3343 2879 3466 2949 μὲν,
3495 2879 3581 2932 ὅτι
3606 2877 3819 2931 ἐπιϐου-

2230 2967 2483 3032 λεύεται,
2534 2970 2992 3041 παρεωρακέναι,
3044 2968 3308 3024 Εὑσέϐιον
3342 2971 3401 3024 δέ
3444 2972 3531 3024 ὅτι
3570 2970 3819 3041 τυραννεῖ

2230 3059 2717 3131 τεθεραπευκέναι.
2760 3058 3001 3130 Εύτονίῳ
3031 3058 3143 3131 γάρ
3188 3061 3422 3129 πολεμεῖ
3465 3061 3569 3131 μὲν
3618 3061 3819 3124 άπαςό

2232 3152 2457 3224 κλῆρος,
2496 3153 2524 3205 ό
2553 3152 2651 3223 μὲν
2683 3150 2827 3206 ἐκὼν
2847 3192 2862 3217 ,
2891 3153 2919 3205 ὁ
2947 3152 3005 3204 δὲ
3040 3154 3134 3205 καὶ
3159 3152 3297 3223 πρὸς
3325 3152 3387 3205 τὸ
3423 3151 3521 3205 τοῦ
3556 3152 3817 3224 κρατοῦν-

541 3246 755 3314 culpam
789 3257 918 3297 vero
970 3241 1425 3309 oecasiouemque
1453 3239 1577 3294 belli
1612 3238 1774 3307 hujus
1833 3252 1941 3292 non
1967 3238 2124 3305 equi-

2235 3263 2317 3309 τος
2350 3244 2604 3315 σύνθημα
2631 3260 2645 3273 ·
2684 3243 2938 3314 ἔγκλημα
2969 3244 3026 3297 δέ
3059 3243 3157 3297 τοῦ
3187 3244 3428 3315 πολέμου
3459 3244 3676 3309 τούτου,
3710 3243 3819 3313 ἐγὼ

541 3338 665 3391 dem
688 3336 820 3390 satis
836 3334 970 3390 scio.
1001 3332 1140 3388 Sunt
1164 3332 1255 3402 qui
1280 3346 1341 3386 se
1392 3330 1612 3385 audisse
1660 3330 1871 3395 dicant,
1895 3330 2121 3384 virtutis

545 3429 692 3482 illum
726 3442 846 3482 esse
872 3426 1146 3479 alumnum
1200 3423 1502 3494 egregium,
1530 3422 1674 3476 lmnc
1732 3436 1861 3477 vero
1898 3422 2022 3476 belli
2057 3436 2121 3475 ex

543 3520 843 3589 coruposito
890 3532 1079 3573 ansam
1109 3517 1375 3587 praebere,
1397 3525 1577 3569 tamen
1613 3523 1965 3569 assententur
1994 3514 2042 3567 ei
2073 3522 2131 3568 et

545 3620 1067 3679 accusantes,atque
1092 3609 1216 3663 odio
1243 3617 1637 3677 prosequentes
1669 3606 1913 3675 plurimi.
1950 3604 2121 3675 Equi-

544 3705 669 3758 dem
700 3703 855 3771 quasi
908 3703 1129 3755 virtutis
1164 3700 1446 3753 inimicum
1477 3713 1543 3753 ae
1592 3697 1807 3752 diabolo
1844 3697 2131 3751 colluden-

549 3806 681 3858 tem,
708 3793 801 3862 qui
838 3792 1047 3846 zizauia
1112 3790 1387 3844 mentibus
1439 3789 1644 3842 inserat
1710 3786 2133 3852 mortalium,ne

547 3887 723 3955 aequis
751 3886 971 3955 quidem
1026 3883 1275 3951 aspicere
1321 3895 1538 3951 possum
1594 3878 1791 3944 oculis,
1824 3879 1930 3933 etsi
1982 3878 2133 3933 mille

551 3981 939 4036 iuterminetur
964 3976 1094 4032 mihi
1126 3983 1351 4032 mortes.

689 4091 856 4165 720
882 4088 1089 4145 DLXV.
1106 4084 1428 4144 —JOANNI
1486 4083 1989 4143 SCHOLASTICO.

2232 3338 2330 3408 μὲν
2359 3338 2459 3390 οὐκ
2506 3332 2626 3390 οἶδα
2656 3337 2831 3391 οὐδέν.
2868 3338 3007 3389 Φασὶ
3045 3337 3102 3390 δὲ
3146 3337 3418 3405 λεγόντων
3448 3336 3703 3403 ἀκούειν,
3738 3336 3818 3390 ὅτι

2230 3429 2432 3500 ἀρετῆς
2474 3429 2591 3480 ἐστι
2636 3426 2862 3497 θρέμμα
2913 3426 3313 3499 περίϐλεπτον⁸
3360 3427 3454 3480 τὸν
3490 3428 3551 3481 δὲ
3598 3427 3661 3480 τὺ
3702 3427 3821 3480 σύν·
3917 3419 3932 3439 ⁸

2232 3520 2383 3591 θημα
2431 3518 2526 3572 τοῦ
2579 3519 2820 3589 πολέμου
2854 3518 3015 3571 δόντα
3058 3521 3107 3571 εί
3151 3519 3249 3571 καὶ
3290 3519 3480 3572 πολλοὶ
3534 3516 3820 3589 μισοῦντες

2232 3612 2329 3663 καὶ⁵
2365 3610 2809 3681 κακηγοροῦντες
2866 3610 3286 3675 κολακεύουσιν,
3338 3610 3451 3678 ἐγὼ
3489 3612 3589 3665 an
3633 3608 3819 3681 ἐχθρὸν

2230 3702 2330 3771 τῆς
2359 3702 2583 3773 ἀρετῆς,
2612 3702 2707 3755 καὶ
2737 3702 2816 3772 τῷ
2853 3702 3087 3773 διαϐόλῳ
3118 3702 3543 3774 συμπράττοντα
3572 3702 3652 3773 τῷ
3683 3701 3820 3756 κατὰ

2228 3792 2338 3845 τῶν
2378 3790 2739 3863 ἀνθρωπίνων
2769 3793 2961 3863 ψυχῶν
2994 3793 3275 3866 σπείροντι
3314 3794 3384 3847 τά
3418 3793 3673 3859 ζιζάνια,
3713 3791 3817 3846 οὐδ’

2233 3881 2362 3936 ίδεῖν
2385 3881 2643 3953 δύναμαι,
2668 3880 2780 3937 οὐδ’
2808 3884 2875 3937 ἂν
2907 3884 3137 3955 μυρίους
3161 3884 3433 3957 ἀπειλήσῃ
3461 3884 3753 3948 θανάτους.

2497 4082 2661 4138 ΦΞΕ’.
2700 4114 2769 4126 --
2804 4084 3069 4158 ΙΩΑΝΝῌ
3102 4085 3561 4160 ΣΧΟΛΑΣΤῙΚῼ.

1452 4199 1673 4256 Virtutis
1704 4217 1769 4256 ac
1798 4202 1912 4257 vitii
1942 4199 2305 4272 παραλλήλως
2347 4199 2559 4272 elegans
2583 4202 2932 4271 comparatio.

624 4318 1077 4391 Quandoquidem
1154 4315 1478 4387 improbitas
1523 4330 1620 4385 per
1666 4329 1731 4370 ea
1783 4329 1904 4386 qua:
1946 4314 2135 4371 statim

553 4417 809 4471 videntur
832 4428 980 4471 -.esse
1036 4409 1379 4465 delectabilia
1432 4408 1657 4474 incedit,
1691 4416 1748 4462 et
1801 4407 2134 4477 voluptatem

2326 4314 2608 4387 Ἐπειδὴὴ
2642 4314 2743 4386 μὲν
2773 4313 2944 4368 κακία
2983 4313 3073 4368 διὰ
3106 4313 3220 4368 τῶν
3261 4312 3577 4384 παραυτίκα
3605 4312 3820 4368 δοκούν·

2240 4424 2350 4462 των
2384 4404 2526 4460 εἶναι
2556 4404 2808 4477 τερπνῶν
2856 4405 3185 4477 πορεύεται,
3217 4405 3309 4457 καὶ
3346 4405 3443 4474 τὴν
3487 4404 3683 4475 ἡδονὴν
3712 4402 3819 4473 ἔχει

553 4509 723 4565 habet
768 4506 1211 4561 commetientem
1266 4503 1371 4558 sibi
1410 4500 1918 4565 adminiculantem,
1965 4500 2128 4555 virtus

2245 4497 2698 4572 συμμετροῦσαν·
2738 4500 2771 4569 ἡ
2800 4496 2878 4551 ’δὲ
2916 4498 3086 4569 ἀρετὴ
3114 4498 3313 4560 πόνους
3362 4496 3704 4568 προτείνεται
3730 4497 3821 4549 καὶ

557 4618 689 4657 vero
729 4602 946 4655 labores
995 4597 1246 4661 exhibet,
1290 4605 1456 4664 atque
1514 4593 1895 4649 contentiones
1947 4610 1962 4647 :
2015 4592 2143 4647 hine

556 4694 811 4749 usuveuit
838 4692 983 4746 illam
1014 4706 1043 4745 a
1070 4690 1320 4761 pluribus
1366 4687 1639 4752 adamari,
1670 4685 1816 4740 hanc
1859 4686 2146 4755 pauciores

563 4787 634 4841 ad
682 4800 741 4840 se
790 4784 1079 4838 amandum
1138 4781 1393 4837 invitare.
1438 4778 1905 4835 Considerandum
1966 4779 2151 4848 itaque

568 4879 713 4933 illius
770 4875 1105 4945 voluptatem
1167 4872 1568 4942 quamprimum
1619 4871 2151 4942 exstingui,virtutis

568 4984 698 5023 vero
731 4968 986 5037 gaudium
1032 4976 1350 5037 perpetuum
1379 4979 1521 5029 esse,
1561 4973 1618 5019 et
1668 4964 1805 5018 mori
1853 4964 2135 5030 nescium;

561 5061 856 5132 voluptatis
914 5059 1103 5113 vitium
1157 5056 1359 5127 parere!
1394 5055 1699 5121 infamiam,
1734 5056 2135 5125 ruboremque;

563 5155 708 5209 hanc
730 5162 921 5207 contra
948 5150 1161 5205 laudem
1190 5159 1245 5204 et
1276 5147 1504 5219 gloriam
1528 5164 1541 5200 :
1572 5147 1720 5201 illam
1748 5161 1907 5217 paena
1936 5155 2139 5213 manet,

565 5249 710 5304 hanc
762 5245 927 5300 decus
950 5251 1006 5298 et
1047 5245 1219 5298 honos
1249 5241 1569 5297 comitatur.
1603 5240 1804 5295 Vitium
1842 5241 2141 5293 daemonem

562 5339 785 5411 quidem
818 5338 982 5393 habet
1008 5346 1333 5407 patronum;
1361 5332 1537 5388 virtus
1572 5346 1700 5388 vero
1724 5330 1895 5386 Deum
1920 5332 2139 5402 legisla-

2242 4593 2461 4661 ἀγῶνας
2480 4608 2495 4623 ·
2528 4592 2619 4645 διὰ
2648 4591 2806 4645 τοῦτο
2830 4591 3013 4663 ἐκείνη
3048 4592 3149 4661 μὲν
3177 4589 3404 4652 πολλοὺς
3422 4628 3438 4653 ,
3465 4589 3605 4658 αὑτὴ
3634 4589 3689 4641 δὲ
3717 4587 3822 4640 ὀλίο

2242 4704 2375 4756 γους
2407 4687 2761 4740 ἐπεσπάσατο
2796 4686 2877 4749 είς
2915 4684 3003 4737 τὸν
3037 4684 3239 4754 ἑαυτῆς
3282 4683 3482 4753 ἔρωτα.
3518 4682 3652 4734 Δέον
3682 4681 3820 4749 γάρ,

2247 4776 2592 4849 συνορῶντας
2617 4777 2752 4847 ὁτιή
2788 4776 2886 4847 μὲν
2906 4776 3005 4847 τῆς
3028 4775 3230 4837 κακίας
3254 4774 3416 4845 ἡδονὴ
3444 4773 3646 4845 ῥᾳδίως
3675 4772 3821 4825 σϐέν·

2248 4888 2427 4935 νυται,
2453 4872 2487 4941 ἠ
2517 4870 2573 4922 δὲ
2603 4869 2701 4940 τῆς
2734 4869 2934 4941 ἀρετῆς
2966 4867 3275 4939 εὐφροσύνη
3310 4866 3551 4936 άοίδιμός
3587 4868 3705 4919 ἐστι
3735 4863 3823 4917 καὶ

2246 4968 2547 5029 ἀθάνατος·
2582 4966 2679 5019 καὶ¹
2715 4966 2799 5019 ὅτι
2839 4966 2875 5036 ἡ
2920 4965 3019 5035 μὲν
3058 4964 3278 5030 ἀδοξίαν
3319 4963 3413 5017 καὶ
3452 4960 3753 5031 αἰσχύνην,
3790 4959 3822 5029 ἡ

2247 5060 2307 5113 δέ
2342 5058 2601 5120 ἐπαίνους
2640 5057 2737 5110 καὶ
2774 5056 2934 5122 δόξαν
2978 5055 3193 5107 τίκτει*
3226 5054 3323 5107 καὶ
3366 5054 3447 5106 ὅτι
3473 5053 3506 5121 ή
3548 5051 3651 5121 μὲν
3693 5048 3820 5118 πρὸς

2247 5148 2522 5220 τιμωρίαν
2542 5191 2558 5214 ,
2591 5149 2626 5219 ἡ
2655 5148 2714 5201 δέ
2754 5147 2890 5219 πρὸς
2927 5147 3097 5217 τιμὴν
3130 5145 3373 5217 τελευτᾷ.
3406 5143 3516 5198 Καὶ
3547 5144 3580 5213 ἡ
3613 5140 3712 5211 μὲν
3740 5137 3822 5189 τὸν

2246 5241 2490 5294 διάϐολον
2536 5238 2651 5310 ἔχει
2684 5239 3017 5309 συνήγορον,
3047 5240 3081 5310 ἡ
3132 5237 3190 5291 δέ
3240 5238 3334 5291 τὸν
3378 5237 3485 5289 τῶν
3529 5231 3821 5287 καλλίστων

2242 5332 2549 5404 ,νομοθέτην
2572 5333 2730 5389 Θεόν.
2765 5332 2875 5387 Καὶ
2902 5333 2935 5403 ἡ
2969 5331 3069 5403 μὲν
3097 5330 3419 5403 ἀνατρέπει,
3450 5330 3485 5397 ἡ
3507 5326 3563 5379 δὲ
3597 5337 3820 5391 σιγκρο-

1701 5510 1940 5568 VARUE
1978 5504 2367 5566 LEGTIONES
2405 5508 2495 5564 ET
2531 5497 2765 5563 NOTAE.

644 5674 755 5747 (63)
806 5674 1229 5748 Ἦμεροκαλές.
1258 5668 1436 5748 Floris
1468 5670 1650 5743 hujus,
1688 5671 1783 5729 lilii
1829 5671 2080 5743 agrestis,
2109 5668 2401 5727 meminere
2448 5666 2811 5734 Dioscorides,
2837 5661 3245 5737 'l‘beOphrastus
3286 5678 3351 5721 ac
3387 5661 3627 5736 Plinius;
3668 5660 3818 5733 Hesy-

570 5752 727 5808 chius
751 5747 880 5807 item
912 5768 976 5806 aa
1008 5748 1225 5803 Suidas.
1258 5747 1496 5801 Sanun.
