3998 6414
164 340 305 407 τειι
1033 343 1575 405 EPISTOLARUM
1617 338 1763 405 LIB.
1810 345 1875 405 Υ.
1902 370 1971 380 -
1997 338 2236 407 EPIS’P.
2281 340 2603 410 DLXV'IH.
3340 350 3482 421 .1619.

163 457 251 504 τεί
269 453 363 506 τὸν
391 452 661 525 ἡμέτερον
691 452 805 523 βίον
827 469 840 483 σ
873 453 967 506 καὶ
1001 453 1082 506 ὅτι
1113 455 1147 522 ἡ
1186 454 1285 523 μὲν
1309 453 1463 524 παρὰ
1491 452 1602 504 τῶν
1634 471 1742 523 παρ

1898 470 2083 508 orem.
2117 449 2248 509 Illud
2300 456 2466 509 vitam
2521 454 2719 511 evertit
2751 466 3018 524 nostram,
3055 458 3171 516 haec
3198 476 3330 519 vero
3360 478 3477 522 sta-

163 544 340 597 όντων
387 543 652 607 πολλάκις
684 544 1029 616 διασόρεται,
1064 546 1098 615 ἡ
1132 544 1188 596 δὲ
1229 545 1323 597 καὶ
1366 545 1517 615 παρὰ
1555 546 1664 597 τῶν
1698 564 1742 614 μί

1899 548 2036 609 ›ἰ1ἰι;
2070 549 2252 602 illuda
2286 551 2651 619 prmscutibns
2686 560 3067 621 saepenumero
3120 559 3478 625 reprehendi—

164 638 468 706 μετιόντων
498 637 667 709 αὐτὴν
694 638 1074 709 θαυμάζεται·
1108 640 1203 691 καὶ
1228 641 1293 708 τῇ
1331 640 1429 708 μὲν
1461 638 1594 709 πῦρ,
1619 642 1686 710 τῇ
1714 640 1741 691 δ

1904 657 2000 705 ur,
2060 642 2175 696 haec
2228 644 2396 697 etiam
2439 644 2757 699 absentibus
2805 655 2891 699 est
2949 648 3339 719 admirationi;
3403 654 3476 707 illi

162 730 419 798 βασιλεία
478 730 863 801 ηὐτρέπισται.
920 731 1050 784 Δέον
1109 731 1289 783 τοίνυν
1345 731 1520 785 ταῦτα
1581 732 1741 785 πάντα

1887 734 2019 802 ignis
2081 736 2396 803 rependitur
2432 737 2811 804 sempiternus
2846 754 2859 790 :
2892 740 3022 794 huic
3070 755 3203 795 vero
3239 758 3466 813 regnum

173 823 499 887 ἐννοοῦντας
521 864 535 887 ,
567 824 666 893 τὴν
711 825 811 893 μὲν
850 824 1307 895 ἀποστραφῆναι,
1340 822 1418 887 ὡς
1467 824 1752 894 θηριόμορι

1894 824 2143 880 :celorum
2167 826 2443 881 tribuitur.
2472 826 2574 882 His
2606 828 2774 898 igitur
2822 831 3007 884 animo
3035 834 3280 901 agitatis,
3317 837 3473 901 illud,

161 930 265 980 φον
303 914 398 967 καὶ
426 912 663 984 όφιώδη,
717 914 815 984 τὴν
861 913 918 966 δὲ
963 913 1320 968 ἀσπάσασθαι
1349 913 1427 977 ὡς
1473 912 1624 967 θείαν
1671 932 1740 967 κα

1897 926 1937 970 ιι
1970 927 2297 983 monstrum,
2324 927 2380 972 et
2409 918 2571 972 veluti
2612 920 2861 986 coluber,
2890 921 3242 991 fugiendum;
3274 927 3391 982 haec
3416 938 3476 982 ut

161 1005 564 1077 ὑπερκόςμιον.
603 1006 932 1059 Τούναντίον
968 1004 1216 1070 ποιοῦσι,
1265 1004 1364 1076 τὴν
1408 1005 1616 1078 πόρνην
1648 1008 1740 1059 ἀντ

1895 1009 2059 1063 livina
2122 1021 2288 1081 atque
2357 1012 2819 1068 excellentissima
2895 1024 2981 1069 est
3048 1017 3474 1086 amplectenda.

158 1100 262 1167 τῆς
304 1096 580 1167 σώφρονος
611 1097 931 1169 αἱρούμενοι
962 1097 1245 1166 γυναικός.

1975 1118 2171 1159 ιεθιυυε
2202 1104 2340 1159 faxit
2369 1105 2416 1160 is
2457 1116 2701 1162 scortum
2759 1106 3003 1164 honestre
3054 1109 3271 1182 coniugi
3320 1123 3482 1168 ante-
3551 1176 3554 1179 ,

1876 1195 2052 1262 ponit.

680 1306 860 1371 osq'.
896 1335 968 1344 -
1008 1305 1254 1375 narra.

2385 1302 2622 1366 DLXVI.
2643 1340 2715 1352 —
2737 1310 2986 1368 PETRO.

166 1414 424 1470 Veritatis
455 1430 654 1486 quanta
685 1422 785 1473 vis.
827 1417 1091 1471 Hortatur
1117 1432 1171 1473 ut
1215 1424 1482 1475 constanti
1517 1420 1879 1546 attimsoo‘gera‘tl
1920 1423 2258 1562 amissionfm
2291 1423 2546 1477 bonorum
2583 1425 2979 1494 temporalium.
3025 1424 3189 1496 (Vide
3236 1437 3283 1480 et
3316 1445 3476 1497 supra

1472 1506 1623 1562 epist.
1771 1535 1784 1556 ,
1810 1509 1841 1544 α
1900 1510 2015 1546 eum
2059 1509 2159 1547 em.

1472 1506 1623 1562 epist.
1656 1506 1784 1556 δυυ,
1810 1506 1877 1545 αα
1900 1506 2159 1547 eumdem.

246 1596 490 1667 Ἰσχυρὺν
528 1597 625 1667 μὲν
663 1597 919 1667 τάληθὲς,
956 1598 1051 1651 καὶ
1078 1600 1303 1671 σιγητδν
1340 1600 1640 1665 πολλάκις·
1674 1600 1769 1653 καὶ

1949 1601 2153 1654 Potens
2180 1600 2517 1656 omninores
2541 1610 2627 1657 est
2651 1603 2879 1667 veritas,
2910 1611 3073 1657 etest
3095 1620 3218 1656 cum
3258 1604 3478 1657 silentio

154 1689 290 1751 τοὺς
314 1689 582 1759 κρύπτειν
611 1688 869 1753 θέλοντας
904 1691 972 1743 τὰ
998 1692 1294 1763 ἀπόρρητα
1329 1694 1605 1761 κατήφεια
1634 1710 1733 1764 πρε

1897 1691 2046 1745 ιτειηί
2077 1701 2257 1759 potest
2283 1710 2297 1747 :
2328 1701 2383 1746 et
2415 1707 2445 1747 e
2467 1695 2769 1761 contrario,
2795 1709 2917 1763 qua:
2962 1706 3179 1750 secreta
3227 1708 3355 1751 sunt
3381 1713 3476 1750 ce—

156 1781 349 1835 δίδωσι
388 1782 486 1836 καὶ
529 1785 835 1855 στεναγμὸς
870 1785 969 1855 οὐχ
999 1784 1288 1848 ἑκούσιοςο
1324 1784 1440 1838 ἀλλ’
1467 1786 1528 1838 οὐ
1567 1786 1735 1840 λανθά

1896 1798 1989 1837 are
2019 1784 2282 1849 volentes,
2309 1784 2424 1853 ipsa
2467 1784 2647 1840 vultus
2690 1786 2916 1840 tristitia
2965 1787 3313 1858 gemitusque
3364 1806 3472 1842 non

159 1892 315 1927 νουσι
350 1876 479 1938 τοὺς
508 1880 739 1945 σοφοὺς,
768 1879 967 1941 οἵτινές
1002 1894 1062 1929 σε
1106 1878 1202 1931 καὶ
1226 1879 1533 1951 ἐπιρρῶσαι
1560 1878 1738 1932 δίκαιο

1894 1877 2176 1932 voluntarii
2237 1879 2495 1945 produnt,
2541 1880 2685 1947 quod
2733 1879 3009 1948 sapientes
3053 1879 3306 1935 homines
3368 1898 3473 1935 nou

158 1968 503 2038 ἡγουμένους
525 1972 677 2039 ἡμᾶς
705 1970 800 2022 ἐπὶ
832 1968 894 2022 τὸ
926 1969 1138 2041 γράψαι
1184 1970 1594 2042 παρώρμησαν.
1631 1972 1737 2024 Οὐκ

1893 1968 2153 2038 l'ugit,qui
2208 1979 2263 2023 et
2318 1969 2549 2038 teipsum
2608 1968 3049 2024 conﬁrmandum
3119 1971 3246 2037 rati,
3280 1986 3377 2025 nos
3407 1975 3472 2023 ad

154 2065 290 2130 οὖν,
341 2059 387 2118 ὦ
438 2066 601 2134 φίλε,
640 2066 838 2121 ἐννοῶν
902 2065 963 2119 τὸ
1027 2065 1293 2135 ἐπίκηρον
1338 2065 1449 2117 τῶν
1500 2064 1733 2133 βιωτικῶ

1893 2062 2233 2117 scribendum
2284 2061 2390 2116 tibi
2436 2062 2791 2132 impulerunt.
2836 2061 3041 2130 Quare,
3083 2078 3117 2118 ο
3185 2064 3323 2119 boue
3364 2066 3472 2129 vir,

157 2160 510 2229 πραγμάτων
532 2198 545 2223 ,
579 2159 655 2230 μὴ
686 2159 859 2212 λυποῦ
894 2159 1141 2222 ἀποστὰς
1171 2158 1352 2212 αὐτῶν
1374 2199 1387 2224 ,
1422 2159 1558 2229 μηδὲ
1582 2158 1736 2225 ὲντύγ

1889 2154 2167 2222 neditans,
2217 2155 2509 2223 animoque
2568 2155 2803 2225 agitans,
2861 2170 3044 2210 rerum
3102 2155 3468 2210 humanarum

155 2268 294 2320 χανε
348 2252 592 2323 συνεχῶς
641 2256 755 2316 τοῖς
789 2254 870 2317 εἰς
901 2253 1044 2306 αὐτὰ
1076 2252 1624 2322 ὲγκαλινδουμένοις,
1672 2268 1734 2305 κα

1893 2246 2324 2313 mbecillitatetu,
2361 2245 2548 2301 dolere
2584 2246 2716 2312 noli,
2752 2246 2795 2300 si
2832 2246 2941 2303 illis
3001 2247 3225 2303 excidas
3257 2265 3270 2301 :
3310 2262 3374 2301 ac
3406 2262 3472 2301 ue

153 2344 333 2397 πολλὰ
370 2346 479 2398 τῶν
528 2346 672 2399 ἰδίων
712 2347 904 2399 παθῶν
947 2348 1066 2410 ταῖς
1103 2344 1345 2416 ὁμιλίαις
1390 2345 1732 2414 ἀναμιγνύου

1896 2348 2139 2407 terpetuo
2172 2338 2283 2393 illis
2333 2338 2618 2403 adhmreas
2664 2339 2757 2408 qui
2813 2339 2880 2395 iis
2942 2349 3073 2395 sunt
3124 2340 3390 2403 immersi,
3421 2347 3475 2393 et

155 2452 281 2503 σιν,
313 2436 448 2490 ἀλλὰ
481 2440 596 2501 τοῖς
625 2438 795 2509 ἀρετῇ
832 2437 1025 2509 μηδενὶ
1051 2436 1159 2491 τῶν
1189 2436 1315 2490 καθ’
1348 2437 1578 2499 ἑαυτοὺς
1610 2437 1734 2506 ὑφιε

1875 2432 2041 2485 multa
2061 2447 2279 2485 suarum
2302 2429 2650 2509 aIfectionum
2675 2432 2965 2502 colloquiis
2984 2431 3099 2487 suis
3125 2431 3447 2486 immisceut

146 2528 370 2597 μένοις.

1878 2524 2133 2593 nullaque
2160 2532 2287 2577 sunt
2307 2522 2489 2576 ornati
2524 2523 2749 2579 virtute.

658 2633 823 2691 ΦΞΖ’.
865 2666 934 2676 —-
969 2635 1257 2689 ΜΑΡΩΝῙ.

2331 2630 2592 2687 DLXVII.
2619 2662 2687 2673 -—
2723 2632 3009 2691 MARONI.

730 2755 825 2810 Bis
850 2754 1031 2810 eadem
1068 2771 1123 2809 re
1144 2771 1367 2825 peccans
1402 2755 1605 2809 veniam
1631 2770 1737 2808 non
1788 2764 2038 2808 meretur.
2075 2752 2273 2824 (Supra
2298 2753 2452 2822 epist.
2476 2753 2549 2807 24
2569 2754 2899 2826 persimilis.)

225 2883 307 2937 Τὸ
366 2884 635 2956 πρότερόν
703 2901 800 2938 σου
873 2884 1256 2955 παρανόμημα
1313 2883 1590 2955 πρόφασις
1667 2882 1759 2935 εὖ·

1942 2882 2099 2938 Prius
2124 2881 2255 2936 illud
2290 2892 2441 2936 tuum
2473 2882 2730 2938 delictum
2782 2883 2970 2939 nescio
3020 2884 3147 2956 quis
3178 2886 3467 2957 speciosus

144 2978 453 3049 τπρόσωπος
494 2979 671 3031 ὲδόκει
706 2978 1061 3047 συγγνωστὸν
1096 2978 1273 3029 ποιεῖν
1293 3017 1307 3043 ,
1356 2980 1384 3030 ὁ
1414 2976 1558 3039 θεῖος
1593 2977 1623 3028 ὁ
1668 2974 1723 3028 σδ

1891 2986 2164 3033 vraetextus
2208 2977 2367 3030 venia
2428 2977 2647 3047 dignum
2706 2977 2936 3032 reddere
2986 2979 3293 3043 videbatur,
3326 2982 3470 3050 quod

154 3070 543 3139 ἐκδεδικῆσθαι
585 3070 944 3140 νομιζόμενος
970 3086 984 3102 ⁸
1033 3069 1128 3123 τοῦ
1176 3070 1234 3123 δὲ
1268 3069 1387 3121 νυνι
1432 3067 1733 3138 παρανομήη

1892 3081 2103 3125 tatruus
2148 3078 2275 3123 tuus
2319 3082 2385 3123 eo
2418 3069 2485 3123 ab
2535 3069 2730 3136 injuria
2794 3070 3063 3124 vindicari
3107 3070 3373 3126 videatur.
3400 3074 3471 3125 Aa

148 3178 337 3231 ματος
359 3161 514 3214 οὐδὲν
548 3161 793 3217 τοιοῦτον
830 3161 990 3232 ἔσχες
1028 3160 1472 3233 παρακάλυμμα.
1520 3160 1618 3213 Ἐκ
1651 3158 1725 3227 γὰ

1886 3164 2033 3234 utjits
2055 3162 2240 3218 delicti
2268 3162 2480 3217 nullum
2514 3162 2758 3233 suppetit
2787 3162 3181 3219 velamentum.
3216 3163 3464 3220 Habendi

155 3252 481 3318 πλεονεξίας
524 3255 607 3315 είς
660 3253 823 3306 τοῦτο
875 3252 1172 3325 ὡρμῆσθαι
1225 3252 1433 3319 ἔδοξας.
1496 3251 1609 3304 Καὶ
1661 3250 1734 3320 τὴ

1882 3255 2016 3307 enim
2073 3253 2372 3323 cupiditate
2439 3267 2507 3308 eo
2552 3253 2758 3307 videris
2805 3252 3095 3322 impulsus,
3136 3264 3191 3308 et
3246 3256 3461 3325 culpant

153 3346 254 3398 ἐπὶ
307 3350 375 3418 τῇ
428 3347 673 3418 προτέρᾳ
712 3347 960 3419 ὠμότητι
1008 3347 1189 3401 αἰτίαν
1231 3347 1615 3417 ἀπημφιάσω,
1654 3360 1724 3412 γυ

1887 3345 2043 3401 )riori
2094 3346 2424 3401 immanitati
2468 3355 2576 3400 tute
2624 3344 3011 3411 accumulasti,
3058 3346 3319 3415 detegens
3367 3345 3466 3398 l'al-

157 3438 299 3510 μνὴν
363 3438 565 3492 σαυτοῦ
626 3439 727 3509 τὴν
784 3439 1030 3509 πονηρὰν
1093 3439 1421 3511 προαίρεσιν
1464 3435 1736 3502 «ἐπιδειξάε

1004 3457 1030 3492 ν
1093 3439 1421 3511 προαίρεσιν
1464 3435 1757 3502 ἑπιδειξά-
1869 3451 1992 3492 sum
2041 3446 2192 3491 tuum
2220 3435 2583 3506 propositum.

236 3549 348 3597 νος.

158 3551 228 3605 με
371 3639 542 3695 ΦΞΗἏ
577 3670 649 3683 -
686 3640 994 3712 ΔΩΡΟΘΕῼ
1028 3640 1528 3711 ΛΑΜΠΡΟΤΑΤῼ.

2009 3634 2287 3693 DLXVIII.
2313 3669 2380 3678 —
2407 3634 2784 3694 DOROTHEO
2820 3638 2986 3696 VIRO
3023 3638 3343 3697 CLARISS.

153 3756 237 3811 De
264 3756 468 3827 judicia
503 3765 550 3809 et
581 3752 827 3809 advosati
876 3752 1082 3805 diverso
1130 3749 1319 3827 oﬁieio.
1361 3748 1598 3827 Optima
1619 3751 2252 3827 suadensmtt‘omsempe‘r
2285 3750 2588 3827 persuadet.
2629 3749 2817 3805 Simile
2847 3751 2902 3803 in
2935 3761 3147 3805 oratore
3174 3762 3225 3806 et
3259 3752 3465 3822 judice.

1160 3818 1183 3889 (⁷
1198 3819 1321 3871 Vide
1346 3818 1500 3889 epist.
1533 3820 1626 3889 20,
1658 3821 1786 3887 219,
1827 3819 1958 3883 250,
1994 3819 2124 3885 442,
2155 3818 2283 3885 521,
2314 3820 2466 3889 547.)

228 3963 295 4015 Εἰ
322 3962 353 4014 ό
389 3961 488 4029 μὲν
524 3956 827 4029 σύμϐουλος
857 3953 952 4007 τοῦ
985 3954 1273 4024 παραινεῖν
1315 3955 1434 4006 ἐστι
1470 3953 1692 4025 κύριος,
1728 3955 1757 4007 6

1941 3956 1998 4011 Si
2051 3957 2343 4013 consilium
2391 3958 2530 4013 dans
2578 3958 2754 4026 possit
2806 3957 3111 4022 adhortari,
3168 3964 3462 4017 consilium

148 4054 211 4109 δὲ
240 4051 746 4125 συμϐουλευόμενος
772 4046 867 4100 τοῦ
901 4045 1234 4116 πεισθῆναι,
1265 4047 1361 4099 καὶ
1386 4048 1414 4098 6
1446 4046 1547 4117 μὲν
1576 4046 1636 4100 τὸ
1655 4048 1723 4099 αὑ

1884 4065 2000 4105 vero
2054 4048 2331 4119 accipiens
2378 4050 2718 4119 persuaderi,
2767 4060 2825 4105 et
2881 4050 2972 4106 ille
3029 4049 3189 4124 721
3242 4056 3463 4123 quidem

150 4148 252 4201 τοῦ
288 4145 627 4216 πεποίηκεν,
675 4144 704 4195 6
742 4142 799 4194 δὲ
844 4140 906 4192 οὐ
942 4139 1230 4211 κεκύρωκε
1267 4139 1368 4209 τὴν
1396 4137 1626 4210 γνώμην
1672 4139 1729 4209 τι]

1881 4142 2004 4212 ιιιοᾱ
2056 4142 2142 4196 sui
2184 4152 2270 4197 est
2324 4142 2569 4197 muneris
2612 4143 2775 4209 fecit;
2809 4143 2900 4199 hic
2950 4158 3083 4199 vero
3120 4148 3173 4200 in
3211 4148 3460 4203 animum

152 4242 235 4305 είς
292 4237 494 4310 πρᾶξιν
535 4234 706 4305 αὐτὴν
753 4234 1020 4302 ἀγαγεῖν,
1072 4231 1125 4284 τί
1178 4230 1316 4300 πρὸς
1359 4230 1454 4282 τὸν
1490 4231 1731 4301 παραινέ·

1882 4250 1973 4289 ton
2029 4235 2307 4290 induxerit
2355 4234 2445 4289 illa
2488 4249 2657 4304 opere
2700 4237 2952 4305 exsequi,
2980 4237 3110 4308 quid
3142 4238 3247 4294 hoc
3276 4254 3461 4308 qumso

155 4348 369 4396 σαντα;
404 4332 632 4400 Ὅμοιον
663 4329 773 4399 γὰρ
809 4328 1017 4390 ποιεῖς,
1045 4325 1235 4394 ὥσπερ
1266 4322 1334 4375 ἂν
1360 4323 1460 4375 ἐπὶ
1488 4321 1734 4392 δικαστη‹

1871 4329 1930 4382 ad
1960 4326 2340 4382 adhortantem
2377 4327 2617 4382 attinet?
2648 4327 2794 4383 Idem
2848 4330 2945 4384 tibi
2996 4332 3277 4399 usuvenit,
3303 4334 3450 4402 quod

155 4427 278 4497 ρίου
305 4424 430 4487 τοὺς
460 4423 558 4493 μὲν
584 4419 851 4482 δικαστὰς
880 4418 1040 4487 λόγον
1060 4416 1312 4487 ἀπῄτεις,
1342 4414 1437 4467 τὸν
1457 4415 1516 4469 δὲ
1544 4416 1734 4486 ῥήτορα

1883 4437 1915 4474 n
1949 4418 2231 4485 tribunali,
2262 4420 2306 4474 si
2333 4419 2402 4474 ab
2456 4418 2550 4473 illo
2591 4419 2835 4488 postules
2892 4421 3222 4488 orationem,
3253 4424 3322 4477 ab
3354 4424 3456 4480 hoc

152 4500 359 4589 ψῆφον.
396 4518 462 4569 Ὃ
493 4515 550 4567 δὲ
590 4510 756 4582 λέγω,
786 4511 1030 4565 τοιοῦτόν
1067 4511 1204 4563 ἐστι·
1235 4506 1461 4579 Δέχεται
1493 4507 1555 4560 τὸ
1593 4507 1731 4561 δικα-

1866 4528 1990 4568 vero
2009 4512 2292 4568 decretum
2319 4511 2740 4579 siveiudicium.
2760 4510 2895 4568 Tale
2941 4520 3027 4569 est
3063 4529 3171 4583 quo
3207 4516 3275 4571 de
3300 4532 3445 4571 nunc

156 4611 381 4680 στήριον
418 4606 663 4669 καὶτοὺς
696 4604 958 4665 δικαστὰς
988 4603 1082 4656 καὶ
1111 4601 1204 4653 τὸν
1237 4601 1467 4673 ῥήτορα,
1496 4600 1623 4663 τοὺς
1649 4599 1735 4667 μὲι

1870 4606 2059 4677 igitur.
2087 4605 2344 4661 Continet
2374 4607 2519 4659 enim
2551 4606 2789 4660 tribunal
2830 4604 3048 4676 judices
3085 4605 3329 4678 suﬂ’ragii
3356 4608 3449 4679 jus

151 4702 338 4771 ψῆφον
381 4698 606 4769 ἔχοντας
628 4738 642 4758 ,
690 4696 783 4748 τὸν
818 4694 875 4747 δὲ
913 4693 1090 4760 λόγον.
1127 4690 1340 4744 Οὐκοῦν
1380 4692 1408 4743 6
1443 4689 1543 4759 μὲν
1578 4690 1730 4742 εἰπεῖι

1876 4699 2151 4763 tabentes,
2177 4698 2325 4752 hunc
2344 4710 2476 4751 vero
2500 4706 2792 4766 patronum
2821 4698 3121 4753 sermonis.
3142 4698 3241 4754 llic
3268 4702 3455 4770 itaque

154 4795 223 4848 κύ
235 4810 367 4865 ριος,
395 4793 423 4843 ὁ
448 4791 503 4843 δὲ
526 4788 891 4859 ψηφίσασθαι.
920 4785 1175 4838 Τίθενται
1204 4784 1260 4835 δὲ
1288 4782 1388 4852 τὴν
1408 4781 1587 4851 ψῆφον
1613 4780 1733 4851 πρὸς

1869 4792 2076 4848 dicendi
2098 4800 2185 4847 est
2211 4791 2511 4862 magister;
2540 4789 2628 4845 ille
2659 4790 2942 4858 iudicandi
2991 4806 3055 4846 ac
3092 4793 3448 4848 decernendi.

154 4886 216 4938 τὸ
230 4883 444 4947 δοκοῦν,
477 4884 663 4954 ῥήτωρ
685 4881 743 4934 δὲ
764 4879 942 4941 οὐδεὶς
965 4876 1147 4947 ἑαυτῴ
1172 4877 1271 4944 τὴν
1287 4875 1470 4945 ψῆφον
1496 4873 1726 4944 ἣνεγκεν

1869 4884 1955 4942 Ille
1977 4885 2206 4956 iudicat,
2230 4894 2290 4941 ut
2314 4885 2417 4940 sibi
2451 4884 2669 4953 quidem
2692 4884 2911 4939 videtur
2938 4897 3005 4939 ex
3023 4898 3184 4955 aequo
3208 4895 3262 4939 et
3288 4887 3448 4941 bono.

156 4976 221 5030 Ei
257 4976 355 5047 μὲν
381 4970 474 5028 οὖν
510 4972 768 5026 εἰσελθὼν
796 4972 825 5023 6
860 4969 1046 5042 ῥήτωρ
1072 4968 1287 5038 σιωπᾷ,
1321 4964 1654 5037 πλημμελεῖ.
1685 4964 1735 5016 El

1872 4981 2057 5036 Lirator
2082 4993 2214 5034 vero
2240 4992 2338 5033 seu
2367 4990 2659 5033 causarum
2699 4986 2986 5047 patronus,
3018 4992 3302 5048 nunquam
3350 4994 3451 5048 pro

154 5069 213 5121 δὲ
254 5069 281 5119 6
306 5067 485 5135 λέγων
521 5072 615 5118 καί
648 5062 897 5127 δικαίως,
925 5067 1022 5115 καὶ
1061 5059 1201 5131 μετὰ
1228 5059 1429 5122 παντὸς
1454 5058 1549 5111 τοῦ
1582 5073 1733 5127 προσι

1874 5086 1918 5126 te
1947 5070 2276 5126 sententiam
2306 5067 2436 5124 fert.
2471 5067 2531 5123 Si
2557 5068 2742 5138 itaque
2778 5076 2971 5123 orator
3031 5078 3212 5123 taceat
3239 5070 3453 5137 ingres-

152 5160 418 5228 ήκοντος,
450 5158 511 5209 οὐ
545 5155 720 5209 πείθει
741 5196 756 5220 ,
791 5153 902 5207 τῶν
937 5152 1142 5224 κριτῶν
1164 5154 1282 5204 ἐστι
1316 5152 1382 5204 τὸ
1415 5151 1731 5221 ἁμάρτημα

1868 5180 1972 5229 sus,
1996 5172 2206 5234 peccat.
2242 5162 2303 5218 Si
2356 5177 2491 5218 vero
2538 5162 2684 5216 dicat
2715 5174 2815 5230 pro
2855 5161 3092 5230 iustitia,
3120 5176 3227 5215 non
3266 5173 3447 5218 tamen

156 5252 373 5321 Ὥσπερ
402 5244 494 5303 οὖν
518 5250 720 5302 ἄτοπον
750 5247 909 5315 λόγον
935 5246 1089 5315 παρὰ
1112 5244 1224 5297 τῶν
1253 5244 1550 5315 κρινόντων
1578 5244 1735 5297 ἁπαι·

1869 5256 2207 5326 persuadeat,
2229 5255 2473 5324 iudicum
2496 5262 2582 5309 est
2604 5252 2816 5307 vitium.
2848 5251 2917 5308 Ut
2956 5253 3123 5322 igitur
3152 5253 3448 5308 absurdum

156 5346 272 5397 τεῖν
292 5386 307 5409 ,
338 5342 482 5397 οὕτω
510 5342 605 5395 καὶ
634 5340 787 5410 παρὰ
814 5339 910 5394 τοῦ
952 5338 1257 5409 συνηγόρου
1287 5337 1497 5407 ψῆφονο
1536 5336 1586 5387 εί
1614 5335 1671 5387 δὲ
1699 5336 1735 5388 οἱ

1921 5357 1948 5401 t
1975 5362 2005 5401 a
2021 5345 2296 5415 iudicibus
2326 5346 2631 5400 orationem
2656 5343 2900 5414 exigere,
2922 5345 3002 5398 sic
3033 5352 3089 5398 et
3118 5344 3189 5399 ab
3219 5355 3444 5400 oratore

155 5422 472 5500 δικάζοντες
490 5434 585 5486 καὶ
610 5432 800 5495 δεινῶς
819 5433 912 5485 καὶ
938 5432 1167 5493 δικαίως
1186 5430 1442 5499 λέγοντος
1467 5429 1563 5483 τοῦ
1594 5430 1734 5500 ῥήτο

1870 5454 1952 5496 seu
1988 5449 2221 5507 patrono
2271 5438 2578 5493 decretum.
2605 5432 2787 5502 Quare
2836 5437 2881 5491 si
2937 5436 3099 5503 judex
3127 5443 3183 5490 et
3205 5437 3449 5505 graviter

160 5544 255 5599 ρος
283 5526 744 5596 ἀποψηφίσαιντο,
778 5524 879 5595 τῆς
927 5524 1026 5594 μὲν
1055 5524 1215 5595 νίκης
1247 5522 1633 5595 ἀπεστέρησαν
1662 5520 1739 5574 τὸς

1868 5537 1910 5583 et
1953 5528 2101 5598 iuste
2159 5527 2377 5583 dicente
2409 5536 2649 5593 oratore,
2700 5525 2844 5581 male
2899 5526 3172 5591 decertat,
3213 5526 3447 5581 victoria

161 5622 369 5693 ῥήτορα
388 5659 404 5681 ,
438 5618 537 5687 τῆς
564 5618 623 5670 δὲ
646 5616 847 5687 ἀρετῆς
883 5616 1157 5687 οὐδαμῶς.
1186 5615 1411 5671 Τοιοῦτό
1440 5633 1495 5669 τι
1527 5613 1740 5669 νοείσθιι

1858 5621 2075 5691 quidem
2147 5628 2339 5675 orator
2407 5619 2747 5685 destituitur,
2816 5618 3021 5673 virtute
3096 5634 3206 5673 non
3286 5618 3437 5672 item.

161 5715 256 5768 καί
282 5715 411 5786 περί
436 5712 530 5767 τοῦ
558 5711 988 5781 παραινέσαντος
1020 5711 1139 5782 μὲν,
1172 5711 1248 5782 μὴ
1278 5711 1569 5774 πείσαντος
1600 5709 1677 5763 δέ.

1874 5709 2219 5776 Quamobrem
2276 5710 2356 5767 sic
2400 5710 2468 5767 de
2522 5708 2851 5766 adhortante
2910 5723 3018 5765 non
3086 5712 3453 5779 persuadente

1849 5801 2117 5873 iudicato.

482 5903 749 5975 PaimOL.
796 5902 911 5961 GR.
957 5900 1281 5962 LXXVIII.
3012 5891 3089 5952 52
