3998 6414
406 901 412 933 ι

506 268 642 338 1δ43

726 389 960 448 DLXIX.
987 425 1053 435 --
1086 391 1346 449 ZOSIMO
1396 391 1879 449 PRESBYTERO.

1687 301 1698 306 ·
1726 281 1789 340 S.
1827 278 2123 338 ISIDORI
2165 277 2610 338 ΡΕιυδΙΟΤιΕ

3647 282 3758 351 ιδιι

2479 393 2642 444 ᾤεθ’.
2678 421 2748 429 -
2790 390 3042 462 ΖΩΣΙΜῼ
3082 391 3542 466 ΠΡΕΣΒΥΤΕΡῼ.

745 557 747 559 -
777 529 826 580 fa
859 525 1061 580 Zostmi
1094 527 1269 595 carpit
1301 527 1498 582 diserte
1528 527 1682 594 vitta,
1713 539 1767 581 ut
1801 529 2061 581 hactenus
2091 543 2315 596 semper,
2341 538 2387 580 et
2413 526 2717 580 sacerdotio
2741 525 3019 596 indignum
3043 541 3076 580 a
3115 527 3282 580 sacris
3309 531 3580 581 arcendum
3602 547 3666 584 ce:

715 729 721 736 .
777 701 806 737 ιι
839 682 1101 752 dignitate
1154 681 1462 747 constituti,
1527 682 1856 753 egregieque
1905 681 2107 735 divitue

507 778 684 832 affecti
734 774 1005 846 religioni,
1073 774 1230 828 nobis
1288 772 1539 843 quOtitlie
1620 774 1850 837 instant,
1934 772 2103 827 vitam

507 881 654 924 tuam
701 881 989 936 moresque
1041 865 1430 930 narrantes,in
1490 880 1726 936 eumque
1755 867 1954 920 invecti
2008 865 2104 935 qui

504 971 559 1015 te
625 959 964 1013 sacerdotem
1025 957 1324 1022 ordinavit,
1378 967 1436 1014 et
1488 957 1843 1012 immaculata
1897 974 1996 1028 per
2046 967 2099 1012 te

507 1051 782 1120 inquinari
841 1049 1039 1119 templa
1065 1048 1358 1117 iactantes,
1390 1049 1870 1120 sacerdotiumque
1910 1048 2110 1120 probro

507 1148 716 1199 aientes
743 1144 902 1208 allici,
927 1154 1087 1212 atque
1125 1143 1355 1211 impuris
1412 1143 1519 1198 tuis
1555 1143 1808 1198 manibus
1839 1143 2108 1212 baptizari

508 1252 617 1292 non
683 1253 910 1307 paucos,
957 1252 1020 1289 ea
1073 1250 1130 1288 re
1175 1232 1461 1290 salutifera
1509 1244 1855 1290 sacramenta
1907 1234 2105 1304 injuria

507 1331 646 1385 amni
697 1331 1006 1402 perhibent.
1037 1328 1183 1395 Quos
1213 1345 1319 1382 non
1361 1328 1542 1398 plane,
1577 1328 1672 1382 sed
1726 1329 1882 1382 valde
1935 1328 2102 1381 etiam

508 1423 793 1479 sufficienti
824 1431 1108 1494 apparatu,
1143 1430 1203 1475 ιιι
1234 1420 1488 1490 equidem
1555 1421 1834 1481 existimo,
1878 1435 2107 1488 respon-

510 1516 686 1570 dendo
713 1516 903 1584 repuli,
934 1529 1040 1568 non
1073 1513 1194 1567 vitm
1220 1523 1324 1567 tua:
1353 1513 1565 1579 (verum
1603 1523 1689 1568 est
1723 1512 1872 1566 enim
1926 1511 2108 1566 faten-

507 1607 661 1668 dum)
682 1607 896 1676 objecto
958 1605 1121 1660 veluti
1179 1605 1369 1675 clypeo
1417 1604 1768 1674 patrocinans
1799 1621 1812 1658 :
1845 1603 1926 1658 sic
1964 1603 2109 1657 enim

512 1702 707 1754 merito
769 1699 1005 1765 refellar,
1048 1714 1236 1752 verum
1298 1698 1426 1752 illud
1481 1696 1871 1752 demonstrans
1923 1695 2110 1751 :nibil

2291 677 2486 734 Πολλοὶ
2516 677 2624 730 τῶν
2653 678 2714 730 ἐν
2737 677 2882 731 τέλει
2912 677 3283 749 διαφερόντως
3307 679 3373 749 τῇ
3404 677 3640 752 θειοτάτῃ

2219 769 2380 841 σκείᾳ
2423 771 2807 842 ἀνακείμενοι,
2863 770 3105 841 συνεχῶς
3149 772 3282 842 ἡμῖν
3330 771 3664 840 ἐπιφύονται.
3697 778 3768 830 τὸν

2220 863 2338 934 βίον
2367 864 2460 915 τὸν
2493 863 2587 915 σὺν
2639 865 3038 933 προφέροντες.
3077 865 3172 916 καὶ
3203 863 3295 916 τοῦ
3335 867 3769 936 χειροτονήσαντός

2222 973 2282 1009 σε
2319 957 2734 1021 καταϐοῶντες,
2777 958 2872 1010 καὶ
2914 957 2982 1011 τά
3025 957 3276 1028 ἄκραντα
3329 958 3596 1028 ἀνάκτορα
3639 961 3768 1028 μολύ-

2221 1047 2412 1102 νεσθαι
2471 1048 2762 1118 λέγοντες,
2800 1051 2893 1102 καὶ
2943 1049 3042 1120 τὴν
3095 1049 3396 1118 ἱερωσύνην
3441 1052 3768 1122 παροινεῖσθαι

2223 1146 2558 1217 φράζοντες,
2609 1147 2737 1210 τοὺς
2791 1145 3228 1217 βαπτιζομένους
3291 1145 3378 1198 δια
3430 1145 3534 1198 τῶν
3599 1147 3771 1216 μιαρῶν

2226 1256 2322 1292 σου
2374 1239 2575 1310 χειρῶν
2619 1240 2700 1302 είς
2741 1239 2812 1292 τὰ
2869 1237 3193 1308 σωτηριώδη
3233 1236 3534 1290 ἀδικεῖσθαι
3571 1237 3770 1306 σύμὸολα

2225 1332 2549 1402 φάσκοντες.
2584 1330 2697 1394 Οὓς
2731 1331 2829 1401 οὐχ
2875 1329 3095 1393 ἁπλῶς,
3133 1329 3270 1383 άλλά
3305 1331 3400 1382 καὶ
3443 1328 3635 1400 σφόδρα
3665 1333 3774 1399 μετὰ

2218 1424 2570 1494 κατασκευῆς
2609 1423 2826 1494 ἱκανῆς,
2875 1423 2950 1486 ὡς
2979 1423 3160 1491 ἔγωγε
3191 1421 3436 1492 ἡγοῦμαι
3463 1463 3478 1485 ,
3519 1421 3774 1490 ἀποκρινά-

2220 1531 2380 1584 μενος
2416 1515 2764 1584 ἐτρεψάμην·
2792 1515 2853 1567 ού
2877 1513 2972 1566 τοῦ
3008 1514 3102 1566 σοῦ
3133 1514 3248 1583 βίου
3288 1514 3427 1584 (χρὴ
3465 1514 3567 1583 γὰρ
3602 1513 3773 1582 τάληΘῆ

2214 1605 2430 1676 λέγειν)
2466 1605 2863 1676 ὑπερασπίζων
2890 1623 2904 1635 ο
2930 1603 2966 1675 ἧ
2993 1605 3103 1675 γάρ
3132 1607 3197 1657 ἂν
3224 1605 3607 1674 κατεγνώσθην
3626 1619 3639 1633 ⁸
3664 1603 3777 1657 sm

2213 1697 2373 1751 τοῦτο
2396 1697 2611 1761 δεικνὺς
2628 1735 2644 1762 ,
2672 1697 2749 1760 ὡς
2784 1697 2936 1750 ούδέν
2967 1697 2996 1748 ὁ
3027 1696 3215 1760 λαῖκδς
3243 1695 3675 1770 παραϐλάπτεται
3701 1695 3774 1748 τοῦ

506 1793 701 1848 violari
752 1793 921 1848 laicos
977 1793 1259 1862 inquinata
1308 1791 1660 1846 sacerdotum
1713 1791 1848 1844 vita.
1881 1788 1951 1845 Ut
1982 1789 2112 1858 ipsis

2221 1789 2411 1861 ἱερέως
2436 1788 2512 1860 μὴ
2544 1785 2603 1842 εὖ
2636 1789 2902 1859 βιοῦντος.
2941 1789 3026 1852 Ὠς
3048 1788 3104 1842 δὲ
3134 1789 3256 1841 οὐδὲ
3303 1788 3477 1852 οὕτως
3519 1787 3662 1841 αὑτὸν
3697 1789 3776 1841 ἐπ-

510 1901 644 1942 vero
677 1887 913 1940 nomium
956 1888 1035 1940 sic
1065 1903 1126 1941 os
1160 1885 1434 1947 obturavi,
1459 1885 1608 1938 clare
1653 1882 1928 1947 dicebant,
1961 1883 2117 1938 nobis

514 1982 566 2034 id
588 1982 802 2050 quidem
833 1980 965 2034 satis
1012 1977 1358 2048 persuasisti,
1391 1977 1514 2031 aliis
1555 1991 1686 2031 vero
1710 1975 1967 2030 onmibus
1989 1991 2113 2030 cum

512 2073 690 2126 doctis
725 2084 836 2125 tum
867 2070 1122 2132 indoctis,
1169 2069 1294 2138 quis
1335 2067 1715 2140 persuaserit?
1748 2067 1840 2137 qui
1873 2053 2118 2132 quotidie

512 2165 777 2221 conviciis
805 2179 928 2218 cum
977 2162 1353 2233 proscindunt,
1410 2169 1729 2215 evomentes
1757 2174 1820 2214 ea
1849 2173 1966 2218 ore.
1996 2173 2118 2225 qua:

513 2257 674 2312 silere
731 2257 904 2310 multo
955 2255 1026 2309 sit
1073 2253 1291 2317 melius,
1327 2261 1474 2307 utet
1517 2253 1570 2306 in
1613 2267 1838 2306 scenam
1881 2249 2119 2319 denique

514 2350 864 2418 proferantur
889 2360 977 2401 tua
1009 2346 1236 2414 flagitia.
1276 2346 1382 2400 Sed
1423 2345 1517 2400 illa
1574 2345 1738 2398 missa
1784 2343 2019 2410 faciens,
2047 2341 2117 2397 ad

515 2442 780 2496 malorum
810 2440 1053 2496 omnium
1083 2439 1320 2494 radicem
1366 2438 1674 2494 veniamus.
1705 2435 1819 2504 Qua
1852 2438 1917 2490 de
1947 2452 2113 2490 causa

516 2550 622 2589 non
665 2533 995 2604 persuadeas
1033 2531 1228 2587 borum
1265 2529 1535 2586 malorum
1569 2539 1872 2594 auctorem,
1909 2539 2116 2584 etanta

516 2625 771 2682 suscitari
803 2623 1165 2680 temulentia?
1200 2622 1439 2677 Duorum
1473 2623 1619 2676 enim
1659 2622 1892 2676 alterum
1919 2636 2114 2675 neces-

523 2718 672 2773 sario
742 2716 1121 2788 cogitandum,
1153 2715 1239 2771 vel
1296 2715 1441 2770 nolle
1493 2715 1838 2784 persuaderi,
1895 2715 2118 2768 tametsi

515 2811 708 2877 possit,
739 2809 820 2863 vel
857 2823 964 2864 non
1009 2823 1189 2877 posse,
1229 2805 1450 2861 tametsi
1511 2805 1662 2861 velit.
1694 2805 1762 2860 At
1809 2819 1940 2859 vero
1989 2820 2113 2859 cum

518 2903 672 2972 prius
734 2902 888 2967 illud,
914 2916 1110 2970 nempe
1143 2900 1286 2968 quod
1339 2914 1462 2952 cum
1531 2899 1732 2968 possis,
1786 2898 2116 2966 persuadere

518 2993 677 3058 nolis,
721 2994 789 3047 de
845 3002 900 3048 te
950 2993 1158 3048 sentire
1218 2989 1373 3045 nefas
1402 2990 1514 3044 sit:
1545 2998 1717 3044 restat
1746 2989 1796 3042 id
1828 2989 2116 3043 existime—

517 3102 658 3148 mus,
693 3085 835 3154 quod
879 3099 1003 3140 cum
1057 3095 1109 3138 te
1158 3083 1580 3138 insuliicicntem
1641 3081 1955 3138 arbitreris.
1984 3097 2118 3136 con-

517 3181 800 3247 quiescere
850 3177 1162 3231 decreveris
1216 3191 1281 3229 ac
1335 3177 1720 3243 supersedere.
1751 3171 2008 3239 Quaaetsi
2040 3172 2115 3225 ita

517 3271 1048 3341 se.babeaut,722
1109 3283 1210 3335 ego
1253 3280 1432 3322 tamen
1486 3265 1698 3335 pudore
1749 3268 1946 3320 ductus
2009 3281 2116 3318 non

525 3363 754 3432 perinde
785 3361 1033 3428 fatebar;
1062 3362 1156 3417 sed
1185 3361 1297 3415 dixi
1327 3379 1340 3416 :
1379 3360 1495 3413 haec
1537 3357 1756 3428 quidem
1788 3371 1886 3411 vos
1933 3354 2116 3424 splen-

515 3457 643 3512 dide
669 3457 872 3520 dicitis,
908 3457 1002 3511 sed
1027 3457 1343 3524 ignorantes
1391 3452 1533 3507 forte
1560 3452 1844 3505 coactione
1869 3447 2016 3518 adigi
2049 3448 2116 3503 ad

516 3549 716 3604 bonum
747 3561 870 3604 esse
901 3548 1199 3608 netninem,
1228 3547 1340 3617 Ego
1367 3559 1498 3599 vero
1541 3559 1663 3614 qua:
1692 3544 1796 3598 mei
1828 3552 1958 3596 sunt
1989 3540 2111 3598 olli-

517 3640 588 3694 cii
615 3641 846 3693 iterabo.
903 3637 1031 3692 llasc
1082 3636 1229 3691 fatus
1272 3637 1393 3690 illos
1417 3635 1623 3701 dimisi,
1649 3644 1705 3688 et
1740 3643 2114 3688 atramentum

516 3730 774 3801 lacrymis
805 3730 1065 3790 miscens,
1092 3729 1234 3782 banc
1266 3729 1445 3782 denuo
1470 3729 1717 3780 scribere
1754 3724 1972 3780 decrevi
1997 3724 2113 3794 epi-

517 3821 734 3877 stolam.
781 3821 897 3875 Etsi
947 3821 1084 3875 alias
1140 3820 1210 3875 ad
1277 3828 1330 3873 te
1389 3817 1587 3887 scripsi
1629 3816 1970 3886 frequenter,
1993 3830 2117 3884 qua:

516 3915 676 3970 bruta
709 3915 874 3968 etiam
898 3922 954 3969 et
982 3914 1035 3968 in
1071 3912 1252 3968 anima
1283 3920 1488 3982 queant
1523 3911 1825 3980 percellere
1848 3923 2110 3977 corpora,

516 4001 694 4070 ipsum
733 4012 786 4058 te
825 4010 1018 4057 testem
1085 4001 1326 4073 appello,
1364 4001 1609 4055 noluisse
1644 4009 1697 4054 te
1731 4017 1761 4054 a
1793 3999 2116 4054 libidinibus

516 4093 614 4148 tibi
664 4102 994 4164 temperare,
1035 4103 1097 4149 ut
1145 4103 1315 4159 te,et
1369 4111 1470 4149 nos
1503 4093 1662 4163 culpa
1702 4093 2006 4156 -liberares,
2059 4102 2118 4147 et

515 4183 931 4253 obloquentium
981 4199 1078 4240 ora
1107 4186 1369 4240 obturare
1418 4199 1632 4252 posses.
1666 4183 1822 4251 Quod
1855 4198 1989 4237 vero
2016 4199 2118 4238 ne-

518 4291 624 4345 que
654 4278 880 4332 nuncin
932 4287 986 4334 te
1017 4278 1290 4333 monendo
1334 4276 1748 4347 supersedeam,
1785 4276 1880 4332 sed
1915 4277 2115 4331 iterum

520 4385 715 4424 manus
745 4369 1007 4437 injiciam,
1047 4371 1151 4425 etsi
1179 4369 1467 4424 incurabili
1504 4368 1742 4432 vulneri,
1775 4379 1832 4422 ιιι
1861 4369 2106 4433 videtur,

2219 1881 2506 1952 εστόμισα,
2531 1881 2902 1952 γεγωνότερον
2923 1882 3135 1950 ἔφησαν
3155 1897 3169 1911 ·
3203 1881 3290 1934 ὅτι
3312 1881 3460 1950 ἡμᾶς
3489 1879 3581 1949 μὲν
3609 1878 3772 1941 ἱκανῶς

2219 1971 2446 2037 ἔπεισας
2464 2014 2479 2039 ,
2511 1973 2641 2036 'roit;
2661 1973 2718 2026 δέ
2750 1973 2946 2037 ἄλλους
2977 1974 3186 2036 πάντας
3203 2013 3220 2036 ,
3244 1973 3378 2036 τούς
3399 1989 3457 2025 τε
3481 1972 3772 2040 ἐλλογίμους,

2217 2064 2352 2128 τούς
2399 2082 2459 2118 τε
2509 2065 2808 2134 ἀγελαίους
2851 2065 2936 2129 τίς
2989 2065 3208 2128 πείσει,
3245 2066 3376 2128 τοὺς
3425 2063 3540 2118 καθ’
3581 2064 3774 2133 ἑκάστην

2217 2157 2393 2211 ταῦτα
2421 2157 2823 2229 κωμῳδοῦντας
2841 2157 2938 2229 τὴν
2961 2158 3214 2230 ἡμέραν;
3241 2155 3512 2212 Τοσοῦτον
3555 2156 3774 2210 ἐκπτύον-

2217 2268 2351 2316 τας,
2405 2250 2442 2305 ἃ
2494 2251 2757 2320 σιγᾶσθαι
2789 2251 3070 2323 ἔπρεπεν,
3117 2253 3194 2316 ὡς
3238 2252 3338 2306 καὶ
3373 2249 3775 2323 σκηνοὸατεῖσϐαι

2219 2343 2407 2396 λοιπὸν
2436 2345 2500 2396 τά
2535 2347 2668 2415 παρ’
2695 2343 2862 2397 αὐτοῦ
2895 2343 3190 2416 δρώμενα;
3220 2345 3345 2398 Ἵνα
3369 2344 3429 2398 δέ
3459 2343 3664 2398 ἐκείνων
3691 2344 3776 2411 ὰφ-

2220 2435 2442 2506 έμενοι,
2493 2437 2574 2500 είς
2623 2437 2722 2508 τὴν
2755 2437 2912 2508 ῥίζαν
2954 2437 3066 2491 τῶν
3122 2437 3314 2491 κακῶν
3365 2436 3777 2507 καταγενοίμεθα,

2218 2531 2286 2585 δι’
2329 2533 2396 2604 ἢν
2436 2532 2616 2586 αἰτίαν
2644 2533 2807 2586 αὐτὸν
2838 2531 2930 2586 τὸν
2971 2532 3159 2587 κακῶν
3196 2533 3558 2605 ἀρχιτέκτονα
3590 2533 3645 2586 ού
3678 2535 3774 2586 πεί-

2221 2625 2333 2689 θεις
2388 2627 2702 2694 ἀνενεγκεῖν
2739 2626 2806 2678 ἐκ
2853 2625 2954 2696 τῆς
2985 2625 3256 2697 τοσαύτης
3299 2627 3506 2697 μέθης;
3534 2628 3669 2678 Δυοῖν
3691 2625 3774 2697 γὰρ

2220 2716 2450 2788 θάτερον
2481 2717 2912 2785 ἀναγκαζόμεθα
2941 2719 3164 2785 ἐννοεῖν,
3200 2719 3236 2790 ἢ
3269 2719 3354 2791 μὴ
3386 2719 3653 2789 βούλεσθαι
3679 2721 3775 2772 πεῖ-

2222 2826 2312 2862 σαι
2348 2810 2444 2864 καὶ
2479 2810 2688 2881 σφόδρα
2717 2810 3050 2881 δυνάμενον,
3092 2810 3125 2882 ἢ
3161 2812 3236 2882 μὴ
3266 2811 3532 2866 δύνασθαι
3559 2813 3642 2865 καὶ

2219 2899 2322 2972 δρα
2364 2900 2713 2971 βουλόμενον.
2763 2899 2928 2954 Ἀλλά
2966 2901 3074 2971 μὴν
3100 2903 3149 2955 εί
3182 2901 3244 2954 τὸ
3274 2901 3546 2974 πρότερον
3572 2903 3661 2957 οὐκ
3684 2901 3777 2954 ἐστι

2223 2991 2518 3045 πιστεῦσαι
2555 2993 2699 3046 κατά
2733 2992 2860 3056 σοῦ,
2897 2993 2973 3056 ὡς
2998 2994 3120 3058 ἐξὸν
3155 2995 3378 3048 ἐκείνου
3411 2994 3567 3048 λῦσαι
3591 2995 3674 3066 τὴν
3697 3011 3777 3048 κα-

2222 3086 2348 3139 κίαν
2367 3128 2382 3152 ,
2419 3087 2479 3140 ού
2513 3086 2694 3157 βούλει
2715 3104 2729 3118 ο
2765 3087 3018 3140 λείπεται
3040 3089 3102 3141 τὸ
3123 3127 3138 3153 ,
3173 3088 3250 3150 ὡς
3275 3089 3543 3153 ἀδύνατος
3569 3086 3684 3142 εἶναι
3705 3103 3775 3140 v0-

2225 3171 2429 3241 μίζων,
2475 3174 2575 3244 τὴν
2606 3175 2842 3246 ἡσυχίαν
2877 3176 3129 3246 ἀγαγεῖν.
3168 3176 3319 3246 Ἐγὼ
3361 3179 3419 3232 δὲ
3456 3180 3505 3232 εξ
3535 3181 3616 3232 καὶ
3649 3177 3773 3230 ταῦθ’

2221 3262 2397 3326 οὕτως
2431 3264 2584 3335 ἔχει,
2634 3264 2796 3319 τοῦτο
2849 3267 2949 3338 μὲν
2997 3270 3096 3338 οὐχ
3147 3268 3491 3340 ὡμολόγησα
3532 3267 3772 3341 ἐρυθριῶν.

2220 3354 2489 3408 Τοσοῦτον
2533 3356 2591 3409 δὲ
2630 3357 2790 3430 ἔφην,
2833 3360 2915 3412 ὅτι
2963 3359 3157 3428 Ὑμεῖς
3199 3363 3302 3430 μὲν
3352 3362 3522 3416 ταῦτα
3570 3360 3778 3431 σεμνολο-

2218 3445 2435 3514 γεῖσθε,
2471 3447 2574 3501 ούκ
2616 3449 2818 3516 εἰδότες
2853 3453 3008 3514 ῖσως,
3040 3454 3120 3505 ὅτι
3166 3453 3392 3526 ἀνάγκη
3442 3452 3645 3525 ποιῆσαί
3681 3468 3777 3506 τινα

2219 3538 2424 3608 ἀγαθὸν
2469 3540 2570 3594 ούκ
2617 3540 2786 3595 ἐστιν.
2841 3543 2985 3611 Ἐγὼ
3019 3544 3076 3597 δὲ
3105 3545 3175 3598 τὰ
3217 3547 3355 3617 παρ’
3389 3544 3615 3618 ἐμαυτοῦ
3644 3545 3776 3598 πάλιν

2220 3632 2454 3700 ποιήσω.
2506 3630 2696 3696 Οὕτως
2737 3633 3075 3704 ἀποπέμψας
3125 3637 3417 3702 ἐκείνους,
3453 3641 3544 3692 καὶ
3585 3637 3775 3708 δάκρυσι

2220 3721 2409 3792 σχεδὸν
2471 3723 2715 3794 κεράσας
2759 3726 2821 3778 τὸ
2867 3726 3077 3796 μέλαν,
3120 3730 3217 3781 καὶ
3261 3730 3426 3784 τοῦτο
3458 3730 3669 3801 χαράξαι
3708 3728 3772 3782 δι-

2217 3815 2392 3886 έγνων
2417 3817 2480 3870 τὸ
2513 3819 2770 3889 γράμμα.
2810 3820 2934 3875 Ὅτι.
2973 3823 3084 3893 γάρ
3127 3825 3398 3889 πολλάκις
3443 3842 3521 3880 σοι
3540 3825 3772 3897 γέγραφα.

2216 3909 2254 3965 ἃ
2280 3911 2378 3964 καὶ⁸
2415 3911 2515 3981 τὴν
2547 3912 2755 3982 ἄψυχον
2801 3912 2964 3983 φύσιν
2994 3915 3214 3986 κάμψαι
3249 3918 3488 3987 ἠδύνατο
3509 3959 3522 3982 ,
3557 3918 3697 3972 αὐτόν
3726 3932 3773 3968 σε

2218 4004 2372 4059 καλῶ
2407 4006 2697 4076 μάρτυρα,
2729 4005 2824 4060 τὸν
2870 4007 2946 4078 μὴ
2990 4007 3326 4080 βουλόμενον
3368 4011 3656 4083 ἀποστῆναι
3694 4007 3778 4078 τῆς

2217 4095 2496 4165 λαγνείας,
2527 4097 2616 4152 ἵνα
2637 4100 2734 4152 καὶ
2755 4100 2950 4153 σαυτὸν
2977 4101 3071 4153 καὶ
3093 4103 3242 4172 ἡμᾶς
3268 4105 3624 4176 ἐγκλημάτων
3641 4102 3775 4156 ἀπαλ-

2218 4189 2417 4262 λάξῃς,
2451 4192 2544 4244 καὶ
2591 4193 2722 4254 τοῦς
2751 4194 3124 4262 ἐγκαλοῦντας
3157 4197 3541 4270 ἐπιστομίσῃς.
3585 4197 3691 4250 Ὅτι
3727 4194 3775 4247 δὲ

2218 4282 2340 4335 οὐδὲ
2357 4281 2453 4336 νῦν
2472 4299 2554 4336 σοι
2568 4284 2967 4351 ἀποτάττομαι,
2982 4287 3121 4340 ἀλλά
3138 4305 3387 4362 κεκρατη
3397 4290 3541 4361 μένῳ
3559 4287 3772 4359 ἐγχειρῶ,

2220 4375 2318 4429 καὶ
2360 4375 2423 4428 τὸ
2467 4374 2662 4428 δοκοῦν
2703 4377 3002 4448 ἀχείρωτον
3037 4375 3180 4434 εἶναι
3217 4381 3412 4448 πάθος,
3452 4380 3775 4454 χειρώσασθαι

519 4463 834 4525 tractando,
871 4463 1074 4518 litterae
1120 4463 1237 4516 istae
1281 4461 1629 4516 testabuntnr
1677 4461 1898 4530 scripta:
1946 4463 2113 4515 vehe-

2228 4467 2508 4538 πειρῶμαι
2528 4507 2542 4531 ,
2571 4467 2750 4521 ταῦτα
2799 4472 3145 4542 μαρτυρήσει
3183 4471 3253 4525 τὰ
3286 4474 3588 4544 γράμματα
3614 4472 3775 4544 δριμύ-

516 4554 778 4617 mentius,
806 4569 969 4623 quam
991 4568 1130 4622 quas
1154 4567 1327 4621 nuper
1359 4553 1503 4610 misi.
1532 4553 1668 4608 Cum
1717 4555 1866 4606 enim
1893 4555 2118 4609 suavio-

518 4659 635 4700 rem
681 4645 1037 4698 directionem
1083 4643 1624 4714 admouitionemque
1679 4647 2107 4714 contempseris,

519 4736 828 4807 potentiore
856 4745 943 4789 est
971 4735 1260 4790 utendum.
1286 4734 1406 4789 Cur
1457 4737 1623 4806 igitur
1657 4736 1710 4790 in
1740 4744 1792 4791 te
1822 4738 1952 4804 'ipse
1980 4738 2118 4793 adeo

521 4830 732 4885 insanis
755 4817 944 4900 (Cogor
965 4829 1110 4882 enim
1145 4842 1266 4898 qua:
1291 4828 1491 4884 nollem
1519 4829 1828 4900 proloqui)?
1852 4829 1965 4885 Cur
1995 4846 2117 4885 ma-

522 4923 575 4977 lo
634 4922 995 4992 pertinaciter
1055 4920 1333 4975 inhaeres?
1369 4919 1514 4988 Quid
1556 4933 1826 4992 quantum
1869 4923 1922 4976 in
1955 4933 2007 4977 te
2035 4932 2120 4977 est

519 5015 784 5068 virtutem
816 5013 988 5068 aﬂicis
1010 5010 1248 5082 injuria?
1275 5010 1388 5066 Cur
1439 5027 1655 5070 sacrum
1687 5013 1858 5067 violas
1910 5014 2120 5069 altare?

521 5107 663 5175 Quid
708 5122 865 5162 sacra
912 5122 1022 5160 non
1052 5107 1410 5161 exborrescis
1464 5106 1764 5176 profanare
1811 5107 2118 5177 mysteria?

521 5201 664 5270 Quid
695 5202 768 5254 ita
793 5210 844 5254 te
867 5202 1112 5272 geris.ut
1143 5200 1395 5257 homines
1417 5207 1567 5268 tuam
1585 5199 1754 5254 vitam
1819 5201 2118 5267 intuentes,

521 5294 842 5349 existiment
868 5293 1033 5346 etiam
1087 5306 1184 5361 per
1227 5291 1374 5346 illam
1407 5308 1564 5346 sacra
1621 5291 1966 5362 coinquinari
2002 5309 2122 5364 my-

522 5386 732 5441 steria?
770 5385 908 5450 Quid
941 5396 1132 5452 gentes
1188 5386 1255 5436 ad
1301 5384 1508 5439 Christi
1574 5383 1882 5439 Ecclesiam
1929 5387 2119 5440 venire

522 5477 898 5547 paratissimas
920 5476 1119 5544 injuria
1147 5475 1338 5544 alﬁcis,
1359 5479 1559 5531 ostium
1598 5477 1763 5530 etiam
1798 5477 1907 5532 illis
1934 5477 2120 5532 occlu-

523 5572 732 5627 dcudo?
770 5570 910 5638 Quid
961 5585 1187 5625 scenam
1231 5573 1384 5626 novis
1442 5572 1635 5642 imples
1697 5571 2007 5634 dramatis?
2048 5569 2122 5627 Ut

521 5662 653 5732 quid
697 5677 868 5718 novas
917 5662 1043 5716 vitae
1100 5661 1368 5730 iinportas
1418 5661 1707 5718 actiones?
1740 5662 1853 5719 Cur
1904 5675 2120 5719 veteres

521 5751 791 5810 obscuras
854 5754 1192 5824 tragmlias?
1227 5754 1281 5811 Si
1353 5754 1525 5813 Deum
1593 5775 1697 5813 non
1763 5760 1946 5824 times,
1981 5761 2106 5831 quia

2221 4574 2356 4629 τερα
2371 4557 2502 4611 ὄντα
2528 4559 2637 4611 τῶν
2666 4560 2860 4631 πρώην
2888 4579 2970 4614 σοι
2993 4565 3423 4620 ἐπισταλέντων.
3470 4567 3670 4637 Ἐπειδὴ
3689 4566 3778 4636 γὰρ

2219 4650 2322 4720 τῆς
2367 4653 2682 4723 πραοτέρας
2725 4655 2954 4726 ἀγωγῆς
2993 4659 3438 4729 κατεφρόνησας,
3480 4659 3772 4731 ἀνάγκηκαὶ

2221 4746 2288 4813 τῇ
2335 4743 2754 4816 δραστικωτέρα
2802 4747 3142 4817 χρήσασθαι.
3191 4750 3258 4803 Τί
3288 4751 3575 4821 τοιγαροῦν
3615 4748 3774 4804 τοσοῦ-

2220 4851 2314 4888 τον
2341 4835 2766 4907 (ἀναγκάζομαι
2795 4840 2904 4907 γὰρ
2934 4837 2971 4890 ἃ
2999 4838 3074 4909 μὴ
3106 4838 3370 4912 βούλομαι
3403 4842 3629 4911 φράσαι)
3660 4839 3774 4892 κατα

2224 4927 2423 4982 σαυτοῦ
2451 4929 2696 5000 ἐμάνης;
2741 4930 2806 4982 Τί
2834 4931 2936 5000 τῆς
2965 4933 3169 4996 κακίας
3198 4935 3366 5006 ἀπρὶξ
3396 4937 3525 5005 ἔχῃς
3559 4936 3619 4986 Τί
3653 4931 3776 5001 0692'-

2222 5021 2337 5084 ζεις
2373 5019 2500 5087 τόγε
2530 5020 2731 5073 σαυτοῦ
2767 5021 2934 5092 μέρος
2969 5023 3069 5095 τὴν
3101 5025 3336 5096 ἀρετήνς
3379 5027 3444 5078 Τί
3477 5026 3697 5096 χραίνεις
3721 5022 3774 5073 τὰ

2222 5112 2536 5182 ἀνάκτορα;
2593 5113 2647 5164 τί
2697 5111 2798 5183 τὴν
2837 5113 2989 5167 θείαν
3040 5116 3265 5188 τελετὴν
3315 5117 3686 5188 ἐξορχούμενος
3724 5113 3770 5165 ού

2223 5204 2504 5272 φρίττεις;
2541 5203 2605 5256 Τί
2640 5208 3087 5278 παρασκευάζεις
3119 5211 3248 5273 τοὺς
3276 5211 3589 5283 ἀνθρώπους
3617 5207 3683 5278 τῷ
3713 5205 3772 5274 σῷ

2226 5294 2329 5365 βίῳ
2368 5296 2739 5366 προσέχοντας
2785 5299 3290 5369 παραὸλάπτεσθαι
3337 5304 3577 5372 νομίζειν
3604 5303 3683 5355 καὶ
3708 5302 3770 5360 εἰς

2222 5390 2291 5442 τά
2323 5389 2642 5462 σωτηριώδη
2674 5391 2954 5461 σύμϐολα;
2987 5395 3052 5446 Τί
3093 5397 3184 5448 καὶ
3214 5399 3336 5459 τοὺς
3370 5397 3478 5450 ἀπὸ
3505 5396 3607 5449 τῶν
3633 5393 3769 5448 ἐθνῶν

2225 5483 2615 5554 ἐτοιμοτάτους
2649 5483 2811 5549 ὄντας
2846 5487 2925 5547 είς
2959 5487 3059 5554 τὴν
3101 5489 3430 5561 Ἐκκλησίαν
3479 5483 3768 5559 μεταφοιτῆ-

2226 5592 2354 5642 σαι,
2399 5575 2608 5640 ἀδικεῖς
2657 5577 2946 5632 ἀποσοϐῶν
2991 5582 3092 5651 τὴν
3125 5579 3329 5654 θύραν;
3367 5583 3435 5636 Τί
3465 5584 3561 5655 τὴν
3601 5578 3768 5662 σκηνὴν

2225 5667 2508 5740 νεωτέρων
2553 5669 2852 5740 δραμάτων
2901 5673 3249 5742 ὲνέπλησας;
3282 5674 3344 5728 Τί
3393 5673 3552 5730 καινὰ
3590 5672 3659 5740 τῷ
3686 5669 3766 5738 βίῳ

2227 5761 2508 5832 εἰσφέρεις
2552 5763 2616 5814 τὰ
2647 5763 2933 5834 δράματια;
2965 5765 3030 5819 Τί
3073 5767 3170 5832 τὰς
3201 5768 3436 5833 παλαιὰς
3480 5763 3760 5839 ἀπέκρυψας
