3998 6414
216 352 355 420 1845

1100 348 1635 417 EPISTOLARUM
1672 350 1823 415 LIB.
1867 358 1930 416 Υ.
1972 383 2040 391 -
2080 358 2313 418 EPIST.
2361 354 2624 424 DLXIX.

3360 360 3495 425 iﬁlli

211 468 551 541 τραγῳδίας;
601 473 665 527 Εἰ
705 472 768 526 τὺ
798 471 941 525 θεῖον
983 472 1044 524 οὺ
1081 470 1258 540 φοϐῇ,
1309 469 1610 541 ἐπειδήπερ
1659 467 1799 529 τέως

1909 472 2171 524 hactenus
2194 471 2246 523 in
2284 480 2336 525 te
2362 470 2688 548 longanimis
2709 471 2942 535 exstitit,
2979 469 3061 525 vel
3097 471 3353 527 homines
3385 474 3499 529 sal-

214 560 594 632 μακροθυμεῖ,
618 562 724 617 κᾶν
751 563 881 626 τοὺς
909 560 1235 632 ἀνθρώπους
1254 559 1533 629 αἰδέσθητι
1554 575 1569 589 ο
1599 559 1647 611 εἰ
1678 557 1771 628 κρί
1788 585 1805 596 -

212 668 302 705 σιν
351 652 424 722 μὴ
471 652 679 717 δέδιας,
727 653 831 707 κᾶν
871 652 1116 725 χρηστῆς
1158 651 1486 722 ὑπολήψεως
1526 648 1810 721 ἀντιποίη-

216 761 327 798 σαι.
376 746 437 797 Εί
470 744 638 815 μηδὲν
682 740 823 798 εἶναι
861 747 971 816 ἡγῇ
1015 743 1155 815 μετά
1186 743 1284 815 τὴν
1320 741 1570 795 ἐντεῦθεν
1598 740 1805 810 ἀποδη-

217 835 349 904 μίαν
387 834 577 907 (τοῦτο
621 835 730 907 γάρ
773 838 830 889 αἰ
875 835 1069 906 σεμναί
1120 851 1216 888 σου
1259 834 1488 906 πράξεις
1534 833 1806 904 λαμπρῶς

215 924 443 994 βοῶσι),
480 926 586 980 κᾶν
617 927 715 995 τὴν
761 927 871 980 τῶν
904 925 1208 998 ἀνθρώπων
1239 925 1532 996 κωμῳδίαν
1575 924 1807 994 εὐλαϐῆ-

216 1018 359 1090 θητι.
398 1020 459 1072 Εἰ
487 1020 545 1073 δὲ
586 1021 721 1091 μηδέ
749 1020 952 1090 ταύτης
981 1020 1137 1087 λόγον
1167 1021 1294 1089 ποιῇ
1319 1059 1334 1084 ,
1368 1017 1474 1071 κᾶν
1515 1018 1576 1071 τὸ
1609 1016 1805 1071 καθαι-

221 1107 442 1177 ρ;θῆναι
476 1108 763 1180 φοὸήθητι.
814 1109 971 1172 Εἰκὸς
1015 1109 1124 1178 γάρ
1176 1125 1233 1160 σε
1278 1106 1435 1161 τοῦτο
1496 1106 1707 1162 παθεῖν.
1742 1108 1806 1160 El

218 1196 329 1266 γάρ
352 1197 448 1249 καὶ
475 1196 571 1250 νῦν
597 1198 772 1251 ταῦτα
800 1197 941 1269 δρῶν
969 1200 1069 1251 οὐκ
1099 1196 1459 1268 ἐξοστρακίζῃ
1483 1215 1497 1228 ·
1524 1197 1667 1252 ἔοικε
1695 1198 1806 1269 γὰρ

218 1287 248 1338 ὁ
295 1288 682 1359 χειροτονήσας
724 1305 784 1341 σε
818 1291 885 1360 τῇ
935 1289 1107 1359 κακίᾳ
1156 1288 1402 1359 χαίρειν,
1445 1288 1581 1342 ἀλλά
1620 1287 1749 1352 ἴσως
1776 1291 1805 1343 ὁ

224 1376 341 1445 μετ’
381 1378 543 1431 αὑτὸν
574 1378 732 1432 τοῦτο
767 1382 1003 1450 ποιήσει.
1032 1380 1142 1433 Καὶ
1168 1380 1248 1450 τῷ
1284 1378 1431 1450 θείῳ,
1467 1380 1560 1433 καὶ
1590 1379 1667 1450 τῷ
1712 1380 1807 1433 Θυ·

221 1469 546 1541 σιασετηρίῳ,
577 1472 670 1523 καὶ
699 1474 812 1534 τοῖς
849 1474 1140 1543 ἀκράντοις
1178 1472 1520 1543 μυστηρίοις,
1560 1472 1656 1525 καὶ
1691 1474 1806 1534 τοῖς

220 1559 529 1631 ἀνθρώποις
581 1561 1066 1633 ἀπολογησάμενος
1109 1562 1245 1634 (64).
1299 1563 1513 1627 Πολλοὶ,
1559 1556 1604 1615 ὦ
1651 1560 1804 1616 ἄθλιε

220 1650 442 1722 Ζώσιμε
478 1652 495 1723 (
515 1653 899 1724 ἀναγκάζομαι
921 1655 1016 1708 καὶ
1040 1657 1120 1719 είς
1137 1655 1375 1727 θρήνους
1401 1654 1669 1723 ἐξελθεῖν)
1699 1654 1805 1725 πρὸ

226 1740 323 1794 σοῦ
368 1743 656 1810 γεγόνασιν
689 1743 907 1806 ἀσεϐεῖς
937 1761 998 1797 τε
1047 1745 1142 1797 καὶ
1190 1744 1531 1819 ἁμαρτωλοὶ,
1566 1746 1702 1814 μήτε
1742 1742 1804 1796 τὸ

222 1832 367 1885 θεῖον
392 1833 743 1905 φοϐηθέντες,
780 1836 916 1906 μήτε
942 1834 1058 1904 βίου
1087 1814 1326 1907 χρηστοῧ
1345 1834 1767 1906 ἐπιμεληθέντες
1786 1849 1801 1863 ο
1835 1814 1879 1871 Β

222 1924 359 1976 ἀλλὰ
388 1924 593 1988 πάντας
622 1925 687 1979 σὺ
717 1925 1047 1998 παρήλασας
1064 1941 1082 1959 ο
1112 1925 1332 1980 πάντων
1357 1925 1583 1979 ἐκείνων
1608 1925 1798 1993 ἐγένου

222 2020 517 2090 δωρυφαῖος
541 2035 556 2049 ⁸
607 2019 835 2074 ἄπιστον
865 2021 961 2073 καί¹
994 2020 1275 2092 ἀμίμητον
1314 2019 1666 2092 παράδειγμα
1714 2019 1806 2088 γέ-

221 2127 405 2177 γονας.
436 2107 636 2181 Ἕσχον
653 2112 760 2181 γὰρ
782 2111 978 2165 ἐκεῖνοί
1005 2128 1158 2175 τινας
1183 2110 1404 2182 άρετάς,
1431 2111 1495 2164 σὺ
1521 2109 1579 2163 δὲ
1605 2113 1671 2182 τῇ
1707 2111 1805 2181 μὲν

221 2202 394 2273 κακίᾳ
426 2201 524 2255 καὶ
566 2204 690 2266 ταῖς
723 2202 938 2274 ἡδοναῖς
972 2202 1235 2266 ἐσπείσω,
1268 2201 1406 2273 πρὸς
1436 2200 1495 2255 δὲ
1537 2201 1637 2272 τὴν
1679 2202 1808 2272 ἀρε-

219 2293 322 2364 τὴν
349 2294 661 2364 ἀκήρυκτον
700 2293 986 2347 ἐπανείλου
1017 2292 1111 2347 τὸν
1141 2293 1380 2363 πόλεμον
1399 2307 1415 2322 ο
1444 2291 1666 2346 πάντων
1709 2291 1805 2360 γέ-

218 2402 387 2453 γονας
421 2384 683 2455 κωμῳδία
721 2387 817 2439 καὶ
848 2383 1025 2452 γέλως
1045 2385 1141 2438 καὶ
1171 2384 1469 2439 σκάνδαλον
1492 2402 1507 2417 ·
1541 2382 1806 2455 θεώμενοι

219 2480 330 2551 γάρ
373 2496 433 2532 σε
476 2480 596 2543 ταῖς
644 2481 871 2550 μιαραῖς
926 2478 1085 2550 χερσὶ
1133 2477 1242 2531 τῶν
1282 2475 1445 2549 ἱερῶν
1498 2477 1809 2547 ἀπτόμενον

221 2570 575 2641 μυστηρίων,
628 2569 1016 2640 ἀποπηδῶσιν,
1069 2568 1309 2641 ἀμύητοι
1362 2569 1564 2639 μᾶλλον
1614 2567 1805 2640 αἱρού-

221 2679 376 2732 μενοι
405 2660 566 2725 εἷναι,
595 2660 630 2731 ἢ
676 2662 831 2732 παρά
865 2660 1193 2732 ἀκαθάρτων
1226 2660 1323 2713 καὶ
1352 2659 1564 2729 μιαρῶν
1603 2659 1806 2729 χειρῶν

214 2753 289 2806 τά
321 2754 567 2823 ἀχραντα
598 2750 854 2815 δέξασθαι
886 2750 1057 2820 δῶρα,
1096 2750 1274 2803 καίτοι
1326 2749 1499 2803 πολλά
1542 2748 1806 2812 πολλάκις

217 2842 351 2913 παρ’
389 2840 523 2912 ἐμοῦ
578 2838 906 2903 ἀκούοντες,
944 2839 1030 2902 ιὼς
1095 2837 1249 2891 οὐδὲν
1296 2836 1471 2911 ταύτῃ
1521 2835 1805 2906 παραϐλά-

216 2951 468 2998 πτονται,
504 2933 650 2995 τινὲς
684 2932 785 3003 μὲν
810 2930 989 2985 αὐτῶν
1018 2930 1079 2983 οὐ
1103 2928 1407 2994 πείθονται,
1435 2928 1651 2991 τινὲςδέ
1680 2926 1803 2980 οὐδὲ

215 3027 319 3089 τάς
343 3025 512 3087 ἀκοὰς
555 3023 821 3094 ὑπέχουσι
860 3021 1129 3093 ρᾳψωδείν
1162 3020 1293 3091 περὶ
1325 3019 1518 3073 τούτου
1552 3019 1804 3089 νομίζον·-

1911 570 2018 615 tem
2086 574 2365 615 reverere.
2400 560 2457 615 Si
2484 562 2748 631 judicium
2790 563 2910 632 ejus
2971 578 3077 618 non
3127 564 3496 633 pertimescis,

1909 650 2064 703 bona:
2099 658 2277 704 tamen
2310 649 2469 706 ianuae
2493 652 2760 708 rationem
2794 653 2958 709 habe.
2990 654 3045 707 Si
3071 653 3204 709 nihil
3238 664 3362 725 post
3392 656 3497 713 hoc

1908 741 2032 798 vitae
2059 742 2314 797 exsilium
2353 742 2467 797 fore
2496 745 2800 809 existimas,
2833 745 2979 815 quod
3029 748 3216 813 gravia
3270 757 3359 801 tua
3387 750 3498 802 cri-

1909 836 2054 890 mina
2104 837 2240 891 satis
2286 846 2540 905 arguuut,
2572 838 2882 892 mortalium
2942 838 3136 893 saltem
3192 841 3497 908 reprehen-

1907 928 2115 982 sionem
2165 928 2419 983 formida.
2454 927 2549 983 Sin
2610 929 2804 983 horum
2854 928 2991 983 nihil
3048 944 3232 993 curas,
3260 931 3491 985 rescindi

1907 1018 2097 1072 saltem
2134 1026 2185 1072 te
2232 1018 2301 1073 ab
2334 1017 2583 1074 Ecclesia
2620 1034 2720 1088 par
2745 1027 2885 1075 erat.
2917 1018 3156 1087 IEquum
3212 1020 3357 1074 enim
3390 1020 3495 1075 hoc
3568 1062 3571 1065 η

1909 1117 1960 1162 te
1993 1108 2124 1179 pali.
2155 1108 2211 1164 Si
2252 1111 2396 1163 enim
2424 1111 2730 1165 etiamnum
2753 1110 2883 1164 talia
2913 1111 3258 1166 committens
3288 1109 3491 1181 ﬂagitia

1906 1215 2013 1254 non
2072 1199 2360 1270 expelleris
2423 1201 2677 1273 (videtur
2745 1203 2892 1257 enim
2948 1202 3038 1271 qui
3091 1210 3154 1257 te
3213 1203 3492 1256 ordinavit

1906 1293 2243 1347 sacerdotem
2265 1292 2613 1363 improbitate
2644 1296 2939 1364 gaudere),
2977 1304 3159 1348 tamen
3194 1294 3312 1363 ejus
3343 1294 3487 1351 forte

1907 1398 2191 1439 successor
2215 1385 2265 1438 id
2292 1383 2478 1448 faciet,
2518 1395 2572 1439 et
2596 1387 2727 1453 Deo,
2758 1386 3027 1455 altarique
3080 1395 3137 1440 et
3175 1387 3328 1457 puris
3362 1402 3481 1459 my-

1906 1475 2111 1537 steriis,
2140 1475 2562 1546 hominibusque
2588 1492 2700 1531 rem
2736 1487 2948 1547 gratam
2993 1477 3173 1531 faciet.
3195 1476 3477 1548 Plerique,

1905 1581 1940 1621 o
1994 1567 2158 1620 miser
2204 1562 2541 1635 Zosime(in
2594 1567 2831 1623 lamenta
2888 1572 3053 1624 etiam
3118 1583 3477 1639 prorumpere

1906 1659 2210 1729 cegimur),
2246 1668 2375 1713 ante
2407 1669 2457 1714 te
2486 1658 2705 1715 fuerunt
2739 1660 2891 1731 impii
2936 1662 3177 1729 quidem,
3200 1669 3253 1715 et
3289 1675 3488 1731 pecca-

1909 1757 2076 1814 tores,
2095 1765 2269 1819 neque
2287 1749 2455 1805 Deum
2477 1751 2753 1819 timentes,
2774 1766 2947 1821 neque
2966 1751 3133 1823 frugi,
3158 1753 3482 1807 honestam-

1909 1854 2016 1909 que
2043 1850 2301 1895 curantes
2323 1840 2511 1905 vitam,
2540 1842 2636 1896 sed
2691 1843 2946 1898 omnibus
3000 1857 3030 1896 a
3073 1853 3224 1913 tergo
3259 1843 3486 1907 relictis,

1908 1932 2087 1985 factus
2107 1937 2294 1985 tamen
2331 1946 2391 1986 es
2418 1933 2763 2004 coryphaeus,
2797 1932 3020 1988 inﬁdum
3050 1944 3107 1989 et
3134 1949 3240 1989 non
3271 1934 3488 1988 imitau'
3512 1997 3528 2016 ~

1911 2023 2039 2077 dum
2066 2023 2313 2090 praebens
2346 2023 2677 2093 exemplum.
2700 2022 2945 2077 Habeant
2967 2024 3113 2077 enim
3142 2024 3219 2078 illi
3256 2023 3489 2078 virtutes

1909 2106 2145 2173 aliquas,
2179 2118 2235 2161 tu
2279 2124 2410 2163 vero
2453 2125 2574 2163 cum
2612 2111 2981 2179 improbitate,
3008 2127 3079 2167 ac
3124 2112 3492 2182 voluptatibus

1907 2197 2084 2254 fcedns
2114 2200 2337 2263 inivisti,
2372 2209 2535 2267 atque
2579 2201 2924 2267 implacabile
2980 2218 3103 2257 cum
3136 2204 3342 2258 virtute
3377 2204 3489 2257 bel-

1907 2288 2016 2343 lum
2053 2291 2362 2359 suscepisti.
2411 2290 2665 2345 Omnium
2711 2293 2944 2363 denique
2968 2293 3148 2350 factus
3187 2309 3248 2350 es
3282 2294 3487 2357 fabula,

1908 2382 2051 2435 risus
2105 2389 2161 2436 et
2196 2381 2532 2439 scandalum.
2562 2379 2745 2453 723i
2769 2384 3001 2454 Cognito
3051 2385 3196 2441 enim
3235 2394 3290 2441 te
3330 2400 3489 2441 exse-

1907 2471 2125 2527 crandis
2162 2482 2399 2529 tractare
2439 2474 2690 2529 manibus
2713 2490 2869 2530 sacra
2896 2477 3076 2533 missae
3101 2478 3383 2549 mysteria,
3400 2493 3490 2533 re-

1906 2561 2107 2617 cedunt
2127 2562 2405 2629 homines,
2433 2563 2750 2633 maluntque
2773 2580 2881 2619 non
2906 2565 3134 2631 initiari,
3153 2580 3315 2636 quam
3344 2578 3401 2621 ut
3418 2564 3488 2621 ab

1907 2653 2151 2723 impuris,
2191 2653 2578 2723 sceleratisque
2616 2655 2867 2710 manibus
2903 2671 3037 2727 pura
3060 2666 3120 2711 et
3137 2656 3486 2712 immaculata

1905 2746 2205 2815 suscipiant
2237 2760 2488 2802 munera.
2521 2747 2590 2801 Et
2616 2748 2837 2802 tametsi
2874 2748 3026 2803 multi
3078 2748 3276 2817 saapius
3304 2764 3369 2803 ex
3402 2760 3488 2803 me

1904 2838 2177 2893 audierint
2202 2838 2553 2907 nihil,horum
2583 2840 2798 2905 obesse,
2821 2839 3043 2908 quidam
3070 2847 3249 2894 tamen
3274 2839 3483 2895 assensi

1906 2946 2011 2986 non
2058 2939 2204 2998 sunt,
2238 2930 2458 3001 quidam
2504 2944 2636 2986 vero
2673 2946 2741 2986 ne
2789 2931 3017 2987 auribus
3050 2931 3268 3002 quidem
3318 2931 3488 3001 aequis

1904 3021 2201 3092 accipiunt,
2224 3022 2413 3091 nugari
2450 3035 2536 3075 me
2564 3021 2875 3089 opinantes.
2902 3020 2970 3075 Et
3016 3019 3259 3086 Balaam,
3280 3031 3336 3075 et
3354 3019 3483 3076 Cai-

217 3134 331 3181 τες.
360 3116 471 3171 Καὶ
495 3116 587 3169 τὸν
616 3113 847 3185 Βαλαὰμ
865 3112 963 3167 καὶ
990 3111 1085 3165 τὸν
1109 3111 1369 3180 Καϊάφαν
1395 3110 1798 3209 προεϐαλόμην,

1906 3112 2066 3182 pham
2118 3113 2172 3166 in
2226 3113 2463 3167 medium
2524 3113 2702 3179 attuli,
2737 3113 3098 3182 impiissimos
3152 3113 3399 3183 quidem,
3430 3121 3486 3168 et

216 3206 621 3267 ἀσεϐεστάτους
657 3203 755 3275 μὲν
789 3202 884 3256 καὶ
923 3200 1293 3265 ἀδικωτάτους
1323 3200 1648 3269 γεγονότας,
1682 3195 1803 3252 εἶτα

216 3297 313 3352 τὸν
350 3296 451 3367 μὲν
476 3296 575 3360 τὰς
610 3294 862 3363 εὐλογίας
903 3291 1408 3362 ἀποφθεγξάμενον,
1440 3292 1530 3345 τὸν
1568 3290 1627 3342 δὲ
1669 3307 1805 3361 προ-

219 3388 593 3459 φητεύσαντα.
624 3387 736 3440 Καὶ
764 3384 860 3438 τοῦ
893 3384 1127 3455 κόρακος
1152 3383 1210 3437 δὲ
1240 3382 1333 3437 τοῦ
1364 3382 1676 3453 ἀκαθάρτου
1705 3381 1804 3435 καὶ

221 3480 542 3550 μισοτέκνου
570 3476 773 3548 πτηνοῦ
800 3476 911 3549 (65)
943 3477 1348 3546 ἐμνημόνευσα,
1375 3475 1440 3528 δι’
1464 3466 1525 3527 οὗ
1555 3475 1583 3526 ὁ
1616 3474 1802 3538 Ἠλίας

219 3571 456 3641 ἐτράφη.
506 3568 669 3622 Ἀλλά
703 3567 879 3622 καίτοι
910 3568 970 3622 ἐν
1006 3568 1140 3619 πᾶσι
1174 3568 1286 3629 τοῖς
1327 3565 1509 3640 ἄλλοις
1546 3565 1803 3635 πειθόμε-

221 3680 329 3725 νοι,
357 3664 451 3715 καὶ
474 3659 870 3726 ἐκθειάζοντες,
893 3660 994 3711 οὐκ
1021 3657 1265 3711 ἐθέλουσι
1295 3657 1580 3711 πείθεσθαι
1609 3659 1668 3710 ἐν
1690 3659 1804 3719 τοῖς

218 3757 352 3827 περὶ
398 3754 493 3809 σοῦ
540 3753 876 3824 λεγομένοις.
930 3753 1027 3804 Ἐκ
1056 3751 1166 3822 γὰρ
1211 3753 1312 3821 τῆς
1357 3749 1663 3820 ὑπερϐολῆς
1694 3748 1802 3802 τῶν

217 3846 590 3918 πεπλημμελη
601 3847 773 3915 μένων
835 3861 919 3897 σοι
978 3843 1074 3897 καὶ
1135 3832 1643 3913 πλημμελουμένων
1701 3839 1802 3912 τὴν

218 3940 474 3993 ἐναντίαν
530 3939 757 4008 φέρουσι
802 3935 1022 4006 ψῆφον,
1056 3934 1117 3987 οὐ
1150 3936 1263 3997 τοῖς
1314 3933 1629 4004 λεγομένοις
1670 3933 1803 4004 παρ’

218 4031 383 4104 ἐμοῦ,
401 4030 542 4086 ἀλλά
566 4034 679 4093 τοῖς
705 4027 1104 4101 πραττομένοις
1124 4026 1277 4097 παρὰ
1301 4024 1395 4079 σοῦ
1422 4025 1799 4095 προσέχοντες,

219 4123 317 4177 καὶ
339 4124 439 4185 τάς
468 4120 823 4192 παραινέσεις
852 4117 1252 4188 ἀποσειόμενοι.
1284 4115 1427 4169 Ἀλλ’
1453 4108 1520 4179 ὦ,
1546 4114 1599 4168 τί
1624 4132 1682 4168 σε
1704 4125 1814 4169 κοι-⁴

219 4216 385 4277 λέσας
437 4211 805 4283 προσάψωμαι
840 4209 933 4263 καὶ
984 4210 1083 4278 τῆς
1114 4208 1402 4278 ἀληθείας;
1447 4206 1512 4260 Τί
1540 4207 1596 4260 δέ
1630 4206 1801 4259 εἰπὼν

218 4305 517 4371 ἀπαλλάξω
561 4322 621 4357 σε
652 4305 753 4373 τῆς
797 4303 1026 4374 μανίας;
1065 4301 1129 4354 Τί
1158 4300 1216 4354 δὲ
1246 4300 1465 4372 γράψας
1504 4299 1697 4353 παύσω
1738 4314 1799 4353 σε

217 4399 321 4469 τῆς
343 4393 659 4464 ἀσελγείας;
684 4393 718 4463 ἢ
740 4392 988 4445 πέπαυσο
1014 4390 1241 4445 τοιαῦτα
1269 4390 1434 4462 δρῶν,
1462 4389 1496 4461 ἢ
1521 4389 1619 4460 τῆς
1648 4390 1802 4461 ἱερᾶς

1905 3203 2472 3271 injustissimos,illum
2505 3204 2724 3273 quidem
2748 3204 3179 3259 benedictionem
3197 3202 3490 3275 proferen-

1907 3304 2038 3360 tem,
2070 3296 2212 3349 hunc
2234 3296 2399 3350 etiam
2451 3296 2893 3365 prophetautem.
2923 3295 3220 3351 Memoravi
3264 3305 3321 3350 et
3365 3310 3491 3349 cor-

1902 3400 2029 3440 νιιιιι
2064 3401 2217 3439 avem
2253 3386 2543 3454 impuram,
2580 3386 2754 3455 pullos
2787 3387 2914 3442 odio
2970 3387 3284 3451 habentem,
3319 3401 3350 3441 a
3379 3402 3487 3457 qua

1906 3477 2051 3530 Elias
2080 3477 2131 3530 in
2160 3475 2382 3530 deserto
2426 3477 2695 3531 alebatur.
2730 3475 2836 3530 Sed
2866 3475 2987 3531 aliis
3033 3476 3285 3531 omnibus
3326 3477 3488 3531 rebus

1903 3567 2133 3634 assensi,
2164 3566 2515 3636 religionique
2556 3568 2835 3631 ducentes,
2864 3567 2915 3621 iu
2961 3566 3048 3622 his
3100 3577 3282 3621 tamen
3339 3567 3483 3622 dele

1902 3658 2158 3713 assentiri
2195 3667 2541 3715 recusarunt.
2571 3658 2617 3711 A
2643 3659 2797 3728 c0pia
2826 3659 2973 3714 enim
3025 3657 3357 3729 ﬂagitiorum
3382 3658 3482 3714 abs

1905 3750 2415 3818 tecounuissorum,
2454 3765 2684 3821 quaeque
2715 3752 2768 3805 in
2825 3751 2944 3806 dies
2987 3750 3181 3805 delicta
3212 3750 3483 3815 admittis,

1903 3845 1957 3899 in
1977 3844 2308 3898 contrarium
2339 3842 2518 3898 ferunt
2563 3842 2915 3911 sententiam,
2946 3859 3054 3899 non
3092 3844 3159 3898 iis
3186 3858 3309 3914 qua:
3336 3858 3366 3898 a
3392 3856 3482 3897 me

1905 3936 2179 4000 dicuntur,
2200 3936 2292 3989 sed
2319 3950 2441 4005 quae
2464 3950 2494 3990 a
2525 3944 2579 3989 te
2608 3936 3047 4002 committuntur,
3081 3933 3276 3990 intenti
3301 3934 3487 3990 admo-

1903 4027 2135 4083 nitiones
2160 4028 2323 4082 etiam
2361 4027 2731 4098 repudiantes.
2759 4025 2867 4082 Sed
2921 4028 3052 4097 quid
3081 4037 3133 4082 te
3181 4036 3484 4090 vocans,et

1903 4118 2188 4171 adhmrebo
2210 4116 2447 4174 veritati.
2473 4115 2613 4181 Quid
2642 4116 2829 4171 dicens
2862 4115 2931 4170 ab
2954 4116 3194 4171 amentia
3227 4115 3480 4171 liberabo

1904 4208 1988 4263 te?
2016 4207 2152 4274 Quid
2182 4208 2432 4263 scribens
2454 4223 2483 4262 a
2509 4208 2733 4262 libidine
2754 4218 2809 4262 et
2840 4207 3157 4278 impuritate
3194 4215 3246 4261 te
3292 4206 3479 4261 vindi-

1904 4300 2079 4355 cabo?
2112 4300 2193 4354 vel
2217 4300 2342 4353 talia
2373 4301 2714 4355 committere
2731 4300 2941 4365 desine,
2963 4300 3046 4354 vel
3071 4315 3101 4353 a
3128 4313 3290 4354 sacra
3327 4313 3484 4354 men-

1904 4408 1961 4449 sa
2011 4395 2254 4459 discede,
2290 4404 2351 4449 ut
2407 4404 2523 4449 tuto
2558 4395 2794 4465 denique
2848 4394 3107 4449 Ecclesia:
3154 4394 3360 4449 alumni
3414 4394 3485 4449 ad

219 4486 506 4558 τραπέζης
548 4484 745 4538 σαυτὸν
785 4482 1047 4554 χώρισον·
1078 4482 1145 4535 ἵν’
1186 4482 1359 4545 ἀδεῶς
1402 4481 1589 4535 λοιπὸν
1621 4482 1671 4534 ol
1702 4482 1802 4552 τῆς

1906 4503 2061 4544 sacra
2088 4487 2351 4541 accedant
2379 4490 2661 4559 mysteria,
2693 4490 2813 4545 sine
2858 4490 3055 4558 quibus
3082 4487 3317 4545 salutem
3346 4501 3481 4543 oon-

234 4579 565 4647 Ἐκκλησίας
594 4576 854 4647 τρόφιμοι
878 4576 992 4638 τοῖς
1021 4574 1187 4638 θείοις
1230 4573 1644 4646 προσέρχωνται
1691 4591 1800 4645 μυ-

224 4668 493 4738 στηρίοις,
526 4661 602 4719 ὧν
628 4667 756 4719 ἄνευ
789 4663 1027 4735 σωθῆναι
1055 4662 1154 4734 οὐχ
1180 4658 1291 4715 οἷον
1319 4679 1400 4717 τε.

1907 4581 2059 4651 sequi
2093 4590 2387 4649 nequeant.

1355 4840 1592 4899 VARUE
1630 4841 2013 4901 LECTIONES
2051 4843 2139 4897 ET
2180 4842 2412 4899 NOTE.

323 5004 417 5075 ει)
460 5000 962 5073 ’Δπολογησάμενος
993 4999 1153 5054 ambo
1186 4998 1347 5055 codd.
1390 5001 1444 5055 in
1493 4998 1675 5055 futuro
1707 5015 1802 5067 po-

222 5081 697 5154 nuntuseribentes
729 5075 1228 5154 ἀπολογησόμενος,
1239 5152 1246 5154 _
1508 5139 1520 5154 '
1737 5136 1774 5154 ﬂ

298 5151 414 5221 (65)
442 5147 815 5221 Μισοτέκνου
842 5138 1094 5221 ain-7027.
1141 5144 1309 5221 Aliter
1336 5138 1799 5221 μισοτέκνουςτις.

221 5207 436 5274 Plinius
461 5220 555 5273 lib.
592 5235 621 5272 x
656 5218 852 5271 Natur.
880 5207 1048 5276 Ηῖειη
1073 5229 1195 5282 cap.
1225 5214 1313 5279 12,
1338 5207 1410 5265 de
1428 5210 1605 5266 corvis
1632 5228 1645 5282 ς
1677 5207 1799 5262 Pel-

217 5290 346 5345 lunt
376 5289 515 5343 nidis
548 5288 742 5358 pullos,
766 5304 829 5342 ac
858 5297 1030 5341 velare
1065 5281 1291 5354 cogunt;
1340 5284 1431 5352 qui
1467 5291 1517 5334 et
1551 5281 1650 5349 ipsi
1699 5294 1801 5332 non

1907 5015 2065 5054 carne
2090 5010 2289 5054 tantum
2317 4999 2557 5065 aluntur,
2580 5000 2669 5054 sed
2693 5000 2930 5055 robustos
2949 5014 3152 5070 quoque
3170 4997 3341 5068 {actos
3357 5015 3485 5055 suos

1907 5069 2093 5139 fugant
2143 5071 2373 5139 longius.
2423 5071 2489 5125 Et
2532 5086 2655 5125 mox
2713 5085 2729 5125 :
2782 5072 2977 5139 singuli
3022 5069 3268 5139 perpetuo
3307 5070 3485 5124 volant

1905 5141 2165 5207 genitore:
2216 5140 2383 5193 soboli
2432 5142 2546 5195 loco
2586 5141 2793 5195 cedunt.
2840 5139 3000 5194 Plura
3052 5154 3119 5195 ex
3158 5139 3383 5194 Aristot.
3428 5152 3486 5195 et

1906 5207 2128 5264 Eliauo
2159 5209 2243 5265 Jo.
2276 5209 2506 5267 Bochius
2534 5212 2603 5265 ad
2630 5212 2768 5280 psal.
2795 5226 2954 5267 οιινι
2986 5211 3040 5265 in
3088 5209 3213 5267 line.
3235 5207 3478 5267 Suo".
