  <div class='ocr_page' id='page_1' title='image "/cluster/home/n/w/nwhite01/storage/ocr_20150623/78/nnc1.0046980008/918.png"; bbox 0 0 3998 6414; ppageno 0'>
   <div class='ocr_carea' id='block_1_1' title="bbox 351 362 477 428">
    <p class='ocr_par' dir='ltr' id='par_1_1' title="bbox 351 362 477 428">
     <span class='ocr_line' id='line_1_1' title="bbox 351 362 477 428; baseline 0 -2"><span class='ocrx_word' id='word_1_1' title='bbox 351 362 477 428; x_wconf 74' lang='grc'><strong>1681</strong></span> 
     </span>
    </p>
   </div>
   <div class='ocr_carea' id='block_1_2' title="bbox 1789 365 2192 438">
    <p class='ocr_par' dir='ltr' id='par_1_2' title="bbox 1789 365 2192 438">
     <span class='ocr_line' id='line_1_2' title="bbox 1789 365 2192 438; baseline 0 -12"><span class='ocrx_word' id='word_1_2' title='bbox 1789 365 2192 438; x_wconf 81' lang='lat' dir='ltr'><strong>ALLOQUIA.</strong></span> 
     </span>
    </p>
   </div>
   <div class='ocr_carea' id='block_1_3' title="bbox 3477 357 3613 425">
    <p class='ocr_par' dir='ltr' id='par_1_3' title="bbox 3477 357 3613 425">
     <span class='ocr_line' id='line_1_3' title="bbox 3477 357 3613 425; baseline 0 -1"><span class='ocrx_word' id='word_1_3' title='bbox 3477 357 3613 425; x_wconf 79' lang='lat'><strong>1682</strong></span> 
     </span>
    </p>
   </div>
   <div class='ocr_carea' id='block_1_4' title="bbox 346 475 1931 552">
    <p class='ocr_par' dir='ltr' id='par_1_4' title="bbox 346 478 1931 552">
     <span class='ocr_line' id='line_1_4' title="bbox 346 478 1931 552; baseline 0.001 -19"><span class='ocrx_word' id='word_1_4' title='bbox 346 496 499 549; x_wconf 81' lang='grc' dir='ltr'>ματι·</span> <span class='ocrx_word' id='word_1_5' title='bbox 565 478 1024 550; x_wconf 83' lang='grc' dir='ltr'>Ἐνανθρωπὴσας</span> <span class='ocrx_word' id='word_1_6' title='bbox 1062 480 1091 532; x_wconf 95' lang='lat'><strong>6</strong></span> <span class='ocrx_word' id='word_1_7' title='bbox 1137 478 1231 532; x_wconf 86' lang='grc' dir='ltr'><strong>τοῦ</strong></span> <span class='ocrx_word' id='word_1_8' title='bbox 1277 478 1411 533; x_wconf 81' lang='grc' dir='ltr'>Θεοῦ</span> <span class='ocrx_word' id='word_1_9' title='bbox 1462 480 1634 546; x_wconf 81' lang='grc' dir='ltr'>Λόγος</span> <span class='ocrx_word' id='word_1_10' title='bbox 1688 482 1931 552; x_wconf 80' lang='grc' dir='ltr'><strong>μεγάλην</strong></span> 
     </span>
    </p>
   </div>
   <div class='ocr_carea' id='block_1_5' title="bbox 2037 475 3605 552">
    <p class='ocr_par' dir='ltr' id='par_1_5' title="bbox 2037 475 3605 547">
     <span class='ocr_line' id='line_1_5' title="bbox 2037 475 3605 547; baseline -0.003 -11"><span class='ocrx_word' id='word_1_11' title='bbox 2037 491 2180 536; x_wconf 91' lang='lat' dir='ltr'><strong>ctum</strong></span> <span class='ocrx_word' id='word_1_12' title='bbox 2222 480 2382 535; x_wconf 90' lang='lat' dir='ltr'><strong>homo</strong></span> <span class='ocrx_word' id='word_1_13' title='bbox 2420 479 2511 534; x_wconf 87' lang='lat' dir='ltr'><strong>Dei</strong></span> <span class='ocrx_word' id='word_1_14' title='bbox 2545 478 2802 544; x_wconf 79' lang='lat' dir='ltr'><strong>Verbum,</strong></span> <span class='ocrx_word' id='word_1_15' title='bbox 2839 492 3089 547; x_wconf 84' lang='lat' dir='ltr'><strong>magnam</strong></span> <span class='ocrx_word' id='word_1_16' title='bbox 3119 475 3348 547; x_wconf 75' lang='lat' dir='ltr'><strong>grati-am</strong></span> <span class='ocrx_word' id='word_1_17' title='bbox 3380 478 3605 545; x_wconf 62' lang='lat' dir='ltr'><strong>prmium</strong></span> 
     </span>
    </p>
   </div>
   <div class='ocr_carea' id='block_1_6' title="bbox 344 569 1926 643">
    <p class='ocr_par' dir='ltr' id='par_1_6' title="bbox 344 569 1926 643">
     <span class='ocr_line' id='line_1_6' title="bbox 344 569 1926 643; baseline 0.001 -19"><span class='ocrx_word' id='word_1_18' title='bbox 344 573 508 643; x_wconf 74' lang='grc' dir='ltr'>χάριν</span> <span class='ocrx_word' id='word_1_19' title='bbox 534 569 776 641; x_wconf 80' lang='grc' dir='ltr'><strong>παρέσχε</strong></span> <span class='ocrx_word' id='word_1_20' title='bbox 797 573 912 634; x_wconf 86' lang='grc' dir='ltr'>τοῖς</span> <span class='ocrx_word' id='word_1_21' title='bbox 938 569 1324 636; x_wconf 78' lang='grc' dir='ltr'><strong>πιστεύσασιν,</strong></span> <span class='ocrx_word' id='word_1_22' title='bbox 1342 572 1423 635; x_wconf 86' lang='grc' dir='ltr'><strong>είς</strong></span> <span class='ocrx_word' id='word_1_23' title='bbox 1443 572 1604 626; x_wconf 76' lang='grc' dir='ltr'>αὐτὸν</span> <span class='ocrx_word' id='word_1_24' title='bbox 1637 573 1926 626; x_wconf 86' lang='grc' dir='ltr'>πιστεύου-</span> 
     </span>
    </p>
   </div>
   <div class='ocr_carea' id='block_1_7' title="bbox 347 657 1930 735">
    <p class='ocr_par' dir='ltr' id='par_1_7' title="bbox 347 657 1930 735">
     <span class='ocr_line' id='line_1_7' title="bbox 347 657 1930 735; baseline 0.005 -26"><span class='ocrx_word' id='word_1_25' title='bbox 347 658 690 724; x_wconf 79' lang='grc' dir='ltr'>σιν.”Εξεστι</span> <span class='ocrx_word' id='word_1_26' title='bbox 718 657 827 728; x_wconf 84' lang='grc' dir='ltr'><strong>γάρ</strong></span> <span class='ocrx_word' id='word_1_27' title='bbox 849 658 944 712; x_wconf 74' lang='grc' dir='ltr'>καὶ</span> <span class='ocrx_word' id='word_1_28' title='bbox 968 657 1064 711; x_wconf 90' lang='grc' dir='ltr'><strong>νῦν</strong></span> <span class='ocrx_word' id='word_1_29' title='bbox 1091 659 1404 726; x_wconf 86' lang='grc' dir='ltr'>πιστεῦσαι,</span> <span class='ocrx_word' id='word_1_30' title='bbox 1424 661 1517 715; x_wconf 77' lang='grc' dir='ltr'>καὶ</span> <span class='ocrx_word' id='word_1_31' title='bbox 1530 661 1799 735; x_wconf 79' lang='grc' dir='ltr'>ἄρξασθαι</span> <span class='ocrx_word' id='word_1_32' title='bbox 1821 664 1930 717; x_wconf 82' lang='grc' dir='ltr'><strong>ἀπὸ</strong></span> 
     </span>
    </p>
   </div>
   <div class='ocr_carea' id='block_1_8' title="bbox 345 745 1928 822">
    <p class='ocr_par' dir='ltr' id='par_1_8' title="bbox 345 745 1928 822">
     <span class='ocr_line' id='line_1_8' title="bbox 345 745 1928 822; baseline 0.006 -26"><span class='ocrx_word' id='word_1_33' title='bbox 345 745 447 815; x_wconf 81' lang='grc' dir='ltr'>τῆς</span> <span class='ocrx_word' id='word_1_34' title='bbox 465 748 724 817; x_wconf 80' lang='grc' dir='ltr'><strong>σήμερον,</strong></span> <span class='ocrx_word' id='word_1_35' title='bbox 751 746 848 800; x_wconf 83' lang='grc' dir='ltr'><strong>ἐὰν</strong></span> <span class='ocrx_word' id='word_1_36' title='bbox 872 746 1136 816; x_wconf 81' lang='grc' dir='ltr'>θέλωμεν·</span> <span class='ocrx_word' id='word_1_37' title='bbox 1156 748 1353 818; x_wconf 58' lang='lat' dir='ltr'><strong>amr];</strong></span> <span class='ocrx_word' id='word_1_38' title='bbox 1378 750 1753 821; x_wconf 84' lang='grc' dir='ltr'>προαιρέσεως</span> <span class='ocrx_word' id='word_1_39' title='bbox 1769 753 1928 822; x_wconf 82' lang='grc' dir='ltr'>ἡμῶν</span> 
     </span>
    </p>
   </div>
   <div class='ocr_carea' id='block_1_9' title="bbox 347 836 1929 910">
    <p class='ocr_par' dir='ltr' id='par_1_9' title="bbox 347 836 1929 910">
     <span class='ocr_line' id='line_1_9' title="bbox 347 836 1929 910; baseline 0.004 -21"><span class='ocrx_word' id='word_1_40' title='bbox 347 836 651 906; x_wconf 79' lang='grc' dir='ltr'><strong>ποθούσης,</strong></span> <span class='ocrx_word' id='word_1_41' title='bbox 682 842 776 891; x_wconf 77' lang='grc' dir='ltr'>καὶ</span> <span class='ocrx_word' id='word_1_42' title='bbox 808 839 906 909; x_wconf 81' lang='grc' dir='ltr'>τῆς</span> <span class='ocrx_word' id='word_1_43' title='bbox 937 839 1159 909; x_wconf 86' lang='grc' dir='ltr'>χάριτος</span> <span class='ocrx_word' id='word_1_44' title='bbox 1180 840 1523 910; x_wconf 80' lang='grc' dir='ltr'><strong>ἐνεργούσης</strong></span> <span class='ocrx_word' id='word_1_45' title='bbox 1554 841 1733 908; x_wconf 78' lang='grc' dir='ltr'>ἔξεστι</span> <span class='ocrx_word' id='word_1_46' title='bbox 1765 844 1929 896; x_wconf 74' lang='grc' dir='ltr'>παντὶ</span> 
     </span>
    </p>
   </div>
   <div class='ocr_carea' id='block_1_10' title="bbox 347 914 1930 1001">
    <p class='ocr_par' dir='ltr' id='par_1_10' title="bbox 347 914 1930 1001">
     <span class='ocr_line' id='line_1_10' title="bbox 347 914 1930 1001; baseline 0.006 -23"><span class='ocrx_word' id='word_1_47' title='bbox 347 926 660 997; x_wconf 82' lang='grc' dir='ltr'><strong>βουλομένῳ</strong></span> <span class='ocrx_word' id='word_1_48' title='bbox 699 926 846 997; x_wconf 85' lang='grc' dir='ltr'>ἐχειν</span> <span class='ocrx_word' id='word_1_49' title='bbox 875 928 947 990; x_wconf 84' lang='grc' dir='ltr'>ὡς</span> <span class='ocrx_word' id='word_1_50' title='bbox 986 928 1140 982; x_wconf 83' lang='grc' dir='ltr'>οὐδὲν</span> <span class='ocrx_word' id='word_1_51' title='bbox 1171 929 1349 984; x_wconf 84' lang='grc' dir='ltr'>πάντα</span> <span class='ocrx_word' id='word_1_52' title='bbox 1393 931 1486 985; x_wconf 85' lang='grc' dir='ltr'>τὸν</span> <span class='ocrx_word' id='word_1_53' title='bbox 1514 914 1765 1001; x_wconf 74' lang='grc' dir='ltr'>κόσμον.</span> <span class='ocrx_word' id='word_1_54' title='bbox 1816 934 1930 987; x_wconf 80' lang='grc' dir='ltr'><strong>Καὶ</strong></span> 
     </span>
    </p>
   </div>
   <div class='ocr_carea' id='block_1_11' title="bbox 347 1018 1927 1098">
    <p class='ocr_par' dir='ltr' id='par_1_11' title="bbox 347 1018 1927 1098">
     <span class='ocr_line' id='line_1_11' title="bbox 347 1018 1927 1098; baseline 0.005 -27"><span class='ocrx_word' id='word_1_55' title='bbox 347 1018 654 1087; x_wconf 84' lang='grc' dir='ltr'>ἐλάμϐανεν</span> <span class='ocrx_word' id='word_1_56' title='bbox 692 1021 749 1074; x_wconf 79' lang='grc' dir='ltr'>ετ</span> <span class='ocrx_word' id='word_1_57' title='bbox 772 1036 825 1073; x_wconf 88' lang='grc' dir='ltr'><strong>τι</strong></span> <span class='ocrx_word' id='word_1_58' title='bbox 853 1018 1127 1090; x_wconf 76' lang='grc' dir='ltr'>εὕρισκεν,</span> <span class='ocrx_word' id='word_1_59' title='bbox 1160 1020 1272 1074; x_wconf 84' lang='grc' dir='ltr'>είτε</span> <span class='ocrx_word' id='word_1_60' title='bbox 1300 1022 1514 1093; x_wconf 83' lang='grc' dir='ltr'>κάρφος</span> <span class='ocrx_word' id='word_1_61' title='bbox 1532 1024 1642 1077; x_wconf 73' lang='grc' dir='ltr'>εἴτε</span> <span class='ocrx_word' id='word_1_62' title='bbox 1676 1026 1862 1094; x_wconf 75' lang='grc' dir='ltr'>ῥάκος,</span> <span class='ocrx_word' id='word_1_63' title='bbox 1893 1026 1927 1098; x_wconf 76' lang='grc' dir='ltr'>ἢ</span> 
     </span>
    </p>
   </div>
   <div class='ocr_carea' id='block_1_12' title="bbox 342 1110 1927 1189">
    <p class='ocr_par' dir='ltr' id='par_1_12' title="bbox 342 1110 1927 1189">
     <span class='ocr_line' id='line_1_12' title="bbox 342 1110 1927 1189; baseline 0.004 -24"><span class='ocrx_word' id='word_1_64' title='bbox 342 1110 474 1165; x_wconf 74' lang='grc' dir='ltr'>ἄλλο</span> <span class='ocrx_word' id='word_1_65' title='bbox 494 1127 547 1163; x_wconf 91' lang='grc' dir='ltr'><strong>τι</strong></span> <span class='ocrx_word' id='word_1_66' title='bbox 577 1110 793 1175; x_wconf 81' lang='grc' dir='ltr'>εὐτελὲς</span> <span class='ocrx_word' id='word_1_67' title='bbox 811 1153 827 1177; x_wconf 94' lang='grc'><strong>,</strong></span> <span class='ocrx_word' id='word_1_68' title='bbox 859 1112 952 1165; x_wconf 81' lang='grc' dir='ltr'>καὶ</span> <span class='ocrx_word' id='word_1_69' title='bbox 975 1111 1128 1180; x_wconf 74' lang='grc' dir='ltr'>ἔλεγε</span> <span class='ocrx_word' id='word_1_70' title='bbox 1146 1129 1159 1143; x_wconf 90' lang='grc'>·</span> <span class='ocrx_word' id='word_1_71' title='bbox 1196 1114 1293 1177; x_wconf 84' lang='grc' dir='ltr'>Τίς</span> <span class='ocrx_word' id='word_1_72' title='bbox 1313 1114 1405 1168; x_wconf 77' lang='grc' dir='ltr'><strong>διά</strong></span> <span class='ocrx_word' id='word_1_73' title='bbox 1429 1115 1588 1169; x_wconf 84' lang='grc' dir='ltr'>τοῦτο</span> <span class='ocrx_word' id='word_1_74' title='bbox 1624 1118 1857 1187; x_wconf 85' lang='grc' dir='ltr'>μάχεται</span> <span class='ocrx_word' id='word_1_75' title='bbox 1892 1118 1927 1189; x_wconf 80' lang='grc' dir='ltr'>ἢ</span> 
     </span>
    </p>
   </div>
   <div class='ocr_carea' id='block_1_13' title="bbox 349 1201 1929 1277">
    <p class='ocr_par' dir='ltr' id='par_1_13' title="bbox 349 1201 1929 1277">
     <span class='ocr_line' id='line_1_13' title="bbox 349 1201 1929 1277; baseline 0.006 -25"><span class='ocrx_word' id='word_1_76' title='bbox 349 1201 669 1269; x_wconf 80' lang='grc' dir='ltr'>φιλονεικεῖ,</span> <span class='ocrx_word' id='word_1_77' title='bbox 701 1202 735 1273; x_wconf 80' lang='grc' dir='ltr'>ἢ</span> <span class='ocrx_word' id='word_1_78' title='bbox 769 1207 1120 1272; x_wconf 82' lang='grc' dir='ltr'><strong>μνησικακεῖ,</strong></span> <span class='ocrx_word' id='word_1_79' title='bbox 1152 1204 1483 1275; x_wconf 80' lang='grc' dir='ltr'>ἧθλίϐεται,</span> <span class='ocrx_word' id='word_1_80' title='bbox 1516 1208 1563 1259; x_wconf 78' lang='grc' dir='ltr'>εἰ</span> <span class='ocrx_word' id='word_1_81' title='bbox 1594 1207 1668 1277; x_wconf 89' lang='grc' dir='ltr'>μή</span> <span class='ocrx_word' id='word_1_82' title='bbox 1700 1207 1785 1271; x_wconf 86' lang='grc' dir='ltr'><strong>τίς</strong></span> <span class='ocrx_word' id='word_1_83' title='bbox 1812 1210 1929 1261; x_wconf 84' lang='grc' dir='ltr'>ἐστι</span> 
     </span>
    </p>
   </div>
   <div class='ocr_carea' id='block_1_14' title="bbox 347 1296 1929 1371">
    <p class='ocr_par' dir='ltr' id='par_1_14' title="bbox 347 1296 1929 1371">
     <span class='ocr_line' id='line_1_14' title="bbox 347 1296 1929 1371; baseline 0.005 -24"><span class='ocrx_word' id='word_1_84' title='bbox 347 1296 469 1347; x_wconf 81' lang='grc' dir='ltr'>κατ’</span> <span class='ocrx_word' id='word_1_85' title='bbox 494 1296 756 1365; x_wconf 78' lang='grc' dir='ltr'>ἀλήθειαν</span> <span class='ocrx_word' id='word_1_86' title='bbox 784 1297 1055 1361; x_wconf 80' lang='grc' dir='ltr'>ἀπολέσας</span> <span class='ocrx_word' id='word_1_87' title='bbox 1086 1299 1179 1351; x_wconf 81' lang='grc' dir='ltr'>τὸν</span> <span class='ocrx_word' id='word_1_88' title='bbox 1198 1300 1352 1366; x_wconf 84' lang='grc' dir='ltr'>νοῦν;</span> <span class='ocrx_word' id='word_1_89' title='bbox 1378 1298 1578 1353; x_wconf 81' lang='grc' dir='ltr'>οὐκοῦν</span> <span class='ocrx_word' id='word_1_90' title='bbox 1601 1301 1929 1371; x_wconf 80' lang='grc' dir='ltr'><strong>προκόπτων</strong></span> 
     </span>
    </p>
   </div>
   <div class='ocr_carea' id='block_1_15' title="bbox 348 1388 1930 1463">
    <p class='ocr_par' dir='ltr' id='par_1_15' title="bbox 348 1388 1930 1463">
     <span class='ocr_line' id='line_1_15' title="bbox 348 1388 1930 1463; baseline 0.005 -23"><span class='ocrx_word' id='word_1_91' title='bbox 348 1388 444 1440; x_wconf 78' lang='grc' dir='ltr'>καὶ</span> <span class='ocrx_word' id='word_1_92' title='bbox 470 1388 785 1458; x_wconf 84' lang='grc' dir='ltr'>προϐαίνων</span> <span class='ocrx_word' id='word_1_93' title='bbox 822 1391 851 1443; x_wconf 92' lang='lat'><strong>6</strong></span> <span class='ocrx_word' id='word_1_94' title='bbox 878 1389 975 1442; x_wconf 87' lang='grc' dir='ltr'><strong>τοῦ</strong></span> <span class='ocrx_word' id='word_1_95' title='bbox 1004 1390 1139 1443; x_wconf 85' lang='grc' dir='ltr'>Θεοῦ</span> <span class='ocrx_word' id='word_1_96' title='bbox 1170 1390 1457 1460; x_wconf 80' lang='grc' dir='ltr'>ἄνθρωπος</span> <span class='ocrx_word' id='word_1_97' title='bbox 1481 1391 1594 1463; x_wconf 75' lang='grc' dir='ltr'>ἔχει</span> <span class='ocrx_word' id='word_1_98' title='bbox 1633 1395 1812 1447; x_wconf 88' lang='grc' dir='ltr'>πάντα</span> <span class='ocrx_word' id='word_1_99' title='bbox 1839 1393 1930 1448; x_wconf 68' lang='grc' dir='ltr'><strong>τὸν</strong></span> 
     </span>
    </p>
   </div>
   <div class='ocr_carea' id='block_1_16' title="bbox 348 1480 1925 1557">
    <p class='ocr_par' dir='ltr' id='par_1_16' title="bbox 348 1480 1925 1557">
     <span class='ocr_line' id='line_1_16' title="bbox 348 1480 1925 1557; baseline 0.004 -24"><span class='ocrx_word' id='word_1_100' title='bbox 348 1480 553 1552; x_wconf 81' lang='grc' dir='ltr'>κόσμον</span> <span class='ocrx_word' id='word_1_101' title='bbox 590 1480 680 1545; x_wconf 78' lang='grc' dir='ltr'><strong>ὡς</strong></span> <span class='ocrx_word' id='word_1_102' title='bbox 714 1482 777 1536; x_wconf 84' lang='grc' dir='ltr'>τὸ</span> <span class='ocrx_word' id='word_1_103' title='bbox 827 1482 1041 1555; x_wconf 79' lang='grc' dir='ltr'>κάρφος</span> <span class='ocrx_word' id='word_1_104' title='bbox 1068 1482 1260 1548; x_wconf 87' lang='grc' dir='ltr'>τοῦτο,</span> <span class='ocrx_word' id='word_1_105' title='bbox 1295 1484 1397 1539; x_wconf 83' lang='grc' dir='ltr'>κᾶν</span> <span class='ocrx_word' id='word_1_106' title='bbox 1442 1485 1542 1557; x_wconf 76' lang='grc' dir='ltr'><strong>ἔχῃ</strong></span> <span class='ocrx_word' id='word_1_107' title='bbox 1584 1486 1705 1540; x_wconf 84' lang='grc' dir='ltr'>ὅλον</span> <span class='ocrx_word' id='word_1_108' title='bbox 1743 1487 1925 1540; x_wconf 79' lang='grc' dir='ltr'>αὐτόν·</span> 
     </span>
    </p>
   </div>
   <div class='ocr_carea' id='block_1_17' title="bbox 348 1574 1934 1651">
    <p class='ocr_par' dir='ltr' id='par_1_17' title="bbox 348 1574 1934 1651">
     <span class='ocr_line' id='line_1_17' title="bbox 348 1574 1934 1651; baseline 0.005 -25"><span class='ocrx_word' id='word_1_109' title='bbox 348 1574 443 1627; x_wconf 74' lang='grc' dir='ltr'><strong>καὶ</strong></span> <span class='ocrx_word' id='word_1_110' title='bbox 470 1574 600 1645; x_wconf 86' lang='grc' dir='ltr'>γάρ,</span> <span class='ocrx_word' id='word_1_111' title='bbox 623 1575 700 1640; x_wconf 81' lang='grc' dir='ltr'><strong>ὡς</strong></span> <span class='ocrx_word' id='word_1_112' title='bbox 722 1574 888 1645; x_wconf 71' lang='grc' dir='ltr'>λέγω,</span> <span class='ocrx_word' id='word_1_113' title='bbox 913 1578 973 1629; x_wconf 83' lang='grc' dir='ltr'>οὐ</span> <span class='ocrx_word' id='word_1_114' title='bbox 1002 1577 1061 1630; x_wconf 83' lang='grc' dir='ltr'><strong>τὺ</strong></span> <span class='ocrx_word' id='word_1_115' title='bbox 1076 1577 1220 1648; x_wconf 77' lang='grc' dir='ltr'>ἔχειν</span> <span class='ocrx_word' id='word_1_116' title='bbox 1238 1578 1485 1649; x_wconf 71' lang='grc' dir='ltr'>βλάπτει,</span> <span class='ocrx_word' id='word_1_117' title='bbox 1519 1579 1653 1633; x_wconf 84' lang='grc' dir='ltr'>ἀλλὰ</span> <span class='ocrx_word' id='word_1_118' title='bbox 1673 1580 1736 1633; x_wconf 85' lang='grc' dir='ltr'>τὸ</span> <span class='ocrx_word' id='word_1_119' title='bbox 1764 1598 1934 1651; x_wconf 89' lang='grc' dir='ltr'>προσ-</span> 
     </span>
    </p>
   </div>
   <div class='ocr_carea' id='block_1_18' title="bbox 352 1666 1932 1743">
    <p class='ocr_par' dir='ltr' id='par_1_18' title="bbox 352 1666 1932 1743">
     <span class='ocr_line' id='line_1_18' title="bbox 352 1666 1932 1743; baseline 0.005 -24"><span class='ocrx_word' id='word_1_120' title='bbox 352 1666 541 1731; x_wconf 83' lang='grc' dir='ltr'>παθῶς</span> <span class='ocrx_word' id='word_1_121' title='bbox 572 1667 739 1737; x_wconf 77' lang='grc' dir='ltr'>ἔχειν.</span> <span class='ocrx_word' id='word_1_122' title='bbox 767 1670 863 1733; x_wconf 86' lang='grc' dir='ltr'>Τίς</span> <span class='ocrx_word' id='word_1_123' title='bbox 888 1670 992 1723; x_wconf 81' lang='grc' dir='ltr'>οὐκ</span> <span class='ocrx_word' id='word_1_124' title='bbox 1021 1666 1160 1725; x_wconf 78' lang='grc' dir='ltr'>οἶδεν</span> <span class='ocrx_word' id='word_1_125' title='bbox 1186 1672 1268 1725; x_wconf 85' lang='grc' dir='ltr'>ὅτι</span> <span class='ocrx_word' id='word_1_126' title='bbox 1322 1671 1650 1743; x_wconf 83' lang='grc' dir='ltr'>τιμιώτερόν</span> <span class='ocrx_word' id='word_1_127' title='bbox 1691 1675 1838 1727; x_wconf 82' lang='grc' dir='ltr'>ἐστιν</span> <span class='ocrx_word' id='word_1_128' title='bbox 1870 1673 1932 1739; x_wconf 81' lang='grc' dir='ltr'>ἐξ</span> 
     </span>
    </p>
   </div>
   <div class='ocr_carea' id='block_1_19' title="bbox 346 1751 1924 1837">
    <p class='ocr_par' dir='ltr' id='par_1_19' title="bbox 346 1751 1924 1837">
     <span class='ocr_line' id='line_1_19' title="bbox 346 1751 1924 1837; baseline 0.004 -24"><span class='ocrx_word' id='word_1_129' title='bbox 346 1751 425 1813; x_wconf 77' lang='grc' dir='ltr'><strong>ὧν</strong></span> <span class='ocrx_word' id='word_1_130' title='bbox 456 1763 680 1814; x_wconf 82' lang='grc' dir='ltr'>πάντων</span> <span class='ocrx_word' id='word_1_131' title='bbox 719 1760 961 1831; x_wconf 72' lang='grc' dir='ltr'>εἴχομεν,</span> <span class='ocrx_word' id='word_1_132' title='bbox 1002 1764 1064 1815; x_wconf 83' lang='grc' dir='ltr'>τὸ</span> <span class='ocrx_word' id='word_1_133' title='bbox 1100 1762 1292 1832; x_wconf 88' lang='grc' dir='ltr'>σῶμα;</span> <span class='ocrx_word' id='word_1_134' title='bbox 1329 1764 1453 1827; x_wconf 86' lang='grc' dir='ltr'><strong>Πῶς</strong></span> <span class='ocrx_word' id='word_1_135' title='bbox 1480 1760 1574 1818; x_wconf 74' lang='grc' dir='ltr'>οὖν</span> <span class='ocrx_word' id='word_1_136' title='bbox 1608 1764 1803 1837; x_wconf 78' lang='grc' dir='ltr'>καιροῦ</span> <span class='ocrx_word' id='word_1_137' title='bbox 1834 1783 1924 1819; x_wconf 83' lang='grc' dir='ltr'>κα-</span> 
     </span>
    </p>
   </div>
   <div class='ocr_carea' id='block_1_20' title="bbox 349 1834 2009 1927">
    <p class='ocr_par' dir='ltr' id='par_1_20' title="bbox 349 1834 2009 1927">
     <span class='ocr_line' id='line_1_20' title="bbox 349 1834 2009 1927; baseline 0.005 -23"><span class='ocrx_word' id='word_1_138' title='bbox 349 1850 568 1916; x_wconf 87' lang='grc' dir='ltr'>λοῦντος</span> <span class='ocrx_word' id='word_1_139' title='bbox 596 1854 1055 1923; x_wconf 83' lang='grc' dir='ltr'>προστετάγμεθα</span> <span class='ocrx_word' id='word_1_140' title='bbox 1081 1858 1479 1927; x_wconf 88' lang='grc' dir='ltr'>καταφρονεῖν;</span> <span class='ocrx_word' id='word_1_141' title='bbox 1510 1858 1623 1911; x_wconf 73' lang='grc' dir='ltr'><strong>Καὶ</strong></span> <span class='ocrx_word' id='word_1_142' title='bbox 1649 1834 1751 1911; x_wconf 69' lang='grc' dir='ltr'><strong>ἐάν</strong></span> <span class='ocrx_word' id='word_1_143' title='bbox 1765 1858 1932 1912; x_wconf 77' lang='grc' dir='ltr'>αὑτοῦ</span> <span class='ocrx_word' id='word_1_144' title='bbox 1966 1834 2009 1890; x_wconf 75' lang='grc' dir='ltr'>Β</span> 
     </span>
    </p>
   </div>
   <div class='ocr_carea' id='block_1_21' title="bbox 347 1942 1935 2017">
    <p class='ocr_par' dir='ltr' id='par_1_21' title="bbox 347 1942 1935 2017">
     <span class='ocr_line' id='line_1_21' title="bbox 347 1942 1935 2017; baseline 0.006 -22"><span class='ocrx_word' id='word_1_145' title='bbox 347 1942 444 1997; x_wconf 86' lang='grc' dir='ltr'><strong>τοῦ</strong></span> <span class='ocrx_word' id='word_1_146' title='bbox 488 1945 771 2014; x_wconf 83' lang='grc' dir='ltr'>σώματος,</span> <span class='ocrx_word' id='word_1_147' title='bbox 804 1945 985 2017; x_wconf 81' lang='grc' dir='ltr'>πολλῷ</span> <span class='ocrx_word' id='word_1_148' title='bbox 1041 1946 1242 2016; x_wconf 79' lang='grc' dir='ltr'>μᾶλλον</span> <span class='ocrx_word' id='word_1_149' title='bbox 1293 1949 1389 2001; x_wconf 76' lang='grc' dir='ltr'>καὶ</span> <span class='ocrx_word' id='word_1_150' title='bbox 1440 1949 1549 2001; x_wconf 82' lang='grc' dir='ltr'>τῶν</span> <span class='ocrx_word' id='word_1_151' title='bbox 1592 1950 1769 2013; x_wconf 82' lang='grc' dir='ltr'>ἐκτός.</span> <span class='ocrx_word' id='word_1_152' title='bbox 1823 1951 1935 2005; x_wconf 79' lang='grc' dir='ltr'><strong>Καὶ</strong></span> 
     </span>
    </p>
   </div>
   <div class='ocr_carea' id='block_1_22' title="bbox 348 2030 1930 2111">
    <p class='ocr_par' dir='ltr' id='par_1_22' title="bbox 348 2030 1930 2111">
     <span class='ocr_line' id='line_1_22' title="bbox 348 2030 1930 2111; baseline 0.008 -29"><span class='ocrx_word' id='word_1_153' title='bbox 348 2030 626 2101; x_wconf 83' lang='grc' dir='ltr'>ἐμέμνητο</span> <span class='ocrx_word' id='word_1_154' title='bbox 648 2032 743 2086; x_wconf 87' lang='grc' dir='ltr'><strong>τοῦ</strong></span> <span class='ocrx_word' id='word_1_155' title='bbox 770 2034 1004 2103; x_wconf 84' lang='grc' dir='ltr'>ἀδελφοῦ</span> <span class='ocrx_word' id='word_1_156' title='bbox 1037 2034 1251 2106; x_wconf 80' lang='grc' dir='ltr'>ἔχοντος</span> <span class='ocrx_word' id='word_1_157' title='bbox 1280 2038 1348 2091; x_wconf 85' lang='grc' dir='ltr'>τὰ</span> <span class='ocrx_word' id='word_1_158' title='bbox 1376 2038 1606 2109; x_wconf 87' lang='grc' dir='ltr'>λάχανα,</span> <span class='ocrx_word' id='word_1_159' title='bbox 1638 2042 1734 2094; x_wconf 74' lang='grc' dir='ltr'>καὶ</span> <span class='ocrx_word' id='word_1_160' title='bbox 1755 2041 1930 2111; x_wconf 82' lang='grc' dir='ltr'>ἐλεγε⁶</span> 
     </span>
    </p>
   </div>
   <div class='ocr_carea' id='block_1_23' title="bbox 346 2119 1931 2197">
    <p class='ocr_par' dir='ltr' id='par_1_23' title="bbox 346 2119 1931 2197">
     <span class='ocr_line' id='line_1_23' title="bbox 346 2119 1931 2197; baseline 0.007 -26"><span class='ocrx_word' id='word_1_161' title='bbox 346 2119 441 2189; x_wconf 80' lang='grc' dir='ltr'><strong>Μὴ</strong></span> <span class='ocrx_word' id='word_1_162' title='bbox 466 2120 576 2191; x_wconf 85' lang='grc' dir='ltr'>γὰρ</span> <span class='ocrx_word' id='word_1_163' title='bbox 595 2120 699 2173; x_wconf 83' lang='grc' dir='ltr'>οὐκ</span> <span class='ocrx_word' id='word_1_164' title='bbox 718 2121 995 2189; x_wconf 80' lang='grc' dir='ltr'>ἔσπειρεν,</span> <span class='ocrx_word' id='word_1_165' title='bbox 1021 2124 1123 2178; x_wconf 85' lang='grc' dir='ltr'>οὐκ</span> <span class='ocrx_word' id='word_1_166' title='bbox 1146 2126 1468 2190; x_wconf 89' lang='grc' dir='ltr'>ἐκοπίασεν,</span> <span class='ocrx_word' id='word_1_167' title='bbox 1493 2128 1595 2181; x_wconf 84' lang='grc' dir='ltr'>οὐκ</span> <span class='ocrx_word' id='word_1_168' title='bbox 1617 2129 1931 2197; x_wconf 82' lang='grc' dir='ltr'>ἐφύτευσεν,</span> 
     </span>
    </p>
   </div>
   <div class='ocr_carea' id='block_1_24' title="bbox 347 2211 1933 2292">
    <p class='ocr_par' dir='ltr' id='par_1_24' title="bbox 347 2211 1933 2292">
     <span class='ocr_line' id='line_1_24' title="bbox 347 2211 1933 2292; baseline 0.008 -30"><span class='ocrx_word' id='word_1_169' title='bbox 347 2211 448 2264; x_wconf 83' lang='grc' dir='ltr'>οὐκ</span> <span class='ocrx_word' id='word_1_170' title='bbox 468 2212 879 2284; x_wconf 79' lang='grc' dir='ltr'>ἐφιλοκάλησεν,</span> <span class='ocrx_word' id='word_1_171' title='bbox 906 2216 980 2286; x_wconf 80' lang='grc' dir='ltr'>μὴ</span> <span class='ocrx_word' id='word_1_172' title='bbox 1012 2217 1368 2288; x_wconf 73' lang='grc' dir='ltr'>ἐξερῤίζωσεν</span> <span class='ocrx_word' id='word_1_173' title='bbox 1399 2219 1537 2273; x_wconf 76' lang='grc' dir='ltr'>αὐτὰ</span> <span class='ocrx_word' id='word_1_174' title='bbox 1570 2222 1662 2273; x_wconf 72' lang='grc' dir='ltr'>καὶ</span> <span class='ocrx_word' id='word_1_175' title='bbox 1688 2222 1933 2292; x_wconf 76' lang='grc' dir='ltr'>ἔρριψενο</span> 
     </span>
    </p>
   </div>
   <div class='ocr_carea' id='block_1_25' title="bbox 346 2303 1933 2386">
    <p class='ocr_par' dir='ltr' id='par_1_25' title="bbox 346 2303 1933 2386">
     <span class='ocr_line' id='line_1_25' title="bbox 346 2303 1933 2386; baseline 0.008 -30"><span class='ocrx_word' id='word_1_176' title='bbox 346 2304 463 2356; x_wconf 77' lang='grc' dir='ltr'>ἀλλ’</span> <span class='ocrx_word' id='word_1_177' title='bbox 491 2306 641 2374; x_wconf 82' lang='grc' dir='ltr'>ὅμως</span> <span class='ocrx_word' id='word_1_178' title='bbox 670 2303 817 2378; x_wconf 73' lang='grc' dir='ltr'>εἶχεν</span> <span class='ocrx_word' id='word_1_179' title='bbox 844 2309 983 2362; x_wconf 78' lang='grc' dir='ltr'>αὐτὰ</span> <span class='ocrx_word' id='word_1_180' title='bbox 1005 2311 1081 2373; x_wconf 85' lang='grc' dir='ltr'>ὡς</span> <span class='ocrx_word' id='word_1_181' title='bbox 1110 2312 1185 2382; x_wconf 83' lang='grc' dir='ltr'>μὴ</span> <span class='ocrx_word' id='word_1_182' title='bbox 1240 2311 1401 2381; x_wconf 82' lang='grc' dir='ltr'>ἔχων·</span> <span class='ocrx_word' id='word_1_183' title='bbox 1444 2313 1636 2383; x_wconf 85' lang='grc' dir='ltr'>ἀμέλει</span> <span class='ocrx_word' id='word_1_184' title='bbox 1668 2315 1755 2367; x_wconf 80' lang='grc' dir='ltr'>ὅτε</span> <span class='ocrx_word' id='word_1_185' title='bbox 1789 2332 1933 2386; x_wconf 90' lang='grc' dir='ltr'>παρ-</span> 
     </span>
    </p>
   </div>
   <div class='ocr_carea' id='block_1_26' title="bbox 347 2397 1938 2479">
    <p class='ocr_par' dir='ltr' id='par_1_26' title="bbox 347 2397 1938 2479">
     <span class='ocr_line' id='line_1_26' title="bbox 347 2397 1938 2479; baseline 0.008 -29"><span class='ocrx_word' id='word_1_186' title='bbox 347 2397 574 2453; x_wconf 76' lang='grc' dir='ltr'>έϐαλλεν</span> <span class='ocrx_word' id='word_1_187' title='bbox 600 2401 629 2452; x_wconf 97' lang='lat'><strong>6</strong></span> <span class='ocrx_word' id='word_1_188' title='bbox 658 2400 838 2471; x_wconf 78' lang='grc' dir='ltr'>γέρων</span> <span class='ocrx_word' id='word_1_189' title='bbox 869 2402 1161 2472; x_wconf 81' lang='grc' dir='ltr'>δοκιμάσαι</span> <span class='ocrx_word' id='word_1_190' title='bbox 1196 2404 1365 2458; x_wconf 81' lang='grc' dir='ltr'>θέλων</span> <span class='ocrx_word' id='word_1_191' title='bbox 1390 2406 1573 2459; x_wconf 77' lang='grc' dir='ltr'><strong>αὐτόν⁸</strong></span> <span class='ocrx_word' id='word_1_192' title='bbox 1605 2408 1701 2461; x_wconf 74' lang='grc' dir='ltr'><strong>καὶ</strong></span> <span class='ocrx_word' id='word_1_193' title='bbox 1731 2409 1938 2479; x_wconf 72' lang='grc' dir='ltr'>ἤρξατο</span> 
     </span>
    </p>
   </div>
   <div class='ocr_carea' id='block_1_27' title="bbox 349 2488 1935 2564">
    <p class='ocr_par' dir='ltr' id='par_1_27' title="bbox 349 2488 1935 2564">
     <span class='ocr_line' id='line_1_27' title="bbox 349 2488 1935 2564; baseline 0.006 -24"><span class='ocrx_word' id='word_1_194' title='bbox 349 2488 656 2559; x_wconf 81' lang='grc' dir='ltr'>συντρίϐειν</span> <span class='ocrx_word' id='word_1_195' title='bbox 721 2491 883 2551; x_wconf 77' lang='grc' dir='ltr'>αὐτὰ,</span> <span class='ocrx_word' id='word_1_196' title='bbox 916 2492 1039 2545; x_wconf 80' lang='grc' dir='ltr'>οὐδέ</span> <span class='ocrx_word' id='word_1_197' title='bbox 1073 2492 1326 2564; x_wconf 74' lang='grc' dir='ltr'>ἐλογίσθη</span> <span class='ocrx_word' id='word_1_198' title='bbox 1358 2493 1519 2547; x_wconf 84' lang='grc' dir='ltr'>αὐτά·</span> <span class='ocrx_word' id='word_1_199' title='bbox 1549 2495 1646 2548; x_wconf 82' lang='grc' dir='ltr'>καὶ</span> <span class='ocrx_word' id='word_1_200' title='bbox 1683 2495 1774 2548; x_wconf 84' lang='grc' dir='ltr'>ὅτε</span> <span class='ocrx_word' id='word_1_201' title='bbox 1829 2496 1935 2549; x_wconf 85' lang='grc' dir='ltr'>άπ-</span> 
     </span>
    </p>
   </div>
   <div class='ocr_carea' id='block_1_28' title="bbox 346 2578 1929 2658">
    <p class='ocr_par' dir='ltr' id='par_1_28' title="bbox 346 2578 1929 2658">
     <span class='ocr_line' id='line_1_28' title="bbox 346 2578 1929 2658; baseline 0.005 -27"><span class='ocrx_word' id='word_1_202' title='bbox 346 2578 565 2647; x_wconf 85' lang='grc' dir='ltr'>ἐμεινεν</span> <span class='ocrx_word' id='word_1_203' title='bbox 586 2580 684 2651; x_wconf 88' lang='grc' dir='ltr'><strong>μία</strong></span> <span class='ocrx_word' id='word_1_204' title='bbox 702 2580 847 2652; x_wconf 79' lang='grc' dir='ltr'>ῥίζα,</span> <span class='ocrx_word' id='word_1_205' title='bbox 866 2582 985 2635; x_wconf 79' lang='grc' dir='ltr'>τότε</span> <span class='ocrx_word' id='word_1_206' title='bbox 1000 2579 1160 2637; x_wconf 77' lang='grc' dir='ltr'>εἶπεν</span> <span class='ocrx_word' id='word_1_207' title='bbox 1186 2582 1356 2654; x_wconf 85' lang='grc' dir='ltr'>αὐτῷ·</span> <span class='ocrx_word' id='word_1_208' title='bbox 1375 2585 1500 2638; x_wconf 87' lang='grc' dir='ltr'>Ἐάν</span> <span class='ocrx_word' id='word_1_209' title='bbox 1516 2584 1698 2657; x_wconf 72' lang='grc' dir='ltr'>θέλῃς,</span> <span class='ocrx_word' id='word_1_210' title='bbox 1726 2587 1929 2658; x_wconf 82' lang='grc' dir='ltr'>Πάτερ,</span> 
     </span>
    </p>
   </div>
   <div class='ocr_carea' id='block_1_29' title="bbox 348 2670 1931 2747">
    <p class='ocr_par' dir='ltr' id='par_1_29' title="bbox 348 2670 1931 2747">
     <span class='ocr_line' id='line_1_29' title="bbox 348 2670 1931 2747; baseline 0.005 -24"><span class='ocrx_word' id='word_1_211' title='bbox 348 2670 487 2740; x_wconf 79' lang='grc' dir='ltr'>ἄφες</span> <span class='ocrx_word' id='word_1_212' title='bbox 510 2672 665 2736; x_wconf 84' lang='grc' dir='ltr'>αὐτὸ,</span> <span class='ocrx_word' id='word_1_213' title='bbox 692 2674 786 2727; x_wconf 72' lang='grc' dir='ltr'>καὶ</span> <span class='ocrx_word' id='word_1_214' title='bbox 812 2675 1078 2745; x_wconf 87' lang='grc' dir='ltr'>ποιοῦμεν</span> <span class='ocrx_word' id='word_1_215' title='bbox 1108 2677 1189 2740; x_wconf 85' lang='grc' dir='ltr'><strong>εἰς</strong></span> <span class='ocrx_word' id='word_1_216' title='bbox 1216 2675 1351 2731; x_wconf 77' lang='grc' dir='ltr'>αὐτὸ</span> <span class='ocrx_word' id='word_1_217' title='bbox 1368 2676 1612 2747; x_wconf 83' lang='grc' dir='ltr'>ἀγάπην,</span> <span class='ocrx_word' id='word_1_218' title='bbox 1645 2677 1767 2731; x_wconf 86' lang='grc' dir='ltr'>τότε</span> <span class='ocrx_word' id='word_1_219' title='bbox 1789 2677 1931 2746; x_wconf 77' lang='grc' dir='ltr'>ἔγνω</span> 
     </span>
    </p>
   </div>
   <div class='ocr_carea' id='block_1_30' title="bbox 346 2766 1931 2841">
    <p class='ocr_par' dir='ltr' id='par_1_30' title="bbox 346 2766 1931 2841">
     <span class='ocr_line' id='line_1_30' title="bbox 346 2766 1931 2841; baseline 0.004 -23"><span class='ocrx_word' id='word_1_220' title='bbox 346 2768 375 2818; x_wconf 86' lang='lat'><strong>6</strong></span> <span class='ocrx_word' id='word_1_221' title='bbox 406 2766 582 2833; x_wconf 61' lang='grc' dir='ltr'>ἅγιος</span> <span class='ocrx_word' id='word_1_222' title='bbox 615 2767 698 2820; x_wconf 85' lang='grc' dir='ltr'>ὅτι</span> <span class='ocrx_word' id='word_1_223' title='bbox 729 2767 916 2833; x_wconf 85' lang='grc' dir='ltr'>δοῦλος</span> <span class='ocrx_word' id='word_1_224' title='bbox 944 2769 1038 2822; x_wconf 83' lang='grc' dir='ltr'><strong>τοῦ</strong></span> <span class='ocrx_word' id='word_1_225' title='bbox 1074 2768 1209 2822; x_wconf 83' lang='grc' dir='ltr'>Θεοῦ</span> <span class='ocrx_word' id='word_1_226' title='bbox 1242 2769 1395 2837; x_wconf 80' lang='grc' dir='ltr'>ἐστι,</span> <span class='ocrx_word' id='word_1_227' title='bbox 1420 2770 1515 2823; x_wconf 76' lang='grc' dir='ltr'>καὶ</span> <span class='ocrx_word' id='word_1_228' title='bbox 1546 2770 1668 2841; x_wconf 73' lang='grc' dir='ltr'><strong>οὐχὶ</strong></span> <span class='ocrx_word' id='word_1_229' title='bbox 1696 2770 1805 2824; x_wconf 84' lang='grc' dir='ltr'>τῶν</span> <span class='ocrx_word' id='word_1_230' title='bbox 1834 2772 1931 2824; x_wconf 86' lang='grc' dir='ltr'>λα-</span> 
     </span>
    </p>
   </div>
   <div class='ocr_carea' id='block_1_31' title="bbox 348 2856 1930 2932">
    <p class='ocr_par' dir='ltr' id='par_1_31' title="bbox 348 2856 1930 2932">
     <span class='ocr_line' id='line_1_31' title="bbox 348 2856 1930 2932; baseline 0.001 -20"><span class='ocrx_word' id='word_1_231' title='bbox 348 2856 548 2929; x_wconf 67' lang='grc' dir='ltr'>χάνων·</span> <span class='ocrx_word' id='word_1_232' title='bbox 579 2859 675 2913; x_wconf 73' lang='grc' dir='ltr'><strong>καὶ</strong></span> <span class='ocrx_word' id='word_1_233' title='bbox 695 2859 848 2929; x_wconf 82' lang='grc' dir='ltr'>λέγει</span> <span class='ocrx_word' id='word_1_234' title='bbox 870 2860 1041 2931; x_wconf 85' lang='grc' dir='ltr'>αὐτῷ·</span> <span class='ocrx_word' id='word_1_235' title='bbox 1060 2860 1474 2914; x_wconf 75' lang='grc' dir='ltr'>Ἀναπέπαυται</span> <span class='ocrx_word' id='word_1_236' title='bbox 1503 2861 1565 2915; x_wconf 76' lang='grc' dir='ltr'>τὸ</span> <span class='ocrx_word' id='word_1_237' title='bbox 1585 2860 1810 2932; x_wconf 86' lang='grc' dir='ltr'>Πνεῦμα</span> <span class='ocrx_word' id='word_1_238' title='bbox 1837 2861 1930 2914; x_wconf 89' lang='grc' dir='ltr'><strong>τοῦ</strong></span> 
     </span>
    </p>
   </div>
   <div class='ocr_carea' id='block_1_32' title="bbox 346 2949 1933 3026">
    <p class='ocr_par' dir='ltr' id='par_1_32' title="bbox 346 2949 1933 3026">
     <span class='ocr_line' id='line_1_32' title="bbox 346 2949 1933 3026; baseline 0.002 -21"><span class='ocrx_word' id='word_1_239' title='bbox 346 2951 481 3005; x_wconf 82' lang='grc' dir='ltr'>Θεοῦ</span> <span class='ocrx_word' id='word_1_240' title='bbox 522 2954 615 3006; x_wconf 63' lang='grc' dir='ltr'><strong>ἐπι⁹</strong></span> <span class='ocrx_word' id='word_1_241' title='bbox 655 2953 715 3006; x_wconf 79' lang='grc' dir='ltr'>σὲ</span> <span class='ocrx_word' id='word_1_242' title='bbox 735 2995 750 3018; x_wconf 94' lang='grc'><strong>,</strong></span> <span class='ocrx_word' id='word_1_243' title='bbox 783 2953 1001 3022; x_wconf 79' lang='grc' dir='ltr'>ἀδελφέ.</span> <span class='ocrx_word' id='word_1_244' title='bbox 1039 2954 1102 3007; x_wconf 84' lang='lat' dir='ltr'><strong>Ei</strong></span> <span class='ocrx_word' id='word_1_245' title='bbox 1133 2952 1192 3006; x_wconf 82' lang='grc' dir='ltr'>δὲ</span> <span class='ocrx_word' id='word_1_246' title='bbox 1225 2953 1559 3026; x_wconf 84' lang='grc' dir='ltr'>προσπαθῶς</span> <span class='ocrx_word' id='word_1_247' title='bbox 1592 2949 1705 3024; x_wconf 74' lang='grc' dir='ltr'>εἶχε</span> <span class='ocrx_word' id='word_1_248' title='bbox 1738 2955 1806 3008; x_wconf 80' lang='grc' dir='ltr'><strong>τά</strong></span> <span class='ocrx_word' id='word_1_249' title='bbox 1834 2955 1933 3007; x_wconf 89' lang='grc' dir='ltr'>λά-</span> 
     </span>
    </p>
   </div>
   <div class='ocr_carea' id='block_1_33' title="bbox 347 3045 1930 3114">
    <p class='ocr_par' dir='ltr' id='par_1_33' title="bbox 347 3045 1930 3114">
     <span class='ocr_line' id='line_1_33' title="bbox 347 3045 1930 3114; baseline -0.001 -15"><span class='ocrx_word' id='word_1_250' title='bbox 347 3062 521 3114; x_wconf 82' lang='grc' dir='ltr'>χανα,</span> <span class='ocrx_word' id='word_1_251' title='bbox 555 3045 862 3099; x_wconf 82' lang='grc' dir='ltr'>ἐδεικνύετο</span> <span class='ocrx_word' id='word_1_252' title='bbox 894 3045 1099 3110; x_wconf 79' lang='grc' dir='ltr'>εὐθέως</span> <span class='ocrx_word' id='word_1_253' title='bbox 1139 3046 1228 3102; x_wconf 73' lang='grc' dir='ltr'><strong>διὰ</strong></span> <span class='ocrx_word' id='word_1_254' title='bbox 1274 3048 1337 3100; x_wconf 85' lang='grc' dir='ltr'>τὸ</span> <span class='ocrx_word' id='word_1_255' title='bbox 1384 3046 1668 3099; x_wconf 87' lang='grc' dir='ltr'>θλίϐεσθαι</span> <span class='ocrx_word' id='word_1_256' title='bbox 1698 3048 1796 3099; x_wconf 75' lang='grc' dir='ltr'>καὶ</span> <span class='ocrx_word' id='word_1_257' title='bbox 1830 3063 1930 3098; x_wconf 89' lang='grc' dir='ltr'>τα-</span> 
     </span>
    </p>
   </div>
   <div class='ocr_carea' id='block_1_34' title="bbox 349 3135 1927 3210">
    <p class='ocr_par' dir='ltr' id='par_1_34' title="bbox 349 3135 1927 3210">
     <span class='ocr_line' id='line_1_34' title="bbox 349 3135 1927 3210; baseline 0.001 -19"><span class='ocrx_word' id='word_1_258' title='bbox 349 3137 674 3207; x_wconf 68' lang='grc' dir='ltr'>ράσσεσθαν</span> <span class='ocrx_word' id='word_1_259' title='bbox 700 3138 816 3191; x_wconf 78' lang='grc' dir='ltr'>ἀλλ’</span> <span class='ocrx_word' id='word_1_260' title='bbox 856 3138 1056 3203; x_wconf 76' lang='grc' dir='ltr'>ἔδειξεν</span> <span class='ocrx_word' id='word_1_261' title='bbox 1084 3141 1165 3193; x_wconf 83' lang='grc' dir='ltr'>ὅτι</span> <span class='ocrx_word' id='word_1_262' title='bbox 1212 3135 1326 3210; x_wconf 78' lang='grc' dir='ltr'>εἶχε</span> <span class='ocrx_word' id='word_1_263' title='bbox 1357 3140 1498 3193; x_wconf 82' lang='grc' dir='ltr'>αὐτὰ</span> <span class='ocrx_word' id='word_1_264' title='bbox 1538 3139 1615 3203; x_wconf 82' lang='grc' dir='ltr'>ὡς</span> <span class='ocrx_word' id='word_1_265' title='bbox 1646 3140 1722 3210; x_wconf 81' lang='grc' dir='ltr'>μὴ</span> <span class='ocrx_word' id='word_1_266' title='bbox 1766 3140 1927 3210; x_wconf 79' lang='grc' dir='ltr'>ἔχων.</span> 
     </span>
    </p>
   </div>
   <div class='ocr_carea' id='block_1_35' title="bbox 349 3228 1933 3304">
    <p class='ocr_par' dir='ltr' id='par_1_35' title="bbox 349 3228 1933 3304">
     <span class='ocr_line' id='line_1_35' title="bbox 349 3228 1933 3304; baseline 0.001 -21"><span class='ocrx_word' id='word_1_267' title='bbox 349 3229 459 3283; x_wconf 78' lang='grc' dir='ltr'><strong>Καὶ</strong></span> <span class='ocrx_word' id='word_1_268' title='bbox 490 3228 681 3298; x_wconf 74' lang='grc' dir='ltr'>ἔλεγεν</span> <span class='ocrx_word' id='word_1_269' title='bbox 706 3231 787 3284; x_wconf 81' lang='grc' dir='ltr'>ὅτι</span> <span class='ocrx_word' id='word_1_270' title='bbox 829 3231 1183 3301; x_wconf 85' lang='grc' dir='ltr'>σημειοῦνται</span> <span class='ocrx_word' id='word_1_271' title='bbox 1209 3232 1277 3286; x_wconf 74' lang='grc' dir='ltr'><strong>τὰ</strong></span> <span class='ocrx_word' id='word_1_272' title='bbox 1304 3231 1529 3286; x_wconf 85' lang='grc' dir='ltr'>τοιαῦτα</span> <span class='ocrx_word' id='word_1_273' title='bbox 1556 3234 1604 3286; x_wconf 88' lang='lat' dir='ltr'><strong>oi</strong></span> <span class='ocrx_word' id='word_1_274' title='bbox 1638 3232 1892 3304; x_wconf 85' lang='grc' dir='ltr'>δαίμονες</span> <span class='ocrx_word' id='word_1_275' title='bbox 1916 3251 1933 3264; x_wconf 74' lang='grc' dir='ltr'><strong><em>ο</em></strong></span> 
     </span>
    </p>
   </div>
   <div class='ocr_carea' id='block_1_36' title="bbox 349 3321 1931 3398">
    <p class='ocr_par' dir='ltr' id='par_1_36' title="bbox 349 3321 1931 3398">
     <span class='ocr_line' id='line_1_36' title="bbox 349 3321 1931 3398; baseline 0.004 -24"><span class='ocrx_word' id='word_1_276' title='bbox 349 3321 444 3374; x_wconf 78' lang='grc' dir='ltr'>καὶ</span> <span class='ocrx_word' id='word_1_277' title='bbox 481 3322 575 3375; x_wconf 82' lang='grc' dir='ltr'><strong>ἐὰν</strong></span> <span class='ocrx_word' id='word_1_278' title='bbox 598 3321 751 3376; x_wconf 73' lang='grc' dir='ltr'>ἴδωσί</span> <span class='ocrx_word' id='word_1_279' title='bbox 781 3339 903 3375; x_wconf 83' lang='grc' dir='ltr'>τινα</span> <span class='ocrx_word' id='word_1_280' title='bbox 932 3323 1305 3394; x_wconf 79' lang='grc' dir='ltr'>άπροσπαθῶς</span> <span class='ocrx_word' id='word_1_281' title='bbox 1341 3323 1533 3396; x_wconf 78' lang='grc' dir='ltr'>ἔχοντα</span> <span class='ocrx_word' id='word_1_282' title='bbox 1577 3327 1657 3389; x_wconf 85' lang='grc' dir='ltr'><strong>είς</strong></span> <span class='ocrx_word' id='word_1_283' title='bbox 1684 3327 1760 3380; x_wconf 80' lang='grc' dir='ltr'><strong>τὰ</strong></span> <span class='ocrx_word' id='word_1_284' title='bbox 1786 3328 1931 3398; x_wconf 87' lang='grc' dir='ltr'>πρά-</span> 
     </span>
    </p>
   </div>
   <div class='ocr_carea' id='block_1_37' title="bbox 348 3412 1931 3486">
    <p class='ocr_par' dir='ltr' id='par_1_37' title="bbox 348 3412 1931 3486">
     <span class='ocr_line' id='line_1_37' title="bbox 348 3412 1931 3486; baseline 0.004 -21"><span class='ocrx_word' id='word_1_285' title='bbox 348 3428 536 3482; x_wconf 84' lang='grc' dir='ltr'>γματα</span> <span class='ocrx_word' id='word_1_286' title='bbox 573 3412 663 3466; x_wconf 83' lang='grc' dir='ltr'><strong>διὰ</strong></span> <span class='ocrx_word' id='word_1_287' title='bbox 688 3413 750 3466; x_wconf 82' lang='grc' dir='ltr'>τὸ</span> <span class='ocrx_word' id='word_1_288' title='bbox 782 3413 859 3484; x_wconf 84' lang='grc' dir='ltr'>μὴ</span> <span class='ocrx_word' id='word_1_289' title='bbox 897 3414 1286 3486; x_wconf 83' lang='grc' dir='ltr'>ταράττεσθαι,</span> <span class='ocrx_word' id='word_1_290' title='bbox 1322 3417 1689 3485; x_wconf 83' lang='grc' dir='ltr'>γινώσκουσιν</span> <span class='ocrx_word' id='word_1_291' title='bbox 1722 3418 1806 3471; x_wconf 82' lang='grc' dir='ltr'>ὅτι</span> <span class='ocrx_word' id='word_1_292' title='bbox 1838 3413 1931 3473; x_wconf 80' lang='grc' dir='ltr'>οὗ·</span> 
     </span>
    </p>
   </div>
   <div class='ocr_carea' id='block_1_38' title="bbox 2038 566 3608 638">
    <p class='ocr_par' dir='ltr' id='par_1_38' title="bbox 2038 566 3608 638">
     <span class='ocr_line' id='line_1_38' title="bbox 2038 566 3608 638; baseline -0.004 -12"><span class='ocrx_word' id='word_1_293' title='bbox 2038 571 2285 627; x_wconf 83' lang='lat' dir='ltr'><strong>lldelibns</strong></span> <span class='ocrx_word' id='word_1_294' title='bbox 2312 570 2368 624; x_wconf 86' lang='lat' dir='ltr'><strong>in</strong></span> <span class='ocrx_word' id='word_1_295' title='bbox 2408 570 2585 638; x_wconf 91' lang='lat' dir='ltr'><strong>ipsum</strong></span> <span class='ocrx_word' id='word_1_296' title='bbox 2617 568 2985 624; x_wconf 78' lang='lat' dir='ltr'><strong>credentibus.</strong></span> <span class='ocrx_word' id='word_1_297' title='bbox 3012 566 3166 621; x_wconf 88' lang='lat' dir='ltr'><strong>Licet</strong></span> <span class='ocrx_word' id='word_1_298' title='bbox 3194 566 3340 620; x_wconf 84' lang='lat' dir='ltr'><strong>enim</strong></span> <span class='ocrx_word' id='word_1_299' title='bbox 3368 575 3424 619; x_wconf 89' lang='lat' dir='ltr'><strong>et</strong></span> <span class='ocrx_word' id='word_1_300' title='bbox 3466 582 3608 619; x_wconf 77' lang='lat' dir='ltr'><strong>inme</strong></span> 
     </span>
    </p>
   </div>
   <div class='ocr_carea' id='block_1_39' title="bbox 2032 655 3609 728">
    <p class='ocr_par' dir='ltr' id='par_1_39' title="bbox 2032 655 3609 728">
     <span class='ocr_line' id='line_1_39' title="bbox 2032 655 3609 728; baseline -0.006 -11"><span class='ocrx_word' id='word_1_301' title='bbox 2032 664 2285 728; x_wconf 79' lang='lat' dir='ltr'><strong>credere;</strong></span> <span class='ocrx_word' id='word_1_302' title='bbox 2331 671 2386 716; x_wconf 91' lang='lat' dir='ltr'><strong>et</strong></span> <span class='ocrx_word' id='word_1_303' title='bbox 2420 662 2490 715; x_wconf 91' lang='lat' dir='ltr'><strong>ab</strong></span> <span class='ocrx_word' id='word_1_304' title='bbox 2529 660 2631 715; x_wconf 87' lang='lat' dir='ltr'><strong>hac</strong></span> <span class='ocrx_word' id='word_1_305' title='bbox 2658 661 2745 714; x_wconf 92' lang='lat' dir='ltr'><strong>die</strong></span> <span class='ocrx_word' id='word_1_306' title='bbox 2775 659 3032 728; x_wconf 76' lang='lat' dir='ltr'><strong>incipere,</strong></span> <span class='ocrx_word' id='word_1_307' title='bbox 3083 659 3127 712; x_wconf 88' lang='lat' dir='ltr'><strong>si</strong></span> <span class='ocrx_word' id='word_1_308' title='bbox 3177 657 3426 711; x_wconf 79' lang='lat' dir='ltr'><strong>velimus.</strong></span> <span class='ocrx_word' id='word_1_309' title='bbox 3472 655 3609 710; x_wconf 81' lang='lat' dir='ltr'><strong>Nam</strong></span> 
     </span>
    </p>
   </div>
   <div class='ocr_carea' id='block_1_40' title="bbox 2031 746 3609 817">
    <p class='ocr_par' dir='ltr' id='par_1_40' title="bbox 2031 746 3609 817">
     <span class='ocr_line' id='line_1_40' title="bbox 2031 746 3609 817; baseline -0.003 -10"><span class='ocrx_word' id='word_1_310' title='bbox 2031 754 2254 807; x_wconf 84' lang='lat' dir='ltr'><strong>arbitrio</strong></span> <span class='ocrx_word' id='word_1_311' title='bbox 2300 760 2487 805; x_wconf 89' lang='lat' dir='ltr'><strong>nostro</strong></span> <span class='ocrx_word' id='word_1_312' title='bbox 2541 750 2887 805; x_wconf 87' lang='lat' dir='ltr'><strong>desiderante</strong></span> <span class='ocrx_word' id='word_1_313' title='bbox 2935 758 2989 801; x_wconf 89' lang='lat' dir='ltr'><strong>et</strong></span> <span class='ocrx_word' id='word_1_314' title='bbox 3031 748 3205 817; x_wconf 80' lang='lat' dir='ltr'><strong>gratia</strong></span> <span class='ocrx_word' id='word_1_315' title='bbox 3254 748 3364 801; x_wconf 89' lang='lat' dir='ltr'><strong>vim</strong></span> <span class='ocrx_word' id='word_1_316' title='bbox 3421 746 3609 813; x_wconf 86' lang='lat' dir='ltr'><strong>dante,</strong></span> 
     </span>
    </p>
   </div>
   <div class='ocr_carea' id='block_1_41' title="bbox 2032 838 3611 908">
    <p class='ocr_par' dir='ltr' id='par_1_41' title="bbox 2032 838 3611 908">
     <span class='ocr_line' id='line_1_41' title="bbox 2032 838 3611 908; baseline -0.006 -7"><span class='ocrx_word' id='word_1_317' title='bbox 2032 847 2159 903; x_wconf 84' lang='lat' dir='ltr'><strong>licet</strong></span> <span class='ocrx_word' id='word_1_318' title='bbox 2193 844 2367 902; x_wconf 87' lang='lat' dir='ltr'><strong>cuivis</strong></span> <span class='ocrx_word' id='word_1_319' title='bbox 2395 843 2592 898; x_wconf 89' lang='lat' dir='ltr'><strong>volenti</strong></span> <span class='ocrx_word' id='word_1_320' title='bbox 2627 849 2798 895; x_wconf 87' lang='lat' dir='ltr'><strong>totum</strong></span> <span class='ocrx_word' id='word_1_321' title='bbox 2850 840 3107 894; x_wconf 86' lang='lat' dir='ltr'><strong>mundum</strong></span> <span class='ocrx_word' id='word_1_322' title='bbox 3150 854 3248 908; x_wconf 91' lang='lat' dir='ltr'><strong>pro</strong></span> <span class='ocrx_word' id='word_1_323' title='bbox 3295 838 3471 893; x_wconf 85' lang='lat' dir='ltr'><strong>nihilo</strong></span> <span class='ocrx_word' id='word_1_324' title='bbox 3510 840 3611 893; x_wconf 85' lang='lat' dir='ltr'><strong>ha-</strong></span> 
     </span>
    </p>
   </div>
   <div class='ocr_carea' id='block_1_42' title="bbox 2031 932 3612 1004">
    <p class='ocr_par' dir='ltr' id='par_1_42' title="bbox 2031 932 3612 1004">
     <span class='ocr_line' id='line_1_42' title="bbox 2031 932 3612 1004; baseline -0.005 -11"><span class='ocrx_word' id='word_1_325' title='bbox 2031 940 2180 993; x_wconf 86' lang='lat' dir='ltr'><strong>bere.</strong></span> <span class='ocrx_word' id='word_1_326' title='bbox 2222 936 2293 993; x_wconf 82' lang='lat' dir='ltr'><strong>Et</strong></span> <span class='ocrx_word' id='word_1_327' title='bbox 2322 936 2573 1004; x_wconf 89' lang='lat' dir='ltr'><strong>capiebat</strong></span> <span class='ocrx_word' id='word_1_328' title='bbox 2602 935 2657 989; x_wconf 91' lang='lat' dir='ltr'><strong>in</strong></span> <span class='ocrx_word' id='word_1_329' title='bbox 2703 947 2922 987; x_wconf 85' lang='lat' dir='ltr'><strong>manum</strong></span> <span class='ocrx_word' id='word_1_330' title='bbox 2957 932 3219 1002; x_wconf 81' lang='lat' dir='ltr'><strong>quidquid</strong></span> <span class='ocrx_word' id='word_1_331' title='bbox 3254 932 3489 1002; x_wconf 85' lang='lat' dir='ltr'><strong>primum</strong></span> <span class='ocrx_word' id='word_1_332' title='bbox 3514 945 3612 986; x_wconf 83' lang='lat' dir='ltr'><strong>oc-</strong></span> 
     </span>
    </p>
   </div>
   <div class='ocr_carea' id='block_1_43' title="bbox 2030 1025 3615 1099">
    <p class='ocr_par' dir='ltr' id='par_1_43' title="bbox 2030 1025 3615 1099">
     <span class='ocr_line' id='line_1_43' title="bbox 2030 1025 3615 1099; baseline -0.005 -15"><span class='ocrx_word' id='word_1_333' title='bbox 2030 1038 2299 1097; x_wconf 79' lang='lat' dir='ltr'><strong>curreret,</strong></span> <span class='ocrx_word' id='word_1_334' title='bbox 2341 1038 2470 1099; x_wconf 88' lang='lat' dir='ltr'><strong>puta</strong></span> <span class='ocrx_word' id='word_1_335' title='bbox 2514 1028 2807 1091; x_wconf 86' lang='lat' dir='ltr'><strong>festucam,</strong></span> <span class='ocrx_word' id='word_1_336' title='bbox 2850 1025 3099 1080; x_wconf 83' lang='lat' dir='ltr'><strong>centenis</strong></span> <span class='ocrx_word' id='word_1_337' title='bbox 3150 1025 3463 1089; x_wconf 85' lang='lat' dir='ltr'><strong>frustulum,</strong></span> <span class='ocrx_word' id='word_1_338' title='bbox 3520 1034 3615 1077; x_wconf 91' lang='lat' dir='ltr'><strong>aut</strong></span> 
     </span>
    </p>
   </div>
   <div class='ocr_carea' id='block_1_44' title="bbox 2029 1116 3615 1191">
    <p class='ocr_par' dir='ltr' id='par_1_44' title="bbox 2029 1116 3615 1191">
     <span class='ocr_line' id='line_1_44' title="bbox 2029 1116 3615 1191; baseline -0.003 -17"><span class='ocrx_word' id='word_1_339' title='bbox 2029 1120 2135 1176; x_wconf 84' lang='lat' dir='ltr'><strong>vile</strong></span> <span class='ocrx_word' id='word_1_340' title='bbox 2158 1121 2433 1191; x_wconf 87' lang='lat' dir='ltr'><strong>quidpiam</strong></span> <span class='ocrx_word' id='word_1_341' title='bbox 2465 1119 2769 1175; x_wconf 76' lang='lat' dir='ltr'><strong>istiusmodi</strong></span> <span class='ocrx_word' id='word_1_342' title='bbox 2806 1136 2820 1172; x_wconf 87' lang='lat'><strong>:</strong></span> <span class='ocrx_word' id='word_1_343' title='bbox 2850 1129 2904 1172; x_wconf 94' lang='lat' dir='ltr'><strong>et</strong></span> <span class='ocrx_word' id='word_1_344' title='bbox 2930 1118 3145 1174; x_wconf 87' lang='lat' dir='ltr'><strong>dicebat</strong></span> <span class='ocrx_word' id='word_1_345' title='bbox 3175 1138 3187 1171; x_wconf 89' lang='lat'><strong>:</strong></span> <span class='ocrx_word' id='word_1_346' title='bbox 3218 1116 3352 1183; x_wconf 83' lang='lat' dir='ltr'><strong>Quis</strong></span> <span class='ocrx_word' id='word_1_347' title='bbox 3394 1125 3615 1187; x_wconf 89' lang='lat' dir='ltr'><strong>propter</strong></span> 
     </span>
    </p>
   </div>
   <div class='ocr_carea' id='block_1_45' title="bbox 2032 1210 3611 1285">
    <p class='ocr_par' dir='ltr' id='par_1_45' title="bbox 2032 1210 3611 1285">
     <span class='ocr_line' id='line_1_45' title="bbox 2032 1210 3611 1285; baseline -0.007 -15"><span class='ocrx_word' id='word_1_348' title='bbox 2032 1216 2134 1270; x_wconf 85' lang='lat' dir='ltr'><strong>hoc</strong></span> <span class='ocrx_word' id='word_1_349' title='bbox 2178 1224 2404 1285; x_wconf 80' lang='lat' dir='ltr'><strong>pugnat,</strong></span> <span class='ocrx_word' id='word_1_350' title='bbox 2452 1222 2545 1268; x_wconf 87' lang='lat' dir='ltr'><strong>aut</strong></span> <span class='ocrx_word' id='word_1_351' title='bbox 2588 1212 2890 1276; x_wconf 83' lang='lat' dir='ltr'><strong>contendit,</strong></span> <span class='ocrx_word' id='word_1_352' title='bbox 2940 1221 3034 1266; x_wconf 86' lang='lat' dir='ltr'><strong>aut</strong></span> <span class='ocrx_word' id='word_1_353' title='bbox 3080 1210 3324 1266; x_wconf 88' lang='lat' dir='ltr'><strong>infensus</strong></span> <span class='ocrx_word' id='word_1_354' title='bbox 3380 1210 3471 1263; x_wconf 89' lang='lat' dir='ltr'><strong>ulli</strong></span> <span class='ocrx_word' id='word_1_355' title='bbox 3508 1218 3611 1271; x_wconf 86' lang='lat' dir='ltr'><strong>est,</strong></span> 
     </span>
    </p>
   </div>
   <div class='ocr_carea' id='block_1_46' title="bbox 2030 1300 3615 1377">
    <p class='ocr_par' dir='ltr' id='par_1_46' title="bbox 2030 1300 3615 1377">
     <span class='ocr_line' id='line_1_46' title="bbox 2030 1300 3615 1377; baseline -0.005 -17"><span class='ocrx_word' id='word_1_356' title='bbox 2030 1315 2125 1361; x_wconf 88' lang='lat' dir='ltr'><strong>aut</strong></span> <span class='ocrx_word' id='word_1_357' title='bbox 2153 1306 2388 1377; x_wconf 90' lang='lat' dir='ltr'><strong>angitur,</strong></span> <span class='ocrx_word' id='word_1_358' title='bbox 2422 1305 2521 1359; x_wconf 90' lang='lat' dir='ltr'><strong>nisi</strong></span> <span class='ocrx_word' id='word_1_359' title='bbox 2567 1306 2658 1374; x_wconf 86' lang='lat' dir='ltr'><strong>qui</strong></span> <span class='ocrx_word' id='word_1_360' title='bbox 2690 1320 2817 1358; x_wconf 85' lang='lat' dir='ltr'><strong>vere</strong></span> <span class='ocrx_word' id='word_1_361' title='bbox 2863 1320 3022 1358; x_wconf 91' lang='lat' dir='ltr'><strong>nsum</strong></span> <span class='ocrx_word' id='word_1_362' title='bbox 3058 1302 3289 1357; x_wconf 85' lang='lat' dir='ltr'><strong>rationis</strong></span> <span class='ocrx_word' id='word_1_363' title='bbox 3330 1300 3615 1356; x_wconf 81' lang='lat' dir='ltr'><strong>amiserit?</strong></span> 
     </span>
    </p>
   </div>
   <div class='ocr_carea' id='block_1_47' title="bbox 2030 1393 3616 1468">
    <p class='ocr_par' dir='ltr' id='par_1_47' title="bbox 2030 1393 3616 1468">
     <span class='ocr_line' id='line_1_47' title="bbox 2030 1393 3616 1468; baseline -0.006 -15"><span class='ocrx_word' id='word_1_364' title='bbox 2030 1398 2197 1467; x_wconf 83' lang='lat' dir='ltr'><strong>Igitur</strong></span> <span class='ocrx_word' id='word_1_365' title='bbox 2222 1397 2573 1468; x_wconf 80' lang='lat' dir='ltr'><strong>progrediens</strong></span> <span class='ocrx_word' id='word_1_366' title='bbox 2602 1409 2656 1451; x_wconf 92' lang='lat' dir='ltr'><strong>et</strong></span> <span class='ocrx_word' id='word_1_367' title='bbox 2684 1397 2974 1465; x_wconf 85' lang='lat' dir='ltr'><strong>proficiens</strong></span> <span class='ocrx_word' id='word_1_368' title='bbox 2999 1395 3051 1449; x_wconf 92' lang='lat' dir='ltr'><strong>in</strong></span> <span class='ocrx_word' id='word_1_369' title='bbox 3077 1394 3159 1448; x_wconf 90' lang='lat' dir='ltr'><strong>via</strong></span> <span class='ocrx_word' id='word_1_370' title='bbox 3185 1393 3423 1463; x_wconf 92' lang='lat' dir='ltr'><strong>Spiritus</strong></span> <span class='ocrx_word' id='word_1_371' title='bbox 3454 1393 3616 1446; x_wconf 86' lang='lat' dir='ltr'><strong>homo</strong></span> 
     </span>
    </p>
   </div>
   <div class='ocr_carea' id='block_1_48' title="bbox 2033 1486 3612 1555">
    <p class='ocr_par' dir='ltr' id='par_1_48' title="bbox 2033 1486 3612 1555">
     <span class='ocr_line' id='line_1_48' title="bbox 2033 1486 3612 1555; baseline -0.009 -8"><span class='ocrx_word' id='word_1_372' title='bbox 2033 1493 2129 1547; x_wconf 87' lang='lat' dir='ltr'><strong>Dei</strong></span> <span class='ocrx_word' id='word_1_373' title='bbox 2160 1501 2329 1547; x_wconf 90' lang='lat' dir='ltr'><strong>totum</strong></span> <span class='ocrx_word' id='word_1_374' title='bbox 2366 1492 2643 1553; x_wconf 88' lang='lat' dir='ltr'><strong>mundum,</strong></span> <span class='ocrx_word' id='word_1_375' title='bbox 2668 1490 2768 1544; x_wconf 85' lang='lat' dir='ltr'><strong>etsi</strong></span> <span class='ocrx_word' id='word_1_376' title='bbox 2803 1489 3114 1543; x_wconf 86' lang='lat' dir='ltr'><strong>universum</strong></span> <span class='ocrx_word' id='word_1_377' title='bbox 3157 1486 3455 1555; x_wconf 85' lang='lat' dir='ltr'><strong>possideat,</strong></span> <span class='ocrx_word' id='word_1_378' title='bbox 3508 1500 3612 1535; x_wconf 84' lang='lat' dir='ltr'><strong>non</strong></span> 
     </span>
    </p>
   </div>
   <div class='ocr_carea' id='block_1_49' title="bbox 2032 1574 3614 1654">
    <p class='ocr_par' dir='ltr' id='par_1_49' title="bbox 2032 1574 3614 1654">
     <span class='ocr_line' id='line_1_49' title="bbox 2032 1574 3614 1654; baseline -0.008 -15"><span class='ocrx_word' id='word_1_379' title='bbox 2032 1585 2225 1654; x_wconf 86' lang='lat' dir='ltr'><strong>majori</strong></span> <span class='ocrx_word' id='word_1_380' title='bbox 2256 1582 2489 1638; x_wconf 74' lang='lat' dir='ltr'><strong>aestimat</strong></span> <span class='ocrx_word' id='word_1_381' title='bbox 2520 1582 2694 1651; x_wconf 89' lang='lat' dir='ltr'><strong>pretio</strong></span> <span class='ocrx_word' id='word_1_382' title='bbox 2726 1594 2890 1649; x_wconf 90' lang='lat' dir='ltr'><strong>quam</strong></span> <span class='ocrx_word' id='word_1_383' title='bbox 2935 1578 3195 1634; x_wconf 81' lang='lat' dir='ltr'><strong>festucam</strong></span> <span class='ocrx_word' id='word_1_384' title='bbox 3229 1576 3392 1630; x_wconf 86' lang='lat' dir='ltr'><strong>hanc.</strong></span> <span class='ocrx_word' id='word_1_385' title='bbox 3426 1574 3614 1628; x_wconf 83' lang='lat' dir='ltr'><strong>Enim-</strong></span> 
     </span>
    </p>
   </div>
   <div class='ocr_carea' id='block_1_50' title="bbox 2030 1665 3614 1744">
    <p class='ocr_par' dir='ltr' id='par_1_50' title="bbox 2030 1665 3614 1744">
     <span class='ocr_line' id='line_1_50' title="bbox 2030 1665 3614 1744; baseline -0.008 -15"><span class='ocrx_word' id='word_1_386' title='bbox 2030 1692 2184 1744; x_wconf 88' lang='lat' dir='ltr'><strong>vero,</strong></span> <span class='ocrx_word' id='word_1_387' title='bbox 2213 1676 2365 1744; x_wconf 76' lang='lat' dir='ltr'><strong>juxta</strong></span> <span class='ocrx_word' id='word_1_388' title='bbox 2415 1689 2592 1729; x_wconf 88' lang='lat' dir='ltr'><strong>meam</strong></span> <span class='ocrx_word' id='word_1_389' title='bbox 2639 1671 2989 1734; x_wconf 85' lang='lat' dir='ltr'><strong>sententiam,</strong></span> <span class='ocrx_word' id='word_1_390' title='bbox 3026 1669 3077 1724; x_wconf 92' lang='lat' dir='ltr'><strong>id</strong></span> <span class='ocrx_word' id='word_1_391' title='bbox 3118 1669 3260 1738; x_wconf 91' lang='lat' dir='ltr'><strong>quod</strong></span> <span class='ocrx_word' id='word_1_392' title='bbox 3296 1665 3614 1737; x_wconf 80' lang='lat' dir='ltr'><strong>perfectioni</strong></span> 
     </span>
    </p>
   </div>
   <div class='ocr_carea' id='block_1_51' title="bbox 2036 1758 3615 1839">
    <p class='ocr_par' dir='ltr' id='par_1_51' title="bbox 2036 1758 3615 1839">
     <span class='ocr_line' id='line_1_51' title="bbox 2036 1758 3615 1839; baseline -0.009 -17"><span class='ocrx_word' id='word_1_393' title='bbox 2036 1769 2131 1825; x_wconf 89' lang='lat' dir='ltr'><strong>Dei</strong></span> <span class='ocrx_word' id='word_1_394' title='bbox 2162 1772 2454 1839; x_wconf 73' lang='lat' dir='ltr'><strong>lservortnn</strong></span> <span class='ocrx_word' id='word_1_395' title='bbox 2523 1774 2698 1827; x_wconf 82' lang='lat' dir='ltr'><strong>nocet,</strong></span> <span class='ocrx_word' id='word_1_396' title='bbox 2752 1780 2855 1817; x_wconf 89' lang='lat' dir='ltr'><strong>non</strong></span> <span class='ocrx_word' id='word_1_397' title='bbox 2910 1771 3018 1826; x_wconf 91' lang='lat' dir='ltr'><strong>est,</strong></span> <span class='ocrx_word' id='word_1_398' title='bbox 3065 1760 3299 1824; x_wconf 87' lang='lat' dir='ltr'><strong>habere;</strong></span> <span class='ocrx_word' id='word_1_399' title='bbox 3355 1758 3451 1813; x_wconf 89' lang='lat' dir='ltr'><strong>sed</strong></span> <span class='ocrx_word' id='word_1_400' title='bbox 3494 1772 3615 1811; x_wconf 87' lang='lat' dir='ltr'><strong>cum</strong></span> 
     </span>
    </p>
   </div>
   <div class='ocr_carea' id='block_1_52' title="bbox 2038 1855 3618 1923">
    <p class='ocr_par' dir='ltr' id='par_1_52' title="bbox 2038 1855 3618 1923">
     <span class='ocr_line' id='line_1_52' title="bbox 2038 1855 3618 1923; baseline -0.01 -6"><span class='ocrx_word' id='word_1_401' title='bbox 2038 1862 2347 1917; x_wconf 76' lang='lat' dir='ltr'><strong>adhaesione</strong></span> <span class='ocrx_word' id='word_1_402' title='bbox 2373 1860 2595 1914; x_wconf 86' lang='lat' dir='ltr'><strong>atl‘ectus</strong></span> <span class='ocrx_word' id='word_1_403' title='bbox 2640 1856 2861 1912; x_wconf 83' lang='lat' dir='ltr'><strong>habere.</strong></span> <span class='ocrx_word' id='word_1_404' title='bbox 2891 1855 3025 1923; x_wconf 86' lang='lat' dir='ltr'><strong>Quis</strong></span> <span class='ocrx_word' id='word_1_405' title='bbox 3058 1855 3230 1908; x_wconf 87' lang='lat' dir='ltr'><strong>nescit</strong></span> <span class='ocrx_word' id='word_1_406' title='bbox 3270 1867 3451 1906; x_wconf 82' lang='lat' dir='ltr'><strong>rerum</strong></span> <span class='ocrx_word' id='word_1_407' title='bbox 3483 1866 3618 1919; x_wconf 80' lang='lat' dir='ltr'><strong>quas</strong></span> 
     </span>
    </p>
   </div>
   <div class='ocr_carea' id='block_1_53' title="bbox 2038 1936 3616 2018">
    <p class='ocr_par' dir='ltr' id='par_1_53' title="bbox 2038 1936 3616 2018">
     <span class='ocr_line' id='line_1_53' title="bbox 2038 1936 3616 2018; baseline -0.009 -8"><span class='ocrx_word' id='word_1_408' title='bbox 2038 1954 2303 2010; x_wconf 86' lang='lat' dir='ltr'><strong>habemus</strong></span> <span class='ocrx_word' id='word_1_409' title='bbox 2325 1936 2565 2006; x_wconf 84' lang='lat' dir='ltr'><strong>omnium</strong></span> <span class='ocrx_word' id='word_1_410' title='bbox 2597 1948 3050 2018; x_wconf 86' lang='lat' dir='ltr'><strong>pretiosissimum</strong></span> <span class='ocrx_word' id='word_1_411' title='bbox 3084 1944 3381 2001; x_wconf 78' lang='lat' dir='ltr'><strong>existimari</strong></span> <span class='ocrx_word' id='word_1_412' title='bbox 3417 1956 3616 2011; x_wconf 84' lang='lat' dir='ltr'><strong>corpus</strong></span> 
     </span>
    </p>
   </div>
   <div class='ocr_carea' id='block_1_54' title="bbox 2037 2035 3618 2114">
    <p class='ocr_par' dir='ltr' id='par_1_54' title="bbox 2037 2035 3618 2114">
     <span class='ocr_line' id='line_1_54' title="bbox 2037 2035 3618 2114; baseline -0.008 -15"><span class='ocrx_word' id='word_1_413' title='bbox 2037 2048 2232 2114; x_wconf 84' lang='lat' dir='ltr'><strong>cuique</strong></span> <span class='ocrx_word' id='word_1_414' title='bbox 2272 2045 2466 2101; x_wconf 77' lang='lat' dir='ltr'><strong>suum?</strong></span> <span class='ocrx_word' id='word_1_415' title='bbox 2490 2046 2567 2098; x_wconf 81' lang='lat' dir='ltr'><strong>An</strong></span> <span class='ocrx_word' id='word_1_416' title='bbox 2610 2058 2715 2096; x_wconf 91' lang='lat' dir='ltr'><strong>non</strong></span> <span class='ocrx_word' id='word_1_417' title='bbox 2752 2052 2930 2095; x_wconf 88' lang='lat' dir='ltr'><strong>tamen</strong></span> <span class='ocrx_word' id='word_1_418' title='bbox 2958 2040 3011 2094; x_wconf 91' lang='lat' dir='ltr'><strong>in</strong></span> <span class='ocrx_word' id='word_1_419' title='bbox 3041 2038 3211 2093; x_wconf 86' lang='lat' dir='ltr'><strong>certis</strong></span> <span class='ocrx_word' id='word_1_420' title='bbox 3237 2035 3618 2092; x_wconf 84' lang='lat' dir='ltr'><strong>occasionibus</strong></span> 
     </span>
    </p>
   </div>
   <div class='ocr_carea' id='block_1_55' title="bbox 2036 2127 3617 2207">
    <p class='ocr_par' dir='ltr' id='par_1_55' title="bbox 2036 2127 3617 2207">
     <span class='ocr_line' id='line_1_55' title="bbox 2036 2127 3617 2207; baseline -0.007 -17"><span class='ocrx_word' id='word_1_421' title='bbox 2036 2137 2409 2207; x_wconf 66' lang='lat' dir='ltr'><strong>praescribitur</strong></span> <span class='ocrx_word' id='word_1_422' title='bbox 2439 2135 2595 2191; x_wconf 89' lang='lat' dir='ltr'><strong>nobis</strong></span> <span class='ocrx_word' id='word_1_423' title='bbox 2626 2134 2756 2188; x_wconf 91' lang='lat' dir='ltr'><strong>illud</strong></span> <span class='ocrx_word' id='word_1_424' title='bbox 2787 2130 3177 2187; x_wconf 84' lang='lat' dir='ltr'><strong>contemnere?</strong></span> <span class='ocrx_word' id='word_1_425' title='bbox 3207 2128 3362 2196; x_wconf 89' lang='lat' dir='ltr'><strong>Quod</strong></span> <span class='ocrx_word' id='word_1_426' title='bbox 3396 2128 3441 2182; x_wconf 90' lang='lat' dir='ltr'><strong>si</strong></span> <span class='ocrx_word' id='word_1_427' title='bbox 3472 2127 3617 2196; x_wconf 88' lang='lat' dir='ltr'><strong>peri-</strong></span> 
     </span>
    </p>
   </div>
   <div class='ocr_carea' id='block_1_56' title="bbox 2036 2223 3619 2296">
    <p class='ocr_par' dir='ltr' id='par_1_56' title="bbox 2036 2223 3619 2296">
     <span class='ocr_line' id='line_1_56' title="bbox 2036 2223 3619 2296; baseline -0.011 -8"><span class='ocrx_word' id='word_1_428' title='bbox 2036 2232 2158 2288; x_wconf 87' lang='lat' dir='ltr'><strong>culo</strong></span> <span class='ocrx_word' id='word_1_429' title='bbox 2207 2230 2475 2285; x_wconf 85' lang='lat' dir='ltr'><strong>interdum</strong></span> <span class='ocrx_word' id='word_1_430' title='bbox 2544 2241 2609 2282; x_wconf 90' lang='lat' dir='ltr'><strong>ac</strong></span> <span class='ocrx_word' id='word_1_431' title='bbox 2661 2240 2815 2281; x_wconf 77' lang='lat' dir='ltr'><strong>noxa:</strong></span> <span class='ocrx_word' id='word_1_432' title='bbox 2873 2223 3219 2296; x_wconf 70' lang='lat' dir='ltr'><strong>prmcipimur</strong></span> <span class='ocrx_word' id='word_1_433' title='bbox 3270 2235 3469 2290; x_wconf 86' lang='lat' dir='ltr'><strong>corpus</strong></span> <span class='ocrx_word' id='word_1_434' title='bbox 3532 2234 3619 2272; x_wconf 89' lang='lat' dir='ltr'><strong>no-</strong></span> 
     </span>
    </p>
   </div>
   <div class='ocr_carea' id='block_1_57' title="bbox 2037 2310 3619 2389">
    <p class='ocr_par' dir='ltr' id='par_1_57' title="bbox 2037 2310 3619 2389">
     <span class='ocr_line' id='line_1_57' title="bbox 2037 2310 3619 2389; baseline -0.009 -11"><span class='ocrx_word' id='word_1_435' title='bbox 2037 2334 2209 2378; x_wconf 91' lang='lat' dir='ltr'><strong>strum</strong></span> <span class='ocrx_word' id='word_1_436' title='bbox 2250 2321 2519 2389; x_wconf 86' lang='lat' dir='ltr'><strong>objicere,</strong></span> <span class='ocrx_word' id='word_1_437' title='bbox 2573 2327 2779 2388; x_wconf 85' lang='lat' dir='ltr'><strong>quanto</strong></span> <span class='ocrx_word' id='word_1_438' title='bbox 2832 2317 3008 2388; x_wconf 86' lang='lat' dir='ltr'><strong>magis</strong></span> <span class='ocrx_word' id='word_1_439' title='bbox 3055 2330 3142 2370; x_wconf 88' lang='lat' dir='ltr'><strong>res</strong></span> <span class='ocrx_word' id='word_1_440' title='bbox 3193 2310 3496 2369; x_wconf 80' lang='lat' dir='ltr'><strong>externas?</strong></span> <span class='ocrx_word' id='word_1_441' title='bbox 3543 2312 3619 2365; x_wconf 73' lang='lat' dir='ltr'><strong>Ac</strong></span> 
     </span>
    </p>
   </div>
   <div class='ocr_carea' id='block_1_58' title="bbox 2037 2403 3620 2481">
    <p class='ocr_par' dir='ltr' id='par_1_58' title="bbox 2037 2403 3620 2481">
     <span class='ocr_line' id='line_1_58' title="bbox 2037 2403 3620 2481; baseline -0.009 -11"><span class='ocrx_word' id='word_1_442' title='bbox 2037 2414 2377 2470; x_wconf 85' lang='lat' dir='ltr'><strong>memorabat</strong></span> <span class='ocrx_word' id='word_1_443' title='bbox 2406 2413 2459 2465; x_wconf 92' lang='lat' dir='ltr'><strong>in</strong></span> <span class='ocrx_word' id='word_1_444' title='bbox 2510 2411 2561 2465; x_wconf 90' lang='lat' dir='ltr'><strong>id</strong></span> <span class='ocrx_word' id='word_1_445' title='bbox 2590 2409 2928 2481; x_wconf 87' lang='lat' dir='ltr'><strong>propositum</strong></span> <span class='ocrx_word' id='word_1_446' title='bbox 2962 2406 3268 2476; x_wconf 84' lang='lat' dir='ltr'><strong>exemplum</strong></span> <span class='ocrx_word' id='word_1_447' title='bbox 3307 2403 3492 2459; x_wconf 80' lang='lat' dir='ltr'><strong>fratris</strong></span> <span class='ocrx_word' id='word_1_448' title='bbox 3525 2418 3620 2457; x_wconf 88' lang='lat' dir='ltr'><strong>cn-</strong></span> 
     </span>
    </p>
   </div>
   <div class='ocr_carea' id='block_1_59' title="bbox 2028 2501 3619 2575">
    <p class='ocr_par' dir='ltr' id='par_1_59' title="bbox 2028 2501 3619 2575">
     <span class='ocr_line' id='line_1_59' title="bbox 2028 2501 3619 2575; baseline -0.006 -13"><span class='ocrx_word' id='word_1_449' title='bbox 2028 2506 2244 2575; x_wconf 89' lang='lat' dir='ltr'><strong>jusdam</strong></span> <span class='ocrx_word' id='word_1_450' title='bbox 2280 2506 2360 2561; x_wconf 90' lang='lat' dir='ltr'><strong>sic</strong></span> <span class='ocrx_word' id='word_1_451' title='bbox 2400 2503 2652 2561; x_wconf 90' lang='lat' dir='ltr'><strong>habentis</strong></span> <span class='ocrx_word' id='word_1_452' title='bbox 2692 2505 2843 2559; x_wconf 84' lang='lat' dir='ltr'><strong>olera</strong></span> <span class='ocrx_word' id='word_1_453' title='bbox 2877 2514 2933 2558; x_wconf 91' lang='lat' dir='ltr'><strong>ut</strong></span> <span class='ocrx_word' id='word_1_454' title='bbox 2964 2504 3099 2559; x_wconf 88' lang='lat' dir='ltr'><strong>liber</strong></span> <span class='ocrx_word' id='word_1_455' title='bbox 3141 2504 3208 2558; x_wconf 88' lang='lat' dir='ltr'><strong>ab</strong></span> <span class='ocrx_word' id='word_1_456' title='bbox 3249 2501 3443 2558; x_wconf 82' lang='lat' dir='ltr'><strong>affectu</strong></span> <span class='ocrx_word' id='word_1_457' title='bbox 3490 2516 3619 2570; x_wconf 84' lang='lat' dir='ltr'><strong>erga</strong></span> 
     </span>
    </p>
   </div>
   <div class='ocr_carea' id='block_1_60' title="bbox 2034 2595 3618 2670">
    <p class='ocr_par' dir='ltr' id='par_1_60' title="bbox 2034 2595 3618 2670">
     <span class='ocr_line' id='line_1_60' title="bbox 2034 2595 3618 2670; baseline -0.005 -16"><span class='ocrx_word' id='word_1_458' title='bbox 2034 2614 2098 2654; x_wconf 89' lang='lat' dir='ltr'><strong>ea</strong></span> <span class='ocrx_word' id='word_1_459' title='bbox 2133 2600 2293 2670; x_wconf 88' lang='lat' dir='ltr'><strong>plane</strong></span> <span class='ocrx_word' id='word_1_460' title='bbox 2326 2598 2487 2655; x_wconf 87' lang='lat' dir='ltr'><strong>foret.</strong></span> <span class='ocrx_word' id='word_1_461' title='bbox 2538 2599 2749 2654; x_wconf 88' lang='lat' dir='ltr'><strong>Habere</strong></span> <span class='ocrx_word' id='word_1_462' title='bbox 2780 2598 2930 2652; x_wconf 90' lang='lat' dir='ltr'><strong>illum</strong></span> <span class='ocrx_word' id='word_1_463' title='bbox 2958 2598 3102 2653; x_wconf 83' lang='lat' dir='ltr'><strong>olera</strong></span> <span class='ocrx_word' id='word_1_464' title='bbox 3156 2595 3337 2667; x_wconf 78' lang='lat' dir='ltr'><strong>negari</strong></span> <span class='ocrx_word' id='word_1_465' title='bbox 3370 2610 3474 2649; x_wconf 92' lang='lat' dir='ltr'><strong>non</strong></span> <span class='ocrx_word' id='word_1_466' title='bbox 3520 2609 3618 2664; x_wconf 81' lang='lat' dir='ltr'><strong>po-</strong></span> 
     </span>
    </p>
   </div>
   <div class='ocr_carea' id='block_1_61' title="bbox 2036 2688 3620 2758">
    <p class='ocr_par' dir='ltr' id='par_1_61' title="bbox 2036 2688 3620 2758">
     <span class='ocr_line' id='line_1_61' title="bbox 2036 2688 3620 2758; baseline -0.004 -12"><span class='ocrx_word' id='word_1_467' title='bbox 2036 2701 2211 2758; x_wconf 88' lang='lat' dir='ltr'><strong>terat;</strong></span> <span class='ocrx_word' id='word_1_468' title='bbox 2250 2707 2317 2745; x_wconf 93' lang='lat' dir='ltr'><strong>an</strong></span> <span class='ocrx_word' id='word_1_469' title='bbox 2350 2706 2454 2746; x_wconf 92' lang='lat' dir='ltr'><strong>non</strong></span> <span class='ocrx_word' id='word_1_470' title='bbox 2490 2691 2635 2746; x_wconf 91' lang='lat' dir='ltr'><strong>enim</strong></span> <span class='ocrx_word' id='word_1_471' title='bbox 2682 2706 2747 2745; x_wconf 88' lang='lat' dir='ltr'><strong>ea</strong></span> <span class='ocrx_word' id='word_1_472' title='bbox 2786 2701 3021 2755; x_wconf 83' lang='lat' dir='ltr'><strong>several,</strong></span> <span class='ocrx_word' id='word_1_473' title='bbox 3054 2689 3323 2745; x_wconf 85' lang='lat' dir='ltr'><strong>laboriose</strong></span> <span class='ocrx_word' id='word_1_474' title='bbox 3366 2688 3620 2756; x_wconf 73' lang='lat' dir='ltr'><strong>irrigare-</strong></span> 
     </span>
    </p>
   </div>
   <div class='ocr_carea' id='block_1_62' title="bbox 2035 2779 3620 2853">
    <p class='ocr_par' dir='ltr' id='par_1_62' title="bbox 2035 2779 3620 2853">
     <span class='ocr_line' id='line_1_62' title="bbox 2035 2779 3620 2853; baseline -0.003 -17"><span class='ocrx_word' id='word_1_475' title='bbox 2035 2793 2141 2849; x_wconf 88' lang='lat' dir='ltr'><strong>rat,</strong></span> <span class='ocrx_word' id='word_1_476' title='bbox 2169 2797 2299 2837; x_wconf 89' lang='lat' dir='ltr'><strong>cura</strong></span> <span class='ocrx_word' id='word_1_477' title='bbox 2333 2783 2499 2837; x_wconf 81' lang='lat' dir='ltr'><strong>multa</strong></span> <span class='ocrx_word' id='word_1_478' title='bbox 2538 2790 2883 2853; x_wconf 88' lang='lat' dir='ltr'><strong>promoverat</strong></span> <span class='ocrx_word' id='word_1_479' title='bbox 2924 2782 2975 2835; x_wconf 90' lang='lat' dir='ltr'><strong>in</strong></span> <span class='ocrx_word' id='word_1_480' title='bbox 3009 2781 3241 2835; x_wconf 90' lang='lat' dir='ltr'><strong>virorem</strong></span> <span class='ocrx_word' id='word_1_481' title='bbox 3294 2779 3533 2833; x_wconf 86' lang='lat' dir='ltr'><strong>adultum</strong></span> <span class='ocrx_word' id='word_1_482' title='bbox 3565 2791 3620 2831; x_wconf 85' lang='lat' dir='ltr'><strong>et</strong></span> 
     </span>
    </p>
   </div>
   <div class='ocr_carea' id='block_1_63' title="bbox 2037 2872 3620 2945">
    <p class='ocr_par' dir='ltr' id='par_1_63' title="bbox 2037 2872 3620 2945">
     <span class='ocr_line' id='line_1_63' title="bbox 2037 2872 3620 2945; baseline -0.003 -18"><span class='ocrx_word' id='word_1_483' title='bbox 2037 2875 2250 2945; x_wconf 88' lang='lat' dir='ltr'><strong>plenam</strong></span> <span class='ocrx_word' id='word_1_484' title='bbox 2282 2873 2655 2930; x_wconf 87' lang='lat' dir='ltr'><strong>habitudinem</strong></span> <span class='ocrx_word' id='word_1_485' title='bbox 2684 2874 2709 2927; x_wconf 72' lang='grc' dir='ltr'><em>ἲ</em></span> <span class='ocrx_word' id='word_1_486' title='bbox 2734 2884 2990 2930; x_wconf 62' lang='lat' dir='ltr'><strong>caeterum</strong></span> <span class='ocrx_word' id='word_1_487' title='bbox 3032 2888 3101 2928; x_wconf 88' lang='lat' dir='ltr'><strong>an</strong></span> <span class='ocrx_word' id='word_1_488' title='bbox 3137 2888 3244 2928; x_wconf 94' lang='lat' dir='ltr'><strong>non</strong></span> <span class='ocrx_word' id='word_1_489' title='bbox 3281 2873 3423 2927; x_wconf 92' lang='lat' dir='ltr'><strong>idem</strong></span> <span class='ocrx_word' id='word_1_490' title='bbox 3467 2872 3620 2925; x_wconf 84' lang='lat' dir='ltr'><strong>evul-</strong></span> 
     </span>
    </p>
   </div>
   <div class='ocr_carea' id='block_1_64' title="bbox 2038 2963 3622 3037">
    <p class='ocr_par' dir='ltr' id='par_1_64' title="bbox 2038 2963 3622 3037">
     <span class='ocr_line' id='line_1_64' title="bbox 2038 2963 3622 3037; baseline -0.004 -16"><span class='ocrx_word' id='word_1_491' title='bbox 2038 2969 2111 3021; x_wconf 86' lang='lat' dir='ltr'><strong>sit</strong></span> <span class='ocrx_word' id='word_1_492' title='bbox 2144 2968 2286 3022; x_wconf 92' lang='lat' dir='ltr'><strong>ultro</strong></span> <span class='ocrx_word' id='word_1_493' title='bbox 2340 2967 2528 3022; x_wconf 89' lang='lat' dir='ltr'><strong>eadem</strong></span> <span class='ocrx_word' id='word_1_494' title='bbox 2574 2981 2639 3022; x_wconf 89' lang='lat' dir='ltr'><strong>ae</strong></span> <span class='ocrx_word' id='word_1_495' title='bbox 2682 2965 2932 3037; x_wconf 75' lang='lat' dir='ltr'><strong>proiecit,</strong></span> <span class='ocrx_word' id='word_1_496' title='bbox 2968 2979 3095 3021; x_wconf 89' lang='lat' dir='ltr'><strong>cum</strong></span> <span class='ocrx_word' id='word_1_497' title='bbox 3146 2965 3199 3019; x_wconf 89' lang='lat' dir='ltr'><strong>id</strong></span> <span class='ocrx_word' id='word_1_498' title='bbox 3232 2964 3363 3031; x_wconf 70' lang='lat' dir='ltr'><strong>fieri</strong></span> <span class='ocrx_word' id='word_1_499' title='bbox 3409 2963 3622 3019; x_wconf 71' lang='lat' dir='ltr'><strong>det-uit?</strong></span> 
     </span>
    </p>
   </div>
   <div class='ocr_carea' id='block_1_65' title="bbox 2034 3056 3624 3127">
    <p class='ocr_par' dir='ltr' id='par_1_65' title="bbox 2034 3056 3624 3127">
     <span class='ocr_line' id='line_1_65' title="bbox 2034 3056 3624 3127; baseline -0.001 -16"><span class='ocrx_word' id='word_1_500' title='bbox 2034 3056 2298 3112; x_wconf 87' lang='lat' dir='ltr'><strong>Nimirum</strong></span> <span class='ocrx_word' id='word_1_501' title='bbox 2336 3057 2415 3113; x_wconf 91' lang='lat' dir='ltr'><strong>sic</strong></span> <span class='ocrx_word' id='word_1_502' title='bbox 2446 3058 2682 3114; x_wconf 84' lang='lat' dir='ltr'><strong>habebat</strong></span> <span class='ocrx_word' id='word_1_503' title='bbox 2719 3072 2783 3113; x_wconf 89' lang='lat' dir='ltr'><strong>ea</strong></span> <span class='ocrx_word' id='word_1_504' title='bbox 2819 3056 2972 3127; x_wconf 92' lang='lat' dir='ltr'><strong>quasi</strong></span> <span class='ocrx_word' id='word_1_505' title='bbox 3019 3072 3126 3113; x_wconf 92' lang='lat' dir='ltr'><strong>non</strong></span> <span class='ocrx_word' id='word_1_506' title='bbox 3163 3056 3432 3113; x_wconf 85' lang='lat' dir='ltr'><strong>haberet:</strong></span> <span class='ocrx_word' id='word_1_507' title='bbox 3465 3065 3624 3125; x_wconf 79' lang='lat' dir='ltr'><strong>prout</strong></span> 
     </span>
    </p>
   </div>
   <div class='ocr_carea' id='block_1_66' title="bbox 1960 3148 3621 3231">
    <p class='ocr_par' dir='ltr' id='par_1_66' title="bbox 1960 3148 3621 3231">
     <span class='ocr_line' id='line_1_66' title="bbox 1960 3148 3621 3231; baseline -0.001 -29"><span class='ocrx_word' id='word_1_508' title='bbox 1960 3176 2003 3231; x_wconf 65' lang='grc' dir='ltr'><strong>ρ</strong></span> <span class='ocrx_word' id='word_1_509' title='bbox 2036 3151 2286 3219; x_wconf 88' lang='lat' dir='ltr'><strong>apparuit</strong></span> <span class='ocrx_word' id='word_1_510' title='bbox 2334 3152 2554 3219; x_wconf 87' lang='lat' dir='ltr'><strong>quando</strong></span> <span class='ocrx_word' id='word_1_511' title='bbox 2599 3151 2879 3220; x_wconf 84' lang='lat' dir='ltr'><strong>ingressus</strong></span> <span class='ocrx_word' id='word_1_512' title='bbox 2921 3152 3135 3204; x_wconf 88' lang='lat' dir='ltr'><strong>hortum</strong></span> <span class='ocrx_word' id='word_1_513' title='bbox 3189 3163 3353 3204; x_wconf 81' lang='lat' dir='ltr'><strong>senex</strong></span> <span class='ocrx_word' id='word_1_514' title='bbox 3406 3148 3524 3216; x_wconf 82' lang='lat' dir='ltr'><strong>ejus</strong></span> <span class='ocrx_word' id='word_1_515' title='bbox 3570 3151 3621 3201; x_wconf 87' lang='lat' dir='ltr'><strong>in</strong></span> 
     </span>
    </p>
   </div>
   <div class='ocr_carea' id='block_1_67' title="bbox 2043 3240 3623 3313">
    <p class='ocr_par' dir='ltr' id='par_1_67' title="bbox 2043 3240 3623 3313">
     <span class='ocr_line' id='line_1_67' title="bbox 2043 3240 3623 3313; baseline -0.002 -18"><span class='ocrx_word' id='word_1_516' title='bbox 2043 3240 2245 3312; x_wconf 86' lang='lat' dir='ltr'><strong>Spiritu</strong></span> <span class='ocrx_word' id='word_1_517' title='bbox 2292 3242 2573 3313; x_wconf 79' lang='lat' dir='ltr'><strong>magister,</strong></span> <span class='ocrx_word' id='word_1_518' title='bbox 2604 3242 2792 3299; x_wconf 90' lang='lat' dir='ltr'><strong>volens</strong></span> <span class='ocrx_word' id='word_1_519' title='bbox 2836 3242 3086 3313; x_wconf 87' lang='lat' dir='ltr'><strong>discipuli</strong></span> <span class='ocrx_word' id='word_1_520' title='bbox 3140 3242 3473 3313; x_wconf 85' lang='lat' dir='ltr'><strong>propositum</strong></span> <span class='ocrx_word' id='word_1_521' title='bbox 3523 3257 3623 3293; x_wconf 71' lang='lat' dir='ltr'><strong>ex-</strong></span> 
     </span>
    </p>
   </div>
   <div class='ocr_carea' id='block_1_68' title="bbox 2040 3330 3629 3400">
    <p class='ocr_par' dir='ltr' id='par_1_68' title="bbox 2040 3330 3629 3400">
     <span class='ocr_line' id='line_1_68' title="bbox 2040 3330 3629 3400; baseline -0.001 -18"><span class='ocrx_word' id='word_1_522' title='bbox 2040 3330 2275 3398; x_wconf 89' lang='lat' dir='ltr'><strong>plorare,</strong></span> <span class='ocrx_word' id='word_1_523' title='bbox 2321 3331 2488 3400; x_wconf 72' lang='lat' dir='ltr'><strong>cmpit</strong></span> <span class='ocrx_word' id='word_1_524' title='bbox 2520 3332 2840 3387; x_wconf 86' lang='lat' dir='ltr'><strong>conculcare</strong></span> <span class='ocrx_word' id='word_1_525' title='bbox 2880 3346 2943 3386; x_wconf 88' lang='lat' dir='ltr'><strong>ac</strong></span> <span class='ocrx_word' id='word_1_526' title='bbox 2978 3341 3263 3386; x_wconf 85' lang='lat' dir='ltr'><strong>conterere</strong></span> <span class='ocrx_word' id='word_1_527' title='bbox 3308 3331 3420 3400; x_wconf 85' lang='lat' dir='ltr'><strong>ipsa</strong></span> <span class='ocrx_word' id='word_1_528' title='bbox 3443 3370 3473 3395; x_wconf 46' lang='grc' dir='ltr'>μ</span> <span class='ocrx_word' id='word_1_529' title='bbox 3507 3330 3629 3383; x_wconf 81' lang='lat' dir='ltr'><strong>uul-</strong></span> 
     </span>
    </p>
   </div>
   <div class='ocr_carea' id='block_1_69' title="bbox 2037 3421 3629 3493">
    <p class='ocr_par' dir='ltr' id='par_1_69' title="bbox 2037 3421 3629 3493">
     <span class='ocr_line' id='line_1_69' title="bbox 2037 3421 3629 3493; baseline 0.002 -19"><span class='ocrx_word' id='word_1_530' title='bbox 2037 3421 2150 3475; x_wconf 88' lang='lat' dir='ltr'><strong>lum</strong></span> <span class='ocrx_word' id='word_1_531' title='bbox 2190 3421 2394 3477; x_wconf 87' lang='lat' dir='ltr'><strong>doloris</strong></span> <span class='ocrx_word' id='word_1_532' title='bbox 2438 3423 2655 3492; x_wconf 87' lang='lat' dir='ltr'><strong>signttm</strong></span> <span class='ocrx_word' id='word_1_533' title='bbox 2688 3423 2978 3478; x_wconf 89' lang='lat' dir='ltr'><strong>hortulano</strong></span> <span class='ocrx_word' id='word_1_534' title='bbox 3018 3425 3253 3487; x_wconf 86' lang='lat' dir='ltr'><strong>edente,</strong></span> <span class='ocrx_word' id='word_1_535' title='bbox 3288 3424 3370 3478; x_wconf 92' lang='lat' dir='ltr'><strong>sic</strong></span> <span class='ocrx_word' id='word_1_536' title='bbox 3400 3439 3629 3493; x_wconf 80' lang='lat' dir='ltr'><strong>prorsus</strong></span> 
     </span>
    </p>
   </div>
   <div class='ocr_carea' id='block_1_70' title="bbox 350 3506 1931 3587">
    <p class='ocr_par' dir='ltr' id='par_1_70' title="bbox 350 3506 1931 3583">
     <span class='ocr_line' id='line_1_70' title="bbox 350 3506 1931 3583; baseline 0.006 -26"><span class='ocrx_word' id='word_1_537' title='bbox 350 3522 441 3568; x_wconf 80' lang='grc' dir='ltr'><strong>τος</strong></span> <span class='ocrx_word' id='word_1_538' title='bbox 472 3506 574 3576; x_wconf 81' lang='grc' dir='ltr'>μὲν</span> <span class='ocrx_word' id='word_1_539' title='bbox 616 3508 913 3577; x_wconf 86' lang='grc' dir='ltr'>περιπατεῖ</span> <span class='ocrx_word' id='word_1_540' title='bbox 941 3507 1000 3560; x_wconf 88' lang='grc' dir='ltr'><strong>ἐν</strong></span> <span class='ocrx_word' id='word_1_541' title='bbox 1037 3509 1103 3579; x_wconf 80' lang='grc' dir='ltr'><strong>τῇ</strong></span> <span class='ocrx_word' id='word_1_542' title='bbox 1135 3511 1205 3580; x_wconf 82' lang='grc' dir='ltr'>γῇ</span> <span class='ocrx_word' id='word_1_543' title='bbox 1227 3523 1241 3537; x_wconf 85' lang='grc'><strong>·</strong></span> <span class='ocrx_word' id='word_1_544' title='bbox 1292 3510 1393 3564; x_wconf 83' lang='grc' dir='ltr'>οὐκ</span> <span class='ocrx_word' id='word_1_545' title='bbox 1430 3510 1545 3581; x_wconf 77' lang='grc' dir='ltr'>ἔχει</span> <span class='ocrx_word' id='word_1_546' title='bbox 1572 3510 1630 3564; x_wconf 83' lang='grc' dir='ltr'>δὲ</span> <span class='ocrx_word' id='word_1_547' title='bbox 1674 3512 1931 3583; x_wconf 81' lang='grc' dir='ltr'>φρόνημα</span> 
     </span>
    </p>
   </div>
   <div class='ocr_carea' id='block_1_71' title="bbox 2037 3506 3624 3587">
    <p class='ocr_par' dir='ltr' id='par_1_71' title="bbox 2042 3515 3624 3587">
     <span class='ocr_line' id='line_1_71' title="bbox 2042 3515 3624 3587; baseline -0.002 -18"><span class='ocrx_word' id='word_1_548' title='bbox 2042 3526 2299 3585; x_wconf 88' lang='lat' dir='ltr'><strong>tanquam</strong></span> <span class='ocrx_word' id='word_1_549' title='bbox 2327 3515 2461 3570; x_wconf 88' lang='lat' dir='ltr'><strong>nihil</strong></span> <span class='ocrx_word' id='word_1_550' title='bbox 2492 3516 2559 3570; x_wconf 90' lang='lat' dir='ltr'><strong>ad</strong></span> <span class='ocrx_word' id='word_1_551' title='bbox 2592 3515 2767 3587; x_wconf 91' lang='lat' dir='ltr'><strong>ipsum</strong></span> <span class='ocrx_word' id='word_1_552' title='bbox 2798 3516 2851 3571; x_wconf 88' lang='lat' dir='ltr'><strong>id</strong></span> <span class='ocrx_word' id='word_1_553' title='bbox 2875 3524 3167 3586; x_wconf 88' lang='lat' dir='ltr'><strong>spectaret.</strong></span> <span class='ocrx_word' id='word_1_554' title='bbox 3200 3515 3339 3582; x_wconf 87' lang='lat' dir='ltr'><strong>Quin</strong></span> <span class='ocrx_word' id='word_1_555' title='bbox 3378 3515 3624 3570; x_wconf 85' lang='lat' dir='ltr'><strong>animad-</strong></span> 
     </span>
    </p>
   </div>
   <div class='ocr_carea' id='block_1_72' title="bbox 349 3599 1931 3670">
    <p class='ocr_par' dir='ltr' id='par_1_72' title="bbox 349 3599 919 3670">
     <span class='ocr_line' id='line_1_72' title="bbox 349 3599 919 3670; baseline 0.007 -19"><span class='ocrx_word' id='word_1_556' title='bbox 349 3599 595 3666; x_wconf 78' lang='grc' dir='ltr'>ἐπίγειον</span> <span class='ocrx_word' id='word_1_557' title='bbox 626 3599 686 3651; x_wconf 88' lang='grc' dir='ltr'><strong>ἐν</strong></span> <span class='ocrx_word' id='word_1_558' title='bbox 716 3600 919 3670; x_wconf 80' lang='grc' dir='ltr'>ἐαυτῷ.</span> 
     </span>
    </p>
   </div>
   <div class='ocr_carea' id='block_1_73' title="bbox 2037 3599 3641 3670">
    <p class='ocr_par' dir='ltr' id='par_1_73' title="bbox 2040 3607 3641 3665">
     <span class='ocr_line' id='line_1_73' title="bbox 2040 3607 3641 3665; baseline -0.003 -5"><span class='ocrx_word' id='word_1_559' title='bbox 2040 3617 2261 3665; x_wconf 90' lang='lat' dir='ltr'><strong>vertens</strong></span> <span class='ocrx_word' id='word_1_560' title='bbox 2305 3608 2561 3665; x_wconf 88' lang='lat' dir='ltr'><strong>omissam</strong></span> <span class='ocrx_word' id='word_1_561' title='bbox 2613 3624 2644 3662; x_wconf 91' lang='lat' dir='ltr'><strong>a</strong></span> <span class='ocrx_word' id='word_1_562' title='bbox 2702 3607 2846 3664; x_wconf 89' lang='lat' dir='ltr'><strong>fesso</strong></span> <span class='ocrx_word' id='word_1_563' title='bbox 2892 3608 3141 3663; x_wconf 83' lang='lat' dir='ltr'><strong>vastandi</strong></span> <span class='ocrx_word' id='word_1_564' title='bbox 3200 3620 3332 3663; x_wconf 91' lang='lat' dir='ltr'><strong>sene</strong></span> <span class='ocrx_word' id='word_1_565' title='bbox 3383 3616 3641 3661; x_wconf 63' lang='lat' dir='ltr'><strong>teneram~</strong></span> 
     </span>
    </p>
   </div>
   <div class='ocr_carea' id='block_1_74' title="bbox 350 3694 3627 3771">
    <p class='ocr_par' dir='ltr' id='par_1_74' title="bbox 350 3694 3627 3771">
     <span class='ocr_line' id='line_1_74' title="bbox 350 3694 3627 3771; baseline 0.002 -27"><span class='ocrx_word' id='word_1_566' title='bbox 350 3708 512 3746; x_wconf 75' lang='lat' dir='ltr'><strong>unam</strong></span> <span class='ocrx_word' id='word_1_567' title='bbox 542 3694 716 3749; x_wconf 81' lang='lat' dir='ltr'><strong>caulis</strong></span> <span class='ocrx_word' id='word_1_568' title='bbox 740 3694 1002 3763; x_wconf 84' lang='lat' dir='ltr'><strong>plantam.</strong></span> <span class='ocrx_word' id='word_1_569' title='bbox 1035 3696 1151 3758; x_wconf 89' lang='lat' dir='ltr'><strong>Vis,</strong></span> <span class='ocrx_word' id='word_1_570' title='bbox 1190 3697 1291 3762; x_wconf 88' lang='lat' dir='ltr'><strong>ait,</strong></span> <span class='ocrx_word' id='word_1_571' title='bbox 1316 3696 1499 3763; x_wconf 75' lang='lat' dir='ltr'><strong>Pater,</strong></span> <span class='ocrx_word' id='word_1_572' title='bbox 1527 3706 1582 3753; x_wconf 92' lang='lat' dir='ltr'><strong>et</strong></span> <span class='ocrx_word' id='word_1_573' title='bbox 1644 3698 1786 3754; x_wconf 83' lang='lat' dir='ltr'><strong>hanc</strong></span> <span class='ocrx_word' id='word_1_574' title='bbox 1851 3700 2189 3767; x_wconf 75' lang='lat' dir='ltr'><strong>excidamus,</strong></span> <span class='ocrx_word' id='word_1_575' title='bbox 2213 3711 2268 3757; x_wconf 92' lang='lat' dir='ltr'><strong>et</strong></span> <span class='ocrx_word' id='word_1_576' title='bbox 2328 3717 2626 3771; x_wconf 89' lang='lat' dir='ltr'><strong>coquamus</strong></span> <span class='ocrx_word' id='word_1_577' title='bbox 2668 3716 2788 3757; x_wconf 88' lang='lat' dir='ltr'><strong>eam</strong></span> <span class='ocrx_word' id='word_1_578' title='bbox 2861 3702 2916 3756; x_wconf 93' lang='lat' dir='ltr'><strong>in</strong></span> <span class='ocrx_word' id='word_1_579' title='bbox 2948 3714 3159 3756; x_wconf 72' lang='lat' dir='ltr'><strong>ecetram</strong></span> <span class='ocrx_word' id='word_1_580' title='bbox 3205 3699 3446 3767; x_wconf 85' lang='lat' dir='ltr'><strong>hospiti?</strong></span> <span class='ocrx_word' id='word_1_581' title='bbox 3475 3695 3627 3750; x_wconf 75' lang='lat' dir='ltr'><strong>Tunc</strong></span> 
     </span>
    </p>
   </div>
   <div class='ocr_carea' id='block_1_75' title="bbox 348 3785 3621 3860">
    <p class='ocr_par' dir='ltr' id='par_1_75' title="bbox 348 3785 3621 3860">
     <span class='ocr_line' id='line_1_75' title="bbox 348 3785 3621 3860; baseline 0.001 -20"><span class='ocrx_word' id='word_1_582' title='bbox 348 3794 574 3840; x_wconf 83' lang='lat' dir='ltr'><strong>sanctus</strong></span> <span class='ocrx_word' id='word_1_583' title='bbox 607 3785 697 3839; x_wconf 88' lang='lat' dir='ltr'><strong>ille</strong></span> <span class='ocrx_word' id='word_1_584' title='bbox 734 3788 999 3859; x_wconf 79' lang='lat' dir='ltr'><strong>magister</strong></span> <span class='ocrx_word' id='word_1_585' title='bbox 1040 3789 1261 3859; x_wconf 80' lang='lat' dir='ltr'><strong>agnovit</strong></span> <span class='ocrx_word' id='word_1_586' title='bbox 1290 3790 1543 3859; x_wconf 86' lang='lat' dir='ltr'><strong>juvenem</strong></span> <span class='ocrx_word' id='word_1_587' title='bbox 1585 3793 1916 3849; x_wconf 84' lang='lat' dir='ltr'><strong>monachum</strong></span> <span class='ocrx_word' id='word_1_588' title='bbox 1959 3794 2051 3850; x_wconf 85' lang='lat' dir='ltr'><strong>Dei</strong></span> <span class='ocrx_word' id='word_1_589' title='bbox 2094 3810 2313 3851; x_wconf 89' lang='lat' dir='ltr'><strong>servum</strong></span> <span class='ocrx_word' id='word_1_590' title='bbox 2393 3811 2534 3860; x_wconf 88' lang='lat' dir='ltr'><strong>esse,</strong></span> <span class='ocrx_word' id='word_1_591' title='bbox 2582 3810 2686 3849; x_wconf 92' lang='lat' dir='ltr'><strong>non</strong></span> <span class='ocrx_word' id='word_1_592' title='bbox 2766 3803 2946 3849; x_wconf 87' lang='lat' dir='ltr'><strong>autem</strong></span> <span class='ocrx_word' id='word_1_593' title='bbox 2975 3794 3183 3849; x_wconf 88' lang='lat' dir='ltr'><strong>olerum</strong></span> <span class='ocrx_word' id='word_1_594' title='bbox 3217 3813 3229 3846; x_wconf 90' lang='lat'><strong>:</strong></span> <span class='ocrx_word' id='word_1_595' title='bbox 3276 3802 3331 3848; x_wconf 90' lang='lat' dir='ltr'><strong>et</strong></span> <span class='ocrx_word' id='word_1_596' title='bbox 3362 3793 3500 3847; x_wconf 79' lang='lat' dir='ltr'><strong>dixit</strong></span> <span class='ocrx_word' id='word_1_597' title='bbox 3533 3792 3621 3845; x_wconf 88' lang='lat' dir='ltr'><strong>ci:</strong></span> 
     </span>
    </p>
   </div>
   <div class='ocr_carea' id='block_1_76' title="bbox 351 3877 3625 3956">
    <p class='ocr_par' dir='ltr' id='par_1_76' title="bbox 351 3877 3625 3956">
     <span class='ocr_line' id='line_1_76' title="bbox 351 3877 3625 3956; baseline 0.002 -25"><span class='ocrx_word' id='word_1_598' title='bbox 351 3877 637 3948; x_wconf 78' lang='lat' dir='ltr'><strong>Requievit</strong></span> <span class='ocrx_word' id='word_1_599' title='bbox 670 3878 904 3950; x_wconf 85' lang='lat' dir='ltr'><strong>Spiritus</strong></span> <span class='ocrx_word' id='word_1_600' title='bbox 937 3881 1030 3937; x_wconf 91' lang='lat' dir='ltr'><strong>Dei</strong></span> <span class='ocrx_word' id='word_1_601' title='bbox 1060 3898 1222 3953; x_wconf 91' lang='lat' dir='ltr'><strong>super</strong></span> <span class='ocrx_word' id='word_1_602' title='bbox 1286 3894 1360 3951; x_wconf 91' lang='lat' dir='ltr'><strong>te,</strong></span> <span class='ocrx_word' id='word_1_603' title='bbox 1403 3883 1592 3941; x_wconf 89' lang='lat' dir='ltr'><strong>frater.</strong></span> <span class='ocrx_word' id='word_1_604' title='bbox 1624 3884 1727 3942; x_wconf 83' lang='lat' dir='ltr'><strong>Hic</strong></span> <span class='ocrx_word' id='word_1_605' title='bbox 1767 3888 1815 3943; x_wconf 90' lang='lat' dir='ltr'><strong>si</strong></span> <span class='ocrx_word' id='word_1_606' title='bbox 1864 3888 2060 3944; x_wconf 70' lang='lat' dir='ltr'><strong>affectu</strong></span> <span class='ocrx_word' id='word_1_607' title='bbox 2107 3890 2390 3946; x_wconf 84' lang='lat' dir='ltr'><strong>devinctus</strong></span> <span class='ocrx_word' id='word_1_608' title='bbox 2465 3890 2703 3946; x_wconf 90' lang='lat' dir='ltr'><strong>oleribus</strong></span> <span class='ocrx_word' id='word_1_609' title='bbox 2752 3889 2964 3956; x_wconf 77' lang='lat' dir='ltr'><strong>fuisset,</strong></span> <span class='ocrx_word' id='word_1_610' title='bbox 3034 3888 3085 3943; x_wconf 91' lang='lat' dir='ltr'><strong>id</strong></span> <span class='ocrx_word' id='word_1_611' title='bbox 3137 3886 3467 3943; x_wconf 89' lang='lat' dir='ltr'><strong>ostendisset</strong></span> <span class='ocrx_word' id='word_1_612' title='bbox 3515 3894 3625 3938; x_wconf 86' lang='lat' dir='ltr'><strong>sta-</strong></span> 
     </span>
    </p>
   </div>
   <div class='ocr_carea' id='block_1_77' title="bbox 352 3974 3627 4054">
    <p class='ocr_par' dir='ltr' id='par_1_77' title="bbox 352 3974 3627 4054">
     <span class='ocr_line' id='line_1_77' title="bbox 352 3974 3627 4054; baseline 0.002 -27"><span class='ocrx_word' id='word_1_613' title='bbox 352 3975 469 4039; x_wconf 82' lang='lat' dir='ltr'><strong>tim,</strong></span> <span class='ocrx_word' id='word_1_614' title='bbox 521 3974 867 4031; x_wconf 73' lang='lat' dir='ltr'><strong>amictionein</strong></span> <span class='ocrx_word' id='word_1_615' title='bbox 923 3988 979 4033; x_wconf 93' lang='lat' dir='ltr'><strong>et</strong></span> <span class='ocrx_word' id='word_1_616' title='bbox 1035 3982 1528 4036; x_wconf 87' lang='lat' dir='ltr'><strong>consternationem</strong></span> <span class='ocrx_word' id='word_1_617' title='bbox 1582 3986 1935 4040; x_wconf 87' lang='lat' dir='ltr'><strong>monstrando</strong></span> <span class='ocrx_word' id='word_1_618' title='bbox 1973 3986 2098 4041; x_wconf 93' lang='lat' dir='ltr'><strong>dum</strong></span> <span class='ocrx_word' id='word_1_619' title='bbox 2140 4002 2254 4041; x_wconf 88' lang='lat' dir='ltr'><strong>rem</strong></span> <span class='ocrx_word' id='word_1_620' title='bbox 2288 3987 2390 4042; x_wconf 87' lang='lat' dir='ltr'><strong>sibi</strong></span> <span class='ocrx_word' id='word_1_621' title='bbox 2420 4002 2604 4041; x_wconf 89' lang='lat' dir='ltr'><strong>caram</strong></span> <span class='ocrx_word' id='word_1_622' title='bbox 2636 3987 2845 4040; x_wconf 87' lang='lat' dir='ltr'><strong>videret</strong></span> <span class='ocrx_word' id='word_1_623' title='bbox 2910 3983 3295 4054; x_wconf 85' lang='lat' dir='ltr'><strong>pessuntdari;</strong></span> <span class='ocrx_word' id='word_1_624' title='bbox 3352 3997 3494 4036; x_wconf 89' lang='lat' dir='ltr'><strong>nunc</strong></span> <span class='ocrx_word' id='word_1_625' title='bbox 3523 3980 3627 4033; x_wconf 86' lang='lat' dir='ltr'><strong>ista</strong></span> 
     </span>
    </p>
   </div>
   <div class='ocr_carea' id='block_1_78' title="bbox 348 4070 3629 4149">
    <p class='ocr_par' dir='ltr' id='par_1_78' title="bbox 348 4070 3629 4149">
     <span class='ocr_line' id='line_1_78' title="bbox 348 4070 3629 4149; baseline 0.002 -27"><span class='ocrx_word' id='word_1_626' title='bbox 348 4070 607 4137; x_wconf 81' lang='lat' dir='ltr'><strong>patientia</strong></span> <span class='ocrx_word' id='word_1_627' title='bbox 639 4070 983 4127; x_wconf 87' lang='lat' dir='ltr'><strong>manifestum</strong></span> <span class='ocrx_word' id='word_1_628' title='bbox 1003 4072 1151 4142; x_wconf 89' lang='lat' dir='ltr'><strong>fecit,</strong></span> <span class='ocrx_word' id='word_1_629' title='bbox 1180 4090 1241 4130; x_wconf 88' lang='lat' dir='ltr'><strong>se</strong></span> <span class='ocrx_word' id='word_1_630' title='bbox 1273 4076 1528 4132; x_wconf 89' lang='lat' dir='ltr'><strong>habuisse</strong></span> <span class='ocrx_word' id='word_1_631' title='bbox 1558 4077 1647 4131; x_wconf 92' lang='lat' dir='ltr'><strong>illa</strong></span> <span class='ocrx_word' id='word_1_632' title='bbox 1676 4087 1937 4149; x_wconf 90' lang='lat' dir='ltr'><strong>tanquam</strong></span> <span class='ocrx_word' id='word_1_633' title='bbox 1986 4095 2095 4136; x_wconf 88' lang='lat' dir='ltr'><strong>non</strong></span> <span class='ocrx_word' id='word_1_634' title='bbox 2142 4082 2392 4137; x_wconf 83' lang='lat' dir='ltr'><strong>haberet.</strong></span> <span class='ocrx_word' id='word_1_635' title='bbox 2425 4080 2670 4135; x_wconf 82' lang='lat' dir='ltr'><strong>Addebat</strong></span> <span class='ocrx_word' id='word_1_636' title='bbox 2708 4077 2954 4134; x_wconf 79' lang='lat' dir='ltr'><strong>Zosimas</strong></span> <span class='ocrx_word' id='word_1_637' title='bbox 2986 4095 3000 4131; x_wconf 91' lang='lat'><strong>:</strong></span> <span class='ocrx_word' id='word_1_638' title='bbox 3066 4075 3245 4133; x_wconf 88' lang='lat' dir='ltr'><strong>notari</strong></span> <span class='ocrx_word' id='word_1_639' title='bbox 3281 4075 3396 4129; x_wconf 71' lang='lat' dir='ltr'><strong>haec</strong></span> <span class='ocrx_word' id='word_1_640' title='bbox 3436 4090 3466 4127; x_wconf 89' lang='lat' dir='ltr'><strong>a</strong></span> <span class='ocrx_word' id='word_1_641' title='bbox 3520 4073 3629 4128; x_wconf 80' lang='lat' dir='ltr'><strong>da:-</strong></span> 
     </span>
    </p>
   </div>
   <div class='ocr_carea' id='block_1_79' title="bbox 351 4166 3625 4244">
    <p class='ocr_par' dir='ltr' id='par_1_79' title="bbox 351 4166 3625 4244">
     <span class='ocr_line' id='line_1_79' title="bbox 351 4166 3625 4244; baseline 0 -27"><span class='ocrx_word' id='word_1_642' title='bbox 351 4166 602 4222; x_wconf 87' lang='lat' dir='ltr'><strong>monibus</strong></span> <span class='ocrx_word' id='word_1_643' title='bbox 634 4186 649 4223; x_wconf 89' lang='lat'><strong>:</strong></span> <span class='ocrx_word' id='word_1_644' title='bbox 677 4183 878 4238; x_wconf 89' lang='lat' dir='ltr'><strong>eosque</strong></span> <span class='ocrx_word' id='word_1_645' title='bbox 908 4170 999 4225; x_wconf 87' lang='lat' dir='ltr'><strong>ubi</strong></span> <span class='ocrx_word' id='word_1_646' title='bbox 1045 4171 1282 4228; x_wconf 87' lang='lat' dir='ltr'><strong>viderint</strong></span> <span class='ocrx_word' id='word_1_647' title='bbox 1347 4175 1634 4244; x_wconf 89' lang='lat' dir='ltr'><strong>quemdam</strong></span> <span class='ocrx_word' id='word_1_648' title='bbox 1687 4175 2055 4234; x_wconf 82' lang='lat' dir='ltr'><strong>declarantem</strong></span> <span class='ocrx_word' id='word_1_649' title='bbox 2087 4176 2230 4233; x_wconf 86' lang='lat' dir='ltr'><strong>haud</strong></span> <span class='ocrx_word' id='word_1_650' title='bbox 2268 4193 2328 4234; x_wconf 91' lang='lat' dir='ltr'><strong>se</strong></span> <span class='ocrx_word' id='word_1_651' title='bbox 2392 4175 2589 4233; x_wconf 69' lang='lat' dir='ltr'><strong>affectu</strong></span> <span class='ocrx_word' id='word_1_652' title='bbox 2615 4178 2895 4231; x_wconf 85' lang='lat' dir='ltr'><strong>adhaerere</strong></span> <span class='ocrx_word' id='word_1_653' title='bbox 2943 4172 3105 4229; x_wconf 91' lang='lat' dir='ltr'><strong>rebus</strong></span> <span class='ocrx_word' id='word_1_654' title='bbox 3178 4186 3314 4240; x_wconf 87' lang='lat' dir='ltr'><strong>quas</strong></span> <span class='ocrx_word' id='word_1_655' title='bbox 3367 4167 3625 4238; x_wconf 90' lang='lat' dir='ltr'><strong>possidet,</strong></span> 
     </span>
    </p>
   </div>
   <div class='ocr_carea' id='block_1_80' title="bbox 350 4257 3625 4339">
    <p class='ocr_par' dir='ltr' id='par_1_80' title="bbox 350 4257 3625 4339">
     <span class='ocr_line' id='line_1_80' title="bbox 350 4257 3625 4339; baseline 0 -28"><span class='ocrx_word' id='word_1_656' title='bbox 350 4260 478 4312; x_wconf 87' lang='lat' dir='ltr'><strong>dum</strong></span> <span class='ocrx_word' id='word_1_657' title='bbox 512 4275 699 4314; x_wconf 85' lang='lat' dir='ltr'><strong>earum</strong></span> <span class='ocrx_word' id='word_1_658' title='bbox 726 4262 999 4331; x_wconf 88' lang='lat' dir='ltr'><strong>jacturam</strong></span> <span class='ocrx_word' id='word_1_659' title='bbox 1032 4279 1228 4319; x_wconf 91' lang='lat' dir='ltr'><strong>sereno</strong></span> <span class='ocrx_word' id='word_1_660' title='bbox 1267 4273 1323 4320; x_wconf 90' lang='lat' dir='ltr'><strong>ct</strong></span> <span class='ocrx_word' id='word_1_661' title='bbox 1361 4266 1756 4335; x_wconf 80' lang='lat' dir='ltr'><strong>imperturbata</strong></span> <span class='ocrx_word' id='word_1_662' title='bbox 1802 4269 2003 4339; x_wconf 88' lang='lat' dir='ltr'><strong>patitur</strong></span> <span class='ocrx_word' id='word_1_663' title='bbox 2069 4270 2273 4334; x_wconf 89' lang='lat' dir='ltr'><strong>animo,</strong></span> <span class='ocrx_word' id='word_1_664' title='bbox 2346 4268 2669 4339; x_wconf 80' lang='lat' dir='ltr'><strong>intelligere,</strong></span> <span class='ocrx_word' id='word_1_665' title='bbox 2711 4266 2874 4321; x_wconf 85' lang='lat' dir='ltr'><strong>talem</strong></span> <span class='ocrx_word' id='word_1_666' title='bbox 2935 4265 3017 4319; x_wconf 92' lang='lat' dir='ltr'><strong>sic</strong></span> <span class='ocrx_word' id='word_1_667' title='bbox 3050 4264 3102 4318; x_wconf 94' lang='lat' dir='ltr'><strong>in</strong></span> <span class='ocrx_word' id='word_1_668' title='bbox 3137 4272 3281 4319; x_wconf 83' lang='lat' dir='ltr'><strong>terra</strong></span> <span class='ocrx_word' id='word_1_669' title='bbox 3314 4257 3625 4324; x_wconf 86' lang='lat' dir='ltr'><strong>ambulare,</strong></span> 
     </span>
    </p>
   </div>
   <div class='ocr_carea' id='block_1_81' title="bbox 351 4358 1229 4425">
    <p class='ocr_par' dir='ltr' id='par_1_81' title="bbox 351 4358 1229 4425">
     <span class='ocr_line' id='line_1_81' title="bbox 351 4358 1229 4425; baseline 0.006 -18"><span class='ocrx_word' id='word_1_670' title='bbox 351 4364 411 4408; x_wconf 80' lang='grc' dir='ltr'><strong>ιιι</strong></span> <span class='ocrx_word' id='word_1_671' title='bbox 436 4363 615 4406; x_wconf 80' lang='lat' dir='ltr'><strong>tamen</strong></span> <span class='ocrx_word' id='word_1_672' title='bbox 652 4362 867 4408; x_wconf 87' lang='lat' dir='ltr'><strong>terrena</strong></span> <span class='ocrx_word' id='word_1_673' title='bbox 898 4368 1004 4409; x_wconf 91' lang='lat' dir='ltr'><strong>non</strong></span> <span class='ocrx_word' id='word_1_674' title='bbox 1036 4358 1229 4425; x_wconf 88' lang='lat' dir='ltr'><strong>sapiat.</strong></span> 
     </span>
    </p>
   </div>
   <div class='ocr_carea' id='block_1_82' title="bbox 422 4443 1931 4522">
    <p class='ocr_par' dir='ltr' id='par_1_82' title="bbox 422 4443 1925 4522">
     <span class='ocr_line' id='line_1_82' title="bbox 422 4443 1925 4522; baseline 0.004 -24"><span class='ocrx_word' id='word_1_675' title='bbox 422 4444 498 4505; x_wconf 84' lang='lat' dir='ltr'><strong>B&#39;.</strong></span> <span class='ocrx_word' id='word_1_676' title='bbox 559 4444 757 4511; x_wconf 83' lang='grc' dir='ltr'>Ἔλεγε</span> <span class='ocrx_word' id='word_1_677' title='bbox 802 4443 966 4499; x_wconf 80' lang='grc' dir='ltr'>πάλιν</span> <span class='ocrx_word' id='word_1_678' title='bbox 1015 4446 1096 4499; x_wconf 81' lang='grc' dir='ltr'>ὅτι</span> <span class='ocrx_word' id='word_1_679' title='bbox 1145 4448 1314 4517; x_wconf 71' lang='grc' dir='ltr'>ὁρμαὶ</span> <span class='ocrx_word' id='word_1_680' title='bbox 1364 4449 1740 4522; x_wconf 75' lang='grc' dir='ltr'>προαιρέσεων</span> <span class='ocrx_word' id='word_1_681' title='bbox 1788 4453 1925 4504; x_wconf 81' lang='grc' dir='ltr'>εἰσι⁶</span> 
     </span>
    </p>
   </div>
   <div class='ocr_carea' id='block_1_83' title="bbox 2037 4443 3635 4522">
    <p class='ocr_par' dir='ltr' id='par_1_83' title="bbox 2109 4444 3635 4515">
     <span class='ocr_line' id='line_1_83' title="bbox 2109 4444 3635 4515; baseline 0 -14"><span class='ocrx_word' id='word_1_682' title='bbox 2109 4447 2171 4504; x_wconf 90' lang='lat' dir='ltr'><strong>ll.</strong></span> <span class='ocrx_word' id='word_1_683' title='bbox 2215 4446 2352 4502; x_wconf 75' lang='lat' dir='ltr'><strong>dixit</strong></span> <span class='ocrx_word' id='word_1_684' title='bbox 2400 4462 2590 4501; x_wconf 89' lang='lat' dir='ltr'><strong>rursus</strong></span> <span class='ocrx_word' id='word_1_685' title='bbox 2619 4444 2870 4500; x_wconf 81' lang='lat' dir='ltr'><strong>Zosimas</strong></span> <span class='ocrx_word' id='word_1_686' title='bbox 2903 4464 2917 4499; x_wconf 93' lang='lat'><strong>:</strong></span> <span class='ocrx_word' id='word_1_687' title='bbox 2946 4444 3355 4514; x_wconf 86' lang='lat' dir='ltr'><strong>Proposilorutn</strong></span> <span class='ocrx_word' id='word_1_688' title='bbox 3392 4444 3635 4515; x_wconf 88' lang='lat' dir='ltr'><strong>impetus-</strong></span> 
     </span>
    </p>
   </div>
   <div class='ocr_carea' id='block_1_84' title="bbox 351 4536 1931 4614">
    <p class='ocr_par' dir='ltr' id='par_1_84' title="bbox 351 4537 1928 4614">
     <span class='ocr_line' id='line_1_84' title="bbox 351 4537 1928 4614; baseline 0.005 -25"><span class='ocrx_word' id='word_1_689' title='bbox 351 4538 445 4590; x_wconf 72' lang='grc' dir='ltr'>καὶ</span> <span class='ocrx_word' id='word_1_690' title='bbox 479 4537 701 4590; x_wconf 79' lang='grc' dir='ltr'>δύναται</span> <span class='ocrx_word' id='word_1_691' title='bbox 727 4538 1048 4610; x_wconf 83' lang='grc' dir='ltr'>προαίρεσις</span> <span class='ocrx_word' id='word_1_692' title='bbox 1083 4538 1259 4611; x_wconf 82' lang='grc' dir='ltr'>θερμὴ</span> <span class='ocrx_word' id='word_1_693' title='bbox 1286 4542 1343 4595; x_wconf 93' lang='grc' dir='ltr'><strong>ἐν</strong></span> <span class='ocrx_word' id='word_1_694' title='bbox 1376 4543 1475 4613; x_wconf 79' lang='grc' dir='ltr'><strong>μιᾷ</strong></span> <span class='ocrx_word' id='word_1_695' title='bbox 1502 4542 1623 4613; x_wconf 74' lang='grc' dir='ltr'>ὥρᾳ</span> <span class='ocrx_word' id='word_1_696' title='bbox 1667 4543 1928 4614; x_wconf 80' lang='grc' dir='ltr'>προσενέ-</span> 
     </span>
    </p>
   </div>
   <div class='ocr_carea' id='block_1_85' title="bbox 2037 4536 3629 4614">
    <p class='ocr_par' dir='ltr' id='par_1_85' title="bbox 2037 4536 3629 4610">
     <span class='ocr_line' id='line_1_85' title="bbox 2037 4536 3629 4610; baseline -0.001 -17"><span class='ocrx_word' id='word_1_697' title='bbox 2037 4540 2254 4610; x_wconf 86' lang='lat' dir='ltr'><strong>quidam</strong></span> <span class='ocrx_word' id='word_1_698' title='bbox 2285 4548 2433 4605; x_wconf 89' lang='lat' dir='ltr'><strong>sunt,</strong></span> <span class='ocrx_word' id='word_1_699' title='bbox 2466 4539 2623 4610; x_wconf 91' lang='lat' dir='ltr'><strong>queis</strong></span> <span class='ocrx_word' id='word_1_700' title='bbox 2676 4552 2736 4593; x_wconf 87' lang='lat' dir='ltr'><strong>ca</strong></span> <span class='ocrx_word' id='word_1_701' title='bbox 2770 4536 3241 4593; x_wconf 88' lang='lat' dir='ltr'><strong>discriminantur.</strong></span> <span class='ocrx_word' id='word_1_702' title='bbox 3279 4536 3629 4608; x_wconf 78' lang='lat' dir='ltr'><strong>Propositum</strong></span> 
     </span>
    </p>
   </div>
   <div class='ocr_carea' id='block_1_86' title="bbox 350 4626 1931 4708">
    <p class='ocr_par' dir='ltr' id='par_1_86' title="bbox 350 4627 1930 4708">
     <span class='ocr_line' id='line_1_86' title="bbox 350 4627 1930 4708; baseline 0.004 -25"><span class='ocrx_word' id='word_1_703' title='bbox 350 4646 483 4697; x_wconf 89' lang='grc' dir='ltr'>γκαι</span> <span class='ocrx_word' id='word_1_704' title='bbox 514 4627 594 4701; x_wconf 82' lang='grc' dir='ltr'>τῷ</span> <span class='ocrx_word' id='word_1_705' title='bbox 622 4628 741 4700; x_wconf 60' lang='grc' dir='ltr'>εξεῷ</span> <span class='ocrx_word' id='word_1_706' title='bbox 769 4630 914 4701; x_wconf 77' lang='grc' dir='ltr'>άπερ</span> <span class='ocrx_word' id='word_1_707' title='bbox 940 4632 1002 4684; x_wconf 78' lang='grc' dir='ltr'>οὐ</span> <span class='ocrx_word' id='word_1_708' title='bbox 1030 4633 1355 4705; x_wconf 81' lang='grc' dir='ltr'>προσφέρει’</span> <span class='ocrx_word' id='word_1_709' title='bbox 1388 4634 1501 4687; x_wconf 84' lang='grc' dir='ltr'>ἀλλ’</span> <span class='ocrx_word' id='word_1_710' title='bbox 1541 4637 1573 4705; x_wconf 77' lang='grc' dir='ltr'>ἡ</span> <span class='ocrx_word' id='word_1_711' title='bbox 1608 4636 1930 4708; x_wconf 86' lang='grc' dir='ltr'>προαίρεσις</span> 
     </span>
    </p>
   </div>
   <div class='ocr_carea' id='block_1_87' title="bbox 2037 4626 3626 4708">
    <p class='ocr_par' dir='ltr' id='par_1_87' title="bbox 2040 4626 3626 4697">
     <span class='ocr_line' id='line_1_87' title="bbox 2040 4626 3626 4697; baseline -0.004 -10"><span class='ocrx_word' id='word_1_712' title='bbox 2040 4633 2321 4687; x_wconf 87' lang='lat' dir='ltr'><strong>incitatum</strong></span> <span class='ocrx_word' id='word_1_713' title='bbox 2369 4642 2423 4686; x_wconf 92' lang='lat' dir='ltr'><strong>et</strong></span> <span class='ocrx_word' id='word_1_714' title='bbox 2455 4630 2672 4685; x_wconf 90' lang='lat' dir='ltr'><strong>fervens</strong></span> <span class='ocrx_word' id='word_1_715' title='bbox 2718 4646 2823 4684; x_wconf 91' lang='lat' dir='ltr'><strong>una</strong></span> <span class='ocrx_word' id='word_1_716' title='bbox 2866 4631 2997 4684; x_wconf 89' lang='lat' dir='ltr'><strong>hora</strong></span> <span class='ocrx_word' id='word_1_717' title='bbox 3043 4627 3165 4696; x_wconf 89' lang='lat' dir='ltr'><strong>plus</strong></span> <span class='ocrx_word' id='word_1_718' title='bbox 3206 4638 3385 4697; x_wconf 90' lang='lat' dir='ltr'><strong>potest</strong></span> <span class='ocrx_word' id='word_1_719' title='bbox 3426 4626 3626 4692; x_wconf 67' lang='grc' dir='ltr'>υσθυε</span> 
     </span>
    </p>
   </div>
   <div class='ocr_carea' id='block_1_88' title="bbox 351 4715 1931 4795">
    <p class='ocr_par' dir='ltr' id='par_1_88' title="bbox 351 4715 1093 4791">
     <span class='ocr_line' id='line_1_88' title="bbox 351 4715 1093 4791; baseline 0.004 -19"><span class='ocrx_word' id='word_1_720' title='bbox 351 4718 535 4790; x_wconf 79' lang='grc' dir='ltr'>νωθρὰ</span> <span class='ocrx_word' id='word_1_721' title='bbox 565 4715 702 4773; x_wconf 81' lang='grc' dir='ltr'>οὖσα</span> <span class='ocrx_word' id='word_1_722' title='bbox 730 4720 832 4774; x_wconf 82' lang='grc' dir='ltr'>οὐκ</span> <span class='ocrx_word' id='word_1_723' title='bbox 860 4721 1093 4791; x_wconf 85' lang='grc' dir='ltr'>ἐνεργεῖ.</span> 
     </span>
    </p>
   </div>
   <div class='ocr_carea' id='block_1_89' title="bbox 2037 4715 3625 4795">
    <p class='ocr_par' dir='ltr' id='par_1_89' title="bbox 2039 4722 3625 4795">
     <span class='ocr_line' id='line_1_89' title="bbox 2039 4722 3625 4795; baseline -0.004 -16"><span class='ocrx_word' id='word_1_724' title='bbox 2039 4725 2150 4779; x_wconf 89' lang='lat' dir='ltr'><strong>Deo</strong></span> <span class='ocrx_word' id='word_1_725' title='bbox 2178 4738 2340 4795; x_wconf 85' lang='lat' dir='ltr'><strong>quant</strong></span> <span class='ocrx_word' id='word_1_726' title='bbox 2382 4739 2439 4778; x_wconf 90' lang='lat' dir='ltr'><strong>re</strong></span> <span class='ocrx_word' id='word_1_727' title='bbox 2480 4724 2594 4794; x_wconf 91' lang='lat' dir='ltr'><strong>ipsa</strong></span> <span class='ocrx_word' id='word_1_728' title='bbox 2623 4722 2851 4785; x_wconf 73' lang='lat' dir='ltr'><strong>offerat;</strong></span> <span class='ocrx_word' id='word_1_729' title='bbox 2901 4731 2958 4777; x_wconf 92' lang='lat' dir='ltr'><strong>et</strong></span> <span class='ocrx_word' id='word_1_730' title='bbox 3004 4735 3117 4776; x_wconf 90' lang='lat' dir='ltr'><strong>rem</strong></span> <span class='ocrx_word' id='word_1_731' title='bbox 3151 4723 3417 4777; x_wconf 82' lang='lat' dir='ltr'><strong>exhibens</strong></span> <span class='ocrx_word' id='word_1_732' title='bbox 3462 4735 3625 4775; x_wconf 90' lang='lat' dir='ltr'><strong>unam</strong></span> 
     </span>
    </p>
   </div>
   <div class='ocr_carea' id='block_1_90' title="bbox 351 4813 3623 4889">
    <p class='ocr_par' dir='ltr' id='par_1_90' title="bbox 351 4813 3623 4889">
     <span class='ocr_line' id='line_1_90' title="bbox 351 4813 3623 4889; baseline 0 -21"><span class='ocrx_word' id='word_1_733' title='bbox 351 4824 407 4868; x_wconf 90' lang='lat' dir='ltr'><strong>et</strong></span> <span class='ocrx_word' id='word_1_734' title='bbox 446 4815 737 4879; x_wconf 87' lang='lat' dir='ltr'><strong>modicam,</strong></span> <span class='ocrx_word' id='word_1_735' title='bbox 817 4816 1049 4884; x_wconf 89' lang='lat' dir='ltr'><strong>plurium</strong></span> <span class='ocrx_word' id='word_1_736' title='bbox 1100 4826 1155 4873; x_wconf 87' lang='lat' dir='ltr'><strong>et</strong></span> <span class='ocrx_word' id='word_1_737' title='bbox 1230 4835 1544 4889; x_wconf 83' lang='lat' dir='ltr'><strong>magnarum</strong></span> <span class='ocrx_word' id='word_1_738' title='bbox 1624 4824 1874 4876; x_wconf 88' lang='lat' dir='ltr'><strong>meritum</strong></span> <span class='ocrx_word' id='word_1_739' title='bbox 1953 4821 2173 4875; x_wconf 89' lang='lat' dir='ltr'><strong>lucrari.</strong></span> <span class='ocrx_word' id='word_1_740' title='bbox 2216 4819 2258 4873; x_wconf 89' lang='lat' dir='ltr'><strong>E</strong></span> <span class='ocrx_word' id='word_1_741' title='bbox 2304 4819 2578 4874; x_wconf 89' lang='lat' dir='ltr'><strong>contrario</strong></span> <span class='ocrx_word' id='word_1_742' title='bbox 2630 4818 2965 4887; x_wconf 78' lang='lat' dir='ltr'><strong>propositum</strong></span> <span class='ocrx_word' id='word_1_743' title='bbox 3052 4816 3265 4886; x_wconf 79' lang='lat' dir='ltr'><strong>pigrum</strong></span> <span class='ocrx_word' id='word_1_744' title='bbox 3316 4826 3373 4869; x_wconf 93' lang='lat' dir='ltr'><strong>et</strong></span> <span class='ocrx_word' id='word_1_745' title='bbox 3412 4813 3623 4885; x_wconf 84' lang='lat' dir='ltr'><strong>langui-</strong></span> 
     </span>
    </p>
   </div>
   <div class='ocr_carea' id='block_1_91' title="bbox 353 4909 3643 4988">
    <p class='ocr_par' dir='ltr' id='par_1_91' title="bbox 353 4909 3643 4988">
     <span class='ocr_line' id='line_1_91' title="bbox 353 4909 3643 4988; baseline -0.001 -20"><span class='ocrx_word' id='word_1_746' title='bbox 353 4910 502 4974; x_wconf 83' lang='lat' dir='ltr'><strong>dum,</strong></span> <span class='ocrx_word' id='word_1_747' title='bbox 532 4925 600 4965; x_wconf 86' lang='lat' dir='ltr'><strong>ne</strong></span> <span class='ocrx_word' id='word_1_748' title='bbox 624 4911 678 4966; x_wconf 89' lang='lat' dir='ltr'><strong>id</strong></span> <span class='ocrx_word' id='word_1_749' title='bbox 717 4912 933 4983; x_wconf 91' lang='lat' dir='ltr'><strong>quidem</strong></span> <span class='ocrx_word' id='word_1_750' title='bbox 976 4915 1087 4984; x_wconf 86' lang='lat' dir='ltr'><strong>agit</strong></span> <span class='ocrx_word' id='word_1_751' title='bbox 1120 4917 1261 4984; x_wconf 90' lang='lat' dir='ltr'><strong>quod</strong></span> <span class='ocrx_word' id='word_1_752' title='bbox 1326 4917 1537 4970; x_wconf 89' lang='lat' dir='ltr'><strong>videtur</strong></span> <span class='ocrx_word' id='word_1_753' title='bbox 1575 4932 1757 4988; x_wconf 88' lang='lat' dir='ltr'><strong>agere,</strong></span> <span class='ocrx_word' id='word_1_754' title='bbox 1833 4916 2071 4972; x_wconf 88' lang='lat' dir='ltr'><strong>invalido</strong></span> <span class='ocrx_word' id='word_1_755' title='bbox 2139 4925 2195 4970; x_wconf 89' lang='lat' dir='ltr'><strong>et</strong></span> <span class='ocrx_word' id='word_1_756' title='bbox 2238 4914 2390 4985; x_wconf 85' lang='lat' dir='ltr'><strong>segni</strong></span> <span class='ocrx_word' id='word_1_757' title='bbox 2472 4924 2620 4970; x_wconf 90' lang='lat' dir='ltr'><strong>motu</strong></span> <span class='ocrx_word' id='word_1_758' title='bbox 2658 4930 2766 4968; x_wconf 91' lang='lat' dir='ltr'><strong>non</strong></span> <span class='ocrx_word' id='word_1_759' title='bbox 2828 4914 3144 4984; x_wconf 81' lang='lat' dir='ltr'><strong>pertingens</strong></span> <span class='ocrx_word' id='word_1_760' title='bbox 3188 4925 3362 4981; x_wconf 83' lang='lat' dir='ltr'><strong>usque</strong></span> <span class='ocrx_word' id='word_1_761' title='bbox 3408 4910 3474 4963; x_wconf 89' lang='lat' dir='ltr'><strong>ad</strong></span> <span class='ocrx_word' id='word_1_762' title='bbox 3510 4909 3643 4980; x_wconf 45' lang='lat' dir='ltr'><strong>piae</strong></span> 
     </span>
    </p>
   </div>
   <div class='ocr_carea' id='block_1_92' title="bbox 351 5003 743 5059">
    <p class='ocr_par' dir='ltr' id='par_1_92' title="bbox 351 5003 743 5059">
     <span class='ocr_line' id='line_1_92' title="bbox 351 5003 743 5059; baseline 0.005 -2"><span class='ocrx_word' id='word_1_763' title='bbox 351 5003 580 5057; x_wconf 86' lang='lat' dir='ltr'><strong>cendum</strong></span> <span class='ocrx_word' id='word_1_764' title='bbox 614 5004 743 5059; x_wconf 90' lang='lat' dir='ltr'><strong>Deo.</strong></span> 
     </span>
    </p>
   </div>
   <div class='ocr_carea' id='block_1_93' title="bbox 426 5095 1934 5174">
    <p class='ocr_par' dir='ltr' id='par_1_93' title="bbox 426 5095 1934 5174">
     <span class='ocr_line' id='line_1_93' title="bbox 426 5095 1934 5174; baseline 0.005 -26"><span class='ocrx_word' id='word_1_765' title='bbox 426 5095 538 5149; x_wconf 76' lang='grc' dir='ltr'><strong>Καὶ</strong></span> <span class='ocrx_word' id='word_1_766' title='bbox 578 5097 674 5150; x_wconf 84' lang='grc' dir='ltr'>ἐὰν</span> <span class='ocrx_word' id='word_1_767' title='bbox 724 5098 912 5153; x_wconf 82' lang='grc' dir='ltr'>ῐδωσιν</span> <span class='ocrx_word' id='word_1_768' title='bbox 959 5100 1009 5152; x_wconf 81' lang='grc' dir='ltr'>οἱ</span> <span class='ocrx_word' id='word_1_769' title='bbox 1056 5099 1315 5171; x_wconf 87' lang='grc' dir='ltr'>δαίμονες</span> <span class='ocrx_word' id='word_1_770' title='bbox 1377 5102 1459 5156; x_wconf 81' lang='grc' dir='ltr'>ὅτι</span> <span class='ocrx_word' id='word_1_771' title='bbox 1492 5102 1724 5174; x_wconf 81' lang='grc' dir='ltr'>ὑϐρίσθη</span> <span class='ocrx_word' id='word_1_772' title='bbox 1776 5122 1859 5167; x_wconf 86' lang='grc' dir='ltr'><strong>τις</strong></span> <span class='ocrx_word' id='word_1_773' title='bbox 1900 5106 1934 5174; x_wconf 85' lang='grc' dir='ltr'><strong>ῆ</strong></span> 
     </span>
    </p>
   </div>
   <div class='ocr_carea' id='block_1_94' title="bbox 352 5187 1941 5279">
    <p class='ocr_par' dir='ltr' id='par_1_94' title="bbox 352 5187 1941 5279">
     <span class='ocr_line' id='line_1_94' title="bbox 352 5187 1941 5279; baseline 0.006 -39"><span class='ocrx_word' id='word_1_774' title='bbox 352 5187 655 5260; x_wconf 79' lang='grc' dir='ltr'>ἠτιμάσθη,</span> <span class='ocrx_word' id='word_1_775' title='bbox 686 5191 719 5261; x_wconf 81' lang='grc' dir='ltr'>ἢ</span> <span class='ocrx_word' id='word_1_776' title='bbox 745 5190 1025 5279; x_wconf 74' lang='grc' dir='ltr'>ἐζημιώθη</span> <span class='ocrx_word' id='word_1_777' title='bbox 1044 5232 1059 5258; x_wconf 91' lang='grc'><strong>,</strong></span> <span class='ocrx_word' id='word_1_778' title='bbox 1083 5193 1117 5264; x_wconf 76' lang='grc' dir='ltr'>ἢ</span> <span class='ocrx_word' id='word_1_779' title='bbox 1145 5194 1254 5247; x_wconf 82' lang='grc' dir='ltr'>πᾶν</span> <span class='ocrx_word' id='word_1_780' title='bbox 1276 5195 1456 5248; x_wconf 75' lang='grc' dir='ltr'>ὁτιοῦν</span> <span class='ocrx_word' id='word_1_781' title='bbox 1478 5195 1645 5249; x_wconf 78' lang='grc' dir='ltr'>ἔπαθε</span> <span class='ocrx_word' id='word_1_782' title='bbox 1663 5236 1676 5259; x_wconf 93' lang='grc'><strong>,</strong></span> <span class='ocrx_word' id='word_1_783' title='bbox 1704 5196 1799 5250; x_wconf 75' lang='grc' dir='ltr'><strong>καὶ</strong></span> <span class='ocrx_word' id='word_1_784' title='bbox 1829 5196 1941 5249; x_wconf 80' lang='grc' dir='ltr'>θλί-</span> 
     </span>
    </p>
   </div>
   <div class='ocr_carea' id='block_1_95' title="bbox 353 5282 1931 5360">
    <p class='ocr_par' dir='ltr' id='par_1_95' title="bbox 353 5282 1931 5360">
     <span class='ocr_line' id='line_1_95' title="bbox 353 5282 1931 5360; baseline 0.005 -26"><span class='ocrx_word' id='word_1_785' title='bbox 353 5282 507 5335; x_wconf 87' lang='grc' dir='ltr'>ϐεται</span> <span class='ocrx_word' id='word_1_786' title='bbox 531 5323 545 5346; x_wconf 95' lang='grc'><strong>,</strong></span> <span class='ocrx_word' id='word_1_787' title='bbox 579 5283 677 5354; x_wconf 85' lang='grc' dir='ltr'><strong>οὐχ</strong></span> <span class='ocrx_word' id='word_1_788' title='bbox 721 5284 805 5336; x_wconf 82' lang='grc' dir='ltr'>ὅτι</span> <span class='ocrx_word' id='word_1_789' title='bbox 848 5283 1019 5338; x_wconf 78' lang='grc' dir='ltr'>ἔπαθε</span> <span class='ocrx_word' id='word_1_790' title='bbox 1058 5287 1277 5353; x_wconf 86' lang='grc' dir='ltr'>κακῶς,</span> <span class='ocrx_word' id='word_1_791' title='bbox 1326 5288 1440 5341; x_wconf 84' lang='grc' dir='ltr'>ἀλλ’</span> <span class='ocrx_word' id='word_1_792' title='bbox 1470 5290 1552 5341; x_wconf 86' lang='grc' dir='ltr'>ὃτι</span> <span class='ocrx_word' id='word_1_793' title='bbox 1597 5290 1696 5341; x_wconf 79' lang='grc' dir='ltr'>οὐκ</span> <span class='ocrx_word' id='word_1_794' title='bbox 1730 5290 1931 5360; x_wconf 71' lang='grc' dir='ltr'>ἤνεγκε</span> 
     </span>
    </p>
   </div>
   <div class='ocr_carea' id='block_1_96' title="bbox 2118 5096 3627 5171">
    <p class='ocr_par' dir='ltr' id='par_1_96' title="bbox 2118 5096 3627 5171">
     <span class='ocr_line' id='line_1_96' title="bbox 2118 5096 3627 5171; baseline -0.005 -12"><span class='ocrx_word' id='word_1_795' title='bbox 2118 5102 2176 5159; x_wconf 91' lang='lat' dir='ltr'><strong>Si</strong></span> <span class='ocrx_word' id='word_1_796' title='bbox 2205 5102 2442 5158; x_wconf 90' lang='lat' dir='ltr'><strong>viderint</strong></span> <span class='ocrx_word' id='word_1_797' title='bbox 2470 5102 2741 5157; x_wconf 66' lang='lat' dir='ltr'><strong>daemones</strong></span> <span class='ocrx_word' id='word_1_798' title='bbox 2790 5098 3101 5171; x_wconf 86' lang='lat' dir='ltr'><strong>quempiam</strong></span> <span class='ocrx_word' id='word_1_799' title='bbox 3143 5108 3237 5152; x_wconf 88' lang='lat' dir='ltr'><strong>aut</strong></span> <span class='ocrx_word' id='word_1_800' title='bbox 3269 5096 3490 5166; x_wconf 87' lang='lat' dir='ltr'><strong>injuria,</strong></span> <span class='ocrx_word' id='word_1_801' title='bbox 3531 5105 3627 5151; x_wconf 88' lang='lat' dir='ltr'><strong>aut</strong></span> 
     </span>
    </p>
   </div>
   <div class='ocr_carea' id='block_1_97' title="bbox 2044 5188 3635 5259">
    <p class='ocr_par' dir='ltr' id='par_1_97' title="bbox 2044 5188 3635 5259">
     <span class='ocr_line' id='line_1_97' title="bbox 2044 5188 3635 5259; baseline -0.006 -9"><span class='ocrx_word' id='word_1_802' title='bbox 2044 5194 2397 5259; x_wconf 88' lang='lat' dir='ltr'><strong>contumelia,</strong></span> <span class='ocrx_word' id='word_1_803' title='bbox 2438 5202 2531 5247; x_wconf 88' lang='lat' dir='ltr'><strong>aut</strong></span> <span class='ocrx_word' id='word_1_804' title='bbox 2558 5192 2780 5259; x_wconf 87' lang='lat' dir='ltr'><strong>damno,</strong></span> <span class='ocrx_word' id='word_1_805' title='bbox 2813 5190 3088 5254; x_wconf 77' lang='lat' dir='ltr'><strong>affectum,</strong></span> <span class='ocrx_word' id='word_1_806' title='bbox 3120 5188 3202 5243; x_wconf 87' lang='lat' dir='ltr'><strong>vel</strong></span> <span class='ocrx_word' id='word_1_807' title='bbox 3239 5189 3384 5243; x_wconf 87' lang='lat' dir='ltr'><strong>aliud</strong></span> <span class='ocrx_word' id='word_1_808' title='bbox 3425 5188 3635 5242; x_wconf 73' lang='lat' dir='ltr'><strong>malunt.</strong></span> 
     </span>
    </p>
   </div>
   <div class='ocr_carea' id='block_1_98' title="bbox 2043 5283 3626 5355">
    <p class='ocr_par' dir='ltr' id='par_1_98' title="bbox 2043 5283 3626 5355">
     <span class='ocr_line' id='line_1_98' title="bbox 2043 5283 3626 5355; baseline -0.001 -16"><span class='ocrx_word' id='word_1_809' title='bbox 2043 5286 2406 5355; x_wconf 89' lang='lat' dir='ltr'><strong>quodcunque</strong></span> <span class='ocrx_word' id='word_1_810' title='bbox 2451 5298 2667 5353; x_wconf 83' lang='lat' dir='ltr'><strong>passum</strong></span> <span class='ocrx_word' id='word_1_811' title='bbox 2702 5283 2833 5350; x_wconf 86' lang='lat' dir='ltr'><strong>:qui</strong></span> <span class='ocrx_word' id='word_1_812' title='bbox 2877 5283 3143 5346; x_wconf 88' lang='lat' dir='ltr'><strong>tristetur,</strong></span> <span class='ocrx_word' id='word_1_813' title='bbox 3188 5297 3319 5347; x_wconf 88' lang='lat' dir='ltr'><strong>non,</strong></span> <span class='ocrx_word' id='word_1_814' title='bbox 3352 5283 3478 5353; x_wconf 88' lang='lat' dir='ltr'><strong>quia</strong></span> <span class='ocrx_word' id='word_1_815' title='bbox 3527 5283 3626 5337; x_wconf 81' lang='lat' dir='ltr'><strong>int-</strong></span> 
     </span>
    </p>
   </div>
   <div class='ocr_carea' id='block_1_99' title="bbox 354 5374 1939 5451">
    <p class='ocr_par' dir='ltr' id='par_1_99' title="bbox 354 5374 1939 5451">
     <span class='ocr_line' id='line_1_99' title="bbox 354 5374 1939 5451; baseline 0.006 -25"><span class='ocrx_word' id='word_1_816' title='bbox 354 5374 616 5442; x_wconf 83' lang='grc' dir='ltr'>γενναίως</span> <span class='ocrx_word' id='word_1_817' title='bbox 649 5375 746 5445; x_wconf 81' lang='grc' dir='ltr'>τὴν</span> <span class='ocrx_word' id='word_1_818' title='bbox 776 5377 1034 5449; x_wconf 78' lang='grc' dir='ltr'>τοιαύτην</span> <span class='ocrx_word' id='word_1_819' title='bbox 1075 5379 1274 5449; x_wconf 78' lang='grc' dir='ltr'>ὁρμὴν,</span> <span class='ocrx_word' id='word_1_820' title='bbox 1329 5380 1623 5450; x_wconf 88' lang='grc' dir='ltr'>φοϐοῦνται</span> <span class='ocrx_word' id='word_1_821' title='bbox 1658 5384 1707 5434; x_wconf 85' lang='lat' dir='ltr'><strong>oi</strong></span> <span class='ocrx_word' id='word_1_822' title='bbox 1750 5382 1939 5451; x_wconf 80' lang='grc' dir='ltr'>δαίμο-</span> 
     </span>
    </p>
   </div>
   <div class='ocr_carea' id='block_1_100' title="bbox 354 5467 1940 5542">
    <p class='ocr_par' dir='ltr' id='par_1_100' title="bbox 354 5467 1940 5542">
     <span class='ocr_line' id='line_1_100' title="bbox 354 5467 1940 5542; baseline 0.004 -23"><span class='ocrx_word' id='word_1_823' title='bbox 354 5481 461 5529; x_wconf 84' lang='grc' dir='ltr'>νες’</span> <span class='ocrx_word' id='word_1_824' title='bbox 493 5467 821 5535; x_wconf 88' lang='grc' dir='ltr'>γινώσκουσι</span> <span class='ocrx_word' id='word_1_825' title='bbox 870 5467 978 5538; x_wconf 84' lang='grc' dir='ltr'><strong>γάρ</strong></span> <span class='ocrx_word' id='word_1_826' title='bbox 1009 5468 1090 5522; x_wconf 85' lang='grc' dir='ltr'>ὅτι</span> <span class='ocrx_word' id='word_1_827' title='bbox 1122 5469 1300 5540; x_wconf 71' lang='grc' dir='ltr'>ἥψατο</span> <span class='ocrx_word' id='word_1_828' title='bbox 1342 5471 1441 5542; x_wconf 80' lang='grc' dir='ltr'>τῆς</span> <span class='ocrx_word' id='word_1_829' title='bbox 1501 5471 1620 5525; x_wconf 85' lang='grc' dir='ltr'>ὁδοῦ</span> <span class='ocrx_word' id='word_1_830' title='bbox 1664 5471 1761 5541; x_wconf 82' lang='grc' dir='ltr'><strong>τῆς</strong></span> <span class='ocrx_word' id='word_1_831' title='bbox 1808 5471 1940 5542; x_wconf 79' lang='grc' dir='ltr'>ἀλη-</span> 
     </span>
    </p>
   </div>
   <div class='ocr_carea' id='block_1_101' title="bbox 354 5557 1940 5634">
    <p class='ocr_par' dir='ltr' id='par_1_101' title="bbox 354 5557 1940 5634">
     <span class='ocr_line' id='line_1_101' title="bbox 354 5557 1940 5634; baseline 0.005 -24"><span class='ocrx_word' id='word_1_832' title='bbox 354 5557 542 5622; x_wconf 80' lang='grc' dir='ltr'>θείας,</span> <span class='ocrx_word' id='word_1_833' title='bbox 595 5560 691 5612; x_wconf 74' lang='grc' dir='ltr'>καὶ</span> <span class='ocrx_word' id='word_1_834' title='bbox 736 5558 985 5629; x_wconf 80' lang='grc' dir='ltr'>βούλεται</span> <span class='ocrx_word' id='word_1_835' title='bbox 1033 5565 1356 5634; x_wconf 87' lang='grc' dir='ltr'>περιπατεῖν</span> <span class='ocrx_word' id='word_1_836' title='bbox 1406 5565 1547 5618; x_wconf 78' lang='grc' dir='ltr'>κατὰ</span> <span class='ocrx_word' id='word_1_837' title='bbox 1580 5563 1678 5628; x_wconf 83' lang='grc' dir='ltr'><strong>τὰς</strong></span> <span class='ocrx_word' id='word_1_838' title='bbox 1720 5564 1940 5628; x_wconf 84' lang='grc' dir='ltr'>ἐντολὰς</span> 
     </span>
    </p>
   </div>
   <div class='ocr_carea' id='block_1_102' title="bbox 356 5649 1940 5727">
    <p class='ocr_par' dir='ltr' id='par_1_102' title="bbox 356 5649 1940 5727">
     <span class='ocr_line' id='line_1_102' title="bbox 356 5649 1940 5727; baseline 0.004 -24"><span class='ocrx_word' id='word_1_839' title='bbox 356 5649 452 5704; x_wconf 84' lang='grc' dir='ltr'><strong>τοῦ</strong></span> <span class='ocrx_word' id='word_1_840' title='bbox 476 5650 645 5704; x_wconf 83' lang='grc' dir='ltr'>Θεοῦ·</span> <span class='ocrx_word' id='word_1_841' title='bbox 692 5653 789 5707; x_wconf 71' lang='grc' dir='ltr'>καὶ</span> <span class='ocrx_word' id='word_1_842' title='bbox 829 5653 1108 5725; x_wconf 82' lang='grc' dir='ltr'>ἐμέμνητο</span> <span class='ocrx_word' id='word_1_843' title='bbox 1144 5654 1238 5708; x_wconf 84' lang='grc' dir='ltr'><strong>τοῦ</strong></span> <span class='ocrx_word' id='word_1_844' title='bbox 1282 5656 1439 5724; x_wconf 82' lang='grc' dir='ltr'>ἁγίου</span> <span class='ocrx_word' id='word_1_845' title='bbox 1496 5656 1792 5727; x_wconf 82' lang='grc' dir='ltr'>Παχωμίου</span> <span class='ocrx_word' id='word_1_846' title='bbox 1851 5657 1940 5709; x_wconf 86' lang='grc' dir='ltr'>ὅτε</span> 
     </span>
    </p>
   </div>
   <div class='ocr_carea' id='block_1_103' title="bbox 357 5741 1938 5817">
    <p class='ocr_par' dir='ltr' id='par_1_103' title="bbox 357 5741 1938 5817">
     <span class='ocr_line' id='line_1_103' title="bbox 357 5741 1938 5817; baseline 0.004 -23"><span class='ocrx_word' id='word_1_847' title='bbox 357 5741 696 5813; x_wconf 77' lang='grc' dir='ltr'>κατέκραζεν</span> <span class='ocrx_word' id='word_1_848' title='bbox 724 5745 754 5797; x_wconf 89' lang='lat'><strong>6</strong></span> <span class='ocrx_word' id='word_1_849' title='bbox 795 5744 1023 5815; x_wconf 85' lang='grc' dir='ltr'>ἁδελφὸς</span> <span class='ocrx_word' id='word_1_850' title='bbox 1060 5745 1225 5799; x_wconf 83' lang='grc' dir='ltr'>αὐτοῦ</span> <span class='ocrx_word' id='word_1_851' title='bbox 1255 5747 1283 5798; x_wconf 93' lang='lat'><strong>6</strong></span> <span class='ocrx_word' id='word_1_852' title='bbox 1319 5746 1520 5817; x_wconf 68' lang='grc' dir='ltr'>μείζων</span> <span class='ocrx_word' id='word_1_853' title='bbox 1560 5747 1756 5815; x_wconf 77' lang='grc' dir='ltr'>λέγων’</span> <span class='ocrx_word' id='word_1_854' title='bbox 1796 5746 1938 5801; x_wconf 80' lang='grc' dir='ltr'>Παῦ-</span> 
     </span>
    </p>
   </div>
   <div class='ocr_carea' id='block_1_104' title="bbox 362 5834 1933 5912">
    <p class='ocr_par' dir='ltr' id='par_1_104' title="bbox 362 5834 1933 5912">
     <span class='ocr_line' id='line_1_104' title="bbox 362 5834 1933 5912; baseline 0.005 -27"><span class='ocrx_word' id='word_1_855' title='bbox 362 5848 452 5887; x_wconf 78' lang='grc' dir='ltr'><strong>σαι</strong></span> <span class='ocrx_word' id='word_1_856' title='bbox 496 5834 771 5908; x_wconf 79' lang='grc' dir='ltr'>πέρπερος</span> <span class='ocrx_word' id='word_1_857' title='bbox 813 5836 888 5891; x_wconf 81' lang='grc' dir='ltr'>ὢν</span> <span class='ocrx_word' id='word_1_858' title='bbox 921 5836 1187 5893; x_wconf 86' lang='grc' dir='ltr'>πλατῦναι</span> <span class='ocrx_word' id='word_1_859' title='bbox 1235 5838 1404 5894; x_wconf 78' lang='grc' dir='ltr'>θέλων</span> <span class='ocrx_word' id='word_1_860' title='bbox 1444 5840 1504 5893; x_wconf 75' lang='grc' dir='ltr'><strong>τὸ</strong></span> <span class='ocrx_word' id='word_1_861' title='bbox 1532 5840 1933 5912; x_wconf 86' lang='grc' dir='ltr'>Μοναστήριον,</span> 
     </span>
    </p>
   </div>
   <div class='ocr_carea' id='block_1_105' title="bbox 2042 5373 3625 5447">
    <p class='ocr_par' dir='ltr' id='par_1_105' title="bbox 2042 5373 3625 5447">
     <span class='ocr_line' id='line_1_105' title="bbox 2042 5373 3625 5447; baseline -0.003 -16"><span class='ocrx_word' id='word_1_862' title='bbox 2042 5376 2238 5432; x_wconf 90' lang='lat' dir='ltr'><strong>merito</strong></span> <span class='ocrx_word' id='word_1_863' title='bbox 2266 5376 2320 5432; x_wconf 90' lang='lat' dir='ltr'><strong>id</strong></span> <span class='ocrx_word' id='word_1_864' title='bbox 2357 5376 2483 5431; x_wconf 90' lang='lat' dir='ltr'><strong>mali</strong></span> <span class='ocrx_word' id='word_1_865' title='bbox 2534 5392 2728 5447; x_wconf 86' lang='lat' dir='ltr'><strong>passus</strong></span> <span class='ocrx_word' id='word_1_866' title='bbox 2774 5383 2899 5430; x_wconf 91' lang='lat' dir='ltr'><strong>est:</strong></span> <span class='ocrx_word' id='word_1_867' title='bbox 2933 5376 3027 5430; x_wconf 89' lang='lat' dir='ltr'><strong>sed</strong></span> <span class='ocrx_word' id='word_1_868' title='bbox 3071 5374 3214 5445; x_wconf 91' lang='lat' dir='ltr'><strong>quod</strong></span> <span class='ocrx_word' id='word_1_869' title='bbox 3251 5373 3302 5429; x_wconf 91' lang='lat' dir='ltr'><strong>id</strong></span> <span class='ocrx_word' id='word_1_870' title='bbox 3332 5376 3625 5444; x_wconf 86' lang='lat' dir='ltr'><strong>qualecun-</strong></span> 
     </span>
    </p>
   </div>
   <div class='ocr_carea' id='block_1_106' title="bbox 2042 5467 3631 5539">
    <p class='ocr_par' dir='ltr' id='par_1_106' title="bbox 2042 5467 3631 5539">
     <span class='ocr_line' id='line_1_106' title="bbox 2042 5467 3631 5539; baseline 0 -17"><span class='ocrx_word' id='word_1_871' title='bbox 2042 5482 2149 5539; x_wconf 92' lang='lat' dir='ltr'><strong>que</strong></span> <span class='ocrx_word' id='word_1_872' title='bbox 2176 5468 2578 5525; x_wconf 89' lang='lat' dir='ltr'><strong>incommodum</strong></span> <span class='ocrx_word' id='word_1_873' title='bbox 2608 5483 2711 5523; x_wconf 91' lang='lat' dir='ltr'><strong>non</strong></span> <span class='ocrx_word' id='word_1_874' title='bbox 2740 5468 2924 5523; x_wconf 89' lang='lat' dir='ltr'><strong>tulerit</strong></span> <span class='ocrx_word' id='word_1_875' title='bbox 2948 5480 3245 5535; x_wconf 83' lang='lat' dir='ltr'><strong>generose:</strong></span> <span class='ocrx_word' id='word_1_876' title='bbox 3274 5467 3436 5523; x_wconf 86' lang='lat' dir='ltr'><strong>talem</strong></span> <span class='ocrx_word' id='word_1_877' title='bbox 3470 5468 3631 5523; x_wconf 79' lang='lat' dir='ltr'><strong>istius</strong></span> 
     </span>
    </p>
   </div>
   <div class='ocr_carea' id='block_1_107' title="bbox 2042 5556 3626 5629">
    <p class='ocr_par' dir='ltr' id='par_1_107' title="bbox 2042 5556 3626 5629">
     <span class='ocr_line' id='line_1_107' title="bbox 2042 5556 3626 5629; baseline -0.001 -14"><span class='ocrx_word' id='word_1_878' title='bbox 2042 5572 2249 5616; x_wconf 90' lang='lat' dir='ltr'><strong>motum</strong></span> <span class='ocrx_word' id='word_1_879' title='bbox 2304 5560 2471 5615; x_wconf 87' lang='lat' dir='ltr'><strong>animi</strong></span> <span class='ocrx_word' id='word_1_880' title='bbox 2544 5561 2819 5615; x_wconf 60' lang='lat' dir='ltr'><strong>daemones</strong></span> <span class='ocrx_word' id='word_1_881' title='bbox 2882 5558 3260 5615; x_wconf 87' lang='lat' dir='ltr'><strong>reformidant.</strong></span> <span class='ocrx_word' id='word_1_882' title='bbox 3316 5556 3626 5629; x_wconf 83' lang='lat' dir='ltr'><strong>Intelligunt</strong></span> 
     </span>
    </p>
   </div>
   <div class='ocr_carea' id='block_1_108' title="bbox 2040 5650 3627 5717">
    <p class='ocr_par' dir='ltr' id='par_1_108' title="bbox 2040 5650 3627 5717">
     <span class='ocr_line' id='line_1_108' title="bbox 2040 5650 3627 5717; baseline -0.001 -9"><span class='ocrx_word' id='word_1_883' title='bbox 2040 5655 2183 5708; x_wconf 89' lang='lat' dir='ltr'><strong>enim</strong></span> <span class='ocrx_word' id='word_1_884' title='bbox 2217 5655 2359 5708; x_wconf 90' lang='lat' dir='ltr'><strong>hunc</strong></span> <span class='ocrx_word' id='word_1_885' title='bbox 2391 5664 2577 5708; x_wconf 89' lang='lat' dir='ltr'><strong>tenere</strong></span> <span class='ocrx_word' id='word_1_886' title='bbox 2610 5654 2753 5706; x_wconf 88' lang='lat' dir='ltr'><strong>viam</strong></span> <span class='ocrx_word' id='word_1_887' title='bbox 2796 5652 3065 5717; x_wconf 90' lang='lat' dir='ltr'><strong>veritatis,</strong></span> <span class='ocrx_word' id='word_1_888' title='bbox 3109 5660 3165 5707; x_wconf 89' lang='lat' dir='ltr'><strong>et</strong></span> <span class='ocrx_word' id='word_1_889' title='bbox 3198 5650 3336 5706; x_wconf 86' lang='lat' dir='ltr'><strong>velle</strong></span> <span class='ocrx_word' id='word_1_890' title='bbox 3372 5651 3627 5707; x_wconf 88' lang='lat' dir='ltr'><strong>incedere</strong></span> 
     </span>
    </p>
   </div>
   <div class='ocr_carea' id='block_1_109' title="bbox 2034 5740 3627 5813">
    <p class='ocr_par' dir='ltr' id='par_1_109' title="bbox 2034 5740 3627 5813">
     <span class='ocr_line' id='line_1_109' title="bbox 2034 5740 3627 5813; baseline -0.002 -15"><span class='ocrx_word' id='word_1_891' title='bbox 2034 5744 2187 5813; x_wconf 81' lang='lat' dir='ltr'><strong>juxta</strong></span> <span class='ocrx_word' id='word_1_892' title='bbox 2224 5745 2477 5799; x_wconf 86' lang='lat' dir='ltr'><strong>mandata</strong></span> <span class='ocrx_word' id='word_1_893' title='bbox 2514 5742 2647 5807; x_wconf 80' lang='lat' dir='ltr'><strong>Dei:</strong></span> <span class='ocrx_word' id='word_1_894' title='bbox 2678 5742 2875 5813; x_wconf 86' lang='lat' dir='ltr'><strong>quippe</strong></span> <span class='ocrx_word' id='word_1_895' title='bbox 2915 5743 3006 5812; x_wconf 87' lang='lat' dir='ltr'><strong>qui</strong></span> <span class='ocrx_word' id='word_1_896' title='bbox 3044 5742 3352 5798; x_wconf 85' lang='lat' dir='ltr'><strong>meminerit</strong></span> <span class='ocrx_word' id='word_1_897' title='bbox 3388 5740 3627 5811; x_wconf 77' lang='lat' dir='ltr'><strong>exempli</strong></span> 
     </span>
    </p>
   </div>
   <div class='ocr_carea' id='block_1_110' title="bbox 2042 5833 3643 5903">
    <p class='ocr_par' dir='ltr' id='par_1_110' title="bbox 2042 5833 3643 5903">
     <span class='ocr_line' id='line_1_110' title="bbox 2042 5833 3643 5903; baseline -0.002 -12"><span class='ocrx_word' id='word_1_898' title='bbox 2042 5836 2152 5892; x_wconf 87' lang='lat' dir='ltr'><strong>dati</strong></span> <span class='ocrx_word' id='word_1_899' title='bbox 2199 5851 2229 5891; x_wconf 89' lang='lat' dir='ltr'><strong>a</strong></span> <span class='ocrx_word' id='word_1_900' title='bbox 2268 5845 2458 5893; x_wconf 89' lang='lat' dir='ltr'><strong>sancto</strong></span> <span class='ocrx_word' id='word_1_901' title='bbox 2505 5834 2818 5903; x_wconf 87' lang='lat' dir='ltr'><strong>Pachomio,</strong></span> <span class='ocrx_word' id='word_1_902' title='bbox 2856 5834 2908 5892; x_wconf 89' lang='lat' dir='ltr'><strong>id</strong></span> <span class='ocrx_word' id='word_1_903' title='bbox 2956 5834 3245 5891; x_wconf 80' lang='lat' dir='ltr'><strong>imitando.</strong></span> <span class='ocrx_word' id='word_1_904' title='bbox 3292 5833 3427 5890; x_wconf 84' lang='lat' dir='ltr'><strong>Cum</strong></span> <span class='ocrx_word' id='word_1_905' title='bbox 3476 5834 3643 5889; x_wconf 66' lang='lat' dir='ltr'><strong>enim.</strong></span> 
     </span>
    </p>
   </div>
  </div>
