3998 6414
439 292 574 359 1683

1776 297 2072 358 ZOSIMIE
2109 295 2423 356 ABBATIS

3547 282 3671 347 16H

427 422 677 469 sanetum
726 413 876 469 illum
924 415 1257 484 increpasset
1303 414 1471 469 frater
1522 412 1639 481 ejus
1683 413 1875 481 major,
1925 413 2005 467 di-

2134 411 2194 464 ὲιά
2227 412 2319 464 τὸν
2350 409 2535 463 θεόθεν
2589 405 2740 477 αὐτῷ
2774 403 2998 459 δοθέντα
3026 400 3296 474 χρησμόν·
3328 400 3475 462 ὅστις
3516 401 3673 452 ἀκού-

427 520 558 559 cens
594 522 607 558 :
643 505 834 560 Desine
877 519 1162 575 perperam
1207 520 1368 575 agere
1416 504 1691 559 dilatando
1732 514 2003 559 monaste-

432 594 593 647 rium.
620 592 733 650 Hoc
754 602 933 648 autem
960 594 1282 649 Pacliomius
1312 594 1509 662 agebat
1528 594 1834 662 obsequens
1858 597 2005 649 edito

396 756 397 759 η
432 684 535 738 sibi
567 683 824 738 divinitus
859 683 1103 739 oraculo.
1156 682 1250 738 llis
1290 699 1450 754 porro
1491 684 1571 738 vir
1605 697 1824 739 sanctus
1856 688 2008 740 audi-

436 776 524 838 tis,
565 784 741 829 motus
770 774 993 829 interius
1039 785 1123 830 est
1173 776 1543 845 indignatione
1589 791 1752 844 quam
1783 779 2010 845 putabat

436 868 649 929 bonam,
687 865 817 919 nihil
843 875 1025 921 tamen
1056 876 1245 921 c0utra
1289 867 1546 935 reposuit.
1585 868 1691 922 Sed
1727 880 2008 937 pOStquam

434 955 504 1009 ab
552 955 639 1007 illa
694 955 881 1009 intima
914 955 991 1009 ira
1046 972 1140 1010 cor
1184 973 1339 1011 suum
1379 968 1729 1013 revocasset:
1765 960 2007 1028 sequenti

441 1058 599 1102 noete
650 1048 703 1102 in
752 1058 1022 1104 secretum
1075 1050 1430 1103 oratoriolum
1473 1050 1831 1115 descendens,
1882 1050 2011 1105 flere

439 1140 601 1209 ccepit
630 1148 685 1193 et
739 1156 903 1194 orans
955 1142 1093 1195 dixit
1142 1159 1156 1194 :
1203 1141 1247 1197 Ο
1303 1141 1463 1205 Deus,
1520 1142 1765 1197 carnales
1822 1157 2014 1196 sensus

438 1232 614 1285 adhuc
648 1232 697 1284 in
743 1246 825 1285 tne
873 1242 1037 1285 sunt:
1070 1232 1241 1285 adhuc
1272 1233 1564 1286 secundum
1606 1248 1824 1287 carnem
1855 1233 2013 1287 vivo:

440 1338 519 1375 vae
561 1321 714 1387 mihi,
751 1324 951 1375 moriar
992 1325 1158 1385 enim.
1207 1325 1345 1378 sicut
1394 1325 1654 1393 scriptum
1704 1326 1851 1379 est‘.
1890 1322 2019 1379 Post

443 1426 551 1468 tam
605 1416 912 1470 diuturnam
971 1418 1419 1471 exercitationem
1478 1420 1601 1471 vlta;
1656 1416 1918 1486 religiosae
1966 1426 2020 1471 et

443 1505 888 1573 prmparatiornettt
942 1505 1144 1567 cordis,
1194 1506 1436 1569 abripior
1487 1506 1663 1559 adhuc
1713 1506 2015 1569 iracundia,

446 1604 714 1662 utcunque
740 1594 789 1647 id
822 1596 890 1649 sit
917 1595 970 1648 in
1003 1612 1058 1649 re
1089 1598 1246 1651 bona.
1275 1596 1532 1650 Miserere
1558 1598 1659 1650 mei
1685 1612 1749 1650 ne
1781 1612 2019 1664 peream,

449 1684 694 1738 Domine.
728 1684 785 1738 Si
815 1685 957 1738 enim
993 1686 1260 1740 invenerit
1295 1687 1347 1738 in
1387 1701 1471 1739 me
1506 1696 1712 1753 partem
1748 1686 2018 1748 inimicus,

2080 518 2205 563 σας
2228 501 2358 571 φησί
2378 518 2391 530 ·
2420 496 2767 568 Παρεκινήθη
2797 496 2871 559 ὡς
2915 496 3006 548 ἐπὶ
3028 491 3236 561 ἀγαθῷ·
3273 492 3332 543 οὐ
3363 490 3539 560 μέντοι
3565 490 3677 542 ἀντ-

2109 598 2261 647 εῖπεν
2300 592 2473 644 οὐδέν·
2530 590 2645 643 ἀλλ’
2676 587 2951 657 ἐγκρατὴς
2982 586 3083 655 τῆς
3142 584 3367 655 καρδίας
3409 581 3677 650 ὑπάρχων,

2109 689 2176 756 τῇ
2203 685 2431 755 ἐπιούσῃ
2452 682 2608 736 νυκτὶ
2640 680 2881 742 καταϐὰς
2906 681 2987 742 εἰς
3010 678 3077 731 τὸ
3101 675 3445 743 καταγώγιον
3473 673 3675 742 μικρὸν.

2112 777 2317 849 ἤρξατο
2343 774 2571 839 κλαίειν,
2603 773 2697 826 καὶ
2741 771 3034 841 εὐχόμενος
3070 770 3275 836 ἔλεγεν·
3324 762 3395 818 Ὦ
3440 765 3602 827 Θεὸς,
3628 764 3683 814 τὸ

2114 869 2370 940 φρόνημα
2404 867 2505 934 τῆς
2550 863 2751 934 σαρκὸς
2786 865 2844 915 ὲν
2873 862 2999 932 ὲμοί
3026 862 3198 913 ἐστιν·
3230 858 3309 911 ἔτι
3337 856 3479 911 κατά
3518 856 3683 919 σάρκα

2114 959 2211 1022 ζῶ·
2263 956 2383 1010 οὐαί
2433 970 2560 1025 μοι·
2595 952 2775 1023 μέλλω
2816 952 2926 1022 γὰρ
2968 948 3335 1019 ἀποθνήσκειν
3379 946 3456 1007 ὡς
3493 943 3683 1013 γέγρα-

2116 1068 2283 1111 πται,
2349 1047 2620 1117 τοσαύτην
2679 1045 2912 1115 ἄσκησιν
2964 1045 3059 1095 καὶ
3103 1038 3425 1109 ὲτοιμασίαν
3478 1036 3685 1106 καρδίας

2116 1145 2275 1213 ἔχων,
2309 1142 2470 1195 πάλιν
2520 1137 2712 1209 θυμῷ·
2770 1136 3130 1208 ἀρπάζομαι,
3180 1132 3281 1185 κᾶν
3324 1131 3420 1182 ἐπὶ
3465 1127 3681 1196 ἀγαθῷ-

2117 1234 2340 1304 ὲλέησόν
2396 1249 2487 1302 με,
2523 1229 2598 1300 μὴ
2622 1229 2933 1297 ἀπόλωμαι,
2968 1226 3141 1295 Κύριε
3165 1239 3177 1252 ·
3210 1222 3305 1274 ἐὰν
3333 1219 3445 1290 γὰρ
3478 1219 3609 1289 εὕρῃ
3633 1219 3685 1269 ὲν

2119 1327 2243 1397 ιέμολ⁸
2280 1325 2445 1395 μέρος
2482 1323 2509 1374 ὀ
2534 1320 2726 1391 ἐχθρὸς
2754 1321 2878 1373 ὅσον
2902 1318 3048 1380 ὅσον,
3084 1315 3181 1367 ἐὰν
3208 1314 3283 1383 μὴ
3315 1308 3577 1381 στηρίξῃς
3604 1326 3683 1377 με,

2119 1419 2312 1488 ἔσομαι
2342 1413 2654 1485 ὑποχείριος
2697 1410 2884 1466 αὐτοῦ·
2915 1410 3010 1462 ἐὰν
3046 1408 3156 1476 γὰρ
3190 1407 3368 1459 πάντα
3401 1403 3493 1455 τδν
3543 1401 3687 1469 νόμον

2124 1529 2214 1565 σου
2260 1510 2473 1580 τηρήσῃ
2499 1524 2603 1570 τις,
2638 1504 2843 1575 πταίσῃ
2905 1502 2963 1554 δὲ
3006 1501 3063 1552 ἐν
3102 1500 3203 1561 ἐνὶ,
3246 1496 3443 1563 γέγονε
3490 1492 3688 1545 πάντων

2094 1664 2097 1665 ν
2123 1604 2323 1672 ἔνοχος·
2350 1599 2591 1653 πιστεύω
2612 1596 2668 1649 δὲ
2709 1597 2789 1649 ὅτι
2810 1634 2824 1657 ,
2869 1594 2965 1647 ἐὰν
3001 1592 3052 1644 οἱ
3093 1587 3278 1643 πολλοί
3308 1603 3408 1639 σου
3435 1584 3689 1651 οἱκτιρμοὶ

2129 1692 2438 1764 βοηθήσωσι
2471 1707 2589 1760 μοι,
2625 1686 3022 1756 διδαχθήσομαι
3055 1680 3242 1735 λοιπὸν
3266 1678 3371 1749 τὴν
3399 1676 3510 1729 τῶν
3537 1675 3691 1741 ἁγίων

448 1792 571 1830 mox
607 1791 753 1843 mox,
812 1778 911 1831 nisi
960 1793 1047 1832 me
1095 1777 1442 1842 stabiliveris,
1476 1779 1824 1832 succumbam
1879 1778 2009 1845 ipsi,

2134 1804 2222 1839 σου
2250 1784 2368 1839 ὁδὸν
2399 1779 2730 1852 πορεύεσθαι
2752 1779 2866 1839 τοῖς
2891 1774 3202 1845 ἔμπροσθεν
3234 1768 3687 1835 ἐπεκτεινόμενος·

450 1866 681 1934 fiamque
714 1867 957 1935 captivus
989 1867 1126 1935 ejus.
1160 1867 1273 1921 Etsi
1310 1867 1452 1920 enim
1499 1868 1667 1938 legem
1707 1869 2012 1922 universam

448 1955 817 2011 observaverit
856 1958 1158 2026 quispiam,
1212 1958 1489 2027 delinquat
1535 1970 1713 2013 autem
1770 1960 1820 2012 in
1876 1976 2017 2022 uno,

453 2047 624 2102 factus
656 2058 735 2103 est
765 2050 1008 2103 omnium
1040 2052 1228 2104 reus’.
1260 2048 1485 2104 Confido
1518 2060 1693 2105 autem
1726 2051 1840 2106 fore
1866 2063 1944 2116 ut,
1974 2055 2017 2106 si

451 2150 552 2194 ture
588 2140 768 2194 multa:
812 2142 1189 2197 miserationes
1234 2142 1540 2211 adjuverint
1579 2158 1684 2205 me,
1724 2142 1921 2197 docear
1956 2145 2021 2195 de

450 2238 645 2285 caetero
680 2231 929 2287 incedere
975 2248 1067 2302 per
1098 2234 1237 2287 viam
1274 2245 1606 2297 sanctorum,
1638 2234 1704 2286 ad
1748 2234 2018 2287 anteriora

451 2336 538 2373 me
567 2321 886 2377 extendens.
923 2321 1028 2390 Ipsi
1077 2325 1243 2389 enim,
1297 2334 1354 2377 ut
1389 2333 1622 2392 oportet,
1659 2324 1862 2392 pudore
1893 2324 2021 2378 afl'e-

452 2423 643 2468 cerunt
671 2413 902 2468 hostem.
932 2415 1211 2482 Quomodo
1241 2426 1418 2470 autem
1453 2417 1729 2470 inStituam
1765 2432 1859 2471 eos
1888 2434 2022 2487 quos

453 2506 659 2558 vocasti
695 2508 762 2558 ad
812 2505 951 2559 hanc
983 2508 1148 2559 vitam
1201 2523 1412 2561 mecum
1448 2509 1731 2578 agendam,
1778 2509 1877 2563 nisi
1924 2511 2029 2577 pri-

454 2610 599 2647 Illlllll
627 2596 742 2664 ipse
774 2614 858 2649 me
889 2598 1063 2665 ipsum
1093 2600 1297 2653 vicero.
1334 2602 1400 2653 Et
1435 2602 1544 2654 hiet:
1587 2617 1746 2656 orare
1780 2617 2035 2671 perseve-

454 2685 594 2738 ravit
625 2697 783 2740 nocte
825 2688 913 2740 illa
944 2698 1073 2753 tota,
1108 2690 1294 2744 eadem
1328 2706 1449 2745 cum
1484 2692 1773 2759 gemitibus
1802 2692 2029 2758 iterans,

455 2780 632 2845 quoad
668 2780 825 2834 rediit
872 2780 1012 2845 dies;
1046 2792 1101 2836 et
1132 2798 1195 2835 ex
1233 2782 1402 2836 multo
1452 2784 1649 2837 sudore
1698 2786 1835 2851 ejus,
1871 2785 2036 2839 vesti-

455 2868 539 2937 gia
577 2868 771 2937 pedum
803 2871 972 2937 ipsius
1001 2870 1139 2924 facta
1171 2882 1296 2926 sunt
1324 2884 1382 2925 ut
1414 2873 1583 2926 lutum
1609 2890 1622 2926 :
1653 2886 1811 2928 testas
1837 2876 2035 2942 quippe

2119 1877 2281 1932 αὐτὴν
2317 1875 2446 1945 γὰρ,
2484 1872 2560 1935 ὡς
2583 1872 2681 1935 δεῖ,
2712 1868 3026 1939 κατῄσχυνα
3075 1864 3166 1916 τὸν
3223 1861 3441 1930 ἐχθρόν·
3475 1855 3693 1918 καὶπῶς

2118 1967 2335 2032 διδάξω,
2366 1965 2559 2034 Κύριε,
2590 1960 2682 2023 οὒς
2710 1960 2962 2020 καλέσεις
2999 1958 3093 2010 σὺν
3125 1954 3248 2023 ἐμά*⁵
3277 1952 3471 2004 τοῦτον
3499 1948 3691 2001 ἑλέσθαι

2119 2060 2212 2111 τὸν
2245 2057 2377 2126 βίον,
2417 2055 2491 2125 μὴ
2519 2053 2735 2123 πρῶτον
2762 2050 2927 2111 αὐτὸς
2964 2050 3225 2116 νικήσαςς
3266 2045 3378 2095 Καὶ
3426 2040 3593 2093 ταῦτα
3616 2038 3694 2089 εὑ-

2125 2151 2353 2220 ξάμενος
2379 2147 2657 2215 διέμεινεν
2684 2143 2814 2213 ὃλην
2841 2143 2947 2211 τὴν
2971 2140 3168 2200 νύκτα,
3198 2134 3341 2188 αὐτὰ
3374 2134 3515 2202 μετά
3541 2131 3689 2182 κλαυ-

2122 2242 2273 2312 θμῶν
2292 2241 2487 2308 λέγων,
2517 2239 2623 2300 ἕως
2655 2230 2719 2290 οὗ
2742 2234 2976 2304 ἔφθασεν
3000 2235 3033 2302 ἡ
3059 2231 3257 2300 ἡμέρα·
3289 2227 3395 2280 καὶ
3417 2223 3526 2276 τῶν
3554 2222 3692 2312 ἱδρῴ-

2121 2349 2229 2384 των
2278 2326 2444 2383 αὐτοῦ
2488 2328 2557 2381 τὰ
2599 2327 2717 2395 ἴχνη
2764 2325 2874 2377 τῶν
2928 2322 3104 2375 ποδῶν
3156 2317 3322 2371 αὑτοῦ
3372 2314 3598 2382 γέγονεν
3635 2310 3697 2372 ὡς

2126 2424 2317 2493 πηλός.
2352 2422 2522 2494 Θέρος
2567 2423 2679 2491 γὰρ
2715 2417 2804 2492 ἦν,
2841 2420 2940 2472 καὶ
2964 2422 2992 2472 ὀ
3020 2418 3183 2477 τόπος
3214 2413 3584 2481 κατάθερμος·
3618 2406 3700 2457 καὶ

2133 2515 2291 2581 ἔλεγε
2337 2514 2634 2585 θαυμάζων
2663 2516 2692 2567 ὁ
2734 2514 3035 2585 μακάριος·
3085 2509 3177 2579 Μὴ
3208 2507 3319 2575 γὰρ
3351 2500 3504 2573 εἶχον
3535 2500 3600 2552 τὰ
3621 2499 3703 2551 δά-

2131 2624 2272 2677 κρυα
2302 2608 2467 2660 αὐτοῦ
2504 2608 2722 2677 μιξτρον⁶
2768 2606 2894 2669 Πῶς
2932 2606 3006 2674 μὴ
3062 2601 3352 2672 χαρίσεται
3402 2598 3431 2647 ὁ
3477 2594 3602 2654 Θεὸς
3643 2592 3700 2659 τῇ

2129 2700 2353 2767 τοιαύτῃ
2384 2698 2705 2767 προαιρέσει
2752 2698 2928 2750 πάντα
2956 2692 3124 2746 αὑτοῦ
3172 2689 3240 2741 τὰ
3282 2685 3471 2755 ἀγαθά
3512 2684 3546 2736 ’ἁ
3586 2680 3702 2751 ᾐτή-

2134 2801 2264 2836 σατο
2310 2785 2441 2855 παρ’
2470 2785 2667 2849 αὐτοῦ,
2696 2784 2789 2838 τοῦ
2823 2782 2964 2837 εἶναι
3010 2781 3172 2834 αὑτὸν
3212 2777 3321 2831 ἀπὸ
3377 2776 3593 2827 πάντων
3626 2785 3703 2820 νε-

2135 2876 2289 2945 κρύη

454 2967 593 3021 erat,
638 2970 693 3012 et
732 2960 883 3014 locus
934 2961 1021 3015 illc
1050 2961 1429 3017 calidissimus.
1479 2963 1544 3016 Et
1587 2964 1723 3016 dixit
1754 2964 2029 3016 admirans
2070 2964 2297 3020 beatus:
2332 2982 2437 3021 non
2467 2968 2611 3020 enim
2657 2967 2925 3021 habebant
2981 2964 3100 3031 ejus
3165 2964 3421 3031 lat-rymaa
3467 2956 3701 3012 modum;

455 3052 730 3121 quomodo
784 3069 887 3106 non
936 3054 1233 3124 indulgebit
1290 3055 1380 3108 tali
1426 3057 1701 3125 proposito
1756 3057 1896 3111 Deus
1943 3073 2038 3111 sua
2077 3060 2258 3112 omnia
2289 3074 2410 3129 qua:
2480 3060 2548 3114 ab
2592 3060 2707 3128 ipso
2735 3059 2890 3128 petiit
2958 3059 3119 3119 bona,
3166 3070 3232 3109 eo
3279 3051 3429 3121 quod
3474 3048 3613 3102 illum
3636 3042 3704 3095 vi-

456 3146 579 3199 deat
616 3144 827 3199 cum-tis
861 3146 1020 3199 rebus
1052 3146 1364 3199 mortuum?

527 3234 613 3289 Ill.
664 3235 809 3289 Dixit
855 3252 1043 3289 rursus
1079 3237 1218 3290 idem
1252 3235 1498 3290 Zosimas
1528 3257 1538 3289 ι
1574 3237 1799 3303 Quando
1832 3238 2033 3307 excipit

2208 3237 2280 3288 I".
2322 3236 2434 3290 Καὶ
2462 3235 2648 3301 ἔλεγεν
2669 3278 2683 3299 ,
2714 3236 2796 3288 ὅτι
2847 3236 2971 3288 Ἐὰν
3008 3234 3150 3304 λάϐῃ
3180 3250 3264 3292 τις
3287 3232 3476 3302 νόημα
3508 3230 3707 3299 θλίψαν-

460 3327 580 3395 quis
628 3328 807 3379 animo
838 3327 1116 3396 appulsam
1163 3330 1543 3399 cogitationem
1593 3331 1660 3384 de
1713 3331 1894 3397 aliquo
1942 3331 2032 3398 qui

461 3420 634 3488 ipsum
671 3421 905 3482 vexavit,
939 3422 1155 3486 danmo,
1187 3422 1533 3485 contumelia,
1566 3422 1646 3475 vel
1680 3422 1926 3476 convicio
1959 3422 2037 3474 af-

464 3510 637 3577 fecit;
690 3522 783 3564 aut
833 3511 938 3564 alia
988 3513 1181 3580 quavis
1230 3512 1427 3582 injuria
1482 3514 1701 3566 violavit
1742 3526 1841 3566 :et
1894 3512 2039 3565 fovet

464 3603 746 3657 adbterens
797 3605 1035 3672 texitque
1083 3620 1273 3659 sensus
1301 3613 1490 3661 contra
1537 3606 1815 3659 inimicum
1864 3608 2040 3660 rabio-

465 3709 601 3749 sos:
645 3696 930 3750 insidiatur
978 3698 1207 3765 propria:
1250 3698 1445 3751 anima:
1487 3698 1660 3752 instar
1711 3699 2039 3763 daemonum,

466 3784 664 3839 sufﬁcit
714 3788 857 3840 enim
895 3787 1009 3856 ipse
1041 3788 1142 3842 sibi
1193 3788 1310 3843 sine
1352 3805 1517 3859 opera
1552 3789 1763 3843 illorum
1809 3792 1874 3843 ad
1921 3807 2042 3859 per-

468 3877 698 3931 dendum
751 3892 832 3932 se.
895 3879 959 3932 Et
1016 3879 1143 3947 quid
1205 3880 1325 3934 dico
1358 3898 1371 3933 :
1404 3882 1620 3949 quando
1689 3882 2046 3949 cogitationes

470 3969 605 4023 tales
654 3971 891 4023 contexit
936 3980 1101 4038 atque
1142 3970 1547 4039 implicat?Aio
1597 3983 1887 4039 prazterea,
1941 3973 2044 4026 nisi

470 4061 769 4114 adversarii
818 4062 1123 4116 meminerit
1159 4072 1411 4132 tanquam
1453 4062 1814 4119 benefactoris
1851 4074 1905 4118 et
1936 4081 2048 4118 me-

430 4172 435 4175 '
472 4152 599 4216 dici,
636 4162 794 4205 nocet
825 4152 1295 4209 immedicabiliter
1332 4155 1435 4209 sibi
1467 4154 1587 4224 ipsi.
1618 4155 1757 4221 Quid
1786 4158 1929 4210 enim
1964 4157 2046 4211 ais

434 4266 439 4271 ·
472 4255 526 4299 te
549 4246 845 4299 vexatum?
876 4246 927 4299 ls
955 4261 983 4298 a
1017 4262 1123 4315 quo
1150 4262 1365 4315 passum
1397 4256 1449 4302 te
1474 4250 1743 4316 quereris,
1773 4257 1826 4301 te
1853 4264 2051 4320 purgi.

476 4338 569 4401 vit,
606 4347 754 4391 tuum
788 4338 1000 4391 curavit
1034 4340 1305 4401 morbum,
1338 4351 1393 4393 et
1421 4340 1588 4395 debes
1630 4342 1903 4394 recordari
1937 4343 2051 4411 ejus

474 4440 728 4498 tanquam
791 4430 981 4484 medici
1040 4432 1134 4483 tibi
1198 4445 1226 4483 a
1289 4430 1503 4485 Christo
1566 4432 1715 4485 missi
1776 4450 1788 4485 :
1841 4432 2054 4486 debitor

476 4522 691 4577 Christo
727 4537 787 4575 es
825 4522 906 4576 vel
956 4522 1024 4576 ob
1072 4523 1172 4577 hoc
1214 4524 1390 4577 solum
1428 4523 1748 4577 beneficium
1790 4523 2052 4592 quidlibet

2138 3346 2230 3391 τος
2256 3327 2440 3393 αὐτὸν,
2466 3328 2499 3399 ἢ
2536 3327 2918 3397 ζημιώσαντος
2942 3367 2957 3391 ,
2982 3326 3015 3396 ἢ
3049 3325 3497 3393 λοιδορήσαντος,
3526 3325 3558 3393 ἦ
3590 3325 3707 3375 ὀνει-

2138 3423 2410 3486 δίσαντος,
2452 3422 2484 3490 ἢ
2543 3420 2671 3490 εἰκῆ
2697 3420 3087 3490 διασύραντος,
3123 3418 3157 3488 ἢ
3193 3420 3305 3471 πᾶν
3342 3417 3527 3471 ὁτιοῦν
3558 3415 3706 3469 κακὸν

2142 3518 2491 3587 ποιήσαντος,
2520 3516 2618 3567 καὶ
2649 3515 2841 3567 πλέκει
2872 3513 3186 3582 λογισμοὺς·
3206 3513 3327 3565 κατ’
3367 3510 3536 3565 αὑτοῦ
3557 3550 3570 3569 .
3601 3512 3704 3562 ἐπι-

2141 3608 2386 3662 ϐουλεύει
2418 3610 2483 3679 τῇ
2529 3608 2638 3678 ἰδίᾳ.
2678 3607 2823 3677 ψυχῇ
2878 3606 2953 3669 ὼς
2995 3607 3044 3657 οἱ
3086 3604 3367 3672 δαίμονεςο
3420 3605 3578 3673 ἀρκεῖ
3616 3602 3708 3673 γὰρ

2142 3701 2321 3771 ἑαυτῷ
2368 3701 2507 3767 πρὸς
2535 3699 2851 3769 ἐπιϐουλήν·
2891 3699 2987 3750 καὶ
3019 3698 3072 3749 τί
3108 3698 3286 3764 λέγω,
3331 3697 3559 3760 πλέκεις
3602 3695 3708 3748 Ἐὰν

2146 3794 2222 3863 μὴ
2270 3793 2544 3863 μέμνηται
2572 3792 2740 3845 αὑτοῦ
2783 3791 2858 3852 ὡς
2902 3789 3195 3859 εὐεργέτου
3225 3789 3321 3841 καὶ
3363 3788 3550 3858 ἰατροῦ
3574 3828 3587 3851 ,
3611 3788 3709 3839 ἁδι-

2145 3888 2232 3938 κεῖ
2274 3885 2435 3938 αὑτὸν
2462 3886 2529 3937 τά
2560 3884 2814 3953 μέγιστα·
2846 3883 2896 3935 τί
2926 3882 3034 3951 γὰρ
3066 3881 3245 3949 λέγεις
3289 3881 3547 3951 πάσχειν;
3575 3873 3708 3938 οὗτος

2147 3978 2423 4048 καθαίρει·
2472 3978 2567 4030 καὶ
2594 3976 2833 4046 ὀφείλεις
2870 3974 3185 4044 μεμνῆσθαι
3227 3973 3400 4026 αὐτοῦ
3437 3972 3513 4033 ὡς
3544 3968 3707 4039 ἱατῳῦ

2147 4071 2491 4140 πεμφθέντος
2541 4087 2622 4122 σοι
2653 4069 2763 4122 ἀπὸ
2802 4068 2895 4121 τοῦ
2947 4066 3207 4138 Χριστοῦ·
3252 4068 3549 4136 χρεωστεῖς
3591 4063 3710 4129 ὑπὲρ

2148 4162 2242 4215 τοῦ
2273 4162 2538 4230 ὀνόματος
2563 4159 2731 4213 αὐτοῦ
2760 4159 2978 4221 παθεῖν,
3012 4159 3107 4211 καὶ
3125 4157 3365 4223 ὀφείλεις
3399 4157 3541 4224 ἔχειν
3570 4154 3711 4205 αὑτὸν

2150 4252 2226 4315 ὡς
2272 4251 2591 4321 εὐεργέτην.
2636 4252 2700 4302 Εἰ
2736 4249 2793 4301 δὲ
2830 4249 2932 4301 ούκ
2974 4247 3303 4318 ἀπαλλάσσῃ
3346 4246 3577 4306 κακίας,
3609 4243 3712 4294 οὐδὲ

2151 4330 2447 4411 ἐπιθυμεῖς
2486 4340 2908 4409 ἀπαλλαγῆναι,
2949 4339 3192 4401 ἀναίτιος
3238 4338 3447 4407 Κύριος
3495 4338 3523 4388 ὀ
3570 4334 3707 4393 Θεὸς·

2155 4436 2284 4488 αὐτὸ
2312 4436 2369 4488 δὲ
2398 4434 2458 4486 τὸ
2510 4435 2764 4504 πάσχειν,
2812 4433 3076 4499 νοσούσης
3122 4431 3301 4500 ψυχῆς
3351 4432 3522 4493 ὲστιν,
3560 4427 3606 4478 εἱ
3651 4424 3713 4493 μὴ

2155 4527 2360 4587 ἐνόσεις
2389 4526 2489 4577 οὐκ
2522 4522 2761 4592 έπασχες
2790 4563 2804 4587 ,
2834 4523 2929 4575 καὶ
2958 4521 3195 4590 ὀφείλεις
3225 4521 3386 4592 χάριν
3417 4519 3497 4589 τῷ
3527 4514 3713 4583 ἀδελφῷ

479 4614 715 4681 patiendi
746 4629 843 4682 pro
881 4613 996 4680 ejus
1036 4613 1272 4667 nomine.
1308 4612 1613 4667 Ministrum
1644 4624 1821 4668 autem
1864 4616 1916 4667 in
1951 4616 2033 4668 Ιιοι

2155 4617 2238 4669 ὃτι
2272 4616 2340 4667 δι’
2389 4613 2552 4667 αὑτοῦ
2602 4613 2776 4680 ἔγνως
2824 4614 2925 4683 τὴν
2973 4613 3092 4666 ὁδὸν
3137 4613 3235 4682 τῆς
3277 4612 3435 4664 νόσου
3477 4626 3588 4663 σου·
3634 4608 3713 4660 καὶ

479 4707 595 4772 ejus
627 4708 764 4775 grati
805 4706 982 4759 ollicio
1026 4706 1190 4759 animi
1236 4706 1555 4775 astringeris
1600 4708 1651 4758 in
1696 4707 1812 4759 loco
1856 4706 2054 4759 habere

481 4797 866 4851 benefactoris.
913 4797 969 4850 Si
1007 4805 1186 4851 autem
1231 4811 1260 4849 a
1295 4796 1500 4849 malitia
1534 4812 1640 4851 non
1689 4797 1935 4861 recedis;
1965 4806 2057 4849 aut

442 4900 589 4942 'non
637 4888 789 4956 cupis
837 4887 1028 4943 saltem
1070 4887 1345 4941 recedere.
1397 4887 1647 4958 Explevit
1689 4900 1871 4958 partes
1927 4905 2057 4944 suas

487 4979 745 5034 Dominus
790 4979 932 5033 Deus
980 4978 1070 5047 qui
1116 4986 1165 5032 te
1199 4979 1406 5032 studuit
1452 4994 1677 5034 curare:
1727 4980 1949 5047 frustra,
1988 4982 2057 5032 ob

488 5083 632 5126 tuam
677 5071 1021 5126 retinentiam
1053 5088 1068 5124 :
1101 5070 1257 5139 culpa
1308 5070 1478 5125 solius
1517 5079 1604 5124 tua
1640 5082 1725 5126 est
1754 5073 1843 5141 qui
1882 5087 2059 5126 reme-

487 5165 634 5218 dium
680 5165 907 5232 respuis,
944 5163 1087 5232 quod
1132 5163 1337 5232 pateris
1384 5179 1488 5217 non
1537 5164 1653 5230 ejus
1694 5180 1854 5234 quem
1901 5179 2061 5219 vocas

489 5256 857 5311 adversarium
914 5254 1111 5324 iijuria
1166 5265 1287 5320 est,
1332 5255 1424 5308 sed
1481 5263 1582 5308 tua:
1642 5257 1809 5324 ipsius
1868 5257 2064 5309 animae

448 5366 451 5369 ·
491 5348 799 5417 aegrotantis
843 5358 895 5401 et
932 5348 1177 5401 morbum
1214 5362 1371 5400 suum
1418 5349 1673 5402 amantis.
1725 5348 1782 5402 Si
1836 5364 1939 5403 non
1986 5348 2065 5403 sic

450 5447 805 5506 .azgrotares,
858 5437 988 5491 nihil
1038 5437 1106 5492 ab
1162 5437 1381 5492 inimico
1430 5441 1716 5503 patereris.
1778 5438 1965 5507 Itaque
2019 5442 2063 5496 si

497 5543 641 5588 recte
669 5547 857 5588 censes
884 5531 1243 5602 obstringeris
1271 5532 1337 5585 ad
1369 5533 1573 5601 gratias
1608 5534 1883 5588 habendas
1915 5533 2065 5588 fratri

572 5688 586 5719 ¹
623 5687 775 5742 Rom.
808 5703 922 5753 νιιι,
968 5687 1054 5741 12.
1128 5691 1147 5719 ²
1179 5685 1295 5743 Jac.
1330 5701 1394 5752 ιι,
1424 5686 1507 5740 10.

2153 4707 2393 4776 ὀφείλεις
2418 4706 2672 4777 δέχεσθαι
2699 4706 2768 4758 τὰ
2796 4705 2925 4777 παρ’
2960 4704 3128 4758 αὐτοῦ
3158 4704 3236 4766 ὡς
3270 4705 3539 4773 φάρμακα
3571 4700 3713 4768 θερι-

2157 4798 2388 4852 πευτικά
2426 4798 2744 4867 πεμφθέντα
2789 4813 2871 4849 σοι
2909 4797 3064 4867 παρὰ
3101 4795 3196 4849 τοῦ
3246 4795 3443 4865 Ἰησοῦ.
3482 4794 3541 4845 Εἰ
3568 4792 3620 4843 δὲ
3652 4788 3714 4859 μὴ

2162 4894 2323 4963 μόνον
2351 4893 2451 4943 οὐκ
2485 4892 2827 4960 εὐχαριστεῖς
2847 4930 2862 4953 ,
2892 4889 3032 4943 ἀλλά
3081 4889 3175 4940 καὶ
3208 4890 3354 4958 λυπῇ
3373 4926 3387 4947 ,
3423 4885 3517 4937 καὶ
3545 4881 3715 4936 διασύ-

2165 5003 2297 5055 ρεις,
2329 4986 2424 5036 καὶ
2458 4982 2708 5048 ἐγκαλεῖς
2728 5022 2742 5041 ,
2775 4982 2871 5034 καὶ
2903 4980 3126 5043 πλέκεις
3164 4966 3601 5048 λογισμοὺς’κατ’
3628 4974 3715 5025 αύ-

2161 5076 2260 5129 τοῦ
2279 5117 2293 5139 ,
2321 5075 2546 5143 δυνάμει
2578 5073 2757 5140 λέγεις
2785 5071 2864 5141 τῷ
2904 5070 3079 5141 Ἰησοῦ
3100 5112 3114 5133 ,
3155 5069 3353 5139 μᾶλλον
3381 5068 3438 5119 δὲ
3467 5066 3634 5133 γυμνῇ
3658 5063 3713 5131 τῇ

2170 5167 2400 5237 κεφαλῇξ
2435 5168 2507 5219 Οὐ
2541 5165 2680 5218 θέλω
2707 5163 2924 5233 ἰαθῆναι
2951 5164 3056 5216 ὑπὸ
3078 5162 3196 5214 σοῦ·
3229 5163 3291 5214 ού
3316 5161 3451 5213 θέλω
3476 5154 3709 5222 δέξασθαι

2163 5261 2232 5313 τὰ
2269 5258 2536 5329 φάρμακὰ
2583 5274 2700 5310 σου·
2752 5256 2992 5324 σαπῆναι
3035 5254 3174 5307 θέλω
3224 5256 3281 5306 ὲν
3310 5255 3419 5313 τοῖς
3464 5242 3715 5319 τραύμασί

2169 5368 2289 5422 μου·
2320 5352 2559 5419 ὑπήκοος
2591 5349 2732 5401 θέλω
2763 5347 3018 5416 γενέσθαι
3047 5346 3157 5399 τῶν
3182 5345 3468 5412 δαιμόνων·
3504 5341 3597 5393 οὐκ
3618 5333 3712 5388 οἶδα

2136 5434 2139 5437 λ
2166 5442 2257 5493 τὸν
2283 5441 2505 5512 Κύριον.
2543 5442 2655 5495 Καὶ
2682 5442 2764 5503 τίς
2793 5442 2940 5492 ἐστιν
2967 5432 3027 5491 οὗ
3073 5438 3462 5503 εἰσακούσομαι
3494 5431 3589 5499 τῆς
3615 5446 3710 5493 φω-

2171 5535 2265 5605 νῆς
2296 5533 2458 5587 αὐτοῦ
2482 5550 2495 5563 ·
2542 5533 2635 5587 καὶ
2664 5533 2714 5587 τί
2733 5533 2917 5587 λοιπὸν
2944 5534 3161 5602 ποιήσει
3187 5533 3214 5583 ό
3242 5529 3475 5598 Κύριος;
3511 5517 3711 5589 ’Δγαθδς
