3998 6414
328 344 465 409 1685

1768 335 2169 410 ALLOQUIA.
2260 302 2261 305 γ

3451 331 3587 395 1686

322 452 401 507 ὢν
447 454 475 505 ό
504 450 711 521 Κύριος
749 447 908 519 ἡμῶν
945 446 1081 519 πρὸς
1108 445 1209 511 τὰς
1242 445 1440 509 κακίας
1491 444 1670 517 ἡμῶν,
1700 444 1896 499 ἔδωκεν

2004 458 2162 513 quem
2201 450 2260 497 ut
2305 440 2625 497 maledicum
2674 448 2769 496 aut
2811 439 3113 497 maleﬁcum
3148 454 3397 508 accusas,
3434 444 3578 511 quod

322 539 549 603 ἐντολὰς
594 536 969 607 καθαιρούσας
1016 537 1189 601 αὐτάς
1233 536 1390 607 δίκην
1440 536 1768 606 καυστήρων
1810 536 1905 589 καὶ

324 633 667 705 καθαρσίων*
691 633 719 685 ὁ
748 630 933 685 τοίνυν
964 629 1292 701 βουλόμενος
1320 629 1415 684 καὶ
1437 627 1619 683 ποθῶν
1651 627 1903 697 ἰαθῆναι,

322 724 538 794 ἀνάγκη
578 721 742 777 αὐτὸν
786 722 1083 791 ὑπομεῖναι
1127 720 1197 774 τά
1239 721 1611 792 ἐπιφερόμενα
1657 720 1762 775 ὑπὸ
1810 720 1904 775 τοῦ

328 813 539 883 ἰατροῦ,
577 814 715 883 μετά
754 812 919 865 πόνου
968 812 1064 865 καὶ
1106 812 1341 882 σιωπῆς·
1389 812 1511 866 οὐδὲ
1540 812 1649 884 γάρ
1678 814 1705 866 ὁ
1733 811 1905 866 νοσῶν

325 904 497 971 ἡδέως
525 903 639 974 ἔχει
664 902 760 958 τοῦ
784 903 1081 975 τέμνεσθαι
1111 892 1205 958 Al
1234 902 1453 957 καίεθαι
1472 944 1487 969 ,
1514 904 1547 974 ἢ
1583 902 1769 957 λαϐεῖν
1802 920 1903 956 κα-

326 994 571 1066 θάρσιον·
604 996 755 1066 ὅμως
783 994 963 1048 πείθει
1002 994 1187 1060 αὐτὸν,
1229 995 1311 1049 δτι
1341 994 1510 1066 χωρὶς
1541 993 1746 1047 τούτων
1778 992 1904 1048 ἀδύ-

325 1103 487 1139 νατον
512 1086 902 1157 ἀπαλλαγῆναι
926 1087 1027 1157 τῆς
1068 1086 1246 1141 νόσου*
1277 1087 1373 1141 καὶ
1412 1085 1599 1139 λοιπὸν
1626 1084 1905 1138 ἐκδίδωσιν

325 1179 520 1233 ἑαυτὸν
543 1178 623 1250 τῷ
656 1179 847 1250 ἰατρῷ,
880 1178 1037 1243 είδὼς
1059 1180 1140 1234 ὅτι
1164 1178 1252 1233 διά
1280 1179 1482 1249 μικρᾶς
1506 1177 1702 1249 ἀηδίας
1728 1177 1904 1233 ἀπαλ-

324 1270 589 1325 λάσσεται
610 1271 809 1341 πολλῆς
833 1271 1178 1342 κακοχυμίας
1206 1271 1300 1324 καὶ
1332 1268 1692 1340 πολυχρονίας
1718 1269 1899 1324 νόσου.

322 1364 590 1435 Καυστὴρ
620 1366 679 1419 δὲ
701 1364 798 1418 τοῦ
833 1364 1009 1435 Ἰησοῦ
1037 1366 1186 1418 ἐστιν
1226 1363 1260 1415 δ
1285 1361 1576 1432 ὑποφέρων
1605 1360 1833 1431 ζημίαν.

2004 550 2101 605 per
2132 549 2267 591 eum
2297 533 2596 604 cognovisti
2629 534 2772 588 viam
2812 533 2983 589 morbi
3025 534 3124 599 tui,
3160 549 3290 605 qua,
3322 543 3378 589 et
3403 548 3579 604 quan-

2004 642 2113 686 tam
2140 640 2289 685 tuam
2318 630 2386 684 ad
2422 629 2721 699 perniciem
2746 639 3030 700 grassetur
3062 647 3077 684 :
3103 642 3273 699 quare
3299 628 3441 684 dicta
3464 626 3584 695 ejus

2001 732 2054 777 et
2085 719 2227 775 facta
2257 719 2500 773 insuavia
2529 718 2646 783 tibi,
2675 718 2841 773 debes
2864 719 2933 773 ab
2955 732 3020 772 eo
3048 719 3298 787 accipere
3324 726 3579 785 tanquam

2004 811 2306 866 medicinas
2354 808 2647 873 salutares,
2700 810 2894 864 missas
2932 810 3000 863 ad
3050 818 3101 863 te
3155 824 3183 862 a
3233 806 3388 863 Jesu.
3430 807 3582 874 Quod

2006 903 2051 958 si
2082 917 2188 957 non
2211 901 2385 957 solum
2417 915 2524 955 non
2550 899 2757 968 gratias
2782 900 2897 969 agis
2927 917 2942 955 :
2972 899 3069 955 sed
3099 897 3270 964 doles,
3299 898 3395 952 sed
3418 896 3585 952 vicis-

2008 994 2112 1050 sim
2150 992 2495 1057 conviciaris,
2524 992 2773 1061 [vicissim
2806 1006 3051 1060 accusas,
3087 1001 3143 1047 et
3183 991 3355 1046 nectis
3394 997 3582 1045 contra

2010 1087 2182 1157 ipsum
2242 1085 2680 1141 machinationes
2718 1086 3011 1142 vindictam
3067 1085 3375 1148 meditans,
3420 1081 3583 1136 tacite

2011 1174 2147 1230 dicis
2185 1174 2402 1231 Christo
2428 1172 2581 1242 Jesu.
2628 1186 2723 1231 aut
2760 1179 2938 1246 potius
2985 1185 3172 1231 exerte
3222 1190 3286 1229 ac
3331 1174 3578 1227 diserte:

1998 1264 2134 1323 Nolo
2166 1268 2346 1323 curari
2375 1283 2405 1322 a
2438 1276 2525 1324 te:
2551 1268 2677 1324 nolo
2706 1282 2924 1325 sumere
2949 1264 3244 1324 medicinas
3269 1275 3425 1319 tuas:
3462 1261 3582 1316 volo

2000 1358 2281 1429 putreﬁeri
2338 1359 2395 1415 in
2459 1361 2598 1417 meis
2646 1360 2960 1415 vulneribus
3004 1376 3030 1413 :.
3065 1358 3186 1414 volo
3246 1356 3583 1413 daemonibus

320 1455 568 1509 obedire.
600 1454 794 1510 Nescio
822 1454 1128 1511 Dominum.
1157 1455 1221 1510 Et
1246 1454 1369 1524 quis
1398 1454 1487 1508 ille
1519 1463 1626 1519 est,
1672 1462 1732 1509 ut
1773 1452 2024 1509 obediam
2072 1452 2190 1507 voci
2231 1451 2429 1521 ejus'?
2496 1451 2635 1520 Quid
2711 1466 2840 1523 ergo
2914 1452 2980 1507 de
3049 1460 3249 1507 caetero
3291 1450 3454 1506 faciet
3486 1448 3583 1503 Do»

323 1547 547 1601 minus?
597 1547 730 1602 Cum
764 1548 836 1603 sit
867 1549 1042 1603 bonus
1085 1547 1348 1603 Dominus
1391 1557 1575 1602 noster
1633 1556 1690 1603 et
1758 1545 2041 1617 indulgens
2106 1560 2237 1617 erga
2289 1554 2503 1602 nostras
2544 1546 2910 1615 iniquitates:
2953 1544 3101 1601 dedit
3143 1545 3395 1599 mandata
3438 1562 3566 1600 san-

334 1650 419 1693 cta
450 1641 735 1709 purgantia
777 1640 922 1709 ipsas
951 1642 1126 1694 instar
1158 1640 1522 1695 cauteriorum
1564 1650 1618 1694 et
1645 1640 2082 1709 pharmacorum.
2145 1638 2246 1704 Qui
2277 1652 2410 1708 ergo
2469 1637 2583 1691 vult
2612 1647 2668 1694 et
2728 1638 3007 1693 desiderat
3050 1639 3255 1704 curari,
3322 1639 3577 1695 admittat

320 1742 539 1800 oportet
566 1741 621 1787 et
660 1734 1289 1805 sustineatquaecunque
1317 1733 1399 1788 vel
1440 1732 1760 1795 offeruntur,
1812 1731 1896 1785 vel
1936 1730 2245 1786 inferuntur
2266 1732 2316 1786 ei
2348 1746 2378 1783 a
2416 1731 2650 1796 medico,
2721 1732 3004 1799 sustineat,
3041 1733 3284 1804 inquam,
3319 1745 3441 1786 cum
3486 1745 3581 1801 pa-

321 1821 509 1876 tientia
541 1823 743 1879 doloris
799 1836 1010 1880 etcum
1041 1824 1277 1879 silentio.
1329 1822 1466 1879 Nam
1506 1838 1606 1878 nee
1667 1822 1759 1893 qui
1828 1830 2057 1889 aegrotat
2101 1834 2350 1889 corpore,
2388 1820 2685 1889 jucundum
2746 1822 3045 1891 experitur,
3107 1821 3305 1885 secari,
3361 1820 3463 1885 uri,
3516 1831 3573 1873 et

322 1915 543 1978 sorbere
573 1929 788 1971 amaras
818 1916 1099 1987 potiones;
1139 1926 1319 1971 tamen
1346 1913 1569 1970 cohibet
1596 1927 1677 1979 se,
1708 1927 1774 1967 ac
1799 1913 1901 1967 sibi
1940 1913 2231 1982 persuadet
2302 1912 2640 1968 tolerantiam
2719 1913 2905 1969 talium
2942 1914 3327 1975 acerbitatum,
3374 1913 3581 1982 absque

320 2004 409 2058 his
437 2006 636 2071 sciens,
676 2007 818 2061 haud
884 2023 943 2062 se
1002 2022 1163 2077 posse
1206 2006 1491 2062 liberaria
1531 2006 1810 2075 languore.
1878 2005 2135 2074 quocirca
2191 2013 2360 2061 totum
2414 2021 2475 2060 se
2531 2005 2798 2075 permittit
2864 2005 3116 2074 medico;
3187 2019 3424 2074 gnarus,
3485 2019 3583 2075 per

322 2096 483 2152 istam
522 2099 788 2155 modicam
831 2100 1134 2155 molestiam
1163 2098 1450 2171 expulsum
1532 2098 1595 2152 iri
1640 2112 1670 2151 a
1736 2111 1798 2152 se
1866 2107 2186 2167 conceptum
2266 2099 2566 2154 visceribus
2608 2113 2714 2168 quo
2758 2098 2899 2154 male
2964 2107 3247 2168 torquetur
3292 2098 3477 2161 virus,
3528 2104 3584 2151 et

318 2191 635 2248 diuturnam
662 2210 768 2264 qua
817 2196 1021 2251 sensim
1093 2195 1394 2250 absumitur
1468 2193 1843 2264 aegritudinem
1874 2194 2279 2249 excutiendam.
2317 2193 2623 2267 Chirurgus
2663 2202 2840 2251 autem
2909 2208 3103 2250 secans
3165 2208 3437 2263 ureusque
3473 2192 3585 2248 Do-

321 2285 457 2339 mini
485 2282 612 2339 Jesu
641 2293 744 2351 est,
776 2286 879 2342 iste
903 2288 1083 2341 damni
1118 2297 1211 2341 aut
1243 2287 1452 2355 injuriae
1477 2286 1676 2341 illatur.

394 2382 467 2434 A'.
510 2381 621 2434 Kal
670 2380 893 2451 ἔλεγεν·
946 2383 1195 2455 Ἀπαρον
1242 2384 1368 2446 τοὺς
1410 2381 1755 2453 πειρασμοὺς
1804 2379 1896 2433 καὶ

2070 2375 2159 2430 ιν.
2204 2374 2349 2430 Dixit
2394 2376 2615 2446 insuper
2655 2399 2668 2432 :
2704 2377 2853 2433 Tolle
2903 2380 3231 2436 tentationes
3285 2394 3339 2437 et
3384 2388 3563 2457 cogita

302 2471 617 2543 ¹λογισμούς
642 2513 659 2537 ,
708 2474 803 2525 καὶ
845 2473 1020 2537 οὐδεὶς
1048 2474 1223 2543 ἅγιος·
1260 2475 1290 2526 ὁ
1345 2473 1564 2541 φεύγων
1592 2471 1896 2542 πειρασμὸν

2002 2468 2197 2522 tiones.
2232 2466 2351 2523 iam
2405 2484 2566 2525 nemo
2610 2480 2694 2525 est
2734 2482 2992 2537 sanctus;
3025 2473 3117 2543 qui
3153 2474 3289 2545 fugit
3323 2479 3575 2533 tentatioo

317 2560 578 2631 ἐπωφελῆ
603 2602 616 2624 ,
649 2563 841 2631 φεύγει
871 2562 1018 2635 ζωὴν
1068 2565 1304 2619 αἰώνιον
1354 2558 1491 2617 Είπε
1526 2563 1634 2634 γάρ
1683 2579 1767 2626 τις
1793 2563 1896 2617 τῶν

1999 2576 2122 2615 nem
2183 2577 2279 2630 per
2325 2577 2384 2618 se
2437 2563 2644 2627 utilem,
2694 2562 2832 2633 fugit
2878 2565 3040 2619 vitam
3099 2575 3379 2623 aeternam.
3435 2570 3582 2625 Dixit

348 2651 541 2719 ἀγίωψ
605 2654 701 2716 Τίς
734 2654 1066 2724 προεξένησε
1115 2658 1229 2718 τοῖς
1273 2654 1452 2723 ἁγίοις
1500 2655 1736 2725 μάρτυσι
1772 2656 1896 2716 τοὺς

1999 2654 2144 2706 enim
2204 2668 2329 2709 vere
2376 2655 2645 2725 quispiam
2698 2661 3207 2729 sanctorum:quis
3268 2665 3581 2729 procuravit

320 2743 622 2812 στεφάνους
670 2746 943 2811 ἐκείνους,
991 2748 1040 2799 εἰ
1074 2746 1150 2818 μὴ
1182 2748 1230 2799 οἱ
1275 2746 1630 2817 ἀδικήσαντες
1659 2747 1896 2813 αὖτούς;

319 2835 420 2899 Τίς
446 2836 759 2907 ἐδωρήσατο
805 2836 883 2908 τῷ
922 2838 1063 2909 ἀγίῳ
1113 2840 1373 2910 Στεφάνῳ
1420 2841 1676 2906 τοιαύτην
1741 2840 1898 2906 δόξαν

319 2927 390 2997 ἢν
410 2928 686 3001 ἐποίησεν,
718 2930 768 2983 εἰ
812 2932 889 3003 μὴ
921 2933 973 2984 ol
1008 2930 1329 2995 λιθάσαντες
1360 2932 1563 3000 αύτόν;
1595 2933 1705 2986 Καὶ
1760 2950 1896 3005 προ-

318 3019 518 3093 ἐφερεν
563 3021 651 3075 ἀεὶ
682 3021 781 3092 τὴν
810 3022 1005 3093 χρῆσιν
1035 3022 1128 3076 τοῦ
1150 3024 1329 3092 ἁγίου,
1354 3025 1437 3077 ὅτι
1474 3023 1615 3092 Ἐγὼ
1639 3024 1765 3088 τοὺς
1800 3025 1899 3094 ἐμὲ

321 3114 763 3186 κατηγοροῦντας
812 3116 914 3169 οὐκ
937 3115 1235 3187 αἰτιῶμαι,
1281 3116 1417 3171 ἀλλά
1468 3118 1562 3171 καὶ
1606 3117 1899 3185 εὐεργέτας

318 3208 471 3263 καλῶ
493 3210 590 3263 καὶ
621 3208 731 3280 ἔχω
763 3209 952 3281 ἐμούς·
985 3212 1076 3265 καὶ
1104 3210 1205 3264 οὐκ
1231 3210 1560 3281 ἀπωθοῦμαι
1594 3212 1686 3264 τὸν
1716 3210 1898 3279 ἰατρὸν

319 3301 429 3355 τῶν
458 3302 646 3372 ψυχῶν
673 3302 964 3373 φάρμακον
997 3303 1221 3373 ἀτιμίας
1250 3304 1623 3374 προσάγονται.
1640 3304 1898 3375 κενοδόξῳ

317 3393 487 3466 ψυχῇ·
516 3395 613 3449 καὶ
632 3395 849 3450 δέδοικα
874 3397 947 3467 μή
979 3413 1111 3450 ποτε
1140 3396 1236 3450 καὶ
1252 3397 1391 3468 περὶ
1413 3397 1514 3467 τῆς
1542 3397 1719 3468 ψυχῆς
1743 3398 1893 3468 εἴπῃ·

321 3487 746 3556 ’Ῑατρεύσαμεν
785 3487 901 3553 τὴν
940 3486 1293 3553 Βαϐυλῶνα,
1329 3488 1428 3542 καί
1461 3491 1574 3542 οὐκ
1606 3488 1760 3555 ἰάθη·
1804 3488 1899 3541 καὶ

322 3576 503 3630 πάλιν·
536 3577 801 3646 Ποσάχις
823 3578 1098 3647 ἠθέλησα
1132 3579 1597 3649 ἐπισυναγαγεῖν
1620 3582 1692 3636 τὰ
1716 3582 1900 3635 τέκνα

319 3684 439 3723 σου
468 3670 550 3736 ὠς
590 3670 754 3740 ὅρνις
796 3673 912 3739 τὴν
938 3672 1203 3726 νοσσιὰν
1226 3672 1433 3726 αὐτοῦ·
1486 3672 1586 3726 καὶ
1617 3675 1729 3727 οὐκ
1760 3674 1895 3743 ἠθέ-

318 3763 537 3829 λησας
577 3761 723 3817 Ἰδοὺ
748 3763 981 3832 ἀφίεται
1002 3766 1035 3817 ό
1062 3760 1225 3831 οἶκος
1264 3764 1431 3833 ὑμῶν
1456 3764 1691 3836 ἕρημος.

390 3934 467 3989 E'.
510 3934 621 3987 Καὶ
642 3935 849 4004 ἔλεγεν*
895 3934 1174 4005 Ἐφοόεῖτο
1199 3938 1225 3990 ὁ
1256 3920 1524 4008 suam»;
1555 3938 1630 4009 μὴ
1657 3940 1898 4013 ὲγκληθῇ

321 4025 427 4080 ὑπὸ
457 4026 554 4080 τοῦ
604 4028 841 4099 Χριστοῦ
876 4029 972 4083 καὶ
1003 4032 1138 4103 εῐπῃ
1170 4030 1339 4097 αὐτῷ·
1394 4026 1657 4105 Εὑάγριε,
1694 4035 1900 4098 ὲνόσεις

321 4117 650 4186 κενοδοξίαν,
680 4121 776 4174 καὶ
801 4122 1081 4190 έπήγαγόν
1112 4138 1195 4174 σοι
1220 4122 1510 4195 φάρμακον
1534 4122 1778 4195 ἀτιμίας,
1814 4126 1899 4179 ἵνα

318 4210 385 4263 δι’
412 4210 578 4263 αὑτοῦ
608 4211 967 4284 καθαρισθῇς.
994 4213 1066 4266 Σὺ
1089 4213 1147 4268 δὲ
1169 4215 1268 4267 οὐκ
1292 4214 1667 4287 ὲθεραπεύθης
1690 4234 1704 4247 ’
1740 4218 1899 4271 τοῦτο

319 4300 377 4354 δξ
404 4302 689 4373 μάθωμεν,
728 4305 811 4357 ὅτι
841 4305 1015 4368 οὐδείς
1047 4306 1198 4359 ἐστιν
1224 4306 1509 4376 ἀληθεύων
1532 4309 1581 4361 εί
1615 4309 1691 4380 μὴ
1722 4311 1771 4361 οἱ
1800 4309 1897 4378 ψέ-

320 4409 506 4460 γοντες
536 4393 706 4463 ἡμᾶς.
735 4392 929 4462 Ἔλεγε
959 4393 1035 4446 δέ’
1055 4395 1111 4448 Ὀ
1136 4395 1361 4467 Κύριος,
1385 4397 1414 4449 ὁ
1433 4396 1642 4462 ὲτάζων
1671 4399 1897 4469 καρδίας

320 4484 415 4538 καὶ
445 4486 708 4555 νεφροὺς,
744 4482 886 4539 οἶδεν
930 4486 1012 4540 ὃτι
1049 4486 1145 4540 ὲάν
1178 4487 1381 4551 πάντες
1422 4488 1699 4561 ἄνθρωποι
1735 4492 1894 4545 ὲπαι-

318 4576 450 4630 νῶσι
475 4578 571 4630 καὶ
605 4576 952 4648 μακαρίζωσι
984 4578 1051 4632 τά
1087 4578 1197 4650 ὲμά
1227 4580 1424 4647 πάντα,
1449 4581 1575 4646 ἀξια
1600 4582 1771 4652 ψόγου
1800 4584 1896 4637 καὶ¹

318 4668 579 4739 αἰσχύνης
610 4670 1019 4740 έμπτυσμάτων
1050 4671 1210 4724 είσίν·
1245 4671 1340 4724 ἐὰν
1370 4672 1428 4724 δὲ
1466 4675 1681 4726 εἴπωσι·
1724 4676 1894 4729 Τοῦτο

319 4762 413 4814 καὶ
463 4762 638 4814 έκεῖνο
675 4760 936 4829 ἐποίησας
958 4778 971 4792 ο
1009 4760 1141 4829 ἐγὼ,
1172 4762 1238 4815 Τί
1282 4763 1392 4833 γὰρ
1419 4763 1480 4816 τὸ
1524 4765 1657 4834 ἐμὸν
1697 4766 1890 4833 καλόν;

315 4852 490 4915 οὐδεὶς
510 4853 619 4923 γὰρ
649 4851 903 4921 ψεύδεται
924 4854 973 4904 εί
994 4852 1067 4924 μὴ
1087 4854 1137 4905 οἰ
1171 4854 1519 4919 ἐπαινοῦντές
1557 4874 1623 4926 με
1656 4857 1752 4910 καὶ
1785 4875 1891 4929 μα-

317 4942 634 5015 καρίζοντές
653 4960 741 5015 με·
774 4945 869 4998 καὶ
885 4945 1059 5009 οὐδεὶς
1086 4945 1343 5017 ἀληθεύει
1378 4947 1522 5018 εἰμὴ
1552 4947 1603 5001 oi
1630 4947 1890 5017 ψέγοντες

2000 2745 2333 2816 martyribus
2377 2761 2610 2803 coronas
2641 2747 2836 2816 quibus
2868 2748 3096 2820 fulgent,
3134 2753 3235 2807 nisi
3264 2766 3580 2822 persecuto-

2001 2850 2090 2891 res
2120 2835 2403 2905 ipsorum?
2431 2838 2556 2906 quis
2586 2838 2807 2891 d0navit
2835 2846 3028 2894 sancto
3056 2840 3332 2911 Stephano
3362 2852 3470 2897 tum
3514 2845 3579 2898 il—

2000 2925 2225 2981 lustrem
2268 2927 2425 2981 istam
2476 2944 2581 2996 qua
2627 2928 2827 2983 fruitur
2871 2929 3121 2999 gloriam,
3169 2932 3271 2987 nisi
3315 2935 3407 3004 qui
3454 2951 3577 2990 eum

2001 3017 2347 3087 lapidarunt?
2382 3019 2449 3073 Et
2478 3022 2789 3087 proferebat
2834 3036 3050 3093 semper
3095 3029 3419 3082 sententiam
3459 3046 3581 3086 san-

1999 3112 2072 3165 eti
2115 3111 2394 3179 cujusdam
2444 3112 2638 3165 aientis
2675 3132 2688 3166 :
2721 3112 2831 3182 Ego
2872 3127 3193 3172 accusantes
3232 3135 3317 3174 me
3350 3136 3453 3174 non
3494 3139 3581 3177 re-

1998 3204 2204 3271 tlurgtto
2235 3220 2247 3254 ε
2276 3200 2369 3255 sed
2411 3210 2465 3254 et
2503 3203 2876 3263 benefactores
2911 3220 3044 3260 voco
3090 3208 3367 3279 habeoque
3406 3228 3575 3269 meos.

1998 3292 2109 3348 Nec
2142 3294 2343 3364 repello
2369 3293 2636 3349 medicum
2670 3296 2972 3352 animarum
3000 3301 3376 3370 propinantem
3409 3306 3578 3373 phar-

1999 3401 2211 3439 maeum
2256 3387 2561 3456 ignominia:
2601 3402 2759 3459 κεναὶ
2794 3405 2927 3444 mea:
2974 3390 3167 3447 anima:
3205 3396 3395 3449 morbo
3422 3412 3574 3452 vana:

1998 3478 2183 3547 gloriae
2217 3478 2480 3533 laboranti
2525 3500 2537 3532 :
2585 3494 2777 3536 verens
2809 3497 2877 3535 ne
2922 3481 3062 3538 forte
3091 3485 3156 3538 de
3189 3485 3275 3538 illa
3305 3487 3523 3543 dicatur
3555 3510 3573 3544 :

2000 3567 2309 3621 Curavimus
2347 3567 2664 3638 Babylonem
2710 3579 2757 3625 el
2796 3587 2897 3624 non
2944 3582 3023 3626 est
3052 3584 3243 3628 sanata
3279 3574 3333 3640 ‘;
3367 3586 3422 3631 et
3457 3592 3577 3632 rura

1998 3676 2129 3715 sus:
2162 3659 2380 3725 Quoties
2415 3660 2553 3714 volui
2579 3678 2893 3732 congregare
2918 3664 3059 3732 ﬁlios
3088 3676 3207 3721 tuos
3238 3670 3585 3736 quemadm0~

1922 3724 1964 3781 Ο
2003 3754 2127 3806 dum
2160 3752 2358 3822 gallina
2406 3724 2889 3823 congregat'ptillos
2918 3724 3023 3811 sub
3057 3759 3195 3822 alas,
3235 3724 3281 3815 et
3316 3762 3578 3817 noluisti?

2002 3845 2138 3901 Ecce
2167 3846 2488 3916 relinquetur
2524 3847 2665 3901 vobis
2696 3851 2880 3902 domus
2916 3860 3089 3904 vestra
3124 3854 3331 3907 deserta
3353 3855 3394 3907 ³.

2074 3937 2137 3991 V.
2181 3938 2249 3992 Et
2279 3940 2414 3992 dixit
2446 3958 2459 3993 :
2492 3940 2743 3996 Timebat
2789 3941 3055 4011 Evagrins
3100 3959 3170 3998 ne
3220 3946 3577 4014 exprobraret

1999 4032 2100 4087 sibi
2125 4031 2377 4087 Christus
2428 4044 2475 4086 et
2514 4032 2719 4088 diceret
2752 4052 2767 4088 :
2796 4032 3017 4104 Evagri,
3056 4036 3340 4093 laborabas
3388 4039 3577 4094 morbo

1999 4141 2150 4179 vana:
2190 4126 2375 4196 gloria:
2408 4143 2422 4179 :
2450 4135 2505 4182 et
2542 4141 2642 4195 ego
2702 4127 3023 4182 medicinam
3062 4128 3157 4183 tibi
3207 4129 3443 4198 applicui
3482 4129 3575 4181 tle-

1998 4217 2162 4270 decus
2201 4216 2429 4282 illatum,
2462 4225 2519 4271 ut
2543 4231 2639 4287 per
2663 4216 2793 4271 illud
2827 4220 3120 4275 curareris.
3155 4217 3234 4273 Tu
3270 4229 3450 4274 tamen
3484 4235 3571 4273 sa-

1997 4316 2159 4361 natus
2210 4322 2315 4361 non
2343 4321 2439 4373 es;
2485 4318 2541 4363 et
2585 4323 2683 4376 pro
2727 4319 2878 4364 certo
2909 4320 3213 4373 teneamus,
3268 4326 3337 4365 ex
3383 4310 3449 4377 iis
3478 4311 3569 4378 qui

1996 4400 2063 4454 de
2095 4400 2252 4455 nobis
2286 4400 2602 4469 loquuntur,
2637 4416 2731 4456 eos
2772 4399 2916 4457 solos
2950 4416 3081 4456 vera
3115 4402 3315 4469 dicere,
3345 4402 3438 4472 qui
3471 4414 3572 4458 nos

1996 4493 2322 4563 vituperant.
2359 4494 2616 4548 Dominus
2644 4494 2736 4563 qui
2782 4502 3060 4549 scrutatur
3096 4496 3257 4550 corda
3291 4503 3350 4549 et
3386 4510 3565 4555 renes.

1996 4585 2143 4639 novit
2171 4625 2193 4650 ,,
2215 4600 2332 4639 mea
2374 4583 2578 4650 omnia,
2624 4585 2974 4653 quantumvis
3022 4599 3119 4639 ore
3154 4598 3394 4639 consono
3435 4599 3569 4639 cun-

1995 4685 2203 4730 ctorum
2235 4675 2511 4729 hominum
2541 4674 2856 4741 laudentur,
2890 4686 2946 4733 et
2974 4676 3374 4742 beatificentur,
3404 4678 3570 4732 nihilo

1944 4794 1953 4803 -
1996 4777 2176 4823 tamen
2232 4768 2409 4822 minus
2451 4767 2628 4837 turpia
2674 4768 3038 4839 desputabilia
3082 4777 3139 4823 et
3180 4769 3379 4840 probro
3411 4771 3569 4839 digna

1993 4874 2135 4915 esse.
2169 4859 2223 4913 Si
2254 4870 2435 4914 autem
2481 4858 2767 4916 adulantes
2795 4858 2927 4914 mihi
2953 4859 3180 4915 dicant:
3207 4858 3322 4915 Hoc
3347 4871 3401 4915 et
3439 4861 3569 4914 illud

1996 4957 2192 5010 bonum
2235 4954 2446 5023 fecisti;
2490 4971 2594 5025 ego
2646 4954 3160 5027 respondeo:Quld
3210 4954 3354 5010 enim
3396 4955 3449 5008 iu
3486 4955 3570 5010 his

319 5052 387 5105 με
423 5037 518 5089 καὶ
540 5034 950 5100 ὲξουθενοῦντες
975 5053 988 5066 ’
1024 5038 1121 5091 καὶ
1148 5038 1269 5091 οὐδὲ
1297 5040 1480 5093 πᾶσαν
1507 5039 1607 5110 τὴν
1632 5039 1892 5111 ἀλήθειαν

2002 5061 2178 5101 meum
2220 5057 2329 5115 est,
2359 5062 2479 5102 cum
2530 5046 2625 5102 Dei
2647 5048 2775 5123 sint
2817 5047 2871 5101 in
2901 5044 3151 5102 solidum,
3176 5044 3317 5102 bona
3349 5046 3570 5101 omnia?

316 5128 558 5197 λέγουσι’
586 5127 683 5181 καὶ⁸
730 5130 778 5181 εἰ
805 5128 1137 5200 ἠξιώθησαν,
1165 5131 1226 5183 οὐ
1256 5129 1400 5199 λέγω
1426 5131 1488 5185 τὸ
1516 5132 1755 5201 πέλαγος
1782 5134 1892 5188 τῶν

2000 5135 2169 5193 Nemo
2206 5137 2453 5208 profecto
2486 5138 2552 5193 de
2598 5153 2685 5193 me
2722 5138 3005 5203 mentitur,
3054 5136 3157 5192 nisi
3204 5137 3296 5206 qui
3330 5152 3417 5193 me
3463 5136 3571 5191 lau-

315 5219 464 5289 ἐμῶν
505 5219 713 5272 κακῶν
756 5218 893 5273 ἀλλά
944 5236 997 5273 τι
1055 5221 1222 5291 μέρος
1270 5220 1419 5275 ίδείν⁶
1460 5223 1892 5297 ἀπεστράφησαν

2000 5228 2150 5293 dant,
2177 5239 2230 5284 et
2257 5230 2473 5285 beatum
2500 5229 2815 5301 praedicant.
2844 5226 3018 5285 Nemo
3045 5230 3113 5285 de
3143 5245 3231 5285 me
3260 5243 3386 5285 vera
3412 5230 3566 5295 dicit,

315 5311 400 5363 ἂν·
428 5309 525 5364 καὶ
566 5310 676 5364 ἀπὸ
707 5311 972 5385 βορϐόρου
1012 5314 1107 5367 καὶ
1153 5313 1417 5377 δυσωδίας
1447 5316 1540 5368 καὶ
1580 5316 1891 5388 ἀκαθάρτου

2000 5320 2100 5375 nisi
2134 5320 2224 5389 qui
2256 5336 2343 5375 me
2373 5321 2585 5391 probris
2616 5329 2864 5386 onerant,
2899 5329 2954 5376 et
2987 5320 3141 5375 nihili
3181 5320 3564 5376 homunculum

314 5403 629 5473 πνεύματος
672 5404 774 5475 τῆς
817 5407 1095 5477 ἡμετέρας
1123 5406 1321 5478 ψυχῆς·
1358 5410 1453 5462 καὶ
1486 5408 1583 5463 ὲάν
1627 5410 1891 5478 γένωνται

1999 5411 2150 5466 aiunt
2169 5425 2310 5467 esse.
2338 5412 2491 5477 Quod
2520 5412 2563 5466 si
2588 5410 2719 5481 ipsis
2744 5410 3104 5479 contingeret,
3126 5424 3232 5465 non
3248 5411 3371 5465 dico
3396 5419 3562 5465 totum

313 5496 383 5548 τὰ
406 5494 634 5567 σώματα
676 5496 789 5551 τῶν
816 5497 1123 5569 ἀνθρώπων
1150 5500 1395 5568 γλῶσσαι
1428 5503 1510 5565 είς
1533 5501 1596 5556 τὸ
1628 5503 1885 5575 λοιδορεῖν

1998 5502 2214 5573 pelagus
2261 5503 2525 5559 malorum
2562 5518 2826 5569 meorum,
2871 5502 2965 5557 sed
3000 5502 3083 5558 vel
3112 5511 3321 5572 partem
3372 5504 3564 5558 horum

314 5588 487 5659 ἡμᾶς,
517 5590 819 5661 πέπεισμαι
847 5591 928 5644 ὅτι
953 5590 1129 5656 οὐδεὶς
1147 5592 1369 5647 δύναται
1393 5592 1558 5660 ἀξίως
1589 5596 1762 5648 εἰπεῖν
1787 5594 1885 5666 τὴν

1998 5594 2228 5665 aliquam
2254 5594 2438 5652 videre
2465 5636 2482 5663 ,
2512 5603 2819 5651 averterent
2853 5594 3038 5665 utique
3088 5607 3149 5650 se
3194 5610 3225 5649 a
3262 5592 3434 5649 fetore
3462 5592 3566 5647 luti

394 5756 418 5788 ³
442 5754 609 5815 Exod.
642 5776 703 5828 ιι,
729 5760 820 5820 22.
898 5765 919 5798 ⁸
943 5762 1051 5821 Jer.
1084 5781 1142 5834 ιι,
1176 5776 1226 5822 υ.
1304 5769 1325 5799 ⁵
1346 5766 1475 5825 Luc.
1511 5785 1631 5837 xm,
1659 5768 1742 5824 54.
