3998 6414
227 378 361 442 1‘689
1678 387 2081 459 ALLOQUIA.
3362 384 3497 450 1690

221 497 289 552 δι’
310 498 479 570 ἡμᾶς’
508 498 603 550 καὶ
633 496 795 567 ἡμεῖς
830 498 1089 569 οὐδεμίαν
1117 497 1275 572 ὓϐριν
1302 501 1566 573 φέρομεν.
1598 500 1805 565 Ὄντως

1917 505 1970 555 in
2000 504 2232 572 ﬂagello,
2273 515 2317 557 et
2365 521 2522 573 genus
2566 520 2703 555 mens
2758 504 2809 552 in
2841 502 3025 568 «lupas
3054 518 3071 553 :
3103 501 3289 565 [aciem
3322 513 3494 554 autem

221 589 603 660 ἑξετράπημεν
625 591 726 659 τῆς
752 587 1133 654 εὐθείας’ὀδοῦ.

1910 610 2012 646 non
2042 595 2206 647 averti
2232 612 2262 645 a
2296 595 2613 646 contumelia
2653 594 2986 661 spntorum'.
3018 588 3100 643 'I'u
3142 607 3289 657 vero,
3317 592 3494 645 anima

222 682 444 747 misera,
478 682 549 736 ob
620 681 885 737 modicam
950 682 1226 752 iniuriam,
1275 686 1648 759 ignominiam,
1718 687 2057 755 despectum,
2113 686 2705 755 exprobralimtenlam,
2751 695 2806 738 et
2861 683 3292 736 criminationem
3335 698 3493 752 quam

220 785 379 844 putas
418 773 631 843 falsam,
667 776 839 831 instas
870 780 1152 834 nectendis
1209 781 1585 851 plicandisque
1652 780 2075 851 cogitationibus
2159 780 2458 835 innumeris
2493 801 2510 836 :
2539 792 2595 834 at
2660 780 2984 834 machinans
3033 777 3183 839 talia,
3220 777 3496 841 insidiaris

225 865 317 921 tibi
353 866 477 936 ipsi,
512 880 733 936 operam
761 865 1094 938 coniungens
1123 886 1248 925 cum
1278 873 1712 943 Oppugnantihus
1743 883 1794 927 te
1835 873 2195 929 daemonibus.
2227 872 2381 927 llaud
2418 874 2565 926 enim
2632 886 2828 926 nocere
2891 887 3125 940 unquam
3162 870 3336 924 malus
3380 870 3503 924 dze‘

221 971 346 1013 mon
381 959 579 1014 animze
628 959 720 1016 tali
753 970 957 1030 posset,
998 974 1260 1032 quantum
1300 965 1417 1035 ipsa
1462 976 1621 1020 nocet
1666 966 1792 1021 sibi.
1853 963 2013 1020 Vides
2059 982 2277 1021 crucem
2310 965 2549 1030 Christi;
2601 966 2762 1030 mala,
2835 964 3085 1025 verbera,
3120 963 3369 1024 vulnera,
3398 976 3495 1026 op-

219 1050 440 1121 probria
469 1066 589 1120 quae
618 1066 716 1121 pro
738 1053 892 1109 nobis
920 1070 1109 1125 passus
1142 1066 1246 1121 est,
1272 1058 1517 1127 quotidie
1546 1058 1774 1127 legimus
1814 1075 1829 1113 :
1870 1069 1924 1113 et
1956 1059 2211 1114 inducere
2257 1059 2514 1113 uoluntas
2546 1060 2598 1112 in
2644 1058 2911 1121 aninnnn,
2988 1058 3286 1125 quidquam
3332 1054 3493 1107 nobis

222 1141 497 1214 ingratum
534 1143 681 1199 ferre
723 1145 1018 1215 patienter;
1062 1147 1200 1204 Vere
1243 1150 1615 1205 aberravimus
1647 1166 1676 1203 a
1715 1150 1802 1204 via
1842 1160 2014 1205 recta.

294 1255 491 1325 Ἔλεγε
516 1256 575 1310 δὲ
606 1258 711 1324 ὅτι,
748 1258 872 1313 Ἐὰν
895 1259 1035 1332 ζήσῃ
1072 1280 1155 1325 τις
1183 1262 1278 1327 ἔτη
1304 1261 1397 1316 τοῦ
1431 1263 1764 1316 Μαθουσάλα
1786 1303 1805 1326 ,

1981 1264 2309 1317 Dixitetiam
2347 1261 2596 1317 Zosimas
2629 1279 2643 1315 :
2675 1260 2723 1314 si
2762 1261 2885 1327 quis
2922 1260 3121 1313 vixerit
3169 1274 3341 1311 annos
3381 1255 3495 1310 Ila-

220 1348 319 1399 καὶ
345 1347 422 1417 μὴ
448 1347 648 1422 ὁδεύσῃ
680 1348 887 1420 ταύτην
919 1352 1020 1420 τὴν
1053 1351 1269 1405 εὐθεῖαν
1295 1352 1417 1406 ὁδὸν
1461 1353 1527 1422 ἢν
1554 1351 1803 1407 ὥδευσαν

1911 1355 2158 1418 Ihusalze,
2200 1363 2256 1408 et
2285 1369 2388 1407 non
2442 1352 2772 1418 processerit
2808 1367 2904 1419 per
2942 1351 3077 1403 hanc
3115 1358 3317 1403 rectam
3352 1347 3499 1400 viam-

220 1438 427 1500 πάντες
469 1438 520 1491 οἱ
552 1438 730 1506 ἆγιοιο
761 1439 905 1509 λέγω
943 1440 1009 1513 δὴ
1048 1442 1148 1512 τὴν
1174 1442 1274 1496 τοῦ
1308 1444 1676 1515 ἀτιμάζεσθαι
1711 1444 1805 1497 καὶ

1910 1462 2010 1515 qua
2056 1446 2397 1499 incesserunt
2440 1458 2631 1497 onmes
2678 1443 2852 1497 sancti
2895 1459 2908 1495 :
2943 1445 3110 1503 viam,
3141 1442 3384 1509 inquam,
3411 1438 3499 1492 fe—

220 1529 413 1598 φὲρειν
441 1531 727 1598 γενναίως·
764 1531 826 1584 οὐ
863 1532 938 1603 μὴ
966 1534 1167 1604 προϐῇ,
1195 1536 1253 1588 οὐ
1289 1535 1508 1606 μικρὸν,
1540 1535 1600 1587 οὐ
1639 1534 1800 1605 μέγα·

218 1613 345 1673 οὐδὲ
374 1621 599 1690 εὑρήσει
628 1622 719 1674 τὸν
758 1623 817 1674 ὲν
852 1625 971 1685 ταῖς
1009 1625 1250 1688 ἐντολαῖς
1285 1627 1666 1696 κρυπτόμενον
1712 1625 1808 1693 οη-

222 1710 452 1780 σαυρόν·
483 1712 618 1766 ἀλλὰ
650 1714 811 1782 μόνον
833 1714 902 1766 τά
931 1714 1027 1786 ἔτη
1054 1716 1216 1770 αὐτοῦ
1242 1716 1520 1774 ἀναλίσκει
1541 1717 1804 1788 διηνεκῶς

1907 1535 2060 1588 remli
2093 1533 2303 1588 fortiter
2336 1533 2691 1587 contumelias
2736 1543 2790 1585 et
2819 1533 3041 1595 damna,
3089 1546 3195 1583 non
3226 1529 3497 1598 proficiet,

1908 1644 1977 1682 ne
2007 1645 2197 1697 parum
2231 1630 2471 1697 quidem,
2499 1627 2692 1680 nedum
2735 1629 2960 1680 nntltnm
2988 1644 3005 1693 ;
3042 1641 3217 1695 neque
3247 1625 3485 1679 inveniet

1910 1721 2287 1775 absconditum
2336 1721 2387 1772 in
2426 1720 2704 1774 mandatis
2748 1719 3083 1779 thesaurum.
3134 1720 3228 1772 sed
3285 1727 3491 1771 tantum

219 1802 503 1873 διακενῆς.
535 1802 693 1858 Ἐστι
725 1804 834 1876 γὰρ
859 1806 947 1859 ὅτε
976 1812 1308 1878 καταφρονεῖ
1340 1828 1423 1872 τις
1453 1809 1662 1863 πολλῶν
1685 1827 1805 1862 κεν-

1910 1826 2034 1863 suos
2062 1824 2233 1863 annos
2264 1818 2553 1864 consumet
2578 1808 2838 1862 continue
2872 1807 2923 1881 in
2965 1822 3161 1859 mnum
3196 1820 3211 1859 :
3238 1815 3321 1860 est
3348 1805 3492 1859 enim

216 1895 518 1966 τηναρίων,
564 1898 661 1950 καὶ
685 1896 906 1968 ἔρχεται
943 1898 1024 1960 είς
1068 1900 1335 1971 ῥαφίδιον⁸
1364 1902 1510 1972 καὶὴ
1554 1901 1806 1973 προσπά⁶

220 1986 344 2039 θεια
386 1984 552 2041 αὑτοῦ
599 1992 744 2042 ποιεῖ
788 1991 951 2044 αὑτὸν
977 1993 1366 2061 ταράττεσθαι,
1412 1996 1506 2049 καὶ
1554 1997 1701 2047 ποιεῖ
1746 1996 1808 2047 τὸ

221 2080 470 2148 ραφέδιον
508 2080 684 2136 ἐκεῖνο
725 2085 887 2138 τόπον
918 2088 1298 2159 κεντηναρίου,
1342 2089 1438 2142 καὶ
1478 2088 1686 2156 γίνεταί
1722 2105 1808 2151 τις

216 2171 317 2225 τοῦ
362 2174 614 2243 ραφιδίου
646 2175 829 2240 δοῦλος
856 2216 871 2241 ,
902 2177 935 2247 ἢ
964 2177 1059 2231 τοῦ
1092 2179 1444 2247 κουκουλίου,
1473 2180 1505 2250 ἦ
1550 2180 1644 2232 τοῦ
1676 2198 1808 2249 μαν-

215 2262 428 2328 δυλίου,
455 2264 490 2336 ἢ
524 2266 621 2320 τοῦ
653 2268 882 2337 βιϐλίου·
919 2270 1013 2322 καὶ
1052 2271 1152 2323 οὐκ
1182 2271 1297 2323 ἐστι
1321 2269 1504 2335 δοῦλος
1529 2272 1622 2324 τοῦ
1646 2271 1803 2323 Θεοῦο

216 2358 318 2407 καὶ
350 2356 531 2422 καλῶς
559 2355 680 2412 εἶπέ
714 2378 798 2425 τις
823 2359 932 2414 τῶν
968 2363 1149 2451 σοῖῶν
1175 2363 1255 2415 ὄτι
1283 2364 1386 2416 ὅσα
1420 2363 1565 2433 πάθη
1594 2364 1774 2433 ψυχῆς
1788 2405 1802 2429 ,

215 2448 467 2502 τοσοῦτοι
510 2451 603 2503 καὶ
629 2452 907 2507 δεσπόται.
942 2448 1107 2506 Καῖζὸ
1146 2453 1370 2526 Κύριος
1407 2456 1591 2509 Ὅπου
1635 2459 1668 2510 ό
1700 2460 1805 2522 θη·

216 2540 449 2605 σαυρός
471 2555 608 2604 σου,
638 2540 768 2594 ἐκεῖ
793 2543 964 2596 ἔσται
995 2544 1033 2611 ἠ
1064 2544 1280 2612 καρδιά
1311 2558 1454 2600 σου.
1495 2546 1605 2597 Καὶ
1644 2545 1806 2598 πάλιν

214 2634 244 2684 ὁ
281 2631 634 2697 Ἀπόστολος·
666 2629 742 2704 τῼ
778 2652 867 2700 τις
910 2632 1186 2703 ἥττηται,
1230 2638 1420 2703 τούτῳ
1458 2638 1555 2691 καὶ
1598 2636 1804 2691 δεδού-

214 2726 422 2778 λωται.

289 3026 371 3095 ς’.
413 3030 524 3082 Καὶ
565 3030 720 3099 ἔλεγε
766 3031 930 3085 πάλιν
954 3034 982 3086 ὁ
1014 3032 1307 3104 μακάριος
1363 3033 1652 3103 Ὠδεύομεν
1693 3033 1804 3101 ἐγὼ

1909 1903 2126 1972 quando
2153 1916 2379 1956 exorsus
2405 1899 2603 1968 aliquis
2633 1914 2663 1952 a
2706 1913 2973 1969 generoso
3002 1906 3311 1963 contemptu
3354 1894 3494 1949 und-

1909 2003 2089 2049 torum
2120 1994 2586 2056 centenariorum,
2635 1992 3015 2060 progredimur
3038 1989 3162 2042 imle
3198 1990 3263 2041 ad
3293 1988 3496 2054 amplc-

1908 2084 2160 2137 ctendam
2192 2098 2378 2136 amore
2421 2082 2591 2135 nimio
2618 2080 2885 2134 aciculam
2919 2098 2931 2132 :
2960 2089 3013 2132 et
3047 2080 3089 2132 is
3124 2078 3345 2131 affectus
3375 2093 3493 2145 per-

1911 2175 2239 2229 turbationis
2286 2190 2391 2228 non
2449 2174 2678 2227 ntodica:
2731 2174 2915 2226 causa
2957 2170 3048 2237 fit;
3107 2180 3161 2223 et
3216 2168 3495 2222 substituit

1910 2267 2054 2320 illam
2096 2266 2361 2321 aciculam
2409 2265 2461 2316 in
2496 2266 2675 2316 locum
2705 2263 3005 2317 centenarii
3036 2261 3164 2313 olim
3207 2260 3396 2328 spreti.
3429 2257 3495 2310 Et

1910 2360 1970 2411 fit
2018 2358 2237 2427 aliquis,
2285 2374 2390 2410 non
2418 2357 2532 2423 jam
2584 2356 2677 2409 Dei
2724 2370 2933 2417 servus,
2991 2365 3049 2406 ut
3093 2354 3490 2419 spoponderat:

1908 2452 2001 2503 sed
2048 2466 2239 2504 servus
2302 2450 2548 2511 acieulm,
2599 2447 2845 2509 cucullm,
2905 2445 3175 2508 mantilis,
3230 2443 3353 2497 libri
3385 2460 3400 2497 :
3430 2443 3497 2497 iis

1908 2545 2195 2596 adhmrens
2246 2541 2444 2595 atlectu
2493 2541 2713 2593 vitioso.
2768 2537 2902 2590 Nam
2939 2537 3074 2589 bene
3121 2534 3257 2588 dixit
3304 2534 3498 2601 aliquis

1907 2636 2236 2706 sapientum,
2269 2643 2345 2686 tot
2385 2633 2626 2684 animam
2660 2630 2881 2682 subesse
2925 2624 3161 2679 dominis
3190 2634 3319 2693 quot
3348 2622 3495 2676 fovet

1908 2730 1959 2783 in
2010 2745 2069 2782 se
2119 2725 2344 2781 affectus
2394 2726 2771 2779 vehementes.
2821 2720 2883 2772 Et
2922 2717 3183 2772 Dominus
3238 2715 3313 2768 ait
3345 2732 3358 2766 :
3390 2710 3495 2766 Ubi

1906 2830 1981 2874 est
2030 2822 2309 2873 thesaurus
2353 2830 2496 2881 tuus,
2544 2816 2619 2868 ibi
2643 2815 2739 2866 erit
2786 2827 2879 2865 eor
2928 2810 3138 2861 tuum".
3196 2806 3258 2859 Et
3310 2822 3507 2861 rursus

1906 2911 2198 2980 Apostolus
2232 2927 2247 2963 :
2283 2910 2324 2961 A
2352 2926 2453 2979 quo
2476 2908 2592 2978 quis
2622 2906 2783 2958 victus
2816 2910 2913 2963 est,
2940 2902 2987 2953 ei
3013 2910 3061 2952 et
3087 2899 3239 2952 servit
3264 2898 3305 2951 ⁸.

1988 3041 2073 3099 Vl.
2130 3042 2275 3097 Dixit
2332 3056 2520 3095 rursus
2576 3041 2719 3095 idem
2763 3037 2954 3090 beatus
2999 3033 3152 3088 :lter
3181 3023 3499 3101 ‘ogehamus

215 3138 277 3174 τε
304 3121 405 3174 καὶ
457 3119 537 3186 εἷς
584 3122 813 3192 ἁδελφὸς
854 3124 1001 3194 μετὰ
1052 3125 1145 3178 καὶ
1186 3124 1495 3197 κοσμικῶν,
1543 3127 1643 3195 τὴν
1686 3126 1804 3178 ὁδὸν

1910 3150 2008 3203 ego
2054 3146 2109 3189 et
2141 3133 2309 3188 frater
2366 3148 2505 3188 unus
2544 3133 2628 3185 via
2678 3126 3055 3195 Neapolitana,
3101 3139 3224 3178 cum
3276 3122 3499 3192 quibus-

216 3212 574 3278 Νεαπόλεως,
596 3215 692 3267 καὶ
718 3214 951 3285 ἤλθομεν
972 3218 1057 3279 είς
1080 3216 1243 3269 τόπον
1269 3216 1401 3269 ὅπου
1420 3215 1699 3269 τελὼνειον
1718 3211 1805 3286 ἦν’

217 3305 318 3358 καὶ
354 3306 405 3357 oi
438 3305 535 3376 μὲν
560 3307 812 3376 κοσμικο)⁵
840 3308 1073 3371 είδόντες
1133 3308 1232 3379 τὴν
1260 3309 1552 3379 συνήθειαν
1601 3308 1811 3361 ἔδωκαν

215 3396 281 3449 τὸ
302 3395 479 3459 τέλος
515 3398 544 3449 ὁ
573 3396 630 3451 δὲ
662 3396 890 3469 ἀδελφὸς
918 3400 947 3451 ὁ
993 3399 1068 3452 ὣν
1105 3401 1220 3468 μετ’
1251 3399 1387 3470 ἐμοῦ
1429 3399 1633 3470 ἡρξατο
1663 3399 1811 3452 ἀντι-

216 3487 420 3540 τείνειν
460 3488 553 3540 καὶ
584 3488 765 3554 λέγειν
804 3489 1007 3552 αὐτοῖς·
1043 3490 1293 3560 Τολμᾶτε
1343 3493 1597 3543 ἀπαιτεῖν
1643 3506 1809 3559 μονα⁴

219 3577 392 3649 χοῦς;
454 3576 596 3645 Ἐγὼ
642 3579 700 3631 δὲ
747 3578 989 3642 ἀκούσας
1049 3576 1202 3633 εἷπον
1249 3580 1417 3651 αὐτῷ’
1481 3584 1547 3634 Τί
1609 3586 1806 3648 ποιεῖς,

216 3668 459 3738 ἁδελφέ;
496 3669 650 3722 οὐδὲν
679 3668 807 3722 ἄλλο
855 3669 1031 3738 λέγεις
1076 3671 1228 3741 αὐτῷ
1282 3672 1339 3741 ἢ,
1375 3673 1555 3727 Θέλων
1599 3676 1692 3729 καὶ
1732 3677 1808 3745 μὴ

218 3762 396 3815 θέλων
417 3762 647 3833 τίμησόν
675 3781 744 3833 με
776 3764 1185 3832 ἆγιον;’μᾶλλον
1210 3766 1371 3829 αὐτὸς
1399 3765 1648 3837 ὤφειλεν,
1685 3767 1808 3820 ἰδὼν

217 3856 323 3924 τὴν
357 3852 678 3906 καλοθελίαν
711 3871 804 3906 σου
835 3855 931 3908 καὶ
969 3857 1321 3921 ταπείνωσιν,
1358 3858 1675 3927 αἰδεσθῆναι
1715 3860 1808 3913 καὶ

218 3946 420 3999 εἰπεῖν·
456 3944 838 4017 Συγχώρησον.
877 3947 1087 4000 Οὐκοῦν
1118 3948 1192 4010 ὡς
1220 3949 1474 4022 μαθητὴς
1502 3952 1596 4005 τοῦ
1630 3954 1806 4023 πράου

218 4037 321 4090 καὶ
366 4036 626 4090 ταπεινοῦ
681 4037 791 4100 δὸς,
850 4039 943 4089 καὶ
997 4038 1358 4109 παρέλθωμεν
1395 4043 1514 4110 μετ’
1554 4044 1803 4115 εἰρήνης.

222 4129 459 4183 Ἀλλοτε
490 4129 787 4198 γενομένου
827 4147 930 4199 μου
961 4131 1042 4192 εἰς
1076 4132 1175 4199 τὴν
1204 4132 1367 4198 ἁγίαν
1404 4133 1558 4186 πόλιν
1588 4133 1807 4205 ἔρχεταί

216 4238 309 4283 τις
333 4221 695 4292 φιλοχρίστων
742 4223 836 4274 καὶ
874 4221 1019 4289 λέγει
1072 4240 1183 4292 μοι’
1223 4224 1441 4295 Ἐπειδὴ
1474 4227 1677 4297 μικρὰν
1708 4228 1809 4298 ἀη-

218 4312 344 4365 δίαν
374 4312 569 4382 ἔχομεν
596 4312 720 4383 μετ’
740 4312 984 4382 ἀλλήλων
1019 4312 1130 4382 ἐγώ
1156 4331 1214 4366 τε
1245 4316 1339 4368 καὶ
1368 4319 1396 4369 ὁ
1420 4317 1648 4386 ἀδελφός
1680 4337 1804 4391 μου,

213 4403 307 4475 μὴ
351 4403 496 4456 θέλει
546 4403 902 4473 διαλλαγῆναί
937 4421 1047 4473 μοι·
1090 4404 1228 4458 ἀλλὰ
1279 4407 1662 4479 παρακλήθητι
1712 4412 1806 4465 καὶ

1914 3226 2037 3280 dant
2087 3226 2459 3290 szecularibus,
2510 3225 2871 3288 venimusque
2910 3220 2975 3272 ad
3020 3218 3193 3272 locant
3250 3217 3338 3270 ubi
3378 3224 3501 3269 erat

1912 3319 2197 3379 telonium,
2250 3330 2306 3372 et
2350 3317 2641 3373 saeculares
2674 3313 2895 3386 quidem
2934 3313 3172 3364 scientes
3219 3318 3501 3363 consuetu-

1910 3413 2095 3465 dinem
2140 3411 2283 3465 ultro
2338 3410 2616 3465 solverunt
2644 3420 2897 3463 censum.
2951 3401 3144 3457 Frater
3192 3411 3375 3455 autem
3409 3416 3497 3453 re-

1911 3503 2154 3571 quisitus
2211 3518 2241 3556 a
2290 3503 2603 3572 publicano,
2651 3503 2979 3569 repugnavit
3019 3502 3498 3559 dicens:Audcns

1906 3596 2129 3663 exigere
2170 3610 2200 3647 a
2258 3590 2714 3659 monachis?Ego
2755 3604 2938 3648 autem
2984 3594 3210 3649 audiens
3235 3594 3284 3648 ei
3334 3593 3444 3647 dixi
3479 3610 3500 3647 :

1912 3686 2049 3751 Quid
2082 3687 2218 3753 agis,
2269 3683 2472 3737 frater?
2499 3681 2649 3748 Quod
2699 3686 2784 3739 ais
2825 3686 3160 3739 tantumdem
3210 3692 3296 3737 est
3338 3698 3404 3737 ac
3452 3684 3499 3737 si

1910 3778 2120 3830 diceres
2151 3794 2165 3830 :
2202 3774 2342 3829 Velis
2366 3775 2525 3840 nolis,
2552 3775 2757 3831 honora
2783 3792 2868 3831 me
2901 3786 2959 3831 ut
2987 3785 3258 3830 sanctum.
3290 3775 3498 3829 Decue-

1910 3876 1997 3921 rat
2031 3867 2195 3920 istum
2229 3865 2391 3928 forte,
2440 3866 2557 3919 visa
2616 3867 2879 3935 religione
2922 3876 2979 3922 et
3033 3868 3337 3921 hutuilitate
3381 3876 3499 3930 tua,

1909 3959 2243 4013 verecundia
2277 3955 2514 4011 sutl‘undi
2545 3961 2803 4026 quadam,
2831 3970 2885 4013 et
2914 3957 3128 4012 veniam
3167 3972 3326 4011 orare
3355 3957 3503 4025 Quod

1906 4066 1975 4105 ex
2008 4058 2061 4103 te
2105 4051 2431 4119 poposcerit.
2489 4048 2644 4103 Nunc
2692 4052 2909 4120 quando
2941 4051 2991 4103 id
3022 4050 3226 4112 omisit,
3278 4064 3395 4118 age,
3439 4058 3500 4102 ut

1906 4141 2209 4211 discipulus
2245 4141 2391 4195 mitis
2421 4152 2474 4195 et
2518 4143 2740 4195 humilis
2772 4141 3008 4205 Domini,
3038 4142 3102 4195 da
3147 4139 3293 4209 quod
3326 4138 3500 4208 posci-

1908 4244 1998 4288 tur
2043 4243 2103 4287 et
2150 4234 2203 4286 in
2240 4248 2371 4299 pace
2415 4235 2799 4302 procedamus.
2852 4232 3003 4285 Alias
3037 4247 3157 4286 cmn
3212 4245 3387 4285 essem
3438 4230 3498 4283 in

1906 4333 2095 4379 sancta
2126 4322 2371 4387 civitate,
2397 4323 2548 4377 venit
2569 4323 2635 4376 ad
2673 4337 2759 4377 me
2790 4323 2964 4377 bonus
2998 4321 3265 4391 quispiam
3291 4320 3496 4372 Christi

1911 4424 2143 4478 amator,
2184 4414 2373 4469 dicens
2402 4432 2417 4469 :
2446 4414 2712 4481 Quoniam
2741 4414 2813 4469 ob
2852 4428 3075 4483 parvam
3120 4412 3491 4467 offensiuncu-

219 4495 459 4563 λάλησον
490 4494 659 4563 αὐτῷ.
702 4494 843 4563 Ἐγὼ
875 4496 932 4547 δὲ
991 4496 1128 4565 μετὰ
1173 4499 1347 4567 χαρᾶς
1398 4499 1690 4569 δεξάμενος
1734 4503 1805 4557 cei

1928 4508 2033 4562 lam
2068 4520 2170 4575 ego
2203 4515 2260 4559 et
2301 4504 2426 4559 talis
2472 4504 2642 4559 frater
2678 4520 2831 4559 meus
2875 4503 3105 4558 invicem
3150 4500 3495 4563 dissidemus,

218 4585 407 4653 λόγον,
433 4586 526 4638 καὶ
550 4586 785 4649 καλέσας
805 4586 895 4639 τὸν
920 4586 1147 4655 ἀδελφὸν
1171 4588 1359 4653 αὐτοῦ,
1385 4590 1625 4662 ἐλάλησα
1652 4593 1803 4664 αὐτῷ

221 4677 570 4731 συντείνοντα
612 4679 690 4740 είς
731 4678 970 4748 ἀγάπην*
1013 4679 1107 4732 καὶ
1149 4679 1294 4744 ἔδοξε
1346 4681 1445 4751 μὲν
1490 4683 1794 4739 πείθεσθαι⁸

219 4768 453 4840 ὕστερον
489 4769 547 4822 δὲ
579 4768 727 4837 λέγει
764 4785 873 4839 μοι·
903 4770 977 4823 Οὐ
1000 4770 1238 4841 δύναμαι
1266 4771 1620 4843 διαλλαγῆναι
1652 4775 1803 4847 αὐτῷ

218 4858 306 4909 ὅτι
341 4854 535 4926 ὤμοσα
565 4858 646 4920 είς
689 4857 779 4909 τὸν
809 4860 1065 4931 σταυρόν.
1127 4861 1268 4929 Ἐγὼ
1304 4862 1365 4915 δὲ
1412 4863 1804 4934 ὑπομειδιάσας

218 4942 382 5000 εἷπον
417 4946 587 5017 αὐτῷ·
624 4947 684 5000 '0
732 4948 896 5017 ὅρκος
942 4966 1036 5002 σου
1080 4951 1337 5021 τοιαύτην
1383 4952 1612 5024 δύναμιν
1664 4954 1803 5027 ἔχει,

1904 4596 1993 4665 egi
2024 4604 2082 4649 ut
2124 4595 2601 4650 reconciliarentur
2627 4612 2642 4648 :
2671 4596 2765 4649 sed
2801 4595 2891 4648 ille
2922 4595 3227 4659 recusavit;
3268 4607 3377 4660 pne
3405 4606 3499 4645 se-

1902 4703 2011 4759 que
2051 4688 2177 4752 fert,
2230 4687 2370 4741 nolle
2415 4687 2483 4741 de
2530 4697 2729 4741 caetero
2782 4688 2963 4741 redire
3015 4701 3225 4739 mecmn
3274 4685 3331 4738 in
3378 4700 3494 4754 gra-

1908 4779 2039 4833 tiam
2074 4795 2089 4832 :
2119 4792 2219 4833 oro
2244 4787 2319 4843 te,
2350 4775 2534 4840 Pater,
2578 4786 2637 4829 ut
2668 4792 2790 4830 eum
2820 4777 3125 4845 alloquens,
3154 4777 3391 4829 adducas
3420 4776 3489 4828 ad

1914 4870 2052 4924 iram
2112 4869 2513 4938 deponendam.
2567 4868 2797 4939 Suscepi
2847 4869 3021 4922 libens
3079 4867 3389 4937 negotium,
3438 4875 3499 4921 et

1916 4967 2109 5013 vocato
2140 4957 2310 5013 fratre
2347 4958 2459 5022 illo,
2501 4958 2614 5013 dixi
2661 4974 2785 5028 quae
2829 4969 3129 5028 opportuna
3181 4958 3499 5011 viderentur

218 5037 305 5089 ὅτι
327 5037 421 5089 Μὰ
444 5037 535 5089 τὸν
562 5037 741 5108 τίμιον
766 5040 997 5109 σταυρὸν
1027 5042 1086 5093 οὐ
1109 5041 1182 5111 μὴ
1215 5042 1437 5110 φυλάξω
1461 5044 1559 5108 τὰς
1591 5047 1805 5110 ἐντολάς

1910 5050 1979 5103 ad
2012 5050 2063 5105 ei
2115 5050 2550 5119 persuadendam
2587 5065 2773 5118 pacem
2818 5060 2876 5104 et
2917 5050 3238 5103 charitatem
3286 5059 3383 5103 :et
3417 5050 3498 5102 vi-

213 5144 343 5181 σου·
370 5128 503 5183 ἀλλὰ
526 5130 588 5182 τὸ
609 5130 821 5203 θέλημα
841 5132 935 5184 τοῦ
958 5133 1160 5206 ἐχθροῦ
1181 5135 1273 5188 τοῦ
1298 5135 1545 5191 διαϐόλου
1574 5141 1807 5211 ποιήσω.

1908 5140 2145 5196 debatur
2170 5145 2540 5210 acquiescere.
2583 5144 2853 5206 Czeterum
2901 5143 3117 5211 excepit
3147 5159 3162 5195 :
3192 5141 3336 5195 haud
3374 5155 3499 5195 esse

218 5222 339 5275 Kal
361 5221 471 5292 γάρ
499 5220 560 5274 οὖ
600 5223 761 5294 μόνον
794 5226 894 5278 οὐκ
924 5224 1120 5296 ὤφειλε
1152 5230 1347 5299 στῆσαι
1374 5230 1434 5283 τὸ
1470 5232 1658 5295 κακῶς
1694 5234 1805 5302 ὀρι-

1910 5232 2013 5287 sibi
2045 5233 2255 5287 licitum
2296 5236 2632 5291 reconciliari
2679 5236 2859 5298 fratri,
2890 5235 3020 5305 quia
3048 5248 3148 5303 per
3177 5248 3393 5287 crucem
3417 5234 3497 5303 ju-

220 5313 355 5368 σθὲν
378 5314 471 5384 ὑφ’
499 5316 679 5387 ἡμῶν,
722 5317 857 5371 ἀλλὰ
891 5321 987 5372 καὶ
1013 5321 1216 5389 μᾶλλον
1244 5325 1532 5391 μετανοεῖν
1563 5325 1658 5376 καὶ
1691 5325 1807 5378 θλί-

221 5404 417 5459 ϐεσθαι
466 5408 551 5475 ἐφ’
592 5402 678 5471 οἷς
734 5410 918 5474 κακῶς
968 5411 1267 5487 ὁριζόμεθα
1309 5413 1573 5478 ἑαυτοὺς,
1625 5415 1809 5479 καθώς

228 5511 400 5563 φησιν
429 5497 458 5549 ὁ
488 5496 744 5568 θεοφόρος
772 5500 1071 5565 Βασίλειοςο
1118 5521 1138 5553 ι
1171 5502 1281 5554 Καὶ
1316 5502 1425 5574 γὰρ
1472 5502 1716 5573 Ἡρώδης
1758 5507 1807 5558 εἰ

243 5585 539 5656 μετενόησε
570 5588 663 5640 καὶ
702 5587 780 5659 μὴ
816 5588 1010 5661 ἔστησε
1037 5590 1128 5645 τὸν
1168 5591 1330 5663 ὅρκον
1361 5591 1526 5646 αὑτοῦ
1551 5632 1567 5656 ,
1596 5594 1699 5648 οὐκ
1739 5595 1806 5649 ἂν

305 5778 324 5808 ⁶
349 5778 452 5837 lsa.
486 5798 525 5847 t,
559 5782 609 5838 6.
688 5785 707 5815 ⁷
734 5784 922 5843 Matth.
959 5785 1032 5855 vt,
1062 5788 1150 5841 '2].
1228 5788 1248 5819 ⁸
1282 5787 1499 5861 ιι-Ρειτ.
1529 5788 1706 5857 ",19.

1911 5334 2108 5388 rasset,
2157 5339 2218 5379 se
2263 5341 2539 5395 nunquam
2584 5326 2639 5379 in
2690 5327 2743 5379 id
2800 5340 3215 5381 consensurum.
3264 5325 3347 5378 Ad
3393 5325 3496 5379 hoc

1908 5429 2010 5485 ego
2051 5415 2347 5472 subridens
2373 5416 2487 5471 dixi
2526 5436 2539 5471 :
2574 5416 2749 5473 Tuum
2772 5418 3137 5486 juramentum
3188 5415 3348 5470 talem
3384 5415 3492 5469 vim

1904 5508 2071 5563 habet
2098 5522 2161 5562 ac
2198 5511 2247 5564 si
2289 5509 2538 5566 diceres:
2570 5510 2672 5567 Per
2697 5525 2913 5566 crucem
2934 5509 3082 5579 juro,
3127 5508 3363 5572 Christe,
3407 5523 3501 5563 me

1910 5610 2190 5667 nunquam
2236 5597 2655 5657 observaturum
2701 5602 2953 5657 mandata
3002 5609 3094 5655 tua
3132 5600 3275 5655 :sed
3306 5597 3493 5655 volun-
