3998 6414
517 331 643 398 1691
1834 333 2132 395 ΖΟΒΙΜΕ

2240 333 2488 394 3BATIS
3641 323 3758 391 1692

517 456 680 499 tatem
717 442 891 497 hostis
922 441 998 496 tui
1031 439 1233 496 diaboli
1280 438 1572 495 facturum.
1605 439 1899 496 Enimvero
1926 442 2101 512 jusju-
2130 501 2134 511 ε

2240 443 2501 517 ίργάσατο
2530 442 2591 497 τὸ
2625 442 2773 515 μέγα
2802 440 2965 496 τοῦτο
2991 440 3318 513 ἁμάρτημα,
3348 439 3408 493 τδ
3450 439 3758 509 ἀποκεφαλί-

518 535 746 590 randum
771 534 1035 603 ejusmodi
1084 533 1219 587 adeo
1268 547 1375 587 non
1424 533 1586 587 debet
1640 534 1809 587 videri
1855 535 2097 591 stabilire

2242 553 2299 590 αι
2324 537 2417 589 τὸν
2440 534 2677 607 Χριστοῦ
2702 534 3049 606 πρόδρομον.
3072 551 3092 585 ι

516 626 658 695 quod
702 625 839 679 male
887 626 1262 691 decrevimus;
1314 633 1373 677 ut
1449 624 1633 694 potius
1687 640 1789 681 nos
1840 625 2040 695 obliget
2075 627 2142 681 ad
2218 628 2363 683 serio
2409 627 2826 697 concipiendam
2892 625 3013 695 ejus
3060 622 3436 694 paenitentiam
3472 639 3485 676 :
3518 619 3764 694 diﬂingen-

517 722 755 790 dumque
793 730 954 789 atque
1004 720 1058 774 in
1095 718 1432 776 contrarium
1485 721 1803 774 mutandum
1834 720 2097 791 quidquid
2141 733 2345 779 temere
2407 737 2505 793 per
2534 721 2664 777 illud
2727 729 3122 776 statueramus.
3152 715 3309 772 Sicut
3349 717 3427 770 ait
3461 712 3655 784 Spiritu
3681 714 3762 769 Dei

520 816 709 883 plenus
760 814 995 869 Basilius
1025 834 1038 870 :
1073 832 1091 866 ι
1120 816 1356 882 Etenim,
1408 816 1681 886 inquiens,
1735 815 1999 882 Ilerodes,
2052 818 2098 872 si
2131 816 2428 887 juramenti
2461 828 2667 873 temere
2710 816 2849 883 dati,
2915 824 3077 885 prout
3140 811 3372 867 debebat
3411 808 3763 879 paenituisset:

520 925 622 965 nec
661 919 806 963 stare
838 908 911 962 illi
950 908 1228 974 voluisset,
1259 924 1365 962 non
1405 919 1685 979 peccasset
1714 926 1939 966 enorme
1968 911 2098 967 illud
2138 923 2444 983 peccatum,
2489 911 2820 981 amputanda
2891 915 3083 985 caput_
3128 903 3486 977 pnecursoris
3512 900 3718 957 Christi.
3746 920 3761 951 ι

592 1042 704 1098 VII.
748 1040 1120 1111 Interrogatus
1151 1041 1292 1095 idem
1319 1041 1615 1111 aliquando
1646 1052 1732 1096 cst
1762 1059 1777 1096 :
1812 1041 2095 1108 Quomodo

2278 1050 2353 1103 z'.
2399 1024 2692 1119 Ἦρωτήιη
2717 1045 2905 1111 πάλιν,
2928 1044 3060 1107 Πῶς
3086 1042 3294 1113 ὀφείλει
3323 1058 3410 1104 τις
3440 1039 3769 1110 ἐξουδενωμέ-

524 1137 613 1192 Iiet
665 1143 723 1188 ut
766 1134 962 1202 aliquis
1017 1140 1232 1201 spretus
1271 1140 1326 1187 et
1388 1132 1650 1187 conviciis
1698 1134 2008 1202 proscissus
2058 1149 2087 1186 a

2240 1144 2360 1215 οςῆ
2406 1140 2879 1211 κακολογούμενος
2924 1137 3078 1209 παρά
3122 1153 3306 1197 τινων,
3344 1133 3421 1206 μὴ
3455 1132 3767 1204 θυμοῦσθαι;

522 1226 868 1297 quibusdam,
920 1241 1024 1280 non
1076 1225 1384 1279 irascatur?
1415 1225 1717 1295 Respondit
1749 1246 1760 1279 :
1794 1226 1851 1281 SI
1900 1226 2107 1281 habue-

2240 1235 2547 1306 ιπεκρίνατο
2566 1233 2719 1303 γοῦν·
2747 1233 2876 1287 Ἐάν
2898 1250 2982 1295 τις
3003 1272 3018 1296 ,
3047 1226 3224 1292 εἶπεν,
3250 1228 3350 1302 ἔχῃ
3371 1227 3562 1281 ἐαυτὸν
3581 1227 3768 1296 εὐτελῆ,

526 1322 597 1373 rit
636 1319 726 1373 ille
778 1320 1015 1387 seipsum
1055 1332 1151 1387 pro
1185 1317 1374 1377 nihilo.
1415 1332 1519 1371 non
1558 1318 1867 1373 turbabitur
1896 1338 1909 1373 ε
1943 1330 2103 1389 prout

2240 1328 2292 1398 ιὴ
2323 1327 2680 1398 ταράσσεται·
2708 1325 2895 1389 καθὼς
2920 1318 3125 1378 εἴπεν-ὁ
3152 1321 3330 1384 άὸϐἄς
3354 1320 3585 1391 Ποιμήν·
3616 1336 3634 1370 ι
3667 1317 3771 1372 Ἐὰν

524 1410 666 1464 dixit
706 1410 874 1463 abbas
906 1407 1122 1463 Puemeu
1151 1425 1164 1460 :
1198 1425 1216 1458 ι
1250 1407 1306 1461 Si
1366 1416 1417 1463 te
1464 1409 1639 1476 ipsum
1673 1423 1772 1478 pro
1813 1410 1982 1465 nihilo
2016 1410 2114 1464 ha-

526 1503 732 1568 bueris,
766 1503 989 1556 habebis
1021 1502 1287 1570 requiem.
1328 1520 1347 1553 ι

599 1635 735 1691 VIII.
806 1635 951 1691 Dixit
1015 1646 1274 1707 pneterea
1314 1635 1482 1690 :Fuit
1534 1636 1825 1706 aliquando
1886 1637 2113 1692 fratrum

2222 1419 2386 1473 αὑτὸν
2418 1419 2720 1491 εύτελίσῃς,
2755 1418 2898 1486 ἕξεις
2920 1418 3248 1471 ἀνάπαυσιν.
3283 1433 3303 1467 ι

2294 1642 2376 1694 Η’.
2414 1640 2525 1695 Kal
2573 1640 2779 1710 ἔλεγεν,
2828 1641 2912 1694 ὅτι
2935 1639 3073 1694 Ποτέ
3119 1657 3203 1703 τις
3246 1638 3361 1692 τῶν
3409 1635 3644 1702 ἀδελφῶν
3686 1636 3777 1687 τῶν

529 1729 820 1800 quispiam,
861 1729 1021 1782 exiis
1067 1730 1156 1798 qui
1193 1744 1401 1783 mecum
1451 1730 1765 1794 manebant,
1799 1738 1855 1783 et
1885 1744 2114 1799 accepe—

2240 1732 2521 1787 ιεινάντων
2574 1733 2693 1803 μετ’
2732 1730 2873 1803 ἐμοῦ
2927 1732 3025 1785 καὶ
3068 1730 3346 1783 λαϐόντων
3398 1726 3527 1797 παρ’
3574 1724 3693 1795 ἐμοῦ
3728 1726 3778 1778 τὸ

533 1831 655 1876 rant
686 1837 713 1874 a
752 1836 837 1875 me
884 1837 1099 1875 sacrum
1138 1820 1408 1885 habitum,
1453 1821 1617 1874 multa
1656 1838 1683 1874 a
1731 1838 1819 1875 me
1857 1832 2116 1877 tractatus

534 1910 886 1980 indulgentia.
928 1911 1056 1964 Erat
1092 1911 1236 1965 enim
1278 1909 1435 1964 Ilum
1468 1912 1800 1965 valetudinis
1835 1928 1896 1965 ac
1927 1920 2113 1979 tener;

532 2013 588 2057 et
645 2002 1149 2058 condescendebam
1200 2004 1300 2070 ipsi
1369 2005 1438 2056 ob
1498 2004 1924 2059 imbecillitatem
1978 2004 2116 2073 ejus.

534 2093 774 2161 Quadam
830 2094 993 2163 igitur
1026 2093 1072 2147 is
1121 2092 1206 2147 die
1243 2094 1373 2146 mihi
1427 2093 1563 2146 dixit
1597 2113 1609 2148 :
1646 2095 1794 2147 Abba
1848 2095 1941 2161 nti,
1976 2096 2119 2148 mul-

538 2198 651 2241 tum
689 2202 812 2240 amo
847 2198 918 2240 le.
966 2184 1067 2239 Aio
1090 2200 1190 2255 ego
1239 2185 1311 2238 iIIi
1346 2203 1360 2240 :
1397 2184 1684 2255 Nunquam
1721 2188 1899 2241 adhuc
1931 2202 2121 2254 quem-

539 2294 702 2347 quam
740 2277 941 2346 reperi,
983 2277 1073 2345 qui
1110 2293 1194 2331 me
1231 2286 1439 2330 tantum
1475 2288 1687 2332 amaret
1726 2291 1987 2346 quantum
2022 2296 2122 2350 ego

538 2386 661 2424 amo
715 2371 912 2439 ipsum.
969 2370 1110 2424 Ecce
1165 2385 1307 2425 nunc
1349 2371 1480 2425 mihi
1527 2371 1709 2426 dicis:
1746 2371 1883 2425 Amo
1935 2385 2020 2435 te;
2071 2380 2125 2425 et

540 2464 725 2519 credo.
780 2463 834 2515 Si
893 2472 1075 2517 autem
1115 2462 1209 2517 tibi
1256 2464 1385 2531 quid
1429 2479 1457 2517 a
1510 2480 1595 2518 me
1639 2466 1929 2534 contigerit
1979 2465 2122 2519 haud

540 2562 774 2621 gratum,
814 2567 920 2606 non
963 2568 1150 2606 manes
1180 2555 1356 2621 qualis
1391 2570 1512 2608 eras
1553 2571 1678 2625 erga
1730 2571 1834 2610 me.
1883 2556 1965 2609 Me
1998 2572 2125 2611 vero

540 2640 803 2712 quidquid
843 2656 873 2695 a
904 2650 954 2695 te
978 2642 1152 2709 patiar
1190 2642 1332 2695 haud
1366 2643 1565 2711 poterit
1596 2654 1845 2699 avertere
1877 2660 1904 2698 a
1938 2645 2125 2699 chari-

545 2743 653 2788 tate
684 2734 783 2787 tui.
818 2733 932 2787 Non
958 2735 1174 2804 longum
1203 2734 1333 2788 hinc
1365 2746 1575 2804 tempus
1608 2737 1761 2801 abiit,
1795 2752 1915 2789 cum
1943 2739 2127 2793 nescio

545 2828 674 2898 quid
710 2829 909 2883 accidit
929 2844 958 2882 a
990 2844 1076 2883 me
1105 2844 1295 2898 parum
1326 2831 1424 2899 ipsi
1459 2829 1701 2899 placens,
1729 2838 1783 2885 et
1810 2832 1953 2899 cepit
1981 2847 2130 2886 mur-

546 2938 766 2975 murare
822 2934 1014 2979 contra
1062 2938 1149 2978 me
1201 2924 1401 2987 multa,
1465 2939 1636 2991 usque
1689 2926 1755 2976 ad
1802 2924 1941 2979 raeda
1990 2941 2129 2980 con-

543 3014 702 3070 vicia.
728 3013 871 3069 Nihil
900 3017 1092 3071 horum
1127 3032 1212 3071 me
1263 3016 1439 3071 latuit.
1482 3017 1697 3071 Auditis
1735 3030 1915 3072 tamen
1950 3018 2129 3072 omni-

544 3100 666 3164 bus,
692 3102 819 3155 mihi
855 3102 967 3158 haec
1000 3103 1197 3158 tacitus
1224 3104 1430 3171 subjcci
1457 3124 1468 3158 :
1504 3104 1811 3175 Chirurgus
1844 3105 1932 3161 hic
1967 3105 2129 3161 Chri-

546 3193 613 3248 sti
643 3191 769 3249 Jesu
821 3205 924 3261 est,
960 3196 1161 3250 missus
1207 3195 1275 3249 ad
1318 3211 1404 3250 me
1447 3212 1570 3251 cum
1604 3197 1727 3267 igne
1764 3212 1826 3251 ac
1871 3197 2016 3253 I'erro
2066 3201 2132 3253 ad

548 3301 723 3341 meam
776 3282 1071 3342 curandam
1126 3304 1277 3345 vana:
1320 3291 1505 3361 glorize
1547 3292 1726 3345 studio
1770 3301 2130 3362 aegrotantem

545 3379 805 3435 animam.
853 3380 892 3434 E
926 3381 1124 3435 talibus
1169 3390 1347 3448 potest
1383 3381 1578 3451 aliquis
1620 3381 1840 3448 lucrari,
1874 3384 1917 3438 si
1958 3391 2136 3437 atten-

549 3481 636 3526 tus
667 3473 732 3525 ad
762 3475 841 3527 sui
877 3474 1174 3541 profectum
1209 3473 1393 3529 fuerit.
1428 3474 1585 3529 Sicut
1626 3476 1865 3530 vicissim
1896 3476 2037 3531 idem
2069 3478 2137 3532 ab

549 3563 615 3616 iis
637 3564 727 3631 qui
750 3564 799 3617 ei
822 3564 1111 3620 adulantur
1128 3577 1183 3621 et
1207 3566 1565 3636 applaudunt,
1588 3566 1909 3637 plerumque
1938 3570 2137 3623 damno

550 3656 798 3711 aIIicitur.
834 3658 936 3723 Qui
1001 3675 1123 3713 eum
1170 3661 1377 3730 pungit,
1437 3677 1623 3716 revera
1672 3662 1987 3716 benefactor
2030 3670 2134 3717 est.

552 3745 617 3800 Et
658 3748 985 3801 recordabar
1021 3747 1138 3815 ejus
1173 3765 1230 3804 ut
1267 3751 1461 3805 iuet'lici
1496 3767 1559 3806 ac
1589 3750 1953 3806 bentel‘actoris
1989 3751 2131 3806 mei:

552 3837 906 3907 dicebantque
967 3839 1251 3894 maledicm
1309 3841 1431 3911 ejus
1480 3842 1532 3895 in
1586 3858 1674 3897 me
1718 3843 2135 3899 referentibus:

549 3926 711 3983 Novit
740 3929 827 3984 hic
862 3930 1150 3984 manifesta
1191 3948 1307 3986 mea
1358 3933 1517 3995 mala,
1552 3949 1652 3987 nec
1701 3945 1881 3989 tamen
1923 3935 2136 4001 omnia;

549 4018 645 4074 sed
681 4028 883 4088 partem
917 4032 1120 4076 tantum
1156 4025 1350 4077 borum
1400 4026 1697 4093 quamdam
1734 4043 1748 4080 :
1782 4027 1993 4081 occulta
2043 4042 2141 4080 au—

552 4118 661 4165 tem
712 4112 1133 4168 innumerabilia
1184 4125 1333 4168 sunt.
1366 4112 1550 4184 Longo
1588 4125 1711 4184 post
1747 4117 1851 4170 hoc
1900 4126 2141 4186 tempore

552 4204 791 4259 occurrit
838 4204 884 4259 is
936 4206 1066 4259 mihi
1120 4205 1420 4273 Caesareae;
1477 4216 1532 4261 et
1588 4208 1823 4263 accessit
1877 4222 1944 4262 ex
1991 4224 2142 4263 more

555 4296 872 4365 amplexatus
902 4306 958 4351 et
987 4296 1241 4352 osculans
1286 4315 1407 4365 me,
1458 4315 1667 4369 egoque
1713 4300 1953 4354 vicissim
1990 4301 2140 4370 paria

2220 1830 2406 1898 σχῆμα
2426 1865 2440 1889 ,
2465 1826 2637 1879 πολλά
2668 1824 3063 1896 συγκροτηθεὶς
3094 1826 3223 1893 παρ’
3255 1820 3414 1893 ἐμοῦ·
3444 1820 3539 1874 καὶ
3561 1820 3660 1889 γάρ
3683 1820 3773 1872 τῶν

2217 1916 2509 1987 τρυφερῶν
2541 1912 2631 1987 ἦν’
2662 1915 3095 1984 συγκατέϐαινον
3118 1913 3266 1984 αύτῷ
3288 1913 3378 1965 διὰ
3404 1911 3503 1982 τὴν
3533 1910 3777 1963 ἀσθένειαν

2221 2008 2409 2062 αὐτοῦ.
2454 2008 2543 2061 Ἐν
2579 2009 2678 2078 μιᾷ
2703 2008 2888 2079 ἡμέρᾳ
2918 2007 3067 2075 λέγει
3105 2023 3237 2076 μοι·
3287 2003 3459 2058 Ἀϐὀᾶ
3493 2020 3609 2073 μου,
3642 2001 3782 2053 πολλᾶ

2222 2101 2421 2169 ἀγαπῶ
2459 2116 2540 2153 σε.
2572 2101 2677 2152 Kal
2705 2100 2851 2168 λέγω
2897 2098 3076 2169 αὐτῷ·
3119 2097 3261 2167 Ἐγὼ
3305 2096 3497 2166 ἀκμὴν
3535 2096 3627 2162 οὐχ
3652 2085 3781 2161 εὗρόν

2222 2209 2344 2245 τινα
2373 2190 2675 2260 άγαπῶντά
2708 2208 2797 2262 με,
2837 2190 2914 2252 ὼς
2964 2188 3166 2258 ἀγαπῶ
3194 2189 3385 2243 αὐτόν.
3450 2187 3577 2240 Ἰδοὺ
3605 2184 3687 2237 νῦν
3714 2184 3784 2236 λέ-

2224 2300 2365 2351 γεις,
2392 2285 2474 2337 ὅτι
2513 2283 2737 2351 Ἀγαπῶ
2762 2298 2841 2335 σε·
2876 2282 2972 2335 καλ¹
2997 2280 3282 2350 πείθομαι.
3312 2279 3446 2332 Ἐὰν
3473 2280 3529 2331 δὲ
3557 2276 3719 2346 συμϐῇ
3745 2292 3784 2326 τι

2230 2375 2306 2446 μὴ
2338 2375 2572 2446 ἀρέσκον
2602 2392 2706 2441 σοι,
2730 2376 2790 2427 ού
2819 2376 3004 2445 μένεις
3028 2376 3054 2427 ὀ
3070 2374 3252 2436 αὐτός·
3279 2372 3393 2441 ἐγὼ
3412 2371 3491 2438 δὲ,
3513 2372 3617 2424 πᾶν
3640 2367 3787 2423 ὁτιών

2229 2467 2389 2521 πάθω
2423 2468 2575 2538 παρά
2602 2466 2721 2531 σοῦ,
2763 2467 2824 2520 οῦ
2858 2466 3079 2520 δύναται
3118 2464 3435 2535 ἀποστῆσαί
3467 2482 3534 2534 με
3561 2467 3649 2533 τῆς
3676 2463 3787 2527 ἀγά-

2228 2575 2340 2629 πης
2386 2576 2502 2613 σου.
2554 2560 2766 2629 Μικρὸς
2802 2560 2993 2631 χρόνος
3029 2560 3301 2631 παρῆλθε,
3335 2561 3433 2612 καὶ
3474 2560 3572 2611 οὑκ
3608 2554 3711 2610 οἶδα
3746 2556 3786 2607 τί

2232 2652 2432 2723 συνέδη
2467 2652 2636 2723 αὐτῷ.
2670 2655 2779 2706 Kal
2814 2652 3021 2724 ἤρξατο
3055 2652 3235 2720 λέγειν
3284 2653 3411 2704 κατ’
3443 2650 3578 2721 ἐμοῦ
3619 2649 3787 2709 πολλὰ,

2229 2743 2335 2807 ἕως
2370 2744 2465 2795 καὶ
2489 2742 2735 2813 αἰσχρῶν
2763 2744 3049 2815 ῥημάτων·
3095 2743 3191 2798 καὶ
3217 2744 3446 2797 πάντων
3489 2742 3691 2812 ἤκουον·
3716 2738 3791 2791 καὶ

2232 2833 2418 2903 ελεγον
2440 2836 2497 2887 ἐν
2510 2834 2688 2905 ἐαυτῷ
2710 2833 2902 2897 οὕτως·
2937 2835 3203 2905 Καυστήρ
3231 2834 3356 2887 ἐστι
3377 2834 3474 2886 τοῦ
3514 2830 3696 2902 Ἰησοῦ,
3716 2829 3792 2881 καὶ

2233 2926 2517 2997 ἀπεστάλη
2553 2925 2837 2997 ἰατρεῦσαι
2876 2925 2977 2998 τὴν
3008 2924 3288 2990 κενόδοξόν
3325 2942 3432 2996 μου
3456 2924 3646 2995 ψυχήν.
3687 2921 3797 2973 Ἀπὸ

2233 3018 2343 3071 τῶν
2378 3018 2639 3071 τοιούτων
2668 3017 2891 3071 δύναταί
2919 3035 3003 3082 τις
3023 3018 3291 3089 κερδῆσαι
3321 3018 3423 3070 ἐὰν
3448 3016 3609 3088 νήψῃ,
3635 3014 3794 3081 ῶσπερ

2234 3112 2346 3165 ἀπὸ
2393 3111 2502 3164 τῶν
2562 3110 2987 3181 μακαριξόντων
3026 3108 3352 3181 ζημιοῦται.
3402 3102 3571 3167 Θῦτος
3612 3104 3794 3176 ἀληθῶς

2233 3205 2311 3267 ὡς
2346 3203 2647 3274 εὐεργέτης
2676 3203 2815 3258 ἐστί.
2841 3203 2951 3256 Kal
2977 3202 3314 3274 ἐμεμνήμην
3336 3201 3510 3255 αὐτοῦ
3543 3200 3615 3262 ὡς
3636 3196 3792 3266 ἰατροῦ

2234 3298 2329 3353 καὶ
2355 3298 2671 3370 εὐεργέτου·
2698 3297 2794 3352 καὶ
2811 3295 2998 3365 ἔλεγον
3027 3299 3143 3360 τοῖς
3174 3297 3582 3365 άναγγέλλουσὶ
3613 3312 3712 3364 μοι·
3729 3293 3795 3345 Τὰ

2235 3390 2447 3459 φανερά
2495 3405 2597 3458 μου
2637 3388 2785 3442 κακὰ
2826 3389 2985 3458 μόνον
3030 3384 3161 3452 οἶδε,
3206 3390 3306 3441 καὶ
3350 3388 3481 3442 οὐδὲ
3534 3388 3645 3449 ὅλα,
3684 3385 3796 3439 ἀλλὰ

2238 3480 2405 3552 μέρος
2427 3497 2498 3533 τι·
2532 3480 2599 3534 τὰ
2625 3481 2683 3534 δὲ
2711 3480 3072 3551 κεκρυμμένα
3096 3480 3463 3551 ἀναρίθμητά
3490 3482 3640 3534 εἰσιν.
3666 3479 3795 3533 Μετὰ

2236 3571 2432 3641 καιρὸν
2475 3567 2569 3625 οὖν
2601 3572 2819 3642 ἀπαντᾷ
2847 3589 2937 3643 μοι
2974 3574 3054 3635 εἰς
3081 3572 3461 3644 Καισάρειαν·
3489 3576 3581 3624 καὶ
3611 3570 3794 3642 ἔρχεται

2236 3663 2382 3717 κατὰ
2416 3663 2476 3716 τὸ
2508 3662 2629 3726 ἔθος
2670 3662 2765 3716 καὶ
2799 3662 3233 3733 περιπτύσσεται
3281 3664 3381 3716 καὶ
3414 3662 3690 3731 καταφιλεῖ
3723 3676 3794 3731 με·

2237 3755 2396 3822 κάγὼ
2425 3754 2607 3821 αὐτὸν,
2630 3755 2705 3819 ὡς
2736 3754 2965 3825 μηδενὸς
2986 3756 3305 3825 γενομένου·
3330 3756 3433 3810 καὶ
3463 3757 3521 3808 ἐν
3552 3754 3625 3824 τῷ
3651 3753 3797 3820 λέγειν

2236 3847 2412 3901 ταῦτα
2449 3848 2540 3901 ὅτε
2581 3848 2834 3918 συνήντει
2877 3865 2967 3918 μοι
3006 3847 3453 3918 περιεπτύσσετό
3500 3865 3588 3918 μοι

2239 3937 2373 4006 ἐμοῦ
2408 3936 2744 4000 δεικνύοντος
2771 3936 2919 4007 αύτῷ
2950 3936 3223 4007 μηδεμίαν
3253 3938 3520 4007 ὑποψίαν,
3551 3936 3663 4007 μηδ’
3686 3936 3796 3996 ὅλως

2238 4027 2490 4096 λείψανον
2568 4027 2786 4097 λύπης,
2836 4028 3041 4099 καίπερ
3104 4028 3285 4083 πάντα
3344 4029 3582 4084 ἀκούων.
3638 4027 3797 4097 Ὅμως

2240 4117 2577 4188 προσπίπτει
2611 4134 2701 4188 μοι
2734 4118 2829 4171 καὶ
2857 4118 3107 4189 κατέχων
3152 4120 3284 4182 τοὺς
3329 4120 3501 4183 πόδας
3542 4137 3639 4190 μου
3679 4118 3798 4182 λέγει

2245 4225 2357 4279 μοι·
2387 4207 2752 4280 Συγχῶρησόν
2782 4225 2872 4278 μοι
2899 4208 3046 4262 ά66ἄ
3078 4226 3181 4280 μου
3200 4248 3217 4269 .
3255 4208 3349 4264 διά
3378 4210 3470 4263 τὸν
3500 4209 3708 4280 Κύριον,
3733 4209 3798 4259 ὅτι

2241 4299 2414 4354 πολλά
2446 4301 2543 4353 καὶ
2575 4299 2728 4353 δεινά
2774 4300 3012 4371 ἐλάλησα
3052 4301 3196 4355 κατά
3230 4302 3352 4356 σοῦ.
3398 4301 3545 4371 Ἐγὼ
3573 4303 3627 4355 δὲ
3657 4318 3797 4354 κατα-

556 4387 682 4450 I‘eci,
730 4395 990 4457 tanquam
1034 4390 1168 4443 nihil
1201 4390 1449 4445 omnin‘
1480 4390 1639 4445 modo
1684 4391 1957 4445 dictorum
2006 4408 2134 4462 pra:-

2249 4391 2483 4463 φιλήσας
2528 4391 2691 4445 αὐτὸν
2718 4392 2863 4463 λέγω
2890 4392 3041 4464 αὐτῷ
3076 4393 3216 4463 μετά
3242 4393 3635 4464 χαριεντισμοῦ
3657 4409 3669 4420 ·
3707 4390 3794 4444 Μέ-

556 4481 839 4538 cessisset.
889 4482 1299 4537 Recordabatur
1352 4483 1443 4538 ille
1501 4494 1727 4549 tamen,
1784 4492 1841 4538 et
1897 4484 2137 4541 olliciosa

556 4571 721 4627 verba
749 4574 1054 4638 cumulans,
1091 4577 1245 4645 quasi
1280 4576 1440 4629 tacite
1480 4585 1731 4630 retexere
1761 4587 1858 4630 aut
1887 4592 2145 4647 compen-

558 4678 685 4719 sare
725 4666 855 4720 olim
900 4666 1164 4721 blaterata
1213 4668 1508 4733 nitebatur,
1546 4668 1789 4724 inserens
1832 4669 1997 4722 etiam
2048 4685 2143 4724 oc-

559 4771 725 4811 cursu
775 4756 882 4812 alio
940 4774 1107 4813 novos
1163 4759 1445 4828 amplexus
1497 4776 1632 4816 :me
1687 4760 2044 4818 nihilominus
2088 4762 2143 4817 in

561 4847 953 4902 dissimulando
988 4857 1182 4903 cuncta
1235 4858 1507 4904 transacta
1561 4861 1992 4921 perseverante;
2043 4866 2145 4907 nec

561 4940 854 5010 quidquam
891 4950 1086 5010 agente
1116 4951 1210 4995 aut
1252 4942 1470 4997 dicente
1497 4943 1639 5011 quod
1679 4943 1844 4996 ullum
1875 4945 2146 5015 suSpicio-

563 5032 650 5086 nis
679 5032 968 5099 vestigium
1005 5041 1099 5085 aut
1132 5032 1337 5087 doloris
1379 5034 1636 5103 reliquias
1685 5034 1947 5105 signaret.
1986 5036 2145 5091 Scieo

562 5124 654 5177 bat
712 5131 893 5179 tamen
951 5123 1039 5178 ille
1097 5124 1398 5180 innotuisse
1452 5126 1585 5180 mihi
1653 5141 1991 5197 quaecunque
2047 5126 2145 5182 irae

563 5217 871 5285 obsequens
921 5217 1163 5284 dixerat;
1215 5233 1387 5287 quare
1441 5220 1656 5275 tandem
1685 5219 1917 5287 procidit
1961 5236 2146 5275 coram

566 5321 673 5372 me,
717 5309 989 5379 pedesque
1035 5310 1320 5380 amplexus
1365 5325 1516 5366 meos
1561 5313 1637 5365 ait
1668 5333 1680 5367 :
1711 5310 1937 5381 Ignosce
1995 5312 2151 5379 mihi,

566 5401 724 5466 abba,
761 5416 859 5471 per
896 5401 1214 5469 Dominum;
1256 5404 1424 5458 multa
1466 5415 1522 5459 et
1571 5405 1757 5473 gravia
1800 5405 1911 5459 dixi
1960 5413 2152 5460 contra

568 5502 642 5548 te.
684 5494 795 5564 Ego
826 5495 1001 5564 ipsum
1031 5495 1310 5552 osculatus
1340 5498 1428 5551 aio
1459 5497 1533 5551 illi
1567 5514 1581 5551 :
1611 5495 1947 5552 Recordatur
1973 5497 2155 5551 chari-

569 5594 653 5642 tas
680 5595 792 5653 tua,
819 5585 1001 5653 Pater,
1042 5588 1246 5643 dixisse
1290 5598 1342 5642 te
1386 5586 1514 5643 olim
1566 5588 1738 5643 mihi:
1773 5587 1996 5643 Multum
2030 5603 2154 5643 amo

573 5688 670 5745 te;
723 5694 918 5748 meque
959 5680 1055 5735 tibi
1106 5681 1497 5751 respondisse:
1531 5678 1780 5736 Nondum
1838 5680 2015 5738 inveni
2062 5682 2155 5751 qui

584 5784 670 5826 me
699 5778 905 5828 tantum
939 5783 1147 5830 amaret
1174 5784 1433 5842 quantum
1469 5788 1570 5845 ego
1613 5774 1785 5836 ipsum
1844 5773 1982 5831 Ecce
2008 5788 2155 5829 eunc

2254 4501 2453 4556 μνηται
2486 4485 2522 4555 ἡ
2550 4483 2796 4555 θεοφιλία
2831 4503 2951 4551 σου,
2971 4486 3175 4557 Πάτερ,
3216 4486 3299 4540 ὅτι
3333 4483 3492 4550 εἶπές
3526 4498 3635 4558 μοι·
3657 4484 3800 4538 Πολλὰ

2251 4573 2456 4643 ἀγαπῶ
2489 4587 2578 4628 σε·
2632 4576 2727 4628 καὶ
2770 4569 2925 4631 είπόν
2954 4590 3058 4628 σοι·
3104 4574 3272 4629 Οὔπω
3325 4570 3493 4647 εὗρόν
3535 4592 3652 4629 τινα
3690 4575 3798 4639 ἀγα-

2252 4668 2443 4723 πῶντά
2491 4686 2560 4740 με
2605 4669 2681 4733 ὡς
2724 4670 2925 4738 ἀγαπῶ
2966 4669 3153 4724 αὐτόν.
3200 4670 3331 4724 Ἰδοὺ
3371 4671 3472 4724 νῦν
3516 4671 3703 4738 λέγεις,
3732 4669 3796 4719 ὅτι

2264 4759 2486 4829 Ἀγαπῶ
2524 4776 2605 4813 σε·
2635 4761 2732 4813 καὶ
2761 4760 3048 4831 πείθομαι·
3084 4761 3178 4814 ἐὰν
3207 4760 3262 4814 δέ
3292 4761 3479 4832 συμϐῇ
3508 4779 3560 4814 τι
3596 4760 3666 4829 μὴ
3699 4757 3799 4827 ἀρέ-

2256 4868 2386 4906 σκον
2423 4869 2504 4905 σοι
2525 4892 2540 4917 ,
2582 4853 2645 4906 οὐ
2682 4853 2862 4923 μένεις
2905 4855 2935 4906 ὁ
2974 4853 3156 4915 αὑτός.
3205 4851 3348 4919 Ἐγὼ
3377 4853 3436 4905 δὲ
3459 4894 3475 4917 ,
3507 4853 3561 4905 εἴ
3589 4869 3639 4903 τι
3671 4848 3798 4902 πάθω

2255 4940 2411 5013 παρὰ
2444 4942 2560 5008 σοῦ,
2582 4943 2644 4995 ού
2672 4941 2895 4994 δύναται
2920 4940 3230 5011 ἀποστῆσαί
3258 4957 3328 5009 με
3350 4940 3453 5008 τῆς
3475 4940 3685 5007 ἀγάπης
3705 4951 3794 4987 σου.

2254 5034 2707 5106 Πληροφορηθείη
2731 5036 2766 5105 ἡ
2800 5034 2993 5105 καρδία
3030 5050 3147 5097 σου,
3178 5033 3260 5086 ὅτι
3289 5032 3445 5085 οὐδὲν
3475 5029 3626 5084 ἔλαθέ
3657 5045 3718 5100 με
3741 5019 3798 5079 ὧν

2253 5127 2575 5198 λελάληκας·
2602 5126 2737 5179 ἀλλὰ
2757 5126 2853 5181 καὶ
2872 5122 2974 5180 ποῦ
3005 5126 3100 5178 καὶ
3122 5124 3259 5191 τίσι,
3282 5125 3463 5178 πάντα
3485 5124 3700 5194 ηκουσα·
3728 5117 3798 5171 καὶ

2256 5219 2511 5273 οὐδέποτε
2536 5215 2711 5285 εἷπον,
2738 5220 2822 5273 ὅτι
2848 5220 2962 5271 Οὐκ
2990 5217 3138 5270 ἐστιν
3158 5215 3333 5281 οὕτως
3350 5234 3365 5248 ·
3388 5215 3501 5269 οὐδ’
3530 5211 3703 5268 ἔπεισέ
3730 5208 3799 5280 μοι

2250 5331 2337 5377 τις
2372 5315 2547 5367 εἰπεῖν
2593 5312 2733 5367 κατά
2779 5309 2896 5365 σοῦ·
2936 5308 3053 5363 ἀλλ’
3086 5308 3293 5377 ἔλεγον,
3323 5310 3407 5362 ὅτι
3454 5307 3631 5376 Ἀπερ
3657 5303 3795 5369 λέγειν

2252 5406 2428 5477 ἀληθῆ
2472 5405 2651 5475 λέγει,
2701 5404 2796 5458 καὶ
2839 5402 2948 5457 άπὸ
2982 5402 3084 5472 τῆς
3127 5401 3366 5472 ἀγάπης·
3414 5391 3797 5465 Ξδιοποιούμενός

2255 5514 2370 5569 μοι,
2413 5497 2506 5551 καὶ
2540 5497 2601 5550 οὺ
2625 5494 2866 5549 διέλιπον
2907 5494 3256 5565 μεμνημένος
3290 5507 3381 5546 σου
3413 5492 3474 5544 ἐν
3500 5492 3614 5553 ταῖς
3642 5486 3796 5555 εὐχαῖς

2257 5605 2382 5658 μου.
2438 5588 2548 5642 Kal
2593 5588 2680 5641 ἵνα
2720 5586 2880 5653 δείξω
2928 5601 3009 5638 σοι
3058 5585 3357 5655 τεκμήριον
3398 5583 3645 5653 ἀγάπης·
3692 5573 3795 5629 ποτὲ

2264 5682 2509 5749 ἐπόνησα
2552 5684 2644 5734 τὸν
2683 5678 2964 5750 ὀφθαλμὸν
3006 5677 3287 5749 σφοδρῶς,
3322 5675 3418 5729 καὶ
3447 5670 3792 5763 μνησθείς-ἀφ

2264 5774 2496 5843 ἐποίησα
2514 5772 2604 5826 τὸν
2628 5771 2882 5843 σταυρὸν,
2903 5770 2999 5823 καὶ
3015 5764 3190 5823 εἷπον·
3213 5767 3379 5839 Κύριε
3414 5763 3589 5837 Ἰησοῦ
3605 5754 3791 5833 Χριστὲ,
