3998 6414
179 365 295 430 1593

1595 366 1995 437 ALLOQUIA.

3278 367 3413 430 1694

174 480 249 533 διὰ
272 476 373 530 τῶν
415 471 588 543 εὐχῶν
618 470 781 527 αὐτοῦ
831 469 985 526 ἴασαι
1036 486 1128 542 με’
1164 468 1368 533 εὐθέως
1415 472 1606 543 ἱάθηνο
1637 475 1731 527 καὶ

1864 475 2179 528 1icis:Amo
2232 484 2303 536 te,
2346 482 2398 527 et
2438 474 2639 538 credo;
2690 476 2833 542 quod
2877 476 2920 529 si
2959 476 3232 546 qnidpiam
3267 477 3413 530 acci-

172 569 320 623 ταῡτα
350 566 443 637 μὲν
474 565 611 636 πρὸς
634 563 726 617 τὸν
757 564 1003 632 ἀδελφόν.

1832 566 1973 619 derit
2023 567 2117 619 tibi
2165 566 2481 633 displicens,
2515 582 2617 619 non
2652 568 3049 635 perseverabis.
3082 567 3195 637 Ego
3230 579 3408 621 autem

173 658 405 730 quidquid
444 671 474 709 a
516 665 568 709 te
602 655 800 724 patiar,
830 670 935 708 non
976 665 1166 723 potero
1207 653 1384 708 divelli
1419 654 1487 706 ab
1533 668 1718 708 amore
1782 656 1880 708 tui.
1928 657 2089 710 Plena
2134 658 2282 710 cordi
2376 666 2467 709 tuo
2514 656 2655 711 facta
2702 659 2832 713 fides
2871 670 2979 723 εει,
3024 660 3163 714 nihil
3203 675 3288 713 me
3336 660 3411 712 la-

176 753 325 807 tuisse
345 762 524 803 eorum
554 762 672 815 quae
698 756 887 801 contra
919 762 1004 800 me
1026 747 1231 801 dixisti.
1262 746 1400 814 Quin
1442 754 1497 800 et
1570 747 1825 801 distincte
1893 749 2144 815 cognovi,
2178 764 2320 818 quae,
2394 750 2507 813 ubi,
2547 749 2763 817 quibus,
2809 749 3103 804 etfutiveris
3152 766 3410 817 qua-cun—

174 822 357 914 que‘in
402 855 485 895 me
525 839 835 905 blaterasti;
890 853 1164 908 nunquam
1241 847 1422 891 tamen
1497 836 1790 905 quidquam
1834 840 2081 907 opposui,
2113 850 2204 892 aut
2236 840 2369 893 falsa
2423 854 2543 893 esse
2579 854 2701 907 quae
2739 838 2952 894 diceres
2982 839 3264 893 allirmavi.
3304 838 3413 892 Ne-

174 950 266 1005 que
318 932 452 986 ullus
505 932 636 986 mibi
697 930 1026 1001 persuadere
1083 930 1386 999 quantaevis
1444 931 1726 1000 gravitatis
1796 941 1987 986 auctor
2037 934 2232 1001 potuit,
2285 943 2342 987 ut
2379 932 2463 987 vel
2520 933 2744 985 verbum
2814 932 3103 985 adversum
3152 942 3204 986 te
3238 932 3415 987 hisce-

176 1045 297 1085 retn.
325 1029 365 1082 E
396 1026 673 1081 contrario
697 1026 804 1081 dixi
836 1024 1089 1080 erunibus
1114 1027 1178 1079 de
1221 1036 1273 1080 te
1304 1044 1317 1079 ς
1351 1025 1482 1091 Quae
1521 1026 1649 1079 dicit
1676 1041 1804 1079 vera
1843 1034 1988 1081 sum.
2022 1025 2185 1096 quue
2212 1027 2313 1083 feci
2355 1043 2421 1082 ex
2450 1042 2576 1081 vera
2604 1026 2680 1079 tui
2720 1026 2985 1081 charitate
3013 1036 3072 1080 ut
3115 1026 3209 1081 tibi
3245 1029 3415 1093 grati.

179 1128 368 1189 ﬁcarer,
404 1134 560 1193 teque
595 1131 654 1177 ut
704 1123 939 1177 amicum
1009 1136 1188 1176 meum
1276 1122 1518 1189 mihique
1558 1121 1942 1176 charissimam
1975 1123 2154 1178 colere
2186 1134 2241 1176 ut
2283 1137 2532 1191 ceperam
2608 1136 2913 1193 pergerem.
2949 1118 3135 1190 Neque
3179 1135 3415 1189 unquam

176 1219 360 1275 cessavi
414 1217 684 1271 recordari
735 1217 810 1270 tui
860 1217 911 1269 in
997 1216 1133 1271 meis
1178 1216 1559 1280 orationibus,
1612 1226 1667 1270 et
1710 1227 1771 1271 ut
1843 1218 2076 1273 indicem
2145 1219 2579 1289 experimentum
2644 1232 2902 1271 arcanum
2964 1218 3124 1271 istius
3177 1229 3304 1284 erga
3367 1223 3419 1267 te

176 1307 552 1378 perseverantis
596 1308 647 1360 in
687 1322 773 1360 me
803 1308 1085 1360 ebaritatis
1132 1326 1145 1359 :
1181 1322 1304 1361 eum
1347 1306 1639 1376 aliquando
1672 1309 1975 1363 vehementi
2021 1310 2207 1363 dolore
2250 1325 2475 1364 vexarer
2543 1310 2708 1371 oculi,

1773 1406 1998 1458 Dmnine
2039 1404 2163 1459 Jesu
2235 1407 2471 1469 Christe,
2516 1422 2608 1475 per
2650 1419 2838 1474 preces
2911 1403 3081 1473 ipsius
3129 1417 3259 1457 sana
3291 1417 3417 1465 me;

175 1404 334 1457 erucis
372 1404 584 1472 signant
629 1417 793 1472 super
834 1410 1041 1468 partem
1087 1401 1450 1464 laborantem,
1476 1415 1529 1454 et
1564 1404 1673 1456 dixi
1713 1426 1723 1458 :

2782 1323 2990 1362 memor
3039 1307 3114 1361 tui
3188 1305 3415 1359 formavi

174 1505 222 1551 et
251 1495 424 1549 statim
474 1504 701 1549 sanatus
747 1510 887 1549 sum.
938 1496 1003 1549 Et
1045 1496 1158 1548 ltmc
1203 1496 1421 1562 quidem
1466 1497 1537 1549 illi
1579 1497 1727 1550 fratri
1775 1510 1899 1553 tunc
1931 1500 2061 1553 dixi.

236 1588 307 1640 8'.
357 1586 664 1657 Ἑμέμνητο
690 1587 745 1640 δέ
770 1589 798 1640 6
830 1588 1099 1658 μακάριος
1128 1591 1272 1654 τινὸς
1303 1591 1733 1658 ἀπαγγείλαντος

176 1678 321 1732 αὐτὸν
358 1678 438 1731 ὅτι
481 1674 627 1747 εἶχεν
656 1678 833 1731 ἀϐϐᾶν
863 1679 1004 1733 πάνυ
1052 1681 1375 1751 πραότατον.
1414 1682 1520 1733 Kal.
1552 1681 1738 1748 ἔλεγεν

174 1773 247 1824 ὅτι
281 1770 364 1823 διὰ
401 1769 502 1841 τὴν
539 1770 783 1840 μεγάλην
814 1772 983 1824 αὐτοῦ
1013 1773 1214 1843 ἀρετὴν
1247 1774 1342 1825 καὶ
1369 1772 1437 1824 τὰ
1476 1776 1677 1843 σημεῖα
1706 1772 1741 1826 ἃ.

1864 1776 2360 1830 nansuetissinmm.
2424 1774 2771 1840 Addebatque
2821 1790 2834 1825 :

176 1865 321 1927 ποιεῖ,
347 1858 493 1933 εῖχεν
517 1864 676 1916 αὑτὸν
698 1863 795 1932 ὅλη
819 1867 851 1933 ἡ
885 1862 1036 1934 χώρα
1062 1864 1136 1926 ὡς
1158 1865 1387 1932 ἄγγελον
1412 1864 1571 1917 Θεοῦ.
1602 1864 1741 1917 Ποτέ

175 1951 257 2009 οὖν
279 1954 593 2027 ἐνεργηθείς
634 1972 719 2017 τις
758 1956 863 2008 ὑπὸ
889 1957 984 2008 τοῦ
1018 1956 1214 2027 ἐχθροῦ
1245 1955 1416 2008 ἐλθὼν
1454 1956 1741 2027 ἐξύϐρισεν

176 2045 322 2098 αὐτὸν
350 2046 620 2115 ἐσχάτως,
643 2045 863 2099 πάντων
893 2047 1224 2117 ἱσταμένων,
1252 2048 1343 2101 καὶ
1366 2048 1459 2100 τοῦ
1492 2049 1744 2119 γέροντος

177 2128 475 2207 στήκοντος,
502 2140 596 2191 καὶ
625 2139 986 2208 προσέχοντος
1013 2141 1089 2202 εἰς
1121 2140 1181 2191 τὸ
1207 2140 1381 2209 στόμα
1418 2140 1581 2193 αὐτοῦ
1607 2181 1620 2204 ,
1652 2142 1745 2192 καὶ

174 2230 404 2297 λέγοντος
429 2247 442 2260 ’
496 2232 671 2301 Χάρις
707 2232 841 2284 Θεοῦ
894 2234 974 2294 εἰς
1014 2231 1072 2283 τὸ
1129 2232 1302 2301 στόμα.
1350 2250 1472 2296 σου,
1511 2233 1742 2299 ἀδελφέ.

186 2322 406 2376 Ἐκεὶνου
451 2324 509 2376 δὲ
561 2325 889 2394 μαινομένου
934 2326 1027 2376 καὶ
1080 2325 1349 2390 λέγοντοςο
1390 2325 1517 2383 Ναὶ,
1574 2324 1745 2392 φαῦλε

174 2416 482 2483 φαγοπόλιε,
501 2414 672 2469 ταῦτα
700 2414 879 2482 λέγεις
910 2416 997 2468 ἵνα
1026 2412 1184 2486 δόξῃς
1226 2418 1401 2486 πρᾶος
1432 2415 1740 2482 φαίνεσθαι·

173 2507 307 2575 λέγει
337 2511 364 2561 6
404 2509 610 2578 γέρωψ
647 2508 855 2571 Ὄντως
885 2508 914 2560 ὃ
952 2508 1154 2575 λέγεις,
1184 2508 1381 2576 ἀδελφέ
1416 2525 1540 2577 μου,
1573 2507 1747 2577 ἀληθῆ

172 2598 359 2667 λέγεις.
382 2600 542 2653 Μετὰ
568 2598 740 2652 ταῦτά
760 2616 844 2661 τις
864 2599 1151 2670 ἠρώτησεν
1176 2599 1337 2652 αὐτὸν
1358 2600 1554 2667 λέγων’
1589 2600 1748 2669 Ἀρτι

171 2690 263 2744 οὐκ
307 2691 655 2762 ἐταράχθης,
708 2692 1014 2759 καλόγερε;
1069 2692 1179 2744 Καὶ
1215 2691 1391 2759 λέγει*
1447 2691 1562 2744 Οὒκ
1586 2731 1601 2751 ,
1635 2691 1749 2744 ἀλλ’

170 2782 334 2846 οὕτως
366 2784 621 2855 ᾐσθόμην
655 2784 756 2852 τὴν
802 2783 981 2854 ψυχήν
1016 2802 1117 2853 μου
1148 2824 1161 2846 ,
1190 2783 1265 2845 ὡς
1316 2785 1421 2836 ὑπὸ
1446 2785 1580 2837 Ε)εοῦ
1628 2801 1751 2835 σκε-

175 2875 426 2944 πομένην.
468 2876 579 2928 Καὶ
621 2875 808 2944 ἔλεγεν
848 2879 875 2929 ὁ
916 2876 1206 2947 μακάριος·
1248 2876 1496 2947 ’Λληθῶς
1543 2876 1747 2945 ὀφείλει

170 2984 247 3030 τις
267 2968 617 3038 εὐχαριστεῖν
648 2971 759 3028 τοῖς
789 2967 1077 3031 τοιούτοις.

236 3230 295 3287 l'.
348 3232 543 3302 Ἔλεγε
594 3233 758 3286 πάλιν
798 3235 827 3286 ό
876 3235 1175 3303 μακάροος,
1204 3233 1284 3285 ὅτι
1333 3234 1524 3296 "Ov-co;
1566 3249 1669 3301 μου
1700 3234 1757 3284 ἐν

173 3326 523 3397 μοναστηρὶῳ
553 3328 611 3379 ἐν
632 3326 795 3398 Τύρῳ
829 3327 935 3397 πρὸ
978 3325 1072 3379 τοῦ
1108 3324 1344 3391 ἐξελθεῖν
1377 3343 1463 3395 με,
1517 3324 1759 3395 παρέϐαο

171 3418 256 3469 λεν
286 3420 418 3488 ἡμῖν
469 3435 553 3481 τις
594 3418 773 3488 γέρων
812 3418 1103 3487 ἐνάρετος·
1133 3418 1227 3469 καὶ
1272 3416 1761 3484 ἀναγινωσκόντων

175 3508 327 3577 ἡμῶν
377 3511 464 3570 εἰς
508 3508 578 3560 τά
629 3508 1034 3577 ἀποφθέγματα
1085 3506 1193 3559 τῶν
1241 3507 1416 3574 ἁγίων
1461 3506 1757 3575 γερόντων·

171 3600 359 3667 ἠγάπα
392 3600 453 3652 δέ
479 3602 507 3653 ό
551 3600 824 3669 μακάριος
854 3599 1085 3652 πάντοτε
1114 3599 1428 3669 διέρχεσθαι
1458 3597 1621 3658 αὐτὰ,
1664 3597 1758 3649 καὶ

98 3706 99 3711 ‘
173 3689 357 3758 σχεδὸν
390 3687 610 3740 ἔπνεεν⁸
653 3688 776 3740 ὃθεν
816 3688 911 3740 καὶ
949 3687 1009 3751 ἐξ
1042 3687 1222 3739 αὐτῶν
1261 3686 1626 3753 ἐκαρπώσατο
1656 3686 1762 3737 πᾶ-

171 3794 267 3832 σαν
300 3779 529 3849 ἀρετήν.
580 3778 710 3829 ’Ὀτε
742 3776 978 3848 ήλθομεν
1018 3779 1097 3839 εἰς
1142 3777 1234 3829 τὸν
1284 3776 1515 3847 γέροντα
1554 3777 1763 3828 ἐκεῖνον

171 3871 309 3940 πρὸς
351 3870 413 3922 ὃν
470 3868 718 3938 ἀπῆλθον
753 3870 801 3921 οἱ
836 3868 1066 3940 λῃσταὶ,
1125 3869 1223 3921 καὶ
1265 3866 1421 3921 εἶπον
1477 3868 1647 3938 αὐτῷ,
1681 3869 1763 3920 ὅτι

174 3962 356 4015 Πάντα
382 3962 457 4015 τά
480 3963 538 4015 ἐν
559 3963 627 4031 τῇ
653 3961 823 4031 κέλλῃ
855 3978 953 4012 σου
977 3960 1164 4013 λαϐεῖν
1193 3960 1442 4031 θέλομεν⁸
1476 3962 1570 4014 καὶ
1596 3960 1763 4013 αὐτοῦ

166 4053 449 4117 εἰπόντος’
486 4054 632 4106 Ὅσα
662 4052 727 4105 ἂν
761 4052 893 4123 δοκῇ
927 4052 1075 4122 ὑμῖν,
1099 4050 1286 4115 τέκνα,
1322 4051 1541 4103 λάϐετε·
1571 4050 1767 4104 ἔλαϐον

170 4142 227 4194 δὲ
267 4143 458 4197 πάντα
497 4145 592 4195 καὶ
622 4142 883 4212 ἀπῆλθον·
918 4142 1015 4194 καὶ
1043 4141 1341 4193 κατέλιπον
1372 4140 1429 4193 ἓν
1469 4142 1762 4195 σκαλίδιον.

178 4232 242 4285 Ὀ
271 4230 370 4287 οὖν
406 4233 591 4304 γέρων
620 4232 801 4284 λαϐὼν
836 4232 969 4283 αὐτὸ
1008 4232 1312 4295 ὑπεδίωξεν
1365 4232 1542 4285 ὀπίσω
1588 4233 1767 4284 αὐτῶν

174 4324 311 4393 βοῶν
351 4326 455 4378 καὶ
483 4324 679 4390 λέγων·
713 4323 914 4387 Τέκνα,
947 4322 1146 4376 λάϐετε
1174 4322 1202 4375 ὃ
1226 4323 1580 4377 ἐπελάθεσθε.
1612 4324 1676 4375 Οἱ
1709 4324 1766 4375 δὲ

173 4416 562 4487 θαυμάσαντες
585 4416 677 4467 ἐπὶ
701 4414 1028 4485 ἀνεξικακίᾳ
1058 4415 1152 4467 τοῦ
1215 4415 1492 4484 γέροντος,
1521 4416 1769 4467 ἀποκατ-

1916 1591 2007 1645 ιΧ.
2050 1591 2384 1645 Memorabat
2424 1592 2563 1644 idem
2596 1589 2787 1643 beatus
2812 1590 3096 1659 quemdam
3126 1588 3227 1644 sibi
3267 1601 3422 1643 retu-

1846 1685 1994 1750 lisse,
2032 1685 2285 1738 habuisse
2323 1699 2383 1738 se
2424 1684 2671 1737 abbatem
2702 1697 2861 1750 supra
2897 1686 3111 1734 modum
3146 1681 3333 1733 mitem
3367 1691 3423 1734 et

2892 1781 3112 1840 propter
3164 1772 3421 1824 eximiam

1847 1867 1962 1935 ejus
2006 1868 2259 1920 virtutem
2320 1877 2372 1920 et
2414 1867 2565 1935 signa
2613 1878 2732 1933 quae
2774 1862 3048 1929 faciebat,
3101 1862 3345 1916 habitum
3390 1878 3419 1911 a

1846 1961 2055 2013 cunctis
2098 1974 2195 2027 per
2231 1966 2395 2012 totam
2435 1959 2580 2009 illam
2612 1956 2886 2025 regionem
2937 1963 2995 2007 ut
3026 1954 3275 2023 angelum
3308 1955 3420 2007 Dei.

1847 2052 2155 2121 Aliquando
2201 2052 2363 2120 igitur
2413 2050 2703 2102 instinctus
2747 2048 3015 2116 quispiam
3064 2062 3093 2100 a
3130 2046 3279 2100 'tnalo
3314 2049 3422 2099 du:—

1851 2158 2009 2196 mone
2037 2141 2225 2195 adiens
2255 2155 2375 2194 emn
2406 2139 2718 2194 foedissimis
2750 2137 3053 2191 maledictis
3083 2144 3137 2189 et
3166 2137 3426 2190 conviciis

1849 2235 2128 2302 proscidit,
2184 2232 2367 2286 multis
2428 2232 2754 2295 astantibus,
2807 2244 2938 2283 sene
2993 2230 3109 2295 ipso
3155 2236 3329 2281 stante
3375 2239 3429 2281 et

1853 2328 1988 2379 lixos
2030 2326 2083 2378 in
2118 2340 2214 2377 ore
2244 2322 2491 2377 maledici
2537 2322 2723 2376 oculos
2776 2328 2997 2373 tenente
3021 2359 3036 2383 ,
3066 2319 3424 2387 dicenteque:

1850 2417 2034 2471 Gratia
2071 2416 2162 2470 Dei
2202 2416 2325 2470 beet
2369 2430 2431 2468 os
2490 2426 2637 2466 tuum
2693 2413 2878 2465 frater.
2923 2410 3019 2464 Illo
3051 2420 3231 2465 autem
3279 2421 3430 2463 tanto

1853 2510 2024 2578 magis
2071 2507 2251 2561 furere
2309 2516 2586 2575 pergente,
2640 2519 2703 2557 ac
2756 2500 3288 2555 dicentezprofecto
3339 2518 3431 2555 ne—

1853 2617 2010 2672 quam
2044 2609 2097 2654 et
2128 2614 2293 2652 vorax
2329 2597 2584 2661 senicule,
2629 2597 2729 2649 hoc
2769 2593 2908 2647 dicis
2948 2603 3007 2645 ut
3052 2593 3287 2648 videaris
3334 2593 3433 2644 mi-

1855 2694 1945 2745 tis.
1988 2689 2286 2759 Respondit
2333 2703 2499 2741 senex
2537 2705 2549 2740 :
2589 2686 2659 2739 Ita
2711 2694 2793 2740 est
2834 2694 2892 2736 ut
2936 2683 3040 2746 ais,
3076 2683 3262 2734 frater.
3305 2682 3434 2735 P0st

1856 2784 1971 2835 lure
2000 2780 2350 2848 interrogavit
2389 2778 2654 2844 quispiam
2694 2777 2866 2844 ipsum
2901 2792 2913 2826 :
2943 2773 3057 2825 Non
3102 2789 3161 2827 es
3190 2774 3435 2826 turbatus

1855 2872 1972 2926 haec
2015 2872 2259 2936 audiens,
2306 2870 2445 2923 bone
2488 2868 2692 2923 senex?
2726 2878 2779 2922 et
2812 2868 3124 2935 respondit:
3154 2865 3291 2930 Non,
3340 2867 3436 2920 sed

1858 2966 2162 3021 sentiebam
2195 2978 2317 3029 cum
2358 2972 2517 3029 gustu
2561 2962 2751 3014 intimo
2783 2960 3019 3014 animam
3062 2976 3235 3013 meam
3276 2958 3430 3025 quasi

1860 3057 1970 3111 Deo
1994 3056 2163 3124 ipsam
2189 3055 2401 3107 favente
2432 3061 2755 3121 prolectant.
2784 3051 2849 3103 Et
2879 3051 3013 3105 dixit
3039 3051 3227 3105 beatus
3253 3068 3266 3102 :
3299 3048 3438 3104 Vere

1782 3129 1824 3185 (ἶ
1860 3147 2020 3200 debet
2047 3145 2168 3214 quis
2204 3144 2406 3213 gratias
2430 3159 2591 3211 agerc
2622 3157 2719 3209 pro
2752 3142 2972 3196 talibus.

1932 3236 1997 3290 Χ.
2043 3237 2187 3291 Dixit
2218 3249 2402 3287 rursus
2441 3235 2668 3287 beatus:
2704 3233 2837 3285 Cum
2868 3248 3042 3286 essent
3078 3232 3128 3283 in
3167 3241 3441 3283 monaste-

1864 3334 1943 3384 rio
1976 3330 2117 3399 quod
2169 3337 2254 3382 est
2307 3328 2445 3396 apud
2478 3326 2704 3395 Tyrum,
2754 3334 3039 3393 antequam
3081 3326 3311 3390 exirem,
3350 3338 3443 3377 sn-

1860 3424 2106 3493 pervenit
2137 3421 2291 3474 nobis
2332 3433 2496 3473 senex
2551 3418 2730 3469 multa:
2776 3417 2989 3472 virtutis
3028 3416 3166 3472 forte
3214 3416 3440 3485 legenti-

1864 3515 1964 3566 bus
2012 3511 2327 3565 Sententias
2381 3509 2629 3573 Patrum,
2663 3525 2767 3578 qua
2827 3509 2915 3563 ille
2974 3512 3163 3563 beatus
3212 3508 3441 3562 lectione

1865 3603 2153 3670 plurimum
2188 3600 2579 3662 delectabatur,
2608 3600 2911 3653 identidem
2938 3600 3056 3652 illas
3088 3614 3438 3666 percurrens;

1864 3694 2107 3761 adeoque
2152 3692 2264 3745 fere
2299 3692 2431 3744 nihil
2478 3691 2578 3744 nisi
2632 3692 2931 3744 doctrinam
2979 3707 3044 3744 ex
3096 3691 3164 3742 iis
3196 3690 3443 3744 haustam

1864 3785 2077 3853 Spirans
2111 3799 2125 3835 :
2165 3783 2304 3836 unde
2354 3782 2688 3837 uberrimum
2734 3780 2967 3834 fructum
3013 3780 3231 3844 tulerat,
3273 3780 3446 3849 plena:

1868 3875 2070 3929 notitiae
2120 3873 2457 3944 perfectique
2528 3874 2774 3927 exercitii
2848 3873 3108 3927 virtutum
3180 3874 3444 3927 omnium.

1866 3964 2094 4031 Quando
2127 3973 2309 4018 autem
2338 3964 2390 4017 in
2426 3964 2517 4018 illo
2541 3964 2730 4019 codice
2756 3966 3101 4033 pervenimus
3130 3964 3356 4033 legendo
3378 3966 3445 4016 ad

1869 4058 2042 4111 locum
2071 4056 2159 4109 ubi
2196 4065 2525 4109 memoratur
2569 4069 2730 4109 senex
2779 4054 2867 4109 ille
2900 4055 2966 4108 ad
3001 4070 3161 4123 quem
3205 4054 3446 4107 latrones

1866 4158 2133 4202 venerunt
2167 4156 2219 4202 et
2244 4149 2498 4201 dixerunt
2529 4147 2627 4216 ipsi
2663 4161 2677 4199 :
2714 4145 2909 4200 Omnia
2950 4163 3069 4215 qum
3103 4147 3156 4200 in
3194 4145 3327 4200 cella
3360 4153 3445 4198 tua

1869 4239 2266 4293 suntvolumus
2309 4237 2544 4292 auferre.
2600 4238 2716 4303 Quo
2748 4250 2996 4307 prompte
3040 4239 3443 4307 respondente:

1868 4331 2043 4395 Agite,
2088 4343 2182 4397 per
2215 4344 2299 4381 me
2331 4328 2476 4394 licet,
2518 4330 2661 4397 quod
2690 4329 2870 4392 vultis,
2925 4328 3057 4393 ﬁlii;
3113 4328 3184 4381 illi
3230 4337 3450 4381 strenue

1871 4423 2107 4476 corrasis
2165 4421 2432 4473 universis
2490 4421 2763 4474 abierunt.
2828 4420 3010 4473 Latuit
3066 4430 3242 4473 autem
3301 4420 3449 4488 ipsos

174 4508 425 4578 ἑστησαν
457 4508 636 4563 πάντα
657 4509 717 4559 ἐν
743 4506 819 4577 τῷ
846 4506 1043 4575 κελλίῳ
1071 4505 1370 4559 αὐτοῦοκαὶ
1400 4511 1759 4577 μετανοήσαν-

1875 4527 2039 4564 unum
2072 4512 2485 4565 instrumentum
2530 4512 2789 4565 rusticum
2832 4511 3099 4574 sarculus,
3132 4526 3241 4581 quo
3280 4524 3448 4564 senex

172 4618 263 4665 τες
292 4598 457 4655 εἷπον
483 4601 622 4672 πρὸς
648 4599 935 4670 ἀλλήλους’
976 4597 1216 4667 Ἀληθῶς
1237 4601 1264 4651 ὁ
1296 4598 1586 4669 ἄνθρωπος
1615 4592 1775 4663 οὗτος

171 4692 270 4745 τοῦ
312 4691 459 4745 Θεοῦ
494 4694 666 4746 ἐστιν.
726 4691 812 4753 Ὠς
846 4690 1166 4758 ἀνέγνωμεν
1205 4690 1392 4755 τοῦτο,
1437 4690 1588 4758 λέγει
1620 4692 1649 4743 ό
1675 4691 1772 4757 γέ-

177 4799 311 4853 ρων·
349 4781 539 4851 Οἶδας,
572 4784 717 4837 esea
746 4800 874 4851 μοι.)⁹
906 4782 1065 4835 τοῦτο
1094 4782 1154 4834 τὸ
1170 4782 1502 4852 ἀπόφθεγμα
1534 4783 1676 4835 πάνυ
1705 4800 1773 4852 με

167 4873 456 4948 ὠρέλησε.
484 4877 643 4944 Λέγω
671 4874 839 4946 αὐτῷ·
886 4876 1033 4938 Πῶς,
1077 4875 1289 4945 Πάτερ;
1330 4877 1440 4928 Καὶ
1474 4874 1622 4941 λέγει
1661 4892 1771 4945 μοι.

178 4967 322 5020 Ποτέ
355 4967 514 5030 ὄντος
548 4984 650 5037 μου
680 4968 877 5037 ἐντοῖς
918 4966 1106 5029 τόποις
1146 4966 1287 5018 κατὰ
1324 4966 1417 5019 τὸν
1468 4966 1767 5036 Ἰορδάνην,

174 5061 432 5129 ἀνέγνων
460 5059 639 5130 mitte:
669 5059 766 5113 καὶ
792 5058 1100 5129 ἐθαύμαζον
1122 5058 1212 5110 τὸν
1243 5058 1500 5129 γέροντα⁶
1531 5060 1630 5111 καὶ
1654 5058 1771 5110 ἕλε-

174 5172 295 5223 γον·
336 5155 517 5226 Κύριε
543 5195 559 5219 ,
590 5154 825 5219 ἀξίωσόν
864 5171 933 5225 με
972 5156 1094 5206 κατ’
1126 5154 1273 5224 ἴχνος
1303 5155 1511 5208 τούτων
1545 5157 1772 5209 ἀκολου-

176 5249 319 5313 θεῖν,
348 5250 379 5301 6
410 5246 759 5313 καταξιώσας
795 5264 861 5317 με
892 5247 972 5309 εἰς
1007 5246 1194 5316 σχῆμα
1223 5246 1402 5300 αὐτῶν
1434 5247 1631 5302 ἐλθεῖν.
1684 5248 1773 5311 Ὠς

175 5341 274 5398 οὖν
310 5340 466 5414 εῐχον
493 5343 585 5396 τὸν
614 5342 779 5396 πόθον
805 5340 1019 5403 τοῦτον,
1052 5342 1192 5409 μετά
1218 5339 1313 5394 δύο
1340 5343 1373 5411 ἡ
1384 5341 1447 5411 μέ
1459 5358 1555 5411 ρας
1577 5341 1774 5414 λῃσταὶ

176 5434 580 5506 παρεγένοντο’
627 5433 724 5485 καὶ
770 5432 894 5484 ἐπεὶ
950 5428 1220 5502 ἔκρουσαν
1275 5430 1375 5500 τὴν
1435 5430 1628 5501 θύραν,
1679 5432 1775 5483 καὶ

178 5527 363 5594 ἔγνων
415 5526 496 5579 ὅτι
539 5522 735 5596 λῃσταί
771 5524 933 5585 εἰσιν,
982 5516 1139 5573 εἷπον
1183 5520 1432 5591 ἐμαυτῷ·
1477 5524 1651 5593 Χάρις
1698 5522 1776 5588 τῷ

178 5616 326 5687 Θεῷ,
373 5615 484 5669 ἰδοὺ
516 5614 707 5683 καιρὸς
735 5611 1078 5678 ἐνδείξασθαι
1102 5612 1194 5665 τὸν
1214 5612 1428 5682 καρπὸν
1456 5611 1548 5665 τοῦ
1581 5612 1773 5668 πόθου.

194 5708 451 5775 Ἀνοιξας
472 5708 742 5779 ἐδεξάμην
763 5709 961 5772 αὐτοὺς
990 5706 1129 5777 μετὰ
1159 5706 1491 5777 ἱλαρότητος·
1518 5706 1609 5757 καὶ
1634 5705 1777 5774 ἆψας

183 5800 393 5873 λύχνον
432 5799 686 5873 ἠρξάμην
717 5800 985 5855 δεικνύειν
1008 5798 1189 5869 αὐτοῖς
1227 5797 1297 5852 τὰ
1327 5796 1652 5867 πράγματα,
1687 5796 1774 5849 λέ-

1876 4602 1928 4655 in
1987 4617 2203 4665 manus,
2262 4609 2547 4671 postquam
2610 4602 2866 4667 advertit,
2916 4610 3152 4667 sumpto,
3208 4602 3451 4654 cucurrit

1875 4702 1996 4762 post
2036 4692 2272 4746 latrones
2307 4693 2546 4745 clamans
2589 4702 2643 4745 et
2692 4691 2916 4747 dicens:
2947 4693 3120 4746 Etiam
3166 4694 3267 4747 hoc
3308 4694 3449 4761 quod

1874 4801 1970 4840 vos
2009 4784 2183 4849 latuit,
2230 4785 2419 4838 tollite.
2473 4784 2554 4837 Illi
2600 4793 2781 4837 autem
2832 4784 3085 4838 admirati
3133 4785 3447 4853 patientiam

1874 4879 2040 4942 senis,
2070 4878 2360 4931 redeuntes
2408 4887 2764 4947 reposuerunt
2801 4878 2853 4932 in
2888 4878 3077 4933 cellula
3108 4892 3451 4947 quaecunque

1873 4970 2247 5033 abstulerant;
2287 4978 2341 5022 et
2371 4970 2497 5022 tacti
2535 4969 2856 5037 ptenitentia
2896 4969 3125 5022 invicem
3156 4968 3448 5021 dicebant:

1877 5059 2018 5115 Vere
2068 5062 2156 5115 hic
2192 5062 2353 5115 homo
2389 5060 2483 5115 Dei
2534 5071 2639 5115 est.
2680 5060 2793 5114 Hoc
2839 5076 2962 5114 cum
2997 5061 3335 5129 legissemus,
3374 5062 3452 5115 ait

1875 5167 2040 5208 senex
2071 5152 2190 5206 ille:
2222 5149 2389 5219 Scito,
2428 5152 2496 5205 mi
2523 5152 2681 5216 abba,
2712 5154 2813 5205 hoc
2849 5153 2977 5205 mihi
3015 5153 3137 5207 boni
3166 5151 3340 5206 Patris
3368 5154 3451 5207 di-

1874 5257 2019 5303 ctum
2045 5258 2101 5303 et
2134 5248 2335 5303 factum
2380 5248 2664 5317 insigniter
2693 5247 2985 5316 profuisse.
3017 5248 3320 5314 Quomodo,
3372 5250 3453 5301 in-

1874 5353 2058 5408 quam,
2119 5336 2321 5392 Pater?
2375 5339 2441 5393 Et
2488 5338 2577 5392 ille
2625 5339 2857 5406 subjecit
2887 5356 2901 5393 :
2931 5339 3067 5393 Cum
3122 5355 3298 5395 essem
3351 5340 3453 5393 ali-

1876 5431 2093 5498 quando
2132 5428 2185 5482 iu
2214 5428 2349 5482 locis
2381 5429 2447 5482 ad
2470 5426 2763 5483 Iordanem
2812 5443 3000 5483 recens
3028 5445 3055 5481 a
3089 5427 3319 5481 lectione
3351 5430 3454 5482 lm~

1871 5520 1961 5589 jus
1997 5520 2252 5588 exempli,
2296 5529 2353 5574 et
2396 5520 2585 5589 plenus
2628 5520 2989 5575 admiratione
3017 5518 3238 5574 virtutis
3282 5520 3448 5583 senis,

1877 5611 2009 5674 dixi,
2038 5610 2204 5665 Deum
2227 5625 2392 5665 orans
2422 5629 2435 5665 :
2469 5611 2697 5682 Dignare
2729 5625 2832 5676 me,
2872 5609 3115 5677 Domine,
3152 5611 3455 5666 imitatione

1882 5699 2070 5754 talium
2095 5700 2337 5767 Patrum,
2370 5714 2599 5768 quorum
2636 5699 2766 5753 milti
2796 5698 3114 5754 concessisti
3149 5697 3451 5753 institutum

1879 5790 2120 5862 prolitcri
2166 5805 2230 5849 ac
2266 5800 2466 5846 vestem
2518 5790 2761 5845 induere.
2816 5786 2941 5844 Post
2970 5787 3105 5845 duos
3138 5788 3254 5844 dies
3291 5802 3451 5861 quam
