3998 6414
582 323 715 386 1695

1912 338 2207 399 ΖΟΞΙΜᾸΞ
2245 340 2561 400 ΛΒΒΑΤΙΞ

3679 349 3787 417 [696

580 440 632 491 in
662 454 728 493 eo
765 440 1035 496 desiderio
1066 442 1296 511 fueram,
1345 452 1611 501 venerunt
1658 448 1726 504 ad
1775 466 1860 504 me
1898 454 2161 507 latrones.

2277 470 2379 520 γων
2406 454 2613 517 αὑτοῖς·
2648 455 2740 527 Μὴ
2777 456 3123 529 θορυϐεῖσθε·
3158 460 3391 513 πιστεύω
3414 462 3476 514 ὲν
3505 463 3691 535 Κυρίῳ,
3722 470 3788 523 ὅτι

576 530 722 595 Quos
748 531 1023 601 pulsantes
1057 532 1306 603 januam,
1352 551 1473 589 cum
1514 538 1605 606 qni
1649 550 1833 593 essent
1875 548 2161 611 cognovis-

576 638 714 686 sem,
745 623 855 677 dixi
886 624 1015 678 mihi
1054 625 1152 694 ipsi
1186 646 1198 679 :
1233 627 1341 680 Deo
1379 630 1626 698 gratias:
1661 647 1729 685 en
1765 641 1977 700 tempus
2011 649 2163 687 mon-

576 715 786 769 strandi
817 714 1051 770 fructum
1086 719 1363 775 desiderii.
1418 722 1621 787 Aperto
1662 723 1826 793 igitur
1874 724 2017 778 ostio
2063 742 2158 780 ex-

577 806 695 873 cepi
726 822 819 861 eos
843 807 1000 861 hilari
1037 809 1210 874 vultu,
1254 819 1309 867 et
1341 824 1569 865 accensa
1608 814 1830 867 candela
1866 817 1980 882 cepi
2010 833 2163 870 umn-

578 909 754 954 strare
796 901 925 969 ipsis
952 916 1039 954 res
1068 916 1259 957 omnes
1289 919 1456 967 meas,
1484 904 1671 958 dicens
1702 925 1716 959 :
1744 906 1818 961 Ne
1849 907 2107 963 dubitetis
2142 926 2157 963 :

578 987 790 1043 confido
832 989 885 1043 in
936 991 1184 1056 Domino,
1237 1008 1325 1047 me
1368 994 1499 1047 nihil
1540 997 1689 1051 vobis
1740 999 2157 1056 abscoasnrum.

581 1079 774 1135 Dicunt
821 1082 893 1136 illi
948 1083 1103 1139 mihi,
1142 1101 1156 1139 :
1213 1086 1466 1141 Habesne
1515 1088 1739 1141 aurum?
1778 1088 1876 1155 Ita,
1916 1091 2161 1158 inquam.

585 1171 756 1227 habeo
789 1190 1037 1229 nummos
1073 1188 1204 1232 tres.
1238 1178 1304 1232 Et
1338 1181 1523 1247 aperui
1553 1195 1737 1233 Curam
1775 1180 1854 1233 eis
1888 1182 2162 1250 capsulam

583 1262 635 1315 in
680 1278 784 1331 qua
816 1274 975 1318 erant
1006 1268 1231 1321 nummi.
1260 1268 1333 1321 Iis
1384 1268 1457 1321 illi
1485 1270 1722 1337 acceptis
1766 1270 1818 1323 in
1849 1287 1980 1339 pace
2018 1273 2167 1327 abie-

585 1363 728 1408 runt.
763 1354 835 1408 Ea
869 1371 990 1410 cum
1025 1372 1186 1412 senex
1219 1361 1469 1423 dixisset,
1496 1361 1698 1431 subjeci
1741 1379 1839 1429 ego
1869 1364 2117 1417 arridens
2148 1383 2162 1419 :

2259 549 2321 601 οὑ
2356 548 2431 619 μὴ
2464 548 2661 620 κρύψω
2694 550 2788 621 ἀφ’
2822 552 2977 621 ὑμῶν
3004 571 3080 606 τι.
3119 553 3231 606 Καὶ
3258 553 3475 621 λέγουσί
3502 571 3606 625 μοι·
3636 558 3787 629 Ἔχεις

2259 639 2507 709 χρυσίον;
2539 640 2699 708 Λέγω
2724 641 2929 706 αὑτοῖς·
2952 643 3084 706 Ναὶ,
3108 642 3217 713 ἔχω
3244 644 3369 714 τρία
3389 646 3694 714 νομίσματα.
3708 651 3791 704 Καὶ

2261 730 2449 798 ἧνοιξα
2490 731 2685 795 σκεῦος
2715 732 3030 803 ἔμπροσθεν
3055 734 3257 795 αὐτῶν,
3292 737 3385 788 καὶ
3420 735 3660 800 λαϐόντες
3684 739 3791 792 αὐτὰ

2259 822 2503 894 ἀπῆλθον
2556 826 2671 894 μετ’
2714 826 2965 895 εἰρήνης.
3029 826 3173 894 Ἐγὼ
3223 827 3279 880 δὲ
3326 830 3790 898 χαριεπισάμενος,

2267 906 2420 965 εἶπον
2460 913 2601 982 πρὸς
2639 914 2823 968 αὐτόν·
2881 915 3284 986 Ὑπέστρεψαν,
3327 917 3402 980 ὡς
3430 919 3524 970 καὶ
3559 921 3607 970 οἱ
3639 921 3791 989 ὲπὶτῷ

2262 1002 2515 1073 γέροντι;
2545 1005 2695 1074 λέγει
2724 1024 2816 1075 μοι
2846 1007 3068 1071 εὐθέως·
3102 1009 3177 1060 Οὑ
3216 1008 3293 1080 μὴ
3322 1010 3521 1080 ποιήσῃ
3544 1011 3570 1062 ὁ
3592 1010 3725 1073 Θεὸς·
3748 1014 3790 1063 οὐ

2263 1095 2374 1165 γὰρ
2400 1096 2562 1151 τοῦτο
2580 1098 2772 1169 ἤθελον
2805 1099 2892 1151 ἵνα
2914 1099 3324 1170 ὑποστρέψωσι·
3355 1102 3449 1154 καὶ
3473 1100 3661 1169 ἔλεγεν·
3696 1101 3792 1155 Ἰδοὺ

2264 1187 2292 1240 6
2342 1186 2509 1252 πόθος
2557 1189 2653 1241 τοῦ
2698 1190 2956 1261 γέροντος
2995 1192 3028 1260 ἡ
3085 1192 3378 1261 ἑτοιμασία
3412 1192 3571 1245 αὑτοῦ
3601 1193 3649 1245 τί
3684 1194 3795 1262 αὐτῷ

2266 1267 2561 1349 παρέσχεν·
2585 1280 2670 1332 ὅτι
2692 1282 2753 1333 οὐ
2778 1281 2940 1350 μόνον
2958 1282 3058 1335 οὑκ
3078 1283 3349 1353 ἐλυπήθη,
3374 1284 3510 1337 ἀλλὰ
3535 1286 3623 1337 καὶ
3639 1284 3793 1356 ἐχάρη,

2264 1365 2341 1430 ὡς
2369 1367 2613 1421 τοιούτου
2645 1370 2854 1439 ἀγαθοῦ
2887 1372 3268 1439 καταξιωθείς.

584 1450 952 1506 lledieruntue
1004 1455 1327 1522 pmuitentes
1364 1456 1598 1512 latrones
1631 1468 1687 1511 nt
1726 1459 1777 1512 in
1842 1458 2008 1527 priori
2051 1461 2199 1514 senis
2237 1474 2397 1528 quem
2470 1464 2775 1520 imitabaris
2822 1468 2991 1522 casu?
3032 1466 3299 1523 Celeriter
3343 1470 3617 1539 reposuit:
3646 1468 3710 1525 Ne
3745 1472 3799 1523 si-

582 1542 716 1594 verit
767 1542 870 1595 hoc
920 1543 1056 1598 Deus
1085 1564 1098 1599 :
1127 1561 1226 1601 nec
1271 1548 1415 1600 enim
1468 1550 1610 1603 volui
1661 1552 1839 1605 redire
1885 1550 2049 1618 ipsos.
2094 1549 2161 1604 Et
2197 1553 2405 1609 addidit
2463 1554 2856 1613 ZosimaszEn
2916 1560 3245 1615 desiderium
3269 1562 3422 1616 senis
3449 1561 3600 1632 hujus
3618 1572 3668 1616 et
3689 1577 3800 1632 pta:-

582 1634 792 1700 paratio
836 1636 1002 1690 animi
1050 1649 1307 1706 quantum
1361 1639 1431 1692 illi
1493 1642 1717 1711 profuit,
1767 1642 2009 1698 eﬂiciens
2047 1658 2151 1697 non
2192 1644 2365 1699 solum
2408 1661 2473 1699 ne
2536 1648 2846 1704 tristaretur
2877 1649 2934 1705 in
2970 1660 3077 1705 tam
3113 1652 3265 1720 gravi
3327 1666 3487 1714 casu,
3513 1653 3601 1707 sed
3629 1653 3802 1707 laetare-
3854 1674 3857 1681 ι

584 1738 673 1781 tur
693 1731 874 1795 etiam,
920 1733 1122 1802 ingenti
1167 1750 1224 1788 se
1255 1734 1405 1788 lucro
1447 1749 1665 1792 auctum
1710 1740 2031 1792 existimans
2064 1755 2163 1809 per
2196 1741 2467 1809 jacturam
2497 1743 2683 1796 talem.

651 1823 743 1877 XI.
784 1824 1037 1881 Narravit
1080 1829 1209 1882 mihi
1245 1831 1431 1885 beatus
1482 1831 1705 1901 Sergius
1752 1834 1803 1887 in
1855 1834 2003 1891 hunc
2050 1852 2166 1889 mo-

2340 1836 2445 1889 lA'.
2490 1837 2800 1909 Διηγήσατό
2841 1854 2933 1907 μοι
2968 1839 3243 1910 μακάριος
3272 1840 3509 1912 Σέργιος
3534 1839 3807 1903 οὖτωςώτι

585 1917 708 1969 dum
741 1934 754 1970 :
786 1917 1091 1985 Aliquando
1116 1922 1218 1975 iter
1245 1923 1531 1991 agentibus
1560 1923 1736 1988 nobis,
1762 1928 1988 1996 contigit
2024 1944 2052 1981 a
2082 1929 2168 1982 via

585 2009 839 2062 aberrare
871 2010 941 2063 ita
970 2018 1027 2062 ut
1056 2020 1259 2066 temere
1294 2026 1554 2080 vagantes
1586 2016 1755 2084 ignari
1788 2016 2170 2073 devcuiremus

585 2098 638 2151 in
683 2115 873 2170 agrum
926 2103 1218 2167 consitum,
1270 2114 1324 2159 et
1364 2115 1479 2159 sata
1516 2108 1760 2176 quaedam
1816 2110 2169 2163 conculcare-

587 2206 728 2255 mus,
756 2206 861 2259 quo
892 2192 1271 2248 animadverso
1301 2198 1445 2265 cepit
1471 2198 1709 2265 agricola
1745 2201 1862 2269 cuja
1914 2217 1998 2255 res
2031 2212 2168 2267 erat,

587 2284 996 2339 vehementibus
1032 2302 1129 2340 nos
1160 2287 1460 2343 maledictis
1488 2291 1566 2342 ira
1596 2290 1811 2345 fervens
1843 2292 2116 2348 incessere
2154 2312 2168 2347 :

587 2373 718 2441 Vos,
754 2377 1023 2445 inquiens,
1070 2382 1343 2447 monachi,
1370 2382 1414 2435 si
1454 2382 1620 2437 Deum
1650 2384 1939 2447 timeretis,
1969 2395 2023 2440 et
2049 2402 2169 2440 cum

588 2466 860 2547 haberetis
915 2480 1042 2523 ante
1089 2471 1296 2536 oculos,
1350 2490 1455 2526 non
1506 2474 1619 2529 htec
1660 2476 1845 2545 utique
1897 2477 2170 2532 faceretis.

588 2560 829 2614 Audiens
870 2563 1019 2626 talia,
1068 2565 1252 2616 statim
1289 2565 1364 2617 ait
1393 2568 1546 2621 nobis
1572 2579 1791 2621 sanctus
1817 2585 1830 2621 :
1861 2568 1963 2622 Per
1996 2569 2175 2622 Domi-

589 2667 716 2705 num
756 2667 917 2706 nemo
966 2654 1235 2723 loquatur.
1288 2654 1407 2725 ipse
1444 2673 1604 2725 porro
1655 2660 1930 2727 respondit
1973 2661 2176 2715 rustico

589 2759 714 2797 cum
745 2747 1157 2798 ntansuettnliue
1187 2745 1360 2801 :Vere
1396 2750 1553 2811 dicis,
1587 2750 1682 2802 fili.
1714 2750 1768 2804 Si
1801 2752 1942 2804 enim
1981 2752 2072 2805 Dei
2107 2755 2174 2803 ti-

590 2851 708 2889 mor
752 2847 897 2889 esset
944 2839 994 2888 iu
1051 2837 1227 2902 nobis,
1277 2839 1416 2892 haud
1462 2856 1745 2909 ageremus
1776 2857 1893 2909 qua:
1930 2843 2023 2897 tibi
2054 2842 2177 2911 jure

589 2928 892 2996 displicent.
940 2929 1118 2983 Nihilo
1157 2932 1245 2984 ille
1293 2934 1472 2987 secius
1516 2950 1705 2988 rursus
1736 2950 1855 2988 cum
1896 2936 2176 2989 stomacho

590 3023 949 3077 contumelias
976 3024 1225 3094 ingessit,
1259 3025 1564 3094 iterumque
1597 3027 1741 3079 mitis
1771 3042 1932 3080 senex
1967 3043 1982 3078 :
2012 3023 2175 3089 Vera,

591 3115 784 3183 inquit,
822 3115 1092 3184 loqueris;
1134 3118 1177 3170 si
1215 3118 1463 3170 monachi
1505 3132 1769 3181 essemus,
1805 3118 2000 3171 talibus
2030 3119 2157 3171 abs-

594 3206 913 3259 tineremus.
965 3205 1192 3271 Tamen,
1218 3222 1336 3271 oro,
1378 3224 1473 3276 per
1503 3207 1810 3275 Dominum,
1832 3209 2051 3278 ignosce
2082 3224 2175 3262 uo-
2206 3194 2248 3251 Ο

591 3294 675 3351 bis
702 3298 844 3366 quod
888 3298 1258 3364 imprudentes
1290 3302 1653 3366 peccavimus.
1699 3300 1771 3353 Ea
1811 3300 2024 3355 tandem
2055 3315 2169 3355 mo-

589 3387 760 3441 destia
798 3389 1054 3444 delinitus
1098 3391 1358 3457 agricola,
1394 3392 1623 3461 projecit
1661 3408 1720 3446 se
1755 3393 1820 3443 ad
1869 3393 2030 3459 pedes
2061 3391 2178 3460 ejiris

590 3479 775 3534 dicens
806 3499 818 3534 :
851 3480 1018 3534 Parce
1048 3482 1178 3535 mihi
1221 3490 1423 3536 temere
1456 3483 1653 3549 locuto,
1682 3485 1845 3550 abba,
1873 3498 1968 3550 per
1994 3483 2179 3537 Domi-

592 3588 743 3637 num,
792 3589 983 3642 meque
1027 3575 1135 3630 tuis
1189 3574 1460 3630 volentem
1513 3591 1766 3646 aggrega.
1820 3575 2178 3645 Addebatque

593 3663 787 3718 beatus
819 3664 1084 3735 Sergius:
1121 3664 1329 3719 Revera
1368 3669 1455 3721 hic
1495 3668 1658 3721 homo
1694 3683 1791 3721 nos
1831 3677 2050 3722 secutus
2092 3683 2182 3721 sa-

512 3792 517 3797 ρ
592 3770 744 3808 crmn
776 3756 1019 3810 habitum
1049 3757 1300 3825 smnpsil.
1340 3756 1497 3812 Unde
1544 3756 1907 3827 subiungebat
1951 3758 2065 3811 haec
2098 3771 2183 3810 re-

594 3843 776 3900 ferens
804 3845 1084 3901 Zosimas:
1120 3847 1194 3899 En
1229 3849 1587 3902 mansuetudo
1630 3859 1684 3901 et
1742 3849 1981 3916 probitas
2006 3847 2184 3903 sancti

2271 1926 2411 1979 Ποτὲ
2460 1928 2755 1981 ὁδευόντων
2803 1927 2964 1998 ἡμῶν
3002 1931 3140 2000 μετά
3176 1948 3324 1995 τινος
3369 1932 3531 2000 ἁγίου
3576 1931 3805 2004 γέροντος,

2272 2018 2661 2091 ἑπλανὴθημεν
2690 2022 2789 2090 τῆς
2815 2020 2961 2074 ὁδοῦ·
2994 2022 3089 2074 καὶ
3115 2022 3257 2093 μηδὲ
3294 2024 3662 2091 γινωσκόντων
3682 2025 3810 2093 ἡμῶν

2272 2108 2377 2163 ποῦ
2402 2110 2767 2181 πορευόμεθα,
2799 2111 3115 2183 ηὑρέθημεν
3136 2116 3215 2177 εἰς
3241 2115 3310 2168 τὰ
3336 2115 3697 2185 σπόριμα·καὶ
3709 2133 3808 2169 κατ-

2272 2206 2632 2274 επατήσαμεν
2680 2205 2839 2273 ὀλίγα
2880 2206 2988 2259 τῶν
3021 2207 3329 2277 σπορίμων.
3374 2208 3807 2277 Αὶσθόμενοςδὲὸ

2273 2296 2542 2365 γεωργὸς,
2570 2296 2775 2366 ἤρξατο
2804 2296 3054 2369 ὑϐρίζειν
3084 2298 3257 2352 πολλὰ
3288 2301 3414 2369 μετ’
3447 2299 3629 2371 ὀργῆς·
3642 2300 3813 2371 Ὑμεῖς»

2278 2389 2524 2459 μοναχοὶ,
2561 2391 2607 2441 εὶ
2642 2389 2888 2460 ἐφοϐεῖτε
2921 2391 3013 2444 τὸν
3044 2391 3201 2456 Θεὸν,
3228 2394 3324 2445 καὶ
3351 2394 3532 2463 εἴχετε
3560 2392 3705 2446 αὑτὸν
3732 2394 3812 2463 πρὸ

2274 2480 2591 2551 ὀφθαλμῶν,
2620 2482 2723 2534 οὐκ
2753 2481 2821 2535 ἂν
2851 2483 3087 2535 ἐποιεῖτε
3123 2482 3303 2536 τοῦτο.
3345 2482 3566 2545 Εὐθέως
3590 2478 3672 2535 οὖν
3696 2481 3814 2549 λέγει

2274 2577 2408 2643 ἡμῖν
2437 2576 2465 2625 6
2499 2575 2671 2641 ἅγιος·
2720 2573 2819 2626 Διὰ
2857 2573 2949 2627 τὸν
2996 2573 3204 2644 Κύριον
3241 2574 3441 2644 μηδεὶς
3474 2574 3689 2644 λαλήσῃ,
3730 2576 3815 2628 Καὶ

2277 2667 2461 2736 ἔλεγεν
2486 2667 2637 2736 αὑτῴ
2666 2666 2808 2736 μετὰ
2831 2666 3161 2737 πραότητος·
3194 2666 3397 2729 Καλῶς
3423 2666 3619 2733 λέγεις,
3646 2666 3815 2719 τέκνον·

2276 2762 2325 2813 εἰ
2352 2758 2461 2829 γὰρ
2492 2760 2714 2829 εἴχομεν
2748 2758 2838 2810 τὸν
2871 2757 3038 2826 φόϐον
3069 2756 3165 2811 τοῦ
3199 2757 3366 2819 Θεοῦ,
3402 2757 3507 2811 οὑκ
3537 2757 3600 2811 ἂν
3642 2755 3818 2810 ἐτωιοῦ-

2281 2867 2380 2920 μεν
2408 2848 2604 2902 ταῦτα.
2641 2848 2809 2900 Πάλιν
2848 2850 3060 2911 ἐκεῖνος
3100 2848 3290 2919 ὕϐριζε
3333 2848 3484 2918 μετὰ
3528 2848 3705 2918 θυμοῦ·
3744 2848 3817 2899 καὶ

2279 2941 2442 2994 πάλιν
2464 2942 2492 2994 6
2520 2941 2701 3012 γέρων
2730 2941 2936 3009 ἔλεγεν·
2983 2940 3072 2993 Ἐν
3098 2940 3325 3011 ἀληθείᾳ
3354 2941 3539 3009 λέγεις
3572 2959 3586 2971 ·
3610 2942 3653 2993 εξ
3678 2940 3821 3009 ἤμεθα

2283 3033 2526 3104 μοναχοὶ,
2562 3032 2723 3085 τοῦτο
2752 3032 2855 3083 οὐκ
2883 3030 3206 3100 ἐποιοῦμεν·
3242 3030 3388 3085 ἀλλὰ
3418 3032 3507 3084 διὰ
3526 3032 3612 3084 τὸν
3638 3030 3820 3101 Κύριον,

2282 3122 2640 3195 συγχώρησον
2688 3124 2822 3192 ἡμῖν
2879 3122 2961 3174 ὅτι
3010 3121 3359 3192 ἡμάρτομεν.
3436 3122 3737 3189 Ἐκπλαγέις
3788 3119 3825 3172 δ’

2281 3212 2490 3273 ἐκεῖνος
2534 3212 2632 3265 καὶ
2682 3211 2855 3264 ἐλθὼν
2893 3211 3121 3281 ἔρριψεν
3167 3211 3367 3264 ἑαυτὸν
3414 3213 3495 3275 εἰς
3529 3212 3646 3273 τοὺς
3690 3208 3822 3269 πόδας

2284 3301 2472 3365 αὑτοῦ,
2504 3302 2697 3370 λέγων·
2728 3302 3059 3372 Συχώρησόν
3084 3319 3195 3371 μοι,
3224 3302 3398 3365 ἁϐϐἄ,
3426 3302 3517 3355 διὰ
3534 3302 3620 3355 τὸν
3639 3300 3823 3371 Κύριον.

2286 3393 2380 3446 καὶ
2409 3391 2539 3445 λάϐε
2564 3392 2681 3461 μεθ’
2712 3391 2890 3463 ὑμῶν.
2922 3392 3033 3445 Καὶ
3054 3391 3240 3460 ἔλεγεν
3264 3393 3295 3444 ὁ
3326 3392 3601 3462 μακάριος
3623 3390 3827 3459 Σέργιος,

2285 3484 2368 3537 ὅτι
2395 3484 2485 3536 Ἐν
2513 3482 2746 3554 ἀληθείᾳ
2794 3484 2913 3554 μεθ’
2960 3486 3122 3556 ἡμῶν
3167 3485 3515 3557 ἠκολούθησε
3539 3525 3554 3549 ,
3584 3485 3670 3539 καὶ
3692 3482 3826 3537 ὲλθὼν

2284 3573 2448 3627 ἔλαϐε
2492 3573 2551 3626 τὸ
2599 3574 2812 3644 σχῆμα.
2860 3576 2973 3628 Καὶ
3009 3575 3200 3644 ἔλεγεν
3240 3579 3269 3630 6
3320 3578 3616 3648 μακάριος·
3669 3576 3822 3641 Ἰδοὺή

2284 3666 2531 3737 πραότης
2565 3668 2659 3719 καὶ
2701 3666 2763 3719 τὸ
2788 3667 2992 3737 ἀληθὲς
3029 3667 3127 3721 τοῦ
3157 3669 3318 3737 ἁγίου
3365 3669 3420 3723 τί
3459 3669 3683 3738 ἠδυνήθη
3718 3664 3828 3737 μετὰ

2284 3756 2419 3810 Θεὸν
2461 3755 2708 3825 ποιῆσαι·
2763 3758 2858 3810 καὶ
2909 3756 3084 3811 σῶσαι
3115 3757 3295 3828 ψυχὴν
3338 3760 3472 3812 κατ’
3514 3757 3685 3811 εἰκόνα
3722 3754 3828 3808 Θεοῦ

2288 3847 2631 3919 ποιηθεῖσαν,
2665 3847 2733 3918 ἢν
2775 3847 2924 3902 θέλει
2950 3850 2978 3901 6
3014 3849 3151 3913 Θεὸς
3182 3850 3394 3916 μᾶλλον
3436 3850 3471 3921 ἦ
3518 3849 3724 3921 μυρίσδς
3761 3845 3829 3899 κό-

593 3939 693 3992 Viri
723 3948 1003 4006 quantum,
1037 3939 1145 3993 Deo
1167 3937 1412 4007 juvante,
1443 3940 2082 4010 potuerit,.convertens,
2132 3950 2174 3995 el

2292 3955 2463 4009 σμους
2494 3935 2641 4008 ,μετὰ
2662 3936 2773 3990 τῶν
2805 3937 3109 4009 χρημάτων
3139 3938 3346 3994 αὐτῶν,

598 4035 652 4089 in
684 4034 874 4090 salutis
908 4034 1051 4088 viam
1084 4034 1348 4091 inducens
1376 4036 1615 4090 animam
1659 4038 1727 4091 ad
1760 4037 1852 4091 Dei
1922 4036 2212 4106 imaginem
2252 4045 2518 4097 creatam,
2580 4047 2743 4102 quam
2800 4034 3023 4101 praelert
3097 4033 3244 4088 Deus
3294 4033 3598 4088 innumexis
3638 4026 3828 4089 utendis.

594 4147 717 4187 cum
749 4132 960 4186 cunctis
987 4131 1193 4187 divitiis
1221 4134 1485 4202 ipsorum.

666 4223 782 4278 Xll.
820 4223 964 4278 Dixit
1011 4234 1267 4293 praeterea
1295 4238 1311 4277 :
1335 4222 1594 4280 Commisi
1635 4226 1927 4297 aliquando
1960 4226 2170 4283 libellos

597 4316 984 4373 describendos
1031 4320 1243 4372 cuidam
1296 4321 1609 4374 anmnueusi
1654 4320 1706 4374 in
1766 4320 1958 4391 primis
2000 4321 2175 4390 perito

598 4408 998 4479 calligraphicae
1041 4414 1201 4468 artis.
1257 4412 1324 4466 Et
1372 4414 1460 4466 ille
1502 4412 1746 4467 absoluta
1786 4412 2174 4481 descriptione,

2348 4224 2449 4279 IB'.
2490 4222 2602 4276 Καὶ
2650 4220 2858 4288 ἔλεγεν,
2910 4220 2991 4272 ὅτι
3042 4218 3180 4272 Ποτὲ
3232 4216 3480 4283 ὑπέταξα
3527 4215 3691 4286 βιϐλία
3735 4214 3828 4267 τινὰ

2278 4317 2639 4385 καλλιγράφῳ
2684 4313 2900 4381 εὐφυεῖ·
2945 4313 3042 4366 καὶ
3074 4310 3215 4380 μετὰ
3259 4311 3323 4365 τὸ
3365 4311 3585 4364 τελέσαι
3624 4310 3688 4361 τὰ
3722 4310 3828 4377 γρά-

2282 4408 2453 4479 ψιμα,
2489 4407 2701 4477 πέμπει
2728 4405 2826 4459 καὶ
2847 4402 2997 4472 λέγει
3030 4418 3145 4473 μοι·
3171 4402 3309 4455 Ἰδοὺ
3334 4402 3582 4455 ἐτέλεσα·
3613 4398 3829 4453 actioni

600 4500 748 4555 misit
805 4503 870 4557 ad
917 4520 1001 4559 me
1052 4506 1143 4574 qui
1200 4506 1502 4571 numiaret,
1547 4504 1843 4574 perfectum
1890 4504 2002 4571 jam
2046 4519 2174 4573 opus

2286 4518 2369 4554 σοι
2407 4498 2623 4569 πέμψον
2661 4498 2756 4552 καὶ
2784 4497 2917 4551 λάϐε
2943 4496 3106 4550 αὑτά.
3142 4494 3406 4563 Ἀδελφὸς
3436 4494 3502 4547 δέ
3526 4511 3609 4557 τις
3626 4492 3827 4552 ἀπιούσας

598 4607 764 4647 esse:
798 4596 1088 4661 mitterem,
1132 4598 1177 4653 si
1220 4599 1517 4663 videremur,
1558 4597 1648 4666 qtti
1696 4598 1897 4666 scripta
1942 4596 2177 4651 tolleret.

602 4684 702 4740 llis
742 4686 912 4742 frater
941 4690 1162 4758 quidam
1197 4691 1417 4755 auditis,
1466 4689 1600 4744 adiit
1650 4688 1887 4756 injussus
1924 4688 2179 4755 calligra-

600 4779 791 4848 phum,
833 4782 1074 4846 nomine,
1104 4793 1163 4835 ut
1214 4782 1352 4836 falso
1391 4782 1592 4845 aiebat,
1632 4782 2009 4850 mandataque
2037 4796 2176 4844 meo,

599 4882 1017 4943 numeratoque,
1045 4877 1191 4944 quod
1237 4884 1595 4939 convenerat,
1650 4888 1843 4929 manus
1871 4874 2071 4943 pretio,
2119 4873 2182 4927 li-

598 4964 770 5034 belles
811 4965 1054 5021 abstulit.
1102 4966 1213 5036 Ego
1245 4966 1465 5036 ignarus
1499 4966 1617 5035 ejus
1661 4967 1759 5027 rei.
1795 4966 1915 5020 misi
1957 4965 2179 5021 fratrem

603 5069 868 5125 nostrum,
894 5059 1018 5115 dato
1048 5059 1123 5115 illi
1154 5059 1423 5128 epistolio,
1460 5075 1583 5114 cum
1626 5058 1879 5113 mercede
1912 5068 2075 5128 pacta
2127 5069 2185 5113 ut

600 5150 799 5220 scripta
817 5150 1092 5219 acciperet
1120 5150 1399 5220 ferretque
1427 5152 1494 5205 ad
1528 5166 1632 5205 me.
1660 5151 1968 5219 lntelligens
1990 5166 2057 5206 ex
2082 5151 2184 5205 hoc

601 5241 971 5311 calligraphus
1000 5243 1215 5297 illusum
1264 5243 1368 5299 sibi
1414 5242 1584 5298 fuisse
1618 5258 1647 5297 a
1681 5244 1846 5311 priori
1894 5243 2180 5305 monacho,

603 5332 778 5389 iratus
817 5333 955 5388 dixit
981 5352 994 5388 :
1022 5333 1115 5390 Ibo
1138 5334 1379 5405 profecto
1403 5345 1455 5392 et
1478 5335 1753 5390 infamabo
1779 5336 1953 5404 ipsum
1983 5336 2052 5390 ob
2077 5336 2183 5389 duo

603 5426 806 5479 nefaria
835 5442 955 5496 quae
996 5426 1508 5496 admisitzprimum
1555 5428 1786 5483 irridens
1845 5443 1962 5496 me;
1988 5428 2184 5482 deinde

603 5532 723 5586 quae
776 5519 843 5571 ad
893 5517 1041 5572 illum
1089 5534 1197 5573 non
1248 5520 1594 5588 pertinebant
1634 5518 1910 5575 auferens.
1956 5519 2026 5573 At
2083 5534 2183 5588 ego

605 5605 792 5660 audito
823 5606 953 5674 quid
998 5615 1239 5677 pararet,
1288 5608 1409 5663 misi
1457 5608 1614 5678 quia
1665 5625 1750 5663 me
1790 5608 1889 5677 ipsi
1933 5608 2181 5663 diceret:

606 5696 751 5761 Scis,
797 5697 963 5752 frater
1009 5699 1103 5764 nti,
1141 5715 1237 5754 nos
1276 5716 1341 5754 eo
1378 5700 1484 5754 line
1527 5715 1846 5769 comparare
1890 5715 1955 5755 ac
2002 5708 2186 5755 tenere

610 5787 838 5853 libellos,
883 5799 940 5843 ut
973 5804 1041 5844 ex
1094 5791 1161 5845 iis
1213 5791 1490 5849 discamus
1542 5806 1799 5847 exercere
1831 5792 2181 5858 cbaritatem,

2279 4590 2489 4657 ταῦτα,
2518 4589 2773 4643 ἀπελθὼν
2820 4588 2883 4653 ἐξ
2918 4587 3188 4659 ὀνόματός
3225 4603 3328 4656 μου
3379 4585 3522 4656 πρὸς
3550 4586 3639 4638 τὸν
3680 4581 3827 4636 καλλι-

2281 4684 2515 4755 γρὰφον,
2534 4684 2633 4737 καὶ
2658 4683 2783 4746 δοὺς
2809 4681 2870 4733 τὸ
2900 4678 3263 4751 συμφωνηθὲν
3294 4677 3495 4731 ἐλαϐεν
3518 4678 3677 4732 αὑτά.
3720 4672 3827 4739 Ἐγὼ

2282 4776 2342 4830 δὲ
2376 4776 2454 4847 μὴ
2483 4776 2646 4843 γνοὺς
2692 4774 2855 4827 τοῦτο
2900 4772 3129 4843 ἔπεμψα
3160 4770 3393 4840 ἀδελφὸν
3427 4771 3692 4841 ἡμέτερον
3719 4763 3829 4835 μετὰ

2284 4868 2633 4939 γραμμάτων
2679 4867 2777 4919 σὺν
2825 4865 2904 4936 τῷ
2948 4865 3125 4936 κόπῳ·
3169 4865 3310 4918 ὥστε
3338 4864 3531 4918 λαϐεῖν
3579 4862 3722 4915 αὐτὰ.
3763 4858 3834 4917 Ὠς

2283 4956 2376 5015 οὖν
2407 4959 2551 5029 ἔγνω
2584 4960 2613 5012 6
2652 4957 3027 5029 καλλιγράφος
3057 4958 3143 5011 ὃτι
3176 4956 3483 5027 ἐνεπαίχθη
3512 4954 3617 5009 ἀπὸ
3642 4951 3726 5005 τοῦ
3758 4949 3825 4999 λι-

2282 5053 2471 5117 ϐόντος
2488 5052 2654 5117 αὐτὰ,
2679 5051 2979 5125 ταραχθεὶς
3008 5048 3185 5107 εἶπεν·
3211 5053 3425 5114 Ὄντως
3445 5049 3740 5120 ἀπέρχομαι
3755 5043 3825 5095 tul

2282 5143 2493 5213 ἁηδίσω
2523 5142 2686 5197 αὑτὸν
2711 5144 2861 5197 κατὰ
2884 5140 2979 5195 δύο
3010 5142 3286 5213 τρόπους,
3319 5141 3403 5194 ὅτι
3450 5135 3701 5209 ἐχλεύασέ
3745 5147 3821 5201 με.

2284 5238 2381 5291 καὶ
2409 5239 2491 5291 ὅτι
2521 5236 2683 5291 ἔλαϐε
2726 5236 2797 5290 τὰ
2840 5235 2915 5308 μὴ
2942 5236 3075 5290 ὄντα
3112 5235 3301 5288 αὑτοῦ.
3346 5233 3491 5302 Ἐγὼ
3539 5232 3597 5286 δὲ
3620 5226 3819 5285 ἀκούσας

2283 5330 2461 5395 τοῦτο,
2505 5328 2729 5400 πέμψας
2764 5324 2919 5381 εἷπον
2944 5327 3123 5397 αὐτῷ·
3152 5323 3332 5392 Οἶδας,
3368 5324 3569 5393 ἀδελφέ
3613 5317 3797 5393 μωνὸτ

2284 5422 2375 5476 διὰ
2418 5422 2595 5486 τοῦτο,
2632 5421 2892 5491 κτώμεθα
2933 5419 3152 5491 βιϐλία.
3185 5420 3273 5474 ἱνα
3304 5416 3569 5489 μάθωμεν
3593 5414 3651 5480 ἐξ
3683 5406 3828 5465 αὐτῶν

2284 5515 2531 5584 ἀγάπην,
2559 5514 2907 5580 ταπείνωσιν,
2929 5513 3236 5584 πραότητα,
3260 5512 3507 5583 εἰρήνην·
3534 5510 3581 5563 εί
3598 5508 3651 5561 δὲ
3674 5498 3823 5575 ἡάρχὴ

2288 5608 2388 5677 τῆς
2417 5607 2667 5676 κτήσεως
2695 5605 2810 5659 τῶν
2834 5604 3060 5676 βιϐλίων
3095 5604 3243 5675 μάχη
3271 5606 3445 5666 ἐστὶν,
3472 5601 3537 5655 οὑ
3572 5596 3698 5653 θέλω
3721 5590 3822 5659 κτή-

2291 5697 2491 5753 σασθαι
2535 5696 2777 5766 βιϐλίον·
2820 5696 2915 5749 καὶ
2949 5695 3114 5765 μόνον
3164 5694 3239 5765 μὴ
3280 5693 3633 5763 μαχήσομαι·
3676 5681 3825 5737 δοῦλον

2290 5789 2399 5861 γὰρ
2429 5788 2718 5859 Κυρίου-οὺ
2745 5789 2827 5843 δεῖ
2850 5787 3141 5858 μᾶχεσθαι.
3175 5785 3304 5840 ’1δοὺ
3324 5780 3421 5839 οὖν
3452 5774 3821 5851 καταφρονήσας
