3998 6414
176 406 310 474 3697

1618 418 1993 492 ALLOQUIA
2006 469 2020 486 .

3306 432 3440 500 1698

169 523 265 575 τοῦ
308 520 548 594 βιϐλίου,
598 523 829 596 ἐποίησα
871 524 949 596 μὴ
996 523 1277 589 παντελῶς
1322 526 1618 599 όχληθῆναι
1662 531 1744 585 τὸν

1859 534 2257 597 humilitatem,
2323 537 2831 603 mansuetudinem,
2889 554 3097 609 pacem.
3150 541 3208 597 Si
3259 556 3438 602 autem

168 614 419 684 ἀδελφόν.

1857 625 2071 677 initium
2122 628 2485 695 possessionis
2528 627 2834 683 libellorum
2869 632 2988 686 rixa
3037 641 3120 687 est
3150 634 3295 704 :jam
3343 652 3440 692 eos

165 708 294 763 nolo
337 708 577 763 habere:
612 725 720 776 quo
748 709 829 764 sie
875 709 1039 763 vilem
1070 708 1286 764 rixandi
1334 713 1746 769 necessitatem.
1827 717 2057 771 Servmn
2127 722 2326 790 quippe
2359 722 2568 777 Domini
2604 724 2769 780 rixari
2823 741 2927 780 non
2980 732 3256 787 convenit.
3295 731 3440 787 Con-

168 813 365 873 tempta
393 804 574 872 igitur,
606 814 663 859 et
698 805 917 874 insuper
952 805 1135 859 habita
1174 806 1295 860 libri
1319 806 1555 876 jactura,
1589 810 1742 864 ell'eci
1786 827 1851 866 ne
1883 815 2143 869 molestia:
2171 818 2464 886 quidquam
2495 819 2857 875 facesseretur
2887 823 2959 875 illi
2996 823 3174 879 fratri.

238 896 339 949 Il".
405 896 517 949 Καὶ
559 894 745 965 ἔλεγεν
791 898 820 949 6
872 897 1071 963 αὐτὸς,
1122 898 1205 950 ὃτι
1271 897 1552 969 Ἀκηκοὼς
1601 902 1757 971 παρά

165 1000 313 1048 τινος
336 985 622 1055 ἀγαπητοῦ
656 1003 746 1055 μοι
782 986 1039 1055 μοναχοῦ,
1071 986 1152 1039 ὅτι
1186 986 1309 1057 ἔσχε
1342 987 1463 1041 τινὰ
1506 989 1756 1043 διάκονον

165 1077 453 1148 ἀγαπητὸν
492 1077 593 1147 τῆς
636 1077 843 1147 λαύρας
892 1077 987 1129 τοῦ
1034 1077 1184 1131 άϐϐἄ
1243 1078 1555 1149 Γερασίμου
1595 1097 1612 1111 ·
1659 1082 1757 1133 καὶ

164 1170 265 1223 οὐκ
285 1165 405 1222 οἴδα
436 1168 597 1221 πόθεν
625 1168 782 1238 ἔσχεν
814 1170 895 1231 εἰς
921 1169 1021 1238 ἐμὲ
1048 1168 1303 1222 ὑπόνοιαν
1332 1170 1459 1238 περὶ
1495 1172 1753 1242 πράγμα-

163 1282 255 1327 τος
270 1264 528 1332 φέροντος
551 1263 699 1333 αὐτῷ
712 1264 910 1331 λύπην,
939 1264 1033 1316 καὶ
1054 1261 1257 1333 ἤρξατο
1285 1262 1604 1331 στυγνάζειν
1633 1283 1746 1334 μοι.

173 1355 322 1407 Ἰδὼν
337 1354 498 1408 αὐτὸν
524 1353 635 1422 ἐγὼ
664 1356 908 1418 στυγνὸν,
933 1353 1194 1422 ἠρώτησα
1216 1352 1408 1423 μαθεῖν
1428 1354 1529 1423 τὴν
1548 1353 1747 1407 αἰτίανο

164 1447 255 1500 καὶ
283 1446 434 1515 λέγει
471 1462 581 1515 μοι,
611 1445 692 1497 ὅτι
722 1444 854 1497 Τόδε
877 1444 938 1497 τὸ
965 1444 1197 1514 πρᾶγμα
1237 1443 1521 1513 ἐποίησας’
1555 1442 1665 1511 ἐγὼ
1692 1444 1747 1496 δὲ

165 1539 241 1608 μὴ
300 1537 559 1600 συνειδὼς
613 1537 856 1606 ἐμαυτὸν
901 1536 1142 1588 τοιοῦτον
1211 1537 1444 1606 πρᾶγμα
1492 1536 1746 1604 ποιῆσαι,

162 1628 421 1701 ἠρξάμην
453 1631 816 1699 πληροφορείν
841 1628 1023 1680 αὐτόν.
1050 1628 1156 1680 Καὶ
1191 1627 1340 1694 λέγει
1376 1642 1490 1698 μοι·
1525 1626 1750 1698 Συγχώ-

1932 907 2067 962 ΧΙΙΙ.
2115 910 2406 964 Referebat
2448 922 2501 964 ct
2537 912 2638 965 huc
2674 912 2812 965 idem
2844 914 3087 970 Zmimas
3121 936 3135 971 :
3167 918 3360 973 Audivi
3406 936 3439 976 e

1858 1000 2091 1067 quodam
2135 1002 2265 1053 mihi
2299 1002 2498 1055 dilecto
2535 1004 2824 1071 monacho,
2878 1022 2999 1060 cum
3033 1008 3238 1063 diceret
3266 1026 3280 1063 :
3314 1009 3438 1065 Fuit

1860 1092 1988 1144 mihi
2019 1108 2144 1145 usus
2168 1092 2451 1147 familiaris
2483 1084 2735 1149 amicitiae
2770 1113 2893 1149 cum
2922 1100 3150 1152 diacono
3180 1102 3435 1170 quopiam

1858 1182 2022 1236 Iaurae
2056 1186 2268 1238 abbatis
2302 1186 2571 1253 Gerasimi
2605 1202 2618 1240 :
2653 1188 2738 1241 cui
2797 1191 3009 1255 oborta,
3047 1193 3231 1246 nescio
3271 1193 3434 1259 unde,

1858 1277 2092 1340 SttSpICIO
2117 1288 2306 1330 contra
2341 1292 2427 1332 me
2460 1287 2565 1344 est,
2601 1281 2753 1349 quasi
2779 1282 3033 1347 quiddam
3066 1285 3294 1351 egissem
3327 1286 3430 1355 ipsi

1860 1364 2140 1418 molestum
2172 1384 2184 1417 :
2213 1370 2353 1420 unde
2397 1369 2563 1436 coepit
2600 1371 2921 1425 contrahere
2955 1373 3007 1425 in
3055 1376 3159 1428 mei
3204 1390 3434 1432 occursu

1853 1455 2107 1520 frontem,
2162 1457 2363 1511 vultum
2409 1459 2672 1513 exhibens
2726 1462 2923 1517 minaci
2981 1464 3201 1519 tristitia
3260 1469 3434 1522 turbi-

1847 1546 1994 1599 dum.
2025 1548 2079 1600 Id
2109 1547 2546 1603 auimadvertens
2584 1550 2725 1604 ttltro
2758 1553 3084 1624 interrogavi
3120 1558 3419 1622 hominem.

1848 1652 1942 1689 cur
1980 1652 2063 1690 me
2088 1637 2161 1691 ita
2200 1649 2350 1691 torve
2395 1640 2737 1695 intueretur?
2764 1642 2962 1698 Fassus
2983 1647 3170 1702 statim
3201 1663 3421 1704 causam

164 1720 334 1791 ρησόν
361 1738 473 1791 μοι’
497 1721 557 1773 οὐ
584 1720 1054 1792 πληροφοροῦμαι.
1098 1720 1489 1790 Ἀναχωρήσας
1516 1716 1611 1773 οὖν
1636 1718 1744 1787 ἐγὼ

1849 1736 1953 1792 cst,
1988 1730 2140 1782 aiens
2172 1730 2445 1798 quidpiam
2483 1746 2511 1783 a
2560 1748 2642 1786 me
2675 1744 2865 1787 contra
2917 1751 2976 1789 se
3011 1736 3238 1805 factum,
3281 1741 3434 1808 cujus

159 1817 242 1877 είς
291 1813 356 1867 τὸ
395 1813 610 1867 κελλίον
657 1829 757 1882 μου
779 1853 793 1875 ,
839 1811 1097 1881 ἠρξάμην
1127 1812 1357 1889 ἐρευνᾷν
1384 1811 1484 1881 την
1518 1810 1744 1882 καρδίαν

1851 1820 1993 1872 nulla
2040 1822 2170 1873 mihi
2219 1837 2349 1874 sane
2382 1824 2639 1877 memoria
2675 1827 2756 1879 vel
2793 1828 3125 1883 conscientia
3170 1839 3426 1887 restaret.

163 1925 267 1975 μου
290 1945 306 1968 ,
339 1906 395 1958 ει
436 1903 677 1958 τοιοῦτον
725 1904 985 1974 πέπραχα
1020 1904 1272 1974 πρᾶγμα’
1311 1901 1406 1954 καὶ
1453 1902 1551 1971 οὐχ
1599 1902 1744 1972 εὔρι-

1849 1910 2033 1978 Itaquc
2078 1912 2260 1966 multis
2305 1913 2484 1968 verbis
2539 1916 2757 1971 incubui
2806 1919 2870 1971 ad
2922 1934 3095 1973 meam
3138 1921 3212 1975 illi
3261 1938 3289 1975 a
3340 1925 3431 1977 tali

161 2015 315 2052 σκον.
342 1997 536 2050 Βλέπω
564 1993 658 2050 οὖν
698 1996 863 2049 αὐτὸν
900 1996 1201 2066 κατέχοντα
1240 1995 1501 2064 ποτήριον
1543 1994 1638 2046 καλ¹
1665 1994 1744 2045 δι-

1849 2004 2067 2071 quidem
2091 2003 2245 2073 culpa
2267 2006 2632 2059 innocentiam
2660 2011 3109 2075 persuadendam.
3140 2012 3243 2066 Sed
3267 2017 3431 2069 surdo

153 2090 362 2144 δόντα·
412 2090 506 2143 καὶ
554 2088 770 2157 ὤμνυον
805 2086 957 2156 αὐτῷ
1001 2088 1060 2138 ὲν
1105 2084 1257 2155 αὐτῷ
1295 2086 1377 2137 ὅτι
1418 2085 1480 2137 οὐ
1530 2086 1746 2139 σύνοιδα

160 2177 405 2248 ἐμαυτὸν
436 2176 651 2231 τοιοῦτο
690 2178 935 2247 ποιῆσαι.
970 2176 1084 2230 Οὐκ
1131 2175 1379 2244 ἐπείσθη.
1422 2175 1623 2228 Ἐλθὼν
1653 2171 1748 2229 οὖν

159 2271 329 2325 πάλιν
359 2273 439 2333 είς
470 2269 726 2341 ἐμαυτὸν,
762 2269 857 2322 καῖ⁵
890 2268 1152 2339 μνησθεὶς
1198 2266 1307 2319 τῶν
1337 2267 1510 2336 λόγων
1542 2266 1749 2320 τούτων

155 2364 266 2416 τῶν
285 2362 477 2431 ἁγίων,
513 2361 606 2415 καὶ
630 2360 929 2423 πιστεύσας
953 2362 1153 2422 αὐτοῖς,
1186 2358 1402 2428 στρέφω
1434 2358 1628 2429 μικρὸν
1656 2358 1747 2412 τὸν

155 2454 421 2524 λογισμόν
454 2471 579 2524 μου,
614 2454 708 2507 καὶ
725 2454 867 2520 λέγω
894 2451 1136 2522 ὲμαυτιῖν
1153 2452 1212 2504 '0
1236 2452 1478 2514 διάκονος
1509 2449 1747 2519 γνησίως

154 2549 353 2618 ἀγαπᾷ
394 2563 482 2617 με·
516 2546 611 2599 καὶ
642 2545 700 2611 ἐξ
742 2546 963 2614 ἀγάπης
993 2545 1305 2615 κινούμενος
1333 2543 1614 2615 ἐθάρῤησέ
1653 2560 1743 2613 μοι

152 2638 183 2692 ὃ
210 2638 364 2711 εἶχεν
391 2642 425 2707 ἡ
455 2639 652 2708 καρδία
684 2637 850 2689 αὑτοῦ
881 2638 1009 2706 περὶ
1034 2637 1169 2706 ἐμοῦ
1194 2676 1208 2700 ,
1240 2637 1325 2689 ἵνα
1354 2635 1507 2706 νήψω
1532 2637 1625 2688 καὶ
1648 2636 1745 2687 τοῦ

154 2730 352 2785 λοιποῦ
397 2728 654 2799 φυλάξω,
693 2728 786 2780 καὶ
834 2729 909 2798 μὴ
959 2729 1170 2798 ποιήσω
1213 2728 1367 2780 αὑτὰ
1418 2727 1559 2798 πλὴν
1598 2726 1744 2798 ψυχὴ

155 2821 358 2887 ἀθλία,
385 2819 572 2890 ἐπειδὴ
598 2818 798 2888 λέγεις,
856 2820 937 2870 ὅτι
973 2820 1084 2871 Ούκ
1129 2820 1360 2889 ἐποίησα
1424 2818 1484 2870 τὸ
1514 2819 1745 2888 πρᾶγμα

152 2913 340 2967 τοῦτο·
391 2913 563 2983 μυρία
609 2911 757 2965 κακὰ
814 2911 1129 2981 πέπρακταί
1181 2928 1302 2973 σοι,
1346 2912 1439 2964 καὶ
1478 2910 1742 2964 ἐπελάθου

154 3007 361 3060 αὐτῶν
405 3004 508 3058 ποῦ
550 3008 689 3057 εἰσιν
721 3003 757 3057 ἆ
785 3003 1050 3073 ἐποίησας
1084 3003 1211 3072 χθὲς
1239 3003 1272 3073 ἦ
1302 3004 1408 3074 πρὸ
1442 3003 1577 3055 δέκα
1606 3005 1745 3073 ἡμε-

157 3095 306 3165 ρῶν;
347 3097 618 3165 μέμνησαι
654 3093 866 3159 αύτῶν;
899 3093 1107 3145 Οὐκοῦν
1136 3095 1229 3146 καὶ
1257 3093 1415 3145 τοῦτο
1456 3094 1740 3162 ἐποίησας,

1849 2094 2056 2158 cecini;
2111 2110 2232 2147 nam
2281 2110 2375 2148 sua
2426 2110 2486 2150 se
2538 2097 2818 2153 involvens
2878 2101 3099 2155 tristitia
3130 2120 3144 2154 :
3174 2102 3426 2172 Ignosce,

1849 2185 2111 2252 reposuit,
2150 2184 2306 2240 fidem
2336 2201 2441 2240 non
2475 2186 2630 2242 facis.
2662 2187 2963 2257 Regressus
2991 2191 3117 2246 hinc
3163 2193 3218 2246 in
3251 2211 3426 2248 meant

1848 2272 2095 2326 cellulam
2146 2274 2266 2327 dedi
2320 2290 2406 2329 me
2436 2274 2501 2328 ad
2551 2276 3032 2345 introspiciendqu
3079 2282 3291 2349 penitus
3336 2298 3430 2337 cur

1849 2379 2050 2430 memu,
2082 2374 2137 2418 et
2181 2366 2329 2420 nullo
2360 2367 2429 2419 ibi
2461 2367 2688 2435 veStigio
2722 2369 2844 2423 talis
2888 2387 2915 2422 a
2960 2386 3044 2425 me
3085 2373 3315 2428 consciti
3344 2390 3433 2429 re-

1850 2460 2001 2520 perto
2032 2450 2312 2518 facinoris,
2352 2442 2526 2509 factus
2564 2458 2827 2521 securior,
2879 2474 3000 2513 cum
3046 2462 3208 2515 istmu
3243 2463 3429 2518 diaco-

1849 2556 1977 2593 num
2006 2542 2243 2595 viderem
2280 2552 2550 2598 tenentem
2591 2546 2811 2599 calicem
2847 2562 3003 2616 quem
3056 2550 3425 2617 ministrabat,

1841 2630 2017 2700 juravi
2047 2648 2142 2701 per
2170 2633 2316 2686 illum
2363 2636 2504 2687 haud
2533 2650 2654 2689 esse
2695 2640 2824 2691 mihi
2859 2655 2942 2693 me
2991 2644 3267 2696 conscium
3311 2645 3429 2713 ejus

1846 2723 1989 2791 quod
2042 2723 2348 2792 objectabat
2393 2725 2542 2778 facti.
2587 2723 2666 2778 Ne
2707 2736 2816 2779 tum
2860 2729 3078 2798 quidem
3123 2733 3427 2802 acquievit,

1849 2825 2028 2869 motus
2052 2832 2183 2885 ergo
2213 2826 2457 2870 revertor
2481 2816 2547 2870 ad
2585 2833 2668 2871 me
2705 2819 2899 2885 ipsum,
2926 2835 3135 2875 memor
3164 2828 3419 2894 pnecepti

1840 2905 2082 2973 jubentis
2137 2909 2474 2962 reconciliari
2538 2910 2691 2962 fratri
2746 2910 2965 2965 habenti
3010 2912 3212 2982 aliquid
3242 2918 3429 2970 adver-

1847 3011 1965 3051 sum
2005 3012 2102 3050 nos
2146 3016 2159 3051 :
2192 2999 2349 3050 aliam
2386 3000 2513 3053 iuivi
2564 3000 2638 3054 rei
2666 3000 2784 3068 ejus
2817 3005 3083 3058 tentanda:
3130 3006 3421 3073 rationem,

1847 3100 2029 3160 partes
2058 3090 2248 3144 effetisi
2286 3101 2471 3145 contra
2506 3093 2769 3162 meipsum
2802 3110 3023 3150 smneus
3047 3136 3062 3161 ,
3098 3099 3285 3167 sicque
3323 3115 3430 3153 me-

152 3188 231 3251 ὡς
256 3189 465 3249 ἐκεῖνα,
493 3188 588 3239 καὶ
615 3184 806 3248 ἔλαθες
847 3185 923 3248 ὡς
955 3187 1050 3239 καὶ
1087 3185 1156 3239 τὰ
1179 3185 1399 3253 πρῶτα·
1444 3185 1541 3239 καὶ
1572 3185 1744 3257 ἠρξά-

1849 3198 1971 3235 cum
2017 3191 2313 3250 reputans:
2352 3182 2620 3238 Diacouus
2665 3184 2767 3239 iste
2814 3196 2961 3241 amat
3000 3204 3105 3251 me,
3148 3199 3202 3242 et
3247 3201 3429 3245 motus

157 3297 272 3350 μην
300 3280 644 3349 εὐχαριστεῖν
685 3277 763 3348 τῷ
800 3277 920 3346 Θεῷ
944 3318 959 3342 ,
1008 3277 1103 3330 καὶ
1150 3276 1228 3347 τῷ
1262 3276 1494 3346 διακόνῳ
1515 3316 1529 3341 ,
1561 3277 1643 3329 ὃτι
1671 3277 1738 3329 δι’

154 3372 331 3426 αὑτοῦ
351 3371 553 3440 ἠξίωσέ
589 3388 655 3442 με
678 3371 810 3434 Θεὸς
834 3369 1134 3438 ἐπιγνῶναι
1164 3371 1229 3422 τὸ
1262 3369 1483 3439 σφάλμα
1516 3386 1617 3439 μου
1648 3369 1742 3421 καὶ

156 3462 495 3531 μετανοῆσαι
543 3461 673 3530 περὶ
711 3458 899 3512 αὑτοῦ.
934 3457 1197 3520 Ἀναστὰς
1242 3454 1336 3511 οὖν
1384 3458 1441 3511 ὲν
1480 3456 1739 3521 τοιούτοις

153 3554 469 3623 λογισμοῖς,
498 3548 661 3623 ἦλθον
700 3551 1031 3620 μετανοῆσαι
1067 3549 1145 3619 τῷ
1175 3549 1427 3618 διακόνῳ,
1457 3549 1554 3601 καὶ
1577 3550 1745 3619 εὐχαο

154 3645 423 3718 ριστῆσαι
453 3646 621 3717 αὐτῷ·
647 3646 743 3699 καὶ
761 3644 998 3715 έκρουσα
1029 3645 1112 3706 εἰς
1135 3644 1232 3713 τὴν
1263 3643 1454 3715 θύραν
1488 3643 1587 3695 καὶ
1608 3641 1744 3695 ἀνοί-

154 3736 259 3802 ξας
292 3737 477 3807 βάλλει
524 3753 615 3807 μοι
646 3736 938 3805 μετάνοιαν
962 3735 1176 3805 πρῶτος
1216 3733 1408 3801 λέγων’
1447 3734 1745 3803 Συγχώρη-

154 3832 254 3884 σόν
287 3846 376 3901 μοι
400 3831 482 3885 ὃτι
505 3829 610 3881 ὑπὸ
624 3828 894 3899 δαιμόνων
925 3826 1258 3897 ὲχλευάσθην
1279 3825 1582 3896 ὑπονοήσας
1608 3825 1745 3895 περὶ

154 3918 262 3974 σοῦ
293 3919 374 3982 είς
399 3918 460 3972 τὸ
492 3919 726 3988 πρᾶγμα
786 3918 991 3970 έκεῖνο·
1034 3917 1093 3968 ὲν
1120 3914 1347 3985 ἀληθείᾳ
1375 3913 1482 3984 γὰρ
1508 3914 1743 3985 ἐπληρο-

153 4008 373 4081 φόρησέ
413 4025 505 4078 μοι
548 4010 577 4061 6
612 4006 765 4073 Θεὸς,
796 4007 877 4059 ὅτι
907 4006 1006 4059 οὐκ
1033 4005 1175 4076 ἔχεις
1208 4008 1461 4077 πρᾶγμα·
1495 4006 1590 4058 καὶ
1622 4004 1743 4057 οὑδὲ

152 4101 345 4171 ἀφῆκέ
395 4116 465 4171 με
505 4098 921 4170 πληροφορῆσαι
978 4098 1162 4161 αὐτὸν,
1206 4096 1410 4165 λέγων·
1459 4097 1574 4149 Οὐκ
1623 4094 1740 4148 ἔστι

154 4194 342 4266 χρεία.
384 4192 494 4247 Καὶ
526 4191 713 4259 ἔλεγεν
747 4190 777 4242 6
830 4188 1119 4260 μακάριος·
1177 4188 1311 4242 Ἰδοὺ
1347 4190 1381 4259 ή
1413 4188 1613 4257 γνησία
1643 4204 1741 4240 τα-

153 4286 424 4348 πείνωσις
471 4283 587 4347 πῶς
634 4281 852 4352 διέθηκε
888 4281 985 4353 τὴν
1029 4280 1260 4352 καρδίαν
1312 4280 1409 4334 τοῦ
1452 4278 1745 4341 ποθοῦντος

153 4375 355 4443 αὑτήν.
389 4374 494 4427 Σὺν
525 4371 700 4443 τούτῳ
722 4371 781 4426 δὲ
808 4371 1085 4442 ἐμέμνητο
1116 4370 1210 4423 καὶ
1240 4368 1335 4422 τοῦ
1367 4370 1620 4440 γέροντος
1646 4367 1743 4421 τοῦ

154 4466 536 4536 κλεπτομένου
584 4463 692 4517 ὑπὸ
720 4463 815 4515 τοῦ
844 4460 1189 4531 γειτνιῶντος
1222 4459 1404 4521 αὑτὸν,
1458 4460 1541 4513 ὅτι
1587 4457 1745 4520 εἰδὼς

1848 3275 2114 3327 charitate
2146 3274 2394 3327 ﬁduciam
2424 3278 2654 3343 sumpsit
2676 3276 2982 3332 eliuudendi
3023 3296 3118 3333 cor
3143 3297 3299 3336 suuut
3331 3300 3426 3336 ac-

1842 3365 2084 3419 cusando
2116 3368 2258 3433 quod
2294 3381 2323 3419 a
2373 3382 2455 3420 me
2491 3381 2771 3435 perperqu
2817 3380 2994 3421 actum
3046 3371 3313 3438 queritur.
3369 3374 3424 3426 Si

1843 3454 2073 3519 Sapiam,
2123 3454 2327 3507 cavebo
2377 3470 2443 3509 ue
2479 3455 2717 3509 ulteriori
2748 3460 3148 3525 perseverantia
3194 3466 3423 3528 negandi

1844 3544 2031 3599 oll‘ensi
2063 3546 2417 3614 pertinaciam
2453 3546 2683 3602 irritem.
2730 3548 2921 3603 Vitabu
2959 3550 3010 3602 id
3050 3563 3312 3620 quantqu
3367 3556 3418 3607 in

1846 3650 1931 3688 me
1958 3635 2097 3701 erit;
2122 3645 2197 3698 et,
2226 3634 2270 3689 si
2296 3649 2538 3703 possum,
2567 3636 2621 3690 in
2651 3636 2769 3703 ejus
2800 3640 3126 3692 sententiam
3157 3643 3417 3698 transibo.

1844 3725 1983 3791 Quid
2016 3726 2292 3779 enimvero
2324 3735 2537 3799 tantum
2568 3726 2760 3782 niteris
2791 3731 3098 3783 testimonio
3136 3735 3425 3788 conscien-

1847 3818 1935 3871 tize
1979 3816 2160 3871 anima
2218 3832 2337 3872 mea
2375 3804 2573 3873 misera
2601 3856 2619 3884 ,
2666 3822 2810 3889 quod
2847 3821 3030 3890 lapsus
3074 3821 3212 3877 forte
3250 3826 3429 3893 potius

1845 3920 1929 3963 est
1977 3910 2292 3963 memoriat?
2322 3910 2605 3965 Innumera
2634 3914 2956 3982 perpetrasti
3002 3916 3142 3968 mala
3187 3931 3422 3985 quorum

1845 4014 1904 4053 es
1944 3999 2187 4053 funditus
2229 3999 2433 4054 oblita.
2491 3999 2743 4057 Fortasse
2774 4004 2919 4058 ismd
2963 4019 3178 4073 quoque
3207 4005 3423 4072 feceris,

1846 4091 1939 4145 sed
1980 4100 2032 4145 te
2078 4089 2194 4159 ejus
2237 4092 2540 4145 recordatio
2586 4094 2803 4162 fugerit.
2840 4096 2916 4148 Ac
2967 4096 3255 4164 quiescens
3297 4099 3423 4153 huic

1845 4184 2026 4238 sensui
2056 4183 2173 4250 cepi
2219 4191 2273 4236 et
2306 4181 2416 4235 Deo
2459 4193 2515 4237 et
2564 4184 2812 4238 ministro
2841 4187 3044 4253 gratias
3074 4202 3256 4257 agere,
3289 4205 3425 4258 quo-

1847 4274 1989 4328 niam
2028 4283 2156 4327 uutu
2192 4272 2353 4338 illius,
2393 4272 2554 4340 lmjus
2582 4288 2766 4341 opera,
2801 4276 2947 4329 velut
2987 4281 3417 4347 supplementum

1846 4368 2205 4420 adhibebatur
2229 4367 2411 4420 oblita!
2437 4367 2788 4422 conscientiae
2824 4370 2892 4424 ad
2934 4371 3147 4441 culpam
3184 4373 3422 4442 ignotam

1846 4458 2069 4513 salutari
2102 4458 2386 4511 eluendam
2429 4458 2777 4525 ptenitetttia.
2816 4458 3010 4513 Plenus
3036 4475 3102 4514 eo
3134 4476 3297 4517 sensu
3334 4480 3424 4517 ac-

152 4559 263 4612 οὺκ
291 4556 522 4628 ἡλεγξεν
545 4550 707 4609 αὐτόν
736 4570 869 4607 ποτε
894 4569 908 4582 ⁵
935 4551 1072 4606 ἀλλὰ
1098 4551 1195 4605 καὶ
1226 4550 1613 4623 περισσότερον
1638 4551 1744 4621 είρ-

1855 4550 1995 4603 cessi
2034 4552 2100 4601 ad
2137 4548 2332 4602 cellam
2361 4547 2588 4613 famuli;
2628 4558 2683 4602 at
2711 4549 2919 4617 pulsato
2958 4553 3120 4617 ostio,
3168 4568 3293 4606 cum
3334 4554 3424 4609 ille

155 4648 402 4717 γάζετο,
442 4644 537 4699 καί
582 4659 735 4714 φησι’
788 4644 944 4712 Τάχα
987 4643 1179 4712 χρείαν
1227 4641 1341 4710 ἔχει
1390 4642 1418 4693 ὁ
1466 4640 1734 4709 άδελφὸςο

166 4737 485 4809 Ἐθαύμαζε
517 4736 587 4789 τὰ
617 4735 900 4805 σπλάγχνα
932 4732 1042 4786 τῶν
1074 4732 1247 4800 ἁγίων
1289 4733 1385 4785 καὶ
1442 4731 1742 4800 διηγήυατο

152 4832 360 4900 λέγων,
388 4830 470 4883 ὅτι
500 4828 637 4881 Ποτὲ
670 4828 960 4896 γενόμενος
993 4826 1051 4877 ὲν
1100 4827 1165 4895 τῇ
1203 4823 1413 4876 πεδιάδι
1443 4822 1742 4892 διηγήσατό

158 4923 259 4995 μοί
291 4939 375 4985 τις
401 4920 510 4974 τῶν
542 4917 882 4989 ἡγουμένων,
914 4916 996 4970 ὅτι
1032 4917 1264 4986 Ἐμενεν
1295 4915 1461 4983 ἐγγὺς
1494 4914 1588 4966 τοῦ
1624 4930 1741 4966 κοι-

154 5014 345 5071 νοϐίου
372 5013 529 5084 ἡμῶν
560 5011 740 5082 γέρων
783 5025 886 5073 τιςο
932 5004 1001 5080 ἦν
1053 5007 1111 5061 δὲ
1146 5008 1507 5077 ἀγαθωτατης
1540 5005 1739 5075 ψυχῆς*

154 5105 469 5176 ἑγειτνίαζε
522 5105 579 5158 δὲ
628 5102 874 5172 ἀδελφός
922 5101 1017 5153 καὶ
1066 5100 1301 5161 ἀπόντος
1342 5097 1437 5151 τοῦ
1491 5096 1744 5166 γέροντος

155 5198 413 5269 ἐγερθεὶς
454 5200 483 5250 6
515 5196 742 5265 ἁδελφὸς
787 5194 966 5266 ἤνοιξε
1023 5193 1120 5265 τὴν
1149 5191 1345 5244 κέλλαν
1394 5189 1561 5242 αὐτοῦ
1588 5228 1603 5252 ,
1648 5187 1747 5241 καὶ

154 5289 423 5345 εἰσελθὼν
466 5287 625 5343 ἔλαθε
649 5287 721 5340 τὰ
770 5285 937 5355 σκεύη
983 5284 1149 5339 αὐτοῦ
1188 5284 1283 5335 καὶ
1309 5281 1379 5335 τὰ
1410 5280 1610 5351 βιϐλία.
1655 5279 1745 5340 Ὦς

152 5380 260 5439 οὖν
283 5378 447 5453 ἦλθεν
471 5381 500 5433 ὁ
534 5380 711 5450 γέρων
742 5378 954 5442 ἀνοίξας
981 5377 1044 5430 τὸ
1075 5374 1303 5439 κελλίον,
1330 5375 1426 5427 καὶ
1460 5372 1534 5443 μὴ
1566 5368 1745 5441 εὑρὼν

155 5480 233 5531 τὰ
267 5477 435 5547 σκεύη
467 5474 658 5536 αὐτοῦ,
700 5469 831 5544 ἦλθε
863 5473 999 5544 πρὸς
1044 5472 1132 5526 τὸν
1170 5470 1396 5539 ἀδελφὸν
1425 5468 1739 5537 ἀναγγεῖλαι

156 5569 336 5639 αὐτῷ·
372 5563 532 5639 εὗρεν
560 5567 744 5636 ἀκμὴν
769 5565 861 5619 οὖν
890 5565 959 5617 τὰ
987 5563 1154 5633 σκεύη
1188 5561 1353 5615 αὐτοῦ
1375 5563 1430 5614 ἐν
1459 5561 1538 5631 τῷ
1570 5559 1738 5629 μέσῳ·

155 5658 320 5713 οὔπω
345 5659 451 5729 γάρ
488 5654 557 5729 ἦν
608 5657 637 5709 6
683 5655 909 5725 ἁδελφὸς
958 5653 1243 5715 συστείλας
1295 5650 1470 5705 αὑτά·
1516 5651 1610 5702 καὶ
1665 5647 1742 5718 μὴ

158 5750 336 5804 Θέλων
391 5751 419 5802 ὁ
458 5749 636 5820 γέρων
688 5743 1048 5813 καταισχῦναι
1095 5742 1256 5795 αὐτὸν
1307 5741 1441 5811 μηδὲ
1489 5738 1741 5807 ἐλέγξαι,

160 5841 606 5913 προσεποιήσατο
659 5838 742 5891 ὅτι
800 5835 984 5899 ἔνυξεν
1031 5834 1221 5887 ἑαυτὸν
1277 5834 1311 5903 ἡ
1359 5832 1591 5901 γαστήρ·
1648 5830 1740 5883 καὶ

1854 4641 2157 4710 aperuisset
2188 4679 2202 4705 ,
2237 4640 2386 4710 prior
2415 4641 2705 4709 prostravit
2739 4657 2800 4697 se
2823 4656 3007 4697 coram
3037 4658 3123 4698 tne
3150 4644 3422 4714 paeniten-

1843 4731 1973 4783 tiam
2001 4728 2301 4798 postulans,
2325 4736 2380 4783 et
2406 4729 2591 4784 dicens
2619 4749 2633 4784 :
2675 4728 2897 4799 Ignosce
2925 4732 3081 4796 mihi,
3110 4735 3364 4802 quoniam
3391 4752 3421 4789 a

1842 4820 2180 4875 danuonibus
2213 4818 2401 4873 illusus
2430 4832 2550 4871 sum
2587 4819 2726 4873 male
2758 4819 3041 4888 suspicans
3066 4820 3133 4874 de
3158 4830 3233 4875 te.
3256 4819 3423 4877 Plane

1844 4911 2139 4979 siquidem,
2188 4910 2527 4963 illuminatus
2550 4909 2659 4976 jam
2709 4926 2741 4963 a
2787 4911 2917 4977 Deo,
2953 4923 3289 4980 perspectam
3326 4912 3422 4967 ha-

1844 5003 1946 5055 beo
1988 5002 2356 5055 innocentiam
2393 5001 2537 5054 circa
2585 5000 2690 5055 hoc
2735 5011 2903 5055 tuam.
2938 5000 3029 5056 Sic
3066 5003 3156 5057 ille
3208 5018 3295 5058 Ine
3320 5018 3423 5058 vo-

1845 5094 2050 5148 lentem
2113 5108 2401 5155 excusare,
2451 5104 2608 5164 prout
2658 5103 2880 5161 paratus
2938 5108 3192 5148 venerant
3243 5097 3424 5151 renuit

1845 5186 2054 5248 audire,
2084 5185 2239 5239 aiens
2266 5200 2400 5255 opus
2428 5200 2530 5239 non
2561 5201 2702 5239 esse.
2734 5185 2912 5253 Super
2940 5185 3028 5239 his
3057 5186 3422 5255 pronuntians

1845 5277 2038 5331 beatus
2082 5276 2329 5331 Zosimas
2364 5277 2500 5330 dixit
2528 5295 2542 5332 :
2571 5277 2646 5330 En
2686 5291 2967 5345 quousque
3017 5275 3249 5345 perpulit
3293 5288 3418 5331 vera

1846 5369 2122 5424 humilitas
2169 5383 2263 5423 cor
2304 5368 2665 5422 desiderantis
2708 5368 2904 5435 ipsam.
2942 5366 3075 5419 Cum
3122 5365 3227 5419 hoc
3268 5362 3473 5420 mem”

1846 5461 2052 5515 tionem
2098 5460 2384 5529 conjunxit
2423 5461 2572 5513 senis
2613 5459 2885 5526 compilati
2940 5473 2971 5511 a
3024 5458 3245 5523 vicino,
3306 5456 3423 5527 ipso

1844 5555 2078 5620 sciente,
2111 5561 2165 5605 et
2207 5566 2312 5606 non
2359 5552 2516 5607 modo
2544 5566 2651 5604 non
2689 5560 2956 5619 querente
2982 5558 3078 5603 aut
3106 5556 3420 5619 accusante,

1844 5645 1940 5700 sed
1976 5655 2036 5699 et
2081 5645 2326 5712 impense
2372 5642 2586 5696 favente
2631 5658 2697 5697 ac
2747 5641 3119 5697 benefaciente
3162 5654 3262 5696 suo
3314 5638 3421 5694 sibi

1847 5733 2133 5789 notissimo
2156 5730 2445 5799 expilatori
2474 5746 2489 5794 ;
2521 5745 2586 5784 eo
2603 5731 2748 5800 quod
2784 5730 2959 5799 ipsum
2987 5742 3255 5785 excusans
3278 5728 3417 5796 apud

1845 5841 1904 5883 se
1942 5825 2306 5895 persuasisset
2335 5822 2461 5888 sibi,
2497 5824 2635 5877 citra
2679 5820 2891 5890 culpam
2940 5821 2992 5875 id
3023 5820 3091 5876 ab
3121 5834 3187 5874 eo
3213 5818 3417 5873 factum
