3998 6414
564 377 700 444 1699

1692 367 1988 428 ZOSIM/E
2015 363 2334 425 ABBATIS
2367 360 2764 434 ALLOQUIA.

3657 349 3771 420 1700

561 493 751 545 ultima
778 487 991 544 scilicet
1024 483 1093 539 ad
1133 483 1186 538 id
1221 482 1470 552 adigente
1502 479 1931 532 necessariorum
1959 476 2024 530 ad
2057 474 2138 528 vi-

2253 471 2491 526 Ξιπελθὼν
2531 472 2745 542 ἔμεινεν
2780 469 2858 531 εἰς
2889 467 2959 522 τὰ
2986 468 3261 537 ἀναγκαῖα
3292 464 3480 536 ἱκανὴν
3507 464 3667 535 ὤραν,
3688 467 3775 530 ἕως

564 591 672 635 tam
714 586 974 646 egestate.
1027 575 1082 628 In
1122 586 1227 642 quo
1280 557 1555 625 admirans
1598 567 1841 622 Zosimas
1891 564 2141 633 exempla

561 680 682 733 quae
710 662 888 717 sancti
925 661 1204 715 dedissent
1231 656 1511 713 visceralis
1560 657 1613 709 in
1646 668 2001 724 quoscunque
2038 653 2141 706 mi-

562 753 888 816 sericordiae,
918 765 1146 806 narrans
1165 749 1437 805 referebat
1463 749 1515 802 in
1544 747 1689 801 hunc
1720 746 1935 799 modum
1961 762 1976 798 :
2006 742 2139 799 Cum

562 861 737 899 essem
792 846 844 897 in
893 843 1295 912 campestribus
1351 840 1594 894 narravit
1652 840 1782 893 mihi
1833 837 2052 907 quidam
2111 852 2142 891 e

564 936 887 1006 prirpositis,
923 936 1203 991 habitasse
1253 947 1421 1002 prope
1478 931 1787 987 cmnobium
1839 930 2013 998 ipsius
2050 943 2142 984 se-

565 1044 686 1081 nem
734 1027 1024 1096 quemdam
1076 1025 1481 1094 benignissimae
1529 1023 1765 1078 animte:
1799 1022 1885 1075 cui
1930 1021 2142 1075 vicinus

566 1118 795 1185 degebat
820 1118 964 1171 alius
999 1115 1190 1169 frater.
1230 1113 1329 1168 llic
1361 1114 1651 1169 instinctus
1678 1126 1708 1165 a
1741 1111 1882 1164 malo
1923 1110 2140 1180 spiritu,

564 1217 778 1276 captato
810 1219 1076 1277 tempore,
1103 1223 1225 1263 cum
1273 1209 1465 1262 aberat
1500 1221 1528 1258 a
1570 1204 1706 1259 cella
1740 1218 1924 1267 senex,
1967 1203 2139 1271 ipsam

567 1302 842 1369 ingressus
893 1310 1087 1353 cuncta
1141 1297 1261 1367 ejus
1315 1312 1438 1349 vasa
1486 1308 1540 1350 et
1597 1294 1763 1349 libros
1813 1292 2141 1363 exportavit.

568 1392 837 1445 lleversus
887 1392 1059 1443 bonus
1095 1405 1283 1453 senex,
1319 1399 1372 1441 et
1409 1388 1684 1441 admirans
1728 1400 1847 1438 eam
1886 1384 2142 1437 exinani-

567 1495 699 1551 tam,
746 1483 984 1536 cucurrit
1026 1481 1090 1533 ad
1152 1481 1410 1543 vicinum,
1466 1493 1578 1531 rem
1638 1476 1711 1531 illi
1756 1490 1857 1546 pro
1901 1474 2140 1529 amicitia

563 1578 1029 1633 coninnicaturus.
1064 1576 1131 1628 At
1157 1588 1285 1628 ecce
1318 1572 1629 1640 ingrediens
1665 1570 1813 1623 videt
1863 1568 1914 1620 in
1961 1568 2139 1621 medio

569 1685 653 1725 res
704 1684 852 1732 suas,
900 1667 1140 1722 nondum
1174 1666 1319 1719 enim
1355 1663 1474 1718 illas
1519 1663 1603 1714 l‘nr
1631 1670 1878 1730 potuerat
1913 1662 1965 1713 in
2015 1674 2144 1728 apo-

568 1763 754 1815 thecas
797 1758 1125 1821 recondere;
1160 1765 1322 1823 atque
1370 1753 1504 1808 adeo
1542 1753 1593 1805 in
1644 1752 1746 1805 hoc
1778 1750 1896 1819 ipso
1936 1750 2147 1804 labora-

2240 555 2303 614 οὗ
2344 560 2597 632 συστείλῃ
2632 560 2661 611 6
2693 556 2919 626 ἁδελφὸς
2961 557 3028 610 ἐκ
3055 557 3151 610 τοῦ
3197 557 3357 628 μέσου
3388 556 3458 609 τὰ
3496 555 3675 625 σκεύη’
3698 556 3776 608 καὶ

2240 652 2416 705 ἐλθὼν
2439 654 2467 704 6
2491 650 2669 719 γέρων
2692 648 2894 719 ἤρξατο
2922 646 3106 701 λαλεῖν
3134 646 3285 716 αὐτῷ
3308 647 3437 715 περὶ
3459 646 3615 698 ἄλλον
3637 646 3779 715 πράγο

2245 759 2433 815 ματος⁹
2476 743 2606 812 περὶ
2645 740 2701 793 δὲ
2733 738 2841 792 τῶν
2873 739 3086 791 σκευῶν
3116 738 3217 791 οὐκ
3245 734 3493 807 ήλεγξεν.
3516 733 3643 787 Μεθ’
3671 736 3779 803 ἡμέ-

2245 847 2345 907 ρας
2369 835 2425 888 δὲ
2451 833 2867 904 ἐγνωρίσϐησαν
2893 831 2965 884 τὰ
3000 830 3169 900 σκεύη
3195 829 3289 883 τοῦ
3309 828 3580 900 γέροντος,
3607 828 3691 879 καὶ
3708 828 3780 879 λα-

2243 929 2429 991 ϐόντες
2456 927 2601 990 τινὲς
2629 925 2791 979 αὑτὸν
2822 924 3014 978 ἔϐαλον
3053 926 3133 987 εἰς
3156 923 3267 993 μὴν
3294 920 3565 990 φυλακὴν,
3603 920 3687 972 τοῦ
3710 919 3779 987 γέ-

2246 1036 2431 1089 ροντος
2465 1019 2540 1088 μὴ
2579 1015 2864 1087 μαθόντος.
2906 1014 3171 1075 Ἀκούσας
3205 1011 3263 1065 δὲ
3306 1011 3436 1081 περὶ
3467 1009 3561 1061 τοῦ
3592 1009 3780 1075 ἀδελφώ

2243 1110 2326 1163 ὅτι
2364 1111 2423 1172 ἐς
2448 1109 2710 1181 εφυλακήν
2735 1110 2905 1172 ἐστιν,
2937 1107 3036 1159 οὐκ
3056 1105 3172 1176 ᾔδει
3216 1104 3315 1174 τὴν
3354 1102 3536 1167 αἰτίαν
3565 1100 3628 1152 δι’
3654 1100 3711 1169 ἦν
3732 1095 3783 1169 ἦν

2244 1205 2323 1266 εἰς
2345 1203 2443 1273 τὴν
2465 1202 2731 1272 φυλακήνο
2758 1200 2872 1254 ἀλλ’
2894 1198 3065 1252 ἐλθὼν
3088 1196 3255 1267 φησὶν
3276 1198 3303 1248 6
3328 1194 3465 1263 ήγού
3474 1210 3645 1263 μενος.
3672 1194 3788 1261 Πρός

2249 1311 2315 1364 με
2379 1292 2716 1356 έπυκνάζετο
2739 1293 2848 1363 γὰρ
2875 1291 3011 1363 πρὸς
3034 1288 3240 1360 ἡμᾶς),
3268 1287 3418 1355 λέγει
3445 1298 3559 1355 μοι’
3593 1283 3786 1351 Ποίησον

2246 1385 2487 1453 ἀγάπην·
2534 1382 2626 1445 δός
2678 1400 2766 1451 μοι
2800 1382 2959 1449 ὀλίγα
2996 1379 3077 1432 ὼὰ
3107 1378 3202 1430 καὶ
3242 1376 3401 1442 ὀλίγα
3449 1372 3676 1440 καθαρά.
3702 1370 3790 1423 Καὶ

2243 1473 2389 1543 λέγω
2422 1472 2591 1544 αὐτῷ·
2625 1474 2849 1535 Πάντως
2877 1473 3024 1542 έχεις
3047 1468 3167 1522 τινὰ
3198 1469 3475 1537 σήμερον;
3509 1463 3662 1530 Λέγει
3689 1479 3785 1530 μοι·

2244 1567 2375 1621 Ναί·
2400 1562 2470 1639 ἦν
2498 1567 2556 1619 δὲ
2587 1565 2768 1619 λαϐὼν
2803 1564 2944 1619 αὐτὰ
2989 1565 3017 1615 6
3059 1561 3239 1632 γέρων
3280 1559 3365 1611 ἶνα
3400 1555 3569 1610 ὲλθὼν
3606 1556 3678 1616 εἰς
3714 1554 3793 1622 τὴν

2246 1659 2516 1730 φυλακὴν,
2565 1660 2774 1729 ποιήσῃ
2806 1656 3157 1727 παράκλησιν
3200 1651 3279 1723 τῷ
3323 1648 3563 1719 ἀδελφῷ.
3617 1649 3695 1709 Ὦς
3721 1644 3793 1699 οὖν

2246 1752 2494 1823 εἰσῆλθεν
2519 1753 2599 1813 εἰς
2625 1751 2722 1822 τὴν
2744 1749 3015 1821 φυλακὴν,
3046 1748 3240 1801 πίπτει
3269 1749 3298 1799 6
3326 1746 3559 1815 ἀδελφὸς
3590 1746 3663 1806 εἰς
3690 1744 3793 1801 τοὺς

567 1852 677 1904 bat.
725 1849 938 1903 Veritus
982 1848 1219 1902 clemens
1273 1860 1438 1901 senex
1482 1860 1604 1899 eum
1655 1844 1859 1912 pudore
1903 1842 2138 1906 allicere,

2253 1844 2415 1907 πόδας
2451 1844 2617 1897 αὑτοῦ
2646 1830 2738 1896 καὶ
2769 1844 2915 1912 λέγει
2940 1841 3108 1912 αὐτῷ·
3138 1843 3237 1893 Δια
3268 1840 3329 1893 σέ
3360 1841 3486 1909 εἰμι
3511 1831 3627 1901 ὦδε,
3658 1835 3791 1888 ἀϐϐἇο

571 1941 723 1995 tinxit
755 1940 971 2011 egregie
1000 1936 1354 1993 dlssimulans
1397 1936 1561 2004 pungi
1613 1934 1885 1989 desiderio
1928 1930 2142 1986 levandi

570 2034 792 2097 ventris,
833 2041 883 2086 et
932 2031 1105 2085 locum
1134 2030 1181 2083 ei
1226 2029 1301 2083 rei
1335 2028 1628 2097 sepositum
1676 2027 1975 2095 ingressus,
2018 2032 2142 2078 tan-

567 2126 656 2176 diu
694 2123 801 2178 illic
821 2123 977 2177 lizesit
1013 2121 1186 2190 quoad
1223 2120 1393 2174 sensit
1417 2118 1620 2173 furtum
1649 2116 1940 2184 omnejam
1970 2132 1998 2170 a
2030 2116 2143 2170 fra-

570 2226 650 2268 tre
679 2214 845 2267 fuisse
882 2212 935 2266 in
963 2212 1198 2266 latebras
1241 2210 1540 2264 conditum.
1572 2206 1727 2263 Tunc
1770 2224 2023 2263 reversus
2056 2223 2144 2263 se-

571 2321 673 2357 nex
706 2306 771 2357 de
804 2303 912 2356 alio
955 2302 1169 2370 negotio
1205 2300 1365 2355 solita
1406 2298 1780 2353 familiaritate
1818 2314 1940 2353 cum
1969 2299 2147 2353 vicino

568 2397 701 2464 egit.
744 2393 856 2447 Non
901 2392 1050 2446 multi
1100 2392 1223 2446 inde
1270 2392 1386 2447 dies
1414 2388 1735 2445 efllnxerant
1771 2407 1891 2443 cum
1924 2390 1990 2444 ab
2024 2389 2146 2446 aliis

570 2487 799 2555 aliisque
824 2484 969 2537 clare
1015 2483 1195 2553 agnita
1222 2484 1275 2536 in
1314 2483 1474 2549 vicini
1516 2481 1649 2536 cella
1686 2482 1834 2535 senis
1862 2496 1987 2535 vasa
2032 2496 2138 2534 mo-

572 2578 764 2623 verunt
813 2570 1073 2638 quosdam
1138 2569 1507 2639 indignatione
1546 2569 1845 2639 justissima
1906 2571 1973 2623 ad
2020 2584 2141 2624 sce-

573 2661 653 2713 lus
681 2660 1024 2715 indicandum
1051 2659 1255 2729 judici;
1289 2660 1381 2730 qui
1419 2660 1593 2714 furem
1625 2660 1967 2715 manifestum
1998 2676 2147 2715 com-

571 2751 827 2818 prehendi
879 2767 943 2805 ac
982 2751 1159 2806 claudi
1193 2766 1413 2806 carcere
1462 2753 1696 2817 curavit,
1744 2768 1875 2807 sene
1925 2768 2146 2822 prorsns

570 2842 761 2897 inscio.
798 2843 977 2911 Fama:
1021 2852 1200 2896 autem
1236 2842 1439 2897 indicio
1484 2842 1718 2912 vulgaris
1761 2844 1986 2898 audiens
2023 2844 2148 2897 atti-

2250 1935 2361 2005 ὲγὼ
2395 1936 2503 2007 γάρ
2536 1939 2654 2007 εἰμι
2679 1936 2708 1988 6
2751 1935 2957 2003 κλέψας
2986 1934 3054 1987 τά
3099 1932 3269 2004 σκεύη
3318 1948 3441 1985 σουο
3478 1930 3591 1985 ἀλλ’
3628 1929 3721 1982 ἰδοὺ
3747 1927 3796 1980 τδ

2253 2028 2459 2099 βιϐλίον
2485 2045 2579 2081 σου
2606 2028 2760 2098 παρὰ
2781 2027 2915 2098 τῷδέ
2949 2028 3087 2091 ἐστι,
3124 2028 3221 2078 καὶ
3242 2026 3304 2078 τὸ
3328 2025 3547 2095 ἱμάτιόν
3570 2040 3655 2075 σου
3675 2022 3798 2089 παρὰ

2232 2116 2410 2188 τῷδε.
2436 2118 2598 2185 Λέγει
2624 2116 2775 2186 αὐτῷ
2805 2118 2834 2169 6
2854 2118 3053 2187 γέρων.
3093 2116 3551 2187 [Ιληροφορηθεξη
3580 2116 3611 2183 ἡ
3637 2112 3799 2182 καρδὲα

2253 2225 2370 2275 σου,
2394 2210 2604 2273 τέκνον,
2635 2208 2696 2261 οὐ
2731 2208 2818 2261 διὰ
2846 2209 3005 2261 τοῦτο
3026 2208 3294 2278 εἰσῆλθον.
3328 2207 3443 2260 οὐδ’
3477 2206 3608 2268 ὅλως
3635 2204 3800 2273 ἔμαθον

2243 2301 2326 2355 ὅτι
2351 2301 2421 2355 δι’
2457 2301 2557 2372 ἐμὲ
2584 2296 2686 2353 ὧδε
2746 2300 2861 2354 ἀλλ’
2887 2300 3127 2363 ἀκούσας
3162 2301 3245 2353 ὅτι
3275 2295 3379 2352 ὦδε
3421 2292 3495 2362 εἴ,
3542 2298 3632 2350 καὶ
3668 2297 3801 2365 λυπη-

2244 2391 2382 2453 Θεὶς,
2417 2390 2671 2460 εἰσῆλθον
2694 2389 2917 2460 ποιῆσαί
2950 2407 3034 2442 σοι
3068 2389 3444 2461 παράκλησιν·
3484 2388 3579 2441 καὶ
3605 2380 3800 2439 ἰδοῦιῖιδε

2243 2482 2313 2535 τὰ
2349 2482 2433 2535 ὠά
2464 2482 2557 2535 καὶ
2605 2482 2674 2535 τὰ
2715 2481 2954 2551 καθαρά·
2998 2481 3093 2535 νῦν
3139 2481 3237 2533 οὖν
3284 2480 3473 2534 πάντα
3502 2478 3697 2548 ποιήσω
3719 2477 3803 2539 ἓως

2246 2568 2308 2627 οὗ
2338 2574 2555 2627 ἐκϐάλω
2603 2591 2662 2626 σε
2708 2575 2773 2626 ὲκ
2809 2573 2908 2642 τῆς
2933 2573 3199 2643 φυλακῆς.
3252 2572 3364 2624 Καὶ
3422 2570 3665 2625 ἀπελθὼν
3690 2584 3805 2637 παρ-

2266 2664 2495 2718 εκάλεσέ
2534 2683 2686 2729 τινας
2715 2665 2822 2719 τῶν
2850 2664 3123 2735 μεγάλων·
3150 2660 3219 2734 ἦν
3246 2662 3354 2734 γὰρ
3391 2662 3630 2731 γνωστὸς
3656 2662 3803 2722 αὐτοῖς

2250 2756 2337 2808 διὰ
2358 2756 2456 2826 τὴν
2478 2757 2679 2827 ἀρετὴν
2705 2758 2891 2811 αὐτοῦ’
2920 2756 3018 2811 καὶ
3042 2756 3358 2827 πέμψαντες
3382 2754 3640 2822 ἐξέϐαλον
3665 2751 3797 2806 αὑτὸν

2253 2848 2362 2900 ἀπὸ
2392 2847 2492 2917 τῆς
2522 2848 2793 2917 φυλακῆς.

572 2937 685 2989 neri
734 2936 979 2991 custodia
1061 2936 1325 3002 fratrem,
1372 2937 1440 2991 ob
1486 2952 1710 2993 causam
1754 2938 1994 3006 ignotam
2050 2939 2189 3008 sibi,
2229 2943 2379 2996 venit
2416 2944 2480 2996 ad
2553 2955 2866 2998 narrantem
2915 2943 3031 2997 hac
3072 2936 3209 3013 ipsa'
3239 2941 3485 2995 emnobii
3534 2938 3806 3008 praefectum

572 3033 789 3100 quicum
835 3033 1133 3101 provicinia
1177 3048 1336 3088 usum
1390 3034 1618 3088 multum
1670 3034 1906 3089 habebat
1984 3038 2191 3092 crebrae
2228 3040 2642 3106 ventitationis,
2691 3049 2747 3094 et
2794 3041 2933 3095 dixit
2979 3059 2994 3095 :
3049 3038 3159 3094 Fac
3211 3038 3581 3099 charitatem,
3645 3034 3805 3092 Pater;

570 3125 851 3179 commoda
910 3124 1041 3178 mihi
1091 3139 1189 3177 ova
1250 3139 1418 3192 pauca
1462 3134 1511 3178 et
1557 3125 1798 3179 cathara.
1854 3123 2125 3195 Respondi
2189 3144 2289 3197 ego
2350 3131 2586 3200 (dicebat
2640 3131 3017 3185 cmnobiarcha
3060 3145 3284 3184 narrare
3342 3126 3809 3200 pergens):ﬂabcs

574 3232 767 3284 ιιθιημθ
790 3216 1077 3283 quemdam
1103 3215 1262 3269 ιιοάίθ
1291 3216 1429 3284 3Pnd
1452 3215 1538 3269 l0?
1561 3216 1655 3269 δίο
1686 3227 1792 3282 εει,
1819 3216 1917 3280 aii.
1951 3227 2007 3271 ει
2060 3234 2180 3287 qua:
2215 3220 2473 3289 poscebat
2505 3220 2762 3276 auferens
2828 3221 2961 3275 abiit
2998 3223 3065 3275 ad
3109 3230 3384 3275 carcerem
3420 3231 3564 3274 recta
3596 3219 3807 3274 consola-

574 3317 727 3363 turus
767 3308 987 3360 fratrem
1017 3322 1083 3359 eo
1123 3309 1424 3371 detentum,
1498 3307 1749 3376 Ingresso
1789 3306 1917 3363 illuc
1976 3324 2062 3375 eo,
2102 3312 2334 3379 procidit
2398 3312 2486 3366 fur
2525 3314 2590 3366 ad
2622 3311 2738 3380 ejus
2781 3314 2967 3382 pedes,
3032 3313 3185 3368 aiens
3231 3315 3355 3383 ipsi,
3388 3314 3619 3384 Propter
3653 3324 3700 3367 te
3738 3313 3807 3366 hic

582 3420 727 3472 sum,
765 3405 927 3469 abba,
953 3404 1021 3458 ob
1059 3401 1260 3455 furtum
1293 3416 1319 3453 a
1353 3418 1437 3454 me
1472 3401 1670 3456 factum
1699 3418 1880 3457 rerum
1916 3412 2152 3459 tuarum.
2192 3405 2393 3461 Verum
2463 3417 2521 3463 ut
2543 3423 2635 3464 eas
2667 3408 2844 3476 possis
2907 3422 3248 3476 recuperare,
3282 3424 3349 3463 en
3384 3407 3529 3463 liber
3563 3418 3675 3462 tuus
3692 3405 3807 3473 apud

575 3499 722 3553 illum
753 3509 859 3565 est,
890 3500 1056 3552 vestis
1086 3497 1225 3565 apud
1260 3494 1451 3562 alium,
1484 3511 1620 3565 quos
1686 3498 2021 3553 nominabat.
2066 3497 2192 3553 Haec
2262 3498 2568 3568 loquentem
2624 3498 2987 3568 interpellavit
3025 3514 3213 3563 senex,
3260 3501 3456 3556 dicens
3487 3516 3503 3554 :
3542 3499 3810 3556 Persuasis-

575 3593 773 3648 simum
821 3594 1037 3658 habeto,
1070 3592 1165 3654 fili,
1198 3611 1283 3649 me
1314 3593 1454 3650 haud
1486 3608 1549 3648 ea
1597 3606 1760 3647 causa
1838 3594 1941 3647 huc
1986 3592 2286 3664 ingressum
2317 3612 2331 3648 :
2404 3610 2502 3650 nec
2534 3610 2759 3665 prorsus
2797 3597 3044 3663 scivisse,
3127 3607 3180 3652 te
3239 3600 3310 3652 ob
3353 3613 3447 3652 res
3477 3612 3619 3651 meas
3647 3595 3811 3663 campi

576 3688 716 3741 latas
745 3687 831 3740 hic
864 3686 1057 3742 teneri.
1099 3686 1234 3742 Veni
1270 3699 1451 3741 autem
1513 3695 1572 3740 ut
1602 3686 1917 3741 consolarer
1943 3695 1997 3740 te
2031 3687 2085 3741 in
2149 3688 2440 3743 afflictione
2474 3700 2586 3744 tua.
2655 3691 2835 3758 Quare
2869 3692 2972 3746 hoc
3043 3691 3138 3745 tibi
3185 3707 3216 3746 a
3258 3706 3347 3746 me
3384 3690 3530 3745 habe
3560 3705 3811 3743 munuscu-

576 3779 708 3841 lum,
750 3793 850 3832 ova
887 3786 941 3832 et
993 3779 1252 3844 cathara;
1304 3781 1369 3833 de
1413 3788 1609 3833 caetero
1655 3788 1877 3833 onmem
1926 3781 2154 3835 movebo
2194 3780 2422 3850 lapidem
2461 3797 2569 3852 quo
2597 3792 2648 3837 te
2680 3784 2808 3838 hinc
2875 3784 3176 3838 extraham.
3218 3782 3313 3839 llis
3369 3785 3557 3849 dictis,
3586 3784 3705 3835 adiit
3731 3796 3814 3848 pr.-

579 3882 752 3927 mates
783 3872 924 3927 illius
950 3873 1206 3942 regionis,
1234 3873 1373 3943 apud
1412 3888 1549 3943 quos
1584 3872 1747 3927 multa
1773 3874 1984 3928 valebat
2022 3876 2214 3944 gratia,
2248 3878 2441 3931 merito
2504 3877 2672 3946 ipsius
2736 3878 2949 3934 cunctis
3020 3877 3319 3935 notissimae
3378 3877 3616 3931 virtutis.
3664 3877 3814 3943 Itaque

577 3968 646 4022 ab
674 3969 761 4023 his
799 3967 957 4024 facile
986 3968 1240 4033 obtinuit,
1295 3979 1353 4023 ut
1392 3969 1572 4024 missis
1611 3983 1844 4036 propere
1893 3970 2157 4025 ministris
2197 3971 2423 4025 fratrem
2452 3972 2686 4027 vinculis
2714 3974 2950 4028 solutum
2978 3986 3008 4026 e
3031 3972 3276 4026 custodia
3302 3972 3634 4025 emitterent.

660 4059 805 4119 XIV.
846 4060 950 4114 Alii
983 4062 1049 4115 de
1097 4062 1201 4115 hoc
1252 4062 1440 4115 eodem
1483 4075 1612 4115 sene
1652 4059 1797 4114 aliud
1845 4064 2148 4115 narrabant

2341 4063 2440 4117 IA'.
2482 4063 2776 4133 Διηγοῦντο
2796 4063 2852 4115 δὲ
2881 4064 3041 4116 πάλιν
3073 4062 3205 4133 περὶ
3230 4062 3322 4115 τοῦ
3352 4062 3611 4133 γέροντος
3635 4059 3812 4122 τούτου,

578 4151 784 4222 Nempe
808 4152 983 4222 ipsum
1010 4150 1312 4221 profectum
1342 4152 1637 4220 aliquando
1664 4150 1730 4204 ad
1767 4160 2064 4205 mercatum
2099 4140 2159 4207 u't

581 4245 799 4315 pallium
841 4256 1069 4309 emeret,
1112 4260 1210 4314 pro
1253 4246 1411 4299 modo
1455 4245 1597 4313 pacti
1647 4243 1806 4312 pretii
1850 4259 2015 4297 unum
2059 4260 2157 4298 au-

583 4353 732 4392 reum
753 4338 1000 4392 vendenti
1025 4335 1386 4406 expendisse:
1414 4337 1536 4404 quia
1563 4350 1711 4400 vero,
1736 4334 1804 4388 ad
1828 4336 2153 4405 explendum

582 4431 725 4498 quod
754 4440 1039 4497 supererat
1063 4428 1402 4494 ratiuncula},
1423 4443 1558 4497 opus
1585 4439 1703 4484 erat
1731 4429 1911 4501 aliquo
1932 4443 2159 4484 numero

585 4520 823 4586 pecunia:
851 4520 1090 4586 minutae,
1124 4518 1397 4574 assedisse
1421 4520 1568 4574 illum
1587 4522 1654 4573 ad
1681 4521 2001 4576 mercatoris
2027 4521 2158 4575 aba-

583 4625 729 4675 cum,
770 4610 1047 4678 supposito
1081 4608 1182 4663 sibi
1224 4609 1384 4678 pallio
1421 4610 1533 4679 jam
1575 4621 1778 4681 empto,
1818 4620 1873 4665 et
1908 4612 1989 4666 sic
2036 4627 2159 4666 cru-

585 4714 741 4753 mena
776 4699 1015 4754 resoluta
1052 4699 1240 4755 obolos
1274 4708 1329 4755 et
1355 4701 1684 4770 quadrantes
1709 4701 1987 4757 eduxisse.
2023 4701 2156 4755 Dum

587 4791 641 4843 in
675 4806 740 4845 eo
786 4801 891 4857 est,
924 4790 1061 4846 forte
1093 4806 1388 4847 conversus
1432 4792 1577 4849 videt
1605 4808 1635 4847 a
1684 4803 1835 4865 tergo
1873 4809 1933 4850 se
1973 4794 2161 4848 admo-

587 4893 801 4937 ventem
860 4882 1130 4938 hominem
1183 4882 1276 4952 qui
1323 4882 1611 4938 videbatur
1657 4884 1922 4955 adjecisse
1973 4884 2160 4939 oculos

586 4973 895 5043 cupiditatis
916 4975 983 5028 ad
1008 4973 1250 5043 pallium,
1277 4988 1424 5038 mox,
1447 4983 1505 5029 ut
1533 4975 1851 5044 apparebat,
1866 4987 2160 5031 cenaturus

586 5065 762 5135 ipsum
788 5067 1131 5121 subtrahere.
1166 5063 1345 5120 Subiit
1384 5067 1624 5119 animum
1668 5067 1815 5122 senis
1850 5066 2162 5122 misericor-

586 5160 671 5215 dis
706 5160 1096 5229 benignissima
1137 5160 1416 5228 cogitatio,
1452 5159 1638 5230 Forte,
1686 5174 1869 5215 secum
1904 5161 2154 5227 dicentis,

588 5254 677 5307 hic
721 5252 888 5307 miser
914 5251 1033 5320 plus
1073 5262 1196 5322 eget
1229 5250 1390 5321 pallio
1434 5265 1594 5319 quam
1644 5265 1775 5321 ego;
1822 5251 1941 5307 sine
1983 5256 2158 5322 ipsum

588 5346 692 5401 sibi
723 5344 1027 5400 consulere.
1059 5344 1141 5398 Ab
1173 5345 1274 5398 hoc
1298 5344 1439 5412 apud
1469 5356 1527 5396 se
1562 5350 1791 5409 statuto,
1828 5344 2074 5399 extendit
2100 5357 2160 5399 se

2264 4152 2347 4206 ὅτι
2402 4154 2727 4218 ἀπελθόντος
2778 4155 2911 4207 ποτὲ
2943 4156 3022 4217 εἰς
3073 4154 3278 4225 ἀγορὰν
3310 4154 3585 4225 ἀγοράσαι
3618 4154 3814 4223 ἱμάτιον,

2263 4246 2524 4316 ἠγόρασε·
2561 4246 2657 4299 καὶ
2692 4246 2817 4309 δοὺς
2844 4247 2905 4299 τὸ
2946 4246 3002 4300 ἓν
3032 4247 3277 4320 χρυσίον,
3320 4246 3510 4299 ἔλιπεν
3540 4244 3681 4314 αὑτῷ
3707 4244 3815 4297 dva-

2267 4336 2556 4407 πληρῶσαι
2600 4339 2817 4409 νουμία.
2867 4339 2975 4391 Καὶ
3018 4338 3198 4391 λαϐὼν
3248 4339 3310 4392 τὸ
3356 4340 3607 4408 ἱμάτιον,
3652 4337 3815 4404 ἔθηκεν

2265 4428 2524 4483 ὑποκάτω
2556 4429 2742 4483 αὐτοῦ’
2775 4431 2868 4482 καὶ
2896 4430 2971 4493 ὡς
3027 4432 3248 4501 ἐμέτρει
3281 4431 3465 4511 κέρμα
3510 4432 3589 4493 εἰς
3629 4428 3685 4483 τὸ
3711 4427 3818 4479 πλει-

2265 4518 2407 4585 κίον,
2460 4519 2569 4573 ἰδού
2597 4537 2680 4584 τις
2702 4520 2921 4590 ἔρχεται
2950 4520 3118 4575 θέλων
3149 4524 3353 4593 ἐπᾶραι
3382 4522 3447 4574 τὸ
3497 4522 3717 4591 ἱμάτιον·
3744 4516 3816 4568 καὶ

2266 4610 2342 4674 ὡς
2366 4611 2563 4681 ᾔσθετο
2584 4614 2613 4665 6
2658 4612 2839 4683 γέρων
2870 4612 3159 4684 σπλάγχνα
3197 4613 3337 4684 ἔχων
3366 4612 3684 4685 οἰκτιρμῶν,
3708 4607 3817 4661 κατὰ

2270 4703 2465 4774 μικρὸν
2489 4703 2777 4773 ἐκούφιζεν
2803 4707 2984 4759 αὐτόν·
3004 4707 3080 4770 ὼς
3108 4707 3267 4779 δῆθεν
3292 4707 3620 4760 ὲπεκτείνων
3642 4699 3817 4773 πρὸςτδ

2269 4793 2551 4865 διάστημα
2572 4796 2667 4851 τοῦ
2698 4798 2992 4869 κέρματος,
3019 4800 3124 4864 ἓως
3147 4795 3207 4855 οὗ
3230 4801 3410 4871 ἀπῆρε
3437 4800 3499 4853 τὸ
3526 4800 3724 4870 ἱμάτιον
3746 4793 3818 4847 καὶ

2268 4889 2505 4962 ἀπῆλθε·
2536 4893 2630 4944 καὶ
2671 4893 2771 4945 οὐκ
2801 4892 3030 4963 ἤλεγξεν
3057 4894 3221 4947 αὐτὸν
3246 4896 3274 4946 6
3303 4892 3502 4965 γέρων·
3548 4892 3642 4943 καὶ
3666 4888 3816 4952 ἔλεγεν

2266 4981 2295 5031 6
2327 4979 2619 5051 μακάριος·
2653 4982 2829 5035 Πόσου
2867 4978 2936 5054 ἦν
2968 4984 3118 5050 ἄξιον
3148 4984 3211 5037 1:6
3261 4983 3474 5054 ἱμάτιον
3514 4983 3548 5052 ἢ
3578 4980 3645 5033 τὰ
3682 4974 3815 5042 σκεύη

2267 5068 2304 5123 ἃ
2331 5068 2650 5140 ἀπώλεσενς
2678 5073 2792 5126 ἀλλ’
2817 5075 2968 5145 ὅμως
2994 5077 3028 5148 ἡ
3071 5077 3392 5148 προαίρεσις
3426 5070 3514 5145 ἦν’
3545 5071 3727 5143 ἀμέλει
3748 5068 3816 5119 ὅτε

2268 5160 2597 5233 άπήρθησαν
2626 5165 2718 5217 καὶ⁹
2739 5165 2957 5234 ἔμεινεν
2985 5169 3013 5219 6
3052 5168 3218 5230 αὐτὸς
3242 5207 3257 5230 ,
3302 5168 3439 5238 μήτε
3482 5162 3791 5232 λυπούμενος
3802 5194 3812 5216 ς

2272 5255 2410 5325 μήτε
2431 5257 2853 5326 ταραστόμενος·
2875 5259 2973 5311 καὶ
2994 5259 3126 5330 γὰρ.
3151 5259 3226 5322 ὠς
3251 5261 3339 5313 ἀεὶ
3364 5258 3525 5325 λέγω,
3549 5257 3609 5308 οὐ
3629 5255 3683 5305 τὸ
3703 5253 3817 5320 ἔχειν

2273 5343 2523 5414 βλάπτει,
2557 5346 2695 5401 ἀλλὰ
2721 5348 2783 5401 τὸ
2815 5350 3148 5420 προσπαθῶς
3173 5350 3341 5419 ἔχειν.
3372 5344 3540 5410 Οὗτος
3562 5342 3698 5415 εἶχεν
3722 5343 3813 5392 ὅλον

590 5451 833 5491 mensam
864 5450 1053 5490 versus
1080 5435 1234 5505 quasi
1280 5435 1348 5489 ad
1395 5433 1771 5503 explicandam
1804 5442 2034 5489 monetae
2077 5448 2148 5489 se-

2271 5436 2362 5490 τὺν
2397 5438 2621 5509 κόσμον,
2654 5440 2827 5505 οὕτως
2850 5438 2918 5513 ἦν
2943 5443 3020 5506 ὡς
3057 5444 3133 5514 μὴ
3159 5443 3318 5513 ἔχων·
3348 5442 3407 5507 ἐξ
3430 5436 3504 5495 ὧν
3535 5442 3639 5511 γὰρ
3664 5434 3815 5500 ἐπῡίτγ

590 5530 747 5595 riem,
794 5526 1205 5596 sublevavitque
1251 5540 1378 5581 suos
1401 5527 1553 5593 prius
1585 5525 1826 5581 sedentis
1870 5538 2020 5581 artus
2057 5541 2165 5596 quo

2275 5545 2367 5582 σεν
2392 5529 2593 5596 ἔδειξεν
2618 5533 2783 5587 αὑτὸν
2806 5534 3093 5606 ἐλεύθερον
3120 5535 3231 5589 ἀπὸ
3261 5536 3518 5612 πάντων..

588 5621 801 5676 facilius
841 5620 1051 5674 detrahi
1121 5618 1339 5689 pallium
1386 5626 1610 5687 posset:
1672 5632 1778 5687 qua
1845 5628 2065 5675 strenue
2140 5622 2526 5678 commoditate
2555 5623 2641 5678 fur
2683 5642 2831 5694 usus,
2903 5629 3084 5683 ablato
3124 5630 3258 5683 abiit
3294 5628 3480 5698 pallio;
3512 5640 3637 5679 sene
3664 5623 3724 5675 de
3757 5617 3815 5669 ii:-

592 5712 801 5766 dustria
848 5712 901 5766 in
932 5710 1321 5768 dissimulando
1382 5720 1782 5779 perseverante,
1848 5711 2026 5779 quoad
2065 5713 2300 5768 nummis
2365 5715 2655 5783 persolutis
2697 5728 2807 5773 tam
2874 5721 2993 5776 sine
3038 5722 3265 5790 pecunia
3333 5734 3486 5791 quam
3537 5718 3651 5772 sine
3686 5708 3811 5778 pallio

593 5805 806 5859 domum
845 5803 1019 5861 rediit.
1054 5804 1135 5859 Ad
1168 5804 1267 5858 hoc
1330 5801 1390 5859 Β.
1428 5801 1680 5860 Zosimas
1716 5802 1920 5859 addidit
1953 5822 1965 5858 :
1999 5802 2200 5871 Quanti
2254 5816 2306 5863 et
2340 5822 2469 5863 vasa
2530 5819 2584 5866 et
2630 5810 2848 5882 pallium
2887 5828 3009 5884 quae
3054 5813 3312 5884 neglexit,
3354 5809 3537 5869 erant?
3566 5817 3622 5878 at
3648 5810 3809 5878 quanio
