3890 6134
1635 132 2380 349 ELENCHUS
2514 234 2523 253 ί

469 591 971 669 Δυστοιιυω
1014 605 1135 667 ΕΤ
1181 603 1572 668 οΡΕιιυιιι
1615 604 1775 682 QUI
1808 606 1909 668 IN
1948 604 2005 668 Η

2023 604 2134 669 OG
2170 605 2434 668 TOMO
2478 604 2837 669 LXXVIII
2882 606 3530 672 COMNTUB
3546 659 3559 674 .

1540 1338 1603 1398 S.
1649 1338 2005 1401 ISIDORUS
2053 1340 2470 1402 PELUSIOTA
2483 1384 2496 1400 .

398 1502 481 1565 De
513 1498 733 1562 Isidori
770 1496 1103 1560 Pelusiotaa
1131 1496 1287 1571 vita,
1328 1497 1579 1578 scriptis
1617 1504 1678 1558 et
1712 1498 1998 1561 doctrina
2036 1499 2485 1563 commentatio
2523 1498 2820 1564 historica
2860 1499 3250 1581 theologica,

475 1607 733 1663 auctore
763 1601 1124 1663 Hermanno
1156 1600 1478 1678 Agathone
1514 1603 1915 1682 Niemeyero.
3330 1609 3444 1671 col.
3610 1610 3645 1673 9

399 1726 852 1805 Prolegomena
892 1726 1153 1790 editioni
1186 1729 1480 1793 Parisinaa
1509 1731 1933 1811 Epistolarum
1960 1734 2023 1795 S.
2064 1732 2291 1797 Isidori
2323 1733 2601 1816 praeﬁxa.
3537 1731 3649 1795 103

401 1856 778 1930 Argumenta
806 1853 1222 1933 Epistolarum
1258 1857 1321 1917 S.
1352 1857 1599 1921 Isidori.
3539 1858 3647 1921 119

402 1980 566 2041 Petri
594 1978 838 2041 Possini
867 1977 1153 2041 Prtefatio
1191 1978 1271 2041 ad
1299 1982 1628 2043 Lectorcm
1659 1981 2127 2063 philisidorum.
3538 1977 3652 2040 178

401 2104 461 2162 S.
496 2100 716 2164 Isidori
755 2100 1049 2181 Epistolm
3493 2100 3651 2164 ibid.

404 2204 603 2265 Index
644 2222 859 2266 eorum
896 2205 973 2267 ad
1007 2222 1169 2285 quos
1205 2205 1453 2285 scripsit
1478 2205 1777 2269 Isidorus.
1831 2207 1982 2270 Vide
2012 2208 2097 2269 ad
2130 2204 2358 2268 calcem
2394 2205 2753 2267 voluminis.

408 2388 515 2460 (Ex
540 2389 704 2444 tribus
731 2391 986 2445 indicibus
1021 2390 1395 2461 peculiaribus,
1423 2394 1478 2446 in
1512 2410 1661 2465 quos,
1692 2409 1884 2463 magno
1913 2360 2260 2448 Eruditonlm
2289 2391 2637 2471 incommodo,
2662 2388 3084 2460 dispesccbanlur
3112 2388 3481 2461 Epistolarum
3508 2386 3656 2455 libri,

768 2498 935 2536 unum
964 2492 1013 2536 et
1052 2484 1290 2539 eumdem
1323 2485 1560 2554 fecimus,
1603 2486 1743 2557 quod
1770 2494 1988 2555 quanta:
2026 2484 2265 2554 futurum
2300 2485 2367 2538 sit
2401 2482 2650 2538 utilitatis
2683 2483 2870 2553 cuique
2898 2481 3096 2553 patet.)

1681 2680 1743 2741 s.
1785 2634 2105 2743 zosuws
2146 2681 2406 2741 ABBAS.

417 2845 703 2927 Alloquia
731 2863 809 2910 ex
847 2845 1013 2909 Petri
1058 2847 1303 2911 Possini
1344 2846 1665 2911 Thesauro
1695 2845 1993 2910 ascelico.
3506 2832 3657 2897 1679

2280 5447 2777 5467 ——-—_—_

2561 5491 2803 5547 Parisiis.
2829 5518 2899 5531 -
2929 5486 3008 5543 Ex
3040 5484 3207 5555 Typis
3239 5478 3472 5539 MIGNE.
