3890 6134
363 314 420 319 ,λη,
441 314 568 319 -ηγ,
599 310 944 320 ,_,_______W,.__e
1019 302 1073 310 -—
1365 307 1606 316 ..ο-ι*
1721 303 2374 315 ---,--.--·-------ο-οσ--
2437 301 2558 309 ⁵-⁸·-
2593 301 2644 307 -’
2788 294 2794 302 ¹
2824 293 2830 303 ¹
3047 292 3055 299 ’
3227 297 3312 304 ⁴-
3341 297 3392 303 ⁸’“
3430 297 3445 302 “
3520 290 3527 297 ’

367 344 372 346 ν
399 343 420 349 ,-
471 342 474 344 η
503 340 696 347 Ἶ-.---..
815 341 818 343 λ
1044 340 1298 351 ____.____
1529 336 1553 343 ν
1685 341 1975 350 m
2227 336 2523 345 —..—-__.__-—-—
2543 334 2885 342 __—._—.__——~.—_
2899 328 3501 345 ————_—_—-_ur‘-‘_

1882 482 1968 537 DE

952 609 1671 828 lSIDORI
1780 668 2897 829 PELUSIOTIE

1749 981 2105 1099 VITA

1491 1204 1829 1265 SCRIPTIS
1868 1204 1964 1265 ET
2005 1203 2383 1265 DOCTRINA

701 1369 1581 1477 COMMENTATIO
1648 1379 2092 1474 HISTOR
2116 1384 2294 1473 [CA
2368 1383 3168 1478 THEOLOGICA.

1820 1615 2060 1656 SCRIPSIT

1186 1780 1712 1845 HERMANNUS
1752 1780 2096 1844 AGATHO
2136 1782 2691 1845 NIEMEYERUS

1289 1978 1461 2016 1⁵11801..
1497 1978 1681 2015 ιιοειητ.
1717 1978 1841 2016 Nil.
1874 1977 2010 2015 νοοῖ.
2045 1980 2152 2016 δι’,
2188 1980 2358 2016 1⁵1101..
2391 1982 2574 2019 εεκιοι.

1251 2138 1428 2202 (ﬂata,
1473 2136 1523 2187 in
1567 2135 1761 2188 libraris
1810 2136 2254 2201 Orphanotrophei.
2293 2137 2660 2197 MDCCCXXV.)

1610 2448 2286 2569 PBJEFATIO.

323 2840 333 2858 ι
409 2797 869 2858 Commentationis
902 2803 967 2857 de
1003 2801 1207 2858 Isidoro
1233 2801 1496 2857 Pelusiota
1526 2804 1667 2872 parti
1690 2803 1875 2873 prima:
1906 2814 1954 2859 et
1973 2805 2232 2867 secundae,
2268 2816 2383 2873 qua:
2411 2809 2534 2854 ante
2576 2800 2706 2853 duos
2756 2815 2953 2854 menses
2978 2799 3032 2853 in
3060 2800 3225 2855 lucem
3253 2802 3406 2856 editte
3432 2810 3552 2856 sunt

344 2894 563 2959 idcirco,
590 2902 649 2948 ut
680 2896 804 2949 mihi
836 2896 891 2949 in
914 2895 1187 2949 academia
1217 2895 1581 2949 Fridericiana
1632 2896 1943 2967 theologiam
1971 2897 2185 2951 docendi
2222 2903 2449 2964 potestas
2480 2893 2860 2958 concederetur,
2893 2895 3104 2947 tertiam
3135 2903 3336 2962 partem
3366 2905 3555 2962 pra'ter

330 2988 643 3057 appendices
671 2989 915 3058 adjunxi.
942 2989 1073 3046 Cum
1099 2990 1260 3059 igitur
1288 2988 1456 3042 omnis
1481 2990 1692 3057 scriptio
1719 3006 1856 3042 nunc
1900 2990 2107 3043 demum
2133 2988 2371 3041 absoluta
2395 2986 2597 3054 judicio
2632 2986 2955 3037 eruditorum
2980 2985 3304 3053 subjicienda
3328 2987 3556 3055 mihique

332 3080 609 3134 verendum
634 3079 729 3141 sit,
754 3095 819 3132 ne
850 3079 1001 3133 multi
1031 3079 1301 3133 mirantes.
1326 3078 1462 3146 quod
1485 3094 1575 3146 ego
1603 3080 1665 3131 de
1702 3078 1914 3130 obscuro
1939 3075 2115 3129 steculi
2150 3075 2316 3144 quinti
2348 3075 2594 3126 monacho
2633 3076 2745 3143 fuse
2783 3084 2831 3128 et
2864 3075 3064 3144 copiose
3091 3076 3347 3141 disserui,
3380 3076 3556 3148 inique

339 3171 403 3224 de
432 3188 513 3224 me
539 3171 883 3240 praejudicent
904 3210 918 3233 ,
949 3171 1133 3238 paucis
1152 3208 1167 3231 ,
1190 3169 1279 3237 qui
1300 3170 1498 3238 factum
1521 3168 1587 3221 sit
1610 3208 1627 3233 ,
1655 3177 1710 3221 ut
1735 3169 1828 3221 hoc
1862 3183 1972 3237 pra:
1993 3167 2191 3221 caneris
2220 3165 2463 3236 elegerint
2489 3176 2889 3237 argumentum,
2920 3176 3043 3220 ante
3069 3168 3331 3236 explicare
3360 3169 3553 3239 placet,

349 3273 503 3328 quam
528 3261 749 3315 instituti
772 3262 1032 3315 rationem
1054 3275 1329 3327 exponam.
1438 3296 1441 3301 ι

414 3348 543 3403 Nam
567 3353 703 3419 quod
733 3349 995 3405 Semlerus
1018 3388 1032 3414 ,
1066 3366 1217 3419 quem
1242 3351 1396 3404 nimis
1420 3367 1653 3406 severam
1687 3350 1751 3405 de
1781 3349 2028 3405 Patribus
2072 3350 2431 3405 ecclesiasticis
2467 3365 2819 3418 swpenumero
2872 3350 3051 3404 tulisse
3088 3351 3401 3405 sententiam
3429 3368 3557 3405 con-

341 3448 473 3506 stat,
496 3441 553 3494 in
583 3438 815 3496 Selectis
844 3440 1083 3495 historias
1109 3441 1490 3504 ecclesiastica:
1517 3442 1798 3512 Capitibus
1818 3483 1832 3507 ,
1866 3442 1967 3497 vol.
1999 3445 2049 3506 Ι,
2075 3455 2127 3511 ρ.
2150 3442 2255 3497 284
2274 3481 2289 3505 ,
2316 3441 2578 3497 Isidorum
2602 3441 2926 3495 Pelusiotam
2966 3441 3240 3510 Theophilo
3268 3458 3332 3495 ac
3360 3441 3556 3512 Cyrillo

330 3548 685 3603 repugnasse,
728 3532 942 3601 ejusque
984 3533 1228 3601 epistolas
1276 3534 1521 3604 ingenuae
1564 3534 1880 3604 plerumque
1924 3534 2119 3589 indolis
2148 3534 2315 3589 vastis
2364 3533 2657 3587 multorum
2714 3536 3035 3604 corporibus
3092 3536 3248 3607 longe
3309 3538 3557 3591 utiliores

334 3637 479 3690 esse,
506 3624 747 3687 tradidit,
779 3623 834 3676 id
855 3623 1111 3692 imprimis
1144 3642 1225 3679 me
1249 3625 1478 3694 impulit,
1500 3635 1555 3679 ut
1592 3627 1648 3678 in
1675 3626 1830 3694 hujus
1861 3625 1962 3679 viri
1984 3627 2170 3691 vitam,
2198 3628 2391 3697 scripta
2421 3636 2469 3680 et
2506 3627 2799 3680 doctrinam
2825 3628 3082 3697 singulari
3108 3628 3280 3681 studio
3319 3630 3555 3694 inquire-

330 3732 465 3773 rem.
485 3715 668 3785 Neque
695 3724 945 3785 suscepta:
975 3734 1054 3771 me
1080 3717 1287 3787 paenitet
1314 3732 1502 3786 operte.
1538 3716 1681 3769 Nam
1715 3733 1831 3769 cum
1862 3716 2093 3772 Isidorus
2112 3757 2127 3780 ,
2154 3720 2234 3772 vir
2260 3729 2306 3772 et
2336 3720 2585 3772 doctrina
2625 3719 2794 3787 copia,
2838 3729 2885 3772 et
2918 3721 3037 3774 vita,-
3062 3722 3360 3793 integritate
3384 3723 3555 3777 excel-

332 3803 446 3860 lens
465 3846 481 3873 ,
506 3808 687 3861 eodem
712 3816 939 3876 tempore
978 3825 1078 3878 quo
1118 3809 1595 3878 potentissimarum
1626 3807 1979 3863 Erclesiarum
2006 3812 2266 3865 antistites
2296 3812 2431 3864 inter
2454 3827 2562 3864 sese
2598 3820 2897 3877 certarunt,
2924 3814 3130 3880 ﬂoreret
3154 3856 3168 3878 ,
3199 3816 3426 3884 primum
3448 3814 3556 3867 illa

319 3899 474 3956 inter
500 3900 735 3969 ejusdem
752 3899 1013 3960 epistolas.
1032 3916 1094 3952 ex
1109 3899 1293 3969 quibus
1320 3910 1428 3953 tum
1452 3902 1575 3971 quid
1594 3900 1721 3969 ipsc,
1738 3910 1846 3953 tum
1865 3902 1990 3971 quid
2015 3902 2113 3954 alii
2128 3904 2191 3955 de
2208 3903 2565 3971 episcoporum
2594 3902 2820 3955 dissidiis
2843 3905 3143 3969 statuerint,
3158 3906 3556 3974 apparet,haud

320 3993 488 4061 parvi
517 3993 766 4047 momenti
786 4002 925 4047 sunt.
956 3992 1105 4057 Quod
1129 4003 1184 4046 ut
1210 3994 1500 4063 probemus,
1526 3995 1863 4062 testiﬁcantur
1890 4012 2020 4065 quas
2048 3996 2187 4049 dedit
2216 3995 2304 4049 ille
2332 3999 2400 4048 ad
2432 3993 2770 4049 Theodosium
2807 3997 3174 4065 imperatorem
3203 3998 3404 4052 litteras
3428 4001 3557 4069 περὶ

318 4083 433 4147 τοῦ
477 4084 806 4156 ποιήσασθαι
846 4084 1140 4154 ἀσφάλειαν
1167 4085 1265 4154 τῆς
1319 4084 1558 4147 συνόδου,
1604 4087 1667 4139 de
1717 4102 1854 4139 seem

2041 4087 2255 4154 synodo.
2285 4090 2583 4153 prwstanda
2629 4088 2739 4155 (lib.
2791 4103 2828 4153 ι,
2890 4104 2969 4156 ep.
3005 4088 3126 4151 5H,
3163 4089 3233 4143 cf.
3267 4090 3558 4148 Comment.

321 4196 389 4251 ρ.
417 4177 528 4246 20).
557 4180 864 4249 quibuscum
903 4166 1064 4248 quam
1107 4180 1376 4249 aptissime
1401 4194 1663 4245 COﬂﬂCItB,
1685 4195 1800 4249 qua:
1829 4180 1898 4232 ad
1922 4178 2197 4248 Cyrillum,
2228 4196 2305 4245 eo,
2339 4197 2439 4250 quo
2466 4182 2547 4234 hic
2570 4180 2832 4250 Ephesum
2865 4183 3055 4246 adiret,
3090 4192 3317 4251 tempore
3350 4185 3559 4253 scripta

318 4254 482 4335 sunt,
510 4273 564 4325 in
592 4272 778 4341 quibus
805 4272 1113 4343 gravissima
1132 4273 1241 4326 htec
1269 4282 1476 4327 exstant
1508 4274 1661 4327 verba
1690 4289 1708 4327 :
1741 4274 1854 4328 Ilo);

2022 4274 2070 4343 ip
2092 4290 2151 4326 σε
2179 4274 2499 4345 κωμῳδοῦσι
2518 4273 2623 4326 τῶν
2646 4273 3067 4343 συνειλεγμένων
3090 4275 3170 4337 ei;
3202 4274 3451 4341 Ἔφεσον,
3482 4275 3558 4337 ὡς

319 4365 550 4419 οἰκείαν
570 4366 907 4436 ἀμυνόμενον
933 4364 1151 4437 ἔχθραν,
1179 4368 1295 4421 ἀλλ’
1322 4368 1383 4420 οὐ
1407 4368 1476 4422 τὰ
1510 4368 1683 4440 Ἰησοῦ
1714 4368 1952 4437 Χριστοῦ
1999 4367 2292 4438 ὀρθοδόξως
2328 4368 2612 4439 ζητοῦντα.
2647 4366 2979 4435 Ἀδελφιδοῦς
3003 4369 3150 4431 ἐστι,
3182 4367 3336 4435 φασὶ,
3367 4366 3556 4436 8:099!-

321 4460 468 4521 λου,
495 4458 821 4529 μιμούμενος
849 4458 1058 4512 ἐκείνου
1091 4461 1187 4531 τὴν
1214 4463 1456 4533 γνώμην.
1491 4463 1697 4533 Ὠσπερ
1729 4463 1837 4533 γὰρ
1861 4464 2067 4526 ἐκεῖνος
2094 4461 2288 4533 μανίαν
2322 4466 2466 4534 σαφῆ
2493 4462 2860 4516 κατεσκέδασε
2890 4463 2982 4515 τοῦ
3014 4462 3274 4533 θεοφόρου
3313 4464 3408 4515 καὶ
3438 4462 3557 4515 θεο-

312 4553 532 4629 φιλοῦς
563 4556 808 4610 Ἰωάννου
828 4595 844 4621 ,
873 4554 1043 4619 οὕτως
1067 4556 1323 4628 ἐπιθυμεῖ
1352 4557 1731 4627 καυχήσασθαι
1766 4555 1910 4628 [(-04].
1954 4557 2082 4612 Bav.
2117 4556 2443 4628 καυχᾶσθαι]
2471 4558 2562 4610 καὶ
2593 4550 2744 4617 οὗτος
2763 4597 2777 4619 ,
2803 4558 2850 4610 εἰ
2882 4557 2973 4610 καὶ
3004 4556 3137 4609 πολὺ
3165 4557 3274 4609 τῶν
3301 4557 3557 4625 κρινομὲο

311 4664 452 4713 νων
480 4647 592 4699 ἐστὶ
620 4646 683 4699 τὸ
713 4645 989 4716 διάφορον.
1013 4673 1085 4684 -
1111 4644 1222 4700 Lib.
1259 4662 1297 4713 ι,
1326 4664 1405 4716 ep.
1446 4646 1567 4702 510.
1606 4645 1687 4716 Cf.
1720 4645 1842 4701 Com

2038 4663 2091 4715 p.
2120 4645 2209 4699 20.
2234 4676 2302 4686 -
2332 4647 2413 4701 Ex
2445 4649 2522 4701 his
2553 4650 2689 4701 enim
2724 4648 2977 4716 quomodo
3004 4647 3174 4707 multi,
3207 4648 3301 4699 etsi
3326 4648 3558 4701 Nestorii

311 4739 636 4795 doctrinam
660 4737 969 4807 rejecerunt,
1000 4735 1369 4806 Egyptiorum
1397 4739 1621 4808 episcopi
1650 4755 1773 4808 erga
1804 4737 2134 4809 TheOphilum
2155 4740 2273 4808 jam
2300 4741 2595 4810 defunctum
2632 4750 2678 4793 et
2717 4739 2967 4811 Cyrillum
3002 4739 3223 4790 animati
3249 4740 3459 4808 fuerint,
3490 4740 3559 4793 li-

312 4842 407 4889 cet
436 4830 702 4902 colligere.
729 4828 910 4899 Neque
937 4827 1031 4880 hoc
1059 4828 1168 4882 loco
1198 4832 1641 4897 prwtermittenda
1669 4840 1788 4883 sunt
1806 4831 2011 4885 silentio
2036 4872 2050 4895 ,
2081 4847 2197 4901 qua:
2224 4831 2455 4884 Isidorus
2496 4833 2566 4884 ad
2606 4832 2869 4886 Simonem
2911 4830 3218 4883 monachum
3257 4832 3319 4883 de
3355 4830 3560 4885 Joanne

315 4927 703 4995 Chrysostomo
741 4927 949 4994 scripsit
985 4938 1033 4982 et
1063 4924 1366 4995 Theophila,
1402 4941 1551 4994 quem
1593 4925 1851 4995 λιοομανῆ

2023 4924 2393 4993 χρυσολάτρην
2431 4925 2524 4993 (sic
2561 4928 2697 4979 enim
2722 4944 2816 4994 pro
2849 4924 3204 4996 χρυσολάτριν
3235 4927 3559 4979 scribendum

327 5020 459 5085 est),
496 5018 746 5087 appellat,
776 5020 911 5072 nihil
937 5019 1084 5072 aliud
1112 5018 1189 5071 his
1221 5016 1385 5069 verbis
1410 5015 1820 5085 signiﬁcaturus.
1853 5032 2012 5085 quam
2044 5016 2377 5085 Theophilum
2408 5018 2570 5069 nimia
2598 5017 2825 5085 ardiﬁcia
2859 5017 3155 5069 exstruendi
3184 5018 3443 5085 cupidine,
3480 5019 3560 5070 ni-

326 5112 551 5178 mioque
576 5112 694 5164 auri
728 5128 910 5165 amore
938 5113 1254 5182 ﬂagrantem
1282 5108 1441 5161 etiam
1469 5109 1663 5177 injusto
1702 5108 1851 5160 modo
1892 5107 1992 5160 sibi
2035 5124 2366 5176 comparasse
2400 5109 2629 5161 divitias.
2660 5107 2771 5172 Quo
2802 5106 2995 5161 Isitlori
3035 5108 3239 5177 judicio
3270 5108 3459 5160 mirum
3503 5109 3559 5159 in

321 5204 558 5259 modum
590 5203 947 5271 conﬁrmatur,
978 5204 1115 5273 quod
1137 5200 1433 5260 Palladius,
1468 5216 1616 5269 quem
1648 5199 1797 5251 multi
1822 5216 1941 5252 cum
1968 5200 2049 5252 ira
2093 5209 2139 5252 et
2173 5200 2344 5253 studio
2371 5200 2636 5267 scripsisse
2680 5201 3007 5270 aﬂirmarunt
3027 5239 3041 5261 ,
3072 5201 3319 5263 tradidit,
3349 5202 3561 5253 antisti-

302 5308 430 5356 tem
461 5292 888 5348 Alexandrinum
920 5294 1141 5367 nimiam
1169 5292 1461 5345 adhibuisse
1509 5292 1561 5344 in
1612 5291 1835 5344 ecclesiis
1889 5293 2212 5360 mdiﬁcandis
2258 5293 2699 5362 magniﬁcentiam
2720 5335 2733 5358 ,
2762 5310 2979 5363 eumque
3008 5294 3292 5346 vendidisse
3318 5294 3560 5346 sacerdo-

298 5390 490 5442 tium.
540 5380 722 5451 [Dial.,
752 5380 820 5435 de
846 5381 953 5435 vita
984 5380 1043 5434 S.
1070 5379 1296 5435 Joannis
1323 5380 1684 5451 Chrysostomi
1712 5379 1835 5451 (a).]
1860 5380 2076 5450 Reliqua
2106 5397 2221 5449 qute
2252 5382 2351 5435 huc
2384 5391 2617 5449 spectant
2644 5384 2698 5437 in
2736 5386 2907 5453 prima
2940 5386 3385 5439 commentationis
3414 5392 3564 5453 parte

293 5488 413 5534 aut
444 5473 769 5545 perstrinxi,
800 5481 893 5524 aut
922 5472 1149 5541 exposui.

366 5616 466 5681 (α)
504 5610 640 5674 Opp.
665 5612 914 5671 Chrysost.
938 5616 1118 5658 nostra
1141 5609 1260 5659 edit.
1293 5616 1408 5660 tom.
1444 5612 1484 5670 1.
1518 5613 1612 5663 col.
1646 5613 1724 5663 22.
1759 5614 1892 5664 Enn.
1925 5613 2075 5661 ιἈτκ.

666 5696 937 5758 ΡΑτιιοι.
979 5694 1095 5754 Gn.
1134 5695 1437 5760 LXXVIII.
3104 5694 3134 5763 1

1472 6108 1487 6129 ι
1528 6102 1597 6134 ιε’
1624 6106 1633 6111 ‘
1668 6102 1727 6113 "“
1784 6106 1803 6127 λ’
1834 6100 1851 6134 'j
1888 6088 1999 6134 "ﬁt
