3890 6134
381 247 444 314 ῃ
1243 249 1342 310 DE
1379 249 1686 320 lSIDORO
1723 250 2138 335 PELUSIOTA
2171 256 2725 323 COMMENTATIO.
3061 309 3064 312 «
3531 205 3602 344 12.

449 357 647 460 Deinde
669 373 788 416 vero
815 356 1145 432 epistola,“
1174 357 1358 460 quibus
1387 356 1667 460 Peius-iota.
1683 358 1820 460 locas
1836 375 1918 460 ex“
1939 363 2340 433 antiquitatibus
2363 367 2682 426 Christianis
2701 373 2847 443 petiit
2874 413 2888 439 ,
2917 388 3211 437 memoratu
3239 399 3342 438 non
3365 384 3596 460 indigna

378 459 519 502 sunt.
551 448 898 520 Conferantur
936 466 1047 519 prae
1077 451 1276 503 cieteris
1304 467 1421 521 qua:
1440 451 1571 504 dixit
1609 450 1697 504 ille
1751 453 1815 506 de
1863 453 2203 510 diaconorum
2249 462 2508 528 gravitate
2547 464 2659 535 (lib.
2695 482 2738 529 ι,
2771 483 2852 537 ep.
2882 469 2974 540 29)
2996 513 3010 535 ,
3038 473 3104 527 de
3140 486 3439 534 sanctorum
3469 448 3597 537 ξοιε-

379 541 515 656 quiis
562 539 694 611 (lib.
724 558 778 606 ι,
810 556 897 656 ep;
924 541 1022 656 ;
1152 541 1241 656 lib.
1267 556 1305 595 ll
1325 580 1341 607 ,
1367 557 1451 610 ep.
1482 541 1587 650 5)ἶ
1623 543 1688 596 de
1726 555 1882 598 cantu
1914 548 2192 654 mulierum
2217 551 2272 603 in
2293 552 2517 656 ecclesiis
2539 555 2650 623 (lib.
2679 572 2716 621 ι,
2741 574 2824 628 ep.
2854 559 2966 632 90),
2998 564 3061 617 de
3080 566 3308 636 formula
3336 589 3357 625 :
3388 574 3597 656 Εἰρήνη

381 635 667 740 Opim-qua
709 636 1005 740 sacerdotes
1041 635 1134 740 illa
1160 644 1402 740 tempore
1442 639 1806 740 concionantes
1848 642 1926 694 uti
1963 657 2355 710 consueverunt,
2383 651 2786 722 auditorumque
2810 657 2881 710 ad
2905 656 3025 713 illos
3053 666 3383 732 responsione
3412 635 3524 740 (lib:
3552 635 3594 739 l:

391 727 627 834 cp.“t22)
647 769 661 793 ,
686 729 748 782 de
782 728 940 782 linteo
968 729 1105 800 quod
1136 730 1346 784 diaconi
1380 747 1589 785 sacram
1619 732 1932 834 celebrantes
1955 752 2152 793 orenam
2178 739 2516 796 adhibuerunt
2549 744 2662 814 (lib.
2693 763 2744 812 ι,
2776 764 2857 818 ep.
2896 749 3042 822 156),
3069 727 3201 810 etde
3227 727 3440 827 parvis,
3479 727 3600 834 qui;

383 822 625 924 mulieres
646 833 931 902 gestarant,
963 827 1241 897 evangeliis
1262 827 1372 896 (lib.
1395 842 1455 893 ιι,
1483 843 1565 894 ep.
1603 828 1736 894 150;
1760 833 1856 900 cfr.
1887 829 2175 886 Comment.
2204 831 2332 904 [c.ol.
2349 836 2417 892 97
2440 836 2506 909 A]
2527 840 2566 906 ).
2589 839 2769 912 Neque
2796 851 3207 913 praetereundum
3228 822 3304 908 est
3327 822 3463 924 quod
3486 822 3599 916 ium

385 913 508 967 aliis
537 916 868 978 testimoniis,
907 926 1014 970 tum
1049 917 1237 971 Isidori
1263 920 1586 988 potissimum
1625 921 1842 987 epistola
1884 923 1954 976 ad
1997 923 2251 993 Cyrillum
2292 928 2420 982 data
2452 930 2563 992 (lib.
2599 949 2672 998 ll,
2709 951 2791 1004 ep.
2824 937 2948 1010 127)
2969 981 2986 1006 ,
3019 913 3394 1002 Εικηιαηιιειά

378 1012 543 1057 strate
563 1004 619 1057 in
642 1003 974 1074 Antiquitate
1016 1006 1270 1061 Ecclesia:
1299 1007 1767 1063 dissertationibus
1796 1015 1853 1064 et
1881 1013 2245 1068 monumentis
2273 1017 2558 1088 illustrata,
2579 1003 2764 1089 vol.II,
2782 1027 2907 1082 diss.
2929 1003 2995 1095 vv,
3021 1048 3138 1102 cap.
3165 1037 3219 1101 5,
3253 1035 3281 1107 ς
3311 1038 3362 1104 1,
3393 1056 3446 1109 ρ,
3469 1003 3594 1109 δέέ,

377 1099 501 1165 369,
541 1101 794 1164 ostendit,
826 1102 1167 1171 metropolitce
1193 1102 1550 1157 Alexandrina
1587 1105 1642 1158 in
1683 1107 1918 1162 omnibus
1945 1109 2162 1181 ﬂgypti
2187 1114 2461 1182 provinciis
2501 1122 2822 1189 presbyteros
2857 1099 3136 1184 ordinandi

379 1192 658 1247 abdicandi
684 1193 774 1262 jus
807 1196 963 1264 fuisse
995 1205 1041 1248 et
1065 1204 1387 1264 potestatem.

450 1283 644 1350 Quibus
671 1287 916 1354 exemplis
934 1327 948 1349 ,
981 1297 1036 1340 ut
1064 1287 1297 1356 equidem
1323 1287 1570 1354 arbitror,
1597 1291 1726 1345 satis
1755 1308 2009 1364 superque
2039 1295 2314 1366 probatum
2348 1307 2440 1363 est,
2471 1298 2663 1355 Isidori
2685 1300 2964 1362 Pelusiotte
2987 1313 3234 1381 epistolas
3263 1319 3490 1376 historice
3511 1339 3592 1377 ccc

379 1381 682 1434 clesiastica.’
711 1379 854 1430 illius
879 1380 976 1432 a’vi
1008 1381 1329 1433 studentibus
1369 1397 1558 1450 magno
1587 1399 1694 1436 esse
1715 1401 1860 1453 posse
1889 1388 2040 1454 usui,
2067 1405 2256 1461 easque
2287 1392 2548 1463 singulari
2583 1411 2683 1449 non
2713 1399 2956 1469 indignas
2979 1379 3149 1460 studio
3168 1410 3431 1466 habendas
3460 1428 3586 1468 esse.

383 1469 498 1522 IIuc
540 1469 735 1522 accedit
761 1491 788 1528 ,-
813 1468 948 1534 quod
988 1483 1136 1522 nemo
1164 1485 1342 1522 eorum
1384 1471 1472 1540 qui
1519 1471 1777 1543 hucusque
1804 1475 1867 1528 de
1894 1475 2094 1532 Isidoro
2134 1482 2446 1550 scripserunt
2473 1485 2573 1540 viri
2604 1488 2760 1553 docti,
2786 1468 2864 1544 vel
2901 1492 3022 1560 quia
3051 1495 3116 1547 ab
3147 1513 3326 1555 eorum
3354 1502 3597 1559 instituto

380 1564 482 1631 [ait
508 1563 764 1620 alienum,
796 1560 878 1612 vel
906 1557 1070 1612 aliam
1094 1560 1156 1612 ob
1189 1577 1404 1614 causam
1437 1571 1586 1614 tanta
1613 1563 1884 1633 diligentia
1905 1607 1920 1629 ,
1943 1577 2197 1636 quantam
2231 1589 2314 1626 res
2343 1575 2591 1642 postulat,
2621 1582 2684 1632 de
2708 1580 2820 1649 ejus
2847 1557 2977 1646 vita,
3013 1586 3218 1655 scriptis
3260 1602 3310 1644 et
3356 1557 3597 1649 άοεετὶηέ

380 1656 560 1730 egerit.
614 1653 928 1753 Consentia:
958 1653 1663 1753 mecum-qui-pcrscrutatur
1701 1673 1817 1753 qua:
1848 1656 2228 1726 Tillemantius,
2259 1663 2394 1721 Hist.
2426 1670 2588 1733 eccl..
2617 1673 2718 1726 vol.
2749 1673 2854 1738 Χγ,
2883 1692 2934 1744 ρ.
2966 1677 3033 1732 97
3063 1653 3126 1732 eti
3155 1681 3284 1748 H9;
3315 1683 3599 1753 Dupinius.

379 1749 515 1803 Nov.
549 1755 690 1799 auct.
722 1745 857 1799 εει-ι.
894 1743 1187 1808 Bibl.,'val.
1236 1742 1344 1804 ιιι,
1377 1753 1526 1813 parte
1568 1759 1628 1810 ιι,
1660 1762 1714 1813 ρ.
1762 1747 1932 1814 ut;
1981 1749 2266 1820 Fabricius,
2298 1757 2718 1829 val.X,p.478;
2765 1742 3076 1826 Ceillierius.
3107 1769 3249 1830 Hist.
3271 1742 3420 1830 suci.
3453 1742 3597 1838 sacr:

380 1853 436 1898 et
464 1843 620 1904 eecl.,
651 1839 752 1894 vol.
785 1837 1360 1940 XIII,‘p.6..l0;
1413 1838 1808 1940 Scltrqeckliius,
1845 1845 1982 1899 Hist.
2033 1849 2190 1912 ecel.,
2234 1851 2338 1905 vol.
2385 1851 2556 1918 XVII.
2610 1872 2663 1925 ρ.
2719 1857 3016 1929 521-529;
3062 1861 3350 1920 Richardus
3393 1866 3595 1940 Simon,

378 1931 515 1986 Crit.
547 1939 902 1985 commentat.
938 1929 1003 1984 N.
1037 1929 1101 1982 Τ.
1137 1929 1289 2027 hist.,
1339 1930 1604 2027 cap._2l,
1663 1949 1715 2002 p.
1747 1934 2042 2003 507-514;
2084 1939 2571 2008 Rosenmuellerus,
2626 1948 2762 2004 Hist.
2829 1951 3057 2023 interpr.
3102 1955 3208 2011 LL.
3248 1955 3349 2014 SS.
3399 1958 3460 2014 P.
3521 1929 3598 2027 Iv,

378 2038 432 2090 p.
454 2021 722 2127 iSO-‘ZlS,
743 2031 790 2073 et
823 2021 1179 2131 Heumannus,
1214 2020 1450 2126 Disssdc
1481 2021 1608 2131 Isid:
1643 2023 1752 2131 Pel.
1783 2025 2008 2096 ejusque
2037 2044 2185 2131 app...
2216 2034 2477 2101 dixerunt,
2510 2054 2722 2109 quisque
2745 2041 2839 2095 alii
2867 2055 2958 2097 aut
2973 2020 3162 2114 paucis
3184 2055 3384 2105 omnem
3403 2052 3468 2104 de
3485 2020 3600 2131 ρ]αὲ

379 2120 507 2183 vita,
539 2117 748 2182 scriptis
772 2125 818 2168 et
849 2115 1084 2167 doctrina
1111 2113 1525 2182 disquisitionem
1551 2115 1887 2180 absolventes,
1915 2130 2009 2173 aut
2033 2123 2095 2176 de
2117 2125 2195 2177 his
2222 2126 2371 2180 rebus
2395 2129 2616 2183 strictim
2643 2143 2853 2201 agentes
2879 2136 3187 2194 attulerunt.

446 2212 549 2266 Sed
578 2229 640 2264 ne
669 2211 783 2280 quis
809 2210 863 2262 in
887 2210 983 2262 hac
1013 2209 1443 2262 commentatione
1474 2210 1641 2279 magis
1667 2211 1937 2280 quidpiam
1967 2217 2197 2285 requirat
2221 2236 2378 2288 quam
2407 2223 2516 2290 ipse
2543 2233 2635 2276 aut
2659 2225 2796 2280 valui
2823 2239 3074 2297 pratstare
3101 2242 3194 2286 aut
3225 2235 3398 2304 potui,
3435 2246 3600 2293 restat

381 2315 436 2358 ut
464 2310 527 2358 de
552 2304 782 2357 instituti
810 2305 1013 2356 ratione
1041 2303 1260 2356 breviter
1284 2303 1557 2356 disseram.
3251 2324 3253 2328 ·

447 2396 574 2461 Qua:
595 2398 722 2450 mihi
753 2407 861 2449 tum
891 2412 953 2448 ex
984 2397 1149 2463 ipsius
1185 2393 1397 2459 Isidori,
1431 2405 1537 2449 tum
1569 2413 1631 2450 ea:
1656 2397 1881 2452 aliorum
1912 2399 2135 2456 Patrum
2167 2407 2373 2476 scriptis
2403 2410 2465 2464 de
2484 2410 2627 2466 illius
2645 2414 2753 2468 vita
2778 2416 3133 2485 innatuerunt,
3160 2421 3214 2475 in
3239 2424 3411 2491 prima
3439 2441 3598 2494 carpo-

379 2492 460 2545 sui
482 2490 932 2544 commentationis
961 2498 1130 2556 parte,
1163 2505 1324 2557 neque
1351 2491 1444 2541 hoc
1472 2488 1581 2542 loco
1603 2489 1888 2560 quidquam
1914 2493 2212 2549 addendum
2242 2509 2335 2551 aut
2370 2507 2760 2559 retractandum
2790 2517 2888 2562 est.

447 2581 686 2636 Secunda
719 2597 834 2634 vero
859 2583 912 2631 in
944 2589 1092 2648 parte
1109 2581 1171 2632 de
1194 2579 1383 2631 Isidori
1411 2580 1618 2647 scriptis
1645 2581 1886 2635 disserui.
1907 2582 2093 2654 Itaque
2119 2587 2368 2656 primum,
2391 2592 2909 2664 deperditisejusdem
2938 2601 3174 2670 operibus
3203 2616 3446 2659 accurate
3466 2622 3600 2660 enu-

377 2678 612 2740 meratis,
644 2677 707 2730 de
729 2674 1065 2742 epistolarum
1096 2689 1210 2743 qmv
1235 2675 1530 2742 superstites
1551 2683 1666 2727 sunt
1696 2675 1807 2728 dixi
1835 2677 2147 2733 editionibus
2178 2681 2494 2755 illarumque
2514 2702 2744 2742 numero.
2775 2691 2968 2745 Deinde
2998 2693 3294 2749 Heumanni
3317 2698 3598 2762 sententia,

377 2775 649 2843 plerasque
676 2769 957 2838 specimina
988 2783 1096 2820 esse
1119 2767 1444 2837 eloquentite.
1474 2768 1538 2820 iis
1566 2768 1823 2823 imitanda
1844 2811 1858 2834 ,
1887 2788 2013 2842 quos
2037 2772 2246 2827 haberet
2275 2792 2456 2830 carum
2489 2788 2674 2833 auctor
2707 2783 2838 2835 artis
2865 2784 3068 2838 dicendi
3098 2787 3377 2856 discipulos
3399 2832 3414 2859 ,
3443 2791 3520 2845 ita
3563 2810 3601 2847 α

379 2887 478 2926 me.
504 2875 764 2936 prceeunte
784 2862 1139 2925 Schroeclihio,
1163 2864 1389 2933 refutata
1412 2872 1506 2926 est,
1529 2873 1584 2916 ut
1615 2863 1856 2918 lectorem
1884 2884 2134 2936 quemque
2155 2871 2281 2922 meis
2301 2871 2569 2940 fauturum
2593 2889 2698 2927 esse
2721 2879 2958 2944 partibus
2983 2882 3252 2949 conﬁtear.
3275 2883 3402 2948 Quae
3424 2895 3602 2940 tamen

379 2958 646 3029 refutatio,
679 2972 795 3008 cum
827 2970 906 3007 res
939 2952 1194 3024 facillima
1222 2962 1348 3006 esset
1374 2953 1687 3021 dijudicatu,
1721 2970 1823 3008 non
1852 2957 2072 3010 multum
2102 2957 2293 3013 laboris
2319 2961 2502 3014 habuit
2528 2972 2575 3016 et
2603 2965 2940 3034 diﬁicultatis.
2972 2968 3086 3033 Qua
3107 2973 3271 3042 magis
3300 2975 3602 3031 mirandum

379 3065 472 3117 est,
501 3054 637 3124 quod
668 3050 998 3106 Christianus
1032 3049 1332 3103 Fredericus
1359 3050 1423 3101 de
1452 3049 1688 3103 ΜαιιΙιαιὶ
1716 3052 1769 3104 in
1797 3053 2148 3108 admonitione
2188 3057 2250 3109 de
2295 3056 2496 3110 Isidoro
2541 3058 2804 3115 Pelusiota
2837 3065 2924 3134 (cf.
2952 3064 3086 3120 Nov.
3119 3082 3182 3122 ex
3235 3068 3395 3126 Joan.
3423 3071 3605 3143 Chry-

379 3156 510 3201 sost.
534 3145 700 3214 eclog.
727 3143 832 3202 LII.
860 3143 1165 3212 p.xv),ha‘c
1183 3141 1383 3210 scripsit
1412 3142 1562 3194 verba
1595 3159 1614 3194 :
1648 3143 1929 3213 Plerosque
1959 3147 2180 3201 istarum
2210 3151 2553 3218 epistolarum
2588 3153 2737 3207 [ictas
2765 3171 2904 3221 esse,
2936 3158 3138 3214 dudum
3169 3161 3471 3220 docuerunt
3497 3141 3601 3224 viri

381 3239 544 3295 docti.
576 3236 689 3300 Qua
734 3237 796 3287 de
835 3251 890 3286 re
936 3242 1088 3285 caute
1142 3233 1405 3302 multoque
1447 3231 1630 3284 melius
1663 3234 1910 3294 iudicavit
1939 3237 1991 3287 in
2029 3237 2259 3290 Historia
2303 3257 2398 3293 sua
2451 3243 2795 3298 ecclesiastica
2830 3247 3194 3305 Weismannus
3220 3254 3357 3307 hisce
3384 3256 3549 3309 verbis
3579 3271 3604 3308 :

379 3335 534 3402 Quod
555 3333 599 3388 si
632 3341 811 3386 tamen
857 3345 1044 3385 verum
1075 3336 1252 3390 esset,
1282 3326 1424 3394 quod
1455 3341 1578 3380 ven.
1611 3325 1956 3383 lleumannus
1985 3331 2284 3392 existimat,
2315 3335 2596 3402 scripsisse
2635 3338 2851 3405 quidem
2887 3339 3189 3407 huiusmodi
3217 3344 3470 3413 epistolas
3499 3346 3603 3400 lsi-

379 3433 594 3490 dorum,
628 3427 721 3482 sed
751 3441 842 3480 cas
872 3440 930 3479 re
959 3424 1073 3492 ipsa
1105 3437 1213 3475 non
1241 3420 1454 3475 misisse
1483 3420 1548 3474 ad
1579 3435 1838 3489 personas
1867 3422 2062 3491 quibus
2093 3425 2364 3494 inscriptae.
2393 3437 2538 3488 sum,
2571 3445 2765 3499 uiagno
2793 3432 2858 3484 ad
2889 3433 3005 3487 haec
3033 3434 3317 3490 scribenda
3345 3438 3600 3506 privatim

380 3525 566 3578 animo
594 3536 731 3591 opus
763 3535 870 3573 nou
903 3517 1109 3571 fuisset.
1143 3515 1286 3586 (Vid.
1321 3513 1412 3567 cit.
1444 3513 1576 3568 diss.
1610 3513 1700 3567 ubi
1732 3515 1916 3569 multis
1944 3524 1997 3570 et
2038 3518 2264 3570 eruditis
2293 3519 2588 3574 rationibus
2619 3538 2714 3590 pro
2742 3539 2890 3578 more
2920 3525 3061 3580 hanc
3088 3527 3408 3597 hypothesin
3437 3543 3599 3583 exor-

381 3629 495 3673 nat.
525 3648 593 3658 —
623 3616 706 3687 Cf.
742 3615 952 3670 Weism.
987 3611 1125 3666 Hist.
1155 3611 1314 3671 ccel.,
1344 3609 1446 3663 vol.
1479 3608 1526 3674 I,
1558 3625 1610 3677 p.
1641 3608 1766 3674 471,
1789 3611 1871 3663 ed.
1902 3611 2030 3679 alt.)
2057 3641 2127 3651 —
2154 3613 2388 3684 Denique
2407 3615 2662 3682 plurimas
2702 3617 2890 3673 Isidori
2917 3622 3160 3691 epistolas
3201 3639 3302 3676 non
3332 3641 3393 3677 ea
3427 3626 3599 3695 forma

381 3729 483 3781 qua
510 3712 565 3763 in
594 3708 742 3762 editis
771 3721 970 3759 exausta
999 3704 1100 3757 sint
1127 3701 1526 3771 exemplaribus,
1560 3700 1625 3752 ab
1657 3711 1868 3753 auctare
1887 3703 2106 3769 scriptas
2130 3719 2256 3763 esse,
2286 3706 2374 3758 sed
2408 3723 2439 3758 a
2481 3709 2746 3762 monachis
2768 3721 3033 3780 excerptas
3063 3713 3134 3766 ad
3162 3723 3393 3768 nostram
3435 3731 3600 3784 usque

381 3816 589 3861 (etatem
617 3802 902 3873 pervenisse
925 3841 940 3863 ,
969 3799 1190 3868 probare
1238 3797 1409 3849 conati
1445 3812 1643 3849 smnus.
1677 3795 1792 3858 Qua
1817 3804 1996 3848 tamen
2024 3797 2079 3848 in
2108 3813 2162 3849 re
2191 3814 2292 3850 non
2323 3800 2532 3852 omnino
2575 3818 2751 3856 verum
2787 3805 3029 3860 vidimus.
3059 3807 3406 3877 Reperiuntur
3437 3811 3597 3876 enim,

382 3910 436 3954 ut
463 3899 715 3968 Reisigius
751 3911 890 3950 meus
929 3909 1008 3946 me
1037 3892 1231 3953 docuit,
1261 3891 1396 3942 inter
1424 3889 1611 3943 Isidori
1641 3888 1887 3956 epistolas
1918 3904 2019 3941 non
2047 3889 2214 3942 solum
2243 3907 2357 3960 qua,
2404 3909 2435 3943 a
2484 3895 2746 3948 monachis
2775 3907 3044 3966 excerptce,
3077 3916 3249 3954 verum
3278 3903 3435 3955 etiam
3481 3917 3600 3973 quia

381 3993 448 4044 ab
493 3992 682 4044 eisdem
730 3985 1058 4054 interpolata:
1097 3993 1236 4036 sunt.
1268 3981 1612 4046 Quamobrem
1651 3997 1767 4050 qua:
1812 3982 1948 4034 inter
1986 3982 2250 4049 epistolas,
2282 4000 2398 4054 quia
2425 3985 2500 4038 bis
2523 3987 2576 4038 in
2603 3989 2978 4056 exemplaribus
3009 3994 3143 4061 typis
3174 4010 3426 4063 expressw
3452 3997 3598 4050 inve-

382 4084 618 4144 niuntur,
649 4082 715 4134 ab
749 4080 946 4133 Isidoro
978 4077 1206 4145 profecta
1238 4075 1303 4125 sit
1332 4071 1694 4140 dijudicaturi,
1727 4086 2001 4123 caveamus
2030 4087 2226 4126 necesse
2253 4083 2347 4132 est.
2379 4083 2434 4126 ut
2462 4075 2624 4127 ullam
2656 4087 2926 4145 propterea
2956 4083 3233 4149 genuinam
3261 4099 3367 4138 esse
3394 4093 3602 4138 statua-

382 4193 497 4228 mus
517 4217 530 4237 ,
564 4174 811 4244 quoniam
855 4171 1088 4239 pluribus
1131 4167 1456 4220 contineatur
1497 4165 1681 4217 verbis.
1717 4163 1838 4218 Iltec
1865 4166 2002 4218 enim
2031 4167 2096 4218 ab
2126 4167 2492 4236 interpolatore
2521 4180 2616 4223 aut
2643 4171 2925 4241 glossatore
2951 4187 3162 4242 possunt
3197 4194 3303 4231 esse
3345 4181 3598 4250 profecta.

381 4267 540 4334 Cujus
569 4265 838 4319 sententia:
865 4264 1132 4316 veritatem
1180 4260 1448 4328 perspiciet
1490 4258 1630 4310 haud
1676 4259 1849 4322 dubie,
1879 4260 1968 4327 qui
1999 4259 2187 4313 Isidori
2219 4261 2420 4315 litteras
2467 4263 2604 4318 infra
2627 4282 2658 4318 a
2693 4282 2772 4319 me
2802 4269 2855 4320 in
2885 4269 3110 4322 mediunt
3137 4271 3370 4338 prolatas
3400 4281 3602 4326 attenta

383 4358 656 4429 perlegerit
686 4356 882 4409 animo.
916 4354 1142 4415 Etenim,
1175 4362 1228 4406 ut
1254 4352 1389 4405 idem
1418 4351 1506 4404 ille
1533 4350 1789 4420 Reisigius
1819 4352 2069 4406 intellexit
2093 4394 2108 4417 ,
2141 4355 2193 4407 in
2217 4355 2310 4408 illa
2341 4373 2456 4427 qua’
2483 4369 2557 4411 est
2588 4360 2708 4413 libri
2735 4364 2944 4416 secundi
2972 4364 3187 4432 epistola
3216 4365 3470 4436 glossator
3498 4368 3599 4420 ad-

382 4457 512 4509 didit
556 4455 784 4524 primum
816 4461 869 4503 ut
898 4450 957 4502 τὺ
982 4448 1227 4520 ἱερᾶσθαι
1273 4446 1594 4516 explicaret,
1622 4446 1775 4499 verba
1801 4447 1918 4500 τὺνι

2059 4449 2174 4502 ὂντα
2204 4446 2340 4504 εἶναι
2375 4453 2738 4525 πρεσϐύτερον
2757 4471 2770 4485 ·
2802 4458 2984 4511 deinde
3012 4460 3396 4528 perspicuitatis
3435 4475 3595 4513 causa

383 4562 666 4614 pronomen
707 4542 871 4596 αὐτόν
897 4541 1158 4610 ascripsit,
1189 4541 1425 4608 idemque
1453 4555 1546 4606 pro
1574 4539 1919 4592 ἀντεπιστέλλ

2062 4544 2170 4595 ιειιὶι
2211 4546 2498 4611 simplicius
2526 4548 2852 4618 deteriusque
2879 4551 3108 4621 φήσαιμι
3131 4567 3145 4583 ο
3179 4553 3417 4620 deinceps
3447 4560 3598 4622 μισο-

382 4643 620 4710 πονήρου
647 4635 1026 4703 interpretandi
1056 4649 1219 4686 causa
1248 4631 1650 4684 scholiastarum
1681 4647 1821 4684 mare
1844 4633 1918 4685 ad.

2077 4635 2170 4686 καὶ
2197 4635 2519 4703 φιλαγάθου,
2549 4647 2706 4704 atque
2743 4643 2966 4704 εἰκότως
3006 4646 3336 4698 commutavit
3367 4662 3484 4698 cum
3517 4645 3597 4701 δι-

385 4734 571 4794 καίως.
627 4730 806 4785 Classa
865 4728 1000 4780 enim
1043 4726 1184 4794 apud
1215 4725 1520 4793 Ilesychium
1551 4733 1598 4776 et
1628 4723 1847 4778 Suidam
1877 4741 1921 4777 ea

2073 4740 2094 4780 :
2122 4727 2348 4792 εἰκότως
2374 4750 2448 4781 =
2469 4730 2706 4795 δικαίως.
2735 4733 2877 4787 Idem
2931 4735 3269 4803 interpolator
3320 4737 3599 4791 inculcavit

3139 1171 3155 1196 ,
3173 1137 3523 1201 proscribendi
3545 1150 3594 1196 et

384 4828 528 4879 ἐστίν
574 4836 696 4878 ante
723 4825 888 4889 ἄξιος.
919 4821 1056 4875 Nam
1087 4821 1222 4889 quod
1250 4821 1319 4872 ad
1348 4829 1633 4872 extremum
1663 4836 1756 4886 pro
1785 4820 1920 4888 ἑκτρη

2066 4821 2140 4874 ὧν
2167 4825 2390 4890 positum
2448 4837 2521 4878 est
2569 4826 2935 4897 ἐκκωμῳδῶν,
2974 4829 3177 4881 videtur
3216 4845 3279 4884 ea:
3329 4831 3600 4900 scripture

383 4919 684 4972 diversitate
729 4916 1014 4984 profectum
1043 4928 1184 4976 esse;
1226 4926 1341 4974 qua’
1379 4919 1556 4962 autem
1586 4910 1813 4963 admista
1845 4911 1925 4964 διὸ
1955 4911 2050 4964 καὶ
2076 4942 2145 4954 -
2172 4916 2301 4978 θεός
2327 4933 2448 4968 acer
2476 4919 2694 4986 forsitan
2724 4919 3109 4986 interpolatoris
3156 4921 3363 4973 animus
3416 4932 3600 4990 suapte

384 5018 564 5076 sponte
621 5007 858 5059 videatur
912 5003 1165 5072 effudisse.
1207 4999 1268 5053 In
1324 5000 1574 5067 proximis
1630 4998 1861 5067 epistolis
1915 5011 2090 5054 autem
2132 5019 2164 5055 a
2208 5021 2289 5057 me
2316 5005 2495 5059 allatis
2525 5023 2588 5059 eo:
2615 5008 2744 5059 libro
2774 5025 2826 5071 v,
2858 5024 2938 5076 ep.
2968 5009 3091 5072 9.59,
3123 5017 3171 5061 et
3200 5024 3262 5061 ex
3293 5023 3363 5072 Iv,
3395 5026 3474 5078 ep.
3507 5011 3596 5075 56,

383 5101 702 5170 interpolata
763 5109 836 5151 est
891 5099 1036 5167 prior
1064 5097 1422 5148 additamenta
1446 5093 1714 5147 verborum
1747 5093 1882 5163 μετὰ
1913 5113 1919 5128 ι

2064 5097 2414 5166 >οληφοἦναι·
2465 5101 2764 5153 mutilatum
2807 5101 3030 5152 alteram
3079 5101 3282 5153 librarii
3323 5117 3496 5156 errore
3544 5104 3600 5156 in

393 5193 525 5261 μηδὲ
559 5188 989 5255 καταδεξάμενος
1017 5186 1189 5256 arguit
1219 5183 1595 5237 sententiarum
1622 5183 1776 5235 ratio.
1808 5183 1929 5236 Ante

2066 5185 2134 5237 im
2165 5186 2373 5238 videtur
2401 5188 2627 5254 positum
2659 5187 2814 5255 fuisse
2842 5188 2890 5239 oi.
2920 5187 2975 5239 δὲ
3005 5187 3077 5257 μὴ
3104 5187 3414 5258 διδαχθῆναι
3435 5205 3601 5243 κατα-

391 5282 692 5350 δεξάμενον..
725 5279 954 5350 Denique
981 5295 1141 5347 quam
1171 5276 1570 5330 commemoravi
1595 5275 1782 5329 (al.49
1811 5276 2086 5344 epistolam
2115 5278 2221 5331 272
2251 5279 2370 5332 libri
2403 5295 2438 5342 ι,
2471 5296 2588 5332 eam
2617 5289 2766 5347 putat
2798 5278 3050 5351 Iieisigius
3078 5290 3188 5349 post
3217 5282 3367 5335 illam
3394 5297 3507 5350 qua!
3522 5293 3600 5336 est

386 5372 506 5426 libri
541 5389 577 5434 ι,
606 5372 727 5431 505.
758 5373 1007 5439 scriptam
1033 5387 1168 5434 esse;
1196 5385 1359 5438 quare
1387 5369 1638 5441 γέγραφα
1667 5384 1762 5438 pro
1788 5368 1922 5440 γέγρ

1336 5385 1359 5422 e
1387 5369 1638 5441 γέγραφα
1667 5384 1762 5438 pro
1788 5368 2068 5440 γέγραφας
2090 5388 2153 5425 ex
2186 5389 2308 5426 mss.
2337 5375 2681 5426 revocandum
2711 5374 2872 5426 ducit.

451 5465 589 5520 Huic
616 5449 791 5518 aulism
820 5466 958 5534 parti
987 5465 1222 5518 secunda:
1257 5473 1358 5517 tres
1388 5464 1569 5520 addidi
1597 5464 1903 5532 appendices
1934 5465 2042 5536 (a);
2079 5482 2302 5534 quarum
2330 5467 2382 5519 in
2425 5467 2595 5534 prima
2633 5467 2769 5519 inter
2801 5465 3085 5533 complures
3113 5465 3302 5520 Isidori
3331 5467 3596 5537 epistolas,

448 5594 520 5656 (a)
550 5595 635 5682 'Er
669 5595 743 5643 his
767 5600 1046 5711 [ignoraret
1093 5597 1376 5656 secundam,
1410 5597 1524 5659 quia
1543 5596 1764 5645 addenda
1809 5604 1916 5646 erat
1947 5605 2230 5650 catenarum
2266 5613 2443 5649 recens
2482 5598 2721 5648 editurum
2753 5597 2968 5657 collatio,
2991 5598 3048 5647 ad
3080 5599 3259 5647 caiccm
3283 5597 3598 5660 epistolarum

387 5671 764 5710 auuiuuunuzus.
814 5679 820 5694 τ
867 5673 924 5707 ιτ.
1004 5675 1111 5707 nn.

453 5674 764 5709 muuuumus.
793 5674 924 5709 ωιτ.
967 5674 1111 5708 ι’ΔΪΒ.
