3890 6134
333 294 400 359 13⁷
1693 288 2097 348 ΡΒᾺΕΡᾺΤΙΟ.
3446 282 3512 347 ll

336 428 438 482 qua:
464 422 510 467 et
537 412 592 465 in
619 412 842 467 editione
875 408 1159 465 Parisiensi
1188 423 1404 472 excusa,
1429 416 1475 460 et
1505 423 1535 459 a
1566 415 1869 459 catenarum
1923 405 2216 459 auctoribus
2267 404 2486 472 prolata!
2524 411 2664 463 sunt,
2705 418 2763 454 eo
2792 400 3006 454 consilio
3034 399 3272 452 instituta
3302 410 3377 453 est
3408 396 3513 452 col-

266 554 273 561 ,
335 503 471 565 latio,
497 511 549 555 ut
596 502 791 555 multas
834 500 1065 569 ejusdem
1099 498 1343 567 epistolas
1397 514 1429 549 a
1483 495 1883 566 descriptoribus
1910 496 1980 548 ad
2007 495 2215 548 verbum
2245 510 2346 546 non
2374 510 2479 548 esse
2505 493 2790 561 descriptas
2818 491 3143 560 probaretur.
3175 489 3307 544 Sunt
3333 498 3513 545 autem

333 594 536 658 collatte,
566 610 682 665 qut:
699 595 769 647 ad
795 610 980 647 manus
1008 596 1172 661 fuere,
1202 593 1282 646 lue
1308 592 1529 646 Patrum
1556 590 1853 646 Grcecorum
1880 599 2079 644 catena
2107 605 2126 642 :

395 687 442 739 Ι.
471 685 638 754 Σειρὰ
672 685 811 751 ἐνὸς
846 686 945 739 καὶ
989 684 1363 754 πεντήκοντα
1386 682 1923 753 ὑπομηματιστῶν
1966 686 2053 749 εις
2088 683 2202 750 τὴν
2234 680 2624 751 Ὀκτάτευχον
2645 680 2742 735 καὶ
2768 681 2839 733 τὰ
2864 679 2982 733 τῶν
3012 675 3358 738 Daca/latim,
3398 676 3515 744 ἤδη

330 779 546 849 πρῶτον
598 782 807 846 τύποις
863 780 1209 845 ἐκδοθεῖσα,
1257 778 1497 844 ἀξιώσει
1534 780 1653 848 μὲν
1700 780 2028 849 Γρηῃορίου
2088 778 2482 847 Ἀλεξάνδρου
2534 779 2721 831 Γκίκα
2746 820 2760 843 ,
2800 777 3103 845 ἐπιμελείᾳ
3144 775 3211 827 δὲ
3257 774 3514 841 Νικηφό-

322 889 439 938 ρου.
472 871 589 927 Vol.
622 872 665 937 l,
694 873 760 926 ιι.
793 870 990 942 Lipsiae
1019 874 1176 928 me.

386 964 435 1020 2.
465 964 740 1035 Expositio
766 964 868 1019 PP.
898 966 1202 1021 Grmcorum
1232 966 1286 1020 in
1314 965 1553 1021 Psalmos
1580 980 1611 1020 a
1641 963 1947 1019 Balthasarc
1974 964 2232 1019 Cordcrio
2260 964 2602 1017 concinnata.
2638 962 2899 1028 Antuerp.
2940 960 3092 1012 1645.

384 1057 434 1110 5.
461 1056 661 1111 Catena
688 1055 994 1113 Gmcorum
1026 1057 1127 1112 PP.
1158 1058 1213 1112 in
1243 1059 1459 1112 beatum
1487 1056 1587 1111 Job
1614 1056 1900 1110 collectore
1928 1055 2131 1115 Niceta,
2166 1056 2220 1109 in
2250 1053 2424 1107 lucem
2454 1054 2595 1108 edita
2624 1067 2787 1121 opera
2816 1062 2869 1105 ct
2897 1052 3075 1105 studio
3104 1046 3318 1102 Patricii
3346 1044 3514 1100 Junii.

324 1142 477 1198 Lund.
507 1144 669 1199 1557.

379 1235 428 1289 4.
458 1234 727 1307 Symbolzc
752 1236 1058 1293 Graecorum
1089 1236 1191 1291 PP.
1224 1238 1277 1291 in
1324 1238 1635 1293 Mattlneum
1664 1238 1873 1291 collata:
1902 1254 1930 1291 a
1960 1237 2277 1291 Balthasare
2306 1237 2566 1292 Corderio
2594 1246 2649 1290 et
2676 1235 2836 1289 Petro
2864 1235 3112 1290 Possino.
3144 1233 3326 1289 Tolos.
3358 1231 3515 1289 1646.

323 1323 427 1380 Vol.
456 1325 495 1389 Ι,
525 1326 600 1381 ll.

378 1418 426 1475 5.
453 1420 660 1477 Catena
690 1420 791 1477 PP.
824 1420 1128 1479 Graecorum
1160 1424 1212 1478 in
1243 1424 1299 1479 S.
1329 1424 1593 1480 Joannem
1621 1426 1675 1480 in
1705 1425 1881 1481 lucem
1910 1425 2052 1481 edita
2083 1440 2112 1479 a
2146 1425 2319 1480 Balth.
2353 1425 2639 1481 Corderio.
2671 1425 2935 1493 Antucrp.
2969 1422 3127 1477 1650.

375 1508 422 1566 6.
449 1511 710 1569 Cotelerii
738 1513 1082 1570 Monumenta
1112 1516 1363 1571 Ecclesiae
1392 1517 1610 1572 Graecas.

377 1598 764 1674 Conferentibus
792 1616 967 1661 autem
997 1608 1139 1662 nobis
1168 1625 1299 1678 quas
1332 1611 1502 1677 primo
1518 1620 1566 1664 et
1595 1621 1781 1679 quarto
1810 1610 1919 1665 loco
1949 1609 2335 1666 numeravimus
2362 1610 2581 1666 Patrum
2613 1620 2842 1671 catenas,
2862 1608 3195 1663 occurrebant
3226 1606 3518 1676 fragmenta

320 1690 374 1742 ab
402 1693 616 1749 illarum
644 1698 943 1752 auctoribus
970 1698 1171 1753 Isidoro
1201 1709 1372 1753 nostro
1400 1702 1650 1771 ascripta,
1682 1719 1795 1772 qua:
1816 1740 1833 1768 ,
1855 1719 1969 1757 cum
1998 1704 2090 1757 diu
2118 1704 2438 1774 multumque
2462 1704 2517 1757 in
2540 1702 2877 1774 epistolarum
2905 1701 3060 1770 hujus
3088 1698 3184 1753 viri
3212 1694 3520 1751 editionibus

320 1785 495 1851 {rustra
524 1790 873 1859 qutesiverim,
904 1792 1037 1861 typis
1065 1791 1399 1859 exprimenda
1430 1794 1746 1847 curavimus.
1779 1794 1891 1849 Etsi
1920 1797 2157 1865 equidem
2186 1813 2287 1849 non
2315 1796 2680 1865 afﬁrmaverim
2710 1812 2771 1849 ne
2800 1811 2961 1848 unum
2992 1794 3197 1863 quidem
3225 1792 3362 1844 inter
3406 1806 3519 1842 om-

321 1880 397 1931 nia
421 1881 524 1935 hare
552 1884 850 1952 fragmenta
880 1901 1038 1955 neque
1065 1886 1121 1938 in
1148 1884 1337 1939 Isidori
1366 1887 1614 1955 epistolis,
1647 1904 1810 1957 neque
1836 1890 1979 1957 apud
2007 1889 2173 1943 alium
2199 1891 2499 1958 scriptorem
2527 1890 2774 1959 reperiri,
2805 1898 2982 1942 tamen
3010 1904 3127 1941 cum
3156 1886 3298 1939 illius
3324 1885 3519 1954 scripta

320 1982 500 2028 attento
550 1974 863 2046 perlegerim
911 1978 1087 2031 animo
1124 1977 1426 2039 identidem,
1459 1995 1619 2050 neque
1644 1981 1698 2034 in
1727 1982 1851 2050 ipsis
1881 1983 2185 2053 fragmentis
2213 1984 2349 2053 quod
2376 1982 2607 2051 ejusdem
2634 1982 2897 2053 cogitandi
2926 1990 3017 2035 aut
3045 1980 3299 2035 scribendi
3326 1979 3520 2032 rationi

323 2076 546 2136 repugnet
578 2067 881 2132 invenerim,
931 2068 1083 2122 liceat
1134 2069 1261 2122 mihi
1293 2070 1468 2123 omnia
1497 2087 1559 2123 ea
1588 2072 1652 2125 ab
1680 2071 1881 2126 Isidoro
1906 2076 2136 2143 profecta
2166 2090 2272 2128 esse
2300 2077 2483 2128 tandiu
2513 2074 2836 2131 contendere.
2868 2073 2993 2126 dum
3021 2072 3236 2125 meliora
3267 2086 3368 2123 non
3395 2070 3519 2123 edo-

319 2168 420 2213 ctus
441 2178 553 2215 sum
583 2180 621 2215 a
650 2179 929 2233 quoquam.
958 2193 1025 2204 -—
1052 2162 1115 2217 In
1137 2165 1358 2217 secunda
1388 2181 1505 2218 vero
1532 2166 1687 2235 hujus
1716 2168 1882 2236 partis
1911 2170 2191 2238 uppendice
2219 2171 2519 2223 enumeravi
2550 2178 2758 2222 catenas
2782 2168 3101 2237 Petrumque
3125 2167 3380 2220 dictorum
3410 2164 3521 2236 syl-

318 2252 448 2320 logas
474 2256 583 2309 sive
615 2254 839 2324 eclogas,
873 2272 986 2325 qua:
1015 2256 1244 2308 nondum
1296 2256 1447 2310 editce
1474 2257 1528 2309 in
1555 2258 1870 2313 bibliothecis
1898 2270 2249 2324 asservantur,
2280 2262 2336 2313 in
2382 2260 2663 2330 quibusque
2697 2259 2885 2313 Isidori
2913 2268 3119 2312 exstant
3147 2268 3240 2311 aut
3270 2256 3517 2327 epistola,

318 2358 397 2400 aut
426 2349 770 2417 epistolarum
800 2349 1112 2418 fragmenta.
1135 2376 1201 2387 —
1230 2347 1292 2401 In
1324 2352 1476 2402 tertia
1506 2351 1744 2422 denique,
1774 2367 1890 2420 quae
1918 2353 2045 2405 mihi
2082 2354 2143 2406 de
2171 2352 2507 2419 epistolarum
2536 2352 2872 2405 innatuerunt
2913 2353 3170 2406 codicibus
3209 2352 3443 2420 exposui,
3469 2359 3521 2405 et

316 2441 573 2493 occasione
614 2440 740 2492 data
772 2456 824 2509 p.
858 2439 957 2493 145
984 2440 1254 2509 scriptura:
1283 2439 1631 2495 diversitatem
1663 2461 1689 2495 e
1717 2445 1889 2497 codice
1912 2444 2174 2506 Gudiano,
2199 2461 2348 2512 quem
2370 2461 2573 2497 summa
2604 2445 2886 2498 doctissimi
2915 2444 3094 2499 Eberti
3123 2445 3249 2498 mihi
3278 2443 3522 2498 concessit

319 2537 617 2602 liberalitas,
645 2539 919 2609 diligenter
945 2541 1209 2593 adnotavi.
1720 2598 1729 2607 ,

381 2630 548 2685 Tertia
575 2640 757 2684 autem
789 2631 1233 2685 commentationis
1250 2648 1391 2700 pars,
1430 2632 1483 2683 in
1507 2646 1609 2700 qua
1650 2631 1712 2682 de
1752 2629 1938 2682 Isidori
1967 2630 2142 2698 agitur
2169 2632 2404 2683 doctrina
2426 2671 2439 2695 ,
2472 2632 2527 2683 in
2563 2632 2666 2685 tria
2692 2640 2813 2700 apte
2838 2631 3000 2685 dividi
3028 2634 3195 2698 potuit
3220 2635 3417 2703 capita.
3458 2633 3523 2689 In

324 2721 473 2787 primo
499 2722 664 2787 enim,
695 2721 819 2789 quid
843 2712 1013 2774 illede
1041 2722 1363 2792 gravissimis
1385 2721 1707 2791 dogmatibus
1728 2722 1967 2785 senserit,
1999 2721 2322 2774 declaratum
2358 2732 2450 2785 est,
2480 2723 2553 2775 ita
2578 2723 2802 2791 quidem,
2841 2733 2896 2775 ut
2925 2724 3153 2791 primum
3179 2727 3303 2794 quid
3326 2727 3389 2779 de
3409 2728 3525 2795 fon-

325 2811 443 2865 tibus
463 2812 731 2883 religionis
758 2810 1086 2877 Christiana,
1118 2813 1243 2882 quid
1270 2811 1452 2864 deinde
1474 2811 1537 2864 de
1560 2810 1688 2875 Deo,
1712 2820 1821 2863 tum
1847 2811 1971 2880 quid
1989 2812 2052 2864 de
2080 2811 2304 2865 consiliis
2327 2822 2374 2865 et
2404 2812 2655 2867 institutis
2674 2813 2860 2866 divinis
2879 2853 2893 2877 ,
2914 2830 3029 2884 qute
3056 2816 3126 2867 ad
3147 2817 3412 2889 hominum
3431 2834 3523 2871 sa-

325 2905 470 2957 lutem
509 2922 604 2973 per
632 2903 817 2958 Iesum
852 2902 1112 2959 Christum
1152 2905 1504 2971 reparandum
1546 2910 1777 2970 spectant
1801 2940 1816 2963 ,
1849 2902 1974 2970 quid
2005 2902 2223 2971 denique
2256 2904 2319 2955 de
2346 2903 2493 2955 rebus
2528 2904 2719 2973 futuris
2740 2905 2983 2957 statuerit
3012 2905 3119 2970 ille,
3152 2908 3404 2963 traditum
3430 2912 3519 2965 sit.

324 2997 398 3051 De
420 2998 599 3064 quibus
630 2995 863 3050 omnibus
892 2996 1004 3063 ejus
1030 2997 1339 3049 sententiam
1364 3004 1608 3048 accurate
1632 2994 1839 3062 quidem
1869 2994 2212 3061 exposuimus,
2228 3005 2382 3065 atque
2403 2995 2709 3065 gravissima
2740 2997 2969 3064 ejusdem
2998 2997 3061 3052 de
3079 3001 3257 3069 quovis
3283 3002 3525 3071 dogmate

329 3089 459 3141 dicta
502 3089 557 3140 in
581 3087 713 3141 notis
741 3087 875 3156 typis
914 3086 1249 3154 exprimenda
1294 3085 1623 3145 curavimus;
1664 3083 1753 3135 sed
1783 3099 1845 3133 ne
1875 3084 2030 3136 nimis
2061 3084 2211 3154 longa
2242 3085 2407 3137 omnis
2426 3085 2533 3136 hcec
2551 3084 2693 3151 ﬁeret
2723 3086 3017 3155 disquisitio
3035 3128 3049 3152 ,
3080 3105 3242 3159 neque.
3261 3090 3525 3159 judicium

336 3180 616 3243 adiectum,
646 3196 800 3249 neque
838 3180 1081 3233 instituta
1124 3186 1195 3231 est
1225 3193 1338 3230 cum
1380 3175 1607 3244 placitis,
1636 3191 1752 3244 qute
1780 3174 1897 3226 aliis
1936 3175 2164 3243 ejusdem
2184 3177 2279 3229 wvi
2307 3175 2555 3229 Patribus
2584 3186 2794 3246 accepta
2823 3179 3052 3247 fuerunt,
3085 3183 3429 3250 comparatio.
3455 3212 3526 3224 —

335 3268 398 3323 In
426 3273 637 3324 secundo
659 3288 770 3325 vero
793 3271 948 3339 hujus
974 3269 1141 3338 partis
1169 3268 1336 3336 capite
1362 3267 1589 3320 diximus
1614 3266 1677 3318 de
1724 3264 1923 3318 Isidoro
1952 3265 2261 3335 apologeta;
2290 3266 2467 3334 itaque
2494 3267 2725 3336 ejusdem
2752 3276 2933 3323 contra
2962 3270 3207 3334 ethnicos,
3237 3272 3446 3327 Judceos
3474 3285 3523 3327 et

325 3360 583 3415 luereticos
625 3362 920 3431 disputandi
972 3362 1109 3415 ratio
1156 3361 1335 3429 paucis
1393 3359 1663 3412 declarata
1708 3368 1802 3413 est.
1824 3389 1888 3399 -—
1919 3358 1979 3411 In
2010 3360 2160 3412 tertio
2185 3360 2403 3430 denique
2430 3360 2492 3413 de
2514 3359 2718 3414 Isidoro
2750 3362 2949 3431 egimus
2978 3362 3226 3417 librorum
3253 3383 3523 3420 sacrorum

322 3455 623 3524 interprete,
671 3467 827 3527 atque
874 3458 1106 3527 pluribus
1154 3458 1371 3526 probare
1421 3456 1593 3509 conati
1648 3472 1825 3510 sumus
1881 3456 2147 3526 exemplis,
2194 3472 2311 3509 eum
2368 3471 2527 3525 neque
2573 3458 2781 3511 omnino
2825 3462 3194 3527 spernendum,
3238 3461 3315 3513 uti
3341 3460 3524 3517 Croius

319 3558 620 3602 censuerunt
660 3556 709 3601 et
754 3551 1093 3602 Heumannus
1114 3586 1128 3612 ,
1154 3562 1313 3615 neque
1358 3545 1573 3614 dignum
1605 3560 1710 3597 esse
1753 3543 1991 3598 laudibus
2020 3546 2203 3614 quibus
2232 3562 2264 3595 a
2306 3544 2532 3612 Dupinio
2553 3585 2568 3609 ,
2601 3544 2809 3599 Simone
2839 3555 2887 3599 et
2927 3546 3341 3603 Rosenmuellero
3368 3566 3523 3605 exor-

321 3654 489 3704 natur.

384 3744 485 3801 Sed
509 3751 553 3803 si
582 3750 699 3820 quis
728 3749 859 3818 forte
886 3762 967 3799 me
992 3743 1351 3813 reprehendat,
1380 3741 1514 3803 quod
1544 3740 1731 3801 ethica,
1764 3750 1878 3805 qua:
1903 3732 2041 3786 dedit
2063 3730 2151 3783 ille
2180 3740 2458 3799 prazcepta,
2489 3732 2697 3784 omnino
2727 3732 3057 3799 neglexerim,
3088 3735 3131 3787 is
3159 3735 3415 3806 intelligat
3434 3754 3524 3791 ve-

318 3838 408 3892 lim
437 3858 518 3894 me
544 3840 833 3909 separatim
878 3837 1082 3907 quidem
1125 3835 1187 3888 de
1221 3834 1297 3887 his
1327 3850 1427 3886 non
1455 3834 1616 3901 egisse
1640 3870 1655 3894 ,
1684 3829 1771 3882 sed
1798 3827 1854 3879 in
1881 3838 2188 3893 unaquaque
2215 3824 2663 3877 commentationis
2692 3834 2858 3892 parte,
2892 3841 3005 3892 quae
3034 3827 3103 3877 ad
3134 3844 3335 3881 morum
3362 3830 3523 3898 perti—

318 3942 469 3984 neant
495 3931 790 3984 doctrinam
810 3969 827 3994 ,
857 3942 1121 3981 recurrere
1146 3924 1334 3979 Isidori
1356 3924 1573 3993 placita.
1599 3920 1709 3984 Quo
1725 3917 1943 3981 accedit,
1970 3923 2025 3967 ut
2054 3914 2142 3984 qui
2162 3913 2269 3966 hazc
2284 3914 2337 3966 in
2353 3924 2578 3983 systema
2608 3915 2729 3969 velit
2749 3917 2977 3987 redigere
2995 3958 3010 3981 ,
3040 3935 3241 3971 omnem
3260 3920 3402 3974 haud
3426 3924 3523 3976 du-

315 4019 393 4073 bie
420 4021 718 4089 perditurus
749 4018 815 4071 sit
843 4032 1073 4085 operam,
1104 4031 1220 4067 cum
1244 4014 1494 4075 Isidorus,
1523 4027 1616 4080 pro
1644 4007 1845 4062 consilii
1873 4005 2077 4059 ratione
2110 4020 2230 4057 mox
2256 4005 2389 4058 hanc
2414 4007 2656 4059 virtutem
2674 4047 2689 4071 ,
2722 4022 2841 4059 mox
2868 4006 3017 4060 illam
3035 4049 3047 4071 ,
3076 4025 3194 4062 mox
3235 4012 3521 4079 complures

312 4114 601 4180 primarias
648 4127 757 4166 esse
795 4110 1046 4164 docuerit.
1075 4107 1330 4163 therum
1360 4105 1525 4158 multa
1553 4118 1667 4172 qua:
1710 4102 1806 4154 huc
1832 4106 2065 4168 spectant
2108 4097 2285 4150 attulit
2308 4096 2551 4151 Neander
2582 4096 2637 4150 V.
2668 4095 2723 4150 V.
2759 4099 2813 4150 in
2836 4098 2964 4152 libro
2989 4100 3052 4153 de
3078 4099 3277 4156 Joanne
3299 4102 3520 4174 Chrysa-

310 4212 495 4267 stomo,
533 4220 685 4273 opere
711 4218 812 4255 non
839 4201 1007 4253 minus
1036 4215 1193 4267 quam
1222 4197 1403 4250 veteris
1426 4195 1565 4247 illius
1589 4193 1683 4246 viri
1712 4189 2025 4261 cognominis
2052 4204 2231 4241 aureo.

378 4298 607 4351 Tantum
638 4297 799 4366 igitur
822 4303 1019 4355 restat,
1051 4300 1105 4344 ut
1140 4296 1202 4343 de
1225 4291 1494 4357 scriptura:
1522 4286 1817 4341 diversitate
1835 4323 1848 4345 ,
1877 4296 1990 4350 qua:
2008 4321 2022 4342 ,
2058 4280 2143 4333 ubi
2172 4280 2350 4335 Grazca
2389 4280 2576 4333 Isidori
2601 4282 2753 4335 verba
2784 4298 2816 4335 a
2847 4284 2989 4337 nobis
3016 4284 3183 4338 allata
3216 4298 3368 4350 sunt,
3393 4290 3518 4343 dili-

308 4396 490 4456 genter
522 4389 778 4440 adnotata
828 4395 921 4445 est,
945 4398 1113 4451 pauca
1140 4383 1393 4433 dicamus.
1426 4377 1596 4441 Quam
1632 4377 1742 4429 cod.
1775 4374 1905 4427 Bav.
1927 4372 2241 4439 scripturam
2280 4372 2570 4424 notavimus
2593 4412 2608 4436 ,
2645 4388 2707 4425 ea
2749 4390 2813 4426 ea:
2850 4376 3072 4430 editione
3107 4376 3518 4434 Rittershusiana

310 4478 400 4548 (cf.
436 4496 492 4547 p.
524 4479 614 4545 '57)
651 4477 869 4545 repetita
919 4484 1014 4529 est.
1056 4473 1275 4542 Reliqua
1314 4487 1375 4524 es:
1424 4469 1569 4523 Petri
1623 4466 1825 4521 Possini
1889 4463 2259 4518 Collationibus
2287 4462 2595 4516 Isidorianis
2641 4463 2730 4534 (cf.
2762 4481 2817 4532 p.
2847 4465 2915 4521 59
2943 4478 3063 4535 etp.
3092 4468 3178 4537 40)
3212 4472 3515 4541 deprompta

305 4584 460 4635 sunt;
485 4590 604 4639 qua:
625 4589 811 4626 novam
837 4572 1024 4623 harum
1048 4567 1382 4633 epistolarum
1414 4563 1687 4616 editionem
1716 4559 1919 4613 curanti
1948 4558 2190 4610 maximae
2219 4556 2358 4609 haud
2385 4556 2536 4609 dubie
2556 4568 2704 4610 erunt
2727 4560 2965 4613 utilitati.
2996 4561 3150 4615 Recte
3178 4565 3313 4617 enim
3348 4565 3436 4618 ille
3464 4568 3518 4619 in

306 4666 640 4734 praefatione,
672 4663 1043 4733 Corriguntur,
1074 4660 1276 4728 inquit,
1306 4672 1369 4710 ex
1398 4656 1485 4709 his
1512 4653 1705 4708 menda
1750 4650 2187 4709 innumerabilia,
2216 4647 2329 4703 veri
2357 4664 2467 4703 non
2496 4659 2653 4705 antea
2696 4651 3008 4722 introspecti
3051 4655 3365 4723 aperiuntur
3392 4674 3518 4712 sen-

306 4772 399 4811 sus
426 4756 671 4811 auctoris
690 4794 705 4819 ,
736 4753 861 4809 nodi
892 4747 1280 4822 perplexissimi
1308 4747 1659 4807 extricantur,
1692 4743 1855 4796 multa
1896 4757 2024 4795 casu
2053 4739 2248 4795 omissa
2290 4749 2347 4794 ct
2392 4740 2460 4796 ad
2489 4742 2815 4796 sententiam
2843 4746 3147 4799 necessaria
3178 4749 3513 4818 supplentur.

305 4852 433 4916 Quae
461 4871 584 4906 cum
611 4854 686 4905 ita
716 4852 840 4915 sint,
874 4859 929 4902 ut
954 4848 1144 4918 aliquis
1171 4844 1360 4900 Isido'ri
1387 4842 1633 4912 epistolas
1656 4842 1820 4893 denuo
1852 4839 2034 4891 edendi
2072 4837 2318 4905 suscipiat
2369 4854 2573 4905 munus,
2605 4840 2889 4907 optandum
2917 4848 3014 4908 est,
3044 4858 3163 4909 quo,
3196 4844 3243 4897 si
3266 4846 3373 4899 haec
3401 4863 3516 4901 mea

305 4942 523 5009 scriptio
557 4940 756 5009 aliquid
787 4936 959 4991 laudis
987 4942 1338 5003 consequetur,
1366 4932 1472 4998 ipse
1501 4931 1689 4998 fungar
1715 4926 2077 4979 lubentissime.

374 5074 647 5144 Scriptum
675 5071 823 5126 Ilalis
854 5083 1020 5123 mense
1048 5063 1328 5121 Februario
1360 5058 1741 5115 MDCCCXXV.
