3890 6134
336 282 402 346 ιτ
1550 298 1726 358 vm
1765 296 2051 357 ISIDORI
2084 294 2341 355 PELUS.
3482 282 3560 344 1s

333 403 546 460 verunt,
579 405 702 468 post
729 415 928 472 eosque
952 405 1229 462 Fabricius
1242 407 1342 478 (aI,
1361 408 1708 465 Heumannns
1734 409 1804 479 (ὁ)
1831 419 1885 464 et
1913 415 1958 469 Α
1985 416 2085 462 rat.
2110 406 2246 462 Cum
2272 420 2423 466 vero,
2455 403 2597 474 quod
2619 403 2729 472 jam
2767 419 2796 456 a
2821 401 3171 456 Tillemontlo
3201 399 3546 454 observatum

339 484 440 542 Sch
449 489 718 548 rmckbins
734 497 798 564 te)
812 497 1200 566 ,compluribus
1222 500 1277 554 in
1305 501 1436 558 locis
1448 502 1887 574 Chrysostomum

337 577 576 635 imitatus
604 593 706 649 est,
737 587 893 657 cujus
935 591 1134 661 scripta
1178 591 1464 664 diligenter
1491 596 1704 651 videtur
1733 595 1887 650 lecti—

339 679 478 724 tasse
500 671 599 740 (τι).
641 674 781 729 Hinc
807 679 1046 734 narratio
1095 681 1185 735 illa
1229 682 1486 739 facillime
1515 685 1689 754 potuit
1718 684 1844 738 oriri
1872 702 1887 746 ι

337 760 514 830 itaque
537 779 660 818 cum
688 767 914 822 aliorum
936 771 1257 841 scriptorum
1281 774 1424 827 nulla
1450 775 1710 829 accedant
1738 773 1891 828 testi-

338 852 537 917 monia,
565 871 673 909 non
709 867 911 915 temere
939 870 1191 931 tanquam
1229 879 1352 918 vera
1395 864 1739 934 suscipienda
1783 873 1888 918 est.

404 943 626 1000 Constat
654 958 836 1006 autem
870 952 1132 1009 Isidornm
1173 955 1559 1010 monasterium
1609 956 1662 1010 in
1708 964 1891 1010 monte

338 1048 441 1086 non
464 1038 651 1104 procul
675 1054 705 1092 a
724 1038 939 1097 Pelusio
965 1045 1118 1106 urbe,
1139 1045 1281 1099 unde
1303 1045 1571 1100 Pelusiota
1597 1046 1666 1116 (e)
1689 1045 1888 1109 dictus,

335 1123 494 1178 situm
524 1127 745 1184 adiisse.
773 1130 906 1186 Nam
948 1133 993 1187 si
1025 1149 1091 1188 ex
1123 1150 1191 1190 eo
1221 1136 1362 1205 quod
1391 1136 1649 1192 Leontius
1687 1135 1891 1206 Byzan-

1990 498 2148 554 video
2171 499 2272 569 (η),
2301 512 2364 551 ex
2383 497 2605 565 epistola
2627 495 2746 550 libri
2771 495 2928 564 primi
2954 494 3183 564 septima
3205 501 3260 547 et
3276 488 3550 545 tricesima

1989 597 2203 645 constet
2249 589 2510 644 lsiderum
2569 587 2765 642 Pelusii
2819 587 2875 641 in
2928 587 3040 656 ipsa
3068 586 3202 640 urbe
3249 600 3359 639 non
3399 581 3554 639 habi-

1991 693 2134 738 tasse
2185 682 2284 754 (ο),
2317 681 2566 752 equidem
2623 680 2771 734 illum
2823 679 2988 748 hujus
3037 677 3274 732 cmnobii
3319 676 3550 731 incolam

1990 776 2156 830 fuisse
2201 774 2452 828 arbitror.
2506 772 2690 842 Neque
2737 771 2986 826 dubitare
3047 783 3357 839 possumus,
3419 766 3548 836 quiti

1990 863 2403 926 monasterium,
2442 862 2599 930 cujus
2645 859 2822 914 incola
2861 859 2965 914 fuit
2997 859 3254 922 Isidorus,
3283 857 3338 910 in
3369 865 3553 910 monte

1990 955 2152 1008 situm
2202 954 2388 1017 luerit,
2418 954 2699 1023 quoniam,
2747 960 2808 1006 ut
2847 960 2999 1006 notat
3043 948 3395 1004 Henmannus
3445 944 3550 1016 (p),

1991 1045 2261 1100 Pelusiota
2305 1046 2442 1116 ipse,
2488 1043 2774 1114 quemdam
2818 1043 2885 1097 ad
2928 1043 3090 1095 vitam
3115 1040 3412 1096 adhortans
3437 1053 3554 1092 mo-

1991 1133 2273 1196 nasticam,
2303 1148 2467 1202 quam
2499 1131 2856 1202 phil050phite
2885 1130 3107 1185 nomine
3136 1145 3242 1200 pro
3264 1144 3416 1183 more
3451 1128 3564 1183 lin--

336 1214 482 1269 tinus
509 1218 576 1287 (ι’)
616 1233 742 1274 eum
772 1222 1017 1278 nominat
1061 1225 1359 1290 eremitam,
1407 1227 1656 1297 quodque
1683 1225 1797 1296 ipse
1835 1224 1889 1278 in
1985 1222 2075 1291 jus
2096 1221 2514 1292 posteriorisque
2561 1219 2663 1275 avi
2694 1221 3020 1290 scriptorum
3066 1218 3553 1275 ecelesiasticormn

336 1305 560 1373 epistola
594 1309 660 1363 ad
693 1309 1074 1368 Thaumasinm
1105 1314 1184 1384 (g)
1212 1315 1557 1388 ἀναχώρησιν
1580 1331 1728 1370 suam
1747 1329 1894 1369 eom-
1990 1321 2146 1368 ornat
2166 1329 2536 1384 sarpenumero
2559 1311 2654 1383 (qi.
2679 1313 2760 1367 Ad
2795 1323 3033 1367 montem
3054 1321 3322 1377 nostrum,
3345 1311 3547 1380 inquit,

337 1407 632 1466 memorat,
663 1401 1031 1470 conjecturam
1087 1405 1294 1460 faceres
1335 1422 1459 1460 eum
1498 1406 1664 1460 fuisse
1694 1403 1894 1460 eremi-
1993 1414 2048 1460 te
2076 1405 2285 1468 confer,
2311 1414 2372 1458 nt
2397 1405 2591 1458 animae
2620 1413 2726 1458 tua:
2757 1403 2914 1458 saluti
2938 1403 3190 1458 consulas
3217 1403 3309 1472 (r).
3335 1431 3404 1443 --
3434 1402 3562 1471 Ipse

338 1496 446 1543 tam
473 1490 575 1558 (Ii),
597 1506 780 1546 avero
801 1494 920 1550 sine
940 1496 1106 1550 dubio
1131 1498 1428 1552 aberrares.
1450 1498 1662 1552 Etenim
1693 1497 1809 1567 ipse
1839 1497 1894 1552 in
1997 1515 2124 1553 vero
2152 1507 2370 1552 austero
2396 1497 2522 1552 huic
2568 1495 2782 1550 vivendi
2817 1494 3004 1566 generi
3051 1495 3125 1548 ita
3165 1493 3378 1548 deditus
3415 1501 3552 1555 erat,

335 1578 563 1649 epistola
592 1580 660 1635 ad
677 1580 1030 1641 Tabennesia:
1057 1588 1354 1642 monachos
1372 1589 1494 1643 data
1516 1589 1580 1657 (ἱ)
1629 1603 1688 1642 se
1707 1603 1896 1642 mona-
1994 1601 2062 1646 ut-
2095 1590 2322 1645 Joannis
2352 1588 2607 1658 Baptistae
2636 1587 2946 1658 exemplum
2992 1586 3244 1640 omnibus
3274 1585 3558 1640 monachis

336 1670 500 1723 chum
533 1682 834 1742 nuncupat,
866 1675 1158 1746 scribitque
1198 1679 1460 1750 Calliopio
1491 1680 1558 1750 {j)
1613 1695 1672 1734 se
1711 1680 1894 1736 relicta
1997 1681 2312 1736 imitandum
2343 1689 2668 1750 proponeret
2710 1679 2812 1748 (s),
2879 1689 3042 1748 atque
3077 1677 3321 1748 ingentes
3360 1677 3559 1748 gratias

334 1760 446 1815 vita
475 1763 681 1819 urbana
710 1766 909 1822 adiisse
947 1770 1526 1840 monasterium;quod
1554 1781 1614 1826 ut
1641 1771 1894 1828 Cratinus
1932 1752 1971 1806 Β
1998 1782 2052 1825 et
2083 1780 2264 1842 ageret
2293 1780 2348 1825 et
2386 1769 2611 1825 haberet
2633 1767 2840 1823 Zenoni
2887 1769 3198 1836 presbytero
3226 1768 3311 1835 (ι),
3351 1766 3562 1836 quippe“

334 1851 594 1919 imitetur,
619 1856 766 1910 hunc
791 1857 893 1912 alia
921 1857 975 1912 in
997 1859 1220 1929 epistola
1251 1860 1323 1932 (k)
1351 1877 1674 1933 magnopere
1693 1863 1894 1919 adhor-
2000 1862 2090 1932 qui
2124 1864 2301 1916 tunica
2326 1861 2393 1915 ab
2419 1863 2534 1930 ipso
2560 1861 2827 1930 postulata
2861 1858 3150 1921 effecisset,
3176 1865 3236 1910 ut
3265 1855 3361 1910 δύο
3394 1854 3558 1926 χιτῶ-

337 1954 498 2000 tatur.
543 1977 601 1986 —-
673 1947 873 2004 Deinde
912 1966 977 2004 ex
1019 1951 1298 2021 scripturae
1349 1953 1680 2016 diversitate,
1732 1971 1890 2026 quam

2000 1972 2094 2018 νας
2122 1955 2222 2007 οὐκ
2255 1953 2392 2023 ἔχων
2418 1951 2509 2004 τὸν
2549 1952 2708 2021 νόμον
2733 1949 2825 2004 τοῦ
2875 1947 3179 2002 Βαπτιστοῦ
3229 1949 3307 2019 (u)
3340 1947 3568 2018 explere

334 2036 597 2091 exhibent
622 2039 791 2094 codex
823 2038 996 2095 Vatic.
1029 2040 1152 2108 649,
1186 2054 1240 2098 et
1267 2044 1494 2099 Altaem.
1540 2045 1754 2101 titulum
1780 2046 1896 2117 epi-

335 2128 487 2180 stolae
519 2129 642 2183 libri
685 2129 843 2200 primi
876 2133 1189 2190 centesimae
1230 2137 1685 2209 quinquagesimae
1712 2141 1776 2210 (ι)
1815 2141 1896 2196 sic

334 2220 652 2289 supplentes
683 2239 696 2275 :
729 2223 1094 2297 Μοναπηρίῳ
1127 2227 1234 2298 πρὸ
1256 2229 1347 2282 τοῦ
1388 2230 1708 2301 Πηλουσίου,
1736 2242 1887 2287 extra

335 2311 523 2364 urbem
579 2315 745 2367 situm
790 2314 958 2370 fuisse
1003 2320 1388 2375 monasterium
1441 2323 1714 2393 quoddam
1770 2324 1897 2379 licet

335 2399 604 2460 colligere.
633 2402 858 2458 Accedit
885 2406 1253 2464 testimonium
1293 2411 1600 2485 Hieronymi
1633 2414 1760 2485 (ιη),
1796 2415 1890 2485 qui

335 2489 390 2543 S.
411 2491 742 2547 Hilarionem
764 2493 1038 2552 Pelusium
1057 2499 1275 2568 adiisse,
1301 2501 1482 2574 ibique
1506 2504 1698 2560 fratres
1717 2506 1772 2560 in
1796 2506 1892 2561 de.

334 2594 479 2640 serto
505 2601 616 2640 non
651 2587 837 2657 procul
864 2587 932 2642 ab
964 2590 1097 2646 urbe
1143 2591 1449 2651 habitantes
1478 2596 1726 2653 visitasse
1760 2614 1890 2653 nar-

338 2833 441 2905 pla,
469 2847 702 2913 quorum
735 2847 924 2913 unum,
961 2841 1022 2887 nt
1055 2832 1282 2913 lectores
1300 2833 1371 2913 de
1395 2834 1583 2913 liaere
1614 2834 1713 2904 ipsi
1739 2834 1884 2904 judi-

341 2903 458 2990 care
490 2903 854 2990 possint-“huc
883 2904 1239 2990 transcribere
1264 2903 1886 2990 placet.Chrvs’ostom.us

344 2974 483 3027 hom.
522 2989 574 3025 iv
603 2973 668 3025 ad
697 2972 850 3025 Rom.
885 2990 897 3025 :
931 2975 1005 3025 Οὺ
1031 2973 1157 3042 γὰρ.
1188 2974 1378 3042 inquit.
1410 2974 1516 3026 ἀπὸ
1543 2974 1648 3027 τῶν
1675 2974 1889 3027 νοσούν-

342 3059 462 3106 των,
499 3042 625 3114 aut"
656 3042 762 3094 ἀπὺ
805 3042 918 3114 τῶν
943 3043 1292 3114 ὑγιαινόντων
1328 3044 1406 3095 δεῖ
1447 3044 1632 3114 φέρειν
1657 3045 1754 3106 τὰς
1781 3045 1887 3114 ψή-

347 3129 492 3180 φους.
523 3111 780 3174 Isidorus,
806 3112 949 3165 utait
975 3113 1388 3177 liittcrshnsius,
1419 3111 1531 3166 hoc
1548 3115 1632 3167 bis
1652 3111 1890 3166 imitatus
1917 3111 1958 3164 C

351 3181 510 3252 estin
537 3181 652 3252 suis
686 3181 939 3252 epistolis,
967 3193 1023 3234 ut
1047 3183 1140 3252 lib.
1173 3199 1250 3252 ut,
1280 3183 1507 3252 ep.r‘2i2
1537 3207 1546 3236 ;
1583 3213 1651 3221 —
1679 3183 1751 3233 υὺ
1784 3184 1890 3252 γὰρ

354 3251 454 3304 ἀπὸ
482 3250 792 3311 νοσούντων,
813 3251 925 3304 ἀλλ’
943 3252 1050 3303 ἀπὸ
1065 3251 1170 3304 τῶν
1186 3250 1530 3319 ὑγιαινόντων
1557 3254 1660 3322 χρὴ
1685 3250 1892 3320 λαμϐά-

355 3337 458 3372 νειν
484 3321 579 3374 τὰς
614 3322 736 3374 περὶ
761 3321 868 3373 τῶν
896 3322 1234 3374 πραγμάτων
1277 3322 1487 3374 ψήφους
1509 3338 1522 3350 ’
1576 3331 1630 3374 et
1676 3322 1768 3374 lib.
1812 3337 1885 3374 tv.

1576 3331 1630 3374 et
1676 3323 1768 3374 lib.
1812 3337 1885 3382 tv,

547 3407 560 3419 ⁶
594 3390 666 3430 (δι’)
684 3391 783 3430 νησὶς
811 3390 1066 3430 φηῖρνιτιῗιυ
1092 3390 1385 3430 υῆηῆῦυθώυ
1418 3391 1637 3430 Ecetrae"
1669 3391 1886 3430 εῗιᾷκηιιη

349 3405 430 3460 ep.
461 3390 560 3444 99:
594 3390 666 3444 Οὐ
684 3391 784 3460 χρὴ
811 3390 1066 3454 ταίςνών
1092 3390 1385 3444 νοσούντων
1418 3391 1641 3444 ἕπεσθαι
1669 3391 1886 3460 ψήφοις·

346 3461 458 3550 Ψ
481 3461 725 3550 sitsi?
753 3461 887 3550 ῖῶι.
904 3461 1257 3550 imitate"
1313 3463 1542 3550 κρίεεως
1566 3462 1890 3550 ,ἔιοξμδέξνξεῖ

344 3532 436 3594 τὰς
471 3529 795 3595 ἀποδείξεις.
846 3529 1114 3585 Hactenus
1154 3531 1259 3584 ille.
1287 3529 1361 3572 -έ
1403 3531 1494 3584 llis
1541 3541 1718 3585 autem
1767 3531 1889 3585 addi

343 3611 586 3670 possunt,
615 3617 738 3670 quae
765 3601 817 3653 in
845 3599 1031 3655 Isidori
1057 3601 1118 3652 ad
1145 3601 1405 3655 Serenum
1436 3603 1659 3670 epistola
1679 3611 1894 3655 exstant

343 3673 499 3742 verba
524 3671 895 3742 hujuscemodi
926 3689 938 3723 :
971 3671 1135 3742 Ἀλλὰ
1160 3671 1270 3742 χρὴ
1311 3672 1790 3742 τοϋςηὲχὲφρονις,
1820 3673 1893 3740 μὴ

341 3740 1213 3812 ᾁπδ,τῶνἀρῤωστούντιοννὰλλῖ
1250 3743 1356 3795 ἀπὸ
1398 3741 1517 3812 τῶν
1547 3740 1894 3808 ὑγιαινόντων

342 3809 634 3880 λαμϐάνειν
659 3809 764 3871 ἑὰς
790 3811 1024 3880 ψήφους.
1053 3811 1135 3864 Cl'.
1167 3811 1257 3863 lib.
1287 3829 1338 3872 v,
1368 3827 1453 3880 ep.
1489 3811 1624 3876 563;
1659 3814 1728 3865 cl“.
1762 3827 1888 3880 pne-

345 3887 489 3951 terea
517 3879 780 3935 Rittersh.
821 3879 961 3933 Lecl.
1000 3897 1136 3934 sacr.
1169 3881 1260 3934 lib.
1295 3899 1366 3944 iv,
1395 3879 1514 3950 cap.
1561 3882 1644 3940 l7.
1675 3899 1730 3951 p.
1756 3879 1889 3944 321;

478 3968 534 4013 v,
566 3966 686 4020 cap.
745 3952 832 4012 15,
859 3951 1046 4022 p.599
1065 3966 1101 4022 ί,
1131 3951 1226 4022 lib.
1262 3967 1336 4018 VI,
1362 3947 1481 4021 cap'.
1532 3952 1616 4017 15,
1647 3947 1700 4022 μ’.
1751 3951 1848 4007 461
1877 3968 1894 4020 ;

340 4017 438 4072 lib.
465 4037 562 4077 νιι.
595 4017 714 4088 cap.
751 4022 805 4084 7,
831 4017 884 4088 ρ’.
917 4019 1194 4085 515,5l5.

415 4091 490 4160 (a)
530 4090 744 4144 Fabric.
777 4091 812 4142 ι.
856 4090 950 4143 all.

412 4158 487 4228 (ὦ)
517 4161 824 4214 Heumann.
855 4161 988 4214 diss.
1016 4159 1110 4213 cit.
1141 4158 1169 4227 §
1199 4158 1248 4212 5.

410 4235 481 4297 (c)
513 4229 830 4300 Scliroeckli.
867 4229 997 4282 Hist.
1029 4229 1153 4300 ccc}.
1191 4229 1296 4282 vol.
1327 4228 1419 4300 cit.
1453 4245 1508 4300 p.
1540 4229 1661 4285 ΒΗ.

409 4301 489 4369 (d)
522 4299 638 4354 Lib.
671 4316 709 4364 I,
736 4300 992 4368 ep.-156;
1028 4299 1121 4353 lib.
1155 4314 1204 4364 v,
1236 4315 1322 4368 ep.
1354 4299 1442 4352 32.

412 4391 488 4460 (ε)
509 4390 726 4462 Qiro-ex-
744 4391 1060 4462 cognomine
1101 4391 1146 4444 si
1187 4392 1397 4445 elIicerc
1428 4406 1759 4462 conaremur
1793 4391 1893 4444 Isi-

355 3321 579 3392 vswjrag
614 3322 736 3392 περὶ
761 3321 868 3392 τῶν
896 3322 1234 3392 πραγμάτων
1277 3322 1487 3392 ψήφους
1509 3338 1522 3350 ’

1999 2050 2206 2120 posset.
2231 2045 2298 2100 Et
2329 2059 2517 2099 revera
2547 2059 2646 2114 per
2681 2057 2900 2097 onmem
2929 2042 3096 2095 vitam
3137 2040 3348 2095 videtur
3372 2041 3558 2110 exple-

1993 2139 2166 2206 visse;
2213 2137 2360 2207 quod
2390 2153 2544 2206 atque
2578 2152 2642 2191 ex
2673 2135 2786 2200 illa,
2814 2149 2976 2204 quam
3010 2133 3171 2188 modo
3200 2131 3554 2195 laudavimus,

1993 2241 2156 2302 atque
2206 2245 2270 2284 ex
2317 2229 2544 2298 epistola
2576 2227 2641 2281 ad
2699 2226 2922 2281 Paulum
2965 2225 3252 2280 diaconum
3308 2223 3379 2295 (υ)
3432 2223 3557 2278 data

1993 2329 2234 2392 apparet.
2266 2319 2404 2374 Huic
2432 2318 2576 2373 enim
2610 2317 2890 2372 Simonem
2920 2315 3243 2370 familiarem
3271 2330 3557 2372 commen-

1993 2414 2086 2469 dat
2114 2427 2293 2479 suum.
2332 2411 2423 2482 qui
2446 2409 2734 2480 Egyptum
2763 2407 3053 2462 relicturus
3081 2407 3357 2478 indigebat
3387 2405 3558 2462 vesti-

1997 2517 2202 2569 mento,
2235 2504 2304 2558 ab
2328 2517 2502 2572 eoque
2535 2509 2807 2572 precatur,
2848 2507 2910 2554 ut
2937 2498 3010 2552 illi
3041 2498 3186 2552 dono
3213 2498 3305 2554 det
3329 2507 3554 2553 vestem.

1995 2596 2162 2667 Cujus
2208 2595 2422 2666 generis
2461 2593 2601 2649 dicta
2635 2589 2934 2662 compluria
2985 2606 3052 2646 ex
3083 2589 3274 2646 Isidori
3311 2589 3558 2662 epistolis

1988 2834 2100 2904 bey'
2119 2838 2210 2887 der
2240 2832 2393 2888 Stadt
2418 2831 2688 2904 Pelusium
2710 2831 2766 2887 in
2784 2833 2928 2889 eiuer
2946 2831 3158 2890 Εἱηωάε
3186 2832 3340 2888 lebte.

2085 2904 2122 2970 ὅ)
2161 2903 2278 2957 Lib.
2322 2920 2359 2964 I.
2388 2919 2475 2972 ep.
2519 2902 2606 2956 93.

2096 2974 2129 3038 ἱ)
2176 2973 2292 3028 Lib.
2333 2989 2371 3035 I,
2401 2988 2487 3041 ep.
2523 2973 2645 3026 191.

2060 3043 2132 3114 (k)
2163 3043 2458 3114 Vl.ib.rt,rep.
2473 3042 2610 3114 266.

2061 3109 2122 3246 ἐι)
2159 3113 2298 3192 Petri
2337 3109 2546 3166 Po’ssini
2578 3109 2771 3165 Collat.
2803 3109 2995 3165 Isidor.

2086 3181 2155 3246 ιη)
2208 3182 2429 3238 Hieron.
2457 3179 2593 3246 Opp.
2643 3178 2760 3234 Vol.
2806 3179 2844 3244 Ι,
2881 3180 2995 3246 p.2

2086 3178 2155 3250 ιη)
2208 3182 2429 3238 Hieron.
2457 3179 2593 3251 Opp.
2643 3178 2764 3251 Vol.
2806 3179 2844 3244 Ι,
2881 3197 2934 3250 p.
2961 3179 3087 3251 252,
3121 3196 3187 3235 ex
3220 3180 3352 3236 edit.
3387 3181 3556 3239 Paris.

1989 3249 2146 3314 lli-l3,
2181 3252 2270 3306 ubi
2307 3253 2419 3306 haec
2452 3249 2668 3305 exstant
2695 3267 2708 3304 :
2735 3249 2935 3314 Quinto
2968 3250 3129 3320 igitur
3157 3251 3246 3306 die
3279 3252 3426 3307 venit
3457 3253 3558 3308 Pe-

1988 3323 2207 3384 lusium,
2258 3322 2596 3391 visitatisque
2639 3321 2920 3391 fratribus,
2951 3322 3038 3388 qui
3073 3321 3124 3374 in
3155 3321 3330 3377 vicina
3370 3338 3555 3378 eremo

1987 3403 2162 3453 erant,
2204 3392 2331 3445 etin
2368 3389 2632 3462 luem—qui
2665 3389 2863 3444 dicitur
2887 3390 3137 3461 Lyclmos
3177 3393 3554 3460 morabantur,

1989 3464 2226 3532 perrexit
2248 3472 2368 3531 post
2395 3463 2654 3516 triduum.

2061 3535 2136 3602 (η)
2167 3529 2473 3585 Tillcmont.
2504 3533 2540 3586 Ι.
2568 3548 2616 3586 c.
2648 3545 2702 3598 p.
2732 3529 2854 3585 100.

2068 3600 2143 3671 (υ)
2181 3603 2239 3655 In
2274 3602 2361 3655 illa
2397 3601 2540 3655 enim
2579 3602 2804 3670 epistola
2862 3600 2932 3653 ita
2965 3601 3146 3670 agitur
3200 3602 3268 3657 de
3317 3605 3557 3659 ecclesia:

1991 3673 2368 3744 :edilicationc,
2413 3688 2571 3744 quam
2627 3671 2894 3744 Eusebius
2942 3671 3138 3725 Pelusii
3178 3673 3286 3744 illo
3314 3683 3556 3744 tempore

1992 3743 2281 3811 episcopus
2309 3742 2564 3809 suscepit.
2597 3750 2658 3794 ut
2684 3741 2824 3794 facili
2854 3756 3014 3808 opera
3058 3741 3441 3811 unusquisque
3471 3746 3554 3799 in-

1994 3814 2231 3882 telligere
2259 3813 2429 3881 possit
2453 3812 2717 3882 Isidorum
2746 3827 2851 3882 non
2904 3811 3071 3882 luisse
3105 3813 3253 3866 urbis
3297 3815 3551 3868 incolam.

1993 3879 2191 3954 Scribit
2215 3879 2358 3954 enim
2376 3882 2443 3935 ad
2470 3882 2652 3935 illum:
2676 3879 2915 3944 Κτίζεις,
2939 3880 3014 3943 ὥς
3043 3899 3226 3950 φασιν,
3256 3883 3556 3954 ἐκκλησίαν

1990 3953 2047 4008 ἐν
2074 3951 2371 4021 Πηλουσίῳ.
2402 3981 2472 3990 -
2828 3994 2837 4002 .

2063 4023 2139 4092 (p)
2171 4021 2363 4092 lieum.
2397 4023 2450 4076 d.
2488 4024 2565 4083 δ..
2597 4036 2659 4092 ι).
2680 4021 2734 4084 4,
2765 4029 2878 4074 not.
2920 4021 3018 4077 Iili.

2064 4089 2135 4160 (η)
2170 4091 2363 4146 llenm.
2398 4093 2451 4145 d.
2486 4107 2535 4144 c.
2556 4089 2609 4160 p.
2634 4091 2687 4150 7,
2711 4100 2823 4144 not.
2851 4105 2894 4142 r.
2935 4120 3008 4130 —
3037 4090 3155 4146 Jam
3184 4107 3214 4146 a
3245 4089 3530 4147 anrcsn‘o

1993 4160 2046 4215 in
2079 4163 2345 4216 Glossario
2375 4160 2674 4215 Grzecitatis
2719 4160 2911 4214 medize
2948 4161 3298 4216 observatum
3337 4173 3441 4224 est,
3476 4165 3555 4217 vi‘

1996 4241 2102 4287 tam
2154 4233 2521 4287 monachicam
2559 4233 2626 4286 ab
2662 4231 2872 4301 Isidoro
2901 4242 3088 4284 nostro
3128 4232 3223 4286 lib.
3267 4247 3307 4295 ι,
3357 4249 3444 4301 ep.
3502 4234 3548 4286 l'

1992 4301 2247 4370 appellari
2269 4302 2669 4370 <pt).0:m:pi1v-
2699 4300 2840 4372 (addi
2867 4311 3040 4368 potest
3064 4302 3160 4358 lib.
3179 4319 3239 4367 II,
3262 4320 3348 4372 ep.
3375 4300 3550 4372 I759.)l;

1994 4369 2243 4441 —'—’quem
2290 4369 2718 4443 loquendiusnm
2761 4369 3118 4443 Sozomcnnm
3147 4369 3362 4443 quoque
3393 4369 3552 4427 secu-

337 4441 553 4516 (ἰοὶ-ἀιιῖ
581 4461 772 4515 Pelusii
810 4441 992 4514 iiatum
1033 4475 1171 4525 esse,
1208 4462 1322 4514 sine
1349 4461 1510 4513 dubio
1539 4462 1890 4517 incideremus

2000 4452 2286 4523 lum_csse,
2319 4443 2474 4525 ideo;
2498 4441 2742 4521 pluribus
2771 4441 2962 4520 probat
2986 4441 3288 4525 eseiuplis.
3309 4473 3372 4483 —-
3403 4444 3548 4524 Cou-

338 4533 394 4584 in
427 4547 684 4585 errorem.
714 4530 1083 4600 ἰῐη).ουσιῶται
1112 4531 1255 4584 enim
1299 4529 1492 4584 Pelusii
1521 4541 1646 4584 sunt
1679 4531 1885 4598 inculte,

336 4603 452 4654 sive
495 4603 545 4653 in
580 4603 680 4655 hac
726 4603 875 4664 urbe,
934 4601 1045 4654 sive
1095 4601 1240 4662 alibi,
1294 4601 1403 4654 nati
1443 4612 1585 4654 sunt.
1639 4601 1731 4654 His
1763 4617 1887 4655 vero

337 4672 636 4724 monachos
665 4686 877 4740 quoque
908 4670 1161 4735 coanobii,
1195 4671 1246 4722 in
1279 4687 1386 4738 quo
1419 4671 1703 4723 maximam
1762 4671 1887 4726 vitze

336 4753 547 4810 partem
581 4742 725 4811 degit
755 4741 1013 4798 Isidorus.
1045 4741 1308 4809 ascriptus
1358 4740 1524 4793 fuisse
1564 4756 1627 4793 ex
1663 4741 1886 4811 epistola

341 4813 444 4865 154
480 4811 601 4864 libri
637 4810 672 4877 I,
704 4819 960 4880 apparet,
980 4811 1175 4879 quippe
1198 4825 1318 4879 quin
1351 4811 1546 4877 scripta
1575 4820 1656 4864 est
1680 4810 1882 4879 Πηλου·

335 4880 563 4942 σιώταις
589 4882 667 4943 εἰς
695 4879 754 4933 τὸ
777 4879 1064 4934 ⁷κοινὰ6ιον.
1094 4881 1346 4933 Attamen
1376 4882 1600 4934 reticere
1629 4882 1752 4934 nolo
1784 4882 1887 4934 liti-

328 4949 422 5073 ξαρ
453 4952 698 5032 epistola:
722 4951 962 5013 titulum,
987 4949 1147 5031 .Petro
1167 4950 1391 5003 Possino
1422 4950 1472 5025 in
1503 4951 1889 5031 Collationibus

359 5021 648 5073 sidorianis
689 5031 941 5073 testante.
988 5037 1038 5072 III
1073 5020 1227 5073 codd.
1271 5019 1389 5073 Vat.
1436 5021 1537 5073 bl!)
1565 5030 1620 5073 et
1669 5023 1773 5073 Alt.
1812 5038 1889 5073 sic

359 5019 648 5074 sidorianis
689 5031 941 5080 testante,
987 5021 1038 5072 in
1073 5020 1227 5074 codd.
1271 5019 1389 5074 Vat.
1436 5021 1537 5074 M9
1565 5030 1620 5073 et
1669 5023 1773 5074 Alt.
1812 5023 1890 5075 sic

285 5114 288 5116 ·
335 5092 395 5145 s'e
421 5091 622 5162 habere
651 5109 664 5144 :
693 5088 1090 5162 Πηλουσιώταις
1108 5091 1178 5162 Αέν
1199 5090 1382 5162 κοινῷ.
1411 5106 1439 5142 a
1468 5091 1662 5162 quibus
1689 5093 1890 5162 recedit

334 5161 616 5282 pauidulum
644 5158 770 5215 cod.
811 5161 942 5214 Bav.
982 5160 1241 5214 exhibens
1276 5158 1672 5229 Πηλουσιώταις
1719 5163 1798 5224 εἰς
1828 5161 1890 5213 τὸ

334 5246 450 5282 κοιν
483 5248 532 5282 ν.

333 5246 512 5282 κοινον
519 5269 532 5282 .

407 5302 472 5369 (fl
521 5299 712 5354 Leont.
761 5299 979 5369 Byzant.
1021 5299 1075 5352 in
1115 5298 1270 5369 libris
1295 5299 1550 5369 adversus
1583 5297 1887 5354 Nestorium

332 5379 389 5422 et
417 5367 735 5439 V'Eutyclien.
784 5367 867 5439 (3f.
921 5369 1056 5423 Bibl.
1111 5367 1216 5424 PP.
1273 5369 1358 5422 ed.
1423 5367 1667 5439 Lugdun.
1723 5371 1879 5433 1677,

345 5448 478 5492 tom.
511 5429 602 5495 IX.
627 5456 680 5508 p.
723 5440 822 5493 706
854 5438 914 5491 D.

406 5511 482 5589 (ξι)
515 5507 638 5589 an:
663 5526 700 5571 ιο
736 5525 822 5578 ερ-
856 5507 977 5589 ιοετ

406 5576 486 5646 (Ii)
518 5579 614 5632 Cui
650 5576 934 5632 sententia;
967 5577 1108 5630 favet
1133 5588 1317 5633 auctor
1343 5576 1483 5636 libri.
1511 5578 1599 5646 qui
1638 5578 1886 5631 inscribi-

335 5653 428 5718 tur
463 5666 476 5700 :
519 5649 855 5718 Allgcmeines
893 5649 1211 5701 liistorisches
1248 5649 1481 5702 Lea‘icoa.
1525 5648 1721 5701 Scribit
1744 5652 1886 5701 cnim

339 5717 431 5773 ille
464 5717 754 5783 :Isidurus,
797 5717 1064 5772 Pelusium
1093 5719 1446 5788 sugenahmc-t,
1486 5718 1597 5772 wcit
1649 5735 1705 5772 er
1756 5721 1886 5773 itu/tt!

1995 4512 2160 4566 sentit
2191 4528 2312 4565 cum
2344 4528 2409 4564 eo
2443 4511 2718 4576 Snicerus,
2745 4511 2832 4579 qui
2889 4511 2940 4563 in
2991 4511 3256 4565 Thesauro
3301 4514 3548 4565 ecclesia-

1993 4582 2122 4633 uico
2148 4581 2432 4650 φιλοσοφία
2458 4597 2642 4635 vocem
2667 4581 2806 4650 apud
2839 4581 3131 4649 scriptorcs
3155 4583 3549 4636 ecclesiasticos

1991 4651 2276 4720 designare
2303 4652 2578 4705 contendit
2605 4669 2618 4705 :
2650 4652 2774 4704 vitae
2807 4660 3007 4721 sancta:
3027 4651 3286 4714 studium,
3320 4667 3548 4721 praeser-

1994 4721 2086 4773 tim
2107 4723 2266 4774 vitam
2295 4729 2583 4785 austeram,
2615 4721 2787 4792 qualis
2814 4720 2942 4774 olim
2970 4720 3357 4775 monachorum
3380 4722 3545 4779 fuerit

1993 4799 2047 4844 et
2075 4803 2393 4845 ascctarum.

2067 4881 2133 4952 (r)
2184 4881 2544 4952 Consentium
2579 4880 2915 4952 Nicephorus
2939 4879 3182 4952 egllisl.
3211 4880 3336 4934 εδει.
3368 4880 3404 4934 l.
3429 4897 3544 4948 xw,

1993 4950 2771 5020 cap.'55,——ct_Galcsinius,
2831 4951 2919 5020 qui
2964 4950 3225 5004 Isidorum
3285 4952 3337 5004 in
3389 4968 3544 5005 mon-

1997 5032 2100 5074 tem
2133 5037 2251 5076 sesc
2278 5021 2544 5075 abdidisse
2577 5022 2809 5074 tradunt.
2846 5021 2929 5074 (li.
2963 5020 3093 5074 Acta
3132 5020 3314 5075 Sanct.
3361 5021 3541 5086 Febr.,

1993 5090 2110 5145 γοι.
2149 5094 2186 5153 l,
2220 5108 2270 5161 p.
2309 5091 2430 5151 468,
2465 5092 2565 5160 §l,
2598 5108 2651 5144 n.
2685 5091 2735 5143 5.
2762 5121 2831 5130 --
2856 5092 3011 5144 Errat
3041 5101 3220 5144 antem
3252 5091 3546 5158 Arnoldus,

1993 5163 2081 5229 qui
2121 5163 2172 5214 in
2200 5179 2295 5215 sua
2325 5161 2566 5218 Ecclesia:
2596 5162 2969 5226 hrcrcsiumque
3005 5161 3247 5222 historia,
3283 5171 3542 5225 montem,

1994 5231 2045 5283 iu
2077 5247 2182 5299 quo
2214 5231 2396 5284 lsiduri
2429 5231 2747 5285 aedificatum
2778 5231 2876 5285 fuit
2907 5231 3310 5290 monasterium,
3353 5231 3541 5298 appel-

1993 5300 2067 5354 lat
2097 5303 2384 5363 Pelusium,
2413 5301 2490 5354 sic
2516 5301 2619 5353 vol.
2640 5302 2680 5363 I,
2708 5301 2798 5353 lib.
2818 5318 2866 5355 v.
2892 5317 3008 5369 cap.
3029 5303 3082 5366 5,
3112 5302 3137 5366 ᾗ
3160 5301 3239 5358 16.
3261 5299 3505 5369 scribens
3525 5316 3547 5353 τ

1996 5369 2059 5443 l_n
2085 5371 2268 5443 Afrika
2298 5387 2406 5422 war
2445 5369 2675 5426 Isidorus
2699 5371 2796 5423 den
2827 5367 3206 5443 Μωιίειιειιαιιί
3220 5374 3336 5425 dem
3378 5367 3541 5440 Bergc

1994 5440 2202 5494 PeluSio
2225 5448 2521 5508 vorgesetzt.

2067 5513 2132 5576 (δ)
2173 5511 2288 5563 Lib.
2327 5525 2361 5570 I,
2390 5524 2474 5575 ep.
2511 5508 2560 5561 5.

2064 5589 2124 5648 (ι)
2156 5581 2271 5634 Lib.
2306 5597 2344 5639 ι,
2372 5594 2456 5646 cp.
2496 5578 2619 5630 916.

2065 5653 2140 5718 (η)
2167 5652 2362 5719 Evang.
2409 5650 2687 5719 l.nc:e,r_|v,
2725 5647 2817 5703 ιι..

2065 5723 2135 5791 (υ)
2164 5720 2280 5775 Lib.
2315 5717 2352 5785 i,
2393 5735 2478 5788 ep.
2515 5717 2636 5772 475.
