3890 6134
373 267 446 332 I9

1497 278 2154 341 COMMENTATIONIS
2189 276 2378 337 PARS
2412 275 2458 336 Ῑ.

369 378 618 436 facillime
637 381 839 451 possim
869 383 1153 454 colligere;
1179 385 1271 440 sed
1295 401 1402 440 rem
1425 390 1610 458 paucis
1629 388 1925 444 absolvisse
1955 395 1996 450 Α
2029 386 2084 442 Si
2118 387 2434 456 imperator,
2466 382 2664 454 inquit,
2693 391 2745 438 te
2770 382 2968 453 oppido
2994 383 3062 439 ab
3090 382 3338 438 hostibus
3367 399 3575 440 summa

368 470 538 524 satius
565 471 728 536 duco,-
746 472 924 542 itaque
945 474 1160 546 Evagrii
1187 476 1263 547 (a)
1291 486 1408 532 utar
1423 479 1621 545 verbis,
1638 480 1729 549 qui
1755 496 1924 550 usque

367 560 524 626 adeo,
573 561 766 630 inquit,
809 579 1006 635 corpus
1037 581 1192 620 suum
1235 569 1510 623 laboribus
1558 580 1925 626 maceraverat

372 650 680 719 (Isidorus),
707 663 762 708 et
786 654 1026 709 animum
1058 657 1462 714 sublimioribus
1497 660 1757 714 doctrinis
1784 660 1923 730 sagi-

368 751 614 808 naverat,
666 753 726 798 ut
775 747 1071 816 angelicam
1125 749 1288 803 vitam
1351 761 1550 821 ageret,
1608 759 1664 805 et
1711 751 1922 820 spirans

365 835 612 903 quaedam
665 836 840 908 imago
881 848 1024 892 esset
1071 849 1176 894 tam
1226 843 1348 898 vit-.e
1379 842 1705 909 monasticae,
1759 859 1921 913 quam

365 924 565 980 divina:
593 927 1083 998 contemplationis.
1111 958 1167 972 -

434 1015 622 1086 Neque
667 1017 843 1072 solum
887 1028 1107 1088 propter
1154 1020 1277 1074 vitze
1313 1021 1672 1087 sanctitatem,
1731 1038 1918 1078 verum

363 1107 529 1162 etiam
549 1117 770 1179 propter
799 1110 1058 1165 doctrina:
1087 1112 1296 1181 copiam
1335 1111 1402 1165 ab
1427 1113 1720 1181 aequalibus
1758 1113 1921 1169 hono-

364 1205 514 1250 ratus
543 1203 644 1261 est,
679 1197 963 1266 magnique
1005 1197 1320 1252 aestimatus.
1352 1198 1563 1253 Etenim
1605 1199 1917 1272 Gregorium

363 1279 665 1351 Nyssenum
708 1283 914 1338 litteras
962 1284 1063 1353 ipsi
1105 1285 1314 1341 misisse
1342 1303 1406 1340 ex
1427 1301 1600 1357 eoque
1629 1291 1916 1359 quamdam

363 1362 578 1423 Veteris
652 1365 984 1425 Testamenti
1051 1371 1550 1442 interpretationem
1604 1379 1917 1446 quaesivisse

363 1455 737 1516 Tillemontius
765 1461 836 1535 (ὁ)
862 1476 928 1516 ex
953 1462 1198 1531 epistola,
1221 1458 1339 1533 quae
1367 1467 1487 1520 data
1515 1477 1598 1523 est
1623 1470 1690 1524 ad
1713 1469 1914 1541 Grego-

363 1549 502 1604 rium
528 1550 839 1620 episcopum
872 1551 963 1622 (c),
989 1554 1216 1624 collegit.
1245 1555 1396 1620 Quod
1426 1558 1632 1613 etiamsi
1670 1560 1913 1615 luculen-

363 1650 447 1694 ter
477 1640 834 1696 demonstrari
863 1644 1068 1712 nequit,
1111 1653 1290 1700 tamen
1325 1662 1420 1701 cur
1447 1658 1671 1718 negetur
1696 1667 1910 1706 causam

2027 478 2078 532 vi
2107 485 2413 546 oppugnata
2443 474 2796 545 praefecisset,
2825 488 3007 528 nonne
3040 483 3094 529 tu
3140 474 3376 530 hostium
3400 474 3574 545 impe-

2025 578 2138 624 tum
2180 568 2324 623 omni
2384 568 2544 622 modo
2596 567 2890 636 reprimere
2947 567 3224 621 tentares?
3260 567 3351 620 Sic
3399 581 3501 637 ego
3543 581 3571 620 a

2023 674 2232 714 summo
2281 658 2389 712 Deo
2420 656 2670 712 Ecclesia:
2723 666 3021 726 prmceptor
3067 657 3394 712 constitutus
3444 657 3574 710 Ario

2021 748 2243 817 ejusque
2260 747 2518 801 doctrinae
2539 746 2898 800 resistendum
2921 755 2976 800 ct
3001 746 3296 816 periculum
3323 747 3572 816 quodque

2021 836 2476 891 contemnendum
2506 849 2628 888 esse
2658 835 2914 889 arbitror.
2949 864 3019 876 --
3062 835 3226 890 Porro
3266 835 3464 890 Heroni
3497 837 3569 903 (It)

2021 926 2341 980 scholastice
2370 925 2580 988 scribit,
2625 925 2884 980 famulum
2931 927 3051 996 ejus
3090 927 3570 997 nuperajauitore

2018 1017 2086 1070 ad
2117 1030 2175 1070 se
2197 1015 2440 1081 ductum,
2471 1023 2527 1069 et
2555 1014 2812 1079 humano,
2836 1031 2944 1085 quo
2973 1017 3187 1082 soleret,
3220 1033 3371 1071 more
3412 1032 3570 1072 exce-

2020 1117 2168 1178 ptum
2193 1108 2372 1162 multis
2400 1122 2521 1161 cum
2553 1107 2802 1178 lacrymis
2833 1109 3165 1179 genibusque
3195 1107 3365 1172 ﬂexis,
3409 1123 3566 1162 suum

2017 1198 2320 1253 confessum
2341 1213 2460 1252 esse
2475 1206 2781 1267 peccatum;
2805 1200 3154 1267 quamobrem
3177 1215 3236 1254 se
3255 1215 3362 1253 non
3385 1213 3563 1268 posse,

2016 1290 2147 1360 quin
2171 1289 2316 1343 hisce
2330 1289 2523 1343 litteris
2539 1304 2634 1358 pro
2653 1304 2717 1342 eo
2741 1304 2927 1357 preces
2949 1290 3130 1344 faciat.
3145 1321 3213 1331 —
3233 1291 3564 1357 Quibuscum

2015 1383 2353 1439 conferendae
2405 1391 2531 1436 sunt
2575 1382 2764 1436 litterae
2810 1383 2876 1436 ad
2923 1382 3118 1437 Lucam
3168 1383 3567 1438 Archimandri-

2018 1484 2125 1530 tam
2154 1473 2240 1543 (ι),
2285 1474 2368 1528 cui
2393 1473 2716 1527 monachum
2747 1487 2813 1527 ex
2831 1473 2959 1540 ejus
2987 1475 3310 1528 monasterio
3334 1476 3387 1528 in
3407 1490 3561 1528 suum

2014 1565 2226 1619 venisse
2251 1565 2486 1624 nuntiat,
2516 1562 2772 1632 illumque
2809 1563 3105 1632 supplicem
3129 1579 3158 1616 a
3195 1579 3253 1618 se
3286 1565 3560 1634 petivisse,

2016 1668 2076 1710 ut
2106 1656 2269 1710 verba
2317 1670 2413 1724 pro
2461 1669 2538 1717 se,
2587 1653 2676 1722 qui
2727 1653 2845 1709 leve
2888 1653 3154 1723 quoddam
3205 1655 3565 1711 commisisset

360 1745 472 1784 non
501 1732 692 1799 video;
715 1735 1014 1803 praesertim
1039 1752 1160 1790 cum
1184 1739 1273 1808 qui
1296 1740 1580 1794 maximam
1610 1742 1664 1796 in
1679 1743 1911 1799 Ecclesia
1943 1735 1984 1788 Β
2013 1760 2310 1818 peccatum,
2340 1747 2560 1803 faceret.
2600 1748 2960 1818 Quapropter,
2990 1747 3063 1801 ita
3106 1747 3250 1801 enim
3287 1749 3481 1817 pergit.
3516 1750 3562 1803 si

362 1821 603 1878 habuere
646 1826 1043 1889 auctoritatem.
1075 1829 1223 1884 velut
1263 1830 1615 1900 Theophilus,
1660 1834 1907 1904 Cyrillus,

360 1911 730 1986 Hermogenes
773 1917 971 1988 aliique
998 1935 1121 1974 cum
1164 1937 1230 1975 eo
1259 1938 1356 1992 per
1410 1923 1618 1980 litteras
1659 1928 1910 1983 collocuti

357 2003 470 2058 sint
512 2005 611 2076 (ά).
651 2007 878 2063 Constat
911 2009 1047 2064 adeo
1089 2011 1345 2082 Cyrillum
1401 2015 1698 2072 honorifico
1743 2021 1910 2087 patris

357 2096 576 2153 nomine
607 2099 867 2156 Isidorum
889 2117 1111 2157 ornasse
1132 2104 1226 2174 (ε).
1251 2104 1410 2172 Quid,
1429 2107 1571 2175 quod
1595 2124 1657 2163 ex
1685 2110 1909 2178 epistola

353 2187 423 2241 ad
458 2187 755 2256 Zenonem,
795 2208 955 2261 quam
992 2195 1093 2248 alia
1131 2197 1412 2251 occasione
1436 2198 1546 2266 jam
1594 2200 1905 2266 attulimus,

353 2277 650 2336 familiares
690 2283 808 2351 ejus
831 2299 915 2348 eo,
955 2300 1063 2354 quo
1091 2287 1268 2342 adhuc
1297 2288 1438 2341 inter
1465 2290 1617 2344 vivos
1643 2290 1743 2345 fuit
1768 2301 1906 2346 tem-

351 2384 507 2440 pore,
536 2386 645 2434 res,
683 2373 881 2442 quibus
916 2389 1045 2430 usus
1076 2385 1220 2442 erat,
1257 2377 1508 2432 habuisse
1541 2392 1908 2437 saerosanctas

352 2463 567 2533 probari
601 2473 776 2534 potest
802 2466 892 2536 (Γ).
935 2497 1005 2507 -
1024 2466 1154 2532 Quae
1176 2469 1374 2533 omnia,
1409 2478 1467 2523 ut
1494 2471 1741 2534 equidem
1765 2473 1908 2526 arbi-

351 2564 487 2621 tror,
513 2556 853 2625 perpendens
870 2557 1188 2626 Ephraemus
1207 2557 1370 2629 Syrus
1393 2560 1492 2629 (g),
1517 2561 1903 2632 Περίϐλεπτος,

351 2645 450 2705 ait.
483 2645 657 2700 factus
687 2655 789 2712 est,
811 2648 906 2700 καὶ
935 2652 1047 2711 τοῖς
1075 2649 1418 2719 ἀρχιερεῦσιν
1445 2651 1741 2722 αἰδέσιμος.
1776 2653 1908 2718 Quae

349 2737 515 2791 verba
534 2736 789 2792 Sehottus
817 2739 1054 2807 quidem,
1087 2742 1160 2794 uti
1182 2741 1290 2810 jam
1317 2756 1348 2794 a
1378 2739 1636 2816 Basnagio
1661 2754 1905 2799 notatum

347 2837 432 2884 est
460 2829 558 2902 (Ii),
589 2843 868 2900 perperam
910 2831 990 2884 sic
1017 2831 1179 2886 vertit
1204 2850 1216 2885 :
1249 2842 1299 2886 et
1327 2834 1461 2885 inter
1494 2835 1742 2903 prwsules
1781 2835 1905 2888 illu-

347 2922 496 2984 stris,
528 2923 682 2991 quasi
722 2937 864 2976 unus
891 2922 1264 2993 episcoporum
1288 2923 1355 2978 de
1381 2939 1537 2995 grege
1585 2923 1775 2978 fuisset
1803 2924 1903 2979 lsi-

347 3009 534 3066 dorus.
559 3009 668 3077 Sic,
698 3011 872 3081 inquit
904 3012 1013 3076 ille,
1046 3012 1230 3068 Graeca
1258 3013 1405 3068 reddi
1441 3015 1676 3069 debent:
1707 3023 1756 3068 et
1779 3015 1889 3084 epi-

345 3104 514 3173 scopis
548 3105 888 3162 venerandus.
924 3135 994 3146 —
1020 3105 1320 3176 Episcopali
1341 3107 1501 3178 igitur
1527 3107 1792 3178 dignitate
1833 3113 1849 3174 (

346 3212 456 3253 non
489 3207 712 3252 ornatus
743 3195 872 3264 fuit;
924 3206 1160 3254 attamen
1215 3213 1338 3252 eum
1389 3214 1614 3253 munere
1665 3198 1899 3267 quodam

346 3287 544 3342 illustri
575 3287 817 3343 functum
842 3288 1030 3350 fuisse,
1055 3297 1108 3342 et
1137 3288 1305 3357 ipsius
1326 3290 1568 3358 epistolis
1583 3298 1637 3343 et
1655 3299 1899 3343 veterum

343 3374 668 3444 scriptorum
711 3375 1034 3429 testimoniis
1071 3376 1126 3429 in
1169 3387 1420 3446 promptu
1465 3388 1547 3432 est
1587 3379 1898 3432 ostendere.

345 3463 422 3517 Ex
455 3463 559 3518 illis
591 3462 736 3518 enim
761 3473 985 3532 apparet
1007 3479 1130 3518 eum
1162 3465 1547 3519 monachorum
1595 3466 1742 3536 gregi
1786 3481 1897 3520 non

345 3554 511 3610 fuisse
537 3554 850 3626 ascriptum.
870 3554 1005 3610 Nam
1027 3555 1080 3609 in
1103 3555 1326 3626 epistola
1342 3556 1413 3611 ad
1439 3557 1759 3611 Therasium
1797 3557 1865 3628 (j)
1881 3599 1896 3624 ,

413 3714 492 3785 (a)
530 3714 740 3786 Evagrii
779 3714 960 3786 verba,
985 3745 1056 3756 —
1093 3714 1162 3769 cf.
1195 3714 1547 3786 ejitsd._llist.
1579 3716 1701 3770 eccl.
1738 3716 1829 3768 lib.
1860 3732 1896 3783 ι,

342 3783 578 3855 οεδῂΛῦ,
603 3783 1086 3854 -ἰιηιιεοτίρείεδεε
1108 3785 1319 3839 videtur
1373 3783 1724 3854 Nicephorius.
1749 3786 1896 3839 Scri-

343 3857 425 3912 bit
459 3855 708 3925 enim_in
733 3855 869 3908 Hist.
901 3872 997 3907 sua
1027 3856 1149 3908 eccl.
1192 3855 1283 3908 lib.
1318 3871 1424 3925 xiv,
1455 3872 1573 3925 cap.
1600 3859 1687 3920 55,
1732 3858 1843 3910 haec
1879 3873 1892 3909 ι

353 3925 414 3979 '0
446 3925 544 3992 μὲν
567 3920 660 3978 οὖν
692 3924 832 3987 θεῖος
879 3925 1164 3993 Ἰσίδωρος,
1213 3926 1270 3991 ἐξ
1320 3924 1400 3977 ἔτι
1430 3920 1547 3978 νέοὺ
1582 3929 1694 3989 τοῖς
1721 3926 1890 3994 ἀπκη-
1921 3972 1923 3974 .

344 3997 512 4077 emit;
553 3995 694 4077 0:510.)
751 3995 934 4077 πόνοις
974 3996 1247 4077 ξνξδρωσε,
1279 3995 1372 4046 καὶ
1401 3995 1500 4077 τῂν
1550 3996 1892 4077 σάρκᾳικατ-

343 4064 522 4134 ίτηξι,
541 4064 637 4134 τὴν
659 4063 835 4134 ψυχὴν
852 4066 962 4126 τοῖς
979 4065 1334 4134 ἀναγωγιδιοῐς
1355 4063 1549 4134 πιᾶνας
1564 4063 1671 4118 τῶν
1698 4066 1889 4134 λόγων,

342 4133 745 4201 «maneam
770 4133 1026 4201 ἄντικρυς
1071 4133 1344 4202 μετελθεῖν
1375 4133 1518 4202 βίονο
1552 4135 1645 4188 καὶ
1691 4135 1791 4238 στί]

343 4202 526 4238 rans“
565 4219 625 4238 ...ρ
661 4204 749 4238 wn
797 4201 1036 4238 suasum.
1065 4203 1166 4238 ...ςυ-
1207 4219 1264 4238 η
1315 4205 1638 4238 ..ηυηρμηνερ
1684 4204 1765 4238 κ...

343 4202 526 4282 ζῶσάν
565 4219 625 4256 τε
661 4204 754 4255 καὶ
796 4201 1036 4271 ἔμψυχον
1065 4201 1173 4286 τῆς,
1207 4219 1264 4254 τε
1299 4205 1638 4324 ,μοναστικῆς
1684 4201 1790 4256 διαε

345 4274 438 4324 καὶ
459 4289 558 4324 τηε
587 4274 666 4324 εἰς
689 4271 820 4324 Θεὸν
853 4273 1102 4324 θεωρίας.
1135 4273 1217 4324 (.l'.
1248 4270 1311 4324 T1
1336 4273 1460 4324 lem.
1495 4273 1530 4324 I.
1561 4289 1611 4324 ο.
1645 4289 1698 4324 n.
1728 4275 1790 4324 98

345 4274 438 4326 καὶ
459 4271 558 4393 till:
587 4274 666 4335 εἰς
689 4271 820 4324 Θεὸν
853 4270 1102 4341 θεωρίας.
1135 4273 1217 4326 (2f.
1248 4270 1351 4326 Till

416 4342 487 4395 (bl
565 4343 725 4395 illem.
758 4341 792 4395 l.
827 4358 864 4395 ι.
896 4357 948 4395 n.
977 4342 1063 4395 97.

439 4343 487 4410 ὁ)
517 4343 725 4396 Tillem.
758 4343 792 4395 l.
827 4358 864 4403 ι,
896 4357 948 4406 p.

439 4419 487 4474 ε)
523 4411 639 4466 Lib.
673 4428 709 4476 I,
736 4427 823 4480 ep.
856 4412 974 4464 I25.

418 4483 495 4550 (ά)
527 4483 644 4536 Lib.
684 4496 721 4545 ι,
773 4479 863 4548 ep.
917 4481 1042 4543 510,
1089 4479 1466 4551 ομόιὶὸςγιίι).
1499 4497 1560 4542 ιι,
1617 4496 1702 4551 ep.
1767 4480 1910 4546 208,’

343 4568 433 4622 ep.
452 4552 576 4613 209,
599 4567 687 4621 ep.
715 4551 842 4612 210,
858 4566 952 4622 ep.
988 4552 1263 4622 ais—ta;
1287 4550 1406 4604 aliis
1419 4550 1664 4618 ejusdem
1693 4551 1788 4604 viri
1816 4553 1897 4605 lit-

346 4619 476 4677 teris
540 4619 804 4688 videmus
845 4621 1136 4688 Cyrillum,
1197 4619 1585 4688 Hermogenem
1656 4622 1897 4688 aliosque

346 4637 476 4677 teris
540 4637 780 4676 vtuemus
845 4637 1136 4684 mnuum,
1200 4637 1394 4675 nermo
1430 4637 1585 4674 enem
1656 4637 1893 4688 altosque

345 4692 712 4758 rescripsisse.
743 4687 827 4745 Cf.
856 4677 946 4746 lib.
980 4707 1018 4755 ι,
1051 4707 1138 4761 cp.
1174 4690 1298 4754 570,
1357 4637 1450 4744 ηιξ.
1511 4705 1570 4756 ιι,
1623 4705 1713 4760 ep.
1775 4693 1893 4758 I59,

344 4775 435 4831 ep.
466 4762 590 4824 262,
629 4771 734 4815 etc.
765 4789 828 4799 —

419 4831 488 4901 te)
521 4831 656 4901 Lib._
679 4847 726 4901 t.
765 4845 850 4901 ep.
885 4829 1008 4901 579.
1039 4858 1108 4901 -τ
1135 4827 1245 4882 εἴτε
1279 4828 1409 4901 γᾴρ⁸
1431 4829 1611 4901 πατήρ
1657 4831 1790 4899 εἰμι,
1821 4830 1896 4901 ᾡς

419 4845 488 4901 te)
521 4845 637 4889 ιιι).
679 4847 718 4886 1.
765 4845 850 4952 ες.
885 4845 1008 4884 om.
1039 4858 1108 4876 -φ
1135 4845 1245 4882 ειτε
1279 4845 1386 4899 γαρ
1431 4845 1611 4895 πατὴρ
1657 4845 1790 4899 ειμι,
1821 4847 1892 4891 ως

346 4899 481 4968 ἔφης
507 4929 577 4941 -
620 4899 752 4958 Cod.
787 4900 910 4955 lav.
941 4899 1018 4962 ὡς
1048 4898 1152 4968 φὴς
1188 4895 1654 4968 -ᾼᾳῠτρςιδέδιιι
1685 4916 1734 4956 τ.
1776 4899 1892 4952 Ἠλ.

345 4965 415 5009 -4
439 4965 604 5025 -Ιάθιη
646 4970 806 5025 tradit
845 4965 1150 5032 Facuntlus,
1189 4966 1279 5037 qui
1314 4966 1366 5020 in
1393 4965 1697 5037 Defnuione
1740 4971 1896 5022 trium

344 5038 725 5112 Capitnloruui,
757 5038 1017 5112 Isidorus,
1043 5036 1317 5112 inquit,——
1342 5036 1431 5112 qui
1462 5037 1621 5112 etiam
1652 5053 1748 5112 pro
1778 5039 1898 5112 vita:

344 5125 410 5161 ac
441 5107 716 5176 sapientize
749 5107 860 5163 suae
890 5105 1131 5172 meritis,
1164 5116 1224 5162 ut
1253 5105 1404 5179 pater
1432 5105 1502 5179 ab
1547 5105 1897 5179 ipstitlyrillo

344 5187 402 5238 et
433 5175 726 5235 honoratus
755 5187 856 5236 est.
888 5187 941 5231 et
964 5191 1200 5233 vocatus.
1233 5175 1300 5220 -ἔ
1334 5177 1417 5231 Cf.
1434 5175 1569 5232 Max.
1595 5175 1893 5232 Βίωίνγ.

351 5245 612 5306 ΡΙ³,ιοιιι.
637 5247 701 5311 Χ,
731 5264 782 5316 p.
817 5247 901 5302 I8.
1295 5315 1302 5316 ί
1407 5314 1424 5316 ᾼ
1494 5311 1497 5313 .

421 5317 488 5386 (Ι)
507 5317 625 5376 Lib.
656 5333 692 5378 I,
721 5314 810 5386 ep.
832 5317 955 5382 216,
981 5345 1031 5386 τ
1072 5316 1120 5368 εἰ
1139 5316 1195 5372 δὲ
1222 5315 1316 5386 καὶ
1338 5314 1650 5386 τοῡτρν-(εο.
1677 5315 1896 5386 χιτῷνα)

347 5418 418 5432 ο·-
437 5385 570 5445 Βὶιι,
603 5383 824 5440 τοὺτών.
849 5386 980 5440 Cod.
1003 5384 1128 5438 Bav.
1153 5384 1311 5437 τοῦτο
1335 5414 1404 5424 -
1432 5384 1642 5452 μέλλοις
1671 5383 1739 5424 4——
1762 5383 1892 5439 Cod.

351 5457 458 5510 Αιι.
495 5456 703 5524 μέλλεις
724 5487 791 5496 —
816 5456 890 5518 ὡς
923 5457 988 5507 τὰ
1006 5455 1114 5506 τῶν
1135 5484 1205 5495 —-
1229 5454 1316 5508 Sic
1349 5453 1503 5508 codd.
1536 5453 1649 5508 Val.
1681 5457 1802 5515 649.
1844 5467 1898 5510 ct.

351 5527 460 5580 Alt.
494 5527 652 5593 vulgo
670 5526 829 5577 τινῶν
857 5557 922 5567 --
944 5525 1113 5590 ἁγίων
1150 5526 1357 5593 τηρεῖν,
1386 5525 1485 5590 ἐμὲ
1536 5527 1630 5592 μὲν
1664 5527 1742 5587 εἰς
1762 5525 1896 5578 ἁπό-

348 5611 549 5661 τνωσιν
565 5596 794 5664 ὼθήσεις
816 5626 876 5638 --
892 5595 1023 5649 Cod.
1045 5595 1145 5648 Alt.
1165 5593 1378 5664 ibo-qan
1402 5622 1467 5664 -—_
1490 5593 1897 5664 Eksyxovégau-

349 5664 429 5740 τῷ
458 5696 520 5706 -—
555 5661 830 5724 Sic—codd.
866 5667 980 5719 Vat.
1012 5665 1132 5732 519,
1164 5673 1215 5720 et
1247 5662 1352 5720 Alt.
1385 5662 1522 5734 vulg.
1561 5661 1796 5737 ἐμὰνῒῶ
1829 5693 1895 5706 -

1794 4134 1891 4203 λην

1794 4221 1890 4274 της

1354 4288 1460 4328 em.
1495 4273 1530 4328 I.
1561 4273 1611 4328 c.
1641 4289 1698 4346 p.
1728 4275 1816 4330 98.

565 4343 725 4396 illem.
758 4341 792 4395 l.
827 4358 864 4403 ι,
896 4357 948 4406 p.
977 4342 1063 4398 97.

1857 3075 1966 3177 nc

2011 1839 2063 1892 in
2084 1837 2339 1908 peccandi
2369 1839 2813 1894 consuetudinem
2845 1838 3085 1893 nondum
3117 1837 3282 1903 venit,
3315 1838 3560 1907 ignoscas

2009 1929 2078 1984 ei.
2103 1959 2174 1969 ——
2212 1929 2450 1999 Apparet
2475 1939 2654 1984 autem
2687 1946 2753 1985 ex
2786 1939 3011 2001 utraque
3040 1930 3288 2000 epistola,
3313 1931 3401 2000 qui
3433 1945 3558 2000 pre-

2009 2020 2165 2074 cibus
2191 2020 2378 2075 lSiIlOl'i
2411 2023 2791 2076 monasterium
2819 2022 3049 2085 adirent,
3073 2037 3165 2076 eos
3191 2022 3255 2074 ad
3278 2022 3422 2077 hunc
3439 2036 3560 2075 esse

2007 2112 2285 2165 adductos.
2325 2113 2458 2166 Nam
2482 2113 2524 2166 si
2556 2112 2677 2180 quis
2707 2113 2974 2181 conjicere
3025 2111 3153 2166 velit
3204 2111 3474 2166 Heronem
3503 2119 3559 2166 et

2007 2201 2205 2256 Lucam
2239 2202 2491 2257 habuisse
2513 2218 2634 2256 cum
2667 2201 2870 2256 Isidoro
2896 2201 3185 2256 amicitiam
3205 2240 3220 2265 ,
3243 2201 3407 2269 quod,
3432 2215 3555 2255 cum

2006 2293 2291 2348 scivissem
2317 2293 2528 2363 fugitivi
2572 2293 2668 2357 illi,
2713 2308 2743 2346 a
2781 2292 3034 2362 janitore,
3068 2301 3127 2346 ut
3172 2293 3240 2346 ad
3290 2291 3556 2348 lsidorum

2006 2385 2403 2438 adducerentur
2434 2383 2779 2453 petivissent;
2819 2383 2908 2437 hic
2948 2383 3069 2451 jure
3108 2383 3161 2436 in
3195 2383 3556 2453 suspicionem

2005 2475 2232 2529 nimium
2263 2475 2562 2528 dubitantis
2591 2475 2913 2538 incurreret,
2947 2474 3244 2543 praesertim
3279 2489 3401 2528 cum
3431 2473 3558 2528 huic

2007 2565 2288 2633 liypotbesi
2326 2563 2544 2618 obstent
2572 2563 2736 2617 verba
2765 2562 2819 2615 in
2862 2562 3087 2632 epistola
3117 2563 3184 2617 ad
3227 2562 3496 2617 Heronem
3538 2580 3553 2616 :

2016 2655 2102 2716 Ὠς
2129 2655 2183 2707 δὲ
2199 2653 2386 2725 ἑτοίμη
2410 2656 2442 2725 ὴ
2462 2653 2698 2726 ἡμετέρα
2720 2653 2976 2725 συνήθεια
2997 2655 3203 2718 πάντας
3221 2653 3360 2707 οἴκοι
3391 2670 3556 2725 προσ-

2008 2743 2198 2810 ίεσθαι,
2230 2763 2284 2798 κ.
2313 2762 2364 2797 τ.
2389 2745 2438 2798 λ.

2071 2835 2203 2902 Qua:
2241 2835 2422 2890 omnia
2475 2835 2518 2890 si
2564 2835 2658 2890 tibi
2719 2850 2828 2889 non
2870 2843 3256 2905 persuaserunt
3291 2832 3554 2890 Isidorum

2005 2927 2184 2997 aliquo
2217 2927 2462 2982 functum
2495 2927 2660 2982 fuisse
2703 2942 2950 2992 munere,
2985 2927 3130 2998 legas
3158 2942 3294 2996 quas
3339 2928 3558 2996 scripsit

2006 3018 2095 3073 ille
2121 3019 2190 3073 ad
2235 3019 2594 3088 Lampetium,
2626 3018 2693 3072 ad
2728 3017 2928 3072 Pelusii
2958 3018 3254 3074 monachos
3291 3027 3347 3073 et
3366 3019 3433 3073 ad
3461 3019 3556 3073 Di-

1997 3109 2214 3179 dymum
2249 3111 2620 3181 presbyterqu
2651 3109 2926 3179 epistolas.
2951 3107 3160 3174 Quibus
3193 3110 3449 3180 perlectis
3488 3112 3559 3167 de

1998 3197 2101 3251 hac
2153 3213 2213 3252 re
2257 3198 2458 3253 diutius
2495 3199 2548 3252 in
2580 3199 2743 3254 dubio
2776 3215 2885 3253 non
2921 3199 3248 3254 versaberis.
3277 3199 3558 3272 Lampetio

1999 3287 2148 3340 enim
2183 3288 2480 3350 neminem,
2507 3289 2598 3356 qui
2625 3289 2676 3341 in
2708 3304 2806 3343 suo
2849 3289 2921 3343 sit
2961 3290 3310 3356 monasterio,
3333 3307 3456 3345 cum
3489 3307 3558 3347 eo

2006 3376 2052 3431 si
2084 3377 2251 3431 Manis
2283 3387 2338 3432 et
2369 3377 2656 3433 Marcionis
2685 3395 2891 3433 morem
2931 3390 3188 3450 sequatur
3210 3382 3392 3435 cibum
3435 3395 3558 3436 esse

2007 3477 2367 3536 sumpturum,
2409 3469 2694 3524 annuntiat
2739 3468 2945 3541 (m).—
2979 3471 3266 3528 Monachos
3293 3487 3439 3538 vero,
3486 3473 3558 3529 de

2003 3559 2198 3628 quibus
2244 3559 2400 3614 multi
2461 3561 2631 3616 multa
2673 3561 2850 3632 questi
2904 3563 3126 3620 fuerunt
3185 3565 3552 3636 reprehendit,

1997 3717 2111 3795 τῂνΔ
2154 3717 2458 3795 συνείᾷησιν
2487 3719 2725 3795 ἔχοντες
2774 3721 2935 3776 πάλιν
2983 3722 3041 3776 δὲ
3086 3722 3344 3795 πέμψας,
3393 3725 3556 3781 πάλιν

1999 3789 2238 3861 αῐεὴσεις
2255 3804 2268 3817 ο
2294 3790 2454 3859 ἡμεῖς
2482 3789 2617 3861 δὶρὺ
2639 3790 2899 3861 δώσομεν.
2931 3824 3000 3836 --

2069 3857 2344 3911 Praeterea
2379 3860 2673 3914 notandum
2723 3857 2806 3915 est
2843 3861 3104 3917 lsidorum
3154 3862 3480 3918 Pelusiotam
3521 3883 3554 3922 a

1997 3925 2179 3981 Graeca
2203 3936 2265 3998 ᾳ
2282 3927 2467 3982 Latina
2497 3927 2733 3984 Ecclesia
2767 3931 2907 3986 inter
2931 3941 3146 3987 sanctos
3172 3934 3417 3998 relatum,
3447 3951 3551 3990 ne-

1995 4012 2099 4064 que
2132 3998 2198 4051 ab
2227 3997 2470 4073 Usua‘rdo
2523 3999 2576 4051 in
2626 4010 2927 4073 sanctorum
2983 4003 3232 4073 Catalogo
3283 3997 3548 4060 omissum

1995 4081 2134 4141 esse.
2171 4097 2240 4108 —
2266 4067 2476 4141 Scripta
2504 4084 2655 4141 vero.
2680 4085 2803 4141 qu:_e
2837 4071 2941 4125 huc
2969 4067 3258 4141 pertine'nt,
3299 4083 3550 4130 accurate

1996 4137 2218 4261 conﬁsa
2280 4148 2407 4195 sunt
2461 4138 2517 4192 in
2571 4137 2714 4193 Actis
2754 4137 3069 4196 Sanctorum
3135 4137 3310 4199 mens.
3362 4143 3548 4213 Febr.,

1997 4221 2048 4261 ο.
2191 4247 2205 4258 .

1995 4221 2048 4276 p'
2067 4221 2337 4345 (Silaos:
2373 4276 2508 4330 Bibl.
2539 4278 2660 4338 cod.
2693 4277 3016 4335 ccxxvut.

1927 4329 1972 4386 Ι)
2004 4414 2047 4422 η
2070 4329 2150 4410 iii)
2168 4329 2394 4422 Basnag.
2426 4329 2565 4400 .4..nt
3121 4348 3212 4419 ΙΙΙ,
3240 4366 3295 4422 p.
3327 4352 3450 4410 519.
3479 4385 3554 4398 «-

2003 4414 2305 4470 Heumann.
2341 4414 2394 4470 d.
2426 4433 2496 4474 ο..
2526 4414 2658 4484 μδ,
2693 4427 2802 4471 not.
2835 4434 2884 4472 c.
2915 4450 2984 4461 —

2069 4486 2130 4558 (ξ)
2165 4486 2218 4558 In
2263 4487 2772 4558 catalogolibrorum
2793 4489 3173 4558 impressorum
3201 4488 3550 4548 Bibliothet'xe

1998 4554 2156 4630 regiae
2178 4554 2518 4630 _I‘a_risiensis.
2561 4572 2612 4626 p.
2653 4574 2687 4611 I.
2725 4558 2785 4609 (1.
2820 4554 3027 4621 11:929.
3068 4575 3188 4630 pag.
3214 4562 3336 4624 595,
3373 4571 3552 4617 exstat

1999 4623 2118 4677 libri
2154 4625 2360 4696 titulus,
2401 4642 2462 4680 ex
2512 4623 2637 4695 quo,
2683 4636 2953 4681 auctorem
3010 4623 3246 4696 putasse.
3287 4623 3548 4687 Isidorum

2000 4705 2241 4768 nostrum
2269 4694 2468 4768 Pelusii
2503 4694 2666 4768 fuisse
2685 4694 3024 4768 episcopum,
3044 4699 3412 4768 consequitur.
3450 4702 3550 4757 Est

1999 4772 2178 4840 autem
2226 4764 2360 4840 hic}
2503 4765 2701 4819 combat
2734 4764 3130 4840 dest/irétiens,
3163 4764 3241 4840 oti
3260 4769 3323 4840 _la
3346 4788 3549 4840 "guerrc

1999 4832 2069 4884 du
2095 4833 2198 4885 vice
2228 4842 2275 4892 et
2304 4834 2366 4886 de
2396 4834 2446 4886 la
2477 4845 2640 4896 vertu,
2670 4835 2864 4889 traduit
2889 4837 2957 4889 du
2987 4836 3138 4892 Latin
3164 4839 3230 4892 de
3253 4837 3310 4892 S.
3344 4832 3548 4896 Isidore

2001 4902 2350 4966 Arehevéque
2369 4905 2436 4957 de
2465 4903 2679 4959 Sévillc.
2719 4913 2772 4956 et
2802 4904 2850 4958 la
2879 4905 2972 4958 Vie
3001 4906 3070 4959 du
3103 4908 3276 4961 meme
3300 4908 3456 4963 Saiut
3478 4940 3548 4950 —

2001 4987 2130 5044 avec
2160 4972 2236 5044 les
2267 4977 2448 5044 lettres
2489 4973 2638 5044 deis.
2665 4973 2873 5044 Isidore
2925 4973 3133 5044 évéqtte
3170 4977 3236 5030 de
3283 4977 3544 5044 Damiéte,

2004 5042 2260 5117 traduitcs
2289 5059 2352 5095 eu
2372 5043 2631 5117 frangam.
2655 5041 2828 5117 faris,
2863 5044 3015 5106 1676,
3048 5041 3102 5117 in
3129 5046 3214 5100 12.
3248 5045 3426 5117 Ipsum
3449 5041 3546 5103 au;

2004 5120 2107 5164 tetu
2147 5111 2341 5169 librum
2372 5111 2686 5180 inspiciendi
2711 5112 2893 5171 deerat
2919 5116 3146 5173 occasio.
3187 5145 3257 5157 —

2071 5181 2134 5250 (Ι)
2177 5181 2289 5233 Lib.
2326 5198 2361 5243 I,
2392 5196 2475 5250 ep.
2501 5183 2622 5235 389.

2074 5251 2142 5313 (lt)
2177 5251 2288 5304 Lib.
2320 5268 2356 5314 ι,
2388 5267 2472 5319 cp.
2507 5253 2626 5309 142.

2073 5319 2132 5388 (Ι)
2166 5319 2279 5376 Lib.
2311 5335 2345 5382 I,
2378 5337 2462 5388 ep.
2489 5322 2609 5376 518.

2071 5389 2164 5463 (uti
2198 5389 2310 5463 Lib.
2371 5406 2403 5452 ι,
2448 5407 2531 5458 ep.
2576 5391 2659 5444 5‘2.
2693 5389 2892 5463 Graeca,
2952 5408 3071 5460 qum
3121 5395 3227 5448 huc
3272 5393 3542 5463 pertinent

2002 5459 2196 5533 verbzh
2219 5458 2495 5533 lyce_suut
2526 5479 2546 5533 εγ
2567 5488 2638 5533 _-
2676 5461 2723 5510 εἰ
2835 5461 2932 5533 τῆς
2973 5458 3370 5533 βδελυκτῆξ-
3403 5464 3537 5516 ιὶυιΙ.

2004 5528 2110 5582 Alt.
2141 5527 2394 5603 3533.}1‘91;
2439 5561 2506 5603 τί
2531 5529 2824 5603 Μανιχαίσῖυ
2854 5527 2946 5603 κιιὶ
2975 5527 3310 5603 ’Μαρκίωνος
3339 5533 3538 5602 τυγχά-

2001 5596 2396 5672 vatius-2930;,
2422 5599 2593 5672 οὐδείς
2626 5596 2705 5650 co:
2743 5599 2841 5667 τῆς
2886 5596 3155 5672 ἡμετέρξις
3214 5596 3534 5672 sacriﬁca-Lat

2005 5665 2239 5740 μάνδρας
2269 5697 2331 5706 --
2365 5666 2608 5741 Proiecto
2633 5665 2808 5728 autem
2833 5665 2936 5738 pro
2961 5665 3274 5739 συσεήσεται
3304 5665 3383 5725 vel
3414 5688 3534 5724 συσο
