3890 6134
342 247 407 316 21
1552 260 1721 321 VITA
1761 260 2049 320 ISIDORI
2088 260 2343 321 PELUS.
3488 256 3591 321 22·

345 360 517 428 lisque
560 360 802 416 declarat
829 375 888 418 se
916 376 1011 419 eos
1046 362 1252 418 hortari
1275 364 1411 419 velle
1431 366 1670 435 quotidie
1703 367 1896 437 (a).l—-
1929 374 1969 426 Α
1998 380 2109 419 non
2153 366 2455 420 dubitarem
2476 405 2491 428 ,
2532 362 2635 417 nisi
2668 363 2850 432 Lupus
2876 372 3110 418 veterem
3158 363 3355 426 istum,
3394 378 3554 433 quem

345 449 584 520 Denique
615 452 910 523 Didymoin
936 454 1161 524 epistola
1185 455 1254 509 ad
1287 455 1432 510 hunc
1477 457 1601 512 data
1632 458 1899 527 promittit
2000 454 2321 508 Sirmondus
2350 453 2535 507 laudat
2554 492 2569 513 ,
2597 452 3021 521 manuscriptum
3042 493 3057 515 ,
3085 452 3153 506 ab
3186 468 3280 515 eo,
3312 459 3419 522 quo
3444 453 3557 523 ipse

344 556 425 605 se,
450 544 494 597 si
527 559 649 613 quae
688 545 932 600 homines
954 546 1175 615 quidam
1202 548 1269 603 ad
1298 564 1357 603 se
1388 548 1455 604 de
1482 564 1549 603 eo
1578 550 1899 605 detulissent
1998 560 2128 599 usus
2157 546 2259 609 sit,
2290 546 2565 598 diversum
2594 559 2713 598 esse
2742 543 3049 598 allirmaret.
3087 545 3323 609 Etenim,
3352 545 3555 613 inquit,

345 634 477 689 falsa
511 636 909 702 invenirentur,
933 638 1033 693 hos
1058 638 1128 693 ad
1157 641 1536 695 necessitatem
1558 641 1658 711 ipsi
1685 642 1896 697 satisfa-

272 764 275 765 ν
344 724 520 778 ciendi
552 725 892 792 adacturum,
935 735 991 781 et
1017 742 1127 781 non
1160 728 1476 783 obedientes
1521 743 1552 783 a
1596 739 1739 785 cestu
1775 746 1896 785 esse

342 826 651 868 amaturum
682 815 781 885 (bl.
808 847 875 857 —

410 904 814 974 lnquirentibus
830 915 1008 961 autem
1038 906 1195 962 nobis
1216 908 1375 977 paulo
1396 911 1699 962 accuratius
1726 908 1896 977 quod-

342 1009 465 1048 nam
496 1010 695 1051 munus
726 998 1072 1064 sustinuerit,
1109 1000 1464 1054 examinanda
1494 1009 1621 1055 sunt
1649 1008 1893 1054 veterum

340 1085 660 1155 scriptorum
687 1087 754 1141 de
781 1087 882 1141 hac
924 1103 983 1142 re
1021 1089 1323 1144 testimonia
1343 1131 1357 1153 ,
1389 1090 1615 1159 quibus,
1653 1098 1711 1144 ut
1740 1090 1893 1159 equi-

338 1176 458 1231 dem
489 1178 741 1241 arbitror,
790 1178 1047 1233 lsidorum
1090 1181 1403 1235 monasterii
1435 1181 1517 1235 sui
1558 1181 1725 1235 fuisse
1754 1197 1893 1250 prae-

336 1266 536 1321 fectum
575 1268 734 1337 plane
762 1269 972 1338 probari
998 1280 1195 1339 potest.
1223 1270 1356 1324 Nam
1388 1272 1486 1326 etsi
1514 1272 1889 1326 auctoritatem

335 1356 647 1428 Nieephori,
682 1375 788 1412 una
815 1375 937 1414 cum
973 1359 1288 1415 lleumanno
1318 1361 1410 1430 (ε),
1441 1360 1738 1430 praesertim
1768 1376 1891 1414 cum

334 1446 474 1503 illius
512 1449 676 1503 verba
718 1449 935 1504 dubiam
969 1450 1201 1504 habeant
1236 1450 1735 1519 interpretationem
1773 1452 1847 1522 (ά)
1874 1491 1889 1516 ,

329 1540 477 1607 parvi
514 1541 778 1607 facimus,
808 1550 988 1595 tamen
1030 1550 1216 1596 nostra
1249 1550 1354 1595 stat
1398 1541 1687 1595 sententia.
1723 1540 1889 1595 Nam-

330 1644 436 1698 que
471 1633 541 1699 (e)
578 1630 897 1687 Sirmondus
924 1633 1179 1704 anonymi
1229 1632 1397 1687 refert
1428 1635 1590 1687 verba
1638 1650 1668 1686 e
1708 1641 1889 1687 vetere

1996 638 2157 692 latina
2205 636 2483 690 translatio
2530 652 2638 689 non
2686 645 2772 689 est
2809 644 3067 705 concepta
3112 636 3298 690 iisdem
3354 637 3552 690 verbis.

1996 728 2061 783 Et
2091 744 2327 799 praesens
2361 738 2547 783 noster
2588 728 2754 782 codex
2787 744 2892 781 non
2942 728 3159 782 adducit
3195 744 3417 791 omnes,
3461 730 3555 785 sed

1922 854 1925 859 -
1995 820 2331 874 solummodo
2357 820 2613 887 quasdam
2645 819 2710 872 ad
2735 819 2963 873 Nestorii
3000 820 3213 888 negotia
3249 827 3557 888 spectantes

1994 907 2050 962 S.
2096 908 2283 961 lsidori
2334 908 2608 977 epistolas.
2646 908 2710 961 Et
2746 909 2915 962 nostri
2953 908 3155 963 codicis
3189 908 3432 962 scholion
3472 915 3555 962 est

1992 997 2211 1068 largius.
2237 1028 2305 1039 —
2335 998 2464 1051 Utut
2502 998 2615 1052 inec
2643 997 2770 1065 sint,
2802 998 2852 1052 id
2881 1008 3084 1053 certum
3122 1008 3221 1061 est,
3256 998 3513 1051 Irenmum
3535 1038 3550 1061 ,

1993 1089 2179 1143 lsidori
2229 1090 2489 1158 aequalem
2513 1131 2528 1155 ,
2557 1090 2705 1145 hunc
2749 1090 2998 1145 abbatem
3030 1090 3345 1159 appellasse.
3384 1087 3555 1157 Hujus

1992 1180 2311 1235 auctoritate
2332 1197 2520 1236 omnes
2549 1182 2661 1236 fere
2683 1181 2775 1250 qui
2798 1182 2936 1236 hanc
2961 1197 3071 1235 rem
3102 1182 3395 1252 tetigerunt
3452 1181 3551 1234 viri

1992 1272 2153 1331 docti.
2181 1272 2325 1328 velut
2348 1272 2663 1325 Sirmondus
2690 1272 2766 1339 (It)
2787 1312 2802 1336 ,
2833 1272 3014 1324 Sixtus
3042 1269 3298 1323 Senensis
3324 1270 3407 1340 (i),
3442 1268 3551 1323 Lu-

1992 1378 2092 1432 pus
2116 1363 2200 1433 (j),
2232 1363 2424 1433 Pagius
2450 1362 2548 1431 (It).
2576 1361 2866 1429 Basnagius
2896 1360 2979 1429 (ι),
3015 1360 3394 1414 Tillemontius
3432 1360 3548 1429 (m),

1990 1452 2288 1508 Ceillierius
2317 1454 2414 1523 (η),
2442 1452 2718 1506 Gravcson
2751 1450 2821 1520 (0)
2850 1490 2865 1514 ,
2922 1448 3179 1503 Heinsius
3208 1448 3307 1517 (p),
3354 1446 3548 1503 Arnol-

1991 1544 2090 1599 dus
2118 1544 2209 1614 (ᾳ),
2242 1543 2433 1597 Saxius
2463 1542 2555 1612 (r),
2588 1542 2969 1596 Weismannus
2997 1540 3063 1609 (ε)
3086 1582 3099 1605 ,
3138 1547 3193 1593 et
3229 1538 3552 1593 Rosenmul—

1991 1634 2135 1688 lerus
2168 1636 2228 1704 (ι)
2269 1634 2532 1687 lsidorum
2565 1631 2876 1686 monasterii
2918 1631 3001 1685 sui
3038 1629 3353 1699 przefectum
3384 1627 3552 1682 fuisse

330 1720 701 1789 manuscripto
728 1700 1213 1793 depromptaaqure
1261 1723 1342 1777 sic
1392 1738 1450 1777 se
1482 1722 1728 1777 habent:
1780 1723 1888 1776 Has
1922 1700 1960 1754 Β
1991 1700 2334 1777 arbitrantur.
2387 1721 2585 1776 Contra
2630 1737 2767 1791 quos
2812 1735 3002 1775 omnes
3050 1719 3222 1790 surgit
3276 1718 3549 1773 Heuman-

332 1824 507 1863 antnes
556 1811 692 1865 beati
724 1810 916 1865 Isidori
954 1813 1236 1881 presbyteri
1272 1821 1320 1865 et
1366 1813 1569 1865 abbatis
1616 1811 1891 1866 Pelusiotae

330 1901 564 1953 recensin
592 1909 639 1953 et
669 1902 913 1955 transtuli
945 1919 1007 1956 ea:
1030 1902 1256 1972 epistolis
1282 1903 1392 1971 ejus
1420 1904 1615 1957 duobus
1640 1904 1888 1967 millibus,

329 2007 445 2063 qua
486 2002 609 2045 sunt
650 2007 743 2060 per
766 1994 1070 2063 quingentas
1108 1994 1397 2047 distributa:
1438 1994 1491 2046 in
1529 1994 1891 2049 Acmmetensis

328 2084 633 2137 monasterii
663 2084 919 2138 codicibus
946 2086 1304 2139 vetustissimis
1329 2095 1570 2154 quatuor.
1600 2084 1729 2150 Quae
1758 2101 1891 2155 pau-

327 2174 407 2227 cis
458 2174 683 2229 mutatis
724 2182 780 2229 et
827 2175 1021 2230 additis
1058 2177 1386 2231 verbotenus
1439 2176 1786 2245 reperiuntur
1835 2176 1889 2229 in

326 2264 599 2318 variorum
634 2264 855 2320 Patrum
888 2267 1129 2336 epistolis
1167 2282 1195 2321 a
1243 2266 1552 2321 Christiano
1585 2265 1735 2336 Lupo
1776 2267 1888 2336 pri-

327 2369 472 2406 mum
502 2355 668 2408 editis
694 2355 779 2425 (ο,
815 2355 869 2409 in
909 2356 1107 2425 quibus
1137 2357 1251 2410 haec
1291 2364 1509 2410 exstant
1549 2356 1731 2410 Irentei
1785 2356 1889 2426 Ty-

328 2444 541 2497 rionum
574 2446 930 2514 metropolitua
951 2447 1146 2501 verba:
1178 2445 1289 2499 llas
1320 2463 1493 2499 omnes
1520 2446 1656 2498 beati
1676 2445 1887 2509 lsidori,

326 2536 608 2603 presbyteri
655 2545 704 2589 et
735 2536 937 2589 abbatis
979 2534 1255 2589 Pelusima:
1284 2536 1514 2604 excerpsi
1559 2545 1607 2589 et
1639 2536 1887 2588 transtuli

326 2640 390 2679 ea:
424 2625 657 2695 epistolis
686 2626 796 2694 ejus
820 2625 1017 2680 duobus
1054 2626 1303 2689 millibus,
1330 2643 1443 2696 qua:
1464 2636 1583 2679 sunt
1615 2644 1707 2695 per
1733 2628 1887 2697 quin-

327 2726 571 2786 gentenas
600 2719 892 2772 distributa:
922 2720 978 2773 in
1003 2718 1361 2773 Acwmeteusis
1405 2720 1707 2780 monasterii
1744 2719 1886 2771 codi-

328 2810 466 2863 cibus
514 2820 763 2881 quatuor.
805 2810 896 2866 Ubi
947 2811 1104 2863 etiam
1142 2827 1233 2880 per
1276 2812 1509 2863 ordinent
1559 2810 1889 2879 singularum

331 2914 571 2953 numerus
591 2901 903 2954 continetur.
938 2901 1000 2955 Et
1034 2901 1220 2955 ultima
1248 2911 1321 2954 est
1347 2942 1360 2968 ,
1392 2918 1548 2972 quam
1569 2918 1659 2972 ego
1690 2919 1889 2965 quoque

1990 1830 2093 1868 nus
2118 1814 2216 1883 (υ),
2245 1812 2335 1883 qui
2368 1828 2492 1868 cum
2511 1811 2744 1866 Isidorus
2771 1811 2885 1881 ipse
2914 1809 2969 1864 in
2996 1810 3220 1880 epistola
3247 1808 3367 1863 libri
3393 1808 3550 1878 primi

1988 1907 2280 1961 centesima
2308 1905 2747 1976 quinquagesima
2778 1903 3087 1958 monasterii
3122 1901 3205 1956 sui
3231 1900 3549 1971 prafectum

1988 2012 2018 2051 a
2048 2012 2105 2050 se
2132 1996 2407 2051 diversum
2445 2002 2868 2057 commemoret,
2905 1994 3049 2048 hunc
3090 1993 3342 2046 abbatem
3383 1990 3549 2044 fuisse

1989 2098 2165 2159 negat.
2217 2089 2284 2143 At
2336 2088 2389 2143 id
2433 2088 2649 2158 quidem
2703 2086 2839 2140 nihil
2890 2086 3099 2155 probat.
3148 2081 3284 2137 Nam
3339 2081 3442 2135 nisi
3483 2080 3549 2134 ad

1990 2178 2322 2233 Sehraackhii
2353 2180 2423 2249 (υ)
2472 2178 2871 2247 conjecturam,
2921 2175 3013 2245 qui
3046 2174 3308 2229 lsidorum
3353 2187 3548 2226 mona-

1987 2268 2214 2323 chorum
2261 2270 2396 2324 adeo
2424 2268 2870 2325 consuetudinem
2902 2266 3101 2337 fugisse
3127 2264 3398 2319 interdum
3420 2304 3435 2328 ,
3468 2278 3551 2315 se-

1987 2373 2091 2426 que
2123 2358 2177 2411 in
2212 2359 2557 2413 solitudinem
2594 2356 2890 2411 contulisse
2922 2356 3194 2425 epinatur,
3239 2353 3376 2407 velis
3412 2368 3545 2405 cou—

1986 2448 2193 2519 lugere,
2225 2465 2348 2505 eum
2378 2451 2519 2504 hanc
2555 2450 2837 2519 epistolam
2866 2455 2959 2501 aut
2986 2446 3225 2501 nondum
3271 2446 3325 2500 in
3360 2461 3547 2499 mona-

1987 2542 2214 2596 chorum
2258 2542 2569 2597 societatem
2619 2550 2928 2607 receptum,
2973 2549 3067 2594 aut
3113 2539 3217 2593 iter
3257 2538 3543 2593 facientem

1985 2632 2265 2701 scripsisse
2281 2633 2579 2695 monachis,
2597 2631 2721 2685 licet
2736 2631 3061 2686 existimare.
3087 2630 3273 2699 Neque
3292 2629 3544 2692 alterum,

1983 2722 2127 2790 quod
2154 2722 2393 2791 protulit,
2442 2721 2792 2775 Heumannus
2826 2720 2902 2791 (π)
2954 2718 3241 2774 sententia:
3271 2734 3383 2773 sua:
3413 2733 3549 2771 con-

1986 2812 2262 2867 ﬁrmanda:
2296 2828 2455 2867 causa
2487 2821 2865 2881 argumentum
2891 2852 2908 2877 ,
2940 2812 3115 2885 magni
3152 2809 3410 2865 momenti
3441 2820 3546 2864 est.

1986 2901 2288 2959 Oﬂcnditur
2315 2905 2459 2957 enim
2494 2903 2581 2957 ille
2607 2918 2701 2968 eo,
2733 2903 2875 2973 quod
2918 2902 3227 2971 Stephanus
3264 2901 3509 2958 Gobarus
3529 2940 3543 2963 ,

332 2992 572 3047 ultimam
606 2994 776 3062 posui.
821 2993 928 3048 Deo
974 2996 1192 3063 gratias.
1234 2994 1364 3058 Quae
1402 2993 1587 3047 Irenzei
1632 2995 1792 3046 verba
1823 3010 1884 3045 ex
1913 3028 1958 3090 ο
1988 2993 2339 3061 ΕρΙιηΒηιιιε,
2388 2992 2675 3047 Facundus
2700 3002 2754 3047 et
2780 2992 3039 3063 Evagrius
3076 3007 3263 3045 omnes
3288 2990 3547 3047 [siderum

333 3082 577 3151 ejusdem
616 3083 876 3153 tragmdia
919 3083 991 3153 (g)
1037 3085 1286 3153 repetita,
1320 3100 1421 3137 una
1457 3100 1580 3138 cum
1616 3083 1723 3137 illis
1766 3081 1882 3151 epi-

338 3174 487 3227 stolis
520 3174 577 3229 in
602 3173 843 3229 Latinam
889 3173 1125 3244 linguam
1162 3175 1432 3227 transtulit
1462 3182 1650 3226 auctor
1680 3187 1886 3241 anony-

338 3278 476 3318 tnus.
526 3264 699 3329 Quare
748 3265 1095 3323 Sirmondum
1151 3266 1405 3319 memoria
1441 3266 1647 3335 lapsum
1695 3263 1880 3317 lremci

335 3356 494 3412 verba
524 3355 772 3411 tribuisse
796 3372 1063 3428 anonymo
1093 3372 1278 3411 eorum
1322 3357 1601 3426 interpreti
1647 3365 1882 3409 statuere

330 3490 589 3560 σιτίσεται
646 3490 799 3560 (fors.
850 3491 1253 3560 συσσιτήσεται)
1305 3492 1623 3546 auctoritate
1676 3490 1876 3545 codicis

330 3558 478 3623 Bav.,
512 3561 597 3614 vel
627 3558 879 3624 σύσσιτος
913 3558 1082 3625 ἔσται.
1116 3558 1259 3629 quod
1287 3563 1540 3617 exhibent
1572 3561 1727 3616 codd.
1754 3561 1871 3614 και.

328 3630 447 3693 649,
474 3638 529 3682 et
560 3631 661 3684 Alt.
693 3631 1035 3685 scribendum
1062 3641 1162 3684 est.

395 3700 471 3766 (al
491 3698 622 3770 Lib.
657 3716 696 3765 I,
716 3716 801 3769 ep.
834 3701 951 3754 154.
969 3700 1177 3770 Πολλὰς
1194 3701 1543 3770 ἐηχοὺμενοι
1574 3702 1698 3769 περὶ
1724 3698 1877 3767 ὑμῶν

330 3769 708 3836 καταϐοήσεις,
728 3769 928 3828 πολλὰς
958 3769 1083 3837 ὑμῖν
1108 3769 1484 3839 ἀπαντλοῦμεν
1518 3770 1637 3822 καθ’
1663 3769 1877 3837 ἡμέραν

328 3839 423 3899 τὰς
441 3839 831 3907 παρακλήσεις.
859 3840 1125 3892 (laterum
1150 3840 1264 3894 haec
1284 3840 1529 3907 epistola,
1551 3848 1607 3892 ut
1631 3840 1879 3907 equidem

330 3908 579 3971 arbitror,
608 3910 677 3962 ab
719 3908 921 3962 Isidoro
949 3907 999 3960 in
1029 3908 1217 3962 itinere
1267 3910 1464 3977 scripta
1514 3918 1613 3963 cst.
1672 3908 1878 3963 Etenim

330 3992 451 4047 eum
483 3977 678 4031 itinera
703 3978 969 4032 interdum
1012 3980 1312 4047 suscepisse
1340 3989 1547 4033 constat
1598 3994 1660 4032 ex
1699 3978 1817 4031 libri
1838 3992 1879 4047 7v

330 4046 550 4114 epistola
575 4047 1127 4100 256.—lleumannus
1153 4046 1337 4101 contra
1364 4048 1415 4101 d.
1449 4065 1522 4111 c.,
1547 4065 1600 4116 p.
1622 4049 1675 4109 5.
1700 4057 1812 4101 not.
1834 4046 1871 4107 ἰ,

333 4116 479 4187 illam
531 4127 656 4171 ante
698 4117 1057 4187 conscriptam
1106 4133 1227 4171 esse
1268 4127 1475 4183 censet,
1507 4134 1665 4187 quam
1698 4117 1870 4171 Isido-

331 4201 422 4240 rus
467 4184 520 4240 in
566 4186 950 4240 monasterium
1005 4202 1123 4240 sese
1165 4188 1488 4252 contulerit;
1525 4184 1709 4256 uuam
1745 4199 1872 4256 vero

330 4257 671 4329 sententiam,
701 4256 805 4329 qui
832 4264 1036 4309 attento
1074 4256 1408 4312 animoillam
1430 4255 1874 4329 perle’gerit,reji-

330 4335 436 4379 etet
474 4326 591 4379 sine
624 4325 809 4379 dubio.

403 4394 472 4461 (θ)
514 4395 628 4449 Lib.
666 4411 733 4465 ιι,
768 4410 859 4465 ep.
896 4393 1012 4449 iss.
1046 4423 1120 4465 —_
1153 4394 1215 4447 Et
1256 4394 1310 4446 δὲ
1341 4394 1528 4463 ψευδῆ.
1574 4395 1776 4465 μήνυε,
1809 4395 1875 4449 ἶν’

328 4464 415 4545 εἰς,
452 4464 743 4545 ἀπολογίας
771 4464 1011 4545 ανάγκην
1046 4463 1168 4545 τοὺς
1200 4463 1681 4545 καταμηνξσανῖας
1720 4482 1874 4545 περι-

327 4536 628 4603 στήσωμεν.
663 4535 754 4586 καὶ
779 4533 1241 4602 ἀπολογουμένους
1273 4534 1369 4603 μὲν
1392 4533 1686 4621 δεξώμεθα·
1721 4533 1876 4588 τοῦτο

322 4600 377 4653 δὲ
396 4605 470 4673 μὴ
490 4603 796 4667 ποιοῦντας,
828 4606 924 4674 τῆς
954 4602 1159 4656 ἑαυτῶν
1190 4604 1467 4667 συνουσίας
1493 4605 1878 4674 ὲςοστρακισωο

368 4620 470 4673 εμη
490 4620 796 4667 ποιουντας,
828 4620 924 4674 της
954 4620 1159 4656 εαυτων
1190 4620 1467 4667 συνουσιας
1493 4620 1680 4674 εςοστρ

368 4690 440 4726 εν.

326 4690 461 4808 iure)
498 4741 692 4796 "eum.
723 4742 776 4796 d.
807 4757 857 4795 c.
890 4757 944 4812 p.
974 4741 1027 4812 5,
1058 4756 1111 4809 p.
1139 4741 1191 4795 6.

390 4813 467 4885 (tl)
486 4812 713 4885 Niceph.
749 4810 904 4885 llis-tJ
920 4810 1043 4885 eccl.
1066 4812 1158 4868 lib.
1179 4827 1285 4885 ny.
1302 4813 1602 4885 cap._53.—
1616 4814 1878 4885 Ἰσίδωρπ

320 4908 390 4924 -
416 4884 463 4953 of
487 4880 579 4934 τοῦ
616 4880 912 4953 Πηλουσίου
947 4881 1109 4953 ὅρους.
1152 4880 1603 4953 καθηγησάμενος
1626 4921 1640 4942 .
1680 4880 1877 4953 quibus

322 4951 531 5009 τινι-δίε.
581 4951 683 5005 etsi
726 4955 904 5021 negari
954 4950 1139 5019 nequit
1182 4950 1547 5021 coenobiorum
1592 4950 1875 5021 praefectus

323 5022 440 5091 κατ’
471 5022 661 5091 ἐξοχὴν
688 5020 982 5090 appellatos
1025 5035 1145 5091 esse
1189 5020 1625 5091 καθηγουμένους
1646 5063 1660 5087 ,
1697 5033 1875 5078 tamen

326 5089 436 5145 haec
470 5089 646 5145 ineSse
674 5089 850 5159 potest
887 5090 1150 5159 sententia
1178 5089 1461 5159 :Jlsidorus
1490 5094 1876 5147 monachorum

326 5170 643 5282 Erraceptéir.
676 5158 777 5214 ’Cl‘.
822 5158 949 5214 Acta
984 5158 1165 5213 Sanct.
1193 5158 1375 5224 Febr.,
1406 5171 1536 5218 tom.
1563 5160 1617 5227 l,
1653 5180 1706 5232 p.
1737 5163 1874 5225 468,

416 5272 430 5282 .
460 5246 517 5282 n.
588 5269 603 5282 .

325 5229 836 5369 §I(’c)n.Si’I.'mondus
877 5297 944 5354 ad
996 5296 1232 5351 Facundi
1288 5299 1463 5375 trium.
1520 5316 1633 5368 cap.
1667 5302 1874 5375 Defens.

327 5369 417 5423 lib.
457 5386 518 5424 ιι.
548 5385 669 5424 can.
703 5368 756 5420 4.
786 5369 924 5424 UDD.
957 5368 1064 5420 vol.
1091 5365 1156 5424 ll.
1193 5383 1244 5424 ιι.
1279 5368 1401 5421 «158.

347 5383 417 5423 ιιι.
457 5386 518 5429 ιι,
548 5385 669 5435 cap.
703 5383 756 5420 4.
786 5383 924 5435 upp.
957 5383 1064 5420 vel.
1091 5383 1156 5429 ll,
1193 5383 1244 5433 p.
1279 5383 1401 5421 seu.

404 5410 417 5422 .
457 5386 518 5429 ιι.
548 5385 669 5437 cap.
703 5385 756 5420 4.
786 5385 924 5435 upp.
957 5385 1064 5420 vol.
1091 5385 1156 5429 ιι,
1193 5385 1244 5433 p.
1279 5385 1401 5421 ωδ.

398 5440 457 5509 (f)
494 5438 617 5492 Var.
646 5447 786 5507 patr.
812 5450 1017 5509 epp.eat
1036 5436 1145 5489 MS.
1171 5436 1502 5509 cassiuensis
1534 5439 1877 5496 Bibliotheca!

330 5506 659 5581 des'umptge,’
686 5506 1196 5581 perbljhristianum‘
1208 5507 1416 5581 bupnm
1455 5507 1742 5581 lprcnscm.
1774 5513 1877 5571 Lo-

333 5578 473 5634 vanii
502 5572 652 5631 1682.
683 5572 752 5615 ὲ-
782 5572 913 5642 Cap.
960 5574 992 5628 6
1015 5615 1030 5638 ,
1080 5591 1133 5643 p.
1168 5575 1257 5628 2?...

402 5646 473 5718 (g)
511 5646 737 5716 Scripsit
779 5654 994 5710 autem,
1040 5654 1097 5704 ut
1129 5655 1275 5705 nutat
1317 5645 1497 5717 Lupus
1547 5650 1600 5710 in
1642 5656 1769 5708 nolis
1807 5657 1875 5711 ad

1989 3082 2214 3137 summis
2247 3082 2493 3137 laudibus
2533 3082 2870 3136 cumulantes
2914 3082 2980 3136 de
3016 3082 3119 3136 hoc
3155 3080 3274 3150 ejus
3325 3096 3547 3134 munere

1990 3188 2060 3227 ne
2089 3174 2310 3230 verbum
2339 3173 2590 3227 dixerint.
2619 3202 2688 3217 -η-
2716 3171 2823 3227 Sed
2854 3172 2910 3227 hi
2936 3188 3144 3238 omnes,
3175 3181 3402 3241 excepto
3432 3170 3537 3225 Fa-

1988 3264 2165 3319 cundo
2193 3264 2266 3335 (y)
2300 3280 2409 3319 non
2441 3265 2608 3335 magis
2632 3264 2955 3321 Pelusiotam
2990 3264 3055 3317 ad
3093 3263 3392 3335 presbyteri
3421 3280 3543 3332 gra-

1989 3354 2115 3409 dum
2152 3364 2397 3410 evectum
2437 3371 2575 3421 esse,
2609 3355 2975 3421 tradiderunt;
3007 3369 3182 3424 neque
3212 3363 3394 3409 tamen
3443 3354 3546 3408 hoe

1980 3493 2243 3546 uariorum
2298 3492 2517 3547 Patrum
2553 3492 2796 3559 epistolas
2843 3508 2897 3562 p.
2938 3492 3022 3551 16.
3067 3490 3301 3545 lrenaeus
3340 3506 3542 3555 comes.

1981 3569 2075 3632 aut
2122 3563 2302 3630 potius
2379 3563 2699 3632 episcopus,
2764 3562 3016 3630 Ephesini
3084 3562 3295 3615 concilii
3335 3561 3543 3629 juratus

1983 3631 2154 3684 hostis
2178 3642 2234 3685 et
2264 3642 2370 3686 tam
2406 3631 2664 3687 doctrinm
2687 3671 2702 3695 ,
2747 3647 2905 3701 quam
2947 3632 3113 3699 ipsius
3142 3632 3370 3701 Nestorii
3393 3647 3544 3687 acer-

1983 3701 2151 3753 rimus
2175 3702 2445 3765 defensor,
2474 3704 2539 3755 de
2592 3700 2795 3771 synodo
2847 3701 3114 3769 Ephesina
3159 3700 3426 3771 libellum,
3456 3705 3541 3757 cui

1984 3771 2255 3839 tragtndia:
2290 3788 2487 3825 nomen
2523 3771 2795 3839 imposuit.
2853 3772 2992 3834 Fuit,
3028 3780 3088 3824 ut
3120 3770 3290 3838 pergit
3339 3770 3540 3840 Lupus,

1982 3855 2118 3907 opus
2166 3841 2398 3895 divisum
2432 3841 2484 3895 in
2516 3842 2697 3909 plures
2739 3841 2920 3901 libros.
2973 3855 3201 3909 quorum
3247 3854 3385 3892 unus
3429 3853 3544 3896 erat

1982 3909 2050 3961 de
2103 3909 2360 3973 historia,
2418 3910 2508 3979 qui
2567 3910 2795 3978 plurima
2852 3909 3194 3979 continebat,
3254 3909 3541 3977 epistolas.

1982 3980 2235 4100 synodos,
2269 3978 2449 4035 sacras
2478 3979 2779 4049 principum
2803 3979 3096 4049 jussiones,
3121 3978 3330 4047 aliaque
3358 3980 3541 4039 istius-

1984 4062 2089 4100 mm
2115 4065 2147 4100 I.

1984 4062 2147 4101 IllOtll.

2050 4118 2124 4185 (Ιι)
2153 4117 2470 4188 Sirmondus
2496 4118 2629 4188 Opp.
2666 4118 2771 4175 vol.
2807 4135 2865 4179 ιι.
2896 4134 2950 4188 p.
2981 4118 3104 4173 458.

2049 4189 2111 4245 ti)
2143 4187 2276 4242 Sixt.
2314 4187 2705 4243 Senens.’Bibl.
2748 4187 2914 4241 sanet.
2954 4187 3047 4244 lib.
3080 4206 3151 4248 Iv.

2050 4257 2113 4329 (λ)
2152 4257 2331 4329 Lupus
2384 4258 2441 4329 in
2468 4266 2579 4329 not.
2614 4258 2680 4311 ad
2720 4257 2970 4329 var._PP.
3004 4274 3127 4329 cpp.
3158 4276 3211 4328 p.
3238 4260 3325 4313 20.

2051 4327 2121 4393 (It)
2146 4328 2348 4397 Pagius
2372 4328 2491 4381 crit.
2524 4328 2576 4380 in
2612 4329 2805 4379 Annal.
2839 4327 3033 4384 Baron.
3070 4327 3197 4383 toni.
3228 4329 3290 4389 Ι..
3324 4348 3373 4397 p.
3411 4331 3531 4389 455.

2050 4396 2363 4469 (Illiasnag.
2400 4406 2530 4469 ςὶηη.
2562 4400 2667 4462 pol.
2692 4397 2841 4469 eccl.,
2874 4406 3003 4452 tom.
3032 4398 3139 4461 lll.,
3168 4416 3221 4469 p.
3254 4396 3376 4455 519.

2049 4466 2139 4533 (in)
2161 4466 2368 4519 Tilletn.
2403 4466 2435 4518 1.
2466 4482 2539 4528 c.,
2568 4481 2620 4533 p.
2653 4468 2770 4529 lOl.

2051 4536 2408 4606 (u)#Ceillier.
2457 4535 2680 4588 Histoire
2704 4536 2945 4606 generale
2981 4539 3068 4593 des
3099 4548 3311 4596 autcurs
3340 4544 3532 4601 sacres,

1979 4614 2116 4679 tom._
2310 4622 2367 4679 p._
2387 4607 2507 4663 601).

2052 4675 2125 4744 (ο)
2165 4674 2401 4744 Historia
2445 4676 2796 4728 ecclesiastica
2828 4676 2988 4730 variis
3015 4678 3285 4740 colloquiis
3336 4680 3533 4741 digesta

1977 4743 2197 4799 attetore
2232 4743 2515 4818 Frederico
2544 4744 2747 4818 lgnatio
2779 4746 3079 4818 Hyacinthe
3122 4746 3280 4805 Amat
3306 4749 3371 4803 de
3397 4745 3532 4802 Gra-

1981 4823 2338 4883 veson.rtom.
2369 4815 2435 4874 ll,
2472 4830 2524 4883 p.
2558 4815 2645 4867 41.

2048 4886 2124 4953 (ρ)
2159 4882 2341 4937 Heins.
2378 4882 2510 4937 Hist.
2545 4885 2690 4945 eccl.,
2724 4902 2777 4953 p.
2811 4886 2934 4939 922.

2047 4953 2393 5075 (ιυῦΑέηῗέἱά,
2445 4954 2579 5007 Hist.
2620 4955 2743 5007 eccl.
2787 4965 2835 5007 et
2873 4956 3077 5019 limes,
3108 4962 3237 5016 tom.
3269 4959 3309 5023 ι,
3335 4958 3426 5013 lib.
3456 4976 3528 5023 vt.

2047 5041 2098 5075 [ι.
2178 5064 2193 5075 .
2355 5062 2368 5075 .

1977 5040 2098 5087 cap.
2128 5040 2193 5087 ο,
2222 5040 2248 5087 9
2284 5040 2368 5075 ιυ.

2046 5041 2098 5094 p.
2128 5023 2193 5087 5,
2222 5023 2248 5091 ς
2284 5024 2368 5075 16.

2049 5097 2118 5165 (ν)
2152 5094 2353 5165 -ξξιξίυδ
2391 5093 2664 5165 Onomast.
2693 5105 2746 5159 p.
2783 5108 2817 5165 |_.
2851 5108 2905 5162 p.
2939 5093 3062 5149 497.

2049 5161 2114 5233 (s)
2142 5161 2487 5233 7Weisntann.
2522 5163 2661 5233 Hist.
2697 5161 2930 5233 eccl.,’p.
2963 5165 3085 5218 470.

2047 5231 2115 5304 (ιι
2140 5232 2389 5304 Boselum.
2418 5231 2554 5304 Ilist.
2574 5232 2787 5304 interpr.
2814 5231 2931 5285 libr.
2960 5251 3120 5297 διιεῖ..
3147 5247 3204 5303 p.
3246 5250 3319 5297 tv,
3346 5236 3530 5304 p.180.

2050 5300 2125 5371 (ιι)
2164 5301 2465 5371 Heumann.
2498 5301 2565 5371 (1.-
2584 5316 2632 5353 c.
2662 5300 2784 5369 p.6,
2818 5312 2929 5355 not.
2965 5319 3021 5356 ιι.

2048 5368 2117 5444 (ιε)
2152 5369 2481 5444 ξριιτυεριιιι.
2519 5368 2830 5444 llist._eccl.,
2865 5373 2968 5426 vol.
2996 5372 3115 5437 cit.,
3146 5387 3199 5441 p.
3231 5371 3353 5426 521.

2048 5439 2125 5505 lx)
2165 5442 2356 5492 ili-um.
2393 5440 2537 5498 d.e.,
2573 5456 2621 5508 ρ,
2657 5439 2709 5493 6,
3148 5439 3167 5449 η

2048 5518 2122 5585 (υ)
2158 5508 2735 5585 [neunt-lium];trium
2767 5510 2948 5585 rapit,
2980 5510 3076 5585 lib;
3118 5526 3153 5569 tl
3181 5549 3195 5573 .
3229 5526 3347 5585 C_1_|p-
3380 5513 3432 5573 4s
3469 5512 3530 5567 in

1980 5577 2117 5656 mai.
2152 5579 2283 5656 Bibl.
2329 5578 2428 5656 VX.
2468 5577 2605 5656 βίη,
2650 5592 2776 5633 ιοιιι.
2811 5579 2887 5647 Χ,
2919 5595 2972 5656 p.
3020 5579 3101 5633 18.
3138 5608 3201 5617 --
3242 5579 3335 5639 (Π.
3369 5596 3537 5651 portu-

1982 5652 2176 5713 Suidas
2203 5650 2240 5706 ἶ.
2271 5664 2318 5703 ν.
2366 5648 2683 5717 Ἰσίδωρος,
