3890 6134
420 268 495 338 27
1548 261 2207 327 COMMENTATIONIS
2241 261 2429 325 PARS
2466 262 2515 325 ῐ.
3559 247 3631 313 28

423 391 539 441 sum
567 374 848 432 sententia
880 374 1060 431 favere
1088 373 1414 441 arbitratur;
1445 374 1499 429 in
1528 390 1634 446 qua
1669 375 1735 430 de
1764 374 1972 430 duabus
2001 381 2041 435 Α
2071 373 2329 439 montlus,
2364 373 2488 429 data
2524 381 2609 427 est
2654 371 2721 425 ad
2767 367 3022 440 Cyrillum
3068 361 3487 422 Alexandrinum
3533 361 3629 431 qui,

423 468 481 526 iu
524 466 746 524 Christo
774 465 985 521 naturis
1014 466 1095 522 sic
1136 466 1371 535 loquitur
1398 464 1673 522 lsidorus:
1731 486 1750 518 ι
1798 466 1977 531 Quare

421 559 545 615 vide
575 574 643 613 ne
672 573 835 613 uuam
859 566 1065 612 tantum
1092 566 1213 626 post
1238 556 1657 611 incarnationem
1688 557 1742 611 lu
1763 557 1977 611 Christo

423 655 671 702 naturam
705 646 956 715 accipias.
984 646 1312 700 Alterutram
1337 646 1480 699 enim
1511 645 1667 710 tollit,
1693 644 1784 714 qui
1814 660 1974 699 unam

423 748 629 792 tantum
650 736 955 801 confitetur,
984 735 1165 790 divina
1195 735 1397 790 scilicet
1416 744 1649 797 mutata,
1683 736 1767 789 vel
1794 744 1975 790 nostra

421 829 723 883 imminuta.
762 846 782 880 ο
834 856 904 867 -
932 827 1087 894 iidem
1132 839 1324 897 quarto
1359 826 1479 882 loco
1524 826 1731 897 profert
1773 828 1973 897 episto-

420 919 525 973 lam
553 918 629 989 (a)
676 918 741 973 ad
771 918 1067 988 Cyrillum,
1116 918 1182 972 ad
1237 932 1396 987 quem
1438 918 1628 973 scribit
1680 918 1916 973 lsidorus
1956 935 1972 973 :

424 1028 445 1061 ι
470 1010 622 1075 Quod
651 1024 779 1063 vero
802 1002 1053 1063 summus
1071 1008 1312 1063 onmium
1345 1023 1524 1063 rerum
1542 1008 1798 1062 Dominus
1815 1010 1975 1063 homo

418 1118 543 1155 vere
564 1101 738 1155 factus
758 1108 839 1155 est
858 1138 872 1162 ,
905 1115 1077 1169 neque
1108 1100 1174 1153 ab
1199 1114 1264 1153 eo
1282 1138 1297 1164 ,
1326 1098 1467 1167 quod
1489 1107 1623 1165 erat,
1648 1099 1971 1169 demigrans,

417 1205 592 1260 neque
627 1190 679 1244 id
703 1231 717 1255 ,
752 1191 891 1258 quod
934 1207 1042 1245 non
1085 1200 1203 1245 erat
1225 1232 1241 1253 ,
1276 1207 1561 1247 assumens
1584 1231 1602 1257 ,
1646 1208 1711 1248 ex
1764 1194 1973 1249 duabus

418 1282 624 1336 naturis
655 1296 793 1336 unus
832 1280 999 1335 Filius
1022 1283 1302 1346 exsistens,
1322 1293 1472 1337 ortus
1500 1300 1564 1337 ac
1596 1284 1717 1339 ﬁnis
1740 1301 1930 1354 expers
1952 1324 1968 1351 ,

414 1384 602 1425 recens
643 1380 698 1426 et
748 1373 1151 1441 sempiternus,
1202 1387 1271 1427 ne
1321 1373 1435 1443 ipse
1488 1375 1703 1444 quidem
1753 1377 1962 1432 inllcias

415 1462 561 1517 ieris.
599 1481 616 1514 I
665 1493 736 1504 -
771 1464 1011 1534 Denique
1041 1464 1109 1517 ab
1137 1464 1323 1518 eodem
1367 1465 1653 1520 laudantur
1686 1466 1871 1522 lsidori
1902 1470 1968 1523 ad

2076 480 2219 520 anno
2274 465 2377 519 444
2422 465 2562 520 diem
2627 474 2939 533 supremum
2996 458 3148 513 obiit.
3192 456 3330 526 Ergo
3374 454 3537 508 haece
3573 453 3626 507 in

2074 556 2296 626 epistola
2347 557 2581 611 lsidorus
2624 555 2692 609 de
2743 552 2996 623 Eutychis
3043 550 3287 605 doctrina
3334 546 3477 616 loqui
3520 561 3625 599 non

2074 647 2266 716 potuit.
2310 648 2569 717 Exposuit
2598 656 2776 700 autem
2808 646 2864 698 in
2913 644 2999 697 illa
3028 641 3350 697 sententiam
3382 653 3532 693 suam
3558 636 3627 690 de

2073 738 2281 793 duabus
2339 738 2392 792 in
2439 738 2652 793 Christo
2689 736 2891 791 naturis
2946 736 3136 790 eodem
3186 732 3345 787 modo
3379 739 3540 798 atque
3573 727 3625 781 in

2074 828 2291 897 reliquis
2336 844 2470 897 quas
2502 828 2589 882 ille
2643 826 2894 880 laudavit.
2926 824 3102 894 Quare
3128 822 3377 892 equidem
3422 818 3624 874 nullam

2072 932 2289 972 causam
2336 918 2511 983 video,
2568 932 2665 971 cur
2726 918 2824 972 bas
2881 930 3071 970 omnes
3133 913 3336 969 seriore
3385 918 3627 980 tempore

2072 1009 2297 1079 scriptas
2323 1024 2441 1065 esse
2466 1008 2806 1065 statuendum
2843 1006 2931 1063 sit.

2139 1120 2241 1175 Sed
2272 1120 2325 1174 in
2356 1120 2440 1175 his
2468 1119 2626 1175 nobis
2672 1135 2779 1173 non
2809 1117 3256 1187 acquiescendum
3285 1124 3389 1179 est,
3434 1129 3621 1168 verum

2071 1209 2378 1275 videndum,
2401 1226 2527 1264 num
2556 1211 2714 1280 paulo
2736 1210 3035 1265 accuratius
3061 1224 3169 1278 quo
3189 1218 3426 1277 tempore
3464 1205 3628 1260 lsido-

2072 1316 2164 1355 rus
2219 1301 2377 1356 basce
2426 1302 2702 1372 scripserit
2743 1302 2996 1371 epistolas
3051 1300 3274 1355 definire
3332 1298 3621 1368 possimus.

2072 1390 2294 1460 Scripsit
2369 1402 2567 1457 autem,
2633 1393 2687 1447 ni
2742 1394 2912 1457 fallor,
2991 1408 3082 1447 eas
3141 1406 3329 1446 omnes
3378 1406 3465 1453 eo,
3517 1404 3624 1459 quo

2070 1480 2368 1537 Orientales
2420 1483 2657 1553 episcopi
2702 1499 2825 1538 cum
2885 1483 3080 1553 Cyrillo
3121 1483 3189 1537 de
3230 1480 3463 1536 Nestorii
3492 1492 3625 1535 con-

412 1552 776 1609 Theodosium
808 1556 1094 1610 diaconum
1115 1556 1321 1618 litterae,
1346 1556 1397 1609 in
1417 1559 1613 1626 quibus
1636 1560 1747 1615 haec
1767 1562 1966 1631 scripta
2068 1573 2408 1630 demnauone
2457 1552 2617 1644 ξιιαυέ
2666 1575 2734 1630 de
2788 1552 2996 1629 duabus
3043 1574 3096 1627 in
3146 1573 3365 1629 Christo
3412 1571 3625 1626 naturis

414 1644 760 1698 inveniuntur
790 1663 805 1699 :
843 1666 860 1697 ι
892 1644 1025 1699 Nam
1053 1648 1153 1702 etsi
1184 1648 1271 1701 Dei
1303 1647 1469 1703 Filius
1497 1665 1712 1704 carnem
1754 1667 1965 1706 assum-
2000 1711 2038 1735 η
2067 1675 2359 1728 cenarum,
2409 1674 2669 1735 tempore.
2730 1664 2961 1719 Joannes
3033 1665 3176 1719 enim
3229 1663 3621 1727 Antiochenus,

2071 1711 2359 1728 “mm.-.
2413 1711 2669 1735 πων.--
2730 1711 2960 1719 -ν---η-ρ-
3229 1711 3621 1727 -_------_-_--,

410 1731 536 1825 psi}.
564 1732 814 1825 Christus
848 1742 1024 1788 tamen
1055 1750 1164 1790 non
1215 1752 1399 1791 merus
1443 1740 1603 1793 homo
1637 1740 1809 1795 factus
1842 1751 1959 1806 est:
1999 1711 2039 1765 Β
2067 1755 2218 1824 cujus
2247 1771 2436 1825 magna
2488 1764 2602 1810 erat
2626 1756 2766 1824 apud
2804 1754 3037 1809 Orientis
3073 1756 3355 1825 episcopos
3380 1755 3624 1809 auctori-

410 1822 541 1891 quin
572 1823 754 1890 potius
782 1839 908 1878 cum
968 1825 1261 1880 humanum
1293 1829 1538 1884 indueret
1567 1846 1795 1899 corpus,
1828 1849 1957 1889 unus

2069 1822 2169 1911 ta-s,
2204 1822 2381 1918 Cyrilii
2414 1855 2601 1901 contra
2649 1822 2950 1900 Nestorium
2994 1822 3334 1900 anathemata
3378 1845 3624 1915 Appolli—

408 1914 614 1968 exstitit
640 1915 694 1969 in
732 1915 940 1971 duabus
966 1919 1172 1973 naturis
1200 1919 1292 1974 Dei
1321 1921 1489 1977 Filius
1515 1924 1607 1990 (ὁ).
1639 1942 1658 1975 ι
1717 1955 1752 1967 -

478 2025 738 2081 isidorum
794 2029 848 2082 in
905 2029 987 2085 his
1041 2031 1200 2086 modo
1242 2048 1272 2087 a
1318 2050 1403 2087 me
1440 2035 1613 2091 allatis
1654 2046 1838 2092 contra
1872 2054 1937 2093 eo

407 2113 625 2181 dixisse,
656 2116 748 2186 qui
777 2118 861 2171 vel
881 2119 1109 2173 duarum
1153 2131 1465 2178 naturarum
1496 2125 1551 2179 in
1584 2126 1799 2181 Christo
1830 2145 1931 2183 con

412 2205 679 2260 fusionem
721 2218 776 2261 et
800 2208 954 2276 quasi
994 2210 1300 2265 mistionem
1342 2222 1658 2281 statuerent,
1689 2218 1773 2271 vel
1798 2235 1961 2272 unam

408 2304 615 2350 tantum
664 2309 1021 2367 agnoscerent
1067 2300 1195 2355 Jcsu
1244 2302 1443 2357 Christi
1487 2316 1754 2373 naturam,
1801 2325 1963 2364 nemo

404 2402 514 2441 non
537 2387 704 2442 videt.
728 2388 927 2444 Deinde
949 2393 1317 2461 unusquisque
1345 2397 1963 2455 concedetTillemontio

403 2478 637 2547 aliisque
679 2480 797 2548 ejus
826 2480 1065 2549 opinioni
1123 2483 1452 2550 faventibus,
1495 2504 1619 2541 eum
1647 2488 1724 2542 sic
1762 2490 1828 2543 de
1880 2492 1962 2547 his

404 2570 567 2624 rebus
600 2569 836 2624 locutum
891 2588 1030 2637 esse,
1064 2584 1122 2628 ut
1158 2575 1249 2644 qui
1297 2576 1525 2631 haresin
1575 2579 1960 2650 Eutychianam

403 2656 654 2715 refellere
703 2661 847 2725 velit,
884 2662 1022 2717 illius
1103 2665 1260 2720 dictis
1304 2675 1524 2735 optume
1554 2670 1629 2723 uti
1660 2672 1829 2740 possit
1864 2672 1958 2741 (c);

402 2765 580 2820 neque
606 2759 785 2805 tamen
817 2752 941 2807 inde
981 2756 1332 2825 consequitur
1356 2757 1616 2812 lsidorum
1664 2760 1731 2814 de
1794 2760 1961 2832 Euty-

400 2842 518 2897 ebis
543 2844 782 2898 doctrina
802 2844 854 2898 in
872 2844 973 2899 illis
990 2846 1161 2916 egisse
1179 2847 1439 2917 epistolis.
1463 2848 1671 2904 Etenim
1693 2850 1962 2923 Eutyches

402 2950 597 2989 novam
617 2952 724 2990 non
750 2938 977 3006 protulit
1013 2938 1334 3005 doctrinam,
1372 2942 1463 2995 sed
1490 2952 1613 2997 ante
1633 2959 1757 2998 eum
1809 2945 1958 2999 multi

2063 1936 2209 1990 naris
2267 1936 2565 1990 doctrinam
2614 1935 2857 1989 redolere
2911 1935 3222 1998 arbitratus,
3279 1936 3438 1989 simul
3497 1952 3622 1991 cum

2063 2023 2398 2080 Theodoreto
2430 2025 2647 2097 Cyrensi
2678 2025 2957 2080 etAndrea
2993 2028 3365 2092 Samosateno,
3390 2027 3481 2097 qui
3506 2028 3623 2097 jam

2060 2125 2185 2171 ante
2230 2117 2515 2172 concilium
2562 2118 2890 2183 Ephesinum
2924 2126 3111 2171 contra
3158 2120 3469 2188 episcopum
3495 2118 3623 2173 Ale-

2060 2208 2378 2261 xandrinum
2428 2209 2774 2277 scripserant,
2827 2210 2969 2263 hunc
3022 2209 3250 2263 duarum
3307 2209 3360 2264 in
3403 2209 3623 2265 Christo

2060 2310 2371 2355 naturarum
2410 2300 2714 2355 mistionem
2753 2308 2808 2354 et
2841 2300 3212 2355 confusionem
3254 2301 3502 2356 docuisse
3530 2318 3621 2356 ar-

2060 2393 2312 2462 guebant.
2361 2391 2514 2456 Quod
2559 2392 2659 2446 etsi
2706 2392 2795 2445 ille
2824 2392 2967 2445 omni
2998 2393 3176 2447 studio
3223 2409 3252 2447 a
3302 2410 3361 2447 se
3405 2393 3617 2448 amoliri

2061 2491 2283 2537 conatus
2334 2482 2580 2535 Eunomii
2620 2491 2674 2535 et
2716 2482 3039 2551 Apollinaris
3086 2484 3384 2539 doctrinam
3430 2484 3618 2539 falsam

2060 2582 2243 2642 aperte
2262 2572 2569 2636 declaravit,
2603 2572 2972 2641 lsidorumque
3010 2590 3116 2627 non
3153 2575 3220 2628 ab
3256 2573 3614 2630 Orientalium

2060 2663 2301 2734 partibus
2341 2662 2552 2716 stetisse
2592 2669 2821 2728 constat,
2868 2672 3046 2718 tamen
3100 2663 3390 2732 Pelusiota,
3449 2683 3613 2736 quam

2060 2764 2250 2824 quarto
2289 2754 2405 2807 loco
2434 2753 2710 2822 posuimus
2752 2753 3031 2822 epistolam
3061 2771 3127 2810 eo
3156 2756 3377 2811 consilio
3418 2758 3620 2828 Cyrillo

2060 2844 2272 2898 videtur
2303 2844 2514 2898 misisse
2548 2853 2606 2897 ut
2637 2844 2685 2898 ei
2713 2845 2874 2898 nimis
2898 2846 3109 2901 incaute
3135 2863 3294 2901 unam
3322 2848 3375 2902 in
3397 2847 3619 2905 Christo

2061 2945 2326 2999 naturam,
2362 2935 2519 2989 Verbi
2557 2936 2759 2990 scilicet
2792 2937 3142 3002 incarnatam,
3170 2939 3382 2994 docenti
3412 2950 3616 2996 rectam

402 3026 700 3081 ethazretici
719 3036 771 3081 et
796 3028 1153 3093 orthodoxi,si
1176 3045 1280 3083 non
1306 3030 1746 3097 eadem,atccrte
1768 3034 1959 3090 similia
1987 3044 2028 3102 c
2064 3022 2350 3097 veramque
2382 3027 2449 3081 de
2480 3028 2686 3083 duabus
2716 3027 2769 3081 Ῑῐι
2814 3027 3028 3084 ChriSlo
3066 3030 3272 3085 naturis
3314 3032 3617 3087 dOClrinam

397 3127 793 3185 proposuerunt
835 3116 1082 3186 dogmata
1142 3118 1238 3185 (ά).
1294 3118 1470 3183 Quare
1520 3122 1838 3177 Pelusiotam
1892 3125 1960 3179 de

400 3202 833 3275 Eutychianismo
871 3214 997 3257 ante
1040 3204 1315 3275 Eutychen
1352 3208 1586 3263 locutum
1616 3226 1736 3267 esse
1769 3212 1956 3268 existi-

397 3309 507 3349 mo.
542 3295 675 3348 Nam
715 3295 817 3347 etsi
859 3295 1003 3363 quod
1046 3310 1207 3363 supra
1250 3296 1357 3363 jam
1397 3300 1954 3364 commemoravimus,

397 3386 603 3440 scilicet
664 3386 825 3452 hujus
883 3384 1117 3438 haeretici
1195 3386 1525 3440 mentionem
1586 3389 1640 3442 in
1714 3390 1956 3458 epistolis

396 3490 675 3544 nunquam
718 3476 913 3529 factam
957 3490 1097 3540 esse,
1141 3476 1362 3531 minoris
1406 3480 1659 3533 momenti
1698 3496 1836 3541 esse,
1879 3483 1962 3535 lu-

396 3563 589 3619 benter
654 3562 844 3631 fateor,
901 3573 1079 3618 tamen
1131 3578 1255 3618 cum
1339 3565 1501 3631 aliud,
1586 3567 1729 3635 quod
1780 3568 1961 3637 paucis

396 3656 769 3727 explicandum
836 3664 939 3719 est,
997 3658 1215 3711 accedat
1286 3668 1662 3727 argumentum
1696 3700 1711 3721 ,
1785 3674 1960 3719 meam

397 3759 558 3805 teneo
611 3749 951 3804 sententiam.
1000 3778 1072 3791 --
1126 3748 1391 3819 Eutyches
1435 3749 1587 3804 valde
1635 3750 1743 3819 jam
1774 3766 1958 3816 senex,

396 3848 458 3895 ut
498 3840 573 3894 ait
607 3840 931 3896 Moshemius
979 3841 1030 3895 in
1064 3841 1294 3895 Historia
1340 3858 1435 3895 sua
1481 3842 1823 3895 ecclesiastica
1865 3842 1956 3914 (c),

393 3947 504 4001 quo
533 3930 960 3993 Nestorium,cui
984 3932 1332 3987 vehementer
1357 3931 1599 3987 infensus
1642 3941 1777 3996 erat,
1810 3942 1957 3989 tanto

396 4020 589 4076 fortius
648 4022 985 4090 reprimeret,
1054 4036 1198 4075 anno
1281 4020 1386 4076 448
1453 4022 1724 4077 docebat:
1796 4040 1956 4076 unam

397 4120 602 4164 tantum
631 4127 736 4164 esse
768 4112 820 4163 in
849 4109 1052 4164 Christo
1078 4120 1325 4163 naturam
1356 4110 1506 4165 Verbi
1548 4128 1663 4165 vere
1707 4113 1955 4166 incarna-

398 4211 509 4256 tam
538 4201 623 4271 (f).
669 4200 785 4257 Una
822 4210 1002 4256 autem
1034 4218 1099 4256 ex
1138 4202 1395 4273 epistolis,
1422 4218 1555 4274 quas
1585 4203 1763 4258 attulit
1792 4202 1956 4258 Tille-

2061 3118 2113 3171 in
2164 3119 2403 3172 animum
2463 3125 2758 3173 revocaret.
2806 3148 2876 3159 -
2927 3120 3122 3175 Eodem
3176 3130 3415 3191 tempore
3470 3139 3615 3191 eam,

2057 3223 2216 3275 quam
2267 3208 2436 3259 altero
2476 3208 2748 3278 tetigimus
2789 3208 2926 3269 loco,
2958 3209 3260 3278 epistolam,
3315 3212 3617 3281 eodemque

2056 3310 2245 3348 omnes
2295 3296 2525 3363 reliquas
2578 3312 2606 3348 a
2652 3296 2809 3349 nobis
2862 3308 3325 3364 commemorans,
3373 3303 3616 3371 exceptis

2056 3384 2161 3439 illis
2207 3385 2273 3437 ad
2302 3385 2687 3454 Hermogenem
2716 3386 2927 3452 litteris,
2970 3388 3194 3458 scriptas
3222 3404 3343 3443 esse
3389 3405 3609 3446 censeo.

2058 3474 2181 3528 Haec
2209 3483 2411 3536 autem,
2476 3490 2669 3544 nempe
2719 3475 2944 3545 epistola
3005 3476 3321 3547 Hermogeni
3386 3481 3610 3551 scripta,

2059 3575 2172 3619 tum
2214 3564 2428 3618 demum
2458 3566 2697 3619 confecta
2728 3576 2830 3627 est,
2864 3567 2953 3621 ubi
3002 3567 3229 3638 Cyrillus
3280 3554 3333 3623 in
3380 3572 3609 3641 gratiam

2056 3672 2177 3711 cum
2235 3656 2498 3725 episcopis
2548 3657 2907 3714 Orientalibus
2966 3674 3109 3715 anno
3178 3660 3281 3719 454
3350 3664 3609 3720 redierat.

2056 3746 2414 3813 Quamobrem
2475 3762 2581 3801 non
2639 3747 2824 3802 dubito
2869 3750 2999 3818 quin
3052 3750 3285 3806 lsidorus
3343 3755 3610 3824 scribens,

2057 3838 2342 3908 Egyptum
2381 3854 2410 3891 a
2467 3837 2759 3893 fortissimo
2786 3855 2998 3909 quoque
3054 3842 3337 3898 hmresium
3394 3846 3613 3917 exigere

2057 3929 2334 3993 trilmtum,
2377 3928 2444 3982 de
2468 3927 2681 3999 Cyrillo,
2731 3930 2822 3999 qui
2873 3930 3150 4001 hucusque
3195 3935 3611 3992 strenuissimus

2055 4018 2229 4073 fuerat
2283 4036 2423 4074 vera:
2474 4018 2594 4073 fidei
2660 4020 2927 4085 defensor,
2989 4024 3176 4093 egerit.
3247 4023 3406 4079 Stetit
3460 4028 3607 4081 enim

2054 4112 2289 4167 lsidorus
2346 4127 2376 4166 a
2425 4113 2667 4182 partibus
2726 4128 2912 4167 eorum
2972 4116 3045 4183 (g)
3078 4156 3093 4179 ,
3147 4115 3237 4185 qui
3291 4118 3607 4190 episcopum

2055 4205 2471 4259 Alexandrinum
2489 4215 2789 4276 propterea,
2818 4207 2959 4276 quod
2981 4222 3164 4277 pacem
3186 4207 3383 4275 inierit,
3408 4212 3609 4267 acriter

398 4376 529 4450 μίαν
570 4374 663 4430 τοῦ
694 4376 952 4457 Χριστοῦ.
983 4375 1155 4447 Vulgo
1198 4378 1515 4449 legebatur:
1609 4381 1748 4451 ήπου
1790 4379 1951 4451 δόκη-

398 4465 481 4521 qtv
526 4446 623 4521 thy
667 4464 759 4521 τρυ
806 4448 1038 4521 Χρι-στᾳῦ
1066 4480 1129 4489 -
1166 4448 1325 4521 φύσιν
1359 4452 1495 4520 μετὰ
1534 4396 1634 4521 τεν
1670 4450 1955 4520 ισάρκωσιν

2126 4379 2195 4450 (c)
2230 4379 2296 4433 Et
2321 4394 2505 4433 revera
2531 4378 2787 4435 Leontius
2816 4378 3139 4450 Byzantinus
3164 4381 3215 4436 in
3242 4382 3392 4439 libris
3414 4398 3604 4445 contra

2064 4449 2359 4521 Nestorium
2389 4459 2441 4503 et
2466 4449 2741 4519 Eutychen
2764 4460 3021 4503 memorat
3043 4452 3229 4505 lsidori
3254 4453 3320 4506 ad
3352 4454 3604 4513 Theodo-

1606 4468 1634 4503 ν

397 4446 481 4520 etv
526 4446 623 4520 τὴγ
667 4446 759 4520 τρῦ
806 4448 1038 4520 Χριᾉστοῦ
1066 4446 1129 4489 4-
1166 4446 1325 4517 φύᾱιν
1359 4452 1495 4520 μετὰ
1534 4446 1640 4520 τῆν’
1670 4446 1955 4520 ισάρκωσὶν

399 4517 549 4590 δέξῃ.
571 4517 824 4590 *Θατέρᾳς
852 4518 961 4589 γάρ
988 4519 1133 4590 ἐστιν
1163 4517 1455 4590 -ᾁγαίρέσις
1488 4522 1522 4589 ή
1569 4517 1697 4589 napi.
1732 4517 1860 4590 μιᾶς
1885 4550 1955 4561 ~—

393 4586 527 4659 codli
568 4586 695 4659 Dav.
734 4588 881 4659 play,
926 4586 1071 4659 vulg.
1111 4586 1325 4642 additur
1367 4586 1567 4643 τούτὼν
1613 4586 1754 4659 quod
1804 4599 1950 4645 auct.

394 4658 553 4712 codd.
595 4658 723 4711 Bav.
775 4656 895 4727 Vat.
943 4658 1086 4727 649.
1115 4668 1171 4727 et
1215 4658 1323 4713 Alt.
1358 4656 1681 4727 ejiciendum
1729 4669 1849 4723 est,
1879 4686 1952 4701 -ι

396 4727 819 4850 ἷέῖῶἓξῗτῗὶεὲιν
860 4726 895 4799 ἢ
926 4728 1020 4798 τῆς
1052 4726 1198 4792 θείας
1223 4726 1558 4799 τραπείσης,
1601 4730 1634 4800 ἢ
1667 4731 1763 4800 τῆς
1793 4729 1951 4801 ἡμῶν

440 4814 617 4850 ειωυει
632 4814 741 4860 της.

397 4814 741 4869 μειωυειτης.

457 4871 543 4938 (αὶ
570 4867 687 4938 Lib.
719 4883 766 4938 Δι,
791 4880 876 4938 ep.
918 4865 1023 4921 εὸὶό
1047 4882 1059 4919 :
1087 4896 1156 4905 —
1183 4865 1308 4938 '0‘"
1351 4866 1407 4919 δὲ
1446 4868 1697 4938 ἀληθινὸς
1726 4884 1815 4924 και
1858 4869 1950 4938 ὲξτὶ

395 4937 611 5009 πάντων
643 4935 775 5009 Θεὸς
797 4934 1127 5009 ,ςᾶγθρῳπος
1155 4936 1375 5009 γέγονεν
1408 4934 1644 5009 ἀληθῶς.
1676 4938 1798 4991 οὔτε
1831 4939 1859 4991 δ
1883 4934 1950 5009 ἦν

393 5006 623 5077 τραπεὶς
646 5044 685 5077 ._
698 5006 787 5057 xui.
816 5005 844 5058 ὃ
867 5000 978 5077 οὑδόᾐ
998 5000 1065 5073 ἦν
1100 5000 1536 5077 προέλαϐὼνηὲὶι
1558 5008 1770 5075 φύσεων
1805 5000 1949 5063 δυηῗν

393 5071 466 5147 έ-
501 5074 622 5129 eod.
658 5074 887 5147 Βθνηὲνγ
914 5071 1105 5142 φύσεσι
1129 5071 1253 5147 δυσιγ
1277 5106 1345 5116 -
1366 5079 1393 5129 ό
1416 5071 1495 5140 εἷς
1528 5071 1787 5147 diripwa
1820 5078 1946 5140 Υἱὸς

396 5146 633 5232 ξναρχοέ
667 5145 761 5232 θεαὶ
787 5144 1113 5232 ἁὲέρπῖντος,
1155 5146 1462 5215 πρόσφατος
1500 5148 1593 5200 καὶ
1625 5144 1811 5211 ἀΐδιος,
1836 5147 1945 5201 οὐδ’

395 5216 463 5270 ἃν
494 5214 653 5273 αὐτὸς
678 5214 989 5283 ἀρνηθείης.

469 5287 539 5351 (υ)
570 5284 685 5338 Lib.
708 5299 758 5357 _u.
800 5300 887 5353 ep.
924 5285 1063 5357 tes:
1098 5284 1245 5357 7E;
1268 5284 1378 5357 γὰρ
1404 5286 1493 5357 καὶ
1526 5285 1659 5357 σὰρξ
1688 5285 1886 5355 ἀληθὴς
1918 5288 1946 5339 ὁ

469 5303 539 5351 (υ)
570 5303 685 5338 ιλιι).
720 5303 758 5345 ι.
800 5303 887 5353 ep.
924 5303 1063 5337 suo:
1098 5313 1163 5324 —-
1188 5303 1245 5336 ut
1272 5303 1342 5353 γα
1404 5303 1493 5339 και
1526 5303 1659 5357 capt;
1688 5303 1886 5355 αληυης
1918 5303 1941 5339 o

394 5354 564 5435 [Myos
594 5352 902 5435 γεγένητῆε,
1072 5354 1132 5406 οὐ
1163 5353 1314 5419 ψιλὸς
1334 5303 1665 5435 £19?mﬁ°;_é
1679 5359 1731 5435 _X
1742 5357 1941 5435 ριΞτός·

397 5424 819 5494 ζνανορὼπησας
841 5425 897 5476 δὲ
928 5424 1125 5494 μᾶλλον
1162 5454 1228 5494 4-
1256 5427 1538 5494 εοάηΒίιν.
1569 5424 1765 5494 μᾶλλοίι
1794 5426 1848 5479 δὲ
1876 5457 1943 5465 -

399 5488 535 5566 θεὸς
561 5488 621 5566 ἓν
652 5488 1086 5566 ῥέατέραιξκῖᾳῖς
1106 5492 1329 5566 φρσεσιν
1357 5493 1435 5566 εἷς
1468 5488 1695 5566 ὑπάρχει
1718 5526 1779 5566 -έ-
1805 5496 1937 5566 Cod.

836 5593 914 5673 ζ-
945 5562 1066 5627 Υἰδς
1094 5562 1185 5616 τοῦ
1207 5594 1271 5603 --
1294 5565 1434 5635 quod
1460 5562 1719 5622 omittitur
1742 5564 1793 5619 in
1821 5564 1938 5620 cod.

480 5650 530 5690 ν.
554 5664 621 5674 —
647 5650 803 5689 θεῶν.
836 5663 901 5673 ’-

2053 4449 2359 4504 Nestorium
2389 4459 2441 4503 et
2466 4449 2741 4519 Eutychen
2764 4449 3021 4503 memorat
3043 4452 3229 4505 lsidori
3254 4453 3320 4506 ad
3352 4454 3606 4513 Theodo-

2053 4520 2191 4593 sium
2227 4520 2627 4593 presbyterum,
2658 4520 2997 4593 Timotheum
3040 4521 3316 4593 lectorem,
3347 4525 3603 4593 Cyrillum

2052 4590 2470 4658 Alexandrinum
2499 4590 2754 4658 aliosque
2801 4590 3069 4658 epistolas.
3097 4591 3208 4646 Cfr.
3259 4590 3494 4649 Maxima
3523 4598 3603 4651 bi-

2051 4659 2299 4713 bliothera
2334 4656 2449 4711 vv.
2488 4656 2597 4711 ρρ.
2628 4656 2755 4714 mm.
2782 4656 2869 4718 Ix.
2904 4674 2956 4727 p.
2987 4661 3105 4725 sat,
3132 4662 3254 4727 sse,
3286 4661 3407 4717 685.

2121 4728 2529 4800 (d)__Christiani
2568 4729 2794 4800 Augusti
2831 4728 3011 4798 Saligii
3051 4732 3117 4785 dc
3170 4734 3601 4800 eutyehianismo

2048 4809 2173 4852 ante
2204 4798 2511 4867 Eutychen.
2534 4798 2758 4853 sive'de
2784 4800 3194 4867 eutychianismi
3226 4798 3349 4855 vere
3372 4820 3435 4859 ac
3468 4807 3602 4860 falso

2048 4868 2327 4942 suspectis,
2366 4877 2620 4942 tractatus
2657 4868 2943 4942 historicus
2972 4878 3029 4923 et
3068 4870 3421 4942 theologicus.
3451 4873 3600 4931 “ol-

2048 4937 2357 4993 fenbuttelte
2389 4937 2539 4997 I725.
2575 4937 2710 4992 ἰπὶ-4.

2118 5012 2189 5075 (c)
2214 5006 2483 5077 Moshem._
2512 5006 2647 5063 Hist.
2676 5006 2798 5062 εδει.
2830 5022 2882 5075 p.
2918 5006 3044 5065 225.
3068 5007 3093 5077 δ
3120 5008 3204 5064 l5.

2117 5077 2183 5141 (Ῑ)
2232 5076 2409 5144 ipsum
2446 5075 2705 5156 .Cyrillum
2742 5076 2903 5131 haece
2950 5075 3176 5131 formula
3208 5078 3405 5149 smpius
3439 5097 3595 5138 usum

2045 5162 2183 5204 esse.
2211 5156 2421 5200 constat
2447 5154 2585 5197 inter
2612 5162 2823 5199 omnes.

2116 5217 2187 5285 (ει)
2254 5215 2342 5267 Sic
2381 5216 2854 5269 stomachabantur
2910 5215 3140 5285 Aeacius
3194 5216 3591 5285 Melitenensis.

2044 5283 2334 5338 Successus
2380 5285 2473 5337 Dio
2500 5286 2869 5346 Cmsareensis,
2916 5283 3225 5340 Valerianus
3264 5283 3594 5352 lconiensis,

2043 5356 2260 5422 aliique.
2296 5370 2485 5407 uumes
2518 5353 2768 5424 Cyrillum
2802 5355 3177 5423 vituperantes,
3193 5358 3597 5424 quodintlrien-

2046 5426 2256 5485 talium,
2284 5425 2373 5491 qui
2405 5439 2619 5496 munem
2663 5422 3325 5496 unioneut_hypostaticam
3364 5429 3591 5496 rejecis-

2044 5493 2550 5619 scttéLgoltscttscrit
2586 5508 2761 5549 voces.
2790 5492 2871 5548 Cf.
2921 5492 3083 5566 Salig.
3141 5496 3176 5549 1.
3234 5512 3281 5551 c.
3328 5492 3446 5568 cap.
3504 5500 3590 5564 28,

2046 5580 2095 5619 Ιὶ.
2190 5582 2203 5615 Ι
2251 5602 2264 5617 ο

2044 5580 2095 5633 p.
2141 5580 2264 5619 24:).
