3890 6134
326 261 396 323 ³³
1531 275 1707 336 vna
1749 273 2036 334 Ismeni
2078 272 2336 332 PELUS.
3477 275 3548 339 3o

325 373 698 443 vituperarunt
742 372 841 444 (a).
872 374 1072 432 Scribit
1099 379 1245 433 enim
1300 381 1365 436 ad
1418 383 1563 438 illum
1594 383 1723 439 alibi
1759 383 1833 454 (b)
1866 401 1878 436 :
1915 394 1953 442 Α
1987 383 2185 435 virtute
2210 394 2410 434 vacuus
2441 394 2663 434 munere
2689 380 2804 434 solo
2829 394 2947 435 sese
2989 380 3174 449 jactat.
3206 378 3333 434 Inde
3377 379 3437 436 llt
3488 391 3549 436 ut

330 486 348 517 ι
380 463 603 533 Oportet
654 474 706 520 te
758 465 969 520 llrmum
1026 484 1090 524 ac
1139 482 1472 527 constantem
1522 490 1733 544 semper
1771 471 1882 527 ma-

322 569 471 618 nere;
496 553 574 608 sic
602 570 800 624 nempe
838 565 896 610 ut
938 573 1038 611 nec
1078 570 1222 613 metu
1267 564 1502 617 calestia
1532 564 1746 632 prodas,
1779 578 1881 617 nec

322 652 498 697 tecum
530 642 645 712 ipse
674 660 911 715 pugnare
950 647 1195 701 videaris.
1232 649 1337 703 Sed
1367 652 1413 705 si
1450 668 1571 721 qua
1598 668 1743 707 nunc
1784 654 1881 708 abs

322 745 375 790 te
402 735 600 805 scripta
629 746 756 790 sunt
781 752 903 791 cum
934 738 1036 791 illis
1058 749 1219 793 antea
1253 757 1282 795 a
1305 752 1356 796 tc
1384 745 1644 799 confessis
1662 762 1879 814 compa-

320 836 527 889 rantur,
549 834 643 879 aut
675 826 967 881 adulationi
996 830 1260 885 obnoxius
1304 847 1423 887 esse
1471 834 1753 898 videberis,
1788 848 1881 889 aut

320 916 553 971 levitatis
581 916 845 983 minister,
897 929 955 973 ut
992 920 1082 988 qui
1128 922 1271 975 inani
1324 923 1506 992 gloria
1536 927 1876 991 succumbas,

322 1022 429 1059 non
465 1016 647 1061 autem
678 1023 994 1078 magnorum
1018 1018 1072 1063 et
1103 1021 1409 1066 sanctorum
1438 1015 1672 1085 pugilum
1701 1025 1878 1070 certa-

319 1094 463 1147 mina
519 1094 767 1159 imiteris,
824 1098 915 1165 qui
969 1113 1065 1166 per
1097 1114 1312 1153 omnem
1359 1102 1521 1155 vitam
1578 1103 1632 1156 in
1693 1114 1877 1159 extera

318 1183 535 1254 regione
552 1185 724 1255 premi
754 1201 819 1240 ac
842 1188 1019 1240 vexari
1056 1189 1236 1257 potius
1260 1190 1357 1243 sibi
1401 1191 1679 1246 ferendum
1709 1196 1872 1249 duxe-

320 1283 462 1339 runt,
494 1291 657 1345 quam
684 1287 741 1331 ut
769 1292 1074 1347 perversam
1106 1290 1198 1334 aut
1227 1281 1409 1336 falsam
1441 1286 1764 1339 sententiam
1794 1288 1877 1343 vel

316 1367 538 1422 auribus
566 1368 882 1438 exciperent
921 1372 1010 1440 (ε).
1060 1390 1077 1422 ι
1128 1403 1195 1412 -—
1222 1372 1559 1445 Quapropter
1585 1376 1878 1431 Tillemon-

319 1459 422 1513 tius
475 1474 770 1530 omnesque
822 1462 941 1531 ejus
981 1466 1267 1520 sententia
1304 1466 1565 1531 favi-mes,
1612 1468 1877 1525 Isidorum

316 1562 461 1602 anno
483 1548 589 1605 M9
622 1550 705 1604 vel
758 1552 860 1605 450
891 1552 1031 1606 inter
1060 1553 1210 1609 vivos
1258 1556 1435 1611 adhuc
1481 1557 1646 1613 luisse
1673 1574 1738 1613 ex
1794 1560 1878 1615 his

317 1639 556 1709 epistolis
591 1648 795 1695 temere
823 1642 1100 1710 collegisse
1128 1644 1401 1699 videntur.

1980 473 2066 526 ille
2098 482 2349 541 tanquam
2381 471 2485 533 vir,
2544 471 2699 540 cujus
2742 471 3010 539 cogitandi
3064 480 3121 525 et
3170 471 3362 541 agendi
3411 472 3550 526 ratio

1977 564 2217 635 dignitati
2248 580 2358 619 sua
2406 579 2623 633 prorsus
2664 564 2970 626 conveniat,
3000 564 3068 617 ab
3106 562 3359 617 omnibus
3396 564 3547 617 cele-

1980 659 2183 720 bretur;
2214 656 2300 710 hic
2330 664 2583 723 tanquam
2606 655 2822 723 spurius
2852 663 3070 708 notetur
3098 654 3299 723 talique
3318 668 3546 707 munere

1979 748 2249 818 indignus.
2287 766 2304 799 ι
2342 746 2399 800 ln
2439 748 2540 801 hac
2561 762 2690 801 vero
2726 746 2790 800 ad
2822 746 3099 799 Zenonem
3126 746 3352 815 cpistola
3383 746 3461 801 sic
3481 745 3549 798 de

1979 840 2313 909 Hermogene
2346 838 2620 907 loquitur:
2670 857 2689 891 ι
2726 838 3088 908 Hermogenes
3146 839 3435 907 episcOpus
3469 837 3549 891 vir

1978 933 2178 1001 probus
2200 938 2301 993 est,
2328 930 2371 984 si
2406 930 2527 999 quis
2575 930 2731 984 alius.
2765 929 3032 984 Educatus
3063 930 3208 983 enim
3252 930 3305 983 in
3344 929 3545 984 Christi

1983 1021 2125 1090 lege,
2151 1020 2413 1089 exemplis
2436 1021 2745 1089 apostolicis
2769 1020 3064 1083 institutus,
3090 1020 3346 1089 episcopo
3389 1020 3547 1090 digna

1977 1114 2216 1168 sentitet
2258 1113 2591 1181 exsequitur.
2615 1112 2792 1177 Quare
2825 1113 3162 1181 temporibus
3213 1112 3544 1166 convenien-

1979 1202 2328 1274 temgloriam
2372 1212 2653 1257 assecutus
2707 1212 2791 1258 est
2813 1212 2869 1256 et
2893 1204 3151 1257 honorem
3184 1202 3288 1272 (Ii).
3343 1203 3545 1258 Invidia

1977 1294 2143 1359 enim,
2174 1308 2293 1364 qua
2328 1292 2460 1347 alios
2488 1293 2687 1347 virtute
2706 1293 2961 1361 praeditos
2988 1292 3160 1362 palam
3198 1294 3337 1347 solet
3370 1308 3545 1363 oppu-

1985 1400 2169 1456 gnare,
2200 1385 2365 1453 hunc,
2395 1394 2619 1455 propter
2651 1384 3021 1438 incredibilem
3056 1399 3265 1437 morum
3287 1400 3542 1438 mansue-

1978 1477 2221 1532 tudinem
2271 1493 2335 1532 ac
2387 1476 2711 1547 singularem
2765 1476 3106 1538 modestiam,
3150 1491 3221 1530 ne
3296 1476 3545 1546 aspicere

1977 1560 2193 1631 quidem
2223 1561 2404 1616 audet.
2439 1579 2457 1611 ι
2489 1589 2557 1599 —-
2602 1556 2828 1627 Reliqua
2876 1566 2937 1612 ut
2992 1558 3253 1615 addamus
3303 1575 3413 1613 non
3463 1568 3548 1617 est

1977 1667 2237 1707 necesse:
2269 1668 2389 1721 qua
2413 1650 2560 1706 enim
2591 1651 2751 1705 allata
2772 1658 2900 1704 sunt
2930 1650 3061 1705 satis
3100 1666 3372 1721 superque
3415 1666 3545 1721 pro-

385 1728 493 1784 Sed
537 1730 699 1785 etiam
726 1731 781 1785 in
805 1746 871 1785 eo
909 1730 1111 1787 fallitur
1142 1735 1230 1789 ille
1268 1737 1366 1807 (τι),
1396 1738 1536 1807 quod
1574 1754 1640 1794 ex
1683 1738 1871 1795 Isidori
1907 1762 1946 1816 Β
1974 1742 2103 1797 bant
2130 1742 2393 1799 Isidorum
2443 1741 2608 1796 haece
2648 1741 2704 1796 in
2755 1740 2982 1809 epistola
3033 1755 3143 1795 non
3191 1741 3259 1795 de
3297 1740 3463 1812 gloria
3492 1751 3547 1795 et

315 1817 505 1873 litteris
534 1818 601 1873 ad
656 1818 982 1874 Marcionem
1035 1824 1402 1894 presbyterum
1458 1830 1526 1897 (ε)
1585 1837 1642 1881 et
1708 1828 1877 1886 Zeno-

315 1924 435 1961 nem
473 1909 537 1980 ([)
569 1908 710 1964 datis
738 1925 997 1979 apparere
1026 1914 1337 1980 arbitratur,
1369 1931 1494 1970 cum
1537 1916 1875 1991 Hermogene

316 1996 703 2054 Rhinocorura
727 2001 982 2071 episcopo
1002 2003 1108 2072 jam
1142 2015 1353 2060 mortuo
1384 2008 1525 2061 diem
1564 2025 1874 2079 supremum

313 2090 530 2144 obiisse.
572 2089 633 2144 In
663 2090 752 2145 illa
784 2092 927 2146 enim
973 2094 1108 2149 duos
1140 2096 1446 2166 episcopos,
1483 2098 1874 2172 Hermogenem

315 2181 515 2236 scilicet
530 2182 706 2235 virum
723 2183 870 2252 pium
890 2184 1228 2255 justumque,
1260 2205 1381 2243 eum
1408 2190 1637 2246 Eusebio
1659 2193 1876 2249 homine

320 2288 483 2342 pravo
500 2282 556 2328 et
573 2275 829 2339 scelesto,
848 2287 1122 2346 comparat
1150 2289 1336 2333 auctor
1358 2280 1410 2333 in
1438 2282 1583 2335 hunc
1612 2284 1829 2338 modum
1858 2304 1872 2338 :

321 2384 338 2414 ι
378 2364 480 2428 Qui
524 2365 727 2420 virtute
782 2366 960 2421 clarus
996 2377 1099 2432 est,
1129 2369 1173 2423 is
1214 2371 1485 2439 geminum
1531 2372 1758 2427 habetur
1785 2389 1875 2428 sa-

314 2456 533 2510 cerdotii
563 2456 731 2511 decus
754 2466 808 2511 et
837 2469 1214 2513 ornamentum
1238 2477 1253 2525 ;
1284 2460 1375 2531 qui
1410 2478 1537 2517 vero
1558 2464 1874 2519 sacerdotali

314 2561 536 2602 munere
581 2548 801 2603 functus
839 2549 953 2604 solo
997 2558 1167 2605 tumet
1215 2553 1438 2619 honore,
1483 2556 1528 2610 is
1574 2572 1759 2611 revera
1806 2557 1875 2611 ad

314 2640 522 2708 spurios
566 2640 800 2708 reiectus
838 2651 941 2697 est.
997 2643 1181 2712 Itaque
1236 2644 1595 2717 Hermogenes
1646 2648 1728 2702 vir
1766 2648 1875 2704 Deo

315 2742 565 2801 acceptus
595 2732 906 2801 dignitatem
939 2735 1138 2804 recepit
1169 2738 1349 2791 virtuti
1396 2754 1508 2792 sua
1548 2740 1876 2795 convenien-

317 2830 421 2875 tem
455 2822 549 2893 (g).
580 2823 663 2877 Ad
709 2823 1017 2881 facultatem
1044 2828 1189 2882 enim
1240 2837 1524 2899 utramque
1577 2832 1872 2899 contendit,

315 2920 425 2966 tum
487 2915 772 2970 sacerdotii
824 2930 1204 2973 ornamentum
1266 2920 1489 2991 dignum
1551 2932 1875 2979 consecutus

318 3012 429 3058 tum
472 3005 692 3060 virtutis
711 3006 1072 3077 majestatem,
1124 3026 1154 3064 a
1201 3010 1381 3066 divina
1425 3015 1592 3081 gratia
1638 3013 1874 3069 debitam

1976 1833 2183 1887 honore
2214 1848 2375 1902 quem
2426 1832 2513 1887 ille
2547 1832 2600 1886 in
2651 1831 2831 1886 futura
2875 1832 3006 1896 vita,
3053 1832 3149 1886 sed
3191 1831 3260 1887 de
3314 1832 3460 1901 justa
3490 1842 3546 1887 et

1981 1924 2172 1979 merita
2200 1940 2359 1995 agere
2393 1923 2581 1995 gloria,
2605 1939 2766 1993 quam
2794 1922 3157 1993 Hermogenes
3184 1923 3326 1993 apud
3356 1937 3546 1978 omnes

1976 2022 2303 2068 consecutus
2356 2014 2428 2068 sit
2479 2014 2758 2068 mortales.
2811 2011 3059 2067 Caelestis
3131 2013 3279 2067 enim
3338 2022 3395 2067 et
3438 2027 3545 2082 qua

1976 2103 2176 2173 probus
2200 2102 2429 2172 quisque
2475 2103 2616 2172 apud
2672 2103 2838 2155 Deum
2863 2102 3062 2171 gaudet
3104 2101 3253 2165 omni
3288 2103 3541 2171 superior

1976 2204 2060 2251 est
2086 2195 2303 2250 invidia.
2339 2223 2408 2234 ~—
2448 2194 2588 2265 Ergo
2622 2194 2698 2248 uti
2745 2208 2812 2246 ex
2848 2192 2950 2247 illis
2988 2193 3235 2262 epistolis
3283 2192 3543 2247 Isidorum

1975 2287 2300 2343 Pelusiotam
2328 2300 2471 2340 anno
2511 2284 2637 2349 ΜΩ,
2690 2283 2773 2338 vel
2820 2282 2945 2342 450.
2979 2283 3121 2337 inter
3167 2282 3322 2337 vivos
3349 2283 3542 2337 etiam-

1976 2386 2089 2433 tum
2131 2376 2297 2431 fuisse
2325 2391 2434 2429 non
2469 2374 2839 2444 consequitur,
2894 2373 2967 2427 ita
3007 2388 3073 2427 ex
3118 2371 3204 2427 his
3248 2387 3371 2426 eum
3423 2380 3545 2442 post

1974 2467 2325 2539 Hermogenis
2341 2475 2567 2521 mortem
2584 2466 2728 2521 diem
2756 2480 3071 2536 supremum
3096 2462 3299 2518 obiisse
3326 2462 3542 2534 probari

1974 2560 2182 2630 nequit.

2058 2650 2165 2706 Sed
2223 2665 2350 2706 cum
2398 2648 2648 2719 equidem
2699 2648 2753 2704 in
2795 2647 2914 2719 ejus
2957 2646 3203 2718 epistolis
3252 2645 3386 2701 nihil
3434 2661 3544 2715 quo

1977 2743 2095 2798 hac
2159 2742 2222 2797 lis
2275 2740 2499 2795 omnino
2539 2739 2726 2796 dirimi
2786 2739 2980 2809 possit,
3035 2738 3360 2802 invenerim,
3411 2738 3543 2792 satis

1973 2834 2151 2889 habeo
2199 2832 2477 2903 probasse,
2526 2847 2650 2887 eum
2687 2840 2811 2901 post
2844 2846 3049 2884 annum
3081 2829 3203 2894 454,
3232 2843 3356 2883 esse
3395 2844 3541 2882 mor-

1975 2935 2149 2980 tuum.
2198 2924 2603 2979 Accuraliorem
2652 2938 2781 2977 vero
2832 2922 2961 2976 anni
3002 2922 3165 2991 hujus
3212 2921 3313 2976 viri
3367 2920 3543 2975 fatalis

1973 3016 2343 3071 definitionem
2384 3012 2513 3068 viris
2555 3022 2611 3069 et
2658 3011 3025 3083 sagacioribus
3089 3020 3145 3066 et
3204 3010 3542 3066 doctioribus

316 3096 696 3154 accessionem.
753 3096 823 3154 At
873 3098 1140 3156 Eusebius
1172 3101 1283 3156 Deo
1329 3102 1560 3156 infestus
1617 3104 1872 3173 onmique
1898 3098 1941 3156 C
1975 3106 2242 3175 relinquo.

388 3271 638 3343 («)77Ipse
683 3273 1056 3331 Tillemontius
1108 3276 1161 3330 in
1217 3276 1459 3330 Historiae
1502 3278 1870 3333 ecclesiastica:

316 3342 444 3397 tom.
470 3342 583 3409 XV,
608 3359 658 3412 p.
686 3344 818 3409 115,
851 3354 953 3399 art.
998 3361 1116 3401 vm.
1151 3346 1309 3400 allata
1336 3348 1515 3402 haece
1545 3350 1611 3402 ad
1641 3347 1868 3403 Hermo-

310 3429 500 3488 genem
533 3415 777 3488 epistola,
796 3415 995 3488 scribit
1021 3434 1034 3472 :
1063 3417 1324 3472 Auroit-il
1361 3418 1511 3488 parlé
1537 3419 1605 3473 de
1636 3419 1701 3488 la,
1723 3427 1867 3473 sorte

307 3485 375 3541 de
406 3483 550 3555 saint
568 3483 815 3555 ’Cyrille?

375 3555 460 3628 (ιι)⁸
482 3554 601 3628 Lib.
626 3554 666 3619 ι,
691 3554 940 3628 ep._524,
986 3556 1054 3611 de
1077 3573 1181 3625 qua
1213 3556 1396 3626 Lupus
1428 3574 1642 3628 quoque
1674 3559 1728 3613 in
1760 3575 1863 3613 no-

306 3624 375 3698 tis
396 3625 463 3698 ad
488 3626 762 3698 variorum
787 3625 1005 3679 Patrum
1036 3624 1349 3695 epistolasl.
1374 3644 1423 3681 c.
1447 3624 1571 3683 hac
1600 3629 1819 3698 scripsit
1843 3648 1857 3682 :

307 3694 364 3749 S.
419 3694 651 3764 Cyrillus
684 3694 811 3748 licet
842 3711 939 3749 sua
984 3694 1218 3765 capitula
1273 3694 1731 3752 anathematizare
1765 3707 1859 3751 aut

307 3764 624 3819 solemniter
668 3774 951 3819 recantare
980 3764 1235 3825 noluerit.
1271 3782 1333 3821 ea
1360 3778 1537 3821 tamen
1561 3778 1617 3822 et
1643 3769 1695 3821 in
1722 3769 1862 3822 datis

306 3835 373 3888 ad
395 3835 650 3888 Acacium
682 3832 1098 3901 Berrhoensem,
1128 3852 1190 3891 ac
1214 3837 1342 3891 item
1370 3839 1435 3891 ad
1458 3837 1720 3891 Joannem
1751 3841 1861 3891 An-

308 3904 621 3958 tiochenum
650 3903 844 3959 litteris
866 3947 880 3965 ,
906 3913 961 3959 et
995 3908 1109 3961 suis
1141 3923 1264 3961 cum
1294 3907 1456 3962 l’aulo
1488 3907 1751 3962 Eineseno
1776 3923 1865 3962 ac-

308 3973 393 4037 tis,
432 3983 516 4028 est
541 3973 781 4046 suaviter
811 3976 1138 4030 moderatus.
1182 3977 1317 4029 Hinc
1353 3977 1405 4030 in
1434 3978 1705 4046 publicum
1738 3987 1868 4032 tunc

304 4059 524 4115 sparsus
546 4043 863 4115 fuitruinor
889 4046 957 4099 de
981 4046 1162 4115 Cyrilli
1197 4043 1536 4114 pauitantia.
1582 4047 1716 4100 Item
1766 4049 1868 4102 sub

303 4114 523 4186 nomine
543 4113 776 4186 Philippi
792 4113 1045 4170 Romana
1064 4113 1314 4170 Ecclesia
1346 4117 1638 4186 presbyteri
1659 4127 1707 4170 et
1736 4132 1869 4186 apo-

304 4185 481 4238 stolici
516 4184 659 4255 apud
690 4184 958 4254 Ephesum
982 4186 1157 4255 legati,
1181 4184 1365 4253 sparsa
1402 4184 1749 4255 fuit—epistola
1774 4184 1868 4241 'as-

303 4268 561 4307 severans
599 4253 805 4327 Sixtum
841 4253 1147 4324 pontilicein
1167 4256 1381 4327 quidem
1412 4253 1756 4327 confirmasse
1782 4274 1869 4327 pa-

1975 3278 2273 3351 xolgrxsia;
2294 3279 2511 3351 φανήσῃ
2548 3277 2936 3351 ρπεᾷθυνοςηῆ
2971 3276 3538 3351 εὐχερείας-131191.

1973 3347 2319 3420 et.Bittersh.
2345 3347 2624 3420 εὐχερείας
2655 3349 2687 3419 ἦ
2717 3380 2783 3420 τ-
2820 3347 3084 3420 nemo;
3103 3347 3285 3416 ἁενῆς
3319 3347 3538 3420 μὲν-δό-

1975 3419 2084 3505 ξης,
2105 3416 2571 3505 ἥξετὼξγοέξ-έῶν
2597 3416 2845 3505 tardilth
2868 3419 2926 3471 δὲ
2941 3450 3011 3505 —-—.
3027 3420 3179 3473 abest
3200 3416 3377 3505 a'cod.
3408 3416 3539 3505 Βανὲ

1968 3486 2040 3531 -ί
2061 3486 2229 3556 ἁγῖων
2258 3486 2506 3559 ἆθλητῶν
2537 3486 2663 3552 τοὺς
2684 3489 2921 3559 iam“;
2959 3490 3020 3541 οὐ
3054 3487 3459 3559 μιμηςάμενος,
3486 3486 3539 3541 οἳ

1965 3560 2056 3629 τὸν
2086 3560 2302 3614 ἅπαντα
2351 3557 2465 3628 βίον
2495 3560 2581 3611 ἐπ’
2615 3558 2899 3629 ἀλλοτρίας
2940 3560 3009 3600 -ὲ
3038 3557 3173 3629 good.
3380 3557 3541 3629 ἀλλό-

1965 3628 2142 3700 τρίαις
2164 3658 2235 3700 -τ-
2264 3626 2645 3700 κακουχεζσθαι
2678 3626 2993 3700 augeam,
3022 3628 3055 3697 ἡ
3086 3626 3375 3692 κακόδοξον
3415 3627 3539 3699 φρά-

1962 3697 2112 3769 νὴμα
2140 3698 2245 3769 ζᾶν
2274 3697 2467 3769 μέχριξ
2492 3697 2645 3769 ᾣτων
2667 3698 3026 3769 εἰσδέξασθαι.

2146 3766 2433 3893 ἷίέιόηὶὸηι
2467 3768 2605 3822 Hist.
2656 3768 2781 3823 εισι.
2822 3778 2953 3823 tom.
3015 3767 3133 3834 XV,
3182 3783 3237 3838 p.
3291 3767 3417 3831 II'I,
3462 3766 3536 3823 cf.

2009 3879 2022 3893 .
2052 3847 2138 3902 18,
2163 3847 2279 3892 not.
2312 3847 2367 3895 4.

1967 3854 2022 3909 p.
2052 3854 2138 3902 ιδ,
2163 3854 2279 3892 nor.
2312 3854 2367 3895 4.

2036 3910 2111 4046 γ)
2148 3907 2267 3988 Lib.
2294 3926 2347 3975 ν,
2374 3924 2462 3977 ep.
2496 3907 2620 3994 378..

2061 3979 2104 4046 Π
2140 3978 2259 4032 Lib.
2293 3996 2344 4042 v,
2377 3994 2465 4046 ep.
2500 3980 2620 4032 460.

2061 3979 2104 4047 n
2140 3978 2259 4032 Lib.
2293 3996 2344 4042 v,
2377 3994 2465 4047 ep.
2500 3980 2623 4032 466.

2035 4044 2112 4116 (gl
2148 4048 2219 4101 Ex
2258 4048 2342 4102 his
2363 4088 2377 4109 ,
2406 4044 2463 4101 ni
2495 4048 2668 4111 fallor,
2694 4046 2875 4101 verbis
2907 4045 3285 4101 Tillemontius
3317 4044 3537 4115 collegit

1967 4115 2225 4171 Isidorum
2250 4118 2318 4171 de
2337 4127 2550 4171 mortuo
2579 4116 2916 4187 Hermogene
2937 4117 3177 4170 locutum
3193 4132 3335 4171 esse.
3359 4116 3539 4179 Qhare

1973 4188 2137 4241 verba
2166 4203 2337 4253 graca
2370 4188 2640 4253 ascribere
2672 4202 2782 4241 non
2812 4188 2909 4240 abs
2944 4202 3002 4241 re
3033 4188 3158 4241 erit.
3188 4188 3328 4240 Sunt
3352 4196 3535 4239 autem

1969 4256 2086 4328 hac
2126 4274 2140 4310 :
2170 4252 2328 4309 Ἐπεὶ
2375 4252 2469 4309 οὖν
2494 4258 2522 4309 ὁ
2554 4255 3309 4328 μὲνλθεοφιλὴς-Έρμογένης
3340 4255 3536 4325 ὁμολο-

306 4325 809 4408 ςειιι,ξιριιηιίεδθ
836 4334 1014 4405 tamen
1052 4326 1456 4408 damnationem
1493 4323 1866 4408 Nestorii.-:lta

1978 4327 2252 4408 γοζιςᾳνρῇ
2287 4328 2453 4408 (ipss-ﬁ
2495 4323 2588 4407 κσξὶ
2618 4326 2715 4396 τὴν
2745 4323 2904 4408 dilexi
2933 4323 3083 4408 saxei

307 4391 423 4459 ipse
458 4391 688 4461 Cyrillus
708 4394 956 4462 queritur
989 4394 1044 4448 in
1074 4395 1267 4448 litteris
1298 4394 1365 4447 ad
1387 4395 1643 4449 Acacium
1674 4395 1867 4450 Meliti-

304 4476 535 4535 nensem
598 4474 651 4517 et
712 4463 1469 4535 Donatumil‘iicopolitanum
1532 4466 1865 4535 episcopum.

305 4531 635 4603 IIae'igitur
682 4534 864 4603 omnia
919 4534 1109 4588 videns
1157 4531 1214 4587 et
1252 4531 1606 4589 considerans
1641 4531 1869 4603 magnus

301 4600 393 4657 ille
419 4600 720 4657 monachus
752 4602 985 4673 Isidorus
1019 4633 1085 4643 —
1118 4613 1339 4673 paterno
1358 4605 1481 4673 jure
1512 4606 1660 4658 illum
1684 4600 1872 4659 admo-

304 4674 454 4737 nuit,
483 4681 545 4725 nt
579 4683 725 4727 esset
767 4672 1005 4741 prudens
1035 4684 1089 4727 et
1122 4672 1386 4728 constans
1412 4716 1425 4735 ,
1480 4685 1537 4729 ut
1585 4691 1865 4729 sermones

302 4757 432 4796 suos
459 4743 804 4812 dispensaret
823 4744 874 4796 in
890 4741 1117 4808 judicio,
1152 4753 1211 4797 ut
1244 4759 1351 4796 non
1379 4745 1653 4799 videretur
1671 4745 1867 4799 docere

298 4813 609 4935 fontraria,
645 4822 703 4866 ut
733 4814 851 4867 istis
887 4813 1193 4868 rumoribus
1228 4828 1336 4867 non
1380 4814 1537 4870 daret
1581 4831 1744 4870 ansas
1773 4824 1867 4870 aut

323 4894 565 4935 omenta.

323 4898 482 4935 omen
491 4894 542 4935 ta
550 4923 565 4935 .

373 4952 441 5021 (τ)
466 4951 642 5005 Verba
669 4951 853 5023 Graca
874 4951 951 5006 sic
970 4967 1027 5023 se
1052 4952 1249 5007 habent
1275 4969 1287 5006 :
1316 4953 1432 5023 Χρή
1468 4970 1548 5016 σε,
1577 4954 1864 5023 θαυμάσιε,

296 5020 571 5089 ᾶτρέπτον
612 5024 796 5089 μένειν
832 5022 935 5091 del,
974 5021 1095 5074 οὔτε
1133 5022 1283 5091 φόϐῳ
1313 5020 1625 5091 προδιδόντα
1657 5020 1724 5077 τὰ
1767 5025 1864 5075 οὐ·

299 5092 481 5163 ρᾴνια,
516 5091 645 5143 οὔτε
685 5089 868 5163 σςιυτῴ
911 5089 1154 5145 ἐναντίον
1176 5089 1515 5163 φᾳὶνόμενον.
1563 5094 1624 5146 Ei
1656 5095 1762 5163 γὰρ
1792 5093 1862 5147 τὰ

296 5160 393 5215 νῦν
426 5160 798 5233 γεγραμμένα
824 5176 903 5213 σοι
927 5164 1031 5225 τοῖς
1068 5160 1352 5235 πρότέρόις
1379 5160 1802 5229 ἁντεξετάσὲιὰς,
1829 5163 1863 5233 ἢ

2039 4400 2117 4461 (In)
2148 4383 2291 4461 Hac,
2329 4383 2391 4451 'ni
2421 4383 2603 4452 omnia
2632 4383 2719 4451 uie
2754 4383 2943 4451 fallunt
2975 4383 3157 4460 vcrha,
3200 4396 3537 4450 induxerunt

1966 4467 2371 4521 Tillemontium
2395 4508 2409 4531 ,
2452 4476 2511 4521 ut
2558 4467 2699 4520 hanc
2731 4482 2830 4536 pro
2866 4482 2961 4521 sna
2998 4467 3268 4521 sententia
3313 4464 3539 4536 aﬂerrct

1967 4537 2269 4605 epistolam.
2300 4538 2438 4590 Sunt
2462 4546 2645 4589 autem
2671 4534 2784 4591 hac
2816 4556 2829 4590 :
2863 4537 3199 4605 Ἐπισκοπῆς
3220 4536 3275 4588 δὲ
3292 4535 3419 4598 ἄξια
3444 4534 3539 4585 καὶ

1970 4604 2246 4675 φρονήσας
2296 4608 2389 4659 καὶ
2440 4606 2687 4675 πράξας,
2735 4606 3059 4674 συνειδῶσαν
3087 4606 3164 4674 τῷ
3209 4606 3389 4674 χρόνῳ
3434 4604 3536 4675 rip;

1970 4623 2246 4726 φίονησας
2296 4623 2389 4659 και
2440 4623 2687 4675 πραςας,
2735 4623 3059 4674 συνηοωσαν
3087 4623 3164 4674 τῳ
3209 4623 3389 4674 χρόνῳ
3428 4623 3535 4689 ⁸’την

1964 4675 2122 4755 eis?
2154 4677 2247 4755 arcti.
2274 4677 2373 4745 τὴν
2403 4676 2567 4755 τιμῂν
2614 4676 2899 4755 κέκτητςε.
2930 4706 2994 4716 -
3021 4676 3207 4755 ϐρύα..
3237 4676 3354 4755 ναι,
3408 4674 3535 4728 ὑ5υ.

1963 4753 2021 4798 et
2058 4745 2163 4799 Alt.
2204 4745 2451 4799 inserunt
2496 4745 2639 4799 inter
2676 4746 2998 4814 συνηδῶσαν
3045 4754 3098 4814 et
3140 4745 3217 4813 τῷ
3256 4745 3435 4814 χρόνῳ
3467 4774 3535 4783 -

1965 4816 2413 4882 συνακμὰζουσαν
2437 4854 2452 4877 ,
2482 4816 2627 4883 quod
2677 4812 3005 4869 vocabulum
3049 4812 3242 4868 Petrus
3260 4812 3536 4869 ‘Possinus

1965 4899 2094 4938 voce
2124 4885 2215 4936 καὶ
2241 4900 2364 4939 cum
2394 4886 2842 4939 antecedentibus
2858 4884 3296 4949 conjungendnm
3322 4894 3531 4947 censet,

1962 4953 2036 5007 ita
2084 4962 2142 5007 ut
2186 4963 2331 5008 totus
2374 4954 2524 5008 locus
2562 4956 2640 5008 sic
2690 4970 2749 5009 se
2782 4954 2978 5024 habeat
3022 4971 3035 5007 :
3072 4953 3392 5024 συνηδιῖισαν
3436 4954 3534 5006 καὶ

1966 5024 2423 5093 συνακμάζουσαν
2453 5023 2528 5092 τῷ
2556 5024 2753 5093 χρόνω.
2802 5023 3067 5091 Equidem
3116 5023 3342 5078 verbum
3403 5041 3530 5093 συν-

1960 5092 2333 5163 ακμάζὸυσαν,
2353 5094 2497 5164 quod
2520 5095 2727 5148 addunt
2758 5094 2917 5149 codd.
2955 5094 3062 5161 illi,
3088 5094 3353 5167 glossema
3383 5092 3528 5148 arbi-

1974 5172 2109 5218 tror.
