3890 6134
408 261 473 329 31
1524 275 2180 339 COMMENTATIONIS
2213 280 2403 340 PARS
2438 279 2517 341 II.
3543 274 3614 341 33

438 414 2159 447 Μ

2170 415 3605 447 ______________.———_—_l—H—_

1442 588 1790 707 PARS
1867 595 2567 713 SECUNDA.

1372 810 1464 868 DE
1520 815 1829 872 SCRIPTIS
1885 816 2134 875 lSlDORl
2181 818 2615 877 PELUSIO'NE.

476 1109 713 1168 Isidorus
755 1114 1021 1170 Pelusiota
1061 1125 1259 1186 praeter
1316 1117 1592 1189 epistolas,
1649 1121 1717 1177 de
1760 1125 1956 1193 quibus
1984 1135 2027 1190 Α
2056 1126 2359 1182 exstiterint
2382 1126 2527 1193 libri,
2559 1142 2785 1199 quorum
2824 1127 2879 1182 in
2905 1128 3011 1184 hoc
3056 1136 3243 1184 contra
3288 1127 3524 1193 Graecos,
3558 1127 3613 1181 in

408 1202 581 1259 fusius
622 1220 840 1276 agemus
868 1213 1077 1275 postea.
1130 1207 1263 1262 alios
1310 1223 1545 1279 quoque,
1589 1212 1682 1281 qui
1726 1228 1834 1267 non
1891 1215 1958 1269 ad

406 1303 645 1348 nostram
708 1310 878 1364 usque
930 1305 1296 1364 pervenerunt
1346 1306 1580 1364 a-tatem,
1636 1304 1960 1373 conscripsit

403 1384 603 1449 libros;
626 1386 766 1455 quod
787 1395 845 1440 ut
868 1388 1159 1456 probemus
1189 1388 1255 1442 ad
1279 1387 1459 1444 Suidaa
1501 1390 1574 1461 (τι)
1610 1400 1665 1445 et
1692 1392 1959 1463 Nicepho-

406 1474 450 1529 ri
480 1475 552 1545 (ὁ)
586 1477 961 1531 auctoritatem
1001 1476 1244 1548 refugere
1278 1494 1386 1533 non
1423 1496 1646 1536 necesse
1674 1492 1776 1547 est,
1835 1499 1958 1539 cum

406 1569 521 1640 ipse
550 1572 743 1625 librum
769 1586 926 1626 suum
956 1572 1201 1625 adversus
1231 1571 1434 1627 Grmcos
1465 1575 1548 1629 bis
1581 1591 1961 1633 commemora-

402 1663 563 1718 verit.
587 1662 844 1717 Hermino
889 1663 1029 1717 enim
1061 1664 1243 1717 comiti
1283 1664 1350 1733 (ε)
1382 1666 1664 1734 quaerenti,
1706 1670 1795 1737 qui
1843 1668 1955 1733 fiat,

404 1762 465 1806 ut
485 1752 790 1807 hominibus
819 1752 1076 1822 improbis
1102 1759 1156 1807 et
1183 1754 1425 1808 scelestis
1462 1756 1755 1826 saepissime
1778 1760 1957 1814 omnia

403 1845 513 1899 sint
552 1844 811 1911 secunda,
864 1844 1018 1915 probi
1057 1855 1242 1899 contra
1297 1855 1352 1899 et
1384 1846 1580 1916 pietate
1611 1848 1847 1919 insignes
1897 1850 1952 1905 in

402 1938 760 1994 acerbissimis
778 1948 1062 1994 versentur
1083 1940 1237 1994 malis
1259 1947 1313 1993 et
1334 1941 1750 2006 calamitatibus,
1775 1946 1961 2000 rescri-

401 2031 523 2086 bit:
564 2047 623 2086 se
665 2031 931 2086 difﬁcilem
976 2032 1115 2086 hanc
1168 2030 1520 2102 quaestionem
1579 2036 1638 2086 ὲν
1690 2035 1766 2106 τῷ
1824 2041 1960 2105 προς

403 2122 671 2193 Ἕλληνας
727 2122 990 2194 γραφέντι
1031 2123 1193 2191 λόγῳ,
1247 2133 1508 2194 quantum
1558 2124 1675 2180 fleri
1755 2137 1956 2197 posset,

402 2214 643 2268 solvisse.
671 2215 807 2269 Eum
837 2215 1025 2269 eodem
1068 2214 1120 2268 in
1154 2216 1288 2271 libro
1315 2216 1368 2270 in
1408 2216 1716 2272 Graecorum
1770 2218 1960 2274 vatici-

401 2305 565 2359 nandi
597 2314 767 2359 artem
800 2304 995 2360 acriter
1015 2305 1284 2360 inveetum
1313 2322 1451 2369 esse,
1481 2309 1681 2363 scimus
1717 2325 1780 2363 ex
1806 2310 1960 2365 initio

401 2396 642 2466 epistola:
670 2395 788 2464 ejus
821 2395 887 2450 ad
936 2395 1262 2464 Harpocram
1294 2398 1587 2466 sopbistam
1633 2397 1730 2469 id),
1778 2400 1833 2454 in
1856 2417 1959 2467 qua

2061 1217 2151 1272 illo
2197 1219 2264 1273 de
2309 1218 2416 1273 fato
2455 1220 2644 1289 egerit,
2697 1220 2965 1289 duplicem
3038 1221 3186 1275 hunc
3256 1219 3471 1275 titulum
3518 1218 3615 1274 uni

2061 1310 2341 1380 eidemque
2391 1311 2525 1365 libro
2565 1312 2701 1365 bene
2750 1312 3039 1367 convenire
3071 1328 3229 1381 posse
3292 1311 3612 1381 respondeo,

2062 1398 2682 1469 dummodoaccipiamus
2702 1398 2962 1453 lsidorum
2991 1399 3149 1467 λόγον
3171 1398 3307 1468 πρὸς
3344 1397 3616 1465 Ἕλληνας

2063 1490 2301 1562 περὶτοῦ
2339 1490 2410 1563 μὴ
2442 1489 2579 1544 εἶναι
2606 1492 2946 1562 εἱμαρμένην
2977 1490 3276 1545 confecisse
3314 1490 3396 1559 (ἰ).
3443 1490 3621 1558 Atque

2061 1581 2202 1650 quod
2233 1580 2385 1634 all‘ert
2438 1578 2787 1633 chmannus
2834 1578 2935 1648 (j),
2984 1576 3074 1646 qui
3119 1577 3189 1630 ob
3240 1576 3292 1629 id
3326 1576 3523 1644 ipsum,
3560 1580 3622 1627 ut

2061 1673 2179 1740 ejus
2213 1680 2335 1725 utar
2378 1669 2578 1733 verbis,
2610 1668 2752 1738 quod
2792 1668 2989 1721 librum
3020 1666 3087 1720 de
3125 1666 3234 1719 fato
3262 1665 3495 1734 λογίδιον
3520 1679 3619 1734 po-

2063 1765 2169 1817 tius
2196 1778 2356 1832 quam
2393 1761 2548 1829 λὸγον
2580 1759 2878 1813 vocandum
2913 1764 3099 1812 censet
3139 1756 3394 1819 lsidorus,
3431 1758 3500 1811 ab
3530 1756 3621 1810 illo

2061 1871 2220 1923 quem
2272 1861 2456 1908 contra
2514 1852 2726 1907 Graecos
2774 1849 3006 1920 scripsit,
3066 1849 3147 1904 bis
3195 1849 3351 1917 λόγου
3398 1849 3623 1902 nomine

2061 1956 2331 2009 ornatum,
2370 1946 2639 1999 diversum
2686 1958 2806 1998 esse
2856 1942 3061 1999 statuit.
3115 1956 3220 1994 non
3270 1939 3445 2009 magni
3498 1953 3625 1992 mo-

2062 2038 2226 2091 menti
2276 2045 2376 2091 est.
2429 2035 2559 2090 Nam
2614 2034 2851 2089 Isidorus
2890 2032 2958 2086 ab
3009 2032 3266 2086 Hermino
3295 2044 3626 2101 magnopere

2062 2129 2327 2192 laudatus,
2380 2144 2478 2198 pro
2522 2126 2738 2195 insigni,
2791 2140 2895 2195 qua
2925 2123 3193 2188 excelluit,
3225 2122 3488 2177 modestia
3523 2120 3624 2189 (lc),

2063 2222 2258 2276 librum
2292 2235 2448 2274 suum
2484 2219 2583 2273 etsi
2615 2218 2773 2286 λόγου
2833 2216 3052 2270 nomine
3117 2215 3336 2285 dignum
3392 2212 3627 2281 λογίδιον

2063 2310 2332 2378 appellare
2362 2308 2553 2378 potuit.
2584 2307 2760 2372 Quare
2797 2304 2881 2359 his
2916 2303 3170 2359 omnibus
3202 2302 3411 2372 probari
3434 2302 3629 2371 nequit

2066 2402 2248 2455 lsidori
2278 2402 2520 2454 adversus
2546 2397 2754 2452 6mm
2786 2397 3133 2466 scriptionem
3175 2412 3204 2449 a
3241 2394 3377 2449 libro
3407 2392 3483 2447 De
3510 2394 3627 2461 [ato

402 2485 470 2538 de
498 2485 597 2539 hac
626 2500 685 2539 re
715 2485 767 2538 in
783 2486 928 2539 hunc
954 2486 1191 2555 loquitur
1217 2488 1433 2542 modum
1461 2506 1475 2543 :
1511 2489 1690 2561 Ὅτιή
1730 2493 1962 2563 μαντικὴ
1996 2487 2041 2542 Β
2063 2494 2327 2548 diversam
2372 2507 2511 2545 esse.
2556 2489 2715 2555 Quid,
2766 2487 2809 2542 si
2864 2488 2985 2557 quis
3011 2495 3315 2556 propterea,
3368 2485 3627 2554 quoniam

403 2576 560 2638 ὕθλος
579 2571 644 2645 ἦν
664 2576 791 2647 παρ’
808 2575 1031 2646 Ἕλλησι
1052 2579 1145 2630 καὶ
1170 2579 1344 2649 μάτην
1364 2578 1689 2650 seponam,
1710 2582 1969 2636 δέδεικται

406 2666 503 2737 μέν
533 2684 622 2737 μοι
658 2667 718 2719 ὲν
745 2665 821 2737 τῷ
877 2666 1015 2736 πρὸς
1060 2667 1325 2739 Ἕλληνας
1351 2668 1512 2740 λόγῳ.
1543 2670 1764 2724 Constat
1810 2672 1971 2742 igitur

402 2772 527 2812 eum
571 2767 757 2812 contra
812 2756 1027 2814 Graecos
1077 2759 1191 2813 sive
1242 2760 1467 2831 gentiles
1499 2763 1871 2829 composuisse
1901 2763 1967 2815 li-

402 2849 582 2913 brum;
610 2849 705 2905 sed
729 2858 907 2903 utrum
930 2851 1016 2905 hic
1056 2851 1191 2905 liber
1217 2852 1283 2906 ab
1314 2851 1404 2905 illo
1438 2853 1566 2922 περὶ
1607 2851 1699 2904 τοῦ
1730 2852 1802 2923 μὴ
1832 2849 1970 2907 εἶναι

403 2941 763 3012 εἱμαρμένηη
814 2958 974 3011 quem
1021 2942 1074 2997 in
1110 2944 1210 2997 alia
1244 2944 1310 2997 ad
1346 2945 1595 2998 eumdem
1646 2944 1961 3000 llermiuum

403 3032 625 3101 epistola
658 3034 725 3101 (e)
754 3032 930 3096 adert,
962 3034 1230 3099 diversus,
1266 3051 1333 3088 an
1361 3035 1502 3089 idem
1532 3036 1621 3101 sit,
1645 3052 1783 3091 nova
1818 3036 1967 3092 vide-

404 3132 494 3175 tur
517 3123 751 3193 indigere
781 3124 1174 3192 disquisitione.
1217 3124 1477 3181 Eumdem
1513 3142 1633 3182 esse
1668 3128 1969 3183 arbitratur

404 3211 835 3267 Bitthershusius
862 3214 925 3283 (fl
946 3255 960 3277 ,
992 3230 1227 3282 quocum
1268 3217 1532 3285 Dupinius
1565 3215 1641 3286 (ρ)
1674 3219 1966 3283 consentit,

404 3302 496 3370 qui
521 3319 585 3356 ex
613 3303 781 3372 ipsius
809 3304 997 3358 lsidori
1025 3306 1202 3359 verbis
1228 3307 1372 3360 hunc
1403 3308 1574 3361 tribus
1591 3310 1833 3377 epistolis
1865 3309 1968 3363 illis

406 3394 473 3447 de
497 3410 604 3447 uno
634 3394 874 3461 ejusdem
930 3396 1231 3464 argumenti
1286 3398 1423 3451 libro
1482 3398 1655 3468 egisse
1711 3400 1968 3453 audacter

406 3483 601 3552 arguit.
632 3483 801 3554 Negat
833 3484 1111 3540 Fabricius
1140 3488 1238 3556 (Ιι),
1272 3488 1361 3556 qui
1394 3504 1459 3542 ex
1494 3498 1810 3559 argumento
1846 3490 1962 3545 libri

408 3574 653 3628 adversus
721 3574 951 3643 (ἔνατος,
1006 3594 1035 3632 a
1086 3594 1191 3643 me,
1257 3591 1523 3649 quantum
1584 3580 1698 3633 ﬂeri
1767 3589 1965 3651 potest,

408 3665 670 3734 exposito,
704 3668 1030 3721 contrarium
1060 3670 1350 3739 colligit.—
1384 3670 1489 3724 Sed
1534 3670 1766 3731 libellus.
1807 3687 1965 3740 quem

408 3754 644 3810 Isidorus
690 3756 763 3810 De
791 3757 901 3818 fato
954 3759 1190 3829 scripsit,
1240 3771 1427 3814 contra
1458 3761 1705 3815 ethnicos
1736 3761 1967 3830 scriptus

411 3847 527 3911 fuit,
556 3848 609 3902 in
635 3864 806 3919 eoque
848 3851 984 3905 libro
1010 3862 1193 3907 contra
1220 3854 1463 3924 gentiles,
1513 3855 1564 3907 in
1588 3869 1714 3923 quo,
1752 3854 1826 3907 uti
1853 3854 1963 3922 jam
1992 3838 2033 3895 Ο

410 3937 663 4004 diximus,
707 3944 773 3995 de
811 3942 1017 4012 piorum
1070 3944 1347 3997 hominum
1379 3944 1614 4008 miseria,
1646 3959 1965 4014 pravorum-

408 4046 513 4099 que
542 4032 794 4088 felicitate
829 4035 1110 4105 agebatur,
1152 4043 1373 4104 optuma
1414 4036 1531 4091 sine
1567 4035 1729 4091 dubio
1759 4036 1826 4090 de
1855 4036 1964 4091 fato

411 4119 624 4174 dicendi
677 4122 774 4175 fuit
802 4124 1031 4177 occasio.
1060 4154 1131 4163 ——
1184 4123 1362 4189 Quare
1413 4142 1477 4179 ex
1527 4126 1808 4194 utriusque
1838 4126 1960 4181 libri

409 4222 726 4281 argumento
780 4213 953 4283 colligi
1010 4231 1115 4268 non
1153 4215 1279 4269 licet
1326 4224 1614 4286 utrumque
1656 4216 1848 4270 librum
1880 4217 1961 4271 in-

412 4311 495 4355 ter
522 4318 579 4356 se
630 4302 793 4357 fuisse
839 4304 1153 4370 diversum;
1198 4322 1373 4374 neque
1412 4316 1590 4361 tamen
1632 4306 1962 4361 contrarium

410 4380 536 4448 inde
559 4396 811 4464 consequi
858 4396 1105 4449 lubenter
1157 4396 1345 4450 fateor.
1385 4397 1535 4462 Quod
1568 4397 1612 4450 si
1642 4412 1770 4451 vero
1813 4398 1965 4466 quis-

410 4484 553 4556 piam
611 4485 739 4537 mihi
768 4485 1004 4554 objiciat,
1053 4485 1312 4539 lsidorum
1347 4486 1481 4539 duos
1510 4486 1755 4540 attulisse
1796 4486 1963 4539 libro-

410 4594 529 4634 rum
578 4578 777 4642 titulos,
839 4592 966 4648 ergo
1020 4591 1243 4631 necesse
1301 4592 1420 4631 esse
1472 4586 1529 4631 ut
1585 4578 1693 4632 duo
1750 4594 1966 4648 quoque

482 4754 743 4877 ςαὲῆιιίίι.
774 4753 1057 4877 ’ἒσίδωροῇ
1084 4753 1275 4823 inquit,
1297 4782 1369 4791 —
1386 4754 1674 4819 ἐπιστολὰς
1696 4754 1963 4826 γέγραφε,

482 4844 507 4875 ,ι
582 4840 609 4875 Α
645 4843 676 4876 α
708 4842 790 4876 τιν
833 4866 844 4877 .

411 4827 507 4878 καὶ
543 4826 676 4877 ἄλλα
708 4826 844 4878 τινὰ.

483 4895 566 4966 (ζ’)Δ
604 4892 824 4966 Niceph.
848 4895 996 4966 _Ilist.
1030 4894 1175 4966 Aercl.
1211 4894 1304 4949 lib.
1336 4908 1592 4966 xrv._cap.
1623 4895 1728 4966 55;
1758 4896 1863 4966 Καὶ
1894 4896 1957 4966 δὴ

411 4963 581 5035 πολλὰ
608 4964 878 5035 pen-51:3»
913 4964 1123 5035 ἐγράφη
1148 4964 1410 5034 ὠφελείας
1443 4964 1657 5035 ἁπάσης
1699 4965 1919 5035 ἔμπλεον
1945 4963 1957 4993 ⁵

415 5033 649 5105 μάλιστα
667 5032 723 5084 δὲ
752 5034 1048 5087 ἐπιστολαί.

483 5104 551 5169 (c)
578 5102 690 5171 Lib.
725 5118 784 5163 ll,
816 5119 902 5171 ep.
938 5105 1058 5157 187.

486 5174 561 5241 (d)
586 5170 705 5226 Lib.
738 5188 796 5233 tt,
824 5190 912 5241 cp.
944 5175 1067 5226 2‘28.

483 5247 552 5310 (ε)
596 5242 709 5296 Lib.
748 5258 829 5305 ιιι,
860 5259 945 5310 ep.
977 5242 1104 5296 255.

484 5312 549 5381 (f)
576 5311 970 5366 llittershusius
995 5312 1044 5363 in
1073 5311 1213 5365 notis
1239 5312 1303 5366 ad
1335 5328 1420 5381 ep.
1447 5315 1563 5367 157.
1590 5312 1681 5367 lib.
1712 5328 1771 5365 ιι.
1803 5313 1963 5368 Liber

413 5393 598 5453 contra
634 5382 847 5437 Graecos
876 5382 1115 5453 fortassis
1148 5382 1289 5435 idem
1319 5394 1421 5439 est.
1461 5384 1654 5453 inquit,
1683 5400 1804 5437 cum
1838 5401 1957 5437 ora-

415 5451 582 5511 tione.
615 5469 773 5521 quam
810 5463 993 5505 contra
1020 5452 1186 5503 fatum
1219 5454 1436 5520 scripsit

489 5524 562 5587 (g)
599 5523 673 5575 Du
704 5523 798 5575 Pin
825 5522 959 5575 Bibl.
984 5522 1271 5593 auctacrcil.
1308 5533 1434 5593 uim.
1478 5522 1614 5585 XIII,
1640 5540 1691 5589 p.
1724 5540 1784 5582 ιι,
1820 5541 1873 5593 p.
1908 5525 1960 5585 4,

414 5598 529 5643 not.
570 5607 618 5649 c.
648 5593 761 5645 haec
785 5593 971 5645 scribit
998 5609 1009 5642 :
1039 5591 1073 5642 Il
1102 5590 1207 5643 cite
1231 5592 1277 5643 Ie
1310 5591 1489 5647 Traité
1518 5594 1586 5645 du
1618 5594 1793 5646 (lt-stin
1824 5590 1963 5647 dans

416 5660 464 5715 la
490 5660 646 5717 lcttre
664 5663 788 5728 253,
809 5663 879 5716 du
908 5660 1039 5716 livrc
1074 5675 1151 5715 In.
1171 5659 1231 5715 le
1252 5676 1319 5715 ne
1341 5661 1389 5717 lc
1411 5664 1551 5717 crois
1585 5680 1681 5734 pas
1713 5663 1965 5719 dillercnt

2069 2594 2312 2654 utraque,
2367 2599 2428 2638 ea
2483 2582 2687 2636 scilicet
2729 2595 2888 2649 quam
2939 2578 3114 2648 primo
3160 2586 3215 2632 et
3269 2577 3431 2632 tertio
3505 2578 3629 2633 loco

2069 2675 2420 2739 laudavimus,
2463 2672 2707 2741 epistola,
2741 2670 2807 2724 ad
2854 2668 3105 2723 eumdem
3142 2667 3280 2722 datae
3311 2676 3439 2722 sunt
3483 2667 3627 2722 Her-

2069 2767 2294 2828 minum,
2319 2764 2644 2819 contrarium
2684 2760 3013 2815 contendere
3044 2767 3099 2813 et
3138 2759 3366 2829 probare
3400 2774 3630 2814 conare-

2070 2857 2194 2910 tur?
2248 2854 2435 2909 Posset
2482 2852 2625 2907 enim
2678 2866 2785 2903 non
2834 2850 2901 2903 ab
2951 2847 3100 2902 omni
3151 2848 3631 2903 verisimilitudine

2068 2947 2295 3000 alienam
2334 2945 2617 2999 instituere
2665 2940 3137 2995 ratiocinationem
3168 2940 3471 3009 hujusmodi
3506 2958 3519 2994 :
3558 2939 3632 2995 Ut

2068 3054 2195 3093 cum
2262 3053 2327 3092 ex
2363 3036 2448 3090 illa
2498 3035 2620 3089 libri
2667 3032 2885 3088 secundi
2916 3032 2981 3085 ad
3035 3031 3351 3086 llermiuum
3397 3032 3630 3101 epistola

2067 3140 2337 3200 appareat.
2375 3128 2634 3182 lsidorum
2671 3124 2927 3179 Hermino
2960 3122 3059 3193 ipsi
3092 3124 3448 3194 quaestionem
3490 3140 3627 3193 pro-

2068 3220 2287 3288 ponenti
2333 3217 2695 3286 respondisse,
2756 3229 2814 3269 se
2866 3213 2934 3267 de
2973 3212 3075 3267 hac
3116 3227 3173 3265 re
3219 3211 3389 3265 fusius
3417 3211 3527 3280 jam
3572 3211 3630 3266 in

2068 3310 2203 3363 libro
2258 3311 2500 3360 adversus
2559 3306 2767 3359 (ἔντυε-οε
2820 3304 3014 3374 egisse,
3071 3302 3208 3357 nihil
3262 3303 3627 3357 verosimilius

2068 3399 2155 3461 sit,
2186 3413 2341 3466 quam
2374 3396 2543 3455 illum.
2574 3395 2657 3449 cui
2695 3404 2941 3448 accurata
2971 3394 3282 3463 quaestionis
3311 3394 3628 3463 dijudicatio

2069 3497 2285 3556 accepta
2315 3503 2433 3541 esse
2463 3485 2666 3543 debuit.
2701 3485 2895 3539 blande
2922 3501 2951 3538 a
2983 3485 3229 3540 familiari
3260 3501 3358 3539 suo
3387 3501 3627 3556 rogasse,

2068 3592 2127 3637 ut
2155 3582 2347 3635 librum
2380 3582 2527 3635 illum
2557 3580 2816 3634 mitteret.
2851 3578 3036 3648 Neque
3067 3580 3232 3641 hunc,
3265 3588 3323 3632 ut
3352 3595 3414 3633 ex
3457 3579 3631 3633 altera

2067 3674 2132 3727 ad
2188 3672 2502 3727 llermiuum
2558 3670 2783 3740 cpistola
2838 3671 3178 3734 videremus,
3238 3686 3427 3739 preces
3484 3670 3632 3725 illius

2068 3764 2398 3834 repudiasse,
2439 3763 2531 3817 sed
2573 3763 2784 3818 misisse
2830 3779 2934 3816 una
2965 3778 3086 3817 cum
3119 3762 3200 3815 his
3227 3762 3422 3816 litteris
3464 3778 3631 3831 quem

2069 3857 2155 3910 ille
2186 3856 2506 3925 postulasset
2534 3855 2822 3907 librum.—-
2850 3853 2978 3919 Quae
3006 3852 3271 3907 sententia
3301 3852 3401 3907 etsi
3454 3854 3632 3922 primo

2069 3945 2281 4015 quidem
2312 3946 2498 3998 obtutu
2531 3944 2807 4013 placuerit,
2852 3951 3030 3997 tamen
3058 3944 3149 4013 qui
3195 3953 3403 3998 attento
3443 3945 3632 3999 animo

2068 4036 2189 4091 libri
2219 4036 2359 4091 tertii
2390 4036 2457 4090 ad
2498 4035 2812 4089 llermiuum
2858 4036 3064 4089 litteras
3104 4035 3409 4105 perlegerit,
3446 4036 3492 4090 is
3514 4046 3630 4089 sta-

2068 4128 2163 4181 tim
2219 4128 2441 4197 rejicict.
2501 4126 2589 4180 Eae
2646 4127 2789 4179 enim
2852 4126 2936 4179 his
2995 4127 3345 4180 continentur
3394 4127 3628 4181 verbis:

2072 4238 2090 4271 ι
2109 4220 2369 4285 Quoniam
2401 4217 2658 4285 scripsisti
2684 4234 2768 4271 me
2798 4234 2972 4288 nuper
2998 4218 3233 4272 libellum
3253 4219 3319 4273 de
3348 4218 3457 4273 fato
3476 4235 3631 4274 com-

2068 4312 2330 4379 posuisse,
2361 4312 2449 4380 qui
2495 4312 2562 4365 ab
2603 4312 2722 4365 aliis
2765 4310 2971 4381 magnis
3011 4308 3260 4365 laudibus
3313 4310 3378 4365 ad
3429 4312 3630 4366 cmlum

2068 4415 2238 4467 usque
2277 4400 2468 4461 elatus,
2514 4400 2582 4453 ab
2618 4399 2737 4452 aliis
2791 4398 3062 4462 omnibus,
3120 4398 3175 4452 in
3229 4399 3429 4468 quibus
3484 4400 3629 4453 idem

2070 4499 2326 4544 tractetur
2351 4499 2744 4561 argumentum,
2763 4490 3165 4559 scriptionibus,
3196 4490 3267 4545 sit
3283 4491 3629 4561 prmpositus,

2070 4579 2323 4651 quoniam
2367 4589 2427 4635 ut
2463 4580 2612 4635 hunc
2650 4579 2849 4634 librum
2879 4580 2946 4635 ad
2978 4589 3029 4635 te
3068 4580 3343 4635 mitterem
3373 4590 3629 4651 precatus

2064 4755 2135 4807 du
2168 4754 2345 4809 Traité
2364 4765 2537 4809 centre
2569 4755 2641 4809 les
2663 4754 2860 4809 Genlila
2892 4756 2997 4811 cité
3021 4755 3154 4811 dans
3184 4757 3263 4812 les
3284 4758 3470 4813 lettres
3499 4760 3621 4822 I37,

2066 4835 2121 4879 et
2160 4827 2280 4888 2‘28,
2305 4828 2375 4879 du
2403 4842 2459 4879 ιι.
2494 4827 2644 4887 Ιίνιθ.
2676 4842 2832 4896 parce
2859 4842 2962 4895 que
2992 4842 3054 4879 ce
3075 4827 3204 4896 qu‘il
3237 4845 3304 4882 eu
3329 4829 3408 4883 dit
3432 4845 3500 4882 en
3532 4845 3625 4886 ces

2067 4897 2308 4949 endroits
2339 4896 2560 4965 regarde
2582 4898 2627 4949 la
2656 4898 2829 4949 meme
2865 4896 3108 4950 matiére.

2135 4967 2209 5033 (Ιι)
2242 4966 2570 5019 Fabriciusl.
2602 4983 2649 5019 c.
2673 4983 2723 5034 p.
2754 4966 2879 5019 256.
2984 4974 2988 4979 '

2138 5036 2201 5105 (ἱ)
2236 5036 2307 5089 Ita
2340 5036 2555 5107 videtur
2580 5035 3105 5107 seusissciDupinius
3136 5036 3223 5105 qui
3248 5036 3380 5091 l.c.:
3406 5038 3441 5091 ll
3474 5039 3623 5107 parle

2068 5105 2370 5174 lui-meme,
2404 5106 2595 5174 inquit,
2637 5106 2763 5159 d‘uu
2811 5106 2983 5159 Traité
3023 5108 3092 5158 du
3130 5107 3297 5159 (festivi
3344 5105 3519 5163 contra
3550 5111 3622 5163 les

2142 5245 2208 5313 (jl
2244 5243 2542 5325 Heumann.
2577 5244 2708 5297 Diss.
2738 5245 2801 5297 de
2839 5244 2964 5329 Isid.
3001 5244 3110 5325 Pe].
3152 5244 3250 5368 $6,
3278 5261 3329 5312 ιι.
3364 5247 3417 5301 9.

2146 5315 2216 5368 (Iri
2245 5315 2326 5368 Cf.
2348 5316 2438 5367 Ιιι).
2464 5332 2533 5368 ιν.
2556 5331 2642 5368 cn.
2662 5317 2747 5368 tit).
2770 5330 2817 5368 ιι.
2846 5315 3063 5368 ηΗὺΛιι.
3086 5317 3124 5368 Α
3172 5333 3243 5368 ιιι.
3274 5316 3306 5365 8
3336 5335 3346 5367 :
3371 5347 3417 5356 -

2146 5315 2216 5384 (k)
2245 5315 2326 5368 Cf.
2348 5315 2438 5367 lib.
2464 5332 2533 5370 IV.
2556 5331 2642 5382 cp.
2662 5317 2747 5373 tit),
2770 5330 2817 5380 p.
2846 5314 3063 5384 “6,lit.
3086 5317 3124 5368 Α
3152 5314 3243 5368 [ιιι.
3274 5316 3306 5365 8
3336 5335 3346 5367 :
3371 5346 3440 5356 -κ
3462 5318 3622 5380 Ἴσως

2067 5384 2174 5454 γὰρ
2195 5386 2238 5436 εξ
2259 5385 2349 5436 καὶ
2369 5386 2425 5434 ὲν
2448 5384 2616 5454 τούτ·ρ
2643 5383 3100 5454 πλεονεκτοῦντα,
3128 5388 3182 5436 ἐν
3210 5385 3385 5447 ἄλλοις
3416 5388 3593 5439 πλεον-

2074 5448 2309 5514 ὲκξοῦσι,
2368 5453 2459 5506 καί
2488 5448 2604 5506 τινα
2633 5455 2879 5522 ἐνόησαν,
2909 5448 2981 5505 ὧν
3000 5456 3157 5515 αὐτὸς
3177 5455 3281 5506 οὐδ’
3315 5458 3391 5516 εἰς
3416 5456 3621 5508 ἔννοιαν

2068 5525 2365 5591 ἀφικόμην.
2415 5522 2662 5589 Ejusdem
2717 5524 2771 5576 in
2803 5524 3085 5577 sententiis
3129 5525 3241 5577 suis
3285 5527 3619 5591 exponendis

2070 5593 2327 5718 nitiadelsga
2356 5593 2634 5648 manifesta
2664 5602 2747 5648 est
2774 5594 2827 5647 in
2858 5611 2945 5664 ep.
2976 5595 3063 5659 85,
3092 5594 3183 5649 lib.
3214 5610 3271 5658 ιι,
3302 5610 3388 5665 ep.
3419 5597 3540 5661 lli,
3564 5603 3621 5648 et

2106 5700 2111 5705 ς
2180 5700 2193 5718 .
2245 5679 2258 5715 ι
2305 5702 2317 5718 .
2344 5679 2412 5717 Iv.
2447 5692 2514 5705 —

2106 5679 2193 5729 «ιι,
2225 5679 2317 5719 nu.
2344 5679 2412 5717 Iv.
2447 5692 2514 5705 —

1997 5159 2041 5214 Ῐ)
2070 5173 2265 5227 Ceutils
