3890 6134
336 210 446 322 ’35
1457 255 1911 321 COMMENTAT

2024 256 2121 317 tIs
2156 256 2345 318 PARS
2380 258 2459 318 Π.
3508 253 3580 317 36

374 370 585 427 editum
616 368 805 424 lsidori
836 368 1121 424 Pelusiotae
1148 381 1285 438 opus
1315 367 1370 422 in
1409 366 1777 436 manuscripto
1796 379 1932 435 quo-
1960 372 2007 428 Α
2034 375 2203 433 plura’
2229 366 2359 435 epist
2398 365 2568 418 larum
2591 363 2710 418 libri
2730 374 2971 435 quatuor.
3006 364 3235 429 Quorum
3264 373 3365 419 tres
3383 364 3582 433 priores

372 462 497 518 dam
524 470 735 516 exstare
769 461 1107 525 testiﬁcatur,
1141 461 1219 515 sic
1250 459 1572 529 inscriptum
1601 476 1614 512 :
1658 457 1927 528 Ἰσιδώρου

370 552 466 605 τοῦ
501 552 878 621 Πηλουσιώτου
895 553 1191 623 ἐρωτήσεις
1229 550 1324 605 καὶ
1374 549 1708 619 ἀποκρίσεις.
1739 546 1927 603 Conti-

373 650 574 695 nentur
598 649 779 695 autem
834 640 939 694 hoc
967 639 1153 695 codice
1205 654 1312 693 non
1347 638 1522 692 solum
1573 637 1781 699 lsidori,
1832 636 1926 690 sed

372 729 536 783 etiam
557 728 955 800 Chrysostomi,
972 727 1174 793 Basilii,
1194 726 1578 798 Olympiodori,
1596 726 1723 791 Nili,
1742 725 1921 790 Marci,

371 816 585 872 Maximi
623 826 680 871 et
706 816 998 872 Theodosii
1046 815 1375 887 quzestiones
1405 824 1462 869 et
1499 829 1778 884 responsa,
1806 829 1925 883 qua

369 913 559 959 auctor
606 903 824 974 collegit
867 918 1187 973 anonymus.
1238 902 1518 972 Equidem,
1572 901 1695 971 quia
1746 900 1923 970 ipsum

367 991 608 1047 codicem
638 990 951 1060 inspiciendi
972 989 1103 1044 mihi
1133 1005 1241 1046 non
1274 990 1399 1045 data
1418 988 1766 1053 fuitoccasio,
1792 1006 1924 1045 num

366 1082 422 1137 in
465 1083 557 1138 illo
598 1082 797 1137 inedita
848 1082 1090 1153 quaedam
1116 1082 1338 1146 lateant,
1369 1097 1477 1137 non
1526 1081 1699 1137 audeo
1735 1082 1922 1137 decer-

366 1190 496 1229 nere
517 1191 531 1239 ;
556 1174 649 1230 sed
672 1190 863 1246 magna
891 1174 1024 1229 mihi
1055 1184 1139 1230 est
1163 1174 1400 1245 suspicio
1423 1174 1782 1244 quaestionum
1805 1174 1923 1229 illa-

367 1278 485 1317 rum
515 1270 570 1316 et
615 1277 1023 1331 responsorum,
1058 1278 1179 1330 qua:
1210 1261 1390 1317 omnia
1419 1262 1485 1316 ad
1523 1260 1922 1330 interpretatio-

364 1364 487 1405 nem
522 1348 805 1403 Librorum
863 1363 1138 1403 sacrorum
1174 1349 1425 1403 videntur
1460 1348 1749 1418 pertinere,
1807 1348 1921 1401 col-

363 1439 617 1495 lectorem
669 1440 1025 1509 descripsisse
1078 1438 1159 1493 uti
1200 1452 1267 1492 ex
1317 1436 1702 1507 Chrysostomi,
1738 1436 1919 1491 Basilii

361 1527 697 1597 aliorumque
754 1526 1032 1596 operibus,
1086 1525 1158 1579 ita
1209 1532 1265 1578 et
1306 1538 1373 1579 ex
1427 1522 1616 1578 lsidori
1657 1523 1916 1593 epistolis,

360 1631 480 1684 quae
531 1615 631 1684 ipsi
689 1615 755 1667 ad
801 1629 952 1667 suam
1012 1628 1123 1666 rem
1156 1612 1331 1667 facere
1385 1610 1716 1665 viderentur.
1774 1609 1918 1675 Qua-

2029 472 2145 508 cum
2176 454 2363 508 Latina
2386 455 2813 523 interpretatione
2837 454 3026 510 Jacobi
3048 455 3193 509 Billii
3216 457 3439 526 primum
3459 466 3583 513 ante

2027 563 2191 600 annos
2250 562 2315 599 xx
2376 544 2597 600 Parisiis
2648 548 2899 616 prodiere.
2938 547 3059 601 Jam
3090 564 3207 601 vero
3249 548 3342 600 sub
3379 546 3582 615 prelum

2032 638 2260 691 revocati
2282 652 2380 690 ms.
2413 637 2525 689 cod.
2555 635 2800 691 Bavarici
2829 654 2922 707 ope
2948 637 3185 707 plurimis
3214 637 3269 690 in
3294 636 3419 691 locis
3450 637 3582 690 insi-

2027 731 2195 799 gniter
2234 731 2397 793 aucti,
2437 728 2681 797 suppleti,
2735 730 2949 783 correcti
2996 738 3133 782 sunt.
3173 728 3403 794 Quartus
3445 745 3583 784 nunc

2026 824 2253 891 primum
2280 825 2382 877 exit
2401 841 2557 878 novus
2586 839 2649 877 ex
2684 821 2859 876 eodem
2892 822 3065 875 codice
3092 820 3222 875 Bav.
3251 821 3334 874 cui
3364 819 3579 876 Venetus

2026 910 2082 963 in
2105 910 2404 966 bibliotheca
2430 911 2486 966 8.
2528 910 2697 965 Μανεὶ
2741 911 3027 980 respondet,
3055 911 3337 978 descriptus
3356 918 3405 965 et
3431 909 3581 965 Lati-

2023 1017 2118 1055 nus
2159 1000 2330 1070 [actus
2368 1020 2400 1055 a
2445 1002 2693 1056 Cunrado
2732 1001 3069 1056 Rittershusio
3120 999 3213 1056 1C.
3245 999 3327 1055 Ea:
3375 1000 3575 1071 οπῑοὲκα

2028 1087 2443 1145 Commeliniana
2477 1089 2631 1147 1605..

2093 1180 2492 1236 Rittershusius
2528 1191 2581 1237 et
2606 1196 2767 1251 quam
2804 1178 3038 1236 Joannes
3067 1179 3368 1235 Chatardus
3416 1187 3576 1235 nota-

2020 1268 2119 1335 vit,
2146 1279 2201 1324 et
2228 1286 2388 1339 quam
2419 1271 2533 1341 ipse
2558 1286 2623 1325 ex
2652 1270 2840 1325 codice
2865 1286 2965 1325 suo
2985 1270 3322 1341 deprompsit
3348 1269 3577 1340 scriptu-

2020 1375 2094 1415 rte
2146 1362 2512 1417 diversitatem
2552 1362 2836 1433 diligenter
2890 1362 3120 1433 margini
3181 1361 3456 1432 ascripsit;
3500 1360 3575 1416 ita

2018 1452 2238 1521 quidem
2270 1462 2351 1517 ut,
2379 1453 2424 1507 si
2455 1454 2509 1507 in
2531 1453 2714 1509 codice
2744 1453 3000 1508 Bavarico
3020 1454 3103 1507 vel
3120 1468 3287 1507 unum
3310 1453 3395 1507 vel
3422 1453 3575 1523 plura

2017 1543 2199 1598 addita
2231 1542 2449 1599 fuerunt
2477 1544 2757 1608 vocabula,
2791 1544 2992 1605 locum,
3032 1559 3193 1613 quem
3224 1543 3312 1599 illa
3341 1544 3398 1598 in
3423 1553 3573 1599 textu

2018 1644 2263 1698 tenuere.
2308 1636 2461 1691 stella
2507 1644 2741 1701 notaret,
2788 1650 3056 1704 vocesque
3109 1633 3161 1688 in
3204 1636 3573 1706 manuscripto

360 1716 581 1785 propter
609 1706 808 1759 inedita
833 1704 1098 1773 quoniam,
1136 1704 1212 1757 uti
1256 1720 1322 1758 ex
1357 1702 1514 1758 titulo
1545 1702 1755 1773 collegit
1786 1702 1911 1756 llar-

2024 1727 2122 1781 isto
2151 1727 2379 1782 omissas
2410 1727 2563 1781 uncis
2603 1726 2921 1781 includeret.
2955 1702 3236 1781 Accedunt
3253 1726 3460 1781 indices
3480 1702 3587 1782 ἰο-ι’

361 1794 506 1847 dtius
538 1796 615 1861 (a)
650 1793 705 1846 in
738 1793 827 1845 illo
877 1793 1041 1846 latere
1070 1792 1253 1846 codice
1277 1790 1465 1861 exigua
1518 1799 1722 1844 tantum
1782 1790 1913 1844 mihi

360 1900 484 1954 spes
510 1895 613 1939 est.

428 1976 612 2046 Neque
638 1986 768 2046 puto
819 1976 941 2031 novi
973 1975 1100 2045 quid
1141 1984 1352 2029 exstare
1381 1973 1434 2028 in
1463 1974 1600 2028 libro
1630 1973 1702 2043 (ὁ)
1760 1975 1914 2043 cujus

361 2070 546 2124 titulus
573 2069 659 2123 hic
686 2078 808 2123 est:
840 2069 1073 2123 Isidorus
1118 2067 1385 2121 Pelusiota
1417 2069 1479 2120 de
1518 2067 1789 2119 nativitate
1810 2067 1915 2120 Do-

358 2163 509 2220 mini.
532 2160 723 2217 Iletuit
751 2170 931 2215 autem
962 2161 1108 2215 hunc
1137 2158 1726 2231 libellumdnspiciendi
1758 2176 1912 2216 occa-

359 2260 462 2315 sio.
501 2259 628 2315 ilaac
656 2260 937 2314 hactenus.

703 2392 1188 2449 EPISTOLARUM
1221 2392 1597 2450 EDITIONES.

430 2534 749 2589 Prodierunt
773 2532 992 2588 Parisiis
1019 2548 1163 2587 anno
1192 2532 1348 2598 1585,
1372 2533 1424 2586 in
1455 2532 1582 2587 folio
1608 2551 1621 2586 :
1650 2530 1704 2586 S.
1724 2533 1910 2587 Isidori

362 2628 638 2683 Pelusiotaz
665 2625 1004 2696 cpistolarum
1037 2624 1261 2693 amplius
1295 2624 1435 2678 mille
1481 2627 1817 2678 ducentarum
1843 2625 1909 2679 li-

357 2722 436 2775 bri
460 2730 563 2773 tres
588 2734 722 2773 nunc
758 2718 986 2786 primum
1033 2716 1209 2772 Greece
1240 2717 1381 2771 editi.
1413 2716 1606 2781 Quibus
1652 2734 1677 2770 e
1710 2718 1911 2787 regione

356 2812 569 2866 accessit
608 2810 799 2864 Latina
845 2808 1122 2863 clarissimi
1157 2809 1255 2863 viri
1297 2809 1476 2863 Jacobi
1510 2809 1653 2863 Billii
1676 2809 1906 2875 Prunwi,

354 2904 410 2959 8.
443 2902 705 2959 Michaelis
732 2903 785 2955 in
815 2917 985 2956 eremo
1011 2902 1271 2971 quondam
1318 2902 1702 2968 ctznobiarchte,
1744 2903 1909 2957 inter-

355 2997 601 3067 pretatio.

423 3090 562 3145 Huic
608 3088 832 3145 editioni
863 3087 1080 3158 prtelixa
1125 3096 1207 3142 est
1228 3087 1449 3143 Joannis
1494 3087 1748 3143 Chatardi
1789 3088 1904 3159 epi-

353 3183 491 3239 stola
533 3181 600 3236 ad
651 3181 1018 3237 Godol‘redum
1056 3179 1289 3245 Billium,
1332 3196 1437 3251 qua
1477 3180 1786 3247 edocemur,
1814 3181 1906 3236 Ja-

353 3275 549 3330 cobum
606 3272 839 3338 Billium,
894 3272 1037 3327 illius
1087 3270 1345 3337 fratrem,
1416 3272 1606 3326 lsidori
1655 3272 1908 3342 epistolas

357 3366 619 3423 ICCXlll
664 3365 877 3421 Graecas
901 3365 956 3419 in
990 3364 1234 3419 Latinam
1262 3365 1499 3436 linguam
1547 3365 1905 3432 transtulisse,

355 3460 533 3530 ipsum
561 3474 692 3514 vero
716 3468 1062 3529 praematura,
1088 3472 1205 3527 quo
1232 3457 1411 3512 minus
1436 3458 1575 3512 hanc
1598 3458 1782 3512 ederet
1822 3457 1907 3511 in-

357 3552 793 3623 terpretationem
820 3590 836 3615 ,
895 3560 1068 3605 morte
1120 3549 1434 3619 impeditum
1478 3564 1617 3605 esse.
1673 3548 1907 3605 Joannes

356 3646 518 3718 igitur
540 3646 839 3702 Chatardus
859 3645 996 3699 hanc
1022 3645 1258 3713 suscepit
1288 3644 1614 3715 provinciam
1643 3644 1908 3713 simulque

356 3749 417 3795 ut
454 3739 615 3794 etiam
656 3737 839 3793 Graece
863 3737 968 3791 illas
1014 3736 1409 3792 excuderentur
1437 3735 1695 3807 epistolae,
1752 3752 1909 3791 cura-

353 3831 451 3886 vit.
509 3830 799 3902 Scripturae
857 3828 1145 3885 diversitas
1210 3828 1434 3901 margini
1487 3828 1739 3883 adnotata
1802 3838 1905 3882 cst.

350 3923 632 3979 Accedunt
662 3922 845 3979 Jacobi
868 3922 1003 3976 Billii
1025 3921 1308 3977 Sacrarum
1328 3920 1762 3976 Observationum
1788 3918 1906 3974 libri

351 4017 482 4075 duo.

420 4113 559 4168 Sunt
618 4121 798 4167 autem
858 4110 917 4165 S.
976 4109 1163 4165 lsidori
1222 4107 1505 4165 Pelusiota:
1560 4108 1904 4180 cpistolarum

349 4204 582 4273 amplius
620 4203 764 4257 mille
812 4202 1169 4257 ducentarum
1212 4200 1335 4255 libri
1364 4210 1473 4255 tres
1511 4200 1710 4255 Jacobo
1754 4200 1904 4254 Billio

351 4292 645 4363 interprete
692 4292 872 4347 recusi
940 4291 995 4345 in
1042 4306 1236 4359 magna
1270 4289 1603 4345 Bibliotheca
1634 4288 1746 4343 νγ.
1796 4288 1900 4343 PP.

349 4385 437 4440 ed.
472 4384 657 4440 Colon.
686 4399 813 4437 ann.
852 4381 1012 4446 1618,
1048 4390 1086 4435 t.
1118 4378 1182 4446 V,
1206 4397 1261 4451 p.
1292 4396 1377 4445 in,
1404 4397 1458 4452 p.
1482 4380 1740 4436 476-621.

419 4475 614 4529 Tribus
679 4475 763 4529 his
823 4474 1174 4543 cpistolarum
1212 4472 1363 4528 libris
1412 4481 1662 4542 quartum
1708 4471 1903 4541 adjecit

351 4567 773 4629 Rittershnsins,
834 4581 1131 4635 omnesque
1183 4564 1351 4619 edidit
1402 4565 1503 4619 sub
1558 4566 1661 4619 hoc
1706 4564 1896 4619 titulo:

350 4658 409 4715 S.
438 4659 626 4713 Isidori
679 4658 951 4711 Pelusiota!
983 4659 1043 4711 de
1072 4657 1496 4725 interpretatione
1538 4657 1726 4709 divina:
1764 4653 1906 4710 Scri-

418 4812 493 4879 (n)
529 4811 780 4864 llardtins
814 4810 850 4863 1.
887 4824 934 4862 c.
972 4805 1184 4879 lsidori,
1213 4805 1402 4879 inquit,
1450 4804 1728 4879 Pelusiotae
1749 4822 1898 4879 qua}-

348 4876 551 4935 sliones
577 4881 760 4933 nullibi
800 4887 1121 4931 memoratas
1146 4876 1346 4930 inveni.
1365 4877 1623 4941 —Quare
1649 4877 1809 4930 etiam
1842 4876 1896 4928 in

349 4951 527 5005 indice
559 4950 685 5004 huic
720 4958 864 5003 tomo
892 4948 1101 5016 adjecto
1134 4943 1279 5001 hunc
1300 4941 1491 5000 lsidori
1530 4946 1724 4999 librum
1756 4945 1898 4999 inter

2014 1817 2368 1887 cupletissimi
2428 1819 2638 1887 aliaque
2693 1817 2920 1873 minoris
2976 1816 3251 1872 momenti.
3301 1816 3569 1872 Caeterum

2015 1910 2131 1965 haec
2159 1909 2325 1964 editio
2366 1924 2433 1963 ne
2480 1909 2620 1963 linea
2654 1910 2872 1979 quidem
2903 1916 3105 1962 mutata
3135 1921 3279 1961 anno
3306 1918 3567 1977 sequente

2012 2003 2067 2056 in
2097 2002 2285 2056 eadem
2318 2016 2506 2056 recusa
2531 2011 2615 2056 est
2642 2000 2873 2057 oﬂicina.

2083 2104 2238 2158 Anno
2269 2103 2643 2159 demum16‘25
2670 2102 2912 2157 Andreas
2950 2100 3207 2154 Schottus
3233 2097 3417 2153 lsidori
3449 2095 3569 2166 epi-

2013 2194 2179 2248 stolas
2219 2193 2378 2247 DLIX
2425 2208 2455 2247 e
2511 2193 2699 2248 codice
2730 2191 2989 2246 Vaticano
3043 2189 3213 2265 edidit
3255 2188 3569 2258 Antuerpite

2011 2284 2158 2347 in—8,
2183 2285 2282 2339 sub
2324 2286 2426 2339 hoc
2469 2285 2661 2339 titulo:
2694 2283 2798 2337 Τοῦ
2827 2285 2884 2335 ὲν
2916 2282 3089 2349 ἁγίοις
3128 2280 3337 2349 Πατρὸς
3371 2278 3567 2333 Ἰσιδώ-

2013 2384 2107 2437 ρου
2138 2366 2231 2420 τοῦ
2266 2366 2639 2437 Πηλουσιὼτου
2666 2366 2941 2421 ἐπιστολαὶ
2963 2364 3254 2419 ἀνέκδοτοι.
3287 2362 3345 2419 8.
3376 2363 3567 2419 Jsidori

2012 2456 2291 2513 Pelusiotte
2330 2458 2557 2527 epistola:
2595 2459 2838 2512 hactenus
2878 2457 3105 2513 inediae.
3132 2456 3197 2509 de
3244 2456 3367 2510 locis
3402 2470 3568 2509 sacra:

2011 2545 2300 2615 Scriptura:
2332 2550 2658 2617 moribusque
2684 2548 3006 2617 formandis;
3027 2563 3090 2600 ex
3122 2546 3370 2599 Vaticana
3391 2547 3566 2614 ponti-

2008 2638 2119 2706 ﬁcis
2150 2639 2449 2692 bibliotheca
2490 2655 2625 2692 nunc
2653 2639 2877 2707 primum
2910 2648 3070 2692 eruta:
3098 2638 3333 2704 notisque
3384 2647 3433 2691 et
3472 2654 3567 2690 ar-

2009 2730 2262 2801 gumentis
2303 2730 2580 2785 illustrata:
2625 2731 2689 2784 ab
2753 2731 2961 2783 Andrea
3022 2728 3248 2793 Schotto,
3300 2729 3567 2783 societatis

2006 2820 2128 2875 Jesu
2157 2820 2468 2889 presbytero.

2079 2909 2237 2962 Anno
2277 2918 2537 2977 sequente
2573 2907 2868 2977 publicavit
2904 2907 3043 2962 idem
3088 2907 3332 2963 Latinam
3366 2907 3563 2963 harum

2008 2998 2353 3068 cpistolarum
2389 2998 2884 3068 interpretationem
2914 2998 3117 3053 Romae.

2075 3107 2406 3162 Francofurti
2454 3118 2633 3162 autem
2672 3124 2815 3163 anno
2855 3109 2988 3165 1629
3046 3109 3247 3164 ccedem
3279 3124 3343 3163 ea
3387 3103 3565 3164 "arma

2005 3208 2208 3250 recusa:
2253 3206 2398 3259 sunt,
2444 3205 2503 3251 ut
2562 3197 2785 3251 editioni
2846 3197 3290 3252 Rittershusianae
3341 3195 3563 3251 annecti

2004 3292 2263 3351 possent,
2289 3284 2387 3337 sub
2422 3284 2520 3338 hoc
2553 3285 2705 3339 titulo
2746 3302 2759 3338 :
2802 3283 2859 3338 8.
2903 3285 3093 3339 Isidori
3134 3284 3412 3338 Pelusiotae
3439 3300 3564 3353 pre-

2004 3374 2199 3449 sbyteri
2228 3374 2584 3441 cpistolarum,
2607 3392 2721 3443 qua:
2754 3377 2808 3428 in
2832 3375 2977 3429 Billii
2998 3388 3044 3429 et
3089 3376 3418 3431 Rittershusii
3444 3376 3563 3431 edi-

2008 3465 2231 3518 tionibus
2260 3466 2639 3528 desiderantur,
2660 3468 2897 3520 volumen
2920 3469 3205 3538 reliquum;
3236 3485 3439 3538 quasea:
3458 3468 3561 3522 Va-

2007 3557 2183 3610 ticana
2210 3554 2273 3609 S.
2299 3556 2475 3610 Patris
2500 3557 2799 3612 bibliotheca
2841 3575 3003 3627 nuper
3041 3570 3234 3626 erutas,
3267 3577 3404 3614 nunc
3444 3561 3561 3628 pri-

2004 3662 2147 3699 mum
2203 3646 2381 3700 Greece
2409 3656 2456 3700 et
2502 3646 2689 3700 Latine
2727 3649 3011 3717 conjunxit,
3054 3651 3284 3719 notisque
3316 3659 3363 3703 et
3395 3665 3558 3719 argu-

2004 3736 2188 3790 mentis
2228 3736 2506 3792 illustravit
2554 3734 2620 3793 R.
2648 3737 2709 3792 P.
2745 3738 2981 3793 Andreas
3006 3739 3264 3805 Schottus,
3297 3739 3558 3793 societatis

2002 3825 2122 3880 Jesu
2150 3826 2429 3893 presbyter.

2072 3928 2178 3985 Sed
2214 3930 2439 3986 Lutetiae
2482 3932 2697 3987 tandem
2733 3936 3048 4004 prodierunt
3086 3936 3323 4006 quinque
3363 3934 3555 3991 lsidori

2003 4020 2349 4088 cpistolarum
2374 4022 2495 4076 libri
2515 4024 2832 4090 ann01658,
2863 4026 2917 4080 in
2948 4026 3095 4093 lolio,
3113 4026 3212 4081 sub
3234 4028 3334 4081 hoc
3364 4026 3552 4081 titulo:

2003 4110 2059 4166 8.
2094 4112 2282 4166 Isidori
2313 4112 2589 4169 Pclusiotw
2642 4117 2704 4169 de
2742 4117 3163 4186 interpretatione
3197 4118 3385 4171 divina
3404 4116 3555 4171 Scri-

2000 4209 2166 4267 ptura:
2197 4201 2311 4254 libri
2340 4204 2596 4271 quinque;
2618 4221 2835 4271 quorum
2867 4215 2967 4259 tres
2999 4208 3193 4274 priores
3216 4224 3278 4260 ea:
3300 4207 3554 4275 interpre-

2005 4293 2200 4347 tatione
2228 4291 2413 4347 Jacobi
2446 4293 2613 4359 Billii,
2640 4305 2855 4365 quartus
2877 4306 3053 4349 autem
3084 4314 3116 4349 a
3146 4296 3388 4352 Cunrado
3432 4296 3550 4350 Rit-

1931 4390 1976 4448 1)
2005 4386 2251 4437 tershusio
2284 4382 2394 4448 lC.,
2450 4386 2538 4454 qui
2581 4396 2628 4438 et
2675 4396 2823 4440 notas
2879 4388 3159 4453 uberiores,
3192 4397 3239 4442 et
3296 4404 3549 4450 summas,

2006 4486 2051 4529 et
2084 4476 2274 4527 indices
2316 4475 2573 4545 prioribus
2605 4476 2746 4530 libris
2772 4479 2999 4546 adjecit:
3030 4488 3076 4532 et
3102 4480 3311 4549 quintus
3346 4478 3412 4531 ab
3435 4477 3550 4530 An-

2006 4568 2128 4621 drea
2162 4567 2386 4631 Schotto,
2428 4585 2561 4621 nunc
2584 4570 2807 4638 primum
2826 4570 2877 4621 in
2907 4569 3081 4623 Gallia
3115 4570 3384 4638 prodeunt.

2081 4654 2137 4708 In
2170 4657 2267 4710 hac
2290 4656 2675 4726 cditione,qua:
2698 4658 2878 4712 multis
2910 4666 3077 4713 scatet
3100 4658 3372 4713 erroribus
3398 4664 3549 4728 typo-

2005 4805 2204 4861 inedita
2230 4806 2413 4861 rcfcrt.

2074 4880 2143 4949 (ὁ)
2190 4878 2391 4949 1³Αιξοόὶἱμι
2428 4876 2511 4949 hic
2548 4878 2684 4949 liher
2738 4877 3004 4949 liaganozc
3062 4879 3218 4944 1529,
3266 4878 3411 4933 ἰπὶ-4.
3453 4876 3543 4934 Cf.

2000 4947 2157 4999 catal.
2190 4947 2318 5001 bibl.
2352 4947 2517 5000 Andr.
2546 4947 2689 5001 Paw.
2724 4949 2820 5019 (1).

407 5103 478 5164 (1)
500 5101 651 5151 Liber
673 5102 812 5164 cujus
834 5100 1031 5164 titulum
1058 5099 1341 5164 Niemeyer,
1366 5112 1415 5161 p.
1434 5098 1521 5164 ἥδ,
1544 5111 1604 5147 ex
1631 5098 1851 5159 catalogo
1870 5098 2077 5164 quodam
2102 5098 2306 5164 exhibet
2328 5112 2339 5145 :
2368 5097 2586 5164 Isidorus
2615 5098 2855 5164 Pelusiota
2886 5102 2947 5164 de
2973 5099 3217 5164 nativitate
3240 5098 3428 5164 Domini
3450 5100 3547 5149 Ha-

343 5158 513 5227 gaiioaa
538 5158 903 5227 15291ηἶ1⁶ριιι
925 5161 1071 5227 facile
1092 5158 1405 5227 crediderim,
1432 5158 1709 5227 idem__opus
1756 5158 2016 5227 est,__qnnd
2058 5159 2251 5227 proprie
2286 5160 2594 5227 inscribitur:
2627 5164 2683 5227 Β.
2720 5162 2902 5227 {sideri
2933 5161 3157 5225 episcopi.
3199 5160 3405 5227 theologi
3418 5168 3545 5227 vetu-

344 5219 567 5279 stissimi.
590 5224 649 5273 de
670 5221 911 5272 nativitate
934 5222 1140 5280 Domini,
1164 5230 1258 5272 etc.
1281 5221 1392 5271 libri
1412 5223 1527 5269 duo.
1552 5219 1958 5283 Ilaganomtfizﬂ.
1982 5219 2104 5267 in-i.
2135 5219 2213 5268 Isti
2238 5227 2400 5283 autem
2424 5220 2552 5283 libri,
2577 5226 2659 5282 qui
2682 5222 2798 5271 mihi
2822 5219 2998 5283 praesto
3023 5219 3159 5275 sunt.
3188 5219 3430 5272 rem-rays.
3458 5223 3545 5270 lsi-

342 5287 513 5335 dorum
542 5285 875 5345 llispalensem
893 5279 1141 5333 auctorem
1168 5285 1367 5340 habent,
1393 5290 1444 5330 et
1465 5279 1912 5345 cumjnscrlptionc
1939 5284 2151 5345 {Contra
2171 5281 2369 5331 Juda’os
2393 5279 2704 5341 reperiuntur
2726 5288 2772 5331 in
2799 5279 2978 5344 o‘ptima
3013 5286 3119 5344 ejus
3143 5285 3357 5332 editione
3378 5287 3542 5345 (quam

344 5345 531 5395 curavit
550 5344 586 5394 Ρ
632 5340 859 5405 Ἀτρνειιο)
888 5347 1045 5393 Romae
1068 5345 1181 5392 1797
1202 5371 1263 5381 -
1291 5346 1430 5401 1803,
1476 5349 1513 5390 t.
1534 5340 1616 5410 γι,
1643 5356 1687 5402 p.
1723 5340 1911 5410 .l’scqq.
1953 5343 2277 5401 l’rteterqnam
2316 5345 2602 5452 enimtgiod
2633 5345 2768 5392 locus
2796 5340 2846 5392 ei
2889 5340 3119 5394 annns'ot
3142 5345 3286 5391 forma
3319 5340 3543 5405 impressi

344 5407 456 5452 libri
484 5414 775 5452 construunt.
800 5406 1082 5452 imprudens
1104 5412 1187 5452 aut
1210 5408 1389 5452 sciolus
1411 5404 1617 5452 calalout
1642 5412 1863 5452 scriptor.
1891 5416 1998 5449 cum
2028 5404 2158 5452 Drior
2182 5416 2240 5449 ex
2271 5403 2375 5449 istis
2398 5406 2492 5449 duo
2532 5421 2587 5451 ns
2615 5403 2769 5452 libris.
2802 5414 2944 5452 οτι-ιιι
2971 5409 3209 5452 Magnum:
3238 5407 3352 5452 L519
3378 5405 3543 5452 editus

2466 5419 2492 5447 0

344 5407 456 5457 libri
476 5414 775 5467 congruunt,
800 5401 1083 5467 imprudens
1104 5412 1187 5455 aut
1210 5408 1389 5454 sciolus
1411 5401 1617 5463 catalogi
1642 5401 1863 5467 scriptor.
1891 5416 1998 5449 cum
2016 5404 2158 5467 iprior
2182 5416 2240 5467 es
2271 5403 2459 5467 istisidn

2532 5421 2587 5466 ns
2615 5403 2769 5466 libris.
2802 5414 2944 5466 βτί-ιιι
2971 5409 3209 5459 litigamus
3238 5407 3352 5454 i519
3378 5403 3545 5452 editus

344 5478 438 5527 est,
470 5466 519 5516 in
543 5464 761 5531 margine
783 5464 1027 5529 superiori
1050 5466 1337 5531 simpliciter
1377 5472 1570 5513 notatur
1595 5480 1605 5513 ;
1638 5464 1735 5531 ill.
1767 5464 1972 5531 Isidorus
1996 5466 2056 5509 de
2097 5465 2346 5531 nativitatc
2376 5465 2584 5531 Domini.
2612 5482 2629 5513 s
2659 5464 2813 5513 facile
2836 5466 3127 5517 Pelusiotum
3150 5469 3212 5513 de
3252 5482 3338 5513 suo
3362 5482 3402 5531 at
3421 5468 3543 5531 dere

344 5524 517 5590 potuit,
538 5524 704 5590 sicqi'ie
730 5524 911 5579 Isidoro
931 5537 1095 5577 nostro
1124 5524 1250 5575 fetus
1272 5539 1572 5580 accrescere,
1593 5526 1730 5584 cujus
1756 5538 1819 5590 ne
1836 5524 2248 5590 minimum__ali_bi,_
2286 5538 2377 5573 nec
2400 5525 2616 5590 antiquo.
2640 5540 2729 5575 nec
2754 5532 3012 5575 recentiori
3043 5538 3259 5582 tempore
3285 5525 3544 5585 vestigium

341 5585 564 5639 occurrit.
593 5585 767 5640 Eadem
783 5593 934 5651 igitur
955 5592 1101 5651 fuerit
1122 5589 1746 5651 11³1ιυείηειᾳοιᾳυεξηῃρξεξ
1769 5585 2145 5651 Νἱριηρδχοῃρίἱο
2168 5588 2216 5635 in
2238 5587 2344 5637 loco
2366 5600 2413 5649 p.
2443 5585 2531 5637 146
2550 5589 2610 5636 de
2636 5590 2802 5639 codice
2826 5591 3032 5651 quodam
3056 5590 3378 5648 manuscripto
3405 5596 3547 5638 recte

341 5651 678 5714 deprehendit.
702 5678 759 5691 --
779 5644 1006 5711 Fessus,
1038 5648 1190 5701 Instit.
1215 5647 1422 5709 Putrol.,
1450 5646 1527 5707 ll,
1546 5648 1637 5696 (δὶῦ
1666 5644 1911 5708 Οιέηἱροηι

2024 5646 2092 5695 50.
