3890 6134
298 282 355 345 37
1355 278 1455 339 DE
1491 276 1829 339 SCRIPTIS
1865 278 2150 339 ISIDORI
2188 279 2442 341 PELUS.
3419 286 3491 349 38

298 392 560 467 graphleis,
592 391 758 449 etiam
787 391 889 449 hoc
918 390 1334 464 vituperandum
1361 403 1464 459 est,
1494 392 1642 464 Quod
1660 394 1829 449 stella:
1856 402 1901 458 Α
1928 393 2213 465 Scriptura:
2248 397 2582 465 epistolarum
2637 400 2792 453 editio
2825 400 2996 470 prima
3060 400 3244 454 Veneta
3295 398 3488 455 Latina

295 485 720 557 quidem,quibus
744 484 1136 541 Rittershusius
1170 486 1226 540 in
1250 485 1507 542 Bavarico
1536 486 1721 542 codice
1742 496 1836 540 aut

298 594 443 633 unum
462 586 554 632 aut
573 578 854 647 complura
880 579 1057 633 addita
1090 594 1209 633 esse
1242 580 1500 634 vocabula
1535 578 1836 648 significare

295 670 459 733 voluit,
490 669 543 723 in
572 679 779 723 textum
798 678 1026 738 receptae
1074 678 1234 733 sunt;
1265 685 1440 740 neque
1470 680 1648 725 tamen
1702 669 1835 725 scri-

291 772 441 832 ptura:
484 760 773 815 diversitas
813 769 896 815 est
936 760 1187 817 indicata.
1228 761 1332 827 Qui
1381 762 1580 815 factum
1629 772 1734 825 est,
1775 770 1837 817 ut

294 853 461 907 Petrus
483 852 744 907 Pessinus
769 854 823 906 in
869 852 1026 916 libro,
1070 852 1138 907 de
1170 868 1276 923 quo
1306 854 1569 907 continuo
1588 868 1830 923 agemus,

294 944 420 999 hisce
479 943 655 998 stellis
702 944 923 998 lacunas
969 942 1196 997 indicari
1249 944 1560 1010 arbitratus,
1604 944 1835 1014 glossam

288 1050 373 1104 pro
413 1049 539 1089 vera
587 1034 860 1104 scriptura
914 1034 1112 1103 saepius
1150 1035 1416 1089 habuerit.
1459 1034 1632 1089 Simili
1672 1034 1835 1088 modo

288 1124 414 1188 unci,
439 1140 578 1193 quos
597 1135 768 1187 certo,
806 1122 883 1177 uti
916 1131 1073 1176 antea
1103 1122 1304 1177 dictum
1337 1133 1439 1188 est,
1467 1122 1692 1177 consilio
1734 1122 1832 1175 ad~

285 1214 443 1268 hibuit
494 1213 909 1277 Bittershusius,
958 1213 1013 1267 in
1060 1214 1160 1267 hac
1187 1214 1424 1268 editione
1457 1222 1659 1270 temere
1679 1227 1833 1267 rece-

282 1306 349 1374 pti
369 1306 620 1359 videntur
647 1321 786 1360 esse.

341 1396 605 1452 (Ia-terum
648 1412 839 1452 omnes
880 1397 1063 1451 Isidori
1110 1397 1354 1467 epistola:
1401 1406 1616 1452 exstant
1645 1395 1834 1452 Latine

280 1494 478 1539 tantum
509 1487 567 1538 in
603 1486 831 1539 maxima
877 1484 1211 1541 Bibliotheca
1243 1485 1355 1543 ιν.
1387 1486 1490 1542 ΡΡ.
1536 1497 1671 1543 tum.
1718 1487 1831 1552 VII,

278 1593 329 1648 p.
354 1577 609 1632 499-801.

341 1691 448 1747 Sed
486 1691 671 1746 Roma
716 1690 1037 1761 prodierunt
1068 1706 1213 1745 anno
1241 1689 1377 1745 1670
1401 1689 1702 1743 Isidoriana:
1727 1687 1833 1741 eol-

275 1784 511 1849 lationes,
549 1784 733 1853 quibus
758 1783 818 1839 S.
862 1783 1050 1837 Isidori
1097 1783 1373 1838 Pelusiotae
1407 1781 1637 1851 epistolae
1658 1796 1832 1835 omnes

275 1876 513 1928 hactenus
568 1875 725 1927 editae
773 1888 889 1925 cum
954 1872 1127 1926 multis
1170 1872 1399 1941 antiquis
1445 1870 1654 1938 optimae
1699 1878 1833 1922 nottz

274 1984 426 2019 manu
452 1966 662 2035 scriptis
688 1964 948 2017 codicibus
984 1973 1376 2033 comparantur,
1401 1971 1447 2015 et
1474 1962 1593 2014 inde
1626 1960 1834 2013 circiter

278 2060 352 2114 bis
376 2060 513 2114 mille
544 2060 669 2113 locis
699 2058 1003 2128 supplentur
1026 2067 1117 2111 aut
1142 2060 1504 2111 emendantur.
1537 2053 1616 2107 Ea:
1643 2053 1831 2106 biblio-

279 2155 413 2205 theca
451 2152 767 2205 Barberina.
791 2151 1012 2204 (Iuravit
1053 2149 1198 2204 enim
1238 2147 1559 2202 Franciscus
1583 2144 1830 2199 cardina-

274 2246 337 2300 lis
362 2245 693 2301 Barberinus
749 2260 845 2313 per
880 2243 1080 2308 virum,
1113 2252 1172 2297 ut
1221 2241 1295 2296 ait
1337 2241 1427 2311 qui
1462 2239 1714 2310 praafatus
1749 2247 1833 2293 est

278 2335 457 2391 Petrus
489 2336 775 2397 Pessinus,
811 2335 1133 2389 eruditionis
1156 2333 1391 2394 eximiae,
1415 2346 1569 2385 suum
1603 2339 1731 2384 tunc
1753 2329 1833 2383 fa-

278 2430 554 2494 miliarem,
608 2426 700 2479 τὸν
753 2426 1061 2497 μακαρίτην
1115 2423 1489 2479 Fransciscum
1537 2421 1831 2475 Arcadium

277 2518 513 2575 Graecum
574 2518 881 2579 Calabrum,
924 2526 1111 2587 postea
1162 2515 1470 2585 episcopum
1501 2513 1829 2574 Nuscanunt,

278 2628 396 2665 cm
426 2628 523 2666 sex
551 2607 767 2680 optimis
799 2610 1173 2679 antiquissima
1200 2624 1361 2661 manu
1391 2605 1603 2675 scriptis
1630 2603 1831 2659 codici-

281 2702 400 2766 bus,
429 2703 640 2756 duobus
685 2700 967 2765 Vaticanis,
1029 2700 1249 2755 totidem
1299 2697 1680 2763 Altaemsibus,
1726 2711 1832 2749 uno

280 2793 570 2854 Sfortiano,
604 2804 751 2848 sexto
784 2792 1084 2848 Barberino
1120 2790 1475 2845 conferendas
1511 2788 1832 2843 lsidorianas

274 2901 457 2940 omnes
487 2886 763 2956 epistolas.
797 2895 985 2940 exacte
1021 2883 1267 2952 ascriptis
1291 2898 1388 2953 per
1416 2881 1685 2952 margines
1714 2878 1831 2934 edi-

274 2976 427 3032 tionis
455 2976 773 3029 Parisiensis
802 2976 964 3029 variis
993 2974 1317 3029 lectionibus
1356 2985 1409 3027 et
1443 2970 1832 3041 supplementis

1935 488 2142 540 auctior
2194 497 2242 540 et
2278 491 2617 544 emendatior.
2677 491 2774 545 Cui
2824 504 3012 560 prarter
3052 505 3200 547 notas
3257 494 3492 551 διιπταάὶ

1936 575 2261 631 Ritterslmsii
2281 590 2327 631 et
2356 580 2571 634 Andretr
2586 581 2781 635 Schotti
2798 584 3123 652 adjiciuntur
3146 596 3193 638 et
3217 596 3350 639 notat
3372 587 3493 641 alia

1934 678 1998 715 ea:
2047 663 2351 718 lsidoriauis
2374 666 2745 723 Collatiomtuts
2776 671 2919 724 Petri
2967 671 3172 727 Possiui
3212 676 3493 745 diligenter

1935 766 2204 821 excerpta.

2006 842 2064 897 In
2108 843 2192 898 his
2246 844 2437 902 lsidori
2486 848 2834 915 editionihus,
2880 852 3236 909 Parisiensem
3287 856 3409 911 dico
3437 865 3493 913 et

1939 930 2221 997 Venetam,
2253 951 2463 993 excusa:
2503 948 2630 993 sunt
2658 942 2894 1012 epistolis
2924 945 3007 1000 bis
3036 947 3181 1001 mille
3208 957 3263 1002 et
3290 948 3495 1004 duode-

1936 1021 2318 1079 cim—Liber
2348 1027 2490 1082 enim
2523 1030 2729 1099 primus
2757 1033 3077 1103 quingentas
3115 1037 3357 1092 continet
3389 1038 3491 1109 (a),

1938 1116 2210 1171 secundus
2240 1126 2527 1182 trecentas.
2562 1122 2754 1176 tertius
2782 1126 3201 1198 quadringentas
3228 1139 3283 1183 et
3313 1131 3493 1184 trede-

1935 1205 2060 1267 cim.
2089 1216 2312 1276 quartus
2353 1210 2614 1265 ducentas
2641 1224 2694 1267 et
2726 1216 2961 1286 triginta,
2997 1228 3052 1272 et
3078 1220 3298 1289 quintus
3332 1221 3491 1291 quin-

1935 1304 2123 1362 gentas
2151 1297 2423 1367 sexaginta
2462 1314 2677 1353 novem.
2707 1302 2861 1357 Errat
2892 1305 3052 1375 igitur
3085 1316 3271 1361 auctor
3290 1325 3494 1380 anony-

1935 1399 2058 1437 mus
2084 1384 2328 1441 Historia
2348 1389 2862 1462 ecclesiasticw,quze
2908 1396 3105 1465 prodiit
3128 1397 3361 1453 Colonia:
3394 1401 3493 1469 (bl,

1935 1476 2024 1543 qui
2046 1475 2231 1531 lsidori
2262 1480 2609 1549 epistolarum
2633 1484 2741 1537 duo
2769 1486 2931 1539 millia
2960 1497 3177 1542 centum
3202 1500 3255 1544 et
3272 1500 3492 1561 septua-

1935 1570 2080 1639 ginta
2124 1587 2317 1625 novent
2365 1578 2877 1645 excusasopinatur.
2899 1579 3091 1633 Errant
3109 1579 3493 1655 lgnatiusliya-

1935 1663 2151 1718 cinthus
2194 1666 2261 1718 de
2290 1664 2561 1721 Graveson
2586 1669 2680 1738 (c).
2720 1669 2928 1725 Caveus
2970 1680 3025 1726 et
3054 1673 3350 1738 Fabricius,
3401 1674 3494 1745 qui

1864 1735 1906 1794 Β
1933 1770 2119 1810 omnes
2148 1758 2336 1811 lsidori
2384 1759 2640 1829 epistolas
2667 1762 2748 1815 bis
2778 1762 2921 1817 mille
2948 1772 3003 1817 et
3031 1764 3289 1819 tredecim
3318 1735 3483 1820 excu-

1928 1862 2020 1902 sas
2059 1863 2178 1902 esse
2224 1849 2576 1905 aiiirmarunt.
2608 1852 2708 1918 Qui
2739 1853 2930 1908 horum
2960 1855 3197 1911 virorum
3234 1873 3388 1913 error
3425 1873 3494 1913 ex

1931 1955 1998 1993 eo
2027 1941 2213 2010 procul
2241 1942 2404 1997 dubio
2436 1953 2595 1998 natus
2641 1955 2744 2011 est,
2776 1947 2917 2015 quod
2952 1946 3209 2003 Schottus
3252 1950 3494 2019 epistola:

1932 2032 2378 2102 quingentesima:
2411 2036 2757 2106 sexagesimze
2785 2052 2964 2101 nouae,
2994 2055 3114 2109 quae
3154 2040 3272 2095 libri
3317 2043 3493 2112 quinti

1933 2131 2203 2191 postrema
2258 2131 2362 2184 est.
2395 2124 2627 2193 subjecit
2657 2141 2815 2180 unam
2844 2128 3019 2196 quarti
3037 2129 3158 2183 libri
3186 2146 3218 2185 a
3271 2146 3330 2186 se
3376 2132 3493 2187 edi-

1934 2219 2040 2264 tam
2070 2213 2421 2268 emendatius
2468 2216 2569 2285 (ά).

2004 2324 2109 2380 Sed
2140 2327 2183 2381 si
2214 2342 2277 2381 ex
2310 2328 2393 2382 bis
2415 2329 2663 2400 colligere
2692 2331 2857 2387 velles
2878 2348 2979 2387 nos
3007 2334 3089 2389 bis
3118 2336 3261 2391 mille
3287 2348 3343 2393 et
3368 2336 3495 2393 duo-

1933 2418 2106 2471 decim
2156 2418 2343 2473 lsidori
2375 2421 2633 2489 epistolas
2662 2423 2861 2478 habere
2891 2427 3229 2494 superstites,
3276 2443 3395 2498 quae
3420 2438 3496 2500 ty-

1935 2509 2018 2577 pis
2047 2524 2258 2565 excusa:
2288 2511 2417 2576 sint,
2455 2513 2594 2567 hauo
2626 2515 2789 2569 dubie
2811 2517 2863 2570 in
2893 2532 3131 2573 errorem
3164 2519 3490 2575 incurreres.

1934 2599 2192 2655 Pra-clare
2240 2602 2384 2656 enim
2444 2619 2472 2658 a
2507 2604 2851 2660 Tilletnontio
2882 2609 2951 2676 te)
2986 2609 3330 2665 observatum
3386 2622 3491 2675 est.

1934 2709 2092 2746 unam
2125 2693 2177 2746 in
2208 2694 2342 2748 duas
2374 2710 2763 2766 nonnunquam
2794 2700 3114 2771 discerptum
3145 2718 3263 2758 esse
3288 2704 3489 2776 episto-

1934 2784 2061 2845 lam.
2085 2786 2232 2841 velut
2260 2787 2380 2841 libri
2413 2806 2465 2843 IV
2494 2804 2581 2858 ep.
2617 2790 2720 2844 206
2741 2801 2795 2845 et
2822 2793 2946 2860 207,
2971 2804 3025 2847 et
3051 2795 3169 2849 libri
3205 2813 3218 2851 ι
3266 2813 3352 2868 ep.
3385 2798 3485 2853 271

1932 2884 1986 2928 et
2011 2876 2137 2935 272.
2199 2878 2588 2948 nonnullasque
2617 2880 2699 2934 bis
2731 2897 2851 2936 esse
2877 2884 3098 2953 positas,
3130 2902 3355 2955 quarum
3385 2888 3493 2942 duo

1932 2967 2097 3021 all'ert
2124 2969 2389 3038 exempla.
2417 2970 2483 3023 At
2531 2972 2700 3025 multo
2731 2973 2882 3040 plura
2927 2973 3292 3040 lleutnanuus,
3336 2979 3492 3047 cujus

275 3082 305 3120 ε
332 3068 543 3137 regione
566 3069 831 3137 cujusque
862 3067 949 3121 tali
976 3068 1244 3137 egentium
1277 3082 1379 3135 ope.
1422 3065 1679 3117 locorum.
1719 3061 1832 3116 liae
1856 3070 1900 3127 ο
1936 3073 2054 3127 qua:
2083 3059 2148 3113 de
2180 3060 2279 3113 hac
2314 3076 2371 3113 re
2401 3061 2507 3129 agit
2558 3072 2736 3115 notaui
2773 3064 2874 3117 huc
2906 3067 3258 3120 transcribere
3292 3068 3489 3124 liceat:

278 3156 518 3209 editionis
575 3155 897 3210 Parisiensis
946 3155 1222 3222 exemplar
1280 3152 1505 3207 Carolus
1554 3153 1830 3215 Moronus,

277 3246 555 3315 praefectus
582 3247 925 3301 bibliotheca:
946 3242 1273 3307 Barberiuaa,
1297 3243 1513 3297 tradidit
1534 3242 1688 3295 Petro
1712 3238 1835 3294 Pos-

271 3336 390 3390 sino
420 3353 450 3392 e
476 3338 743 3393 societate
775 3336 923 3401 Jesu,
966 3336 1057 3406 qui
1105 3335 1265 3389 hasce
1319 3332 1641 3388 lsidorianas
1671 3332 1834 3386 edidit

268 3426 608 3495 collationes,
653 3428 733 3483 sic
776 3429 843 3482 ab
882 3442 947 3482 eo
984 3438 1227 3492 vocatas,
1259 3426 1536 3496 quoniam,
1569 3436 1627 3478 ut
1664 3423 1833 3493 ipsius

267 3531 384 3578 utar
413 3525 622 3591 verbis,
654 3524 708 3577 in
738 3522 803 3577 iis
830 3521 939 3584 illa,
984 3523 1052 3577 de
1089 3538 1192 3592 qua
1227 3519 1354 3584 dixi,
1393 3519 1705 3574 Parisiensis
1738 3517 1831 3573 lsi-

264 3616 373 3671 dori
414 3617 589 3671 editio
635 3631 756 3670 cum
815 3614 1093 3670 codicibus
1138 3614 1280 3668 haud
1336 3612 1493 3682 paulo
1523 3609 1831 3664 melioribus

262 3708 565 3763 confertur.
612 3727 630 3758 ι
674 3707 888 3769 Studui,
940 3715 999 3759 ut
1035 3706 1223 3760 scribit
1261 3699 1368 3766 ille,
1406 3711 1598 3757 cuncta
1633 3702 1712 3756 sic
1735 3718 1830 3755 ex-

258 3799 459 3867 plicare
489 3810 731 3868 utquam
765 3798 1016 3851 facillime
1045 3797 1222 3865 quivis
1244 3797 1410 3850 lector
1431 3795 1829 3864 comparatione

259 3887 363 3939 mei
388 3887 579 3957 scripti
615 3901 738 3938 cum
763 3884 883 3953 ejus
907 3884 1161 3938 editionis
1189 3883 1434 3952 exemplo
1462 3884 1575 3935 loca
1602 3882 1655 3934 in
1684 3880 1831 3934 edito

258 3976 521 4030 mendosa
555 3977 853 4045 corrigere.
883 3975 1070 4028 mutila
1101 3982 1284 4043 posset
1313 3972 1584 4042 supplere.
1613 3970 1690 4025 Ad
1730 3973 1831 4025 hoc

259 4068 547 4139 diligenter
575 4066 832 4123 adnotavi
882 4065 1256 4136 epistolarum,
1280 4063 1594 4133 paginarum
1637 4071 1830 4114 etver-

254 4176 438 4222 suum.
471 4163 543 4217 ad
573 4177 721 4229 quos
748 4159 1156 4214 observationes
1192 4156 1275 4210 ba:
1305 4154 1597 4224 pertinent.
1639 4169 1830 4206 nume-

252 4269 366 4307 ros.
411 4254 745 4322 Plerumque
772 4252 931 4306 retuli
948 4251 1204 4305 duntaxat
1226 4246 1354 4316 quid
1377 4244 1572 4300 diversi
1597 4252 1689 4297 aut
1706 4244 1826 4297 novi

249 4353 499 4399 exstaret
522 4340 665 4414 apud
687 4344 935 4406 codices;
961 4352 1344 4407 nonnunquam
1371 4335 1630 4404 judicium
1649 4349 1826 4386 meum

1939 3168 1957 3201 ι
1997 3148 2268 3210 Schottus.
2304 3150 2475 3219 inquit
2507 3151 2612 3208 ille.
2643 3152 2866 3220 plurese
2894 3154 3151 3209 Vaticano
3180 3174 3278 3212 suo
3307 3160 3492 3214 codice

1931 3241 2116 3302 edidit,
2143 3257 2260 3310 quas
2280 3242 2387 3309 jam
2421 3243 2577 3296 editae
2620 3243 2832 3298 fuerant
2882 3261 2911 3299 a
2967 3246 3119 3301 Billio
3148 3249 3231 3302 vel
3284 3250 3488 3304 Ritter-

1941 3330 2144 3384 shusio.
2176 3350 2193 3381 ι
2232 3332 2425 3386 Eadem
2458 3334 2600 3386 enim
2646 3344 2728 3388 est
2759 3336 2874 3391 libri
2906 3353 2939 3391 v
2966 3354 3051 3407 ep.
3074 3340 3178 3395 259
3206 3350 3261 3395 et
3287 3343 3405 3396 libri
3439 3361 3487 3398 Iv

1930 3437 2016 3490 ep.
2054 3422 2152 3475 M7
2173 3440 2186 3486 ;
2207 3424 2391 3476 cadent
2412 3434 2496 3477 est
2522 3424 2641 3477 libri
2674 3443 2703 3479 v
2734 3441 2818 3495 ep.
2846 3428 2905 3481 9i
2942 3438 2995 3483 et
3025 3429 3144 3483 libri
3170 3448 3221 3484 Iv
3244 3447 3330 3501 ep.
3356 3432 3486 3497 H7;

1928 3513 2115 3567 eadem
2146 3523 2228 3567 est
2258 3514 2374 3567 libri
2396 3531 2428 3567 v
2457 3531 2543 3584 ep.
2568 3515 2668 3569 158
2698 3528 2749 3571 et
2775 3519 2893 3572 libri
2927 3534 2976 3573 tv
3006 3537 3091 3590 ep.
3126 3522 3225 3577 190
3250 3540 3263 3588 ;
3298 3525 3486 3580 eadem

1932 3615 2013 3657 est
2040 3604 2157 3657 libri
2189 3619 2219 3658 v
2252 3620 2337 3674 ep.
2380 3606 2449 3660 45
2473 3616 2526 3659 et
2573 3607 2692 3660 libri
2727 3623 2776 3662 tv
2807 3625 2892 3678 ep.
2925 3612 3062 3678 199;
3090 3644 3157 3654 —
3185 3616 3373 3670 eadem
3403 3627 3487 3672 est

1928 3695 2051 3748 libri
2078 3712 2107 3750 v
2135 3711 2220 3764 ep.
2256 3696 2352 3750 159
2379 3706 2432 3749 et
2455 3697 2571 3750 libri
2598 3714 2646 3750 tv
2672 3714 2757 3767 ep.
2793 3701 2929 3763 122ς
2963 3704 3153 3757 eadem
3187 3717 3271 3761 est
3300 3708 3418 3761 libri
3453 3725 3485 3765 ν

1926 3799 2015 3854 ep.
2055 3785 2156 3840 187
2212 3797 2265 3840 et
2321 3787 2441 3840 libri
2477 3804 2529 3841 ιν
2560 3804 2647 3858 ep.
2682 3791 2815 3853 124;
2847 3793 3033 3847 eadem
3064 3805 3145 3848 est
3174 3797 3296 3851 libri
3328 3816 3361 3852 v
3394 3816 3479 3869 ep.

1929 3878 2031 3931 524
2060 3888 2114 3932 et
2142 3879 2260 3932 libri
2294 3896 2308 3933 ι
2341 3896 2427 3949 ep.
2467 3882 2590 3934 255.
2620 3882 2837 3945 Confer,
2869 3886 2946 3939 sic
2993 3888 3135 3940 enim
3168 3891 3338 3960 pergil
3372 3893 3482 3954 ille,

1926 3967 2086 4021 etiam
2118 3968 2236 4022 libri
2287 3986 2320 4023 v
2348 3984 2432 4038 ep.
2469 3970 2567 4024 116
2600 3987 2721 4025 cum
2776 3974 2897 4027 libri
2932 3990 2967 4028 ιι
3020 3991 3106 4045 ep.
3145 3979 3273 4044 162;
3306 3981 3426 4035 libri
3451 4000 3485 4038 v

1927 4056 2208 4125 epistolam
2264 4057 2332 4110 21
2376 4074 2496 4113 cum
2549 4062 2772 4129 epistola
2808 4064 2931 4127 567,
2986 4067 3333 4138 ejusdemque
3362 4072 3483 4127 libri

1927 4147 2208 4216 epistolam
2236 4148 2337 4202 574
2366 4164 2487 4203 cum
2515 4150 2632 4204 libri
2666 4169 2700 4205 ιι
2730 4154 2954 4221 epistola
2985 4156 3105 4220 116,
3130 4174 3263 4228 quas
3290 4176 3480 4229 parum

1928 4237 2066 4291 inter
2134 4254 2191 4291 se
2246 4239 2459 4293 diil'erre
2514 4241 2905 4310 deprehendes.
2971 4245 3079 4301 Nec
3129 4264 3255 4303 vero
3310 4252 3481 4307 solum

1925 4328 2112 4398 quinto
2157 4328 2339 4383 insunt
2386 4332 2521 4385 libro
2547 4333 2789 4401 epistula!
2820 4336 2931 4403 jam
2965 4349 3120 4392 antea
3155 4342 3331 4405 editae,
3388 4345 3483 4398 sed

248 4433 599 4505 interposui;
640 4450 740 4487 nec
792 4431 1121 4486 dissimulavi
1164 4428 1473 4483 oborientes
1503 4441 1532 4480 e
1563 4424 1829 4478 variarum
1862 4420 1905 4474 D
1933 4418 2301 4487 superioribus
2337 4436 2548 4490 quoque
2594 4423 2644 4475 in
2677 4425 2824 4479 libris
2872 4429 3141 4483 nonnullze
3170 4431 3251 4485 bis
3298 4432 3483 4502 legun-

245 4526 559 4581 lectionum
589 4524 805 4579 indiciis
849 4525 916 4577 de
954 4522 1240 4590 archetypa
1275 4517 1536 4586 scriptura
1560 4515 1834 4583 conjectu-

246 4632 375 4682 ras;
432 4634 564 4671 raro
594 4628 771 4669 tamen
822 4615 872 4669 id
919 4614 1043 4674 feci,
1102 4620 1389 4665 contentus
1429 4606 1833 4678 κριτικωτέροις

242 4709 396 4776 quasi
428 4706 720 4777 aperuisse
746 4718 995 4773 campum
1030 4710 1085 4755 et
1115 4699 1455 4754 occasionem
1490 4696 1697 4751 felicius
1732 4709 1829 4766 pro

242 4801 522 4868 cujusque
554 4798 809 4851 acumine
838 4793 1110 4850 divinandi
1139 4790 1451 4862 praebuisse.

310 4888 411 4947 His
443 4904 588 4947 vero
633 4880 1027 4943 Collationibus
1069 4900 1197 4938 usus
1230 4891 1313 4935 est
1345 4887 1533 4934 auctor
1571 4876 1822 4932 editionis

244 4989 360 5046 qua:
392 4976 612 5047 prodiit
630 4973 874 5028 Venetiis
910 4973 1065 5035 1715,
1099 4972 1151 5024 in
1179 4970 1329 5033 folio,
1364 4968 1463 5021 sub
1496 4968 1597 5021 hoc
1628 4967 1818 5020 titulo:

240 5066 427 5121 Sancti
476 5064 679 5120 Isidori
737 5062 1017 5116 Pelusiotw
1059 5062 1120 5115 de
1171 5059 1597 5128 interpretatione
1638 5058 1823 5110 divina:

316 5265 397 5334 (a)
434 5261 757 5335 Ceillierius
786 5261 844 5314 in
871 5261 1031 5335 μία.
1054 5268 1375 5335 auctzsacr.
1427 5266 1474 5311 et
1512 5256 1645 5335 ἐσσι.
1689 5264 1819 5335 tom.

238 5328 387 5408 Xlll,
420 5332 682 5408 (Ἡρη-22,
710 5338 817 5408 art.
867 5331 921 5393 2,
962 5329 1168 5408 μωϐὓὲἴ,
1203 5328 1409 5408 librum
1445 5328 1677 5408 primum
1708 5328 1826 5408 epi-

240 5396 600 5478 stolas_D_XC
648 5400 932 5478 continere
963 5396 1484 5478 émrmat..V.idetur
1512 5406 1689 5478 autem
1738 5396 1825 5478 ille

245 5492 384 5530 usus
415 5474 603 5528 fuisse
633 5467 933 5536 exemplari
963 5467 1267 5529 Parisiensi,
1299 5466 1350 5518 in
1382 5481 1487 5533 quo
1521 5466 1823 5535 typotheta-

245 5560 368 5598 rum
401 5540 749 5604 negligentia
783 5545 843 5590 et
890 5535 1085 5590 incuria
1136 5536 1320 5588 ultima
1359 5536 1519 5604 hujus
1549 5535 1669 5589 libri
1710 5535 1825 5604 epi-

242 5560 368 5598 rum
401 5542 749 5611 negligentia
783 5545 860 5615 et.
890 5542 1085 5615 incuria
1136 5542 1320 5588 ultima
1359 5542 1448 5604 huj

246 5615 388 5669 stola
423 5614 539 5685 hoc
564 5623 803 5685 nuniero
847 5607 1090 5685 inusignita
1126 5612 1280 5685 est.”
1314 5675 1324 5685 ⁸
1402 5675 1428 5685 γ’

316 5685 398 5755 (b)
461 5680 672 5751 Abrégé
725 5677 796 5731 de
854 5672 1098 5730 l‘liiitoire
1147 5673 1544 5743 ecclésiastique.
1592 5673 1823 5745 Cologne

1930 4516 2036 4562 tur.
2073 4508 2269 4563 Eadem
2300 4520 2445 4565 certe
2470 4523 2553 4566 est
2586 4514 2702 4567 libri
2738 4532 2770 4568 u
2803 4518 3025 4585 epistola
3053 4521 3075 4572 1
3112 4531 3165 4573 et
3195 4522 3289 4582 39;
3324 4522 3480 4577 librit

1926 4602 2148 4671 cpistola
2173 4603 2240 4658 29
2263 4614 2317 4657 et
2351 4605 2470 4658 libri
2505 4623 2555 4660 tv
2590 4608 2813 4674 epistola
2850 4609 2971 4664 188.
3006 4611 3093 4665 Sic
3124 4614 3282 4666 etiam
3314 4614 3431 4667 libri
3464 4629 3479 4667 ι

1925 4693 2149 4763 epistola
2173 4696 2275 4748 505
2296 4694 2482 4749 iisdem
2512 4697 2678 4750 ferme
2705 4700 2879 4754 verbis
2907 4705 3160 4767 occurrit,
3185 4713 3238 4757 et
3265 4705 3479 4773 quidem

1926 4783 1979 4836 in
2006 4784 2138 4839 duas
2157 4785 2351 4847 divisa,
2380 4804 2434 4839 n.
2461 4789 2557 4842 271
2590 4799 2645 4841 et
2666 4792 2771 4843 272
2798 4793 2958 4859 (quod
2986 4794 3095 4861 jam
3126 4810 3155 4847 a
3186 4793 3479 4850 Tillemon-

1926 4876 2000 4930 tio
2033 4876 2375 4930 observatum
2408 4878 2552 4947 fuit).
2587 4881 2786 4933 Eadem
2827 4892 2909 4935 est
2956 4883 3115 4935 etiam
3160 4885 3278 4939 libri
3310 4902 3361 4941 tv
3387 4903 3474 4957 ep.

1928 4967 2031 5021 180
2084 4976 2137 5020 et
2180 4967 2298 5020 libri
2336 4982 2373 5021 ιι
2405 4969 2628 5037 epistola
2670 4972 2785 5024 185.
2814 5000 2877 5011 -
2924 4972 3018 5026 His
3064 4976 3130 5028 ab
3162 4976 3477 5034 lleumanno

1927 5058 2126 5112 notatis
2171 5059 2573 5115 adnumeranda
2622 5070 2725 5125 est,
2786 5062 2860 5115 uti
2886 5060 2995 5130 jam
3042 5066 3246 5121 viderat
3288 5067 3477 5124 Petrus

1930 5253 2085 5317 1752.
2120 5256 2225 5309 vol.
2260 5253 2322 5316 ll,
2355 5272 2406 5325 p.
2439 5257 2560 5309 .467.

1996 5338 2071 5405 (cf
2096 5328 2258 5395 ilyac.
2288 5326 2341 5379 d.
2375 5326 2531 5379 Grav.
2565 5326 2699 5380 Hist.
2728 5329 2849 5385 εδει.
2884 5348 2998 5385 var.
3032 5333 3148 5385 coll.
3182 5335 3287 5405 dig.
3325 5344 3364 5390 t.
3405 5337 3472 5402 11,

1922 5410 1976 5464 p.
2015 5397 2096 5448 41.

1994 5462 2303 5542 (d)_Ea_d'em
2354 5464 2687 5542 ratione__ab
2750 5470 3076 5542 lleumanno
3115 5472 3149 5524 l.
3202 5488 3247 5526 c.
3295 5489 3346 5542 p.
3383 5478 3469 5540 12,

1927 5543 2055 5610 not.
2077 5532 2258 5610 h_.___bic
2288 5536 2762 5610 error__explicatus
2793 5551 2893 5592 est.
2923 5571 2991 5610 έ
3013 5541 3093 5595 Ci.
3134 5558 3165 5610 p
3217 5532 3309 5596 57:
3336 5575 3399 5586 ~—

1993 5605 2062 5669 (ε)
2096 5601 2383 5680 Tillemont
2422 5601 2574 5680 [iisti
2596 5609 2849 5680 eccl.gv0|.
2882 5609 2995 5675 XV,
3026 5627 3079 5680 p.
3113 5601 3234 5678 ἐριτ,
3270 5624 3383 5670 not.
3415 5618 3467 5674 5.

1924 5671 2078 5728 Hunc
2110 5672 2394 5740 exscripsit
2421 5671 2696 5732 Fabricius
2720 5678 2752 5733 l.
2788 5694 2838 5734 c.
