3890 6134
374 229 457 294 39
510 244 513 246 ’
1468 227 2155 295 COMMENTATIOle
2191 232 2382 295 PARS
2420 234 2502 297 Ιῐ.

372 331 885 428 Posslnu5(a).libri
914 351 931 390 ι
965 335 1191 428 epistola
1212 338 1405 409 Lquaa
1430 338 1567 394 libro
1604 358 1659 396 IV
1689 343 1939 409 recurrit,
1971 350 2016 407 Α
2114 347 2352 407 Primum
2402 360 2583 405 autem
2626 364 2690 405 ex
2716 367 2784 407 eo
2820 353 2964 423 quod
2995 352 3180 412 lsidori
3204 358 3446 428 epistolae
3484 376 3607 419 ma-

372 440 430 486 tn
455 420 766 498 quolocum
805 436 954 482 tenet
1004 427 1125 482 I95.
1157 457 1228 468 —
1270 428 1512 499 Denique
1548 431 1680 485 mihi
1726 433 1944 501 quidem

373 519 495 576 libri
547 535 579 573 ν
632 518 858 588 epistola
907 518 1007 573 221
1070 527 1235 589 alque
1265 520 1389 575 libri
1448 538 1509 577 III
1560 524 1788 594 epistola
1816 525 1941 591 203,

373 611 450 673 de
465 609 660 679 quibus
690 608 947 679 deinceps
980 609 1153 664 fusius
1178 627 1419 682 agemus,
1457 615 1645 669 eadem
1679 616 1790 671 visa
1833 628 1939 672 est.

446 702 631 771 Itaque
663 701 748 755 his
775 700 1032 755 omnibus
1079 704 1425 771 computatis,
1457 703 1646 759 lsidori
1700 707 1943 776 epistola:

373 790 521 847 mille
549 799 839 861 nongenta:
863 788 1157 860 nonaginta
1187 801 1394 860 septem
1415 792 1481 847 ad
1505 803 1741 848 nostram
1774 811 1944 864 usque

373 888 588 936 aetatem
648 880 965 952 pervenisse
1018 879 1302 947 videntur;
1360 898 1593 951 cumque
1642 898 1825 949 nemo,
1884 894 1944 941 ut

373 974 626 1043 equidem
668 972 804 1034 scio.
837 972 935 1026 has
967 985 1159 1027 omnes
1186 973 1254 1027 ab
1287 973 1493 1029 Isidoro
1520 977 1748 1045 scriptas
1775 979 1944 1034 addu-

374 1046 651 1129 bitaverit,
680 1062 862 1119 statim
909 1064 976 1119 de
1006 1063 1285 1119 codicibus
1336 1064 1388 1118 in
1420 1066 1620 1135 quibus
1650 1067 1814 1137 hujus
1841 1069 1942 1124 viri

374 1157 620 1230 epistola:
650 1157 1003 1211 continentur
1032 1171 1156 1224 qua;
1185 1157 1557 1219 innotuerunt.
1587 1159 1786 1214 addere
1813 1175 1944 1230 pos-

373 1266 578 1312 semus,
608 1246 713 1302 nisi
742 1244 1115 1308 IIeumannus,
1138 1261 1296 1315 quem
1316 1246 1796 1321 Hambergerus(b)
1852 1265 1943 1306 sec

372 1341 595 1413 quitur,
653 1340 944 1411 plerasque
1014 1340 1211 1395 lsidori
1288 1342 1499 1398 litteras
1561 1343 1775 1399 tictitias
1823 1360 1945 1400 esse

376 1442 655 1491 censeret.
685 1432 855 1504 Cujus
903 1436 1178 1490 sententia
1205 1440 1367 1506 paulo
1393 1434 1698 1490 accuratius
1736 1437 1945 1491 exami-

370 1526 547 1581 nanda
576 1532 682 1580 est.

440 1614 791 1671 IIeumannus
809 1615 877 1685 (ε)
899 1616 1185 1686 plerasque
1204 1615 1395 1671 lsidori
1408 1616 1680 1686 epistolas,
1694 1627 1754 1671 ut
1776 1616 1945 1686 ipsius

371 1715 495 1763 utar
522 1706 723 1771 verbis,
786 1706 1007 1763 flctitias
1036 1721 1160 1763 esse
1215 1707 1493 1777 Opinatur,
1551 1723 1615 1762 ac
1669 1709 1943 1764 rhetorico
1975 1705 2015 1762 Β

377 1815 530 1854 more
565 1798 918 1868 compositas,
954 1814 1064 1853 non
1097 1808 1157 1854 ut
1189 1798 1225 1853 ii
1275 1814 1503 1868 quorum
1553 1800 1768 1869 praefixa
1813 1809 1942 1855 sunt

372 1888 594 1944 nomina
627 1903 721 1944 eas
755 1889 1064 1959 acciperent
1121 1890 1490 1961 legerentque,
1522 1892 1618 1946 sed
1650 1902 1710 1947 ut
1761 1895 1942 1963 speci-

372 1981 521 2037 mina
549 1992 733 2037 essent
762 1982 1089 2052 eloquentiae
1116 1984 1183 2038 iis
1225 1984 1499 2040 imitandae
1546 2000 1683 2054 quos
1715 1986 1941 2042 haberet

372 2072 611 2130 Isidorus
657 2073 795 2129 artis
827 2075 1044 2129 dicendi
1088 2075 1409 2146 discipulos.
1461 2076 1766 2146 Antequam
1810 2092 1941 2132 vero

370 2163 533 2234 huius
561 2166 843 2220 sententia:
858 2178 1171 2236 argumenta
1189 2166 1361 2221 fusius
1377 2168 1618 2237 exponit,
1642 2169 1824 2224 Suidze
1862 2169 1941 2239 (ά)

368 2266 532 2327 atque
564 2258 828 2327 Ephracmi
856 2258 1175 2313 Antiocheni
1203 2258 1271 2330 (ε)
1331 2259 1397 2313 de
1426 2258 1632 2313 Isidoro
1661 2260 1817 2315 afl'ert
1847 2262 1941 2329 ju-

371 2334 534 2408 dicia,
582 2361 647 2400 ex
683 2347 881 2416 quibus
937 2347 1082 2402 hunc
1129 2357 1187 2402 et
1217 2349 1493 2403 rhetorem
1525 2359 1578 2404 et
1620 2350 1941 2420 eloquentiae

371 2438 533 2494 laude
562 2436 831 2509 insignem
863 2437 1033 2494 fuisse
1066 2449 1313 2509 apparet.
1345 2439 1480 2493 Tum
1509 2456 1574 2494 ex
1617 2441 1748 2511 ipsis
1780 2442 1941 2499 Pelu-

371 2528 527 2588 siotae
562 2530 817 2601 Epistolis
867 2531 1013 2585 hunc
1047 2532 1180 2585 artis
1209 2531 1495 2587 rhetoricae
1543 2535 1673 2587 satis
1716 2550 1940 2604 gnarum

364 2624 539 2680 fuisse
567 2624 820 2689 ostendit,
849 2623 1045 2693 quippe
1074 2624 1129 2678 in
1166 2624 1388 2694 epistola
1405 2625 1471 2678 ad
1498 2625 1673 2679 Nilum
1719 2628 1781 2697 (fl
1818 2643 1940 2682 ora-

372 2717 536 2773 tionis
585 2717 810 2771 virtutes
840 2733 901 2770 ex
933 2716 1271 2788 Ilermogene
1308 2716 1596 2781 describat,
1630 2717 1685 2772 in
1723 2720 1825 2773 alia
1874 2719 1943 2775 ad

370 2804 658 2880 Ophelium
712 2808 1120 2881 grammaticum
1158 2808 1231 2880 (g)
1263 2810 1331 2865 de
1376 2811 1686 2865 charactere
1743 2812 1945 2882 episto-

372 2899 477 2956 lico
521 2900 770 2965 disserat,
800 2899 1107 2970 scribatque
1133 2901 1359 2971 Elaphio
1391 2901 1643 2973 episcopo
1662 2900 1734 2973 (la)
1763 2919 1943 2957 acrem

372 2978 612 3050 amorem
656 2992 1007 3064 studiumque
1050 2995 1377 3065 eloquentia:
1432 2996 1523 3050 illo
1564 3013 1681 3052 aevo
1741 3007 1941 3053 morta-

2044 454 2204 509 gnam
2264 451 2471 510 partem
2520 441 2689 498 forma
2723 456 2911 501 carent
2941 447 3236 517 epistolica,
3271 452 3488 525 collegit
3515 457 3606 523 (ἕ),

2044 529 2331 599 plerasque
2372 546 2437 586 ex
2492 531 2723 597 officina,
2761 544 2821 589 ut
2864 535 2979 606 ipse
3027 539 3121 605 ait,
3171 539 3443 609 profectas
3483 558 3611 600 esse

2044 617 2335 683 rhetorica,
2368 619 2422 673 in
2447 620 2945 693 discipulorumque
2974 626 3199 695 gratiam
3242 628 3470 685 solerter
3490 632 3611 687 elli-

2043 714 2179 759 etas.
2225 706 2294 760 At
2332 709 2583 777 equidem
2624 726 2817 765 vereor
2840 727 2911 765 ne
2946 713 3193 783 discipuli
3223 715 3444 771 meritas
3492 734 3608 776 non

2043 792 2255 867 egerint
2307 797 2624 866 praeceptori
2657 812 2757 852 suo
2789 800 3007 871 gratias,
3041 801 3131 869 qui
3187 801 3443 872 epistolas
3474 805 3611 876 ipsis

2042 884 2322 953 proposuit
2340 884 2643 951 imitandus,
2667 889 2837 945 forma
2863 891 2998 947 adeo
3023 893 3301 962 epistolica
3328 904 3607 964 carentes,

2042 974 2245 1030 omisso
2268 984 2323 1031 et
2350 980 2503 1048 χαῖρε
2544 988 2601 1034 et
2641 980 2868 1052 ερῤωσο.
2899 981 3050 1049 Quod
3076 985 3237 1056 igitur
3264 986 3372 1053 ille,
3401 989 3477 1045 uti
3503 1005 3609 1044 no-

2044 1068 2177 1121 tavit
2210 1069 2463 1126 Schroeck
2473 1073 2593 1130 hius
2612 1074 2702 1145 (j),
2718 1077 3003 1133 sententiae
3023 1094 3137 1135 suze
3154 1078 3335 1135 favere
3350 1082 3609 1152 opinatus

2043 1164 2146 1218 est,
2173 1158 2354 1214 obstat
2394 1162 2563 1218 multo
2593 1165 2784 1235 magis,
2822 1175 2983 1235 atque
3022 1168 3353 1226 contrarium
3388 1171 3613 1228 videtur

2043 1247 2294 1316 probare.

2118 1376 2225 1434 Sed
2254 1396 2377 1436 cum
2409 1382 2565 1450 infra,
2597 1386 2689 1441 ubi
2723 1387 3057 1447 Schroeckhii
3081 1392 3149 1448 de
3177 1393 3366 1450 Isidori
3396 1396 3614 1467 episto-

2044 1469 2109 1525 lis
2152 1476 2473 1531 sententiam
2504 1479 2803 1549 explicabo,
2834 1482 2988 1553 plura
3041 1484 3108 1539 de
3133 1486 3234 1541 hac
3282 1503 3340 1543 re
3375 1489 3610 1546 dicenda

2044 1560 2173 1629 sint,
2212 1581 2330 1618 eam
2373 1567 2590 1622 missam
2644 1570 2921 1638 faciamus,
2955 1585 3348 1648 pergamusthe
3376 1580 3608 1649 reliqua,

2044 1666 2165 1720 qua;
2220 1658 2445 1724 protulit
2506 1657 2859 1719 Henmannus
2914 1676 3224 1735 argumenta
3295 1685 3613 1731 recensere.

2045 1742 2227 1816 Pergit
2274 1756 2456 1804 autem
2505 1751 2589 1806 bis
2611 1754 2826 1810 verbis:
2873 1754 3037 1811 «Huc
3091 1757 3265 1814 refero
3313 1762 3619 1823 nonnullad

2044 1837 2286 1907 ejusdem
2334 1842 2495 1911 plane
2537 1845 2839 1916 argumenti
2881 1848 3173 1917 epistolas;
3218 1850 3363 1920 quod
3422 1850 3619 1922 ipsum

2043 1940 2195 1985 certo
2216 1942 2301 1988 est
2327 1933 2546 2001 indicio,
2597 1938 2867 1993 rhetorem
2904 1947 3148 1995 nostrum
3189 1941 3474 1998 ostendere
3508 1959 3622 1997 κιο-δ

2045 2019 2208 2078 luisse
2264 2040 2414 2080 suam
2442 2028 2657 2083 dicendi
2711 2029 2941 2100 copiam.
2979 2028 3153 2101 Hujus
3205 2033 3420 2103 generis
3478 2036 3620 2090 sunt

2045 2110 2166 2169 libri
2211 2117 2387 2186 quarti
2435 2119 2659 2187 epistola
2690 2120 2947 2185 secunda,
2992 2122 3152 2176 tertia
3192 2130 3249 2176 et
3292 2132 3502 2193 quarta,
3544 2123 3609 2177 in

2044 2207 2239 2277 quibus
2260 2208 2475 2278 quidam
2508 2210 2746 2265 Psalterii
2775 2212 2925 2267 locus
2955 2212 3144 2267 eodem
3173 2213 3392 2284 quidem
3421 2214 3609 2285 modo,

2044 2300 2140 2356 sed
2169 2302 2348 2357 verbis
2371 2310 2630 2358 tractatur
2653 2312 2770 2359 arte
2798 2305 3037 2363 variatis.
3069 2325 3090 2361 ι

2115 2424 2204 2500 At,
2240 2426 2341 2490 etsi
2370 2437 2551 2507 negari
2585 2440 2733 2494 nullo
2763 2441 2923 2496 modo
2950 2451 3125 2512 potest
3153 2442 3206 2497 in
3236 2443 3459 2514 epistola
3493 2454 3610 2500 ter-

2046 2524 2119 2579 tia
2160 2536 2215 2581 et
2242 2537 2430 2597 quarta
2471 2529 2712 2585 Psalterii
2757 2532 2981 2599 dictum,
3013 2534 3080 2588 de
3107 2550 3214 2604 quo
3262 2527 3316 2589 in
3368 2538 3609 2593 secunda

2044 2616 2155 2684 jam
2180 2626 2358 2672 actum
2394 2630 2499 2685 est,
2529 2637 2828 2688 recurrere,
2855 2633 3037 2678 tamen
3078 2627 3238 2680 nobis
3265 2627 3425 2697 paulo
3445 2643 3613 2683 accu-

2046 2707 2215 2763 ratius
2269 2709 2322 2762 in
2353 2726 2465 2766 rem
2506 2712 2919 2783 inquirentibus,
2951 2719 3255 2774 verosimile
3295 2720 3470 2775 visum
3498 2728 3608 2778 est.

2048 2794 2310 2855 Isidorum
2363 2802 2460 2858 has
2499 2811 2610 2859 tres
2636 2805 2889 2875 epistolas
2922 2808 3161 2876 Zosimo,
3195 2809 3352 2879 cujus
3403 2826 3607 2865 nomen

2047 2892 2297 2947 omnibus
2325 2894 2599 2964 prtefixum
2633 2904 2735 2962 est,
2782 2913 2972 2953 revera
3009 2901 3238 2956 misisse.
3274 2901 3334 2955 In
3379 2902 3609 2972 epistola

2047 2984 2192 3039 enim
2221 2987 2457 3041 secunda
2487 2987 2672 3043 irridet
2702 2988 2934 3045 Isidorus
2959 2991 3156 3047 Zosimi
3188 2994 3487 3059 stultitiam,
3511 2994 3609 3063 qui

374 3081 507 3142 lium
551 3085 814 3140 invasisse
867 3086 1097 3140 animos.
1147 3086 1354 3151 Quibus
1385 3088 1707 3143 testimoniis
1748 3089 1943 3144 addere

2051 3075 2172 3131 vino
2219 3079 2577 3149 omnibusque
2610 3081 2976 3152 voluptatibus
3007 3083 3223 3140 deditus
3256 3084 3467 3155 precari
3504 3101 3612 3139 au-

375 3179 642 3249 potuissct
672 3179 792 3234 libri
822 3178 995 3248 quinti
1029 3178 1313 3247 epistolam
1343 3179 1771 3234 ducentesimam
1798 3180 1945 3235 deci-

378 3285 521 3323 mam
555 3269 861 3338 septimam,
894 3284 998 3337 qua
1033 3268 1289 3331 Isidorus,
1324 3284 1447 3322 cum
1483 3269 1549 3322 de
1578 3270 1740 3323 variis
1765 3271 1948 3325 rheto-

377 3374 499 3414 rum
535 3358 820 3430 generibus
842 3364 983 3428 agat,
1012 3372 1071 3411 se
1103 3357 1268 3425 hujus
1296 3357 1426 3411 artis
1456 3355 1696 3427 peritum
1727 3373 1846 3413 esse
1865 3374 1950 3413 sa-

381 3450 452 3505 tis
488 3463 758 3521 superque
791 3450 1001 3519 probat.
1049 3449 1289 3518 Denique
1320 3447 1671 3504 Heumannus
1709 3440 1950 3507 rhetores

382 3554 492 3595 non
515 3538 688 3594 solum
719 3547 888 3591 artem
917 3536 1325 3592 scribendarum
1359 3535 1731 3605 epistolarum.
1761 3554 1949 3593 verum

382 3632 548 3691 etiam
612 3631 867 3702 epistolas
891 3631 1142 3703 effingere
1168 3631 1391 3700 suisque
1428 3630 1707 3700 discipulis
1734 3631 1951 3686 imitan-

384 3723 575 3779 tandas
592 3722 851 3777 exhibere
880 3723 1249 3785 consuevisse,
1275 3721 1520 3794 pluribus
1543 3722 1737 3794 probat
1763 3737 1950 3777 excut-

383 3814 505 3888 plis,
538 3832 658 3886 quae
694 3824 941 3885 repetere
974 3815 1154 3870 tardet.

454 3906 549 3961 Ilis
571 3905 824 3961 omnibus
857 3921 982 3961 vero
1015 3903 1150 3959 nihil
1177 3903 1344 3969 aliud,
1381 3913 1441 3958 ut
1486 3903 1733 3974 equidem
1770 3920 1953 3971 augu-

385 4014 495 4065 ror,
523 3999 692 4055 voluit
728 3999 1125 4064 demonstrare,
1163 3997 1268 4051 nisi
1315 3998 1542 4067 potuisse
1571 3997 1831 4052 Isidorum
1854 4012 1952 4067 pro

384 4093 665 4147 rhetorum
696 4092 857 4157 illius,
891 4107 999 4161 quo
1033 4089 1187 4153 vixit,
1230 4089 1330 4144 aevi
1376 4090 1770 4144 consuetudine
1797 4087 1851 4143 in
1877 4088 1954 4144 di-

386 4181 717 4251 scipulorum
762 4196 920 4235 usum
950 4180 1073 4234 talia
1101 4180 1262 4234 edere
1291 4179 1606 4248 specimina.
1641 4181 1719 4233 Ac
1752 4195 1821 4233 ne
1850 4180 1954 4234 hoc

386 4274 603 4345 quidem
630 4271 955 4328 testimoniis
990 4271 1094 4326 illis
1140 4271 1271 4326 satis
1302 4270 1585 4341 probatum
1620 4278 1722 4325 est.
1768 4268 1953 4322 Restat

387 4365 555 4430 enim,
590 4373 650 4419 ut
675 4363 991 4419 ostendatur
1022 4363 1284 4417 Isidorum
1316 4362 1566 4416 habuisse
1595 4362 1725 4414 artis
1747 4360 1949 4419 dicendi

388 4454 701 4525 discipulos.
760 4451 913 4518 Quod
970 4467 1117 4507 mera
1160 4462 1243 4506 est
1281 4449 1581 4506 Heumanni
1615 4448 1949 4520 hypothesis.

390 4546 499 4603 Sed
522 4562 591 4601 ne
614 4546 669 4601 in
699 4545 1065 4615 suSpicionem
1089 4544 1313 4597 nimium
1342 4541 1635 4597 dubitantis
1658 4542 1951 4604 incurram,

389 4638 505 4693 base
559 4638 724 4692 missa
769 4636 1030 4690 faciamus
1063 4644 1509 4702 transeamusque
1548 4630 1614 4684 ad
1643 4638 1951 4685 accuratam

388 4739 848 4801 argumentorum,
892 4744 1013 4798 qua:
1041 4726 1130 4782 ille
1179 4724 1422 4797 protulit,
1465 4722 1856 4793 expositionem
1899 4725 1954 4776 et

389 4820 847 4892 dijudicationem.

458 4993 537 5070 (ᾳ)
578 4991 946 5070 goss.Collat.
975 4992 1169 5070 Isidor.
1202 4990 1341 5070 p.
1436 5058 1478 5070 η
1542 5058 1555 5070 ,
1659 5054 1704 5070 υ
1779 5058 1791 5070 ¹
1841 5058 1853 5069 ο

462 5054 539 5135 (ὁ)
578 5063 973 5135 Hambergerus
994 5065 1050 5118 in
1080 5054 1221 5135 libro
1240 5058 1617 5135 :ZuAvAerltissiqe
1650 5054 1948 5135 Nachr-ich-

392 5128 479 5191 teri
519 5128 638 5187 'etc.
698 5128 842 5186 tom:
886 5133 974 5195 III,
1019 5149 1070 5203 p.
1132 5132 1251 5185 154.
1311 5128 1949 5203 Οΐ.ᾲθ]υδά.“1ἱμι›ες1-Ιυδμε

391 5206 567 5261 Kurze
593 5202 953 5272 [Nachrichten
986 5196 1083 5256 vim
1119 5204 1229 5272 den,
1255 5196 1613 5272 uornehntsten
1636 5196 1957 5270 Schriftstei-

395 5276 506 5333 Iern
539 5271 627 5328 vo'r
654 5274 770 5327 dem
806 5274 870 5327 16
899 5272 1089 5342 Jahrh.
1122 5289 1175 5342 p.
1210 5271 1332 5327 889.

415 5352 419 5357 '
466 5346 535 5417 (ε)
569 5344 760 5417 ῌθψιι.
796 5343 832 5397 I.
858 5359 906 5398 c.
940 5341 1040 5417 εξ),
1163 5344 1248 5417 I5.

462 5407 539 5487 (d)
571 5414 767 5469 Suidas
800 5407 1039 5487 appellat
1073 5407 1340 5467 Isidorum
1386 5407 1817 5482 ὲλ).ογιμὼτατον
1864 5425 1952 5478 φι-

388 5483 615 5564 λόᾴοςρόχ
650 5502 707 5564 τε
730 5483 824 5537 καὶ
847 5484 1079 5564 ῥήτορα.
1260 5553 1272 5564 _
1500 5550 1529 5564 Δ,

462 5556 533 5631 (e)
569 5553 1083 5631 Ephraemivcrba,
1107 5568 1229 5631 quae
1260 5553 1365 5606 huc
1395 5553 1669 5621 pertinere
1702 5556 1948 5631 possent,

389 5621 538 5685 nulla
566 5621 708 5696 apud
731 5624 984 5681 Pbotium
1022 5621 1241 5690 inveni;
1285 5631 1444 5681 atque
1475 5637 1665 5683 mauua
1697 5621 1828 5676 mihi
1861 5628 1943 5678 est

2044 3168 2200 3225 deat:
2254 3170 2581 3241 Καθήλωσον
2626 3174 2690 3227 ἐκ
2737 3173 2831 3227 τοῦ
2882 3163 3047 3245 φδὸου
3093 3193 3188 3229 σου
3239 3176 3341 3240 τὰς
3397 3178 3610 3249 σάρκας

2048 3275 2168 3328 μου.
2194 3258 2391 3314 Eorum
2424 3261 2591 3325 enim,
2621 3262 2815 3331 inquit,
2837 3264 2950 3318 haec
2969 3274 3051 3319 est
3073 3265 3311 3335 precatio
3334 3264 3425 3335 qui
3443 3275 3604 3320 teter-

2045 3362 2168 3401 nam
2207 3349 2438 3403 salutem
2497 3350 2620 3404 vitae
2667 3351 2955 3408 luxuriosae
3006 3356 3333 3424 praaferunt;
3388 3366 3444 3412 at
3489 3373 3605 3412 non

2046 3440 2299 3495 convenit
2333 3441 2436 3496 illis
2466 3443 2556 3513 qui
2611 3454 2735 3500 cute
2773 3448 2909 3502 bene
2949 3459 3131 3504 curata
3184 3450 3331 3520 ipsos
3381 3450 3611 3507 vincunt

2045 3529 2294 3585 athletas.
2323 3530 2534 3587 Etenim
2572 3536 2794 3605 perinde
2831 3552 2988 3609 agere
3013 3539 3209 3594 videris
3234 3554 3297 3595 ac
3325 3540 3370 3595 si
3398 3541 3453 3595 in
3492 3556 3611 3595 me-
3656 3596 3667 3599 _

2046 3620 2276 3677 retriciis
2305 3624 2515 3679 haerens
2540 3627 2873 3696 amplexibus
2902 3630 3172 3699 pudicitiae
3225 3646 3447 3702 compos
3487 3631 3609 3687 fieri

2047 3723 2221 3783 optes.
2258 3715 2454 3769 Desine
2501 3717 2660 3788 igitur
2708 3721 2873 3774 vitam
2903 3737 3121 3776 suavem
3166 3722 3487 3792 plenamque
3510 3739 3610 3777 vo-

2049 3801 2346 3873 luptatibus
2373 3804 2601 3876 degere;
2624 3809 2920 3879 comprime
2960 3811 3310 3881 cupiditatem
3340 3812 3610 3868 infinitam

2048 3903 2103 3949 et
2158 3897 2501 3952 inhonestam
2565 3900 2777 3956 assidue
2807 3904 3150 3968 convivandi,
3193 3920 3264 3959 ne
3320 3905 3613 3961 ridiculum

2050 3990 2104 4038 te
2134 3987 2393 4054 praebeas,
2425 4002 2547 4042 cum
2576 3989 2677 4043 alia
2719 3994 2974 4062 consequi
3013 4003 3185 4064 optes,
3216 3994 3319 4048 alia
3364 4010 3507 4065 agas.
3542 4024 3617 4036 —

2049 4075 2162 4131 Iloc
2189 4087 2274 4132 est
2306 4080 2490 4150 prima:
2518 4082 2584 4136 ad
2620 4083 2891 4137 Zosimum
2920 4086 3157 4155 epistolae
3208 4096 3609 4155 argumentum.

2048 4198 2118 4209 -—-
2148 4168 2219 4223 Ex
2268 4171 2434 4225 altera
2463 4188 2593 4226 vero
2620 4183 2845 4243 apparet
2875 4177 3149 4231 hominem
3185 4175 3334 4230 illum
3363 4192 3612 4231 voracem

2051 4262 2398 4331 respondisse
2438 4263 2667 4329 Isidoro,
2716 4273 2771 4319 et
2825 4266 3156 4322 defensionis
3207 4268 3345 4333 loco,
3382 4277 3442 4322 ut
3496 4267 3613 4323 fieri

2054 4355 2210 4414 solet,
2257 4371 2321 4410 ex
2358 4371 2424 4410 eo
2455 4356 2785 4425 quaesivisse,
2816 4374 3103 4427 quamnam
3129 4360 3342 4414 tandem
3381 4359 3619 4430 subjice-

2054 4449 2324 4504 retverbis
2350 4449 2485 4504 illis:
2514 4448 2723 4521 Conﬁge
2752 4450 2935 4504 timore
2963 4461 3050 4504 tuo
3070 4468 3251 4504 carnes
3285 4468 3453 4515 meas,
3486 4466 3619 4506 sen-

2055 4542 2321 4596 tentiam?
2348 4542 2612 4596 Rescribit
2634 4543 2779 4596 cutim
2811 4541 3047 4600 Isidorus
3070 4563 3083 4598 :
3112 4542 3379 4609 Quoniam
3410 4558 3504 4612 per
3529 4543 3623 4595 lit-

2055 4642 2196 4687 teras
2223 4649 2287 4687 ex
2315 4649 2400 4688 me
2445 4634 2761 4703 quaesivisti,
2799 4635 2926 4703 quid
2967 4635 3070 4689 sibi
3102 4635 3232 4689 velit
3258 4635 3459 4689 dictum
3485 4631 3619 4687 illud

2057 4722 2368 4785 Psalmistae,
2417 4724 2677 4778 ausculta.
2720 4723 2910 4778 Verbis
2947 4725 3053 4779 illis
3103 4726 3217 4781 haec
3265 4727 3453 4780 subest
3486 4740 3617 4779 sen—

2055 4813 2257 4869 tentia:
2294 4810 2612 4868 Reverentia
2640 4830 2761 4886 erga
2810 4815 2977 4868 Deum
3018 4814 3213 4870 eiIiciat
3240 4825 3321 4880 ut,
3347 4814 3621 4885 cupidita-

2051 4987 2284 5069 Sttspicio
2314 4987 2691 5069 Heumannum
2723 4992 2981 5047 memoria
3013 4992 3222 5063 lapsum
3243 4992 3447 5047 dictum
3476 4993 3621 5048 Eva-

2054 5060 2155 5129 grii
2184 5060 2379 5129 afferre
2407 5060 2663 5114 voluisse.

2130 5129 2190 5199 (f)
2222 5128 2342 5199 Lib.
2376 5146 2442 5196 v,
2475 5146 2561 5198 ep.
2596 5130 2718 5184 145.

2131 5202 2206 5269 (9)
2238 5198 2357 5269 ω).
2382 5217 2437 5263 v,
2468 5215 2555 5268 ep.
2588 5200 2711 5253 155.

2128 5267 2201 5337 (ii)
2235 5267 2349 5322 Lib.
2380 5287 2433 5331 v,
2466 5267 2553 5337 ep.
2576 5270 2702 5323 9.0L

2126 5340 2187 5405 (ἰ)
2222 5337 2530 5410 Heumann.
2576 5340 2611 5393 l.
2645 5354 2693 5393 c.
2724 5338 2861 5410 §IO,
2898 5356 2953 5410 p.
2991 5340 3076 5395 I6.

2248 5407 2672 5508 Sch'rg‘cckhius.
2702 5407 2755 5462 in
2809 5407 3067 5508 'ljlis'toriw
3085 5409 3623 5508 Accolet-volumine

2054 5478 2215 5543 XVII,
2247 5495 2302 5548 p.
2346 5479 2467 5543 525,
2522 5480 2705 5548 paucis
2732 5481 2971 5549 quidem,
3020 5484 3114 5541 sed
3144 5482 3357 5554 egregie
3403 5482 3471 5536 de
3518 5481 3623 5536 hac

2051 5548 2354 5606 Ileumauni
2379 5548 2633 5619 Opinione
2655 5550 2941 5621 judicavit.
