3890 6134
251 262 315 327 11
1332 262 1427 325 DE
1466 263 1804 325 SCRIPTIS
1832 260 2125 323 ISIDORI
2156 258 2420 321 PELUS.
3414 257 3484 319 42

251 372 393 426 tibus
438 370 733 437 restinctis,
786 368 1139 427 imminuatur
1190 372 1428 442 corporis
1483 372 1539 425 in
1566 371 1805 426 animum
1836 381 1882 438 Α
1909 370 2054 425 bam.
2095 369 2183 423 llla
2218 377 2399 423 autem
2438 365 2525 420 his
2558 365 2738 420 verbis
2774 366 3082 421 continetur
3120 383 3134 419 :
3174 366 3237 419 Et
3273 367 3369 420 και
3401 384 3484 421 τι⁸

254 460 554 530 perniciosa
568 461 650 514 vis
666 461 767 531 (a).
794 461 1018 531 Cognita
1037 462 1197 532 igitur
1220 463 1320 515 hac
1336 463 1620 516 verborum
1650 460 1818 515 inter-

254 549 554 618 pretatione
578 551 768 604 desine
792 561 887 605 aut
926 552 1105 605 verbis
1137 553 1240 606 illis
1262 552 1560 605 Psalmistze
1586 551 1685 613 uti,
1702 560 1815 617 aut,

254 639 298 691 si
329 648 476 693 recte
503 640 578 693 uti
602 641 756 705 velis,
781 656 958 694 mores
987 642 1280 696 dissolutos
1321 643 1514 710 abjice,
1543 657 1819 709 novosque

240 736 403 797 capta
428 770 443 792 ,
474 731 773 798 praesertim
801 746 925 784 cum
956 731 1132 785 ventri
1172 748 1281 785 non
1312 741 1405 785 tuo
1441 732 1561 785 cibo
1593 732 1815 793 servias,

249 819 344 872 sed
373 819 601 872 aliorum
649 822 725 874 sis
772 822 976 875 assecla
1037 838 1363 876 mensarum.
1410 850 1479 861 -—
1529 821 1818 890 Utriusque

247 908 492 978 epistolae
528 921 845 980 argumento
887 914 965 966 sic
1001 913 1272 982 exposito,
1314 911 1436 980 quis
1467 922 1552 966 est
1586 913 1675 980 qui
1706 927 1816 965 non

253 1000 449 1064 videat,
479 1000 753 1055 diversum
791 1017 912 1057 esse
942 1004 1130 1056 harum
1160 1003 1461 1056 litterarum
1490 1001 1818 1055 consilium?

245 1090 372 1157 quis
426 1099 512 1143 est
537 1090 631 1157 qui
677 1106 787 1143 non
838 1091 1119 1161 intelligat,
1160 1090 1572 1145 Isidorum'non
1622 1089 1815 1144 eodem

253 1179 413 1233 modo
440 1180 727 1247 verbisque
746 1190 867 1234 arte
904 1189 1113 1234 tantum
1143 1181 1393 1244 variatis,
1425 1181 1503 1233 uti
1540 1179 1817 1233 contendit

257 1267 626 1328 Heumannus,
651 1268 744 1322 sed
765 1269 929 1323 modo
957 1270 1116 1338 plane
1144 1269 1361 1323 diverso
1386 1268 1593 1322 dictum
1617 1284 1647 1321 e
1675 1268 1816 1323 Psal-

254 1357 354 1410 mis
373 1358 665 1425 repetitum
690 1358 780 1410 his
812 1358 866 1410 in
896 1357 1141 1425 epistolis
1170 1358 1465 1411 tractasse?
1484 1357 1540 1410 In
1564 1357 1650 1409 illa
1673 1357 1815 1409 enim

254 1447 528 1500 Zosimum
563 1447 849 1501 ridiculum
898 1462 1019 1501 esse
1046 1447 1305 1511 ostendit,
1340 1446 1397 1499 in
1437 1446 1537 1501 hac
1583 1444 1815 1499 Psalmi-

248 1545 349 1591 staa
377 1539 578 1592 dictum
611 1539 1014 1606 interpretatur.

323 1626 429 1681 Sed
446 1629 615 1681 etiam
643 1628 710 1682 de
738 1638 926 1697 quarta
950 1628 1111 1698 hujus
1140 1628 1262 1683 libri
1298 1629 1522 1699 epistola
1550 1628 1814 1700 agendum

1917 476 2008 523 νες
2032 460 2196 513 δεινοί
2226 461 2332 512 εἰσι
2364 456 2850 529 παραλογιζόμενοι
2883 457 2981 527 μὲν
3022 456 3223 524 λαϐεῖν,
3264 458 3484 521 ἁλόντες

1914 550 1973 603 δὲ
2002 548 2518 621 παρακρούσασθαιο
2569 548 2683 602 ἀλλ’
2712 548 2741 601 ὁ
2786 549 2945 617 σόφος
2976 547 3239 614 κρείττων
3282 547 3485 601 τούτων

1916 639 1992 693 ὢν
2021 640 2261 710 φωράσει
2296 638 2395 708 μὲν
2447 639 2545 709 τὴν
2587 639 2820 709 ἀπάτην,
2850 636 3113 705 διελέγξει
3161 636 3219 690 δὲ
3247 636 3343 706 τὴν
3373 637 3482 690 δει-

1917 730 2136 798 νότητα.

1989 817 2045 871 In
2082 818 2184 871 hac
2213 832 2341 872 vero
2376 818 2443 871 de
2476 817 2664 871 eadem
2694 832 2757 870 re
2794 817 2847 870 in
2888 817 3029 870 hunc
3064 816 3282 871 modum
3316 816 3484 884 loqui-

1918 915 2006 961 tur
2030 907 2267 961 Isidorus
2294 925 2307 960 :
2340 908 2403 959 El.
2433 908 2523 960 καὶ
2551 908 2654 959 εισὶ
2681 924 2823 969 τινες
2849 908 3011 960 δεινοὶ
3044 908 3140 976 μὲν
3170 906 3483 968 ἀπατῶντες

1916 997 2120 1056 λαϐεῖν,
2171 998 2333 1051 δεινοὶ
2364 997 2419 1050 δὲ
2458 998 2796 1066 φωραθέντες
2838 996 3334 1064 παραλογίσασθαιο
3366 995 3482 1049 ἀλλ’

1914 1087 2221 1157 ὁθεοφιλὴς
2250 1088 2513 1157 κρείττων
2557 1086 2758 1139 τούτων
2783 1086 3118 1155 εὑρίσκεται,
3171 1085 3331 1154 σοφὸς
3384 1086 3482 1155 μὲν

1914 1178 1991 1232 ὣν
2023 1179 2249 1231 συνιδεῖν
2278 1180 2376 1248 τὴν
2410 1176 2644 1247 ἀπάτην,
2679 1176 2986 1245 σοφώτερος
3015 1177 3073 1230 δὲ
3093 1176 3357 1245 διελέγξαι
3384 1178 3482 1247 τὴν

1915 1270 1974 1323 ἐν
2001 1270 2112 1331 τοῖς
2144 1267 2326 1335 λόγοις
2352 1267 2739 1339 κρυπτομένην
2766 1267 3061 1334 δεινότητα.

1983 1357 2153 1413 Nemo
2184 1366 2331 1412 certe
2361 1358 2578 1427 negabit
2608 1357 2821 1425 utrique
2853 1358 3093 1426 epistola:
3121 1359 3361 1412 eamdem
3396 1360 3480 1412 in-

1915 1462 2037 1501 esse
2086 1448 2442 1512 sententiam;
2495 1462 2560 1501 ac
2607 1462 2767 1500 nemo
2816 1447 3121 1501 consentiet
3167 1462 3288 1501 cum
3338 1449 3481 1503 Heu-

1908 1551 2134 1595 manno.
2161 1537 2255 1605 qui
2282 1535 2545 1590 lsidorum
2566 1537 2671 1590 has
2698 1536 2953 1605 epistolas
2980 1536 3303 1591 scribentem
3320 1553 3481 1593 sum

1916 1625 2128 1679 dicendi
2166 1626 2382 1694 copiam
2426 1626 2733 1690 ostendere,
2777 1642 3012 1695 eumque
3053 1626 3329 1695 discipulis
3369 1630 3481 1684 suis

248 1726 373 1780 est;
399 1733 517 1784 quze
547 1733 677 1791 sane
719 1734 966 1788 magnam
1007 1718 1172 1773 habet
1199 1734 1321 1773 cum
1361 1720 1597 1773 secunda
1623 1718 1813 1773 simili-
1846 1728 1887 1782 Β
1914 1714 2185 1781 exemplar
2216 1729 2518 1783 proponere
2551 1715 2789 1769 voluisse
2826 1715 3081 1768 audacter
3109 1714 3357 1769 aIIirmat.
3388 1716 3481 1770 In-

254 1807 518 1859 tudinem.
552 1808 719 1860 Docet
757 1809 904 1861 enim
930 1807 1178 1862 Isidorus
1212 1809 1386 1862 virum
1433 1809 1631 1863 virtute
1670 1824 1813 1878 prae-

252 1896 425 1949 ditum
476 1907 834 1966 ornatumque
883 1899 1004 1966 jure
1059 1899 1301 1953 divinum
1328 1915 1529 1953 numen
1560 1900 1627 1954 ad
1654 1914 1812 1969 opem

246 1983 533 2040 Ierendam
574 1988 859 2053 invocare;
891 2003 1014 2042 eum
1044 2004 1175 2043 vero
1219 1990 1331 2057 qui,
1372 1990 1569 2044 virtute
1603 1988 1812 2052 relicta,

241 2089 575 2143 supremum
626 2076 879 2130 invocare
934 2078 1131 2131 audeat
1182 2091 1403 2142 numen,
1436 2080 1521 2133 his
1564 2081 1814 2149 precibus

240 2165 388 2219 nihil
424 2181 547 2220 esse
585 2166 927 2219 eﬂecturum.
961 2167 1092 2232 Quae
1123 2168 1302 2237 igitdr,
1347 2168 1417 2221 ita
1448 2169 1591 2222 enim
1616 2170 1810 2238 pergit,

240 2255 371 2309 haec
401 2265 485 2310 est
514 2257 770 2319 amentia,
788 2259 1089 2324 quod,cum
1118 2259 1280 2312 vitam
1315 2258 1628 2328 ﬁagitiosam
1655 2259 1815 2329 degas

238 2353 311 2399 et
352 2347 661 2411 scelestam,
712 2349 917 2417 precari
989 2350 1187 2402 audes:
1237 2349 1446 2419 Conﬁge
1491 2351 1679 2403 timore
1728 2361 1815 2404 tuo

248 2451 438 2489 carnes
496 2452 661 2489 meas.
686 2436 825 2501 Quae
868 2439 1106 2506 precatio
1157 2447 1209 2492 te
1241 2439 1414 2491 virum
1463 2439 1812 2507 petulantem,

250 2524 615 2587 luxuriosum,
644 2527 853 2580 ebrium
898 2544 1004 2581 non
1050 2530 1226 2583 solum
1258 2545 1367 2582 non
1426 2530 1599 2593 decet,
1630 2545 1815 2583 verum

248 2613 495 2679 ludibrii,
514 2615 621 2668 imo
638 2617 857 2684 periculi
870 2618 1127 2686 pleuaest
1143 2619 1233 2685 (ὁ).
1253 2619 1475 2672 Conaris
1488 2619 1628 2671 enim
1649 2618 1815 2673 Deum

252 2704 438 2772 ipsum
469 2704 670 2759 fallere.
710 2734 781 2747 —
805 2705 891 2761 Uti
932 2707 1093 2777 igitur
1116 2706 1371 2769 Isidorus,
1402 2708 1490 2761 cui
1531 2706 1667 2760 nihil
1699 2722 1815 2760 ma-

244 2793 342 2863 gis
366 2793 515 2847 cordi
556 2803 671 2848 erat
715 2810 877 2863 quam
908 2796 1156 2848 homines
1177 2796 1483 2863 petulantes
1510 2796 1577 2849 ad
1607 2795 1818 2850 sobrios

254 2899 515 2938 revocare
539 2900 737 2947 mores,
756 2886 988 2939 secunda
1014 2886 1071 2938 in
1094 2885 1319 2953 epistola
1334 2885 1548 2939 Zosimo
1562 2885 1813 2938 ostende-

246 2976 677 3044 ratprecesejus
694 2992 813 3030 esse
828 2977 1078 3030 ridiculas
1104 2986 1159 3029 et
1182 2975 1410 3044 ineptas,
1428 2975 1501 3028 ita
1517 2975 1569 3028 in
1593 2975 1816 3044 epistola

1912 1805 2049 1875 signi
2084 1805 2289 1859 scilicet
2321 1815 2437 1859 arte
2475 1806 2529 1857 in
2569 1815 2794 1875 utraque
2830 1806 3055 1874 epistola
3092 1805 3319 1859 variavit
3355 1822 3481 1860 ora-

1910 1893 2113 1947 tionem
2131 1933 2145 1957 ,
2171 1909 2293 1947 cum
2320 1894 2462 1947 viros
2489 1893 2704 1948 fallaces
2731 1894 2785 1947 in
2811 1895 2896 1947 illa
2922 1893 3477 1964 παραλογιζομὲνους,

1913 1983 1966 2036 in
1998 1984 2099 2037 hac
2127 1983 2466 2047 ἀπατῶντας.
2497 1998 2716 2053 eosque,
2746 2000 2977 2053 quorum
3006 1984 3223 2038 fraudes
3252 1987 3480 2039 deiectat

1912 2074 2049 2140 sint,
2088 2075 2143 2127 in
2183 2075 2269 2128 illa
2298 2075 2527 2144 appellet
2568 2076 2813 2141 ἁλόντας,
2850 2074 2911 2127 in
2953 2075 3056 2128 hoc
3095 2075 3475 2146 φωραθέντας;

1911 2178 2037 2217 cum
2069 2164 2295 2229 deinde,
2330 2181 2490 2235 quem
2526 2166 2579 2218 in
2614 2165 2702 2219 illa
2736 2164 2894 2233 σοφὸν
2926 2168 3252 2231 nominavit,
3292 2168 3345 2220 in
3378 2168 3481 2222 hac

1912 2263 1968 2307 et
2001 2252 2249 2324 Θεοφιλὴν
2276 2264 2332 2309 et
2366 2255 2545 2323 σοφὸν,
2578 2236 2737 2323 atrfue
2771 2255 2981 2309 illorum
3014 2256 3294 2310 hominum
3322 2257 3480 2310 trau-

1914 2342 2209 2397 dnlentiam
2244 2344 2641 2413 vituperantem
2672 2353 2951 2413 nuneupet
2984 2344 3319 2415 σοφώτερονς
3355 2362 3477 2401 cum

1908 2432 2151 2501 denique
2181 2434 2236 2486 in
2267 2433 2366 2486 hac
2389 2448 2564 2502 pauca
2595 2433 2818 2485 minoris
2846 2434 3104 2486 momenti
3137 2435 3314 2487 addat.
3345 2434 3479 2499 Quis

1915 2536 2044 2575 vero
2083 2530 2187 2585 est,
2224 2523 2317 2591 qui
2363 2523 2557 2576 talibus
2594 2523 2801 2576 artibus
2843 2538 2992 2576 suam
3033 2524 3226 2591 probet
3264 2523 3477 2579 dicendi

1916 2611 2163 2680 copiam?
2192 2612 2315 2680 quis
2339 2620 2457 2673 est,
2491 2612 2580 2680 qui
2615 2612 2753 2665 hanc
2782 2612 3105 2681 probaturus
3135 2612 3388 2682 incipiat,
3422 2624 3481 2668 ut

1917 2700 2152 2756 Isidorus
2194 2702 2249 2755 in
2293 2711 2518 2772 utraque
2557 2702 2804 2771 epistola,
2836 2719 2964 2757 cum
3008 2704 3267 2772 particula
3312 2706 3481 2776 hypo-

1918 2793 2151 2857 thetica;
2194 2792 2379 2862 jungat
2422 2794 2636 2854 deinde,
2676 2800 2737 2846 ut
2776 2794 2843 2847 ab
2886 2792 3090 2849 Isidoro
3134 2795 3333 2849 factum
3375 2814 3477 2859 εει,

1918 2884 2145 2952 primam
2175 2884 2509 2952 alteramque
2536 2886 2825 2938 verborum
2854 2886 3281 2941 enuntiationem
3312 2891 3479 2957 parti-

1910 2974 2057 3027 culis
2092 2973 2188 3042 μέν
2217 2981 2270 3027 et
2297 2974 2392 3039 δέ;
2423 2984 2475 3029 et
2506 2985 2722 3045 pergat,
2754 2976 2831 3028 uti
2865 2976 3129 3040 Isidorus,
3160 2994 3282 3031 cum
3314 2981 3481 3048 parti-

256 3076 468 3135 quarta,
494 3068 653 3135 cujus
672 3077 1044 3137 argumentum
1076 3067 1236 3120 modo
1253 3065 1620 3134 exposuimus,
1646 3065 1695 3118 ei
1720 3065 1815 3118 de-
1838 3060 1886 3117 ‘C
1918 3063 2037 3117 cula
2060 3062 2229 3115 ἀλλάῖ
2256 3060 2366 3117 Hoc
2388 3073 2537 3117 certe
2567 3079 2673 3117 non
2701 3064 2934 3117 rhetoris
2958 3074 3060 3129 est,
3089 3066 3179 3133 qui
3205 3066 3482 3137 discipulis

259 3166 565 3211 monstrare
591 3166 818 3210 conatur
850 3156 1243 3211 invocationem
1263 3158 1316 3209 in
1341 3158 1459 3225 ejus
1483 3170 1575 3209 ore
1598 3154 1815 3223 impiam

259 3261 386 3300 esse
414 3255 471 3300 et
500 3247 878 3315 periculosam.
914 3245 1112 3311 Quare,
1156 3248 1257 3300 etsi
1288 3246 1606 3299 Heumanno
1630 3258 1821 3297 conce—

248 3335 497 3389 dendum
546 3345 649 3399 est,
683 3351 926 3405 magnam
982 3337 1319 3391 intercedere
1358 3336 1498 3388 inter
1538 3341 1820 3402 utramque

246 3427 549 3494 epistolam
580 3427 1203 3492 similitudinem,tamen
1229 3411 1510 3494 utriusque
1535 3424 1818 3479 consilium

258 3516 538 3569 diversum
575 3531 699 3569 esse
727 3516 869 3570 inter
901 3532 1020 3571 sese
1057 3517 1179 3585 jure
1207 3516 1459 3570 contendi
1488 3530 1645 3584 posse
1671 3514 1820 3568 arbi-

261 3612 501 3668 tramur;
539 3603 721 3670 itaque
763 3603 1039 3657 Zosimum
1068 3606 1170 3657 has
1219 3605 1420 3657 litteras
1448 3617 1631 3656 revera
1665 3616 1820 3656 acce-

252 3692 407 3761 pisse
438 3708 752 3747 censemus.
785 3692 882 3747 Cui
933 3694 1217 3748 sententiae
1262 3694 1323 3747 id
1368 3708 1582 3762 quoque
1609 3692 1821 3746 videtur

250 3783 464 3848 favere,
494 3789 638 3851 quod
668 3784 850 3839 multa:
872 3784 939 3837 ad
968 3785 1214 3838 eumdem
1249 3784 1393 3837 hunc
1416 3782 1687 3836 Zosimqu
1719 3797 1817 3836 ex-

260 3880 411 3925 stant
447 3873 595 3941 apud
640 3872 913 3926 Isidorum
946 3873 1207 3942 epistolae,
1240 3888 1304 3925 ex
1336 3872 1534 3940 quibus
1570 3872 1821 3924 omnibus

257 3970 505 4029 apparet,
546 3977 672 4016 eum
703 3962 867 4016 fuisse
911 3964 1070 4017 talem
1115 3963 1289 4031 qualis
1316 3972 1369 4016 et
1419 3962 1473 4015 in
1508 3962 1592 4015 his
1621 3961 1821 4015 descri-

256 4046 412 4100 bitur
438 4047 630 4102 litteris
649 4050 739 4118 (c).
775 4049 891 4105 IIuc
916 4050 1143 4112 accedit,
1174 4050 1316 4117 quod
1340 4064 1403 4101 ex
1430 4048 1670 4115 ejusdem
1694 4046 1821 4115 epi-

254 4136 401 4191 stola
420 4137 488 4191 ad
513 4139 866 4193 Athanasium
894 4140 1261 4210 presbyterum
1306 4140 1427 4193 data
1454 4138 1528 4209 (d)
1573 4147 1817 4207 apparet,

252 4225 513 4281 vitiosam
544 4229 745 4283 Zosimi
792 4228 955 4282 vitam
998 4230 1117 4283 aliis
1167 4245 1383 4298 quoque
1423 4230 1573 4290 viris,
1624 4228 1821 4297 quibus

258 4314 455 4386 religio
487 4317 790 4371 Christiana
816 4318 966 4372 cordi
1003 4318 1122 4377 fuit.
1156 4319 1324 4372 fuisse
1356 4318 1663 4372 oll'ensioni.

340 4405 519 4475 Neque
552 4407 785 4476 reliqua,
819 4423 938 4476 quae
969 4409 1034 4462 ad
1066 4408 1383 4462 sententiam
1420 4423 1570 4460 suam
1606 4408 1821 4461 ﬁrman—

242 4496 387 4549 dam
425 4497 605 4550 attulit
647 4498 1014 4561 Heumanuus,
1055 4499 1296 4566 exempla
1340 4497 1469 4550 satis
1508 4504 1630 4566 apta
1672 4506 1819 4551 sunt.

248 4583 475 4639 Etenim
509 4586 671 4650 idem,
698 4587 891 4656 inquit,
924 4588 1177 4657 reperies,
1207 4588 1249 4641 si
1280 4589 1573 4642 contuleris
1600 4589 1653 4641 in
1683 4589 1822 4643 libro

243 4673 454 4740 quinto
484 4677 744 4745 epistolas
777 4678 883 4731 289
918 4689 974 4732 et
1008 4678 1131 4741 519,
1167 4692 1321 4746 quas,
1359 4686 1421 4731 ut
1454 4678 1821 4746 unusquisque

249 4761 341 4815 de
368 4762 463 4818 hac
492 4779 549 4818 re
577 4765 723 4820 facili
751 4782 912 4835 opera
935 4767 1177 4835 judicare
1200 4768 1387 4837 possit,
1414 4767 1627 4824 Gmcas
1652 4767 1822 4822 ascri-

344 4898 415 4967 (a)
437 4900 606 4954 Verba
633 4900 814 4954 Graeca
840 4911 998 4955 sunt:
1032 4902 1207 4970 Πῆξον
1230 4899 1397 4963 αὑτὰς
1428 4899 1525 4969 (sc.
1562 4899 1812 4969 σάρκας),

261 4969 561 5039 νέκρῳσον,
591 4971 875 5038 ἀνικήτους
900 4969 1120 5039 ποίησον
1145 4970 1280 5039 πρὸς
1296 4970 1507 5039 ἡδονὴν,
1531 4970 1653 5039 ἀντὶ
1674 4970 1818 5039 ἥλων

256 5036 297 5108 ἦ
333 5036 488 5108 φὸᾇος
517 5040 545 5090 ὁ
574 5039 666 5100 σὸς
730 5036 987 5106 ἁτηγνύτω
1013 5036 1205 5101 ἀὐτὰς
1237 5036 1330 5092 καὶ
1383 5036 1673 5108 νεᾶιρούτω,
1699 5036 1705 5039 ⁷
1727 5038 1820 5088 καὶ

263 5106 557 5171 ἀκινήτους
586 5107 681 5160 καὶ
716 5108 1106 5178 ἁνενεργήτους
1149 5108 1283 5178 πρὸς
1336 5106 1607 5177 ἁμαρτίαν
1644 5122 1821 5176 παρα-

263 5175 601 5236 σκευαζέτω.

260 5188 475 5226 munt
482 5188 535 5225 ετ
540 5195 601 5226 ω.

345 5241 420 5307 (ὑ)
458 5241 628 5298 Verba
675 5244 859 5299 Graeca
898 5244 978 5297 sic
1021 5260 1142 5299 sese
1182 5245 1384 5299 habent
1415 5263 1427 5296 :
1457 5274 1525 5284 —
1552 5244 1624 5297 Οὐ
1663 5244 1819 5310 μόνον

254 5309 522 5382 ᾀιπρεπῂς
558 5312 696 5382 αὕτη
734 5314 767 5381 ὴ
800 5312 953 5381 εὐχὴ,
994 5314 1130 5366 ἀλλὰ
1160 5315 1252 5366 καὶ
1282 5313 1578 5382 εἰρωνείας,
1623 5309 1819 5382 μᾶλλον

252 5379 329 5430 δὲ
370 5378 601 5452 ξινδῦνου
651 5378 825 5452 gem
850 5378 1079 5448 "quod,
1109 5384 1209 5435 etsi
1246 5378 1585 5452 genitiviﬂilli
1624 5378 1819 5451 'aliquo

256 5446 442 5516 modo
470 5446 716 5516 explicari
743 5446 991 5516 possunt,
1018 5465 1049 5504 e
1080 5446 1273 5505 codice
1294 5451 1411 5503 Vat.
1455 5451 1577 5515 650,
1614 5446 1817 5505 adden-

256 5515 412 5589 dugn
431 5524 507 5568 est
526 5515 641 5589 sine
668 5515 876 5589 dubios
905 5519 1120 5589 --ὅταν
1144 5519 1252 5588 γὰρ
1278 5519 1369 5571 τὸν
1404 5519 1673 5589 ἀκήρατον
1696 5520 1819 5573 νοῦν

256 5581 452 5635 ταῦτα
487 5588 626 5656 αἰτῇ,
662 5585 699 5638 ἃ.
722 5586 904 5637 ποιεῖν
939 5585 998 5635 οὑ
1039 5581 1198 5652 θέλει,
1223 5581 1297 5629 '—
1324 5589 1417 5640 καὶ
1448 5581 1607 5641 αὑτὸν
1641 5605 1816 5659 παρα-

627 5678 909 5736 ΡΑτιιοι..
955 5679 1066 5737 (in.
1112 5679 1442 5741 LXXVIII.

1919 3156 2175 3224 epistolas
2203 3170 2505 3225 proponere
2530 3157 2643 3211 vult
2673 3156 2975 3210 imitandus.
3002 3187 3069 3197 -—
3095 3156 3198 3210 Sed
3226 3159 3479 3227 quoniam

1922 3246 2059 3300 infra
2092 3247 2157 3301 ad
2191 3247 2290 3300 has
2320 3247 2451 3300 mihi
2485 3248 2871 3301 recurrendum
2900 3256 2983 3301 est
3015 3248 3299 3317 epistolas,
3336 3265 3483 3305 nunc

1918 3334 2110 3387 missas
2139 3335 2315 3389 facere
2342 3344 2396 3389 et
2424 3336 2491 3389 ad
2524 3337 2767 3389 ultimum
2785 3377 2798 3400 ,
2826 3336 2968 3405 quod
2999 3338 3177 3392 attulit
3204 3336 3483 3392 Heuman-

1919 3438 2043 3486 nus,
2076 3426 2379 3494 exemplum
2412 3427 2649 3479 transire‘
2667 3426 2842 3480 liceat.
2906 3486 2909 3489 η

1990 3514 2167 3584 Pergit
2198 3525 2380 3569 autem
2418 3516 2501 3568 his
2531 3516 2710 3569 verbis
2746 3535 2759 3569 :
2800 3536 2817 3566 ‹
2858 3515 3011 3572 Haud
3042 3533 3170 3573 vero
3204 3518 3359 3574 facile
3394 3521 3481 3575 in-

1919 3602 2136 3657 veneris
2164 3604 2443 3671 epistolam
2474 3604 2790 3656 exercitium
2826 3604 3023 3658 scholaa
3052 3606 3334 3660 rhetoricae
3364 3624 3481 3660 ma-

1920 3693 2000 3763 gis
2024 3693 2343 3762 sapieutem,
2370 3708 2529 3762 quam
2561 3694 2702 3746 illam
2736 3694 2853 3746 libri
2885 3696 3129 3757 secundi,
3157 3712 3276 3765 qua:
3302 3697 3482 3751 locum

1917 3791 2071 3836 tenet
2097 3782 2448 3835 centesimum
2474 3781 2980 3851 quinquagesimum
3009 3783 3247 3836 tertium.
3276 3785 3355 3837 En
3385 3785 3482 3837 ali-

1919 3874 2059 3943 quod
2090 3875 2208 3942 ejus
2236 3874 2507 3943 specimen
2538 3890 2603 3928 ex
2633 3890 2728 3928 ore
2759 3876 3071 3944 interpretis
3104 3893 3117 3929 :
3150 3876 3247 3928 Vos
3266 3893 3480 3945 (equum

1922 3962 2079 4030 fuerit
2110 3962 2365 4013 rationem
2396 3962 2546 4024 inire,
2578 3978 2680 4030 qua
2713 3964 2846 4015 hanc
2876 3964 3265 4016 insectationem
3300 3964 3481 4017 oblite-

1921 4051 2077 4112 retis;
2106 4051 2443 4104 obliterabilis
2471 4060 2665 4116 autem,
2686 4053 2731 4104 si
2761 4054 2828 4106 ad
2857 4054 3120 4107 meliorem
3149 4064 3368 4107 mentem
3397 4072 3481 4107 re-

1912 4142 2151 4205 dieritis;
2193 4143 2422 4195 redibitis
2462 4152 2657 4207 autem,
2698 4145 2743 4196 si
2780 4142 3078 4212 Scriptura:
3108 4161 3295 4197 sacras
3334 4161 3482 4197 veras

1922 4250 2028 4287 esse
2059 4235 2418 4297 credideritis;
2447 4234 2667 4287 credetis
2701 4245 2897 4297 autem,
2931 4235 2977 4287 si
3009 4236 3327 4287 continenter
3356 4236 3482 4302 ipsis

1922 4323 2204 4390 fruamiai;
2241 4324 2488 4391 [memini
2528 4333 2723 4386 autem,
2760 4326 2805 4377 si
2846 4342 3027 4378 earum
3066 4335 3287 4379 mentem
3326 4326 3483 4379 intel-

1923 4411 2182 4476 lexeritis;
2224 4412 2519 4482 intelligetis
2553 4423 2763 4477 autem,
2805 4415 2851 4466 si
2893 4416 3160 4467 assiduam
3202 4431 3319 4467 cum
3362 4416 3483 4469 uiris

1921 4501 2099 4553 divina
2136 4503 2393 4569 sipientia
2433 4503 2666 4570 pmditis
2707 4504 3123 4555 consuetudinem
3164 4504 3483 4565 habueritis;

1921 4589 2169 4642 habebitis
2200 4600 2395 4653 autem,
2431 4592 2476 4644 si
2506 4592 2688 4644 vitium
2730 4592 2999 4660 Ingentis;
3046 4594 3252 4661 fugietis
3285 4600 3481 4655 autem,

1919 4677 1964 4728 si
1990 4692 2168 4745 penus
2186 4680 2289 4747 ipsi
2314 4680 2661 4746 impendentes
2687 4681 2993 4745 timueritis;
3020 4681 3259 4733 timebitis
3285 4690 3482 4741 autem,

1919 4766 1965 4820 si
1998 4767 2164 4821 Deum
2199 4786 2305 4823 esse
2332 4771 2688 4834 credideritis;
2718 4772 2936 4824 credetis
2971 4780 3167 4832 autem,
3196 4771 3241 4822 si
3276 4786 3303 4821 e
3338 4778 3483 4821 tanta

1924 4901 2214 4972 κρούεσθαι
2242 4901 2383 4954 θέλει
2407 4902 2497 4955 τὸν
2528 4904 2743 4972 κρίτην.

1999 4972 2066 5039 (c)
2121 4971 2445 5024 Manendum
2479 4980 2560 5026 est
2595 4987 2688 5025 eas
2716 4986 2927 5033 omnes,
2960 4987 3080 5039 qua:
3100 4979 3195 5023 aut
3222 4971 3288 5024 ad
3337 4972 3479 5026 Zosi-

1926 5054 2091 5110 mum,
2124 5041 2299 5110 autad
2325 5040 2599 5110 Zosimum
2637 5042 3010 5110 presbyterum
3038 5041 3175 5110 data:
3198 5048 3342 5103 sunt,
3367 5042 3483 5110 epi-

1927 5108 2093 5161 stolas
2125 5109 2297 5162 eidem
2329 5110 2444 5161 viro
2469 5109 2697 5175 scriptas
2720 5108 2941 5163 esse.—
2966 5109 3049 5163 Cl.
3078 5109 3173 5162 lib.
3210 5127 3245 5164 ι.
3275 5126 3359 5177 ep.
3394 5108 3481 5174 6|,

1930 5177 2052 5238 128,
2097 5178 2217 5240 154,
2251 5178 2373 5240 155,
2405 5177 2524 5237 MO,
2570 5178 2689 5242 181,
2721 5178 2846 5239 225,
2879 5178 3001 5244 515,
3044 5180 3168 5242 517,
3200 5180 3325 5240 582,
3358 5179 3482 5242 156,

1926 5244 2065 5309 465ς
2102 5246 2195 5299 lib.
2231 5262 2291 5307 ιι,
2326 5262 2413 5312 ep.
2450 5247 2536 5305 58,
2574 5247 2661 5301 41.
2698 5247 2820 5311 1'24,
2853 5248 2975 5314 155,
3026 5249 3141 5311 157,
3189 5248 3311 5311 158,
3360 5249 3480 5309 171,

1927 5314 2051 5386 17a,
2085 5315 2712 5386 252,255,295;_lib.
2747 5332 2829 5383 ιιι,
2854 5332 2941 5386 ep.
2977 5317 3062 5380 56,
3105 5320 3190 5379 σι,
3225 5319 3312 5379 97,
3355 5315 3482 5380 275,

1924 5382 2205 5506 2951533,
2237 5385 2362 5447 566,
2393 5384 2530 5447 406ς
2576 5384 2668 5438 lib.
2719 5402 2789 5452 tv,
2822 5382 2911 5456 ep.
2968 5388 3105 5451 18$;
3162 5386 3255 5440 lib.
3312 5400 3367 5447 v,
3394 5399 3481 5454 οι).

1962 5492 1976 5506 .
2003 5468 2035 5506 e
2060 5467 2109 5505 c.

1962 5492 1976 5515 ,
2003 5460 2109 5506 etc.

1994 5521 2070 5591 (ά)
2102 5520 2218 5574 Lib.
2249 5535 2308 5586 tl,
2340 5535 2426 5590 ep.
2458 5521 2578 5577 162.
