3890 6134
420 243 499 310 ’43
1528 240 1987 301 COMMENTAT

2094 240 2199 299 IIS
2233 243 2421 303 PARS
2459 244 2541 302 II.
3588 240 3652 303 44

424 350 599 430 furare
639 358 967 411 emet-seritis.
1011 355 1115 411 Sed
1160 357 1284 423 ohe,
1328 358 1405 411 sic
1447 359 1594 411 enim
1638 358 1811 428 pergit
1851 358 1995 410 Heu-
2023 362 2066 417 Α
2098 367 2185 424 pta
2234 358 2465 428 quippe,
2512 360 2586 413 uti
2638 359 2752 429 ipse
2801 361 2907 426 ait,
2957 364 3023 416 ad
3072 362 3379 417 Graecorum
3426 360 3652 425 liberos,

424 464 679 509 mannus,
699 449 810 512 jam
842 448 973 501 satis
1004 457 1106 501 est.
1136 449 1202 501 Et
1232 448 1350 517 plus
1376 448 1545 502 altero
1578 456 1728 501 tanto
1756 448 1999 517 sequitur

390 528 738 610 gradatione
780 540 915 608 pari.
954 538 1108 604 Quis,
1150 555 1353 608 quaeso,
1396 541 1538 594 serio
1580 540 1652 593 ita
1693 543 1891 595 scribat
1930 541 1999 595 ad

424 626 789 695 quemquam?
833 646 851 675 ›
893 656 961 666 --
1000 627 1214 680 Nostris
1256 629 1590 696 temporibus
1628 638 1774 683 certe
1812 628 2009 696 nemo,

424 719 515 786 qui
539 718 703 771 salem
733 718 910 771 habet.
935 716 1047 771 Nec
1071 718 1238 787 magis
1264 719 1460 773 nostris
1489 721 1825 789 temporibus
1850 722 1999 789 quis-

424 822 608 874 quam,
644 807 730 860 eui
766 808 1049 860 subactum
1083 816 1166 860 est
1196 808 1478 875 judicium,
1513 809 1723 863 Veteris
1756 808 1997 878 Novique

425 894 760 948 Testamenti
801 895 943 947 dicta
983 895 1062 947 sic
1100 894 1565 962 interpretabitur,
1607 897 1683 949 uti
1725 898 1891 950 multa
1929 897 1996 950 ab

423 983 630 1039 Isidoro
666 987 928 1054 explicata
968 994 1113 1039 sunt.
1149 986 1287 1039 Num
1328 988 1453 1041 inde
1492 990 1865 1055 consequitur,
1901 988 1998 1041 Isi-

421 1077 612 1130 dorum
643 1077 1012 1145 epistolarum,
1037 1077 1233 1145 quibus
1261 1079 1457 1146 ineptae
1483 1087 1577 1131 aut
1602 1079 1841 1133 ridicula:
1865 1095 1998 1133 con-

425 1168 669 1223 tinentur
707 1168 1092 1237 prophetarum
1133 1168 1217 1221 vel
1258 1169 1627 1236 apostolorum
1670 1169 1996 1239 interpreta-

425 1258 620 1323 tiones,
668 1269 944 1313 auctorem
992 1274 1101 1312 non
1151 1261 1306 1312 esse?
1348 1259 1478 1324 Quze
1522 1262 1917 1330 argumentatio
1965 1277 1996 1316 a

421 1350 639 1403 nemine
682 1350 897 1417 probari
944 1357 1151 1417 potest;
1197 1364 1357 1417 quam
1402 1351 1448 1403 si
1496 1352 1789 1419 rejicimus,
1836 1354 1997 1407 simul

420 1442 576 1494 cadet
603 1439 908 1493 Heumauni
934 1439 1297 1493 ratiocinatio.
1322 1439 1590 1494 Caeterum
1620 1443 1749 1495 mihi
1778 1445 1995 1513 quidem

421 1538 721 1598 praeceptor
742 1529 899 1580 talem
924 1527 1206 1596 epistolam
1230 1528 1509 1597 discipulis
1535 1529 1846 1584 imitandam
1873 1548 1996 1601 pro-

2100 449 2429 518 eosdemque
2476 460 2692 521 pueros,
2742 453 2831 522 qui
2881 453 3063 524 fugere
3108 454 3265 508 ludos
3308 453 3565 522 jubentur
3605 459 3657 505 et

2099 540 2425 605 spectacula.
2468 541 2599 595 Nam
2643 542 2685 596 si
2734 544 2873 597 hanc
2916 560 3038 599 cum
3084 560 3168 609 ea,
3211 560 3325 614 quae
3370 541 3653 605 antecedit,

2099 629 2322 695 cpistola
2362 631 2676 693 contuleris,
2713 649 2819 701 quo
2860 635 3021 688 modo
3062 634 3301 688 Isidorus
3342 632 3407 686 ad
3451 632 3657 686 adoles-

2098 728 2286 772 centes
2316 720 2555 774 seribere
2583 722 2841 790 potuerit,
2869 723 3361 793 intelliges.Verbis
3389 722 3536 776 enim
3564 722 3659 774 hu-

2092 810 2183 879 jus
2211 811 2472 879 epistolie,
2495 827 2614 879 quae
2638 812 2760 865 data
2787 823 2867 867 est
2893 814 2959 868 ad
2989 813 3315 882 Ilarpoeram
3342 811 3656 881 sephistam,

2099 899 2300 953 ultimis
2326 900 2561 953 Isidorus
2584 902 2839 965 declarat,
2864 918 2923 956 se
2947 903 3013 955 ab
3035 918 3099 955 eo
3125 910 3472 971 provocatum
3498 901 3657 954 etiam

2096 991 2164 1043 ad
2200 990 2572 1045 adolescentes
2604 1002 2824 1062 propter
2852 994 3044 1046 malam
3079 991 3451 1045 educationem
3483 990 3659 1058 pravis

2098 1081 2341 1135 moribus
2366 1092 2611 1135 assuetos
2636 1084 2916 1153 scripsisse
2945 1083 3036 1153 (c).
3059 1082 3210 1147 Quod
3237 1082 3281 1135 si
3309 1082 3407 1134 has
3434 1081 3498 1133 ad
3523 1079 3659 1132 Har-

2096 1185 2315 1238 pocram
2350 1171 2555 1226 litteras
2590 1188 2697 1226 non
2734 1173 2947 1227 ﬁctitias
2982 1187 3103 1226 esse
3136 1184 3354 1234 censes,
3392 1183 3566 1236 neque
3600 1166 3662 1219 il-

2096 1260 2223 1325 lam,
2263 1278 2381 1331 qure
2423 1263 2728 1317 Graecorum
2770 1263 2953 1317 liberis
2997 1263 3195 1332 scripta
3238 1270 3341 1323 est,
3380 1258 3660 1329 epistolam

2096 1350 2366 1404 rhetorico
2396 1367 2545 1405 more
2576 1351 2927 1419 compositam
2959 1364 3078 1403 esse
3107 1348 3276 1403 dices.

2136 1462 2365 1528 'Quinto
2397 1463 2515 1517 loco
2550 1463 2709 1516 affert
2741 1462 3092 1515 Heumannus
3148 1452 3271 1513 libri
3305 1474 3341 1512 ιι
3382 1456 3660 1527 epistolam

2099 1550 2234 1616 251,
2268 1552 2422 1606 Petro
2455 1552 2767 1620 inscriptam
2795 1551 3045 1620 apostolo.
3078 1549 3340 1618 Inscripta
3370 1556 3553 1601 autem
3583 1554 3663 1599 est

422 1633 632 1687 ponens
654 1617 837 1671 derisu
860 1618 1075 1671 videtur
1097 1633 1215 1672 esse
1239 1618 1472 1690 dignior,
1496 1636 1656 1689 quam
1686 1624 1775 1691 qui
1804 1624 1990 1693 hujus-

426 1707 629 1730 ,ιιι-.--ΔΞ
664 1708 866 1730 III-ﬂ---
897 1707 1059 1730 -.ηὲιιει
1094 1708 1249 1730 ..12---2

2094 1637 2273 1703 Petro,
2304 1641 2375 1694 ad
2413 1654 2573 1709 quem
2612 1617 2729 1693 alia:
2768 1617 2980 1709 quoque
3019 1617 3323 1707 complures
3360 1636 3499 1690 datm
3538 1643 3663 1690 sunt

420 1707 632 1762 cemodi
664 1708 869 1761 litteras
897 1707 1065 1761 mittit
1093 1708 1273 1762 alicui.

491 1822 735 1876 Alterum
782 1838 908 1877 vero
957 1833 1366 1893 argumentum,
1414 1840 1521 1895 quo
1569 1825 1780 1882 ellicere
1826 1829 1994 1884 voluit

426 1912 806 1978 Heumannus,
863 1922 921 1967 ut
974 1913 1089 1983 ipse
1143 1914 1218 1968 ait
1274 1916 1410 1986 (a),
1464 1917 1751 1987 plerasque
1804 1918 1993 1973 lsidori

406 2004 676 2072 epistolas
698 2020 817 2058 esse
841 2004 1076 2069 fictitias,
1100 2006 1224 2059 inde
1248 2007 1534 2075 repetitum
1560 2018 1662 2073 est,
1687 2011 1828 2079 quod
1852 2026 1991 2065 non-

419 2097 582 2149 nulla:
617 2096 831 2165 scripta:
866 2098 973 2150 sint
1006 2098 1072 2150 ad
1111 2113 1204 2151 eos
1238 2099 1327 2166 qui
1364 2100 1545 2153 vivere
1578 2101 1779 2154 dudum
1816 2102 1993 2157 desie-

423 2194 545 2239 rant
577 2204 591 2240 :
622 2187 788 2240 veluti
824 2188 946 2241 libri
980 2202 994 2240 ι
1026 2188 1251 2255 epistola
1284 2188 1406 2253 457,
1438 2190 1505 2243 ad
1536 2189 1863 2255 Oribasium,
1894 2192 1991 2246 Ju-

410 2278 548 2330 liani
586 2279 926 2347 imperatoris
958 2281 1257 2345 medicum;
1292 2281 1535 2349 adeoque
1568 2282 1791 2348 dudum,
1828 2293 1887 2337 ut
1917 2285 1994 2337 ait

421 2370 540 2431 ille,
574 2370 699 2428 illuc
733 2379 981 2422 avectum
1015 2371 1159 2424 unde
1187 2386 1348 2424 nemo
1380 2372 1536 2424 redit.
1568 2371 1721 2436 Quod
1748 2382 1991 2427 veterum

422 2460 747 2528 scriptorum
784 2459 1106 2513 testimoniis
1141 2461 1480 2529 probandum
1518 2469 1621 2514 est.
1660 2462 1792 2515 Nam
1827 2462 1993 2517 Julia-

421 2566 525 2603 nus
560 2550 699 2603 diem
736 2564 1048 2618 supremum
1089 2551 1224 2604 obiit
1260 2566 1404 2604 anno
1440 2552 1571 2615 561,
1607 2564 1719 2621 quo’
1751 2560 1993 2623 tempore

420 2640 699 2695 Oribasius
725 2640 949 2693 forsitan
981 2640 1196 2710 triginta
1221 2641 1305 2695 vel
1331 2642 1683 2711 quadraginta
1705 2659 1876 2698 annos
1897 2661 1992 2698 na-

421 2740 539 2795 tus,
573 2731 735 2799 hujus
763 2731 943 2784 saeculi
979 2730 1139 2783 finem
1171 2732 1404 2800 novique
1436 2734 1646 2787 initium
1676 2735 1861 2789 videre
1892 2752 1993 2806 po-

421 2822 543 2882 tuit.
576 2838 753 2891 neque
782 2821 1045 2876 lsidorum
1076 2823 1368 2891 quidquam
1400 2824 1747 2893 impediebat,
1778 2827 1990 2895 quomi-

420 2929 524 2967 nus
550 2913 757 2966 medieo
789 2912 864 2966 illi
898 2913 1249 2968 celeberrimo
1280 2913 1519 2969 mitteret
1547 2917 1848 2985 epistolam.
1884 2917 1989 2972 Sed

2096 1729 2357 1797 epistolae.
2384 1728 2652 1794 Quaeritur
2671 1744 2766 1783 cur
2788 1729 2877 1783 ille
2899 1728 3164 1783 addiderit
3188 1728 3407 1796 apostoli
3440 1741 3659 1779 nomen.

2096 1819 2407 1889 Respondet
2447 1821 2561 1889 ipse
2598 1820 2791 1873 :lIunc
2811 1820 3130 1891 significare,
3172 1834 3281 1872 non
3319 1817 3482 1870 alium
3521 1816 3665 1869 illius

2094 1910 2267 1963 atatis
2286 1909 2523 1975 Petrum,
2548 1910 2740 1979 partim
2770 1925 2831 1963 ex
2860 1909 3183 1963 allocutione
3213 1921 3540 1977 cognoscere
3571 1910 3666 1958 no-

2094 1999 2179 2053 bis
2212 2000 2457 2053 videmur
2494 2000 2750 2069 (Quonam
2795 2009 2843 2052 te
2884 2001 3091 2052 nomine
3130 1998 3416 2067 appellem,
3460 1997 3663 2064 inquit,

2064 2080 2067 2083 ’
2094 2091 2231 2159 quod
2262 2091 2363 2143 t'uis
2394 2107 2492 2159 par
2517 2092 2585 2143 sit
2618 2090 2880 2159 meritis),
2912 2090 3105 2158 partim
3135 2106 3201 2142 ex
3230 2087 3471 2157 epistolae
3500 2101 3664 2154 argu-
3761 2100 3766 2105 '

2094 2190 2297 2233 mento.
2330 2180 2459 2233 Illud
2492 2180 2623 2233 nihil
2655 2189 2737 2233 est
2769 2179 2871 2233 nisi
2904 2179 3096 2233 blanda
3126 2194 3256 2244 vox,
3287 2193 3391 2246 qua
3423 2177 3663 2230 Isidorus

2095 2273 2256 2324 etiam
2295 2272 2349 2324 in
2389 2271 2506 2325 aliis
2543 2271 2784 2340 epistolis
2822 2271 2888 2324 ad
2928 2271 3062 2324 alios
3097 2270 3236 2323 datis
3271 2282 3662 2335 nonnunquam

2094 2378 2225 2417 usus
2257 2371 2339 2416 est
2372 2364 2479 2431 (d)|;
2512 2362 2617 2415 hoc
2648 2362 2782 2415 adeo
2813 2361 3006 2431 probat
3038 2359 3391 2414 contrarium.
3426 2357 3665 2411 Isidorus

2093 2453 2236 2505 enim
2271 2453 2497 2521 exponit
2526 2453 2691 2506 haece
2722 2453 2773 2504 in
2806 2453 3032 2522 epistola
3064 2466 3253 2505 causas
3283 2466 3380 2503 cur
3407 2450 3665 2502 mortales

2092 2543 2290 2597 Christi
2329 2552 2383 2597 et
2418 2543 2781 2612 apostolorum
2822 2543 3120 2597 doctrinam
3156 2542 3407 2595 lubenter
3441 2554 3665 2608 recepe-

2093 2634 2221 2698 rint,
2248 2634 2543 2702 statuitque
2573 2634 2671 2686 has
2700 2633 2865 2687 fuisse
2891 2633 2981 2685 τὸν
3008 2632 3163 2701 λόγον
3190 2631 3482 2701 ἀξιόχρεων
3511 2631 3662 2689 ὄντα.

2091 2725 2181 2777 τόν
2208 2740 2268 2775 τε
2301 2723 2496 2794 τρόπον
2524 2722 2630 2775 τῶν
2660 2724 3052 2793 κηρυττόντων.
3086 2724 3247 2777 Petro
3280 2720 3520 2791 apostolo
3558 2722 3665 2775 sci-

2092 2815 2219 2869 licet
2250 2816 2366 2870 hazc
2400 2814 2579 2869 omnia
2613 2816 2881 2884 explicare
2914 2814 3101 2868 debuit
3129 2814 3303 2882 quinti
3334 2814 3515 2867 saeculi
3553 2827 3667 2867 mo-

2091 2908 2328 2962 nachus!
2365 2907 2539 2972 Quid?
2562 2907 2702 2975 quod
2742 2908 2807 2959 de
2845 2904 3100 2974 apostolis
3139 2914 3391 2972 tanquam
3430 2903 3497 2956 de
3534 2903 3665 2956 viris

419 3000 595 3069 placet
634 3001 934 3055 concedere
977 2999 1286 3081 Oribasium
1324 3002 1525 3057 Juliani
1572 3007 1838 3060 medicum
1877 3008 1986 3076 jam

2094 2997 2403 3066 jamdudum
2442 2996 2698 3059 mortuis,
2731 3010 2854 3049 cum
2894 2994 3013 3047 illos
3046 2994 3276 3062 appellat
3310 2992 3664 3062 οὖρανοπολί-

418 3100 692 3146 mortuum
739 3090 924 3145 fuisse.
971 3091 1125 3147 Unde
1173 3094 1388 3148 tandem
1434 3094 1783 3151 Heumannus
1827 3098 1991 3153 habet

419 3191 754 3249 compertum
786 3182 881 3234 has
905 3180 1097 3233 lsidori
1126 3181 1191 3233 ad
1217 3181 1522 3235 Oribasium
1547 3184 1815 3238 medicum
1842 3185 1990 3239 litte-

419 3284 510 3323 ras
533 3270 684 3323 datas
706 3284 825 3323 esse
847 3269 913 3321 ad
936 3267 1242 3321 Oribasium
1264 3268 1462 3321 Juliani
1487 3270 1776 3323 medicum.
1802 3270 1992 3326 Nonne

419 3360 557 3413 alius
602 3360 792 3414 eodem
841 3358 1063 3412 nomine
1112 3358 1372 3427 praeditus
1419 3358 1701 3413 Pelusiotae
1749 3368 1992 3429 tempore

418 3451 605 3505 vivere
634 3449 848 3519 potuit?
876 3448 1031 3513 Quod
1060 3447 1106 3503 si
1133 3448 1442 3512 statuimus,
1472 3448 1775 3503 Heumanni
1806 3450 1992 3505 conci-
2033 3459 2039 3464 ’

419 3544 502 3597 dit
539 3541 825 3597 sententia.
863 3540 1015 3595 Licet
1050 3550 1229 3595 autem
1271 3551 1531 3605 statuere,
1571 3557 1693 3596 cum
1736 3541 1836 3611 ipsi
1878 3542 1993 3610 epi-

420 3631 571 3687 stolaa
599 3630 804 3683 nullum
837 3629 966 3683 insit
992 3629 1310 3700 vestigium,
1341 3645 1372 3684 e
1398 3646 1507 3700 quo
1536 3631 1787 3700 colligere
1815 3630 1992 3700 possi-

421 3739 543 3779 mus
572 3724 714 3776 hanc
740 3721 803 3775 ad
832 3718 1031 3775 Iuliani
1063 3720 1328 3774 medicum
1358 3721 1537 3775 datam
1566 3737 1704 3777 esse.

492 3812 647 3878 Quod
692 3827 819 3866 vero
866 3810 1213 3864 Heumannus
1260 3812 1540 3865 contendit
1584 3813 1823 3881 ejusdem
1868 3815 1991 3871 libri

422 3900 701 3971 epistolam
728 3900 849 3964 591,
872 3899 937 3952 ad
962 3898 1228 3952 medicum
1254 3898 1539 3966 quemdam
1567 3900 1825 3970 scriptam
1848 3917 1987 3966 esse,

421 3990 495 4044 ita
526 4000 585 4044 ut
611 3990 772 4044 etiam
802 3990 919 4043 hac
949 3987 1018 4042 sit
1047 3988 1431 4041 documentum
1461 3988 1775 4043 variationis
1806 3992 1990 4045 rheto-

421 4083 566 4145 ricae,
599 4096 749 4136 error
774 4090 855 4134 est
885 4088 979 4133 aut
1006 4078 1195 4148 ipsius,
1228 4087 1322 4132 aut
1349 4079 1692 4149 exemplaris,
1721 4097 1829 4150 quo
1859 4097 1987 4137 usus

421 4181 524 4227 est.
561 4172 619 4225 In
657 4187 778 4225 meo
814 4172 959 4224 enim
997 4172 1113 4225 haec
1150 4170 1375 4239 epistola
1413 4170 1535 4224 data
1573 4180 1657 4226 est
1692 4173 1759 4231 ad
1794 4172 1989 4228 Dome-

423 4263 585 4317 stium
604 4260 672 4332 (b)
707 4262 997 4326 medicum,
1030 4276 1204 4330 neque
1234 4260 1289 4313 in
1319 4259 1664 4316 Rittershusii
1695 4263 1856 4327 notis,
1886 4279 1989 4318 nec
2021 4302 2066 4357 Β

423 4352 476 4405 in
528 4352 668 4405 Petri
713 4351 919 4405 Possini
947 4351 1336 4405 Collationibus
1361 4351 1465 4403 ulla
1512 4360 1696 4406 notata
1732 4365 1833 4418 est,
1871 4370 1990 4422 qua}

424 4442 725 4496 IIeumanni
754 4442 1077 4497 sententiam
1104 4442 1359 4506 firmaret,
1378 4444 1657 4511 scripturae
1684 4444 1987 4500 diversitas.

442 4559 445 4563 λ
494 4534 627 4599 Quae
666 4550 792 4587 vero
835 4534 901 4588 de
944 4534 1171 4603 epistola
1213 4535 1278 4588 ad
1318 4534 1622 4588 Oribasium
1664 4536 1822 4602 paulo
1864 4544 1991 4590 ante

423 4626 659 4679 diximus
685 4624 790 4679 dici
820 4624 980 4678 etiam
1014 4633 1241 4693 possunt
1273 4624 1339 4678 de
1368 4624 1596 4693 epistola
1622 4624 1743 4678 libri
1778 4640 1822 4689 ι,
1858 4624 1984 4691 108,

424 4714 493 4769 ad
524 4714 877 4767 Proazresium
909 4714 1226 4780 sophistam,
1256 4712 1484 4767 Oribasii
1518 4713 1799 4782 mqualem.

493 4802 675 4871 Neque
703 4801 1004 4865 manifesto,
1033 4804 1106 4854 uti
1135 4805 1387 4870 Opinatur
1410 4802 1784 4865 Heumannus,
1813 4804 1987 4858 fictio-

423 4907 547 4947 nem
603 4892 975 4945 scholasticam
1014 4892 1190 4961 prodit
1224 4893 1343 4945 libri
1376 4910 1408 4946 v
1442 4892 1667 4960 epistola
1704 4891 1821 4958 186,
1858 4895 1988 4947 scri-

494 5063 571 5133 (ιι)
601 5061 952 5133 Heumannus
981 5061 1018 5114 l.
1052 5076 1099 5114 c.
1139 5060 1184 5131 §.
1218 5060 1307 5125 XI,
1342 5078 1395 5133 p7.
1440 5061 1524 5121 I7,
1560 5060 1646 5115 18.

494 5127 568 5203 (ὃ)
618 5132 750 5203 tlod.
784 5132 910 5203 Bav.
936 5127 1215 5203 licitatio);
1240 5127 1384 5200 quod
1410 5139 1636 5183 notante
1663 5129 1823 5183 Petro
1862 5128 1989 5184 Pos—

426 5200 544 5256 sin'o
573 5210 627 5253 et
660 5201 711 5252 in
739 5201 837 5255 cod
888 5200 992 5251 Alt.
1028 5209 1221 5253 exstat.

501 5273 567 5339 (ε)
599 5270 801 5331 Graeca,
860 5285 977 5339 quae
1018 5268 1129 5339 huc
1168 5277 1413 5337 spectant
1454 5269 1636 5332 verba,
1670 5269 1785 5339 lucc
1815 5276 1985 5339 sunt:

442 5336 654 5407 Ἐπειδὴ
682 5338 737 5391 δὲ
770 5339 863 5392 καὶ
894 5337 989 5405 τὴν
1043 5336 1436 5405 ἐμὴνκινῆσαι
1466 5338 1712 5407 γλῶτταν
1746 5337 1851 5389 δεῖν
1881 5336 1990 5405 ᾠή-

430 5408 547 5476 θης,
580 5405 653 5471 ibi
692 5408 901 5476 μεγάλα.
941 5407 1060 5458 τινὰ
1093 5407 1248 5476 (ὅπερ
1300 5409 1397 5459 οὐκ
1443 5405 1618 5476 οἴμαι)
1664 5408 1986 5478 ἁνὺσουσαεν,

428 5478 513 5529 ἵνα
548 5480 621 5548 μὴ
649 5479 784 5548 δόξω
814 5479 1108 5548 σεξλυπεῑν,
1144 5478 1234 5526 καὶ
1266 5478 1396 5545 πρὸς
1415 5478 1610 5548 αὐτοὺς
1644 5477 1914 5548 γέγραφᾳε

501 5551 576 5671 ((Ιέ
610 5546 740 5600 Nolo
770 5546 954 5599 laudes
984 5560 1411 5597 commemorare
1440 5546 1985 5612 quibusmnatlsido-

502 5631 528 5671 s
580 5618 650 5671 ib.
682 5632 738 5671 ιι.
761 5632 848 5671 eo.
880 5614 998 5671 151,
1032 5613 1415 5671 Theoohilum.
1443 5615 1710 5669 Timothei
1742 5617 1985 5671 fratrem.

430 5629 528 5671 rus
557 5613 650 5671 lib.
682 5632 738 5681 ιι,
761 5632 848 5686 ep.
880 5614 998 5679 151,
1032 5613 1415 5683 TheOphilum,
1443 5615 1710 5669 Timothei
1742 5617 1987 5679 fratrem,

2090 3104 2209 3152 τας,
2241 3089 2492 3156 loquatur
2521 3086 2823 3149 Pelusiota;
2854 3084 2997 3153 quod
3025 3092 3171 3139 certe
3201 3099 3309 3136 non
3342 3082 3593 3145 fecisset,
3623 3081 3662 3137 si

2091 3177 2369 3247 discipulis
2395 3177 2643 3246 exemplo
2667 3175 2955 3230 ostendere
2979 3174 3255 3233 voluisset,
3282 3188 3388 3241 quo
3416 3173 3579 3226 modo
3601 3171 3665 3225 ad

2090 3265 2309 3320 Petrum
2337 3268 2641 3335 apostolum
2672 3266 3021 3321 scribendum
3050 3273 3211 3319 esset.
3245 3263 3366 3317 Haac
3396 3264 3511 3331 ipsa
3544 3279 3667 3317 sen—

2093 3356 2234 3410 tiens
2263 3356 2613 3410 Heumannus
2642 3357 2817 3426 pergit
2848 3356 2901 3408 in
2934 3356 3079 3408 hunc
3109 3354 3328 3409 modum
3361 3371 3375 3407 :
3415 3372 3432 3403 ι
3474 3352 3664 3421 Majori

2092 3448 2413 3516 clariorique
2446 3449 2563 3517 jure
2596 3448 2737 3501 inter
2763 3448 2973 3501 [ictitias
3004 3446 3261 3515 epistolas
3288 3444 3580 3498 referimus
3608 3443 3669 3496 li-

2093 3539 2176 3592 bri
2205 3557 2236 3592 v
2271 3538 2502 3609 ep.461,
2521 3537 2587 3591 ad
2608 3537 2887 3591 mulierem
2910 3536 3162 3606 scriptam
3186 3535 3405 3588 nomine
3419 3534 3665 3588 Theano.

2094 3629 2199 3684 Usa
2238 3629 2455 3698 quidem
2498 3630 2601 3682 hoc
2643 3628 2861 3681 nomine
2900 3636 2983 3681 est
3021 3627 3127 3679 filia
3164 3626 3250 3679 vel
3295 3641 3429 3678 uxor
3465 3625 3667 3694 Pytha-

2092 3734 2252 3789 gorae.
2286 3718 2416 3783 Quae
2449 3733 2569 3772 cum
2606 3717 2771 3771 fuisse
2805 3717 3013 3787 legatur
3043 3715 3402 3786 philosophia:
3434 3716 3661 3778 cultrix.

2091 3818 2275 3861 noster
2320 3808 2555 3861 Isidorus
2604 3806 2657 3860 id
2702 3806 2938 3860 nominis
2985 3807 3126 3860 haud
3176 3806 3411 3861 absurde
3457 3807 3665 3860 affinxit

2090 3898 2300 3952 mulieri
2349 3898 2671 3952 Christianae
2716 3896 2973 3966 professae
3020 3896 3454 3965 philosophiam,
3500 3913 3661 3965 quam

2090 3992 2428 4057 exhortatur,
2460 3998 2521 4044 ut
2553 4005 2665 4043 sua:
2698 3988 3052 4058 professionis
3086 4004 3313 4054 memor,
3344 4003 3413 4041 ne
3446 3990 3664 4043 studeat

2090 4085 2302 4153 placere
2337 4084 2486 4140 viris.
2527 4102 2546 4135 ι
2588 4082 2647 4134 In
2690 4081 2774 4135 his
2814 4080 2980 4134 multa
3020 4089 3148 4133 sunt
3180 4081 3557 4147 vituperanda.
3594 4109 3664 4121 —

2090 4174 2327 4229 Primum
2364 4176 2507 4228 enim
2546 4174 2737 4242 probet
2773 4169 3124 4224 Heumannus
3155 4185 3377 4225 necesse
3414 4180 3529 4237 est,
3563 4171 3662 4224 Isi-

2092 4268 2283 4321 dorum
2336 4265 2389 4318 id
2438 4264 2671 4317 nominis
2723 4262 2979 4330 aﬂinxisse
3034 4260 3244 4314 mulieri
3294 4259 3661 4313 Christianam

2095 4354 2349 4426 professa:
2389 4353 2806 4423 pbi1050phiam.
2846 4351 2995 4405 Unde
3029 4350 3173 4404 enim
3211 4350 3373 4403 habet
3408 4365 3661 4420 comper-

2094 4454 2239 4510 tum,
2271 4444 2553 4497 Pelusiota:
2588 4448 2831 4510 tempore
2864 4442 3142 4514 mulierem
3178 4440 3282 4493 hoc
3313 4439 3536 4493 nomine
3566 4455 3661 4493 or-

2094 4546 2271 4589 natam
2307 4549 2412 4587 non
2447 4531 2684 4585 vixisse?
2716 4560 2785 4573 —-
2819 4530 3023 4583 Deinde
3059 4530 3135 4581 illi
3175 4529 3661 4583 demonstrandum

2093 4632 2208 4677 erat
2234 4623 2316 4677 his
2341 4623 2394 4676 in
2421 4621 2616 4674 litteris
2641 4620 2707 4673 de
2733 4619 2955 4672 muliere
2983 4620 3063 4689 agi
3092 4620 3391 4689 philosOplia
3409 4662 3424 4685 ,
3455 4621 3509 4672 in
3537 4619 3662 4688 qui-

2092 4715 2193 4769 bus
2220 4728 2289 4766 ne
2320 4728 2485 4765 unum
2516 4720 2596 4765 est
2624 4712 2785 4778 hujus
2815 4709 2891 4763 rei
2917 4709 3219 4778 vestigium.
3243 4740 3309 4750 —-
3333 4710 3576 4777 Denique
3609 4707 3663 4761 id

2095 4803 2329 4857 nominis
2370 4802 2512 4855 haud
2552 4801 2781 4854 absurde
2818 4800 3028 4853 mulieri
3068 4800 3386 4854 Christianae
3425 4800 3661 4854 aflictum

2098 4909 2216 4948 esse
2259 4892 2472 4946 ostendi
2511 4899 2739 4960 oportet.
2778 4889 2919 4955 Quid
2956 4891 3140 4944 enim?
3176 4891 3486 4961 Pythagora:
3529 4903 3666 4943 uxor

2095 5063 2396 5131 quibusque
2427 5061 2667 5131 fratrem,
2693 5059 2993 5131 quibusque
3019 5059 3380 5115 Theodosium
3413 5062 3661 5115 cumulat

2096 5129 2405 5199 episcopum
2424 5130 2516 5199 lib.
2544 5146 2604 5199 ιι,
2630 5129 2833 5199 ep.231
2859 5146 2871 5192 ;
2898 5129 3021 5199 nolo
3046 5145 3230 5199 eoru_m
3263 5130 3498 5190 nomina,
3520 5146 3666 5198 quos

2094 5192 2307 5254 vocavit
2340 5199 2426 5252 ille
2460 5194 2504 5251 ὦ
2533 5192 2848 5268 φιλοᾶοφίᾳς
2868 5198 3129 5268 ᾼᾶγαλμα,
3151 5192 3207 5250 ’ὦ
3230 5192 3664 5268 φρονήσεωξτέ-

2097 5286 2255 5338 μενος
2297 5284 2661 5329 enumerare;
2704 5267 2835 5338 satis
2861 5266 3040 5338 habeo
3093 5266 3412 5338 sententiam
3470 5269 3664 5338 paucis

2094 5335 2408 5406 probavisse
2432 5338 2713 5405 exemplis.
2757 5335 2955 5406 Scribit
2996 5344 3175 5406 autem
3206 5337 3667 5406 Isidoruspyrillo

2094 5401 2185 5459 Iib.
2224 5425 2279 5465 ll,
2322 5421 2409 5474 ep.
2466 5401 2686 5470 1⁵27,’--
2724 5404 2821 5471 τῆς
2855 5404 2952 5471 σῆς
2986 5404 3159 5474 τοίννν
3205 5406 3368 5464 ἐστὶν,
3406 5401 3569 5470 (ὧτε
3603 5422 3665 5457 σε

2093 5477 2327 5536 καλέσας
2359 5473 2532 5539 ἀξίως
2577 5474 2900 5542 προσείπω;
2972 5473 3344 5541 μεγιιιλονοίιις⁸
3398 5491 3521 5542 qua:
3580 5474 3666 5524 lo-

2091 5546 2288 5611 quendi
2321 5544 2549 5597 formula
2579 5542 2809 5611 recurrit
2844 5542 2894 5593 in
2946 5542 3170 5611 epistola
3208 5543 3273 5595 ad
3312 5542 3665 5597 Ammonium

2091 5612 2185 5668 lib.
2221 5629 2277 5678 ιι,
2317 5629 2403 5683 ep.
2438 5614 2558 5678 I66,
2582 5622 2636 5668 et
2660 5610 2952 5666 Palladium
2980 5610 3069 5665 lib.
3108 5626 3187 5677 Ill,
3220 5627 3305 5680 ep.
3338 5612 3422 5668 75.
