3890 6134
278 227 346 293 45
1357 234 1455 293 DE
1491 232 1830 293 SCRIPTIS
1868 231 2155 291 ISIDORI
2188 230 2427 291 PELUS
3431 229 3501 293 45

276 337 356 391 vel
389 336 492 390 tilia
525 336 749 390 Theano
784 336 883 391 fuit
916 337 1266 409 phil050pha;
1303 343 1443 410 quod
1479 343 1545 397 de
1579 342 1834 403 muliere,
1867 345 1912 401 Α
1937 339 2101 393 vitam
2142 340 2440 393 concedere
2484 337 2738 407 placeret,
2776 350 2839 391 ex
2885 336 2985 391 hac
3028 351 3083 391 re
3124 338 3354 406 nullum,
3393 355 3501 411 quo

278 428 344 481 de
373 442 474 495 qua
511 429 563 479 in
596 428 682 481 his
716 428 892 497 agitur
922 428 1142 496 litteris,
1179 430 1255 483 uti
1286 431 1394 500 jam
1428 432 1691 496 diximus,
1724 447 1833 485 non

275 527 509 581 constat;
550 518 652 571 fuit
692 519 862 587 patris
900 519 1251 589 philosophia:
1294 522 1474 577 dedita
1509 524 1591 577 vel
1627 523 1835 589 mariti;

278 607 461 661 lsidori
498 608 721 663 Theano
752 608 950 663 Christi
987 611 1265 676 doctrinae,
1306 630 1427 683 quae
1458 615 1527 669 de
1562 616 1679 685 ejus
1712 630 1838 670 sen-

280 700 442 752 tentia
476 698 675 751 nullam
707 708 857 752 certe
894 700 1081 753 habuit
1114 716 1235 754 cum
1270 701 1589 773 Pythagorm
1626 705 1839 773 placitis

277 789 701 843 similitudinem.
749 788 924 853 Quare
974 791 1204 845 absurde
1251 794 1453 861 egisset
1503 794 1743 849 Isidorus
1791 796 1837 849 si

279 877 529 931 Theanus
572 878 791 931 nomine
832 889 1081 933 ornasset
1127 881 1406 935 mulierem
1452 882 1835 939 Christianam.

275 969 460 1038 Neque
485 970 591 1023 hoc
622 968 775 1031 fecit,
808 970 900 1022 sed
931 970 1078 1024 misit
1108 972 1246 1027 hanc
1274 974 1554 1041 epistolam
1583 975 1835 1041 Theano,

278 1058 395 1110 viro
426 1058 661 1121 cuidam;
693 1059 837 1126 quod
870 1074 934 1112 ex
968 1060 1083 1129 ipsa
1114 1056 1501 1132 inscriptidne,
1534 1066 1747 1134 Θεανῷ,
1781 1075 1841 1120 ut

278 1148 333 1201 in
381 1148 627 1201 omnibus
676 1148 828 1202 libris
876 1153 1258 1220 manuscriptis
1308 1155 1586 1223 hucusque
1632 1156 1840 1210 collatis

275 1245 471 1297 exstat,
495 1235 669 1305 colligi
699 1252 855 1304 posse
882 1239 1131 1293 arbitror.
1161 1239 1369 1294 Etenim
1396 1243 1440 1296 si
1467 1243 1533 1297 ad
1559 1244 1839 1299 mulierem

266 1332 402 1384 data
431 1340 591 1394 esset,
621 1332 964 1386 scribendum
996 1332 1187 1388 fuisset
1216 1335 1437 1401 Θεανοῖ;
1466 1338 1609 1405 quod
1640 1348 1694 1392 et
1724 1339 1842 1409 ipse

278 1420 625 1473 lleumannus
675 1421 952 1487 sentiens,
1009 1424 1417 1491 inscriptionem
1470 1428 1840 1498 corrigendam

270 1524 397 1562 esse
426 1517 645 1572 censet,
676 1526 1000 1581 causamque
1032 1513 1193 1581 hujus
1218 1516 1569 1571 correctionis
1597 1534 1841 1587 quaeren-

276 1600 425 1651 tibus
452 1599 750 1662 nobis,Res
780 1603 913 1669 ipsa,
947 1603 1236 1670 respondet
1265 1605 1372 1669 ille,
1405 1608 1618 1672 clamat,
1650 1610 1841 1663 mulie-

276 1689 431 1743 brem
464 1700 711 1745 ornatum
750 1700 875 1746 nota
910 1693 1049 1746 allici
1088 1696 1355 1749 censoria.
1391 1696 1521 1762 Qua:
1555 1699 1747 1763 verba,
1780 1701 1837 1754 ni
1874 1672 1914 1725 Β

277 1782 455 1845 fallor,
500 1782 710 1836 initium
762 1784 923 1852 hujus
970 1787 1211 1855 epistolas
1257 1797 1523 1857 spectant,
1562 1793 1707 1860 quod
1756 1793 1840 1848 his

276 1870 459 1923 verbis
492 1871 801 1925 continetur
835 1890 848 1924 :
884 1874 947 1926 Ἦ
984 1875 1303 1943 φαλοκοσμία
1338 1878 1433 1930 καὶ
1469 1880 1500 1948 ή
1537 1880 1646 1931 τῶν
1677 1881 1840 1934 λίθων

274 1959 434 2028 ἄνθη,
462 1961 554 2013 καὶ
584 1961 677 2013 τοῦ
704 1962 904 2030 χρυσοῦ
932 1966 964 2033 ἠ
996 1965 1128 2035 πρὸς
1155 1966 1374 2030 τούτους
1402 1970 1718 2039 ἀνάκρασις,
1745 1973 1839 2025 καὶ

274 2050 547 2119 πλοκαμοὶ
574 2051 791 2113 ἑλικτοὶ,
822 2054 915 2105 καὶ
940 2054 1225 2125 ὀφθαλμῶν
1248 2060 1581 2128 ὑπογραφαὶ,
1602 2062 1692 2114 καὶ
1712 2062 1840 2114 κάλ-

273 2140 405 2204 ὶους
439 2143 725 2211 σοφισμὸς,
760 2145 852 2196 καὶ
883 2146 938 2197 αἱ
973 2148 1098 2213 περὶ
1148 2146 1319 2200 ταῦτα
1361 2152 1730 2220 κακοτεχνίαι,
1765 2149 1840 2205 ὧν

275 2246 370 2293 as,
402 2245 455 2280 κ.
485 2246 535 2281 τ.
566 2229 615 2280 λ.
646 2229 776 2294 Quae
805 2248 931 2285 vero
965 2234 1144 2286 omnia
1178 2252 1329 2304 teque
1362 2239 1490 2293 viris
1522 2242 1611 2309 qui
1642 2244 1840 2297 mulie-

270 2318 450 2382 ribus,
476 2333 540 2371 ac
568 2319 884 2373 mulieribus
911 2337 1029 2388 quae
1055 2323 1182 2377 viris
1211 2326 1427 2380 student
1454 2328 1684 2396 placere,
1711 2346 1841 2385 con-

274 2408 523 2461 veniunt.
546 2407 745 2462 .Nonne
777 2410 928 2462 multi
962 2413 1131 2465 nostri
1160 2415 1263 2467 aevi
1297 2416 1665 2472 adolescentes
1693 2435 1842 2488 gem-

273 2497 383 2551 mis
428 2514 548 2552 sese
594 2502 894 2553 exornant?
934 2518 1117 2557 nonne
1154 2520 1392 2575 gemmas
1436 2523 1567 2563 auro
1609 2510 1841 2565 inclusas

272 2588 553 2656 gestiunt?
589 2605 770 2643 nonne
806 2592 1178 2648 calamistrum
1221 2597 1507 2663 adhibent,
1552 2601 1841 2670 multisque

272 2680 417 2742 aliis,
444 2695 565 2747 qua:
591 2680 948 2737 instrumenta
975 2684 1199 2738 luxuria:
1223 2695 1368 2751 sunt,
1395 2696 1639 2743 utuntur.
1663 2690 1840 2756 Quare

269 2770 529 2838 equidem
558 2787 663 2823 non
691 2773 847 2825 video
875 2789 970 2826 cur
997 2774 1312 2829 lleumanno
1342 2779 1653 2833 muliebrem
1681 2796 1841 2835 orna-

272 2868 393 2912 tum
420 2869 546 2913 nota
570 2860 703 2915 allici
729 2864 971 2916 censoria
992 2865 1289 2921 concedere
1311 2867 1621 2922 debeamus.
1643 2900 1711 2910 -
1733 2870 1839 2924 Sed

273 2948 365 3002 his
412 2966 624 3019 quoque
666 2954 939 3007 concessis
978 2963 1160 3008 nostra
1200 2972 1288 3011 res
1329 2959 1473 3011 salva
1511 2960 1643 3023 erit,
1680 2961 1839 3015 dum—

272 3039 443 3091 modo
470 3049 806 3105 statuamus,
854 3043 1133 3097 mulierem
1181 3045 1541 3101 Christianam
1588 3048 1842 3104 Theanus

274 3130 503 3184 nomine
533 3140 779 3185 ornatam
810 3133 996 3188 lsidori
1030 3139 1362 3205 temporibus
1388 3139 1602 3194 vixisse.

350 3219 689 3291 Quaproyter
716 3238 891 3292 neque
920 3226 1089 3280 altero
1118 3227 1219 3280 hoc
1247 3239 1585 3299 argumento,
1614 3230 1702 3285 cui
1733 3240 1843 3285 tam

280 3312 509 3365 multum
550 3314 739 3367 tribuit
774 3314 1153 3381 lleumannus,
1189 3320 1319 3372 satis
1356 3319 1588 3374 ﬁrmavit
1620 3331 1843 3376 senten-

278 3400 411 3451 tiam
440 3416 610 3457 suam.
637 3402 844 3467 Quibus
865 3405 1126 3474 expositis
1152 3407 1307 3461 nobis
1333 3409 1399 3461 ad
1427 3409 1641 3462 tertium
1659 3450 1673 3474 ,
1699 3411 1842 3479 quod

278 3491 525 3556 protulit.
547 3494 775 3547 transire
794 3496 937 3549 licet.
962 3516 980 3548 ι
1002 3494 1414 3563 Conﬁrmamus,
1438 3499 1612 3567 inquit
1634 3499 1723 3554 ille
1741 3500 1840 3571 (a),

279 3581 605 3633 sententiam
638 3591 875 3655 nostram
905 3587 1064 3640 tertio
1092 3596 1437 3657 argumento,
1470 3590 1611 3660 quod
1642 3606 1842 3662 suppe-

278 3667 460 3720 ditant
502 3670 657 3723 nobis
701 3672 942 3741 epistolae
990 3675 1150 3744 hujus
1192 3678 1371 3746 operis
1416 3682 1839 3736 contumeliosa.

276 3756 384 3821 Qui
430 3761 573 3813 enim
625 3764 894 3830 possimus
940 3767 1180 3830 credere,
1229 3769 1475 3825 homines
1524 3772 1660 3834 illos,
1708 3787 1843 3841 quos

276 3857 394 3901 tam
428 3851 554 3913 aeri,
587 3851 693 3905 imo
726 3855 987 3921 petulanti
1022 3857 1214 3924 saepius
1247 3873 1474 3913 censura
1503 3861 1716 3915 vexavit
1749 3863 1845 3916 lsi-

272 3939 478 4003 dorus,
512 3942 755 3997 omisisse
790 3944 840 3997 id
876 3945 1144 3999 inultum?
1175 3947 1327 4012 Quod
1347 3950 1389 4002 si
1423 3966 1551 4005 vero
1572 3954 1754 4007 multis
1788 3953 1843 4005 in

274 4028 442 4081 malis
470 4045 587 4083 eum
614 4032 932 4097 multarunt,
960 4036 1071 4104 qui,
1100 4052 1300 4105 quaeso,
1330 4038 1529 4093 factum
1559 4050 1656 4104 est,
1686 4051 1745 4095 ut
1773 4058 1843 4098 ne

272 4116 551 4172 levissima
580 4123 796 4188 quidem
828 4133 1076 4178 occurrat
1105 4127 1267 4195 hujus
1300 4130 1374 4183 rei
1409 4130 1643 4184 mentio?
1672 4152 1689 4181 ι
1713 4131 1844 4198 Quae

274 4206 449 4259 verba
476 4211 739 4275 quomodo
768 4210 1114 4267 lleumannus
1143 4216 1379 4270 scribere
1408 4219 1660 4286 potuerit,
1690 4221 1844 4289 equi-

264 4297 413 4349 dem
445 4297 733 4369 intelligere
768 4317 989 4370 prorsus
1020 4320 1129 4357 non
1163 4321 1404 4374 possum.
1434 4307 1640 4361 Etenim
1675 4325 1739 4362 ex
1775 4310 1840 4362 il-
1875 4330 1917 4383 ι)

265 4387 373 4449 lis,
422 4402 541 4454 quas
588 4399 738 4457 parte
786 4391 955 4459 prima
1001 4395 1298 4460 attulimus,
1345 4395 1531 4449 lsidori
1578 4397 1838 4465 epistolis,

268 4476 439 4530 hvnc
474 4479 539 4532 ab
579 4480 910 4543 hominibus,
950 4482 1001 4534 in
1042 4499 1270 4550 quorum
1311 4500 1488 4539 mores
1530 4489 1724 4540 acriter
1759 4488 1842 4540 in-

266 4577 474 4620 vectus
503 4578 611 4632 est,
645 4572 974 4635 exagitatum
1009 4589 1127 4627 esse
1160 4584 1369 4643 poterat
1404 4592 1756 4648 cognoscere,
1795 4580 1839 4633 si

264 4653 536 4711 Chatardi
571 4659 853 4728 epistolam
882 4661 948 4712 ad
981 4661 1338 4718 Godofredum
1376 4666 1586 4720 Billium
1624 4685 1733 4721 non
1764 4669 1841 4723 Ie-

262 4752 459 4813 gerat,
490 4747 540 4800 in
585 4765 691 4817 qua
738 4749 828 4801 ille
870 4747 1189 4805 Pelusiotam
1233 4756 1551 4810 acerrimum
1591 4759 1841 4813 vitiorum

266 4834 657 4892 insectatorem
701 4839 758 4892 in
802 4841 1087 4894 multorum
1133 4844 1423 4898 incurrisse
1461 4847 1662 4910 odium,
1700 4849 1842 4901 mul-

264 4933 477 4989 usque
523 4929 570 4981 ei
624 4939 863 4983 structas
913 4945 1032 4993 esse,
1088 4934 1308 4987 insidias
1358 4936 1439 4989 vel
1493 4952 1600 4990 uno
1652 4938 1843 5006 probat

261 5014 541 5077 exemplo.

344 5099 471 5153 Sed
490 5106 695 5160 etiamsi
725 5105 1047 5162 Heumanno
1074 5110 1334 5165 lsidorum
1363 5114 1597 5181 quietam
1630 5115 1837 5185 degisse

340 5254 438 5334 (fl)
474 5254 767 5334 lleumann.
802 5260 924 5334 I_.__c.
956 5260 1001 5331 ᾗ.
1029 5261 1143 5334 ΧΠ,
1178 5281 1231 5334 p.
1267 5266 1352 5327 18,
1379 5267 1462 5330 l9,
1488 5269 1577 5322 20.

338 5325 431 5405 is)
474 5321 764 5405 semanimi
799 5321 1099 5405 agnem.
1126 5321 1258 5387 io'm.
1299 5321 1461 5399 x'vn,’
1484 5321 1543 5405 p.
1563 5338 1685 5391 525.

338 5394 429 5457 (ε)
488 5391 588 5447 Lib.
622 5413 675 5461 ν,
713 5412 802 5465 ep.
842 5399 932 5451 52.
1444 5391 1501 5405 "

341 5461 474 5541 (μ)-
488 5457 537 5541 Ei
569 5466 661 5541 uti;
694 5468 805 5535 γὰρ
838 5467 1154 5541 παρᾳίνεσκ
1190 5466 1277 5538 ἦν,
1318 5471 1533 5541 ἔπεμψα
1564 5476 1627 5528 ἄν
1656 5491 1666 5501 ·
1724 5476 1841 5527 ἐπεὶ

254 5532 318 5585 δὲ
351 5527 716 5599 Θρῆνόέὲστί
737 5527 1048 5603 μὸνοείδὴς,
1073 5527 1171 5591 οὐξι
1200 5527 1491 5610 ξδὸκίμσίσά
1514 5527 1721 5613 πέμψαι
1742 5560 1753 5572 ·
1796 5548 1841 5595 εἰ

1937 428 2256 483 sententiam
2294 442 2445 481 suam
2480 427 2746 491 ﬁrmaret,
2780 435 3154 497 argumentum
3188 438 3373 498 posset
3404 432 3499 483 de-

1936 535 2204 589 promere.
2232 519 2365 572 Nam
2395 534 2516 571 cum
2548 533 2604 571 se
2634 517 2854 571 credere
2883 533 2991 571 non
3024 533 3181 586 posse
3209 520 3371 583 dicat,
3400 520 3501 574 ho-

1936 610 2110 663 mines
2154 609 2291 673 iIIOS,
2336 624 2471 677 quos
2515 617 2620 661 tam
2666 610 2797 673 acri,
2846 609 2954 662 imo
2997 610 3260 677 petulanti
3303 612 3500 680 smpius

1936 714 2162 754 censura
2186 700 2460 753 vexaverit
2482 698 2734 764 Isidorus,
2761 700 2812 754 id
2834 701 3082 754 omisisse
3106 701 3358 767 inultum,
3382 719 3503 755 rur-

1936 803 2029 841 sus
2063 788 2116 840 in
2151 802 2387 841 errorem
2421 787 2627 841 incidit.
2661 787 2928 857 Cogitanti
2964 788 3107 841 enim
3143 789 3271 841 mihi
3304 790 3370 843 de
3402 806 3501 843 au-

1936 878 2207 941 ctoritate,
2230 893 2390 947 quam
2418 887 2546 931 tunc
2571 879 2828 947 temporis
2850 879 3097 931 monachi
3122 888 3271 932 erant
3296 881 3497 949 adepti.

1936 976 1993 1022 et
2023 969 2284 1021 memoria
2318 969 2635 1031 seditiones,
2669 984 2802 1037 quas
2831 984 2951 1022 cum
2984 969 3165 1023 multis
3196 969 3248 1022 in
3278 971 3503 1038 provin-

1937 1055 2035 1108 ciis
2066 1063 2181 1108 tum
2215 1055 2479 1124 imprimis
2513 1056 2567 1107 in
2594 1056 2823 1126 [Egypto
2856 1057 3069 1110 illorum
3101 1057 3372 1111 exercitus
3405 1074 3501 1112 ex-

1938 1144 2132 1199 citasse
2157 1146 2411 1199 dicuntur
2435 1146 2507 1215 (b)
2537 1147 2822 1215 repetenti,
2851 1147 2901 1199 id
2924 1157 3072 1201 certe.
3100 1148 3210 1201 ﬁeri
3239 1151 3498 1218 potuisse,

1938 1235 2121 1288 videre
2151 1235 2280 1287 mihi
2309 1236 2514 1290 videor.
2544 1236 2659 1290 Iluc
2687 1237 2895 1291 accedit
2923 1238 3062 1305 quod
3094 1239 3351 1303 Isidorus,
3383 1257 3502 1294 mo-

1939 1323 2157 1377 nasterii
2188 1324 2270 1378 sui
2301 1324 2497 1387 abbas,
2527 1326 2607 1377 vir
2632 1325 2797 1379 fuerit
2828 1341 3036 1379 morum
3067 1328 3375 1398 integritate
3405 1331 3501 1385 do-

1940 1415 2237 1484 ctrinazque
2273 1416 2425 1485 capia
2463 1416 2723 1487 insignis,
2758 1426 2919 1485 atque
2951 1419 3271 1473 auctoritate
3305 1423 3499 1489 gravis.

1941 1504 2118 1571 Quare
2149 1521 2247 1559 nos
2275 1522 2467 1561 omnes
2500 1523 2593 1561 eas
2626 1507 2899 1577 epistolas,
2932 1523 3052 1576 qua
3084 1509 3152 1561 ab
3182 1509 3503 1565 lleumanno

1944 1607 2226 1665 propterea
2252 1599 2398 1667 quod
2429 1599 2495 1653 ad
2528 1599 2701 1661 viros,
2733 1607 2793 1653 ut
2826 1601 2997 1669 ipsius
3027 1610 3148 1655 utar
3178 1603 3386 1666 verbis,
3419 1605 3504 1658 vel

1943 1686 2082 1740 civili
2110 1688 2193 1739 vel
2218 1688 2578 1741 ecclesiastica
2605 1688 2863 1758 dignitate
2885 1691 3189 1746 eminentes
3210 1694 3348 1747 datze
3372 1695 3501 1759 sint,

1944 1789 2041 1843 pro
2068 1774 2267 1830 ﬁctitiis
2292 1786 2666 1841 numerantur,
2693 1778 2845 1842 viris,
2871 1780 2934 1833 ad
2960 1796 3095 1849 quos
3118 1782 3331 1852 scriptae
3354 1794 3500 1851 sunt,

1944 1880 2131 1919 revera
2162 1866 2352 1920 missas
2383 1882 2501 1921 esse
2532 1868 2836 1921 statuimus.

2013 1953 2118 2007 Sed
2158 1954 2490 2007 redeundum
2529 1955 2685 2008 nobis
2727 1965 2810 2010 est
2847 1955 2910 2011 ad
2954 1958 3205 2027 epistolas
3241 1975 3375 2029 quas
3417 1961 3503 2017 ille

1944 2038 2229 2106 appellavit
2260 2039 2573 2105 invectivas,
2604 2056 2843 2110 quasque
2873 2047 3159 2100 exercendi
3188 2049 3305 2118 styli
3336 2052 3502 2119 gratia

1946 2136 2188 2181 exaratas
2222 2128 2388 2183 fuisse
2423 2145 2491 2183 ex
2524 2130 2702 2199 aliqua
2739 2133 2805 2186 ad
2844 2131 3167 2202 llarpoeram
3207 2140 3501 2208 sophistam

1945 2219 2171 2286 epistola
2211 2220 2278 2285 (ε)
2318 2230 2544 2273 conatur
2575 2222 2826 2290 probare.
2867 2242 2885 2274 ι
2930 2224 3065 2279 Iluic
3103 2229 3271 2291 enim,
3307 2230 3499 2299 inquit,

1945 2308 2034 2375 qui
2071 2308 2285 2361 satiram
2320 2310 2419 2378 ipsi
2455 2310 2675 2365 miserat
2708 2313 2760 2365 in
2795 2313 3190 2379 Martinianum,
3231 2318 3504 2375 Zosimum

1947 2406 2000 2451 et
2029 2398 2395 2462 Eustathium,
2428 2402 2701 2467 rescribit,
2733 2418 2849 2456 eam
2883 2419 2940 2457 se
2969 2406 3035 2458 ad
3066 2406 3183 2461 illos
3213 2410 3501 2466 missurum

1946 2487 2087 2540 haud
2116 2502 2256 2541 esse.
2281 2488 2415 2542 Cum
2445 2491 2589 2544 enim
2619 2491 2867 2546 dicantur
2894 2495 2949 2548 hi
2979 2495 3075 2549 viri
3107 2512 3225 2551 esse
3255 2499 3507 2569 implaca-

1945 2574 2078 2629 biles
2106 2576 2323 2641 bestiae,
2354 2592 2411 2632 se
2441 2594 2548 2632 non
2580 2580 2927 2647 ell‘ecturum,
2960 2592 3021 2637 ut
3050 2585 3117 2638 ab
3145 2587 3265 2641 aliis
3296 2589 3505 2659 Harpo-

1945 2680 2064 2720 cras
2095 2667 2245 2735 quasi
2278 2668 2421 2722 bello
2450 2670 2680 2738 quodam
2711 2681 2941 2740 petatur.
2971 2673 3089 2729 Jam
3120 2679 3259 2745 quod
3293 2681 3503 2749 Harpo-

1946 2772 2049 2811 cra:
2078 2758 2319 2812 accidere
2348 2760 2521 2813 noluit
2551 2760 2813 2830 Isidorus,
2846 2766 2990 2819 idem
3019 2782 3121 2821 nec
3152 2769 3255 2823 sibi
3287 2772 3505 2827 evenire

1945 2846 2179 2901 voluisse
2208 2851 2510 2904 credendus
2539 2860 2641 2905 est.
2678 2871 2698 2904 ι

2015 2936 2145 3001 Qure
2193 2938 2496 2993 Heumanni
2542 2943 2704 2997 verba
2753 2958 2819 2997 eo
2866 2952 3077 2999 tantum
3130 2950 3354 3003 consilio
3401 2952 3507 3007 huc

1942 3028 2256 3096 transcripsi
2281 3032 2478 3092 omnia,
2504 3038 2563 3084 ut
2582 3033 2825 3101 exemplo
2846 3036 3152 3102 probarem,
3176 3039 3350 3093 virum
3370 3042 3506 3096 alio-

1944 3120 2035 3185 qui
2065 3121 2382 3188 prudentem
2415 3131 2469 3175 et
2496 3123 2715 3177 doctum
2745 3126 3106 3194 przejudicata,
3137 3146 3296 3199 quam
3324 3136 3506 3191 animo

1943 3211 2212 3279 concepit,
2257 3212 2511 3281 opinione
2557 3215 2609 3266 in
2655 3216 2834 3270 varios
2882 3218 2995 3287 rapi
3043 3235 3202 3288 posse
3251 3238 3503 3293 errores;

1943 3302 2079 3355 adeo
2111 3310 2169 3354 ut
2202 3318 2319 3370 qum
2355 3304 2454 3371 ipsi
2485 3306 2753 3359 contraria
2784 3317 2943 3373 sunt,
2974 3311 3074 3364 sibi
3106 3311 3285 3368 favere
3309 3317 3506 3385 opine-

1943 3399 2049 3445 tur.
2083 3392 2140 3446 ld
2184 3393 2500 3449 Heumanno
2538 3396 2624 3449 his
2659 3397 2723 3450 ad
2763 3397 3086 3468 Harpocram
3122 3404 3315 3460 litteris
3352 3424 3507 3466 suam

1942 3483 2236 3550 probatum
2259 3486 2579 3539 sententiam
2604 3488 2866 3543 accidisse
2887 3492 3138 3549 arbitror.
3162 3495 3237 3551 Ex
3258 3497 3341 3553 his
3362 3502 3507 3558 enim

1942 3584 2161 3645 apparet
2197 3574 2493 3646 lsidorum,
2529 3580 2880 3651 scriptionem
2918 3587 3020 3640 sibi
3055 3589 3124 3641 ab
3158 3590 3249 3643 illo
3286 3593 3506 3648 missam

1944 3665 2291 3733 Martiniano,
2340 3670 2553 3724 Zosimo
2604 3680 2764 3741 atque
2814 3675 3097 3731 Eustathio
3147 3680 3357 3736 tradere
3406 3700 3509 3739 no-

1943 3756 2106 3812 luisse
2135 3769 2445 3828 propterea,
2479 3758 2732 3829 quoniam
2762 3766 3067 3821 contineret
3095 3779 3346 3840 satyram.
3377 3774 3508 3829 Ete-

1943 3848 2052 3901 nim
2086 3849 2130 3901 si
2164 3858 2243 3915 tu,
2277 3851 2469 3919 inquit,
2498 3852 2640 3905 viros
2673 3854 2788 3907 illos
2819 3857 3125 3923 petulantes
3153 3862 3377 3929 epistola
3408 3868 3508 3919 ad-

1943 3938 2178 3992 hortatus
2207 3957 2368 4006 esses,
2401 3942 2539 3995 hanc
2571 3943 2675 3996 illis
2707 3944 2971 4000 misissem
3005 3949 3115 4019 (d);
3161 3953 3255 4005 sed
3286 3956 3507 4011 satiram

1944 4027 2179 4081 retinere
2218 4030 2437 4097 placuit.
2473 4032 2717 4101 Namque
2754 4034 3091 4104 vituperandi
3128 4040 3342 4109 quidem
3381 4056 3510 4100 sunt

1944 4116 2012 4171 de
2045 4116 2229 4172 lsidori
2266 4124 2532 4175 sententia
2565 4123 2631 4191 (e)
2662 4124 2750 4192 qui
2784 4126 2926 4180 vitiis
2960 4129 3224 4196 laborant,
3259 4134 3353 4187 sed
3382 4150 3507 4189 ver-

1945 4209 2027 4262 bis
2076 4209 2222 4263 duris
2278 4212 2640 4265 admiscenda.
2673 4224 2799 4268 sunt
2848 4217 3193 4289 humanitatis
3244 4223 3400 4290 plena
3453 4236 3510 4280 et

1946 4304 2389 4358 mansuetudinis.
2413 4304 2616 4369 Quibus
2646 4308 2902 4375 expositis
2931 4326 3039 4363 non
3070 4327 3291 4368 necesse
3321 4326 3422 4380 est,
3450 4330 3510 4373 ut

1949 4392 2015 4445 de
2051 4393 2300 4463 singulis,
2333 4410 2451 4462 qum
2485 4397 2705 4463 protulit
2739 4397 2854 4459 ille,
2886 4403 3145 4470 exemplis
3177 4404 3349 4459 fusius
3382 4424 3508 4462 sen-

1950 4483 2173 4535 tentiam
2204 4484 2463 4537 dicamus.

2016 4573 2282 4628 Caeterum
2313 4574 2548 4640 videant,
2580 4576 2667 4644 qui
2704 4578 3004 4635 Ileumanni
3036 4586 3278 4651 partibus
3307 4586 3507 4651 favent,

1948 4679 2015 4717 ne
2041 4664 2312 4732 improbos
2336 4675 2625 4736 turpesque
2652 4669 2916 4739 imputent
2940 4675 3141 4729 Isidoro
3167 4693 3363 4732 mores.
3389 4679 3509 4748 Ipse

1948 4755 2091 4807 enim
2120 4754 2322 4809 Maroni
2354 4758 2422 4827 (Ῑ)
2452 4760 2660 4823 scribit,
2692 4776 2749 4814 se
2780 4779 2887 4816 non
2918 4766 3055 4818 sicut
3085 4768 3279 4821 multos
3308 4771 3374 4823 de
3405 4772 3507 4824 im-

1946 4848 2234 4913 proborum
2274 4848 2445 4901 salute
2482 4852 2702 4904 omnino
2737 4854 3089 4921 desperantes
3124 4872 3247 4910 eum
3284 4861 3509 4918 irridere

1945 4938 2108 4999 velle,
2152 4940 2274 5001 sed,
2310 4955 2429 4991 cum
2467 4940 2574 5008 jam
2616 4945 2905 4996 multorum
2946 4946 3162 5000 vidisset
3198 4955 3508 5008 conversio-

1945 5042 2090 5089 nem,
2124 5028 2354 5081 oﬂieium
2392 5045 2551 5082 suum
2587 5034 2836 5085 arbitrari
2876 5036 3202 5101 petulantem
3241 5058 3508 5113 quemque

1943 5118 2011 5172 ad
2044 5118 2254 5174 sobrios
2289 5136 2543 5175 revocare
2572 5138 2769 5177 mores.
2804 5124 2956 5188 Quod
2976 5128 3020 5180 si
3061 5131 3141 5183 vir
3165 5132 3253 5185 ille
3290 5149 3507 5191 sanctus

1941 5271 1985 5322 δ’
2011 5272 2365 5347 esteem-.0);
2396 5275 2593 5343 βούλει,
2623 5271 2854 5347 πέμψον.

2014 5343 2085 5429 (ei
2118 5342 2232 5429 Li'b.
2261 5361 2346 5427 IV:
2367 5342 2452 5411 cp.
2503 5347 2636 5429 159,,
2794 5355 3078 5429 “romagoﬁv
3122 5356 3379 5424 μιγνύναι
3409 5361 3504 5429 τὴν

1943 5412 2252 5499 imaginata»
2286 5416 2349 5495 :rﬁ
2364 5412 2827 5499 ~ﬂpOGﬂVE'5é;‘_iat
2859 5412 2933 5490 τῷ
2954 5412 3165 5492 ’ἐλέγχξρ
3195 5412 3387 5497 Ξειρνᾷν
3410 5412 3505 5499 cii»

2101 5480 2179 5540 ὴν,
2215 5480 2307 5531 καὶ
2331 5480 2473 5532 οὕτω
2493 5480 2778 5540 νόυθεὲεῑν.

1981 5495 2092 5543 γαπ
2133 5496 2179 5540 ν,
2215 5497 2307 5531 και
2331 5498 2473 5532 ουτω
2493 5500 2565 5532 vet

2017 5496 2235 5614 (ωτὶῑι).
2275 5564 2332 5613 ιε,
2360 5565 2444 5617 ep.
2481 5550 2565 5603 16.
