3890 6134
421 210 487 274 47
1130 166 1135 170 ⁸
1503 216 2169 278 COMMENTATIONIS
2203 218 2396 278 PARS
2432 218 2517 278 II.
3593 216 3661 279 48

420 339 607 383 revera
631 340 788 379 suum
816 325 1109 380 duxitesse
1133 324 1386 389 oﬁlcium,
1412 325 1786 389 Heumannus,
1810 329 1853 382 si
1883 329 1988 383 sibi
2016 336 2061 391 Α
2089 343 2209 383 esse
2246 336 2532 399 poterant,
2577 327 2632 381 in
2662 340 2819 381 suum
2864 324 3136 381 transtulit
3162 339 3321 395 opus.
3350 323 3483 380 Inde
3506 324 3660 380 facil~

418 428 667 473 constare
695 418 829 478 vult,
864 432 987 471 eum
1025 417 1317 487 hypocritis
1349 418 1581 472 ascribat
1614 434 1835 473 necesse
1871 428 1985 485 est,

419 511 617 580 quippe
646 510 735 579 qui
768 509 1023 577 epistolas
1055 510 1271 577 quidem
1305 511 1625 565 adhortandi
1659 526 1822 565 causa
1854 512 1989 567 scri-

419 601 609 671 pserit,
635 601 727 654 sed
759 601 853 652 has
880 616 989 653 non
1018 600 1225 653 miserit
1249 600 1354 653 illis
1377 616 1606 669 quorum
1635 601 1863 671 praeﬁxit
1886 618 1988 657 no-

420 693 593 755 mina,
630 699 920 747 contentus
957 707 1048 745 eas
1083 691 1335 746 recitasse
1370 708 1552 747 coram
1589 693 1889 763 discipulis.
1928 694 1987 749 Si

420 799 549 837 vero
579 784 813 838 Isidorus
842 783 969 836 illud
1000 798 1155 836 suum
1188 798 1296 835 non
1325 798 1445 837 esse
1475 783 1707 837 oﬁicium
1738 786 1985 849 credidit,

420 876 647 930 mendax
696 884 781 929 est
828 874 971 927 illam
1022 874 1090 928 ad
1141 873 1413 928 Maronem
1470 876 1819 929 conscribens
1871 876 1989 945 epi-

421 964 634 1018 stolam.

491 1054 597 1109 Nos
629 1070 699 1109 ne
731 1055 991 1109 Isidorum
1025 1069 1126 1123 pro
1152 1055 1462 1109 simulatore
1494 1070 1557 1109 ac
1590 1055 1989 1112 dissimulatore

420 1145 621 1199 habere
660 1146 980 1211 debeamus,
1016 1146 1082 1199 ab
1123 1144 1427 1200 Heumanni
1468 1148 1740 1201 sententia
1777 1149 1956 1202 recedi

418 1254 560 1303 mus,
590 1247 747 1307 atque
777 1239 1031 1292 lectorem
1061 1254 1330 1307 quemque
1360 1248 1568 1308 septem
1600 1239 1725 1301 illis,
1757 1256 1985 1309 quarum

418 1331 752 1384 enumeratio
783 1332 1049 1398 sequitur,
1082 1330 1323 1399 epistolis
1355 1339 1561 1385 attento
1591 1332 1773 1385 animo
1810 1334 1989 1401 perle-

418 1422 546 1486 ctis,
598 1423 921 1476 conﬁdimus
976 1421 1179 1475 nostris
1232 1420 1507 1475 fauturum
1562 1437 1681 1477 esse
1722 1424 1987 1492 partibus.

418 1511 551 1567 Vide
620 1514 780 1583 igitur
840 1513 934 1565 lib.
998 1512 1043 1564 Il
1095 1527 1184 1581 ep.
1228 1513 1317 1579 2|,
1365 1513 1677 1584 Hermogem‘
1716 1515 1988 1585 episcopo;

416 1604 510 1658 Ii-b.
549 1604 617 1658 III
654 1620 741 1672 ep.
781 1604 868 1666 '55,
912 1604 1122 1656 Ilieraci
1164 1605 1493 1673 presbytero;
1531 1605 1623 1659 lib.
1664 1605 1730 1659 III
1768 1622 1856 1675 ep.
1898 1610 1983 1675 '70,

2088 418 2216 471 lime
2237 418 2501 487 quispiam
2528 417 2777 487 colligere
2802 416 3002 486 possit,
3043 413 3303 469 Irenteum
3346 412 3487 467 nihil
3516 414 3660 469 aliud

2088 507 2268 561 dicere
2293 507 2526 561 voluisse
2550 547 2564 571 ,
2596 506 2701 560 nisi
2733 521 2791 560 se
2832 520 2863 559 e
2899 500 3081 558 multis
3113 504 3395 558 Pelusiotae
3419 504 3661 574 epistolis

2087 598 2344 665 quasdam
2400 613 2513 653 suae
2577 596 2819 667 opinioni
2886 596 3129 650 faventes
3179 595 3401 664 elegisse
3459 610 3664 664 easque

2088 689 2445 743 transtulisse.
2499 689 2750 742 Attamen
2797 695 2911 740 tum
2961 685 3177 747 verbis,
3232 693 3347 738 tum
3390 685 3468 739 rei
3525 685 3660 739 mihi

2087 779 2302 848 quidem
2329 781 2544 834 videtur
2586 794 2707 834 esse
2750 779 2925 847 aptior
2956 778 3121 832 altera
3152 778 3345 831 borum
3370 778 3659 831 verborum

2086 868 2388 937 explicandi
2422 868 2580 922 ratio.
2627 866 2817 922 Statuo
2836 868 2980 922 enim
3006 906 3021 930 ,
3047 868 3303 921 lrenmum
3342 866 3523 920 verbis
3556 866 3662 919 illis

2089 958 2229 1012 hanc
2255 958 2550 1027 subjecisse
2576 959 2899 1012 sententiam
2925 975 2939 1010 :
2980 956 3086 1010 llas
3113 971 3302 1009 omnes
3326 956 3513 1009 Isidori
3543 956 3660 1023 epi-

2089 1047 2253 1101 stolas
2282 1062 2393 1099 non
2433 1047 2499 1099 ad
2530 1047 2757 1100 verbum
2784 1046 3082 1113 descripsi,
3116 1044 3210 1097 sed
3237 1044 3478 1112 excerpsi
3499 1082 3515 1107 ,
3561 1059 3655 1097 ex-

2087 1146 2408 1205 cerptasque
2436 1136 2491 1189 in
2520 1151 2698 1190 meum
2726 1136 2972 1190 transtuli
2998 1152 3152 1205 opus.
3176 1164 3245 1177 —
3272 1135 3337 1189 Et
3363 1144 3508 1190 certe
3529 1150 3661 1204 0pc-

2088 1242 2202 1280 ram
2229 1214 2584 1295 perdidisset,
2614 1226 2720 1281 nisi
2750 1242 2813 1281 ea
2842 1235 3051 1280 tantum
3082 1226 3269 1280 Isidori
3302 1226 3460 1279 verba
3485 1266 3499 1291 ,
3531 1225 3659 1295 qui-

2087 1315 2188 1370 bus
2217 1317 2540 1371 sententiam
2570 1330 2724 1370 suam
2762 1314 2980 1385 probari
3022 1329 3182 1383 posse
3211 1313 3521 1383 judicabat,
3562 1329 3656 1368 ve-

2088 1422 2207 1460 rum
2256 1407 2417 1460 etiam
2462 1422 2582 1474 quae
2616 1407 2683 1460 ad
2724 1420 2837 1460 rem
2883 1420 3108 1474 prorsus
3149 1420 3258 1458 non
3288 1404 3654 1473 pertinebant,

2086 1495 2267 1549 omnia
2316 1511 2513 1565 nempe
2554 1511 2675 1565 quae
2721 1494 2948 1548 formam
3000 1502 3246 1564 spectant
3296 1493 3651 1563 epistolicatn,

2087 1585 2439 1640 salutationes
2482 1586 2691 1655 aliaque
2737 1584 3031 1654 ejusmodi,
3062 1584 3455 1652 descripsisset.
3498 1583 3653 1649 Quod

414 1694 631 1762 Ophelio
660 1697 1032 1764 grammatico;
1062 1695 1155 1749 lib.
1187 1695 1253 1750 III
1285 1712 1370 1765 ep.
1402 1696 1532 1762 270,
1564 1674 1837 1767 Lampetie
1870 1674 1980 1768 cpi;

2087 1691 2207 1731 cum
2237 1684 2345 1730 tam
2373 1675 2529 1730 facile
2569 1677 2639 1730 sit
2664 1674 2937 1729 intellectu
2964 1713 2980 1739 ,
3022 1689 3133 1728 non
3160 1675 3331 1728 solum
3365 1676 3650 1739 Irenaaum,

415 1803 597 1855 scopo;
628 1788 723 1840 lib.
754 1787 819 1840 III
852 1803 937 1857 ep.
968 1787 1094 1848 282,
1123 1787 1402 1841 Archontio
1436 1805 1599 1857 remp.
1631 1792 1830 1860 gerenti
1843 1807 1861 1854 ;
1893 1792 1987 1847 lib.

417 1878 484 1931 ιν
521 1894 607 1948 ep.
650 1880 773 1943 205,
812 1878 1051 1946 Olympio
1088 1878 1402 1948 presbytero,
1439 1880 1777 1947 scholastica;
1817 1881 1910 1937 lib.
1948 1881 1992 1936 γ

417 1984 507 2038 ep.
540 1970 665 2034 219,
696 1966 956 2023 Theodoro
983 1971 1220 2024 diacono.

486 2063 623 2117 Cum
650 2064 736 2118 his
782 2065 977 2118 litteris
1011 2063 1243 2118 conferri
1282 2070 1509 2134 possunt
1534 2062 1651 2117 alite
1685 2064 1987 2133 permultae,

417 2155 613 2223 quibus
650 2155 884 2209 Isidorus
907 2193 922 2219 ,
968 2169 1026 2208 se
1056 2154 1186 2208 viris
1213 2154 1318 2208 illis
1359 2152 1726 2222 petulantibus
1756 2166 1811 2209 et
1841 2156 1993 2209 luxu-

419 2246 579 2299 riosis
627 2244 879 2314 epistolas
934 2244 1133 2312 smpius
1188 2243 1399 2297 misisse
1430 2281 1446 2305 ,
1508 2242 1670 2311 plane
1709 2244 1987 2311 declarat;

417 2336 585 2399 velut,
615 2336 709 2389 lib.
747 2351 805 2388 ιιι
852 2349 940 2403 ep.
972 2334 1060 2399 67,
1090 2333 1178 2398 90,
1213 2333 1336 2397 525,
1381 2332 1517 2398 597;
1556 2332 1651 2387 lib.
1685 2351 1749 2400 ν,
1778 2350 1865 2405 ep.
1898 2336 1987 2401 84,

416 2425 542 2491 210,
577 2414 704 2490 285,
740 2425 863 2479 561.

488 2514 623 2567 Cum
663 2514 826 2584 igitur
868 2512 1104 2567 Isidorus
1142 2513 1258 2582 ipse
1305 2513 1488 2567 multis
1517 2513 1647 2569 locis
1677 2512 1990 2568 declarave-

420 2607 518 2670 rit,
563 2621 622 2660 se
651 2603 884 2660 Eusebio
914 2603 1201 2673 episcopo,
1235 2603 1482 2670 Zosimo,
1525 2602 1768 2669 Maroni,
1809 2602 1989 2657 Marti-

418 2698 581 2750 niano
616 2705 671 2750 et
701 2695 981 2749 Eustathio
1021 2693 1348 2764 presbyteris
1381 2694 1586 2748 litteras
1624 2694 1836 2749 misisse
1858 2736 1873 2761 ,
1898 2696 1988 2749 vix

419 2787 643 2857 intelligi
702 2796 882 2857 potest
920 2786 1189 2855 quomodo
1219 2784 1569 2839 Heumannus
1602 2800 1793 2839 omnes
1821 2825 1835 2849 ,
1868 2801 1988 2854 quae

416 2877 484 2931 ad
534 2877 781 2931 homines
827 2876 958 2930 istos
1003 2875 1141 2929 data:
1194 2883 1351 2939 sunt,
1400 2874 1653 2943 epistolas
1699 2875 1752 2927 in
1797 2876 1986 2930 umbra

416 2967 766 3029 scholastica,
797 2974 856 3020 ut
906 2966 1021 3035 ipse
1051 2966 1155 3030 ait,
1188 2967 1511 3034 compositas
1535 3003 1550 3027 ,
1582 2978 1757 3033 neque
1800 2963 1867 3018 ad
1892 2980 1985 3019 eos

415 3074 644 3127 quorum
674 3057 889 3128 praeﬁxa
915 3066 1042 3110 sunt
1063 3055 1278 3109 nomina
1310 3055 1501 3109 missas
1528 3054 1712 3119 fuisse,
1743 3062 1983 3110 statuere

414 3148 651 3217 potuerit
674 3164 689 3212 ;
722 3146 1017 3215 praesertim
1034 3159 1155 3197 cum
1182 3144 1296 3213 ipse
1321 3160 1375 3213 p.
1411 3144 1475 3197 15
1495 3158 1552 3197 se
1578 3143 1765 3197 Isidori
1793 3143 1986 3213 episto-

414 3239 494 3291 las
522 3238 843 3308 perlegisse,
873 3236 1125 3303 justaqne
1168 3234 1407 3288 adhibita
1456 3234 1754 3287 attentione
1801 3234 1983 3302 perlu-

415 3340 614 3384 strasse
644 3326 1006 3380 alﬁrmaverit.

484 3418 553 3471 At
579 3431 686 3469 non
712 3414 907 3469 sulﬁcit
933 3414 1157 3466 aliorum
1182 3410 1464 3481 opiniones
1490 3409 1770 3475 refutasse,
1796 3426 1981 3465 verum

415 3523 591 3561 meam
643 3508 712 3561 de
772 3504 961 3559 Isidori
1017 3501 1257 3572 epistolis
1309 3501 1631 3555 sententiam
1681 3501 1977 3570 explicabo,

415 3613 573 3668 quam
595 3640 609 3663 ,
649 3598 691 3651 si
727 3596 838 3649 ﬁeri
871 3601 1079 3664 potest,
1110 3602 1351 3647 veterum
1378 3592 1698 3661 scriptorum
1734 3594 1979 3647 testimo-

416 3692 521 3745 niis
556 3688 862 3756 ﬁrmisque,
905 3701 1023 3756 qua:
1061 3701 1124 3740 ex
1165 3685 1297 3755 ipsis
1338 3685 1499 3753 hujus
1527 3685 1626 3739 viri
1659 3685 1852 3739 litteris
1882 3686 1980 3739 de-

414 3785 662 3850 prompta
697 3785 854 3842 sunt,
908 3775 1274 3846 argumentis,
1320 3773 1535 3843 probari
1585 3782 1817 3843 oportet.
1869 3774 1979 3844 Ego

413 3879 593 3924 autem
633 3882 820 3923 verum
878 3865 1112 3920 sensisse
1146 3864 1376 3919 arbitror
1419 3862 1826 3919 Schrteckhium
1875 3864 1975 3935 (a),

413 3959 502 4028 qui
541 3958 800 4027 plurimas
825 3955 1012 4011 Isidori
1051 3953 1305 4023 epistolas
1351 3968 1458 4007 non
1490 3968 1554 4007 ea
1584 3953 1756 4008 forma
1785 3970 1888 4024 qua
1918 3955 1975 4009 in

412 4049 574 4103 editis
593 4063 800 4102 excusa:
827 4047 935 4101 sint
954 4043 1349 4114 exemplaribus
1368 4084 1382 4109 ,
1413 4043 1481 4099 ab
1508 4053 1728 4098 auctore
1750 4045 1980 4115 scriptas

411 4153 567 4202 esse,
606 4138 701 4192 sed
744 4154 774 4191 a
812 4135 1093 4191 monachis
1128 4145 1405 4203 excerptas
1444 4134 1509 4188 ad
1538 4143 1774 4189 nostram
1807 4150 1979 4203 usque

412 4237 622 4283 aetatem
654 4228 965 4297 pervenisse
986 4269 1000 4291 ,
1033 4233 1190 4280 acute
1228 4224 1476 4294 conjecit.
1525 4223 1660 4279 Cum
1701 4240 1831 4280 vero
1860 4225 1973 4295 ipse

411 4315 740 4385 argumentis
774 4315 911 4368 hanc
936 4328 1088 4369 suam
1114 4312 1434 4367 sententiam
1465 4313 1691 4381 probare
1719 4314 1788 4367 ab
1815 4314 1970 4368 insti-

2090 1781 2279 1822 verum
2309 1767 2505 1820 multos
2532 1766 2723 1819 harum
2750 1765 3094 1834 epistolarum
3117 1765 3476 1835 descriptores
3509 1766 3652 1821 idem

2090 1856 2325 1909 sensisse
2367 1856 2617 1909 arbitror.
2648 1855 2832 1925 Neque
2867 1856 2959 1924 qui
2997 1854 3182 1910 Isidori
3213 1856 3418 1911 litteras
3444 1872 3567 1926 quae
3598 1858 3651 1911 in

2089 1944 2249 1999 editis
2276 1943 2495 1998 Patrum
2525 1953 2738 1999 exstant
2761 1944 2998 2009 catenis,
3029 1960 3150 1999 cum
3180 1944 3284 2000 illis
3311 1962 3429 2015 qua:
3458 1946 3513 1999 in
3535 1946 3653 2001 edi-

2091 2035 2237 2089 tione
2269 2034 2559 2089 Parisiensi
2596 2050 2806 2090 excusas
2838 2044 2997 2100 sunt,
3046 2036 3319 2098 conferet,
3352 2039 3494 2093 hanc
3524 2054 3656 2093 sen-

2090 2123 2312 2176 tentiam
2335 2137 2434 2191 pro
2461 2138 2609 2177 mera
2638 2124 2859 2177 habebit
2892 2125 3197 2194 hypotbesi.
3229 2128 3439 2180 Etenim
3469 2144 3534 2181 ex
3566 2130 3656 2182 in-

2089 2213 2275 2268 stituta
2304 2214 2704 2283 comparatione
2732 2223 3043 2269 catenarum
3080 2225 3331 2271 auctores
3367 2216 3655 2273 Pelusiotae

2088 2306 2342 2375 epistolas
2369 2321 2479 2359 non
2508 2306 2752 2376 religiose
2774 2306 3128 2375 descripsisse
3170 2306 3420 2362 facillime
3449 2309 3656 2363 intelli-

2082 2398 2250 2467 gitur.
2278 2396 2432 2463 Quod
2461 2396 2562 2451 etsi
2589 2397 2849 2466 exemplis
2877 2397 3196 2466 quibusdam
3234 2398 3415 2451 statim
3448 2400 3654 2468 possim

2087 2488 2373 2543 ostendere
2402 2527 2417 2552 ,
2455 2496 2633 2541 tamen
2654 2528 2670 2553 ,
2702 2502 2825 2542 cum
2861 2489 2928 2541 ab
2972 2487 3205 2541 instituti
3235 2488 3406 2543 nostri
3446 2490 3657 2544 ratione

2087 2593 2194 2632 non
2221 2578 2456 2632 alienum
2494 2578 2595 2653 sit,
2626 2578 2807 2631 omnia
2843 2594 2963 2647 quae
2998 2587 3219 2632 catenas
3254 2593 3377 2633 cum
3403 2579 3601 2634 litteris
3624 2597 3654 2635 a

2086 2666 2356 2721 Chatardo
2378 2707 2394 2731 ,
2421 2664 2785 2721 Rittershusio
2815 2676 2871 2721 et
2896 2666 3117 2723 Sehotto
3152 2668 3310 2723 editis
3337 2683 3657 2739 comparan-

2088 2765 2171 2812 tes
2199 2758 2507 2812 notavimus
2526 2797 2541 2823 ,
2573 2773 2696 2812 cum
2725 2758 2925 2812 lectore
2939 2760 3338 2814 communicare
3366 2760 3654 2826 benevolo,

2085 2855 2142 2900 et
2176 2861 2302 2901 cum
2325 2888 2340 2913 ,
2369 2847 2594 2916 probata
2637 2847 2755 2901 aliis
2776 2862 2991 2916 quoque
3028 2848 3359 2919 argumentis
3383 2848 3657 2905 Schoeck-

2086 2935 2494 3003 hii-sententia,
2525 2937 2593 2992 ad
2636 2939 2775 2991 hanc
2831 2952 2945 2992 rem
2981 2939 3364 2994 recurrendum
3417 2939 3528 3007 sit,
3567 2941 3657 2997 hic

2010 3013 2053 3069 C
2086 3028 2244 3083 nobis
2276 3029 2457 3083 omnia
2486 3029 2575 3083 illa
2608 3029 2767 3083 liceat
2790 3029 3063 3086 omittere.

2155 3142 2359 3198 Deinde
2386 3151 2564 3197 autem
2594 3157 2658 3197 ex
2683 3157 2748 3197 eo
2770 3143 2911 3212 quod
2935 3142 3182 3212 plurimae
3200 3143 3389 3198 Isidori
3410 3146 3657 3216 epistola

2084 3230 2233 3287 omni
2288 3242 2474 3287 carent
2506 3234 2677 3287 forma
2722 3234 3033 3302 epistolica,
3073 3249 3164 3288 eas
3198 3250 3303 3289 non
3350 3236 3429 3290 sic
3478 3237 3555 3291 uti
3594 3239 3654 3293 in

2069 3312 2319 3377 editione
2346 3323 2635 3377 Parisiensi
2665 3331 2898 3390 exstant,
2939 3324 3005 3379 ab
3030 3335 3250 3381 auctore
3279 3328 3505 3395 scriptas
3526 3344 3653 3386 esse

2078 3413 2202 3481 jure
2231 3412 2519 3483 colligitur.
2559 3412 2642 3466 Cf.
2686 3412 2781 3466 lib.
2812 3430 2849 3478 ι,
2890 3429 2978 3484 ep.
3016 3416 3310 3482 105,161,
3342 3417 3483 3485 228,
3520 3421 3650 3487 256,

2081 3502 2221 3567 258,
2254 3502 2392 3568 244,
2425 3502 2530 3557 279
2551 3542 2566 3569 ,
2596 3502 2732 3568 294,
2763 3503 2895 3569 295,
2927 3505 3063 3567 296,
3105 3515 3206 3561 etc.

2152 3614 2394 3669 Tertium
2423 3624 2477 3671 et
2501 3616 2715 3686 quidem
2734 3618 3106 3687 gravissimum
3126 3660 3140 3685 ,
3167 3636 3273 3690 quo
3290 3621 3429 3678 hanc
3456 3622 3523 3677 de
3554 3624 3651 3679 lsi-

2079 3704 2196 3759 dori
2220 3706 2463 3775 epistolis
2494 3708 2814 3761 sententiam
2832 3724 3091 3764 conamur
3106 3711 3333 3781 probare
3353 3727 3649 3783 argumen-

2081 3801 2193 3847 tum
2211 3794 2278 3849 ab
2291 3794 2531 3864 epistolis
2547 3810 2666 3865 quae
2678 3796 2758 3849 bis
2775 3796 2826 3849 in
2850 3796 3007 3851 editis
3021 3805 3232 3851 exstant
3246 3798 3649 3867 exemplaribus

2078 3887 2304 3956 petitum
2331 3895 2431 3941 est.
2470 3886 2529 3939 In
2570 3885 2655 3940 his
2681 3886 2825 3940 enim
2855 3888 3143 3941 maximam
3179 3897 3383 3957 partem
3413 3888 3481 3942 ad
3518 3904 3644 3944 ver-

2078 3977 2203 4031 bum
2243 3977 2346 4031 sibi
2381 3977 2830 4047 respondentibus
2884 3977 3153 4031 interdum
3200 3978 3284 4042 ﬁt,
3335 3986 3393 4030 ut
3440 3993 3527 4033 res
3588 3979 3643 4032 in

2075 4070 2244 4124 altera
2273 4069 2457 4123 multis
2484 4069 2663 4123 verbis
2689 4068 2928 4137 exposita
2946 4108 2961 4131 ,
2987 4067 3041 4120 in
3071 4068 3234 4122 altera
3260 4068 3443 4137 paucis
3458 4070 3642 4124 absol-

2075 4172 2266 4227 vatur;
2314 4170 2375 4215 ut
2422 4161 2711 4231 cogitatum
2760 4159 2815 4211 in
2858 4159 2960 4213 hac
2996 4172 3217 4228 prorsus
3271 4158 3531 4212 omissum
3583 4160 3641 4213 in

2075 4251 2161 4305 illa
2194 4251 2475 4321 adjiciatur
2494 4290 2509 4314 ,
2539 4260 2600 4305 ut
2624 4249 2855 4318 denique
2903 4248 3052 4303 mine
3082 4248 3419 4316 reperiantur
3442 4257 3642 4301 mutto-

2002 4347 2192 4406 Drum
2242 4343 2533 4397 verborum
2596 4338 3055 4409 transpositiones.
3116 4337 3245 4403 Quae
3298 4337 3523 4400 omnia,
3582 4347 3643 4393 ut

413 4406 508 4458 tuti
550 4404 758 4458 ratione
787 4404 1020 4457 alienum
1072 4416 1192 4457 esse
1220 4401 1523 4467 censuerit,
1561 4402 1719 4456 nobis
1744 4402 1861 4458 haec
1889 4419 1974 4458 re-
2003 4401 2035 4406 “
2073 4430 2323 4499 equidem
2352 4430 2584 4483 arbitror
2607 4470 2621 4493 ν
2658 4401 2768 4483 um}
2800 4428 3013 4481 demum
3052 4401 3193 4481 rec—te
3241 4424 3509 4494 explicare
3536 4442 3641 4496 ρο,

410 4496 533 4548 licta
566 4502 649 4548 est
679 4492 975 4562 provincia.

478 4585 643 4639 Favet
682 4590 866 4636 autem
890 4621 904 4644 ,
948 4589 1007 4634 ut
1034 4579 1281 4648 equidem
1329 4577 1587 4643 arbitror,
1637 4576 1971 4632 Schrmckhii

408 4674 732 4741 conjecturae
775 4669 904 4722 illud
949 4668 1133 4722 Irena'i
1182 4667 1426 4728 dictum,
1471 4665 1613 4733 quod
1641 4666 1813 4734 prima
1860 4665 1971 4733 jum

407 4763 684 4816 attulimus
728 4761 891 4828 hujus
941 4756 1407 4812 connnentationis
1463 4764 1651 4824 parte,
1712 4755 1974 4824 cujusque

405 4853 571 4907 verba
601 4853 707 4906 huc
750 4848 1045 4920 spectantia
1090 4848 1204 4902 haec
1237 4854 1398 4900 sunt:
1447 4844 1583 4899 cllas
1607 4860 1795 4899 omnes
1821 4843 1963 4897 beati

406 4942 594 4997 Isidori
628 4939 922 5010 (epistolas)
953 4967 1019 4980 -—
1043 4936 1285 5005 excerpsi
1315 4944 1371 4989 et
1398 4934 1644 4989 transtuli
1676 4949 1738 4987 ex
1762 4934 1965 5002 cpisto-

406 5034 470 5087 lis
512 5034 630 5100 ejus
668 5031 881 5084 duobus
924 5029 1211 5083 millibus»
1260 5026 1391 5092 Quae
1424 5026 1585 5101 verba
1617 5024 1815 5094 duplici
1844 5024 1965 5093 qui-

405 5128 526 5180 dem
554 5123 714 5177 nmdo
750 5122 1002 5192 explicari
1032 5130 1277 5190 possunt.
1320 5118 1453 5171 Nam
1477 5117 1729 5179 Irenaeus,
1760 5116 1835 5169 uti
1859 5115 1967 5169 Lu—

404 5229 506 5284 pus
539 5213 793 5280 praeclare
838 5211 1080 5275 notavit,
1122 5224 1230 5263 non
1272 5222 1462 5262 omnes
1499 5204 1684 5259 Isidori
1713 5205 1968 5275 epistolas

404 5303 461 5355 in
502 5299 881 5356 vetustissimis
913 5298 1015 5352 illis
1052 5296 1439 5351 Acmmetensis
1473 5295 1783 5349 monasterii
1814 5296 1966 5349 codi-

406 5392 557 5447 cibus
585 5391 943 5461 perscriptas,
974 5403 1162 5443 verum
1204 5403 1295 5441 eas
1325 5395 1530 5442 tantum
1560 5401 1680 5455 quae
1709 5386 1808 5455 ipsi
1842 5386 1963 5442 usui

474 5544 552 5613 (ιι)
576 5542 905 5599 Schroeckh.
940 5540 1081 5598 Hist.
1116 5541 1238 5594 εστι.
1266 5540 1370 5592 vol.
1400 5537 1554 5593 XVII.
1579 5555 1632 5607 p.
1674 5537 1795 5590 526.

2075 4521 2205 4574 teris
2223 4562 2237 4586 ,
2271 4521 2313 4574 si
2331 4520 2680 4576 Schroeckbii
2706 4520 2908 4575 favebis
2930 4518 3226 4573 sententia.
3257 4516 3361 4571 Sed
3384 4526 3443 4571 ut
3466 4518 3646 4573 lector

2072 4612 2303 4681 quisque
2329 4613 2396 4666 de
2426 4613 2526 4666 hac
2552 4627 2610 4665 re
2632 4611 2873 4681 judicare
2900 4609 3091 4678 possit,
3114 4608 3361 4677 exempla
3390 4609 3643 4677 quaedam

2074 4704 2369 4757 aderantur
2408 4716 2628 4756 necesse
2654 4708 2756 4755 est.

2211 4816 2324 4870 LIB.
2345 4813 2409 4874 II,
2430 4830 2515 4868 ΕΡ.
2549 4813 2671 4867 162.
3025 4808 3136 4862 Lm.
3162 4806 3230 4876 V,
3257 4823 3339 4862 ει).
3365 4809 3490 4864 116.

2152 4927 2367 4996 Ἐπειδὴ
2383 4927 2664 4997 γέγραφας
2689 4923 2816 4975 θαυ-
2964 4922 3182 4992 Ἐπειδὴ
3198 4922 3477 4994 γέγραφας
3500 4923 3635 4978 θαυ-

2075 5023 2286 5090 μάζειν,
2314 5021 2458 5080 ὅπως
2486 5017 2545 5068 τὸ
2570 5014 2813 5085 ἱερᾶσθαι
2888 5012 3097 5082 μάζειν,
3133 5013 3279 5076 ὅπως
3305 5013 3365 5066 τὸ
3384 5015 3639 5083 ἱερᾶσθαι

2071 5111 2316 5181 Ζώσιμον
2342 5109 2431 5163 τὸν
2461 5106 2716 5160 δοκοῦντα
2739 5100 2815 5157 εἶ·
2885 5101 3132 5171 Ζώσιμον
3187 5103 3358 5157 δεινὸν
3420 5103 3501 5168 ὃν,
3571 5107 3641 5158 οὐ

2068 5220 2155 5256 ναι
2173 5201 2535 5273 πρεσϐύτερον
2550 5199 2718 5252 δεινὸν
2732 5196 2812 5257 ὃν,
2883 5193 3051 5245 δεινὸν
3088 5190 3224 5247 εἶναι
3259 5194 3403 5247 δοκεῖ
3424 5195 3502 5265 τῷ
3530 5213 3639 5248 πα-

2066 5296 2126 5347 οὑ
2168 5294 2337 5347 δεινὸν
2383 5289 2520 5345 εἶναι
2567 5291 2713 5344 δοκεῖ
2738 5287 2813 5357 τῷ
2888 5288 3133 5358 ρανόμως
3162 5291 3637 5360 χειροτονήσαντιο

2066 5383 2396 5454 παρανόμως
2422 5382 2583 5436 αὑτὸν
2607 5382 2676 5452 (b)
2703 5397 2814 5450 χει·
2884 5382 3277 5435 ἀντεπιστέλλω
3315 5382 3395 5434 ὅτι
3434 5384 3499 5435 σὺ
3531 5383 3641 5453 μὲν

2145 5537 2215 5604 (b)
2245 5534 2399 5603 Αὐτῷ
2432 5535 2588 5589 codd.
2613 5532 2734 5588 Vat.
2762 5534 2886 5613 619,
2906 5542 2961 5588 et
2990 5535 3092 5586 Alt.
