3890 6134
256 411 604 484 ροτονήσαντι,
649 414 888 483 φήσαιμι
912 413 992 466 ὅτι

254 503 398 566 αὐτὸς
432 504 531 573 μὲν
557 504 669 556 ἀπὸ
704 505 995 574 μισοπονή-

256 612 335 664 ρου
374 595 468 646 καὶ
515 595 814 662 φιλαγάθου
869 594 993 662 τρό-

254 702 342 736 που
378 684 601 747 δικαίως
631 687 952 752 ἀγανακτεῖς
975 702 988 715 ·

254 777 413 839 οὐδεὶς
434 777 542 846 γὰρ
572 778 708 846 πρὸς
739 777 880 829 τοῦτ’
902 777 995 828 ἀν-

253 872 388 940 τερεῖ
408 870 507 939 (a).
526 868 669 937 Ἐγὼ
694 870 751 922 δέ
780 887 859 922 σοι
897 870 995 922 κά-

254 961 386 1011 κεῖνο
416 959 746 1029 παραινέσαι
788 960 995 1013 δίκαιον

252 1051 448 1121 ᾠήθην,
482 1052 725 1121 καθαρὰν
757 1070 994 1120 κακηγο-

256 1141 362 1209 ρίας
385 1142 457 1209 (b)
483 1143 583 1211 τὴν
608 1142 851 1209 γλῶτταν
878 1144 994 1196 δια-

254 1232 494 1301 τηρῆσαι.
520 1233 584 1284 Εί
607 1233 717 1302 γὰρ
748 1235 995 1297 κάκεῖνος

258 1322 478 1389 μυρίων,
537 1321 611 1382 ὼς
668 1321 990 1391 γέγραφας,

254 1411 385 1463 ἐστὶν
415 1410 564 1473 ἄξιος
592 1410 855 1476 θανάτων,
888 1424 993 1481 μη-

252 1501 374 1568 δὲ(σ)
408 1506 477 1574 τῇ
501 1507 631 1574 τιμῇ
662 1505 992 1573 βελτιωθεὶς,

255 1594 352 1644 ἀλλ’
389 1594 541 1664 ὅπλῳ
570 1597 765 1659 κακίας
804 1600 868 1667 τῇ
921 1598 995 1648 ίε-

257 1682 459 1752 ρωσύνῃ
508 1686 851 1754 χρησάμενος
901 1686 995 1738 καὶ

254 1772 458 1842 τολμῶν
492 1776 558 1827 τὰ
584 1774 883 1843 άτόλμητα·
917 1775 995 1828 διὸ

255 1863 339 1915 καὶ
366 1864 521 1933 παρά
555 1864 647 1916 τοῦ
697 1866 992 1918 ἀδεκάστου

256 1955 453 2022 κριτοῦ,
482 1958 529 2007 εί
554 1959 626 2027 μὴ
650 1959 998 2027 γνωσιμαχή-

256 2060 355 2096 σειε
380 2085 397 2109 ,
432 2046 795 2115 σφοδροτάτας
829 2047 993 2099 ἀπαι-

255 2133 537 2204 τηθήσεται
576 2135 762 2198 δίκας·
799 2137 857 2188 οὐ
892 2137 998 2207 γὰρ

254 2226 422 2289 ἄδικος
442 2229 470 2280 6
497 2227 647 2288 Θεός·
669 2228 784 2280 ἀλλ’
807 2224 897 2281 οὖν
919 2228 995 2299 (d)

254 2312 308 2364 τὺ
334 2315 529 2366 σαυτοῦ
565 2316 738 2384 στόμα
766 2318 998 2382 μιαίνειν

254 2403 343 2455 οὒκ
366 2406 485 2473 εἴης
508 2405 732 2470 δίκαιος,
752 2406 846 2469 τὰς
873 2424 998 2475 μια-

257 2497 344 2562 ρὰς
382 2497 595 2548 ἐκείνου
632 2495 858 2565 πράξεις
908 2496 998 2547 ὲκ-

256 2586 539 2659 κωμῳδῶν.

378 2697 495 2751 LIB.
527 2694 617 2760 ιν,
648 2713 729 2750 ει).
763 2695 849 2749 56.

320 2828 387 2879 ’Ἠ
444 2830 510 2880 ὲκ
556 2828 865 2898 φιλαρχίας,
918 2825 995 2881 οϊ-

255 2936 362 2987 μαι,
389 2923 421 2991 ἢ
447 2923 514 2974 ἐκ
537 2922 875 2990 προλήψεως,
906 2922 996 2975 δύο

249 3012 763 3083 δυσκαταγωνίστων
788 3016 993 3082 παθῶν,

252 3108 344 3169 τὰς
373 3111 614 3178 αἱρέσεις
641 3110 917 3179 τετέχθαι’
947 3114 994 3164 οἱ

253 3199 346 3265 μὲν
370 3202 478 3274 γὰρ
511 3204 580 3272 (e)
619 3204 679 3255 ὲν
710 3206 821 3268 τοῖς
852 3204 991 3275 ὑπη-

250 3293 389 3355 κόοις
437 3298 511 3365 μὴ
548 3295 878 3360 ἀξιώσαντες
920 3294 995 3350 εἷο

251 3400 348 3447 ναι,
424 3389 560 3457 μηδὲ
638 3390 903 3454 καταδεξά
909 3409 996 3459 με-

249 3494 322 3530 νοι
347 3482 621 3552 νεωτέρας
650 3483 995 3547 διδασκαλίας

252 3567 464 3637 σπέρμα
530 3572 991 3640 καταϐεϐλήκασι,

247 3658 351 3719 τοῖς
369 3659 710 3713 καθεστῶσιν
735 3663 995 3731 ἐμμένειν

248 3744 320 3814 μὴ
355 3750 816 3815 καταξιώσαντες.

366 4043 487 4099 ιω.
522 4047 577 4110 ι,
612 4062 700 4100 ει).
732 4048 858 4101 271.

320 4166 387 4219 Ἡ
418 4168 582 4234 φύσις
610 4171 645 4239 ἡ
666 4171 997 4240 ἀνθρωπεία,

243 4258 538 4329 θαυμάσιε,
566 4258 689 4316 οὕτε
712 4266 998 4319 ἀνεπίδεκ-

241 4353 329 4414 τός
359 4357 485 4408 ἐστι
515 4357 706 4422 κακοῦ,
740 4358 863 4411 οὔτε
895 4378 995 4427 φυ-

244 4444 412 4507 σικῶς
438 4448 698 4518 κέκτηται
734 4451 800 4503 τὰ
832 4452 996 4504 κακά’

240 4533 377 4589 ἀλλά
406 4539 600 4610 γνώμη
630 4542 804 4594 ταῦτα
824 4560 997 4614 προσ-

246 4627 435 4695 ιεμένη
459 4629 559 4699 τὴν
582 4632 688 4683 τῶν
728 4633 902 4687 καλῶν
929 4635 995 4705 (Γ)

244 4708 514 4780 ὑπομένει
541 4718 871 4775 ἀπόπτωσιν.

387 4801 516 4858 LIb.
541 4808 579 4866 ι,
616 4822 699 4861 ει).
729 4808 854 4863 272.

1327 305 1423 364 Ι)Ε
1466 302 1808 362 SCRIPTIS
1845 302 2135 362 lSIDORI
2174 303 2433 362 PELUS.

1064 413 1173 466 ἀπὸ
1214 414 1579 484 μισοπονήρου
1617 412 1816 484 τρόπου
1845 418 1894 473 Α
1920 414 2013 466 καὶ
2064 414 2094 466 6
2144 414 2359 483 πρῶτος
2398 411 2663 466 πέπονθεν
2730 410 2836 480 τῆς
2886 408 3158 479 σωτηρίας
3210 407 3483 489 ἐξέπεσεν,

1065 502 1287 566 εἰκότως
1335 503 1662 570 ἀγανακτεῖς
1684 518 1697 531 ·
1729 504 1819 555 οὐ·

1063 596 1170 658 δεὶς
1202 597 1309 666 γὰρ
1342 597 1476 666 πρὸς
1503 595 1661 650 τοῦτο
1691 598 1818 650 ἀντ-

1064 687 1205 739 είποι
1252 687 1461 739 Ἐκεῖνο
1488 687 1543 739 δέ
1580 704 1661 740 σοι
1714 706 1817 742 πα-

1067 779 1394 848 ραινέσαιμι,
1424 780 1670 851 καθαρὰν
1717 798 1817 833 κα-

1064 870 1327 938 κηγορίας
1390 873 1491 939 τὴν
1570 872 1818 940 γλῶτταν

1064 960 1382 1028 διαφυλάξαι
1408 978 1421 992 ·
1452 963 1501 1014 εἰ
1530 962 1638 1031 γὰρ
1666 965 1812 1016 έκεῖ-

1064 1067 1151 1112 νος
1214 1052 1422 1122 μυρίων
1493 1052 1680 1118 ἄξιος,
1742 1052 1818 1115 ὡς

1064 1143 1366 1212 γέγραφας,
1383 1143 1661 1212 σκηπτῶν,
1683 1143 1817 1213 μηδὲ

1065 1232 1129 1300 τῇ
1164 1233 1293 1300 τιμῇ
1322 1231 1660 1301 βελτιωθεὶς,
1697 1233 1812 1285 ἀλλ’

1063 1321 1212 1391 ὅπλῳ
1238 1323 1434 1385 κακίας
1454 1325 1519 1391 τῇ
1552 1322 1815 1392 ἱερωσύνῃ

1065 1411 1410 1481 χρησάμενος
1426 1451 1440 1476 ,
1476 1413 1571 1464 καὶ
1598 1410 1815 1482 τολμῶν

1066 1501 1347 1571 ἀτόλμητα
1374 1518 1387 1531 ο
1418 1500 1554 1553 ἀλλὰ
1593 1502 1725 1568 σύγε
1757 1501 1816 1553 τὸ

1066 1590 1261 1641 σαυτοῦ
1346 1589 1518 1659 στόμα
1584 1590 1815 1659 μιαίνειν

1062 1681 1160 1733 οὐκ
1185 1680 1436 1747 ὀφείλεις,
1474 1683 1570 1744 τὰς
1614 1682 1816 1751 μιαρὰς

1062 1774 1271 1827 ἐκείνου
1330 1776 1556 1845 πράξεις
1612 1750 1813 1845 έκτρά-
1848 1750 1888 1804 Β
1915 1773 2014 1836 τὰς
2050 1750 2346 1842 εὐημερίας
2379 1750 2664 1841 θεράπευελ

1064 1864 1270 1932 γῳδών,
1308 1866 1399 1917 καὶ
1433 1866 1529 1933 τὴν
1556 1866 1661 1917 τῶν
1690 1866 1816 1935 τρό-

1066 1975 1181 2009 πων
1211 1959 1502 2028 σκαιότητα
1528 1958 1817 2030 διηγούμε-

1066 2066 1176 2112 νος.

1207 2693 1320 2747 ιω.
1352 2692 1417 2756 ν,
1448 2710 1528 2747 EP.
1552 2692 1677 2749 259.

1136 2833 1204 2884 Ἦ
1228 2834 1291 2884 ἐκ
1314 2831 1624 2902 φιλαρχίας,
1645 2826 1818 2901 οἶμαι,

1065 2922 1099 2992 ἢ
1155 2923 1221 2975 ὲκ
1286 2922 1648 2993 προλήψεως,
1727 2923 1822 2976 δύο

1065 3012 1587 3079 δυσκαταγωνίστων
1610 3011 1816 3075 παθῶν,

1063 3104 1161 3167 τὰς
1191 3104 1430 3173 αἱρέσεις
1453 3102 1815 3174 τετέχθαιυι).
1847 3086 1891 3143 C

1065 3194 1114 3248 oi.
1165 3194 1263 3265 μὲν
1305 3193 1414 3263 γάρ
1464 3194 1522 3245 ὲν
1558 3195 1670 3257 τοῖς
1719 3194 1818 3247 ὐπ-

1065 3288 1248 3359 ηκόοις
1280 3288 1353 3358 μὴ
1382 3286 1708 3351 ἀξιώσαντες
1734 3284 1817 3340 εἴ·

1066 3393 1187 3431 ναι“
1219 3379 1268 3429 οί
1305 3378 1363 3430 δὲ
1397 3380 1536 3447 μετά
1578 3378 1638 3431 τὸ
1684 3395 1818 3448 προ-

1064 3468 1352 3538 ληφθῆναι,
1391 3468 1703 3539 διδαχθῆναι
1738 3470 1811 3540 μὴ

1066 3557 1485 3626 καταδεξάμενοι
1505 3600 1519 3620 ,
1549 3559 1817 3628 νεωτέρας

1064 3648 1408 3710 διδασκαλίας
1426 3650 1715 3717 σπέρματα
1728 3667 1819 3702 κα-

1066 3741 1428 3812 ταϐεϐλήκασι
1450 3782 1465 3807 ,
1512 3745 1624 3804 τοῖς
1658 3744 1816 3797 καθε-

1070 3833 1321 3902 στηκόσιν
1396 3836 1650 3903 ἐμμεῖναι
1743 3835 1817 3905 μὴ

1068 3921 1415 3986 ἀξιώσαντες.

1213 4057 1323 4112 LIB.
1355 4059 1396 4113 Ι.
1433 4075 1514 4113 ar.
1548 4060 1673 4115 305.

1152 4177 1215 4229 Ἦ
1240 4179 1398 4247 φύσις
1430 4182 1462 4248 ἡ
1485 4180 1815 4249 ἀνθρωπεία,

1066 4267 1353 4336 θαυμάσιε,
1384 4267 1506 4320 οὐτε
1528 4269 1817 4321 ἀνεπίδεκ-

1066 4355 1155 4417 τός
1186 4357 1300 4407 ἐστι
1328 4356 1534 4420 κακῶν,
1561 4356 1681 4409 οὐτε
1712 4376 1812 4427 cpu-
1847 4395 1888 4449 ο

1068 4445 1234 4509 σικῶς
1263 4445 1519 4515 κέκτηται
1542 4446 1609 4499 τά
1647 4448 1811 4515 κακὰ,

1066 4534 1199 4587 ἀλλά
1224 4534 1414 4604 γνώμῃ
1455 4536 1547 4587 καὶ
1574 4536 1813 4606 ῥᾳθυμίᾳ

1064 4626 1162 4695 τὴν
1201 4627 1515 4679 ἀπόπτωσιν
1555 4629 1813 4697 ὑπομένει

1067 4718 1175 4769 τῶν
1219 4718 1467 4787 χρηστῶν
1492 4733 1505 4747 ⁸
1540 4718 1675 4788 ὅπερ
1720 4721 1814 4772 καὶ

1068 4806 1097 4856 ὁ
1148 4807 1361 4875 πρῶτος
1406 4806 1669 4859 πέπονθεν
1718 4808 1810 4859 ἄν·

1918 502 2221 573 ἄνθρωπος,
2240 504 2353 558 ἀλλ’
2367 506 2395 555 6
2418 504 2665 572 δεύτερος

1919 597 2067 666 αὐτῷ
2096 597 2192 666 τὴν
2222 598 2495 668 προτέραν
2531 614 2664 666 μορ-

1920 688 2024 759 φὴν
2047 690 2403 751 ἀποδέδωκεν,
2438 690 2494 742 ὲν
2524 688 2667 741 ὲκεί-

1918 799 1983 851 νῃ
2026 783 2319 851 ἀφράστως
2351 781 2474 847 γενό
2481 797 2663 850 μενος,

3415 302 3490 363 50

2734 502 2801 571 ἣν
2826 500 2975 569 αὐτῷ
3006 500 3167 553 πάλιν
3186 501 3214 552 6
3236 499 3486 569 δεύτερος

2734 588 2791 653 ἐξ
2830 585 2993 641 αὐτοῦ
3038 586 3097 657 (ἱ)
3146 584 3486 638 ἀποδέδωκεν

2735 676 3038 745 ἄνθρωπος,
3090 674 3121 725 6
3165 674 3264 743 τὴν
3311 673 3486 742 ἀληθῆ

2737 770 2895 838 φύσιν
2920 772 2951 839 ἡ
2961 769 3075 838 μῶν
3099 770 3155 820 ὲν
3173 766 3348 835 ἐαυτῷ
3370 769 3487 819 ἐπι-

1918 874 2012 927 καὶ
2084 874 2288 942 ταύτην
2355 872 2667 943 θεοπρεπῶς
2732 861 3024 931 δεξάμενος
3064 861 3151 929 0)·
3200 860 3331 922 θεὸς
3377 857 3486 927 γὰρ

1916 967 2374 1039 διορθωσάμενος.
2737 950 2813 1004 ὢν
2846 950 3095 1021 ἀληθῶς.
3143 950 3365 1017 γέγονεν
3398 948 3487 1039 ἄν·

2737 1040 2951 1112 θρωπος
2988 1041 3202 1110 ἀληθῶς
3228 1056 3241 1070 ·
3293 1044 3355 1093 ὲκ
3397 1038 3489 1090 δύο

2739 1130 2952 1198 φύσεων
2967 1126 3130 1201 (Mai;
3149 1132 3272 1191 Υἱὸς
3300 1128 3377 1181 ὣν
3394 1128 3490 1180 τοῦ

2738 1220 2893 1282 Θεοῦ,
2915 1223 2977 1273 οὐ
3008 1222 3235 1290 τραπεὶς
3258 1221 3390 1288 ὅπερ
3423 1215 3491 1289 ἦν

2738 1314 2795 1363 ὲν
2826 1311 2905 1380 τῷ
2933 1311 3187 1379 γενέσθαι
3214 1312 3243 1363 ὅ
3276 1313 3463 1379 ὲσμεν.

2880 1442 2993 1495 LIII.
3027 1442 3093 1505 ll,
3124 1460 3206 1497 ea.
3244 1442 3364 1496 “6.

2802 1553 3020 1617 Παυλῷ
3057 1550 3189 1619 περὶ
3222 1550 3460 1619 ἑορτῶν.

2041 1448 2155 1501 LIII.
2188 1446 2249 1511 V,
2287 1464 2370 1501 ει».
2410 1447 2537 1502 474.

2166 1561 2404 1627 Πίιυλῷ.

1986 1682 2099 1745 Τὰς
2141 1682 2343 1754 ἀρετὰς
2388 1681 2559 1750 τίμα,
2592 1680 2667 1751 μὴ
2811 1663 2921 1727 Τὰς
2972 1664 3171 1735 ἀρετὰς
3222 1663 3380 1732 τίμαν
3420 1662 3498 1732 μὴ

2738 1758 2838 1820 τὰς
2869 1757 3165 1826 εὐημερίας
3193 1756 3460 1826 θεράπευε
3475 1782 3489 1795 ο

2739 1851 2796 1904 αί
2830 1850 2927 1920 μὲν
2959 1851 3065 1919 γὰρ
3097 1848 3361 1901 ἀθάνατόν
3388 1850 3492 1899 εἰσι

2740 1948 2926 2014 χρῆμα
2956 1982 2971 2006 ,
3046 1943 3101 1994 ai
3169 1941 3225 1994 δὲ
3298 1940 3493 2010 ῥᾳδίως

2742 2033 3072 2085 σϐέννυνται.
3136 2031 3243 2083 Καὶ
3319 2030 3497 2082 ταῦτα

2742 2124 2841 2192 μὲν
2873 2124 2952 2185 είς
2983 2122 3252 2175 τοσοῦτον.
3279 2120 3370 2189 Μὴ
3392 2122 3493 2188 ἀγ-

2739 2212 2849 2265 νόει
2896 2212 2953 2264 δὲ
2996 2214 3077 2264 ὅτι
3110 2213 3137 2264 6
3194 2210 3325 2273 Θεὸς
3370 2212 3492 2272 ταῖς

2741 2309 2953 2375 ἑορταῖς
2975 2309 3067 2360 καὶ.
3095 2307 3260 2360 πάλαι
3282 2306 3375 2359 καὶ
3398 2306 3501 2359 νῦν

2739 2401 3067 2469 ὲγκατέδησε
3116 2401 3222 2454 τῶν
3271 2400 3493 2470 εὐεργε-

2746 2489 2877 2540 σίων
2909 2490 2977 2541 τὰ
3009 2488 3222 2557 ὐπομνή
3234 2505 3398 2556 ματα,
3425 2488 3492 2539 ἵν’

2743 2579 2791 2631 οἱ
2840 2580 3302 2649 πανηγυρίζοντες
3330 2578 3488 2633 ἐναυ-

2743 2671 2832 2724 λον
2871 2671 2968 2741 τὴν
3020 2671 3224 2725 τούτων
3274 2673 3495 2741 μνήμην

2743 2760 2976 2829 ἔχοντες,
3027 2761 3101 2830 μὴ
3148 2762 3227 2823 είς
3288 2761 3488 2830 μέθην,

2741 2852 2854 2905 ἀλλ’
2881 2854 2959 2915 είς
2987 2853 3336 2921 εὐχαριστίαν
3397 2853 3495 2906 καὶ

2741 2943 2937 3013 ἀρετὴν
2967 2945 3267 3014 τρέποιντο.

1919 1865 1975 1917 αί
2007 1863 2106 1932 μὲν
2134 1863 2242 1932 γὰρ
2268 1862 2531 1915 ἀθάνατόν
2564 1864 2667 1915 εἰσι

1918 1959 2124 2027 χρῆμα.
2147 1957 2201 2008 αἱ
2222 1955 2277 2008 δὲ
2301 1955 2495 2026 ῥᾳδίως
2519 1954 2671 2009 σσέν.

1918 2065 2121 2102 νυνται.

1996 3030 2123 3098 llis,
2158 3046 2291 3100 quas
2340 3031 2530 3085 ultimo
2580 3033 2699 3087 loco
2732 3035 3050 3097 attulimus,
3106 3034 3300 3087 litteris
3349 3034 3499 3087 inter
3592 3090 3598 3096 _

1926 3137 2049 3177 sese
2091 3121 2301 3177 collatis
2334 3122 2463 3177 solis
2507 3123 2626 3176 luce
2651 3124 2848 3177 clarius
2890 3133 3151 3193 apparet,
3187 3123 3359 3177 virum
3397 3124 3493 3194 qui

1920 3214 2046 3269 huic
2073 3212 2259 3269 isidori
2280 3212 2521 3284 epistola
2547 3211 2752 3268 addidit
2778 3213 3189 3283 inscriptionem
3218 3215 3343 3284 περὶ
3366 3215 3490 3284 ἑορ-

1917 3302 2056 3366 τῶν,
2110 3303 2309 3371 quique
2356 3302 2649 3371 longiorem
2696 3303 2815 3370 ejus
2842 3301 3061 3355 tradidit
3094 3301 3487 3366 recensionem,

1918 3407 2036 3445 eam
2075 3391 2119 3445 si
2146 3407 2253 3445 non
2295 3392 2359 3444 ad
2395 3392 2650 3456 verbum,
2684 3400 2739 3445 at
2771 3401 2917 3445 certe
2948 3391 3197 3461 religiose
3246 3391 3491 3459 descrip-

1918 3482 2085 3547 sisse;
2124 3482 2269 3535 hunc
2296 3496 2422 3535 vero
2462 3481 2701 3535 ethicum
2749 3482 2877 3535 illud
2922 3490 3253 3550 praeceptum
3302 3482 3485 3550 magni

1917 3572 2308 3634 aestimantem,
2354 3570 2567 3639 etquid
2600 3569 2863 3624 Pelusiota
2907 3571 2974 3625 de
3021 3571 3170 3624 festis
3219 3571 3489 3623 censuerit

1918 3678 2105 3731 parum
2158 3670 2436 3715 curantem
2468 3661 2731 3715 omisisse.
2774 3660 2903 3724 Quae
2943 3676 3060 3713 mea
3090 3659 3353 3712 sententia
3382 3660 3486 3712 mi-

1919 3765 2037 3803 rum
2079 3750 2130 3802 in
2172 3750 2388 3803 modum
2412 3765 2477 3803 eo
2510 3750 2881 3809 conﬁrmatur,
2910 3748 3053 3815 quod
3094 3747 3398 3801 Cotelerius
3429 3748 3489 3800 in

1918 3838 2161 3892 Ecclesia:
2218 3838 2412 3890 Graeca:
2451 3839 2794 3891 Monumentis
2837 3836 2925 3905 (ι)
2977 3836 3030 3887 iII
3068 3836 3253 3888 codice
3293 3851 3485 3887 manu-

1919 3928 2150 3996 scripto,
2191 3942 2256 3979 ex
2285 3942 2393 3995 quo
2425 3926 2642 3979 Patrum
2682 3927 3133 3995 apoplithegmata
3172 3924 3237 3976 ad
3268 3925 3483 3978 etliiccn

1918 4016 2213 4085 spectantia
2246 4016 2490 4085 collegit,
2527 4016 2752 4084 primam
2796 4026 3005 4069 tantum
3043 4014 3202 4085 hujus
3232 4016 3484 4083 epistolae

1918 4115 2126 4176 partem
2159 4113 2369 4160 exstare
2412 4107 2652 4160 tradidit.

1987 4194 2265 4250 Postremo
2296 4197 2351 4249 in
2386 4196 2623 4249 medium
2653 4196 2891 4264 proferre
2922 4196 3096 4264 placet
3122 4236 3136 4259 ,
3177 4211 3310 4265 quas
3339 4211 3391 4265 p.
3415 4196 3483 4249 47

1920 4284 2106 4339 ultimo
2137 4286 2255 4339 loco
2284 4286 2560 4339 attulimus
2588 4286 2771 4339 lsidori
2813 4285 3064 4352 epistolas
3089 4304 3101 4338 :

2046 4397 2158 4450 LIB.
2198 4396 2264 4459 V,
2300 4414 2381 4450 BP.
2409 4397 2531 4450 εει.
2839 4397 2951 4451 LIB.
2996 4398 3095 4462 ΙΙΙ,
3129 4416 3209 4453 ει».
3250 4401 3374 4453 ⁵205.

2011 4515 2275 4578 Εὐτονίῳ
2301 4515 2575 4579 διακόνῳ.
2773 4517 3035 4579 Εὑτονίῳ
3072 4516 3328 4579 διακόνῳ
3363 4517 3477 4587 (in).

1990 4625 2148 4690 Ἴσθι,
2190 4621 2233 4679 ὧ
2261 4628 2466 4694 ἀγαθὲ,
2505 4628 2584 4680 ὅτι
2612 4628 2659 4679 εί
2808 4627 2869 4679 Εἰ
2904 4628 3000 4696 μὲν
3055 4628 3208 4680 οίστά
3252 4630 3346 4680 καὶ
3387 4646 3474 4696 φο-

1917 4717 2069 4770 οίστά
2138 4718 2230 4771 καὶ
2302 4719 2510 4788 φορητά
2569 4718 2665 4771 καὶ
2739 4720 3080 4789 ρητὰ(ιι)καὶ
3100 4721 3283 4772 εὐίατα
3303 4723 3479 4791 ἁμαρ-

1918 4812 2106 4863 εὐίατα
2171 4814 2509 4881 πταίσοιμεν,
2566 4815 2660 4865 καὶ
2734 4813 3481 4883 τήσαντες,πάθοιμέντιὲν-

327 4886 894 4963 Ἐκεῖνοὸγὲγραφας
918 4892 993 4965 (g)
1071 4894 1285 4962 θρωπος
1358 4896 1451 4947 καὶ
1504 4896 1610 4947 τῶν
1673 4897 1813 4966 ὅρων
1923 4898 2189 4967 πάθοιμεν
2218 4917 2268 4951 τι
2300 4900 2532 4952 ἐνταῦθα
2557 4902 2662 4953 δει-
2734 4902 2906 4954 ταῡθα
2934 4902 3164 4970 χαλεπὸν
3192 4905 3479 4975 ἀποτριὸό-

318 5079 393 5153 (ᾳ)
436 5084 708 5153 Ἀντερεῖν
741 5086 901 5141 codd.
934 5088 1027 5142 iid.

316 5150 389 5213 (b)
415 5150 766 5222 Κατηγορίας
804 5157 921 5210 cod.
954 5156 1082 5210 Bav.

316 5222 385 5287 (εξ)
425 5221 609 5287 Μηδὲν
639 5221 761 5275 Cod.
800 5225 927 5277 Bav.

315 5285 393 5351 ((1)
425 5285 542 5355 0ρο
570 5306 628 5355 γε
664 5291 836 5346 Codd.
876 5292 999 5348 Vat.
1037 5294 1158 5350 649.
1194 5305 1247 5351 el.
1274 5298 1379 5351 Alt.

315 5359 388 5421 (ε)
422 5353 597 5425 Οἶμαι
626 5359 775 5414 addit
804 5362 960 5415 codd.
997 5363 1120 5416 Bav.

312 5425 377 5489 (Ῑ)
402 5427 675 5493 Χρηστὼν
715 5431 839 5483 cod.
877 5430 1000 5483 Bav.

475 5496 695 5564 ἑγραφα
717 5501 841 5557 cod.
884 5499 1000 5552 V‘at.
1032 5500 1150 5554 649.
1187 5512 1240 5557 ct
1274 5502 1383 5556 Alt.

316 5495 391 5562 l9)

420 5564 700 5643 Ξε-τάχθαι
732 5570 906 5643 oodd._
928 5566 1042 5643 γαί.
1070 5570 1385 5643 65θ,ςῑᾼ1ίι.

316 5632 378 5698 (ἱ)
420 5632 517 5697 Ἐξ
549 5634 772 5705 οὐρανοῦ
809 5637 967 5693 codd.
1001 5637 1114 5691 Val.
1144 5641 1264 5707 (H9,
1290 5641 1389 5696 Alt.
1422 5648 1475 5697 ct
1510 5641 1698 5697 Bavar.

1990 5096 2056 5164 (λ’)
2100 5098 2529 5166 Ἐπιδειξάμενος
2559 5100 2678 5153 Cod.
2713 5100 2838 5152 Bav.

1989 5167 2062 5233 (lt)
2104 5166 2194 5235 :Ev
2227 5167 2317 5218 δύο
2351 5168 2571 5235 φύσεσιν
2601 5169 2757 5222 Chal.
2780 5179 2834 5222 et
2857 5168 2978 5223 ΒὶΙΙ.

1990 5235 2051 5301 (ί)
2086 5234 2238 5288 Tum.
2267 5237 2305 5298 Ι,
2340 5234 2393 5304 p.
2427 5238 2548 5290 188.

1988 5304 2082 5375 (nt)
2110 5304 2389 5375 liberatiin
2412 5305 2636 5375 διακόνῳ
2668 5305 2790 5362 cod.
2814 5306 2933 5361 Vat.
2968 5309 3088 5363 656.

1992 5357 2076 5451 in),
2106 5372 2195 5450 _Sic
2255 5357 2747 5451 scribendum'essc
2787 5392 2850 5451 ex
2896 5378 2984 5429 illa
3019 5380 3135 5451 liln-i
3173 5397 3202 5429 ν
3239 5381 3463 5451 cpistola

1918 5443 2269 5507 conjecimus.
2309 5443 2611 5498 ClIatardus
2647 5446 2835 5500 excudi
2886 5450 3095 5500 curavit
3125 5490 3138 5508 ,
3168 5452 3243 5507 εἰς
3274 5443 3344 5499 τὰ
3377 5452 3468 5499 καὶ

1911 5510 2378 5633 ἔοράὶιὲἒιιιοτειιη
2411 5514 2488 5576 είς
2523 5515 2615 5566 καὶ
2657 5516 2722 5567 τὰ
2753 5532 2874 5586 φορ.
2916 5546 2983 5555 -—
3017 5517 3144 5570 Cod.
3181 5517 3294 5570 Val.
3334 5520 3468 5580 (5:30,

1944 5596 1956 5629 :
2024 5597 2054 5631 α
2203 5597 2324 5633 φορ.

1944 5596 1956 5629 ι
1988 5596 2077 5631 και
2104 5596 2171 5633 τα
2203 5597 2324 5649 φορ.
