3890 6134
282 267 349 327 53

1366 278 2166 340 Al’PENDlX.-CODICES
2212 278 2370 337 uss.
3448 266 3517 329 st

1137 610 1325 722 ΡΑ
1361 612 1732 724 R'TIS
1855 598 2657 727 SECUNDZE

1296 845 1904 936 APPENDIX
1981 847 2501 937 DUPLEX‘.

422 1028 768 1084 COLLATIO
807 1014 1289 1087 EPISTOLARUM
1329 1030 1494 1097 ρυλε
1534 1030 1600 1085 ΙΝ
1640 1031 1861 1088 EDITIS
1902 1032 1990 1087 ET
2030 1032 2328 1089 INEDITIS
2369 1034 2657 1091 PATRUM
2693 1036 2993 1093 CATENIS
3031 1036 3381 1094 EXSTANT.

1273 1206 1396 1262 Vide
1429 1208 1570 1275 infra
1602 1214 1669 1262 ad
1699 1211 1893 1265 calcem
1932 1209 2289 1280 Epistolarum
2326 1211 2548 1268 Isidori.

880 1397 3483 1431 mm

900 1562 1311 1648 PARTIS
1379 1561 1947 1649 SECUNDAE
2022 1562 2631 1651 APPENDIX
2712 1566 2898 1652 lll.

1476 1748 1797 1810 ISIDORI
1858 1749 2364 1822 PELUSIOTAL

1113 1824 1708 1889 EPISTULARUM
1745 1825 2098 1890 CODICES
2139 1830 2730 1893 MANUSCRIPTI.

369 1990 581 2047 Codices
623 2001 853 2059 quatuor
888 1991 1247 2045 Acwmetensis
1280 1992 1581 2045 monasterii
1622 1991 1861 2045 omnium
1893 1996 1935 2053 Α
1964 2008 2191 2061 quaeque
2234 2010 2423 2049 omnes
2450 2010 2513 2049 ex
2559 1998 2660 2051 hoc
2699 1997 2882 2052 codice
2917 1999 2968 2051 in
3003 1998 3213 2053 oﬂicina
3243 2000 3536 2055 Commeli-

295 2080 655 2135 vetustissimi
696 2080 1111 2143 continuerunt,
1152 2080 1229 2134 uti
1280 2080 1516 2135 lrenzeus
1569 2090 1623 2135 et
1677 2093 1868 2134 auctor
1966 2086 2125 2139 niana
2154 2100 2296 2139 anno
2336 2085 2494 2149 1605,
2541 2103 2711 2155 grzece
2754 2098 2807 2142 ct
2848 2090 3011 2143 latine
3056 2091 3213 2144 editae
3256 2100 3381 2145 sunt
3419 2093 3537 2161 (cu-

294 2188 622 2242 anonymus,
657 2187 891 2242 quorum
931 2172 1234 2226 testimonia
1274 2188 1329 2241 p.
1375 2172 1474 2237 15,
1509 2173 1592 2236 14,
1635 2188 1665 2225 a
1711 2172 1868 2225 nobis
1968 2182 2121 2226 rante
2149 2173 2596 2245 Ritthersushio).
2629 2176 2689 2229 ln
2725 2177 2828 2230 line
2872 2180 3072 2234 codicis
3113 2181 3343 2236 habetur
3378 2183 3539 2239 index

298 2356 518 2408 easdem
572 2355 763 2419 fuisse,
803 2363 963 2422 atque
1000 2369 1100 2407 nos
1126 2353 1404 2407 habemus
1445 2367 1690 2413 excusas,
1726 2352 1870 2405 arbi-

302 2453 518 2498 trantur
556 2445 932 2499 Tillemontius
968 2454 1022 2498 et
1063 2443 1374 2508 Fabricius;
1403 2458 1577 2511 neque
1618 2457 1734 2512 ego,
1765 2459 1873 2511 quo

301 2536 744 2589 doctissimorum
773 2536 1014 2589 virorum
1041 2534 1303 2589 sententia
1334 2542 1428 2586 aut
1446 2533 1754 2587 debilitetur
1780 2541 1875 2587 aut

302 2625 681 2689 conﬁrmetur,
706 2626 998 2694 quidquam
1026 2641 1244 2694 possum
1279 2623 1539 2693 proferre.

719 2732 866 2785 Billii
903 2742 950 2785 et
977 2732 1232 2787 Chatardi
1257 2733 1474 2785 codices.

378 2824 508 2879 lure
534 2833 715 2878 autem
753 2822 969 2876 mireris
1005 2837 1190 2876 eorum
1227 2821 1600 2892 negligentiam
1628 2829 1683 2875 ct
1721 2820 1878 2874 incu-

307 2914 466 2977 riam,
493 2913 584 2981 qui
616 2912 805 2965 lsidori
835 2911 1088 2979 epistolas
1110 2912 1414 2974 ediderunt,
1446 2926 1621 2978 neque
1646 2911 1879 2976 codices,

307 3005 507 3073 quibus
538 3003 623 3056 usi
652 3010 799 3064 sunt,
831 3009 1076 3055 accurate
1108 3001 1460 3069 descripsere.
1490 3000 1704 3054 Etenim
1743 3001 1884 3054 Cha-

310 3095 497 3149 tardus
518 3094 572 3147 in
604 3108 701 3147 sua
735 3092 800 3146 ad
826 3091 1188 3145 Godofredum
1220 3090 1435 3143 Billium
1469 3090 1727 3158 Epistola,
1766 3105 1885 3158 quae

310 3185 536 3241 editioni
580 3184 700 3252 ejus
742 3181 957 3251 praeﬁxa
999 3190 1100 3244 est,
1142 3197 1195 3250 p.
1228 3181 1280 3243 4,
1338 3180 1646 3243 Ludovicus,
1678 3179 1875 3249 inquit,

313 3274 486 3327 Barus
534 3283 729 3341 prwter
774 3272 882 3324 alia
931 3272 1093 3324 multa
1138 3270 1458 3339 exemplaria
1516 3271 1673 3339 hujus
1720 3271 1883 3323 nostri

312 3364 503 3418 Ieidori
536 3379 735 3434 grwcas
782 3361 1023 3431 epistolas
1061 3378 1123 3414 ex
1154 3378 1327 3414 musco
1367 3358 1665 3415 Cardinalis
1698 3361 1880 3415 Sirleti

309 3456 576 3525 eleganter
603 3454 826 3520 scriptas
864 3452 1019 3522 fratri
1058 3461 1164 3517 tuo,
1194 3452 1461 3518 interpreti
1501 3461 1691 3513 nostra,
1720 3452 1878 3505 misit.

311 3546 444 3610 Quae
478 3545 523 3597 ei
567 3552 715 3595 tanto
744 3544 945 3612 gratius
990 3545 1151 3611 fuere,
1184 3552 1376 3610 quanto
1407 3543 1573 3611 magis
1611 3543 1883 3609 depravati

310 3646 468 3691 erant
496 3647 543 3689 et
572 3636 773 3688 mendis
803 3634 1067 3687 scatebunt
1088 3634 1283 3686 codices
1308 3632 1404 3693 illi,
1429 3632 1610 3701 quibus
1640 3641 1749 3684 tum
1779 3640 1887 3684 ute-

310 3728 494 3780 batur.
540 3725 725 3793 Neque
783 3724 909 3777 alibi
963 3722 1348 3776 accuratiorem
1395 3722 1587 3774 borum
1638 3722 1883 3776 codicum

310 3816 740 3886 descriptionem
772 3814 1016 3868 invenire
1044 3812 1214 3882 potui.

677 3908 1005 3962 Rittershusii
1039 3908 1196 3959 codex
1219 3905 1524 3958 Bavaricns.

392 4000 593 4055 Eodem
620 3999 743 4068 jure
787 3996 1206 4051 Rittershusium
1236 4010 1450 4063 quoque
1482 3993 1790 4061 vituperare
1821 3992 1888 4046 li-

312 4100 436 4155 cet,
478 4091 675 4159 quippe
726 4088 818 4157 qui
855 4088 911 4140 in
952 4085 1177 4155 epistola
1224 4086 1288 4137 ad
1335 4084 1529 4137 Janum
1574 4082 1884 4145 Gruterum,

310 4180 544 4237 editioni
581 4179 700 4247 ejus
738 4176 970 4246 praeﬁxa,
1000 4175 1133 4227 nihil
1163 4175 1227 4227 dc
1255 4173 1460 4237 codice,
1488 4187 1595 4241 quo
1628 4188 1757 4226 usus
1785 4182 1886 4239 est,

309 4271 475 4332 dicit,
494 4284 652 4338 quam
680 4268 781 4321 sibi
811 4267 958 4319 illum
977 4281 1006 4319 e
1029 4264 1353 4319 bibliotheca
1378 4264 1635 4334 principis
1655 4264 1892 4320 Bavariae

309 4376 445 4417 esse
470 4361 747 4413 traditum.

397 4450 505 4505 Sed
546 4449 803 4504 Hardtius
833 4447 886 4500 in
917 4446 1159 4515 catalogo
1196 4444 1395 4499 CODD.
1428 4444 1560 4497 bibl.
1595 4460 1706 4514 reg.
1741 4445 1893 4508 Bav.,

308 4538 431 4595 vol.
464 4538 507 4600 Ι,
543 4554 597 4607 p.
625 4537 751 4598 247,
780 4534 917 4588 248ε
948 4533 1076 4587 Cod.
1106 4532 1293 4595 XLIX,
1331 4541 1404 4585 est
1444 4533 1769 4597 chartaceus,
1812 4534 1895 4586 in-

197 2300 206 2307 -
298 2263 460 2317 allata
500 2275 650 2325 sunt,
677 2264 967 2326 tradidere,
993 2264 1100 2317 duo
1148 2262 1311 2315 millia
1335 2262 1702 2331 epistolarum,
1734 2278 1868 2330 quas
1970 2262 2341 2329 alphabeticus
2375 2265 2650 2319 initiorum
2690 2267 3037 2336 epistularum
3069 2287 3097 2325 a
3139 2272 3391 2329 GretSero
3420 2275 3538 2329 edi-

1972 2360 2078 2407 tus.
2111 2372 2129 2404 ι

2449 2446 2541 2503 fol.
2574 2448 2691 2502 173.
2721 2481 2791 2490 -
2817 2450 2907 2505 fol.
2939 2454 3062 2507 250.

2044 2536 2268 2590 Exstant
2299 2538 2415 2592 alim
2455 2541 2642 2594 lsidori
2677 2543 2919 2611 epistola:
2949 2546 3069 2610 489,
3108 2565 3334 2616 quarum
3371 2552 3541 2622 prima

1975 2627 2042 2680 ad
2074 2628 2249 2681 Nilum
2275 2630 2389 2698 (lib.
2417 2630 2458 2684 l.
2494 2647 2580 2700 ep.
2618 2632 2680 2703 ι),
2710 2634 2895 2688 ultima
2927 2636 2991 2689 ad
3023 2637 3296 2693 Zositnum
3332 2642 3445 2709 (lib.
3476 2642 3557 2697 ll..

1977 2734 2063 2786 ep.
2094 2719 2240 2787 298.)
2274 2723 2471 2792 scripta
2501 2732 2603 2787 est,
2632 2740 2832 2795 easque
2871 2727 3126 2782 llardtius
3155 2748 3275 2784 cum
3307 2733 3545 2790 editione

1978 2805 2201 2871 Veneta,
2237 2824 2355 2877 quae
2394 2811 2593 2879 prodiit
2634 2828 2777 2866 anno
2808 2815 2963 2879 1745,
2994 2818 3239 2881 contulit,
3270 2822 3543 2891 quodque,

1981 2906 2040 2950 ut
2084 2898 2197 2966 ipse
2231 2899 2379 2963 dicit,
2430 2901 2485 2953 in
2530 2902 2615 2955 illa
2656 2903 2931 2958 diversum
2968 2905 3089 2970 fuit,
3132 2911 3353 2964 notavit.
3405 2912 3542 2966 Fieri

1982 2995 2161 3039 autem
2200 3002 2306 3040 non
2338 2990 2512 3056 potuit
2543 2990 2673 3058 quin
2708 3006 2918 3056 omnes,
2952 3010 3086 3061 quas
3121 2998 3405 3066 exscripsit
3437 2999 3547 3063 ille,

1984 3076 2263 3144 scripturae
2323 3077 2659 3133 diversitates
2708 3081 2775 3134 ad
2821 3082 3168 3151 epistolarum
3215 3088 3553 3155 pertinerent

1986 3166 2393 3235 inscriptiones,
2444 3184 2565 3222 cum
2614 3171 2776 3225 latine
2834 3182 3041 3227 tantum
3088 3176 3139 3228 in
3180 3178 3266 3231 illa
3312 3179 3548 3234 editione

1986 3264 2201 3310 exstent
2246 3257 2437 3312 lsidori
2490 3259 2751 3327 epistolae.
2809 3262 2987 3327 Quare
3047 3281 3265 3335 Operam
3326 3271 3549 3324 omnino

1985 3348 2197 3402 videtur
2235 3350 2552 3417 perdidisse,
2596 3355 2923 3420 praesertim,
2962 3370 3085 3410 cum
3140 3360 3319 3413 omnia
3365 3360 3479 3415 fere
3520 3378 3549 3415 a

1984 3437 2371 3504 Rittershusio,
2405 3440 2516 3509 jam
2560 3451 2739 3497 notata
2780 3457 2981 3511 essent,
3026 3447 3109 3501 his
3150 3459 3355 3504 tantum
3394 3468 3553 3506 exce-

1984 3528 2090 3597 ptis
2118 3546 2132 3583 :

2059 3619 2176 3672 Lib.
2223 3620 2262 3674 1.
2305 3636 2388 3689 ep.
2440 3622 2558 3687 594,
2600 3624 2719 3678 cod.
2766 3623 2892 3680 Bav.
2948 3628 3376 3698 Ἐκδίκιρ-ρά,
3413 3632 3549 3686 Ven.

1987 3709 2226 3764 Ecdicio.
2255 3742 2322 3751 ——
2362 3712 2452 3766 lib.
2497 3713 2559 3766 11.
2606 3731 2693 3783 cp.
2740 3716 2858 3769 109.
2901 3716 3027 3772 Bav.
3066 3721 3290 3790 Μαρῶνι
3316 3753 3385 3761 -—
3414 3723 3550 3777 Ven.

1989 3800 2187 3855 Marco.
2221 3802 2395 3856 —lib.
2421 3803 2591 3872 ll.ep.
2615 3805 2734 3858 161.
2770 3805 2895 3859 Bav.
2939 3808 3279 3879 Ἀφροδισίῳ.
3313 3841 3382 3849 -
3413 3812 3549 3869 Ven.

1988 3887 2266 3954 Apbrasio.
2303 3920 2372 3931 —
2400 3889 2492 3943 lib.
2521 3890 2584 3943 ll.
2619 3907 2706 3960 ep.
2743 3893 2868 3947 255.
2910 3893 3038 3951 Bav.
3077 3897 3275 3969 Παύλῳ
3318 3902 3548 3971 πρεσϐυ-

1987 3979 2131 4048 τὲρῳ
2163 4010 2225 4019 —
2249 3977 2383 4032 Ven.
2418 3980 2675 4035 Hermino
2704 3985 2907 4038 comiti.

2060 4067 2196 4121 lluic
2237 4084 2366 4123 vero
2404 4070 2541 4124 libro
2571 4076 2937 4144 manuscripto
2970 4076 3157 4132 similis
3194 4090 3277 4133 est
3310 4076 3555 4149 ejusdem

1990 4156 2326 4211 bibliotheca:
2375 4160 2494 4213 cod.
2541 4160 2625 4223 L.,
2680 4162 2733 4215 in
2784 4178 2891 4232 quo
2930 4164 3054 4218 inde
3097 4181 3126 4219 a
3164 4167 3258 4221 fol.
3294 4171 3397 4225 219
3446 4188 3553 4225 eaa-

1992 4254 2115 4307 dem
2140 4264 2351 4311 exstant
2380 4256 2567 4311 lsidori
2601 4273 2723 4327 epp.
2758 4258 3010 4317 Hardtius
3032 4266 3177 4317 enim
3204 4265 3239 4318 l.
3278 4266 3311 4319 l.
3348 4283 3401 4335 p.
3425 4268 3552 4329 277,

1992 4347 2166 4411 Quum
2219 4348 2287 4401 ab
2344 4348 2424 4413 iis,
2468 4349 2663 4417 inquit,
2703 4368 2822 4421 quas
2866 4354 2919 4406 in
2960 4356 3079 4410 cod.
3129 4356 3214 4412 49.
3263 4358 3551 4425 habentur,

1993 4454 2102 4491 non
2144 4440 2422 4503 diﬂ'erant,
2473 4441 2725 4496 lectorem
2774 4443 2847 4498 ibi
2894 4447 3109 4501 remitto
3154 4449 3309 4517 plura
3357 4451 3557 4519 quaesi-

1997 4540 2199 4584 turum.

309 4629 460 4697 quit.
496 4630 674 4680 charta
710 4625 877 4678 solida
912 4633 958 4677 et
981 4624 1125 4687 (levi,
1162 4622 1327 4674 titulis
1372 4630 1419 4674 et
1458 4622 1745 4674 initialibus
1788 4623 1887 4675 mi-
1915 4628 1957 4683 c
2058 4622 2322 4674 Cmtcrum
2358 4637 2386 4673 a
2425 4620 2645 4676 Hardtio
2685 4624 2909 4680 edoctus
2947 4642 3067 4696 qum
3110 4627 3559 4693 Montefalconius

312 4720 505 4783 nimis,
537 4718 722 4769 litteris
752 4715 966 4767 minutis
1007 4722 1054 4765 et
1099 4712 1439 4780 elegantibus,
1462 4727 1577 4763 cum
1616 4714 1891 4764 correctio-

313 4806 474 4859 uibus
505 4802 903 4872 marginalibus,
934 4799 1170 4869 in-folio,
1200 4816 1232 4850 a
1274 4797 1430 4850 Petro
1468 4796 1737 4851 Carneade
1772 4799 1897 4865 Epi-

314 4899 515 4952 dauria
565 4896 787 4950 Venetiis
835 4903 1115 4953 exoratus,
1154 4907 1272 4945 saw.
1322 4888 1459 4953 XVI,
1509 4890 1750 4959 foliorum
1798 4908 1895 4943 nu-

315 5004 470 5043 mero
499 4988 620 5049 420,
651 4986 842 5052 optime
879 4991 1213 5036 conservatus
1242 4991 1290 5035 et
1328 4981 1628 5048 inscriptus.
1667 4999 1684 5031 ι
1711 4980 1898 5035 Conti-

318 5090 527 5134 nentur
548 5087 729 5131 autem
758 5090 825 5129 εο
846 5092 858 5126 Σ

852 5143 944 5197 fol.
978 5159 1014 5196 l.
1049 5171 1117 5183 -—-
1140 5140 1231 5194 fol.
1264 5140 1383 5195 175.

408 5257 426 5290 t
474 5236 787 5289 Ἐπιστολαὶ
818 5233 911 5285 τοῦ
929 5233 1083 5300 ἁγίου
1118 5231 1386 5299 Ἰσιδώρου
1410 5228 1500 5282 τοῦ
1524 5231 1897 5301 Πηλουσιώτου

310 5329 412 5389 εἰς
456 5326 556 5396 τὴν
601 5324 897 5395 ἑρμηνείαν
942 5322 1039 5390 τῆς
1076 5322 1223 5385 Θείας
1258 5322 1475 5390 Γραφῆς
1509 5322 1636 5390 περὶ
1674 5325 1771 5391 τῆς
1805 5323 1897 5375 τοῦ

314 5417 535 5477 πάντος’
565 5414 926 5484 δημιουργίας
966 5413 1044 5474 εἰς
1084 5412 1173 5463 τὸν
1222 5412 1481 5478 στέφανον
1519 5412 1765 5464 ἐνιαυτοῦ
1805 5414 1897 5466 καὶ

311 5504 528 5576 τροχοῦ
556 5505 840 5571 γενέσεως.
870 5530 940 5544 --
973 5501 1110 5553 Sunt
1148 5515 1267 5569 epp.
1307 5500 1427 5564 659,
1462 5517 1685 5570 quarum
1729 5503 1899 5571 prima

310 5595 401 5650 ad
436 5592 695 5649 [siderum
720 5591 1059 5660 episcopum,
1084 5588 1263 5643 ultima
1292 5590 1359 5646 ad
1385 5589 1604 5644 Paulum
1639 5590 1758 5645 data
1783 5600 1895 5653 cst;

1994 4716 2046 4767 in
2080 4709 2212 4763 Bibl.
2245 4707 2364 4759 bibl.
2398 4724 2452 4776 p.
2488 4708 2609 4762 588.
2644 4709 2705 4763 E.
2742 4727 2798 4763 η.
2835 4728 2951 4766 xcv.
2974 4723 3030 4767 et
3059 4730 3197 4768 ξονι.
3238 4716 3304 4769 de
3348 4716 3559 4770 duobus

1995 4802 2079 4856 his
2124 4798 2276 4853 codd.
2311 4797 2526 4851 tradidit
2570 4799 2707 4852 facili
2755 4816 2918 4870 opera
2966 4812 3022 4858 et
3062 4805 3314 4873 supplere
3354 4808 3560 4874 poteris

1995 4901 2050 4946 et
2094 4889 2379 4957 corrigere.
2418 4918 2486 4927 —-
2522 4887 2604 4941 Cf.
2651 4887 2837 4944 llarles
2886 4891 2951 4945 ad
2995 4891 3156 4946 Fabr.
3204 4893 3341 4949 Bibl.
3399 4910 3559 4965 grwc.

1995 4981 2100 5034 vol.
2132 4977 2199 5032 X.
2231 4992 2349 5045 pag.
2374 4976 2495 5040 489.,
2532 4977 2627 5030 lin.
2661 4979 2695 5029 2
2720 4978 2907 5032 ——lin.
2942 4981 2995 5033 7.

2070 5063 2273 5116 Dicenti
2312 5077 2439 5114 vero
2477 5063 2609 5116 mihi
2649 5064 2716 5117 de
2770 5063 3117 5120 Rittershusii
3163 5068 3347 5121 codice
3386 5067 3557 5122 Bara-

1997 5150 2110 5205 rico
2155 5150 2312 5203 liceat
2350 5148 2511 5203 etiam
2556 5150 2689 5203 alios
2734 5151 2975 5219 ejusdem
3021 5154 3359 5208 bibliothecae
3408 5172 3557 5209 com-

1996 5251 2295 5291 memorare
2341 5235 2506 5288 libros
2561 5238 2991 5306 manuscriptos,
3030 5240 3095 5293 in-
3130 5243 3326 5310 quibus
3367 5241 3557 5296 lsidori

1998 5328 2343 5397 epistularum
2373 5336 2558 5380 extant
2598 5329 2910 5397 fragmenta.

2067 5414 2197 5468 Cod.
2227 5429 2486 5473 ccuxvn.
2525 5414 2615 5467 fol.
2660 5416 2780 5469 352.
2813 5416 2918 5468 Τοῦ
2950 5417 3108 5484 ἁγίου
3155 5416 3421 5486 Ἰσιδώρου
3463 5418 3557 5471 τοῦ

1999 5505 2374 5573 Unicus-uorsa
2435 5505 2722 5575 ἀπόκρισις
2760 5510 2885 5577 περὶ
2925 5510 3021 5577 τῆς
3065 5508 3422 5577 βραχυλογίας
3464 5509 3561 5561 τοῦ

2004 5594 2191 5661 Πάτερ
2224 5594 2485 5660 ὴμών.--
2519 5596 2586 5651 cf.
2617 5595 2799 5653 Uardt.
2837 5600 2870 5651 1.
2904 5599 2936 5651 1.
2972 5598 3084 5652 Vol.
3114 5599 3199 5652 111.
3236 5615 3288 5666 ιι.
3326 5598 3429 5652 1(ἷὸ
