3890 6134
398 251 469 318 55
1380 252 1479 309 AD
1516 247 1819 307 PARTEM
1854 246 1916 304 Il
1948 238 2612 303 COMMENTATION'IS
3015 232 3019 236 ’
3548 220 3616 283 56
3656 297 3660 301 ρ

465 362 600 417 Cod‘.
644 376 913 417 CCCLXXVI.
956 358 1221 431 Ἰσιδὼρου
1262 359 1355 412 τοῦ
1408 358 1778 430 Πηλουσιώτου
1828 355 1957 427 περὶ

2072 360 2195 428 plut.
2230 356 2317 412 86.
2360 361 2573 409 exstare
2616 348 2863 410 afﬁrmat,
2898 357 3125 414 quarum
3162 337 3433 409 duplicem
3470 334 3621 388 dedit

394 457 492 525 τῆς
522 453 617 507 τοῦ
646 453 896 521 Σωτῆρος
927 451 1083 523 ἡμῶν
1112 453 1473 514 ἀναστάσεως.
1502 480 1575 490 —-

468 541 747 595 I-nit..Aiav
785 541 1165 610 Θαυμάζωεκαὶ
1215 542 1582 610 ὲκπλήττομαι
1609 566 1680 577 -—

465 632 586 686 Fin.
607 664 675 673 —
706 632 779 702 μὴ
811 632 1166 701 ἠληθευκέναι
1188 630 1651 704 δυσχυριξόμενοι.

397 722 479 779 Cf.
511 721 697 776 Hardt.
721 721 758 776 I.
788 722 824 775 l.
856 722 963 776 vel.
987 738 1121 791 iv,'p
1180 720 1301 775 184.

969 832 1166 888 Sehotti
1192 832 1385 887 Cedeai.

467 946 554 1002 Uti
595 946 897 1003 Chatardus
943 956 997 1001 et
1036 945 1435 1000 Rittershusius
1477 944 1550 996 ita
1593 940 1851 994 Schottus
1889 937 1958 991 de

395 1038 599 1104 codice,
635 1053 743 1107 quo
781 1053 909 1092 usus
932 1048 1035 1100 est,
1063 1035 1323 1125 Vaticano
1347 1034 1482 1088 nihil
1508 1033 1661 1087 dixit.

738 1151 1003 1204 Francisci
1034 1149 1249 1204 Arcadii
1277 1149 1475 1202 codices
1505 1162 1615 1200 sex.

464 1238 756 1293 Vaticanus
788 1239 915 1294 649.

459 1328 753 1385 Vaticanus
779 1326 902 1382 650.

458 1416 730 1470 Altazmsis
763 1416 814 1468 1.

458 1504 735 1559 Altzrinsis
760 1503 815 1557 2.

462 1592 790 1657 Slortianus,
823 1591 912 1660 qui
950 1591 1095 1646 idem
1119 1590 1346 1645 forsitan
1376 1600 1458 1645 est
1478 1603 1637 1662 atque
1670 1590 1777 1655 ille,
1800 1604 1960 1659 quem

2063 447 2454 507 recensionem,
2492 443 2713 495 alteram
2750 436 3043 493 secundum
3100 432 3359 485 ordinem
3393 440 3503 495 quo
3533 424 3617 476 lit-

2060 550 2191 593 teme
2219 538 2274 591 in
2321 535 2557 590 codicem
2602 530 2947 589 exhibentur,
2978 523 3243 593 appositis
3282 518 3614 588 singularum

2057 628 2245 692 initiis,
2271 622 2489 681 alteram
2525 620 2821 676 secundum
2850 619 3054 670 litteras
3084 610 3376 682 alphabeti.
3407 636 3479 647 —
3510 604 3615 658 Nev-

2058 720 2170 774 scio
2189 727 2369 771 autem
2396 730 2526 769 num
2553 713 2641 766 hic
2666 711 2833 766 codex
2863 708 3001 760 idem
3031 705 3119 767 sit,
3148 713 3310 771 atque
3328 699 3435 757 ille.
3456 708 3622 764 quem

2058 803 2506 861 Montefalconius
2535 803 2573 854 I.
2606 801 2639 852 1.
2674 818 2726 868 p.
2756 796 2878 859 106,
2903 796 2943 848 A
2972 795 3025 847 in
3057 793 3246 845 eadem
3287 786 3613 842 bibliotheca

2058 907 2288 962 exstare,
2315 903 2370 949 et
2397 909 2516 962 epp.
2553 890 2656 945 512
2683 888 2963 941 continere
2995 880 3233 937 tradidit.

2269 988 2479 1044 Codices
2525 984 2838 1038 bibliotheca
2872 979 2932 1034 S.
2963 974 3135 1030 Marci
3165 970 3408 1027 Venetiis.

2127 1081 2170 1149 I)
2197 1080 2313 1135 Jam
2336 1078 2515 1132 Sixtus
2542 1072 2801 1128 Senensis
2828 1071 2884 1123 in
2915 1076 3107 1137 quarto
3133 1061 3471 1118 bibliothecae
3490 1071 3616 1112 san-

2059 1140 2164 1226 etae
2199 1169 2338 1222 libro
2368 1180 2429 1220 se
2459 1163 2723 1226 codicem,
2755 1154 2941 1213 lsidori
2978 1150 3238 1221 epistolas
3268 1146 3404 1200 1148
3441 1140 3623 1196 conti-

2060 1270 2299 1325 nentem,
2344 1258 2417 1312 ibi
2459 1255 2723 1326 reperisse
2776 1249 3015 1312 tradidit,
3061 1243 3438 1309 eamdemque,
3480 1242 3624 1289 teste
3686 1262 3691 1267 -
3784 1288 3795 1297 ,

2059 1324 2323 1412 Fabricio,
2378 1324 2842 1403 Montefalconius,
2892 1339 2945 1392 in
2985 1335 3159 1390 diario
3204 1330 3386 1384 Italico
3422 1343 3476 1395 p.
3525 1324 3619 1386 42,

2059 1441 2255 1496 saecqu
2296 1439 2433 1503 XIV,
2481 1443 2757 1490 exaratum
2800 1441 3128 1487 memorans,
3178 1419 3436 1491 epistolas
3478 1414 3626 1467 1200.-

2060 1530 2339 1585 continere
2387 1533 2647 1587 testatur;
2686 1518 3007 1590 quibuscum
3062 1510 3312 1566 conferas
3355 1506 3620 1557 librorum

2060 1621 2566 1688 manuscriptorum,
2612 1625 2746 1681 quos
2782 1605 3065 1662 Bessarion
3106 1599 3433 1653 Venetorum
3475 1594 3618 1646 dono

391 1684 862 1747 Montelal'conius,
892 1684 1109 1737 codices
1147 1683 1443 1738 Cardinalis
1476 1683 1688 1738 Sfortiae
1732 1697 1957 1736 enunie-
1988 1720 2029 1773 Β
2056 1712 2206 1766 dedit
2236 1682 2467 1771 Benjami’
2513 1703 2836 1771 “magum,
2876 1709 3039 1765 quem
3085 1691 3225 1744 idem
3264 1682 3619 1739 Montefalco-

394 1790 540 1835 rans,
571 1803 639 1813 —
667 1773 737 1827 cf.
775 1773 961 1841 Ejusd.
987 1773 1123 1826 Bibl.
1168 1773 1291 1826 bibl.
1327 1789 1380 1842 p.
1414 1773 1538 1838 699,
1582 1774 1741 1827 Ι)--
1766 1771 1957 1827 lsidori

393 1880 518 1933 epp.
538 1864 624 1919 58.
649 1864 926 1919 continere
952 1864 1185 1918 tradidit.
1209 1864 1473 1920 Caeterum
1506 1866 1557 1918 in
1588 1865 1694 1918 alio
1717 1864 1957 1932 ejusdem

394 1954 735 2008 bibliothecae
762 1954 1133 2024 manuscripto
1159 1964 1370 2010 exstant
1393 1956 1675 2011 Pelusiotae
1694 1955 1760 2008 ad
1784 1953 1961 2007 Theo-

395 2054 645 2113 gnostum
682 2046 1059 2116 presbyterum
1104 2046 1171 2100 de
1217 2046 1397 2101 triduo
1434 2043 1863 2105 resurrectionis,
1905 2051 1962 2097 et

394 2137 461 2189 ad
505 2135 849 2197 Timotheum
879 2135 1137 2189 lectorem
1167 2135 1235 2190 de
1266 2137 1455 2191 eadem
1483 2151 1543 2191 re
1574 2135 1846 2206 epistolae.
1874 2133 1957 2187 Cf.

394 2227 703 2282 Mentel‘alc.
736 2228 773 2282 l.
802 2228 839 2281 I.
873 2242 927 2296 p.
957 2226 1079 2291 699,
1112 2225 1174 2280 Β.

403 2378 406 2382 ,
466 2317 792 2373 Barberinus
821 2318 873 2371 6.

467 2409 541 2463 De
566 2409 817 2463 omnibus
846 2409 929 2462 his
958 2423 1058 2462 nos
1090 2423 1305 2477 quoque
1333 2407 1638 2462 accuratius
1667 2422 1824 2477 agere
1850 2420 1962 2461 non

398 2516 707 2571 possumus,
733 2501 858 2569 quia
889 2499 1082 2553 Petrus
1113 2498 1392 2563 Possinus,
1417 2501 1508 2567 qui
1539 2498 1759 2552 Arcadii
1796 2497 1964 2552 edidit

398 2591 733 2654 eollationes,
764 2605 833 2644 ne
856 2591 1025 2646 verbo
1052 2590 1271 2658 quidem
1294 2589 1412 2643 illos
1445 2589 1763 2659 descripsit;
1787 2601 1964 2655 neque

397 2684 452 2737 in
493 2682 611 2737 aliis
662 2682 908 2737 codicum
954 2680 1209 2750 catalogis
1254 2680 1477 2734 eosdem
1516 2687 1972 2734 commemoratos

398 2788 727 2829 invenimus.

609 2886 780 2941 Codex
810 2883 1127 2940 bibliotheca
1161 2882 1461 2940 Cardinalis
1488 2879 1730 2939 Ottobom’

398 3001 646 3089 continet
680 2997 869 3053 lsidori
906 2997 1164 3068 epistotas
1205 2996 1277 3050 Μ.
1301 3026 1370 3036 —-
1399 2996 1483 3051 Cf.
1528 2994 1716 3050 Menti.
1763 2994 1800 3048 1.
1834 2994 1871 3048 1.
1906 3009 1960 3063 p.
1989 3029 2034 3089 α

400 3086 503 3140 185
528 3086 595 3139 Α.

670 3174 842 3229 Codex
871 3173 1172 3225 monasterii
1197 3171 1404 3243 Cryptw
1436 3169 1678 3224 Ferratw

399 3280 553 3320 anno
579 3265 833 3333 986‘post
879 3262 1155 3316 Christum
1194 3262 1445 3329 scriptus,
1493 3261 1737 3314 continet
1773 3257 1967 3312 Isiddri

402 3373 530 3425 epp.
554 3355 689 3409 1600
708 3372 722 3418 ;
744 3354 816 3408 cl'.
838 3352 1027 3406 Montf.
1050 3351 1087 3408 I.
1109 3352 1146 3405 ι.
1172 3366 1226 3420 p.
1254 3352 1372 3414 199,
1396 3349 1809 3418 B.—Ejusdem
1830 3348 1965 3402 diar.

406 3447 522 3501 ttaI.
556 3462 609 3515 p.
644 3444 767 3499 568.
792 3472 861 3484 ——
894 3442 1149 3512 Ejusdem
1186 3439 1571 3512 Paleographia
1600 3453 1771 3511 graeca
1790 3454 1845 3508 p.
1876 3437 1968 3498 45,

402 3552 467 3590 ex
492 3535 581 3590 ed.
610 3534 729 3588 Par.
764 3532 919 3587 1708.

648 3647 819 3704 Codex
845 3648 896 3698 in
928 3645 1109 3714 aliqua
1137 3642 1442 3696 bibliotheca
1470 3640 1731 3703 Romana,

402 3762 563 3832 cujus
601 3776 799 3814 nomen
842 3757 1040 3813 excidit
1085 3754 1538 3817 Montel‘alconio,
1573 3751 1816 3806 continet
1869 3749 1972 3803 Isi-

404 3850 558 3912 dori,
603 3848 814 3920 Synesii
851 3856 906 3902 et
947 3845 1160 3901 Libanii
1197 3842 1473 3913 epistolas.
1513 3841 1599 3896 Cf.
1626 3838 1815 3895 Montf.
1858 3838 1896 3893 I.
1930 3838 1968 3892 1.

402 3963 460 4017 ρ».
484 3943 611 4008 201,
633 3940 697 3995 Ι).

892 4026 1103 4083 Codices
1126 4024 1496 4080 Laurentiani.

474 4143 775 4198 Bandinius
818 4141 874 4195 in
920 4138 1162 4208 catalogo
1202 4138 1360 4191 codd.
1401 4152 1483 4207 gr.
1535 4135 1667 4189 bibl.
1712 4132 1968 4187 Laurent.

403 4236 513 4289 vol.
542 4234 607 4296 11,
640 4250 695 4301 p.
727 4231 851 4295 606-,
892 4246 950 4284 ιι.
979 4244 1102 4284 vni.
1131 4228 1317 4283 codice
1343 4240 1456 4283 xvt.
1485 4226 1651 4296 plutei
1686 4223 1775 4279 60.
1808 4223 1973 4277 conti.

405 4326 523 4381 neri
552 4324 713 4387 tradit
744 4339 759 4376 :

477 4417 583 4471 Τοῦ
622 4415 781 4483 ἁγίου
825 4410 1097 4483 Ἰσιδώρου
1130 4410 1223 4464 τοῦ
1270 4407 1651 4478 Πηλουσιὼτου
1694 4406 1974 4460 ἐπιστολαὶ

408 4510 506 4563 σὺν
528 4505 865 4577 τεχνολογίᾳ.
891 4501 1031 4556 Sunt
1062 4510 1243 4554 autem
1279 4500 1521 4570 epistolae
1546 4499 1737 4552 decem
1766 4514 1786 4550 ι

479 4600 531 4668 1)
572 4596 867 4668 Ζηνοδότῳ.
903 4592 1009 4647 inc.
1041 4592 1103 4643 Εἰ
1133 4591 1225 4643 καὶ
1246 4590 1369 4643 Νῶε
1403 4590 1505 4657 τῆς
1529 4590 1733 4650 οἰκείας
1754 4615 1823 4627 --

476 4689 533 4759 2)
568 4686 837 4754 Ζευσίμῳ.
871 4684 980 4736 inc.
1019 4680 1220 4743 Ἡδέως
1252 4680 1315 4732 ἂν
1341 4680 1568 4750 ἐροίμην
1604 4694 1662 4730 σε
1690 4706 1767 4716 -—

478 4780 533 4849 3)
573 4778 687 4831 Οὐκ
708 4775 854 4827 ἐστιν
878 4773 1094 4839 ἀδέλφοι
1120 4772 1404 4839 ἀσκήσεως
1441 4766 1776 4839 πληροφορία
1802 4795 1875 4809 -

478 4869 534 4932 4)
586 4868 643 4918 ’0
673 4863 766 4917 τοῦ
799 4862 934 4916 Θεοῦ
963 4862 1138 4932 ἱερεὺς
1165 4861 1351 4929 ἐπειδὴ
1386 4859 1592 4927 ἐγγίζει
1614 4885 1682 4897 --

480 4960 535 5028 5)
576 4956 734 5028 Ζύμῃ
759 4958 792 5025 ἠ
824 4954 1067 5024 βασιλεία
1101 4952 1210 5005 τῶν
1248 4950 1491 5023 οὐρανῶν
1525 4949 1879 5019 ἀφωμοίωται
1909 4975 1982 4988 —

482 5050 536 5113 6)
572 5047 693 5118 Χρὴ
726 5048 851 5108 τοὺς
880 5046 981 5115 τὴν
1010 5043 1357 5115 ἀνθρωπίνην
1380 5042 1656 5109 εὐγένειαν
1678 5068 1752 5080 --

485 5142 538 5209 7)
579 5139 786 5207 Ὥσπερ
815 5138 865 5188 οἱ
901 5135 1145 5189 ναυτικοὶ
1184 5133 1522 5207 βρώματι-

484 5232 539 5299 8)
580 5230 644 5283 Εἰ
680 5228 857 5295 λόγοις
896 5224 1153 5297 ἐτρώθεις
1177 5256 1247 5265 ~—

484 5322 540 5393 9)
585 5323 783 5391 Ἀρτος
804 5321 832 5373 ὁ
862 5319 1063 5389 Κύριος
1089 5317 1349 5387 κέκληται
1381 5347 1447 5357 --

489 5415 575 5484 10)
611 5412 855 5481 Εὐσεβίῳ
895 5408 1197 5477 ὲπισκόπῳ.
1232 5409 1340 5462 inc.
1386 5406 1645 5460 Ἠδύνασο
1672 5403 1982 5472 ἐπικουρεῖν

418 5507 529 5568 τοῖς
582 5502 830 5574 βοηθείας
870 5498 1303 5571 προσδεομένοις.
1347 5498 1493 5551 Idem
1535 5494 1828 5549 Bandinius
1873 5492 1982 5546 1.1.

426 5599 531 5651 vel.
561 5595 648 5650 III.
685 5610 741 5665 p.
772 5593 896 5659 9.98,
933 5607 987 5644 n.
1017 5607 1088 5644 iv.
1113 5589 1307 5645 lsidori
1339 5604 1461 5658 cpp.
1495 5586 1591 5640 Ml
1623 5586 1679 5640 in
1710 5584 1831 5640 cod.
1860 5597 1979 5637 vni.

2060 1802 2193 1856 nius
2225 1801 2277 1853 in
2318 1799 2453 1851 Bibl.
2494 1794 2614 1848 bibl.
2644 1809 2699 1862 p.
2726 1787 2961 1844 467-477
2985 1781 3225 1837 exhibet.
3270 1776 3623 1862 Commemo-

2060 1901 2209 1945 ratur
2227 1889 2369 1943 enim
2395 1888 2449 1940 in
2473 1886 2575 1938 hoc
2596 1858 2786 1951 p.173,
2809 1877 2855 1929 A
2883 1871 3069 1927 lsidori
3097 1864 3444 1937 epistolarum
3483 1858 3617 1912 1148

2060 1981 2225 2034 codex
2251 1979 2589 2031 chartaceus.
2616 1970 2793 2025 Finito
2822 1974 3002 2019 autem
3023 1963 3128 2015 hoc
3156 1957 3394 2025 catalogo
3419 1969 3472 2023 p.
3492 1952 3623 2013 477,

2060 2072 2137 2125 Ex
2173 2079 2341 2131 tanta,
2370 2067 2544 2134 inquit
2580 2056 3040 2116 Montel'alconius,
3075 2046 3445 2120 suppellectile
3479 2045 3621 2097 hanc

2061 2161 2234 2217 solum
2262 2157 2631 2212 brevissimam
2655 2150 2901 2204 codicum
2936 2152 3117 2199 notam
3149 2139 3393 2207 accipere
3418 2131 3567 2203 potui
3600 2147 3623 2183 ι

2137 2270 2155 2302 ‹
2191 2249 2371 2303 Codex
2418 2244 2597 2300 saeculi
2632 2240 2770 2295 XIV.
2828 2232 3135 2290 Ἐπιστολαὶ
3171 2228 3264 2282 τοῦ
3309 2226 3463 2292 ἁγίου
3498 2223 3621 2273 Ἰσι-

2060 2338 2232 2408 δώρου
2257 2336 2350 2390 τοῦ
2379 2330 2754 2404 Πηλουσιὼτου
2784 2328 2863 2389 είς
2899 2325 2997 2391 τὴν
3034 2317 3322 2390 ἑρμηνείαν
3348 2314 3444 2381 τῆς
3470 2307 3620 2370 θείας

2061 2404 2299 2503 Γροφῆςο
2324 2431 2452 2500 περ).
2477 2431 2575 2498 τῆς
2600 2425 2693 2479 τοῦ
2720 2420 2917 2483 παντὸς
2931 2412 3305 2488 δημιουργίας.
3322 2404 3627 2459 —-lnitium

2062 2493 2300 2587 episiolae
2329 2493 2514 2584 prima
2532 2493 2616 2565 est
2644 2509 2828 2576 ἐπειδὴ
2868 2504 3122 2559 κυκλικόν
3167 2502 3283 2551 ἐστι
3313 2496 3407 2548 τοῦ
3429 2493 3633 2563 χρόνου

2060 2586 2122 2659 τὸ
2146 2606 2328 2675 σχῆμα
2358 2634 2424 2643 ——
2453 2604 2578 2672 (hoc
2615 2600 2777 2653 etiam
2811 2597 2877 2650 ab
2918 2594 3069 2647 Sixto
3116 2586 3342 2643 Senensi
3377 2591 3622 2637 notatum

2064 2673 2209 2763 iuit.)
2229 2673 2298 2736 J—
2326 2693 2578 2762 Epistolae
2605 2690 2786 2760 igitur,
2811 2688 2882 2739 ita
2904 2683 3045 2737 enim
3068 2678 3261 2749 pergit,
3287 2675 3353 2728 ad
3380 2673 3625 2726 diversos

2064 2789 2243 2843 missae
2266 2800 2501 2841 numero
2527 2782 2662 2837 1200
2691 2794 2810 2849 qua:
2841 2777 2905 2829 ad
2938 2767 3434 2840 interpretationem
3457 2775 3630 2817 sacrae
3708 2811 3713 2817 ,

2064 2879 2352 2948 Scriptura:
2377 2873 2684 2930 conferunt,
2701 2866 2999 2923 secundum
3018 2860 3262 2914 ordinem
3289 2855 3548 2908 ﬁbrarum
3571 2856 3631 2901 et

2068 2943 2317 3025 versuum
2333 2966 2397 3020 V.
2417 2962 2553 3019 etN.
2579 2962 2641 3016 T.
2661 2960 2881 3028 digesta
2909 2962 3052 3009 sunt.
3077 2952 3252 3015 Quum
3281 2956 3458 3000 autem
3484 2943 3627 2995 inter

2068 3058 2255 3113 lsidori
2293 3053 2569 3124 epistolas,
2589 3063 2708 3118 quae
2726 3046 2794 3100 ad
2824 3052 2905 3097 ter
2933 3041 3077 3095 mille
3106 3052 3249 3091 casae
3276 3029 3635 3089 sunt.mnltze

2066 3148 2120 3201 in
2141 3141 2490 3215 eXplanandis
2518 3153 2693 3192 sacrae
2715 3134 3006 3201 Scriptura:
3032 3126 3164 3181 Iocis
3188 3131 3489 3179 versentur,
3516 3132 3628 3170 non

2066 3238 2239 3291 ausim
2273 3235 2454 3287 dicere
2481 3228 2696 3283 easdem
2737 3231 2828 3276 aut
2855 3221 3095 3275 diversas
3127 3229 3247 3268 esse
3277 3212 3344 3265 ab
3382 3210 3468 3271 iis,
3508 3220 3631 3275 quae

2069 3327 2121 3379 in
2157 3326 2260 3378 isto
2306 3321 2493 3375 codice
2536 3320 2869 3384 comparent.
2909 3327 2927 3358 ι
2967 3307 3239 3360 Hactenus
3274 3296 3629 3353 Montefalco-

2069 3416 2219 3469 nius.
2252 3408 2527 3465 Fabricius
2549 3419 2679 3458 vero
2704 3418 2769 3456 ex
2801 3399 3003 3454 codicis
3031 3395 3205 3454 initio,
3230 3389 3415 3458 ἐπειδὴ
3444 3386 3632 3439 κυκλι-

2068 3521 2163 3558 κον
2190 3504 2304 3554 ἐστι
2329 3527 2401 3539 -
2427 3496 2597 3565 quod,
2617 3492 2696 3546 uti
2716 3492 2824 3558 jam
2854 3504 2883 3541 a
2904 3487 3081 3541 Caveo
3113 3491 3356 3538 notatum
3380 3478 3471 3540 sit,
3496 3473 3633 3527 nulli

2068 3612 2137 3654 ex
2164 3594 2323 3651 editis
2351 3594 2630 3659 congruat,
2664 3584 2852 3652 plures
2885 3582 2939 3633 in
2966 3581 3071 3633 hoc
3104 3576 3288 3630 codice
3321 3572 3492 3624 latere
3530 3565 3631 3619 Isi-

2070 3686 2187 3744 dori
2233 3655 2490 3753 epistolas
2528 3677 2705 3730 adhuc
2743 3672 2975 3727 ineditas
3007 3666 3237 3735 collegit.
3284 3660 3388 3715 Sed
3431 3655 3635 3711 erravit

2070 3780 2154 3834 vir
2178 3746 2377 3842 alioqui
2416 3776 2605 3824 cautus
2631 3773 2686 3819 et
2710 3764 2957 3832 diligens.
2991 3757 3203 3811 Etenim
3246 3750 3373 3804 illud
3404 3757 3488 3802 est
3525 3746 3635 3798 ini-

2072 3871 2203 3924 tium
2238 3836 2425 3935 prima;
2460 3856 2580 3913 libri
2610 3854 2785 3925 quarti
2822 3851 3096 3922 epistolae;
3132 3844 3275 3914 quod
3300 3842 3409 3909 jam
3451 3854 3481 3890 a
3514 3836 3636 3888 Rit-

2073 3926 2344 4012 tersbdsio
2370 3951 2424 4003 in
2455 3956 2580 4002 nota
2616 3946 2682 3999 ad
2714 3946 2852 3997 hanc
2876 3938 3153 4009 epistolam
3188 3931 3423 3987 secunda
3463 3926 3636 3980 adno-

1992 4056 1995 4059 ’
2073 4054 2243 4101 tatum
2265 4042 2445 4103 video,
2479 4040 2534 4092 in
2567 4052 2670 4106 qua
2702 4036 2812 4096 ille,
2842 4031 2899 4085 Id
2922 4028 3077 4091 mihi,
3101 4024 3294 4092 inquit,
3321 4020 3453 4074 satis
3476 4032 3634 4084 argn-

2073 4134 2240 4189 menti
2267 4140 2352 4187 est
2382 4105 2595 4199 praeter,
2622 4125 2745 4186 alia,
2783 4136 2901 4190 qum
2930 4116 3072 4173 domi
3110 4113 3300 4173 habeo,
3341 4123 3405 4161 ex
3448 4105 3637 4159 codice

2075 4226 2165 4279 illo
2202 4197 2407 4277 Veneto
2430 4216 2767 4275 Bavaricnm,
2797 4211 2939 4265 unde
2980 4210 3077 4262 has
3102 4201 3356 4272 epistolas
3380 4197 3637 4265 deprom-

2077 4325 2193 4385 ptas
2226 4310 2427 4381 publici
2457 4308 2593 4377 juris
2638 4302 2794 4374 primi
2839 4301 3084 4354 fecimus.
3126 4291 3459 4359 descriptum
3492 4301 3636 4339 esse.

2076 4376 2252 4471 Quare
2295 4411 2351 4455 et
2398 4376 2467 4453 in?
2496 4394 2748 4452 editionis
2795 4408 2905 4445 sua:
2952 4388 3105 4443 titulo
3146 4380 3335 4436 excudi
3382 4376 3639 4432 curavit:

2082 4518 2101 4550 ε
2135 4497 2368 4562 Quartus
2400 4492 2536 4545 liber
2565 4502 2708 4542 nunc
2737 4484 2968 4554 primum
2999 4478 3109 4531 exit
3140 4487 3331 4533 novus,
3355 4486 3420 4523 ex
3447 4466 3638 4521 eodem

2077 4560 2199 4642 cod.
2244 4585 2395 4647 Bav.,
2437 4580 2523 4634 cui
2574 4576 2815 4629 Venetus
2850 4574 2904 4625 in
2938 4568 3074 4622 Bibl.
3118 4565 3175 4618 S.
3214 4560 3372 4614 Marci
3408 4570 3641 4624 respon-

2079 4678 2188 4731 det.
2222 4694 2239 4724 ι
2278 4675 2345 4727 Et
2374 4643 2501 4725 sane
2539 4668 2590 4721 id
2632 4666 2794 4733 hujus
2824 4662 2924 4716 viri
2964 4659 3107 4713 lavet
3150 4650 3454 4712 sentcntiae,
3494 4643 3641 4714 quod

2081 4762 2330 4817 IIardtius
2366 4760 2421 4812 in
2459 4732 2719 4823 catalogo,
2747 4766 2899 4804 cono.
2930 4745 3060 4800 bibl.
3097 4743 3247 4803 Bav.,
3284 4737 3439 4805 cujus
3477 4732 3641 4787 verba

2079 4870 2240 4922 supra
2290 4867 2321 4904 a
2360 4848 2518 4902 nobis
2562 4846 2719 4898 allata
2755 4847 2901 4898 sunt,
2934 4830 3284 4888 Rittershusii
3328 4825 3571 4880 codicem
3612 4834 3642 4872 a

2081 4915 2239 4998 Pe-tro
2275 4937 2551 4996 Carneade
2595 4930 2880 5003 Epidaurio
2921 4940 3042 4980 szec.
3077 4921 3212 4976 XVI.
3240 4915 3483 4972 Venetiis
3512 4926 3643 4966 exa-

2080 5042 2254 5087 ratum
2274 5045 2393 5083 esse
2430 5024 2664 5081 tradidit.

2153 5121 2260 5175 Sed
2307 5127 2427 5173 utut
2468 5116 2585 5169 haec
2618 5113 2746 5175 sint,
2779 5110 2831 5164 id
2861 5106 3035 5161 habeo
3076 5096 3461 5160 certissimum,
3497 5092 3645 5162 quod

2082 5210 2402 5267 Laurentius
2440 5204 2755 5273 Tlieupulus
2801 5201 2856 5252 in
2888 5209 3059 5265 graeca
3108 5190 3215 5245 divi
3251 5186 3412 5241 Marci
3448 5185 3647 5239 biblio—

2084 5307 2237 5359 theca
2263 5302 2509 5361 alIirmat,
2542 5295 2763 5356 scilicet,
2782 5298 2990 5343 exstare
3018 5286 3069 5337 in
3088 5282 3272 5336 codice
3296 5292 3470 5335 cxxvr,
3490 5277 3649 5328 char-

2086 5408 2255 5457 taceo,
2290 5393 2382 5461 qui
2427 5404 2550 5443 sazc.
2579 5384 2717 5440 XIV.
2753 5388 3030 5435 exaratum
3064 5374 3153 5438 sit,
3180 5372 3237 5425 S.
3269 5368 3457 5423 lsidori
3492 5366 3652 5420 Pelu-

2085 5488 2233 5541 siotae
2259 5456 2512 5553 epistolas
2536 5479 2676 5533 1148
2695 5517 2709 5543 ,
2737 5486 2936 5540 easque
2961 5480 3151 5522 omnes
3178 5464 3230 5515 in
3266 5459 3504 5515 editione
3544 5456 3648 5510 Pa-

2088 5577 2298 5633 risicnsi
2343 5575 2452 5643 jam
2493 5583 2716 5628 excusas
2754 5578 2896 5623 esse.
2928 5569 3121 5617 praeter
3156 5569 3315 5609 unam
3353 5548 3521 5604 Paulo
3562 5546 3652 5603 in-
