3890 6134
284 236 345 297 57
914 245 920 252 '
1392 236 2198 298 APPENDIX.-CODICES
2234 241 2398 300 MSS.
3447 242 3521 306 58

284 347 553 422 scriptam,
573 346 730 416 cujus
761 348 974 403 initium
1000 363 1012 399 :
1051 346 1173 399 Ὀτι
1194 346 1275 399 δεῖ
1296 346 1570 416 ὲπιμόνως
1600 346 1746 415 ἔχειν
1778 346 1843 415 τῇ

1955 362 2077 400 num
2114 348 2231 417 (lib.
2269 364 2350 412 ιιι,
2383 362 2473 417 ep.
2509 346 2658 418 216),
2684 347 2871 402 ultima
2912 355 3093 402 autem
3129 348 3198 403 ad
3233 346 3517 419 Lycatnam

286 439 765 512 μελέτῃ-1³710788
781 439 932 503 484.,
950 437 1025 493 sic
1044 437 1237 491 deinde
1259 437 1448 507 pergit,
1468 437 1747 490 continent
1763 452 1847 490 sa-

284 547 386 586 cra
410 531 703 600 Scriptura).
724 528 1197 599 interpretationes
1223 547 1234 580 :
1259 537 1545 596 sequentes
1568 528 1847 591 175,clrca

283 624 428 678 varia
474 634 788 695 argumenta
831 630 1160 677 versantur:
1204 630 1490 690 postremae
1540 620 1643 675 489
1678 621 1847 676 titulis

284 725 486 777 carent,
529 726 583 769 et
626 715 741 768 fere
792 730 981 769 omnes
1022 714 1078 767 in
1120 710 1298 783 primo
1335 722 1391 766 et
1436 713 1677 766 secundo
1712 713 1847 766 libro

285 806 552 875 pradicas
602 806 858 860 editionis
898 806 1271 875 reperiuntur;
1308 804 1576 873 pleraeque
1619 803 1847 858 diversis

284 912 345 951 ac
375 898 431 949 in
463 898 625 951 editis
649 899 962 952 nominibus
989 897 1264 966 inscripta:
1292 903 1439 949 sunt.

352 987 415 1041 ll.
452 990 650 1043 Eodem
690 991 981 1046 Laurentio
1026 990 1309 1060 Theupulo
1352 998 1490 1044 teste
1522 1020 1589 1032 —
1612 988 1687 1042 cf.
1732 988 1769 1043 l.
1805 988 1845 1055 l,

284 1096 336 1149 p.
373 1081 502 1135 283.
530 1110 598 1120 -
619 1081 752 1135 Cod.
799 1098 935 1136 nxxv
966 1083 1207 1136 continet
1246 1081 1435 1135 Isidori
1470 1081 1727 1149 epistolas
1760 1080 1845 1136 13.

353 1171 406 1242 1)
436 1172 674 1227 Zosimo.
705 1174 812 1227 inc.
846 1174 963 1227 Τῶν
994 1174 1349 1243 ἀνθρωπίνων
1378 1172 1660 1243 ἁμαρτιῶν
1683 1202 1755 1212 -—
1789 1171 1845 1239 2)

288 1262 363 1315 Ad
404 1272 613 1318 ascetas
659 1265 985 1333 jejunantes.
1033 1265 1140 1319 inc.
1172 1264 1399 1327 εὐθύνας
1442 1264 1656 1332 ὑφέξων
1690 1292 1758 1303 —-
1790 1264 1844 1334 5)

290 1352 496 1408 llieraci
522 1355 838 1410 clarissimo.
865 1357 974 1409 inc.
1013 1356 1123 1425 βίος
1159 1356 1286 1410 ἄνευ
1326 1356 1483 1424 λόγου
1507 1386 1574 1395 —
1599 1356 1653 1423 4)
1681 1353 1847 1409 Etito-

286 1447 373 1499 nio
391 1447 755 1501 diacono......
779 1448 951 1501 πάντα
974 1448 1267 1502 ποιούντων
1286 1447 1457 1517 ἡμῶν.
1476 1477 1546 1487 --
1560 1446 1614 1514 5)
1641 1446 1843 1501 Eidem.

286 1535 390 1590 inc.
423 1538 537 1599 τοῖς
565 1538 758 1601 δεινοῖς
793 1538 1017 1609 ἀνδράσι
1047 1569 1118 1579 -
1141 1539 1195 1606 6)
1229 1538 1526 1593 Archontio
1560 1538 1845 1592 monacho.

285 1627 391 1682 inc.
411 1632 479 1698 τῇ
512 1628 689 1682 λαόίδι
721 1630 987 1698 λαβὼν-
1007 1633 1057 1699 7)
1095 1630 1335 1685 Ermino.
1368 1630 1478 1683 inc.
1523 1629 1722 1693 ὑποθὲς
1748 1630 1847 1699 τὴν

285 1720 438 1789 χεῖρά
473 1737 565 1772 σου
598 1750 668 1759 -
694 1722 746 1787 8)
778 1723 1053 1791 Epagatho
1081 1722 1411 1791 presbytero.
1431 1721 1539 1775 inc.
1559 1721 1847 1792 ἐπεγράφη

284 1812 313 1861 ὁ
349 1810 547 1881 Κύριος
573 1814 629 1864 ὲν
659 1815 725 1882 τῇ
779 1816 960 1885 μήτρᾳ
993 1844 1059 1852 —
1080 1813 1133 1880 9)
1164 1813 1330 1866 Paulo
1371 1813 1845 1869 Archimandritte.

288 1903 386 1955 inc.
418 1904 616 1973 πὸλλην
642 1904 718 1968 ὼς
754 1905 924 1972 ἔγνων
956 1934 1025 1945 -
1048 1904 1133 1972 10)
1176 1903 1462 1974 Strategio.
1506 1904 1611 1957 inc.
1654 1905 1848 1975 ῥάϐδον

286 1996 564 2065 καρυῖνην.
592 2026 663 2037 -—
695 1997 777 2064 11)
824 1996 1213 2065 Thcopempto.
1250 1996 1354 2050 inc.
1402 1996 1503 2064 τὴν
1544 1999 1715 2066 συκῆν
1750 1998 1847 2067 οὐχ

286 2086 463 2149 ἁπλῶς
494 2114 563 2126 -ο
591 2088 677 2155 12)
708 2088 993 2156 Lampecio
1022 2087 1305 2141 monacho.
1334 2086 1442 2139 inc.
1483 2085 1677 2139 πολλαὶ
1706 2104 1847 2157 προ-

288 2177 471 2242 φάσεις
516 2181 621 2231 είσὶ
644 2208 717 2218 -—
744 2179 828 2246 15)
858 2178 1250 2232 Tlteodulo.....
1295 2177 1621 2251 σκανδαλίζῃ
1655 2178 1751 2231 ἐπὶ
1778 2181 1844 2251 τῇ

290 2268 425 2322 κόνει
450 2300 519 2311 -
543 2272 629 2337 15)
668 2270 957 2339 Gorgonio.
989 2269 1097 2324 inc.
1132 2268 1502 2339 πολυδύναμον
1538 2272 1634 2323 καὶ
1682 2270 1845 2322 πολυ-

291 2358 572 2431 θρύλλητον
602 2391 669 2400 -

721 2474 934 2531 Codices
962 2475 1391 2530 Vindobonenses.

353 2589 391 2644 l.
425 2588 740 2644 Lambecius
777 2590 829 2642 in
863 2588 1267 2645 commentariis
1289 2588 1356 2644 de
1388 2588 1521 2642 bibl.
1550 2587 1687 2643 Caes.
1708 2586 1844 2641 Vin-

286 2679 405 2735 ;lob.
437 2680 528 2734 lib.
555 2697 608 2744 v,
641 2696 695 2749 p.
727 2682 853 2735 245.
894 2699 913 2732 ι
953 2681 1087 2735 Cod.
1118 2697 1263 2735 cem
1307 2694 1407 2744 est,
1448 2679 1647 2750 inquit,
1681 2680 1843 2733 char-

289 2785 485 2829 taceus.
526 2772 781 2839 antiquus
829 2781 884 2826 et
927 2773 1083 2827 bona:
1122 2782 1263 2826 nota:
1302 2772 1355 2824 in
1396 2780 1609 2840 quarto,
1652 2771 1747 2824 sed
1784 2770 1841 2824 in

294 2860 542 2929 principio
572 2872 629 2915 et
657 2862 763 2915 line
787 2862 1026 2928 mutilus,
1050 2871 1367 2930 constatque
1388 2878 1536 2915 nunc
1561 2862 1704 2916 foliis
1730 2871 1842 2915 tre-

293 2957 450 3010 centis
485 2956 755 3011 undecim.
797 2973 815 3005 ι
862 2952 1220 3007 Coutinentur
1242 2968 1309 3005 eo
1332 2953 1448 3007 haec
1477 2970 1489 3004 :

364 3064 380 3095 ι
413 3044 607 3108 Primo,
642 3054 699 3099 et
744 3044 959 3113 quidem
989 3059 1018 3097 a
1056 3042 1147 3096 fol.
1181 3060 1221 3107 ι,
1253 3059 1305 3112 p.
1331 3058 1380 3106 ι,
1424 3057 1597 3110 usque
1640 3042 1705 3094 ad
1746 3041 1838 3094 fol.

294 3136 406 3198 500,
428 3153 479 3204 p.
512 3138 562 3200 1,
592 3136 650 3189 S.
684 3134 872 3189 Isidori
914 3133 1199 3187 Pelusiota:
1244 3149 1369 3201 epp.
1398 3133 1534 3185 1000
1562 3132 1630 3185 de
1672 3131 1840 3184 inter-

296 3229 577 3294 pretatione
603 3242 773 3282 sacrm
797 3225 1104 3295 Scripturaa,
1125 3240 1354 3294 quarum
1376 3224 1615 3293 quinque
1637 3224 1846 3293 priores

293 3319 499 3374 omnino
526 3320 743 3382 desunt,
773 3328 921 3372 sexta
951 3325 1134 3371 autem
1164 3317 1227 3371 ad
1249 3316 1655 3384 Arsenuphium
1685 3314 1844 3368 dimi-

292 3408 372 3461 dia
406 3420 554 3479 parte
591 3410 754 3479 priori
794 3419 878 3463 est
919 3409 1127 3470 mutila,
1176 3418 1336 3476 atque
1375 3406 1567 3475 incipit
1600 3406 1715 3460 haec
1761 3405 1845 3459 his

292 3501 457 3554 verbis
486 3520 499 3554 :
525 3501 640 3554 ἀλλ’
668 3502 757 3554 ἵνα
787 3501 860 3571 μὴ
892 3499 1167 3561 παντελῶς
1189 3498 1580 3566 φαντασθῶμεν
1602 3528 1673 3537 -—
1704 3496 1843 3551 Ulti-

294 3607 371 3645 ma
400 3593 610 3646 demum
634 3593 745 3646 sive
767 3593 1049 3645 millesima
1078 3591 1143 3644 ad
1172 3590 1505 3659 Lampetium
1531 3591 1843 3658 episcopum

295 3684 605 3748 inscribitur,
628 3692 789 3752 atque
821 3682 1007 3751 incipit
1037 3684 1139 3735 hoc
1168 3682 1363 3735 modo:
1398 3680 1693 3750 Λαμπετίῳ
1727 3682 1845 3732 ἐπι-

295 3776 486 3846 σκόπῳ.
539 3776 639 3828 Διὰ
680 3777 749 3829 τὰ
787 3779 915 3846 περὶ
967 3774 1235 3844 Ζώσιμον,
1265 3805 1335 3813 -
1374 3773 1549 3840 Ἀλγῶ
1598 3774 1697 3842 μὲν
1750 3772 1845 3825 καὶ

293 3866 439 3929 αὐτὸς
480 3867 677 3935 κομιδῆ
701 3896 771 3906 --
799 3865 989 3934 Opera:
1026 3865 1261 3935 pretium
1316 3878 1496 3919 autem
1543 3866 1706 3919 fuerit
1745 3866 1844 3920 has

295 3957 465 4012 isidori
494 3974 618 4028 epp.
650 3968 898 4012 accurate
930 3958 1179 4012 conferre
1211 3975 1333 4011 cum
1374 3958 1705 4011 cditionibus
1738 3958 1843 4010 im-

294 4049 497 4110 pressis.
528 4050 729 4102 Forsan
761 4049 902 4101 enim
928 4048 980 4101 in
1010 4049 1112 4103 hoc
1141 4049 1328 4101 codice
1354 4049 1600 4116 qumdam
1627 4056 1845 4101 exstant

291 4144 513 4196 nondum
539 4144 703 4197 edita.
739 4161 757 4192 ι
784 4172 854 4183 -—
873 4141 1042 4207 Quam
1078 4158 1205 4195 vero
1235 4140 1503 4195 Lambecii
1531 4140 1843 4208 Opinionem

292 4231 469 4288 falsam
494 4250 615 4289 esse
637 4233 919 4287 contendit
942 4232 1208 4286 Kollarius
1238 4232 1291 4286 in
1324 4231 1455 4284 edit.
1488 4230 1619 4283 bibl.
1653 4229 1841 4284 Lamb.

292 4332 413 4377 tum.
460 4326 524 4391 ν,
552 4341 610 4394 p.
640 4326 762 4387 509,
797 4324 887 4379 ubi
939 4325 1055 4378 haec
1090 4331 1300 4377 exstant
1338 4321 1585 4391 ejusdem
1624 4321 1788 4374 verba
1826 4339 1838 4373 :
1875 4340 1919 4395 ι)

298 4433 317 4462 ι
358 4415 611 4469 Cmterum
645 4416 928 4484 diligenter
958 4415 1149 4468 collato
1179 4416 1346 4468 hocce
1372 4412 1559 4466 codice
1588 4427 1711 4465 cum
1742 4412 1843 4465 lsi-

294 4502 400 4556 dori
419 4505 655 4573 epistolis
677 4504 895 4557 Parisiis
920 4519 1062 4556 anno
1090 4502 1243 4567 1658,
1267 4518 1296 4555 a
1324 4500 1566 4554 Morellio
1592 4500 1842 4571 vulgatis,

297 4609 361 4647 ne
387 4612 535 4648 unam
558 4596 776 4664 quidem
808 4595 1089 4659 ineditam,
1117 4595 1223 4648 imo
1248 4604 1357 4647 tres
1385 4592 1558 4647 editas
1582 4593 1635 4646 in
1656 4593 1844 4647 codice

299 4696 467 4740 nostro
520 4686 835 4749 desiderari,
878 4686 1152 4753 comperi;
1199 4686 1406 4740 scilicet
1454 4700 1546 4738 cas
1616 4698 1736 4751 quae
1789 4683 1845 4736 in

298 4774 441 4828 editis
467 4777 560 4832 lib.
599 4792 661 4842 ιι,
694 4792 752 4829 ιι.
778 4777 896 4837 128,
925 4776 1029 4829 277
1060 4784 1115 4828 et
1146 4775 1271 4839 297,
1309 4776 1581 4842 leguntur.
1616 4773 1842 4837 Deinde,

301 4862 374 4917 sic
400 4868 532 4920 enim
559 4868 753 4937 pergit,
786 4867 841 4920 in
870 4867 1039 4921 libros
1070 4867 1419 4935 partitionem
1452 4866 1622 4919 codex
1659 4872 1847 4918 noster

303 4969 401 5008 non
427 4959 679 5028 agnoscit,
714 4976 891 5028 neque
925 4959 1061 5012 ultra
1095 4974 1231 5020 eam,
1264 4973 1385 5026 quae
1416 4957 1470 5010 in
1506 4957 1734 5027 vulgatis
1764 4966 1847 5011 est

302 5040 426 5099 libro
446 5064 517 5110 ιιι,
545 5065 629 5118 ep.
670 5049 793 5110 200,
828 5049 1184 5118 progreditur.
1228 5067 1246 5098 ι

370 5135 423 5187 ΙΙ.
444 5138 611 5194 Codex
640 5158 829 5207 ccxcu,
860 5142 1097 5208 ejusdem
1123 5140 1459 5193 bibliothecae
1490 5150 1589 5198 est,
1619 5139 1844 5192 Lambe-

302 5223 384 5278 eio
408 5228 438 5281 l.
464 5230 500 5283 Ι.
530 5248 581 5299 p.
619 5232 755 5297 246;
785 5241 840 5285 et
873 5231 1106 5284 Kollario
1150 5232 1185 5283 1.
1225 5231 1261 5283 1.
1296 5246 1347 5298 p.
1404 5230 1524 5293 520,
1548 5230 1667 5293 521,
1693 5230 1845 5282 testi-

301 5314 418 5381 δας,
453 5322 791 5382 chartaceus,
842 5323 1115 5391 antiquus,
1164 5322 1486 5388 in-quarto,
1529 5330 1847 5388 constatque

302 5404 436 5461 foliis
465 5414 711 5467 trecentis
736 5414 1075 5467 sedecim.—
1095 5412 1452 5466 Continentur
1480 5427 1544 5464 eo
1578 5430 1588 5464 :
1632 5432 1649 5461 ‹
1675 5413 1731 5463 S.
1759 5412 1849 5464 lsi-

303 5497 415 5552 dori
444 5502 710 5560 Pelusiotae
745 5522 870 5575 epp.
899 5505 965 5559 95
1000 5505 1066 5559 de
1098 5503 1536 5573 interpretatione
1574 5520 1845 5559 sacrarunt

306 5588 710 5663 Scripturarum,
743 5610 973 5665 quarum
1012 5596 1183 5664 prima
1224 5596 1289 5650 ad
1327 5595 1621 5649 Palladium
1662 5595 1842 5649 diaco-

1950 438 2063 508 (lib.
2091 455 2127 504 ι,
2159 454 2247 508 ep.
2290 440 2433 510 179.)
2478 440 2601 495 data
2644 450 2745 496 est.
2792 438 3098 494 Notandum
3136 449 3397 509 praeterea
3431 447 3519 495 est

1948 528 2089 583 inter
2122 532 2376 599 epistolas
2414 548 2574 585 unam
2600 546 2739 594 esse,
2778 546 2940 599 quam
2989 531 3133 584 inter
3156 546 3281 600 epp.
3322 546 3353 585 a
3392 529 3514 586 Rit-

1949 622 2218 675 tershusio
2244 630 2298 676 et
2325 622 2549 676 Schotto
2576 622 2747 676 editas
2782 637 2889 675 non
2914 622 3111 691 reperi,
3142 636 3342 691 nempe
3374 622 3515 677 duo-

1949 711 2209 765 decimam
2254 713 2321 766 ad
2364 714 2692 767 Thalelaeum
2732 712 3077 777 monachum,
3123 714 3279 781 cujus
3324 714 3516 766 titulus

1948 810 2001 854 et
2023 803 2340 873 principium
2368 823 2379 856 :
2413 804 2691 874 Θαλελαίῳ
2716 803 2947 873 μοναχῷ.
2974 804 3072 855 “Av
3104 805 3170 873 τῇ
3203 805 3375 874 σκηνῇ
3409 803 3517 855 τῶν

1950 891 2189 962 θεάτρων
2224 894 2497 963 ἁρμόδιον,
2548 895 2637 956 τίς
2680 912 2737 946 σε
2770 895 2829 947 οὐ
2864 894 3187 965 κῳμωδήσει
3222 911 3277 949 κ.
3312 911 3365 948 τ.
3402 894 3453 947 λ.
3491 911 3513 945 ι

1948 982 2029 1037 Cf.
2060 984 2362 1039 Montefale.
2393 984 2530 1040 Bibl.
2560 985 2683 1039 bibl.
2720 1002 2773 1055 p.
2808 986 2930 1040 550.
2961 987 3021 1040 Β.

2019 1074 2103 1128 111.
2139 1076 2319 1130 Codex
2383 1092 2563 1130 ccxm.
2606 1077 2889 1131 duodecim
2919 1078 3161 1131 continet
3202 1075 3330 1131 Isid.
3366 1091 3519 1146 epp.,

1948 1180 2172 1234 quarum
2208 1168 2379 1244 prima
2410 1168 2476 1221 ad
2504 1166 2869 1221 Theodosium
2896 1168 3276 1223 scholasticum
3314 1168 3393 1221 sic
3430 1166 3517 1220 in-

1948 1257 2117 1325 cipit:
2148 1258 2219 1309 Τὸ
2270 1258 2528 1324 περισσὸν
2563 1259 2595 1327 ἢ
2638 1258 2938 1329 ἀλλότριον.
2986 1288 3055 1301 —-
3086 1258 3169 1313 Cf.
3209 1257 3517 1313 Montefalc.

1948 1348 2082 1402 Bibl.
2108 1351 2229 1406 bibl.
2268 1367 2321 1420 p.
2350 1352 2471 1413 548,
2497 1350 2557 1405 n.
2767 1419 2769 1422 φ

2020 1440 2107 1493 lV.
2133 1442 2310 1496 Codex
2337 1457 2444 1496 etv.
2468 1452 2551 1497 est
2574 1441 2809 1495 Kollario
2838 1450 2977 1497 teste
3001 1442 3340 1505 chartaceus,
3364 1440 3521 1495 folio.

1950 1546 2068 1585 rum
2096 1542 2461 1588 trecentorum
2510 1540 2565 1588 et
2593 1533 2852 1598 sedecim,
2883 1550 3013 1588 saec.
3039 1530 3155 1586 XV.
3184 1533 3342 1587 initio
3378 1532 3519 1588 scri-

1950 1630 2093 1690 ptus.
2127 1624 2487 1679 Continentur
2518 1633 2719 1689 autem,
2754 1634 2813 1679 ut
2846 1626 2987 1679 idem
3017 1624 3084 1691 in
3111 1623 3520 1693 supplemento-

1950 1729 2067 1767 rum
2092 1716 2159 1769 ad
2193 1716 2464 1771 Lambecii
2495 1716 2913 1770 commentarios
2941 1716 3079 1770 libro
3104 1715 3281 1784 primo
3302 1731 3358 1783 p.
3391 1715 3517 1781 644,

1949 1804 2053 1858 645
2083 1808 2260 1871 tradit,
2291 1808 2345 1860 in
2375 1823 2440 1861 eo
2472 1807 2596 1861 inde
2624 1823 2655 1861 a
2693 1807 2821 1861 folio
2867 1808 2962 1862 281
2999 1807 3188 1861 lsidori
3232 1804 3519 1861 Pelusiotae

1949 1912 2073 1965 epp.
2106 1899 2229 1951 414.
2250 1929 2320 1937 -
2345 1918 2362 1950 ι
2396 1900 2647 1953 Auctoris
2676 1899 2913 1968 quidem,
2954 1899 3028 1951 ita
3064 1898 3242 1968 pergit
3267 1898 3378 1961 ille,
3418 1911 3520 1951 no-

1948 2004 2071 2042 men
2100 1990 2154 2041 in
2178 1990 2404 2060 exempli
2430 1990 2605 2044 fronte
2629 2006 2737 2043 non
2767 1996 3063 2058 comparet,
3088 1988 3181 2043 sed
3212 2005 3337 2044 cum
3362 1988 3518 2054 illud,

1949 2090 2061 2133 tum
2084 2082 2244 2135 etiam
2267 2083 2615 2151 epistolarum
2640 2096 2925 2135 numerum
2949 2080 3281 2135 indicaverat
3308 2080 3388 2134 Cl.
3414 2080 3523 2136 Te-

1949 2173 2241 2242 gnagelius,
2271 2174 2583 2243 praascripto
2613 2188 2712 2227 suo
2742 2188 2907 2226 manu
2940 2172 3044 2226 hoc
3082 2172 3238 2226 titulo
3274 2190 3287 2227 :
3319 2171 3377 2225 S.
3412 2170 3523 2225 lsi-

1946 2263 2062 2316 dori
2104 2264 2386 2319 Pelusiotae
2409 2281 2533 2334 epp.
2566 2263 2976 2334 quatuordecim
3004 2272 3060 2317 et
3087 2264 3520 2333 quadringenta.

1946 2354 2067 2407 414.
2098 2355 2222 2409 Haec
2251 2356 2355 2410 ille.
2384 2356 2563 2410 Prima
2594 2357 2713 2410 sine
2738 2355 3031 2425 epigraphe
3062 2354 3292 2423 incipit:
3324 2354 3385 2406 Οἱ
3418 2353 3521 2422 μὲν

1946 2445 2087 2513 ἆγιοι
2120 2447 2217 2516 τῆς
2253 2448 2549 2517 μοναχικῆς
2587 2446 2899 2515 φιλοσοφίας
2932 2447 3217 2516 κορυφαῖοι
3252 2444 3347 2498 καὶ
3385 2445 3520 2514 ἡγε-

1949 2532 2105 2600 μόνες
2133 2565 2201 2573 -
2233 2534 2364 2587 Data
2421 2533 2523 2587 fuit
2564 2534 2630 2587 ad
2667 2534 2845 2587 Nilum
2890 2533 3249 2595 monachum,
3293 2546 3413 2600 qua
3458 2531 3516 2586 in

1946 2625 2223 2693 impressis
2256 2626 2419 2679 etiam
2463 2627 2724 2694 exemplis
2763 2626 3001 2694 primum
3046 2625 3225 2678 locum
3263 2634 3515 2693 occupat.

1944 2713 2209 2770 Caeterum
2250 2718 2318 2771 de
2360 2719 2463 2772 hoc
2511 2718 2696 2772 codice
2740 2716 2996 2771 Forlosia:
3036 2716 3209 2770 nostri
3252 2715 3520 2785 judicium

1945 2815 2060 2861 erat
2089 2808 2190 2861 hoc
2215 2827 2227 2860 :
2260 2806 2639 2876 Epistolarum,
2674 2808 2867 2877 inquit,
2897 2808 3029 2861 ordo
3059 2808 3200 2861 idem
3235 2807 3393 2876 plane
3412 2815 3517 2874 est,

1944 2916 2005 2953 ac
2048 2900 2113 2963 is,
2147 2900 2237 2968 qui
2282 2900 2336 2952 in
2371 2899 2502 2953 edit.
2532 2899 2655 2951 Par.
2692 2898 2879 2953 Jacobi
2920 2898 3058 2951 Billii
3100 2907 3381 2965 servatur;
3423 2899 3518 2956 sed

1872 3025 1913 3081 ο
1948 2992 2143 3044 ntultas
2171 2991 2443 3045 variantes
2476 2992 2543 3045 ab
2587 2991 2676 3044 illa
2718 2990 2979 3043 lectiones
3010 2990 3191 3043 obiter
3226 2990 3521 3047 observare

1948 3084 2104 3137 nobis
2132 3084 2374 3153 contigit.
2405 3102 2423 3134 ι
2456 3113 2525 3124 —
2550 3084 2632 3137 Cf.
2654 3082 2873 3138 Montef.
2898 3082 3036 3137 Bibl.
3062 3083 3187 3137 bibl.
3216 3100 3270 3153 p.
3301 3084 3427 3151 562,
3450 3086 3519 3141 Α.

2017 3172 2169 3239 Quod
2218 3190 2348 3228 vero
2390 3176 2669 3229 contendit
2711 3175 2993 3229 Fabricius
3037 3176 3170 3230 bibl.
3203 3192 3284 3247 gr.
3322 3176 3418 3230 lib.
3463 3192 3518 3230 ν.

1946 3282 2064 3335 cap.
2092 3267 2181 3330 37,
2206 3266 2256 3337 §.
2291 3270 2345 3331 5,
2381 3284 2434 3336 p.
2474 3269 2601 3331 255,
2631 3269 2702 3324 cf.
2749 3270 2836 3324 ed.
2885 3270 3030 3323 llarl.
3070 3270 3168 3324 vol.
3208 3286 3262 3334 Χ,
3292 3286 3349 3339 p.
3378 3268 3521 3333 480,

1946 3357 2290 3412 Lambecium
2309 3360 2445 3413 libro
2468 3376 2503 3424 ι,
2531 3377 2584 3429 p.
2608 3362 2708 3416 149
2751 3362 2935 3415 testari
2955 3361 3197 3416 codicem
3223 3377 3348 3431 epp.
3378 3362 3522 3416 2000

1944 3464 2173 3518 graecum
2205 3450 2261 3503 in
2283 3450 2412 3505 bibl.
2439 3450 2672 3505 Vindob.
2700 3461 2933 3515 exstare,
2966 3452 3098 3505 mihi
3124 3452 3339 3522 quidem
3366 3468 3523 3523 egre-

1945 3540 2015 3608 gii
2041 3540 2200 3609 hujus
2224 3541 2322 3595 viri
2353 3557 2503 3595 error
2531 3542 2747 3595 videtur
2784 3558 2923 3596 esse.
2962 3542 3170 3612 Nempe
3198 3542 3522 3600 Lambecius

1945 3633 2070 3687 inde
2116 3649 2147 3687 a
2183 3650 2236 3703 p.
2298 3634 2397 3688 147
2437 3635 2821 3690 bibliothecam
2861 3634 3521 3705 Constantinopolitanam

1945 3727 2012 3780 ab
2038 3728 2280 3782 Antonio
2308 3727 2573 3783 Verderio
2607 3729 2776 3784 etiam
2804 3729 3053 3798 pluribus
3071 3738 3282 3783 scatere
3308 3730 3520 3784 mendis

1944 3828 2172 3873 conatur
2206 3822 2452 3889 probare.
2491 3820 2661 3886 Quem
2703 3812 2968 3874 ad'ﬁnem
3016 3822 3313 3891 catalogum
3350 3822 3517 3875 libro-

1946 3924 2065 3962 rum
2097 3910 2217 3973 174,
2246 3928 2275 3965 a
2313 3913 2662 3980 grammatico
2692 3912 2925 3981 quodam
2958 3911 3282 3974 exhibitum,
3303 3912 3517 3977 eodetn,

1944 4015 2052 4069 quo
2100 4001 2251 4055 illum
2297 4002 2486 4056 excudi
2533 4003 2738 4057 curavit
2778 4003 3091 4065 Verderius,
3132 4003 3291 4056 modo
3331 4003 3516 4065 refert,

1945 4091 2211 4160 simulque
2245 4110 2274 4146 a
2304 4093 2547 4147 Caesareo
2578 4094 2743 4162 hujus
2766 4094 2989 4164 catalogi
3022 4094 3210 4148 codice
3240 4093 3518 4147 meliorem

1945 4184 2128 4252 adjicit
2165 4186 2507 4251 scripturam.
2535 4183 2719 4253 Itaque
2765 4185 2944 4237 allatis
2974 4184 3364 4253 compluribus,
3390 4185 3519 4253 qui-

1944 4274 2047 4327 bus
2068 4276 2387 4329 scntentiam
2411 4276 2478 4329 de.
2500 4274 2741 4328 Verderii
2774 4276 3099 4329 bibliotheca
3130 4292 3280 4328 suam
3306 4276 3516 4344 probet,

1948 4366 2207 4434 exemplis
2236 4383 2288 4434 p.
2316 4368 2433 4429 149,
2462 4366 2515 4419 in
2539 4366 2684 4419 hunc
2710 4366 2887 4435 pergit
2908 4367 3165 4420 modum':
3200 4386 3217 4417 ι
3244 4366 3517 4435 Epistolas,

1949 4456 2139 4509 Isidori
2170 4457 2278 4511 Pcl.
2312 4472 2540 4510 numero
2571 4458 2715 4510 mille
2745 4467 2799 4511 et
2827 4459 2953 4512 duo.
2980 4458 3034 4510 In
3064 4458 3251 4512 codice
3273 4456 3522 4510 Caesareo

1948 4548 2198 4602 scribitur
2225 4548 2459 4617 χιλιάδες
2504 4546 2597 4599 δύο
2632 4548 2714 4602 bis
2754 4549 2931 4613 mille,
2970 4549 3086 4603 sive
3129 4549 3238 4602 duo
3273 4548 3456 4601 millia.
3494 4566 3514 4596 ι

2262 4660 2471 4715 Codices
2514 4662 2827 4715 bibliotheca:
2865 4662 3195 4715 Parisiensis.

2016 4773 2147 4827 Cod.
2182 4788 2495 4828 uncccxxxu
2530 4776 2769 4828 continet
2804 4791 2929 4843 epp.
2968 4774 3126 4836 1215,
3162 4775 3313 4841 isque
3347 4774 3517 4827 codex

1948 4866 2141 4918 sarculo
2198 4864 2314 4917 Xlll
2346 4874 2596 4918 exaratus
2621 4866 2832 4919 dicitur.
2854 4895 2924 4906 --
2948 4864 3030 4918 Cf.
3057 4864 3361 4919 Montefalc.
3380 4864 3518 4920 Bibl.

1948 4956 2067 5009 bibl.
2104 4972 2154 5024 p.
2186 4956 2306 5017 732,
2338 4955 2401 5018 A,
2428 4972 2482 5023 p.
2517 4957 2636 5017 77-3,
2671 4955 2732 5006 D.

2014 5046 2147 5101 Cod.
2165 5061 2499 5110 ncccccxux,
2524 5063 2647 5115 epp.
2666 5047 2969 5114 aliquot.—
2986 5046 3069 5101 Cf.
3092 5046 3394 5103 Montefalc.
3417 5046 3454 5101 l.
3484 5064 3519 5101 ι.

1947 5155 2001 5207 p.
2031 5140 2152 5203 75:,
2181 5140 2246 5191 A.

2014 5229 2143 5281 Cod.
2173 5245 2496 5289 nccccu‘vn,
2528 5244 2582 5281 ιι.
2616 5244 2686 5280 tx.
2712 5243 2836 5297 epp.
2869 5228 2919 5282 7.

2016 5320 2148 5373 Cod.
2180 5336 2385 5382 .uccmx,
2417 5318 2598 5371 Isidori
2633 5319 2990 5388 fragmentum
3030 5320 3097 5375 de
3144 5320 3297 5374 libris
3343 5332 3519 5372 cano-

1950 5412 2100 5465 nicis.
2161 5411 2227 5462 cf.
2268 5411 2544 5479 Appendix
2576 5410 2641 5463 ad
2677 5411 3019 5466 Catal.coon.
3073 5411 3244 5464 Paris.
3298 5409 3407 5463 vol.
3454 5424 3517 5473 ιι,

1952 5519 2002 5571 p.
2036 5504 2160 5556 619.

2020 5594 2149 5649 Cod.
2187 5610 2479 5657 ucccuxn,
2516 5611 2565 5647 n.
2602 5594 2689 5658 28,
2717 5611 2803 5662 ep.
2841 5596 2891 5658 3,
2921 5610 2976 5647 ιι.
3020 5594 3107 5659 33,
3136 5610 3222 5661 ep.
3263 5593 3307 5645 1.
