3890 6134
292 255 362 315 69
1225 256 1227 258 ’
1571 247 1674 306 ISI
1683 246 1863 306 DORI
1903 243 2298 305 DOCTRINA.
3474 236 3545 301 το

301 377 581 421 cernerem
615 361 671 416 in
710 362 928 418 Litteris
961 361 1152 425 sacris,
1187 359 1230 414 si
1265 357 1414 412 nullo
1446 356 1564 410 loco
1590 350 1868 418 haererem,
1902 362 1946 416 Α
1974 367 2082 422 quo
2109 350 2268 404 modo
2291 349 2528 404 Isidorus
2551 355 2740 402 contra
2769 345 3018 402 ethnicos
3039 345 3356 417 religionem
3382 347 3547 402 Chri-

293 458 411 526 ‘ipsa
441 453 841 524 perspicuitate
889 450 1091 506 oﬂ'endi
1124 464 1284 520 posse
1309 449 1542 516 ingenue
1593 445 1870 515 proﬁteor.

294 548 429 601 Nam
459 561 568 599 non
596 545 780 598 minus
806 543 1022 597 taedium
1055 541 1213 595 aﬂ‘ert
1255 539 1390 593 liber
1414 577 1429 601 ,
1465 539 1517 592 in
1547 553 1656 607 quo
1695 539 1874 592 omnis

205 676 208 679 -
293 635 581 691 exercendi
619 633 824 704 ingenii
857 631 1102 693 materia,
1139 646 1232 698 per
1263 630 1406 683 dicta
1445 628 1502 682 in
1532 628 1726 695 vulgtts
1748 637 1874 683 uota

291 739 349 782 et
375 727 518 797 plebi
565 734 689 794 apta
719 723 1032 793 praciditur
1052 762 1066 785 ,
1099 735 1258 788 quam
1290 720 1548 787 opuscula
1581 719 1872 787 repudian-

293 828 383 872 tur
408 856 424 878 ,
457 832 580 885 qua:
607 831 703 884 per
735 813 1026 868 dictionem
1060 809 1297 864 tenebris
1327 808 1620 861 involutam
1647 809 1873 861 horrore

291 908 616 978 percellunt.
653 904 907 960 Omnium
938 911 1117 955 autem
1143 900 1426 954 utilissima
1455 906 1511 952 et
1536 898 1872 965 sapientissi—

290 1015 382 1053 ma
409 1011 628 1066 semper
672 996 858 1049 habita
892 993 1044 1047 fuere
1091 991 1323 1060 scripta,
1377 1005 1498 1058 qua:
1537 988 1872 1059 gravioribus

291 1089 495 1144 leviora
523 1086 856 1156 permiscent
878 1125 893 1149 ,
939 1091 994 1137 et
1024 1083 1126 1136 hoc
1157 1089 1584 1150 temperamento
1611 1079 1870 1133 lectorum

291 1181 653 1252 plurimorum
687 1177 880 1232 studiis
913 1173 1251 1229 satisfaciunt
1273 1176 1371 1241 (a).

364 1271 442 1325 Ex
469 1271 555 1324 bis
576 1277 760 1323 autem
779 1306 792 1329 ,
821 1281 940 1336 quae
968 1266 1036 1320 de
1062 1265 1322 1318 librorum
1350 1276 1625 1316 sacrorum
1656 1259 1869 1330 perspi-

293 1361 498 1418 cuitate
526 1361 668 1415 dicta
701 1367 846 1421 sunt,
883 1357 1015 1411 satis
1043 1355 1258 1409 videtur
1298 1368 1557 1422 apparere
1581 1389 1595 1414 ,
1625 1350 1870 1405 Pelusio-

293 1465 405 1506 tam
467 1450 809 1512 credidisse,
875 1447 1049 1501 Biblia
1095 1461 1204 1499 non
1246 1445 1417 1498 solum
1458 1443 1526 1497 ab
1575 1441 1864 1511 episcopis,

293 1542 540 1597 diaconis
561 1582 575 1604 ,
625 1539 906 1594 monachis
936 1538 1164 1605 aliisque
1208 1535 1390 1604 populi
1423 1533 1865 1603 praeceptoribus,

291 1649 481 1690 verum
502 1635 571 1686 ab
589 1631 862 1693 omnibus,
887 1629 979 1697 qui
994 1626 1196 1680 Christi
1219 1626 1519 1679 doctrinam
1543 1625 1865 1693 receperint,

294 1736 506 1782 attente
534 1733 591 1779 et
610 1723 897 1790 diligenter
921 1734 1043 1774 esse
1072 1717 1386 1771 lectitando.
1420 1715 1596 1781 Quare
1628 1715 1704 1768 uti
1732 1715 1872 1768 illius
1903 1701 1944 1754 Β

295 1819 586 1873 lectionem
606 1814 776 1868 Paulo
794 1813 1110 1882 presbvtero
1126 1809 1218 1879 (ὁ),
1245 1808 1444 1863 Heroui
1464 1806 1873 1875 seholastico(c),

293 1909 586 1964 Timotheo
620 1904 812 1960 lectori
851 1904 930 1974 (d)
959 1903 1211 1972 aliisque,
1240 1900 1334 1970 qui
1386 1914 1566 1954 rerum
1610 1899 1877 1952 humana-

295 2016 417 2056 ram
462 1998 882 2064 divinarumque
937 1994 1170 2062 aliquam
1231 2001 1378 2046 certe
1438 1988 1673 2043 assecuti
1723 1998 1879 2043 erant

296 2091 608 2152 scientiam,
641 2090 714 2141 ita
745 2088 890 2140 illam
927 2100 1034 2138 non
1057 2084 1230 2137 solum
1271 2081 1523 2135 omnibus
1545 2081 1726 2149 aliquo
1747 2081 1878 2135 vitio

296 2180 674 2237 laborantibus
707 2176 778 2246 (e)
806 2216 822 2242 ,
880 2175 976 2230 sed
1003 2175 1258 2228 omnibus
1309 2173 1633 2227 mortalibus
1660 2174 1726 2243 (1)
1759 2173 1878 2227 ideo

296 2270 788 2328 commendandam
819 2282 938 2322 esse
975 2275 1182 2330 censet,
1218 2272 1279 2318 ut
1313 2265 1464 2333 pravi
1495 2264 1707 2317 illorum
1758 2279 1875 2317 mo-

297 2380 389 2419 res
420 2363 802 2418 emendentur.
839 2357 992 2424 Quod
1021 2373 1144 2410 cum
1175 2370 1274 2410 suo
1305 2365 1548 2424 tempore
1577 2355 1876 2424 neglectum

297 2456 391 2518 sit,
427 2451 756 2509 Christianae
783 2449 1062 2520 religionis
1096 2456 1296 2502 statum
1325 2461 1666 2514 summopere
1688 2446 1879 2514 depra-

297 2557 486 2600 vatum
511 2559 659 2605 esse,
681 2551 877 2596 manet
912 2539 1182 2594 l’elusiota
1213 2539 1266 2590 in
1293 2538 1483 2591 litteris
1504 2538 1567 2590 ad
1590 2535 1875 2590 Leontium

300 2637 623 2706 episcopum
653 2633 794 2687 datis
819 2632 916 2702 (θ).
965 2630 1118 2694 Quod
1147 2629 1313 2693 enim,
1343 2628 1550 2697 inquit,
1586 2627 1747 2682 lectio
1793 2643 1880 2682 sa-

301 2743 519 2782 crarum
550 2726 874 2779 Litterarum
899 2721 1173 2775 destructa
1195 2727 1276 2774 est
1297 2727 1351 2773 et
1381 2720 1622 2790 neglecta
1648 2760 1662 2781 ,
1703 2719 1878 2787 quod-

301 2835 412 2888 que
452 2815 824 2886 unusquisque
855 2828 981 2866 suos
1007 2812 1232 2866 affectus
1261 2811 1461 2865 divinis
1509 2809 1726 2880 praefert
1751 2825 1876 2864 ora-

301 2911 466 2973 culis,
505 2924 569 2962 ea
605 2922 695 2960 res
728 2913 997 2960 tantarum
1025 2917 1186 2956 causa
1213 2909 1296 2956 est
1321 2902 1708 2955 calamitatum.

1981 443 2214 498 stianam
2243 438 2580 502 defenderit,
2614 453 2644 491 a
2680 438 2838 492 nobis
2878 438 3184 492 accuratius
3226 450 3545 506 exponetur,

1979 532 2206 586 dicenda
2254 531 2382 592 sint,
2433 544 2580 583 nunc
2621 544 2690 582 ne
2735 529 2956 583 verbum
2988 529 3292 602 addendum
3337 537 3438 581 est.
3488 527 3546 582 ld

1980 637 2112 676 vero
2143 637 2252 675 non
2283 620 2759 690 praetermittemus
2807 619 3022 672 silentio
3045 659 3060 683 ,
3107 620 3246 686 quod
3277 616 3545 672 Pelusiota

1979 715 2196 767 decretis
2227 713 2565 765 conciliorum
2599 711 2833 765 divinam
2875 710 3121 764 tribuerit
3160 712 3218 778 (i)
3253 709 3550 763 auctorita-

1980 813 2105 867 tem,
2135 803 2386 872 quodque
2405 805 2566 856 etiam
2597 817 2663 855 ex
2689 801 2774 854 his
2805 801 3060 854 doctrina:
3089 800 3401 854 Christiana:
3424 814 3550 870 cog-

1976 894 2241 949 nitionem
2270 893 2440 962 repeti
2470 908 2628 962 posse
2653 893 2903 960 opinatus
2933 896 3022 945 sit.

2295 984 2340 1054 ς.
2379 983 2444 1036 ll.
2505 983 2696 1037 Isidori
2729 983 2983 1035 sententia
3013 983 3074 1034 de
3106 980 3230 1034 Deo.

2045 1074 2086 1128 Ι.
2124 1075 2199 1129 De
2223 1075 2527 1128 exsistantia
2558 1075 2711 1126 unius
2739 1074 2850 1126 Dei.
2884 1102 2969 1139 ,-
3009 1073 3120 1127 Etsi
3144 1072 3380 1127 lsidorus
3412 1072 3551 1127 inter

1973 1166 2246 1232 epistolas,
2273 1181 2409 1234 quas
2439 1179 2537 1218 nos
2568 1165 2832 1217 habemus
2857 1164 3195 1232 superstites,
3227 1164 3425 1218 nullam
3453 1163 3550 1218 de-

1973 1257 2082 1310 dita
2115 1272 2278 1325 opera
2312 1257 2387 1309 ita
2425 1255 2776 1323 conscripsit.
2814 1261 2875 1306 ut
2906 1255 3066 1308 unius
3091 1253 3182 1307 Dei
3209 1254 3548 1307 existentiam

1973 1347 2246 1415 probaret,
2279 1353 2458 1400 tamen
2483 1345 2769 1398 occasione
2795 1345 2918 1397 data
2949 1361 3015 1397 ex
3040 1359 3217 1397 rerum
3246 1353 3548 1397 creatarum

1973 1437 2343 1506 magnitudine
2383 1446 2437 1490 et
2481 1437 2670 1490 ordine
2705 1434 3017 1489 Creatorem
3048 1435 3232 1488 mundi
3262 1444 3421 1504 atque
3450 1450 3550 1504 gu-

1972 1530 2338 1594 bernatorem,
2378 1545 2572 1598 nempe
2601 1529 2806 1593 Deum,
2831 1543 2952 1583 esse
2982 1530 3351 1584 demonstrare
3385 1536 3550 1584 cona-

1974 1632 2061 1679 tus
2115 1634 2218 1680 est.
2245 1626 2323 1679 lta
2359 1625 2640 1694 Lampetio
2665 1625 2892 1678 diacono
2918 1625 3176 1692 quaerenti
3201 1639 3264 1678 ex
3290 1640 3354 1678 eo
3376 1665 3390 1688 ,
3421 1624 3550 1693 quid

1975 1719 2104 1772 illud
2128 1761 2142 1784 ,
2189 1719 2332 1787 quod
2369 1719 2434 1772 de
2475 1717 2787 1772 coelestibus
2814 1717 3174 1770 luminaribus
3214 1717 3250 1771 ἃ
3291 1717 3549 1786 ἀπένειμε

1978 1813 2179 1882 Κύριος
2205 1815 2234 1864 ὁ
2262 1812 2394 1875 Θεὸς
2420 1829 2513 1864 σου
2541 1814 2675 1865 πᾶσι
2705 1814 2818 1874 τοῖς
2862 1811 3036 1864 ἔθνεσι
3059 1813 3113 1864 ἱη
3134 1811 3551 1866 Deuteronomio

1975 1904 2182 1959 dictum
2215 1904 2305 1968 sit,
2340 1903 2629 1972 significet,
2664 1903 2951 1957 rescribit:
2987 1904 3152 1957 Deum
3185 1903 3271 1957 illa
3300 1903 3551 1958 omnibus

1976 1999 2294 2053 mortalibus
2318 2000 2381 2052 ad
2410 1997 2804 2051 institutionem
2835 1998 3299 2068 cognitionemque
3329 1997 3550 2052 tribuis-

1978 2106 2057 2154 se,
2093 2100 2155 2144 ut
2185 2105 2250 2144 ex
2273 2105 2450 2143 rerum
2476 2096 2776 2143 creatarum
2804 2089 3172 2158 magnitudine
3190 2089 3430 2154 Creator,
3457 2088 3548 2157 qui

1977 2181 2150 2236 oculis
2205 2180 2352 2233 cerni
2404 2187 2665 2248 nequeat,
2713 2180 3076 2248 conspiciatur
3104 2180 3190 2248 (j).
3241 2180 3549 2249 Eodemque

1978 2280 2301 2341 argumento
2330 2310 2344 2331 ,
2379 2271 2522 2339 quod
2556 2272 2714 2341 vulgo
2755 2271 3361 2341 physico-theologicum
3389 2285 3549 2324 usur-

1978 2376 2134 2434 patur
2190 2364 2242 2416 in
2302 2363 2498 2416 litteris
2543 2364 2607 2417 ad
2661 2363 2924 2418 Joannem
2975 2363 3260 2417 diaconum
3305 2362 3443 2416 datis
3472 2361 3545 2430 (Ιε)

1977 2456 2287 2511 Graecorum
2328 2454 2675 2523 philosophos
2715 2455 2897 2508 stellas
2929 2462 3171 2508 errantes
3200 2468 3307 2508 non
3359 2467 3390 2506 a
3439 2451 3548 2506 Deo

1977 2547 2148 2601 factas
2170 2585 2184 2609 ,
2236 2545 2328 2599 sed
2365 2560 2579 2597 omnem
2622 2560 2840 2598 causam
2872 2543 3190 2598 antecedere
3219 2544 3547 2597 contenden-

1978 2646 2058 2693 tes
2085 2676 2100 2699 ,
2161 2635 2369 2691 studuit
2430 2634 2692 2689 refellere.
2729 2633 3060 2700 Quibuscum
3093 2633 3323 2688 conferri
3374 2642 3549 2702 potest

1978 2727 2202 2797 epistola
2235 2727 2299 2779 ad
2326 2724 2764 2795 Olympiodorum
2800 2725 2999 2794 scripta
3034 2724 3091 2793 (ι)
3116 2765 3130 2790 ,
3165 2740 3282 2793 qua:
3312 2723 3398 2777 his
3424 2739 3547 2777 rer-

1978 2818 2061 2872 bis
2093 2818 2401 2872 continetur
2428 2835 2439 2869 :
2477 2817 2771 2884 Ubicunque
2797 2817 2921 2868 ordo
2948 2815 3138 2884 aliquis
3163 2825 3236 2868 est
3259 2856 3273 2878 ,
3310 2816 3382 2868 ibi
3406 2817 3546 2868 ordi-

1980 2909 2060 2962 nis
2094 2918 2278 2961 auctor
2318 2917 2366 2960 et
2420 2908 2656 2975 princeps
2688 2907 2826 2958 adsit
2869 2923 3068 2959 necesse
3098 2919 3211 2970 est;
3264 2907 3549 2975 ubicunque

376 3001 563 3069 Neque
592 3006 773 3050 tamen
804 2995 1039 3050 lsidorus
1064 2992 1227 3047 biblia
1258 2993 1475 3046 unicum
1502 3033 1516 3056 ,
1548 3008 1611 3046 ex
1655 3008 1762 3060 quo
1792 3007 1879 3046 re-
1909 3034 1950 3091 ο
1982 3001 2260 3069 equitatus,
2293 2999 2362 3050 ibi
2392 2999 2622 3066 equitum
2647 2997 2935 3061 requiritur
2977 3000 3249 3066 praefectus
3277 3015 3296 3062 ;
3334 2998 3421 3050 ubi
3456 3015 3548 3050 na-

305 3091 522 3161 ligionis
550 3087 850 3142 haurienda
879 3093 1024 3138 esset
1055 3081 1290 3152 cognitio
1315 3121 1330 3145 ,
1377 3081 1581 3135 fontem
1624 3083 1876 3146 habebat,

310 3182 405 3235 sed
431 3181 577 3234 illam
605 3186 663 3232 et
690 3176 902 3231 aliunde
921 3215 936 3240 ,
968 3174 1045 3227 uti
1084 3174 1196 3242 jam
1230 3180 1357 3226 ante
1391 3173 1673 3226 occasione
1697 3173 1818 3226 data
1847 3188 1878 3227 a

309 3275 469 3327 nobis
493 3273 701 3327 dictum
730 3279 836 3334 est,
869 3267 1216 3336 repetendam
1243 3281 1361 3320 esse
1388 3266 1599 3320 statuit.

382 3363 742 3416 Traditionem
771 3359 936 3421 enim,
968 3359 1066 3412 etsi
1102 3357 1240 3409 hanc
1266 3371 1374 3410 uno
1407 3365 1614 3409 tantum
1641 3369 1879 3408 comme-

309 3454 544 3508 moravit
594 3453 714 3507 loco
763 3449 837 3522 (It)
867 3491 882 3515 ,
913 3465 1020 3503 non
1045 3446 1387 3517 rejiciendam
1425 3447 1719 3500 arbitratus
1755 3452 1876 3510 est;

309 3563 490 3616 neque
527 3548 749 3600 rationis
780 3527 938 3599 usum
965 3551 1124 3612 atque
1154 3541 1412 3595 librorum
1437 3581 1452 3606 ,
1496 3555 1632 3609 quos
1659 3539 1880 3593 Graeco-

311 3657 434 3695 rum
486 3640 933 3709 conscripserunt
983 3635 1331 3706 pliilOSOphi,
1372 3635 1613 3688 studium
1663 3631 1883 3687 omnino

309 3732 683 3802 spernendum
714 3729 886 3784 duxit.
919 3727 1024 3781 Sed
1058 3740 1180 3780 cum
1207 3725 1358 3794 plura
1386 3723 1454 3778 de
1483 3724 1584 3778 hac
1619 3739 1676 3778 re
1698 3764 1714 3789 ,
1764 3723 1878 3789 ubi,

387 3887 469 3954 (α)
497 3887 768 3940 Institutio
790 3884 832 3937 Τ
828 3883 1026 3952 heologi
1051 3881 1354 3954 Christiani.
1375 3879 1436 3934 P.
1455 3880 1497 3934 Ι.
1520 3879 1730 3951 Proleg.
1748 3879 1882 3950 Cap.

312 3952 586 4037 III,;_‘Se-ct'.
626 3954 693 4014 ll.
723 3954 750 4024 §
782 3955 870 4013 49,
900 3962 1032 4037 tri-rp.
1060 3967 1181 4037 ιλιι).
1214 3952 1334 4037 ίξητ

391 4017 464 4095 (b)
495 4024 622 4095 Lib.
686 4017 748 4095 tt:
782 4037 870 4095 ep.
933 4017 1191 4095 7_3._'l'-‘qv
1245 4019 1550 4095 ἁνᾲγνωσιν
1583 4017 1688 4070 τῶν
1725 4017 1886 4088 ἱερῶν

315 4089 576 4165 Γ
605 4089 830 4159 ἐφόδιον
848 4091 981 4165 ﬁgo}?
1003 4089 1104 4165 τῇς
1137 4089 1430 4165 σωτηρίας.
1468 4116 1538 4165 -;

392 4148 464 4238 {c5
499 4148 735 4238 [ἰὴ-ἰν,
762 4176 850 4228 cp.
869 4148 1000 4238 :2'08.
1031 4148 1130 4238 Mil
1147 4148 1496 4238 καταῖρρόχει,
1520 4148 1570 4235 ᾧ.
1595 4155 1766 4223 φίλος,
1787 4155 1884 4224 τῆς

319 4224 683 4301 μελίσταγοῦς
711 4224 1034 4301 ἀκρορσεως
1055 4224 1359 4301 τέῦνξ-θερυν
1380 4224 1631 4301 ξραςξῶν.

391 4301 467 4370 (d)
499 4292 614 4351 Lib.
655 4315 712 4361 ιι,
744 4292 830 4370 ep:
855 4299 988 4370 5,_p_.
1017 4296 1138 4370 42],
1166 4295 1245 4348 lit.
1275 4294 1338 4354 D,
1389 4293 1484 4370 lin.
1517 4295 1652 4346 '5.—
1675 4293 1785 4354 τοῖς
1828 4292 1885 4343 δὲ

314 4363 488 4431 θείόίς
514 4363 792 4436 χρησμοῖς
807 4366 896 4436 διᾲ
922 4363 1034 4436 βίου
1064 4365 1203 4416 δίδου
1239 4363 1452 4436 σαυτόν.

392 4429 619 4504 (οη-[ξω
651 4429 706 4496 v,
750 4450 836 4502 ep.
883 4429 970 4487 58.
1006 4429 1599 4504 -Απαραίνειῌτοίνον
1649 4429 1878 4504 ε-κείειοξς

482 4499 556 4555 ὧν
602 4505 696 4556 καὶ
733 4497 1038 4572 γέγραφας,
1082 4497 1298 4570 ἔχεσθαι
1347 4499 1448 4569 τῆς
1493 4499 1601 4549 τῶν
1649 4497 1880 4568 Γραφῶν

317 4572 700 4639 ἀναγνώσεως.

395 4633 458 4710 1f)
504 4641 679 4694 Variis
703 4650 867 4708 atque
905 4638 1152 4702 diversis,
1204 4638 1401 4710 quibus
1447 4637 1700 4710 mortales
1732 4633 1882 4710 labo-

323 4702 469 4775 rent,
505 4712 652 4762 vitiis
678 4702 964 4777 diligenter
992 4702 1323 4761 enumeratis
1358 4708 1531 4777 pergit
1564 4702 1879 4777 lsidorusin

323 4771 542 4845 epistola
580 4780 650 4832 ad
672 4771 1091 4845 Neniesiumjib.
1129 4792 1183 4830 ll.
1218 4792 1304 4844 ep.
1336 4771 1628 4837 1‘55,'hisce
1659 4771 1877 4845 verbis;

326 4840 399 4889 -ξ-
425 4850 474 4899 εἰ
509 4848 565 4900 δὲ
609 4848 796 4915 φαίης,
837 4848 902 4898 Τί
932 4842 1022 4899 οὖν
1065 4840 1351 4915 ποιητέον)
1405 4846 1655 4911 φήσαιμι,
1709 4842 1787 4915 ὅτε.
1821 4840 1880 4891 τὺ

325 4910 638 4988 κάτοπτρον
663 4910 1119 4988 ria-mgnum:me
1141 4910 1842 4988 abysxtbghpsiaxstptoféoy
1863 4925 1876 4940 ⁸

325 4989 469 5052 φημὶ
497 4976 594 5048 τὰς
618 4984 770 5054 θείας
803 4976 1041 5054 Γράφὰς,
1074 4984 1130 5054 ὲν
1168 4976 1351 5054 αἷςὲ-
1375 4976 1440 5054 Β,
1468 4976 1743 5054 δὴξὲ-’καῇ
1776 4977 1880 5054 τῶν

322 5044 544 5122 ἀγαθῶν
575 5044 795 5122 νάνδρῶν
830 5044 1036 5122 ἐστὶν
1085 5051 1312 5122 ἱστορία,
1363 5051 1454 5102 καὶ
1505 5044 1553 5101 οἱ
1595 5048 1744 5116 παρὰ
1786 5044 1878 5097 τοῦ

321 5121 462 5174 θεοῦ
486 5119 734 5182 τεθέντες
767 5119 1130 5188 σωτηριὼδεις
1161 5119 1334 5187 νόμοι.

401 5192 468 5259 (g)
513 5192 624 5244 Lib.
649 5207 731 5259 tv,
759 5205 842 5256 ep.
877 5187 992 5243 l3}.
1026 5189 1097 5239 Τὸ
1126 5188 1221 5259 τὴν
1255 5187 1554 5259 ἀνάγνωσιν
1584 5187 1881 5259 κατερῤοθοο

324 5255 519 5324 μίξθαι
547 5287 620 5298 -
646 5257 771 5311 Vat.
796 5255 900 5311 649
949 5257 1470 5325 κατερῥυθυμεῖσθαι
1497 5285 1564 5325 τ-
1585 5255 1690 5325 τῷν
1718 5255 1882 5308 ίθείων

317 5323 576 5394 Γραφῶν,
613 5331 709 5379 καὶ
752 5327 812 5379 τὸ
844 5323 1176 5379 ἕκαστοντὰ
1218 5323 1390 5377 οἰκεῖα
1425 5323 1705 5394 παθητῶν
1727 5325 1883 5376 Οεέων

317 5393 640 5466 προκρίνειν
666 5395 953 5466 χρησμῶν,
981 5397 1086 5446 τῶν
1098 5395 1364 5446 τοσούτων
1387 5393 1698 5463 τραγῳδιῶν
1715 5395 1883 5445 αἴτιον

313 5468 534 5532 γέγονε.

391 5479 633 5598 ἷῖἶεὶλῑδ.
657 5549 696 5594 1,
727 5542 817 5601 ep.‘
846 5533 937 5586 5i.
966 5563 1028 5601 -έ-
1055 5532 1166 5600 ἅμα
1191 5531 1246 5584 δέ
1279 5547 1364 5595 τις
1394 5529 1565 5601 τούτῳ
1594 5531 1690 5601 καὶ
1718 5531 1885 5600 ἀπόρ-

317 5603 496 5670 ρητος
534 5631 599 5644 -—
647 5599 806 5657 codd.
859 5601 925 5655 ν.
980 5600 1041 5654 Δ.
1075 5599 1209 5669 τάχα
1259 5630 1323 5640 -
1379 5599 1786 5669 συμπέπλεκται
1819 5599 1884 5638 4-—

1983 3091 2079 3153 vis,
2101 3091 2172 3142 ibi
2195 3091 2509 3159 gubernator
2529 3098 2574 3139 et
2598 3087 2824 3155 artifex;
2856 3088 2940 3140 ubi
2965 3089 3159 3140 musica
3181 3090 3544 3151 instrumenta,

1984 3182 2054 3235 ibi
2089 3191 2135 3233 et
2162 3181 2390 3232 musicus
2417 3189 2490 3232 est
2521 3179 2846 3247 manifestus.
2879 3177 3090 3248 Oportet
3123 3181 3285 3250 igitur
3311 3182 3365 3232 in
3396 3197 3548 3233 mun-

1983 3271 2037 3323 di
2069 3287 2266 3340 quoque
2309 3270 2511 3339 api/icio
2553 3268 2701 3322 illum
2733 3269 3042 3322 inuisibilem
3091 3271 3202 3338 ejus
3249 3270 3549 3323 Creatorem

1983 3361 2342 3429 contemplari.
2373 3361 2542 3426 Quem
2573 3360 2851 3430 colligendi
2893 3361 3110 3414 modum
3140 3362 3359 3415 adhibet
3385 3362 3546 3415 etiam

1986 3454 2039 3507 in
2081 3454 2274 3507 litteris
2315 3455 2379 3508 ad
2425 3454 2706 3523 Didymum
2751 3453 3119 3523 presbyterum
3147 3453 3285 3508 datis
3333 3452 3450 3524 (nt),
3492 3454 3544 3506 in

1985 3546 2181 3612 quibus
2215 3545 2329 3599 haec
2362 3553 2611 3599 exstant:
2656 3572 2724 3585 -——
2773 3560 2934 3609 neque
2961 3546 3098 3598 enim
3133 3546 3244 3598 sine
3270 3547 3548 3597 architecto

1983 3637 2164 3689 domus
2192 3637 2504 3704 wdiﬁcatur,
2534 3651 2696 3705 neque
2718 3636 2830 3688 sine
2843 3636 2990 3704 fabro
3013 3637 3356 3706 compingitur
3379 3635 3546 3701 navis,

1985 3742 2146 3795 neque
2176 3743 2430 3797 organum
2466 3728 2576 3780 sine
2611 3726 2807 3780 musico
2832 3727 3182 3780 constituitur.

1985 3880 2047 3933 B.
2089 3881 2457 3954 συμπλέκεται
2485 3911 2556 3922 —-
2583 3882 2758 3950 λόγος,
2787 3881 2940 3954 παρὰ
2983 3882 3252 3953 γερόντων
3283 3883 3362 3944 εῑς
3398 3883 3547 3951 ἡμᾶς

1989 3951 2167 4021 σοφῶν
2187 3952 2558 4021 διαφοιτήσας.

2058 4022 2116 4088 (i)
2151 4019 2294 4089 Lib,
2321 4035 2394 4082 tv,
2423 4018 2528 4088 ’ep.
2583 4021 2669 4075 99.
2705 4051 2776 4060 —
2801 4021 2895 4073 καὶ
2934 4023 2997 4089 τῇ
3043 4020 3176 4089 ἁγίᾳ
3218 4018 3439 4087 συνόδῳ,
3477 4021 3542 4088 τῇ

1995 4088 2430 4158 συγκροτηθεὶσῃ
2484 4090 2620 4141 κατὰ
2682 4088 3350 4158 Νικαίανᾏάκοῶυῠεῖν,
3409 4090 3545 4158 μήτε

1993 4156 2572 4226 προσλειθένταςξμήτε
2604 4159 2988 4226 ἀφαιροῦντας.
3044 4158 3257 4226 Ἑκείνη
3289 4157 3396 4226 γὰρ
3431 4156 3546 4208 Θεό-

1992 4225 2083 4278 θεν
2102 4225 2534 4296 γὲμπνευσοεῖσα,
2567 4225 2794 4295 τάληθὲς
2819 4227 3191 4294 ἐδογμάτισεν.

2065 4295 2134 4363 (1)
2170 4296 2290 4348 Lib-
2313 4312 2392 4359 Ill,
2430 4311 2513 4363 ep.
2547 4298 2668 4350 591.
2696 4326 2767 4336 -
2811 4297 3093 4363 Ἀπένειμε
3129 4295 3262 4362 πρὸς
3297 4295 3547 4348 διδασκα-

1988 4362 2128 4435 ᾉίαν,
2158 4365 2290 4432 πρὸς
2314 4362 2611 4435 παίδευσιν,
2644 4365 2778 4435 πρὸς
2802 4362 3036 4435 γνῶσιν(
3055 4365 3119 4415 ἵν’
3169 4367 3230 4415 ὲκ
3262 4364 3354 4415 τοῦ
3383 4365 3545 4432 μεγέ-

1989 4431 2114 4502 θους
2143 4431 2239 4485 καὶ
2268 4435 2364 4501 τῆς
2393 4433 2652 4502 καλλονῆς
2688 4431 2808 4484 ’τῶν
2842 4434 3149 4502 κτισμάτων
3175 4435 3202 4484 ὁ
3235 4431 3542 4502 γενεσιουρο

1982 4500 2078 4566 γὸς
2114 4500 2342 4572 ὰᾴρατος
2379 4501 2471 4565 ὢν,
2503 4503 2785 4572 Θεωρῆται-

2053 4572 2125 4637 (Ii)
2157 4571 2270 4623 Lib.
2312 4587 2379 4632 Iv,
2413 4587 2497 4638 ep.
2526 4569 2692 4639 58.‘p.
2724 4571 2845 4631 4M,
2867 4570 2944 4624 lit.
2979 4570 3036 4628 Β,
3057 4571 3150 4622 lin.
3178 4570 3231 4622 5.
3253 4600 3323 4639 :—
3349 4570 3408 4621 Ei
3447 4569 3545 4637 μὲν

1981 4635 2088 4704 γὰρ
2110 4635 2180 4678 7——
2205 4635 2498 4707 άγενήτοὺς
2542 4635 2655 4702 καὶ-⁷
2683 4641 2856 4701 αἰτίας
2911 4641 3187 4706 κρείττους
3225 4635 3359 4689 εἶναι
3390 4635 3542 4704 φαῖεν

1985 4708 2263 4776 Ἕλληνες,
2291 4710 2522 4776 μάλιστα
2564 4709 2661 4776 μὲν
2691 4711 2753 4761 ἐκ
2783 4710 2880 4776 τῆς
2917 4709 3208 4775 ἐμμελείας
3235 4707 3412 4776 αὑτῷν
3450 4709 3535 4758 καὶ

1981 4776 2077 4847 τῇς
2125 4775 2374 4847 εὐταξίας
2419 4775 2854 4847 ἐλεγχθήσονται,
2905 4777 2964 4828 ἹΙ
2995 4777 3102 4846 γὰρ
3150 4775 3298 4838 τάξις
3341 4775 3429 4826 τὸν
3450 4792 3532 4826 τα-

1982 4844 2199 4912 ξίαρχον
2230 4846 2504 4914 κηρύττει.

2055 4915 2117 4979 (ί)
2153 4912 2379 4980 Lib.iv,
2417 4931 2503 4982 ep.
2540 4915 2660 4969 186.
2690 4916 2861 4966 Ὅπου
2907 4912 3077 4975 τάξις,
3117 4913 3231 4963 ἐκεῖ
3251 4913 3540 4976 ἀναγκαῖος

1981 4983 2296 5052 ταξίαρχος·
2345 4984 2436 5036 καὶ
2470 4987 2602 5036 ὅπου
2663 4985 2882 5036 ἱππικὸν
2924 4983 3269 5052 τεταγμένον,
3306 4984 3420 5033 ἐκεῖ
3451 4982 3540 5052 iﬁ-

1983 5050 2216 5122 παρχος·
2253 5053 2356 5122 καί
2401 5056 2530 5105 ὅπου
2571 5055 2601 5122 ή
2643 5052 2792 5114 ναῦς,
2846 5051 3018 5122 *δῆλος
3069 5054 3096 5104 ὁ
3123 5052 3401 5122 τεχνίτηςξ
3449 5050 3540 5122 καὶ

1982 5118 2372 5188 ὲνθᾶνμουσικὰ
2403 5118 2624 5190 ὄργανά,
2653 5122 2807 5186 δῆλος
2841 5119 2902 5188 δὴ
2933 5122 2960 5170 ὀ
2997 5118 3302 5190 ἁρμονῡὲός.
3337 5118 3541 5170 Οὐκοῦν

1982 5191 2085 5257 χρὴ
2119 5190 2212 5240 καὶ
2238 5192 2328 5240 ἐπὶ
2351 5219 2414 5227 -—
2445 5191 2562 5242 cod.
2599 5191 2713 5242 Vat.
2768 5190 2890 5242 650.
2926 5190 3032 5240 ἀπὸ
3089 5220 3156 5229 ν-
3179 5190 3270 5240 τοῦ
3338 5190 3537 5257 κόσμου

1983 5255 2327 5393 τδνὲρρατον
2369 5259 2603 5329 καθορᾷν
2631 5259 2928 5327 λογισμοῖς,
2969 5261 3067 5311 οὐκ
3093 5259 3404 5327 ὀφθαλμοῖς,
3438 5255 3535 5323 νῷ,

1983 5341 2042 5376 ου
2139 5344 2387 5393 Αεμματι.

1983 5329 2042 5376 οὐ
2105 5329 2387 5393 βλέμματι.

2058 5391 2296 5466 (riotib.
2325 5412 2374 5457 ν,
2405 5410 2491 5463 Cp.
2523 5395 2612 5456 es,
2645 5413 2698 5466 ρ.
2733 5398 2852 5459 sua,
2881 5399 2959 5451 lit.
3014 5398 3075 5460 ι),
3113 5398 3205 5448 lin.
3235 5397 3286 5446 ti.
3318 5391 3538 5466 —O}:)6é

1987 5464 2093 5528 γὰρ
2146 5465 2270 5515 ἄνευ
2345 5459 2718 5531 ἁρλξιτέκτονος
2771 5470 2914 5519 οἰκία
2991 5459 3366 5532 οἰκοδομεῖται,
3414 5459 3536 5532 οὔτε

1988 5536 2113 5586 ἄνευ
2141 5529 2598 5600 ναυπηγοῦναῦς,
2645 5537 2759 5590 οὐδὲ
2791 5539 2915 5591 ἄνευ
2962 5529 3252 5603 ἁρμονιὶοῦ
3285 5529 3535 5601 μουσικὸν

1993 5603 2210 5672 συσταίη
2237 5603 2480 5673 ὄργανον.
