3890 6134
288 277 361 340 73
1561 275 1656 335 ISI
1669 275 1851 335 DORI
1893 276 2295 339 DOCTRINA.
3478 282 3547 345 7i

290 384 648 456 ejusdemque
671 424 686 449 ,
731 383 982 454 quamvis
1009 397 1041 438 a
1083 383 1243 440 Patre
1283 383 1576 440 distinctus
1597 429 1612 452 ,
1663 395 1871 442 naturae
1902 397 1943 450 Α
1972 402 2036 441 ac
2051 404 2159 443 non
2176 388 2364 444 herilis
2379 387 2732 446 eteffectricis
2753 405 2816 447 ac
2833 391 2991 463 regis:
3006 402 3214 448 natura:
3228 404 3542 464 cognatum,

290 484 393 530 est.
420 506 492 516 —
517 474 639 542 Quo
657 490 788 530 vero
809 476 968 530 modo
987 475 1127 530 hanc
1152 491 1304 531 suam
1331 477 1656 532 sententiam
1683 488 1871 533 contra

290 567 521 621 Arianos
543 608 558 633 ,
589 567 834 637 aliosque
879 567 1164 622 haareticos
1196 567 1531 636 defenderit,
1563 570 1742 640 capite
1765 570 1870 624 hu-

289 660 376 730 jus
405 659 577 730 partis
606 659 849 712 secundo
877 658 1201 713 videbimus.

363 751 434 806 Ut
458 751 598 805 Filio
635 750 875 805 Isidorus
897 791 912 815 ,
948 751 1022 804 ita
1057 759 1115 806 et
1151 749 1376 821 Spiritui
1409 761 1598 808 sancto
1636 751 1873 807 divinam

291 843 485 898 tribuit
510 852 760 897 naturam
785 858 800 906 ;
834 843 989 911 cujus
1006 843 1289 899 sententia:
1314 843 1595 899 veritatem
1625 843 1874 899 dilucidis

293 944 348 988 et
378 933 584 1006 apertis
619 933 913 1003 Scriptura:
946 932 1272 988 testimoniis
1307 934 1524 1004 probari
1564 949 1724 1005 posse
1751 934 1874 1004 opi-

293 1035 475 1080 natur.
505 1024 762 1079 Christus
809 1023 952 1079 enim
979 1066 992 1090 ,
1025 1032 1085 1079 ut
1115 1023 1302 1079 scribit
1339 1023 1392 1080 in
1420 1025 1617 1080 litteris
1649 1025 1716 1080 ad
1739 1023 1875 1081 Gor-

292 1117 514 1187 gonium
547 1117 624 1185 (a)
647 1115 808 1180 datis,
846 1133 864 1165 ι
898 1114 954 1168 Si
977 1130 1096 1185 ego,
1116 1113 1309 1184 inquit,
1337 1113 1390 1167 in
1418 1113 1630 1168 Satanae
1653 1112 1877 1169 nomine

291 1205 571 1259 daemones
603 1204 847 1274 expello,
877 1203 1158 1272 cujusnam
1190 1203 1410 1258 nomine
1436 1203 1531 1258 ﬁlii
1561 1205 1727 1259 vestri
1757 1206 1878 1260 illos

292 1295 568 1364 ejiciunt?
601 1315 621 1346 ι
653 1295 810 1360 Quod
840 1295 882 1349 si
925 1295 1248 1350 auctoritate
1272 1294 1510 1365 Spiritus
1545 1295 1711 1351 divini
1747 1295 1879 1351 illud

292 1380 430 1458 ago,
482 1386 731 1457 profecto
775 1386 843 1440 ad
891 1402 990 1440 vos
1026 1386 1289 1441 caelorum
1335 1385 1587 1456 pervenit
1628 1403 1876 1458 regnum.

290 1478 504 1545 Quibus
535 1487 718 1532 tamen
745 1478 926 1532 verbis
946 1493 1069 1532 cum
1114 1478 1306 1547 dogma
1355 1478 1486 1533 illud
1525 1495 1715 1549 parum
1751 1496 1878 1550 pro-

291 1572 480 1625 batum
509 1584 632 1624 esse
662 1569 930 1624 Pelusiota
969 1570 1086 1639 ipse
1125 1571 1388 1637 sentiret,
1436 1570 1637 1626 Lucam
1678 1572 1880 1642 produ-

287 1663 367 1718 cit
398 1671 626 1724 testem,
654 1661 794 1730 apud
824 1676 985 1731 quem
1016 1661 1176 1716 Jesus
1217 1662 1489 1729 Christus,
1529 1682 1547 1715 ‹
1583 1664 1662 1732 Si,
1685 1663 1877 1734 inquit,

287 1770 390 1823 ego
416 1755 484 1807 in
513 1754 687 1824 digito
717 1752 811 1807 Dei
841 1753 1117 1809 diemones
1145 1754 1304 1825 ejicio
1323 1795 1338 1820 ,
1382 1757 1642 1811 ccelorum
1687 1772 1883 1828 appro-

289 1843 579 1912 pinquavit
602 1857 849 1913 regnum.
879 1862 897 1893 ι
921 1841 1039 1909 Quo
1065 1843 1205 1909 loco,
1235 1852 1294 1898 ut
1319 1847 1491 1916 pergit
1516 1845 1769 1912 Isidorus,
1788 1862 1884 1917 per

302 1935 397 1988 Dei
431 1935 664 2006 digitum
703 1934 941 2005 Spiritus
976 1942 1198 1990 sanctus
1244 1936 1586 2009 intelligitur.
1621 1938 1729 1993 Sed
1757 1954 1881 1993 cum

289 2025 494 2096 digitus
520 2066 536 2090 ,
573 2037 633 2080 ut
665 2041 695 2080 a
723 2027 885 2082 nobis
909 2029 1217 2098 exemplum
1252 2044 1487 2094 sumam,
1520 2025 1765 2100 ejusdem
1796 2044 1883 2089 at-

293 2133 402 2187 que
458 2132 664 2187 corpus
713 2125 798 2172 est
847 2125 1090 2186 naturas,
1149 2120 1249 2174 hac
1276 2135 1408 2176 voce
1444 2121 1678 2192 Spiritus
1710 2127 1881 2181 sancti

293 2223 591 2275 personam
637 2223 668 2262 a
718 2208 900 2263 divina
961 2210 1198 2265 essentia
1257 2211 1668 2282 inseparabilem
1725 2216 1883 2286 eique

293 2307 582 2369 cognatam
627 2313 752 2354 esse
805 2300 935 2356 satis
989 2317 1265 2372 superque
1302 2304 1636 2360 declaratum
1677 2317 1778 2362 est.
1816 2339 1885 2351 —--

295 2390 552 2459 Idemque
583 2397 640 2444 et
657 2389 862 2445 Christi
899 2391 1081 2446 verbis
1113 2410 1125 2444 :
1168 2393 1437 2463 «Accipite
1465 2395 1725 2464 Spiritum
1753 2413 1885 2452 san-

295 2485 444 2530 ctum
470 2495 489 2527 ι
512 2506 582 2514 -
605 2485 662 2530 et
686 2476 992 2546 baptizandi
1008 2478 1238 2534 formula
1267 2482 1475 2536 ostendi
1501 2501 1659 2554 posse
1692 2489 1884 2557 opina-

296 2576 405 2622 tur.
450 2566 509 2621 In
557 2568 790 2636 epistola
830 2569 975 2623 enim
1010 2571 1078 2624 ad
1122 2570 1430 2642 l‘iymetium
1460 2575 1581 2629 data
1619 2575 1744 2647 (b),
1775 2579 1882 2632 Do-

298 2661 500 2723 minus,
527 2658 726 2726 inquit,
757 2667 944 2714 noster
971 2659 1130 2714 Jesus
1149 2661 1402 2717 Christus
1421 2705 1435 2728 ,
1468 2675 1526 2718 ut
1553 2663 1884 2722 sanctissimi

296 2747 535 2816 Spiritus
561 2763 749 2802 secum
779 2759 832 2802 et
860 2764 982 2803 cum
1016 2749 1173 2805 Patre
1221 2753 1659 2822 conjunctionem
1696 2764 1884 2811 osten-

296 2838 483 2902 deret,
517 2855 547 2892 a
577 2850 751 2894 morte
788 2841 857 2894 ad
896 2841 1061 2896 vitam
1101 2843 1366 2899 excitatus
1395 2846 1674 2915 discipulis
1707 2847 1881 2903 dixit:

309 2930 589 2998 (Accipite
642 2931 907 3000 Spiritum
957 2943 1245 3000 sanctum;
1287 2951 1515 3005 quorum
1564 2939 1884 2995 remiseritis

301 3031 541 3090 peccata,
571 3022 920 3109 remittentur
948 3023 1048 3090 eis,
1073 3043 1091 3076 ι
1122 3028 1442 3080 auctoritate
1478 3028 1882 3098 videlicetejus,
1913 3072 1955 3128 ο

304 3113 395 3181 qui
446 3122 672 3182 peccata
699 3102 1020 3170 iremittendi
1067 3115 1305 3168 divinam
1339 3117 1501 3171 habet
1533 3125 1881 3187 potestatem.

305 3205 366 3258 In
414 3205 611 3260 litteris
663 3220 795 3260 vero
846 3207 914 3260 ad
971 3207 1364 3261 Maratltonium
1430 3209 1757 3264 monachum
1810 3210 1885 3267 ita

304 3297 492 3350 scribit
523 3295 650 3366 Cc):
682 3295 820 3349 Cum
867 3296 1011 3350 Deus
1045 3304 1098 3351 et
1130 3297 1388 3352 Servator
1435 3307 1622 3354 noster
1647 3300 1884 3367 humana

308 3387 477 3442 forma
510 3389 738 3442 indutus
783 3388 1049 3458 Spiritum
1078 3400 1327 3444 sanctum
1377 3391 1617 3447 divinam
1654 3390 1891 3447 Trinita-

308 3490 414 3533 tem
444 3479 720 3549 complere
745 3479 1056 3542 tradiderit,
1084 3493 1208 3534 cum
1241 3480 1384 3535 idem
1411 3480 1642 3551 Spiritus
1666 3481 1720 3536 in
1754 3482 1890 3552 bap—

309 3573 508 3628 tizandi
552 3573 787 3627 formula
827 3587 933 3625 una
965 3587 1089 3626 cum
1130 3574 1288 3627 Patre
1316 3581 1372 3628 et
1398 3573 1532 3628 Filio
1568 3589 1596 3627 a
1626 3574 1782 3629 nobis
1804 3574 1886 3628 in-

307 3664 489 3718 vocari
527 3663 764 3728 debeat,
809 3677 1046 3732 cumque
1088 3678 1319 3733 panem,
1360 3679 1468 3734 quo
1500 3679 1709 3719 sacram
1747 3665 1892 3719 cele-

304 3759 532 3813 brantes
561 3768 772 3809 orenam
813 3753 889 3808 uti
911 3753 1295 3808 consuevimus
1319 3794 1334 3818 ,
1370 3754 1426 3807 in
1457 3769 1675 3809 carnem
1689 3754 1887 3810 Christi

306 3853 614 3910 convertat;
629 3845 758 3914 quid
772 3855 850 3909 tu,
865 3859 898 3897 ο
912 3859 1111 3899 vesane
1127 3854 1288 3914 atque
1300 3847 1549 3908 attonito,
1567 3846 1712 3900 hunc
1727 3845 1893 3916 Spiri-

307 3952 426 3994 tum
441 3937 644 3992 factum
658 3935 938 4007 quiddam,
951 3944 1045 3990 aut
1060 3944 1422 4001 creatum,aut
1436 3936 1646 3992 servilis
1662 3947 1892 4003 naturas,

1973 479 2162 549 quidni
2208 479 2255 534 ei
2299 495 2640 536 communem
2667 497 2789 537 esse
2823 498 2946 536 eum
2978 481 3137 537 Patre
3169 481 3412 554 Filioque
3449 502 3548 540 na-

1973 576 2149 622 turam
2173 568 2367 626 doces?
2392 568 2448 624 Si
2464 570 2606 624 enim
2630 586 2820 625 servus
2840 579 3003 635 esset,
3022 587 3132 626 non
3155 588 3277 626 cum
3293 573 3546 636 Domino,

1972 659 2016 713 si
2048 669 2282 723 creatus,
2317 676 2425 716 non
2454 677 2578 716 cum
2605 661 2860 718 Creatore
2891 663 3332 735 conjungeretur.

1975 750 2004 822 ᾗ
2034 751 2092 825 5.-
2122 751 2196 806 De
2217 751 2444 825 consiliis
2468 760 2513 804 et
2538 753 2789 825 institutis
2809 754 3016 819 divinis,
3043 771 3159 825 qua:
3184 755 3252 808 ad
3277 756 3545 810 hominum

2009 822 2236 875 salutem
2259 838 2350 892 per
2372 821 2549 876 Jesum
2575 821 2838 876 Christum
2863 821 3227 893 reparandum
3247 835 3507 894 spectant.

2045 931 2311 986 Homines
2353 931 2683 1001 primigenii,
2733 931 2934 1000 quibus
2988 932 3154 998 Deus,
3205 949 3272 988 ne
3327 932 3546 987 arboris

1978 1023 2138 1078 istius
2187 1022 2541 1077 comederent
2595 1021 2828 1089 fructus,
2887 1023 3547 1086 interdixerat,adiabolo

1976 1130 2075 1170 eos
2113 1115 2338 1169 omnino
2388 1114 2674 1186 perditura
2726 1116 2938 1170 seducti
2991 1126 3180 1170 contra
3229 1116 3400 1170 divini
3441 1133 3547 1171 utt-

1976 1204 2140 1259 minis
2178 1205 2513 1258 voluntatem
2559 1213 2808 1273 egerunt,
2849 1205 3032 1275 itaque
3081 1215 3335 1261 auctores
3374 1207 3548 1261 exsti-

1980 1305 2161 1351 terunt
2187 1295 2420 1368 ingentis
2453 1298 2757 1351 infortunii.
2795 1295 2929 1350 Nam
2961 1299 3086 1353 inde
3111 1299 3178 1352 ab
3209 1313 3274 1352 eo
3309 1305 3550 1368 tempore

1979 1396 2035 1443 et
2059 1388 2301 1459 ipsorum
2325 1397 2380 1442 et
2399 1389 2641 1443 omnium
2672 1389 2952 1443 hominum
2985 1405 3207 1459 corpora
3238 1405 3345 1443 non
3375 1390 3549 1444 solum

1978 1480 2161 1546 morti,
2186 1497 2374 1536 verum
2407 1484 2568 1536 etiam
2597 1481 2761 1536 variis
2786 1480 3123 1550 diversisque
3152 1481 3554 1536 calamitatibus

1981 1571 2170 1640 subjici
2199 1581 2376 1642 empta
2427 1581 2554 1626 sunt
2595 1571 2722 1643 (ά).
2768 1572 2953 1641 Neque
2988 1572 3091 1626 hoc
3130 1566 3389 1642 injustum
3430 1587 3554 1626 esse

1983 1669 2170 1715 censet
2205 1659 2462 1716 Isidorus.
2518 1660 2730 1716 Etenim
2780 1660 2834 1713 in
2879 1660 3106 1730 epistola
3152 1661 3218 1714 ad
3267 1659 3552 1715 Leontium

1915 1738 1955 1794 Β
1985 1752 2272 1807 diaconum
2304 1752 2392 1824 (e)
2426 1768 2642 1808 causam
2665 1794 2678 1819 ,
2711 1768 2809 1807 cur
2847 1753 2938 1822 qui
2973 1753 3232 1824 genitoris
3262 1752 3417 1823 culpa
3449 1767 3552 1822 po—

1983 1843 2146 1913 dagra
2180 1843 2352 1898 aliove
2394 1843 2584 1898 morbo
2609 1843 2944 1908 laborarunt,
2980 1860 3046 1897 ex
3077 1843 3192 1912 lege
3235 1857 3345 1895 non
3391 1856 3553 1911 poena

1983 1935 2200 2003 quidem
2231 1936 2323 1990 sed
2347 1934 2639 2005 ignominia
2668 1934 2848 1989 ΑΠ’θαί
2877 1935 3006 1995 sint,
3033 1933 3426 2004 explicaturus,
3451 1931 3556 1986 hoc

1984 2025 2049 2079 ad
2080 2025 2514 2080 emendationem
2538 2023 2843 2095 parentium
2871 2024 3072 2078 factum
3097 2039 3218 2078 esse
3239 2023 3555 2077 arbitratur.

1983 2115 2138 2181 Quod
2162 2159 2178 2182 ,
2217 2116 2290 2170 ita
2321 2116 2466 2171 enim
2499 2115 2719 2186 pergit;
2739 2114 2782 2168 si
2813 2114 2936 2184 quis
2975 2113 3174 2183 injuste
3210 2128 3273 2167 ac
3304 2127 3558 2183 perverse

1983 2213 2165 2259 actum
2217 2219 2338 2260 esse
2374 2205 2684 2269 existimet,
2734 2203 2866 2273 quid
2911 2202 3128 2257 tandem
3181 2202 3270 2256 ille
3300 2201 3445 2255 dicet
3488 2201 3558 2255 de

1983 2305 2180 2360 morte,
2215 2311 2335 2365 quae
2380 2295 2482 2350 etsi
2513 2296 2624 2350 Eva
2667 2295 2842 2349 solum
2867 2293 3142 2364 peccavit,
3179 2307 3340 2346 omne
3363 2292 3559 2346 Imma-

1984 2403 2115 2442 num
2136 2403 2306 2458 genus
2332 2388 2530 2443 invasit
2548 2389 2572 2442 ?
2590 2418 2659 2430 -—
2677 2388 2766 2443 Uti
2788 2403 2918 2442 vero
2939 2387 3124 2456 lapsus
3150 2386 3252 2440 iste
3276 2385 3559 2440 hominum

1984 2479 2303 2548 corporibus
2329 2494 2583 2549 magnum
2609 2477 2790 2532 attulit
2816 2477 3201 2531 detrimentum
3222 2517 3236 2539 ,
3269 2475 3341 2528 ita
3361 2475 3560 2529 animis

1984 2585 2014 2626 a
2037 2572 2148 2626 Deo
2169 2571 2369 2625 creatis
2391 2571 2459 2641 (ί)
2490 2585 2753 2640 perquam
2777 2568 2998 2622 noxium
3030 2566 3152 2621 fuit.
3182 2565 3384 2622 Omnes
3411 2567 3560 2620 enim

1985 2661 2238 2715 mortales
2265 2661 2334 2715 ad
2362 2660 2697 2730 peccandum
2724 2658 2959 2713 reddidit
2984 2656 3333 2727 procliviores
3365 2658 3460 2728 (g).
3490 2683 3563 2696 -

1985 2754 2173 2823 Ncque
2206 2760 2384 2808 tamen
2415 2753 2482 2807 de
2511 2751 2699 2808 Isidori
2729 2751 2997 2806 sententia
3033 2750 3312 2805 hominum
3346 2759 3559 2816 natura,

1985 2845 2072 2900 cui
2112 2860 2327 2914 semper
2351 2842 2634 2913 probitatis
2665 2843 2880 2896 inerant
2910 2840 3116 2896 semina
3150 2839 3254 2912 (h)
3288 2881 3304 2906 ,
3339 2842 3561 2896 omnino

1985 2937 2276 3005 depravata
2305 2941 2390 2988 est
2416 2949 2430 2997 ;
2463 2941 2522 2986 ut
2549 2931 2798 2987 facillime
2827 2940 2883 2984 et
2902 2929 3194 3000 Scriptura:
3223 2947 3387 2986 sacrae
3408 2933 3562 2987 testi-

1988 3027 2223 3090 moniis,
2255 3033 2309 3080 et
2354 3039 2419 3079 ex
2452 3023 2674 3077 historia
2721 3023 2980 3091 probatur
3027 3024 3110 3094 (ἱ).
3160 3023 3427 3094 Propheta
3455 3026 3564 3079 sci-

1989 3118 2135 3183 licet,
2164 3117 2276 3186 qui,
2309 3117 2577 3182 Quonam,
2610 3114 2801 3184 inquit,
2840 3124 2996 3184 pacto
3025 3130 3121 3170 vos
3146 3117 3393 3186 poteritis
3415 3129 3564 3174 ret-te

1988 3209 2186 3274 facere,
2227 3223 2349 3263 cum
2393 3207 2534 3261 mala
2577 3207 2911 3260 didiceritis?
2944 3205 3164 3261 Judzeos
3198 3223 3307 3262 non
3341 3219 3565 3279 propter

1990 3311 2238 3355 naturam
2285 3315 2382 3370 per
2429 3314 2486 3354 se
2518 3299 2737 3364 malam,
2768 3298 2860 3353 sed
2901 3299 3038 3353 mala
3078 3301 3282 3353 edoctus
3310 3317 3566 3370 peccasse

1991 3384 2234 3448 tradidit:
2281 3389 2434 3456 Quod
2479 3404 2609 3444 vero
2658 3389 3009 3457 didicerunt,
3045 3390 3322 3446 dediscere
3351 3409 3566 3463 quoque

1988 3496 2148 3551 posse
2179 3494 2343 3534 nemo
2371 3478 2592 3548 negabit
2638 3478 2734 3548 (j);
2789 3477 2969 3546 itaque
3003 3477 3278 3542 Davidem,
3317 3477 3562 3541 Paulum.

1988 3572 2204 3626 Petrum
2239 3570 2480 3640 aliosque
2501 3609 2516 3634 ,
2551 3570 2640 3638 qui
2668 3570 2794 3622 vitia
2822 3568 3232 3632 commiserunt,
3265 3569 3332 3622 ad
3369 3570 3564 3624 bonam

1989 3663 2198 3734 frugem
2227 3662 2451 3716 rediisse
2482 3661 2715 3715 vidimus
2751 3659 2849 3729 (It)
2875 3676 2889 3725 ;
2936 3659 3117 3728 itaque
3147 3660 3399 3715 omnibus
3427 3671 3568 3715 tem-

1994 3753 2216 3824 poribus
2244 3751 2388 3805 viros
2430 3751 2548 3819 pios
2596 3751 2654 3802 ὲν
2701 3748 2778 3818 τῷ
2836 3747 3065 3818 ὲμφύτῳ
3118 3748 3566 3821 πολιτευομένους

1997 3845 2180 3914 νόμῳ,
2216 3843 2379 3896 veluti
2421 3840 2939 3904 Melehisedechum,
2968 3838 3164 3894 Jobum
3187 3880 3202 3905 ,
3253 3842 3564 3898 Cornelium

2002 3945 2057 3990 et
2095 3936 2230 3990 alios
2272 3935 2470 3989 virtute
2503 3943 2724 3989 ornatos
2752 3933 2975 3996 vixisse,
3026 3932 3289 3987 habemus
3314 3949 3566 4006 comper—

403 4080 471 4150 _a)
515 4079 636 4134 Lib.
659 4095 699 4143 t,
752 4093 840 4148 ep.
1111 4077 1296 4150 ὃτι-δὲ
1344 4077 1476 4150 τῆς.Δ
1497 4077 1645 4140 θείας
1686 4076 1804 4130 ἐστὶ
1835 4075 1885 4130 τί

1998 4073 2283 4150 ᾄνβρωττος
2309 4073 2384 4150 Δἐξ
2407 4072 2704 4150 αῆτῆςηώς
2742 4072 2816 4150 ἄν.
2835 4089 2919 4134 τις
2944 4072 3111 4150 εἷττοι,
3155 4074 3420 4150 γραμμῆς
3464 4077 3564 4146 τῆς

309 4147 542 4220 Πνεῦμα
581 4151 642 4202 τὸ
685 4147 848 4220 eum
885 4149 1104 4220 οὐσίας,
1147 4148 1408 4220 τοῦτο-σὺ
1438 4147 1654 4220 ’ᾔτησας
1697 4163 1895 4220 γραφι-

315 4216 856 4288 κῶς’τρανωθῆναι.
937 4218 1112 4282 ἔξεστι
1171 4248 1242 4257 -
1317 4217 1372 4288 ᾃὲ
1436 4216 1889 4288 ἰηεθῐιιηῐίοοιξᾴ.

307 4289 442 4343 Vat.
471 4285 595 4350 649,
647 4293 709 4342 et
734 4285 842 4341 All.
873 4318 942 4327 -
993 4305 1074 4340 σοι
1121 4287 1432 4356 ἀγχινοῢντι
1476 4316 1546 4326 -—-
1602 4287 1760 4356 codd.
1795 4285 1888 4339 iid.

315 4359 689 4426 ἁγχινοώτατε
739 4358 862 4412 cod.
905 4357 1035 4412 Bav.
1090 4365 1146 4412 et
1189 4355 1348 4411 Chat.
1404 4355 1791 4424 ἀγχινούστατε
1820 4385 1889 4395 --

310 4431 417 4482 arat
449 4459 517 4467 —-
547 4429 808 4482 omittunt
846 4427 966 4482 cod.
993 4426 1113 4481 Vat.
1164 4428 1288 4496 6.49.
1330 4434 1385 4480 et
1436 4427 1542 4496 Alt.
1576 4456 1644 4464 ——
1694 4426 1888 4496 μικρὸν

313 4498 636 4568 πρηελθόντι
675 4499 739 4551 ἐκ
790 4497 897 4568 τῶν
937 4499 993 4550 ἐν
1019 4498 1172 4568 χερσὶ
1199 4495 1297 4568 του
1320 4494 1523 4568 Κυρίου
1555 4494 1764 4568 φωνῶν,
1794 4495 1889 4568 xui.

311 4564 394 4606 —'-
424 4569 580 4623 codd.
608 4569 701 4623 iid.
728 4567 986 4623 omittunt
1012 4564 1203 4631 -ἑ-’τὴν
1239 4564 1391 4617 λύσιν
1410 4564 1624 4634 εὑρεῖν.
1662 4566 1722 4617 EI
1754 4564 1885 4632 ἐγὼ,

317 4639 511 4706 φησιν,
559 4641 615 4691 ὲν
636 4637 815 4706 τῷ-
851 4637 972 4690 cod.
1028 4634 1158 4691 Bav.
1212 4635 1416 4706 omittit
1446 4664 1515 4672 —
1563 4634 1890 4706 Βεελζεᾷουλ

320 4704 578 4760 ἐκϐάλλω
628 4704 698 4760 τᾶ
744 4707 1014 4775 δαιμόνια;
1047 4707 1094 4757 οἱ
1127 4706 1232 4757 υἱοὶ
1265 4705 1432 4775 ὑμῶν
1473 4706 1530 4758 ὲν
1564 4705 1666 4756 τίνι
1695 4704 1888 4775 Exedit-

316 4777 538 4842 leuam;
569 4804 641 4817 -ο
687 4772 849 4829 (ἷοιί.⁷
880 4774 1000 4828 Vat.
1047 4776 1170 4828 649.
1216 4773 1573 4842 ἐκϐαλοῦσινς
1624 4803 1692 4814 —-
1745 4775 1793 4826 ei
1834 4772 1891 4825 δὲ

325 4840 608 4915 Πνεύμὰτι
665 4844 801 4897 Θεοῦ
857 4844 1103 4915 nemo
1148 4844 1339 4915 ταῦτᾳ,
1366 4840 1486 4915 papa
1529 4844 1763 4915 ἔφθασεν
1807 4842 1888 4908 ἐφ’

323 4913 532 4986 ὑμεῖςῇ
557 4915 819 4986 βασιλείᾳ
837 4913 1119 4986 τοῢΘεοῦ.
1149 4914 1207 4965 ὲν
1242 4913 1892 4986 ςτῷ-ετέρῳῌσαφέ-στερον

324 4981 568 5054 εἴρηκῶς
606 4983 1016 5054 εὐαγγελιστής.
1055 5011 1125 5054 -_-—
1158 4981 1302 5054 cod.’
1329 4981 1618 5054 Ἒξιιιηϋῦυ,
1643 4983 1890 5054 ἐυαγγετ

323 5051 507 5122 λεῖα-τῇ.
547 5085 614 5094 -——
643 5053 766 5105 εἰδὲ
803 5051 912 5120 ἐγὼ
954 5051 1019 5122 εν
1061 5051 1308 5122 δακτύλῳ
1349 5052 1482 5122 Θεοῦ
1525 5051 1769 5122 ἐκϐάλλω
1825 5051 1894 5122 τᾲ

322 5119 596 5190 δ-αιμῦνια.
643 5122 906 5176 δάκτυλον
955 5121 1126 5185 Θεοῦ,
1185 5122 1244 5174 τὸ
1281 5119 1530 5190 ⁷Πνεῦμα
1598 5121 1770 5190 λέγων

325 5189 509 5258 ἅγιον,
556 5192 828 5254 Δάκτυλος
896 5191 975 5251 δὲ,
1024 5191 1100 5253 ὡς
1135 5191 1192 5242 ἐν
1247 5189 1598 5259 ὑποδείγματι
1641 5189 1718 5260 τῷ
1773 5189 1894 5243 καθ’

325 5263 482 5333 ήμᾷς
530 5263 626 5331 τῆς
676 5261 886 5333 οὐσίας’
924 5262 1039 5333 ἐστ)
1092 5260 1510 5333 τοῦ-σώματος.
1564 5260 1693 5333 Τὴνῌ
1719 5260 1896 5333 φίνυν

323 5328 634 5398 ἀῂώριστον
676 5332 771 5384 καὶ
807 5330 1040 5398 συγγενῆ
1063 5330 1160 5399 τῆς
1195 5328 1344 5399 Θείας
1374 5330 1559 5392 οὐσίας
1601 5328 1695 5380 τοῦ
1728 5329 1897 5399 Ilvati-

412 5417 504 5462 τος
522 5399 611 5452 τοῦ
635 5401 789 5467 ἁγίου
816 5398 1129 5456 ὑπόστασιν,
1159 5398 1236 5468 τῷ
1261 5399 1354 5451 τοῦ
1383 5399 1640 5453 δακτύλου
1675 5398 1896 5466 ὀνόματι

358 5485 398 5538 φ
405 5469 502 5520 ανὲ
509 5487 641 5537 ρωσε
650 5510 663 5522 .

432 5539 485 5603 b)
513 5539 626 5592 Lib.
651 5556 688 5602 ι,
723 5553 815 5606 ep.
850 5538 939 5591 97.

429 5611 480 5670 c)
506 5608 620 5662 Lib.
651 5626 689 5670 I,
722 5624 813 5676 cp.
852 5607 974 5661 109.

403 5673 488 5748 (ά)
523 5676 638 5733 Lib.
675 5673 773 5741 ιγ,’
795 5692 886 5744 ep.
939 5675 1064 5737 ΞΜ,
1122 5673 1384 5744 ὐπηνίκα
1418 5678 1445 5729 ὁ
1480 5677 1898 5749 πριοτὸπλαστος

651 5771 926 5830 ΡΑτιιοι.
969 5767 1084 5828 Gn.
1130 5769 1442 5832 LXXVIII.

1999 4141 2404 4224 οεξάςεντολῇς
2448 4141 2732 4224 ,ἀλογήσας
2765 4143 2886 4224 τὴν.
2931 4141 3150 4210 ἀπάτην
3198 4141 3563 4224 προυτίμησεν.

1995 4215 2088 4266 τοῦ
2128 4214 2289 4267 αὑτὸν
2340 4211 2926 4276 ἀπολέσαι’παντελῶς
2981 4211 3454 4282 μηχανησαμένου,
3485 4211 3564 4270 ’τὸ

1995 4284 2294 4354 τηνικαῦτα
2338 4285 2432 4338 καὶ
2479 4283 2539 4336 τὺ
2589 4282 2748 4352 σῶμα
2802 4281 3233 4349 αὐτοῦγέγονεν
3291 4285 3351 4335 οὺ
3402 4287 3563 4353 μόνον

1995 4354 2207 4404 Θντιτὸν.
2243 4353 2376 4404 ἀλλὰ
2417 4355 2510 4404 κού¹
2559 4353 2818 4404 παθητόν.
2854 4353 3027 4404 Πολλὰ
3057 4351 3166 4404 γὰο
3207 4352 3561 4404 ἐλαττώματα.

1995 4353 2207 4424 Ονητὸν.
2243 4353 2376 4406 ἀλλὰ
2417 4355 2510 4406 καὶ
2559 4353 2818 4420 παθητόν.
2854 4353 3027 4405 Πολλὰ
3057 4353 3166 4419 γὰρ
3207 4353 3561 4422 ἐλαττώματα

1995 4425 2327 4532 sagis-3205‘,
2405 4426 2498 4476 καὶ
2570 4422 2759 4493 βαρὺς,
2832 4423 2927 4476 καὶ
3003 4421 3253 4490 δυσήνιος
3314 4423 3342 4474 ὁ
3396 4425 3561 4489 ἵππος

1990 4509 2281 4630 κ²ἷιῗξίἶὲἰλ
2306 4579 2377 4624 ιν,
2405 4577 2508 4634 _ep.
2532 4560 2730 4634 141,1).
2768 4563 2891 4628 491,
2917 4563 2998 4617 lit.
3023 4562 3086 4626 c,
3111 4565 3206 4619 lin.
3231 4565 3282 4619 2.
3313 4595 3379 4606 --
3407 4565 3455 4616 ει
3500 4564 3559 4617 δέ

1989 4633 2293 4704 τιςλοῖεται,
2334 4632 2519 4704 τοῦξωΔ
2551 4633 2624 4702 μὴ
2678 4632 2926 4700 ἐὐλόγως
2977 4634 3451 4704 νενομοθετῆσθαι,
3503 4635 3560 4687 τί

1993 4702 2125 4770 quin
2170 4704 2321 4774 κπερὶῂ
2352 4702 2463 4774 τορῌ
2499 4700 2749 4774 Θάνᾷτου,
2812 4705 2892 4756 ὅτι
2927 4705 3074 4774 μιᾶς
3101 4700 3517 4774 ’ἁμαρτησάσης
3540 4722 3555 4736 ·

1994 4775 2134 4840 φημὶ
2163 4771 2224 4841 δὴ
2255 4770 2362 4841 τῆς
2397 4770 2558 4832 Εὔας·
2589 4773 2727 4836 ὅλον,
2761 4792 2815 4828 κ.
2841 4791 2894 4830 τ.
2926 4773 2975 4826 λ.

2068 4843 2129 4909 (Γ)
2164 4841 2278 4897 Lib.
2304 4859 2380 4901 ιν,
2415 4858 2501 4909 ep.
2539 4842 2659 4894 ΕΗ.

2067 4911 2140 4979 (g)
2166 4911 2280 4964 |.il).
2309 4927 2388 4973 ιιι,
2409 4928 2493 4979 ep.
2531 4912 2650 4962 162.

2068 4980 2284 5054 (Ιι)1μὶὶ)ἶ
2316 4997 2375 5043 ll,
2407 4981 2588 5054 A_ep._‘2;
2638 4981 2730 5054 lib.
2763 4997 2832 5054 t_v.
2876 4993 2963 5054 ep.
3139 4979 3475 5054 —AEXEI‘{&p
3521 4985 3556 5054 ἡ

1997 5048 2156 5117 φύσις
2189 5053 2244 5102 ἐν
2268 5051 2433 5119 ἑαυτῇ
2473 5048 2578 5120 τῷν
2627 5049 2846 5120 ἀρετῶν,
2873 5051 3096 5120 ἀκριϐὲς
3133 5049 3227 5103 καὶ
3263 5048 3556 5107 aristas-":09

1995 5121 2055 5172 τὸ
2079 5122 2372 5190 κριτήριον.
2401 5118 2468 5157 4-—
2493 5118 2599 5190 1η)ἒ
2624 5133 2694 5180 Iv,
2721 5135 2805 5186 ep.
2835 5119 2922 5190 54.

2071 5188 2137 5257 (ὅ)
2175 5189 2293 5241 Lib.
2333 5203 2389 5250 ιι,
2421 5203 2506 5252 ep.
2542 5188 2628 5257 72.
2655 5205 2709 5256 p.
2760 5190 2878 5253 154,
2907 5189 2985 5242 Iit.
3012 5190 3077 5252 A,
3102 5190 3196 5243 lin.
3239 5196 3292 5246 δ.
3334 5224 3404 5232 -
3438 5195 3554 5257 πῶς

1998 5256 2126 5325 γὰρ,
2155 5259 2201 5308 εἰ
2236 5260 2298 5308 ὲκ
2329 5257 2542 5322 φύσεως
2577 5256 2720 5327 εἶχον
2759 5257 2818 5310 τὸ
2847 5260 3044 5312 εἰδέναι
3083 5261 3148 5312 τὰ
3177 5264 3318 5314 κακὰ
3348 5256 3554 5328 ἔφασκε

1998 5327 2057 5376 τὸ
2086 5354 2156 5364 -—-—
2179 5327 2332 5376 deest
2359 5327 2409 5376 in
2444 5327 2562 5376 cod.
2590 5328 2714 5376 liav.
2754 5358 2821 5367 --
2864 5329 3238 5376 usuali-merits:
3275 5331 3342 5376 τὰ
3379 5332 3548 5376 κακὰς

1998 5327 2057 5378 τὸ
2086 5354 2156 5364 -—-
2179 5327 2332 5378 deest
2359 5327 2409 5377 in
2444 5327 2562 5379 cod.
2590 5328 2714 5380 liav.
2754 5358 2821 5367 ——-
2862 5329 3238 5398 μεμαθηκότες
3275 5331 3342 5381 τὰ
3379 5327 3551 5392 κακὰς

1998 5397 2047 5447 εἰ
2173 5463 2192 5474 ν
2219 5396 2640 5474 ,μεμαθήκεσίιικ
2713 5402 2820 5474 θεοῖ)-
2856 5399 3158 5474 όιςπομοιοείν
3211 5400 3552 5474 ammon.

2071 5463 2138 5539 ῃ)
2173 5463 2288 5539 Lib.
2313 5479 2369 5527 ιι,
2396 5463 2485 5539 ιιι).
2523 5466 2609 5519 72.
2639 5482 2691 5535 ι).
2727 5468 2848 5539 tat,
2872 5463 3046 5539 ιιι.·ι;.
3087 5498 3154 5506 —
3185 5470 3278 5539 mi
3325 5463 3420 5539 βοᾷ
3456 5471 3555 5538 μὲν

1999 5533 2156 5611 τοῦτο
2203 5532 3036 5611 ’τὰ-πράγματα-ᾅαοξὲκάστην
3072 5532 3407 5611 ἀμειϐόμένοί
3453 5532 3551 5611 ίῐὴν

2001 5603 2250 5672 ὴμέροιννο
2281 5605 2580 5670 ἐγγυῶνται
2620 5607 2674 5657 δὲ
2708 5607 2798 5658 καὶ
2831 5609 2885 5658 αἱ
2918 5603 3143 5672 γρὰφαὶ.

2077 5673 2144 5741 (ιι)
2172 5671 2287 5725 Lib.
2322 5687 2380 5738 ιι,
2414 5689 2498 5744 cp.
2534 5678 2616 5741 τε,
2651 5693 2703 5744 ιι.
2730 5677 2848 5740 ist,
2892 5677 2970 5728 ιιι.
2995 5671 3052 5738 C,
3087 5676 3179 5728 lin.
3207 5676 3258 5739 5,
3306 5676 3400 5732 lin.
3430 5678 3483 5733 9.

3202 5772 3239 5828 3
