3890 6134
290 141 358 203 87
1382 141 2050 204 COMMENTATIONIS
2085 143 2276 204 PARS
2309 144 2424 203 III.
3459 147 3528 208 88

352 254 552 311 Contra
582 271 677 312 eos
706 271 854 322 vero,
883 258 976 330 qui
1009 258 1245 316 animam
1267 263 1547 318 mortalem
1570 276 1691 316 esse
1719 275 1856 317 con-
1885 270 1926 326 Α
1956 267 2235 328 expertem
2281 273 2588 329 corpusque
2649 258 2990 322 intercedat,
3046 257 3526 325 communionem;

284 347 596 414 tenderunt,
625 346 936 404 Graecorum
963 349 1338 420 philosophos,
1369 351 1534 407 veluti
1563 350 1850 414 Galenum,

283 437 524 508 diSputat
559 439 614 491 in
654 439 880 509 epistola
932 441 1000 496 ad
1047 441 1394 498 Proeschiutn
1446 443 1521 514 (a)
1577 442 1852 497 medicum

283 529 440 595 data;
481 529 537 582 in
583 545 686 600 qua
723 539 1004 600 postquam
1041 529 1396 603 Pythagorae,
1441 531 1682 587 Platonis
1718 531 1852 586 alio-

284 637 512 690 rumque
535 621 602 674 de
635 621 739 676 hoc
778 621 1027 692 dogmate
1057 623 1384 677 sententiam
1427 623 1528 694 ipsi
1567 623 1852 694 probatam

281 712 480 779 attulit,
516 712 664 766 illum
689 713 1026 777 dehortatur,
1051 728 1119 768 ne
1145 730 1266 767 cum
1294 714 1713 784 sapientissimis
1737 729 1855 768 cer—

284 810 462 856 tamen
504 802 646 856 ineat
699 803 1053 873 philosophis.
1103 804 1259 870 Quod
1304 805 1350 859 si
1389 806 1685 876 suscipiat,
1728 820 1852 860 cum

281 907 402 945 cum
431 892 667 958 athleta,
711 894 802 963 qui
845 895 978 962 artis
1020 895 1240 949 musicae
1270 895 1553 964 imperitus
1588 896 1854 965 judicium

281 981 349 1036 de
378 997 440 1036 ea
466 983 565 1037 sibi
598 992 844 1054 arroget,
875 987 1301 1056 comparandum
1329 1001 1449 1040 esse
1477 995 1684 1042 censet.
1714 987 1851 1042 Nam

285 1071 373 1124 ille
399 1072 632 1125 animam
665 1073 843 1139 variae,
881 1088 912 1128 e
940 1090 1046 1143 qua
1089 1074 1388 1128 humanum
1421 1089 1619 1144 corpus
1649 1074 1852 1130 conﬂa-

285 1170 400 1217 tum
427 1163 529 1227 sit,
555 1164 793 1218 materiae
829 1166 1169 1220 harmoniam
1193 1181 1315 1220 esse
1335 1207 1348 1231 ,
1377 1175 1432 1220 et
1461 1166 1537 1220 uti
1569 1167 1694 1238 lyrae
1725 1167 1854 1221 har-

285 1253 464 1307 monia
496 1253 665 1309 fracto
687 1254 1048 1321 instrumento
1064 1265 1318 1323 cessaret,
1347 1257 1425 1312 sic
1450 1273 1569 1313 eam
1596 1275 1703 1314 una
1730 1275 1854 1315 cum

284 1342 376 1397 illo
408 1341 749 1399 interituram
775 1346 998 1410 docens,
1022 1347 1151 1412 sibi,
1182 1355 1239 1400 ut
1267 1345 1504 1403 Isidorus
1536 1348 1852 1414 arbitratur,

286 1434 403 1504 ipse
433 1446 718 1506 repugnat.
742 1437 879 1508 Lyra
907 1437 1054 1492 enim
1077 1477 1091 1501 ,
1121 1437 1296 1509 inquit
1315 1439 1609 1506 Pelusiota,
1641 1449 1696 1496 et
1724 1441 1858 1497 ﬁdes

288 1525 628 1581 concinnatae
657 1536 712 1581 et
748 1538 942 1596 aptatae
983 1536 1309 1585 concentum
1350 1530 1566 1598 quidem
1599 1531 1854 1601 pariunt;

1955 367 2132 421 neque
2157 361 2401 407 mutuam
2436 349 2756 405 immortalis
2808 349 3002 403 animae
3031 358 3086 403 et
3115 348 3362 418 corporis
3393 349 3524 404 atl‘e-

1955 442 2196 497 ctionem
2244 442 2500 513 explicari
2549 456 2730 511 posse,
2761 440 3035 510 sapienter
3082 440 3300 506 docuit;
3349 439 3531 507 itaque

1953 531 2109 588 Jesus
2136 533 2386 587 Christus
2413 531 2484 603 (c)
2514 551 2530 586 :
2561 530 2642 585 Ne
2670 530 2874 594 timete,
2906 529 3100 599 inquit,
3135 529 3274 597 illos,
3293 528 3388 598 qui
3407 543 3530 582 cor-

1955 638 2055 691 pus
2081 623 2299 692 quidem
2325 622 2619 686 occidunt,
2653 621 2748 676 sed
2786 621 3022 675 animam
3059 620 3444 690 corrumpendi
3479 629 3535 674 et

1956 713 2216 782 perdendi
2239 728 2350 768 non
2382 712 2585 766 habent
2615 719 2960 780 potestatem.

2025 799 2234 867 Quibus
2281 801 2540 871 expositis
2574 808 2744 855 restat
2773 807 3003 866 tantum,
3031 809 3092 854 ut
3115 840 3131 865 ,
3161 799 3294 869 qttid
3321 799 3528 855 Graecis

1957 893 2167 962 singula
2195 892 2631 946 Christianorum
2675 889 2927 961 dogmata
2969 889 3414 960 oppugnantibus
3452 901 3538 942 re-

1956 983 2254 1055 Sponderit,
2285 990 2608 1052 exponetur.

2026 1075 2162 1130 Cum
2189 1074 2275 1129 bis
2300 1081 2504 1140 autem,
2533 1072 2735 1142 quippe
2760 1071 2852 1142 qui
2881 1087 3091 1128 sacram
3120 1069 3373 1140 rejiciant
3396 1069 3544 1124 Scri-

1956 1173 2192 1235 pturam,
2213 1174 2306 1225 aut
2327 1166 2659 1236 argumentis
2680 1163 3072 1235 philosophicis
3093 1162 3412 1217 certandum
3436 1161 3537 1226 (ά),

1957 1263 2071 1321 aut,
2104 1257 2150 1310 si
2185 1256 2307 1325 quis
2337 1271 2433 1324 pro
2465 1271 2564 1312 sua
2588 1255 2858 1310 sententia
2882 1253 3053 1310 Graeci
3087 1253 3370 1322 cujusdam
3396 1251 3540 1306 scri-

1956 1346 2128 1417 ptoris
2148 1347 2390 1402 attulerit
2420 1347 2808 1412 testimonium,
2830 1346 2958 1401 huic
2985 1345 3124 1400 alius
3151 1343 3322 1400 Graeci
3349 1353 3542 1398 aucto-

1959 1438 2037 1493 ris
2079 1438 2461 1493 auctoritatem
2509 1438 2891 1509 opponendam
2940 1453 3062 1492 esse
3113 1435 3184 1507 (c)
3239 1435 3539 1490 existimat.

1957 1526 2146 1598 Neque
2201 1528 2318 1599 ipse
2371 1529 2525 1598 haec,
2584 1545 2706 1599 quae
2773 1529 3058 1600 proposuit
3109 1536 3380 1598 praecepta
3439 1541 3543 1580 ne-

289 1614 383 1669 sed
412 1615 480 1670 ad
509 1624 724 1686 tempus
754 1619 972 1688 aliquod
1001 1619 1275 1675 dissoluta:
1300 1620 1722 1677 instrumentum
1742 1621 1861 1691 qui-
1891 1621 1932 1675 Β
1960 1617 2143 1689 glexit.

202 1774 210 1787 ι
291 1705 413 1758 dem
446 1720 555 1759 non
592 1705 823 1762 fractum
844 1748 859 1772 ,
894 1709 1162 1764 exstincta
1192 1725 1322 1765 vero
1348 1718 1433 1765 est
1464 1711 1764 1767 harmonia.
1793 1740 1864 1752 —-

290 1793 431 1859 Quid
470 1805 683 1864 autem,
713 1798 794 1853 sic
822 1800 968 1854 enim
1000 1801 1212 1872 pergit,
1239 1801 1479 1872 optimus
1510 1802 1601 1858 ille
1627 1803 1863 1861 Galenus

281 1879 537 1964 dicturus
583 1895 666 1940 est
704 1887 770 1942 de
807 1889 1014 1958 judicio
1057 1889 1277 1945 futuro?
1322 1892 1450 1961 quid
1498 1892 1565 1948 de
1595 1894 1861 1964 praemiis,

291 1991 410 2046 quae
454 1977 702 2034 homines
739 1981 812 2050 pii
838 1981 1082 2052 justique
1126 1983 1181 2038 in
1214 1984 1316 2038 hac
1346 1993 1489 2039 terra
1518 2001 1864 2058 summopere

291 2069 468 2122 vexati
513 2080 736 2140 optumo
783 2072 906 2142 jure
949 2076 1308 2146 exspectant?
1347 2076 1478 2148 quid
1535 2079 1750 2134 tandem
1795 2080 1865 2137 de

291 2160 582 2231 impiorum
611 2165 1074 2237 scelestorumque
1107 2169 1320 2237 pmnis?
1354 2198 1423 2208 —
1457 2169 1664 2226 Deinde
1690 2172 1868 2228 allatis

291 2250 513 2307 llomeri
541 2263 595 2308 ct
625 2255 900 2326 Euripidis
931 2266 1118 2312 contra
1149 2257 1340 2314 Galeni
1378 2261 1702 2315 sententiam
1729 2261 1866 2316 effa-

295 2344 365 2398 tis
384 2385 400 2410 ,
433 2360 560 2398 eum
582 2360 767 2411 omne,
793 2347 936 2416 quod
968 2347 1109 2402 inter
1129 2348 1319 2404 vitium
1341 2358 1399 2403 et
1420 2349 1674 2405 virtutem
1706 2351 1870 2406 inter-

294 2435 484 2502 cedat,
531 2435 821 2491 discrimen
873 2439 1060 2494 tollere
1104 2439 1380 2510 declarat;
1427 2456 1552 2497 cum
1596 2455 1720 2496 eum
1767 2457 1868 2497 ne-

295 2539 447 2579 cesse
476 2525 548 2578 sit
583 2526 765 2580 omnia
803 2527 1085 2582 hominum
1115 2530 1260 2584 dicta
1283 2529 1534 2601 factaque
1559 2547 1668 2586 non
1697 2532 1830 2602 ipsis
1851 2575 1868 2599 ,

296 2613 392 2668 sed
422 2614 571 2670 vario
599 2615 867 2680 materiag,
905 2633 1010 2686 qua
1037 2619 1269 2688 quisque
1295 2619 1560 2676 conﬂatus
1585 2622 1692 2686 sit,
1729 2631 1870 2678 tem-

296 2713 617 2775 peramento
644 2706 932 2762 ascribere.
970 2737 1038 2747 ——
1080 2707 1324 2779 Denique
1350 2708 1540 2765 Galeni
1583 2712 1871 2768 sementim

297 2806 621 2868 repugnant,
661 2813 781 2867 quae
809 2798 1050 2868 quotidie
1082 2800 1220 2854 liunt
1263 2815 1475 2854 morum
1510 2802 1868 2858 mutationes.

301 2887 449 2943 Multi
486 2906 681 2960 nempe
713 2891 1101 2957 ,adolescentes
1136 2891 1413 2948 libidinosi
1441 2893 1493 2947 in
1541 2893 1661 2963 ipso
1696 2893 1871 2949 aetatis

298 2980 482 3052 vigore
528 2982 596 3036 ad
648 2983 1036 3037 continentiam
1086 2984 1398 3050 redierunt;
1460 3000 1638 3054 neque
1690 2993 1869 3038 tamen

298 3073 526 3129 materia
547 3115 562 3138 ,
598 3090 628 3128 e
649 3089 753 3144 qua
787 3090 986 3144 corpus
1015 3075 1228 3129 illorum
1258 3085 1572 3130 concretum
1603 3075 1726 3140 fuit,
1768 3075 1875 3130 im-

299 3170 506 3217 mutata
551 3172 668 3230 est;
712 3164 975 3233 multique
1022 3165 1278 3218 virtutem
1326 3165 1730 3233 relinquentes,
1764 3181 1876 3220 non

302 3262 620 3323 propterea,
654 3253 781 3322 quia
825 3268 1016 3307 eorum
1048 3268 1246 3322 corpus
1281 3255 1611 3308 mutationes
1655 3270 1879 3324 perpes-

306 3361 426 3399 sum
457 3353 560 3409 est,
593 3345 740 3399 vitiis
771 3359 890 3398 sese
923 3345 1385 3399 contaminarunt.
1427 3375 1499 3385 —
1531 3344 1663 3409 Quae
1700 3346 1882 3400 omnia

306 3435 500 3490 videns
527 3435 680 3489 Plato
710 3435 782 3504 (ὁ)
801 3475 816 3500 ,
848 3449 1090 3490 summus
1123 3435 1435 3490 Graecorum
1480 3437 1836 3506 philosophus
1860 3478 1874 3504 ,

307 3525 632 3582 inetl'abilem
665 3541 820 3593 esse,
846 3543 966 3598 quae
992 3528 1135 3587 inter
1167 3530 1404 3584 animam
1434 3531 1614 3586 omnis
1642 3531 1881 3586 materiae

307 3729 408 3799 τὴν
445 3727 650 3800 οἰκείαν
682 3726 984 3800 ἀσθένειαν,
1015 3728 1152 3800 ἀλλὰ
1177 3727 1334 3800 παρᾷ
1356 3729 1416 3782 τὸ
1451 3729 1577 3800 τοὺς
1605 3729 1877 3800 ἀκροατὰς

309 3796 532 3870 κὺρίους
561 3796 806 3852 εἶναιτοῦ
829 3799 1034 3870 τέλοισς,
1054 3799 1142 3852 διὰ
1161 3796 1374 3870 τὸνξτῆς
1404 3796 1878 3870 αὐτεξουγσιότητος

310 3869 458 3940 ὅρον,
479 3900 550 3909 —
575 3870 669 3923 lib.
700 3886 752 3927 v.
773 3885 880 3940 ep.
912 3869 1062 3940 442.,
1090 3885 1210 3937 qua:
1237 3869 1357 3922 data
1388 3878 1469 3922 cst
1492 3870 1557 3923 ad
1588 3869 1882 3924 Macarium

311 3938 624 4009 episcopum
675 3950 728 3992 et
771 3939 854 3993 his
903 3938 1082 4009 verbis
1123 3940 1471 4009 continetur:
1521 3941 1583 3991 Εἰ
1626 3940 1885 4003 τοιούτοις

313 4008 655 4080 χρησάμενος
670 4009 856 4080 ’λόγοις
881 4009 909 4060 ὁ
937 4008 1128 4080 Λᾷγος,
1155 4008 1204 4060 οἳ
1238 4008 1332 4080 uel.
1361 4009 1458 4078 τὴν
1487 4009 1689 4080 ἄψυχον
1723 4010 1884 4077 φύσιν

314 4076 538 4141 suam;
561 4078 624 4131 ἂν
654 4077 1054 4148 ἔκαμψανζοὺκ
1076 4076 1256 4148 ἔπεισε
1282 4078 1342 4130 τὸ
1368 4076 1678 4148 ἀμείλικτον
1712 4083 1886 4133 ἐκεῖνο

316 4149 503 4234 θηρίον
537 4148 596 4200 τὸ
631 4150 756 4234 ἕατ’
785 4146 948 4228 αὑτοῦ
975 4146 1362 4234 ἐπιλρττῇσανς
1397 4146 1559 4231 ἔδειξε
1583 4149 1884 4234 λαμᾳπρῶς,

315 4216 380 4298 ὃς
381 4216 401 4272 ιζ
417 4219 476 4271 τὸ
491 4217 788 4298 ’πεισθῆναι
812 4217 905 4270 καὶ
931 4216 1004 4298 μὴ
1025 4256 1038 4278 ,
1064 4217 1170 4298 τῶν
1191 4216 1495 4298 ᾁξουὸντων
1521 4216 1766 4298 seruata
1792 4219 1882 4272 τὸν

2033 1709 2168 1765 Nam
2216 1709 2570 1781 Evangelium
2615 1715 2899 1779 propterea
2943 1707 3356 1777 rejicientibus,
3401 1721 3546 1776 quo-

1962 1801 2109 1856 niam
2138 1816 2279 1857 nova
2323 1809 2378 1856 ct
2409 1799 2629 1866 vivendi
2658 1808 2713 1855 et
2748 1798 3018 1870 cogitandi
3064 1798 3204 1852 ratio
3245 1812 3278 1852 a
3318 1795 3550 1852 Christo

1963 1893 2237 1963 proposita
2265 1892 2372 1957 sit,
2397 1891 2676 1947 neminem
2695 1930 2709 1955 ,
2740 1889 2845 1945 nisi
2877 1904 3018 1943 nova
3056 1889 3310 1953 doceret,
3346 1886 3545 1940 malam

1964 1991 2020 2039 et
2085 1983 2443 2038 inveteratam
2514 1980 2806 2034 immutare
2862 1993 3024 2048 posse
3085 1975 3549 2031 consuetudinem

1965 2073 2237 2140 ostendit;
2285 2072 2553 2142 simulque
2591 2070 2722 2135 hoc,
2749 2068 3046 2124 dummodo
3078 2067 3284 2122 utilitas
3312 2064 3548 2121 novitati

1966 2163 2222 2234 adjuncta
2257 2162 2348 2228 sit,
2375 2177 2480 2216 non
2508 2158 3020 2230 reprehendendum
3050 2170 3171 2212 esse
3195 2155 3424 2210 allirmat
3454 2155 3549 2226 (Ι).

1966 2287 2037 2298 -—
2070 2256 2275 2313 Deinde
2313 2255 2409 2312 ubi
2457 2269 2576 2310 rem
2620 2254 2787 2308 habet
2835 2267 2962 2307 cum
3001 2250 3204 2306 Graecis
3238 2249 3549 2304 doctrinam

1969 2349 2036 2405 de
2068 2362 2357 2418 corporum
2378 2345 2778 2402 resurrectione
2807 2342 3181 2406 irridentibus,
3206 2342 3345 2395 hanc
3369 2355 3552 2394 exem-

1969 2439 2073 2510 plis
2093 2478 2108 2504 ,
2147 2454 2269 2508 qua:
2301 2454 2368 2492 ex
2414 2435 2806 2508 philosophicis
2831 2449 3023 2489 eorum
3067 2432 3289 2502 scriptis
3313 2431 3552 2501 repetita

1970 2541 2125 2596 sunt,
2158 2531 2429 2586 illustrare
2476 2539 2533 2585 et
2579 2530 2812 2601 probare
2851 2534 3078 2583 conatur
3113 2525 3212 2596 (g).
3243 2523 3458 2578 Etenim
3489 2531 3554 2578 ut

1972 2620 2310 2684 Graecorum,
2339 2619 2532 2689 inquit,
2568 2617 2877 2689 philosophi
2906 2632 2972 2672 ex
3007 2615 3119 2686 igni
3146 2629 3294 2677 aera,
3321 2628 3388 2668 ex
3423 2628 3554 2667 aere

1972 2729 2189 2784 aquam,
2217 2727 2282 2767 ex
2312 2727 2450 2781 aqua
2489 2721 2711 2778 terram,
2742 2724 2807 2764 ac
2838 2723 3057 2763 rursum
3085 2721 3117 2761 e
3147 2713 3288 2761 terra
3314 2718 3512 2773 aquam
3535 2743 3552 2768 ,

1973 2823 2039 2862 ex
2068 2821 2206 2874 aqua
2241 2818 2367 2859 aera
2387 2846 2402 2870 ,
2444 2818 2512 2858 ex
2543 2817 2668 2858 aere
2697 2801 2876 2872 ignem
2925 2797 3040 2852 ﬁeri
3067 2795 3410 2852 contendunt
3429 2833 3446 2856 ,
3478 2793 3555 2847 ita

1975 2912 2075 2952 nos
2104 2910 2322 2966 corpus,
2360 2894 2506 2964 quod
2540 2908 2688 2948 nunc
2718 2891 3008 2946 maximam
3037 2895 3247 2958 partem
3273 2893 3558 2941 terrenum

1975 2995 2088 3052 est,
2117 2994 2243 3057 post
2272 2992 2505 3040 mortem
2533 2982 2820 3039 aetherium
2845 2980 2964 3035 ﬁeri
2991 2979 3243 3042 dicimus.

2043 3079 2181 3134 Cum
2211 3093 2341 3133 vero
2360 3077 2666 3146 Harpocras
2693 3072 3051 3129 scholasticus
3074 3070 3147 3141 (Ιι)
3176 3066 3395 3124 llomeri
3422 3081 3560 3122 con-

1975 3179 2058 3226 tra
2085 3185 2210 3225 eum
2239 3168 2529 3240 protulerit
2555 3165 2944 3228 testimonium,
2976 3161 3228 3218 rescribit
3257 3181 3270 3215 ε
3301 3189 3372 3200 ——
3401 3158 3555 3224 Quo-

1977 3261 2126 3315 niam
2176 3267 2234 3313 tu
2267 3259 2565 3313 Homerum
2611 3266 2671 3312 ut
2715 3255 3176 3327 sapientissimum
3212 3252 3268 3306 in
3317 3251 3562 3306 medium

1983 3351 2237 3420 producis
2272 3357 2502 3414 testem,
2543 3364 2642 3420 ego
2676 3349 2927 3403 eumdem
2967 3347 3230 3401 adversus
3259 3351 3314 3398 te
3351 3341 3561 3412 produ-

1986 3455 2138 3505 cam;
2165 3469 2235 3478 —
2263 3448 2317 3494 et
2346 3439 2506 3494 Casio
2529 3439 2851 3494 scholastico
2876 3437 2936 3507 (ἰ)
2970 3435 3353 3492 Demosthenis
3390 3431 3563 3499 dicto,

1988 3537 2048 3585 ut
2067 3529 2352 3586 Pelusiotae
2380 3530 2708 3586 sententiam
2731 3529 3035 3594 refelleret,
3067 3526 3258 3593 utenti,
3288 3522 3564 3589 Isocratis,

1985 3732 2339 3804 γελισᾲμενος
2373 3731 2463 3786 διὰ
2492 3730 2585 3804 τοῦ
2624 3733 2797 3804 εἰπεῖν
2823 3743 2836 3758 °
2874 3747 2893 3782 ι
2912 3730 3003 3804 Ἑν
3028 3730 3096 3800 τῇ
3130 3727 3425 3804 ἀναστᾲσει
3453 3722 3566 3781 τῶν

1984 3796 2192 3872 νεκρῶν
2222 3802 2345 3856 οὔτε
2365 3802 2632 3872 γαμοῦσιν
2653 3800 2776 3872 οὕτε
2803 3796 3127 3872 γαμίζονται
3150 3839 3176 3872 ,_
3202 3796 3564 3872 ἀλλ’-ἔσονται

1985 3873 2060 3935 ὡς
2083 3867 2303 3941 ἄγγελοι
2327 3889 2340 3902 ο
2363 3867 2388 3921 ι’
2419 3867 2515 3953 τῇν
2544 3888 2602 3924 τε
2631 3870 2810 3941 κρίσιν
2837 3867 3079 3940 μηνύσας
3105 3868 3190 3921 διὰ
3218 3867 3430 3922 πολλῶν
3468 3867 3568 3936 μὲν

1985 3942 2158 3994 ἄλλων
2188 3943 2283 3994 καὶ
2313 3941 2372 3994 ὲν
2400 3959 2477 3994 τω
2509 3942 2713 3994 ωοᾶσαι
2737 3940 2814 3993 δέ*
2846 3958 2864 3990 ι
2889 3937 3165 3994 Φοϐήθητε
3210 3937 3302 3989 τὸν
3329 3937 3568 3994 δυνάμε-

1985 3943 2158 3997 ᾶλλων
2188 3943 2283 3996 καὶ
2313 3943 2372 3994 ὲν
2400 3943 2477 4010 τῷ
2509 3943 2713 4010 φρᾶσαι
2737 3943 2814 3993 δέ*
2846 3958 2864 3990 ι
2889 3943 3165 4008 Φοϐήθητε
3210 3943 3302 3989 τὸν
3329 3943 3568 4006 δυνάμε-

1985 4029 2074 4090 νον
2097 4013 2190 4066 καὶ
2205 4011 2695 4090 ψυχῂνλιαὶησῶμα
2721 4009 2978 4090 ἀπολέσαι
3010 4009 3067 4060 ἐν
3091 4007 3304 4080 γεέννῃ.
3332 4025 3351 4061 ι
3377 4035 3449 4046 -
3478 4006 3564 4062 Cf.

1987 4082 2083 4136 lib.
2111 4099 2172 4147 ιι,
2208 4079 2470 4150 ἑρξὲοός
2505 4081 2600 4134 lib.
2642 4097 2714 4143 Iv,
2743 4095 2829 4150 ep.
2871 4079 3000 4150 125.

2062 4153 2136 4226 (_d)
2156 4146 2272 4205 Lib.
2299 4167 2473 4226 u,_ep.
2505 4151 2603 4226 43:
2627 4178 2698 4226 _—-—
2716 4146 2857 4226 ξρὴ,
2883 4149 3069 4226 ἐπειδὴ
3089 4146 3361 4226 τᾲς-ἱερᾲς
3381 4162 3567 4226 παρα-

1989 4216 2290 4291 γρᾶᾡονται
2317 4260 2332 4282 ,
2362 4216 2582 4288 Fons-oi;
2624 4219 2692 4291 ἐκ
2734 4216 3021 4291 λογισμῶνΔ
3047 4216 3141 4269 καὶ
3176 4216 3573 4291 ’ἀποδεικτικῆς

315 4291 414 4357 τῆς
444 4287 920 4358 αὐτεξουσιὸτῃτος
966 4285 1109 4355 ὅρον,
1141 4287 1207 4339 δι’
1236 4287 1295 4339 ὃν
1343 4288 1436 4339 καὶ
1469 4288 1623 4358 ῥτῆς
1654 4289 1886 4358 κρίσεως
1920 4286 1964 4342 D
1990 4285 2230 4355 τᾶξέως,
2281 4285 2679 4358 ἀναγκαστικδν
2718 4285 3122 4340 κατασκευάσαι
3176 4285 3333 4354 λόγον
3385 4301 3570 4354 παρα·

316 4356 594 4425 ἀξιόλογός
633 4356 1072 4428 ἐστιῗλόγοςες-ς-
1118 4358 1384 4428 Cmterum
1427 4356 1497 4412 cf.
1545 4359 1640 4412 lib.
1689 4356 1746 4423 ἦν,
1793 4374 1882 4428 cp.

318 4429 458 4498 357;
489 4424 562 4468 -έ-
591 4427 816 4498 epam;
844 4442 928 4498 ep.
956 4424 1092 4492 219;
1128 4445 1215 4497 ep.
1246 4426 1382 4493 9.50;
1409 4444 1498 4498 ep.
1536 4428 1630 4483 441
1658 4445 1673 4494 ;
1705 4459 1772 4468 —
1799 4424 1886 4498 ep.

319 4497 445 4564 52h
479 4514 566 4564 ep.
601 4497 703 4550 5Π
729 4513 743 4560 ;
773 4507 824 4550 et
852 4497 924 4548 al.
1453 4497 1456 4498 ⁷
1630 4499 1638 4506 ’

391 4571 470 4640 (a)
506 4564 626 4640 Lib.
659 4582 851 4640 tv,_rp.
883 4565 1003 4640 1‘25.
1039 4564 1094 4618 ln
1117 4567 1252 4640 cod.
1285 4565 1405 4622 Vat.
1439 4567 1562 4635 650,
1589 4583 1699 4624 non
1733 4568 1896 4640 Προε-

323 4636 458 4708 σχίῳ
487 4669 552 4708 τ-
585 4637 689 4690 Sed
709 4637 1001 4708 Προσεχίῳ
1026 4636 1285 4708 scriptum
1315 4646 1412 4692 est.

396 4706 471 4778 (ὁ)
508 4707 752 4761 Platonis
798 4706 1140 4778 testimonio,
1188 4707 1252 4760 ad
1290 4708 1484 4778 animae
1515 4707 1896 4762 immortalita-

325 4786 433 4832 tem
454 4777 794 4848 probandam
820 4777 981 4830 etiam
1011 4777 1138 4848 alibi
1169 4777 1338 4830 utitur
1366 4777 1654 4831 Pclusiota.

397 4847 473 4918 (c),
511 4847 660 4901 Hanc
697 4848 763 4902 de
796 4848 990 4918 animae
1027 4847 1432 4903 inmortalitate
1455 4848 1757 4918 doctrinam
1788 4855 1898 4900 tam

326 4917 546 4990 gravem
580 4933 699 4990 esse
727 4927 911 4972 censet
945 4917 1188 4990 lsitlorns
1213 4959 1226 4978 ,
1262 4927 1320 4970 ut
1349 4918 1401 4970 in
1440 4917 1670 4990 epistola
1704 4917 1900 4990 adglsi-

327 4987 520 5044 dorum
561 4987 876 5057 episcopum
924 4989 1044 5041 data
1071 5018 1138 5027 —
1177 4989 1271 5041 lib.
1311 5005 1382 5050 Iv,
1411 5003 1496 5056 cp.
1531 4988 1630 5041 Mli
1653 4988 1901 5057 —-plane

329 5061 560 5119 doceat,
605 5056 789 5110 Jesutn
837 5058 1112 5112 Christum
1158 5058 1319 5112 etiam
1353 5066 1634 5126 propterea
1675 5073 1704 5110 a
1746 5056 1902 5112 caelis

329 5128 722 5198 descendisse,
753 5137 812 5180 ut
851 5127 954 5180 hoc
995 5128 1188 5198 dogma
1239 5129 1292 5180 in
1340 5127 1648 5180 mortalium
1689 5129 1902 5180 animos

330 5195 1110 5278 revocaret.__llcrbaGraeca:3
1159 5213 1281 5278 q_u:e
1331 5199 1434 5278 huc
1475 5207 1740 5278 apt-ctam,
1788 5198 1904 5278 haec

335 5281 466 5325 sunt
493 5288 506 5322 :
533 5301 604 5311 ——
635 5267 778 5320 Ἧκε
811 5267 989 5319 τοίνυν
1017 5271 1044 5320 ὁ
1074 5261 1282 5337 Σω-Ξὴρ,
1308 5267 1444 5334 μετὰ
1469 5261 1575 5320 τῶν
1605 5261 1797 5329 ἄλλων,
1827 5261 1903 5320 ὧν

335 5338 692 5408 κατώρθωσε,
728 5338 834 5408 καὶ,
854 5337 1054 5408 ταύτης
1079 5337 1397 5402 ἀπαλλάξων
1427 5337 1552 5408 τοὺς
1588 5337 1905 5408 ἀνθρώπους

336 5412 438 5478 τῆς
475 5406 746 5472 ὑπονοίας.
777 5407 888 5476 Τὴν
925 5406 1032 5476 γὰρ
1062 5408 1160 5478 τῆς
1186 5409 1363 5478 ψυχῆς
1390 5406 1903 5478 ἁοοινοισξανὸρισὰ-

342 5476 522 5548 μενος,
551 5481 609 5532 ὲν
640 5478 720 5549 τῷ
751 5478 917 5549 φάναι
937 5495 951 5510 ·
987 5477 1142 5549 ιξΓὴν
1177 5477 1233 5530 δὲ
1257 5478 1452 5549 ψυχὴν
1496 5478 1568 5549 μὴ
1594 5476 1904 5549 δυναμένων

339 5545 719 5606 ἆποκτεῖναν)
748 5545 841 5604 καὶ
859 5547 1083 5620 τὴήτῶν
1102 5545 1383 5620 ’σωμάτων
1413 5545 1706 5601 ἀνάστασιν
1731 5545 1898 5616 εὐαγ-

2004 4359 2336 4424 σκευάζοντα
2366 4360 2512 4429 ἡμᾶς
2549 4359 2608 4411 τὸ
2635 4359 2801 4426 σαφὲς
2826 4358 3075 4429 συνιδεῖν.

2062 4430 2130 4500 (e)
2162 4423 2277 4483 Lib.
2313 4423 2499 4500 “Cap.
2527 4429 2648 4500 Mli,
2767 4429 2861 4482 l9l
2888 4467 2902 4492 ,
2931 4427 3010 4500 lit.
3042 4427 3085 4500 ll
3123 4424 3285 4500 lina!
3324 4442 3436 4479 :——
3469 4423 3576 4476 υὺο

1994 4494 2124 4570 κοῦν
2157 4499 2342 4570 ἐπειδὴ
2375 4494 2611 4570 Ἔλληνᾲ
2637 4494 2697 4551 τέ
2721 4497 2871 4570 οντα,
2905 4499 2998 4550 καὶ
3027 4497 3094 4570 ait
3135 4494 3406 4570 Ἐζλήνῳν
3439 4510 3578 4562 πρε-

1996 4569 2275 4634 σϐεύοντα,
2307 4564 2410 4639 Lai;
2437 4570 2501 4620 ὲκ
2531 4564 2648 4621 ’τῶν
2685 4568 2791 4621 σῶν
2833 4585 2892 4620 σε
2930 4565 3316 4638 χειρώσασθαι,
3353 4564 3575 4618 ἀντιτα-

1997 4639 2173 4700 κτέον,
2214 4657 2268 4693 κ.
2299 4657 2346 4692 τ.
2383 4639 2432 4691 λ.

2073 4709 2137 4779 (f)
2176 4707 2293 4762 Lib.
2340 4723 2400 4779 ιι,
2431 4723 2518 4776 cp.
2553 4707 2621 4760 46
2660 4700 2839 4779 {Eine
2875 4706 2954 4776 τῷ
2987 4703 3317 4779 διενεχρέγ-ςι
3344 4731 3414 4742 -
3447 4702 3572 4756 cod,

1998 4773 2128 4834 Bav.
2163 4773 2491 4848 διαλεχθέντὶ
2514 4777 2745 4848 -έίπρὸς
2777 4777 2873 4848 σὲ,
2913 4773 3009 4848 acati.
3032 4775 3101 4828 τὰ
3141 4773 3408 4848 Ἑλλήνων
3437 4788 3578 4848 πρε-

2001 4848 2267 4911 σϐεύοντι,
2301 4842 2369 4888 έλ-
2401 4849 2520 4902 cod.
2554 4842 2666 4903 Alt.
2692 4846 3106 4918 πρεσϐεύσαντι,
3134 4872 3206 4885 --
3232 4842 3576 4918 φήσαντςςτε,

2000 4919 2082 4988 ὅτι
2105 4909 2456 4988 καινήνᾼτινα
2487 4918 2581 4969 καὶ
2608 4909 2759 4988 παρὰ
2784 4917 2892 4988 τὴν
2910 4913 3140 4988 ἀρχαίαν
3177 4909 3255 4952 -ξ
3282 4911 3419 4988 cnd._
3451 4909 3576 4988 Vat.

2002 4987 2124 5044 649.
2154 4980 2396 5056 cipiain
2434 5015 2498 5026 ——
2523 4980 3180 5056 opvﬁtlstav,'eicqﬂoaro
3200 4980 3578 5056 Δἰτίολιίιτείειν-’τὺ

2003 5052 2349 5124 Εὐαγγέλὶον,
2395 5059 2507 5118 ὅτι,
2538 5055 2583 5109 ὦ
2632 5052 2929 5124 σοφώτατε,
2959 5052 3299 5115 ’κινδυνεύεις
3335 5052 3576 5124 ἀγνοεῖν,

2003 5128 2084 5198 ὃτι
2269 5127 2512 5198 πονηρὰν
2553 5121 2835 5198 συνήθειαν
2881 5124 3135 5194 καινότης
3187 5123 3321 5194 μόνη
3376 5121 3579 5173 παύειν

2007 5197 2243 5265 πέφυκε.
2271 5196 2462 5261 Διὸ,’κ.
2497 5213 2548 5249 τ.
2575 5197 2625 5250 λ.

2079 5265 2631 5338 (olm-".8945:
2799 5335 2836 5338 _
2947 5332 3054 5338 _-
3196 5331 3264 5338 _.
3416 5324 3538 5338 ...

2102 5327 2155 5405 7t)
2187 5336 2304 5392 Lib.
2334 5327 2395 5400 tl,
2420 5327 2506 5405 ei).
2534 5336 2640 5392 228
2671 5352 2684 5388 :
2715 5364 2780 5376 —
2798 5333 2978 5405 Σεμνὴ
2997 5332 3105 5404 γὰρ
3126 5332 3219 5386 καὶ
3242 5327 3441 5405 ἧπαρ-ὰ
3466 5327 3582 5382 τῶν

2075 5343 2155 5459 δὴ)
2187 5343 2304 5392 Lib.
2334 5350 2395 5400 ιι,
2420 5352 2506 5405 ep.
2534 5343 2640 5392 228
2671 5352 2684 5388 :
2715 5364 2780 5376 —
2798 5343 2978 5404 Σεμνὴ
2997 5343 3105 5404 γὰρ
3126 5343 3219 5386 καὶ
3242 5343 3274 5400 η
3291 5343 3441 5407 παρα
3466 5343 3579 5382 των

2008 5406 2072 5476 ἐχ
2110 5405 2218 5476 ρῶν
2256 5405 2552 5476 μαρτυρία.
2583 5420 2808 5476 -ςίιμιω
2838 5404 3004 5476 verba
3048 5398 3456 5460 recurrunthb.
3487 5411 3579 5463 ω,

2011 5423 2218 5476 εχυρων
2256 5423 2552 5529 μαὲτυρια.
2583 5435 2655 5445 --
2687 5423 2808 5474 qua:
2838 5423 3004 5458 verna
3048 5423 3456 5460 recurruntnu.
3487 5423 3579 5463 ω,

2011 5475 2267 5547 θρεόξὸ,
2296 5475 2329 5529 li
2375 5513 2389 5529 .
2419 5491 2491 5539 tv,
2517 5491 2605 5547 ep.
2624 5475 2752 5547 225,
2782 5483 2837 5532 et
2863 5473 3014 5531 alibi.
3585 5514 3590 5518 -

2086 5515 2100 5528 .
2134 5491 2267 5542 eos;
2296 5491 2389 5529 nn.
2419 5491 2491 5539 ιν,
2517 5491 2544 5529 c
2589 5515 2602 5528 .
2624 5491 2670 5528 τι

2086 5546 2148 5617 (ί)
2189 5545 2305 5601 Lib.
2335 5561 2394 5616 ιι,
2427 5561 2515 5616 ep.
2549 5491 2670 5602 I146.
