3890 6134
259 214 324 275 89
1529 224 1820 288 ISIDORI
1859 230 2258 294 DOCTRINA.
3437 242 3508 305 90

259 323 526 390 Aristidis,
555 320 944 394 Epaminondae
966 366 981 391 ,
1009 325 1208 393 Cratis,
1248 327 1558 399 Phocionis,
1589 335 1828 392 Platonis
1855 341 1903 397 Α
1927 341 2170 396 minibus
2216 341 2597 398 demandatam
2619 382 2634 408 ,
2689 342 2841 399 brevi
2890 345 3150 415 temporis
3181 347 3358 416 spatio
3401 349 3507 406 late

256 417 590 485 aliorumque
611 419 994 474 auctoritatem
1023 420 1266 489 opponit.

323 506 498 560 Simili
545 507 706 562 modo
757 518 946 564 contra
991 525 1087 566 eos
1129 511 1272 581 agit,
1320 514 1413 582 qui
1459 517 1828 584 apostolorum

256 597 558 653 doctrinam
601 612 714 652 non
756 600 994 655 divinam
1033 617 1155 658 esse
1201 619 1267 658 ex
1299 606 1448 660 tenui
1500 608 1712 663 illorum
1742 626 1832 681 ge-

256 705 380 743 nere
402 689 681 745 scribendi
709 689 1061 761 collegerunt.
1102 691 1167 746 lli
1195 694 1363 760 enim,
1386 695 1455 750 de
1488 696 1678 753 lsidori
1705 715 1831 755 sen-

260 780 440 844 tentia,
465 795 593 833 cnm
640 780 980 850 philosophis
1008 790 1064 837 et
1109 784 1317 853 poetis,
1357 787 1554 854 quibus
1598 790 1831 846 maxima

255 864 394 932 apud
439 863 660 918 Graecos
689 863 857 933 gloria
890 873 972 919 est
999 874 1053 920 et
1083 869 1396 932 auctoritas,
1433 870 1658 926 minime
1682 888 1824 926 con-

257 954 538 1019 sentiunt;
582 968 706 1008 cum
754 953 1004 1008 Socrates
1041 957 1185 1025 apud
1230 957 1510 1014 Platonem
1552 972 1826 1031 comptam

255 1044 554 1097 orationem
606 1043 932 1114 phi1050pho
977 1045 1251 1117 indignam
1298 1065 1421 1104 esse
1475 1063 1734 1118 censeat,
1777 1064 1833 1109 et

256 1133 524 1189 llomerus
551 1144 710 1204 poeta
733 1135 949 1190 divinus
972 1153 1075 1191 non
1096 1153 1218 1192 esse
1238 1155 1464 1195 necesse
1488 1142 1747 1210 declaret,
1772 1155 1833 1201 ut

254 1242 435 1280 rerum
465 1227 776 1281 divinarum
806 1227 1054 1282 doctores
1081 1229 1165 1281 vel
1200 1229 1296 1283 viri
1319 1231 1549 1301 alicujus
1577 1234 1832 1304 discipuli

253 1317 381 1382 sint,
403 1317 489 1371 vel
525 1318 821 1371 humanam
844 1319 1112 1390 cognitam
1143 1319 1376 1376 habeant
1394 1323 1711 1392 sapientiam
1729 1325 1828 1396 (α).

322 1425 430 1480 Sed
459 1426 555 1495 qui
581 1442 692 1480 non
725 1436 834 1481 tam
868 1435 1055 1483 contra
1084 1429 1472 1486 celeberrimos
1505 1444 1676 1502 agunt
1704 1451 1835 1504 poe—

257 1529 335 1574 tas
383 1527 441 1574 et
483 1519 877 1588 philosophos,
923 1535 1084 1589 quam
1136 1532 1325 1576 contra
1367 1537 1488 1577 sese
1539 1523 1836 1594 loquuntur

255 1615 389 1686 ipsi,
438 1615 564 1684 jure
599 1615 916 1670 deridentur
955 1616 1025 1670 ab
1052 1617 1327 1672 omnibus.
1371 1617 1450 1672 lta
1499 1619 1557 1673 in
1600 1620 1828 1689 epistola

256 1708 323 1762 ad
373 1706 750 1776 x’Esculapium
795 1706 1090 1775 sophistam
1122 1708 1195 1778 (b)
1242 1719 1428 1764 narrat
1470 1708 1739 1774 Isidorus.
1771 1727 1829 1766 se

255 1797 548 1868 aliquando
595 1811 718 1851 cum
769 1797 1096 1866 philosopho
1145 1799 1364 1867 Graeco,
1420 1817 1666 1872 magnam
1714 1805 1828 1858 elo-

254 1885 492 1954 quentiae
538 1884 765 1967 gloriam
798 1885 1024 1954 adepto,
1062 1886 1252 1943 iniisse
1283 1899 1596 1956 certamen;
1629 1908 1828 1962 seque,

257 1992 378 2031 cum
409 1975 501 2030 ille
529 1975 684 2044 plura
712 1974 780 2029 de
804 1974 932 2029 Iesu
961 1975 1167 2030 Christi
1210 1981 1538 2036 cruciatibus
1567 1991 1624 2037 et
1655 1994 1831 2038 morte

256 2067 431 2136 palam
452 2065 700 2130 dixisset,
731 2065 1139 2136 orationemque
1168 2067 1313 2122 illius
1343 2085 1566 2141 magnus
1588 2072 1831 2127 omnium

256 2165 588 2213 consecutus
617 2165 762 2212 esset
801 2157 961 2222 risus,
997 2157 1239 2212 modeste
1271 2169 1325 2214 et
1367 2162 1652 2230 tranquille
1682 2179 1832 2232 quae-

258 2249 451 2303 sivisse
495 2264 565 2303 ex
595 2264 696 2313 eo,
746 2263 853 2315 quo
899 2250 1061 2303 modo
1091 2249 1276 2303 Iesum
1322 2266 1512 2306 revera
1558 2264 1831 2308 mortuum

258 2339 515 2407 crucique
546 2352 668 2394 esse
711 2337 929 2392 allixum
972 2349 1156 2408 posset
1185 2343 1435 2409 probare.
1477 2342 1616 2397 Tum
1647 2344 1736 2398 ille
1774 2345 1830 2399 in

260 2429 570 2500 Evangeliis
609 2429 874 2499 scriptum
906 2445 1024 2486 esse
1054 2433 1370 2502 respondit,
1403 2433 1584 2505 itaque
1619 2436 1832 2492 illorum

259 2522 474 2593 agnovit
514 2522 917 2576 auctoritatem.
945 2522 1014 2576 At
1042 2523 1146 2578 hoc
1191 2539 1290 2595 ego
1324 2525 1398 2578 illi
1430 2526 1612 2581 statim
1661 2543 1834 2597 oppo-

260 2619 453 2672 nebam
480 2657 496 2681 ,
539 2617 594 2670 in
631 2616 822 2671 iisdem
871 2616 1327 2672 resurrectionem
1361 2636 1575 2690 quoque
1619 2621 1833 2676 Domini

260 2709 430 2764 nostri
476 2708 606 2764 Iesu
633 2708 835 2763 Christi
880 2708 1133 2764 traditam
1179 2724 1318 2772 esse,
1358 2711 1581 2781 ejusque
1621 2712 1690 2765 ad
1739 2711 1836 2765 Pa-

263 2809 396 2855 trem
426 2801 685 2855 reditum.
713 2799 870 2865 Quod
900 2799 947 2854 si
973 2799 1320 2870 evangelistis
1345 2800 1502 2855 [idem
1533 2802 1835 2856 habendam

261 2902 382 2945 esse
419 2904 636 2956 censes,
666 2899 727 2944 ut
769 2897 928 2944 antea
960 2890 1221 2944 censuisti
1246 2929 1260 2952 ,
1294 2891 1340 2944 si
1367 2890 1642 2946 Christum
1693 2907 1838 2946 mor-

1932 441 2300 502 propagatam,
2326 433 2616 502 multisque
2645 443 2802 488 antea
2832 435 3175 490 ethnicorum
3203 438 3306 493 fide
3330 439 3508 494 imbu-

1934 521 2001 574 tis
2023 520 2101 590 (ά)
2141 536 2261 576 esse
2288 532 2586 591 acceptam.
2624 522 2761 576 Hinc
2789 524 2918 578 solis
2944 523 3064 579 luce
3110 525 3308 580 clarius
3338 542 3506 596 appa-

1935 623 2053 663 rere
2074 609 2314 664 cmlestia
2339 611 2704 680 apostolorum
2725 611 2995 681 dogmata,
3021 612 3281 682 majorem
3306 614 3508 669 habere

1933 699 1988 752 in
2022 701 2330 754 mortalium
2360 701 2570 756 animos
2597 701 2702 754 vim
2732 710 2787 756 et
2810 701 3132 768 ellicaciam,
3162 717 3326 771 quam
3352 703 3504 758 Grat-

1933 805 2122 844 corum
2169 791 2237 846 de
2278 791 2382 846 diis
2406 791 2634 846 fabulas.
2685 793 2816 858 Quae
2841 808 2964 847 cum
3005 793 3076 846 ita
3115 795 3242 862 sint,
3275 795 3508 850 miratur

1932 879 2170 935 Isidorus
2197 879 2290 952 (ε),
2326 883 2418 950 qui
2451 881 2562 947 ﬁat,
2601 884 2745 951 quod
2784 899 2890 937 non
2921 885 3095 939 solum
3122 889 3304 952 rudes,
3335 889 3507 960 ignari

1933 981 1989 1026 et
2041 973 2270 1042 impoliti
2331 975 2671 1046 polytheismi
2715 976 3060 1042 defensores,
3105 995 3295 1034 verum
3339 982 3506 1038 etiam

1933 1063 2240 1132 philosophi
2273 1064 2472 1134 alioqui
2522 1066 2815 1134 prudentes
2853 1075 2909 1120 et
2955 1082 3178 1137 sagaces
3213 1083 3322 1123 non
3375 1085 3506 1126 sen-

1935 1155 2068 1210 tiant
2103 1170 2162 1210 se
2194 1154 2378 1209 Iesum
2427 1155 2730 1221 Christum,
2759 1158 3053 1226 apostolos,
3087 1174 3385 1230 eorumque
3411 1163 3508 1216 do-

1933 1242 2161 1296 ctrinam
2192 1242 2479 1297 irridentes
2498 1245 2821 1312 semetipsos
2846 1246 3048 1300 habere
3075 1247 3330 1304 ludibrio.
3371 1248 3506 1306 Nam

1935 1333 2279 1390 Servatorem
2315 1344 2560 1390 nostrum
2602 1335 2749 1390 cruci
2791 1335 3009 1391 alIixum
3049 1349 3504 1410 contemnentes,

1935 1425 2192 1489 fatentur,
2225 1441 2284 1481 se
2307 1426 2374 1481 ab
2403 1426 2626 1481 homine
2655 1435 2972 1497 contemptu
3013 1430 3176 1500 digno
3205 1431 3378 1486 victos
3397 1471 3411 1496 ,
3450 1440 3507 1487 et

1935 1517 2071 1572 adeo
2105 1525 2421 1587 contemptu
2467 1532 2590 1572 esse
2625 1518 2934 1588 digniores,
2977 1521 3343 1588 apostolorum
3375 1538 3506 1576 vero

1937 1601 2205 1656 inscitiam
2268 1603 2604 1672 gravissimis
2651 1605 2834 1660 verbis
2884 1608 3347 1676 reprehendentes
3402 1611 3506 1665 sibi

1929 1686 2260 1756 exprobrant
2301 1690 2606 1744 vecordiam
2632 1728 2648 1753 ,
2674 1706 2797 1746 cum
2838 1708 2868 1747 a
2900 1695 3126 1750 rudibus
3152 1696 3282 1751 viris
3325 1712 3384 1751 se
3413 1712 3506 1752 su-

1931 1789 2150 1847 peratos
2175 1794 2294 1834 esse
2326 1782 2630 1836 concedant
2667 1798 2890 1838 necesse
2927 1785 3014 1839 sit.
3046 1814 3117 1824 -—
3157 1784 3214 1840 Si
3257 1801 3412 1853 vero,
3446 1795 3506 1842 ut

1931 1868 2124 1939 pergit,
2152 1869 2518 1938 petulantibus
2542 1868 2671 1925 Iesu
2696 1871 2896 1928 Christi
2921 1874 3204 1928 cachinnis
3226 1874 3506 1944 excipiunt

1932 1959 2273 2029 sepulcrum,
2309 1961 2538 2015 illustria
2581 1962 2822 2031 ipsorum
2859 1965 3054 2032 templa
3094 1965 3330 2019 reddunt
3371 1965 3506 2020 ridi-

1931 2052 2074 2117 cula,
2097 2051 2296 2122 quippe
2321 2069 2440 2122 quae
2465 2053 2646 2108 deriso
2674 2055 2743 2109 ab
2781 2055 2909 2124 ipsis
2935 2057 3202 2110 cesserint
3229 2058 3502 2126 sepulcro.

1934 2140 1993 2196 Si
2015 2143 2246 2212 denique
2274 2142 2619 2214 Evangelium
2649 2153 2707 2199 ut
2734 2161 2844 2199 rem
2873 2146 3030 2200 vilem
3061 2147 3331 2216 rejiciunt,
3354 2147 3508 2215 quiil-

1931 2234 2060 2303 quid
2106 2234 2248 2303 apud
2288 2250 2384 2289 eos
2426 2236 2633 2290 illustre
2675 2245 2756 2290 est
2795 2244 2850 2290 et
2896 2237 3214 2305 praeclarum
3257 2238 3507 2292 derident

1933 2323 2034 2392 ipsi
2057 2363 2072 2387 ,
2101 2324 2358 2393 quoniam
2385 2341 2564 2380 rerum
2593 2327 2780 2381 vilium
2807 2339 3016 2383 natura:
3038 2329 3406 2383 succubuerit.
3433 2355 3508 2370 --

1933 2413 2057 2468 llzec
2090 2415 2370 2470 hactenus.

2007 2567 2034 2638 §
2093 2568 2146 2622 2.
2185 2568 2261 2622 De
2298 2568 2487 2623 Isidort'
2516 2585 2631 2624 cum
2652 2570 2850 2625 Judazis
2877 2571 3172 2626 altercandi
3198 2580 3422 2626 ratione:

2004 2721 2469 2787 Quemadmodum
2501 2723 2741 2781 Isidorus
2790 2727 3026 2783 ethnicis
3070 2726 3380 2798 phiIOSOphi
3424 2728 3511 2782 vel

1937 2823 2109 2883 poetae
2139 2815 2417 2882 cujusdam
2458 2816 2834 2871 auctoritatem
2868 2817 3270 2888 proferentibus
3295 2818 3510 2886 aliquod

1937 2913 2032 2956 aut
2051 2902 2295 2971 ejusdem
2327 2913 2421 2957 aut
2449 2905 2587 2959 alius
2610 2907 2891 2975 scriptoris
2911 2908 3140 2976 Opponit
3166 2906 3410 2970 effatum,
3437 2907 3510 2960 ita

265 2991 414 3034 tuum
441 2995 562 3034 esse
591 2980 771 3035 credis
791 3019 806 3044 ,
842 2989 896 3035 te
933 2979 1177 3048 ejusdem
1215 2988 1271 3034 et
1301 2981 1754 3038 resurrectionem
1785 2991 1837 3037 et

1942 3001 2127 3048 contra
2156 2995 2373 3050 Iudaeos
2414 2997 2792 3066 disputaturus
2831 3013 2940 3052 non
2974 2998 3149 3051 solum
3183 2996 3376 3052 Vetere
3402 2997 3443 3050 T
3482 3026 3509 3037 -

267 3072 333 3128 ad
362 3070 576 3126 Patrem
607 3071 841 3126 reditum
867 3071 1089 3126 credere
1117 3081 1351 3141 oportet.

338 3184 583 3254 Denique
617 3182 854 3237 ethnicis
901 3183 1176 3254 religionis
1222 3182 1544 3238 Christiana:
1575 3193 1842 3254 praestan-

269 3272 394 3329 tiam
421 3276 751 3345 probaturus
780 3282 1098 3344 argnmento
1121 3276 1294 3329 utitur
1318 3275 1597 3329 historico.
1628 3276 1840 3330 Etenim

271 3379 336 3423 ex
389 3367 454 3422 iis
501 3383 623 3436 quae
647 3367 760 3436 jam
808 3366 1106 3430 evenerint,
1153 3367 1357 3436 majora
1402 3365 1635 3436 perspici
1678 3367 1841 3422 licere

271 3459 548 3514 contendit
575 3456 674 3527 (c),
722 3457 1058 3526 allirmatque
1101 3456 1409 3511 Graecorum
1438 3457 1841 3526 philosophiam
1887 3483 1892 3488 -

272 3545 605 3615 deorumque
646 3545 852 3600 cultum
895 3561 925 3600 a
975 3545 1332 3614 prudentibus
1378 3547 1658 3616 doctisque
1709 3547 1840 3602 viris

275 3636 552 3692 defensum
596 3646 651 3693 et
697 3637 1165 3702 commendatmn,
1199 3637 1324 3692 inde
1351 3637 1418 3691 ab
1447 3637 1838 3707 antiquissimis

275 3729 607 3798 temporibus
635 3727 890 3782 traditum
919 3728 1259 3792 hominibus,
1289 3738 1453 3798 atque
1480 3728 1842 3784 inveteratum

274 3819 466 3888 Opibus
495 3819 771 3888 armisque
802 3826 1074 3888 potentem
1099 3861 1114 3884 ,
1141 3819 1311 3888 magis
1335 3820 1613 3890 magisque
1641 3835 1706 3874 ex
1730 3820 1848 3873 ani-

273 3911 376 3966 mis
422 3912 733 3966 mortalium
776 3911 1039 3966 removeri
1082 3920 1135 3966 et
1174 3911 1375 3976 deleri,
1410 3911 1844 3966 Christianorum

272 4016 405 4060 vero
430 4003 736 4059 doctrinam
759 4003 1000 4073 plebeiis,
1032 4002 1362 4072 pauperibus
1388 4010 1444 4058 et
1481 4003 1710 4074 ahjectis
1743 4003 1845 4058 ho-

345 4218 423 4288 ta)
449 4220 568 4274 Lib.
602 4235 678 4285 iv,
707 4234 792 4288 ep.
829 4219 918 4274 50.

369 4291 420 4354 ὁ)
449 4291 565 4345 Lib.
596 4307 671 4352 tv.
698 4306 783 4358 ep.
811 4291 900 4344 3|.

371 4360 418 4433 ⁸)
595 4377 635 4424 ι’
665 4375 752 4428 ep'

369 4431 424 4498 d)
607 4445 680 4492 tv,
706 4444 793 4502 ep.
823 4430 889 4482 76
919 4445 933 4481 :
959 4458 1028 4468 —
1057 4429 1218 4502 Πόσοι
1239 4430 1347 4502 γὰρ
1369 4428 1730 4502 Πιξθαγόρειοι
1755 4429 1842 4502 cd-

275 4515 380 4568 φου
409 4501 503 4552 καὶ
528 4499 829 4566 ὑπεροψίας
871 4499 1170 4567 πεφηνότες
1211 4499 1517 4554 διδάσκαλοι
1537 4542 1552 4565 ,
1589 4500 1841 4568 φοιτηταὶ

275 4569 535 4637 γεγόνασι
562 4570 657 4622 τοῦ
687 4569 846 4639 λόγου
870 4585 885 4632 ;
915 4569 1070 4639 πόσοι
1089 4570 1143 4622 δὲ
1165 4571 1517 4634 Πλατωνικοὶ,
1549 4569 1645 4639 τὴν
1672 4571 1842 4639 ὀφρὺν

274 4639 394 4718 τὴν.
426 4639 540 4718 ἀπδξ
575 4640 674 4718 τῇς
698 4638 1052 4718 Ξαλλεεπείας
1083 4639 1527 4718 καγασπᾴπαντες
1549 4638 1714 4718 nimo
1744 4638 1842 4718 τὴγ

281 4708 438 4761 σκιὰν
481 4707 649 4761 αὐτοῦ
698 4707 1052 4777 ἱδρύξθησαῊ
1105 4710 1258 4762 πόσοι
1305 4709 1718 4777 Ἀριστοτελικοὶ
1751 4709 1844 4762 καὶ

281 4777 527 4840 Στωϊκοὶ,
559 4778 678 4848 τὴν,
700 4773 786 4843 ἐφ’
819 4773 1283 4848 ἦς’ὲσξμνύνοντο,
1318 4773 1504 4848 σόφζαν
1539 4779 1844 4847 ἀτιμάσαν-

279 4862 392 4908 τες,
420 4846 712 4926 must-qst
741 4850 798 4900 ἐν
830 4846 941 4909 τοῖς
969 4847 1228 4916 ὑπηκόοις
1256 4846 1540 4918 τετάχθαι;

354 4919 422 4980 (ε)
459 4917 578 4970 Lib.
606 4934 681 4976 tv.
721 4932 808 4980 ep.
843 4916 933 4969 27.

377 4932 422 4976 ε)
459 4932 578 4970 ιλιι).
606 4934 681 4976 ιν,
721 4932 808 4976 CD.
843 4932 933 4969 ΖΙ.

357 4933 422 4984 ιε)
459 4933 578 4970 ιλιι).
606 4934 681 4976 tv.
721 4933 808 4986 ep.
843 4933 933 4969 τι.

357 4987 417 5055 (1⁵)
453 4985 573 5040 Lib.
609 5004 684 5052 tv,
717 5003 804 5055 ep.
837 4987 988 5050 225.,
1023 4985 1079 5038 in
1117 5002 1223 5054 qua
1268 4985 1487 5054 Iosephi
1521 4985 1588 5040 de
1629 4984 1846 5040 Christo

283 5056 654 5124 testimonium
689 5086 759 5096 —
797 5055 1062 5110 Archa-ol.
1095 5055 1190 5110 lib.
1225 5071 1385 5118 xvm,
1417 5070 1536 5123 cap.
1567 5055 1620 5124 ὅτ
1653 5057 1749 5124 (4.)
1778 5084 1848 5095 —-

279 5123 371 5176 his
399 5127 576 5180 verbis
599 5125 1078 5194 comprehenditur
1119 5143 1132 5177 :
1165 5125 1372 5193 γίνεται
1398 5124 1455 5176 δὲ
1476 5154 1553 5194 _—-
1585 5123 1749 5193 νρδὴ
1777 5152 1848 5163 -—-

284 5195 406 5244 κατ’
438 5196 644 5246 ἐκεῖνον
677 5192 748 5233 -ἑ
782 5193 840 5245 V.
871 5196 938 5246 Η.
973 5194 1112 5245 κατὰ.
1137 5192 1322 5246 τοῦτον
1343 5223 1414 5232 -
1441 5192 1532 5246 τὸν
1560 5192 1747 5261 χρόνον
1779 5223 1850 5234 -

282 5263 408 5332 cod.
441 5262 558 5317 Vat.
589 5263 715 5318 650.
761 5263 1042 5332 xatpbv—
1084 5263 1308 5332 Ἰησοῦς,
1339 5263 1497 5329 σοφὸς
1527 5263 1684 5330 ἀνὴρ,
1733 5263 1846 5332 εἴγε

281 5331 448 5384 αὑτὸν
478 5332 735 5402 ἄνδρε-
777 5329 1042 5402 Ηξᾶνδρα
1086 5329 1246 5402 αὖτὺν
1285 5333 1542 5402 -λέγειγ
1574 5329 1847 5402 χρἡεἯν

282 5402 394 5470 γὰρ
429 5400 742 5472 nepa—56ng
775 5400 1207 5472 Egeria-10mm;
1231 5442 1246 5466 ,
1284 5400 1618 5472 διδάσκαλος
1639 5400 1848 5471 ἀνθρώ-

286 5469 541 5542 gave»
581 5472 741 5542 ἡδονῇ
772 5469 982 5542 τᾶλῃβῆ
1009 5469 1324 5542 ᾷεχὸέιέ-νῳγ.
1362 5470 1722 5542 Καὶῌπολλοίξς
1747 5469 1847 5540 μὲν

297 5537 614 5609 ξιουδαίουςζ
626 5537 856 5609 πιλλλοὺς
882 5537 1054 5609 Beata).
1069 5539 1160 5609 τρῦ
1174 5539 1499 5609 ,Ἐλληνςκοῦ
1517 5537 1843 5609 ὲπηγάγέτο.

300 5607 360 5661 '0
388 5609 623 5679 Χριστὸς
647 5604 804 5674 οὗτος
825 5605 917 5682 ἦν.
938 5605 1050 5660 Καὶ
1074 5607 1226 5662 αὑτὸν
1253 5604 1465 5674 ὲνδὲίξει
1487 5609 1593 5664 τῶν
1610 5604 1846 5681 ’τὲρώτων

1945 3093 2235 3149 stamento,
2271 3100 2458 3138 verum
2485 3095 2541 3139 et
2577 3086 2821 3140 Philonis
2859 3099 2914 3141 et
2951 3085 3175 3155 Iosephi
3225 3086 3406 3149 dictis,
3455 3095 3516 3140 ut

1945 3177 2158 3231 illorum
2183 3177 2518 3247 objectiones
2540 3177 2757 3241 refutet,
2786 3178 2955 3232 utitur
2978 3193 3373 3248 saepenumero.
3403 3180 3513 3233 lta-

1945 3283 2050 3338 que
2075 3268 2289 3324 Judzeos
2316 3266 2445 3323 Iesu
2469 3268 2672 3323 Christi
2701 3269 3042 3324 divinitatem
3067 3281 3332 3340 negantes
3361 3271 3516 3325 rel‘el-

1945 3359 2008 3413 lit
2029 3361 2350 3414 auctoritate
2377 3359 2599 3429 Iosephi
2623 3359 2708 3430 (n,
2735 3361 2824 3430 qui
2851 3361 2951 3415 etsi
2985 3360 3282 3416 acerrimus
3297 3361 3513 3432 religio-

1950 3451 2034 3506 nis
2073 3451 2319 3506 Mosaicae
2355 3461 2746 3522 propugnator,
2794 3459 2850 3506 et
2879 3461 3134 3506 strenuus
3170 3452 3516 3521 pepulariunt

1947 3542 2108 3597 fuerit
2132 3543 2406 3606 defensor,
2435 3551 2614 3597 tamen
2641 3542 2884 3598 veritatis
2907 3557 3090 3597 amore
3119 3542 3316 3597 ductus
3352 3543 3517 3597 Chri-

1942 3647 2087 3691 stum
2131 3635 2391 3690 miracnla
2442 3635 2713 3699 edidisse,
2758 3650 2989 3703 eumque
3032 3634 3255 3688 humani
3301 3635 3517 3706 generis
3597 3667 3600 3669 λ

1943 3735 2332 3796 praeceptorem
2376 3726 2634 3781 divinitus
2670 3727 2898 3780 missum
2932 3724 3100 3780 fuisse
3148 3726 3512 3781 allirmaverit.

1943 3849 2014 3859 -
2057 3819 2363 3887 Eademque
2393 3820 2600 3874 ratione
2642 3819 2746 3871 alia
2778 3819 2831 3871 in
2863 3819 3094 3886 epistola
3133 3817 3206 3886 (g)
3235 3818 3516 3872 Philonem

1946 3909 2022 3980 τῷ
2049 3910 2205 3980 Λόγῳ
2232 3909 2468 3963 divinam
2511 3909 2769 3966 tribuisse
2813 3919 3059 3962 naturam
3106 3907 3516 3976 compluribus,

1947 4019 2067 4073 qua:
2096 4019 2162 4058 ex
2193 4003 2339 4059 illius
2362 4003 2575 4073 scriptis
2608 4003 2838 4073 repetita
2867 4010 3028 4068 sunt,
3063 4000 3386 4056 testimoniis
3421 4015 3518 4056 co-

1951 4222 2158 4306 ἀγδρῷν
2187 4222 2316 4306 παρ’
2351 4222 2489 4306 ἡμῖν.
2510 4220 3207 4306 στρυρῷθὲπιτετιμῖηςότοξ
3245 4217 3476 4306 Hild-Eoo
3497 4259 3514 4284 ,

1880 4304 1922 4362 ι)
1951 4288 2063 4344 οὐχ’
2095 4288 2402 4346 ὲπαύσξιντό
2443 4293 2492 4343 οἱ
2536 4290 2596 4342 τὸ
2647 4288 2862 4362 ίπρῴτφν
2903 4288 3087 4362 ..ς-Η,
3142 4290 3256 4362 ρῖγε
3300 4288 3522 4362 πρῴτογ

1950 4362 2110 4414 αὑτὸν
2143 4389 2215 4402 —-
2244 4362 2642 4430 ἀγαπήσαντες.
2698 4359 2913 4430 Ἐφάγηγ
2947 4359 3056 4428 γὰρ
3099 4361 3281 4430 αὐτοῖς
3330 4359 3524 4430 τρίξην

1947 4431 2084 4499 ἔχων
2111 4427 2322 4500 ἡμέραν
2357 4427 2520 4485 πάλιν
2542 4429 2672 4492 ζῶν,
2703 4429 2810 4500 τῷν
2835 4427 3312 4500 θείωνγπροφητῶν
3346 4427 3521 4481 ταῦτά

1946 4518 2005 4553 τε
2033 4499 2165 4570 περῖ
2205 4499 2463 4563 αὑτοῦ-
2493 4515 2612 4570 quae
2655 4499 2816 4570 verba
2865 4500 2934 4570 ab
2979 4499 3523 4570 H.7ponuntur_ante

1947 4566 2247 4647 ςξρηκὸῖων
2273 4597 2338 4608 --
2371 4566 2833 4647 κᾳὶνᾷλλαηξξρρξς
2879 4566 3155 4647 {iaspidas}
3193 4566 3515 4647 εἱρῃκὸςειιὲν.

1952 4632 2468 4692 Ἴδέτοίνυν-οοίὶ.
2485 4639 2602 4693 Vat.
2629 4632 2753 4692 65οξ
2772 4632 2851 4699 εἷς
2875 4637 2928 4689 δὲ
2945 4632 3052 4689 τῶν
3078 4632 3324 4690 νῦν...Ἠ”.
3346 4636 3424 4695 εἰς
3441 4633 3522 4686 ἔτι

1948 4708 2042 4779 νῦν
2059 4738 2130 4752 --
2147 4709 2255 4762 τῶν
2283 4707 2772 4779 Xptagtavrbv,_dt1§§
2796 4706 2948 4779 Ἑρῢδε
2973 4703 3525 4779 ᾠνομασμὲγωνι-οὑκ

1949 4778 2160 4843 ἐξέλιπε
2185 4807 2250 4817 --
2271 4771 2391 4832 cod.
2420 4775 2538 4830 Vat.
2569 4776 2690 4830 650.
2721 4775 2781 4828 V.
2809 4776 2873 4828 Η.
2899 4771 3123 4827 ὲπὲλιτὲε
3148 4771 3217 4814 -ὲ
3250 4771 3519 4843 απὸ-φῦλον.

1948 4841 2120 4912 Quam
2152 4848 2456 4903 notavimus
2483 4847 2657 4898 littera
2701 4844 2742 4897 ll
2788 4846 3143 4912 scripturam,
3171 4841 3523 4912 ea‘mllaver-

1947 4909 2194 4986 campius
2241 4917 2295 4970 in
2347 4932 2444 4970 sua
2487 4915 2708 4982 Iosephi
2755 4909 3146 4986 antiquitatum
3181 4909 3418 4986 editione
3452 4911 3520 4963 'in

1951 4980 2156 5041 textum
2204 4988 2440 5058 recepit;
2477 4980 2771 5058 quan—vero
2800 4985 2992 5058 littera
3024 4980 3087 5035 V.
3135 4980 3388 5058 insignita
3423 4990 3518 5058 est

1948 5071 2068 5109 eam
2111 5072 2173 5110 ex
2223 5051 2507 5110 collatione
2553 5053 2755 5106 codicis
2800 5051 3238 5105 Vindobonensis
3271 5051 3519 5116 repetivi-

1951 5141 2070 5179 mus
2098 5141 2256 5195 quam
2291 5122 2816 5195 instituitiliollarius
2859 5121 3036 5195 insita
3064 5119 3336 5195 Lambecii
3365 5134 3517 5170 com—

1948 5187 2336 5248 mentariorum
2367 5195 2434 5248 de
2476 5193 2609 5246 bibl.
2655 5190 2810 5245 Vind.
2842 5191 3096 5246 editione.
3120 5191 3204 5244 Cf.
3245 5187 3362 5241 Lib.
3396 5203 3515 5249 vm,

2033 5267 2223 5317 91-229..

2301 5349 2360 5392 ll.
2402 5347 2489 5400 ep.
2656 5349 2670 5384 :
2697 5361 2766 5403 έ-
2921 5330 3016 5403 agat
3042 5329 3292 5403 Φίλῳγα,
3342 5323 3519 5376 καίτοι

1963 5393 2208 5456 Ἰοῖἶδαίον
2245 5403 2372 5454 ὄντα
2406 5393 2496 5454 κᾶὶ
2531 5402 2795 5472 ζηλωτὴν,
2827 5401 2894 5452 δι’
2927 5393 3350 5472 ὧνᾼὰπρλέλοιτῖε
3382 5408 3514 5472 αρχ-

1951 5473 2288 5552 γραξεμάτωγ
2317 5461 2865 5552 ᾲπομαχῆὰαςοάιτῇ
2891 5470 3068 5539 οἰκείᾳ
3100 5463 3385 5537 Θρησκείᾳ.
3417 5461 3522 5516 Ba-

1956 5541 2183 5606 σανίςων
2210 5541 2352 5612 γὰρ’,
2383 5559 2436 5596 κ.
2472 5558 2523 5596 τ.
2561 5541 2608 5597 λ.
