3890 6134
290 156 362 220 95
1387 157 1981 224 COMMENTATION
1987 165 2058 226 IS
2092 167 2283 230 PARS
2314 171 2428 230 III.
3485 169 3558 232 5‘6

291 269 677 335 interpretatus
709 273 813 320 est.
843 265 1032 335 Itaque
1071 263 1297 320 Paulum
1333 267 1422 320 τὸν
1453 267 1578 321 Υῑὸν
1605 268 1700 322 τοῦ
1731 269 1865 324 Θεοῦ

1988 293 2114 342 nus,
2147 281 2294 350 quod
2332 281 2387 335 in
2418 281 2607 336 eadem
2643 281 2897 352 epistola,
2932 279 2987 335 in
3019 296 3125 350 qua
3159 296 3387 336 aureum
3429 281 3562 337 illud

292 371 405 412 non
459 356 800 428 πρωτότοκον
855 357 1030 426 primo
1089 364 1353 416 creatum,
1395 357 1491 411 sed
1523 359 1869 427 πρωτοτόκον

295 450 530 518 primum
579 455 855 503 creantem
897 448 1202 517 appellasse
1241 447 1429 502 statuit
1460 448 1562 519 (a),
1590 458 1646 504 et
1682 449 1869 506 Iesum

297 540 578 594 Christum
643 538 857 593 Patrem
910 555 969 593 se
1001 539 1260 608 majorem
1316 539 1437 594 ideo
1485 541 1870 610 pronuntiasse

293 629 542 691 allirmat,
577 639 638 683 ut
669 630 943 697 apostolos
994 637 1142 684 metu
1182 628 1458 685 conlectos
1502 639 1557 686 et
1593 647 1737 702 pene
1769 648 1869 688 ex-

293 721 518 776 stinctos
551 719 924 774 consolaretur
960 720 1054 790 (b).

885 830 1117 889 CAPUT
1167 832 1258 888 III.

487 961 725 1003 ISIDORUS
762 961 1026 1002 LIBRORUM
1051 962 1323 1004 SACRORUI
1357 963 1672 1005 ιΝτεΙινιιεε.

364 1077 625 1134 Isidorum
653 1079 720 1134 de
762 1096 870 1134 uno
909 1088 964 1134 et
997 1079 1170 1135 altero
1201 1079 1499 1134 Bibliorum
1529 1080 1667 1135 libro
1713 1095 1867 1135 com-

294 1168 618 1222 mentarium
639 1185 746 1223 non
765 1169 1085 1235 confecisse,
1106 1180 1319 1226 constat
1357 1187 1422 1226 ex
1446 1172 1533 1234 iis,
1554 1187 1672 1241 quae
1691 1173 1758 1226 de
1781 1173 1870 1227 de-

295 1259 514 1327 perditis
539 1269 592 1313 et
614 1261 995 1328 superstitibus
1016 1261 1260 1330 ejusdem
1283 1262 1500 1332 scriptis
1524 1272 1676 1332 parte
1707 1263 1869 1332 hujus

293 1351 768 1406 commentationis
797 1352 1035 1407 secunda
1064 1352 1330 1419 diximus;
1354 1354 1606 1408 eumdem
1630 1369 1760 1408 vero
1781 1353 1866 1407 in-

293 1442 626 1510 terpretandi
657 1458 858 1512 munus
888 1443 1072 1498 multis
1101 1444 1157 1496 in
1188 1444 1434 1514 epistolis
1458 1444 1761 1515 suscepisse
1782 1446 1868 1500 vel

291 1548 359 1586 ex
407 1531 523 1602 ipso
566 1532 1014 1588 Rittershusianze
1059 1533 1315 1589 editionis
1367 1535 1523 1590 titulo
1568 1543 1724 1606 potes
1775 1552 1867 1591 co-

1981 371 2235 440 repetivit
2281 383 2635 444 praaceptum,
2673 374 2730 428 in
2787 374 2978 428 vitium
3029 373 3192 429 modo
3238 375 3439 429 acriter
3494 375 3565 430 ab

1977 462 2097 532 ipso
2127 465 2514 534 vituperatum,
2561 465 2678 535 ipse
2722 465 3037 520 incurrerit.
3077 465 3292 520 Etenim
3340 466 3559 533 Isaiam,

1976 555 2044 610 de
2088 557 2426 624 cauponibus
2458 557 2643 613 vinum
2693 573 2835 628 aqua
2885 557 3238 613 miscentibus
3279 567 3559 628 agentem,

1975 643 2044 700 de
2095 645 2252 700 malis
2283 646 2673 718 interpretibus
2719 659 2774 704 et
2817 646 3092 718 Evangelii
3143 649 3564 719 corruptoribus

1975 737 2216 793 locutum
2269 754 2389 795 esse
2429 741 2662 797 aﬂirmat
2705 741 2794 811 (Γ).
2835 770 2905 782 -
2950 740 3138 811 Neque
3192 741 3296 795 sibi
3342 742 3566 794 videtur

1919 877 1929 883 .
1976 840 2246 895 constare,
2279 845 2403 885 cum
2445 839 2632 886 contra
2679 831 2916 897 Judaaos,
2953 841 3015 885 ut
3056 830 3293 885 secunda
3330 829 3558 886 secundi

1977 919 2170 989 capitis
2197 923 2536 992 paragrapho
2592 923 2844 987 vidimus,
2887 923 3231 992 allegoricam
3283 922 3560 991 interpre-

1977 1011 2127 1065 tandi
2166 1012 2433 1068 rationem
2466 1013 2773 1070 defenderit
2829 1029 3060 1082 eamque
3102 1013 3218 1082 ipse
3244 1012 3561 1068 adhibuerit

1975 1114 2369 1169 saepenumero.

2044 1189 2202 1255 Quod
2245 1197 2534 1260 antequam
2571 1191 2943 1260 compluribus
2977 1190 3223 1260 ejusdem
3253 1190 3357 1245 viri
3399 1190 3558 1247 dictis

1975 1279 2410 1349 comprobemus,
2444 1281 2618 1350 placet
2665 1281 2822 1335 nobis
2869 1280 3191 1351 gravissima
3240 1280 3558 1335 examinare

1974 1373 2240 1442 exempla,
2265 1372 2463 1441 quibus
2492 1371 2798 1427 Richardus
2833 1373 3020 1426 Simon
3051 1371 3151 1441 (g),
3186 1369 3456 1443 Dupinius
3479 1370 3554 1440 (Ιι)

1974 1473 2031 1517 et
2057 1462 2537 1517 Rosenmuellerus
2566 1463 2651 1534 (ἰ),
2689 1478 2815 1517 eum
2841 1465 3192 1532 interpretem
3225 1461 3394 1516 fuisse
3423 1463 3558 1517 satis

1972 1564 2189 1610 acutum
2221 1555 2448 1625 probare
2485 1555 2661 1609 conati
2701 1562 2846 1610 sunt.

295 1635 575 1720 εηρεοθτθο
637 1621 738 1677 CUI
793 1639 902 1694 (1υο
969 1623 1134 1720 Immo
1188 1624 1516 1681 εεῐίεῖεοθτίι
1574 1624 1866 1682 νίάεῐιάυῐιὶ
1897 1640 1940 1695 Β
2038 1621 2436 1711 Quam—Simon
2465 1647 2644 1714 primo
2690 1646 2811 1700 loco
2864 1643 3088 1714 protulit
3146 1643 3456 1712 epistolam,
3497 1642 3552 1697 in

294 1718 402 1767 cst.

368 1826 491 1897 Ipse
529 1837 710 1884 autem
754 1829 808 1884 in
851 1829 1046 1886 litteris
1074 1831 1142 1887 ad
1169 1831 1446 1888 Danielem
1497 1836 1875 1907 presbyterum

294 1915 439 1972 datis
491 1917 561 1988 (ο)
611 1919 871 1975 librorum
925 1936 1206 1977 sacrorum
1257 1923 1545 1993 interpreti
1609 1925 1878 1995 imprimis

296 2011 599 2066 cavendum
631 2025 751 2066 esse
793 2021 1000 2079 censet,
1047 2029 1118 2069 ne
1147 2029 1302 2068 suam
1346 2015 1617 2070 sentiendi
1647 2025 1702 2071 et
1729 2017 1877 2089 cogi-

301 2099 451 2152 tandi
485 2100 750 2156 rationem
782 2104 1065 2173 prophetis
1091 2113 1148 2159 et
1173 2107 1434 2176 apostolis
1464 2106 1686 2174 tribuat,
1716 2122 1872 2172 neve,

301 2195 360 2240 ut
394 2187 450 2240 in
489 2189 717 2258 epistola
758 2192 824 2246 ad
854 2193 1110 2247 Orionem
1145 2195 1353 2258 scribit,
1389 2195 1599 2266 singula
1645 2199 1878 2268 explicet

300 2277 487 2337 verba.
528 2280 624 2334 sed
671 2282 1060 2352 cogitationum
1115 2284 1372 2353 respiciat
1416 2301 1615 2341 nexum
1664 2288 1761 2357 (d).
1809 2315 1878 2330 -—

301 2368 447 2435 Quas
477 2371 873 2442 interpretandi
921 2373 1156 2446 regulas,
1184 2376 1308 2444 quis
1339 2385 1425 2431 est
1474 2377 1567 2446 qui
1609 2393 1717 2431 non
1749 2394 1878 2448 pro-

300 2464 427 2518 bet?
468 2480 647 2535 neque
696 2475 876 2521 tamen
924 2476 1033 2522 tam
1095 2468 1276 2538 magni
1326 2469 1584 2538 ponderis
1634 2484 1726 2525 eas
1777 2469 1877 2524 ba-

301 2556 533 2624 buerim,
562 2573 722 2627 quam
759 2559 875 2629 ipse
925 2559 1184 2626 Isidorus,
1229 2560 1323 2629 qui
1368 2562 1714 2631 interpretes,
1748 2577 1877 2632 pro—

302 2648 478 2718 priam
526 2665 680 2704 suam
732 2651 932 2720 cuique
982 2651 1349 2721 apostolorum
1397 2661 1455 2706 et
1491 2653 1877 2722 prophetarum

303 2739 450 2794 dicto
499 2741 851 2811 subjicientes
903 2742 1257 2807 sententiam,
1299 2741 1491 2796 vitium
1539 2743 1878 2797 committere

303 2831 619 2901 arbitratur,
649 2834 794 2903 quod
827 2850 989 2889 nemo
1028 2850 1284 2905 umquam
1317 2833 1423 2889 illis
1469 2834 1751 2906 ignoscere
1779 2833 1879 2888 de-

302 2923 430 2978 beat
473 2925 564 2995 (e).
609 2924 794 2996 Itaque
841 2941 944 2982 nos
993 2937 1182 2982 sancto
1212 2927 1330 2984 viro
1359 2927 1612 2983 lubenter
1643 2926 1878 2998 ignosci-

376 3121 451 3193 (α)
477 3120 594 3176 Lib.
630 3136 718 3193 ttt._
742 3135 832 3193 ep_.
854 3121 942 3178 51.
964 3121 1144 3178 Verbo
1167 3123 1507 3192 πρωτοτόκος
1523 3124 1664 3177 hanc
1693 3122 1870 3177 inesse
1898 3126 1941 3184 C

302 3190 582 3248 notiOnem
611 3200 666 3245 et
687 3190 881 3245 Suidas
899 3199 954 3245 et
982 3200 1138 3246 vetus
1163 3190 1229 3248 ad
1258 3194 1551 3247 Homerum
1585 3193 1871 3246 scholiasta

310 3262 571 3324 tradidit,
621 3270 760 3315 teste
805 3260 1048 3314 Suicero.
1084 3262 1151 3314 Et
1204 3273 1352 3316 recte
1397 3262 1635 3329 quidem.
1671 3262 1873 3314 Eadem

304 3333 451 3387 enim
499 3331 709 3400 ratione
742 3329 1108 3400 μητρόκτονος
1149 3343 1295 3385 recte
1341 3331 1807 3400 appellatur,_qui
1845 3346 1876 3383 a

308 3410 488 3456 matre
534 3398 986 3469 interfectus—rest,
1024 3401 1386 3469 μητροκτόνος
1417 3398 1547 3453 vero
1577 3399 1622 3454 is
1653 3398 1874 3460 dicitur,

306 3470 400 3541 qui
435 3479 678 3541 matrem
709 3468 1000 3541 interfecit.
1028 3468 1149 3524 Sed
1202 3471 1319 3541 haec
1357 3469 1876 3541 accen_tus__mutatio

306 3537 364 3595 iit
399 3541 490 3594 illo
535 3539 681 3592 Pauli
731 3539 878 3594 dicto
928 3539 1104 3593 locum
1144 3540 1345 3593 habere
1374 3538 1581 3606 nequit.
1616 3537 1751 3592 Nam
1782 3539 1875 3606 qui

307 3612 376 3666 de
407 3610 584 3680 primo
614 3609 804 3680 mundi
825 3618 1067 3680 creatore
1094 3610 1225 3678 agit,
1252 3623 1376 3662 eum
1403 3608 1640 3680 cogitare
1663 3617 1878 3680 oportet

308 3681 378 3735 de
407 3677 668 3734 'secundo
717 3679 950 3732 universi
983 3677 1260 3742 creatore;
1291 3694 1415 3733 cum
1459 3677 1552 3746 qui
1594 3677 1789 3731 unicus
1821 3677 1875 3730 in

309 3765 410 3805 suo
435 3758 514 3803 est
547 3764 762 3817 genere,
793 3748 998 3817 primus
1027 3749 1131 3805 dici
1165 3765 1272 3802 non
1303 3747 1493 3815 possit.

383 3819 458 3889 (θ)
493 3815 610 3889 Lib.
645 3835 724 3889 Ill,
759 3815 847 3887 ep.
873 3819 1008 3889 sat,
1050 3835 1104 3887 p.
1137 3819 1274 3889 586i,
1297 3819 1379 3872 lit.
1407 3817 1592 3889 A,_lin.
1628 3815 1681 3870 8.
1710 3845 1781 3855 —
1810 3815 1873 3889 os

309 3887 417 3960 γὰρ
445 3888 812 3960 διδασκαλίας,
835 3887 1342 3960 ἀλλὰ-παραμυθίας
1366 3917 1438 3960 τ
1461 3887 1718 3960 Sic_auct_.
1751 3887 1874 3941 cod.

310 3955 442 4013 Bay.
474 3959 818 4012 scribendum
845 3965 948 4011 est.
975 3955 1127 4025 Vulg.
1150 3955 1507 4028 ’παραμυθίας
1595 3955 1876 4028 -μένεκεγ

317 4030 495 4098 μόνης
529 4028 688 4098 τούτο
717 4031 930 4098 εἴρηται
960 4021 1431 4098 τοῖξάποστόλοις
1457 4021 1745 4098 τεθνῃκρσι
1792 4024 1870 4092 τῷ

311 4094 451 4160 δέει.
470 4097 545 4157 ὡς
568 4096 767 4150 αὐτίκα
804 4094 947 4166 μάλα
975 4097 1382 4166 ἁλασσομὲνοις.
1410 4126 1480 4136 -
1506 4094 1626 4166 cod.
1653 4094 1782 4166 Bav.
1812 4103 1869 4166 et

315 4167 592 4236 νιιῐηϐὕυ.
625 4163 985 4234 ἁλωσομένοις
1006 4195 1076 4208 -—
1093 4163 1194 4219 ἵνα
1210 4166 1481 4236 θαρροῖεν,
1521 4164 1597 4236 ᾡς
1615 4164 1764 4236 ξηρὸς
1782 4163 1874 4216 τὸν

313 4235 572 4291 δοκοῦντα
603 4237 784 4296 αὐτοῖς
811 4232 1052 4304 μείζονα,
1083 4232 1446 4304 πορευομένου
1477 4232 1664 4288 αὐτοῦ.

389 4308 486 4383 (ε).
514 4304 633 4363 Lib.
679 4302 880 4383 ttt,_cp_.
911 4307 1024 4383 29%1
1059 4322 1072 4357 :
1123 4302 1518 4383 '_l‘bv_).dpnpnic
1569 4302 1874 4383 {mo-pavo»;

319 4375 633 4436 ὑποθέσεως
653 4415 667 4437 ,
699 4374 794 4444 καὶ
817 4374 908 4426 τὸν
935 4374 1059 4444 νοῦν
1087 4375 1193 4425 τῶν
1229 4373 1388 4444 ἱερῶν
1415 4373 1660 4444 ῌΓραφῶν
1703 4374 1876 4444 ἑρμη-

317 4445 506 4500 νεῦσαι
551 4441 909 4563 πειρώμενον,
942 4443 1048 4513 χρὴ
1086 4445 1185 4510 τὴν
1209 4441 1307 4514 μὲν
1334 4442 1578 4510 γλῶτταν
1613 4441 1754 4512 ἔχειν
1777 4441 1875 4495 σε-
1909 4463 1954 4519 ι)

324 4517 461 4563 μνήν
495 4531 556 4563 τε
587 4530 650 4563 κα
706 4512 930 4563 τρανὴν.
963 4513 1058 4563 τὴν
1103 4512 1161 4563 δὲ
1209 4511 1432 4563 γνώμην
1469 4512 1664 4563 εὐσεϐῆ
1694 4529 1753 4563 τε
1785 4514 1878 4563 καὶ

323 4517 474 4585 μνήνί
495 4531 556 4566 τε
706 4512 1058 4585 τρανὴνςτὴν
1103 4512 1161 4585 δὲ
1209 4512 1432 4585 γνῴμην
1454 4512 1665 4585 εὐσεβῆ
1694 4529 1753 4565 τε
1785 4514 1878 4585 κα).

321 4581 492 4654 εὐαγῆ
513 4599 525 4611 ·
561 4581 875 4654 ἀκολουθεῖν
898 4599 954 4654 τε
979 4581 1193 4654 αὐταῖς,
1221 4583 1316 4634 κοιλ⁸
1346 4584 1418 4654 μὴ
1443 4582 1710 4654 ἡγεῖσθαι,
1743 4583 1880 4654 μηδὲ

323 4654 460 4724 πρὸς
481 4651 491 4654 ⁷
511 4653 808 4724 οτὸῌοίκείὀνΔ
837 4651 1082 4721 βούλημα
1107 4691 1121 4713 ,
1152 4653 1243 4704 τὸν
1271 4651 1494 4724 ἐκείνων
1526 4651 1651 4702 νοῦν
1691 4652 1881 4724 exi):de

323 4720 532 4792 ζέσθαι.
571 4721 716 4792 Τοὶξςί
751 4720 857 4790 γὰρ
905 4720 1234 4792 παραποιεῖν
1295 4723 1390 4774 καὶ
1434 4721 1879 4792 παρερμηνεύειν

322 4791 584 4863 τολμῶσι,
611 4790 853 4863 κίνδυνος
883 4790 1188 4863 ἐπήρτηται
1219 4792 1471 4862 μέγιστος
1493 4792 1571 4852 εἰς
1590 4791 1761 4862 αὐτὴν
1789 4793 1886 4860 τὴν

323 4862 394 4933 ψυ
401 4863 498 4931 χὴν
509 4931 521 4933 _
533 4861 762 4933 βλέπων.

507 4931 624 5009 Lib.
661 4947 739 5012 tu,
769 4946 856 5012 (Ἰ).
890 4931 990 4986 156
1177 4930 1388 5012 ῥᾳλῶς,
1408 4932 1700 5012 προφέρων
1732 4929 1887 4993 τινας

332 5000 519 5074 ῥήσεις
543 5000 654 5074 τῶν
697 5000 855 5074 ἱερῶν
879 5000 1148 5074 χρηετμιιίῖ)ν
1174 5000 1262 5074 δεδι
1300 5000 1562 5074 σεόμςιτος
1590 5000 1886 5074 ariam?-

433 5069 580 5141 ἀλλὰ
597 5069 698 5141 τὰς
727 5068 1007 5141 quaeram:
1034 5068 1278 5141 ακριῦὦς
1323 5068 1584 5140 ζητήσας,
1619 5068 1759 5134 ’ἐξείς
1793 5071 1890 5141 τᾲς

330 5140 533 5202 λύσεις.
570 5139 951 5212 Τυφλώττουσι
975 5139 1180 5212 γὰρςαί
1230 5141 1516 5212 ἑρμηνεῖαι
1556 5141 1663 5192 τῶν
1693 5139 1887 5193 ὑποθέ-

332 5228 469 5264 σεων
503 5211 854 5280 χηρεύουσαι.
889 5239 958 5280 -έ
989 5210 1240 5272 ὑπόθεσις
1263 5210 1447 5280 autem
1487 5222 1569 5265 est
1591 5249 1606 5276 ,
1651 5218 1709 5264 ut
1733 5226 1888 5279 περι·-

332 5279 707 5350 xonijialiqua
737 5279 854 5333 libri
873 5279 1159 5350 cujusdam
1184 5279 1371 5333 sectio.

405 5348 474 5420 (ε)
499 5348 710 5420 Lib.tt.
739 5365 824 5420 ep.
865 5348 1016 5420 2-t4.,
1063 5364 1183 5417 quae
1223 5349 1514 5420 ltis_verbis
1563 5349 1751 5420 incipit
1781 5365 1795 5402 :
1825 5348 1889 5420 0t

332 5418 459 5490 τοὺς
492 5419 666 5490 θείους
700 5418 979 5490 χρήσμους
1022 5418 1484 5490 *παραποιοῦντες-
1508 5420 1602 5472 καὶ
1643 5418 1778 5490 πρὸς
1831 5418 1892 5490 τὸ

336 5489 532 5539 οἰκεῖον
574 5486 820 5561 βούλῆμα
850 5486 1254 5559 ὶκϐιαζόμήενοι,
1283 5488 1611 5561 συγγνώμης
1634 5486 1892 5561 ἁμαρτά-

338 5572 487 5610 νουσι
517 5559 756 5626 μείζονα.
1141 5573 1143 5576 '

1977 1755 2084 1809 qua
2107 1737 2363 1803 Isidorus,
2389 1737 2626 1792 Matthxi
2659 1738 2825 1792 verba
2869 1755 2882 1791 :
2915 1737 3016 1789 οὐκ
3053 1735 3352 1803 ἐγίνωσκεν
3383 1736 3554 1806 αὐτὴν

1977 1833 2082 1896 ἕως
2123 1825 2186 1884 οὗ
2222 1831 2376 1885 ἔτεκε
2425 1831 2518 1884 τὸν
2547 1831 2661 1884 υἱὸν
2705 1829 2892 1899 αὐτῆς,
2929 1829 3314 1899 explicaturos,
3349 1829 3418 1883 de
3449 1829 3553 1891 ἓως

1977 1921 2254 1992 particulae
2288 1937 2390 1976 usu
2435 1921 2572 1991 agit,
2618 1920 2762 1974 illam
2812 1935 2913 1974 nos
2948 1919 3075 1973 alibi
3109 1919 3172 1988 (j)
3224 1919 3336 1988 jam
3371 1917 3554 1988 tetigi-

1977 2029 2118 2070 mus.
2152 2043 2222 2056 ——
2264 2013 2410 2068 Bene
2448 2021 2629 2067 autem
2681 2012 2738 2066 in
2801 2011 3030 2082 epistola
3079 2011 3148 2065 ad
3199 2009 3554 2064 Timotheum

1977 2104 2231 2159 lectorem
2266 2104 2340 2175 (k)
2377 2103 2509 2159 Jesu
2556 2102 2759 2157 Christi
2803 2103 2968 2158 verba
3001 2102 3070 2156 τό
3126 2101 3450 2172 μικρότερος
3497 2102 3556 2155 ἐν

1975 2199 2042 2266 τῇ
2097 2195 2343 2266 βασιλείᾳ
2398 2195 2506 2249 τῶν
2562 2194 2840 2266 οὐρανῶν,
2894 2195 3098 2264 μείζων
3159 2194 3307 2247 ἐστὶν
3368 2193 3556 2246 Ἰωάν-

1976 2306 2066 2342 νου
2081 2288 2164 2360 (ι),
2191 2289 2473 2358 exposuit;
2503 2288 2644 2343 bene
2668 2288 2721 2341 in
2745 2286 2942 2342 litteris
2965 2287 3032 2340 ad
3053 2285 3424 2355 Pansophium
3454 2287 3557 2355 (m).

1977 2390 2032 2436 et
2058 2381 2445 2450 Aphrodisium
2471 2381 2845 2450 presbyterum
2869 2377 2946 2450 (η)
2977 2387 3165 2433 contra
3217 2376 3552 2432 Marcionetn

1977 2471 2087 2542 egit
2108 2478 2165 2526 et
2189 2469 2404 2526 .Iudteos
2423 2487 2438 2536 ;
2460 2480 2684 2541 Optume
2712 2469 2947 2539 denique
2979 2467 3286 2524 Servatoris
3308 2467 3551 2521 dictum:

1978 2562 2197 2616 Γίνεσθε
2230 2561 2484 2633 φρόνιμοι
2535 2562 2610 2624 ὡς
2639 2562 2690 2614 οἱ
2723 2561 2898 2631 ὄφεις,
2927 2562 3022 2615 καὶ
3065 2560 3314 2633 ἀκέραιοι
3371 2558 3448 2622 ὡς
3498 2560 3557 2612 αἱ

1979 2653 2294 2726 περιστεραί
2321 2652 2393 2724 (ο)
2422 2654 2488 2708 ab
2509 2653 2716 2708 Isidoro
2764 2653 3092 2723 explicatum
3138 2667 3283 2714 esse,
3337 2651 3424 2705 vel
3488 2664 3561 2703 ex

1978 2747 2220 2816 epistolae
2275 2746 2342 2800 ad
2397 2745 2778 2799 Martinianum
2839 2745 3211 2814 presbyterum
3245 2741 3319 2814 (p)
3375 2741 3559 2806 initio,

1978 2838 2120 2908 quod
2144 2837 2230 2891 his
2258 2836 2436 2891 verbis
2473 2834 2782 2890 continetur
2812 2852 2826 2887 :
2868 2834 2934 2886 'H
2992 2834 3251 2904 φρόνησις
3288 2835 3356 2902 τῇ
3386 2830 3560 2884 ἁπλό-

1978 2943 2099 2997 τητι
2123 2925 2434 2997 κιρνωμένη
2469 2925 2543 2994 (q)
2576 2922 2718 2976 θεῖόν
2748 2939 2802 2976 τι
2834 2922 3023 2993 χρῆμα
3060 2949 3130 2962 —-
3157 2928 3340 2990 potest
3391 2919 3561 2974 intcl‘

2045 3119 2108 3244 sf)
2137 3120 2254 3177 Lib.
2296 3137 2373 3185 ttt,
2413 3136 2501 3190 ep.
2536 3121 2675 3175 125:
2707 3118 2970 3181 Πολλάκις
2998 3117 3288 3188 ἐθαύμασα
3319 3119 3429 3171 τῶν
3456 3121 3561 3188 τὰς

1979 3193 2038 3244 οε
2064 3209 2130 3254 ας
2176 3191 2703 3261 παρερμηνευόντων
2767 3189 3029 3258 Γραφὰς,
3067 3189 3181 3261 ,καὶ
3241 3188 3301 3241 τὸ
3352 3191 3562 3245 οἰκεῖον

1979 3261 2178 3328 μᾶλλον
2207 3257 2473 3330 βούλήμα,
2518 3261 2550 3329 ἢ
2603 3261 2664 3313 τὸ
2693 3262 2751 3312 ὲν
2779 3257 2962 3330 αὐτοῖς
2991 3257 3244 3330 κείμενον
3271 3263 3558 3330 παριστᾷ-δ

1975 3327 2456 3400 ὴειρωμένωνζτὸ
2483 3327 2591 3399 γὰρ
2624 3330 2860 3399 ἄκρατον
2895 3327 3072 3380 αὐτῶν
3103 3328 3198 3380 καὶ
3237 3327 3558 3398 εἰλικρινὲς,

1976 3401 2071 3452 καὶ
2097 3400 2363 3466 εὐφρᾶναι
2387 3397 2584 3466 ψυχὴν.
2611 3430 2678 3439 -
2706 3398 2825 3454 cod.
2859 3399 2986 3452 Bav.
3015 3397 3192 3466 ψυχὰς
3218 3428 3287 3439 --
3323 3397 3558 3466 δυνάμε-

1976 3416 2071 3452 και
2097 3416 2363 3469 ευφραναι
2387 3416 2584 3468 ψυχην.
2611 3430 2678 3439 -
2706 3416 2825 3454 cou.
2860 3416 2986 3452 Dav.
3015 3416 3192 3467 ψυχας
3218 3428 3287 3439 --
3323 3416 3561 3468 ουναμεο

1974 3486 2064 3522 νον
2090 3468 2337 3538 βούλημα
2361 3469 2439 3538 τῷ
2471 3467 2659 3538 φαύλῳ
2684 3471 2776 3521 καὶ
2802 3468 3027 3538 ὲξιτήλῳ
3055 3467 3162 3538 τῶν
3191 3467 3406 3538 οἰκείων
3434 3470 3564 3536 δογ-

1987 3536 2174 3608 μάτων
2234 3536 2678 3609 ἀταρακιρνῷντες
2725 3537 2910 3609 ὕδατι,
2937 3536 3026 3589 ’τὰ
3067 3536 3560 3609 θεῖαμκατιςηλεύειν

1978 3606 2239 3678 τολμῶσι.
2268 3606 2338 3647 -έ-
2370 3606 2492 3664 cod.
2531 3607 2658 3678 Bav.
2692 3607 3002 3678 τολμῶντες
3027 3635 3092 3678 —_-
3131 3607 3225 3678 καὶ
3251 3606 3412 3678 τοῦτο
3438 3611 3564 3661 ἐστι

1974 3678 2034 3730 τὸ
2059 3676 2164 3748 (01
2194 3678 2432 3748 κάπηλοι
2472 3695 2566 3731 σου
2597 3676 2853 3748 μίσγουσι
2876 3706 2946 3717 ——
2971 3676 3093 3731 cod.
3131 3676 3260 3731 Bav.
3295 3677 3559 3746 σμίγουσι

1975 3748 2069 3801 τὸν
2108 3745 2248 3801 οἶνον
2275 3745 2449 3811 ὕδατι,
2477 3766 2530 3801 κ.
2560 3745 2613 3800 τ.
2645 3746 2694 3801 λ.

2046 3817 2120 3887 (g)
2156 3818 2313 3872 Itich.
2350 3818 2536 3871 Simon
2567 3817 2687 3870 hist.
2723 3816 2845 3869 erit.
2895 3815 2984 3887 des
3012 3816 3179 3884 princ.
3227 3828 3562 3872 commenta—

1976 3886 2118 3940 teurs
2147 3888 2219 3940 du
2253 3888 2324 3940 N.
2369 3887 2429 3940 Τ.
2455 3904 2509 3956 p.
2529 3889 2665 3941 “506.
2693 3888 2798 3940 col.
2837 3887 2893 3940 2.
2926 3886 3158 3956 Quoiqne
3189 3902 3318 3938 nous
3341 3887 3567 3955 n‘ayous

1985 3973 2158 4009 ancun
2189 3955 2561 4010 commenthire
2590 3973 2653 4009 en
2703 3956 3012 4024 particulier
3058 3955 3313 4009 d‘lsidore
3357 3958 3421 4009 de
3456 3957 3569 4010 Da-

1977 4027 2134 4079 miéte
2173 4043 2266 4079 sur
2307 4026 2590 4089 l’écriture,
2641 4025 2681 4079 il
2717 4027 2895 4078 mérite
2942 4028 3228 4093 cependant
3262 4026 3429 4080 d‘étre
3460 4027 3564 4079 mis

1974 4112 2045 4148 au
2083 4112 2214 4165 rang
2245 4097 2334 4150 des
2358 4096 2472 4164 plus
2496 4095 2692 4165 habiles
2715 4105 3148 4149 commentateurs
3177 4104 3291 4148 tant
3306 4096 3378 4149 du
3404 4096 3568 4151 Vienx

1976 4181 2075 4234 que
2102 4164 2454 4218 du’Nouveau
2487 4164 2804 4219 Testament.

2047 4235 2119 4303 th)
2150 4234 2230 4288 Du
2258 4235 2357 4289 Pin
2386 4235 2555 4288 Nono.
2584 4235 2702 4287 bibl.
2731 4236 2819 4287 des
2848 4243 2958 4287 aut.
2987 4235 3109 4290 eccl.
3136 4243 3266 4290 tom.
3289 4235 3375 4298 IV,
3406 4250 3462 4303 p.
3489 4237 3547 4298 8,

1976 4305 2078 4385 col.
2114 4305 2164 4358 1.
2199 4305 2383 4362 laudat
2423 4303 2669 4375 ejusdem
2708 4304 2970 4359 l’habileté
3000 4305 3134 4358 dans
3187 4305 3556 4373 l’interpréta-

1994 4384 2124 4427 lion.

2050 4446 2110 4512 (i)
2145 4443 2402 4514 Rosenm.
2435 4441 2575 4498 Hist.
2613 4443 2832 4512 interpr.
2860 4444 2982 4498 libb.
3012 4461 3148 4498 sacr.
3170 4460 3295 4514 pars
3329 4461 3401 4505 tv,
3431 4460 3564 4513 pag.

1988 4513 2108 4567 184.
2139 4513 2204 4567 In
2237 4516 2462 4568 ernendo
2509 4530 2662 4567 sensu
2707 4516 3055 4583 grammatico
3094 4513 3235 4567 hand
3279 4514 3574 4582 infeliciter

1986 4593 2218 4637 versatus
2260 4594 2370 4646 est,
2418 4593 2465 4636 et
2502 4599 2638 4652 stupe
2670 4583 3043 4650 explicationes
3074 4586 3340 4652 proposuit
3373 4593 3574 4636 natatu

1987 4663 2036 4708 et
2071 4654 2309 4706 examine
2334 4654 2625 4706 etiamnum
2652 4652 2858 4722 dignas.

2062 4723 2126 4793 (j)
2158 4723 2238 4793 ος.
2263 4739 2318 4791 p.
2345 4723 2470 4776 900.
2495 4751 2564 4793 έ-
2594 4723 2778 4777 Restat
2813 4734 3014 4788 autem,
3070 4732 3130 4776 ttt
3174 4723 3277 4776 hoc
3298 4723 3419 4776 loco
3449 4737 3575 4775 mo—

1991 4792 2169 4855 neam,
2204 4792 2628 4846 liittershnsium
2658 4808 2872 4860 quoque
2905 4796 2958 4846 in
2998 4801 3126 4846 nota
3155 4793 3222 4845 ad
3255 4793 3400 4846 hanc
3445 4793 3576 4860 epi-

1998 4864 2189 4932 stolatn
2243 4862 2491 4916 attulisse
2524 4862 2666 4932 dicta
2699 4863 2941 4932 Gregorii
2981 4862 3330 4923 Nazianzeui,
3384 4861 3575 4915 Basilii

1999 4931 2194 4999 Magni,
2227 4931 2598 5002 Chrysostomi
2619 4971 2631 4991 ,
2665 4931 2926 5002 aliorum,
2952 4933 3044 5000 qui
3081 4947 3274 4986 omnes
3317 4932 3577 4986 eamdem

1995 5002 2312 5072 particulam
2345 5001 2551 5072 eodeni
2568 5001 2728 5072 modo
2761 5001 3121 5070 explicarunt.

2067 5071 2142 5139 (lt)
2177 5070 2295 5124 Lib.
2331 5087 2368 5134 ι,
2401 5085 2490 5137 ep.
2523 5069 2612 5123 68.

2065 5139 2369 5210 (AllEvang.
2396 5141 2587 5193 Matth.
2618 5154 2692 5207 χι,
2733 5139 2818 5193 II.

2065 5207 2156 5276 (m)
2179 5209 2305 5278 ιιι).
2325 5207 2474 5278 Ῑ,ε³ρ.
2495 5209 2620 5264 571.

2065 5275 2144 5346 (ιι)
2174 5277 2291 5331 Lib.
2326 5293 2383 5341 tt,
2418 5275 2504 5346 ep.
2529 5275 2805 5333 99.——Cl'.
2839 5293 2894 5346 p.
2927 5276 3053 5340 20l,
3083 5287 3201 5334 not.
3231 5280 3285 5336 1.

2065 5346 2141 5414 (ο)
2176 5348 2376 5417 Ενοιιε.
2406 5347 2592 5401 Matth.
2622 5363 2674 5409 Χ,
2707 5347 2789 5399 16.

2074 5418 2148 5487 (ρ)
2177 5416 2297 5487 Lib.
2331 5414 2402 5487 i_t_,
2438 5433 2515 5487 ep.
2539 5417 2674 5487 175.
2707 5444 2769 5487 -τ-
2799 5414 2880 5470 Cf.
2918 5415 3012 5470 lib.
3047 5433 3120 5482 tv,
3149 5431 3239 5486 ep.
3275 5417 3402 5473 137.

2077 5485 2151 5554 (q)
2179 5486 2314 5540 COd.
2344 5485 2488 5607 Ιῖςιγξ
2534 5486 2598 5540 'II
2637 5485 2894 5556 φρόνησις
2943 5485 3255 5558 κιρνωμένη
3292 5489 3363 5558 τῇ
3405 5486 3580 5541 ἀπλά-

2081 5571 2152 5607 rt.
2185 5572 2238 5607 κ.
2268 5572 2319 5607 τ.
2389 5591 2402 5605 .

2011 5570 2152 5624 τητι,
2185 5572 2238 5611 κ.
2268 5572 2319 5609 τ.
2355 5570 2402 5607 Λ.
