3890 6134
256 240 328 304 97
1530 241 1821 303 ISIDORI
1856 241 2260 327 DQCTRINA.
3447 249 3517 309 οδ

258 353 367 421 1ιεί.
402 349 591 422 Neque
642 350 788 422 quod
825 346 1147 423 Epimacho;
1189 352 1456 421 quarenti
1489 366 1556 404 ex
1594 366 1681 415 eo,
1713 352 1845 421 quid
1876 360 1919 411 Α
1952 352 2263 406 Alexandro
2320 350 2561 421 seripsn.
2600 348 2657 405 In
2688 349 2793 406 hac
2840 349 2986 405 enim
3030 360 3127 407 θος
3178 362 3523 426 summopere

257 443 602 513 φυλακτήρια
648 443 794 514 apud
842 443 1062 498 Iudaeos
1104 441 1331 507 fuerint,
1384 441 1440 496 in
1494 441 1723 511 epistola
1780 442 1847 496 ad

256 535 402 588 hunc
424 534 551 589 data
579 534 681 605 (α),
714 534 986 600 rescribit,
1018 533 1373 603 rejiciendum
1417 542 1521 588 est.
1548 533 1683 588 Nam
1714 534 1844 599 ῑσθι,

256 626 452 695 inquit,
480 627 559 680 ὅτι
615 626 798 681 δέλτια
844 627 917 697 (b)
946 622 1016 698 ἦν
1049 627 1241 696 μικρὰ,
1275 625 1383 678 ἔσω
1426 624 1494 696 (c)
1542 625 1631 678 τὸν
1682 626 1846 696 νόμον

254 718 534 781 (Μίνοντα,
555 717 699 788 ἅπερ
732 718 965 787 ἐφόρουν
992 719 1040 771 οἰ
1066 719 1179 771 τῶν
1211 714 1482 770 Ἰουδαίων
1513 716 1842 788 καθηγηταὶ,

252 807 442 878 ὥσπερ
493 808 589 863 νῦν
635 809 692 862 αἰ
744 809 1000 877 γυναῖκες
1045 808 1115 862 τὰ
1153 807 1231 879 (d)
1278 807 1589 875 Εὑαγγέλια
1641 806 1713 860 τά
1772 804 1842 877 (e)

257 902 429 970 μικρά
448 902 537 972 (D-

321 994 476 1059 Quas
514 1010 648 1049 vero
686 994 809 1049 loco
858 993 1122 1058 secundo,
1148 993 1339 1063 quinto
1364 1000 1419 1047 et
1447 1001 1622 1057 sexto,
1652 1000 1712 1046 ut
1745 989 1843 1046 lsi-

251 1086 442 1139 dorum
481 1087 838 1157 interpretem
866 1072 996 1141 satis
1037 1094 1255 1140 acutum
1286 1100 1408 1139 esse
1449 1084 1723 1154 probaret,
1755 1092 1841 1136 at-

250 1177 371 1230 tulit
417 1176 610 1230 Simon
663 1177 911 1247 ejusdem
967 1176 1260 1246 epistolas,
1304 1176 1394 1231 his
1440 1175 1657 1230 videtur
1708 1174 1839 1228 mihi

247 1269 462 1322 ostendi
520 1284 682 1338 posse
745 1268 1101 1323 contrarium.
1148 1268 1423 1323 Pclusiota
1474 1266 1658 1330 enim,
1713 1278 1836 1318 cum

246 1360 431 1414 Jcsnm
460 1358 741 1414 Christum
771 1360 824 1413 in
866 1360 966 1414 hac
997 1369 1139 1414 terra
1178 1359 1445 1413 viventem
1476 1356 1720 1411 omnium
1759 1371 1840 1409 re-

246 1467 365 1504 rum
396 1452 664 1506 scientem
698 1450 869 1505 fuisse
892 1452 1146 1522 opinatus
1174 1452 1264 1518 sit,
1299 1452 1468 1518 hunc,
1496 1466 1554 1505 se
1586 1450 1835 1505 ultimum

246 1542 433 1597 mundi
482 1544 627 1598 diem
670 1553 924 1598 accurate
978 1543 1205 1597 deﬁnire
1259 1559 1371 1597 non
1418 1558 1579 1613 posse
1619 1542 1717 1612 (g),
1770 1556 1836 1596 eo

202 1660 203 1663 η
247 1643 457 1688 Lantum
490 1634 696 1689 dixisse
739 1635 967 1689 consilio
1019 1636 1336 1701 arbitratur,
1364 1644 1425 1688 ut
1470 1634 1691 1688 inutiles
1737 1633 1835 1687 de-

1948 443 2254 513 vituperat,
2283 442 2375 512 qui
2396 482 2412 506 ,
2449 456 2571 496 cum
2608 456 2768 497 omne
2813 440 2979 496 Vetus
3012 442 3420 499 Testamentum
3450 446 3521 501 ad

1948 532 2226 588 Christum
2252 534 2493 600 trahant,
2519 532 2784 598 efﬁciunt,
2819 542 2879 587 ut
2902 534 3068 588 etiam
3098 549 3157 588 ea
3180 574 3195 598 ,
3227 550 3349 605 qua:
3373 545 3519 591 recte

1949 624 2016 679 ad
2052 639 2178 679 eum
2208 624 2543 691 referuntur,
2572 626 2625 679 in
2649 626 3017 695 suspicionem
3048 627 3295 689 veniant,
3318 628 3523 697 inepto-

1946 729 2055 783 que
2078 715 2180 770 hoc
2206 716 2388 771 studio
2408 716 2674 770 haereticis
2698 716 3040 786 ethnicisque
3061 716 3368 786 disputandi
3388 732 3521 773 ansa

1946 805 2253 874 praebeatur
2281 804 2398 875 (m).
2439 836 2510 847 -
2545 805 2732 875 Neque
2779 817 2969 861 notatu
3008 823 3231 877 prorsus
3286 808 3523 877 indigna;

1944 897 2137 951 littera:
2182 908 2343 963 sunt,
2378 914 2514 968 quas
2558 899 2774 968 scripsit
2804 900 2891 954 ille
2920 899 2988 954 ad
3028 899 3300 954 lsidorum
3340 899 3523 954 diaco-

1942 1003 2072 1042 num
2108 988 2204 1060 (nl.
2261 988 2398 1043 Huic
2448 990 2593 1043 enim
2647 991 2933 1058 quaerenti,
2965 990 3095 1059 quid
3149 990 3219 1044 sit
3253 990 3521 1045 σάϐϐατον

1940 1078 2397 1149 δευτερόπρωτον,
2430 1079 2741 1149 respondet,
2780 1082 2884 1135 hoc
2911 1082 3129 1137 nomine
3158 1083 3301 1137 diem
3334 1083 3519 1136 δεύτε-

1945 1186 2036 1240 ρον
2067 1168 2161 1223 τοῦ
2196 1171 2380 1240 πάσχα
2411 1180 2467 1225 et
2506 1170 2723 1242 πρῶτον
2756 1172 2864 1225 τῶν
2908 1172 3131 1243 ἀζύμων
3172 1172 3339 1229 fuisse
3390 1174 3521 1229 insi—

1941 1263 2173 1331 gnitum.
2210 1263 2483 1334 Ἑσπέρας
2509 1264 2639 1335 γὰρ,
2670 1266 2865 1335 pergit,
2894 1265 3112 1329 Θύοντες
3134 1267 3195 1320 τὸ
3229 1266 3415 1338 πάσχα
3449 1271 3516 1338 τῇ

1940 1351 2066 1421 ἑξῆς
2094 1351 2191 1420 τὴν
2215 1353 2324 1405 τῶν
2360 1352 2609 1423 Ἀζύμων
2642 1353 3043 1425 ὲπανηγύριζον
3074 1355 3285 1425 ἑορτὴν,
3315 1366 3368 1409 et
3397 1365 3519 1424 post

1940 1442 2103 1511 paulo
2138 1442 2406 1497 σάϐϐατον
2430 1486 2444 1509 ,
2475 1444 2685 1514 inquit,
2711 1447 2892 1499 πᾶσαν
2940 1446 3131 1517 ἑορτὴν
3167 1448 3389 1501 καλοῦσι
3420 1449 3515 1519 (ο).

1939 1533 2232 1606 Distinguit
2271 1537 2437 1607 igitur
2477 1538 2621 1590 inter
2651 1536 2936 1591 Paschalis
2983 1549 3035 1593 et
3074 1538 3401 1609 Azymorum
3438 1540 3519 1594 fe-

1937 1635 2112 1693 stum;
2136 1642 2311 1697 neque
2335 1627 2641 1699 negandum
2666 1638 2750 1683 est
2772 1630 3006 1699 primum
3028 1630 3191 1699 hujus
3208 1631 3327 1685 festi
3351 1632 3517 1695 diem,

243 1726 478 1781 clinaret
503 1726 832 1796 quastiones
864 1727 961 1796 (h).
989 1757 1060 1768 --
1081 1725 1187 1781 Sed
1206 1726 1377 1781 multo
1402 1726 1583 1780 minus
1614 1724 1831 1796 probari
1867 1714 1908 1772 Β
1936 1733 2045 1787 quo
2068 1733 2263 1789 agnum
2292 1717 2553 1775 Paschale
2572 1722 2731 1777 edere
2755 1731 3157 1777 consueverunt
3175 1723 3371 1789 Judmi,
3396 1724 3519 1777 κατ’

242 1826 427 1886 potest
464 1818 778 1882 verborum,
827 1816 969 1885 Ἐγὼ
1002 1818 1094 1870 καὶ
1131 1820 1159 1871 ὁ
1205 1817 1395 1888 Πατὴρ
1427 1817 1487 1871 ἓν
1532 1819 1699 1888 ὲσμεν
1743 1816 1828 1887 (i),

248 1910 560 1980 explicatio.
589 1909 797 1980 Nempe
842 1909 1117 1964 Christum
1154 1910 1424 1981 adjective
1459 1908 1719 1965 numerali
1749 1908 1830 1975 ἓν,

244 2016 303 2056 se
352 2002 520 2057 unius
566 2002 915 2072 ejusdemque
966 2012 1178 2057 naturae
1219 2016 1359 2067 esse,
1402 2008 1564 2071 atque
1593 1998 1829 2067 Patrem,

245 2093 437 2163 plurali
472 2109 607 2149 vero
637 2110 869 2151 numero
912 2094 1099 2165 ἐσμέν,
1130 2109 1189 2148 se
1232 2109 1262 2147 a
1289 2094 1448 2148 Patre
1492 2092 1829 2156 distinctum,

246 2183 553 2254 signiﬁcare
575 2185 832 2252 voluisse,
865 2186 1022 2242 docet
1053 2185 1106 2239 in
1143 2186 1368 2255 epistola
1415 2184 1483 2239 ad
1515 2185 1832 2257 Cytherium

244 2271 613 2328 Sabellianum
645 2275 770 2330 data
802 2276 889 2346 (j).
914 2306 985 2315 —
1006 2275 1191 2346 Neque
1223 2275 1369 2331 omni
1403 2275 1834 2345 reprehensione

246 2376 442 2421 vacant
470 2382 595 2437 qua!
630 2367 686 2421 in
717 2368 942 2438 epistola
989 2368 1054 2423 ad
1104 2368 1282 2422 Nilum
1324 2367 1395 2439 (Ic)
1446 2367 1514 2422 de
1570 2368 1833 2438 petitione

248 2457 480 2513 ﬁliorum
512 2457 761 2516 Zebedrei
790 2461 932 2515 dicta
962 2468 1107 2515 sunt.
1133 2462 1345 2515 Etenim
1376 2459 1580 2515 Christi
1616 2460 1681 2513 ad
1715 2475 1835 2515 ees-

251 2547 370 2602 dem
420 2548 771 2618 responsioni
808 2566 821 2603 :
854 2551 967 2603 Οὐκ
1011 2549 1157 2603 ἔστιν
1191 2549 1322 2621 ἐμὸν
1365 2548 1567 2614 δοῦναι,
1603 2548 1717 2601 ἀλλ’
1754 2542 1834 2610 οἷς

248 2637 576 2708 ἡτοίμασται
605 2638 714 2692 ὑπὸ
738 2638 833 2692 τοῦ
861 2640 1076 2712 Πατρός
1109 2657 1211 2709 μου
1248 2639 1313 2709 (ι)
1341 2668 1407 2678 -
1441 2639 1584 2693 hanc
1617 2652 1687 2692 ne
1713 2637 1835 2705 quis

246 2727 312 2781 de
348 2726 655 2782 Servatoris
688 2727 961 2783 dubitaret
989 2729 1403 2798 omnipotentia,
1440 2727 1831 2797 subjiciendam

246 2830 367 2870 esse
416 2817 613 2871 statuit
664 2817 995 2871 sententiam
1054 2833 1069 2871 :
1118 2817 1236 2869 Οὐκ
1274 2815 1420 2868 ἐστιν
1483 2814 1615 2884 ὲμὸν
1652 2812 1834 2865 δοῦναι

247 2908 434 2971 ἁπλῶς
472 2912 588 2973 τοῖς
634 2910 909 2977 αἰτοῦσιν,
954 2907 1091 2962 ἀλλὰ
1132 2909 1435 2980 παρασχεῖν
1492 2905 1680 2977 μισθὸν
1723 2907 1835 2969 τοῖς

250 3014 319 3051 κα
327 3016 542 3067 μουσιν.

1950 1806 2143 1879 ἐξοχὴν
2193 1808 2436 1874 Pascha;
2472 1812 2716 1881 reliquos
2768 1828 2861 1867 sex
2901 1814 3016 1868 dies
3051 1814 3350 1884 appellatos
3397 1828 3518 1868 esse

1934 1900 2126 1971 ἑορτὴν
2151 1901 2260 1954 τῶν
2282 1902 2551 1973 νἈζύμων
2582 1907 2679 1974 (p).
2713 1903 2965 1959 Attamen
2998 1907 3163 1961 variis
3200 1907 3265 1960 de
3298 1907 3515 1971 causis,

1933 2007 2070 2060 quas
2103 1992 2193 2047 hic
2231 2008 2499 2062 exponere
2540 1995 2762 2063 longum
2796 2003 2906 2059 est,
2939 1995 3139 2065 reiecta
3178 1995 3279 2049 hac
3303 2036 3316 2061 ,
3354 2011 3517 2065 quam

1936 2078 2175 2135 Isidorus
2205 2082 2490 2151 proposuit
2518 2082 2789 2137 σαϐϐάτου
2818 2082 3254 2155 δευτεροπρώτου
3285 2085 3521 2154 explica-

1935 2171 2161 2237 tionem,
2190 2187 2310 2226 eam
2334 2173 2400 2227 de
2430 2174 2533 2228 hac
2564 2189 2619 2228 re
2647 2176 2936 2229 tenendam
2967 2190 3088 2229 esse
3115 2158 3368 2231 existimo
3391 2192 3519 2229 sen-

1935 2263 2160 2317 tentiam
2182 2306 2195 2329 ,
2234 2279 2397 2333 quam
2426 2264 2550 2319 inde
2581 2280 2610 2318 a
2645 2264 2921 2336 Scaligero
2960 2274 3013 2321 et
3041 2266 3365 2321 Casaubono
3395 2283 3517 2321 om-

1934 2370 2035 2411 nes
2064 2356 2176 2411 l‘ere
2211 2358 2541 2427 interpretes
2592 2373 2773 2412 veram
2828 2360 3157 2414 habuerunt.
3192 2392 3264 2404 —
3308 2361 3517 2416 Deinde

1934 2446 2037 2499 alia
2067 2446 2119 2500 in
2154 2448 2381 2516 epistola
2413 2449 2478 2502 ad
2502 2447 2847 2503 Timotheum
2888 2450 3146 2504 lectorem
3177 2449 3252 2521 (q)
3280 2449 3515 2519 Christi,

1936 2553 2059 2606 qua:
2090 2547 2308 2593 exstant
2338 2540 2480 2608 apud
2507 2539 2815 2594 Matthmum
2852 2541 2921 2610 (r)
2948 2542 3109 2597 verba
3139 2560 3151 2595 :
3179 2542 3390 2612 Ὥσπερ
3409 2542 3519 2612 γάρ

1933 2623 2014 2699 ἦν’
2046 2629 2225 2691 Ἰωνᾶς
2256 2632 2312 2682 ὲν
2342 2633 2405 2700 τῇ
2435 2632 2615 2701 κοιλίᾳ
2644 2632 2740 2684 τοῦ
2772 2634 2975 2703 κήτους
2996 2636 3147 2704 τρεῖς
3179 2634 3393 2705 ἡμέρας
3422 2635 3517 2687 καὶ

1935 2722 2084 2789 τρεῖς
2111 2720 2331 2783 νύκτας,
2380 2720 2551 2784 οὕτως
2587 2723 2741 2776 ἔσται
2786 2725 2813 2777 ὁ
2846 2725 2970 2788 Υἱὸς
3000 2724 3093 2777 τοῦ
3130 2724 3420 2795 ἀνθρώπου
3460 2726 3519 2779 ἐν

1936 2814 2003 2882 τῇ
2039 2812 2237 2883 καρδίᾳ
2281 2812 2381 2883 τῆς
2407 2815 2508 2883 γῆς
2540 2817 2687 2886 τρεῖς
2728 2815 2940 2886 ἡμέρας
2987 2816 3081 2868 καὶ
3109 2818 3256 2887 τρεῖς
3296 2816 3517 2881 νύκτας,

1940 2910 2342 2979 explicaturus,
2396 2912 2555 2965 nobis
2603 2912 2856 2966 dubitare
2906 2927 3015 2965 non
3054 2913 3216 2965 licere
3259 2913 3518 2975 declarat,

1942 3002 2072 3072 quin
2130 3002 2288 3058 Jesus
2338 3001 2621 3067 Christus,
2687 3002 3153 3071 ἐπαγγειλάμενος
3208 3001 3298 3053 τὸν
3350 2999 3521 3053 τύπον
3588 3020 3597 3027 κ

321 3088 415 3147 llis
444 3108 473 3146 a
512 3091 742 3149 Simone
776 3094 1009 3149 laudatis
1038 3093 1173 3148 alias
1209 3091 1535 3147 addiderunt
1569 3088 1835 3158 Dupinius
1862 3083 1903 3141 C
1941 3092 2165 3164 πληρῶν
2195 3094 2258 3163 (ε)
2319 3095 2505 3157 Ἰωνᾶ,
2553 3103 2660 3146 tam
2703 3094 2796 3146 diu
2841 3102 3215 3147 commoratus
3246 3092 3313 3145 sit
3346 3092 3398 3145 in
3436 3106 3521 3145 se-

250 3190 303 3235 et
331 3182 812 3242 Rosenmuellcrus
848 3186 1039 3241 lsidori
1072 3186 1358 3241 Pelusiotae
1385 3182 1664 3254 epistolas,
1693 3184 1833 3237 inter

252 3288 387 3342 quas
427 3290 542 3344 pra:
574 3276 794 3331 caeteris
839 3285 1138 3331 memoratu
1188 3275 1348 3345 digna
1398 3282 1515 3340 est,
1548 3287 1710 3343 quam
1743 3273 1831 3328 ille

326 3409 403 3480 (α)
426 3409 551 3480 Lib.
587 3425 649 3480 ιι,
679 3425 768 3480 ep.
794 3410 933 3464 150.

325 3479 395 3547 (ὁ)
427 3479 566 3533 Cod.
606 3479 733 3533 Bav.
759 3480 940 3532 δέλτα.

322 3545 393 3619 (cl
431 3547 524 3605 Sic
573 3550 925 3603 scribendum
976 3553 1060 3603 est
1087 3557 1231 3603 auct.
1277 3547 1399 3602 cod.
1444 3545 1553 3601 Alt.
1585 3560 1683 3616 pro
1713 3547 1834 3602 ῐσω.

268 3619 401 3675 Cod.
425 3619 555 3673 Bav.
595 3620 748 3673 εἴσω.

327 3690 406 3759 (d)
431 3688 637 3753 Verba,
669 3691 725 3742 αἰ
759 3692 1016 3759 γυναῖκες
1042 3690 1134 3755 τὰ,
1165 3688 1363 3744 desunt
1388 3688 1443 3743 in
1472 3686 1593 3743 cod.
1625 3686 1756 3742 Bav.

327 3758 401 3827 (e)
423 3760 495 3811 τά
515 3760 674 3814 deest
705 3759 760 3813 in
790 3760 909 3813 cod.
940 3758 1065 3812 Bav.

322 3826 391 3900 (Π
425 3828 692 3900 Suicerus
731 3829 786 3900 in
828 3830 976 3882 Thes.
1031 3843 1076 3883 s.
1133 3844 1190 3900 v.7
1219 3827 1550 3900 Εὑαγγέλιον
1592 3842 1650 3897 p.
1683 3826 1841 3883 1227.

250 3898 558 3954 attulitduo
586 3898 809 3953 Joannis
827 3898 1373 3967 Chrysostomidicta,
1393 3913 1621 3966 quorum
1651 3913 1841 3962 lutum,

249 3971 399 4038 quod
437 3985 501 4023 ex
541 3968 762 4022 homilia
814 3968 955 4033 XIX,
1004 3969 1073 4022 ad
1126 3969 1388 4037 populum
1436 3968 1843 4021 Antiochenum

252 4040 551 4109 repetitum
589 4046 696 4103 est,
717 4039 824 4094 huc
851 4038 1217 4093 transcribere
1252 4039 1462 4108 placet:
1496 4039 1558 4090 Αἰ
1591 4039 1845 4105 γυναῖκες

252 4112 349 4161 καὶ
387 4109 456 4161 τι
504 4108 695 4160 παιδία
735 4108 806 4160 τά
856 4109 1063 4161 μικρὰ.
1122 4108 1241 4159 ἀντὶ
1282 4107 1529 4161 φυλακῆς
1578 4107 1839 4161 μεγάλης.

250 4124 349 4162 και
387 4124 456 4161 τα
504 4124 695 4160 παιοια
735 4124 806 4160 τα
855 4124 1063 4187 μικρα,
1122 4124 1241 4159 αντι
1282 4124 1529 4177 (potam;
1578 4124 1839 4187 μεγαλης,

246 4179 565 4246 Εὐαγγέλια
590 4177 859 4247 ὲξαρτῶσι
881 4195 975 4230 του
1002 4178 1296 4248 τραχήλου,
1322 4177 1415 4230 καί
1439 4194 1715 4246 πανταχου
1746 4194 1842 4229 πε.-

254 4250 601 4319 ριφὲρουσιν,
631 4249 875 4319 ὅπουπερ
906 4248 972 4300 ἂν
1002 4248 1254 4301 ἀπίωσιν.

439 4319 643 4401 Ειξιῐιξ.
682 4316 853 4401 hiare.
888 4317 1446 4401 xtlt,‘52'iﬂepl‘§éﬁ
1476 4316 1578 4401 τῆς

246 4462 307 4512 έν
331 4457 572 4548 ειίῆρξιγεῖιν
602 4459 727 4512 οὐδὲ
755 4459 796 4548 δ.
813 4457 1043 4548 Ξὲδςιηει
1077 4459 1209 4548 ιε.ὴέ
1240 4459 1449 4548 "iiiP;

228 4554 231 4555 ν
326 4525 412 4599 (Ιι)“
441 4525 562 4584 Lib.
596 4544 633 4592 ι,
665 4544 753 4599 ep.
775 4528 895 4581 117.
929 4527 994 4579 Τί
1016 4525 1148 4599 Ῠκαο⁴
1170 4525 1494 4599 ἑαυτῶντὴν
1515 4525 1609 4599 τοῦ
1634 4526 1839 4599 Κυρίου

248 4597 607 4651 ἐπισπῶνται
666 4597 849 4667 κρίσιν
900 4599 948 4650 οἱ
1006 4598 1348 4668 βλάσφημοι;
1396 4598 1457 4668 τί
1497 4597 1837 4668 τὸ-πῦρτῆς

247 4671 487 4735 γεέννης
533 4671 581 4721 οἰ
618 4666 875 4737 οεομάχοι
918 4666 1236 4721 ἐκκαίουσιν
1259 4684 1297 4737 ;7
1325 4695 1415 4737 -ν
1443 4667 1534 4721 Sic
1574 4666 1839 4721 Rittersh.

249 4745 618 4807 eamdemque
649 4736 973 4806 scripturam
1004 4746 1248 4791 tutantur
1272 4736 1443 4807 Codd.
1476 4736 1596 4790 Vat.
1629 4737 1752 4791 649.
1788 4746 1845 4790 et

250 4809 368 4862 Alt.
402 4806 752 4861 ἐπικαίουσιν
806 4809 1027 4877 scripsit
1067 4809 1241 4861 editor
1286 4806 1606 4877 Parisiensis
1644 4837 1715 4845 —
1739 4808 1841 4875 ἡγ-

251 4878 419 4945 νόησε
438 4919 453 4943 ,
485 4880 789 4945 φάσκοντες
814 4918 828 4942 ,
856 4875 932 4918 -—'
977 4878 1066 4931 Sic
1093 4878 1263 4932 Codd.
1298 4875 1418 4931 Vat.
1463 4878 1586 4931 649.
1625 4884 1679 4929 et
1708 4877 1833 4943 :AIt.

249 4950 408 5018 vulg.
462 4949 756 5017 φάσκουσι,
795 4976 884 5018 7—
913 4946 1015 5016 τῆς
1068 4947 1380 5018 συντελείας
1417 4947 1517 5016 τὴν
1564 4946 1777 5018 ἡμέραν
1816 4949 1843 5018 ο

250 5016 483 5087 Κύριος,
532 5019 631 5070 οὐκ
669 5017 971 5087 ἠγνόησεν,
1003 5018 1181 5083 ἄπαγε
1210 5055 1225 5079 ,
1262 5016 1396 5069 ἀλλὰ
1429 5016 1743 5087 σαφηνίζειν
1774 5017 1844 5068 τά

247 5086 506 5157 ἀνωφελῆ
530 5086 847 5157 παρῃτεῖτο
879 5086 1277 5157 προϐλήματαο
1320 5087 1442 5157 επεὶ
1464 5086 1592 5157 στῶς
1628 5086 1842 5157 ἀγνοεῖν

249 5142 717 5281 ἡδύνάῗῶραῖνῆ
745 5142 958 5227 ἡμέραν
984 5158 1011 5209 ὁ
1028 5142 1260 5228 nam;
1282 5155 1390 5207 τῶν
1420 5142 1631 5209 αἰώνων
1652 5142 1754 5220 {tv
1775 5149 1842 5222 ᾧ,

249 5242 302 5277 κ.
328 5244 384 5280 τ.
455 5268 469 5279 .

247 5242 302 5277 κ.
328 5244 384 5280 τ.
420 5242 469 5280 Α.

322 5298 390 5367 (ἱ)
421 5297 625 5367 Evang.
664 5295 863 5367 Joaun.
894 5310 949 5361 ιε,
982 5293 1086 5348 50.‘

319 5363 389 5453 (ᾗ
414 5366 538 5422 Lib.
565 5363 603 5432 ι,
634 5383 722 5433 ep.
754 5365 901 5426 138.,
929 5367 1082 5434 cujus
1107 5363 1295 5418 ultima
1317 5365 1478 5419 verba
1512 5365 1629 5420 hmc
1654 5374 1784 5420 sunt
1827 5382 1839 5418 :

254 5435 405 5505 Ἐγω
438 5439 534 5489 καὶ
578 5440 608 5490 ὁ
643 5434 836 5507 Πατὴρ
865 5435 926 5486 ἓν
955 5437 1171 5507 γὲσμεν,
1204 5435 1439 5507 ε-ίρῃται.
1471 5436 1582 5507 ρὺκ
1610 5466 1680 5474 —
1710 5435 1838 5489 cod.

294 5466 405 5505 ᾏῖω
441 5466 534 5489 ωδ
578 5466 608 5490 υ
643 5466 836 5505 nun":
866 5466 925 5486 εν
973 5466 1171 5505 ιψμςν,
1204 5466 1439 5505 ςιγιμυιι.
1471 5466 1582 5489 υυλ
1610 5466 1680 5474 _
1710 5466 1838 5489 LUUO

248 5504 381 5579 tm.
417 5509 634 5579 εξρηται
658 5549 673 5573 ,
705 5504 815 5579 δτιζ
838 5533 913 5579 —_——
950 5504 1183 5579 ﬁdi-xui
1275 5504 1550 5579 Πατὴρῌέν
1594 5507 1733 5579 εἰμι.
1770 5535 1840 5579 έ-

242 5578 386 5631 tlod.
430 5574 560 5633 Bav.
592 5578 721 5642 ἕνας
760 5574 904 5644 εἰμί.
934 5603 1003 5613 --
1032 5574 1104 5626 Τὸ
1138 5574 1320 5644 τοίνυν
1345 5574 1530 5644 ἒντῆς
1566 5578 1693 5644 μιᾶς
1744 5576 1836 5628 οὑ-

250 5592 386 5631 ι,‹ιιι.
430 5592 560 5633 ιιαν.
592 5592 721 5642 ενας
760 5592 810 5627 ει
866 5592 904 5625 ι.
934 5603 1003 5613 --
1044 5592 1104 5626 ιο
1138 5592 1320 5626 τοινυν
1345 5592 1403 5627 εν
1431 5592 1530 5644 της
1566 5592 1693 5644 μιας
1744 5592 1834 5628 ον-

250 5648 374 5711 σίας
406 5647 709 5717 δηλωτικόν
738 5663 752 5677 ’
779 5592 868 5710 τίς,
894 5644 1077 5712 ἐσμὲν,
1099 5644 1206 5698 τῶν
1228 5642 1320 5695 δύο
1347 5645 1694 5699 ὑποστάσεών
1719 5647 1834 5697 ἐστι

1938 3184 2147 3254 pulcro,
2178 3200 2340 3254 quam
2373 3183 2538 3239 Jonas
2575 3186 2626 3239 in
2661 3184 2765 3238 ceti
2794 3192 3006 3238 ventre.
3036 3184 3246 3249 Quibus
3272 3182 3521 3252 praemis-

1940 3274 2015 3331 sis
2055 3275 2208 3329 illum
2252 3284 2363 3329 tres
2394 3273 2512 3331 dies
2566 3276 2902 3344 totidemque
2936 3286 3127 3329 noctes
3174 3274 3227 3328 in
3268 3274 3521 3344 sepulcro

1932 3438 2001 3451 —-
2029 3410 2172 3479 quod
2208 3426 2272 3464 ex
2314 3410 2473 3465 codd.
2507 3410 2636 3465 Bav.
2672 3411 2794 3467 Vat.
2825 3412 2950 3479 649,
2982 3419 3039 3468 et
3070 3411 3179 3467 Alt.
3207 3412 3518 3470 addendum

1935 3489 2018 3533 est
2044 3510 2124 3550 —7
2141 3484 2495 3550 σημαντικόν.

2009 3550 2083 3621 (k)
2113 3549 2230 3621 Lib.
2264 3567 2301 3615 I,
2336 3566 2422 3621 ep.
2467 3553 2585 3605 157.

2013 3620 2075 3691 (ι)
2117 3618 2319 3691 Evang.
2358 3618 2546 3674 Matth.
2574 3638 2667 3687 xx,
2695 3619 2929 3675 εο-εε).

2014 3690 2108 3759 (m)
2128 3689 2331 3763 Lib._il,
2356 3707 2444 3758 ep.
2474 3693 2575 3763 195
2599 3710 2611 3743 :
2639 3692 2702 3744 υἰ
2734 3693 2911 3763 πᾶσαν
2926 3691 3025 3760 τὴν
3054 3690 3299 3763 Παλαιὰν
3322 3691 3519 3763 Διαθή-

1946 3775 2051 3831 κῃν
2096 3761 2176 3821 εἰς
2214 3760 2321 3831 τὸν
2349 3762 2582 3831 Χριστὸν
2634 3762 2963 3830 μεταφέρειν
3013 3760 3343 3831 πειρώμενοι
3371 3802 3386 3822 ,
3418 3760 3521 3816 οὔκ

1950 3829 2055 3893 ἔξω
2081 3830 2369 3892 αἰτιάσεώς
2400 3829 2570 3893 εἰσιν,
2607 3829 2969 3899 ἐπείπερκαί
3000 3829 3249 3900 Ἕλλησι,
3284 3832 3374 3883 καὶ
3404 3836 3518 3895 τοῖς

1968 3900 2041 3969 μὴ
2076 3900 2419 3969 ὲγκρίνουσιν
2468 3901 2637 3968 αὐτὴν
2671 3901 2969 3968 αἰρετικοῖς
3012 3900 3163 3968 ἰσχὺν
3193 3930 3262 3939 -—
3294 3900 3381 3953 Sic
3417 3917 3519 3954 au-

1961 3968 2213 4023 Ctoritate
2242 3970 2362 4021 cod.
2388 3969 2513 4022 Bav.
2534 3970 2878 4023 scribendum
2897 3980 2977 4022 est
2993 3971 3135 4039 vulg.
3156 3969 3439 4038 ίσχύειν-
3459 3972 3518 4023 ὲν

1944 4041 2012 4108 τῇ
2051 4038 2172 4109 καθ’
2221 4039 2379 4109 ἡμῶν
2412 4041 2614 4092 διδόασι
2651 4040 2819 4109 μάχῃ.
2852 4040 2932 4091 Τά
2965 4040 3075 4108 γὰρ
3100 4038 3103 4039 ⁷
3128 4039 3201 4108 μὴ
3235 4040 3313 4101 εἰς
3352 4040 3516 4093 αὑτὸν

1945 4108 2213 4179 εἰρημένα
2264 4109 2640 4179 ἐκϐιαζόμενοι
2660 4149 2675 4171 ,
2730 4108 2822 4160 καὶ
2850 4110 2917 4161 τὰ
2948 4108 3223 4179 ἀϐιάστωςν
3250 4110 3517 4179 εἰρημένα

1950 4171 2370 4250 ὑτξοίιττεύεσοαιγ
2404 4171 2905 4250 τὲαρασκευάζουσι.
2941 4179 3017 4250 ῥυ
3066 4171 3141 4230 ὧν
3170 4178 3278 4249 γὰρ
3305 4171 3511 4250 ’ἐιιείνοι

1947 4249 2145 4311 αὐτοὺς
2179 4248 2538 4319 ἀνατρέπουσι
2563 4250 2639 4311 ὡς
2660 4248 3102 4319 παραποιοῦντας
3130 4279 3200 4287 -
3230 4248 3349 4302 Cod.
3386 4248 3513 4303 Bav.

326 4317 408 4389 (q)
439 4319 643 4387 Evang.
682 4317 851 4371 Marc.
888 4334 1005 4381 xm,
1042 4319 1111 4372 52
1146 4336 1158 4370 :
1191 4317 1327 4389 Περί
1380 4317 1446 4382 es:
1476 4317 1578 4384 τῆς
1624 4317 1840 4387 ἡμέρας
1948 4317 2378 4388 παραποιοῦντες
2416 4350 2479 4359 -
2510 4320 2600 4372 διὰ
2630 4317 2833 4371 τούτων
2874 4321 2966 4370 καὶ
2996 4320 3053 4371 ὲν
3081 4320 3192 4382 τοῖς
3222 4319 3519 4442 διαρὲήδην

288 4391 478 4442 κείνης
501 4388 534 4442 ἢ
569 4391 670 4442 τῆς
700 4387 849 4442 ὥρας
894 4388 1067 4442 οὐδεὶς
1094 4383 1257 4442 οἶδεν.
1301 4387 1425 4441 οὐδὲ
1454 4390 1503 4441 οἰ
1532 4386 1756 4442 ἄγγελοι
1785 4389 1834 4440 οἰ
1874 4366 1921 4423 Ῑ)
1950 4389 2080 4442 περὶ
2112 4389 2275 4442 αὑτοῦ
2310 4392 2621 4442 εἰρημένοις
2661 4390 2817 4442 νικᾶν
2855 4389 3188 4442 νομίζονται.
3223 4419 3294 4429 —
3368 4390 3519 4442 lete-

246 4383 540 4472 gzs'a‘vngq
569 4383 1067 4472 ciiitbpaguobael';
1094 4383 1287 4472 οἰδενζξ
1301 4387 1425 4472 eos:
1454 4390 1503 4441 οἱ
1532 4383 1756 4456 ἄγγελοί
1785 4389 1834 4440 οἰ
1876 4383 1921 4423 υ
1950 4383 2080 4459 περὶ
2112 4389 2275 4472 αὶ)τοῦ
2308 4392 2621 4472 εἰρημένοις
2661 4390 2817 4459 νικᾷν
2855 4389 3188 4459 νομίζονται.
3223 4419 3294 4429 —

3387 4399 3519 4443 tete-

1949 4458 2069 4512 rum
2104 4458 2174 4513 cf.
2212 4476 2267 4528 p.
2304 4458 2425 4514 154.

2020 4529 2095 4598 (ιι)
2129 4529 2247 4583 Lib.
2281 4543 2369 4593 Ill,
2405 4544 2491 4598 ep.
2524 4529 2643 4583 ΗΟ.

2023 4598 2093 4668 (ο)
2130 4599 2196 4652 Et
2228 4600 2328 4652 hoc
2350 4600 2565 4668 quidem
2590 4598 2827 4653 lsidoi‘us
2849 4598 3034 4669 probat
3059 4598 3143 4652 his
3165 4598 3343 4669 verbis
3370 4617 3383 4650 :
3410 4599 3521 4651 Kal.

1952 4667 2039 4719 διὰ
2078 4669 2221 4721 τοῦτ’
2256 4667 2473 4739 εἴρήτοιι
2512 4671 2768 4722 Σάϐϐατα
2798 4667 3121 4739 σαϐϐάτων,
3153 4668 3370 4736 Ἐπειδὴ
3407 4668 3518 4719 ἐσθ’

1951 4739 2059 4809 ὅτε.
2090 4739 2121 4808 ἢ
2154 4740 2185 4809 ἡ
2214 4736 2475 4809 ἀρχὴτῆς
2501 4738 2943 4809 πανηγύρεωςηῆ
2968 4738 3027 4788 τὸ
3047 4736 3198 4809 τέλος
3226 4738 3519 4809 συνέπιπτε

1952 4808 2028 4877 τῷ
2063 4803 2185 4876 τῆς
2208 4803 2497 4878 ἑϐδομάδος
2534 4803 2823 4875 σαϐϐάτῳ,
2860 4803 2968 4878 οἷον
3014 4807 3206 4878 εἰπεῖν,
3259 4808 3351 4860 καὶ
3388 4808 3518 4876 παρ’

1950 4875 2083 4946 ἡμῖν
2108 4875 2365 4941 πολλάκις
2385 4880 2615 4945 γίνεται.
2642 4880 2854 4946 Ὥσπερ
2884 4875 3232 4945 γὰρ-οὕτω
3264 4878 3355 4929 καὶ
3389 4875 3520 4946 παρ’

1952 4950 2151 5009 αυτοῖς,
2184 4951 2323 5001 εἰ-
2347 4950 2487 5016 quod
2520 4965 2548 5001 c
2578 4949 2698 5001 cod.
2724 4948 2849 4999 Bav.
2877 4946 3074 5014 recepi.
3101 4946 3299 5015 vulguq
3331 4975 3403 4986 —
3426 4949 3521 4998 καὶ

1954 5019 1985 5085 ἡ
2012 5019 2318 5088 πανήγυρις
2335 5018 2412 5087 τῷ
2444 5018 2695 5083 σαϐϐάτῳ
2720 5047 2786 5088 ——_
2803 5016 2923 5070 cod.
2951 5016 3079 5069 Bav.
3104 5016 3209 5088 τῷν
3237 5016 3520 5070 σαϐϐάτων

1950 5116 2020 5125 -—
2046 5086 2362 5146 συνέπιτττε,
2387 5086 2647 5140 Σάϐϐατα
2680 5086 2973 5138 Σαϐϐάτων
3028 5086 3294 5140 ἐκαλεῖτο.

2026 5158 2099 5224 (p)
2139 5158 2222 5212 Cf.
2269 5174 2327 5221 ιι,
2359 5158 2561 5213 Chron.
2600 5173 2756 5219 xxxv,
2801 5156 2887 5210 l7.

2023 5234 2094 5297 (q)
2130 5228 2250 5282 Lib.
2282 5244 2319 5290 I,
2360 5245 2446 5294 ep.
2490 5228 2610 5280 ιιι.
2652 5225 2809 5279 Errat
2838 5226 2981 5279 enim
3018 5226 3278 5296 Dupinius
3303 5268 3317 5289 ,
3360 5225 3451 5294 qui
3479 5225 3515 5281 l.

1952 5312 2025 5359 c.,
2050 5296 2102 5366 p.
2125 5301 2175 5352 7.
2196 5298 2345 5351 col.‘2
2369 5298 2631 5351 lsidorum
2668 5296 2761 5349 lib.
2789 5312 2858 5359 IV,
2878 5312 2963 5365 ep.
2999 5297 3143 5361 ιιιι.,
3165 5307 3219 5349 ct
3242 5297 3334 5349 lib.
3357 5313 3392 5350 ιι
3428 5312 3517 5365 ep.

1951 5368 2079 5430 212,
2116 5368 2184 5421 de
2214 5368 2314 5421 hac
2340 5383 2399 5420 re
2432 5366 2608 5435 egisse
2638 5366 2911 5434 perhibet.

2023 5437 2092 5506 (r)
2126 5436 2314 5489 Matth.
2342 5436 2545 5506 Evang.
2578 5452 2674 5497 xu,
2707 5436 2793 5489 40.

2023 5503 2090 5580 (si
2122 5508 2437 5580 Chatardus
2467 5503 2636 5580 edidit
2676 5505 2937 5580 πληροῦν.
2969 5504 3153 5580 Quam
3186 5503 3514 5574 scripturam

1952 5575 2192 5634 tutantur
2215 5577 2369 5636 codd.
2402 5577 2533 5634 Bav.
2563 5575 2683 5635 Vat.
2722 5578 2841 5631 (359..
2873 5586 2926 5629 ct
2954 5576 3061 5628 Alt.
