3890 6134
389 231 465 298 99
1428 235 2097 301 COMMENTATIONIS
2132 236 2324 297 PARS
2359 235 2474 295 In.

3516 223 3616 289 100

376 353 663 421 mansisse,
697 352 989 410 ostendere
1041 358 1270 407 conatur
1318 349 1551 406 diversis
1605 350 1804 404 modis.
1850 349 1945 403 Et-
1974 355 2017 410 Α
2045 348 2157 402 cies
2182 363 2292 402 nou
2326 345 2675 417 explicaverit
2698 385 2712 409 ,
2740 345 2837 401 sed
2877 344 3063 401 decem
3088 340 3425 415 argumentis
3464 340 3615 411 Apu-

378 445 523 500 enim
557 444 712 515 ἕκτῃ,
741 443 940 513 Inqnit,
972 442 1091 513 ὥρᾳ
1118 443 1220 511 τῆς
1250 441 1601 512 παρασκευῆς
1629 439 1948 512 ἐσταυρώθη

379 539 409 591 ὁ
442 535 645 606 Κύριος
670 574 686 601 ,
716 534 824 588 ἀπὸ
851 535 1056 604 ταύτης
1085 532 1192 595 ἕως
1218 532 1443 603 ὲννάτης
1474 532 1664 595 σκότος
1710 532 1948 599 ἐγένετο,

380 622 539 677 τοῦτο
566 622 734 675 νύκτα
778 638 868 691 μοι
902 622 1094 692 νόησον
1114 636 1128 649 '
1162 621 1320 674 πάλιν
1354 620 1461 673 ἀπὸ
1487 620 1587 690 τῆς
1620 621 1696 687 (a)
1724 620 1950 689 ἐννάτης

384 714 533 783 φῶς,
562 711 722 765 τοῦτο
750 712 907 766 πάλιν
937 714 1151 785 ἡμέραν
1172 728 1187 745 ο
1232 713 1267 781 ή
1299 711 1397 776 νὺξ
1424 706 1581 774 αὖθις
1630 712 1731 780 τῆς
1773 728 1952 781 παρα-

386 803 614 871 σκευῆς·
649 802 708 855 τὸ
742 802 1012 856 σάϐϐατον
1043 803 1204 856 πάλιν
1235 804 1423 874 ἡμέρα
1447 817 1461 834 ο
1498 802 1653 873 ἡνὺξ
1685 801 1778 855 τοῦ
1818 800 1951 854 σαϐ-

386 894 549 947 ϐάτου
570 895 598 946 ὁ
618 895 716 965 τῆς
746 896 1026 966 Κυριακῆς
1047 895 1261 968 ὄρθρος.
1284 895 1425 950 κατὰ
1448 896 1538 950 τὸν
1566 897 1953 967 εύαγγελιστὴν

387 984 617 1052 λέγοντα
642 1023 658 1049 ,
691 987 757 1056 τῇ
816 986 1199 1057 ἐπιφωσκούσῃ
1234 988 1313 1050 εἰς
1349 987 1477 1057 μίαν
1501 988 1609 1039 τῶν
1645 988 1949 1043 σαϐϐάτων.

385 1074 569 1144 Itaque
586 1076 816 1145 primam
844 1084 1057 1129 noctem
1080 1092 1109 1130 e
1136 1078 1307 1131 tribus
1339 1079 1647 1133 constitisse
1677 1080 1855 1143 boris,
1886 1079 1953 1133 atl

384 1180 522 1234 quas
549 1164 729 1220 Marco
756 1175 893 1220 teste
926 1166 997 1236 (b)
1028 1166 1145 1221 ista:
1181 1168 1519 1223 duraverunt
1558 1170 1809 1234 teuebrm,
1845 1179 1954 1223 sta-

388 1254 491 1309 tuit
521 1264 710 1310 acutus
747 1255 847 1310 iste
879 1257 1170 1327 interpres.
1203 1258 1356 1323 Quod
1395 1275 1554 1328 quam
1583 1260 1653 1313 sit
1692 1260 1952 1314 insulsum

386 1347 503 1416 ipse
528 1347 744 1401 videtur
770 1347 1025 1413 sensisse,
1046 1363 1169 1402 cum
1187 1349 1347 1403 aliam
1368 1350 1496 1404 dicti
1524 1351 1667 1404 illius
1689 1359 1955 1420 proponat

384 1438 822 1507 explicationem.
882 1439 1044 1493 .Iesus
1077 1439 1221 1494 enim
1246 1481 1262 1505 ,
1314 1441 1529 1510 inquit,
1560 1443 1619 1494 ὲν
1658 1445 1721 1512 τῇ
1772 1459 1953 1509 παρα-

387 1529 553 1597 σκευῇ
578 1528 726 1581 cruci
744 1526 956 1593 alﬁxus,
983 1537 1251 1591 mortuus.
1279 1530 1579 1601 eodemque
1598 1531 1686 1585 die
1708 1531 1953 1600 sepultus

385 1628 489 1673 est.
522 1617 701 1683 Quare
733 1619 823 1673 hic
855 1620 1062 1687 primus
1088 1658 1103 1684 ,
1134 1620 1420 1674 sabbatum
1467 1636 1620 1683 vero,
1659 1622 1804 1690 quod
1834 1621 1953 1673 ὅλον

387 1708 645 1778 ἐποίησεν
681 1708 740 1760 ἐν
769 1708 846 1778 τῷ
870 1709 1026 1779 τάφῳ
1054 1709 1082 1760 ὀ
1120 1707 1322 1779 Κύριος
1341 1750 1355 1770 .
1382 1712 1671 1776 secundus,
1694 1720 1749 1765 et
1779 1708 1952 1765 domi-
1983 1695 2025 1749 Β

388 1796 531 1862 nica,
570 1812 675 1866 qua
712 1798 1026 1852 lucescente
1055 1798 1394 1862 resurrexit,
1432 1800 1551 1854 dies
1579 1802 1773 1855 tertius
1808 1810 1953 1857 recte

389 1896 721 1941 numeratur.
762 1888 1110 1958 Κακομάχοις
1139 1903 1301 1951 vero,
1337 1890 1409 1943 ita
1440 1890 1585 1944 enim
1635 1891 1837 1962 pergit,
1874 1908 1954 1946 me

389 1990 551 2045 neque
570 1984 702 2029 totos
732 1976 839 2029 dies
865 2017 881 2042 ,
913 1992 1004 2029 nec
1035 1985 1136 2030 tres
1165 1985 1334 2030 noctes
1372 1994 1701 2033 enumerasse
1735 1980 1955 2033 dicenti-

387 2064 482 2118 bus
503 2106 518 2129 ,
551 2065 606 2119 in
638 2066 786 2121 hunc
814 2068 1167 2137 respondens
1198 2068 1419 2122 modum
1453 2084 1466 2119 :
1499 2070 1816 2140 imperator,
1862 2072 1954 2142 qui

386 2156 763 2227 etsi‘captivis,
800 2173 857 2212 se
890 2174 985 2214 eos
1017 2169 1140 2229 post
1179 2169 1290 2217 tres
1319 2162 1435 2217 dies
1459 2176 1490 2215 e
1516 2163 1764 2216 custodia
1794 2163 1957 2218 emis-

386 2260 574 2300 surum
601 2262 744 2311 esse,
778 2248 1045 2317 promisit,
1070 2266 1163 2305 eos
1187 2259 1364 2305 tamen
1392 2262 1515 2306 ante
1544 2252 1762 2315 emittit,
1792 2268 1954 2323 quam

387 2337 507 2391 dies
534 2337 666 2391 abiit
698 2338 1065 2403 constitutus,
1117 2357 1227 2395 non
1275 2341 1449 2395 solum
1488 2342 1755 2397 mendacii
1802 2343 1955 2411 argui

388 2428 619 2498 nequit,
654 2445 841 2484 verum
880 2446 1230 2502 summopere
1273 2435 1578 2489 laudandus
1621 2445 1705 2489 est
1731 2474 1746 2498 ,
1777 2436 1956 2505 itaque

392 2518 652 2573 Dominus
688 2530 873 2577 noster
900 2520 1059 2578 Jesus
1090 2524 1344 2579 Christus
1361 2527 1537 2590 citius,
1574 2543 1733 2596 quam
1759 2528 1957 2596 promi;

386 2619 553 2676 serat,
590 2625 885 2679 resurgens
913 2612 982 2666 ab
1020 2615 1275 2669 omnibus
1296 2615 1491 2669 merito
1527 2617 1800 2670 adoratur.
1833 2617 1958 2682 Qui-

389 2698 494 2753 bus
526 2699 703 2753 verbis
736 2715 861 2755 cum
906 2712 1097 2757 auctor
1120 2744 1134 2767 ,
1168 2702 1513 2759 Servatorem
1551 2709 1700 2776 τρεῖς
1744 2708 1958 2777 ἡμέρας

388 2788 485 2841 καὶ
510 2791 657 2859 τρεῖς
686 2789 885 2854 νύκτας
924 2791 978 2845 in
1022 2794 1272 2863 sepulcro
1301 2810 1409 2849 non
1448 2798 1792 2864 remansisse,
1823 2814 1958 2853 con-

389 2880 583 2946 cedat,
612 2896 737 2935 eum
761 2882 946 2937 omnia
969 2923 983 2949 ,
1013 2885 1082 2938 ab
1108 2886 1227 2954 ipso
1256 2886 1323 2941 ad
1347 2887 1713 2943 difﬁcultatem
1742 2891 1958 2944 solven-

389 2970 511 3024 dam
538 2971 697 3041 paulo
726 2979 851 3027 ante
880 2972 1063 3041 allata,
1096 2990 1309 3031 rursum
1343 2978 1549 3045 tollere,
1579 2979 1699 3048 quis
1731 2989 1833 3045 est,
1865 2979 1954 3049 qui

390 3080 499 3120 non
545 3065 763 3121 videat?
789 3096 859 3106 —
889 3063 1120 3121 Omnem
1162 3084 1291 3123 vero
1330 3086 1547 3139 cperam
1587 3070 1861 3141 perdidit,
1899 3079 1959 3123 ut

388 3156 550 3209 etiam
585 3171 615 3209 a
647 3154 1098 3211 Rosenmuellero
1133 3158 1206 3229 (c)
1237 3160 1582 3215 observatum
1606 3171 1689 3215 est
1712 3201 1727 3226 ,
1768 3177 1831 3215 ea
1864 3177 1959 3215 ex-

380 3243 705 3315 plicaturus,
732 3259 853 3314 quae
883 3245 951 3299 de
967 3246 1190 3302 Joannis
1211 3247 1465 3318 Baptista:
1480 3251 1602 3303 cibo
1624 3250 1961 3306 tradiderunt

387 3335 754 3406 evangelistae.
807 3338 1062 3409 Ἀκρίδας
1094 3338 1240 3391 enim
1285 3355 1393 3393 non
1439 3340 1675 3394 locustas
1713 3355 1834 3394 esse
1858 3381 1873 3405 ,
1906 3341 1960 3394 in

387 3425 616 3493 epistola
644 3426 713 3480 ad
744 3425 921 3480 Nilum
955 3427 1033 3498 (ά)
1067 3427 1191 3480 data
1224 3429 1508 3497 Opinatur,
1537 3431 1633 3483 sed
1656 3430 1962 3500 plantarum

388 3524 661 3571 extremas
688 3526 899 3585 partes;
925 3517 1107 3587 itaque
1128 3519 1353 3573 verbum
1379 3519 1539 3589 ἄκρις
1565 3531 1960 3590 paroxytonon,

392 3612 451 3658 et
480 3606 641 3675 ἀκρίς
674 3615 951 3677 oxytonon
990 3609 1347 3662 commutavit
1384 3609 1523 3663 inter
1572 3625 1716 3665 sese.
1748 3641 1820 3651 —
1855 3611 1964 3667 Ne-

390 3708 532 3761 que,
558 3696 602 3749 si
635 3711 826 3751 verum
854 3706 1033 3761 esset,
1063 3697 1207 3766 quod
1243 3706 1400 3766 putat
1423 3698 1693 3768 Dupinius
1725 3698 1821 3770 (ε),
1858 3699 1961 3754 Isi-

388 3787 583 3843 dorum
607 3788 663 3841 in
698 3804 805 3842 una
832 3788 1137 3859 eademque
1169 3789 1400 3858 epistola
1444 3790 1509 3860 (Γ)
1542 3791 1759 3860 aliquod
1806 3790 1958 3847 Pauli

390 3880 618 3951 apostoli
648 3880 851 3935 dictum
887 3879 1105 3937 diverso
1140 3881 1302 3934 modo
1329 3880 1509 3936 decies
1542 3882 1860 3951 explicasse,
1895 3898 1963 3938 eo

390 3973 633 4043 ejusdem
679 3971 896 4042 probari
946 3981 1133 4042 posset
1176 3971 1231 4026 in
1270 3971 1546 4041 Scriptura
1592 3990 1745 4030 sacra
1776 3976 1962 4045 expla-

392 4066 573 4119 nanda
598 4064 817 4118 solertia
839 4104 854 4130 ,
886 4063 1015 4133 quin
1065 4062 1246 4133 potius
1275 4078 1372 4117 nos
1407 4063 1509 4118 hoc
1545 4062 1595 4119 Oi
1626 4076 1963 4121 verteremus

390 4153 544 4218 vitio,
575 4154 661 4208 cui
690 4162 871 4208 tamen
899 4170 1007 4208 non
1030 4161 1114 4209 est
1139 4153 1425 4219 obnoxius,
1451 4170 1575 4209 cum
1607 4156 1661 4210 in
1717 4157 1804 4211 illa
1843 4158 1962 4227 epi-

402 4244 544 4299 stola
577 4242 730 4303 Pauli
770 4245 937 4299 verba
972 4263 985 4298 :
1037 4245 1151 4299 Πᾶν
1182 4247 1518 4317 ἁμάρτημα,
1556 4247 1585 4299 ὃ
1627 4247 1724 4301 ἐὰν
1758 4251 1959 4321 ποιήσῃ

2050 438 2250 492 stolum
2273 454 2399 493 vera
2430 438 2717 507 scripsisse
2740 438 3071 507 probaverit.

2115 528 2356 598 Apparet
2380 529 2545 598 igitur
2566 544 2630 582 ex
2654 528 2906 583 omnibus
2936 529 3022 582 his
3048 527 3329 597 exemplis,
3352 524 3618 580 lsidorum

2048 618 2436 688 interpretandi
2454 634 2681 674 munere
2703 620 2975 674 interdum
2988 619 3127 673 bene
3151 619 3395 673 functum
3420 615 3617 679 fuisse;

2050 710 2303 765 eumdem
2352 727 2483 766 vero
2536 710 2839 765 difﬁciliora
2886 711 3089 765 Christi
3138 720 3193 764 et
3244 708 3621 779 apostolorum

2049 800 2191 855 dicta
2240 801 2665 870 explicaturum,
2709 810 2803 855 aut
2841 801 3071 854 aliorum
3115 800 3339 853 Patrum
3388 797 3619 867 vestigia

2051 900 2297 946 secutum
2329 907 2470 957 esse,
2503 902 2596 947 aut
2627 908 2815 962 parum
2843 901 3115 955 accurate,
3148 906 3399 960 quaenam
3436 888 3621 944 verbis

2054 982 2181 1036 insit
2209 982 2476 1036 sententia
2493 1024 2505 1047 ,
2530 982 2862 1052 exposuisse.
2886 981 3245 1035 Nihilominus
3275 988 3456 1033 tamen
3481 978 3622 1031 inter

2055 1074 2310 1142 optimos,
2335 1073 2426 1141 qui
2444 1073 2533 1126 illo
2551 1082 2792 1143 tempore
2816 1073 3133 1136 ﬂoruerunt,
3162 1072 3493 1139 interpretes
3519 1084 3622 1123 nos

2052 1178 2269 1232 quoque
2299 1178 2423 1216 eum
2463 1178 2905 1227 numerarcmus,
2955 1164 2999 1218 si
3038 1172 3154 1216 arte
3200 1162 3388 1215 critica
3427 1161 3625 1215 melius

2055 1262 2321 1317 uteretur,
2364 1262 2419 1306 ct
2461 1254 2668 1308 insanis
2702 1254 2882 1310 minus
2915 1255 3278 1309 delectaretur
3323 1251 3623 1323 allegoriis.

2056 1346 2267 1400 Etenim
2308 1362 2337 1400 a
2376 1346 2618 1413 partibus
2654 1346 3086 1401 Roseumuelleri
3111 1389 3125 1413 ,
3159 1345 3249 1415 qui
3289 1360 3521 1408 omnes,
3562 1342 3619 1396 in

2052 1438 2249 1505 quibus
2283 1436 2494 1493 Veteris
2526 1439 2767 1507 Novique
2796 1437 3127 1492 Tcstamenti
3176 1438 3294 1492 loca
3323 1436 3391 1490 ab
3419 1434 3624 1488 Isidoro

2058 1528 2343 1597 allegorice
2372 1530 2633 1598 explicata
2663 1538 2819 1596 sunt,
2854 1545 2961 1583 non
2991 1545 3112 1583 esse
3138 1530 3206 1583 ab
3246 1529 3364 1598 ipso
3390 1527 3627 1595 scriptas

2055 1620 2363 1688 suspicatur
2379 1628 2522 1674 stare
2536 1636 2643 1675 non
2665 1636 2989 1691 possumus;
3015 1621 3139 1690 quia
3154 1621 3207 1674 in
3237 1628 3491 1689 promptu
3526 1627 3624 1679 “st.

2056 1708 2225 1773 illum,
2249 1709 2593 1779 alioquisatis
2609 1718 2849 1775 cautum,
2873 1720 3119 1779 aut,qu:e
3138 1708 3442 1762 IIcumanni
3466 1706 3629 1760 fuerit

2055 1798 2344 1861 sententia,
2379 1815 2484 1853 nou
2516 1799 2863 1864 intellexisse,
2908 1807 3004 1852 aut
3032 1797 3277 1868 ejusdem
3312 1797 3380 1851 de
3419 1795 3630 1849 Isidoro

2055 1889 2278 1959 ejusque
2307 1890 2522 1959 scriptis
2544 1889 3059 1944 commentationem
3084 1903 3152 1943 ne
3168 1888 3363 1958 legisse
3387 1886 3627 1957 quidem.

2054 1977 2253 2032 Scribit
2284 1979 2431 2033 enim
2462 1995 2474 2031 :
2509 1977 2975 2047 Interpretationes
3007 1977 3319 2048 allegoricas
3349 1991 3625 2045 gramma-

2056 2070 2170 2124 tica:
2199 2070 2646 2139 interpretationis
2674 2070 3062 2123 studiosissimo
3093 2070 3225 2122 adeo
3259 2067 3494 2135 indigna:
3518 2079 3630 2118 esse

2054 2160 2320 2227 videntur,
2350 2169 2406 2213 ut
2443 2176 2545 2214 non
2573 2176 2710 2213 vana
2756 2162 2825 2214 sit
2852 2160 3102 2230 suspicio,
3138 2174 3249 2233 non
3270 2158 3477 2227 quidem
3513 2153 3630 2225 ple-

2056 2267 2265 2320 rasque,
2299 2260 2355 2304 ut
2381 2251 2547 2303 visum
2578 2259 2653 2303 est
2688 2249 2774 2304 Jo.
2799 2250 2938 2320 Aug.
2968 2254 3303 2310 Heumamto,
3329 2246 3525 2301 multas
3553 2255 3631 2299 ta-

2056 2356 2192 2403 men,
2232 2355 2347 2409 qua:
2380 2340 2426 2393 ei
2459 2341 2778 2405 tribuuntur,
2806 2339 3048 2409 epistolas
3080 2337 3320 2393 sublesta:
3340 2354 3451 2391 esse
3479 2336 3626 2407 ﬁdei.

2054 2462 2123 2472 —
2158 2430 2345 2501 Neque
2377 2440 2577 2495 tamen,
2606 2432 2826 2501 quinam
2865 2432 3050 2498 fuerit,
3093 2432 3204 2497 illo,
3234 2446 3344 2501 quo
3383 2430 3631 2484 Isidorus

2056 2522 2218 2588 vixit,
2247 2538 2361 2577 aevo
2401 2522 2532 2577 artis
2572 2523 2991 2577 hermeneuticaa
3019 2522 3306 2591 omnisque
3337 2521 3629 2592 theologia:

2058 2622 2250 2678 status,
2296 2612 2352 2666 in
2382 2614 2697 2668 memoriam
2738 2623 3056 2670 revocantes
3085 2614 3407 2668 Heumanno
3430 2627 3630 2683 possu-

2059 2720 2180 2758 mus
2209 2706 2496 2771 assentiri,
2529 2706 2623 2774 qui
2672 2706 2829 2761 malis
2865 2705 3126 2761 Isidorum
3155 2704 3631 2759 annumerandum

2058 2809 2175 2848 esse
2198 2794 2494 2849 arbitratur
2524 2795 2937 2866 interpretibus,
2965 2795 3060 2850 sed
3087 2810 3206 2865 quae
3228 2795 3283 2848 in
3310 2794 3492 2849 medio
3525 2793 3631 2848 sita

2059 2892 2143 2937 est
2184 2885 2489 2949 sententia,
2536 2900 2659 2940 eam
2707 2892 2974 2941 tenemus.
3011 2885 3281 2956 Decujus
3312 2885 3543 2939 veritate
3574 2894 3633 2939 ut

2064 2972 2250 3027 lectori
2282 2976 2479 3044 cuique
2504 2976 2950 3045 persuadeamus,
2973 2986 3160 3042 restat,
3189 2977 3427 3046 primum
3456 2984 3515 3030 ut
3542 2991 3633 3030 ar-

2011 3068 2025 3081 ‘
2064 3073 2170 3117 tem
2200 3064 2440 3119 criticam
2468 3065 2536 3120 ab
2566 3066 2770 3121 Isidoro
2794 3066 2983 3123 leviter
3011 3083 3132 3123 esse
3174 3068 3471 3123 factitatam
3501 3082 3631 3137 pro-

2063 3155 2243 3218 betur,
2282 3155 2481 3210 deinde
2535 3165 2597 3211 ut
2633 3158 2893 3227 exemplis
2938 3159 3263 3229 quibusdam
3314 3159 3634 3216 ostendatur

2062 3244 2410 3310 Pclusiotam,
2436 3253 2495 3299 ut
2525 3246 2660 3301 alios
2677 3248 2924 3318 ejusdem
2954 3249 3053 3305 αξνί
3085 3247 3634 3327 interpretes,inepto

2061 3336 2443 3406 allcgoriarum
2477 3338 2656 3392 studio
2685 3339 2849 3395 nimis
2877 3340 3045 3396 fuisse
3084 3341 3346 3397 deditum.

2133 3424 2452 3493 Etprimum
2480 3426 2699 3494 quidem
2723 3436 2914 3482 notatu
2943 3429 3076 3485 satis
3102 3429 3325 3500 dignum
3354 3438 3457 3494 est,
3488 3428 3632 3500 quod

2063 3513 2189 3568 alibi
2221 3514 2333 3583 jam
2363 3515 2643 3585 tetigimus
2689 3515 2786 3589 (It),
2818 3534 2941 3573 eum
2984 3520 3353 3590 statuissejrov
3388 3521 3518 3574 Υίδν
3540 3520 3633 3573 τοῦ

2062 3603 2197 3657 Θεοῦ
2242 3620 2273 3659 a
2321 3604 2487 3662 Paulo
2536 3624 2644 3663 non
2712 3613 3078 3681 πρωτότοκον,
3135 3613 3230 3668 sed
3289 3612 3635 3684 πρωτοτόκον

2062 3696 2390 3766 appellatum
2448 3713 2593 3754 esse.
2630 3731 2703 3743 ο-
2751 3702 2953 3758 Deinde
3002 3704 3055 3757 in
3104 3704 3342 3759 medium
3389 3703 3634 3774 proferre

2062 3787 2239 3858 placet
2280 3789 2566 3859 epistolam
2615 3792 2818 3849 Uranio
2863 3795 3093 3851 diacono
3136 3796 3392 3866 scriptam
3440 3796 3526 3867 (ὅ),
3577 3794 3633 3849 in

2061 3895 2165 3949 qua
2193 3880 2283 3935 ille
2330 3881 2483 3937 Pauli
2510 3884 2676 3938 verba
2709 3886 2773 3956 (j)
2823 3904 2835 3939 :
2878 3886 3118 3957 Διαθήκη
3148 3886 3254 3960 γὰρ
3293 3887 3385 3940 ἐπὶ
3417 3888 3631 3957 νεκροῖς

2063 3968 2256 4039 βεϐαία
2286 4012 2301 4037 ,
2336 3972 2461 4026 ἐπεὶ
2493 3973 2701 4045 μήποτε
2759 3976 2932 4048 ἰσχύει
2965 3979 3053 4031 ὅτε
3086 3977 3151 4049 ζῇ
3198 3981 3227 4031 ὁ
3268 3979 3629 4049 διαθέμενος..

2059 4063 2315 4132 explicari
2346 4065 2565 4134 quidem
2592 4082 2747 4136 posse
2770 4069 3036 4137 concedit,
3068 4071 3161 4125 sed
3187 4070 3388 4125 rectius
3411 4070 3488 4141 μὴ
3512 4069 3631 4123 τότε

2060 4168 2160 4223 pro
2189 4154 2397 4224 μήποτε
2427 4156 2586 4211 scribi
2608 4158 2855 4223 allirtuat,
2874 4160 2928 4213 in
2948 4161 3093 4215 hunc
3119 4160 3337 4216 modum
3363 4180 3375 4214 :
3414 4157 3633 4231 Ἐπείδὴ

2061 4243 2339 4313 γέγραφας
2371 4245 2606 4315 νομίζων
2645 4248 2722 4317 Ut)
2757 4250 2836 4313 εἰς
2896 4251 3202 4304 τούναντίον
3247 4244 3307 4304 οὗ
3351 4252 3634 4322 προήρητο

400 4334 713 4406 ἄνθρωπος,
740 4336 897 4400 ἐκτὸς
920 4333 1015 4389 τοῦ
1052 4336 1301 4405 σώματός
1331 4339 1511 4390 ἐστιν·
1540 4338 1569 4390 ὁ
1595 4336 1652 4389 δὲ
1684 4338 1959 4409 πορνεύων
1992 4350 2036 4406 ι)
2064 4335 2237 4386 εἰπεῖν
2266 4335 2325 4406 (l)
2367 4338 2794 4409 περιτετράφθαι
2823 4340 2915 4393 τὸν
2953 4342 3182 4407 Παῦλον,
3215 4343 3268 4395 τί
3317 4344 3453 4398 ἐστι.
3511 4346 3636 4396 Δια-

390 4423 471 4488 sic
499 4422 560 4477 τὸ
593 4422 723 4477 [διον
764 4424 925 4494 σῶμα
956 4423 1258 4493 ἁμαρτάνει
1296 4424 1371 4494 (g)
1404 4424 1621 4479 diverso
1661 4425 1820 4480 modo
1859 4427 1957 4482 de-

461 4641 541 4714 (a)
569 4642 683 4712 Τῆς
713 4640 857 4711 quod
882 4641 1043 4713 vulgo
1065 4642 1357 4709 omittitur,
1380 4658 1411 4700 e
1437 4643 1561 4701 cod.
1595 4643 1721 4701 Bav.
1757 4646 1965 4703 adden-

393 4714 522 4769 dum
554 4716 675 4765 es’se
702 4726 918 4765 censeo.

487 4784 538 4845 b)
573 4781 775 4851 Evang.
812 4780 975 4835 Marc.
1006 4798 1095 4845 xv,
1132 4783 1221 4837 55.

487 4790 538 4845 b)
573 4790 775 4851 Evang.
812 4790 975 4835 Marc.
1006 4798 1095 4845 xv,
1132 4790 1221 4837 55.

464 4790 534 4923 ἒς)
556 4851 1026 4925 Roseumucllerl.
1062 4866 1140 4925 ο..
1163 4869 1220 4922 p.
1254 4852 1378 4925 QII.
1402 4852 1484 4909 Cf.
1521 4855 1786 4925 Dupinius
1814 4857 1850 4911 l.
1886 4873 1961 4924 c.,

392 4941 447 4996 ρ,
572 4922 678 4996 col.
711 4920 767 4987 2,
802 4931 855 4975 ct
888 4922 1045 4996 llich.
1087 4920 1366 4996 Simon._l.
1408 4941 1480 4989 c.,
1521 4941 1574 4996 p.
1606 4920 1734 4989 '508,
1769 4928 1874 4981 col.
1914 4920 1960 4981 I.

459 4992 542 5115 ad)
572 4990 690 5044 Lib.
726 5006 777 5071 ξ,
809 5006 895 5059 ep.
944 4993 997 5045 5.
1054 5022 1125 5031 —
1161 4995 1209 5073 εἰ
1240 4993 1418 5077 τοίνύν
1450 4990 1541 5048 καῖ
1579 4996 1840 5083 βρώματα
1871 4998 1965 5049 καὶ

494 5063 679 5115 fluam
692 5078 792 5115 της
813 5065 953 5114 κατὰ
978 5062 1109 5114 Θεὸν
1121 5078 1329 5115 τελειας
1354 5066 1635 5115 ασκήσεως
1657 5067 1713 5115 ἐν
1764 5065 1964 5115 Ιωάνντι

392 5060 679 5183 inﬁgura
692 5060 792 5127 τῆς
813 5065 953 5114 κατὰ
978 5062 1109 5114 Θεὸν
1121 5062 1329 5126 τελείας
1354 5060 1635 5133 ἀσκήσεως
1657 5060 1713 5117 ἐν
1746 5065 1966 5136 Ἰωάννῃ

393 5132 472 5183 τῶ
559 5133 792 5183 απτιστῆ
840 5131 1253 5183 ἐπαιδεύθημεν.
1287 5133 1431 5183 θοιὲὶ
1464 5134 1580 5183 μὲν.
1632 5136 1681 5183 εἰ
1723 5130 1832 5183 οἷόν
1883 5153 1963 5183 τε.

393 5132 472 5202 τῷ
515 5130 793 5199 Βαπτιστῆ
840 5131 1253 5201 ἐπαιδεύθημεν,
1287 5133 1431 5201 θριξὶ
1464 5130 1580 5201 μὲν,
1632 5136 1681 5185 εἰ
1723 5130 1832 5185 οἷόν
1883 5130 1966 5196 re,

397 5202 534 5286 πρὸς
565 5199 779 5286 ants-nm)
811 5200 1300 5286 ἀρκερθησόμεθας
1342 5204 1612 5286 ἁκρέμρσι
1638 5203 1692 5254 δὲ
1729 5203 1966 5286 βοτανΊῷν

392 5270 716 5342 καὶνγφυτῶν
762 5270 898 5339 πρὸς
927 5270 1098 5342 -λιτὴν
1144 5274 1349 5342 τροφὴν
1374 5270 1819 5342 ίκαιάπὲριττον.
1868 5273 1958 5328 Sic

396 5339 740 5413 scribendum
754 5338 1270 5413 censuiauctoritate
1288 5338 1407 5413 cod.
1435 5342 1543 5413 Alt.
1560 5338 1731 5411 V'ulgo
1755 5360 1767 5396 :
1795 5342 1959 5413 ἀκρέ-

442 5427 526 5481 οσι
555 5408 612 5461 δὲ
642 5408 881 5477 βοτανῶν
911 5411 1005 5481 καὶ
1026 5409 1237 5481 φύλλων
1267 5410 1401 5481 πρὸς
1428 5411 1614 5481 ὀλίγην
1636 5408 1839 5481 τροφὴν
1865 5408 1958 5464 Stal.

442 5428 526 5463 οσι
555 5428 612 5461 οε
642 5428 881 5477 ροτανων
911 5428 1005 5462 και
1026 5428 1237 5477 φύλλων
1267 5428 1400 5476 προς
1428 5428 1614 5479 οΑιγην
1636 5428 1839 5481 τροφην
1865 5428 1954 5464 και

396 5428 623 5548 ἕύναμιν
653 5507 724 5520 ——
754 5494 874 5548 qua;
908 5479 1070 5532 etiam
1115 5480 1168 5548 in
1208 5480 1327 5532 cod.
1372 5480 1499 5534 Bav.
1531 5480 1731 5534 desunt
1758 5510 1828 5521 —
1859 5484 1954 5535 καὶ

399 5547 704 5619 ᾲπέριττον.
727 5547 895 5602 +Ct'.
924 5561 1086 5617 porro
1118 5547 1365 5619 ejusdem,
1389 5549 1509 5603 libri
1548 5551 1774 5619 epistola
1810 5552 1953 5616 152.,

400 5616 453 5670 in
480 5630 584 5687 qua
611 5618 752 5673 hanc
774 5616 939 5674 suam’
966 5617 1286 5674 sententiam
1317 5618 1474 5687 plane
1506 5629 1559 5675 ct
1582 5616 1832 5677 distincte
1856 5623 1954 5677 de-

2064 4425 2206 4496 θήκη
2230 4426 2337 4498 γὰρ
2358 4428 2450 4482 ἐπὶ
2476 4432 2688 4501 νεκροῖς
2716 4430 2926 4501 βεϐαία,
2951 4433 3072 4487 ἐπεὶ
3104 4434 3312 4505 μήποτε
3345 4434 3521 4505 ἰσχύει
3544 4436 3635 4490 ὅτε

2069 4653 2291 4778 glagais'it
2326 4654 2581 4713 Isidorus.
2613 4691 2680 4700 —
2706 4658 2791 4715 Cf.
2833 4659 3140 4715 Comment.
3186 4674 3243 4728 p.
3281 4674 3355 4723 ll,
3391 4658 3536 4729 App.
3581 4661 3637 4725 1,

2069 4739 2449 4867 μ-(ἵῗοῡιιρίη.
2488 4796 2524 4851 1.
2562 4813 2636 4861 c.,
2666 4814 2720 4867 p.
2754 4798 2807 4864 8,
2840 4799 2945 4853 col.
2988 4797 3037 4851 1.
3074 4798 3215 4851 Pour
3251 4812 3452 4866 preuve
3485 4799 3554 4854 dc
3579 4816 3636 4854 sa

2071 4863 2406 4936 penetration
2430 4876 2482 4921 et
2513 4867 2580 4921 de
2610 4863 2707 4921 son
2744 4863 2979 4923 habileté
3014 4868 3149 4921 (laus
3183 4863 3635 4936 l’iuterprétation

2070 4934 2138 5008 tle
2168 4934 2449 5008 I'Ecriturc
2488 4938 2661 5008 sainte
2686 4980 2701 5003 ,
2740 4938 2775 4991 il
2814 4938 2961 4992 sullit
3019 4939 3087 4991 de
3132 4934 3446 5008 remarquer
3496 4939 3633 5008 qu'il

2061 5002 2255 5078 donue_
2274 5007 2362 5078 dix
2384 5002 2737 5078 explications
2761 5007 2792 5061 ὲ
2820 5025 2889 5062 un
2914 5022 3140 5078 passage
3166 5002 3491 5076 de.S.:Paul.

2136 5075 2199 5144 (ί)
2237 5073 2353 5144 μυ.
2388 5073 2468 5144 tv.
2498 5092 2584 5144 ep.
2615 5077 2737 5131 129.

2133 5142 2207 5213 (gl
2238 5141 2388 5213 Paul.
2422 5142 2441 5195 Ι
2473 5141 2562 5213 cp.
2594 5146 2663 5200 ad
2683 5146 2807 5202 Cor.
2842 5162 2918 5212 Vt,
2950 5144 3037 5200 I8.

2139 5212 2213 5279 (ιι)
2239 5212 2329 5282 κει.
2360 5230 2412 5282 ρ.
2447 5214 2573 5268 eos.

2140 5282 2198 5353 (ἦ)
2234 5281 2452 5353 ιλίὺῃν,
2489 5300 2577 5353 ep.
2603 5284 2725 5353 115.

2135 5349 2200 5419 (j)
2233 5352 2387 5407 Paul.
2423 5349 2610 5419 epfad
2644 5352 2809 5407 Hebr.
2842 5370 2915 5417 ix,
2947 5352 3033 5405 17.

2136 5420 2211 5492 (lt)
2246 5420 2393 5475 lianc
2421 5420 2784 5492 Rittershusii
2829 5423 3196 5492 conjecturam
3230 5427 3458 5487 tutatur,
3503 5431 3643 5478 teste

2061 5487 2309 5562 Possino,
2334 5491 2454 5546 cod.
2486 5490 2610 5545 Vat.
2641 5492 2764 5547 650.
2799 5487 2962 5562 ναιεέ
2983 5493 3209 5561 νομίζω.

2133 5561 2194 5631 (Ι)
2228 5559 2319 5617 Sic
2355 5562 2475 5618 cod.
2505 5562 2627 5617 Vat.
2669 5562 2793 5619 650.
2826 5556 3078 5632 —'Vu|g'.
3114 5560 3434 5632 προείρηται
3461 5556 3646 5616 εἷπον.
