3890 6134
231 218 326 289 101

1499 223 1598 284 lSI
1606 222 1790 285 DORI
1827 223 2231 289 DOCTRINA.

3390 228 3493 295 102

233 340 295 410 ζῇ
327 340 356 392 ό
384 337 706 409 διαθέμενος
726 353 742 369 θ
805 336 1207 392 ἀντεπιστέλλω
1227 378 1243 403 ,
1284 337 1366 392 ὅτι
1397 336 1460 390 τὸ
1494 339 1702 409 μήποτε
1738 337 1813 409 μὴ

1927 340 2079 395 luerit
2107 339 2458 406 sententiam,
2490 353 2614 395 cum
2646 339 2783 411 ipse,
2811 339 2876 396 ad
2914 355 3025 397 rem
3066 342 3376 398 accuratius
3396 345 3494 399 de-

230 432 349 484 τὸτε
383 431 462 501 (a)
494 429 647 495 ἐστὶ,
685 426 816 501 μιᾶς
840 429 1068 501 κεραίας
1106 427 1186 481 ἑνὶ
1220 427 1472 499 στοιχείῳ
1513 428 1619 481 ὑπό
1650 444 1813 483 τινων

232 520 363 583 [σως
394 519 626 590 ἀμαθῶν
656 519 733 591 (b)
763 518 1173 591 προστεθείσης.
1208 518 1365 571 Οὕτω
1393 519 1502 589 γὰρ
1534 513 1693 587 εὗρον
1719 519 1815 572 καὶ

230 610 288 664 ὲν
321 610 576 674 παλαιοῖς
614 610 989 681 ἀντιγράφοις.
1028 609 1102 662 Οὺ
1140 610 1249 680 γὰρ
1280 609 1346 663 ἂν
1374 608 1502 679 θείῳ
1541 608 1813 678 πνεύματι

230 701 528 774 κοσμηθεὶς
573 702 670 756 καὶ
729 701 938 773 Ἐρμῆς
968 695 1107 755 εἶναι
1154 699 1430 771 νομισθεὶς
1470 699 1537 772 (ι’)
1583 702 1663 765 εἰς
1701 701 1816 755 τοὺ·

230 794 441 847 ναντίον
470 792 847 865 περιετράπη·
889 792 1078 863 ἐπειδὴ
1108 792 1217 864 γὰρ
1249 794 1323 864 μὴ
1356 792 1478 846 τότε
1520 792 1596 863 (d)
1643 792 1814 862 ἰσχύει

229 886 315 938 ὅτε
347 885 414 955 ζῇ
446 887 477 939 ὁ
505 884 826 957 διαθέμενος
847 925 861 951 ,
905 886 1045 956 μετὰ
1096 884 1324 939 θάνατον
1376 882 1714 953 βεϐαιοῦται.
1748 884 1811 937 Εἰ

228 976 283 1028 δὲ
318 977 536 1047 μήποτε
576 976 779 1040 κέοιτο,
805 977 905 1029 οὐκ
934 976 1004 1046 (e)
1036 976 1116 1038 εἰς
1144 974 1226 1041 τὸ,
1257 973 1351 1045 μὴ,
1381 989 1472 1026 τον
1498 973 1650 1026 τόνον
1676 974 1811 1027 ἀνα-

230 1068 536 1139 πεμπτέον,
558 1067 766 1132 ἀλλἐῑς
790 1067 849 1121 τὸ
867 1068 996 1120 πότε
1023 1066 1110 1138 (Γ),
1136 1066 1221 1119 ἵνα
1240 1065 1507 1138 μηδαμῶς
1526 1064 1690 1136 νοηθῇ
1712 1068 1809 1137 (g).

228 1158 286 1213 In
319 1159 524 1227 quibus
573 1159 745 1213 multa
785 1169 915 1214 sunt
951 1158 1331 1229 vituperanda.
1372 1156 1616 1211 Primum
1640 1200 1653 1222 ,
1686 1173 1812 1212 cum

230 1251 284 1305 in
313 1251 410 1306 illo
448 1251 603 1306 Pauli
630 1251 862 1321 apostoli
905 1251 1052 1307 dicto
1080 1252 1291 1322 μήποτε
1321 1257 1375 1305 et
1400 1251 1487 1303 ὅτε
1518 1250 1814 1320 particulas

230 1340 332 1394 sibi
364 1340 603 1395 Invicem
639 1340 971 1410 respondere
1004 1341 1257 1411 opinatus
1288 1341 1377 1405 sit,
1400 1340 1815 1410 repugnantiam

230 1442 285 1489 et
306 1433 663 1489 difﬁcultates
699 1433 768 1487 ibi
809 1433 1042 1499 invenit,
1078 1433 1171 1488 ubi
1208 1434 1369 1487 nullae
1398 1440 1549 1488 sunt.
1588 1434 1815 1502 Μήποτε

230 1526 380 1581 enim
432 1525 624 1581 valere
664 1526 807 1581 idem
857 1535 1021 1596 atque
1066 1542 1368 1595 nunquam,
1412 1540 1533 1579 cum
1574 1524 1818 1580 centenis

230 1619 451 1674 ostendi
480 1619 653 1689 possit
686 1618 852 1684 locis,
884 1634 954 1673 ne
998 1632 1111 1671 uno
1136 1618 1354 1688 quidem
1376 1657 1391 1680 ,
1423 1630 1584 1685 quem
1615 1632 1679 1669 ex
1708 1615 1818 1669 Xe-

1916 431 2228 487 clarandam
2263 472 2279 497 ,
2329 431 2465 485 nihil
2502 431 2801 497 addiderit,
2850 431 3078 503 intelligi
3133 447 3242 486 non
3281 441 3485 502 potest.

1916 520 2104 592 Neque
2136 538 2259 593 qua:
2285 533 2593 592 sequuntur
2621 523 2752 577 satis
2785 532 2910 593 apta
2942 534 3093 578 sunt.
3138 522 3320 595 Pergit
3346 524 3493 579 enim

1869 643 1893 663 -
1919 614 1974 669 in
2012 616 2159 669 hunc
2183 614 2407 669 modum
2443 631 2456 667 :
2495 614 2707 668 καὶτοῦ
2740 615 2803 685 (j)
2835 616 2893 667 ὲν
2914 617 2979 685 τῇ
3012 615 3149 686 πρὸς
3184 615 3489 685 Ἐϐραιουςο

1917 708 1965 760 εἰ
2003 706 2101 777 μὲν
2139 700 2231 759 οὖν
2270 705 2549 769 τελείωσις
2597 706 2684 760 διὰ
2712 708 2811 776 τῆς
2863 709 3155 779 Λευῖτικῆς
3188 707 3494 780 ἱερωσύνης

1914 792 1982 867 ἦν
2017 796 2089 867 (It)
2141 799 2187 850 εξ
2218 797 2315 867 μὲν
2346 791 2438 851 οὖν
2489 799 2634 851 ἐστιν
2665 800 2823 863 ἐπεὶ,
2876 798 2971 850 καὶ
3019 798 3387 867 συγκόπτεται
3431 798 3495 851 τὺ

1916 892 2116 958 νόημα,
2151 891 2244 942 καὶ
2272 891 2582 944 τούναντίον
2609 894 2676 962 τῇ
2716 892 3049 961 ἀποστολικῇ
3087 890 3284 962 γνώμῃ
3324 908 3494 945 κατα·

1917 977 2333 1042 σκευάζεται.-
2347 978 2464 1034 Jam
2480 980 2545 1034 ad
2564 980 2728 1034 alium
2752 981 2929 1035 locum
2949 981 3138 1035 transit
3155 981 3241 1036 his
3268 982 3451 1037 verbis
3476 1001 3493 1037 :

1916 1068 2010 1120 καὶ
2025 1068 2296 1139 τὸ,γνήσιε
2316 1068 2515 1138 σύζυγε
2530 1069 2612 1137 (θ,
2630 1072 2826 1140 γνησία
2845 1072 2960 1123 ἐστὶ
2974 1069 3067 1123 τοῦ
3088 1070 3219 1124 ξῶτα
3232 1071 3496 1142 στοιχείου

1916 1159 1949 1229 ἢ
2000 1160 2471 1231 προστεθέντος,ἢ
2520 1164 2974 1232 συγγραφομένου
3014 1164 3132 1233 μὲν,
3183 1163 3259 1233 μὴ
3299 1180 3495 1217 συνεκ-

1917 1254 2267 1319 φωνουμένου
2298 1251 2375 1305 δέ.
2410 1250 2535 1307 Haec
2564 1261 2713 1320 sunt,
2752 1269 2874 1321 quze
2901 1254 3082 1307 attulit
3114 1254 3225 1316 ille,
3258 1264 3316 1309 ut
3355 1270 3488 1310 seu-

1920 1339 2141 1393 tcntiam
2177 1340 2433 1409 probaret
2455 1356 2632 1406 suam,
2666 1358 2731 1396 ex
2759 1342 2911 1396 Novo
2936 1342 3291 1399 Testamento
3325 1345 3493 1399 dicta.

1920 1428 2236 1498 Sequuntur
2286 1433 2534 1501 quaedam
2576 1448 2643 1487 ex
2682 1432 2881 1487 Vetere
2925 1433 3278 1491 Testamento
3338 1452 3496 1506 repe-

1920 1521 2017 1575 tita
2049 1522 2166 1591 (m).
2198 1521 2303 1577 Sed
2342 1524 2385 1578 si
2420 1524 2770 1595 plura‘hujus
2802 1526 3019 1595 generis
3045 1527 3292 1596 exempla
3329 1526 3499 1582 refer-

1918 1629 2102 1669 remus
2124 1655 2138 1679 ,
2172 1616 2473 1671 timendum
2503 1627 2681 1683 esset,
2713 1633 2785 1672 ne
2822 1619 3084 1673 lectorum
3136 1619 3495 1673 abuteremur

228 1708 976 1781 nophontisMemorabilium
996 1709 1135 1764 libro
1152 1709 1327 1778 primo
1343 1706 1811 1771 attulitWahlius,
1847 1692 1888 1746 Β
1917 1704 2199 1773 patientia.
2235 1704 2447 1772 Quare,
2493 1721 2618 1761 cum
2651 1707 2718 1761 de
2748 1706 2937 1761 critica
2979 1706 3171 1762 lsidori
3204 1718 3322 1761 arte
3364 1707 3499 1763 satis

230 1816 374 1871 Opus
426 1809 540 1856 est.
578 1800 784 1855 Deinde
813 1801 903 1871 qui
927 1841 941 1862 ,
972 1809 1029 1855 ut
1071 1800 1310 1855 Isidorus
1333 1838 1348 1862 ,
1382 1798 1705 1869 scripturam
1741 1798 1817 1869 μὴ

228 1889 351 1944 τότε
382 1897 615 1955 tutatur,
646 1905 770 1945 eum
807 1888 879 1960 μὴ
912 1889 1233 1959 particulam
1266 1890 1335 1944 ab
1380 1888 1639 1958 Apostolo
1678 1887 1816 1942 [also

230 1980 354 2036 loco
405 1980 643 2052 positam
685 1986 986 2036 concedere
1019 1987 1257 2049 oportet.
1309 1977 1669 2033 Scribendum
1700 1984 1818 2031 erat

226 2072 379 2127 enim
414 2089 430 2126 :
468 2071 596 2125 ἐπεὶ
622 2072 743 2124 τότε
779 2073 879 2124 οὐκ
912 2070 1087 2141 ἰσχύει
1121 2070 1254 2123 ὅτε..
1296 2069 1541 2139 Denique
1567 2084 1687 2138 quae
1719 2068 1818 2122 ad-

229 2165 311 2220 dit
328 2163 610 2219 Pelusiota
641 2164 710 2219 de
730 2164 1001 2234 scriptura
1037 2162 1115 2233 μὴ
1148 2163 1279 2215 πότε
1312 2204 1327 2229 ,
1360 2177 1422 2216 ea
1456 2161 1639 2231 inepta
1673 2176 1815 2227 esse,

231 2257 364 2311 satis
388 2265 475 2311 est
501 2256 838 2310 enuntiasse.
867 2283 939 2295 --
961 2254 1165 2326 Magnis
1194 2262 1375 2308 autem
1405 2252 1817 2307 dilIicultatibus

233 2347 474 2410 laborat,
522 2363 685 2417 quam
724 2346 941 2416 scripsit
981 2346 1071 2400 ille
1109 2346 1178 2400 ad
1212 2344 1471 2399 Orionem
1510 2344 1816 2414 epistolam.

234 2436 290 2492 In
315 2440 420 2494 hac
444 2438 593 2493 enim
622 2454 732 2508 quo
767 2438 931 2492 modo
966 2436 1309 2491 notissimum
1343 2436 1473 2490 illud
1498 2436 1566 2489 de
1598 2434 1819 2489 haereti-

235 2531 311 2586 cis
340 2529 498 2585 Pauli
529 2530 759 2601 apostoli
790 2530 845 2583 in
886 2529 1059 2599 prima
1093 2529 1161 2583 ad
1197 2529 1549 2583 Timotheum
1589 2527 1818 2591 epistola

234 2622 435 2677 dictum
473 2639 488 2676 :
524 2622 845 2674 κωλυόντων
871 2624 1091 2691 γαμεῖν,
1151 2619 1452 2690 ἀπέχεσθαι
1488 2618 1817 2689 βρωμάτων,

237 2711 623 2784 explicandum
656 2714 767 2777 sit,
798 2728 908 2768 non
951 2711 1181 2775 videns,
1234 2726 1334 2780 pro
1380 2708 1680 2779 ἀπέχεσθαι
1724 2716 1820 2762 aut

236 2804 561 2876 ἀντέχεσθαι
601 2815 699 2859 aut
738 2804 955 2874 ἔχεσθαι
1000 2803 1165 2858 scribi
1211 2802 1390 2872 iussit.
1437 2801 1649 2868 Quibus
1695 2801 1816 2855 fuse

235 2896 499 2966 expositis
521 2895 698 2966 pergit
716 2910 769 2948 in
792 2895 940 2949 hunc
960 2895 1179 2949 modum
1202 2911 1215 2947 :
1244 2894 1365 2946 Ὅτι
1388 2894 1461 2962 (Ii)
1481 2892 1535 2945 δὲ
1558 2891 1820 2954 πολλάκις

241 2985 300 3041 ἓν
325 2989 591 3057 στοιχεῖον
644 2986 677 3057 ἢ
719 2986 1228 3058 μεταστοιχειωθὲν,
1277 2986 1311 3054 ἢ
1360 2982 1815 3056 παραλειφθὲν,ἢ

239 3078 535 3150 προστεθὲν
583 3078 678 3131 τὸν
717 3076 841 3131 νοῦν
899 3076 1008 3130 τῶν
1054 3076 1365 3147 λεγομένων
1423 3074 1815 3147 συνταράττει,

238 3166 389 3240 δῆλόν
432 3169 584 3222 ἔστιν
613 3166 679 3221 ὲκ
708 3167 803 3221 τοῦ
836 3167 1135 3238 φερομένου
1182 3169 1242 3220 ὲν
1276 3169 1397 3230 ταῖς
1421 3164 1662 3237 Πράξεσι
1709 3164 1819 3217 τῶν

238 3259 552 3315 ἐπα-πόλων
572 3275 587 3288 ·
621 3260 671 3312 εἰ
699 3258 756 3312 δὲ
806 3257 1023 3328 πνεῦμα
1069 3258 1332 3329 ἐλάλησεν
1360 3255 1508 3327 αὑτῷ
1532 3298 1546 3322 ,
1572 3256 1605 3327 ἢ
1650 3256 1821 3325 ἄγγε-

237 3348 326 3416 λος
359 3350 445 3423 (ἰ).
481 3350 697 3417 Quibus
725 3348 906 3405 verbis
932 3363 1041 3419 quo
1083 3349 1246 3405 modo
1278 3363 1433 3404 suam
1464 3348 1697 3418 probare
1723 3361 1821 3403 vo-

236 3622 267 3678 ἑ
304 3554 385 3679 (tit)
411 3554 505 3612 Sic
538 3554 665 3610 cod.
684 3552 809 3609 Vat.
832 3552 957 3608 650.
994 3581 1068 3593 —
1094 3549 1252 3621 Vulg.
1279 3549 1361 3602 ὅτι
1386 3546 1446 3601 τὸ
1473 3546 1681 3619 μήποτε
1703 3546 1826 3600 τότε

269 3640 329 3677 στ
358 3655 384 3679 ,τ

230 3640 384 3681 ,εστι.τ

333 3696 385 3760 b)
417 3696 510 3751 Sic
542 3694 666 3751 cod.
700 3693 822 3749 Vat.
856 3691 979 3747 650.
1016 3688 1275 3761 —7Vulg.
1310 3687 1557 3761 ἀμαθῶς.

333 3704 385 3760 b)
417 3704 510 3751 Sic
542 3704 666 3751 cod.
706 3704 822 3749 Vat.
856 3704 979 3747 650.
1016 3720 1090 3731 —
1126 3704 1275 3761 Vulg.
1310 3704 1557 3755 αμαυως.

310 3704 383 3849 ie).
534 3765 659 3849 οοιξ-
689 3763 815 3849 Χειο
856 3764 982 3849 9e?-
1009 3790 1080 3801 -
1103 3760 1261 3849 Yals-
1296 3756 1673 3849 cessero:-

304 3827 389 3975 ξόξ
415 3836 509 3891 Sic
531 3836 654 3891 cod.
694 3833 816 3888 Vat.
856 3834 980 3888 650.
998 3860 1086 3913 .-'-
1111 3827 1267 3900 Vulg.
1300 3827 1487 3897 ἐπειδὴ
1516 3827 1588 3895 μή
1618 3840 1781 3905 οποτε.

338 3922 365 3957 e
412 3908 516 3959 οὐκ
548 3904 693 3975 quod
723 3904 869 3975 vulg.
904 3908 1174 3957 omittitur
1195 3916 1259 3955 ex
1281 3900 1471 3955 eodem
1512 3894 1698 3950 codice
1724 3894 1821 3948 ad-

232 3972 483 4029 dendum
513 3972 615 4029 est.

304 4047 374 4117 (ί)
398 4046 492 4117 Sic
515 4045 639 4099 cod.
662 4042 792 4117 _Va_t.
825 4038 1219 4117 650._—_-—_Vul_g.
1245 4037 1307 4092 τὸ
1343 4036 1574 4117 μήποτε.

306 4102 386 4184 (ᾖ)
421 4114 516 4169 Sic
552 4112 909 4184 coniecimus.
956 4110 1113 4184 vuig.
1142 4102 1240 4184 iga
1261 4102 1554 4184 μηδαίμῶς,
1586 4134 1658 4145 -
1685 4102 1820 4159 eod,

232 4178 361 4255 Vat:
388 4185 517 4255 650.
558 4178 996 4255 ἵναμηᾷαιεῷςῇ
1039 4178 1226 4255 νοηθῆ.
1259 4178 1533 4255 Μεηάρδίξ.
1578 4244 1614 4255 ἢ
1765 4242 1778 4255 _

303 4254 389 4325 (ft)
432 4254 536 4325 Sic
557 4244 798 4325 coniecit
823 4244 1263 4325 'Bitté'rshu'sius.
1301 4276 1367 4325 —_—
1398 4244 1533 4325 Cod.
1573 4244 1731 4325 liam,
1764 4244 1821 4297 in

233 4314 501 4395 quog'solo
524 4322 640 4378 haec
662 4314 875 4395 videtur
903 4330 1118 4375 exstare
1139 4316 1385 4389 epistola,
1422 4316 1469 4367 et
1501 4314 1744 4369 exhibet.

306 4393 376 4464 (ἰ)
410 4393 516 4464 ᾼει
544 4407 727 4464 _xxm,
755 4392 815 4464 β.

302 4453 377 4521 iii
413 4461 509 4518 Sic
544 4453 811 4518 Rittersh.
842 4460 989 4533 conj.
1016 4489 1087 4500 —
1107 4459 1240 4515 Cod.
1268 4455 1396 4512 Bav.
1433 4453 1514 4508 τὸ.

1916 1796 2120 1851 dictum
2152 1799 2243 1861 sit,
2287 1808 2456 1854 restat
2482 1810 2541 1854 ut
2580 1801 2923 1872 allegoricam
2968 1800 3368 1871 interpretandi
3400 1815 3487 1855 ra-

1917 1889 2121 1943 tionem
2170 1890 2379 1945 Isidoro
2410 1900 2611 1962 praeter
2642 1892 2862 1947 modum
2898 1892 3169 1962 placuisse
3194 1935 3207 1959 ,
3237 1893 3502 1962 exemplis

1918 1982 2243 2051 quibusdam
2271 1985 2711 2052 comprobemus.

2010 2074 2133 2143 Ipse
2166 2083 2348 2129 autem
2382 2075 2435 2128 in
2465 2074 2658 2129 litteris
2689 2076 2753 2129 ad
2787 2074 3227 2129 Valentinianum
3270 2074 3472 2145 prcsbv

1919 2173 2096 2220 terum
2134 2165 2212 2237 (η)
2247 2166 2408 2232 datis,
2441 2182 2597 2221 suam
2632 2168 2701 2222 de
2736 2168 3007 2239 allegoriis
3040 2170 3390 2235 sententiam,
3423 2169 3503 2224 sic

1920 2260 2210 2330 explicavit
2237 2278 2250 2314 :
2294 2259 2492 2313 Videris
2526 2261 2655 2313 mihi
2690 2278 2791 2314 non
2823 2263 3047 2329 probare
3076 2277 3177 2324 eos,
3211 2262 3301 2331 qui
3324 2260 3502 2330 (Scri-

1918 2361 2088 2420 ptura:
2112 2351 2298 2419 sacrae)
2320 2350 2594 2404 lectoribus
2620 2352 2903 2421 allegorias
2918 2354 3305 2406 commendant.
3334 2352 3499 2417 Nam,

1920 2453 1975 2496 ut
2011 2444 2141 2496 dicis
2162 2481 2176 2506 ,
2217 2459 2335 2495 cum
2363 2459 2418 2495 se
2459 2441 2749 2510 Scripturis
2797 2444 3144 2513 sapientiores
3178 2460 3286 2497 esse
3318 2444 3503 2497 existi--

1919 2546 2099 2600 ment,
2143 2535 2322 2588 divina
2372 2534 2592 2587 oracula
2642 2535 2697 2587 in
2731 2552 3067 2604 quascunque
3106 2534 3234 2602 ipsis
3285 2533 3501 2586 libuerit

1918 2624 2120 2694 ﬁguras
2171 2626 2598 2694 transformaut,
2649 2626 3017 2695 auditoresquc
3065 2623 3261 2691 fallunt
3316 2623 3500 2675 multis

1922 2716 2112 2768 modis.
2150 2714 2253 2769 Sed
2288 2732 2381 2785 ego
2425 2731 2589 2784 neque
2626 2714 2777 2777 illos,
2824 2716 2869 2768 si
2908 2716 3173 2783 sapienter
3200 2715 3326 2783 quid
3360 2715 3503 2767 inve-

1922 2805 2059 2857 nisse
2088 2804 2357 2869 dicuntur,
2387 2803 2728 2873 culpaverim,
2764 2820 2928 2873 neque
2956 2814 3005 2856 te
3033 2804 3289 2856 nolentem
3317 2802 3385 2855 ad
3415 2801 3504 2854 al-

1925 2890 2152 2961 legorias
2197 2890 2508 2944 tractandas
2552 2891 2825 2960 coegerim.
2857 2888 3219 2944 Commendat
3249 2890 3415 2959 igitur
3443 2888 3499 2942 in

1924 2982 2009 3036 his
2044 2982 2300 3051 prudenti
2334 2996 2437 3036 suo
2484 2982 2662 3035 amico
2706 2981 3049 3051 allegoricam
3103 2980 3499 3049 interpretandi

1925 3071 2192 3127 rationem
2226 3072 2502 3142 sapienter
2551 3071 2873 3125 adhibitam.
2907 3071 3057 3133 Num,
3093 3087 3223 3125 vero
3270 3071 3385 3140 ipse
3412 3086 3504 3125 sa»

1923 3166 2138 3236 pienter
2167 3180 2288 3218 eam
2336 3163 2643 3218 adhibuerit
2663 3202 2677 3224 ,
2702 3164 3003 3233 diiudicent
3032 3163 3135 3233 ipsi
3164 3165 3397 3219 lectores
3434 3177 3504 3219 ex

1924 3256 2173 3328 epistolis
2198 3255 2269 3311 42
2292 3296 2307 3322 ,
2342 3256 2464 3321 192,
2500 3255 2624 3319 195,
2657 3253 2783 3322 206,
2814 3254 2919 3310 210
2948 3254 3072 3309 libri
3097 3254 3140 3309 1.

2032 3542 2084 3607 k)
2121 3539 2221 3610 Ep.
2252 3539 2317 3593 ad
2346 3538 2518 3610 Hebr.
2546 3554 2641 3600 vn,
2674 3538 2762 3592 ll.

2029 3614 2066 3683 I)
2103 3608 2262 3683 Pii—lli.
2287 3626 2375 3680 ep.
2399 3608 2463 3662 ad
2501 3609 2643 3683 Ehil.
2670 3625 2743 3672 Iv,
2778 3608 2833 3662 5.

1999 3674 2094 3752 (in)
2122 3674 2485 3752 Conferantur
2504 3678 2645 3752 Croii
2672 3693 2836 3733 sacra:
2849 3687 2904 3731 ct
2926 3674 3195 3752 historicte
3219 3676 3500 3752 in‘l‘jovum

1926 3748 2334 3807 TcStanictititm
2362 3749 2789 3804 observationes.
2824 3763 2877 3816 ρ.
2908 3763 2945 3800 i.
2982 3748 3356 3814 p.125—127.

2000 3823 2077 3893 (η)
2125 3822 2244 3875 Lib.
2280 3835 2353 3893 tv,
2394 3835 2481 3893 ep.
2523 3818 2649 3893 1-17ἶ
2679 3819 2736 3893 l_n
2779 3818 2899 3871 cod.
2939 3816 3056 3893 V_a_t.
3085 3816 3501 3893 Obaitéwuhtcc

1931 3887 2133 3962 scripta
2164 3900 2248 3962 est
2268 3887 2515 3962 epistola.
2540 3888 2734 3962 Incipit
2764 3887 3061 3962 autemAhis
3084 3888 3313 3962 verbis:
3352 3887 3501 3962 Ἔοι-

1934 3955 2156 4024 rae-oin:
2177 3955 2538 4030 ἀποδέχεσθαι
2560 3955 2683 4030 τοὺς
2714 3958 2805 4009 ἐπὶ
2833 3957 2929 4030 ea;
2951 3955 3182 4030 θεωρίας
3209 3957 3334 4030 τους
3361 3956 3496 4030 ἀνα-

1936 4030 2305 4099 γινώσκοντας
2330 4025 2827 4099 ίτταρακαλοῦντας.
2862 4025 3209 4099 Σοφ-ωτέρους
3251 4025 3389 4099 γὰρ)
3421 4025 3498 4088 ὡς

1928 4095 2083 4170 ἔφης,
2141 4098 2250 4152 τῶν
2294 4095 2539 4170 ΓραφῶνΔ
2575 4098 2818 4170 ἑτιυτοίᾳςΔ
2848 4095 3167 4170 ἡγούμενοι,
3220 4096 3304 4170 ei;
3354 4095 3497 4170 ᾇπερ

1926 4164 2205 4252 βούλονται
2235 4164 2693 4252 μετακομίζοντες
2711 4168 2776 4252 τςι
2798 4164 3123 4252 θεῖοιαΛόγια,
3145 4165 3319 4251 πολλὰ
3337 4164 3499 4252 σφάλ-

1926 4235 2077 4294 λουσι
2111 4235 2246 4301 τοὺς
2265 4235 2581 4299 ἀκούοντας.
2640 4236 2779 4303 Ἐγὼ
2817 4236 2862 4289 δ’
2886 4235 2996 4288 οὒτ’
3043 4236 3285 4297 ὲκείνους
3314 4236 3495 4303 αἰτια-

1926 4308 2430 4381 σαίμηνηεῑ-σοφόν
2474 4302 2810 4381 τι-ξξευρεῖν
2856 4304 3314 4381 ἐτιαγγέᾏλονται,
3365 4302 3491 4355 οὔτε

1884 4412 1891 4417 -
1926 4374 2476 4452 σὲξμῆνβουλόμενον
2508 4374 2850 4447 ἀλληγορεῖν,
2886 4374 3285 4446 ἁναγκάσαιμι.
