3890 6134
382 265 487 333 103
1467 260 1918 321 PROLEGOME

2112 257 2270 317 LDI’I‘.
2309 256 2552 316 PARIS.
2658 266 2673 291 ³
3555 251 3648 315 104

426 404 3639 429 Mm

1350 726 1353 729 δ
1426 568 2607 702 PROLEGOMENA

942 838 1321 900 PIUEFIXA
1376 834 1746 897 EDITIONI
1803 831 2199 895 PARISINJE
2253 831 2449 894 ANNI
2504 830 3089 909 MDCXXXVIII;

1224 1168 1803 1263 EPISTOLA
1879 1166 2823 1260 NUNCUPATORIA

1726 1376 2107 1421 AMPLISSIMO
2153 1375 2303 1419 νιῐιο

1021 1546 1271 1592 DOMINO
1313 1544 1378 1591 ι).
1418 1541 1624 1586 PETRO
1674 1540 1942 1585 SEGUIER
1985 1537 2206 1581 MAGNO
2245 1537 2542 1581 FRANCIE
2570 1524 3029 1583 'CANCELLARIO.

463 1739 539 1791 Ea
574 1750 794 1804 semper
815 1732 1057 1787 virorum
1090 1732 1287 1785 animis
1310 1730 1521 1802 egregia
1549 1729 1729 1784 indole
1763 1725 2115 1799 praeditorum
2150 1724 2348 1779 insedit
2372 1724 2556 1794 Opinio
2576 1766 2590 1791 ,
2619 1726 2699 1778 vir
2723 1725 3066 1794 amplissime,
3106 1736 3165 1781 ut
3195 1728 3333 1784 nihil
3356 1732 3659 1802 pulchrius,

397 1857 577 1912 neque
598 1840 665 1894 ad
690 1838 915 1909 gloriam
946 1836 1211 1891 illustrius
1234 1850 1356 1889 esse
1386 1834 1799 1896 existimarent,
1835 1847 1994 1900 quam
2032 1830 2074 1884 si
2102 1830 2368 1899 majorum
2414 1845 2635 1883 suorum
2668 1829 2916 1895 virtutes,
2953 1846 3254 1903 eorumque
3283 1840 3549 1905 praeclara
3580 1840 3661 1894 fa-

397 1946 585 2000 cinora
620 1943 733 1997 suis
758 1940 1121 1995 imitarentur.
1146 1938 1205 1993 In
1243 1954 1346 2008 qua
1373 1936 1589 2007 quidem
1622 1935 1889 1990 sententia
1915 1951 2038 1989 cum
2070 1951 2169 2005 ego
2192 1936 2303 2004 jam
2334 1935 2459 1989 inde
2484 1936 2550 1990 ab
2577 1936 2800 1990 ineunte
2826 1946 2984 1991 :etate
3010 1937 3228 2003 fuerim,
3268 1957 3505 2011 eumque
3546 1961 3663 2000 ma-

396 2051 571 2104 ximos
604 2047 847 2118 parentis
876 2046 985 2100 mei
1027 2046 1243 2099 labores
1287 2054 1450 2114 atque
1480 2042 1735 2097 eximiam
1768 2042 2007 2096 melioris
2036 2051 2177 2096 nota:
2219 2042 2535 2097 auctoribus
2562 2042 2787 2097 edendis
2829 2054 3082 2099 navatam
3114 2062 3360 2115 operam,
3387 2064 3666 2121 quamque

400 2155 527 2209 inde
556 2151 795 2206 nominis
825 2149 1022 2204 famam
1049 2158 1103 2203 ct
1134 2149 1347 2203 laudem
1380 2149 1495 2219 ipse
1527 2156 1611 2203 est
1640 2155 1985 2211 consecutus,
2015 2146 2197 2202 animo
2228 2148 2644 2217 perpenderem,
2671 2157 2820 2203 tanto
2850 2150 3051 2216 studio,
3082 2158 3343 2223 tantaque
3363 2156 3668 2225 cupiditate

401 2260 466 2315 ad
504 2259 737 2314 similem
767 2259 1026 2312 virtutem
1067 2257 1407 2325 similemque
1448 2256 1672 2327 gloriam
1703 2270 1821 2309 sum
1856 2254 2147 2318 incitatus,
2179 2261 2240 2306 ut
2264 2268 2373 2322 quo
2409 2251 2521 2322 jam
2562 2253 2774 2322 pridem
2803 2254 2870 2308 de
2914 2256 3191 2325 republica
3216 2257 3485 2315 litteraria
3526 2262 3669 2319 bene

400 2363 644 2419 merendi
676 2363 946 2417 desiderio
973 2362 1277 2433 ﬂagrarem,
1312 2360 1442 2415 illud
1483 2360 1686 2413 diutius
1708 2359 1760 2413 in
1793 2366 2014 2428 pectore
2052 2375 2174 2413 meo
2213 2359 2481 2413 inclusum
2527 2360 2808 2415 continere
2835 2376 2942 2415 non
2973 2364 3265 2432 potuerim,
3296 2367 3390 2421 sed
3423 2369 3554 2424 totis
3584 2372 3668 2426 vi-

398 2468 552 2522 ribus
605 2466 662 2518 in
716 2467 767 2520 id
824 2467 957 2521 mihi
1018 2464 1441 2519 ineumbendum
1478 2472 1725 2533 putarem
1750 2502 1765 2528 ,
1804 2470 1867 2516 ut
1905 2478 2227 2533 uuacunquc
2258 2464 2470 2519 ratione
2499 2479 2738 2534 possem,
2777 2465 3017 2520 animum
3050 2484 3231 2523 meum
3273 2471 3665 2540 patefacerem.

398 2580 535 2635 Cum
566 2586 751 2632 autem
784 2576 841 2629 in
868 2589 929 2628 ea
963 2570 1290 2642 cogitatione
1318 2578 1465 2624 totus
1492 2580 1757 2634 verSarer,
1791 2578 1953 2638 atque
1984 2568 2038 2623 in
2093 2569 2274 2639 aliquo
2327 2569 2611 2641 deligendo
2637 2586 2800 2640 opere
2826 2572 3166 2641 potissimum
3217 2575 3429 2633 deﬁxus
3458 2595 3665 2647 essem,

398 2686 537 2744 nihil
570 2684 799 2739 eruditis
832 2681 963 2735 viris
988 2679 1195 2749 gratius
1225 2686 1388 2747 atque
1415 2677 1692 2747 acceptius
1720 2675 1836 2730 fore
1858 2675 2092 2746 judicavi
2114 2718 2130 2741 ,
2162 2691 2325 2744 quam
2355 2675 2399 2730 si
2429 2680 2680 2746 Magnam
2716 2676 2941 2730 Patrum
2983 2689 3031 2731 et
3061 2681 3378 2748 scriptorum
3418 2684 3671 2739 ecclesia-

398 2794 649 2847 sticarum
683 2787 1059 2841 Bibliothecam
1097 2783 1235 2855 typis
1262 2783 1595 2837 mandarem.
1622 2782 1786 2851 Atqui
1815 2797 1882 2837 eo
1906 2780 2168 2836 libentius
2197 2790 2359 2850 atque
2386 2780 2618 2835 alacrius
2652 2780 2719 2834 ad
2767 2780 2899 2835 illud
2954 2797 3093 2851 opus
3149 2784 3392 2839 animum
3448 2787 3665 2857 adjeci,

399 2896 541 2967 quod
582 2894 823 2949 futurum
851 2906 1126 2961 sperarem
1160 2899 1219 2943 ut
1246 2888 1424 2959 ipsum
1448 2902 1641 2943 omnes
1670 2896 1937 2957 quotquot
1966 2896 2094 2941 sunt
2120 2886 2175 2940 iu
2203 2894 2316 2941 toto
2343 2886 2476 2940 orbe
2516 2884 2828 2941 Christiano
2865 2888 3122 2942 Ecclesiae
3160 2890 3382 2945 Patrum
3412 2892 3667 2947 lectionis

396 3012 645 3059 amantes
695 3012 1041 3069 summopere
1088 2996 1599 3067 complecterentur,
1637 3008 1760 3048 cum
1792 2993 2096 3064 praesertim
2128 3008 2192 3047 ea
2220 3008 2380 3062 quam
2413 2991 2719 3046 meditabar
2756 2992 2923 3046 editio
2965 2993 3231 3057 omnium,
3260 3005 3532 3067 quotquot
3562 3015 3669 3053 un—

396 3124 559 3179 quam
595 3108 650 3162 in
677 3107 854 3160 lucem
883 3104 1232 3175 prodierunt,
1264 3100 1577 3156 auctissima
1613 3110 1775 3170 atque
1805 3097 2207 3154 absolutissima
2237 3096 2419 3152 futura
2462 3105 2624 3150 esset.
2654 3094 2933 3165 Siquidem
2964 3093 3306 3153 Gelonieusis
3334 3101 3526 3165 editio,
3561 3119 3666 3172 qua

396 3229 497 3285 pro
525 3211 820 3281 exemplari
855 3209 933 3263 uti
986 3208 1220 3271 decrevi,
1257 3207 1384 3261 licet
1414 3206 1527 3275 ipsa
1557 3206 1742 3274 plures
1770 3213 2019 3259 auctores
2048 3218 2209 3272 quam
2260 3212 2471 3255 czctera:
2522 3200 2822 3262 contineat.
2851 3211 3037 3256 nostra
3074 3214 3255 3259 tamen
3282 3206 3388 3261 erit
3413 3206 3663 3273 inferior,

396 3318 541 3388 quod
570 3318 622 3370 iu
652 3330 716 3369 ea
748 3314 1059 3369 Graecorum
1092 3320 1375 3366 auctorum
1408 3325 1517 3363 non
1546 3309 1731 3363 nativa
1760 3318 1815 3363 et
1836 3324 2088 3379 germana
2119 3305 2319 3377 lingua,
2350 3307 2445 3361 sed
2478 3306 2669 3361 Latina
2694 3307 2956 3362 duntaxat
2986 3310 3168 3364 versio
3196 3312 3526 3381 reperiatur.
3555 3316 3666 3386 Ego

398 3438 530 3477 vero
554 3428 759 3475 textum
790 3417 1037 3472 Graacum
1069 3415 1122 3468 in
1152 3415 1294 3469 dicta
1321 3413 1634 3468 Coloniensi
1663 3413 1904 3467 editione
1934 3412 2301 3466 desideratum
2334 3426 2440 3466 una
2479 3428 2602 3467 cum
2636 3413 3088 3484 interpretatione
3109 3417 3300 3472 Latina
3329 3420 3665 3493 conjungere

400 3526 453 3580 in
486 3526 667 3579 animo
699 3524 894 3585 habeo,
933 3530 990 3575 ut
1016 3520 1106 3591 qui
1140 3520 1369 3589 hujusce
1403 3518 1648 3572 omnium
1675 3516 2092 3589 elegantissima:
2125 3515 2322 3585 linguae
2372 3514 2594 3580 Grecae,
2646 3516 2886 3586 inquam,
2922 3520 3107 3574 studio
3160 3529 3439 3589 tenentur,
3478 3524 3585 3580 sibi
3635 3540 3665 3579 a

399 3629 560 3683 nobis
585 3629 683 3681 hac
708 3627 759 3679 in
791 3635 942 3696 parte
968 3638 1295 3695 magnopere
1324 3623 1631 3676 consultum
1663 3636 1784 3677 esse
1814 3620 2133 3690 intelligant.
2165 3620 2433 3677 Praeterea
2462 3622 2663 3677 multos
2692 3632 2943 3679 auctores
2966 3624 3183 3682 Graecos
3216 3644 3498 3698 nunquam
3533 3631 3668 3687 hac-

406 3744 565 3789 tenus
609 3749 705 3788 sua
753 3732 932 3804 lingua
964 3730 1019 3786 in
1050 3732 1226 3786 lucem
1260 3729 1437 3784 editos
1466 3744 1529 3784 ex
1557 3727 1742 3783 multis
1775 3724 2116 3781 bibliothecis
2144 3725 2379 3780 maximo
2410 3726 2594 3782 labore
2642 3728 2999 3799 maximisque
3030 3730 3295 3800 impensis
3327 3736 3669 3804 conquisitos

399 3847 563 3910 atque
584 3839 842 3893 collectos
873 3838 926 3891 in
954 3836 1151 3891 dictam
1181 3833 1399 3888 Patrum
1426 3834 1817 3888 Bibliothecam
1847 3833 2118 3901 congessi,
2153 3848 2262 3903 quo
2294 3833 2385 3887 fiet
2418 3842 2477 3888 ut
2502 3833 2689 3905 viginti
2729 3836 2970 3905 quinque
3001 3837 3276 3891 volumina
3308 3838 3371 3909 (si
3398 3840 3546 3896 Deus
3567 3857 3670 3897 no-

400 3945 527 4001 stris
552 3944 840 4000 conatibus
880 3942 1092 4012 faverit)
1130 3942 1246 4012 ipsa
1286 3940 1358 3994 sit
1385 3940 1754 4009 complexura.
1790 3938 2021 4005 Quantas
2058 3945 2242 3990 autem
2290 3936 2447 3991 molis
2473 3952 2536 3991 ac
2562 3935 2893 3993 dillicultatis
2928 3954 3015 3993 res
3045 3940 3132 3995 illa
3160 3940 3341 3997 futura
3372 3943 3464 4009 sit,
3491 3961 3670 4015 quan-

403 4060 629 4118 tumque
654 4047 859 4102 laboris
886 4056 1049 4117 atque
1080 4048 1265 4102 oneris
1294 4045 1348 4098 in
1379 4045 1485 4099 hoc
1514 4059 1681 4114 opere
1713 4042 2045 4098 elaborando
2072 4050 2128 4095 et
2164 4042 2230 4095 ad
2271 4040 2433 4095 ﬁnem
2476 4057 2649 4112 usque
2679 4044 3028 4113 perducendo
3055 4046 3336 4101 subiturus
3364 4048 3490 4114 sim,
3520 4051 3672 4120 quis-

400 4154 524 4225 quis
553 4168 737 4207 rerum
766 4168 866 4205 usu
896 4161 1059 4220 atque
1083 4149 1416 4220 experientia
1439 4148 1522 4204 vel
1549 4148 1898 4204 mediocriter
1920 4146 2181 4218 praeditus
2208 4157 2311 4213 est,
2343 4148 2597 4205 facillime
2621 4149 2868 4219 judicare
2897 4160 3096 4221 potest.
3132 4153 3287 4220 Quod
3317 4170 3444 4210 cum
3471 4156 3547 4211 ita
3575 4158 3664 4223 sit,

401 4274 472 4312 ne
510 4272 655 4313 οξεεο
688 4256 921 4325 quodam
950 4270 1015 4309 ac
1058 4254 1349 4307 temerario
1378 4253 1546 4306 animi
1582 4253 1786 4321 impetu
1827 4267 1941 4306 rem
1974 4254 2108 4307 tanti
2139 4252 2400 4308 momenti
2450 4254 2667 4325 aggredi
2700 4254 2904 4322 videar,
2945 4258 3410 4328 sapientissimum
3440 4278 3505 4316 ac
3535 4279 3670 4333 pru-

402 4363 782 4419 dentissimum
808 4363 1043 4431 aliquem
1079 4360 1270 4415 ducem
1307 4359 1439 4413 mihi
1465 4357 1813 4427 deligendum
1852 4371 1974 4413 esse
2010 4357 2229 4428 putavi,
2263 4359 2417 4428 cujus
2458 4360 2716 4429 auspiciis
2743 4361 2811 4416 ad
2834 4361 3071 4417 faustum
3104 4364 3431 4435 felicemque
3458 4370 3667 4423 exitum

403 4478 649 4522 nostrum
704 4481 844 4535 Opus
890 4464 1171 4534 pervenire
1218 4468 1409 4534 possit.
1444 4463 1580 4517 Nam
1628 4462 1671 4516 si
1725 4462 1797 4515 illi
1849 4462 1936 4531 qui
1976 4462 2322 4534 longinquam
2356 4464 2755 4534 navigationem
2792 4467 3084 4533 adornant,
3119 4486 3226 4524 non
3261 4471 3413 4541 prius
3449 4488 3510 4527 se
3533 4476 3670 4530 mari

401 4575 769 4636 committunt,
802 4587 963 4641 quam
992 4571 1375 4639 peritissimum
1414 4570 1649 4640 aliquem
1698 4572 2116 4641 gubernatorem
2152 4570 2462 4635 habuerint,
2494 4571 2650 4640 cujus
2675 4573 2961 4642 prudentia
2993 4576 3127 4630 salvi
3160 4586 3323 4647 atque
3355 4578 3673 4637 incolumes

401 4681 584 4734 omnia
616 4678 783 4733 maris
811 4676 1049 4746 pericula
1082 4676 1286 4730 evitare
1324 4676 1537 4745 possint
1571 4693 1583 4729 :
1615 4676 1784 4729 multo
1812 4674 1980 4745 magis
2007 4674 2061 4728 id
2090 4673 2221 4728 mihi
2260 4673 2566 4727 faciendum
2596 4684 2698 4737 est,
2724 4676 2813 4744 qui
2840 4692 2947 4730 non
2978 4678 3115 4733 viles
3146 4680 3360 4750 aliquas
3399 4698 3464 4737 ac
3495 4693 3673 4739 terre—

404 4801 502 4839 nas
528 4800 759 4849 merces,
790 4783 883 4836 sed
912 4781 1332 4851 pretwsissimos
1360 4782 1598 4837 caelestis
1629 4782 1894 4836 dot-trina:
1921 4782 2205 4834 thesauros
2235 4777 2299 4831 ad
2341 4786 2556 4846 portum
2588 4779 2788 4833 vehere
2817 4781 3110 4837 contendo.
3145 4782 3452 4849 Quemnam
3483 4797 3673 4843 autem

403 4888 837 4959 praestantiorem
871 4895 978 4939 tam
1023 4885 1339 4954 pericuiosas
1374 4886 1732 4955 navigationis
1757 4883 2158 4938 moderatorem
2209 4898 2373 4952 quam
2424 4890 2477 4937 te
2502 4922 2517 4947 ,
2548 4882 2640 4953 qui
2674 4884 2973 4940 litterarum
3004 4888 3176 4943 decus
3201 4904 3261 4944 es
3288 4898 3344 4945 et
3373 4907 3673 4947 ornamen—

406 5006 542 5063 tum,
573 4996 704 5051 mihi
733 4996 935 5067 eligere
968 4997 1369 5051 conveniebat?
1414 4996 1676 5066 Equidem
1708 5010 2032 5067 quocunque
2057 4994 2244 5049 oculos
2277 5003 2558 5053 converto.
2587 5009 2749 5063 quem
2794 5005 2975 5050 tecum
3021 4999 3273 5054 conferre
3303 5003 3536 5070 possim,
3569 5019 3674 5059 ne-

405 5101 607 5157 minem
663 5100 843 5153 video.
872 5098 1004 5153 Nam
1062 5117 1183 5155 cum
1233 5116 1425 5155 omnes
1471 5100 1700 5155 virtutes
1750 5100 1806 5154 in
1836 5111 1889 5155 te
1920 5116 2073 5154 suam
2105 5098 2290 5153 sedem
2322 5098 2661 5166 collocarint,
2689 5109 2802 5155 tum
2836 5116 2967 5156 vero
2997 5105 3270 5174 praecipue
3295 5107 3532 5175 justitia,
3582 5108 3673 5164 cui

403 5204 846 5261 administrandas
882 5204 1171 5273 prmfectus
1192 5221 1271 5269 es,
1302 5221 1515 5260 necnon
1547 5214 1602 5260 et
1634 5206 1827 5275 pietas,
1864 5220 2025 5274 quam
2058 5220 2088 5259 e
2112 5214 2421 5258 sanctorum
2454 5203 2673 5258 Patrum
2705 5206 2920 5261 assidua
2956 5208 3191 5263 lectione
3222 5211 3477 5277 hausisti,
3510 5213 3584 5268 ita
3616 5213 3673 5269 in

405 5321 458 5368 te
486 5312 723 5370 eluccut.
751 5320 811 5363 ut
833 5308 1016 5362 nullus
1046 5308 1099 5362 in
1134 5318 1246 5363 toto
1275 5309 1570 5365 Christiani
1600 5310 1837 5365 nominis
1860 5312 1991 5365 orbe
2022 5313 2175 5367 locus
2205 5313 2295 5377 sit,
2318 5328 2427 5382 quo
2450 5328 2558 5367 non
2591 5313 2804 5367 illarum
2836 5314 3093 5383 splendor
3115 5319 3438 5386 pervaserit.
3461 5318 3675 5386 Quam-

464 5513 482 5531 ‘
514 5513 579 5582 _S._
601 5504 1075 5582 {sitio-rinl’glusioup
1096 5505 1156 5556 de
1179 5504 1577 5582 interpretatione
1590 5509 1773 5582 divino:
1802 5508 2087 5582 _Scriplgtra;
2125 5509 2451 5582 Epilstotarzum
2478 5510 2593 5563 libri
2618 5515 2683 5582 V_,
2705 5525 2911 5582 quorum
2944 5519 3042 5565 tres
3064 5515 3257 5577 priores
3276 5516 3679 5582 _eagjnterprua-

405 5572 658 5641 tionech.
692 5570 825 5641 Billii
850 5570 1069 5640 Prunozi,
1092 5574 1293 5633 quartus
1304 5570 1472 5621 autem
1490 5588 1519 5619 α
1543 5573 1771 5621 Cuurado
1800 5570 2113 5640 Ititleijshusio
2152 5570 2243 5622 .IC.
2291 5573 2372 5667 (lui
2396 5580 2442 5623 et
2463 5582 2600 5627 notas
2622 5570 2864 5624 uberiores
2888 5582 2932 5624 ct
2960 5570 3170 5626 sumptas
3201 5583 3246 5626 et
3270 5576 3457 5629 indices
3485 5570 3679 5640 ῥήὸή-

407 5634 490 5667 In"
511 5634 647 5667 Inhrn
667 5633 842 5667 ηιΙίοι-ίι
898 5637 941 5667 οι
961 5640 1153 5667 ηηηιιηι
1188 5632 1247 5667 nh
1296 5634 1477 5667 Andron
1507 5635 1695 5667 ΕμΙιηΙΙη
1739 5642 1973 5667 (ηρνρΙηΙκ
2032 5638 2137 5667 lacu
2178 5648 2290 5667 νιν-οι
2310 5642 2459 5667 "Horn
2512 5651 2633 5667 ηοηιρ
2656 5637 2865 5667 nm'm-nn
2892 5636 2939 5667 in
2962 5635 3122 5667 Callia
3150 5640 3389 5667 οινΛΑΜιηο
3442 5642 3655 5667 Dn...'-;.'-

406 5634 490 5685 bus
510 5632 647 5705 litigi;
666 5632 1153 5705 ααλρσρζλεξισυὶεᾳμδ
1186 5632 1247 5701 ob
1262 5634 1478 5705 ,Ληιζτεα
1502 5635 1713 5705 εςΙςοιιρ.
1736 5632 1974 5705 societatis
2018 5638 2147 5705 .1833!"
2162 5632 2633 5705 -ῃςεεςζῃίιςζοηηιιησ
2655 5637 2865 5705 primum
2892 5636 2939 5685 in
2962 5635 3122 5702 Gallia
3150 5640 3404 5700 prodeunt.
3432 5632 3674 5705 Parisiis,

407 5695 672 5758 sumptibus
699 5692 884 5760 ngidii
910 5692 1123 5758 Morelli,
1146 5694 1226 5744 via
1248 5692 1475 5744 latebam
1496 5696 1560 5744 ad
1584 5694 1770 5760 insigne
1804 5694 1980 5745 Fontis.
2013 5698 2058 5743 Μ
2069 5697 2280 5744 DCXXX
2294 5692 2445 5747 VIII.
2476 5702 2591 5749 Cum
2612 5692 2874 5763 piivilegio
2902 5698 3047 5762 regis.
