3890 6134
249 181 347 273 1'05
1336 169 1893 264 eROLEGOMENA
1932 199 2132 260 EDlT.
2171 199 2414 259 mars.
3398 155 3498 264 106

241 311 427 364 obrem
455 309 502 364 si
530 315 585 364 te
608 307 776 392 hujus
806 311 988 382 operis
1011 309 1206 366 ducem
1234 320 1395 383 atque
1420 313 1695 382 auspicem
1724 309 1966 380 praebere
2000 309 2254 374 volueris,
2314 323 2422 362 non
2461 309 2685 364 dubium
2727 319 2812 365 est
2846 310 2976 382 quin
3024 325 3149 364 eum
3177 277 3337 380 quem
3368 322 3499 383 opto

242 424 551 465 successum
583 423 982 469 consecuturus
1009 415 1132 468 sim.
1159 413 1276 480 Quo
1306 426 1484 470 autem
1516 426 1663 470 tuam
1702 413 1836 468 mihi
1867 413 2302 469 benevolentiam
2335 413 2505 485 magis
2533 413 2837 479 demerear,
2869 415 3099 485 hujusce
3138 415 3340 469 laboris
3383 417 3500 486 pri-

241 516 420 598 mitias
447 517 543 570 tibi
587 517 784 572 dedico
823 528 986 588 atque
1030 519 1223 584 offero,
1270 519 1554 584 Isidorum,
1599 519 1842 588 inquam,
1876 516 2224 581 Pelusiotam,
2268 533 2428 586 quem
2455 517 2656 573 idcirco
2687 517 2922 588 primum
2957 519 3199 573 omnium
3232 520 3288 574 in
3321 521 3497 576 lucem

241 619 452 697 prodire
485 620 650 685 volui,
680 622 826 690 quod
851 637 976 676 eum
1011 633 1289 678 auctorem
1320 639 1431 694 prae
1457 622 1670 678 caeteris
1704 621 1940 677 maxime
1982 625 2050 677 ab
2085 624 2339 678 omnibus
2363 624 2543 694 expeti
2574 625 2945 696 cognoverim.
2981 624 3136 691 Quod
3171 627 3216 681 si
3248 627 3352 681 hoc
3377 643 3502 681 mu-

240 736 338 776 nus
367 740 400 776 a
433 732 485 777 te
515 724 751 796 benigne
777 734 1068 796 exceptum
1096 726 1558 792 animadvertero,
1587 726 1905 781 alacriorem
1935 743 2024 782 me
2046 729 2114 782 ad
2145 729 2409 798 reliquum
2435 745 2573 798 opus
2617 731 3052 800 persequendum
3075 731 3395 788 reddideris.
3425 733 3503 788 Te
3561 711 3568 717 ’

240 829 488 884 autemid
507 845 629 884 esse
655 829 948 898 facturum,
979 845 1043 884 ea
1071 846 1195 900 quae
1215 831 1270 886 in
1302 839 1357 886 te
1384 841 1470 886 est
1499 830 1834 897 humanitas,
1860 839 1921 886 ut
1943 829 2231 896 conﬁdam,
2262 830 2443 886 efﬁcit.
2472 831 2619 886 Vale.

701 962 826 1015 Tua!
854 958 1234 1028 Amplitudinis

2595 1089 2924 1145 humillimus
2955 1108 3150 1155 semis,

2729 1195 2981 1251 Aicmus
3018 1196 3275 1252 MOREL.

292 1402 3500 1439 mw

320 1574 420 1640 Cl.
473 1575 620 1637 viro
680 1576 840 1636 Jauo
892 1575 1205 1636 Gaurano
1257 1576 1363 1637 JC.
1424 1582 1486 1637 et
1543 1576 1870 1655 philologo
1936 1577 2461 1655 praestantissimo
2518 1579 2744 1644 histor.
2803 1581 3153 1660 professori
3216 1583 3440 1659 elect.,

1373 1679 1706 1743 Cuuradus
1761 1682 2290 1758 Rnraasuusws,
2342 1686 2403 1748 S.

331 1864 615 1939 Oiynipius
641 1867 860 1938 quidem
901 1868 990 1924 ille
1021 1867 1234 1935 doctor,
1263 1882 1426 1938 quem
1457 1874 1583 1934 tuae,
1616 1865 1711 1920 Vir
1738 1866 1830 1932 cl.,
1859 1865 2052 1921 litterae
2076 1865 2234 1921 nobis
2255 1869 2738 1938 commendabant,
2770 1873 2838 1928 ad
2869 1891 2969 1930 nos
2997 1878 3178 1936 nullus
3206 1880 3375 1935 venit.
3405 1876 3512 1935 Sed

241 1959 563 2015 tasciculum
600 1971 779 2016 tamen
807 1971 953 2016 recte
980 1962 1196 2017 curavit
1216 1960 1567 2031 Norimbcrga
1596 1975 1692 2030 per
1717 1969 1831 2030 opt.
1864 1958 2389 2014 etoﬂiciosissimum
2419 1973 2665 2018 nostrum
2697 1965 2856 2020 Bern.
2876 1971 3190 2037 pratorium
3223 1987 3368 2041 :quo
3389 1970 3515 2025 resi'

245 2061 405 2123 gnato
457 2059 515 2108 et
561 2068 811 2117 excusso.
842 2056 1076 2111 libenter
1121 2055 1235 2111 vidi
1285 2056 1562 2126 specimen
1614 2054 2059 2126 typographicum
2109 2055 2304 2110 lsidori
2334 2056 2622 2113 Pelusiotae
2656 2061 2783 2127 mei,
2818 2064 2965 2132 quod
2995 2065 3214 2130 misisti,
3245 2083 3356 2120 non
3396 2064 3516 2120 sine

242 2145 556 2200 ostensione
587 2147 727 2217 spei,
760 2147 894 2212 fore,
928 2158 990 2203 ut
1021 2149 1165 2218 quod
1194 2148 1427 2218 proximi
1457 2148 1685 2219 catalogi
1716 2147 2085 2213 minabantur,
2127 2149 2233 2202 hoc
2274 2149 2496 2204 demum
2549 2153 2848 2208 autumnali
2878 2164 3119 2210 mercatu
3160 2157 3394 2227 scriptor
3423 2156 3514 2211 ille

251 2238 810 2296 Commelinianorum
842 2244 1096 2298 comitate
1124 2244 1179 2297 in
1206 2243 1384 2299 lucem
1413 2243 1820 2313 reproducatur.
1853 2245 2065 2299 Bonum
2116 2244 2341 2311 factum,
2372 2255 2427 2300 et
2458 2245 2708 2315 feliciter,
2739 2265 2770 2303 a
2795 2250 2980 2306 multis
3013 2252 3172 2308 bonis
3200 2252 3514 2324 superdice-

261 2338 374 2397 tur,
407 2334 522 2387 imo
549 2333 661 2404 jam
694 2349 840 2388 nunc
863 2335 1225 2404 superdicitur
1252 2336 1381 2390 huic
1410 2335 1658 2391 editioni.
1689 2331 1772 2390 Me
1799 2336 2019 2406 quidem
2049 2337 2192 2391 bona
2233 2353 2359 2407 Spes
2386 2338 2569 2404 habet,
2605 2355 2724 2393 cam
2756 2356 2867 2395 non
2920 2341 3038 2398 fore
3071 2341 3246 2398 fraudi
3304 2345 3389 2398 his
3420 2343 3516 2413 qui

259 2424 315 2480 in
347 2427 498 2480 illam
529 2435 781 2496 sumptus
824 2425 1091 2481 fecerunt.
1128 2426 1240 2480 Etsi
1286 2426 1431 2481 enim
1471 2441 1580 2480 non
1607 2433 1691 2480 est
1723 2425 1952 2494 amplius
2006 2426 2062 2480 in
2100 2427 2285 2480 multis
2312 2435 2497 2483 tantus
2522 2428 2826 2484 animorum
2857 2433 3022 2486 ardor
3045 2433 3113 2487 ad
3141 2433 3517 2502 cognoscenda

245 2520 720 2590 comparandaque
745 2521 1027 2575 vetustatis
1056 2522 1284 2575 erudita:
1315 2529 1688 2587 monumenta,
1725 2518 1914 2576 Graeca
1943 2523 2249 2592 prazsertim
2291 2523 2433 2593 (sine
2478 2525 2678 2594 quibus
2710 2535 2892 2581 tamen
2924 2528 3096 2584 solide
3121 2529 3318 2584 doctus
3351 2544 3518 2584 nemo

247 2611 400 2671 facile
454 2631 700 2685 unquam
737 2616 986 2686 exstitit),
1043 2623 1279 2685 quantus
1340 2616 1396 2669 in
1453 2615 1657 2669 nostris
1716 2615 2032 2671 hominibus
2070 2617 2174 2672 fuit
2226 2633 2453 2673 avorum
2495 2629 2591 2674 aut
2631 2635 2960 2688 proavorum
3009 2633 3329 2679 nostrorum
3378 2640 3518 2688 aevo,

247 2721 364 2764 cum
401 2711 712 2765 litterarum
765 2721 821 2766 et
863 2711 1169 2782 linguarum
1195 2711 1374 2766 studia
1402 2711 1641 2780 primum
1681 2710 1734 2764 in
1767 2709 2057 2765 Germania
2095 2711 2464 2768 excitarentur
2511 2725 2568 2770 et
2615 2715 2875 2770 illustrari
2933 2715 3239 2786 inciperent
3293 2734 3521 2789 magno-

249 2819 360 2869 παι]
396 2813 565 2873 atque
591 2803 971 2858 excellentium
998 2803 1239 2857 virorum
1269 2818 1374 2872 qua
1396 2817 1550 2867 voce,
1588 2817 1693 2871 qua
1720 2819 1785 2858 sc:

2019 2813 2198 2859 tamen
2226 2820 2298 2860 ne
2335 2805 2440 2860 hoc
2478 2806 2697 2876 quidem
2722 2807 2984 2863 sazculum
3020 2807 3383 2883 (ἐπευφημεῖν
3412 2813 3521 2886 γὰρ

249 2901 343 2970 χρὴ
381 2898 608 2968 μᾶλλον)
646 2912 813 2966 usque
839 2897 974 2952 adeo
1004 2903 1087 2951 est
1115 2896 1304 2951 infelix
1344 2905 1439 2951 aut
1477 2896 1724 2964 eﬂetum,
1789 2896 1922 2967 quin
1957 2897 2120 2951 etiam
2149 2913 2296 2953 nunc
2322 2900 2520 2954 habeat
2550 2899 2868 2955 Graecorum
2898 2900 3226 2971 scriptorum
3251 2918 3523 2958 amatores

251 2993 529 3056 maximos,
595 2989 857 3060 quidquid
887 2989 1045 3059 vulgo
1067 2988 1240 3043 dehis
1271 2987 1537 3055 videatur,
1569 2989 1660 3058 qui
1691 2989 1778 3043 vel
1809 2988 1878 3042 ad
1917 2989 2149 3055 lucrum,
2182 2991 2268 3043 vel
2297 2990 2366 3044 ad
2388 2990 2731 3044 ambitiosam
2764 2992 3192 3048 ostentationem
3225 3009 3323 3048 sua
3355 2993 3525 3050 refert

252 3084 448 3149 omnia,
478 3099 711 3152 quaeque
732 3082 800 3136 ad
835 3082 1026 3136 horum
1049 3081 1370 3136 alterutrum
1395 3081 1714 3135 conducunt
1734 3095 1948 3150 parum,
1973 3080 2030 3134 in
2060 3081 2164 3136 illis
2195 3083 2359 3137 studii
2390 3081 2545 3152 ponit
2576 3082 2736 3137 nihil.
2767 3081 3254 3140 Verumenimvero
3276 3087 3410 3141 tales
3429 3101 3523 3160 qui

252 3190 390 3245 sum,
407 3181 632 3251 quando
663 3181 738 3233 illi
759 3195 857 3234 nos
872 3195 994 3234 cum
1021 3178 1217 3233 talibus
1241 3177 1434 3232 studiis
1453 3192 1644 3246 parum
1663 3185 1854 3230 curant
1871 3185 1965 3232 aut
1980 3184 2280 3243 morantur,
2297 3193 2398 3232 nos
2414 3193 2629 3248 quoque
2654 3178 2802 3248 ipsos
2823 3195 3016 3249 parum
3038 3180 3394 3246 morabimur,
3409 3182 3523 3236 ἀλλ’

253 3275 401 3346 ἡμεῖς
428 3278 618 3339 αὐτοῖς
664 3276 723 3327 οὺ
773 3273 1174 3344 διαμειψόμεθα
1223 3273 1318 3343 τῆς
1371 3273 1572 3343 ἀρετῆς
1619 3274 1710 3324 τὸν
1750 3289 1789 3324 π

1989 3314 2002 3336 ,
2059 3280 2122 3327 ιιι
2151 3271 2317 3327 Solon
2347 3272 2548 3327 cecinit
2573 3291 2585 3327 :
2616 3288 2680 3328 ac
2708 3274 2891 3345 potius
2921 3284 3036 3330 tum
3070 3276 3137 3330 ad
3181 3277 3523 3331 honestatem

254 3370 682 3440 dignitatemque
717 3368 944 3421 istarum
965 3366 1292 3425 litterarum,
1324 3374 1438 3418 tum
1468 3366 1534 3419 ad
1570 3366 1838 3434 majorum
1878 3365 2123 3435 exempla
2149 3405 2164 3430 ,
2194 3373 2251 3418 et
2282 3364 2523 3434 priscum
2557 3363 2726 3430 illum,
2762 3381 2925 3435 quem
2954 3367 3087 3432 dixi,
3119 3367 3366 3423 ardorem
3403 3367 3525 3422 ani-

254 3475 482 3529 morum,
514 3479 626 3534 quo
667 3463 769 3530 ipsi
801 3475 925 3531 erga
967 3476 1062 3515 eas
1096 3459 1408 3530 flagrarunt,
1438 3467 1668 3528 utroque
1695 3461 1854 3514 oculo
1890 3459 2265 3528 respiciemus.
2298 3457 2512 3512 Recens
2540 3456 2650 3523 jam
2692 3473 2812 3512 sum
2847 3475 2876 3512 a
2907 3459 3139 3514 lectione
3172 3460 3522 3529 cpistolarum

251 3560 472 3616 Joannis
499 3554 819 3622 Reuchlini,
851 3569 986 3624 quas
1013 3553 1069 3606 in
1095 3552 1424 3606 bibliotheca
1455 3550 1703 3606 Bilibaldi
1740 3550 2103 3620 Pirckcymeri
2145 3566 2238 3620 per
2272 3550 2434 3604 hasce
2462 3547 2626 3603 ferias
2657 3548 3025 3619 Norimbergae
3051 3551 3194 3620 apud
3234 3552 3520 3621 patricium

251 3653 423 3707 virum
456 3649 726 3703 Joannem
777 3643 876 3697 lm.
911 3641 1150 3704 ilofium,
1184 3641 1325 3695 illius
1361 3650 1742 3711 pronepotem,
1784 3641 1969 3695 inveni
2014 3640 2343 3710 complures.
2375 3640 2618 3694 Narrabo
2663 3640 2778 3704 tibi,
2813 3641 2884 3692 mi
2919 3638 3150 3695 Grutere
3175 3683 3187 3706 ,
3222 3645 3308 3697 vel
3341 3645 3522 3713 potius

248 3739 709 3799 adolescentibus,
737 3736 783 3789 si
816 3733 907 3802 qui
940 3734 1054 3787 haec
1086 3741 1178 3786 tuo
1207 3731 1476 3786 beneficio
1506 3741 1768 3801 praeterea
1809 3731 1948 3785 forte
1982 3731 2175 3786 lecturi
2205 3740 2367 3796 sunt,
2407 3739 2468 3786 ut
2497 3732 2802 3800 exemplum
2843 3731 2969 3785 inde
3001 3733 3214 3800 capiant
3241 3773 3255 3794 ,
3287 3734 3414 3803 quid
3463 3735 3519 3790 in

247 3853 436 3896 earum
475 3851 584 3891 una
615 3843 779 3903 atque
808 3832 980 3885 altera
1013 3838 1288 3900 repertum
1339 3829 1411 3883 sit
1460 3828 1616 3882 mihi.
1651 3827 1856 3882 Scribit
1899 3828 2239 3882 Reuchlinus
2295 3828 2575 3898 Anglopoli
2635 3827 2734 3897 (sic
2765 3835 2921 3881 vocat
2977 3825 3380 3897 lngolstadium,
3414 3847 3522 3899 quo

249 3929 562 4000 Stutgardia
597 3926 668 3980 ob
699 3933 878 3978 motus
911 3922 1177 3976 Suevicos
1204 3937 1233 3973 a
1269 3920 1498 3974 summis
1547 3919 1849 3973 honoribus
1879 3919 2068 3972 aulicis
2113 3925 2308 3988 sponte
2339 3919 2643 3972 exsulatum
2688 3918 2924 3987 juverat)
2953 3933 3096 3971 anno
3127 3935 3264 3972 uoxx
3295 3920 3360 3972 ad
3395 3920 3521 3974 Bili-

245 4022 469 4076 hamum
507 4021 658 4074 illum
681 4060 694 4080 ,
725 4031 885 4086 quem
915 4014 1024 4068 dixi
1049 4057 1062 4074 ,
1090 4013 1390 4083 principem
1422 4012 1597 4066 virum
1628 4021 1683 4065 et
1709 4011 1763 4064 in
1791 4012 2096 4066 litterarum
2125 4012 2528 4065 reconditarum
2559 4011 2787 4064 scientia
2809 4052 2823 4076 ,
2856 4009 3189 4079 omninoque
3217 4011 3518 4065 multorum

243 4118 507 4188 opinione
533 4117 832 4184 majorem,
862 4111 930 4165 de
959 4127 1059 4165 sua
1080 4111 1386 4180 linguarum
1421 4108 1796 4178 professione,
1831 4124 1990 4177 quam
2028 4109 2080 4160 in
2126 4109 2212 4162 illa
2243 4109 2594 4162 celeberrima
2630 4108 2781 4160 acad.
2808 4106 2962 4160 ducis
2991 4106 3232 4162 Bavarize
3270 4107 3520 4162 Gulielmi

244 4208 510 4278 auspiciis
550 4219 604 4261 et
635 4207 867 4259 honesto
902 4201 1179 4272 stipendio
1213 4202 1431 4272 publico
1462 4202 1774 4255 instituerat
1802 4201 2094 4272 geminam,
2127 4217 2287 4270 quam
2323 4201 2578 4270 frequens
2611 4201 2807 4254 habeat
2843 4200 3190 4254 auditorium.
3237 4199 3340 4254 Sed
3365 4202 3520 4269 juvat

245 4300 358 4356 hoc
388 4301 674 4369 ipsiusmet
704 4297 884 4352 verbis
918 4311 1268 4367 cognoscere,
1305 4311 1425 4363 qum
1457 4295 1684 4364 proinde
1722 4311 1786 4348 ex
1818 4296 2154 4365 autographo
2187 4294 2308 4347 ﬁdei
2350 4310 2515 4349 causa
2559 4293 2841 4362 subjiciam
2869 4333 2882 4354 ,
2917 4302 3186 4360 quatenus
3213 4292 3318 4345 huc
3349 4291 3518 4360 perti-

244 4402 408 4447 nent.
447 4390 697 4458 Quando,
728 4390 928 4459 inquit,
957 4405 1043 4443 me
1068 4404 1217 4442 nunc
1254 4389 1358 4442 isto
1392 4404 1537 4442 anno
1578 4387 1992 4440 clcmentarium
2031 4386 2213 4440 effecit
2249 4387 2508 4439 δέσποινα
2537 4384 2672 4456 τύχη
2695 4426 2707 4446 ,
2741 4385 2983 4453 quotidie
3012 4385 3077 4438 de
3107 4386 3302 4437 throno
3329 4385 3522 4437 docto-

241 4499 399 4555 rum,
430 4484 702 4554 frequenti
727 4481 1026 4540 auditorio,
1063 4480 1278 4549 publice
1311 4478 1690 4549 przelcgendus
1713 4485 1795 4531 cst
1830 4493 1859 4530 a
1885 4493 1970 4531 me
1995 4479 2046 4530 in
2076 4475 2544 4547 linguailebraica
2574 4491 2733 4530 mane
2763 4475 2898 4529 Ilabi
2935 4475 3080 4530 Mose
3115 4475 3314 4532 Kimhi,
3347 4483 3402 4526 ct
3425 4489 3521 4526 ve-

243 4578 401 4650 ερετί
430 4577 483 4630 in
512 4576 696 4644 lingua
725 4572 910 4628 Graeca
937 4570 1128 4624 Plutus
1153 4568 1534 4639 Aristophanis
1560 4567 1846 4635 discipulis
1876 4568 2137 4619 trecentis
2164 4577 2218 4619 et
2243 4567 2433 4630 multo,
2474 4566 2716 4634 inquam,
2752 4566 2893 4633 plus.
2928 4564 3080 4628 Quod
3105 4565 3251 4625 felix,
3285 4563 3521 4616 faustum

246 4671 706 4738 fortunatumque
757 4666 895 4720 fuat.
921 4664 1039 4729 Tu,
1077 4665 1195 4718 vale
1243 4663 1496 4727 feliciter,
1523 4671 1579 4716 et
1622 4678 1710 4715 me
1763 4661 2065 4730 principem
2111 4660 2312 4714 Sicilire
2349 4661 2665 4731 Dionysium
2698 4659 2945 4713 Corinthi
2977 4659 3203 4727 puerilia
3234 4658 3520 4711 docentem

245 4773 520 4834 spectato.
548 4763 679 4817 Haec
703 4762 813 4824 ille,
841 4760 1064 4814 biennio
1091 4769 1216 4813 ante
1251 4760 1470 4812 beatum
1505 4757 1628 4811 vitae
1673 4772 1997 4810 aerumnosa;
2055 4757 2214 4809 simul
2276 4765 2331 4809 et
2383 4756 2629 4825 gloriosae
2663 4754 2888 4818 exitum,
2924 4762 3080 4806 :etatc
3112 4752 3196 4803 vir
3222 4751 3421 4820 gravis,
3465 4749 3519 4803 in

248 4859 424 4913 rebus
459 4858 643 4912 arduis
679 4865 938 4926 spectata:
974 4854 1138 4918 fidei,
1175 4855 1609 4922 auctoritateque
1650 4863 1951 4923 prmstans,
1984 4854 2046 4904 ad
2080 4853 2314 4906 amicum
2341 4891 2355 4916 ,
2399 4867 2506 4921 quo
2537 4852 2796 4919 majorem
2837 4858 2963 4902 tunc
2997 4847 3365 4916 Norimbergze
3413 4861 3523 4899 non

247 4937 512 5017 habebat,
540 4954 628 5006 cui
655 4952 836 5008 omnia
867 4967 965 5005 sua
992 4949 1216 5004 minima
1243 4949 1475 5003 maxima
1505 4948 1889 5013 concredehat,
1911 4963 2124 5017 quoque
2147 4947 2437 5017 plurimum
2463 4945 2735 5006 utebatur,
2765 4943 2831 4996 de
2868 4941 3137 4995 auditorio
3163 4956 3282 5004 suo,
3316 4950 3369 4995 et
3404 4941 3524 5010 qui‘

243 5049 376 5103 dem
409 5050 616 5103 calamo
650 5047 895 5110 minime,
932 5045 1072 5100 sicut
1101 5045 1398 5108 credimus,
1433 5059 1572 5097 vano
1600 5053 1654 5097 et
1682 5044 1937 5113 glorioso,
1974 5045 2323 5114 praedicabat.
2351 5041 2483 5106 Quis
2512 5057 2642 5094 vero
2682 5041 2782 5092 hac
2826 5046 3168 5106 tempestate,
3205 5053 3310 5090 non
3348 5037 3524 5090 dicam

243 5141 299 5194 in
351 5141 464 5196 ulla
515 5139 823 5193 Germania:
875 5136 1030 5190 acad.
1066 5137 1157 5190 sed
1195 5137 1362 5190 totius
1393 5135 1623 5205 Europae
1653 5137 1734 5189 vel
1763 5137 2120 5191 celeberrimo
2164 5134 2455 5204 Gymnasio
2479 5174 2492 5196 ,
2520 5133 2634 5202 ipse
2680 5133 2804 5185 licet
2842 5130 3164 5192 Reuchlino,
3195 5129 3280 5182 cui
3315 5143 3524 5182 summa

242 5235 442 5288 omnia
474 5233 787 5294 tribuimus,
819 5239 878 5283 ut
905 5230 1116 5299 parenti
1145 5240 1256 5299 opt.
1283 5229 1586 5283 studiorum
1613 5270 1627 5289 ,
1653 5230 1901 5284 doctrina
1943 5229 2112 5282 nihilo
2145 5227 2386 5290 inferior,
2418 5235 2569 5278 tanto
2610 5224 2918 5277 auditorum
2958 5230 3123 5286 cmtu,
3162 5221 3271 5274 imo
3299 5219 3381 5270 vel
3426 5217 3522 5268 de-

243 5333 394 5384 cima
433 5331 552 5398 ejus
581 5338 736 5398 parte
766 5323 1124 5388 circumﬂuit,
1155 5325 1388 5378 maxime
1415 5325 1505 5394 qui
1541 5326 1608 5378 sit
1643 5325 1696 5378 in
1735 5326 1920 5378 talium
1953 5323 2314 5393 explicatione
2360 5331 2642 5374 auctorum
2677 5327 2730 5372 et
2763 5317 2962 5373 Grrecre
3001 5317 3320 5370 litteraturae
3355 5308 3492 5364 tradi

244 5427 405 5478 tione
437 5421 780 5494 occupatus?
818 5419 864 5472 0
897 5417 1214 5484 mirandam,
1247 5434 1314 5472 nc
1351 5419 1528 5472 dicam
1567 5419 1950 5482 miserandam,
1995 5427 2322 5483 temporum,
2355 5414 2658 5466 animorum
2711 5423 2766 5465 et
2795 5411 3100 5466 studiorum
3144 5401 3526 5460 commutatio.-

241 5534 377 5581 nem
403 5521 417 5573 l
453 5515 618 5586 Cujus
642 5529 840 5572 causas
870 5511 1001 5566 alibi
1037 5512 1356 5583 investigare
1384 5512 1569 5566 licebit
1591 5513 1952 5584 opportunius
1980 5527 2042 5564 ac
2063 5507 2477 5562 liberius.Nunc
2503 5515 2681 5559 autem
2708 5504 2992 5574 segnitiem
3024 5509 3185 5569 atque
3221 5493 3520 5551 socordiam

240 5619 503 5665 nostram
532 5613 741 5662 tantum
778 5603 1069 5672 deplorare
1099 5603 1272 5667 liceat,
1308 5604 1351 5656 si
1386 5604 1468 5658 vel
1515 5605 1615 5658 hac
1658 5606 1864 5660 ratione
1903 5606 1953 5658 in
1987 5603 2273 5684 juventutc
2300 5607 2505 5661 nostra,
2557 5613 2674 5652 uuae
2705 5598 2754 5651 iu
2784 5594 2977 5650 litteris
3005 5593 3072 5647 ad
3107 5606 3256 5660 spem
3291 5587 3522 5658 aliquam

504 5702 781 5762 PATnOL.
827 5696 957 5756 Gn.
1002 5693 1319 5755 LXXVIII.
1761 5700 1806 5718 ν-
3119 5685 3150 5742 v,
