3890 6134
346 196 444 261 107
1434 186 1992 252 PROLEGOMENA
2028 186 2231 248 EDIT.
2262 187 2504 247 PARIS.
3495 181 3597 247 108

342 309 552 380 reipub.
584 318 640 361 et
674 305 929 364 Ecclesiae
968 304 1254 371 educatur,
1280 303 1491 374 aliquos
1529 300 1746 372 pristini
1790 300 2001 355 ardoris
2030 300 2301 370 igniculos
2335 299 2682 362 resnscitarc,
2712 299 2827 355 sive
2859 310 2919 355 ut
2951 299 3265 357 Graecorum
3292 300 3597 371 elegantis-

343 406 482 459 simo
518 414 639 459 utar
663 404 853 468 verbo,
885 400 1234 471 ἀναζωπυρεῖ
1263 398 1552 470 possimus.
1581 395 1656 451 De
1705 410 1826 450 meo
1868 410 1995 466 erga
2036 395 2168 450 istas
2194 396 2424 461 litteras,
2454 394 2653 464 quibus
2682 393 2992 450 humanitas
3029 396 3209 451 omnis
3257 402 3596 456 continetur,

343 509 529 550 amore
572 505 837 567 perpetuo
883 495 1061 550 dicam
1108 494 1343 564 parcius.
1389 489 1617 543 Multum
1648 487 1824 552 volui;
1877 502 2068 556 parum
2103 486 2254 556 potui
2282 487 2348 540 ad
2376 486 2586 540 illarum
2622 484 3061 555 propagationem
3091 486 3362 540 conferre.
3393 472 3597 538 Partim

352 592 498 645 enim
533 591 731 660 ingenii
766 600 820 645 et
846 588 1171 645 valetudinis
1194 585 1562 650 mediocritas,
1596 585 1683 639 vel
1716 583 1897 655 potius
1928 582 2210 650 utriusque
2242 583 2498 646 tenuitas,
2526 580 2812 636 conatibus
2849 582 3094 636 honestis
3137 581 3368 645 obstitit,
3400 580 3599 649 partim

353 683 670 738 eccasirmes
695 680 1007 743 defuerunt,
1036 677 1231 749 partim
1266 676 1498 745 denique
1518 675 1621 728 alia
1654 674 1853 738 studia,
1887 675 1955 728 ab
2000 674 2105 727 illis
2134 688 2245 727 non
2271 688 2462 743 parum
2488 682 2695 727 remota
2723 683 2884 742 atque
2930 688 3117 727 aversa
3165 688 3252 726 me
3286 670 3434 726 velut
3474 670 3601 725 abs-

346 782 650 831 traxerunt.
673 772 740 828 Et
762 773 839 826 vel
872 772 951 827 sic
977 780 1157 825 tamen
1176 784 1283 823 non
1303 768 1533 838 pmnitet
1557 776 2077 837 prorsus,qnantum
2110 766 2200 821 hic
2228 781 2410 835 operae
2438 766 2618 835 posui,
2642 765 2684 819 si
2705 782 2814 820 non
2845 774 2899 820 et
2919 781 3097 834 operae
3114 765 3348 835 pretium
3381 765 3600 835 aliquod

344 867 467 923 feci.
486 865 729 920 Isidorus
758 863 1058 917 Pelusiotes
1089 860 1307 931 quidem
1338 859 1468 929 quid
1490 867 1824 928 quantumve
1862 858 2021 912 nobis
2045 858 2258 919 debeat,
2283 857 2398 926 ipse
2432 858 2615 928 potius
2644 859 2918 927 loquatur.
2947 860 3012 912 Et
3040 859 3294 927 loquetur
3322 874 3457 915 sane
3499 860 3602 915 hoc

344 956 521 1026 ipsum
571 955 793 1017 diserte,
824 955 867 1007 si
902 955 1017 1007 hzec
1042 960 1227 1005 nostra
1258 949 1426 1004 editio
1459 964 1581 1003 cum
1618 947 1860 1003 Parisina
1892 948 2176 1004 clarissimi
2203 948 2341 1002 Billii
2371 948 2701 1003 conferatur.
2734 950 2888 1004 Dicet
2921 950 3088 1013 enim,
3122 938 3324 1004 se-mea
3356 949 3599 1019 primum

345 1047 679 1119 benignitate
708 1047 828 1115 plus
853 1061 1013 1115 quam
1043 1042 1296 1099 ducentis
1325 1041 1513 1111 viginti
1544 1042 1787 1110 epistolis
1814 1043 2028 1110 prodire
2054 1040 2381 1105 auctiorem;
2417 1041 2578 1105 dicet,
2608 1041 2853 1110 plurimis
2879 1042 3120 1111 priorum
3143 1041 3303 1095 etiam
3336 1040 3601 1093 librorum

342 1137 477 1194 locis
512 1139 713 1194 factum
745 1136 1171 1192 emendatiorem
1219 1145 1379 1204 atque
1411 1132 1789 1201 integriorem;
1819 1132 1981 1196 dicet,
2010 1133 2462 1202 interpretatione
2496 1134 2687 1188 Latina
2722 1142 2776 1187 ct
2822 1134 2966 1187 notis
3000 1148 3216 1202 quoque
3258 1147 3321 1185 ac
3348 1131 3602 1201 perochis

344 1236 613 1290 redditum
638 1233 940 1305 planiorem
972 1232 1037 1286 ad
1059 1228 1501 1300 intelligendum;
1528 1226 1691 1290 dicet,
1721 1227 1993 1282 indicibus
2022 1229 2225 1284 nostris
2256 1229 2377 1283 usui
2406 1228 2608 1283 factum
2648 1229 2911 1298 aptiorem
2947 1236 3003 1281 et
3040 1227 3381 1281 habiliorem.
3413 1225 3495 1277 Ac
3533 1239 3603 1277 ne

342 1329 463 1396 quis
498 1343 595 1397 per
621 1342 720 1381 nos
746 1342 842 1380 sua
866 1326 1024 1379 laude
1059 1333 1115 1378 et
1143 1322 1310 1393 gloria
1344 1320 1714 1383 defraudetur,
1750 1334 1853 1373 nec
1882 1320 1955 1374 illi
1997 1320 2086 1374 hic
2126 1322 2388 1378 reticendi
2429 1332 2578 1385 sunt,
2629 1339 2858 1392 quorum
2901 1320 3165 1375 beneﬁcio
3198 1316 3605 1383 mauuscriptus

344 1418 433 1477 ille
481 1419 655 1474 codex
697 1416 1044 1472 bibliothecae
1074 1412 1307 1483 princip.
1344 1410 1539 1466 Bavar.
1584 1409 1786 1465 nostris
1816 1411 2005 1465 usibus
2050 1410 2371 1481 impetratus
2416 1423 2518 1468 est.
2551 1414 2601 1468 ld
2644 1424 2700 1467 tu
2735 1413 2972 1483 quidem,
3001 1413 3231 1466 Grutere
3278 1409 3601 1465 clarissime.

343 1512 452 1578 jam
478 1508 642 1574 nosti,
692 1514 897 1561 norunt
930 1506 1094 1560 etiam
1124 1504 1431 1573 complures
1461 1501 1620 1556 amici
1656 1500 1767 1555 alii.
1795 1501 1899 1556 Sed
1942 1503 2159 1570 quando
2201 1504 2315 1558 haec
2343 1505 2591 1574 epistola,
2624 1520 2745 1573 quae
2770 1513 2825 1558 et
2870 1502 3120 1557 amicitiae
3151 1510 3351 1556 nostra:
3380 1508 3437 1553 et
3467 1498 3606 1568 grati

348 1616 473 1671 erga
504 1598 791 1668 εὐεργέται
830 1596 998 1650 animi
1031 1594 1136 1649 mei
1173 1593 1324 1673 testis
1350 1608 1469 1648 esse
1491 1592 1671 1653 debet.
1707 1608 1740 1646 a
1773 1592 2039 1663 pluribus,
2070 1595 2528 1663 quemadmodum
2581 1612 2761 1666 spero,
2793 1598 3001 1666 legetur
3043 1610 3151 1649 una
3182 1610 3305 1649 cum
3337 1593 3459 1661 ipso
3504 1590 3604 1645 lsi-

344 1692 510 1756 doro;
539 1690 717 1743 sciant
751 1688 825 1742 illi
861 1702 1095 1758 quoque,
1126 1684 1216 1755 qui
1241 1694 1399 1738 antea
1441 1684 1779 1751 nesciebant,
1815 1686 1957 1754 quod
1985 1702 2079 1741 eos
2108 1687 2249 1742 scire
2283 1689 2511 1744 interest
2545 1706 2679 1744 mea}
2707 1690 2828 1743 ﬁdei
2854 1696 2908 1743 et
2930 1685 3378 1757 εὐγνωμοσύνης,
3416 1681 3605 1738 deberi

344 1784 505 1838 istius
536 1782 787 1838 beneﬁcii
813 1782 1038 1853 gratiam
1073 1781 1202 1836 viris
1234 1779 1534 1851 magnificis
1560 1788 1721 1848 atque
1749 1782 2126 1850 amplissimis,
2157 1782 2338 1839 Marco
2372 1784 2612 1849 Velsero,
2643 1786 2778 1855 reip.
2804 1785 3034 1856 August.
3064 1783 3131 1848 ll,
3163 1783 3303 1846 viro,
3331 1777 3605 1835 etJoanni

345 1875 576 1946 Georgio
602 1873 908 1928 Hervuarto
940 1874 1008 1928 ab
1040 1872 1397 1943 llohenburg,
1429 1872 1754 1927 cancellario
1779 1873 2055 1942 Bavarico,
2090 1878 2183 1946 qui
2214 1886 2270 1931 et
2296 1894 2395 1948 per
2435 1878 2643 1933 litteras
2672 1887 2727 1933 et
2759 1892 2858 1947 per
2888 1877 3243 1945 interpretem
3291 1890 3356 1928 ac
3405 1886 3610 1941 proxe-

347 1975 527 2022 netam
556 1974 669 2035 opt.
701 1981 765 2020 ac
795 1965 1097 2036 gratiosiss.
1124 1965 1381 2019 Davidem
1435 1964 1807 2020 Hoeschelium
1867 1977 2112 2021 nostrum
2166 1985 2197 2023 a
2252 1985 2339 2023 me
2388 1969 2558 2040 rogati
2602 1985 2758 2023 usum
2811 1967 3163 2039 pulcherrimi
3196 1966 3342 2020 illius
3373 1962 3607 2025 codicis,

344 2076 505 2131 quem
540 2058 749 2113 Mouaci
804 2065 1018 2112 exstare
1074 2057 1470 2122 iuaudiveram,
1517 2072 1627 2111 non
1658 2056 1903 2112 difficiles
1929 2070 2048 2111 sese
2080 2059 2212 2112 mihi
2246 2059 2614 2128 praebuerunt,
2655 2058 2783 2127 quin
2826 2072 2950 2111 eum
2985 2056 3117 2109 mihi
3148 2056 3216 2109 ab
3248 2054 3513 2108 sereniss.
3556 2059 3613 2107 et

343 2152 553 2206 celsiss.
586 2150 777 2205 Bavar.
817 2147 1050 2219 princip.
1082 2146 1458 2217 impetrarent,
1508 2147 1717 2217 μεγάλη
1765 2146 1879 2217 pip:

2074 2151 2176 2212 οἷς,
2206 2156 2265 2201 υι
2294 2148 2570 2203 Theocriti
2604 2150 2767 2203 verba
2806 2150 2897 2204 hic
2929 2149 3121 2203 faciam
3159 2160 3297 2201 mea.
3337 2145 3487 2198 idem
3520 2143 3606 2197 di-

344 2253 493 2299 ctum
518 2242 638 2295 volo
664 2250 719 2295 et
753 2239 1076 2310 prothymize
1108 2238 1315 2293 clariss.
1352 2247 1407 2292 et
1431 2239 1675 2293 nobiliss.
1709 2239 1813 2293 viri
1846 2239 2015 2309 Marq.
2049 2240 2272 2295 Freheri
2305 2260 2318 2294 :
2352 2241 2444 2310 qui
2474 2257 2596 2296 cum
2624 2241 2997 2305 intellexisset,
3027 2256 3057 2293 a
3087 2254 3173 2293 me
3189 2239 3421 2292 alterum
3444 2236 3613 2290 etiam

342 2335 641 2392 desiderari
672 2334 947 2404 exemplar
980 2332 1234 2387 editionis
1253 2331 1537 2397 Parisinae,
1565 2334 2076 2402 quod'variantihus
2121 2335 2448 2390 lectionibus
2476 2352 2506 2389 a
2547 2352 2634 2390 me
2686 2336 3144 2391 conscribillatum
3186 2349 3342 2388 novae
3375 2332 3614 2402 impres-

344 2428 482 2485 sieni
518 2426 827 2483 subservire
863 2425 1112 2494 juberem
1132 2465 1149 2488 ,
1184 2424 1326 2477 ultro
1360 2422 1437 2486 id,
1468 2439 1573 2492 qua
1610 2433 1693 2477 est
1717 2425 1801 2479 vir
1826 2423 2021 2478 eximia
2051 2425 2411 2496 benignitate,
2443 2427 2757 2495 prolixeque
2789 2426 2923 2480 mihi
2954 2426 3153 2480 obtulit
3189 2434 3351 2494 atque
3380 2439 3615 2479 conces-

344 2521 415 2575 sit
448 2521 637 2575 usibus
666 2519 822 2573 meis.
851 2517 989 2572 Sunt
1019 2516 1181 2570 etiam
1218 2515 1309 2584 qui
1345 2515 1558 2585 signum
1603 2515 1764 2569 nobis
1794 2523 1981 2585 postea
2010 2516 2355 2571 subtulerunt
2389 2518 2455 2571 ad
2487 2517 2626 2571 bene
2653 2518 2981 2587 sperandum
3010 2519 3076 2572 de
3111 2516 3267 2571 novis
3298 2516 3520 2570 auxiliis
3550 2530 3619 2569 ex

342 2612 601 2666 Vaticana
634 2610 961 2665 bibliotheca
996 2606 1498 2662 subministrandis.
1530 2604 1608 2660 lbi
1633 2606 1777 2661 enim
1804 2606 2067 2669 plurimas
2110 2608 2273 2661 etiam
2316 2609 2639 2672 ἀνεκδότους
2672 2610 2845 2664 nostri
2876 2610 3114 2664 auctoris
3143 2610 3404 2677 epistolas
3444 2610 3620 2666 latere

342 2707 638 2777 perhibent
662 2704 950 2768 αὐτόπται,
974 2718 1078 2757 nec
1107 2717 1301 2755 vanam
1334 2701 1541 2756 faciunt
1571 2701 1751 2756 ﬁdem.
1783 2699 1900 2755 Jam
1924 2702 2069 2755 enim
2103 2703 2456 2770 quarumdam
2480 2703 2711 2757 vidimus
2738 2704 2914 2766 initia,
2944 2720 3064 2773 qua:
3089 2703 3216 2757 inde
3236 2703 3379 2757 And.
3413 2703 3619 2759 Schot-

346 2807 456 2861 tus,
490 2797 573 2851 vir
602 2796 851 2859 doctiss.,
883 2795 950 2849 de
975 2794 1299 2863 antiquitate
1335 2794 1482 2847 omni
1517 2804 1574 2849 et
1608 2794 1675 2848 de
1707 2794 1869 2848 rectis
1899 2794 2094 2849 studiis
2129 2804 2242 2863 opt.
2275 2812 2411 2849 mer.
2474 2796 2778 2866 (notissima
2816 2798 2911 2851 tibi
2944 2797 3197 2867 praedico)
3230 2796 3621 2865 exscripserat.

347 2888 429 2942 illi
456 2904 692 2958 quoque,
726 2886 816 2940 ubi
856 2886 1120 2956 promissa
1152 2886 1524 2955 impleverint,
1560 2886 1640 2939 uti
1672 2900 1955 2954 speramus
1982 2886 2298 2955 propediem
2332 2886 2591 2949 facturos,
2625 2897 2679 2942 et
2714 2903 2845 2942 vero
2877 2904 2999 2942 cum
3032 2888 3155 2942 ﬁdei
3186 2903 3298 2943 suae
3323 2896 3438 2941 tum
3487 2888 3623 2943 boni

346 2984 545 3053 publici
578 2999 742 3038 causa
774 2982 954 3036 facere
990 2981 1213 3044 debent,
1250 2980 1431 3035 debita
1473 2982 1630 3035 laude
1660 2981 1941 3051 gratiaque
1976 2980 2202 3035 minime
2230 2980 2646 3036 fraudabuntur.
2680 2982 2866 3053 Neque
2912 2983 3059 3052 ipsos
3089 2984 3205 3038 hac
3228 2983 3418 3048 editio,
3452 2998 3624 3053 quam

345 3075 758 3131 Commeliniani
786 3075 905 3129 sine
934 3090 1129 3145 magno
1154 3090 1254 3128 suo
1284 3073 1650 3139 incommodo,
1683 3082 1743 3129 ut
1781 3076 1906 3138 scis,
1939 3074 2148 3129 diutius
2193 3074 2416 3129 differre
2464 3092 2572 3129 non
2616 3084 2930 3146 potuerunt,
2960 3077 3254 3141 retardare,
3291 3077 3387 3131 sed
3432 3078 3625 3146 potius

346 3172 576 3227 invitare
605 3172 787 3232 debet,
818 3178 877 3224 ut
909 3185 1029 3238 quae
1058 3169 1201 3223 ultro
1232 3170 1563 3240 perbenigne
1600 3178 1729 3225 sunt
1772 3170 2021 3240 polliciti,
2047 3186 2158 3225 non
2190 3179 2299 3225 tam
2342 3171 2500 3224 nobis
2529 3185 2691 3240 quam
2725 3171 2934 3240 reipuh.
2963 3171 3286 3225 Christiana:
3312 3185 3627 3239 repraesen-

306 3278 307 3281 ‘
351 3274 485 3320 teut.
511 3264 762 3333 Accipies
795 3278 917 3316 cum
958 3262 1043 3315 his
1063 3261 1259 3315 litteris
1280 3269 1335 3314 et
1358 3262 1537 3330 operis
1568 3261 1808 3315 universi
1856 3261 2068 3315 titulum
2092 3301 2107 3325 ,
2142 3270 2196 3315 et
2226 3263 2431 3332 aliquot
2466 3262 2851 3317 encomiastica
2886 3265 3082 3332 partim
3106 3262 3349 3317 carmina
3374 3302 3390 3327 ,
3420 3262 3627 3332 partim

347 3354 597 3424 epistolia
631 3354 901 3408 clarorum
932 3351 1195 3415 virorum,
1228 3366 1349 3420 qua:
1375 3340 1533 3405 suum
1566 3350 1621 3403 in
1650 3350 1825 3404 locum
1863 3352 1929 3405 ab
1953 3352 2134 3421 operis
2158 3354 2559 3424 typographicis
2586 3354 2778 3408 referri
2800 3354 3043 3423 jubehis.

419 3446 627 3501 Caetera
655 3461 778 3515 qua;
806 3446 873 3499 ad
905 3444 1170 3499 lsidorum
1205 3444 1402 3498 idoneo
1433 3444 1901 3498 cohonestandum
1936 3447 2200 3514 prooemio
2227 3448 2535 3517 pertinent,
2560 3449 2715 3503 vobis
2743 3465 2888 3503 cur-.e
2917 3458 3098 3503 erunt.
3132 3450 3430 3507 Meministi
3459 3470 3627 3509 nant-

351 3558 460 3614 que
494 3558 660 3597 omne
713 3540 1058 3613 pontiﬁcium
1087 3542 1529 3611 προσφωνήσεως
1566 3538 2013 3595 Commelinianis
2051 3557 2082 3595 a
2113 3557 2201 3596 me
2233 3543 2627 3612 transcriptum
2661 3558 2801 3597 esse.
2832 3543 3019 3598 Errata
3054 3545 3308 3616 colligere
3345 3556 3404 3600 et
3448 3548 3629 3603 corri-

352 3655 480 3711 gere
508 3640 562 3693 in
584 3640 729 3693 foliis
764 3636 1119 3701 transmissis,
1151 3651 1462 3706 quanquam
1500 3635 1682 3691 statim
1714 3635 1895 3705 aliqua
1920 3636 2134 3707 agnovi,
2176 3652 2283 3690 non
2310 3638 2546 3703 libebat,
2575 3653 2699 3692 cum
2723 3639 3020 3708 praesertim
3053 3655 3162 3694 non
3197 3641 3381 3695 omnia
3410 3644 3480 3697 ad
3506 3660 3628 3698 ma-

354 3748 484 3788 num
528 3732 807 3785 haberem.
848 3730 1035 3799 itaque
1082 3728 1438 3799 ἀναγνώστης
1470 3738 1525 3783 et
1552 3728 1890 3798 ὲπανορθωτί

2090 3730 2328 3785 viderint
2355 3746 2462 3799 quo
2497 3741 2654 3800 pacto
2684 3735 3048 3786 emendentur
3071 3775 3085 3797 ,
3119 3744 3174 3788 et
3205 3750 3357 3790 more
3389 3738 3624 3795 solemni

354 3823 422 3878 ad
452 3824 654 3878 calcem
687 3823 868 3892 operis
896 3821 1232 3891 rejiciantur.
1256 3819 1367 3876 Nec
1387 3820 1560 3889 plura,
1598 3834 1746 3873 nunc
1770 3820 1991 3888 quidem
2014 3860 2028 3882 ,
2058 3820 2126 3875 de
2150 3820 2356 3875 Isidoro
2384 3830 2594 3877 nostro.
2627 3822 2862 3876 Tantum
2891 3824 3050 3877 bonis
3073 3825 3263 3879 avibus
3289 3827 3539 3894 prodeat,
3571 3838 3627 3883 et

354 3917 501 3971 bono
533 3916 749 3985 publico
780 3915 984 3985 pariter
1013 3929 1079 3967 ac
1122 3913 1367 3969 Bonutiis
1396 3914 1647 3983 privatim
1684 3913 1855 3983 prosit
1895 3913 2207 3983 plurimum.
2238 3914 2535 3983 Exspectas
2563 3914 2749 3982 procul
2778 3915 2941 3969 dubio
2972 3916 3100 3969 dum
3133 3917 3366 3971 scribam
3400 3922 3623 3973 tandem

358 4006 521 4060 etiam
546 4007 613 4061 de
643 4006 931 4076 suppetiis,
967 4020 1104 4074 quas
1135 4005 1203 4059 ad
1232 4015 1416 4059 vetera
1445 4004 1774 4059 numismata
1808 4015 2009 4067 vestra,
2036 4006 2232 4074 quibus
2257 4006 2448 4076 ingens
2474 4006 2602 4060 illud
2632 4017 2686 4061 et
2733 4009 3039 4062 immortale
3090 4024 3228 4079 opus
3263 4012 3623 4078 Antiquarum

359 4101 757 4168 inscriptionum
795 4098 1129 4169 locupletare
1180 4098 1421 4168 cogitas,
1454 4099 1743 4167 aliquando
1783 4116 1870 4154 me
1913 4099 2009 4154 tibi
2052 4099 2422 4169 Norimhergm
2462 4110 2877 4169 procuraturum
2905 4102 3149 4171 promisi.
3189 4102 3305 4169 Qua
3350 4104 3421 4159 de
3450 4121 3513 4160 re
3542 4106 3622 4159 sic

360 4190 560 4244 habeto
588 4191 750 4255 serio,
783 4199 996 4244 exstare
1036 4189 1143 4244 sibi
1176 4188 1317 4257 apud
1352 4188 1501 4241 illum
1534 4205 1697 4258 quem
1731 4204 1895 4258 supra
1932 4190 2146 4243 laudavi
2191 4188 2477 4258 patricium
2519 4190 2694 4243 virum
2729 4191 3047 4243 thesaurum
3080 4191 3305 4246 minime
3338 4194 3619 4264 vulgarem

360 4281 755 4336 numismatum
809 4291 1058 4336 veterum
1112 4280 1291 4335 omnis
1347 4280 1561 4351 generis
1615 4280 1989 4346 Hebraeorum,
2030 4281 2362 4344 Graecorum,
2390 4280 2726 4344 Latinorum,
2752 4282 3060 4348 consulum,
3086 4298 3397 4350 censorum,
3432 4286 3624 4339 trium-

361 4374 625 4439 virorum,
660 4374 1072 4443 imperatorum,
1104 4374 1415 4438 Caesarum;
1446 4373 1683 4443 denique
1716 4388 2005 4427 aureorum
2026 4415 2039 4437 ,
2068 4383 2445 4443 argenteorum
2468 4415 2481 4435 ,
2514 4388 2807 4426 amcorum.
2840 4373 3086 4442 Cumque
3125 4375 3506 4444 superioribus
3540 4378 3622 4432 fe-

363 4466 459 4519 riis
489 4464 694 4519 nostris
725 4466 792 4519 ad
819 4464 983 4519 ﬁnem
1014 4464 1367 4535 vergentibus
1398 4464 1808 4537 Norimbergam
1841 4479 1927 4519 me
1965 4465 2314 4518 contulissem
2340 4504 2354 4528 ,
2397 4472 2452 4519 et
2483 4466 2626 4519 ultro
2654 4466 2859 4535 aliquot
2887 4467 3079 4521 diebus
3106 4466 3337 4537 (decem,
3368 4467 3475 4523 nisi
3513 4468 3618 4522 fal-

364 4556 465 4627 lor)
499 4572 586 4611 me
611 4555 763 4625 quasi
805 4556 1080 4625 captivum
1112 4556 1165 4608 in
1192 4554 1338 4608 illam
1372 4554 1851 4611 instructissimam
1906 4554 2293 4617 bibliothecam
2325 4556 2618 4626 benigniss.
2645 4557 2760 4611 heri
2792 4557 2910 4627 ejus
2936 4560 3208 4627 permissu
3253 4558 3623 4624 inclusissem,

364 4658 490 4719 post
524 4648 667 4701 hanc
700 4647 1112 4717 perlustratam,
1140 4646 1230 4700 illa
1260 4646 1422 4700 etiam
1453 4646 1710 4716 pleraque
1739 4646 1920 4701 omnia
1950 4646 2007 4701 in
2033 4660 2227 4700 manus
2252 4647 2456 4715 sumpsi
2487 4657 2541 4701 et
2565 4648 2805 4717 inspexi;
2853 4648 3153 4717 periculum
3186 4665 3403 4720 quoque
3430 4650 3535 4705 feci
3567 4651 3624 4705 in

368 4740 738 4797 describendis
782 4742 1175 4793 numismatum
1225 4737 1562 4808 singulorum
1598 4737 1934 4808 epigraphis,
1964 4738 2029 4792 ad
2060 4753 2185 4792 eum
2210 4738 2325 4793 fere
2350 4738 2591 4801 modum,
2620 4755 2781 4809 quem
2811 4740 2880 4795 cl.
2908 4739 2973 4793 V.
3004 4740 3284 4811 Adolphus
3310 4740 3454 4796 Occo
3482 4741 3623 4797 Med.

373 4834 508 4903 Aug.
540 4833 747 4886 amicus
776 4840 965 4885 noster
1006 4831 1063 4884 in
1102 4844 1201 4885 suo
1231 4828 1323 4884 illo
1363 4828 1696 4883 celebratiss.
1727 4844 1893 4900 opere
1939 4830 2194 4883 servavit.
2219 4830 2564 4900 Deprehendi
2606 4840 2786 4884 autem
2824 4830 3060 4886 laborem
3100 4832 3266 4898 hunc,
3313 4834 3355 4887 si
3380 4833 3503 4902 quis
3537 4842 3624 4887 to—

371 4934 506 4988 tum,
534 4932 593 4976 ut
618 4939 714 4992 par
737 4928 841 4985 est,
881 4921 1167 4976 absolvere
1200 4920 1351 4984 velit,
1378 4935 1489 4973 non
1519 4934 1813 4988 paucorum
1846 4919 2078 4985 dierum,
2116 4919 2211 4974 sed
2238 4920 2443 4989 aliquot
2469 4921 2737 4974 mensium
2767 4919 2902 4975 fore.
2933 4920 3043 4975 Nec
3067 4920 3259 4977 inutile
3285 4922 3469 4988 fuerit,
3498 4938 3626 4978 meo

370 5018 595 5092 judicio,
628 5017 860 5085 aliquem
894 5014 1151 5085 pingendi
1185 5014 1448 5068 artiﬁcem
1475 5013 1754 5077 adhibere,
1775 5013 1867 5082 qui
1898 5013 2225 5067 numismata
2249 5014 2456 5085 singula
2492 5014 2632 5083 (qua:
2663 5013 2882 5082 quidem
2926 5015 3165 5068 nondum
3186 5015 3255 5068 ab
3274 5016 3395 5069 aliis
3426 5031 3627 5073 excusa

374 5108 523 5180 sunt)
556 5108 624 5162 ad
653 5108 859 5172 vivum,
895 5114 1303 5176 quantaquanta
1334 5113 1483 5170 sunt,
1514 5105 1812 5159 delinearet
1834 5115 1998 5175 atque
2041 5106 2388 5176 exprimeret.
2427 5105 2599 5171 Quam
2633 5104 2850 5174 quidem
2881 5105 2947 5160 ad
2990 5119 3103 5158 rem
3133 5114 3188 5159 et
3222 5116 3474 5175 sumptus
3514 5123 3631 5161 non

389 5216 609 5273 parvus,
636 5208 691 5253 et
720 5209 936 5268 tempus
962 5213 1071 5252 non
1100 5198 1379 5269 exiguum,
1410 5204 1467 5251 et
1497 5206 1660 5263 totus,
1686 5206 1747 5252 ut
1777 5197 1856 5253 sic
1894 5198 2069 5253 dicam
2094 5238 2109 5263 ,
2134 5199 2297 5253 homo
2322 5198 2709 5265 requireretur.
2743 5195 2870 5249 Mihi
2909 5210 3039 5249 vero
3066 5211 3169 5249 nec
3210 5197 3518 5250 consultum
3545 5197 3631 5249 vi-

382 5294 662 5359 debatur,
700 5292 822 5346 sine
845 5291 1098 5345 mandato
1120 5299 1304 5346 vestro
1332 5291 1387 5344 in
1425 5290 1481 5345 id
1510 5300 1784 5361 sumptum
1810 5290 2008 5360 facere,
2044 5302 2099 5347 et
2124 5292 2191 5348 ad
2210 5291 2464 5347 familiam
2484 5298 2646 5360 atque
2672 5304 2864 5360 operas
2885 5290 3221 5343 academicas
3245 5291 3632 5345 revertendum

372 5362 516 5443 erat.
547 5383 603 5439 Si
627 5382 755 5453 quid
784 5391 965 5437 tamen
994 5380 1050 5433 in
1078 5390 1357 5450 posterum
1390 5381 1475 5436 vel
1504 5381 1647 5452 apud
1680 5381 1832 5437 illum
1864 5382 2135 5453 hospitem
2164 5397 2346 5438 meum
2391 5380 2701 5441 lmhoﬁum,
2726 5379 2813 5434 vel
2842 5379 2986 5449 apud
3007 5378 3208 5434 Bened.
3238 5378 3631 5445 Ammannum,

379 5482 584 5537 aliosve
609 5480 759 5553 (sunt
783 5476 930 5533 enim
968 5475 1153 5545 plures
1184 5475 1240 5529 in
1277 5475 1702 5546 locupletissima
1732 5476 1953 5532 civitate
1982 5477 2173 5531 talium
2202 5474 2501 5547 κειμηλίων
2527 5488 2889 5545 possessores,
2924 5472 3175 5544 quamvis
3204 5473 3344 5528 alius
3374 5474 3483 5528 alio
3532 5490 3635 5544 pe-

381 5573 699 5643 cnniosior),
724 5582 818 5628 tuo
837 5569 1088 5626 instituto
1108 5567 1419 5625 subservire
1450 5578 1643 5642 potero
1669 5570 1834 5628 etiam
1860 5571 2081 5637 absens,
2107 5584 2218 5626 non
2241 5583 2464 5639 parcam
2491 5583 2672 5640 operae
2701 5581 2865 5633 meae;
2892 5580 2994 5620 nec
3014 5579 3188 5630 suam,
3218 5565 3439 5635 opinor,
3464 5565 3640 5619 dene-
