3890 6134
278 210 381 276 109
1383 214 1943 277 PROLEGOMENA
1980 211 2180 271 EDIT.
2220 210 2465 269 PARIS.
3430 203 3534 267 110

276 323 421 392 gabit
472 322 759 392 praetorius
812 331 1018 386 noster,
1064 338 1226 391 quem
1261 321 1436 377 virum
1480 332 1535 377 et
1582 323 1661 377 tui
1699 337 1823 376 cum
1868 319 2061 390 primis
2094 318 2397 373 studiosum
2435 325 2597 385 atque
2644 323 2939 377 amantem,
2973 324 3028 369 et
3070 314 3310 385 alioquin
3351 314 3569 369 omnis

274 415 436 468 ollicii
477 415 709 484 ﬁdeique
744 416 964 486 plenum
986 414 1234 485 cognovi.
1271 415 1401 470 Vale
1421 456 1436 479 ,
1464 423 1521 469 et
1548 414 1721 469 saluta
1750 414 1933 469 verbis
1978 413 2116 466 meis
2157 410 2447 465 Bonutium
2478 417 2532 463 et
2558 407 3047 472 Commelinianos,
3076 406 3390 475 amicosque
3426 421 3531 460 ca:-

275 515 440 559 ιονοε.

345 593 554 649 Altorlii
579 595 632 649 in
649 594 804 651 acad.
831 595 1297 665 Norimbergensi,
1327 611 1517 651 mense
1533 595 1778 666 Augusto
1809 594 1937 650 anni
1962 610 2118 649 uncv.

283 794 588 810 *-

274 933 723 1008 Illustrissimo,
782 931 1399 1011 clementissimoque
1453 927 1601 991 duci
1645 945 1718 990 ac
1789 927 2073 1001 domino,
2124 928 2465 988 anumco
2513 924 2782 1000 Juniori,
2840 927 3055 988 comiti
3107 928 3390 989 Palatino
3451 929 3526 991 ad

724 1046 727 1047 '
953 1029 1271 1105 Rhenum,
1297 1029 1469 1090 bono
1497 1024 1772 1106 reipubl.
1803 1030 1974 1098 nato,
1998 1022 2345 1103 juventutis
2374 1022 2646 1102 principi
2666 1022 2879 1085 unico.

344 1194 654 1263 Opportune
688 1193 890 1257 Isidoro
932 1192 1177 1246 ultimam
1230 1191 1505 1261 imponunt
1535 1204 1753 1243 manum
1782 1186 2113 1257 topographi,
2147 1200 2249 1254 quo
2292 1192 2406 1249 post
2445 1184 2640 1237 biennii
2676 1201 2948 1249 secessum,
2978 1202 3006 1239 e
3029 1185 3217 1253 ﬁnibus
3246 1184 3434 1241 Callia:
3464 1200 3533 1239 aa

278 1296 389 1341 tuos
434 1289 599 1351 redis,
645 1285 1087 1341 desideratissime
1134 1283 1449 1352 principum.
1502 1278 1704 1349 Nempe
1749 1296 1869 1332 cum
1904 1277 2072 1331 omnis
2100 1285 2251 1340 tetas,
2274 1278 2443 1329 omnis
2469 1278 2597 1330 ordo
2627 1278 2682 1330 in
2730 1278 2992 1345 publicum
3020 1280 3226 1348 effusus,
3256 1280 3537 1333 adventum

276 1388 442 1441 tuum,
476 1388 732 1450 tanquam
762 1379 893 1432 clari
926 1394 989 1430 ac
1027 1376 1281 1430 salutaris
1300 1375 1506 1438 sideris,
1537 1373 1661 1426 bene
1690 1370 1939 1424 ominatis
1962 1368 2405 1439 gratulationibus
2437 1378 2595 1439 atque
2618 1370 3088 1425 declamationibus
3123 1374 3382 1440 excipiat,
3410 1373 3535 1441 jure

274 1479 320 1523 et
349 1487 440 1522 nos
462 1486 664 1540 quoque
684 1470 1039 1523 submittimus
1068 1468 1234 1521 animi
1254 1468 1418 1519 nostri
1446 1466 1744 1533 lwtitiwque
1778 1465 2023 1528 indicem,
2057 1462 2376 1516 Pelusiotam
2408 1464 2544 1517 hunc
2575 1466 2905 1533 episcopum;
2947 1468 3036 1535 qui
3073 1466 3194 1535 jam
3240 1483 3376 1519 nunc
3422 1468 3537 1537 pri-

275 1579 417 1616 mum
455 1571 608 1629 parte
650 1565 733 1616 sui
777 1573 967 1633 quarta
999 1563 1271 1632 integrior,
1299 1568 1505 1612 tantum
1536 1573 1638 1609 non
1663 1556 1935 1617 vocaliter,
1972 1564 2019 1608 et
2051 1556 2484 1624 ﬂorentissimum
2508 1557 2800 1625 juventutis
2827 1559 3113 1627 principem
3142 1560 3330 1627 faustis
3357 1575 3537 1626 prase-

272 1667 471 1717 auatur
499 1635 779 1723 ominibus,
819 1668 867 1711 et
897 1657 1078 1714 erca
1130 1666 1384 1725 printerea
1414 1651 1731 1714 vernilitate,
1767 1650 1989 1719 desuper
2015 1650 2073 1701 in
2117 1649 2347 1716 lepidum
2398 1659 2559 1719 caput
2602 1650 2716 1718 ejus
2745 1667 2809 1703 ac
2850 1653 3022 1705 sinum
3050 1653 3288 1722 invergat
3329 1653 3539 1706 uberem

272 1761 762 1805 coronamentorum
794 1750 1020 1818 copiam.
1052 1746 1318 1799 Nimirum
1347 1744 1456 1797 viso
1488 1750 1702 1796 caeteros
1733 1741 2024 1810 (occasione
2049 1743 2196 1795 verni
2225 1742 2470 1812 auspicii)
2506 1745 2643 1797 inter
2682 1744 2792 1797 alia
2834 1751 3031 1800 devota:
3060 1747 3249 1798 mentis
3295 1762 3535 1812 munera,

272 1861 520 1916 aggerere
548 1845 709 1897 etiam
738 1843 1039 1910 ephemeras
1065 1842 1254 1909 ﬂorum
1280 1837 1520 1899 delicias,
1581 1836 1767 1889 merito
1797 1834 2092 1888 arbitratur
2122 1846 2299 1905 gratos
2336 1837 2427 1889 tibi
2466 1838 2587 1891 item
2617 1848 2953 1908 acceptosque
2974 1839 3084 1908 fore
3116 1839 3310 1891 colores
3328 1838 3541 1891 odores-

273 1953 371 2007 que
418 1939 753 2005 depromptos
795 1951 822 1987 e
846 1920 1011 1986 sacrae
1046 1932 1321 1999 sapientia:
1349 1929 1512 1982 hortis
1537 1970 1551 1993 ,
1585 1928 1878 1996 prcesertim
1912 1944 2031 1981 cum
2065 1930 2179 1998 ejus
2203 1932 2307 1983 sint
2335 1932 2494 1999 genii,
2526 1940 2581 1983 ut
2622 1948 2725 1984 non
2752 1932 2906 1984 modo
2940 1948 3042 1985 non
3072 1931 3397 2000 obsoleﬁant,
3437 1947 3542 1985 non

272 2034 621 2091 marcescant,
656 2034 749 2078 aut
780 2041 874 2077 usu
905 2032 997 2076 aut
1021 2033 1271 2091 tempore.
1300 2021 1392 2074 sed
1420 2020 1542 2074 inde
1566 2020 1897 2089 potissimum
1943 2030 2156 2074 sumant
2206 2022 2394 2075 coloris
2443 2023 2719 2093 odorisque
2759 2026 3134 2094 fragrantioris
3164 2035 3541 2095 augmentum;

270 2116 485 2188 ejusque
523 2126 778 2187 praeterea
818 2116 1032 2187 ingenii,
1080 2123 1136 2167 ut
1181 2130 1285 2167 non
1335 2113 1644 2182 simpliciter
1674 2121 1885 2166 tantum
1913 2112 2260 2167 blandiantur
2288 2116 2473 2179 oculis,
2507 2116 2865 2171 lenocinentur
2892 2118 3130 2183 naribus,
3155 2135 3329 2171 verum
3354 2128 3402 2171 et
3439 2114 3541 2187 ipsi

270 2212 451 2263 animo
484 2217 534 2260 et
563 2210 665 2276 ipsi
690 2210 883 2276 pectori
909 2206 1201 2261 salutarem
1230 2206 1335 2259 vim
1369 2206 1753 2258 communicent
1778 2244 1793 2268 ,
1817 2221 1923 2274 quo
1953 2206 2106 2259 citius
2132 2207 2248 2276 quis
2282 2224 2346 2259 ac
2386 2209 2549 2261 tutius
2582 2218 2868 2279 grassetur,
2899 2226 2992 2277 per
3019 2210 3230 2263 virtutis
3260 2220 3418 2279 atque
3443 2212 3540 2263 ho-

270 2306 411 2358 noris
436 2305 656 2373 templa,
676 2310 745 2357 ad
768 2303 1115 2357 teternitatem
1146 2316 1164 2353 :
1193 2316 1310 2370 qute
1329 2301 1468 2369 ipsa,
1492 2300 1744 2369 quoniam
1768 2297 1902 2352 nulli
1923 2315 2025 2351 non
2040 2301 2186 2353 attati
2202 2310 2448 2369 perpetuo
2468 2318 2578 2355 esse
2604 2301 2750 2355 debet
2772 2312 2894 2355 ante
2915 2302 3118 2367 oculos;
3146 2304 3342 2373 fecerit,
3367 2319 3538 2372 spero,

267 2414 424 2451 senex
446 2397 544 2449 iste
570 2404 748 2447 noster
776 2392 1003 2462 pretium
1021 2405 1132 2443 sua:
1157 2405 1327 2457 opera:
1358 2404 1375 2442 :
1407 2396 1554 2441 tanta
1587 2387 1796 2457 quidem
1824 2387 2014 2457 magis,
2050 2388 2189 2457 quod
2210 2397 2259 2441 et
2298 2390 2341 2441 is
2368 2389 2581 2456 insuper
2611 2405 2666 2442 se
2689 2398 2856 2442 totum
2885 2389 2979 2443 tibi
3008 2400 3187 2444 voveat
3215 2390 3539 2460 dedicetque,

271 2492 425 2544 unius
458 2492 537 2543 tui
564 2487 900 2542 contubernio
946 2486 1299 2538 adhazrescere
1342 2483 1582 2552 deinceps
1620 2482 2010 2551 cupidissimus.
2042 2481 2208 2551 quue
2259 2498 2319 2535 eo
2364 2484 2491 2552 facit
2522 2484 2883 2553 conﬁdentius,
2921 2486 3059 2554 quod
3094 2485 3389 2539 meminerit
3420 2495 3543 2539 ante

269 2603 469 2655 paucas
500 2599 763 2637 annorum
787 2580 1159 2639 hebdomadas,
1186 2577 1327 2631 haud
1349 2579 1548 2648 frustra
1580 2577 2000 2629 commendatum
2023 2577 2184 2647 fuisse
2215 2578 2511 2644 patrocinio
2536 2580 2716 2649 magni
2750 2580 2897 2633 illius
2930 2582 3210 2650 propatrui
3266 2583 3344 2635 tui
3382 2582 3543 2636 Joan-

272 2696 350 2734 nis
379 2678 653 2739 Casimiri,
683 2675 933 2745 principis
962 2673 1229 2726 memoria:
1251 2686 1521 2741 nunquam
1555 2670 1853 2724 interitura:
1874 2709 1888 2733 ,
1918 2678 2294 2737 prceceptorem
2333 2686 2488 2723 suum
2526 2670 2593 2723 ι).
2626 2673 3069 2742 Chrysostomum.
3101 2672 3323 2741 Quippe,
3353 2676 3400 2727 si
3438 2691 3541 2728 non

272 2770 568 2821 indecenter
597 2775 803 2835 patrem
844 2763 1090 2833 sequitur
1124 2777 1223 2835 sua
1258 2761 1459 2831 proles,
1490 2761 1674 2814 decore
1705 2761 1867 2814 etiam
1909 2760 2180 2815 allubescit
2229 2762 2447 2831 familia:
2494 2763 2541 2815 ei
2573 2763 2881 2832 discipulus,
2913 2765 2968 2816 in
2997 2781 3100 2835 qua
3132 2775 3180 2817 et
3212 2764 3542 2832 splendorem

268 2860 460 2913 invenit
493 2867 543 2909 et
572 2855 791 2909 tutelam
824 2855 1075 2924 magister
1098 2868 1243 2905 suus.
1266 2849 1433 2915 Quem
1464 2857 1521 2902 ut
1551 2858 1599 2903 et
1628 2850 1739 2919 ipse
1788 2848 2019 2918 alicujus
2063 2849 2256 2903 habeas
2280 2851 2547 2913 momenti,
2574 2853 2813 2919 princeps
2843 2853 3218 2920 illustrissime,
3249 2856 3385 2909 scias
3414 2870 3539 2924 pro-

269 2949 352 3004 cul
373 2950 552 3003 abesse
573 2964 605 2999 a
640 2955 855 3014 contage
885 2951 935 2996 et
970 2943 1052 2997 sui
1078 2941 1205 2993 olim
1234 2939 1433 3001 saeculi,
1463 2947 1511 2992 et
1539 2938 1691 2991 istius
1720 2938 1915 2999 nostri;
1954 2936 2115 2990 talem
2164 2937 2359 2991 scilicet
2398 2939 2487 3007 qui
2534 2940 2674 2992 dicta
2701 2956 2798 2993 sua
2830 2943 3006 2995 omnia
3035 2944 3190 3011 factis
3221 2944 3537 3019 cohonestet,

272 3058 431 3113 neque
463 3040 630 3093 aliter
649 3040 787 3091 vivat
816 3053 974 3103 quam
1002 3035 1275 3105 loquatur;
1308 3033 1396 3103 qui
1430 3040 1701 3085 aversatus
1730 3030 1942 3084 inutiles
1972 3046 2147 3085 omnes
2180 3047 2337 3099 super
2356 3032 2607 3102 religione
2628 3034 3057 3102 questiunculas,
3086 3037 3156 3089 ad
3198 3036 3365 3089 solam
3392 3039 3541 3091 auri-

271 3150 415 3209 getar
440 3138 697 3207 pietatem
717 3150 779 3186 ac
800 3134 1043 3186 virtutem
1055 3148 1073 3196 ;
1103 3132 1193 3201 qui
1224 3145 1500 3182 sacrarum
1535 3127 1859 3181 Litterarum
1909 3125 2021 3179 loca
2054 3126 2352 3180 obscuriora
2386 3127 2620 3195 inﬁnita,
2651 3128 2825 3182 sobria
2855 3129 3003 3183 bona:
3032 3132 3218 3185 mentis
3247 3143 3294 3185 et
3319 3134 3539 3188 rationis

272 3232 380 3286 luce
407 3232 673 3285 uberrime
696 3227 1011 3297 perfundat;
1039 3226 1231 3295 quique
1264 3225 1379 3277 ideo
1411 3222 1709 3293 longissime
1738 3222 1990 3275 dissideat
2027 3222 2091 3275 ab
2118 3223 2215 3285 eis,
2246 3222 2335 3285 qui
2368 3223 2539 3275 nescio
2568 3223 2754 3293 quibus
2776 3226 3167 3278 contentionum
3191 3228 3416 3296 strophis
3445 3229 3539 3283 de-

273 3324 385 3387 diti,
409 3335 578 3392 neque
611 3319 837 3372 contenti
868 3318 1044 3371 ludere
1072 3317 1132 3369 de
1161 3331 1254 3369 suo
1281 3315 1440 3379 corio,
1478 3314 1555 3366 ita
1591 3328 1734 3383 reges
1761 3325 1804 3366 et
1827 3314 2088 3381 principes
2111 3313 2247 3365 inter
2263 3328 2317 3365 se
2349 3313 2699 3379 committunt,
2733 3314 2972 3368 nationes
3005 3324 3054 3367 et
3083 3316 3399 3382 respublicas
3419 3335 3539 3388 per-

271 3424 496 3479 vertunt,
522 3426 580 3467 ut
613 3413 677 3466 de
698 3427 803 3465 uno
836 3409 1027 3479 populo
1061 3424 1180 3461 mox
1210 3408 1313 3461 duo
1347 3414 1440 3459 aut
1471 3407 1602 3459 adeo
1630 3405 1786 3475 plura
1808 3406 1937 3475 ﬁant
1954 3421 2195 3474 corpora,
2227 3413 2277 3457 et
2307 3406 2372 3457 ab
2407 3406 2631 3457 externis
2677 3406 2731 3457 in
2760 3415 3013 3460 internum
3045 3406 3334 3461 Christiani
3365 3412 3536 3464 nomi-

270 3511 346 3563 nis
390 3510 596 3561 hostem
647 3504 813 3567 bellis,
844 3504 901 3555 in
950 3518 1047 3555 sua
1079 3502 1276 3555 viscera
1306 3508 1599 3563 armentur,
1632 3499 2018 3569 farentiumque
2060 3498 2296 3566 exemplo
2338 3514 2525 3549 manus
2574 3507 2622 3550 et
2680 3499 2911 3551 membra
2943 3516 3039 3551 sua
3079 3500 3181 3568 ipsi
3209 3502 3413 3554 credant
3437 3517 3455 3555 :
3481 3504 3538 3556 in

270 3619 497 3664 summa,
542 3599 634 3670 qui
658 3597 787 3651 nihil
809 3612 1080 3649 commune
1118 3610 1268 3664 geras
1301 3608 1417 3645 cum
1448 3591 1581 3655 istis,
1615 3592 1703 3661 qui
1732 3591 1808 3643 sic
1841 3607 1873 3643 a
1900 3606 1959 3643 se
1986 3601 2314 3658 segregatum
2338 3589 2526 3641 habent
2564 3594 2864 3653 candorem,
2895 3592 3072 3659 ﬁdem,
3112 3596 3441 3660 modestiam,
3478 3606 3537 3651 ut

268 3699 312 3754 si
350 3716 377 3751 e
432 3706 544 3749 toto
585 3693 706 3746 orbe
749 3691 1013 3761 diligenda
1049 3691 1281 3742 venirent
1309 3696 1541 3739 monstra
1571 3686 1841 3738 hominum
1881 3684 2111 3751 conﬂata
2155 3700 2181 3737 e
2216 3684 2558 3747 contentione,
2600 3683 2914 3750 pervicacia,
2951 3683 3340 3749 maledicentia,
3364 3690 3538 3757 suspi-

269 3794 437 3853 cione,
468 3788 721 3852 avaritia,
746 3787 924 3845 livore,
954 3783 1215 3852 superbia,
1250 3782 1488 3845 lascivia,
1534 3798 1598 3835 ex
1631 3780 1819 3834 horum
1869 3781 2198 3848 potissimum
2221 3780 2403 3832 ordine
2450 3787 2615 3832 essent
2658 3781 2946 3847 promenda
2983 3797 3045 3833 ac
3089 3782 3444 3850 producenda.
3490 3785 3537 3840 0

270 3884 473 3939 aevum!
502 3880 546 3935 0
570 3879 772 3933 mores!
796 3875 854 3931 Si
886 3876 1026 3929 enim
1055 3875 1176 3927 huic
1210 3884 1382 3928 nostro
1410 3874 1538 3942 ﬁdes
1560 3911 1575 3937 ,
1609 3881 1819 3926 tantum
1849 3872 1992 3927 inter
2022 3872 2358 3927 sacerdotem
2391 3881 2446 3926 et
2473 3872 2770 3941 quemlibet
2797 3873 3025 3943 probum
3057 3875 3234 3928 virum
3267 3876 3537 3933 interesse

268 3979 453 4041 debet,
476 3982 741 4047 quantum
768 3973 910 4025 inter
946 3972 1143 4025 malum
1170 3979 1225 4025 et
1257 3978 1455 4024 terram
1486 3968 1817 4025 discriminis
1858 3978 1962 4035 est,
2002 3969 2159 4038 plura
2189 3982 2453 4037 possemus
2487 3983 2582 4035 pro
2629 3967 2766 4032 isto;
2805 3968 2894 4020 sed
2938 3984 3002 4021 ex
3039 3985 3383 4037 supervacuo,
3408 3970 3536 4024 illu-

266 4075 521 4129 strissime
545 4069 802 4139 princeps,
837 4063 969 4117 adeo
1015 4064 1198 4116 statim
1222 4065 1477 4132 optimum
1504 4080 1676 4117 senem
1706 4072 1929 4131 utraque
1974 4061 2216 4113 invasisti
2242 4076 2423 4123 manu,
2457 4075 2521 4111 ac
2558 4059 2692 4112 serio
2725 4059 3005 4128 polliceris,
3032 4060 3120 4113 ubi
3167 4069 3325 4116 (etate
3371 4065 3535 4134 fueris

268 4169 521 4230 adultior,
555 4164 857 4217 habiturum
883 4160 937 4212 in
962 4159 1251 4211 amicorum
1275 4160 1479 4211 cohorte
1505 4159 1678 4227 prima
1702 4159 1952 4226 primum,
1984 4156 2214 4226 nihilque
2247 4171 2351 4209 non
2379 4154 2443 4206 de
2473 4154 2587 4223 ejus
2614 4156 2871 4209 sententia
2898 4157 3163 4222 facturum
3191 4158 3393 4229 publice
3420 4163 3533 4231 pri-

267 4262 556 4329 vatimque.
593 4254 767 4309 Macte
790 4255 887 4307 hac
914 4251 1106 4315 indole,
1142 4252 1235 4304 hoc
1262 4252 1546 4321 proposito,
1578 4251 1825 4304 maximae
1854 4247 2254 4318 exspectationis
2286 4248 2556 4317 princeps,
2585 4256 2753 4299 certas
2797 4247 2852 4300 id
2878 4248 3049 4317 ipsum
3073 4264 3403 4305 accessurum
3430 4267 3534 4306 non

268 4355 435 4409 solum
466 4350 761 4405 incredibili
790 4347 1009 4419 familia:
1033 4345 1300 4400 Palatinae
1332 4347 1669 4411 incremento,
1693 4357 1740 4399 et
1770 4362 1974 4398 summo
2005 4343 2129 4412 Opt.
2166 4345 2317 4398 Max.
2362 4352 2644 4412 parentum
2670 4342 2864 4412 gaudio
2883 4381 2898 4406 ,
2927 4345 3020 4395 sed
3044 4352 3092 4396 et
3131 4345 3534 4419 incomparabili

269 4446 569 4516 reipublicae
594 4443 910 4497 Christianae
934 4442 1085 4504 bono,
1127 4449 1317 4510 tuoque
1345 4440 1527 4493 honori
1569 4456 1631 4492 ac
1661 4439 1842 4510 gloria:
1878 4439 2231 4506 sempiternas.
2262 4434 2390 4501 Qua:
2426 4445 2482 4489 ut
2529 4435 2667 4488 brevi
2699 4436 3052 4505 consequaris,
3081 4453 3385 4507 supremum
3412 4437 3531 4490 Nu.

269 4557 385 4595 men
409 4539 670 4608 supplices
697 4553 1028 4602 veneramur,
1057 4536 1345 4589 clementia:
1374 4551 1482 4589 sute
1510 4534 1612 4587 alis
1641 4544 1689 4588 te
1717 4542 1984 4604 perpetuo,
2014 4549 2105 4586 ceu
2138 4531 2437 4588 Germania:
2475 4530 2633 4585 totius
2654 4530 2899 4584 deliciam
2929 4539 2977 4583 et
2997 4546 3202 4585 amores
3254 4545 3409 4599 porro
3437 4529 3530 4584 ob-

271 4633 513 4687 umbrare
541 4630 804 4700 dignetur.

478 4723 759 4780 Neostadii
788 4734 900 4776 xxu
932 4720 1228 4786 Februarii,
1252 4722 1385 4776 veris
1410 4722 1574 4791 ipsius
1604 4723 1688 4776 die
1712 4722 1992 4791 auspicalt.

2168 4814 2443 4869 Illustriss.
2471 4813 2663 4868 Vestra:
2687 4813 2987 4868 Clementia:
3012 4813 3280 4866 addictiss.

2345 4905 2720 4960 Couuzuuum
2752 4915 2808 4959 et
2831 4904 3141 4959 Bonorum.

283 5103 2441 5128 Μ

278 5237 838 5308 Reverendissimis
871 5212 1155 5297 Patribus
1202 5237 1274 5297 P.
1314 5233 1576 5293 Andreae
1628 5234 1945 5297 Scnon‘o.
2006 5238 2064 5292 et
2121 5233 2190 5291 P.
2240 5229 2575 5291 Heriberto
2610 5230 2966 5305 Roswmno,
3011 5231 3325 5293 societatis
3375 5232 3525 5291 Jesu

1101 5333 1482 5415 presbyteris
1515 5333 1581 5393 in
1614 5332 1881 5409 collegio
1916 5333 2377 5411 Autwerpiano,
2406 5334 2467 5391 S.
2517 5334 2581 5391 P.
2617 5333 2685 5391 D.

339 5504 497 5560 Redit
527 5504 596 5559 ad
624 5512 698 5568 te,
723 5500 889 5555 Pater
910 5497 1152 5566 Schotte,
1174 5497 1416 5553 Isidorus
1451 5506 1574 5552 tuus
1602 5505 1727 5567 post
1768 5495 1909 5550 bene
1953 5494 2167 5563 longam
2211 5494 2607 5562 captivitatem,
2644 5495 2694 5547 in
2729 5512 2830 5564 qua
2863 5511 2983 5548 enim
3018 5508 3200 5559 carcer
3236 5492 3354 5546 Jani
3389 5492 3524 5547 Gru-

278 5600 393 5667 teri,
414 5598 581 5655 veluti
613 5594 957 5664 mancipium
987 5595 1274 5663 quoddam,
1306 5610 1428 5650 cum
1462 5593 1581 5649 aliis
1612 5592 1664 5647 id
1695 5607 1866 5663 genus
1894 5589 2135 5647 liberalis
2179 5595 2321 5643 notae
2346 5591 2731 5651 monumentis,
2769 5598 2961 5657 pra‘tcr
3000 5597 3177 5642 votum
3213 5596 3361 5665 tuum
3394 5588 3521 5640 hac-
