3890 6134
340 232 434 296 111
788 204 793 209 ’
1332 280 1367 306 κ.
1452 235 2009 297 PROLEGOMENA
2046 234 2243 297 sorr.
2285 234 2528 297 PARIS.
3482 234 3581 300 112

338 358 495 403 tenus
531 350 853 405 detinuerat.
900 350 1095 405 Verum
1128 350 1395 405 Suﬂridus
1423 350 1667 405 Sixtinus
1696 352 2297 419 Ambstelrodamensis,
2330 357 2420 424 qui
2458 355 2715 423 optimam
2749 354 3063 409 Gruterana:
3094 349 3436 407 bibliothecae
3459 362 3582 415 par-

336 448 445 495 tem
482 442 537 495 in
574 458 729 497 usum
763 459 825 496 ac
854 444 1251 512 possessionem
1274 458 1425 496 suam
1460 444 1684 512 redegit,
1714 459 1824 497 non
1859 453 1941 497 est
1974 461 2166 513 passus
2194 455 2299 499 tam
2337 455 2603 510 sanctum,
2632 456 2740 501 tam
2768 447 2937 514 pium,
2978 455 3084 500 tam
3112 444 3432 512 sapientem,
3471 447 3579 491 tam

334 536 595 590 disertum
626 536 944 605 scriptorem
975 538 1178 591 diutius
1213 538 1265 590 in
1296 538 1469 591 isthoc
1496 539 1784 591 tenebroso
1814 553 2028 593 carcere
2056 541 2405 601 delitescere;
2456 543 2549 596 sed
2578 543 2703 597 inde
2732 552 3031 596 extractum
3062 538 3269 594 liberali
3305 548 3467 589 manu
3496 547 3580 586 as-

334 624 524 688 seruit,
549 624 798 692 haudque
831 625 1088 693 gravatim
1118 625 1420 688 consensit,
1467 635 1526 678 ut
1560 625 1612 679 in
1650 626 1765 679 dias
1810 626 2031 681 luminis
2073 644 2215 694 oras,
2248 641 2340 685 tuo
2378 632 2605 686 vestitus
2654 648 2718 687 ac
2746 633 3038 702 splendens
3066 637 3282 693 ornatu,
3318 642 3346 679 a
3371 624 3580 677 Filzeto

334 726 523 771 nostro
550 718 960 787 produceretur,
992 719 1171 772 ethoc
1202 729 1355 787 pacto
1379 719 1432 771 in
1465 719 1767 773 libertatem
1797 736 1947 773 suam
1980 724 2289 778 restitutum
2320 726 2397 779 ire
2422 727 2639 795 juberet
2668 743 2776 797 quo
2805 728 2987 781 vellet.
3020 726 3135 791 Qua
3168 725 3221 777 in
3272 738 3330 775 rc
3384 728 3439 773 et
3481 715 3579 772 tibi

336 816 395 860 ut
420 807 810 877 gratiﬁcaretur
833 808 1049 877 sategit,
1077 818 1133 861 et
1155 808 1332 870 simul,
1364 824 1433 862 ne
1466 818 1571 862 tam
1612 810 1864 878 prazclara
1894 826 2053 879 opera
2084 816 2289 867 auctori
2323 833 2422 870 suo
2465 819 2756 887 deperiret,
2784 833 3088 887 praecavere
3113 815 3297 870 voluit.
3334 812 3477 865 Sane
3522 815 3580 861 ut

333 898 476 953 bono
504 899 824 954 Christianze
854 900 1179 968 reipublicae,
1225 901 1312 955 cui
1362 902 1602 970 juvando
1650 904 2143 972 promovendoquc,
2191 908 2242 960 in
2288 910 2620 964 exulceratis
2654 911 2938 964 hominum
2971 906 3329 976 quorumdam
3360 898 3579 971 judiciis

332 994 690 1060 persanandis
735 1003 790 1048 et
823 994 951 1047 feris
986 994 1227 1067 moribus
1278 995 1605 1064 mitigandis,
1638 996 1795 1050 unice
1841 998 2017 1052 facere
2074 999 2161 1071 hic
2216 1002 2447 1071 scriptor
2475 1014 2530 1058 et
2572 1012 2751 1073 potest
2784 1011 2837 1056 et
2876 974 3057 1064 debet,
3089 997 3173 1051 vel
3207 998 3306 1049 hac
3339 995 3392 1047 in
3422 974 3596 1060 parte‘

332 1084 640 1137 consultum
669 1084 783 1139 ivit.
814 1084 999 1154 Neque
1034 1100 1135 1155 ego
1184 1086 1404 1139 interim
1435 1084 1608 1139 ofﬁcio
1658 1101 1780 1139 meo
1815 1087 1981 1150 defui,
2014 1090 2219 1143 veritus
2248 1106 2314 1144 ne
2348 1103 2442 1146 aut
2473 1094 2904 1161 manuscriptum
2936 1090 2989 1143 in
3029 1087 3347 1142 atmulorum
3382 1095 3576 1136 manus

332 1176 546 1231 invidas
572 1176 866 1239 devenirct,
896 1183 991 1230 aut
1018 1192 1105 1230 res
1136 1193 1349 1230 rursum
1381 1176 1772 1245 procrastinata
1816 1194 2017 1231 novum
2049 1180 2101 1232 in
2152 1182 2451 1249 periculdm
2500 1199 2565 1238 ex
2623 1192 2930 1237 transverso
2976 1179 3260 1234 incideret.
3287 1174 3403 1227 Non
3454 1186 3573 1225 sum

334 1274 568 1337 ignarus,
611 1268 705 1322 sed
748 1268 893 1322 domi
925 1268 1119 1322 doctus
1160 1277 1375 1336 meopte
1407 1268 1654 1336 exemplo
1686 1269 1872 1335 didici,
1915 1280 2129 1339 quanta:
2156 1272 2311 1326 molis
2358 1273 2427 1327 sit
2476 1276 2635 1328 talem
2669 1284 2882 1342 partum
2914 1270 3253 1341 progignere,
3305 1273 3575 1334 quantave

331 1358 529 1412 dividia
561 1368 797 1412 mentem
827 1365 1039 1426 premat
1065 1365 1122 1411 et
1157 1356 1409 1410 conﬁciat
1434 1356 1504 1409 ob
1536 1356 1845 1424 deperditas
1888 1358 2026 1412 forte
2061 1368 2155 1412 aut
2198 1360 2577 1415 manticulatas
2616 1362 2919 1432 vigiliarum
2972 1368 3282 1412 nostrarum
3315 1352 3573 1407 lucubra»

333 1448 528 1501 tiones.
559 1446 669 1500 Nec
695 1446 884 1501 dubito
935 1446 1065 1514 quin
1118 1445 1274 1514 plura
1320 1444 1373 1498 id
1420 1460 1590 1515 genus
1640 1456 1989 1500 monumenta
2016 1462 2184 1516 penes
2217 1456 2269 1501 te
2294 1457 2528 1517 exstent,
2562 1451 2648 1504 vel
2688 1452 2784 1505 abs
2830 1459 2883 1504 te
2917 1450 3035 1518 ipso
3075 1448 3269 1501 aflecta
3312 1454 3368 1498 et
3394 1442 3575 1513 profe-

333 1548 418 1593 cta
442 1577 458 1603 ,
492 1538 576 1592 vel
609 1539 677 1592 ab
707 1538 895 1591 amicis
937 1546 1041 1592 tua:
1066 1536 1189 1591 ﬁdei
1237 1537 1614 1590 commendata
1640 1576 1654 1600 ,
1687 1552 1808 1605 qua:
1840 1539 2026 1607 cupias
2062 1553 2182 1593 cum
2224 1539 2507 1595 industriis
2543 1550 2597 1596 et
2640 1542 2873 1596 assiduis
2916 1539 3224 1608 bibliopolis
3269 1533 3574 1590 communi-

332 1644 479 1686 care.
506 1630 585 1683 Ad
630 1644 752 1683 eam
785 1644 899 1683 rem
945 1627 989 1683 si
1038 1628 1134 1683 tibi
1178 1642 1341 1697 Opera
1368 1643 1484 1682 mea
1527 1628 1676 1682 utilis
1700 1638 1756 1683 et
1796 1630 2033 1698 proﬁcua
2066 1644 2187 1684 esse
2214 1632 2432 1700 poterit,
2468 1634 2767 1698 mandabis,
2797 1634 2926 1703 quid
2954 1633 3071 1688 ﬁeri
3096 1633 3251 1696 velis,
3281 1641 3339 1685 et
3370 1630 3570 1684 factum

336 1730 548 1793 putato.

402 1814 486 1869 Ad
521 1824 573 1868 te
601 1828 835 1883 quoque,
866 1812 1026 1867 Pater
1056 1811 1371 1882 Boswcyde,
1399 1828 1506 1867 non
1538 1815 1716 1867 minus
1753 1814 1961 1867 curatio
2003 1814 2166 1883 hujus
2190 1815 2520 1871 sanctissimi
2567 1817 2744 1872 Patris
2780 1818 2967 1873 lsidori
2997 1828 3244 1888 spectare
3277 1817 3478 1881 debet,
3512 1825 3572 1871 ut

333 1924 493 1976 quem
524 1906 683 1963 Pater
713 1907 973 1962 Schottus
1006 1907 1237 1977 eleganti
1266 1906 1565 1977 festivoque
1606 1908 1881 1962 schemate
1909 1916 2018 1962 tam
2060 1909 2351 1964 liberaliter
2376 1910 2681 1967 honestavit
2702 1953 2716 1977 ,
2750 1912 2799 1966 ei
2828 1920 2884 1967 tu
2913 1913 3075 1967 vitam
3107 1912 3276 1981 ipsam
3305 1910 3569 1965 redonare

334 2018 441 2057 non
473 2003 815 2074 neglecturus
844 2003 920 2056 sis
951 2001 1005 2054 in
1032 2002 1135 2055 illis
1161 2001 1228 2055 de
1270 2000 1586 2055 Sanctorum
1628 2004 1861 2057 historiis
1906 2004 2420 2058 commentariorum
2454 2006 2627 2061 libris.
2656 2006 2733 2060 lta
2757 2022 2882 2075 spes
2911 2022 3013 2061 nos
3032 2007 3176 2061 bona
3206 2007 3373 2071 fovet,
3402 2020 3566 2074 quam

333 2099 401 2154 de
431 2108 484 2154 te
507 2114 695 2153 omnes
716 2098 915 2152 eruditi
941 2106 995 2152 et
1024 2099 1284 2152 bonarum
1312 2098 1612 2152 litterarum
1653 2099 1879 2153 studiosi
1921 2108 2306 2167 conceperunt.
2344 2099 2532 2168 Neque
2564 2117 2665 2155 nos
2692 2101 2801 2155 falli
2832 2111 2926 2156 aut
2950 2117 3046 2171 spe
3073 2108 3259 2156 nostra
3285 2100 3397 2169 jam
3418 2098 3571 2153 diur-'

332 2200 495 2247 nante
524 2190 771 2245 frustrari
800 2190 1042 2259 patieris,
1069 2190 1115 2246 si
1161 2190 1451 2259 ingenuum
1482 2190 1757 2259 ingenium
1790 2198 1942 2243 tuum
1977 2199 2121 2244 recte
2150 2192 2420 2253 novimus.
2454 2200 2512 2246 et
2538 2201 2980 2261 perseverantem
3010 2192 3178 2246 animi
3212 2191 3568 2254 voluntatem,

333 2299 495 2354 quam
528 2281 803 2352 sapientes
829 2282 1187 2335 constantiam
1219 2280 1273 2332 in
1298 2280 1579 2348 promissis
1608 2280 1909 2349 appellant,
1940 2280 2043 2334 rite
2069 2281 2462 2350 perspeximus.

402 2378 540 2431 Cum
567 2392 695 2446 ergo
723 2383 1014 2443 utrumque
1037 2383 1279 2428 vestrum
1314 2372 1580 2429 Pelusiota
1619 2385 1816 2438 vester,
1863 2374 1973 2427 imo
2002 2391 2063 2428 ex
2096 2384 2249 2444 parte
2274 2384 2329 2429 et
2358 2384 2560 2440 noster,
2596 2385 2776 2447 tangat
2800 2417 2815 2441 ,
2846 2384 2991 2432 recte
3027 2386 3189 2446 atque
3217 2375 3407 2431 ordine
3434 2374 3571 2429 mihi

336 2466 579 2522 facturus
604 2466 848 2531 videbar,
879 2465 924 2520 si
960 2481 1085 2519 eum
1116 2465 1183 2519 ad
1218 2474 1505 2534 utrumque
1536 2465 1736 2534 pariter
1763 2465 2113 2530 destinarem,
2144 2466 2236 2535 qui
2266 2481 2451 2520 aurem
2482 2466 2636 2521 vobis
2674 2468 2913 2533 vellerct,
2949 2477 3007 2522 ut
3038 2468 3346 2538 conjunctis
3376 2468 3572 2536 opibus

333 2570 500 2633 atque
538 2561 823 2617 industriis
862 2561 1127 2630 integram
1156 2559 1444 2628 aliquando
1466 2568 1521 2613 et
1549 2559 1801 2613 omnibus
1827 2560 2071 2614 numeris
2102 2560 2402 2614 absolutam
2435 2560 2625 2615 lsidori
2657 2576 2882 2629 Operum
2906 2562 3203 2616 editionem
3232 2561 3576 2617 adornaretis

332 2667 390 2713 et
417 2656 801 2728 procuraretis.
830 2655 1190 2726 Dignissimus
1216 2664 1345 2709 sane
1376 2655 1625 2724 scriptor,
1660 2654 1716 2707 in
1746 2668 1853 2722 quo
1885 2669 2105 2723 operam
2160 2655 2302 2709 hanc
2350 2663 2602 2709 cunctam
2632 2656 2989 2722 collocaretis,
3020 2655 3106 2709 vel
3137 2655 3353 2726 egregio
3390 2653 3563 2722 reipt‘v

334 2746 508 2811 blicae,
546 2747 602 2801 in
630 2763 736 2815 qua
766 2756 821 2801 et
852 2747 953 2801 sub
1003 2762 1107 2814 qua
1150 2747 1315 2800 vitam
1360 2756 1702 2798 communem
1744 2743 1947 2814 degunt
1973 2743 2211 2815 religiosi
2249 2758 2372 2798 cum
2404 2744 2666 2813 profanis,
2717 2745 2970 2799 catholici
3019 2760 3144 2799 cum
3177 2742 3567 2803 schismaticis,

332 2836 461 2891 boni
493 2851 615 2891 cum
650 2835 822 2890 malis.
856 2834 1041 2903 Neque
1062 2835 1206 2889 enim
1241 2834 1583 2889 sanctissimo
1606 2833 1734 2888 huic
1761 2831 1907 2887 Patri
1945 2834 2171 2899 Isidoro,
2207 2835 2293 2888 vel
2314 2834 2572 2905 magistro
2606 2836 2723 2903 ejus
2764 2835 2825 2889 B.
2855 2836 3256 2907 Chrysostomo,
3288 2841 3379 2887 aut
3408 2841 3573 2888 caete-

333 2929 407 2984 ris
432 2930 550 2999 ejus
569 2928 665 2982 aevi
689 2928 889 2983 sanctis
915 2936 967 2981 et
987 2928 1268 2982 catholicis
1294 2928 1563 2991 Patribus,
1598 2926 1792 2980 Basilio
1817 2926 2027 2997 Magno,
2048 2926 2307 2995 Gregorio
2341 2926 2706 2991 Nazianzeno,
2739 2925 2997 2991 Caa'sario,
3031 2936 3162 2989 etc.,
3199 2940 3317 2979 mos
3350 2924 3438 2977 ille
3461 2937 3572 2992 quo

340 3035 487 3075 nunc
502 3021 663 3091 vulgo
688 3022 886 3076 vivitur
909 3022 1155 3093 cognitus
1175 3030 1310 3084 erat,
1343 3028 1399 3074 at
1422 3020 1668 3075 homines
1702 3034 1875 3089 teque,
1906 3034 1970 3073 ac
1993 3019 2109 3088 ipsa
2140 3017 2290 3081 vitia,
2319 3018 2621 3073 odissemus
2649 3026 2705 3073 et
2736 3019 3054 3073 vitaremus.
3078 3017 3279 3072 Contra
3312 3031 3373 3070 ea
3396 3013 3569 3070 sancti

334 3112 408 3164 illi
442 3111 630 3167 Patres
645 3113 771 3167 vitia
796 3114 1077 3168 hominmn
1100 3112 1284 3184 fugere
1320 3127 1384 3166 ac
1411 3112 1667 3167 detestari
1695 3126 1795 3166 nos
1821 3111 2103 3181 jubebant.
2131 3123 2243 3163 non
2271 3110 2684 3179 hominesipsos
2704 3110 2796 3165 Dei
2830 3110 3117 3179 imaginem
3144 3116 3414 3178 gerentes,
3432 3120 3571 3174 quos

332 3202 594 3258 Dominus
618 3214 803 3260 noster
832 3206 989 3261 Iesus
1011 3204 1261 3261 Christus
1295 3205 1571 3275 proximos
1601 3214 1816 3260 nostros
1840 3221 1961 3261 esse
1991 3206 2195 3270 docuit,
2228 3212 2284 3259 et
2309 3204 2531 3276 diligere
2559 3206 2837 3275 praecepit.
2866 3205 2972 3258 Sed
3000 3205 3115 3258 haec
3146 3210 3228 3257 est
3252 3201 3432 3257 saeculi
3468 3216 3570 3254 no-

331 3293 427 3347 stri
456 3294 599 3349 haud
642 3296 755 3350 scio
784 3295 1091 3359 infelicitas,
1125 3296 1321 3360 dicam,
1354 3311 1422 3349 an
1448 3295 1701 3359 fatalitas,
1732 3311 1801 3349 an
1828 3297 2008 3365 potius
2038 3295 2369 3361 immanitas,
2404 3310 2565 3363 quam
2598 3304 2876 3363 tantopere
2915 3294 3186 3362 quondam
3219 3289 3569 3345 illustrissimi

331 3383 632 3440 cardinales
654 3386 890 3440 Bembus
908 3395 963 3440 et
986 3385 1269 3439 Sadoletus
1297 3385 1667 3454 deplorabant.
1705 3384 1874 3438 Dicite
1904 3386 2068 3449 mihi,
2093 3385 2184 3439 sed
2210 3395 2388 3438 vestra
2421 3384 2558 3447 ﬁde,
2596 3384 2639 3438 si
2681 3383 2837 3438 istam
2885 3398 3096 3437 morum
3145 3381 3469 3451 rigiditatem
3511 3380 3568 3432 in

332 3474 702 3541 expungendis
730 3472 1168 3527 dissentientium
1213 3471 1526 3526 nominibus
1571 3488 1681 3527 non
1722 3473 1881 3527 modo
1910 3489 1976 3528 ex
2006 3474 2276 3543 diptychis
2318 3471 2591 3539 Ecclesiae,
2624 3488 2813 3527 verum
2846 3488 2912 3527 ex
2958 3471 3078 3542 ipso
3115 3474 3278 3526 etiam
3320 3470 3442 3525 albo
3468 3474 3571 3539 τῆς

332 3560 439 3626 ἔξω
470 3563 649 3631 φιλίας
673 3566 767 3618 καὶ
789 3565 1006 3636 ὁμιλίας
1035 3563 1412 3618 indifferenter
1445 3564 1794 3618 admittemus
1813 3604 1828 3629 ,
1856 3582 1868 3620 1

2035 3581 2135 3619 tam
2162 3566 2248 3619 vel
2294 3565 2755 3619 sanctissimorum
2803 3563 3025 3617 Patrum
3058 3572 3327 3616 exsortem
3356 3561 3423 3615 ab
3468 3561 3571 3614 hac

332 3652 535 3709 invidia
565 3656 982 3725 praestabimus?
1031 3654 1148 3710 Non
1180 3664 1326 3711 certe
1354 3670 1451 3710 vos
1485 3655 1650 3709 istum
1685 3655 1861 3725 ipsum
1915 3658 2179 3711 lsidorum
2207 3666 2448 3712 vestrum
2469 3699 2484 3723 ,
2518 3672 2626 3710 non
2681 3657 2800 3726 ejus
2847 3656 3159 3724 magistrum
3208 3653 3267 3707 B.
3303 3653 3569 3707 Joannem

332 3746 777 3818 Chrysostomum
800 3787 815 3813 ,
849 3765 956 3805 non
988 3750 1243 3819 Magnum
1284 3746 1538 3801 Basilium
1563 3786 1577 3811 ,
1604 3762 1715 3800 non
1742 3747 2204 3819 Thaumaturgnm
2260 3749 2681 3813 Nazianzenum,
2718 3762 2827 3801 non
2857 3746 3188 3817 Theologum
3242 3745 3570 3815 Nyssenum,

339 3857 450 3897 non
483 3840 734 3911 Ephrtem
760 3840 1212 3904 Theodidactum,
1234 3854 1344 3893 non
1378 3838 1680 3910 Syncsium,
1706 3854 1817 3893 non
1859 3838 2242 3911 Epiphanium,
2268 3840 2308 3895 Τ
2315 3841 2691 3905 heodoretum,
2738 3855 2847 3894 non
2880 3839 3047 3893 ul-lum
3102 3839 3220 3907 ejus
3249 3838 3425 3891 aetatis
3455 3848 3567 3891 tra-

332 3942 597 3989 ctatorem
646 3942 896 3988 sanctum
938 3933 1006 3987 ab
1057 3931 1272 4002 injuriae
1318 3931 1484 4001 hujus
1523 3947 1665 3986 nexu
1708 3932 2001 3988 defendere
2030 3935 2162 3989 mihi
2194 3949 2431 4003 unquam
2466 3932 2737 4002 poteritis,
2770 3940 2864 3985 aut
2893 3930 2949 3983 in
2984 3939 3099 3984 tuto
3128 3930 3417 3983 collocare.
3452 3926 3565 3982 Viri

332 4027 539 4083 cordati
583 4028 772 4081 beatos
814 4042 912 4081 vos
954 4041 1074 4080 esse
1113 4026 1432 4096 praedicant,
1479 4025 1676 4094 quibus
1722 4026 1904 4081 datum
1939 4038 2101 4097 atque
2129 4042 2465 4082 concessum
2498 4025 2567 4079 sit
2599 4039 2629 4077 e
2663 4034 2769 4076 tam
2802 4023 2970 4093 rigido
3007 4037 3215 4087 eorum,
3257 4036 3395 4089 quos
3431 4018 3564 4083 dixi,

334 4115 584 4172 instituto
628 4116 860 4170 seorsim
898 4114 1122 4168 sentire.
1172 4112 1261 4167 Sic
1305 4114 1449 4167 enim
1495 4113 1724 4167 alienam
1765 4116 2100 4185 religionem,
2133 4124 2187 4169 et
2212 4116 2482 4168 humanos
2513 4112 2825 4166 mortalium
2870 4113 3031 4166 laesus
3079 4112 3203 4164 odio
3245 4110 3479 4173 habetis,
3510 4118 3573 4162 ut

333 4214 517 4261 tamen
548 4206 704 4260 dotes
732 4207 1073 4275 ingeniorum
1108 4206 1488 4269 humanorum,
1522 4222 1721 4274 easque
1751 4218 1915 4271 artes,
1951 4224 2083 4277 quas
2107 4208 2185 4262 eis
2206 4207 2436 4276 praebuit
2464 4204 2703 4259 Phoebus
2728 4205 2941 4274 Apollo,
2974 4214 3033 4258 ut
3058 4203 3359 4258 Homericis
3386 4202 3573 4255 verbis

331 4298 649 4367 exprimam,
682 4298 948 4350 aestimare
974 4308 1025 4349 et
1053 4295 1305 4349 admirari
1340 4295 1657 4349 didiceritis.
1688 4296 1857 4349 Macte
1891 4298 1991 4350 hac
2022 4299 2225 4351 virtute
2246 4336 2259 4360 ,
2302 4313 2335 4351 o
2370 4292 2668 4351 venerandi
2707 4295 2952 4349 seniores
2975 4333 2989 4357 ,
3019 4310 3124 4363 qua
3158 4293 3213 4346 in
3246 4292 3379 4346 orbe
3407 4292 3571 4346 Chri-

334 4385 509 4441 stiano
560 4383 780 4438 nomina
810 4390 991 4437 vestra
1045 4382 1359 4451 prmclivent
1391 4397 1455 4436 ac
1502 4382 1869 4437 celebrantur.
1908 4382 2072 4439 Vobis
2098 4388 2198 4456 ipsi
2228 4387 2392 4441 etiam
2441 4385 2735 4441 adversarii
2781 4383 3305 4453 hancjustissimam
3354 4383 3571 4437 laudem

332 4477 475 4532 veris
504 4468 725 4529 calculis
764 4472 1059 4543 assignant,
1087 4468 1229 4540 quod
1278 4472 1399 4541 plus
1442 4472 1815 4526 moderatione
1847 4484 2023 4529 vestra
2063 4476 2203 4545 apud
2235 4476 2622 4531 dissentientes
2648 4474 2959 4544 proﬁciatis,
2994 4489 3154 4543 quam
3180 4473 3275 4537 illi,
3304 4488 3439 4542 quos
3471 4474 3575 4527 mi-

332 4582 435 4621 nus
458 4564 662 4620 dudum
695 4560 1010 4626 memoravi,
1052 4577 1173 4615 cum
1202 4562 1456 4615 omnibus
1505 4563 1617 4616 suis
1651 4564 1876 4617 armatis
1909 4566 2079 4635 copiis
2108 4567 2175 4620 ad
2221 4567 2413 4637 rigoris
2442 4576 2620 4621 cotem
2651 4565 2936 4629 sanciatis,
2966 4564 3161 4632 quibus
3198 4563 3461 4633 smpeﬁeri
3492 4566 3575 4620 af-

332 4658 567 4720 ﬁrmant,
592 4664 651 4709 ut
689 4653 861 4721 magis
887 4653 1204 4717 destruant,
1236 4668 1397 4721 quam
1426 4653 1714 4717 aediﬁcent,
1741 4656 1975 4721 cadant,
2000 4673 2162 4725 quam
2191 4658 2434 4712 vincant.
2464 4657 2649 4711 Valete
2671 4698 2684 4722 ,
2718 4666 2772 4711 et
2803 4654 3113 4710 comitatem
3146 4669 3321 4709 meam
3341 4698 3355 4721 ,
3404 4670 3571 4725 quam

331 4746 537 4801 Isidoro
556 4755 735 4801 vestro
768 4742 1055 4805 servando,
1082 4752 1138 4795 et
1164 4742 1316 4795 vobis
1342 4744 1396 4795 in
1428 4743 1531 4797 hoc
1556 4744 1830 4798 schemate
1860 4747 2302 4814 repraesentanda
2332 4747 2564 4801 libenter
2592 4747 2852 4816 impendi,
2884 4746 3013 4800 boni
3043 4746 3338 4812 consulite;
3365 4750 3571 4817 majora

331 4855 362 4893 a
390 4854 475 4892 me
507 4837 885 4907 praestolaturi,
917 4836 961 4891 si
979 4835 1134 4891 vobis
1162 4834 1402 4889 studium
1450 4844 1611 4903 atque
1655 4837 1888 4892 ofﬁcium
1924 4854 2104 4892 meum
2154 4840 2208 4891 in
2234 4839 2396 4892 rebus
2428 4839 2623 4893 vestris
2650 4839 2927 4894 litterariis
2952 4840 3223 4910 juvandis,
3256 4849 3311 4893 et
3347 4854 3446 4909 pro
3482 4855 3571 4906 ea,

331 4947 435 5002 qua
461 4931 637 4985 valere
668 4940 827 4999 atqite
854 4944 1012 4999 posse
1042 4927 1342 4994 existimor,
1378 4930 1700 4983 auctoritate
1728 4930 2131 4997 promovendis.
2164 4930 2379 4999 placere
2412 4930 2745 4985 intellexero.

409 5023 723 5078 Scribebam
759 5023 1157 5079 Francofordize
1189 5037 1220 5076 a
1249 5022 1304 5076 d.
1333 5038 1419 5077 xw
1448 5020 1565 5074 Kal.
1607 5021 1843 5075 Martiar.
1878 5024 1942 5075 A.
1971 5022 2035 5078 C.
2066 5023 2129 5075 N.
2168 5043 2228 5075 oo
2266 5039 2494 5078 tocxxtx.

356 5195 2357 5221 Μ

2360 5204 3556 5231 *Ἥ

1135 5322 1641 5379 TYPOGRAPHUS
1687 5323 2023 5389 ANTIQUAE
2071 5324 2439 5383 EDITIONIS
2488 5328 2683 5383 LIBRI
2715 5330 2752 5383 V

1749 5418 2043 5473 LECTORI
2088 5418 2145 5474 S.

401 5572 549 5627 Duos
573 5589 777 5644 qutoem
807 5573 1032 5628 Isidoros
1064 5574 1189 5627 locis
1222 5576 1634 5645 temporibusque
1665 5577 1895 5642 dissitas,
1938 5582 2112 5644 patria
2139 5597 2341 5650 quoque
2376 5584 2618 5649 dirersos,
2649 5584 2737 5638 sed
2763 5585 3110 5639 sanctimonia
3143 5584 3310 5638 socios
3330 5585 3569 5651 iunctim
