3890 6134
280 211 366 276 121
1403 218 1858 280 PROLEGOME
1867 221 1967 280 NA
2005 220 2204 280 EDIT.
2243 220 2485 280 PABIS.

278 325 436 381 sacris
467 325 737 400 Litteriss
759 327 913 400 Virgo
959 338 1127 382 mater
1159 329 1347 399 virgini
1384 332 1645 400 discipulo
1671 333 1827 385 auasi

281 402 581 450 testamento
611 396 810 452 Christi
845 400 1230 453 commendata.

350 465 412 516 1‘)
441 463 649 518 Salutio
675 469 976 534 quaestionis
1004 483 1022 520 :
1053 468 1162 521 Cur
1187 486 1288 520 non
1309 471 1467 522 etiam
1505 469 1690 523 Daniel
1717 486 1837 524 cum

282 534 444 604 tribus
467 538 628 604 sociis
667 538 825 588 simul
849 537 904 589 in
935 537 1201 604 fornacem
1227 541 1294 591 sit
1322 539 1603 604 conjectus.

350 603 418 654 20
451 602 554 666 Qui
594 604 806 658 Christo
837 602 943 660 non
975 608 1157 669 credit,
1183 610 1229 660 ei
1258 625 1347 660 nos
1376 602 1576 675 frustra
1616 607 1836 661 conabi-

284 687 396 723 mur
430 676 743 737 persuadere
769 691 849 729 res
877 691 1103 728 arcanas
1125 686 1172 728 et
1197 678 1447 730 caelestes.

350 741 412 793 21
458 740 658 796 Veteris
689 756 736 796 et
769 742 905 797 Novi
943 744 1258 798 Testamenti
1297 745 1506 798 collatio
1544 762 1665 798 cum
1697 745 1836 799 scri-

278 811 716 884 ptis‘gentilium,
749 830 865 884 qua:
893 819 956 866 de
980 825 1172 867 natura
1202 817 1413 868 deorum
1440 826 1671 869 exstant.

343 878 806 950 22’Dehortatio'a
834 884 1113 936 sacerdotii
1143 885 1448 950 cupiditate.

442 948 819 1023 interpretatio
851 952 951 1005 loci
975 954 1038 1006 de
1067 948 1424 1023 Pt'imogenito
1453 966 1656 1008 sancto.

339 1017 412 1091 ἓξ
437 1017 620 1091 S_acra:
650 1021 867 1074 Littera:
894 1023 1132 1091 religiose
1157 1017 1275 1075 sun't
1311 1025 1620 1077 tractandre.

341 1087 415 1142 25
447 1086 951 1163 Con_tra_solitariaz
993 1086 1124 1163 inita:
1163 1101 1493 1158 sectatorem,
1542 1094 1632 1163 qui
1660 1103 1834 1146 tamen

274 1159 752 1222 perturbationibus
777 1159 1085 1213 succumbit.

339 1225 412 1280 26
438 1228 742 1281 Admonitio
773 1230 834 1283 de
863 1230 1078 1282 crimine
1108 1227 1358 1284 Simoniat
1386 1230 1618 1285 vitando.

338 1295 410 1349 27
441 1295 755 1369 Obiurgatio
782 1299 1200 1369 hominisavari,
1225 1299 1346 1356 bene
1377 1300 1613 1369 alioquin
1640 1299 1832 1352 versati

273 1365 324 1416 in
345 1365 626 1419 sacrarum
656 1366 978 1420 Litterarum
1005 1368 1240 1425 lectione.

335 1434 412 1506 28
437 1433 812 1489 Sacerdotium
853 1447 1088 1504 appetere
1125 1454 1227 1491 non
1253 1448 1330 1492 est
1365 1438 1620 1506 cujusvis.

331 1503 408 1556 29
433 1506 739 1559 Adtnonitio
767 1507 830 1559 de
859 1503 1090 1559 cavenda
1119 1507 1378 1561 Simonia.

337 1573 413 1645 fit)
446 1575 752 1628 Admonitio
777 1576 840 1628 de
873 1577 1033 1643 officio
1066 1578 1370 1645 episcopali.

336 1642 400 1714 5!
445 1645 751 1697 Admonitio
787 1645 850 1698 de
883 1642 1133 1699 brevitate
1184 1642 1547 1714 magistratus,
1595 1647 1825 1714 adeoque

269 1713 430 1764 totius
461 1714 706 1766 humana:
728 1714 869 1775 vitae,
897 1715 1126 1767 honestis
1151 1713 1441 1768 actionibus
1477 1713 1826 1768 extendenda.

335 1781 407 1832 52
433 1779 670 1835 Lucerna
699 1785 754 1835 in
776 1783 1088 1836 candelabro
1115 1795 1189 1838 est
1217 1786 1459 1839 sacerdos
1479 1788 1531 1838 in
1554 1785 1829 1838 cathedra.

336 1849 406 1902 33
431 1849 665 1923 Joannes
691 1851 937 1919 Baptista
968 1854 1153 1921 quibus
1185 1856 1333 1908 rebus
1357 1858 1697 1923 pra'stantior
1715 1853 1830 1922 fue-

271 1919 336 1970 rit
377 1921 663 1987 prophetis.

330 1990 400 2064 54
424 1990 659 2064 Joannes
702 1989 948 2064 Baptista
994 2008 1095 2061 quo
1149 1993 1373 2046 consilio
1414 1993 1724 2064 legationem
1759 1989 1827 2043 ad

268 2056 537 2111 Christum
565 2056 789 2113 miserit.

335 2129 406 2182 55
437 2130 746 2181 Admonitio
783 2131 1113 2198 imperatoris
1157 2130 1435 2184 Theodosii
1475 2132 1538 2186 de
1580 2148 1822 2186 mansue-

267 2201 442 2251 tudine
476 2209 527 2252 et
557 2198 896 2267 eleemosgnis
925 2202 1243 2252 exercendis.

333 2267 405 2319 56
443 2269 755 2320 Admonitio
791 2271 852 2320 de
875 2271 1038 2336 ofﬁcio
1072 2270 1254 2322 aulici.

329 2337 400 2391 37
431 2337 742 2390 Oratorium
767 2353 831 2390 ea:
861 2340 1060 2402 rapinis
1086 2355 1185 2390 non
1221 2340 1616 2405 adiﬁcandum.

331 2407 403 2478 58
434 2409 745 2460 Admonitio
777 2408 841 2461 de
879 2408 1106 2461 cavenda
1142 2408 1536 2478 abjiciendaque
1561 2409 1824 2463 sacerdoti

264 2475 486 2542 feritate,
521 2487 570 2529 et
606 2479 923 2530 assumenda
948 2477 1272 2532 humanitate
1313 2490 1361 2531 et
1401 2475 1820 2532 mansuetudine.

323 2547 394 2618 59
427 2545 605 2618 Etiam
633 2555 778 2611 tunc,
813 2548 1024 2618 quando
1048 2547 1110 2618 ob
1138 2564 1300 2600 unum
1329 2549 1548 2618 impium
1569 2559 1679 2601 tota
1709 2548 1822 2614 ple-

263 2615 421 2695 ctitur
446 2617 656 2687 civitas,
694 2631 795 2695 non
831 2617 892 2682 fit
930 2617 1129 2684 injuria
1169 2615 1578 2688 cteteris,'quasi
1610 2621 1822 2671 omnino

263 2696 556 2738 innocentes
593 2695 926 2751 punirentur.

327 2753 396 2806 40
424 2754 490 2824 lin
516 2755 780 2808 hominem
809 2753 1173 2824 θρασύδειλον.

328 2824 391 2897 41
433 2823 748 2897 Objurgatio
778 2823 1020 2897 monachi
1056 2825 1366 2897 vagiuatqne
1381 2825 1667 2897 instabilis,
1691 2844 1807 2897 pro-

261 2896 432 2961 posita
460 2895 652 2962 leporis
685 2903 736 2946 et
755 2895 860 2946 veri
887 2895 1124 2946 monachi
1157 2895 1606 2947 dissimilitudine.

330 2962 398 3014 42
427 2962 729 3030 Ine/rabilis
755 2966 877 3016 unio
901 2964 1226 3031 Itgpostatica
1257 2966 1483 3016 duarum
1510 2965 1564 3015 iu
1599 2963 1814 3017 Christo

263 3041 572 3085 naturarum
635 3032 975 3101 prteﬁgurata
1044 3035 1150 3085 t-iso
1210 3033 1510 3102 prophetico
1573 3035 1814 3086 carbonis

263 3101 413 3169 igniti
443 3103 640 3170 forcipe
673 3102 1046 3168 comprehensi.

338 3173 406 3223 43
449 3172 625 3234 Quare
650 3171 982 3224 Abrahamus
1018 3187 1223 3224 servum
1257 3187 1409 3222 suum
1437 3172 1653 3223 voluerit
1677 3171 1824 3239 jure-

260 3238 482 3307 jurando
509 3241 613 3294 sibi
634 3241 925 3308 astringere
947 3256 1103 3292 manu
1131 3241 1317 3306 femori
1342 3242 1607 3309 imposita.

329 3311 396 3363 44
435 3309 796 3377 Eleemosgnte
823 3325 938 3361 cum
965 3310 1169 3376 judicio
1198 3315 1493 3376 erogandae.

327 3379 396 3432 45
425 3380 734 3433 Admonitio
767 3379 830 3431 de
865 3379 1028 3446 officio
1049 3379 1352 3446 episcopali,
1379 3389 1427 3433 et
1449 3379 1574 3448 quid
1603 3379 1821 3432 denota-

264 3448 325 3501 rit
347 3449 572 3518 abjectio
600 3449 874 3502 laneorum
903 3449 1341 3501 vestimentorum.

260 3587 293 3640 ά
324 3521 393 3572 ιδ
413 3517 667 3572 Actiones
693 3518 924 3571 orationi
950 3517 1257 3586 copulandce
1289 3533 1352 3570 ac
1382 3517 1519 3572 velut
1556 3517 1820 3572 maritan-

293 3605 337 3640 ω
355 3597 498 3640 sunt.

293 3605 337 3642 te
355 3597 498 3642 sunt.

321 3659 388 3714 47
419 3657 729 3711 Admonitio
759 3656 822 3710 de
845 3665 1077 3724 praetura
1107 3664 1246 3708 recte
1284 3657 1532 3724 gerenda.

323 3727 395 3780 48
429 3726 712 3780 Tributum
768 3742 832 3779 ne
882 3725 1060 3779 clerici
1106 3725 1315 3794 quidem
1375 3729 1597 3795 pendere
1652 3733 1824 3785 detre-

257 3806 456 3850 ctanto.

321 3869 392 3920 49
427 3865 678 3941 Monachi
705 3864 816 3941 suis
840 3862 1100 3941 .manibus
1143 3875 1419 3941 operanth
1461 3870 1653 3941 victum
1680 3887 1824 3941 quie-

257 3946 411 3991 runto
443 3934 680 4004 exemplo
709 3933 872 3987 Pauli
901 3945 949 3988 et
974 3949 1039 3987 ex
1065 3945 1322 4004 praecepto
1355 3935 1578 3992 Christi.

324 4007 394 4063 50
435 4004 598 4075 Virga
633 4019 796 4075 nucea
819 4005 950 4075 quid
980 4006 1185 4075 denotet
1206 4006 1344 4073 apud
1378 4005 1686 4062 Jeremiam.

322 4077 384 4147 5!
423 4076 499 4147 De
515 4074 646 4147 typo
686 4074 818 4147 ficus
845 4074 1138 4147 maledich
1163 4091 1194 4126 a
1217 4075 1428 4147 Christo
1453 4088 1500 4130 et
1546 4080 1818 4147 arefactte.

322 4146 393 4200 52
425 4145 771 4198 Abstinentia:
793 4160 825 4196 a
854 4145 983 4196 cibis
1010 4159 1184 4197 causa:
1205 4145 1522 4211 complures.

325 4216 395 4269 55
425 4214 684 4284 blandum
701 4214 877 4280 fugere
897 4213 1023 4281 quid
1037 4215 1290 4284 sit,_apud
1313 4216 1469 4267 Amos
1492 4217 1817 4284 prophetam.

325 4285 396 4341 54
429 4283 580 4338 Inter
609 4283 839 4335 Mariam
867 4292 1097 4354 matrem
1111 4282 1325 4336 Domini
1354 4293 1402 4336 et
1435 4282 1676 4354 Cybeleia
1703 4305 1820 4340 ma-

258 4363 385 4408 trem
407 4357 629 4408 deorum
665 4361 920 4420 quantum
950 4353 1018 4404 sit
1043 4353 1350 4408 discrimen.
1483 4353 1491 4354 7
1597 4377 1600 4380 ·

315 4424 390 4478 55
414 4425 493 4477 De
523 4424 719 4476 honore
745 4420 978 4474 habendo
1011 4422 1242 4490 reliquiis
1273 4431 1600 4486 sanctorum,
1642 4434 1699 4476 ut
1726 4440 1817 4490 per

257 4510 386 4562 quas
417 4493 560 4548 Deus
590 4491 759 4545 multa
790 4489 1106 4542 admiranda
1135 4507 1290 4559 opera
1328 4501 1522 4560 patret.
1549 4493 1706 4562 Conf.
1728 4489 1814 4560 ep.

170 4573 174 4576 '
258 4565 349 4621 lib.
385 4579 444 4620 tt.

318 4633 385 4687 56
407 4631 571 4685 Iuda:
602 4629 872 4701 proditio_,_
890 4629 1012 4682 licet
1053 4630 1292 4701 prtevisaq
1322 4631 1698 4701 pra’dictaque,
1739 4632 1809 4684 ιξ.

262 4700 380 4755 ima
405 4697 776 4770 tamen'fuits
818 4697 960 4751 Nam
999 4699 1332 4770 prtescientia
1385 4699 1483 4754 Dei
1538 4697 1636 4756 non
1657 4703 1815 4770 affert

263 4771 522 4826 hominum
557 4768 854 4823 actionibus
885 4768 1263 4822 necessitatem.

330 4841 394 4896 57
420 4840 576 4894 Utres
611 4838 1061 4910 veteres_quinant
1093 4838 1218 4910 sint.
1266 4837 1483 4891 Piorum
1526 4848 1574 4892 et
1626 4841 1817 4910 impio-

267 4925 373 4963 rum
400 4912 687 4964 discrimen
719 4909 771 4961 in
801 4905 1010 4974 Caipha
1031 4916 1078 4977 et
1116 4906 1273 4961 Petro
1301 4911 1660 4977 conspicuum.

237 5017 240 5024 -
329 4980 392 5034 58
414 4978 788 5050 Frugalitatis
805 4976 1209 5050 commendatio.

273 5101 276 5104 .
327 5050 395 5105 59
426 5050 500 5103 De
523 5044 739 5110 peccato
771 5048 826 5100 in
869 5044 1129 5113 Spiritum
1168 5057 1408 5098 sanctum
1439 5047 1814 5103 irremissibili.

329 5119 394 5172 60
417 5119 654 5187 Spiritus
687 5127 900 5171 sanctus
922 5124 1001 5169 est
1031 5114 1171 5169 Deus
1199 5131 1216 5168 :
1248 5115 1383 5168 unde
1410 5126 1456 5168 et
1485 5116 1582 5170 Dei
1613 5118 1816 5189 digitus

265 5198 489 5242 vocatur.

329 5260 390 5312 61
430 5257 748 5327 Objurgatio
794 5251 1274 5327 hominis_ebriosi.
1298 5251 1390 5327 _Et
1429 5256 1570 5327 quod
1614 5273 1714 5311 non
1746 5260 1816 5312 sit

264 5330 408 5387 satis.
446 5322 648 5396 scripta
689 5334 990 5378 sanctorum
1029 5322 1214 5396 legere,
1254 5324 1355 5376 nisi
1395 5322 1501 5378 vita
1529 5343 1729 5395 quoque
1764 5337 1812 5380 et

263 5398 485 5452 moribus
509 5393 884 5466 estprimantur
907 5409 1023 5466 qua:
1055 5393 1351 5466 legerimus.

327 5467 397 5521 62
429 5462 785 5523 1ηιετύειάηι
826 5462 1116 5530 et-falsam
1171 5463 1520 5534 eloquentiam
1559 5476 1817 5534 quantum

265 5538 479 5592 intersit.

330 5605 623 5662 63Contra
666 5605 888 5662 nimium
936 5603 1171 5657 studium
1211 5603 1484 5672 gentilium
1528 5605 1806 5661 historico-

3415 219 3518 283 122

1941 349 2056 385 rum
2116 344 2164 386 et
2221 343 2522 403 poetarum,
2591 331 2893 386 Christiano
2950 333 3158 386 homine
3215 332 3508 400 indignum.

2010 403 2078 456 64
2117 403 2192 456 De
2240 403 2566 470 infrugiferis
2593 403 2865 456 arboribus
2909 406 3078 455 securi
3120 403 3505 457 exscindendis.

2011 472 2082 525 65
2113 475 2270 534 Area,
2296 472 2665 536 ventilabrum,
2708 474 3029 540 frumentum
3067 483 3114 526 et
3145 474 3386 524 horreum
3415 473 3498 525 al-

1939 539 2159 608 legorice
2188 543 2313 610 quid
2341 543 2607 610 denotent.

2009 610 2078 664 66
2109 610 2182 662 De
2202 609 2419 664 Christo
2447 628 2477 662 a
2498 609 2704 664 Joanne
2743 611 3034 678 baptizato.

2013 681 2077 732 67
2112 680 2190 750 De
2233 680 2432 732 illustri
2480 681 2830 750 patefactione
2867 680 3150 734 Trinitatis
3212 681 3267 732 in
3333 679 3508 749 bapti-

1936 757 2101 802 smate
2127 749 2341 801 Christi.

2001 817 2072 870 68
2123 817 2258 870 Vera
2292 817 2550 879 expositio
2588 819 2720 872 dicti
2767 818 2966 873 Christi
3020 819 3082 871 ds

1972 889 2118 940 tista.

1935 903 2407 1030 pugiiaDehortatio
2438 975 2469 1010 a
2505 959 2652 1030 gula,
2697 967 2758 1030 et,
2789 957 3091 1030 adhortatio
3135 957 3204 1009 ad
3239 956 3503 1030 jejunium

1934 1026 2221 1096 propositis
2251 1026 2528 1096 utriusque
2562 1029 2636 1080 rei
2657 1038 2704 1082 et
2733 1029 2989 1093 fructibus
3021 1036 3070 1079 et
3091 1027 3362 1093 exemplis.

1935 1164 1968 1215 ἀ
2010 1097 2076 1149 70
2109 1095 2178 1147 Ει
2223 1098 2387 1150 ventri
2427 1095 2476 1150 et
2515 1096 2997 1167 perturbationibus
3027 1097 3192 1148 animi
3232 1096 3500 1164 imperan-

1974 1180 2083 1215 um.
2794 1194 2798 1196 -

1974 1180 2083 1216 um.
2794 1194 2798 1196 ·

2006 1234 2066 1284 71
2105 1233 2180 1285 De
2218 1234 2637 1300 sanctificatione
2685 1233 2942 1296 Sabbati,
2993 1241 3042 1287 et
3086 1249 3202 1301 qute
3241 1249 3400 1301 opera
3441 1233 3500 1286 in

1935 1301 2169 1356 Sabbato
2216 1302 2322 1356 sint
2370 1304 2639 1372 facienda,
2670 1320 2850 1372 nempe
2887 1320 3003 1372 quae
3046 1304 3239 1356 anima:
3278 1304 3384 1355 sint
3411 1303 3498 1354 lu-

1933 1389 2104 1424 ενοεα.

2005 1441 2073 1492 72
2107 1440 2178 1493 De
2204 1457 2354 1509 opere
2383 1457 2659 1505 manuum,
2682 1451 2936 1511 quatenus
2983 1456 3074 1508 per
3098 1439 3153 1492 id
3199 1437 3493 1492 Sabbatum

1971 1512 2256 1576 rofanetur.

1931 1528 2256 1580 pI'Oftmelut'.

1999 1581 2066 1632 75
2095 1579 2204 1632 Cur
2256 1578 2391 1632 Dens
2447 1581 2608 1632 etiam
2654 1577 2848 1645 templa
2891 1594 2990 1631 sua
3040 1575 3260 1646 fulmine
3309 1577 3490 1645 feriat.

2009 1649 2080 1701 74
2114 1649 2189 1701 De
2209 1649 2628 1702 indumentorum
2666 1648 2884 1701 vilitate.

2009 1719 2077 1770 75
2101 1717 2407 1771 Consolatio
2440 1719 2812 1770 tentationibus
2852 1719 3180 1784 opponenda.

2002 1787 2067 1840 76
2101 1787 2207 1839 Cur
2251 1787 2490 1841 Christus
2526 1788 2724 1856 lapides
2758 1787 2813 1840 in
2852 1803 3011 1854 panes
3063 1793 3359 1840 convertere
3393 1799 3493 1839 no-

1933 1858 2109 1911 luerit.

2004 1928 2070 1980 77
2105 1927 2179 1978 De
2205 1925 2506 1978 solitudinis
2540 1926 2692 1978 bono.

2001 1997 2068 2048 78
2094 1993 2172 2048 De
2206 2006 2407 2048 terrena
2431 1995 2620 2047 militia
2645 2010 2763 2047 cum
2795 1994 3059 2060 spirituali
3087 1991 3490 2047 commutanda.

1999 2065 2068 2120 79
2099 2064 2235 2117 Mali
2273 2066 2564 2118 sacerdotes
2603 2065 2988 2116 l’harisworum
3009 2064 3229 2116 similes.

1992 2136 2061 2189 80
2099 2135 2243 2187 Dicti
2285 2135 2569 2201 evangelici
2615 2136 2677 2186 de
2709 2134 3012 2186 adversario
3040 2145 3086 2186 et
3117 2134 3221 2196 via,
3247 2141 3297 2184 et
3330 2148 3502 2202 expo-

1927 2205 2048 2258 sitio
2085 2221 2215 2256 nova
2250 2212 2299 2255 et
2330 2205 2481 2255 mira.

1999 2275 2060 2326 81
2097 2273 2371 2340 Expositio
2413 2273 2541 2324 dicti
2572 2288 2637 2324 ea:
2672 2270 2876 2339 psalmo
2919 2285 3044 2325 1cm
3087 2287 3101 2324 :
3135 2290 3152 2321 t
3199 2268 3280 2322 Ne
3311 2270 3494 2326 adlue-

1927 2352 2037 2395 reat
2079 2345 2172 2394 tibi
2218 2343 2362 2395 sedes
2397 2342 2691 2410 iniquitatis
2732 2342 2929 2410 fingens
2981 2340 3214 2393 laborem
3257 2341 3315 2393 in
3350 2355 3492 2407 prce-

1925 2423 2284 2535 ce’t’t‘IZOStilutio
2334 2480 2686 2561 dubitationis
2734 2495 2827 2530 cur
2860 2477 3126 2561 Israelita;
3159 2477 3494 2559 Bcnjamini-f

1926 2561 2098 2603 tarum
2125 2552 2495 2603 scortationem
2526 2551 2697 2602 ultum
2721 2557 2898 2602 euntes
2921 2549 2978 2601 in
3016 2546 3202 2602 Cabaa
3223 2550 3327 2601 sint
3359 2547 3491 2601 cesi

1925 2619 2069 2688 (Jud.
2108 2621 2221 2684 xx).
2444 2687 2472 2688 κν
2720 2687 2724 2688 ί
2890 2685 2899 2688 _
3155 2686 3161 2688 Α
3211 2665 3213 2668 ,

1995 2690 2064 2744 85
2096 2688 2369 2754 Expositio
2401 2687 2665 2754 allegorice
2693 2687 2756 2740 de
2781 2685 2931 2740 oculo
2967 2686 3196 2740 eruenda
3238 2696 3290 2738 et
3328 2701 3494 2740 manu

1922 2760 2108 2811 dextra
2137 2757 2486 2809 abscindenda
2518 2757 2938 2824 abjiciendaque.

1989 2829 2058 2880 84
2105 2827 2374 2894 Expositio
2424 2823 2666 2892 praecepti
2715 2823 2995 2894 evangelici
3035 2825 3098 2879 de
3145 2823 3292 2879 inani
3318 2823 3492 2892 gloria

1923 2913 1977 2949 in
2011 2897 2156 2948 bonis
2184 2896 2476 2947 actionibus
2513 2895 2760 2946 cavenda.
2973 2902 2978 2910 '
3187 2927 3199 2938 -

1989 2965 2057 3017 85
2090 2966 2370 3032 Expositio
2413 2966 2580 3016 tertia:
2607 2963 2872 3032 petitionis
2913 2965 2967 3014 in
3005 2963 3242 3017 oratione
3292 2960 3483 3017 Domi-

1922 3051 2059 3086 nica.

1987 3104 2055 3156 86
2094 3102 2227 3157 Vera
2265 3103 2511 3155 nobilitas
2555 3111 2604 3155 et

3147 817 3354 871 Joanne
3394 816 3505 870 Ba"

2655 3102 2882 3170 felicitas
2914 3103 2965 3154 in
2999 3101 3191 3154 virtute
3215 3102 3486 3157 consistit.

1994 3173 2059 3226 87
2098 3173 2362 3239 Exemplis
2403 3173 2636 3233 docetur,
2692 3175 2851 3224 etiant
2902 3172 3126 3238 feminas
3162 3188 3314 3237 posse
3355 3171 3492 3238 affe-

1923 3253 2036 3296 ctus
2075 3259 2196 3295 suos
2243 3245 2458 3294 vincere.
2505 3242 2682 3305 Quare
2716 3242 2981 3294 muliebris
3028 3256 3182 3294 sexus
3208 3240 3492 3296 imbecilli-

1925 3321 2006 3364 tas
2039 3313 2263 3379 feminas
2298 3311 2406 3364 illis
2434 3311 2824 3364 succutnbentes
2857 3327 2958 3363 non
2984 3321 3223 3366 excusat.

1994 3384 2060 3434 88
2089 3381 2286 3433 Contra
2307 3381 2586 3445 jactantia:
2611 3383 2914 3432 vanitatem.

1993 3451 2060 3504 89
2089 3451 2160 3504 De
2201 3451 2478 3512 mulierum
2503 3449 2886 3518 congressibus,
2918 3458 3010 3502 aut
3045 3447 3486 3517 contemplatione

1923 3529 2058 3572 certe
2083 3521 2318 3571 vitanda.

1997 3593 2067 3643 00
2102 3589 2301 3645 Cantus
2329 3589 2648 3656 feminarum
2679 3589 2734 3642 in
2761 3588 2980 3641 ecclesia
3008 3604 3077 3641 an
3103 3586 3484 3656 permittendus

1922 3671 2013 3712 Sil.

1994 3727 2055 3782 9!
2085 3726 2426 3782 Collaudatio
2455 3727 2681 3780 hominis
2731 3727 3069 3790 continentis,
3101 3736 3150 3785 et
3191 3726 3263 3784 ad
3310 3739 3486 3792 perse-

1923 3799 2211 3851 verantiam
2245 3797 2563 3851 exhortatio.

1995 3867 2063 3919 9'2.
2099 3867 2169 3918 De
2198 3869 2329 3918 veris
2355 3877 2402 3919 et
2437 3867 2588 3936 falsis
2628 3866 2917 3936 monachis.

1989 3937 2057 3989 05
2083 3937 2382 3988 Admonitio
2425 3933 2828 3999 monachorum,
2879 3934 2961 3989 Ne
3003 3933 3155 3987 multi
3191 3934 3324 4002 ﬁant
3368 3948 3488 3986 ma-

1959 4020 2098 4061 ιδιη.

1925 4023 2396 4142 φᾜέἘωροδὶιὶο
2451 4073 2576 4126 dicti
2628 4071 2940 4139 Scriptum,
3023 4070 3186 4126 Hebr.
3238 4087 3310 4137 Iv,
3369 4072 3435 4126 l5
3469 4088 3487 4123 :

1933 4162 1952 4196 t
1995 4143 2186 4198 Omnia
2212 4145 2352 4195 nuda
2375 4152 2421 4195 et
2445 4153 2622 4208 aperta
2652 4144 2814 4197 oculis
2841 4143 2971 4209 ejus.
3013 4162 3031 4194 ›

1999 4215 2067 4267 95
2097 4214 2170 4265 De
2194 4216 2370 4279 spinea
2401 4229 2612 4274 corona,
2643 4230 2740 4280 quo
2764 4213 3031 4279 spectaril.

1997 4285 2065 4336 96
2092 4281 2342 4336 lnvitatio
2374 4282 2664 4349 philosophi
2699 4282 2927 4350 gentilis,
2957 4292 3011 4333 nt
3037 4297 3209 4334 veram
3249 4279 3486 4350 philoso-

1928 4355 2126 4419 phiam,
2169 4354 2222 4403 id
2269 4363 2346 4403 est
2393 4349 2898 4414 Christianismum,
2930 4349 3147 4418 abiectis
3197 4349 3484 4409 erroribus.

1922 4422 2292 4489 amplectatur.

1991 4486 2060 4546 97
2089 4491 2164 4543 De
2213 4492 2441 4555 Spiritus
2471 4491 2642 4542 sancti
2679 4507 2795 4542 cum
2842 4487 3003 4541 Patre
3033 4498 3080 4540 et
3118 4486 3260 4542 Filio
3299 4488 3491 4540 arctis-

1920 4563 2056 4613 sima
2090 4560 2471 4628 conjunctione,
2509 4576 2622 4627 qua:
2659 4560 2735 4613 vel
2772 4575 2835 4610 ea:
2879 4559 3042 4610 verbis
3071 4572 3327 4610 concessa:
3359 4573 3488 4624 apo-

1920 4631 2068 4683 stolis
2099 4631 2322 4682 clarium
2363 4631 2633 4693 potestatis
2663 4638 2879 4698 apparet
2912 4629 3064 4680 satis.

1994 4703 2060 4756 98
2087 4699 2159 4752 De
2193 4700 2400 4766 injuriis
2433 4695 2738 4753 Christiano
2767 4700 3022 4764 patienter
3054 4695 3308 4766 ferendis.

1991 4772 2056 4823 99
2087 4763 2285 4823 Contra
2331 4785 2448 4820 eum
2499 4769 2588 4836 qui
2623 4763 2875 4832 superbit,
2912 4784 3027 4820 cum
3062 4765 3264 4816 nullam
3296 4763 3486 4818 habeat

1919 4839 2248 4907 superbieudi
2279 4838 2576 4891 materiam.

1992 4908 2097 4963 100
2130 4908 2400 4974 lie/utalia
2429 4907 2679 4960 luereseos
2722 4904 2936 4974 Novati.

1989 4979 2083 5032 101
2143 4971 2479 5030 Collaudatio
2517 4976 2741 5028 hominis
2779 4975 2868 5042 qui
2905 4973 3028 5026 bene
3077 4974 3276 5041 coepit;
3329 4985 3379 5028 et
3419 4971 3488 5023 ad

1919 5049 2364 5117 perseverantiam
2397 5047 2447 5097 in
2481 5047 2610 5098 bono
2644 5045 2957 5117 cohortatio.

1991 5119 2092 5170 ’102
2125 5117 2323 5169 Contra
2368 5117 2588 5167 Itll’l‘L’Sill
2636 5115 2857 5165 .ilanetis
2891 5125 2936 5164 et
2971 5111 3199 5165 aliorum
3229 5113 3320 5180 qui
3351 5111 3489 5163 male

1917 5191 1979 5240 de
2004 5188 2208 5240 duabus
2247 5187 2298 5237 in
2330 5186 2540 5239 Christo
2579 5186 2782 5239 naturis
2816 5185 3065 5240 sentiunt.
3104 5182 3488 5236 lltcreticorum

1918 5274 2035 5309 cum
2065 5255 2414 5322 piscatoribus
2443 5255 2785 5322 comparatio.

1989 5317 2092 5379 105
2127 5325 2301 5378 Trina:
2341 5317 2670 5391 abnegattoni
2714 5323 2857 5376 l’etri
2904 5322 3145 5390 opposita
3183 5320 3324 5373 trina
3383 5317 3490 5371 Do-

1918 5396 2045 5448 ntini
2075 5395 2415 5460 interrogatio
2437 5405 2484 5446 et
2517 5393 2666 5446 Petri
2702 5394 2962 5446 assensio.

1990 5465 2090 5516 104
2122 5457 2498 5530 Ερὶδίοραιωη
2533 5475 2771 5532 appetere
2810 5480 2911 5515 non
2941 5470 3015 5532 est
3048 5457 3297 5532 cujusvis.

1991 5534 2086 5587 105
2133 5525 2210 5585 De
2262 5525 2416 5598 partu
2467 5525 2718 5600 viperino,
2755 5534 2839 5586 cui
2919 5548 2950 5583 a
2984 5529 3190 5583 Joanne
3247 5525 3497 5596 Baptista

1916 5601 2090 5658 Judaei
2120 5612 2511 5670 comparantur.
