3890 6134
351 228 451 290 123

419 336 524 393 106
552 334 758 409 solutio
801 337 1127 406 questionis,
1169 338 1233 391 de
1285 340 1594 408 purgatione
1652 341 1829 409 templi

348 410 558 466 Christo
582 407 851 460 instituta;

422 478 523 532 107
551 476 629 530 De
654 492 859 528 summa
900 477 1038 529 inter
1081 476 1237 530 Vetus
1268 488 1316 531 et
1362 474 1570 531 Novum
1605 476 1909 535 Testamen-

349 558 460 604 tum
494 548 781 601 consensiot
799 563 844 600 ς.

417 617 522 672 108
548 616 626 669 die
656 632 788 685 vana
814 626 861 668 et
897 616 1045 669 inani
1075 616 1388 685 eloquentia.

423 686 630 809 109hDe
659 684 890 755 Spiritus
919 687 1087 739 sancti
1112 684 1305 740 deitate
1344 689 1594 744 adversus
1647 692 1917 747 Pneuma-

423 773 522 809 nac
559 774 636 809 os.

352 767 636 811 tomacttos.

420 828 523 880 110
552 824 749 901 Contra
778 824 1078 894 superbiam
1112 829 1494 884 monachalem.
1522 829 1593 883 Et
1623 835 1740 901 quis
1768 849 1913 888 verus

350 898 421 950 sit
443 896 745 948 monachus.

415 966 509 1019 111
550 965 836 1021 Detestatio
872 967 1141 1024 Simoniaa.

424 1031 890 1111 H2_Contra_e_o_s
942 1040 1032 1107 qui
1076 1040 1243 1111 aliter
1280 1040 1455 1111 vivunt
1506 1058 1663 1111 quam
1704 1042 1914 1107 docent,

356 1106 617 1179 atqueita
641 1106 935 1179 hominibus
954 1106 1017 1161 se
1046 1109 1358 1161 deridendos
1384 1106 1688 1179 propinant.

430 1176 558 1250 115Δ
572 1174 770 1250 Contra
796 1177 1201 1250 a'dificationem
1240 1174 1489 1234 ecclesia!
1506 1197 1571 1235 ea:
1596 1181 1810 1250 injustis
1835 1181 1917 1234 lu-

356 1244 480 1298 cris.
517 1243 710 1312 Confer
731 1262 811 1313 ep.
848 1243 935 1309 57,
966 1248 1020 1300 Ιι.
1059 1248 1152 1300 lib.

429 1315 531 1368 114
556 1314 915 1420 gqérigqanq
945 1316 1144 1370 Christi
1178 1318 1232 1370 in
1268 1319 1504 1389 sepulcro
1530 1320 1718 1390 quiete.
1764 1318 1918 1374 Con-

356 1385 438 1454 fer
464 1401 547 1454 ep.
579 1384 705 1444 212,
734 1385 825 1437 lib.
863 1401 922 1438 ιι.
1322 1384 1332 1389 ’
1540 1384 1552 1390 ’

420 1454 524 1508 115
559 1454 626 1507 lu
655 1471 772 1507 eum
807 1456 896 1522 qui
923 1455 991 1507 ad
1019 1457 1246 1523 pristina
1277 1459 1408 1511 vitia
1443 1458 1738 1512 revertitur.

428 1523 532 1594 116
562 1524 863 1576 Admonitio
891 1524 954 1576 de
984 1527 1169 1594 officio.

421 1591 530 1663 117
561 1594 635 1646 De
663 1595 839 1661 ignoto
872 1591 1093 1647 extremi
1112 1593 1307 1663 judicii
1334 1596 1437 1650 die.

425 1662 528 1715 118
557 1664 859 1715 Admonitio
890 1665 957 1715 ad
986 1662 1172 1731 pravos
1197 1666 1510 1732 sacerdotes,
1546 1677 1602 1720 ut
1638 1667 1707 1720 ad
1738 1667 1919 1720 melio-

356 1748 465 1785 rem
496 1733 698 1801 frugem
724 1748 777 1785 se
807 1734 1087 1801 recipiant.

432 1802 535 1857 119
564 1800 760 1856 Contra
790 1800 1135 1856 Simoniacos.

428 1872 533 1925 120
568 1871 701 1924 Mali
729 1872 1023 1925 sacerdotes
1051 1874 1152 1925 sibi
1182 1874 1308 1941 ipsis
1335 1875 1506 1941 potius
1538 1884 1740 1937 nocent,
1762 1891 1918 1945 quam

358 1957 566 1994 sacrum
595 1956 891 2010 suggestum
910 1946 1291 1997 contaminant.
1327 1946 1517 2013 Confer
1539 1946 1809 2015 Chrysost.

428 2010 526 2081 121
560 2010 638 2064 De
669 2014 939 2063 vocatione
957 2014 1187 2081 gentium
1208 2026 1255 2066 et
1290 2014 1563 2081 rejectione
1586 2016 1917 2069 Juda’orum.

427 2080 532 2133 122
568 2099 585 2130 t
637 2081 751 2133 Pax
781 2080 1076 2153 vobiscum,
1108 2092 1154 2133 et
1182 2100 1299 2135 cum
1335 2080 1535 2153 Spiritu
1564 2095 1673 2143 tuo.
1709 2103 1727 2135 ι
1760 2100 1922 2153 quare

358 2167 390 2224 a
421 2153 690 2203 sacerdote
729 2153 781 2203 in
826 2149 1044 2203 ecclesia
1076 2152 1306 2215 dicatur,
1339 2149 1387 2207 et
1417 2172 1447 2206 a
1482 2157 1674 2224 populo
1705 2149 1925 2223 respon-

356 2222 564 2272 deatur.

429 2288 695 2363 I25__0_uid
729 2304 939 2363 sacrum
966 2293 1245 2363 corporale
1276 2292 1533 2360 signiﬁcet
1562 2293 1616 2345 in
1642 2293 1922 2363 mysterio-

359 2373 474 2410 rum
501 2359 799 2410 divinorum
832 2358 1311 2416 administratione.

417 2426 533 2549 I134
567 2427 830 2481 Divinitas
872 2431 1133 2496 passionis
1178 2448 1395 2503 expers,
1451 2441 1635 2485 contra
1688 2432 1924 2501 Theopa-

433 2514 468 2548 tt
496 2513 575 2549 as.

358 2513 575 2550 εσηιιαε.

422 2566 535 2688 ,1215
572 2564 779 2687 §olutio
827 2571 1129 2638 quwstionis
1182 2575 1247 2624 de
1293 2570 1478 2640 angelo
1525 2570 1698 2639 Moysi
1749 2587 1925 2625 necem

422 2652 486 2688 tm
515 2654 578 2688 an
610 2652 654 2688 e.

360 2646 654 2688 mtmtante.

432 2706 535 2759 126
557 2705 637 2789 Διὶε
683 2706 824 2789 dilato
852 2706 1190 2789 .Cltrisiijht
1219 2711 1413 2789 Estole
1460 2710 1738 2779 prudentes
1789 2712 1927 2763 sicut

362 2786 642 2843 serpentes.
679 2794 697 2858 ξ
729 2776 921 2844 Confer
943 2795 1023 2847 ep.
1059 2779 1181 2841 175,
1211 2780 1304 2861 lib.
1342 2797 1401 2833 ll.
1460 2776 1467 2779 ’

441 2845 540 2897 127
566 2843 633 2897 In
674 2848 943 2899 indoctum
996 2849 1189 2901 multos
1246 2850 1409 2903 libros
1457 2859 1815 2913 coementem,
1863 2864 1928 2903 ex

361 2913 546 2987 quibus
575 2914 775 2987 nullam
813 2919 1031 2987 percipit
1059 2920 1364 2973 utilitatem.

434 2985 535 3066 128
554 2984 881 3066 ριήιινθηιὶο
925 2984 1150 3041 hominis
1202 2989 1468 3059 imperiti,
1511 2989 1827 3057 impudentis
1876 2996 1926 3041 et

359 3053 731 3197 8233.110“
771 3127 892 3181 vitte
916 3128 1244 3194 monasticce,
1274 3128 1341 3181 ad
1374 3144 1591 3197 eamque
1618 3128 1718 3179 rite
1740 3127 1930 3197 degen-

362 3195 482 3247 dam
520 3197 830 3248 cohortatio.

434 3264 537 3318 150
564 3263 874 3318 Monasticte
914 3267 1035 3319 vitae
1075 3266 1249 3318 cultor
1288 3283 1319 3317 a
1352 3265 1479 3335 gula
1513 3266 1761 3333 fastuque
1796 3264 1932 3318 alie-

363 3351 463 3456 gas
498 3345 651 3388 esto:
688 3337 1001 3404 vigilantite,
1045 3335 1351 3400 sobrietati,
1400 3335 1771 3403 modestiwque
1813 3344 1930 3387 stu—

402 3415 505 3456 eto.

402 3415 505 3459 ειο.

438 3474 531 3526 151
564 3474 844 3527 Zachariae
871 3472 1141 3526 silentium
1168 3482 1217 3528 et
1259 3474 1475 3526 mutitas
1505 3483 1655 3543 typus
1682 3471 1931 3543 fuitlegis

364 3543 418 3595 in
447 3544 667 3598 adventu
708 3544 907 3599 Christi
940 3544 1359 3596 obmutescentis.

431 3614 531 3666 152
567 3615 637 3667 De
668 3616 805 3667 victu
840 3613 1067 3665 Joannis
1108 3612 1402 3677 Baptistte:
1442 3613 1547 3665 sive
1579 3610 1705 3681 quid
1734 3611 1931 3679 fuerint

363 3683 583 3749 ἀκρίδες
607 3694 788 3736 contra
826 3687 1089 3750 vulgarem
1119 3683 1434 3749 opinionem.

438 3752 533 3805 155
562 3752 885 3817 Cratalatio,
923 3762 969 3805 et
991 3752 1149 3806 simul
1192 3752 1485 3804 admonitio
1524 3752 1585 3805 de
1612 3751 1789 3820 officio
1817 3768 1932 3805 ma—

400 3824 634 3875 istratus.

362 3838 634 3890 gistratus.

436 3892 538 3944 154
565 3892 861 3960 Increpatio
891 3891 1118 3945 hominis
1158 3890 1442 3959 desperati.

433 3960 538 4014 155
564 3961 879 4031 ijurgatio
904 3962 1128 4014 hominis
1149 3960 1454 4031 libidinosi.

439 4031 541 4083 156
574 4028 803 4082 Habitus
858 4029 1205 4098 sacerdotalis
1254 4029 1379 4098 quid
1430 4031 1657 4082 denotet.
1714 4028 1934 4096 Quoque

366 4100 613 4151 sacerdos
667 4110 848 4167 typum
892 4097 1280 4167 geratiChristi
1326 4098 1556 4161 Domini,
1601 4100 1705 4153 veri
1745 4115 1931 4167 supre-

367 4170 539 4236 mique
561 4166 844 4236 Pastoris.
896 4169 997 4221 Adi
1039 4166 1200 4222 Joan.
1256 4168 1509 4236 Stephan.
1546 4166 1818 4222 Duratum'
1860 4168 1934 4221 De

366 4234 511 4289 riti'b.
548 4234 798 4290 Ecclesia:
830 4238 1027 4290 cathol.

442 4307 542 4359 157
575 4307 877 4359 Absurdum
912 4316 989 4359 est
1028 4305 1247 4375 praemia
1286 4316 1334 4359 et
1363 4323 1584 4361 coronas
1616 4317 1785 4376 petere
1814 4317 1935 4360 ante

365 4376 580 4444 impleta
609 4376 845 4443 legitima
874 4378 1183 4428 certamina.

438 4447 539 4500 158
570 4444 749 4498 Patris
779 4456 828 4498 et
871 4444 1002 4514 Filii
1042 4461 1143 4497 non
1174 4453 1252 4497 est
1282 4462 1384 4498 una
1433 4461 1677 4514 persona,
1706 4446 1796 4499 sed
1826 4461 1931 4497 una

363 4516 611 4578 essentia,
636 4525 819 4568 contra
853 4513 1201 4568 Sabellianos.

438 4586 540 4640 159
570 4584 848 4653 Expositio
891 4585 1017 4635 dicti
1054 4582 1212 4654 I’auli
1234 4599 1252 4635 :
1291 4602 1310 4633 t
1345 4582 1466 4636 Non
1507 4585 1751 4654 rapinam
1786 4584 1932 4639 arbi-

366 4666 535 4707 tratus
558 4666 635 4708 est
680 4670 790 4709 esse
813 4671 868 4707 se
902 4654 1153 4723 a'qttalem
1189 4653 1315 4705 Deo.
1348 4672 1366 4703 ι

438 4724 539 4777 MO
574 4726 884 4777 Dehortatio
911 4721 1188 4792 a‘crapula
1232 4723 1458 4775 hominis
1493 4721 1611 4791 jant
1652 4723 1773 4776 cani
1807 4734 1856 4777 et
1879 4725 1934 4778 in

365 4796 597 4862 nequitia
624 4797 874 4848 veterani.

440 4866 537 4917 Hi
575 4864 852 4942 Hominem
877 4863 1035 4915 etiam
1063 4863 1427 4942 sinehumano
1464 4862 1657 4942 semine
1682 4865 1933 4918 exsistere

366 4947 516 4999 posse
544 4933 795 4999 probatur
813 4975 827 4997 ,
857 4942 1039 4985 contra
1074 4930 1358 4985 Judairam
1387 4931 1683 5000 perﬁdiam.

445 5001 545 5053 H2
578 5001 885 5069 Deprecatio
911 5018 1004 5069 pro
1028 5019 1173 5055 servo
1212 5001 1387 5055 alieno
1409 5041 1422 5065 ,
1457 5001 1548 5069 qui
1580 5000 1641 5053 ob
1681 5001 1931 5055 delictum

368 5070 633 5140 quoddam
653 5073 729 5142 ab
761 5073 889 5142 hero
911 5087 1004 5123 suo
1051 5072 1355 5142 aufugerat,
1383 5079 1442 5123 ut
1483 5072 1537 5122 in
1592 5072 1821 5140 gratiam
1852 5089 1933 5126 re-

368 5142 600 5206 cipiatur
627 5140 753 5191 data
782 5141 949 5192 venia.

442 5210 544 5264 145
569 5209 767 5279 Divina?
799 5209 1048 5276 mysteria
1095 5226 1213 5263 cum
1257 5208 1556 5263 hominibus
1598 5209 1776 5279 impiis
1828 5228 1932 5266 non

368 5278 824 5334 communicanda.

440 5351 544 5404 144
582 5346 897 5417 Objurgatio
922 5346 1168 5409 hominis,
1210 5349 1299 5417 qui
1349 5363 1381 5399 a
1418 5347 1503 5400 via
1545 5350 1733 5405 salutis
1780 5362 1930 5405 arcta

366 5423 436 5473 ad
479 5416 665 5473 latam
700 5417 1014 5487 perditionis
1062 5420 1202 5469 viam
1249 5416 1464 5485 deﬂexit
1510 5428 1665 5489 atque
1717 5423 1929 5475 exorbi-

367 5491 517 5543 tavit.

440 5557 542 5612 M5
573 5555 892 5631 objurgatio
924 5555 1037 5624 ejus
1064 5556 1153 5625 qui
1185 5556 1385 5611 ambitu
1412 5566 1459 5612 et
1490 5574 1637 5627 prece
1663 5563 1932 5631 pretioque

359 5626 436 5681 ad
466 5627 821 5682 sacerdotium
841 5626 1157 5696 obrepserat.

1470 230 2024 297 PROLEGOMENA
2063 238 2262 297 EDIT.
2296 238 2539 299 PARIS.

3493 239 3592 305 124

2102 347 2203 402 146
2256 346 2462 402 Solutio
2520 348 2863 418 qutestionis,
2930 364 3024 402 cur
3083 348 3334 419 Christus
3384 351 3593 419 leproso

2019 432 2170 537 qtaem
2210 420 2513 485 mandarat,
2546 419 2848 487 praceperit
2897 434 3085 472 munus
3115 418 3306 487 oferre
3342 418 3589 475 sacerdo-

2022 494 2060 537 tt
2102 502 2178 537 us.

2022 494 2178 540 tibus.

2093 564 2196 615 M7
2230 563 2339 618 Cur
2368 565 2610 620 Christus
2657 566 2963 635 prtedixerit
3019 566 3211 620 multos
3256 576 3499 622 venturos
3528 586 3591 622 es

2020 635 2279 701 gentibus,
2310 637 2398 703 qui
2424 652 2540 688 cum
2567 637 2888 703 patriarchis
2920 638 3244 690 recumbunt.

2094 712 2367 784 148‘Justi
2397 726 2442 767 et
2477 715 2644 784 iniqui
2685 715 2893 784 imperii
2938 714 3261 782 differentia.
3303 714 3591 784 Tyrannici

2021 782 2264 849 prtesidis
2293 782 2638 851 reprehensio.

2094 852 2195 904 M9
2222 852 2298 905 De
2328 853 2504 919 ofﬁcio
2536 853 2783 921 episcopi,
2814 868 2973 922 quam
3015 854 3242 906 arduum
3272 870 3335 907 ac
3368 854 3592 923 periculi

2021 918 2232 987 plenum
2256 918 2511 975 sustineat
2548 918 2757 975 munus.

2096 990 2199 1043 150
2232 989 2543 1061 Objurgatio
2586 990 2959 1045 monachorum
2990 1000 3204 1061 propter
3253 992 3592 1061 inhospitali-

2025 1068 2202 1209 (abigit.
2231 1129 2542 1210 ijurgatio
2588 1129 2716 1183 mali
2741 1141 2791 1183 et
2821 1130 2876 1184 in
2912 1145 3008 1183 suo
3047 1130 3226 1200 ofﬁcio
3282 1130 3589 1201 negligentis

2022 1214 2303 1321 ερῗὲἕρῢε
2328 1266 2386 1321 S.
2412 1265 2572 1324 Joan.
2603 1267 2975 1333 Chrysostomo
2998 1266 3212 1390 eiusque
3250 1270 3590 1323 adversariis.

2097 1336 2199 1389 155
2221 1336 2493 1390 Expositio
2522 1339 2650 1390 dicti
2682 1336 2876 1390 Christi
2910 1353 2929 1390 :
2957 1355 2975 1387 ι
3051 1353 3084 1390 n
3115 1339 3254 1390 viam
3276 1341 3508 1390 aentiunt
3533 1355 3590 1390 ne

2097 1336 2493 1418 t5§qi£xpositio
2522 1339 2650 1390 dicti
2682 1336 2876 1393 Christi
2910 1353 2929 1392 :
2957 1355 2975 1387 t
3016 1336 3084 1390 In
3115 1336 3254 1392 viam
3276 1341 3508 1410 gentium
3533 1355 3594 1391 ne

2096 1422 2108 1456 t
2270 1448 2281 1459 .

2025 1405 2526 1530 abtegitbidbtonitio
2553 1476 2617 1530 de
2658 1476 2982 1544 poenitentia,
3015 1486 3064 1531 et
3094 1479 3219 1531 vita!
3252 1478 3591 1532 correctione.

2098 1553 2518 1628 155_Monachus
2549 1555 3055 1628 nequeipsejurare,
3076 1572 3237 1625 neque
3254 1556 3317 1610 ab
3345 1557 3469 1612 aliis
3483 1558 3597 1628 jus-

2017 1622 2310 1691 jurandum
2335 1627 2539 1695 exigere
2562 1622 2726 1679 debet.

2098 1700 2200 1775 156
2250 1700 2556 1775 sacerdotii
2585 1705 2818 1775 dignitas
2860 1714 2910 1758 et
2954 1704 3208 1773 majestas
3255 1715 3456 1775 quanta
3504 1706 3593 1769 sit,

2027 1771 2252 1840 quinque
2278 1772 2427 1827 libris
2461 1790 2492 1826 a
2522 1771 2682 1826 Joan.
2706 1772 2975 1842 Chrysost.
3003 1771 3299 1840 expositum
3331 1784 3428 1829 est.

2100 1849 2201 1922 157
2235 1850 2537 1922 Admonitio
2573 1853 2636 1904 de
2687 1852 2866 1921 ofﬁcio
2926 1853 3285 1907 archidiaconi
3328 1870 3391 1907 ne
3434 1856 3596 1922 ﬂuxis

2028 1919 2212 1989 opibus
2244 1921 2466 1989 adjiciat
2496 1919 2748 1975 animum.

2101 1988 2205 2043 158
2232 1987 2578 2057 Reprehensio
2616 1992 2839 2057 improbi
2864 2001 2912 2044 et
2940 1990 3234 2047 Simoniaci
3278 1994 3596 2047 sacerdotis.

2101 2059 2223 2131 159
2249 2058 2520 2129 Evangelii
2553 2062 2914 2130 prtedicationi
2961 2062 3169 2127 nullum
3213 2063 3396 2131 afferri
3446 2063 3597 2117 debet

2029 2128 2479 2197 impedimentum.

2030 2266 2050 2318 Ι
2102 2197 2579 2319 ,ϐοιιααάαείο
2614 2200 2709 2254 viri
2730 2201 2899 2270 probi,
2945 2211 2992 2254 et
3023 2203 3089 2254 ad
3124 2204 3482 2256 constantiam
3512 2218 3602 2255 ca-

2047 2283 2126 2319 tor
2154 2285 2183 2319 a
2212 2285 2280 2319 to.

2047 2283 2280 2321 ιονιαιιο.

2106 2336 2199 2392 161
2239 2337 2581 2410 Collaudatio
2610 2338 2731 2393 bene
2753 2340 3055 2405 scribentis,
3075 2349 3126 2393 et
3159 2342 3228 2394 ad
3258 2354 3602 2410 perseveran-

2034 2408 2164 2459 tiam
2190 2409 2500 2463 cohortatio.

2105 2486 2207 2539 162
2238 2486 2377 2551 Quid
2404 2488 2703 2556 requiratur
2731 2488 2799 2539 ad
2827 2486 3226 2555 perfectionem.

2107 2557 2209 2608 165
2242 2556 2363 2609 Non
2396 2558 2527 2611 satis
2556 2569 2633 2612 est
2684 2558 2807 2610 bene
2837 2559 2999 2627 loqui,
3033 2559 3123 2612 sed
3160 2558 3284 2612 bene
3326 2560 3488 2612 etiam
3527 2560 3605 2611 vi-

2032 2641 2146 2679 vere
2171 2636 2392 2694 oportet.

2107 2695 2206 2749 164
2243 2696 2313 2748 De
2343 2695 2573 2748 cavenda
2596 2696 2856 2764 superbia.

2110 2765 2209 2817 165
2251 2765 2592 2819 Collaudatio
2632 2766 2752 2818 boni
2796 2765 3157 2834 magistratus,
3208 2777 3258 2819 et
3308 2768 3605 2821 ccelestium

1964 2852 1971 2857 ‘
2036 2845 2192 2903 atque
2217 2845 2532 2888 teternorum
2556 2837 2892 2903 prwmiorum
2924 2837 3282 2903 repromissio.

2107 2914 2208 2967 166
2241 2912 2552 2983 Objurgatio
2582 2921 2630 2965 et
2664 2913 2954 2966 admonitio
2994 2914 3244 2967 obstinati
3285 2916 3610 2983 peccatoris.

2035 2992 2093 3036 ut
2120 2983 2412 3051 resipiscat.

2105 3051 2207 3104 167
2248 3052 2563 3122 Ubjurgatio
2600 3052 2821 3105 hominis
2852 3054 3161 3106 eontentiosi
3197 3061 3245 3105 et
3282 3053 3472 3105 rixosi.
3505 3053 3608 3117 Qui

2035 3123 2221 3190 pugnis
2270 3124 2457 3191 gaudet
2496 3131 2545 3176 et
2578 3123 2696 3174 odio
2720 3138 2829 3175 esse
2851 3124 3044 3189 studet,
3079 3124 3266 3175 merito
3286 3122 3495 3175 dtemon
3530 3133 3609 3176 est

2030 3193 2314 3246 vocandus.

2102 3260 2202 3331 168
2232 3260 2473 3314 Christus
2502 3262 2624 3314 vitis
2651 3270 2729 3313 est
2751 3278 2773 3325 ;
2798 3262 3011 3331 ejusque
3039 3261 3285 3314 doctrina
3308 3262 3487 3314 vinum
3513 3261 3612 3316 lte-

2033 3328 2245 3396 ti/icans
2278 3331 2439 3382 corda
2468 3331 2759 3383 hominum.

2102 3400 2207 3453 169
2239 3400 2475 3468 Apostoli
2530 3410 2699 3453 musto
2740 3399 2917 3467 pleni;
2965 3400 3201 3453 hteretici
3244 3412 3302 3453 ut
3347 3416 3612 3468 caupones

2031 3469 2247 3538 quidam
2267 3470 2587 3538 adulterant
2624 3470 2802 3522 vinum
2830 3470 3053 3521 caelestis
3093 3471 3353 3523 veritatis.

2104 3538 2207 3592 170
2244 3537 2569 3591 Gravissima
2619 3539 2907 3606 increpatio
2956 3540 3109 3607 impii
3159 3539 3474 3603 sacerdotis,
3520 3541 3615 3608 qui

2034 3620 2204 3661 tamen
2233 3625 2265 3660 a
2291 3625 2563 3661 sacrorum
2592 3610 2905 3661 tractatione
2927 3625 3031 3661 non
3067 3611 3316 3665 abstinet.

2110 3677 2204 3730 171
2238 3678 2560 3750 Admonitio,
2594 3688 2652 3731 ut
2672 3677 2866 3746 fratres
2887 3679 3199 3733 dissidentes
3222 3680 3279 3732 in
3300 3681 3539 3750 gratiam
3562 3692 3613 3735 et

2032 3747 2370 3801 concordiam
2402 3749 2633 3801 redeant.

2105 3818 2207 3870 172
2242 3818 2508 3883 Quantum
2530 3819 2665 3871 inter
2679 3815 2950 3870 divitemet
2978 3815 3249 3871 Lazarum
3278 3817 3444 3887 fuerit
3482 3820 3613 3875 dis-

2033 3902 2250 3940 crimen.

2108 3956 2207 4008 175
2232 3955 2544 4025 Objurgatio
2561 3955 2784 4027 hominis
2802 3956 3151 4010 inconstantis
3171 3966 3221 4011 et
3246 3957 3442 4027 gulosi,
3472 3959 3613 4015 alios

2033 4030 2271 4095 exemplo
2298 4042 2392 4077 suo
2425 4026 2829 4095 corrumpentis.

2110 4095 2208 4147 174
2236 4093 2551 4167 Objurgatio
2586 4093 2813 4167 crudelis
2855 4094 3113 4167 praefecti,
3144 4098 3236 4166 qui
3276 4098 3379 4151 reis
3423 4099 3611 4167 perfu-

2033 4166 2177 4233 gium
2214 4165 2281 4215 ad
2309 4164 2579 4217 ecclesiam
2599 4205 2616 4233 ,
2646 4165 2827 4231 suique
2865 4164 3179 4232 defendendi
3209 4164 3432 4237 c0piam‘
3451 4164 3613 4221 dene-

2071 4241 2210 4285 arat.

2034 4250 2213 4355 gmth
2246 4299 2443 4375 Siquis
2476 4301 2597 4375 talis
2629 4303 2736 4355 dici
2769 4304 3146 4366 recusat,talia
3173 4320 3237 4358 ne
3264 4305 3456 4375 faciat.
3482 4308 3614 4363 Ser-

2036 4387 2213 4443 mones
2242 4373 2380 4443 enim
2425 4373 2574 4443 rebus
2608 4382 2728 4443 sunt
2759 4383 3143 4443 consequentes.

2111 4441 2213 4517 176
2239 4440 2540 4493 Admonitio
2569 4440 2932 4505 subditorum,
2955 4452 3009 4495 ut
3035 4444 3134 4497 sibi
3161 4443 3225 4497 ab
3268 4445 3450 4516 iniquo
3470 4464 3615 4517 pra-

2038 4511 2150 4564 side
2178 4526 2273 4563 suo
2303 4519 2539 4562 caveant.

2112 4580 2221 4652 177
2241 4577 2634 4647 Corruptissimi
2661 4589 2831 4635 status
2850 4580 3193 4636 ecclesiastici
3207 4591 3255 4636 et
3282 4584 3491 4652 politici
3518 4589 3615 4643 de-

2039 4649 2277 4703 scriptio.

2107 4663 2555 4793 Z'gé'oimploratio
2579 4720 2768 4793 auxilii
2803 4732 3002 4793 contra;
3022 4721 3278 4793 injustum
3306 4726 3609 4791 praesident.

2093 4788 2211 4847 ,179
2244 4786 2586 4853 Reprehensio
2612 4789 2784 4843 vidute
2824 4786 3094 4845 luxuriose
3122 4786 3356 4847 viventis.

2106 4858 2208 4933 1__80
2250 4856 2573 4933 Admonitio,
2622 4866 2678 4910 ut
2727 4875 2829 4933 non
2879 4870 2989 4933 tam
3036 4863 3202 4933 verbis
3249 4880 3405 4933 quam
3449 4866 3611 4933 factis

2037 4926 2478 5003 philosophemur,
2522 4943 2645 5003 neve
2697 4929 2860 5003 simus
2906 4928 3139 4986 homines
3189 4926 3382 5002 ignava
3426 4926 3612 5003 opera,

2038 4996 2395 5071 philosophica
2426 4997 2701 5063 sententia,
2730 4999 2878 5071 quia‘
2900 5014 3091 5071 parum
3128 4996 3423 5071 est'lingua
3459 4996 3614 5058 'dun;

2040 5075 2187 5119 taxat
2215 5065 2481 5118 eruditum
2509 5082 2650 5133 esse,
2694 5065 2795 5119 nan
2828 5065 2934 5120 vita
2960 5077 3009 5121 et
3045 5070 3204 5138 factis
3247 5065 3609 5128 emendatum.

2105 5145 2197 5200 181
2234 5142 2310 5216 _D_e
2341 5146 2631 5211 severitate,
2674 5162 2777 5216 qua
2818 5145 3022 5216 Moyses
3066 5149 3122 5202 in
3170 5152 3443 5205 Aehanum
3479 5151 3613 5208 Sab-

2039 5215 2151 5268 bati
2195 5212 2536 5279 violatorem,
2581 5227 2629 5268 et
2685 5212 2880 5269 Petrus
2909 5212 3191 5285 apostolus
3241 5221 3299 5273 in
3340 5222 3612 5277 Ananiam

2038 5285 2491 5354 ejusque_uxorem
2522 5285 2802 5354 Saphiram
2848 5287 2930 5338 usi
2964 5299 3107 5341 sunt.

2112 5352 2651 5430 'De_m_argaritte
2671 5364 2895 5430 temptare
2924 5357 2974 5407 in
3002 5358 3611 5430 parabola_evangelica,

2036 5425 2174 5493 quod
2198 5420 2333 5496 Novi
2368 5420 2683 5477 Testamenti
2711 5423 2922 5478 denotat
2949 5420 3223 5496 populum,
3242 5420 3447 5484 Christi
3476 5420 3613 5487 verte

2038 5494 2341 5561 margaritae
2364 5501 2690 5547 sectatorem.
2956 5514 2959 5517 ν

2112 5562 2369 5684 18ἑῦιγὲια
2401 5562 2629 5615 humana
2674 5578 2817 5617 mare
2862 5574 2979 5631 est;
3009 5565 3121 5635 ejus
3172 5568 3613 5639 tranquillatores

2112 5648 2166 5684 os
2196 5649 2223 5684 ο
2250 5647 2289 5684 t.
3524 5648 3535 5667 ’-

2040 5643 2289 5701 apostott.
3524 5648 3535 5667 ’-
