3890 6134
256 216 358 280 125

317 321 433 385 181
453 329 759 401 Admonitio
789 328 1015 401 hominis
1038 328 1209 399 impii,
1239 338 1297 383 ut
1326 332 1619 401 resipiscat,
1651 334 1697 389 si
1723 351 1825 388 non

254 398 375 464 Dei,
404 400 591 452 saltem
622 400 863 467 infamia:
892 408 1049 452 metu.

324 470 433 524 185
465 469 777 537 Objurgatio
811 469 987 522 vitiosi
1018 469 1265 538 episcopi.

324 541 431 593 186
461 539 769 594 Cohortatio
814 539 883 591 ad
934 538 1305 593 liberalitatem
1353 541 1465 594 sine
1515 540 1826 593 curiositate

253 611 621 666 exercendam.
1125 640 1131 649 -

329 680 433 734 187
464 678 543 732 0b
582 677 913 731 sacerdotum
953 677 1349 749 improbitatem
1399 689 1553 749 atque
1602 678 1826 749 abusum

253 765 433 803 rerum
458 749 754 801 divinarum
783 763 886 800 non
928 747 1170 801 debemus
1192 750 1442 803 exercitia
1469 747 1824 802 liberalitatis

252 821 518 873 omittere.

322 888 429 941 188
457 885 531 940 De
560 896 792 940 extremo
810 882 1037 953 judicio,
1061 886 1199 953 quod
1226 887 1340 952 eius
1371 897 1602 956 respectu
1634 886 1825 941 debea-

249 975 368 1012 mus
396 973 490 1009 nos
515 960 582 1009 ad
613 957 839 1008 rationes
862 956 979 1026 uita:
1010 966 1202 1009 nostra
1230 956 1336 1011 Deo
1376 957 1664 1012 reddendas
1686 973 1825 1026 prte-

251 1044 466 1096 parare,
504 1043 596 1096 nec
623 1024 1174 1096 poenitentiamnimis
1203 1026 1292 1079 diu
1317 1027 1598 1093 protelare.

323 1096 430 1149 189
469 1094 769 1164 Martyrum
805 1109 950 1145 verus
990 1093 1155 1146 honor
1191 1105 1240 1146 et
1287 1097 1457 1149 cultus
1504 1116 1605 1151 non
1640 1109 1747 1154 tam
1769 1100 1859 1159 in.

252 1166 609 1219 oblationibus
653 1178 949 1227 munerum,
977 1180 1135 1227 quam
1182 1165 1234 1217 in
1265 1182 1468 1220 morum
1522 1171 1825 1223 imitatione

253 1237 517 1289 consistit.

319 1305 428 1358 190
463 1302 861 1357 Commendatio
897 1302 1031 1354 servi
1057 1300 1299 1372 fugitivi,
1330 1314 1445 1358 uta
1485 1308 1695 1361 domino
1729 1323 1823 1361 suo

252 1376 306 1427 in
333 1375 569 1440 gratiam
594 1374 896 1440 recipiatur.

356 1444 421 1497 91
455 1439 772 1511 Imploratio
810 1439 1001 1492 auxilii
1047 1451 1230 1495 contra
1263 1442 1521 1496 tumultus
1552 1444 1606 1497 in
1631 1446 1821 1499 solitu-

252 1514 372 1567 dine
397 1515 679 1566 excitatos.

326 1582 429 1636 192
467 1581 836 1653 Supplantatio
879 1578 1025 1633 Esau
1056 1599 1088 1635 a
1119 1579 1318 1634 Jacobo
1360 1581 1504 1650 facta
1526 1582 1653 1653 quid
1683 1584 1820 1638 alle-

254 1653 428 1723 gorice
450 1652 726 1723 signiﬁcet.

323 1721 429 1774 195
458 1720 689 1773 Iacobus
730 1722 949 1775 htedinis
988 1720 1209 1789 pellibus
1243 1730 1509 1774 contectus
1550 1722 1820 1776 Christum

254 1792 630 1861 prteﬁgurarit.
667 1792 897 1844 humana
915 1806 1071 1844 carne
1102 1790 1302 1861 peccati
1330 1794 1819 1859 experteindutum,

255 1862 343 1931 qui
366 1862 511 1931 patri
539 1869 748 1927 gratum
777 1862 944 1913 cibum
973 1862 1180 1913 obtulit.

322 1930 445 1983 194.
481 1930 611 1995 Quae
640 1931 708 1983 sit
740 1947 905 1983 causa
948 1931 1277 1985 zizaniorum
1311 1932 1414 1985 sive
1448 1931 1707 1985 malarum
1734 1949 1824 1985 co-

253 2000 568 2070 gitationum
602 2002 653 2070 in
687 2002 841 2053 corde
859 2001 1082 2053 hominis
1120 2002 1499 2055 assistentium.

324 2071 425 2125 195
458 2070 568 2125 Cur
603 2069 740 2123 Deus
775 2072 962 2139 impios
995 2086 1099 2122 non
1141 2073 1322 2125 statim
1360 2071 1543 2140 perdat
1570 2080 1617 2123 et
1642 2073 1819 2124 eradi-

253 2150 349 2204 cet,
385 2150 435 2193 et
464 2140 602 2209 quod
635 2142 807 2208 angeli
832 2141 1013 2209 futura
1037 2141 1295 2208 ignorent.

324 2211 426 2264 196
470 2210 549 2261 De
580 2210 729 2263 rebus
754 2211 819 2263 ab
847 2210 1135 2279 Egyptiis,
1169 2228 1258 2279 per
1297 2209 1572 2264 lsraelitas
1606 2209 1819 2264 ablatis.

322 2280 423 2333 197
460 2279 757 2333 Ostentatio
779 2282 835 2332 in
870 2290 1004 2332 recte
1032 2279 1189 2347 factis
1218 2280 1431 2334 ritanda
1451 2290 1549 2334 est.

320 2350 424 2403 198
451 2349 559 2403 Cur
576 2348 949 2419 Egyptiorum
974 2365 1143 2402 mares
1171 2351 1225 2402 in
1249 2351 1382 2403 mari
1404 2352 1661 2403 submersi
1679 2351 1815 2403 sint:

252 2434 430 2487 nempe
457 2429 514 2489 ut
538 2420 647 2471 ha’c
676 2436 827 2487 paena
848 2430 981 2472 esset
1023 2420 1257 2485 talionis,
1286 2420 1423 2489 quod
1452 2430 1500 2473 et
1534 2421 1633 2488 ipsi
1664 2431 1820 2472 antea

255 2505 421 2542 mares
451 2487 820 2541 Israelitarum
852 2488 1184 2541 occidissent.

324 2559 423 2613 199
451 2558 527 2612 De
549 2560 940 2628 comparatione
970 2559 1114 2627 regni
1143 2558 1389 2612 caelorum
1410 2575 1527 2611 cum
1556 2575 1720 2627 grano
1752 2559 1821 2611 si-

255 2644 400 2681 παυιε
410 2670 423 2681 .

458 2697 531 2751 De
559 2697 673 2751 loco
706 2698 968 2766 prOpheta:
992 2697 1272 2751 Malae/tia:
1302 2714 1361 2763 ll,
1418 2699 1506 2761 15,
1560 2709 1615 2750 ut
1675 2699 1821 2750 acci-

250 2769 467 2836 piendus
493 2769 584 2820 sit.

316 2838 416 2891 201
454 2837 686 2905 Regnum
719 2835 812 2889 Dei
838 2835 1006 2888 simile
1030 2836 1302 2904 fermento.

316 2908 424 2960 202
464 2908 772 2961 Admonitio
813 2908 879 2977 de
916 2906 1292 2969 intempestivis
1328 2916 1485 2977 atque
1519 2908 1815 2961 immodicis

252 2976 623 3041 discipulorum
651 2976 895 3028 laudibus
924 2977 1167 3032 vitandis.

323 3046 426 3101 205
468 3046 773 3099 Dehortatio
804 3048 866 3095 ab
892 3047 1160 3098 ebrietate.

322 3117 426 3168 204
452 3114 685 3184 Regnum
720 3115 814 3184 Dei
853 3129 969 3165 cum
1000 3132 1195 3181 sagena
1218 3129 1603 3183 comparatum.

322 3184 426 3240 205
456 3183 694 3256 Regnum
730 3183 827 3256 Dei
857 3200 1059 3251 sagente
1085 3186 1281 3238 simile.

319 3256 423 3308 206
446 3254 756 3308 De'statere
784 3254 836 3305 in
867 3269 953 3305 ore
973 3256 1132 3322 piscis
1162 3269 1358 3321 reperto
1382 3272 1412 3307 a
1446 3255 1622 3319 Petro,
1640 3265 1689 3309 et
1722 3272 1821 3325 pro

257 3324 461 3379 Christo
490 3327 736 3393 depenso.

324 3396 423 3447 207
459 3393 773 3447 Similitudo
798 3409 1099 3461 puerorum,
1131 3395 1199 3448 ad
1245 3410 1402 3464 quam
1442 3394 1681 3449 Christus
1728 3412 1821 3450 nos

261 3474 421 3525 vocat,
450 3480 555 3533 qua
586 3466 642 3514 in
663 3480 717 3515 re
745 3466 1015 3517 consistat.

323 3535 427 3587 208
450 3534 756 3603 Admonitio
780 3534 841 3586 de
871 3535 1034 3602 ofﬁcio
1063 3536 1426 3603 magistratus.

325 3604 429 3656 209
471 3602 539 3656 Ut
572 3604 773 3655 malum
794 3614 869 3658 est
899 3621 932 3655 a
958 3602 1189 3668 diabolo,
1219 3605 1293 3658 sic
1324 3604 1513 3657 bonum
1543 3621 1692 3658 omne
1718 3605 1822 3659 Deo

264 3684 523 3740 «ereptum
556 3674 693 3740 ferre
722 3672 985 3726 debemus.

324 3743 429 3796 210
458 3742 758 3809 Allegorica
782 3744 1041 3811 expositio
1075 3743 1274 3812 aliquot
1315 3745 1573 3797 dictorum
1624 3745 1823 3799 Christi

262 3814 313 3865 in
340 3814 589 3865 vaticinia
624 3814 688 3864 de
714 3823 945 3865 extremo
976 3813 1059 3864 die
1084 3815 1431 3880 prolatorum.

324 3883 425 3936 211
458 3881 725 3952 Quidnam
774 3883 1068 3951 signiﬁcent
1110 3882 1386 3950 allegorice
1423 3893 1746 3952 prcegnantes
1775 3892 1823 3937 et

261 3952 534 4020 lactantes,
558 3951 745 4020 quibus
768 3968 843 4005 ea:
868 3969 898 4003 a
928 3952 1141 4006 Christo
1164 3952 1525 4005 denuntiatur.

318 4021 429 4104 212
462 4018 699 4073 Ρναὲηιὶα
721 4033 855 4074 recte
874 4021 1138 4091 factorum
1177 4022 1233 4074 in
1261 4024 1426 4076 sacris
1461 4021 1675 4075 Litteris
1701 4039 1824 4091 pro-

264 4108 442 4146 missa.

324 4162 431 4216 215
487 4159 736 4214 Morietur
782 4160 995 4223 viduus,
1034 4170 1089 4212 ut
1135 4160 1236 4212 sibi
1276 4177 1307 4212 a
1343 4160 1581 4213 secundis
1629 4162 1824 4231 nuptiis

263 4240 457 4291 careat,
487 4241 537 4284 et
565 4232 912 4282 monasticam
940 4232 1114 4298 potius
1148 4232 1309 4282 vitam
1332 4231 1701 4298 amplectatur.

322 4302 428 4355 2M
457 4299 700 4365 Imperiti
742 4302 805 4352 de
854 4299 1003 4352 rebus
1053 4300 1245 4352 divinis
1292 4300 1562 4367 disputare
1590 4316 1692 4352 non
1732 4300 1825 4353 de-

271 4369 402 4433 bent,
427 4387 489 4423 ne
519 4370 704 4437 religio
725 4370 780 4420 in
799 4379 1147 4437 contemptum
1180 4385 1270 4436 per
1299 4385 1383 4420 eos
1414 4371 1731 4423 adducatur.

333 4440 438 4493 2l5
464 4440 771 4493 Admonitio
802 4441 948 4492 avari
990 4440 1237 4508 episcopi,
1271 4448 1328 4491 ut
1360 4439 1731 4493 liberalitatem
1774 4441 1828 4493 in

268 4524 515 4577 pauperes
544 4516 802 4561 exerceat.

298 4578 752 4702 b2116dﬂespondet
789 4578 836 4631 ei
865 4579 957 4648 qui
989 4578 1233 4645 petierat,
1283 4578 1517 4631 tunicam
1550 4577 1650 4631 sibi
1692 4578 1832 4631 mitti

387 4667 431 4702 si
477 4665 592 4701 oro.

264 4650 323 4701 ab
355 4650 592 4703 Isidoro.

325 4719 428 4773 217
455 4717 767 4772 Gratiarum
797 4718 937 4770 actio
966 4732 1060 4783 pro
1095 4717 1318 4769 vestibus
1353 4718 1585 4769 donatis.

328 4788 430 4843 218
486 4786 729 4851 Quatuor
777 4803 985 4841 summa
1027 4787 1248 4855 imperia
1282 4786 1485 4839 Danieli
1545 4788 1601 4839 in
1636 4787 1834 4840 visione

272 4872 463 4912 ostensa
473 4898 487 4911 .

269 4928 429 5051 ⁸⁸2119
461 4926 538 4981 De
560 4943 697 4997 agno
714 4925 974 4994 paschali,
1008 4942 1101 4977 cur
1133 4923 1313 4978 Juda'i
1342 4926 1458 4995 igne
1490 4943 1669 4979 assum
1695 4942 1834 4979 cons-

379 5008 493 5051 unt.

379 5008 493 5051 unt.

332 5068 431 5122 220
459 5067 762 5119 Admonitio
796 5065 859 5118 de
885 5064 1049 5133 officio
1081 5065 1338 5118 monachi.

330 5138 425 5191 221
461 5135 604 5201 Quid
624 5138 714 5198 sit,
751 5150 843 5202 pro
876 5135 1110 5204 mortuis
1126 5132 1407 5197 baptizari.
1443 5132 1718 5204 Expositio
1747 5135 1831 5187 di-

272 5208 337 5260 cti
369 5207 611 5267 Paulini,
636 5205 664 5258 I
695 5204 1051 5267 Corinth.xv,
1087 5202 1179 5256 29.

332 5277 439 5330 222
472 5274 551 5329 De
571 5276 781 5343 judicio
811 5274 867 5325 in
888 5276 1026 5327 vivos
1052 5283 1101 5325 et
1127 5284 1358 5326 mortuos
1389 5275 1691 5328 exercendo.
1722 5274 1831 5328 Viri

273 5356 316 5398 et
342 5347 536 5399 mortui
571 5342 745 5397 tribus
774 5342 941 5413 modis
968 5343 1153 5413 accipi
1204 5353 1440 5412 possunt.
1486 5344 1679 5413 Confer
1715 5345 1833 5397 Me-

276 5417 482 5469 thodum
509 5418 567 5468 in
598 5412 923 5467 Bibliotheca
953 5412 1150 5475 Photii,
1183 5430 1302 5482 pag.
1321 5413 1445 5469 495.

334 5486 440 5539 225
470 5483 777 5551 Increpatio
807 5483 1072 5535 hominum
1093 5482 1505 5549 deploratorum.

336 5556 441 5609 224
468 5554 929 5625 Comalescenset
957 5553 1010 5605 in
1033 5553 1139 5625 vita
1160 5553 1361 5625 diutius
1398 5570 1605 5611 manere
1621 5555 1828 5625 jussus,

276 5627 397 5692 petit
424 5640 478 5681 se
510 5626 671 5680 amici
703 5621 943 5693 precibus
967 5624 1033 5677 ad
1061 5621 1224 5677 Deum
1244 5623 1441 5693 jurari.

1385 223 1944 287 PROLEGOMENA
1982 228 2182 288 EDIT.
2227 230 2469 290 PARIS.

2002 336 2109 391 225
2138 336 2439 392 Cratulatio
2470 339 2811 407 magistratus
2840 342 2949 393 viro
2977 338 3108 393 bono
3141 338 3325 396 delati.

2002 407 2108 459 226
2139 408 2275 461 Boni
2294 408 2534 475 praetoris
2565 410 2964 462 commendatio.

1998 476 2432 550 Increpatio
2483 477 2753 550 insolentis
2803 490 2965 550 atque
3005 478 3131 532 elati
3168 479 3487 550 philosophi,

1928 546 2018 614 qui
2045 548 2248 599 Christi
2280 548 2437 615 ﬁdem
2474 546 2645 615 fuerat
2670 546 2961 615 amplexus.

1995 614 2101 668 228
2133 614 2470 669 Eucharistia
2496 632 2656 683 quare
2678 614 2888 669 dicatur
2915 617 3242 672 Communio.

1994 685 2100 738 229
2138 685 2342 739 Salutio
2384 686 2708 757 qtttestionis,
2763 703 2858 739 cur
2899 703 2999 740 non
3049 688 3247 757 qumvis
3291 688 3489 741 oblatio

1925 768 2199 807 munerum
2224 757 2388 820 prosit
2419 755 2680 821 offerenti.

1995 824 2100 894 250
2124 822 2279 894 Caini
2309 824 2505 894 oblatio
2531 840 2624 875 cur
2661 824 2763 878 Deo
2791 824 2948 892 fuerit
2979 826 3215 894 ingrata.

1994 891 2092 947 251
2138 891 2447 962 Objurgatio
2480 893 2703 946 hominis
2728 896 3012 957 temerarii,
3036 891 3082 947 ct
3112 896 3179 947 ad
3214 895 3483 948 meliorem

1924 960 2125 1029 frugem
2156 960 2429 1017 revocatio.

1993 1030 2098 1101 252
2132 1031 2433 1101 ᾼόηιοηὶιὶο
2459 1033 2522 1085 de
2545 1033 2720 1101 ofﬁcio
2750 1032 3087 1087 sacerdotali.

1993 1100 2100 1171 255
2132 1100 2441 1171 Objurgatio
2464 1100 2686 1154 hominis
2715 1102 2943 1155 crudelis
2981 1112 3029 1155 et
3060 1103 3414 1171 sanguinarii.

2122 1169 2435 1241 ijurgatio
2460 1172 2683 1224 hominis
2713 1172 3001 1224 libidinosi.

1993 1238 2099 1292 255
2137 1238 2376 1293 ΡΛνῖάε
2405 1240 2613 1293 Christo
2644 1241 2899 1307 confessio
2937 1250 3011 1294 est
3044 1240 3183 1293 basis
3214 1249 3260 1293 et
3291 1240 3485 1309 funda-

1924 1319 2150 1360 mentum
2182 1310 2447 1363 Ecclesia'.

1991 1378 2095 1431 256
2128 1378 2262 1432 Unio
2319 1385 2542 1433 duarum
2597 1388 2909 1432 naturarum
2959 1380 3014 1433 in

1923 1448 2245 1515 confessione
2271 1450 2659 1516 comprehensa.

1992 1518 2095 1570 257
2134 1518 2332 1571 Invidis
2361 1529 2551 1586 parata
2582 1518 2841 1588 supplicia
2866 1528 2914 1571 et
2949 1518 3003 1570 in
3024 1518 3119 1569 hac
3147 1526 3195 1571 et
3223 1519 3278 1570 in
3313 1516 3485 1571 altera

1923 1586 2051 1640 vita.

1991 1655 2095 1710 258
2128 1654 2375 1710 Ecclesiae
2404 1668 2649 1725 perpetua
2676 1656 3019 1709 conservatio.

1992 1725 2098 1778 259
2132 1726 2205 1778 De
2230 1726 2426 1779 Christi
2464 1728 2513 1777 in
2544 1740 2716 1778 monte
2748 1726 3233 1793 tratisﬁguratione.

1992 1794 2328 1863 2401mpios
2377 1797 2467 1848 diu
2508 1795 2694 1847 tolerat
2740 1795 2877 1847 Deus
2910 1795 2977 1846 ad
3014 1794 3372 1863 penitentiam
3400 1808 3485 1846 eos

1922 1865 2178 1933 patientig
2196 1881 2291 1917 sua
2325 1876 2628 1933 exspectans
2657 1874 2704 1917 et
2731 1866 2980 1933 invitans.

1992 1934 2090 1986 2M
2124 1932 2294 1986 Filius
2325 1932 2729 1987 Deicoteternus
2761 1932 2935 1996 Patri,
2957 1942 3142 1985 contra
3167 1933 3414 1986 Arianos.

1924 2072 1954 2140 r
2132 2003 2206 2056 De
2238 2006 2419 2057 haeresi
2450 2003 2707 2068 Montani,
2736 2019 2891 2072 quant
2913 2002 3051 2070 foeda
3069 2020 3131 2056 ac
3163 2000 3488 2056 detestabilis

1951 2088 2061 2125 ueri
2092 2112 2104 2125 .

1951 2073 2104 2125 uerit.

1993 2142 2098 2194 245
2130 2140 2416 2194 Montanus
2440 2142 2665 2194 moechus
2690 2141 3103 2210 manifestarius,
3130 2140 3315 2209 dignus
3342 2138 3488 2193 scili-

1925 2221 2003 2264 cet
2031 2210 2240 2263 Iiabitus
2259 2252 2273 2273 ,
2302 2211 2450 2279 cujus
2492 2212 2735 2279 beneficio
2779 2210 3010 2279 Spiritus
3044 2221 3258 2264 sanctus
3284 2220 3488 2263 morta-

1921 2282 2052 2333 lium
2087 2283 2258 2349 generi
2294 2281 2636 2347 conferretur.

1992 2350 2097 2402 2H
2130 2350 2249 2403 Non
2277 2352 2493 2419 quadris
2511 2350 2777 2418 jejunium
2800 2350 3029 2419 prodest.

1989 2420 2096 2473 215
2134 2417 2747 2489 ΜαηίὲΙιωονιιιὶίῙυπια
2795 2435 2912 2471 cum
2954 2417 3296 2473 Montanistis
3348 2420 3488 2470 dete-

1923 2491 2107 2544 statio.

1990 2559 2095 2611 216
2124 2559 2407 2613 Detestatio
2429 2560 2687 2613 Inereseon
2717 2559 2833 2612 Arii
2860 2567 2908 2613 et
2936 2555 3202 2612 Eunomii.

1996 2630 2100 2682 247
2137 2628 2333 2682 Contra
2366 2630 2603 2682 hceresim
2634 2628 2875 2683 Sabellii.

1989 2697 2095 2752 248
2120 2698 2324 2753 Salutio
2361 2700 2665 2767 quaestionis
2698 2699 2761 2751 de
2788 2700 2985 2752 oriente
3018 2706 3067 2752 et
3104 2713 3316 2749 occasu.

1962 2767 2096 2847 .249
2136 2767 2293 2823 Calix
2326 2763 2655 2837 afflictionem
2688 2768 2952 2837 signiﬁcat
3004 2770 3058 2821 in
3104 2767 3273 2820 sacris
3317 2763 3488 2818 Litte-

1927 2854 2023 2891 τις.

1928 2976 1956 3029 b
1995 2906 2100 2961 250
2134 2906 2360 2972 Querela
2407 2907 2470 2960 tle
2515 2906 2823 2974 corruptelis
2852 2908 2905 2959 in
2939 2907 3175 2961 Ecclesia
3196 2903 3489 2975 grassanti-

1963 2994 2041 3029 us.

1963 2994 2041 3030 με.

1995 3046 2093 3098 251
2136 3045 2206 3099 De
2240 3054 2372 3098 veste
2407 3044 2628 3098 Christi.

1995 3115 2101 3170 252
2133 3115 2205 3167 De
2225 3118 2335 3168 velo
2366 3116 2541 3180 templi
2566 3116 2622 3167 in
2648 3116 2890 3181 passione
2926 3113 3136 3167 Domini
3160 3113 3346 3166 scisso.

1995 3186 2100 3239 255
2134 3186 2207 3238 De
2233 3183 2506 3237 miraculis
2551 3180 2884 3254 quibusdam,
2911 3201 3026 3253 qua:
3055 3185 3107 3237 in
3153 3180 3492 3250 cruci/ixionis

1922 3263 1970 3308 et
2002 3266 2164 3308 morte
2188 3254 2388 3308 Christi
2409 3264 2702 3307 evenerunt.

1993 3324 2099 3379 254
2134 3323 2338 3378 Salutio
2372 3324 2678 3393 quwstionis
2700 3366 2717 3389 ,
2745 3340 2838 3376 cur
2858 3334 3018 3391 petra:
3050 3340 3129 3376 res
3162 3321 3489 3383 inanimataz,

1923 3410 2071 3448 cteste
2101 3398 2374 3462 scissteque
2395 3395 2500 3447 sint
2542 3396 2595 3447 in
2632 3396 2872 3462 passione
2892 3393 3111 3447 Christi.

1992 3464 2098 3518 255
2132 3459 2382 3517 Latrones
2422 3464 2525 3517 duo
2559 3459 2664 3517 una
2692 3480 2810 3516 cum
2845 3463 3053 3518 Christo
3092 3460 3336 3530 crucifixi
3365 3459 3489 3529 quid

1926 3535 2488 3602 mysticedenotarint.

1992 3596 2098 3657 256
2137 3596 2246 3657 Cur
2280 3604 2480 3655 medius
2521 3604 2656 3656 inter
2688 3603 2819 3655 duos
2870 3601 3100 3655 latrones
3132 3602 3352 3669 pendere
3402 3616 3491 3650 υο-

1924 3672 2078 3725 luerit
2105 3673 2372 3727 Christus.

1995 3743 2100 3797 257
2136 3742 2201 3796 Ut
2231 3745 2325 3794 lux
2358 3742 2528 3809 major
2565 3742 2809 3795 obscurat
2850 3743 3126 3802 minorem,
3167 3739 3241 3791 sic
3288 3735 3494 3809 Zacha-

1926 3814 2037 3864 rias
2069 3814 2136 3864 ad
2168 3812 2410 3864 nuntium
2437 3807 2505 3864 de
2535 3816 2813 3879 prodromo
2843 3811 3041 3865 Christi
3068 3807 3351 3862 obmutuit.

1994 3882 2099 3935 258
2143 3881 2418 3933 Moderata
2461 3882 2639 3934 labore
2679 3882 2951 3934 exercendi
3003 3891 3122 3933 sunt
3171 3888 3397 3946 tyrones,
3447 3884 3493 3926 et

1924 3951 2182 4018 paulatim
2216 3950 2284 4003 ad
2309 3950 2551 4020 graviora
2578 3952 2790 4020 ferenda
2815 3950 3227 4020 assuefaciendi.

1996 4020 2101 4074 259
2134 4020 2274 4090 Dicti
2306 4019 2529 4074 Joannis
2554 4019 2882 4090 evangelista:
2913 4038 3025 4087 cap.
3057 4019 3155 4071 ult.
3186 4032 3315 4069 nova
3338 4029 3495 4082 expo-

1924 4091 2070 4144 sitio.
2106 4089 2274 4142 Ilomo
2306 4089 2697 4144 microcosmus.

1993 4160 2100 4213 260
2136 4160 2435 4212 Admonitio
2467 4178 2527 4213 ne
2552 4160 2854 4214 adolescens
2896 4175 2989 4210 suo
3032 4156 3299 4209 arbitratu
3332 4154 3493 4213 uiuat,

1924 4230 2012 4284 sed
2036 4230 2324 4283 senioribus
2352 4246 2406 4282 se
2435 4233 2708 4283 submittat
2738 4229 3154 4299 gubernandum.

2008 4300 2106 4352 261
2146 4299 2461 4368 Improbitas
2504 4292 2757 4370 fugienda
2777 4301 2821 4352 ei
2862 4299 2950 4368 qui
2979 4298 3086 4350 Deo
3118 4306 3165 4349 et
3198 4292 3496 4348 hominibus

1931 4370 2120 4422 charus
2152 4385 2259 4421 esse
2282 4370 2421 4423 velit.

2002 4438 2107 4492 262
2139 4437 2360 4501 Querela
2390 4440 2452 4492 de
2482 4439 2623 4492 mala
2651 4439 2875 4504 episcopi
2912 4435 3389 4489 administratione.

2002 4509 2109 4562 265
2142 4509 2455 4577 Ubjurgatio
2484 4510 2707 4577 improbi
2736 4509 2966 4560 diaconi.

2006 4579 2107 4630 261
2160 4574 2465 4632 Admonitio
2520 4574 2583 4632 de
2647 4579 2841 4631 caelesti
2911 4586 3186 4629 armatura
3249 4574 3497 4625 adversus

1933 4649 2133 4701 hostem
2174 4649 2439 4701 diabolum
2472 4648 3113 4717 comparauda,-araritia
3139 4655 3199 4701 et
3238 4643 3500 4715 ueltt}‘~'-'.'£

1935 4720 2121 4771 vitata.

2004 4788 2108 4840 265
2146 4785 2444 4855 Increpatio
2473 4787 2813 4856 superbientis
2856 4788 2917 4840 ob
2949 4788 3179 4854 corporis
3214 4788 3502 4851 procerita-

1935 4866 2034 4911 tem
2044 4896 2057 4909 .

2004 4927 2106 4980 266
2132 4926 2421 4980 Consilium
2452 4927 2512 4979 de
2539 4924 2860 4995 assequenda
2882 4926 3218 4993 perfectione.

2004 4998 2106 5048 267
2137 4997 2208 5049 De
2235 4997 2435 5063 duplici
2467 5005 2612 5047 statu
2641 4998 2835 5048 animat
2864 5007 2979 5061 post
3013 5006 3249 5048 mortem.

2005 5066 2111 5118 268
2150 5065 2406 5133 Discipuli
2438 5064 2634 5119 Christi
2679 5065 2866 5133 quibus
2900 5066 3062 5117 armis
3099 5065 3373 5118 victoriam
3416 5082 3499 5117 re-

1971 5137 2219 5189 ortarint.

2006 5152 2219 5188 rtarint.

1933 5152 2107 5258 ρ02(;9
2156 5205 2457 5257 Admonitio
2493 5203 2555 5255 de
2601 5202 2813 5255 vitanda
2848 5203 3077 5255 avaritia
3108 5205 3498 5270 rapacitateque

1935 5273 2187 5327 bonorum
2216 5274 2685 5326 ecclesiasticarum
2708 5312 2721 5335 ,
2755 5286 2802 5326 et
2843 5290 2971 5325 cura
3006 5290 3291 5341 pauperum
3327 5274 3493 5324 susci-

1934 5347 2121 5413 pienda
2149 5345 2218 5395 ad
2241 5360 2367 5413 quos
2400 5343 2914 5413 bonaecclesiastica
2950 5347 3232 5410 pertinent.

2002 5414 2108 5466 270
2141 5410 2466 5465 Ethnicismo
2503 5410 2699 5465 abolito
2740 5410 3176 5465 Christianismus
3218 5417 3497 5477 perlatum

1934 5484 2109 5536 orbem
2163 5494 2423 5535 terrarum
2476 5483 2773 5547 prazvaluit.
2820 5479 3175 5549 Conferendus
3238 5479 3496 5531 Minatius

1937 5553 2092 5607 Felix
2122 5553 2173 5605 in
2212 5550 2451 5612 Octavio,
2482 5562 2530 5604 et
2570 5552 2915 5607 Theodoretus
2965 5551 3035 5604 De
3063 5549 3382 5604 Crwcauicis
3412 5549 3500 5616 af-

1936 5623 2244 5693 fectionibus
2270 5622 2538 5675 curandis.

3078 1377 3291 1433 Christo
3341 1378 3487 1433 Petri
