3890 6134
422 220 524 286 127

490 331 613 400 271.
649 329 790 386 Vitta
814 330 1013 384 hontini
1033 345 1134 400 non
1163 330 1330 400 inesse
1350 345 1439 400 per
1467 338 1735 384 naturam.
1787 331 1980 400 Confer

422 399 568 468 infra
600 417 679 470 ep.
724 400 850 464 505,
892 416 1008 469 qua:
1045 399 1142 470 hac
1177 408 1251 451 est
1279 398 1478 464 plenior
1507 401 1682 470 :Asicut
1715 403 1873 454 etiam
1900 398 1984 454 'in

426 485 526 523 ms.
561 467 676 522 cod.
712 467 912 523 Bavar.
933 469 1042 523 hcce
1070 469 1237 521 altero
1262 477 1406 519 tanto
1427 478 1501 537 est
1532 467 1759 537 longior.

494 539 600 592 272
634 538 786 603 Quod
822 539 1019 607 primus
1057 538 1227 590 Adam
1258 536 1507 605 perdidit,
1544 536 1801 592 secundus
1829 540 1983 594 resti-

425 609 548 664 tuil.

493 677 599 732 275
631 677 704 730 De
731 694 848 732 vero
875 677 972 730 Dei
1004 674 1170 728 cultu.

491 747 595 800 274
627 747 822 801 Contra
848 762 1030 800 vanam
1059 743 1324 813 fugacium
1347 759 1502 811 opum
1532 743 1802 813 ﬁduciam.

493 817 597 870 275
631 815 829 870 Contra
860 812 1130 885 ingratum
1159 829 1220 866 ac
1237 813 1537 882 degenerem
1558 812 1754 883 reipub.
1797 813 1978 868 alum-

424 902 568 944 num.

490 955 594 1009 276
621 955 817 1008 Contra
854 969 1007 1022 apum
1038 961 1086 1004 et
1120 950 1291 1004 inanis
1323 948 1504 1022 glorise
1525 951 1780 1005 studium.

491 1025 598 1079 277
628 1023 824 1078 Contra
856 1020 1158 1079 ebrietatem
1184 1029 1233 1073 et
1260 1020 1557 1088 crapulam.

490 1093 596 1148 278
623 1093 760 1146 Laus
781 1094 895 1146 vita:
923 1091 1241 1143 monasticae.

489 1163 595 1217 279
623 1162 815 1216 Contra
845 1163 1165 1214 ebrietatem.

488 1232 594 1285 280
623 1232 815 1286 Contra
840 1231 1190 1284 iracundiam.

417 1371 454 1426 ά
486 1300 586 1424 281
621 1300 693 1354 De
715 1299 1086 1369 Cappadocum
1115 1298 1340 1367 pessima
1373 1300 1865 1370 perversissimaque
1893 1299 1976 1351 in-

457 1387 485 1426 o
510 1387 555 1425 e.

457 1387 555 1426 Ole.

492 1439 598 1494 282
623 1437 699 1492 De
734 1438 1038 1506 expulsione
1063 1452 1127 1488 ea:
1154 1435 1426 1506 paradiso,
1459 1447 1506 1490 et
1545 1439 1597 1490 in
1637 1436 1872 1490 eumdem
1896 1453 1977 1490 re-

415 1509 706 1569 stitutione.
759 1504 1128 1574 Interpretatio
1161 1505 1288 1557 dicti
1339 1504 1556 1567 Christi,
1597 1505 1792 1558 Matth.
1843 1521 1972 1560 xxv.

485 1579 592 1631 285
624 1577 696 1629 De
729 1577 1044 1645 disparitate
1076 1575 1424 1626 humanorum
1451 1576 1766 1628 studiorum.

482 1646 589 1700 284
623 1647 695 1699 De
720 1642 1088 1698 resurrectione
1111 1653 1431 1696 mortuorum
1466 1659 1622 1698 ettam
1646 1646 1698 1697 in
1725 1642 1970 1711 stirpibus

415 1716 776 1785 praeﬁgurata.

488 1780 594 1853 285
620 1784 894 1853 Expositio
925 1784 1052 1836 dicti
1085 1781 1281 1836 Christi
1308 1780 1371 1834 de
1391 1782 1594 1836 duabus
1632 1781 1966 1836 ntolentibus.

425 1851 547 1907 Vita
568 1851 674 1908 haec
706 1851 781 1906 est
809 1855 1107 1921 pistrinum.

485 1923 588 1978 280
623 1919 818 1977 Contra
848 1940 952 1984 eos,
990 1923 1079 1991 qui
1110 1919 1222 1975 sola
1257 1921 1572 1988 virginitatis
1616 1920 1970 1974 observatione

413 1991 729 2063 gloriantur,
779 2009 894 2044 cum
945 1994 1140 2063 interea
1187 1991 1434 2063 virtutum
1485 1991 1775 2053 variarunt,
1808 2001 1860 2046 et
1913 1991 1969 2042 in

412 2061 597 2130 primis
621 2063 935 2114 humilitatis
965 2062 1140 2113 studio
1173 2061 1546 2130 destituuntur.

481 2131 585 2186 287
622 2131 824 2184 Talenti
851 2132 972 2184 bene
993 2129 1232 2182 collocati
1265 2130 1532 2196 prannium
1565 2129 1786 2182 caeleste.

433 2233 437 2237 ι
473 2201 578 2254 288
610 2199 797 2254 Ovium
821 2211 868 2252 et
899 2201 1163 2252 hircorum
1206 2199 1257 2250 in
1302 2208 1530 2250 extremo
1565 2200 1647 2251 die
1679 2198 1962 2266 separatio.

477 2269 584 2322 289
609 2268 682 2322 De
719 2270 916 2322 Christi
949 2284 1068 2321 vera
1091 2269 1416 2336 humanitate
1437 2307 1449 2326 ,
1482 2269 1709 2320 etiamin
1740 2267 1966 2336 infirmi-

412 2347 586 2391 tatum
618 2347 916 2390 nostrarum
951 2338 1274 2404 susceptione
1300 2335 1595 2388 declarata.

409 2473 459 2527 Β
481 2408 586 2465 290
621 2406 1037 2462 Firmamentum
1067 2407 1402 2473 imperiorum
1449 2414 1526 2456 est
1577 2405 1814 2458 amicitia
1849 2420 1966 2458 cum

460 2492 538 2527 eo.

460 2492 538 2528 εο.

477 2546 572 2598 291
615 2544 801 2598 Petrus
847 2559 991 2598 servo
1030 2544 1220 2598 summi
1261 2542 1546 2595 sacerdotis
1580 2543 1790 2596 Male/to
1818 2541 1968 2596 auri-

408 2616 585 2682 culam
611 2624 910 2682 amputans,
937 2613 1062 2680 quid
1092 2616 1306 2680 mystice
1336 2612 1563 2682 denotet.

406 2751 442 2804 ὀ
477 2681 581 2736 202
609 2681 878 2742 Barrabas
909 2683 1034 2734 liber
1066 2683 1375 2746 dimittitur,
1401 2681 1638 2735 Christus
1669 2685 1738 2733 ad
1761 2697 1965 2735 crucem

445 2761 712 2804 amnatur.

445 2761 712 2805 amnatur.

405 2889 442 2942 Δ
471 2821 578 2942 295
613 2821 789 2942 .l‘uda'l
823 2820 1089 2876 Christum
1136 2818 1259 2890 felle
1305 2831 1548 2888 potantes
1595 2819 1721 2888 quid
1747 2819 1964 2887 mystice

445 2906 538 2942 eno
565 2906 626 2942 en
656 2929 671 2942 .

445 2901 671 2944 enotent.

475 2959 581 3012 294
610 2959 908 3012 Admonitio
950 2958 1012 3010 de
1060 2958 1334 3010 virtutibus
1360 2958 1482 3010 duci
1511 2958 1768 3010 exercitus
1793 2973 1965 3009 neces-

405 3031 584 3089 sariis,
610 3037 746 3081 metu
770 3029 864 3082 Dei
890 3039 936 3081 et
955 3028 1172 3096 justitia
1195 3050 1207 3081 :
1233 3029 1417 3096 quibus
1447 3029 1657 3084 remotis
1687 3026 1967 3094 infeliciter

404 3113 520 3150 cum
550 3099 690 3151 hoste
705 3108 986 3166 pugnatur.

467 3166 574 3219 295
613 3188 630 3218 ‹
673 3164 903 3221 Oderunt
935 3182 1146 3233 peccare
1169 3166 1294 3219 mali
1317 3164 1598 3233 formidine
1619 3181 1801 3232 pacate.
1838 3183 1854 3215 ι

468 3235 578 3288 296
601 3236 802 3290 Contra
828 3236 1090 3287 libidines.

474 3306 580 3358 297
615 3305 907 3373 Increpatio
929 3303 1201 3356 homicida:
1227 3303 1451 3369 superbi.

473 3373 579 3428 298
619 3374 694 3428 De
736 3372 912 3428 inutili
953 3380 1000 3424 et
1045 3376 1214 3424 otiosa
1251 3373 1625 3423 monachorum
1670 3372 1821 3424 turba
1865 3374 1966 3424 nti-

405 3445 634 3496 nuenda.

397 3511 405 3516 ’
469 3511 574 3580 299
602 3511 909 3575 Iteprecatio
931 3527 1025 3580 pro
1059 3511 1319 3580 naufrago
1355 3509 1685 3578 reliquatore.

474 3579 580 3649 500
622 3579 1043 3649 Deprecatiopro
1073 3579 1355 3646 naufrago.

469 3648 566 3702 50t
625 3645 988 3716 Interpretatio
1025 3650 1154 3702 dicti
1183 3645 1280 3700 ex
1303 3646 1508 3716 psalmo
1545 3661 1708 3712 ut",
1741 3663 1760 3696 ι
1809 3645 1965 3717 Virga

406 3727 497 3770 tua
519 3729 567 3771 et
594 3719 810 3771 baculus
847 3728 989 3780 tuus,
1032 3738 1051 3769 ι
1087 3727 1192 3771 etc.

475 3787 580 3841 502
631 3786 958 3856 Prteceptum
1007 3785 1356 3856 monasticum
1399 3784 1465 3856 de
1503 3784 1876 3838 exercitatione
1917 3795 1964 3839 et

405 3859 685 3910 certamine
718 3855 841 3910 ante
869 3873 1088 3910 coronas
1113 3855 1458 3921 suscipiendo.

474 3925 578 3980 505
614 3927 752 3981 Vitia
783 3927 980 3980 homini
1011 3929 1176 3978 inesse
1201 3920 1292 3991 per
1314 3932 1595 3975 naturam:
1620 3938 1775 3992 quam
1809 3920 1964 3977 Chri-

403 4002 515 4048 stus
547 3997 597 4048 in
623 3999 878 4049 unitatem
924 4009 1159 4063 persona:
1195 4005 1518 4063 assumptum
1554 3993 1719 4045 saluti
1747 3993 1968 4058 integri-

405 4065 600 4132 tatique
633 4067 876 4117 asseruit.
924 4061 1168 4118 Christus
1209 4062 1345 4114 Deus
1379 4073 1425 4115 et
1459 4061 1610 4114 ltomo
1650 4063 1704 4115 in
1757 4064 1966 4114 unitate

402 4148 637 4200 persona:
667 4132 1128 4187 incontntutabilis.

472 4201 596 4256 504.
631 4203 899 4270 Impurum
924 4211 1143 4254 mentem
1177 4215 1280 4270 non
1309 4213 1420 4250 esse
1446 4198 1665 4251 ctelestis
1692 4200 1964 4265 sapientia:

402 4284 649 4336 capacem
682 4268 774 4324 aut
812 4273 1070 4334 docilem,
1106 4281 1161 4323 ut
1203 4268 1375 4336 lippus
1425 4270 1604 4320 oculus
1639 4269 1963 4336 splendorem

402 4339 534 4392 solis
560 4343 751 4393 intueri
781 4342 979 4408 nequit.

474 4408 580 4462 505
611 4409 760 4465 Nova
789 4401 1150 4477 interpretatio
1184 4401 1348 4478 ῥητοῦ
1381 4403 1572 4472 psalmi
1596 4420 1722 4458 ουκ
1753 4423 1766 4459 :
1801 4425 1822 4457 ‹
1851 4405 1960 4457 Ad.

404 4477 554 4534 htvsit
583 4482 873 4543 pavimento
903 4479 1078 4530 anima
1106 4477 1240 4529 mea.
1283 4495 1302 4527 ι

477 4542 588 4602 506
614 4549 790 4601 Etiam
834 4551 887 4600 in
927 4549 1102 4600 servili
1139 4545 1434 4598 conditione
1473 4545 1790 4614 potestiquis
1831 4542 1961 4597 libe-

403 4633 519 4670 rum
562 4628 716 4687 atque
763 4619 1043 4686 ingenuum
1089 4618 1330 4687 animum
1365 4629 1564 4687 gerere.
1625 4612 1695 4666 In
1748 4612 1959 4687 Christo

399 4687 539 4739 enim
571 4684 720 4740 nulla
750 4684 835 4740 est
850 4688 1149 4754 differentia
1181 4685 1332 4736 liberi
1355 4685 1578 4735 hominis
1606 4693 1654 4735 et
1677 4684 1832 4736 servi.

472 4757 574 4808 507
611 4756 912 4809 Cratulatio
943 4757 1179 4823 episcopo
1204 4770 1267 4806 ea:
1296 4755 1524 4821 periculo
1559 4761 1784 4805 servato.

472 4823 578 4878 508
612 4825 734 4878 Vita
764 4827 1056 4878 monastica
1081 4835 1157 4877 est
1186 4823 1401 4875 ntilitia.

474 4895 577 4946 509
612 4895 922 4948 Exhortatio
944 4897 1010 4946 ad
1028 4895 1221 4961 lingutv
1237 4892 1581 4961 petulantiam
1600 4889 1956 4943 coercendum.

468 4961 572 5015 510
603 4965 900 5017 Admonitio
945 4959 1238 5016 necessaria
1269 4963 1332 5013 de
1370 4959 1645 5027 affectibus
1681 4970 1727 5010 et
1762 4961 1962 5026 prteju-

404 5031 560 5102 diciis
613 5035 871 5088 cavendis.
930 5034 1099 5102 Deque
1153 5030 1433 5096 Theophila
1474 5029 1663 5096 Cyr-illi
1705 5029 1962 5080 avunculo

403 5098 628 5170 Joannis
655 5098 1023 5170 Chrysostorni
1043 5103 1363 5170 adversario.
1448 5169 1453 5170 ν
1577 5153 1581 5158 .

469 5169 564 5222 511
606 5170 677 5222 De
706 5165 926 5223 concilio
954 5171 1138 5239 Ephes.
1174 5179 1305 5224 recte
1329 5165 1649 5220 instituendo
1672 5168 1744 5219 ad
1775 5169 1962 5236 imper.

408 5237 755 5293 Theodosium
766 5282 778 5295 .

473 5311 576 5363 512
616 5309 776 5363 Ficus
803 5310 992 5362 sterilis
1022 5307 1393 5364 exscindenda.

472 5381 578 5433 5t5
604 5380 909 5432 Dehortatio
935 5379 998 5430 ab
1025 5381 1272 5433 ebrietate
1300 5386 1348 5428 et
1378 5375 1548 5426 abusu
1577 5376 1706 5437 vini,
1733 5393 1796 5430 ea:
1816 5393 1966 5444 cujus

403 5449 651 5513 primitiis
698 5448 928 5517 Spiritus
975 5449 1184 5502 divinus
1225 5444 1535 5517 sanguinem
1561 5446 1759 5500 Christi
1791 5447 1965 5514 eﬂicit.

428 5586 439 5597 _
475 5518 579 5570 514
609 5514 923 5597 Objurgatio
965 5519 1206 5572 monachi
1245 5514 1414 5588 gulosi
1449 5529 1511 5564 ac
1557 5519 1691 5588 vagi,
1732 5519 1968 5586 quamvis

420 5589 530 5638 iam
566 5589 716 5640 amnis
745 5589 938 5658 gravis.

1542 219 2104 282 PROLEGOMENA
2139 221 2338 283 EDIT.
2377 219 2622 279 PARIS.

3557 214 3652 283 128

2162 331 2268 384 515
2300 329 2497 384 Contra
2527 330 2824 397 episcopum
2857 324 3242 397 Simoniacum.

2155 400 2258 453 516
2300 399 2371 451 De
2395 409 2536 452 recta
2555 394 2859 450 'tiber'orum
2884 396 3194 449 educatione
3217 404 3266 446 et
3298 394 3656 452 institutione.

2155 480 2258 533 5t7
2293 478 2632 531 Collaudatio
2696 475 2942 535 solventis
3003 475 3270 543 primitias
3319 483 3368 527 et
3419 473 3655 530 decimas

2085 549 2596 681 frigigugitprecatio
2626 630 2719 682 pro
2756 613 3009 667 monacho
3039 613 3282 681 fugitivo.

2155 686 2258 767 519
2285 679 2634 750 Αάίηοηὶιὶο,’
2673 693 2728 738 ut
2786 679 3048 738 sacerdos
3086 679 3268 752 typum
3320 695 3374 734 se
3422 679 3658 748 prtebettt

2080 771 2326 828 9’59”)-
2376 825 2385 828 _
2509 813 2512 816 -

2150 817 2254 876 5'20
2286 823 2420 878 Gula
2442 835 2516 878 est
2544 839 2693 877 soror
2720 822 2796 875 vel
2834 823 3006 888 potius
3034 829 3204 872 mater
3224 817 3484 888 libidinis.

2153 893 2250 948 521
2298 895 2508 949 Dictum
2574 892 2766 962 psalmi
2797 885 2847 945 ci
2893 892 3258 960 exponituru
3311 885 3376 940 In
3422 891 3656 944 matutié

2082 978 2149 1018 no
2204 982 2224 1012 ›
2256 973 2360 1018 etc.

2151 1003 2257 1092 522
2291 1040 2362 1093 De
2387 1038 2682 1092 hominibus
2737 1036 2984 1100 indoctis,
3016 1034 3232 1090 insulsis
3257 1048 3299 1087 et
3333 1035 3653 1104 temerariis,

2077 1109 2366 1178 quiomnia
2406 1111 2460 1162 in
2513 1107 2768 1178 Ecclesia,
2800 1109 2976 1178 repub.
3019 1117 3068 1160 et
3105 1105 3312 1173 imperii
3347 1111 3494 1157 statu
3520 1121 3644 1173 per—

2042 1189 2052 1198 '
2080 1177 2393 1240 turbarunt,
2427 1179 2686 1245 patienter
2713 1177 2963 1246 ferendis.

2145 1255 2249 1307 525
2277 1255 2349 1306 De
2387 1254 2540 1307 Verbi
2585 1253 2679 1306 Dei
2725 1254 3107 1306 incarnatione.
3157 1250 3298 1304 Laus
3343 1252 3652 1308 Athanasii.

2145 1323 2252 1376 524
2283 1323 2650 1377 Inconstantia
2671 1333 2719 1376 et
2753 1321 3022 1386 κενοδοξία
3049 1321 3239 1391 Cyrilli
3271 1331 3512 1377 taxatur.

2149 1392 2255 1446 525
2282 1392 2488 1460 Lingua
2521 1392 2858 1460 refrenanda.

2143 1462 2248 1515 526
2275 1459 2526 1516 Militaris
2555 1459 2834 1514 insolentia
2860 1461 2913 1513 in
2943 1461 3179 1514 ordinem
3208 1459 3494 1528 redigitur.

2143 1531 2248 1583 527
2279 1530 2356 1584 De
2375 1531 2715 1584 concussione
2742 1530 2985 1582 militari.

2149 1599 2255 1670 528
2283 1599 2312 1670 ζ
2318 1618 2375 1654 ra
2402 1602 2612 1670 gravior
2637 1599 2979 1670 blasphemia.

2145 1667 2250 1722 529
2283 1669 2357 1721 De
2385 1665 2790 1738 intemperantia
2821 1667 3013 1738 lingua:
3043 1665 3348 1738 coercenda.

2141 1739 2247 1791 550
2279 1738 2417 1791 Dicti
2441 1735 2576 1806 psal.
2626 1753 2772 1801 CXIX,
2804 1755 2822 1788 ι
2856 1735 2975 1789 Non
2994 1745 3068 1790 est
3102 1736 3482 1800 occultatum,»
3510 1746 3654 1800 etc.,

2071 1807 2331 1875 expositio
2364 1825 2496 1860 nova
2529 1816 2579 1862 et
2609 1808 2764 1859 mira.

2140 1888 2237 1940 551
2272 1886 2554 1956 Expositio
2578 1888 2709 1940 dicti
2737 1885 2967 1954 ejusdem
2995 1883 3214 1956 psalmi.

2140 1957 2244 2009 552
2275 1951 2574 2026 Increpatio
2599 1951 2806 2024 imperii
2841 1951 3225 2023 perturbatoris
3259 1951 3538 2007 Ecclesia.

2137 2035 2242 2088 555
2269 2035 2567 2089 Admonitio
2595 2035 2658 2087 de
2683 2035 2860 2101 futuro
2873 2033 3100 2099 ⁸ιιιάήεἰο,
3131 2033 3182 2084 in
3210 2048 3312 2100 quo
3361 2031 3650 2086 reddendte

2073 2114 2195 2156 sunt
2251 2106 2482 2158 rationes
2520 2119 2699 2158 eorum
2733 2103 2970 2156 omnibus
3012 2102 3209 2169 angelis
3239 2109 3290 2153 et
3322 2101 3646 2154 hominibus.

2134 2181 2237 2234 554
2261 2180 2488 2244 Quinam
2529 2183 2721 2234 mortui
2751 2183 2855 2234 sint
2897 2181 3131 2248 lugendi.
3171 2178 3326 2233 Nova
3377 2180 3658 2247 expositio

2068 2251 2196 2302 dicti
2221 2267 2239 2302 :
2276 2271 2293 2300 ι
2321 2250 2490 2318 Super
2517 2261 2777 2304 mortuum
2805 2249 2978 2317 plora,
3019 2268 3038 2300 ι
3074 2257 3177 2301 etc.

2139 2320 2243 2372 555
2299 2317 2534 2372 Consilia
2582 2337 2684 2373 non
2734 2327 2859 2373 sunt
2905 2334 2970 2371 ea:
3007 2319 3198 2372 eventis
3249 2317 3516 2372 metienda
3551 2328 3649 2371 aut

2067 2391 2427 2456 ponderanda.

2136 2457 2239 2510 556
2262 2458 2562 2510 Admonitio
2589 2457 2815 2512 hominis
2843 2455 3014 2525 gulosi
3035 2468 3263 2511 ventrem
3293 2472 3390 2523 pro
3415 2458 3641 2512 numine

2067 2534 2305 2596 colentis,
2332 2546 2387 2587 ut
2415 2537 2703 2602 resipiscat.

2137 2605 2238 2656 557
2279 2605 2552 2672 Expositio
2601 2603 2965 2673 grammaticae
3008 2603 3113 2655 loci
3151 2619 3217 2655 ea:
3261 2602 3408 2656 Actis
3472 2617 3654 2666 apost.

2068 2688 2184 2794 culp.
2237 2690 2429 2735 XXVIII,
2482 2675 2568 2739 15,
2608 2688 2770 2742 usque
2801 2674 2870 2726 ad
2906 2691 2922 2723 t
2967 2673 3124 2741 Appii
3184 2673 3381 2741 forum,
3432 2684 3482 2726 et
3537 2685 3654 2727 tres

2069 2751 2122 2795 ta
2159 2760 2332 2796 eruas.
2377 2763 2395 2794 ι

2135 2820 2239 2874 558
2277 2822 2348 2874 De
2375 2822 2678 2875 remissione
2705 2829 3038 2884 peccatorum
3062 2829 3245 2873 contra
3284 2818 3648 2875 Novatiunos.

2141 2889 2245 2944 559
2284 2890 2483 2943 Rursus
2514 2891 2576 2942 de
2605 2890 2803 2943 eadem.

2141 2959 2248 3079 5410
2277 2959 2352 3040 De
2387 2968 2580 3012 ceterno
2627 2974 2905 3012 avarorum
2946 2971 2994 3013 et
3039 2959 3331 3011 crudelium
3369 2957 3654 3012 hominum

2143 3043 2205 3079 on
2233 3045 2353 3079 tcto.

2077 3043 2353 3095 suppttcto.

2148 3097 2244 3150 541
2282 3097 2581 3164 lncrepatio
2616 3095 2841 3149 hominis
2873 3097 3087 3165 perditi.

2140 3166 2244 3218 542
2268 3165 2341 3219 Re
2360 3163 2536 3234 potius
2563 3183 2720 3235 quam
2743 3163 2976 3218 sermone
2999 3163 3500 3234 philosophandum.

2139 3236 2242 3288 545
2271 3235 2344 3287 De
2373 3236 2674 3303 angelorum
2705 3237 2988 3299 creatione,
3024 3247 3130 3288 etc.

2141 3304 2247 3357 544
2280 3304 2350 3356 De
2381 3306 2830 3358 animadversione
2851 3305 3051 3369 divina,
3083 3303 3222 3372 quod
3243 3303 3312 3355 sit
3345 3303 3656 3357 admonitio-

2068 3373 2242 3436 potius
2277 3375 2586 3426 emendandi
2633 3375 2800 3426 nostri
2840 3389 3004 3426 causa
3039 3383 3303 3441 suscepta,
3348 3389 3509 3442 quam
3548 3376 3659 3428 ira

2068 3443 2144 3494 vel
2178 3442 2553 3510 indignationis
2578 3442 2917 3511 significatio.

2139 3511 2243 3564 545
2271 3511 2582 3580 Objurgatio
2608 3512 2832 3564 hominis
2863 3512 3052 3580 gulosi.

2139 3581 2243 3634 546
2273 3581 2346 3634 De
2378 3581 2537 3633 Pauli
2561 3581 2907 3634 conversione.

2141 3650 2245 3704 547
2274 3651 2578 3704 Admonitio
2611 3650 2881 3704 hominum
2905 3649 3319 3721 ﬂagitiosorum,
3346 3661 3405 3706 ut
3434 3653 3506 3706 ad
3533 3654 3651 3721 ofﬁ-

2069 3720 2204 3772 cium
2234 3721 2472 3774 redeant.

2140 3789 2245 3859 518
2279 3789 2510 3859 [)onaria
2541 3789 2652 3842 sine
2678 3789 2871 3856 pietate
2905 3788 3087 3847 oblata
3120 3790 3253 3844 nihil
3286 3799 3534 3859 prosunt.

2134 3857 2236 3929 549
2267 3856 2524 3911 Sacerdos
2546 3860 2703 3929 etiam
2733 3859 2999 3924 improbus
3031 3875 3132 3912 non
3150 3869 3228 3913 est
3252 3856 3653 3929 aspernandus,

2065 3928 2191 3979 auia
2221 3935 2297 3979 est
2327 3929 2544 3994 angelus
2577 3927 2671 3979 Dei
2703 3929 3094 3996 omnipotentis.

2134 3997 2240 4049 550
2275 3997 2574 4066 Admonitio
2600 3996 2824 4048 hominis
2855 3996 3196 4064 voluptuarii,
3243 4007 3301 4050 ut
3341 3998 3656 4066 resipiscat-

2133 4066 2230 4136 551
2272 4065 2583 4136 ()bjurgatio
2606 4065 2831 4136 hominis
2860 4066 3304 4136 pravoqsodaflitio
3336 4065 3643 4136 gaudentis.

2137 4135 2241 4186 552
2273 4133 2345 4185 De
2384 4133 2581 4204 sanctis
2630 4133 2899 4204 Patribus,
2942 4135 3033 4204 qui
3055 4152 3120 4188 ex
3160 4133 3504 4204 Cappadocia
3525 4136 3648 4204 fuev-

2064 4204 2173 4256 rint
2195 4204 2427 4256 oriundi.
2469 4203 2534 4256 Et
2577 4203 2724 4272 quod
2745 4205 2928 4256 vitium
2956 4203 3136 4272 atque
3180 4203 3493 4272 improbitas
3527 4203 3657 4259 non

2065 4273 2135 4325 sit
2165 4291 2196 4324 a
2227 4282 2438 4333 natura,
2471 4272 2560 4323 sed
2588 4288 2618 4321 a
2646 4271 2908 4325 voluntate
2944 4283 2990 4325 et
3022 4271 3187 4326 animi
3217 4271 3486 4329 instituto.

2129 4342 2241 4462 I555
2268 4341 2448 4394 Patris
2487 4349 2535 4394 et
2567 4337 2698 4393 Filii
2734 4343 2872 4395 sicut
2909 4357 3014 4394 una
3044 4353 3121 4396 est
3171 4344 3421 4409 essentia,
3468 4345 3548 4400 sic
3593 4356 3654 4399 es

2153 4420 2328 4462 untas.
3057 4437 3064 4444 -

2065 4420 2328 4464 voluntas.
3057 4437 3064 4444 ‘

2139 4481 2245 4532 554
2269 4480 2386 4550 Quo
2415 4479 2517 4546 fine
2539 4495 2757 4546 magnus
2797 4478 3002 4533 Elimas
3025 4482 3082 4533 in
3107 4481 3255 4535 Actis
3277 4483 3660 4550 apostolorum

2065 4551 2301 4602 ca'citate
2337 4549 2497 4614 fuerit
2527 4550 2762 4614 punitus.

2135 4619 2240 4672 555
2303 4617 2599 4685 Allegorica
2649 4619 3013 4683 interpretatio
3073 4620 3208 4673 dicti
3271 4620 3450 4674 Exod.
3524 4638 3652 4687 xu,

2065 4688 2130 4741 10
2161 4705 2172 4738 :
2215 4706 2233 4738 t
2273 4687 2498 4738 Abluant
2525 4687 2826 4739 vestimenta
2846 4703 2942 4740 sua
2966 4688 3140 4751 hodie,
3187 4709 3203 4739 ι
3237 4699 3342 4743 etc.

2133 4757 2236 4810 556
2272 4755 2355 4825 De
2372 4756 2512 4806 trina
2536 4757 2876 4825 abnegatione
2929 4755 3097 4824 Petri,
3121 4767 3172 4812 et
3195 4763 3342 4812 trina
3365 4761 3495 4813 item
3521 4776 3658 4814 con-

2064 4827 2288 4893 fessione
2322 4823 2544 4877 Christi.

2065 4964 2102 5014 Γ
2279 4893 2350 4945 De
2382 4893 2528 4946 Petri
2555 4895 2884 4947 conversione
2910 4903 2960 4948 et
3001 4897 3368 4966 resipiscentia
3414 4899 3488 4953 ad
3525 4898 3653 4968 gul-

2081 4979 2326 5014 demtum.

2081 4979 2300 5016 tcmtum
2312 5000 2326 5014 .

2137 5032 2240 5106 558
2296 5031 2372 5106 De
2424 5031 2593 5106 ﬁcuAa
2635 5030 2846 5086 Christo
2899 5033 3209 5098 maledicta,
3248 5036 3379 5105 quid
3416 5038 3658 5106 mystica

2067 5103 2270 5153 ratione
2299 5101 2582 5152 denotarit.

2138 5171 2241 5223 559
2279 5167 2441 5244 Trina
2476 5170 2707 5236 rejectio,
2753 5185 3018 5244 qua__get_ts
3059 5171 3322 5244 Iudaica,
3371 5182 3654 5244 totumque

2070 5241 2198 5291 adeo
2225 5253 2382 5306 genus
2407 5239 2690 5290 humanunt
2715 5238 3008 5304 repudiavit
3030 5242 3276 5298 salutem.

2141 5311 2245 5362 560
2280 5306 2388 5379 Cur
2415 5306 2656 5379 Christus
2688 5323 2796 5379 sese
2817 5323 3004 5379 panem
3025 5312 3334 5379 appellarit.

2143 5379 2239 5430 561
2273 5376 2574 5429 Dehortatio
2604 5395 2636 5429 a
2663 5376 2966 5446 gulositate.

2137 5446 2242 5500 362
2271 5446 2465 5512 Typica
2493 5444 2780 5499 benedictio
2820 5444 3074 5513 Ephroim
3097 5458 3150 5501 et
3174 5450 3448 5510 Manasse.

2277 5515 2350 5590 l_)_e
2375 5515 2623 5590 vaticinia
2675 5514 3016 5590 Eli‘zabethse,
3036 5521 3252 5590 _matris
3293 5521 3458 5579 Joan.
3481 5524 3654 5590 Bapt.

2140 5587 2244 5640 564
2277 5581 2427 5636 Nova
2467 5594 2514 5636 et
2548 5585 2830 5653 allegorica
2863 5587 3122 5654 expositio
3151 5589 3284 5644 dicti
3305 5595 3504 5662 psalmi
3537 5581 3610 5650 έι,
3638 5613 3662 5650 ε
