3890 6134
233 195 337 261 129

299 301 538 356 Laudate
567 307 686 352 eum
717 295 768 350 in
793 303 1037 364 tympano
1061 301 1113 364 et
1144 293 1323 354 choro,
1363 313 1382 344 ›
1414 301 1521 346 etc.

306 372 410 427 565
439 369 516 424 De
537 368 786 421 vaticinia
814 360 1020 426 Jacobi,
1047 360 1230 416 Cenes.
1267 378 1412 416 xm.

299 440 405 497 566
430 439 573 492 Dicti
599 437 778 501 Isaia’,
818 433 930 487 «Ne
965 433 1132 491 dicas,
1163 431 1328 484 Iacob
1359 447 1377 484 :
1401 431 1469 484 Et
1498 431 1624 501 quid
1649 430 1798 484 locu-

228 523 317 566 tus
339 510 560 572 Israel,»
596 518 731 565 etc.,
767 521 896 557 nova
927 502 1200 572 expositio.
1225 513 1274 554 et
1300 503 1708 554 accommodatio
1733 505 1800 555 ad

224 581 569 650 quiestiottetn
597 577 651 628 in
676 574 988 650 pra-cedenti
1005 571 1238 650 epistola
1267 574 1515 624 decisam.

305 649 411 704 567
445 639 750 700 Dehortatio
794 639 825 696 α
851 641 1128 695 crebritate
1171 656 1539 709 congressuum
1589 639 1799 693 urbico-

226 735 373 773 rum.

295 788 402 842 568
424 784 725 838 Admonitio
761 781 1020 844 monachi,
1080 791 1136 834 ut
1187 780 1309 832 vitet
1351 781 1568 846 fastum,
1612 779 1799 846 quippe

224 875 262 910 a
290 874 397 926 quo
449 857 617 923 ipsius
655 851 910 921 professio
931 861 980 904 et
1024 853 1142 905 vitta
1189 850 1492 901 institutum
1530 848 1680 916 longe
1729 851 1799 901 sit

229 927 641 979 alienissimum.

296 997 405 1049 569
436 992 849 1047 Commendatio
882 1006 1046 1044 sacra:
1087 988 1382 1056 Scriptum
1415 1001 1524 1053 pra:
1559 985 1797 1039 omnibus

217 1064 428 1118 litteris
455 1061 817 1116 sarcularibus.

301 1134 410 1186 570
435 1131 736 1184 Admonitio
768 1129 831 1184 de
860 1130 1032 1182 studio
1056 1125 1440 1182 contentionum
1464 1133 1510 1178 et
1539 1123 1796 1177 dissidio-

232 1218 360 1255 rum
400 1203 644 1254 cavendo.

298 1271 402 1324 571
441 1269 520 1322 De
566 1269 787 1322 crimine
843 1267 991 1336 falsi.
1040 1279 1144 1335 quo
1195 1263 1526 1317 Marcionin
1585 1260 1795 1316 Novum

220 1339 621 1394 Testamentum
650 1347 1014 1404 corruperunt.

289 1407 403 1463 572
424 1405 502 1460 De
532 1409 916 1474 perseverantia
938 1409 991 1456 in
1016 1405 1167 1456 bono.

293 1478 409 1532 575
442 1470 836 1530 Tentationibus
859 1475 1086 1542 firmiter
1119 1470 1483 1542 resistendum.

293 1547 404 1601 574
442 1544 590 1600 Verte
615 1562 676 1599 ac
701 1541 886 1598 solida?
912 1543 1095 1613 gloria:
1122 1541 1464 1613 studentiunt.

289 1613 403 1682 375
441 1615 735 1682 Paupertas
768 1607 931 1679 tequo'
947 1614 1122 1682 animo
1153 1607 1389 1679 ferenda.

288 1680 402 1740 576
431 1682 502 1737 De
522 1678 725 1752 dispari
758 1678 964 1753 piarum
1007 1691 1056 1735 et
1089 1678 1366 1749 impiorum
1411 1678 1706 1732 conditione
1736 1679 1792 1732 in

214 1757 330 1809 hac
352 1762 400 1807 et
428 1753 595 1806 altera
619 1755 748 1807 vita.

291 1823 401 1878 577
435 1821 509 1875 De
534 1821 850 1875 miraculosa
874 1819 1074 1874 Christi
1101 1819 1393 1874 nativitale.

293 1891 406 1946 578
435 1890 509 1944 De
528 1892 696 1946 stellte
723 1891 893 1960 Magis
920 1892 1042 1944 vistv‘
1069 1906 1130 1942 ac
1156 1891 1368 1954 prtevice
1387 1891 1586 1942 insueto
1609 1904 1788 1942 cursu.

294 1962 410 2026 379
442 1960 516 2013 De
547 1971 776 2014 extremo
797 1961 1022 2025 judicio,
1043 1968 1091 2013 et
1124 1960 1330 2013 tuternis
1365 1960 1643 2026 impiorum
1667 1976 1791 2026 sup-

212 2030 427 2100 pliciis,
456 2039 567 2099 qua:
590 2032 750 2083 etiam
781 2032 1000 2082 ethnicis
1043 2046 1144 2081 non
1176 2029 1387 2098 fuerunt
1413 2030 1609 2098 ignota.
1654 2027 1791 2083 Con-

213 2099 325 2169 fer.
357 2099 573 2169 ep._ult.
604 2101 698 2152 tib.
733 2115 811 2151 ιιι.

293 2166 406 2222 580
431 2167 667 2221 Peccatis
689 2168 965 2232 irascitur,
1000 2180 1048 2223 et
1075 2184 1254 2234 poenas
1286 2167 1479 2236 infligit
1511 2166 1668 2220 Deus.

293 2238 400 2290 581
436 2237 747 2290 Exhortatio
772 2249 819 2290 et
846 2241 1104 2292 revocatio
1136 2239 1202 2289 ad
1231 2238 1610 2305 paenitentiam.

289 2306 404 2362 582
451 2308 553 2370 Qui
611 2309 901 2375 improbum
955 2310 1202 2376 castigat,
1259 2315 1335 2359 est
1363 2309 1408 2360 ei
1460 2308 1592 2359 idem
1649 2307 1786 2376 quod

216 2376 492 2446 speculum
515 2376 741 2446 deformi
767 2389 813 2428 et
842 2380 1070 2430 medicus
1104 2388 1320 2446 tegroto.

289 2445 403 2498 585
427 2445 624 2499 Contra
655 2445 1013 2514 gulositatem.

292 2515 402 2570 584
434 2513 508 2584 De
532 2513 910 2584 gastrimargia
933 2518 1036 2569 sire
1057 2516 1244 2567 insano
1268 2514 1460 2566 ventris
1484 2513 1681 2569 studio.

291 2583 403 2637 385
427 2583 502 2636 De
530 2583 933 2650 intemperantia
961 2587 1013 2638 in
1035 2586 1153 2638 vino
1181 2585 1414 2636 vitanda.

289 2653 402 2722 586
428 2651 611 2722 Oratio
647 2655 833 2722 quibus
863 2656 1011 2707 rebus
1043 2656 1111 2706 sit
1138 2650 1458 2719 atljuvanda.

289 2721 400 2777 387
426 2721 625 2776 Rursus
655 2721 717 2775 de
738 2721 918 2776 eodem
946 2733 1270 2791 argumento.

283 2791 398 2846 388
427 2793 625 2846 Contra
658 2803 1041 2860 persecutorem
1071 2792 1380 2845 sacerdotis.

284 2861 394 2914 589
429 2859 672 2916 Ostendit
705 2867 837 2914 recte
866 2864 929 2915 ab
955 2879 1007 2916 se
1036 2864 1255 2931 factum,
1277 2859 1712 2930 quandoArianis
1728 2876 1782 2913 se

324 2943 476 2984 081411.

217 2946 821 3054 ορξξῖὶωιῒιιοιεπεηιεηι
846 2999 1142 3054 litterarum
1171 3000 1362 3052 studiis
1390 3009 1567 3064 optum
1595 3006 1778 3049 natum

222 3084 332 3121 non
390 3079 585 3137 Oportet
641 3072 708 3122 ad
775 3071 1016 3123 militiam
1078 3069 1369 3120 traducere.
1411 3067 1550 3131 Quin
1602 3068 1774 3134 potius

219 3145 429 3191 natura
454 3137 536 3192 fas
573 3148 657 3192 est
694 3141 897 3193 semina
929 3155 1199 3206 «plenique
1223 3138 1396 3203 sequi.

288 3207 386 3261 591
414 3209 551 3262 Aliis
578 3209 888 3261 medicinam
926 3209 1094 3271 facere
1127 3209 1322 3272 volens,
1365 3207 1588 3274 seipsum
1631 3206 1778 3274 prius

221 3287 384 3329 curet.

289 3342 395 3415 592
423 3346 650 3401 Occasio
679 3347 847 3414 furem
878 3346 1028 3415 facit.

292 3414 397 3468 595
421 3417 668 3472 Christus
693 3433 786 3468 cur
806 3414 993 3484 aquam
1017 3417 1071 3467 in
1100 3415 1276 3467 vinum
1309 3414 1636 3466 converterit.

287 3484 391 3554 594
411 3486 723 3554 Objurgatio
757 3486 1003 3552 discipuli
1037 3486 1169 3536 nihil
1195 3484 1537 3552 proﬁcientis.

283 3551 386 3608 595
426 3551 701 3608 Pra'clara
742 3551 983 3623 facinora
1023 3551 1229 3606 manent
1279 3554 1432 3619 hujus
1475 3563 1521 3604 et
1567 3561 1776 3604 wternte

225 3622 347 3692 vita
377 3626 622 3692 prsentia.

288 3691 389 3745 596
417 3693 818 3747 Commendatio
846 3693 1024 3745 amict.

219 3761 384 3881 {597
409 3762 658 3816 Humana
682 3764 886 3815 inventa
911 3762 1100 3829 absque
1123 3759 1298 3812 divina
1325 3761 1500 3829 gratia
1523 3774 1626 3812 non
1654 3769 1776 3812 sunt

259 3840 489 3881 Iuturna.

259 3840 489 3885 tuturna.

293 3902 397 3955 598
425 3903 497 3954 De
524 3900 852 3954 Philostrato
883 3899 1161 3969 Thganteo.

290 3971 395 4025 599
417 3971 519 4035 Qui
557 3970 745 4022 multos
797 3967 1144 4022 bonos‘libros
1172 3967 1418 4035 possidet,
1445 3981 1506 4019 ne
1536 3969 1599 4020 sit
1631 3969 1774 4020 canis

222 4040 278 4091 in
307 4041 546 4094 urttseni.

283 4055 674 4177 ὧῖὶωὲἒξὶιᾶδὶιὶο
691 4107 817 4160 dicti
838 4107 1028 4177 psalmi
1047 4122 1210 4160 vam
1230 4103 1557 4170 “Captivam
1575 4105 1775 4159 duxisti

220 4180 594 4247 Captivitatem.
635 4197 652 4228 ι

286 4244 381 4300 401
443 4248 714 4317 Refutatio
770 4244 968 4310 Juda’i,
1029 4246 1118 4314 qui
1179 4252 1565 4298 sacramentum
1621 4259 1777 4296 uena:

222 4311 430 4369 Domini
457 4311 743 4385 ca'rpserat.

291 4387 394 4440 402
411 4384 688 4439 Lausi-itte
720 4384 992 4436 solitariaz.

290 4457 392 4509 4υ5
434 4456 512 4508 De
541 4472 659 4509 vero
684 4454 910 4523 jejunio,
950 4453 1088 4522 quod
1108 4452 1344 4507 omnibus
1389 4448 1624 4523 sensibus
1661 4450 1772 4504 suis

224 4523 371 4577 homo
400 4526 611 4578 indicit.
798 4541 801 4543 '

293 4593 391 4647 404
423 4596 497 4647 Ite
526 4593 883 4661 penetratione
913 4592 1145 4656 corporis
1173 4590 1372 4661 Christi
1393 4605 1501 4661 per
1536 4588 1772 4640 clausum

227 4663 446 4724 virginal
471 4660 766 4717 maternum
795 4671 842 4713 et
868 4671 1257 4714 monumentum
1291 4660 1641 4724 obsignatum.

295 4679 305 4696 ν
358 4677 444 4716 nat
471 4677 766 4717 maternum
795 4677 842 4713 et
868 4677 1257 4714 monumentum
1291 4677 1641 4724 oosignamm.

295 4677 391 4786 iis
422 4733 488 4787 In
513 4734 666 4786 rebus
698 4732 887 4784 divinis
919 4743 1077 4782 cesset
1110 4732 1376 4783 rationum
1405 4728 1710 4795 indagatio.3

303 4801 396 4871 406
416 4805 490 4871 De
514 4800 690 4871 angeli
712 4802 1034 4871 apparitione
1055 4800 1107 4852 in
1140 4799 1514 4871 resurrectione
1538 4797 1772 4871 Domini.

299 4868 386 4924 407
410 4869 574 4925 Pauli
592 4867 1010 4938 ’συγκάτάϐασις
1046 4881 1096 4923 et
1135 4867 1545 4922 accommodatio
1577 4868 1644 4919 ad
1691 4883 1777 4918 ca-

227 4947 369 5012 ptum
388 4943 744 5012 infirmorum.

289 5009 381 5064 408
409 5007 667 5065 Invitatio
703 5011 770 5062 ad
795 5011 987 5064 seriam
1013 5007 1446 5076 resipiscentiam.

300 5078 393 5133 409
420 5082 532 5136 Cur
573 5079 816 5136 Christus
861 5079 1087 5133 Paulum
1116 5075 1417 5148 apostolum
1462 5090 1489 5128 e
1525 5075 1650 5128 caelo
1704 5076 1775 5127 sit

226 5145 502 5200 allocutus-

308 5159 502 5205 acutus.

302 5218 394 5273 410
439 5222 522 5273 Ad
567 5227 787 5289 peccata
847 5234 1024 5271 eorum
1081 5219 1171 5286 qui
1221 5219 1345 5286 fidei
1404 5227 1596 5270 nostra:
1654 5222 1774 5267 sunt

227 5290 479 5359 commissi
505 5301 836 5359 nequaquam
861 5289 1254 5359 connivendum.

299 5353 384 5412 411
416 5353 739 5412 Exhortatio
764 5357 832 5409 ad
859 5357 1300 5424 eleemosynarum
1329 5357 1672 5425 largitionem.

300 5427 393 5480 412
418 5429 618 5484 Contra
659 5444 747 5481 eos
793 5431 880 5495 qui
933 5428 1231 5480 litterarum
1279 5429 1457 5480 studia
1504 5427 1560 5477 in
1604 5437 1776 5476 meras

224 5501 567 5552 contentiones
598 5505 922 5562 convertunt,
953 5497 1090 5557 quod
1127 5511 1304 5567 graves
1331 5497 1438 5552 Deo
1471 5511 1587 5550 vero
1612 5495 1778 5547 ratio-

223 5573 319 5617 nes
344 5568 550 5624 reddere
587 5578 764 5624 tenean
772 5575 877 5621 tur.
1569 5606 1571 5609 -

1366 181 1920 246 PROLEGOMENA
1955 185 2154 248 EDIT.
2194 187 2436 247 PARIS.

1970 291 2080 348 415
2108 293 2412 364 Explicatio
2440 296 2569 350 dicti
2600 296 2818 352 Paulini
2842 297 2906 350 de
2941 293 3173 366 legitima
3201 313 3302 354 usu
3339 320 3466 357 con-

1898 364 2082 434 jugum
2117 373 2166 434 et
2197 376 2503 418 cwterarum
2536 383 2708 419 rerum
2739 368 2893 434 hujus
2927 364 3066 422 vitae.
3519 373 3530 412 -“

1971 436 2075 486 414
2106 433 2382 502 Expositio
2412 434 2543 510 dicti
2575 437 2767 510 psalmi
2791 433 3026 491 Cum":
3057 455 3076 488 ι
3102 436 3328 493 Labores
3350 438 3467 510 fru-

1901 511 2076 555 ctuum
2101 513 2311 555 tuorum
2340 507 2702 557 manducobis.
2739 523 2757 555 ι

1973 573 2076 624 “Si
2111 572 2331 625 Recnsat
2365 576 2670 641 respondere
2698 575 2768 627 ad
2801 575 3024 641 quwsita
3055 576 3118 628 de
3138 576 3276 630 dicto
3306 578 3465 633 Salo-

1911 643 2101 712 monis,
2123 643 2332 712 guibus
2357 652 2526 695 tamen
2557 661 2661 712 seq.
2687 645 2836 711 epist.
2862 647 3147 712 satisfacit.

1975 711 2079 764 416
2111 711 2262 764 Nova
2297 713 2554 779 expositio
2581 711 2960 782 arithmologice
2988 711 3263 781 cujusdam
3305 716 3438 771 Salo

1899 795 2136 834 ﬂlOillClP.

1967 851 2068 902 417
2112 849 2258 902 tVova
2299 851 2554 918 expositio
2609 851 2739 902 dicti
2785 851 3082 904 Salomonis
3115 868 3133 904 :
3167 871 3185 903 ι
3238 852 3326 907 Sic
3365 855 3454 908 via

1899 919 2136 992 mulieris
2169 919 2598 992 adulter-tenete.
2620 938 2662 992 Α»
2694 920 3027 974 Adulterium
3071 923 3196 992 quid
3246 925 3464 992 mystice

1898 989 2152 1058 signi/iret
2183 991 2240 1058 in
2258 992 2422 1041 sacris
2445 986 2676 1058 Litteris.

1968 1057 2072 1110 418
2098 1055 2253 1109 Zelus
2277 1073 2370 1123 pro
2399 1058 2569 1125 gloria
2599 1055 2696 1108 Dei
2713 1058 2982 1111 decertans
3007 1059 3060 1111 in
3083 1059 3209 1112 viris
3238 1062 3458 1115 sanctis.

1973 1127 2078 1180 419
2119 1127 2452 1198 Arundineus
2486 1127 2995 1198 _baculus_/Eggpti
3045 1129 3170 1196 quid
3202 1131 3460 1198 signiﬁcet

1897 1198 2037 1264 apud
2084 1196 2390 1264 prophetam
2430 1211 2448 1247 :
2479 1193 2679 1247 Filium
2727 1195 2821 1248 Dei
2854 1193 2991 1263 post
3046 1193 3458 1251 incarnationem

1897 1267 2152 1320 mansisse
2178 1267 2637 1326 incommutatum,
2666 1265 3021 1331 inconfusum,
3071 1276 3120 1317 et
3156 1267 3456 1322 indivisum.
3503 1309 3508 1314 -

1895 1333 2088 1402 Confer
2133 1336 2336 1402 scripta
2385 1334 2686 1398 Athanasii,
2753 1335 2992 1404 dialogos
3043 1334 3366 1402 Theodoreti,
3407 1346 3459 1390 et

1896 1405 2142 1456 aliorum.

1965 1475 2071 1528 4'20
2104 1473 2423 1528 Exhortatio
2453 1473 2519 1527 ad
2546 1471 2914 1526 liberalitatem
2938 1473 2994 1526 in
3021 1489 3272 1543 pauperes
3311 1490 3461 1528 exer-

1896 1545 2112 1595 cendain

1977 1613 2072 1665 421
2118 1609 2350 1667 Excusat
2376 1613 2746 1668 vehementiam
2778 1613 3066 1678 superioris
3091 1614 3246 1678 epist.

1957 1679 2063 1733 422
2079 1681 2545 1751 ContraArianos,
2563 1679 3026 1743 dicentes,Patrem
3041 1681 3183 1735 Filio
3202 1683 3456 1751 majorem

1891 1749 2394 1822 esseLComparatio
2410 1755 2547 1807 inter
2567 1768 2794 1822 quasrres
2813 1752 2983 1804 locum
3005 1755 3210 1822 habeat,
3233 1749 3309 1822 vel
3329 1768 3450 1806 non.

2088 1820 2396 1893 D_ehortatio
2426 1841 2456 1875 a
2485 1820 2630 1893 gula,
2663 1821 2874 1889 ejusque
2896 1822 3081 1873 comite
3113 1821 3349 1874 libidine.

1948 1888 2054 1940 424
2098 1891 2175 1944 De
2229 1888 2586 1946 moderatione
2619 1893 2671 1944 in
2714 1888 2827 1943 cibo
2875 1899 2923 1943 et
2961 1900 3086 1957 potu
3124 1907 3157 1943 a
3201 1891 3455 1944 monacho

1891 1958 2206 2012 adhibenda.

1959 2023 2064 2099 425
2089 2028 2389 2099 increpatio
2411 2029 2642 2099 episcopi
2669 2027 2984 2082 Simoniaci.

1955 2097 2058 2151 426
2085 2097 2324 2152 Christus
2347 2097 2459 2153 vere
2482 2101 2679 2152 dicitur
2707 2114 2876 2150 semen
2903 2097 3161 2149 mulieris.

1965 2166 2069 2218 427
2101 2168 2299 2222 Contra
2341 2185 2426 2222 eos
2452 2171 2540 2238 qui
2566 2169 2676 2221 solo
2703 2168 2887 2219 habitu
2914 2168 3290 2235 professionem
3313 2183 3456 2222 ntea-

1893 2237 2122 2306 tiuntur,
2149 2248 2397 2306 tanquam
2423 2237 2704 2291 histriones
2728 2238 2780 2287 in
2817 2252 2990 2288 scena.

1961 2305 2066 2375 428
2094 2305 2367 2372 Quomodo
2391 2311 2554 2361 virtus
2578 2307 2674 2360 Dei
2702 2307 2758 2358 in
2779 2307 3092 2374 infirmitate
3123 2307 3450 2375 perﬁciatur.

1958 2374 2061 2430 429
2088 2378 2359 2441 Quomodo
2404 2379 2543 2432 Deus
2573 2376 2888 2445 sapientiam
2912 2375 3070 2443 hujus
3107 2374 3289 2430 mundi
3315 2378 3454 2430 stul-

1890 2452 1996 2496 tam
2029 2447 2331 2500 reddiderit.

1952 2513 2055 2586 450
2075 2518 2381 2570 Admonitio
2401 2515 2768 2586 quorumdam,
2793 2530 2854 2566 nc
2876 2514 3110 2582 patriam
3135 2514 3364 2581 diripere
3388 2527 3453 2570 ac

1891 2583 2101 2637 turbare
2135 2587 2308 2638 velint.

1967 2651 2064 2705 451
2097 2653 2322 2707 Pietatis
2346 2657 2546 2708 semina
2565 2656 2622 2707 in
2649 2662 2841 2706 natura
2865 2667 3048 2720 sparsa
3073 2661 3218 2704 sunt.

1962 2721 2068 2774 452
2101 2723 2416 2776 Exhortatio
2443 2725 2510 2776 ad
2540 2723 2877 2790 exstirpanda
2915 2723 3065 2790 vitia.

1958 2792 2062 2843 455
2088 2793 2346 2846 Adversus
2375 2795 2611 2846 incendia
2631 2789 2906 2845 libidinum
2932 2789 3274 2842 utilissimum
3295 2791 3451 2858 phar-

1889 2874 2114 2924 macum,
2149 2872 2205 2914 ut
2237 2864 2432 2916 scilicet
2479 2864 2837 2915 recordatione
2875 2860 3174 2927 sempiterni
3212 2861 3344 2930 ignis
3385 2878 3449 2916 ea

1888 2930 2294 2997 restinguamus.

1957 3000 2062 3050 454
2095 3000 2390 3052 Αηηιιειαηι
2422 3008 2605 3053 contra
2636 3000 2933 3052 avaritiam.

1957 3068 2062 3120 455
2090 3068 2164 3120 De
2196 3069 2568 3122 monachorum
2592 3069 2874 3122 institutis.

1955 3137 2058 3188 456
2089 3137 2388 3206 lncrepatio
2416 3140 2640 3191 hominis
2673 3137 2954 3206 deplorati.

1953 3206 2055 3259 457
2093 3227 2110 3256 t
2151 3207 2367 3272 .iledice,
2399 3224 2526 3260 cura
2558 3210 2797 3275 teipsunt.
2837 3224 2854 3258 ι

1953 3275 2056 3347 458
2111 3276 2218 3328 Par
2279 3287 2542 3329 turturum
2583 3287 2630 3329 et
2669 3293 2766 3344 par
2819 3275 3177 3335 columbarum
3229 3293 3294 3330 ex
3339 3275 3449 3347 lege

1885 3345 2203 3412 offerendum
2230 3347 2353 3415 quid
2381 3348 2550 3414 typice
2579 3348 2798 3398 notarit.

1953 3415 2057 3468 459
2089 3416 2360 3479 Quomodo
2384 3416 2774 3484 intetligendum
2811 3417 2880 3468 sit
2910 3421 3047 3484 quod
3091 3420 3226 3474 Deus
3256 3420 3319 3474 de
3348 3435 3446 3473 sua

1882 3485 2179 3553 ptenitentia
2203 3501 2358 3552 super
2389 3487 2630 3538 unctione
2661 3485 2841 3537 Saulis
2873 3490 3020 3540 dicit.

1951 3554 2366 3626 HOUExpositio
2396 3556 2520 3607 dicti
2547 3553 2766 3616 Christi,
2797 3557 2931 3623 quod
2963 3563 3138 3626 pueris
3169 3559 3442 3613 debeamus

1883 3623 2194 3686 assimilart,
2237 3623 2422 3676 Matth.
2463 3639 2616 3676 xvm.

1951 3691 2050 3744 441
2087 3690 2368 3759 Responsio
2399 3693 2465 3744 ad
2500 3693 2811 3746 instantiam
2837 3709 2900 3745 ex
2927 3699 3192 3763 superiore
3219 3695 3442 3766 epistola

1883 3771 2076 3813 natam.

1963 3831 2068 3882 442
2097 3829 2374 3897 Responsio
2397 3832 2464 3882 ad
2497 3830 2658 3882 aliam
2691 3831 3020 3884 instantiam.

1953 3899 2058 3950 445
2091 3897 2301 3968 Dictum
2324 3900 2482 3952 Pauli
2515 3901 2768 3966 quomodo
2797 3901 3175 3968 accipiendum.

1951 3969 2055 4020 444
2091 3967 2154 4041 In
2201 3971 2310 4041 lege
2342 3970 2527 4021 umbra
2559 3969 2659 4036 fuit
2702 3967 3030 4035 futurorum;
3062 3973 3115 4023 in
3147 3971 3436 4041 Evangelia

1883 4038 1997 4105 ipsa
2019 4047 2092 4088 est
2125 4039 2283 4105 facies
2311 4053 2502 4090 rerum.

1951 4107 2054 4159 445
2088 4108 2160 4160 De
2189 4107 2377 4173 puerili
2428 4106 2755 4159 institutione
2799 4115 2905 4159 tam
2939 4109 2991 4160 in
3044 4109 3152 4179 lege
3187 4127 3344 4178 quam
3381 4110 3436 4164 in

1885 4175 2166 4244 Evangelia
2203 4189 2476 4243 usurpata.

1891 4315 1902 4325 .
1942 4245 2054 4324 .446
2084 4245 2390 4324 Objurgatio
2435 4243 2656 4298 hominis
2694 4245 2956 4313 maledici,
2994 4264 3095 4300 non
3134 4257 3191 4301 ut
3237 4259 3435 4317 oportet

1875 4326 2182 4382 jejunantts.

1942 4383 2043 4435 447
2076 4384 2146 4455 [te
2190 4385 2602 4436 contentionibus
2655 4394 2702 4455 et
2755 4387 3117 4439 controversiis
3173 4386 3436 4455 theologo-

1877 4469 2010 4514 rum,
2041 4454 2108 4504 ad
2135 4455 2391 4520 stipendia
2424 4463 2623 4506 tantum
2661 4454 3004 4507 luculentiora
3032 4454 3433 4521 respicientium.

1873 4521 2156 4588 Responsio
2187 4523 2256 4574 ad
2310 4523 2642 4590 quaestionem
2681 4524 2743 4573 de
2788 4521 3054 4593 Philippo,
3093 4527 3180 4593 qui
3209 4527 3259 4576 in
3290 4525 3436 4575 Actis

1877 4601 2047 4660 apost.
2085 4593 2377 4660 baptiznsse
2405 4593 2652 4660 scribitur
2673 4592 2984 4645 eunuchum.

1947 4661 2050 4712 448
2076 4657 2272 4712 Probat
2317 4661 2534 4712 ulterius
2578 4658 2876 4728 Philippum
2923 4662 3096 4725 illum,
3141 4661 3230 4729 qui
3273 4676 3439 4712 eunu-

1877 4730 2027 4781 chum
2056 4730 2360 4797 boptizavit,
2396 4747 2496 4783 non
2523 4730 2684 4797 fuisse
2714 4731 3027 4797 apostolum.

1948 4799 2055 4852 449
2089 4799 2290 4852 Rursus
2323 4802 2383 4851 de
2412 4806 2586 4852 eodem
2622 4797 2866 4866 Philippo
2893 4799 3224 4852 Cwsariensi.

1947 4868 2052 4921 450
2083 4871 2204 4922 Alia
2247 4868 2507 4937 probatio,
2554 4869 2690 4937 quod
2737 4868 3013 4936 Philippus
3060 4867 3145 4919 ille
3184 4867 3434 4934 baptistes

1878 4954 1979 4991 non
2011 4939 2166 5004 fuerit
2205 4940 2490 5006 apostolus.

1945 5007 2040 5060 451
2080 5007 2198 5059 Νοη
2222 5024 2418 5073 semper
2453 5007 2735 5059 cedendum
2765 5007 2926 5060 ventis
2950 5015 2997 5060 et
3021 5006 3432 5074 tempestatibus,

1877 5078 1964 5129 sed
1991 5091 2123 5146 saepe
2154 5079 2313 5129 etiam
2347 5078 2707 5129 resistendum.

1949 5143 2267 5216 452'Votum
2291 5148 2456 5213 pacis,
2475 5147 2608 5212 quod
2629 5146 2751 5216 fecit
2775 5143 3047 5209 Ezechias,
3073 5144 3226 5216 quale
3254 5144 3432 5212 fuerit.

1947 5215 2053 5268 455
2076 5216 2172 5286 Dei
2195 5232 2376 5266 nomen
2409 5213 2815 5286 nullanudesus
2849 5217 2972 5284 quid
3003 5213 3278 5286 significet.

1949 5286 2052 5339 454
2081 5285 2263 5337 Patris
2290 5285 2556 5336 accusatio
2583 5285 2739 5336 etiam
2763 5283 2881 5338 vera
2904 5283 3188 5355 parricidte
3211 5283 3434 5336 exitiosa

1879 5363 1977 5407 est.

1944 5423 2049 5474 455
2077 5422 2274 5486 Quales
2304 5437 2422 5490 opes
2447 5423 2551 5476 sint
2582 5421 2896 5478 Christianis
2925 5426 3115 5478 noxia'.

1947 5492 2052 5544 456
2074 5493 2397 5546 Comessatio
2420 5493 2566 5562 quid,
2589 5501 2636 5546 et
2663 5509 2818 5563 quam
2846 5498 2947 5549 vim
2977 5493 3161 5547 habeat
3185 5490 3233 5543 in
3259 5490 3324 5544 iis
3344 5490 3431 5558 qui

1879 5571 2150 5628 usurpant.
