3890 6134
269 176 375 243 133

267 293 341 346 do
370 290 584 345 velimus
632 289 863 345 nolimus
903 287 1271 360 relinquenda:
1309 299 1456 355 sunt,
1508 288 1731 343 libenter
1774 308 1853 344 re-

268 362 573 431 linquamus
616 372 832 431 propter
891 359 1079 427 Deum,
1122 369 1171 413 et
1235 360 1293 413 in
1345 374 1594 429 pauperes
1668 376 1851 432 eroge-

267 446 392 484 11188
398 469 413 484 ο

345 502 418 622 1:30
448 500 522 555 De
576 510 874 569 contemptu
922 518 1098 555 rerum
1151 500 1506 555 humanarum
1549 518 1659 571 prae
1692 516 1849 571 regno

345 586 543 622 ’orum.

269 586 543 623 certorum.

345 642 407 692 51
445 640 702 694 Desiderii
734 640 897 694 amici
922 641 1077 711 plena
1120 640 1362 708 epistola,
1387 640 1538 709 cujus
1567 642 1855 696 adventum

266 718 507 764 emtat.

301 726 754 901 Iépzlﬁdmonitio
774 780 839 835 de
869 797 995 834 cura
1037 790 1088 835 et
1138 783 1423 837 sedulitate
1453 782 1608 851 ofﬁcii
1648 782 1854 851 episco-

301 867 338 901 να
365 867 434 901 is-

264 867 434 919 potis.

339 921 411 974 35
434 920 774 976 Collaudatio
806 930 939 975 recte
963 920 1246 991 factorum.

337 991 409 1043 54
436 991 656 1046 Virtutis
684 994 920 1047 studium
957 1009 1059 1044 non
1101 1004 1177 1045 est
1224 992 1473 1045 oblivioni
1512 992 1847 1047 tradendum.

343 1061 418 1115 55
452 1062 813 1116 Calamitosus
848 1079 910 1114 ac
939 1063 1097 1115 miser
1139 1063 1329 1115 desinit
1366 1079 1475 1115 esse
1507 1064 1846 1125 miserabilis,

264 1140 319 1184 et
344 1134 559 1184 odiosus
600 1150 711 1185 esse
757 1133 963 1197 incipit,
991 1134 1036 1184 si
1066 1134 1116 1184 in
1151 1133 1280 1200 ipsis
1329 1134 1555 1186 miseriis
1602 1134 1712 1186 suis
1746 1149 1850 1185 non

263 1201 535 1255 abstineat
566 1219 598 1254 a
632 1203 1025 1255 calumniandis
1048 1202 1189 1254 aliis.

338 1272 408 1325 56
438 1272 715 1339 Expositio
746 1273 874 1325 dicti
896 1273 1181 1341 prophetici
1214 1274 1276 1325 de
1297 1273 1346 1325 vi
1373 1280 1422 1325 et
1465 1272 1691 1341 eﬂicacia
1720 1288 1848 1341 pra:-

264 1342 559 1395 dicationis
583 1341 805 1397 Christi.

343 1412 412 1464 57
442 1410 742 1481 lndignitas
793 1411 1083 1467 sacerdotis
1140 1411 1274 1464 nihil
1333 1412 1550 1481 derogat
1601 1413 1845 1482 eﬁicaciw

260 1485 643 1550 mysteriorum
695 1484 1013 1547 divinorum,
1062 1483 1167 1535 sive
1216 1484 1572 1549 symbolarum
1629 1484 1839 1535 salutis.

264 1552 412 1604 Deus
442 1554 581 1606 enim
616 1555 775 1605 etiam
789 1555 1124 1622 indignorum
1158 1560 1519 1617 maiorumque
1545 1553 1839 1605 ministerio

262 1622 330 1673 in
360 1622 551 1675 bonum
576 1627 652 1674 uti
696 1635 882 1690 potest,
904 1633 951 1675 et
973 1623 1196 1690 peridin
1216 1623 1407 1674 animis
1435 1640 1615 1675 carum
1642 1624 1729 1691 qui
1757 1639 1843 1674 sa-

258 1708 363 1762 cra
389 1694 711 1761 participant
747 1695 1026 1762 efficaciter
1064 1701 1329 1759 operatur.
1368 1692 1563 1762 Confer
1596 1710 1677 1762 cp.
1714 1693 1839 1757 120,

256 1760 367 1813 tib.
399 1778 439 1825 l,
459 1774 508 1816 et
533 1760 611 1830 ep.
631 1762 735 1815 540
751 1760 847 1817 lib.
872 1779 952 1815 ιη.

341 1832 409 1903 ξι8
432 1832 748 1903 Objurgatio
769 1834 897 1886 ntali
917 1832 1206 1886 sacerdotis
1231 1831 1543 1885 scandalose
1560 1833 1797 1885 virentis.

340 1902 410 1955 39
453 1903 577 1956 Non
606 1902 833 1956 tantum
874 1904 1267 1971 reprehensione
1317 1918 1517 1966 carere,
1550 1904 1639 1956 sed
1687 1903 1843 1956 laude

253 1987 469 2041 quaque
502 1975 774 2041 abundare
794 1984 1017 2039 Oportet.

329 2043 403 2096 40
438 2042 616 2096 Ventri
643 2061 746 2112 quo
763 2055 916 2111 pacto
940 2041 1324 2106 imperandum.

334 2115 399 2185 4i
434 2114 612 2185 Poena:
636 2116 863 2185 tarditas
881 2114 1138 2185 gravitate
1159 2122 1432 2180 pensatur.

336 2184 408 2237 ΑΞ
420 2182 648 2238 Joannis
663 2182 1019 2253 Chrysos'tomi
1042 2184 1289 2251 elogium,
1308 2184 1623 2237 auctoritate
1636 2182 1845 2237 Libanii

254 2261 518 2327 sophista:
570 2256 989 2327 comprobatum.
1015 2254 1093 2307 De
1137 2253 1450 2319 di/ferentiis
1490 2256 1842 2323 generumdi-

254 2325 436 2382 cendi.
463 2325 657 2392 Confer
683 2325 778 2379 lib.
811 2341 863 2379 tv
905 2341 985 2387 ep.
1025 2362 1040 2376 .
1084 2363 1098 2377 .
1148 2361 1162 2376 .

336 2397 407 2451 45
433 2392 538 2447 Pro
573 2397 952 2448 resurrectione
995 2408 1273 2462 corporum
1310 2394 1741 2451 ratiocinationes
1791 2407 1843 2451 et

252 2466 735 2522 demonstrationes
754 2465 1146 2532 philosophiae.

328 2538 401 2589 Ην
438 2534 757 2587 Exhortatio
781 2536 849 2587 ad
878 2536 1258 2604 eleemosgnas,
1298 2546 1346 2590 et
1377 2538 1672 2592 dehortatio
1708 2555 1739 2591 a
1761 2556 1844 2591 ra-

253 2608 405 2675 pinis
433 2615 482 2677 et
510 2607 827 2677 spoliatione
869 2621 1176 2674 pauperum.
1200 2607 1362 2677 Rape,
1396 2624 1634 2676 congere,
1667 2609 1839 2677 aufer,

251 2676 497 2746 posside,
531 2676 929 2744 relinquendum
965 2684 1061 2728 est.

324 2746 403 2800 45
427 2744 603 2798 Etiam
636 2747 689 2797 in
716 2746 927 2798 virtutis
970 2746 1237 2799 exercitiis
1278 2748 1462 2800 modus
1510 2747 1839 2801 adhibendus

250 2825 362 2879 est,
390 2816 448 2886 τὸ
473 2817 608 2886 Αγὰρ,
640 2816 805 2882 μηδὲν
846 2816 1005 2881 ἄγαν,
1048 2817 1116 2884 μὲ
1136 2817 1349 2886 τέρπει.

332 2885 409 2939 46
447 2884 589 2949 Quid
618 2886 687 2937 sit
716 2886 1129 2953 respondendum
1164 2884 1253 2950 iis,
1278 2890 1367 2955 qui
1388 2889 1671 2942 novitatem
1704 2889 1840 2956 obji-

254 2958 414 3011 ciunt
469 2956 904 3022 reforinatoribus
966 2956 1258 3023 religionis.
1293 2956 1559 3010 Notabilis
1599 2959 1841 3024 epistola,

254 3042 390 3079 cum
418 3041 519 3093 qua
571 3026 801 3095 conferri
837 3035 1052 3093 possunt
1094 3026 1235 3077 dicta
1281 3026 1339 3081 S.
1372 3027 1626 3095 Cypriani
1659 3039 1705 3080 et
1736 3030 1845 3080 Au-

253 3096 468 3165 gustini
511 3096 566 3146 in
607 3093 701 3162 jus
752 3098 1062 3165 canonicum
1101 3095 1270 3147 relata
1322 3115 1353 3149 a
1412 3093 1687 3150 Gratiano.
1726 3097 1842 3150 Vill.

254 3164 411 3219 Dist.
438 3164 491 3224 8,
530 3168 582 3216 in
640 3174 781 3231 part.
842 3164 1067 3217 Decreti.
1125 3166 1281 3233 Conf.
1341 3168 1503 3218 etiam
1559 3166 1849 3219 Arnobium

255 3234 362 3288 lib.
400 3250 417 3287 ι
444 3234 718 3288 Adversus
745 3245 961 3303 gentes.
987 3246 1034 3287 et
1063 3232 1379 3289 Clementem
1412 3236 1847 3291 Alexandrinum.

334 3304 408 3359 47
435 3304 710 3369 Quomodo
764 3304 1160 3375 intelligendum
1189 3308 1278 3371 sit,
1312 3308 1450 3375 quod
1500 3306 1646 3358 Esau
1682 3306 1847 3359 Iacob

256 3376 429 3445 fratri
457 3374 910 3445 Aprimogenitura’
927 3375 1017 3442 jus
1058 3374 1350 3428 vendidisse
1395 3377 1667 3430 scribitur.

333 3445 410 3500 48
444 3443 793 3513 Primogeniti
825 3445 1038 3513 quidam
1070 3445 1270 3512 rejecti,
1301 3447 1423 3499 aliis
1475 3448 1529 3498 in
1556 3463 1735 3499 eorum
1762 3446 1846 3499 lo-

259 3533 385 3569 cum
420 3514 674 3581 suﬂ'ectis.

332 3586 407 3639 49
431 3583 645 3655 Iosephi
669 3585 885 3637 virtutes
909 3594 1262 3648 recensentur,
1278 3585 1338 3638 ob
1364 3603 1493 3655 quas
1518 3595 1564 3638 et
1585 3586 1844 3655 patrisuo

255 3668 307 3709 et
344 3653 739 3724 regiigEggptio
763 3656 954 3706 charus
988 3656 1111 3721 fuit.

331 3722 575 3779 56⁷Νοιὶ
600 3722 876 3778 “debemus
936 3725 1132 3792 oﬁ'endi
1186 3724 1543 3792 improborum
1592 3725 1844 3781 Ecclesia:

254 3797 564 3849 antistitunt
601 3810 844 3861 perversa
876 3795 1075 3848 vivendi
1103 3796 1321 3848 ratione.

326 3868 397 3920 51
436 3864 775 3926 Adhortatio,
819 3874 876 3916 ut
907 3864 997 3934 qui
1037 3865 1223 3936 virtuti
1265 3865 1476 3918 studere
1519 3868 1693 3935 ccepit,
1725 3884 1843 3936 per-

253 3946 351 4006 gat
404 3936 661 3988 bonorum
701 3949 905 3987 morum
961 3935 1158 3988 retibus
1191 3935 1461 3987 hominum
1514 3935 1841 3991 antoresve-

255 4023 404 4060 ηαη.
932 4034 933 4037 η

328 4076 403 4129 52
434 4074 750 4128 Sacerdotio
783 4073 929 4129 salva
968 4082 1145 4126 manet
1179 4090 1277 4127 sua
1306 4076 1561 4144 dignitas,
1588 4086 1644 4129 ut
1667 4078 1843 4130 maxi-

254 4162 337 4199 me
371 4146 664 4214 aliquando
717 4145 772 4197 in
805 4146 1049 4213 indignos
1081 4146 1321 4197 inciderit
1378 4146 1692 4200 sacerdotes.
1728 4147 1841 4199 Ne-

251 4232 355 4283 que
386 4219 527 4268 enim
558 4215 690 4268 vitia
720 4230 1067 4282 personarum
1118 4214 1220 4282 ipsi
1253 4225 1375 4268 sunt
1436 4217 1615 4269 ordini
1667 4218 1840 4286 impu-

254 4288 445 4338 tanda.
1021 4337 1029 4347 _

328 4356 403 4409 55
434 4355 632 4409 Contra
676 4353 899 4407 nimium
934 4352 1136 4407 cultum
1187 4363 1238 4409 et
1267 4358 1461 4424 fucum
1497 4355 1835 4424 feminarum,

249 4442 359 4494 quo
390 4424 599 4478 libidini
624 4424 1192 4493 prcebentincendium.
1222 4423 1488 4477 Notabilis
1512 4427 1840 4491 historia,de

252 4505 378 4547 astu
404 4506 453 4547 et
480 4496 604 4547 dolo
656 4494 788 4546 bono
840 4494 1120 4561 cujusdam
1165 4494 1373 4562 puellm,
1401 4512 1517 4562 qua:
1551 4509 1841 4549 amatorem

252 4581 369 4619 sua:
401 4565 677 4632 pudicitia:
697 4564 922 4617 insidias
957 4574 1245 4616 struentem
1289 4564 1557 4634 eleganter
1585 4566 1739 4618 elusit
1777 4584 1839 4618 ac

252 4636 479 4702 decepit.
517 4634 716 4703 Confer
750 4649 869 4686 cum
912 4633 1012 4686 hac
1072 4635 1227 4701 epist.
1283 4633 1596 4687 Tertullian.
1630 4636 1721 4687 lib.
1768 4636 1842 4690 De

254 4705 406 4757 cultu
445 4704 639 4759 letnin.

334 4776 400 4829 54
427 4774 551 4828 Νοη
604 4772 1053 4827 succumbendum
1084 4772 1140 4825 in
1196 4775 1428 4827 adversis
1482 4790 1596 4841 qua:
1619 4791 1714 4841 pro
1747 4774 1840 4827 Dei

262 4842 432 4911 gloria
466 4846 827 4907 sustinemus;
852 4844 941 4897 sed
981 4844 1192 4896 animus
1222 4847 1456 4913 exemplo
1479 4845 1840 4911 apostolorum

260 4913 642 4981 obﬁrmandus.

335 4983 398 5037 55
438 4984 740 5039 Detestatio
790 4981 1124 5037 crudelitatis
1174 4984 1422 5037 adversus
1477 4984 1758 5053 supplices,
1790 4995 1839 5038 et

260 5057 651 5108 commendatio
680 5054 1030 5106 humanitatis
1065 5069 1127 5105 ac
1163 5055 1558 5106 misericordiie.

337 5122 401 5176 56
438 5123 549 5179 Cur
577 5124 725 5177 Deus
754 5139 857 5176 non
889 5125 1067 5176 omnia
1095 5122 1243 5191 plene
1272 5124 1324 5176 in
1366 5126 1465 5176 hac
1496 5126 1601 5176 vita
1630 5140 1723 5177 nos
1747 5140 1839 5177 co-

251 5208 499 5261 gnoscere
526 5195 749 5248 voluerit

299 5262 405 5343 .757
459 5263 868 5343 Commendatio
913 5261 1218 5316 sobrietatis
1273 5262 1327 5316 in
1387 5262 1546 5329 victu,
1580 5272 1629 5316 et
1681 5263 1839 5318 luxus

255 5336 597 5400 vituperatio.

336 5401 397 5454 εδ
425 5405 499 5457 De
525 5402 704 5457 Paulo
729 5400 966 5470 apostolo
991 5402 1230 5471 cupiente
1259 5402 1377 5469 ﬁeri
1402 5402 1683 5456 anathema
1731 5402 1839 5456 sive

252 5471 396 5544 diris
420 5474 602 5544 deﬁgi,
637 5476 769 5544 dum
802 5472 995 5544 fratres
1023 5473 1107 5525 sui
1139 5471 1318 5544 Iudici
1340 5483 1692 5544 servarentur.

340 5541 404 5594 59
429 5541 741 5597 Admonitio
775 5542 1002 5597 hominis
1054 5541 1272 5610 perditi,
1304 5558 1436 5596 sana
1487 5542 1711 5598 consilia
1756 5558 1839 5595 re-

255 5613 517 5679 spuentis.

1396 179 1959 245 PROLEGOMENA
1997 182 2196 245 EDIT.
2236 183 2480 245 PARIS.

3427 190 3531 255 134

2029 293 2098 365 66
2142 290 2486 365 Sacerdotum
2520 309 2802 365 avarorum
2828 293 3146 365 objurgatio.

2028 363 2091 416 61
2133 364 2213 415 Ad
2246 367 2475 432 gratiam
2513 363 2709 418 Christi
2750 363 3043 420 Saluatoris
3102 365 3348 422 accedere
3377 368 3527 424 debet

1956 432 2222 486 industria
2257 434 2512 488 humana.

2041 502 2110 579 b2
2140 505 2439 579 Admonitio
2464 504 2528 557 de
2555 503 2816 556 servanda
2861 506 3187 579 continentia
3230 512 3525 579 oculorum,

1956 582 2004 647 et
2034 573 2244 647 vitando
2257 590 2536 647 congressu
2558 583 2607 627 et
2638 587 2854 647 aspectu
2868 574 3154 647 libidinoso
3186 573 3525 647 feminarum:

1958 642 2151 710 Confer
2184 660 2265 710 ep.
2299 645 2367 695 89
2398 644 2489 697 lib.
2527 660 2565 707 ι,
2596 654 2643 696 et
2671 660 2750 711 ep.
2788 643 2893 698 278
2922 662 2984 699 ac
3018 646 3144 714 284,
3184 642 3313 713 infr.
3340 654 3393 710 h.
3429 657 3524 711 lib.

1956 727 2018 776 11,
2043 723 2091 765 et
2113 730 2194 781 ep.
2219 715 2305 776 65,
2339 713 2432 767 lib.
2472 730 2552 766 III.
2591 753 2604 765 .
2645 754 2658 767 .
2700 753 2713 765 .
2754 752 2769 767 .

2026 782 2096 835 65
2131 784 2205 835 De
2235 783 2714 858 divinisoraculis,
2748 793 2797 838 et
2848 785 3013 853 ofﬁcio
3068 789 3367 858 interpretis
3403 795 3527 849 illo-

1956 867 2094 913 rum,
2126 869 2188 905 ne
2214 855 2314 905 vim
2348 854 2472 920 ipsis
2509 856 2720 921 afferat.

2025 924 2094 974 64
2125 923 2326 1003 Contra
2351 940 2437 975 eos
2459 926 2548 993 qui
2571 924 2892 992 professione
2920 924 3226 983 Christiana
3252 931 3524 1003 indignam

1952 990 2143 1060 degunt
2169 995 2348 1045 vitam.

2018 1062 2086 1141 o5
2124 1061 2437 1131 Objurgatio
2494 1063 2783 1141 sacerdotis
2840 1065 3201 1135 iinprobi,sua
3256 1071 3524 1141 impietate

1952 1131 2149 1201 multos
2176 1135 2577 1201 corrumpentis.

2026 1202 2094 1254 66
2127 1200 2588 1271 Exponiturlocus
2608 1202 3003 1271 psalmiLxxnt,
3028 1222 3072 1261 ν.
3100 1209 3197 1263 15;
3216 1228 3234 1261 t
3264 1209 3341 1263 Tu
3357 1212 3525 1267 sicca-

1950 1271 2019 1322 sti
2048 1272 2239 1338 ﬂuvios
2290 1271 2503 1325 Etham.
2548 1292 2566 1323 ι

2022 1344 2087 1396 67
2127 1343 2323 1397 Contra
2351 1343 2591 1396 vindicta
2618 1344 2983 1410 cupiditatem.

2022 1413 2090 1491 68
2124 1411 2440 1491 Exhortatio
2476 1414 2541 1465 ad
2558 1416 2792 1491 seipsum
2824 1416 2873 1467 in
2922 1418 3130 1491 virtutis
3166 1420 3341 1473 studio
3368 1438 3524 1491 supe-

1948 1487 2194 1546 randum,
2219 1495 2264 1534 et
2303 1484 2371 1535 ad
2412 1499 2530 1535 vera
2551 1485 2683 1535 bona
2710 1488 3136 1540 consectandum.

2017 1554 2085 1627 69
2115 1555 2187 1627 [te
2218 1554 2422 1605 duobus
2480 1554 2791 1627 vitiosarum
2827 1558 3175 1627 sacerdotum
3227 1561 3518 1627 generibus.

2020 1625 2086 1699 7Q
2121 1624 2193 1699 lie
2228 1625 2624 1699 prteparatione
2672 1625 2836 1675 animi
2886 1625 2953 1677 ad
3009 1624 3245 1680 divinam
3290 1634 3523 1699 gratiam

1944 1692 2347 1761 suscipiendam.

2017 1765 2078 1817 7t
2119 1762 2390 1838 liefutatio
2410 1763 2613 1831 frivola:
2635 1764 3016 1838 excusationis,
3049 1782 3153 1835 qua
3178 1769 3443 1838 improbus
3470 1780 3521 1827 et

1947 1833 2281 1889 Simoniacus
2309 1835 2581 1902 episcopus
2617 1836 2792 1903 fuerat
2824 1853 2969 1887 usus.

2010 1904 2079 1957 72
2112 1904 2287 1973 Docet,
2324 1905 2504 1955 vitium
2534 1922 2636 1956 non
2665 1922 2775 1958 esse
2816 1905 3014 1957 homini
3038 1922 3131 1973 per
3160 1918 3412 1963 naturam
3438 1911 3522 1965 in-

1944 1976 2125 2039 situm,
2153 1972 2243 2025 sed
2293 1976 2536 2045 contrahi
2581 1976 3003 2044 assuefactione;
3038 1972 3265 2045 ideoque
3302 1996 3368 2033 ea:
3417 1982 3520 2033 int-

1944 2046 2105 2118 probo
2136 2046 2303 2096 virum
2330 2043 2521 2096 bonum
2550 2047 2665 2113 ﬁeri
2694 2043 2845 2113 passe
2871 2060 2889 2097 :
2919 2046 3059 2114 quod
3094 2043 3344 2118 exemplis
3368 2066 3515 2103 com-

1982 2115 2149 2168 robat.

1982 2134 2149 2168 rooat.

1943 2134 1975 2185 p
2006 2187 2072 2240 75
2104 2185 2175 2237 De
2201 2186 2434 2237 utilitate
2465 2183 2706 2237 lectionis
2740 2202 3017 2237 sacrarum
3045 2185 3394 2243 Litterarum.

2007 2257 2073 2309 74
2116 2254 2333 2308 Utilitas
2388 2257 2708 2314 morborum,
2764 2257 3097 2325 aliarumque
3152 2260 3520 2313 calamitatum

1945 2344 2046 2380 non
2076 2336 2341 2394 postrema
2359 2334 2455 2388 est,
2476 2326 2612 2399 quod
2636 2326 2868 2399 reprimit
2900 2339 3053 2394 atque
3079 2330 3303 2398 castigat
3330 2347 3519 2399 super-

1946 2399 2105 2458 biam,
2136 2412 2310 2448 rerum
2344 2395 2694 2447 secundarum
2724 2396 2984 2447 comitem.

2006 2467 2074 2520 75
2094 2466 2411 2534 Objurgatio
2439 2464 2664 2532 improbi
2700 2475 2748 2516 et
2781 2465 3025 2530 Epicurei
3055 2468 3370 2523 sacerdotis.

1994 2537 2062 2589 76
2094 2536 2166 2589 De
2196 2537 2615 2598 calamitatibus,
2647 2551 2776 2601 quas
2804 2551 2948 2586 nemo
2976 2536 3247 2590 hominum
3290 2540 3519 2607 effugere

1943 2617 2132 2675 potest,
2163 2607 2370 2675 fortiter
2390 2608 2733 2675 perferendis,
2766 2620 2828 2656 ne
2870 2607 3243 2660 tentationibus
3281 2626 3521 2662 succum-

1946 2680 2152 2729 bamus.

2002 2746 2065 2798 77
2112 2746 2479 2813 Swpenumero
2534 2748 2705 2814 fatum
2750 2759 2811 2795 ne
2861 2746 3068 2813 quidem
3100 2751 3520 2812 praenuntiatum

1947 2816 2171 2886 effugere
2199 2819 2429 2869 homines
2460 2827 2694 2883 possunt.

2004 2888 2072 2940 Ἱδ
2109 2886 2392 2940 Exit-uncis
2424 2896 2578 2954 atque
2634 2889 2827 2955 ignotis
2881 2888 3175 2953 benefacere
3216 2889 3391 2956 major
3440 2902 3519 2943 est

1950 2957 2113 3009 virtus
2144 2973 2303 3025 quam
2335 2958 2389 3007 in
2418 2957 2735 3025 propinquos
2765 2972 2812 3011 et.
2858 2966 3007 3009 notos
3062 2973 3171 3009 esse
3212 2958 3509 3013 liberalem.

2010 3026 2073 3078 79
2106 3027 2280 3097 Monet
2322 3028 2639 3097 episcopum,
2676 3044 2740 3080 ne
2786 3038 2943 3080 cesset
3001 3025 3293 3094 improbum
3331 3030 3519 3097 objur-

1952 3112 2077 3166 gare
2110 3107 2157 3147 et
2190 3096 2256 3147 ad
2290 3095 2548 3147 meliorem
2584 3096 2786 3165 frugem
2815 3111 3074 3150 revocare.

2012 3165 2080 3217 80
2102 3166 2407 3217 Admonitio
2437 3174 2484 3217 et
2514 3166 2804 3231 increpatio
2842 3168 3064 3232 improbi
3120 3182 3181 3217 ac
3206 3169 3399 3231 perditi
3428 3169 3521 3223 ho-

1952 3236 2129 3294 minis,
2158 3251 2224 3287 ne
2256 3252 2359 3287 una
2381 3251 2498 3287 cum
2516 3237 2628 3301 ipso
2653 3238 2750 3289 alii
2779 3253 2979 3306 quoque
2996 3236 3303 3303 perdantur.

2013 3306 2073 3359 8|
2109 3306 2219 3358 Cur
2255 3306 2471 3373 quidam
2520 3307 2679 3358 etiam
2719 3307 3090 3360 involuntariis
3144 3308 3331 3359 morbis
3369 3308 3519 3363 labo-

1949 3388 2126 3496 rgntes
2168 3392 2201 3427 a
2251 3377 2443 3445 templo
2490 3390 2582 3442 per
2636 3378 2970 3430 interdictum
2999 3376 3126 3445 legis
3176 3377 3369 3444 fuerint
3423 3397 3519 3433 ex-

1949 3462 1973 3496 c
2001 3457 2100 3496 usi.

1947 3457 2100 3499 ctus’t.

2003 3516 2072 3569 82
2104 3514 2303 3586 Contra
2332 3514 2544 3585 specula
2570 3516 3021 3586 androgynorum.

2004 3586 2074 3639 85
2129 3584 2369 3639 Conatur
2437 3584 2792 3640 dissidentes"
2824 3590 3021 3640 amicos
3068 3586 3122 3636 in
3183 3590 3519 3643 concordiam

1948 3656 2198 3722 redigere.

2013 3727 2080 3779 84
2113 3726 2296 3778 Hostes
2331 3743 2433 3778 non
2454 3736 2576 3779 sunt
2612 3729 2951 3782 concludendi
3008 3731 3061 3781 in
3119 3743 3381 3782 extremas
3419 3748 3519 3783 an-

1946 3798 2147 3867 gustias
2182 3812 2242 3848 ne
2274 3797 2475 3849 irritati
2532 3800 2809 3851 consilium
2834 3816 2864 3851 a
2899 3800 3200 3852 necessitate
3238 3810 3438 3867 petant,
3468 3812 3517 3853 et

1943 3864 2228 3933 plurimum
2267 3869 2411 3919 nobis
2447 3879 2682 3921 noceant.

2000 3937 2068 3988 85
2084 3935 2153 3987 1)(
2200 3936 2427 3988 duorum
2458 3940 2765 4005 angelorum
2788 3954 2941 4004 super
2968 3938 3174 3993 Juda'is
3192 3956 3256 3992 ex
3289 3938 3490 4007 Babylo
3508 3971 3519 3980 -

1945 4006 2064 4057 nica
2088 4009 2383 4070 captivitate
2409 4007 2717 4060 reducendis
2752 4011 3103 4071 contentione,
3138 4012 3189 4062 in
3224 4006 3443 4061 historia
3465 4021 3516 4062 et

1945 4077 2138 4146 visione
2169 4075 2402 4129 Danielis
2432 4079 2715 4146 prophetat.

2006 4147 2073 4198 86
2107 4145 2299 4227 Quare.
2324 4146 2458 4226 Deus
2489 4164 2592 4200 non
2632 4149 2810 4202 omnia
2860 4162 3075 4216 peccata
3127 4150 3311 4204 iisdem
3356 4151 3518 4217 pinnis

1942 4231 2146 4282 semper
2171 4229 2419 4283 punierit.

2093 4285 2413 4359 Exhortatio
2443 4286 2709 4341 Laconica
2764 4289 2832 4340 ad
2872 4290 3115 4356 pietatem
3145 4301 3192 4342 et
3221 4290 3514 4359 justitiam.

1997 4358 2065 4408 88
2093 4358 2200 4407 Cur
2215 4356 2477 4430 Christus
2509 4360 2745 4411 laudarit
2774 4360 3023 4424 feminam
3053 4356 3373 4427 unguentum
3402 4380 3519 4430 pre-

1947 4424 2136 4477 tiosum
2167 4427 2538 4494 e/fundentem,
2562 4438 2610 4481 et
2650 4430 2710 4482 ob
2748 4430 2801 4481 id
2838 4430 2901 4481 ab
2938 4424 3189 4496 apostolis
3243 4424 3519 4501 reprehen-

1943 4511 2077 4548 sam.

1993 4565 2060 4617 89
2099 4565 2410 4619 Exhortatio
2463 4568 2532 4619 ad
2585 4569 2786 4622 cultum
2848 4570 3223 4637 capessendam
3281 4572 3516 4636 uirtutis,

1944 4644 2150 4686 ostensa
2178 4638 2289 4705 ejus
2307 4638 2721 4704 pulchritudine,
2749 4655 2865 4704 qua:
2889 4640 3044 4691 vincit
3073 4642 3272 4691 omnia.

1998 4705 2066 4757 90
2085 4706 2391 4759 Admonitio
2414 4710 2475 4760 de
2509 4711 2750 4761 cavendis
2779 4710 3061 4761 hwresibus
3080 4726 3110 4759 a
3140 4709 3353 4761 diabolo
3381 4712 3518 4765 exci-

1946 4778 2068 4827 tatis
2096 4777 2146 4826 in
2174 4780 2455 4844 perniciem
2481 4780 2688 4831 invich
2721 4781 2977 4831 veritatis.

2006 4844 2067 4896 9|
2103 4846 2173 4896 De
2206 4849 2497 4914 Areopago,
2520 4850 2656 4900 unde
2685 4866 2869 4899 nomen
2902 4847 3177 4911 acceperit.

2003 4914 2071 4966 92
2106 4915 2247 4967 .vilars
2272 4918 2331 4968 ob
2352 4920 2679 4981 iiuertectum
2717 4917 3136 4968 llalirrhothtnm
3165 4925 3517 4983 stupratorem

1943 4984 2070 5058 ﬁlia’
2098 4985 2361 5053 Alcippes.
2390 5004 2551 5054 quam
2599 5001 2661 5036 ex
2700 4988 2936 5058 Agraultt
2980 4986 3225 5058 Cecropis
3271 4988 3383 5054 filia
3425 5006 3519 5058 per

1944 5055 2045 5105 vim
2095 5071 2390 5118 compressa
2448 5066 2767 5122 susceperat,
2795 5074 2826 5107 a
2872 5055 3114 5122 Νιοριυηυ
3159 5055 3518 5113 Halirrhothii

1942 5124 2054 5191 ﬁlio
2076 5125 2263 5191 capitis
2307 5138 2607 5184 accusatus,
2636 5125 2697 5175 ab
2750 5127 3084 5193 Areopagitis
3139 5129 3515 5182 condemnatus

1942 5205 2037 5245 est.
2076 5193 2312 5267 __lndequ_e
2353 5195 2567 5267 "Apsto;
2600 5196 2935 5267 adyogquasi
2959 5196 3145 5267 Martis
3178 5198 3328 5248 vicus
3344 5200 3516 5251 dictus

1942 5273 2038 5314 est.
2064 5264 2221 5330 Con].
2258 5264 2589 5317 Pausaniam
2621 5267 2674 5317 in
2703 5264 2915 5330 Atticis,
2939 5277 2984 5318 et
3015 5265 3241 5319 Suidam
3270 5269 3323 5317 in
3367 5269 3516 5321 verbo

1948 5334 2163 5401 Ἄρειος
2195 5336 2389 5401 πάγος.

2013 5404 2083 5455 95
2116 5404 2311 5456 Contra
2342 5405 2577 5478 curiosas
2607 5407 2918 5478 qnggstiones
2935 5406 3173 5478 derebus
3193 5420 3401 5478 captum
3421 5408 3517 5459 lm-

1944 5488 2171 5547 m_a_num_
2214 5474 2605 5547 superantibus.
2650 5475 2846 5543 Confer
2878 5494 2959 5545 ep.
2994 5476 3117 5547 [00,
3150 5474 3274 5547 infr'.
3304 5518 3321 5540 ,
3351 5491 3398 5531 et
3430 5495 3510 5546 ep.

1942 5542 2048 5595 275
2076 5542 2194 5595 eod.
2228 5542 2321 5596 lib.
2357 5558 2415 5607 ll,
2442 5554 2491 5597 et
2518 5558 2597 5611 ep.
2646 5546 2713 5600 37
2757 5542 2852 5601 lib.
2887 5542 2965 5600 Iit.
3002 5542 3215 5600 sum/es
3245 5542 3516 5603 senentite

1945 5621 2066 5666 sunt
2097 5612 2236 5681 apud
2273 5611 2588 5668 Siracidem.
