1945 3067
114 127 153 161 137
653 124 931 156 PROLEGOMENA
950 124 1049 155 EDIT.
1068 125 1189 154 PARIS.

141 182 187 210 158
199 181 350 208 Admonitio
363 181 395 207 de
410 181 498 215 lingua
514 180 682 213 refrenanda,
705 188 783 215 quam
801 184 875 214 negat

113 218 157 252 regi
177 217 239 251 fato.
266 216 377 252 Terntius
399 221 464 252 rotte
487 215 582 252 simile,
608 220 633 241 et
655 223 739 252 annus
762 223 874 242 coronte.

114 250 180 286 stur.
196 260 235 285 ep.
250 252 262 277 1
281 251 326 277 lib.
346 259 381 280 Iv.
395 251 439 276 ubi
452 251 498 286 hoc
511 250 591 276 latius
600 250 756 286 explicatur.

145 287 190 313 159
204 286 371 313 Collaudatio
387 285 498 311 hominis
513 285 547 310 ad
563 289 633 310 recta
646 285 734 311 studia
751 285 876 311 conversi.

143 323 188 348 160
203 321 302 348 Contra
319 328 362 347 eos
383 321 427 353 qui
447 320 495 346 Dei
512 319 619 346 lenitate
634 323 658 345 et
674 319 812 345 clementia
833 319 879 345 ab-

113 361 220 388 utuntur,
236 361 264 382 ut
279 355 341 382 inde
356 363 407 381 non
420 355 547 384 meliores,
565 354 608 380 sed
627 355 718 388 seipsis
738 354 878 380 deteriores

130 396 177 418 ant.

143 426 185 453 161
201 424 319 452 Athletas
337 423 480 451 Christiani
494 424 584 450 debent
601 423 701 449 imitari
715 423 742 449 in
756 423 880 450 certami-

111 462 176 488 nibus
203 461 251 486 rite
273 459 411 521 atéeundis.
437 459 533 493 Cottfer
559 460 699 493 Augustin.
733 458 772 485 De
793 466 880 492 agone

111 496 200 521 Christi
219 502 277 521 cap.
315 515 320 520 .

110 496 200 523 Christi
219 502 277 523 cap.
294 496 320 521 6.

139 502 344 557 ἳόἒυεῖῗὲλιυᾶε
368 529 446 555 malis
471 527 650 555 sacerdotibus
676 535 726 554 non
745 532 784 554 est
811 526 880 554 male

109 565 265 600 loquendum.

140 600 187 627 165
202 598 358 625 Admonitio.
386 598 418 624 de
445 598 595 624 adversario
625 597 652 624 in
669 597 878 632 reprehensione,

108 635 215 669 quamuis
230 634 385 668 promerita,
402 633 535 669 moderate
552 632 702 669 tractando.

141 670 187 696 161
203 666 347 695 llominum
369 668 490 694 socordia
514 667 544 701 ﬁt
566 671 595 693 ut
613 666 745 697 diabolus.
763 667 879 702 quamvis

109 706 181 731 rictus
207 709 286 738 atque
311 709 461 734 prostratus
487 711 502 728 a
525 702 641 734 Christo,
669 701 879 738 tamen'multos

110 739 221 766 mortales
234 736 330 768 vincat.
345 746 480 772 secumque
495 738 523 763 in
538 737 636 764 exitum
651 738 797 772 pertrahat.
812 736 881 763 Con—

109 775 143 807 fer
158 774 294 808 epistolam
308 774 360 800 228
381 771 442 799 ιιι(
461 781 502 804 ιιι,
525 777 549 798 et
578 772 718 806 Augustin.
743 771 778 799 De
801 776 878 806 temp.

109 817 177 835 scrin.
195 809 257 835 157.

139 844 187 870 165
208 844 246 870 De
261 844 320 869 vita:
334 842 457 868 humana!
472 841 589 868 vanitate
603 845 627 867 et
644 840 769 867 miseriis.

141 880 188 905 166
206 879 260 905 Cur
290 877 410 905 Christus
434 877 626 911 reprehenderit
655 876 794 907 mulieres,
823 883 882 909 qua:

110 914 185 948 ipsum
209 912 434 948 commiseratione
451 911 678 948 prosequebantur
694 918 754 948 cum
767 910 802 936 ad
820 918 883 937 cru-

109 945 156 974 cem
167 949 383 982 proﬁcisceretur.
398 947 493 980 Confer
503 947 584 982 epist.
600 945 653 972 285
668 945 695 971 h.
711 945 757 971 lib.
775 953 804 972 ιι.

141 983 186 1009 167
201 981 299 1014 Quales
312 989 455 1012 sermones,
469 981 533 1007 tales
549 988 644 1007 mores.

109 1052 126 1080 s
140 1018 186 1078 1258
202 1013 388 1051 Paupertatem
398 1024 449 1043 non
456 1024 511 1042 esse
525 1013 795 1050 probrosam.Confer
802 1013 882 1042 Joan.

128 1058 150 1078 to
167 1061 270 1079 (eum...

128 1053 270 1079 tobaeum...

141 1088 187 1114 169
202 1088 367 1115 Coronarum
387 1086 580 1112 mundanarum
603 1089 628 1112 et
654 1084 798 1111 ctzlestium
810 1084 884 1121 longe

108 1123 192 1156 dispar
203 1127 242 1148 est
262 1123 342 1148 ratio.

143 1155 192 1184 170
208 1157 363 1185 Cohartatio
382 1155 416 1182 ad
431 1155 649 1190 perseverantiam
664 1155 692 1181 in
709 1155 785 1182 bono.

141 1192 184 1219 171
202 1192 355 1227 Increpatio
367 1189 560 1225 flagitiosorum
581 1190 726 1223 hominum,
745 1194 769 1216 et
783 1189 818 1216 ad
832 1197 885 1216 rne-

109 1228 193 1254 liorem
208 1228 311 1261 frugem
324 1227 463 1261 revocatio.

141 1263 189 1289 172
204 1259 282 1290 Cati:
296 1262 324 1288 in
338 1261 422 1288 sacris
436 1260 544 1287 Litteris
555 1267 623 1291 stepe
639 1259 770 1294 significat
783 1267 886 1293 pinnam

109 1298 195 1331 cuique
215 1296 309 1323 delicto
329 1301 540 1331 attemperatam.
559 1294 654 1328 Confer
667 1294 737 1331 ep._6
749 1294 797 1320 lib.
812 1303 830 1321 ι.

141 1329 191 1359 175
206 1332 328 1359 Christus
344 1339 426 1365 quare
440 1330 539 1365 ﬂeverit
554 1337 613 1355 cum
627 1335 692 1356 esset
704 1329 842 1365 Lazarum
858 1329 887 1356 in

108 1367 185 1393 citam
204 1364 383 1398 revocaturus,
395 1373 468 1400 quem
490 1369 576 1391 tamen
594 1372 645 1390 non
661 1364 797 1398 deﬂeverat
814 1372 885 1391 mor-

108 1408 187 1428 tuum.

141 1437 192 1463 174
208 1435 264 1469 Qui
281 1436 331 1471 fiat
353 1435 431 1470 quod,
445 1443 504 1462 cum
517 1442 605 1471 omnes
623 1433 731 1471 probent
753 1434 886 1471 virtutem.

108 1477 130 1498 et
149 1468 295 1506 improbent
321 1468 423 1503 vitium,
455 1472 536 1496 etiam
563 1468 687 1503 improbi,
712 1473 799 1495 tamen
826 1469 887 1495 huic

109 1507 190 1540 plures
203 1507 256 1533 sint
270 1506 362 1532 dediti.

141 1542 191 1569 175
205 1541 335 1574 Exempla
350 1546 374 1567 et
396 1540 579 1567 similituindes
599 1544 727 1573 quatenus
740 1539 792 1565 sint
808 1538 885 1565 intel-

110 1576 225 1611 ligenda,
253 1576 293 1603 vel
318 1576 497 1610 repudiandae.
518 1575 615 1610 Confer
635 1577 712 1608 epist.
730 1574 778 1601 107
795 1578 819 1600 et
833 1574 885 1600 267

109 1612 153 1637 lib.
169 1619 207 1638 ιιι.

142 1646 190 1673 176
203 1645 314 1672 Nasica:
324 1646 362 1672 vis
375 1651 452 1680 atque
461 1645 584 1679 efﬁcacia
596 1645 622 1671 in
635 1645 730 1671 animis
741 1644 885 1671 hominum.

143 1681 191 1707 177
206 1680 348 1715 Expositio
363 1680 415 1707 loci
432 1680 550 1707 Danielis
566 1680 658 1714 proph.
670 1687 728 1713 cap.
746 1687 780 1715 ly.

146 1716 193 1743 178
210 1712 388 1750 Conﬁrmatio
402 1714 446 1742 Pii
462 1712 574 1750 episcopi
587 1712 618 1741 in
632 1722 680 1741 suo
700 1712 820 1740 instituto
836 1712 887 1740 im-

110 1751 198 1784 probos
213 1751 372 1785 corrigendi.

146 1786 194 1812 179
209 1786 248 1812 De
258 1782 465 1816 calamitatibus,
483 1792 540 1819 qua:
553 1791 728 1817 saepenumero
747 1783 827 1810 etiam
841 1782 887 1809 bo-

113 1820 150 1846 nis
163 1822 225 1847 viris
243 1821 383 1852 accedunt,
397 1820 465 1855 quod
478 1827 537 1855 innn
556 1821 664 1855 debeant
678 1819 762 1855 accipi
780 1825 827 1855 pro
841 1826 886 1855 ar-

114 1856 237 1888 gumentis
267 1852 418 1887 scelerum}
438 1854 482 1882 sed
507 1862 553 1888 pro
578 1853 757 1888 exploratione
771 1852 886 1879 virtutis.

112 1890 204 1923 (.onfer
219 1890 267 1916 lib.
285 1898 292 1917 ι
307 1899 348 1924 ep.
362 1890 425 1922 555,
437 1895 460 1917 et
475 1889 528 1916 205
542 1889 588 1915 lib.
607 1897 648 1916 ιιι.

145 1922 196 1951 180
211 1926 252 1951 Sit
264 1922 326 1952 vita'
336 1925 469 1952 sermonis
480 1932 571 1951 comes
585 1924 647 1950 boni
661 1922 755 1957 proba.

145 1960 191 1986 181
212 1959 368 1994 Objurgatio
383 1960 450 1993 ejus,
470 1960 515 1994 qui
530 1956 687 1985 monitorum
710 1959 847 1984 immemor
861 1956 888 1983 in

113 1996 208 2020 amicos
223 1993 337 2029 injurias
351 1995 448 2028 fuerat.
477 1993 480 1994 ⁷
499 1993 503 1995 1

146 2029 198 2056 182
209 2027 291 2056 Elicit
306 2027 493 2063 confessionem
505 2028 639 2063 di/f'amati
653 2028 685 2054 de
697 2027 817 2062 flagitiis.

145 2064 196 2092 183
209 2065 246 2091 De
271 2065 369 2091 virtute
390 2065 461 2098 loqui
485 2064 563 2098 facile
584 2069 640 2095 est;
659 2069 685 2089 at
705 2064 787 2090 vivere
808 2066 888 2094 recte,

113 2099 157 2125 hoc
170 2108 246 2133 opus,
260 2099 302 2126 hic
316 2100 392 2126 labor
402 2104 451 2126 est.

148 2131 198 2161 18.1
213 2133 426 2168 Haudquaquam
455 2137 497 2161 est
527 2133 629 2160 homini
653 2133 740 2160 virtus
763 2131 887 2168 mercede

113 2169 235 2196 colenda.
252 2167 383 2196 Mercedis
399 2169 453 2195 sola
467 2172 583 2195 estnam
598 2169 664 2204 satis
681 2169 738 2203 ipsa
753 2167 816 2194 sibi.

148 2204 200 2230 165
215 2204 372 2239 Objurgatio
388 2203 499 2237 improbi
510 2203 663 2230 sacerdotis.

148 2239 201 2265 186
215 2237 430 2274 Deusfquarnris
454 2237 784 2274 incomprehensibilis_sit,
803 2241 891 2263 tamen

114 2280 140 2299 tn
152 2279 234 2300 mente
249 2272 325 2300 casta
339 2280 362 2300 et
378 2282 445 2308 pura
459 2274 546 2300 sedem
558 2273 649 2299 habere
663 2272 769 2308 gaudet.

114 2341 130 2367 ά
148 2309 197 2335 187
213 2308 367 2336 Remedium
378 2307 500 2335 vulneris
521 2308 552 2334 ab
574 2307 674 2334 auxilio
695 2307 783 2333 divino
802 2312 891 2341 peten-

133 2351 173 2367 um.
189 2349 238 2367 est.

133 2351 173 2369 um
189 2349 238 2370 est.

149 2378 199 2405 188
213 2379 351 2411 Quantum
368 2378 437 2404 inter
458 2377 525 2413 leges
546 2377 649 2404 divinas
668 2381 692 2403 et
707 2376 835 2403 humanas
850 2376 892 2402 in-

117 2414 196 2440 tersit.

152 2448 201 2475 189
217 2448 370 2474 Remedium
383 2452 474 2474 contra
490 2447 569 2473 iram.

152 2484 200 2510 190
216 2483 365 2517 Castigatio
377 2483 459 2508 animi
471 2482 535 2509 elati
548 2482 575 2508 in
589 2481 663 2508 rebus
677 2481 805 2507 secundis.

153 2518 197 2544 101
216 2519 316 2544 Contra
328 2517 485 2551 superbiam.

149 2552 198 2579 192
213 2552 251 2579 De
265 2553 389 2587 mysterio
401 2552 597 2578 lncarnationis
615 2550 681 2577 Filii
697 2550 754 2577 Dei.

150 2587 200 2614 195
215 2584 399 2621 Turpitudinis
418 2587 542 2620 suspicio,
551 2587 686 2621 judicatio
707 2591 730 2612 et
753 2584 895 2619 deprehen-

116 2621 154 2647 sio
164 2623 250 2657 qualis
262 2624 307 2650 sit.

151 2654 202 2685 194
216 2657 395 2692 lngratissimi
408 2660 468 2682 sunt
479 2657 594 2683 omnium
609 2656 772 2692 mortalium,
782 2654 827 2692 qui
841 2654 894 2680 cri-

115 2689 305 2720 minantur'eos
317 2692 411 2726 quibus
423 2693 535 2725 gratiant
550 2691 642 2726 habere
657 2689 831 2726 conveniebat.

149 2726 201 2754 195
218 2728 306 2762 Neque
321 2723 410 2753 omnia
424 2723 504 2760 neque
518 2726 591 2752 nulla
615 2725 712 2762 Veteris
728 2723 895 2762 rTestantenti

117 2759 187 2787 dicta
205 2763 236 2789 de
257 2759 364 2790 Christo
390 2762 505 2788 accivere
534 2766 644 2795 oportet.
662 2761 759 2794 Confer
781 2768 821 2793 cp.
844 2759 895 2785 550

119 2794 165 2821 lib.
176 2805 204 2821 ιιι
217 2802 239 2821 et
253 2798 300 2821 lib.
316 2805 354 2821 ιν.

130 2798 165 2821 Ib.
176 2805 204 2823 ιιι
217 2802 239 2823 et
253 2798 300 2824 lib.
316 2805 354 2823 ιν.

158 2831 205 2858 196
221 2832 413 2859 Testamentum
444 2832 470 2857 in
502 2831 584 2857 sacris
618 2830 725 2858 Litteris
764 2830 895 2865 signiﬁcat

272 2879 406 2909 PATROL.
421 2872 486 2908 'Gn.
509 2878 552 2907 LX
559 2877 664 2907 XVI“.

1657 123 1706 155 138

929 184 1036 215 pactum
1048 179 1099 205 sive
1115 179 1329 215 promissionem,
1347 184 1372 215 _et
1388 187 1479 213 quare,
1500 180 1553 206 sive
1572 179 1603 206 de
1628 179 1708 215 diffe-

929 215 1013 241 rentia
1028 214 1098 240 inter
1113 214 1247 248 συνθήκας
1262 219 1286 240 et
1299 213 1438 248 διαθήκας.

966 249 1017 275 197
1034 248 1239 283 Dejudiciorum
1254 249 1420 282 perversitate
1433 254 1457 276 et
1474 250 1606 276 socordia.

966 284 1017 310 198
1031 283 1145 318 Regnum
1160 283 1258 310 Christi
1276 284 1361 310 simile
1375 292 1456 318 grano
1469 285 1579 318 sinapis.

962 318 1013 345 199
1028 318 1202 345 Comminatio
1219 326 1363 352 ptenarum.
1379 328 1437 353 qute
1456 319 1573 353 improbo
1588 320 1708 354 episcopo

930 354 1106 393 impendeant.
1129 354 1250 388 indignos
1267 354 1302 379 ad
1323 362 1428 380 sacrum
1451 355 1626 381 ministerium
1649 363 1710 388 pro-

929 393 1051 415 nzoventt.

964 423 1016 450 200
1031 422 1132 459 Impius
1143 423 1264 459 sacerdos
1276 432 1327 450 non
1341 428 1394 450 tam
1408 423 1556 451 sacerdotio
1570 433 1618 451 suo
1627 433 1710 459 quam

930 458 979 493 sibi
995 458 1047 491 ipsi
1069 462 1152 484 nocet.
1174 458 1231 484 Nec
1252 465 1356 492 propter
1376 460 1440 485 vitia
1464 458 1636 493 personarum
1655 459 1710 492 ipse

930 492 994 519 ordo
1009 501 1054 519 seu
1073 501 1166 519 munus
1187 494 1213 519 in
1237 494 1334 520 crimen
1354 495 1442 520 vocari
1465 492 1552 521 debet.
1579 494 1711 521 Sacerdo-

930 529 995 554 tium
1008 528 1091 564 magis
1110 534 1148 554 est
1170 527 1326 563 λειτουργία
1340 537 1418 563 quam
1438 528 1517 562 ἀξια,
1538 530 1622 564 magis
1643 538 1710 557 onus

929 570 1008 597 quttm
1020 562 1110 589 honos.

964 597 1013 623 201
1038 597 1126 633 Virtus
1146 601 1183 633 est
1205 598 1292 624 instar
1317 598 1499 632 fundamenti;
1521 598 1606 633 logica
1628 607 1710 625 orna-

930 633 1010 658 menti
1025 632 1189 665 philosopltia
1211 641 1256 659 seu
1277 641 1363 667 rerum
1380 634 1564 667 contemplatio
1578 635 1710 660 coronidis

931 666 987 692 loco
1007 672 1031 693 et
1049 667 1151 701 fastigii
1171 667 1283 694 accedit.
1304 666 1369 694 Sola
1393 666 1486 695 autem
1501 669 1585 703 pietas
1607 670 1711 703 proprie

930 707 968 728 est
978 702 1108 735 sapientia
1120 710 1192 729 vera.

965 736 1018 762 202
1037 736 1117 772 Venia
1136 741 1174 763 est
1195 742 1383 772 peccatorum;
1406 737 1465 764 laus
1487 742 1511 763 et
1533 737 1619 772 gloria
1643 743 1712 765 recte

932 771 1010 805 factis
1024 771 1140 798 debetur.

968 805 1184 839 2051ncrepatio
1208 805 1322 841 hominis
1352 806 1482 841 improbi,
1510 807 1713 835 comminatione

934 841 1016 876 divini
1028 841 1135 875 judicii,
1151 841 1219 875 quod
1236 840 1313 867 Plato
1329 849 1429 876 quoque
1443 842 1561 876 agnocit.

970 875 1022 903 204
1038 876 1214 908 Curjucunda
1225 876 1348 902 libentius
1361 884 1438 910 quam
1451 875 1544 903 idonea
1557 877 1711 903 audiantur.

1034 911 1189 947 Oltjttrgatio
1210 911 1319 944 improbi
1336 920 1366 937 ac
1382 912 1478 945 perditi
1496 912 1652 945 sacerdotis,
1669 912 1714 947 qui

933 946 1033 973 nullam
1046 954 1099 971 sua‘
1112 946 1247 979 dtgnitatis
1265 947 1392 972 rationem
1406 946 1492 973 habet.

968 980 1020 1007 206
1038 980 1131 1006 Rerum
1148 981 1382 1012 pulcherrimarum
1395 980 1525 1008 laudatio.

966 1015 1018 1042 207
1031 1015 1116 1041 Justis
1128 1015 1211 1048 judca:
1229 1016 1286 1048 quis
1301 1017 1342 1042 sit.

968 1051 1019 1077 208
1032 1051 1130 1077 Contra
1145 1051 1291 1076 sacerdotes
1309 1051 1354 1085 qui
1375 1050 1454 1077 aliter
1466 1051 1554 1078 vivunt
1569 1058 1649 1085 quam
1664 1051 1714 1078 do-

935 1092 1003 1116 cent.
1020 1090 1125 1119 quantce
1137 1084 1196 1110 illos
1212 1092 1294 1118 prensa
1308 1084 1442 1113 maneant.

970 1120 1022 1147 209
1040 1119 1174 1156 Quantum
1188 1127 1203 1145 a
1220 1119 1321 1146 vitiosis
1334 1120 1512 1147 sacerdotibus
1530 1120 1595 1147 mali
1613 1121 1715 1156 impor-

935 1160 1004 1182 tetur
1018 1156 1045 1182 in
1059 1155 1136 1181 vitam
1149 1153 1302 1181 humanam.

970 1189 1022 1216 210
1041 1189 1157 1216 Modesta
1181 1195 1284 1226 recusat
1297 1190 1403 1226 nimias
1426 1190 1535 1224 laudes,
1562 1198 1622 1226 quae
1642 1191 1715 1217 oneri

934 1233 990 1252 esse
1001 1229 1186 1251 consueverunt
1200 1224 1326 1252 laudatis.

965 1260 1014 1287 211
1037 1259 1130 1285 Divina
1151 1261 1275 1293 mysteria
1294 1268 1353 1286 cum
1368 1260 1485 1295 indignis
1499 1268 1551 1287 non
1561 1265 1624 1287 sunt
1642 1268 1715 1287 com-

936 1295 1104 1321 municanda.

971 1329 1023 1356 212
1040 1329 1078 1355 De
1097 1334 1210 1362 tempore
1231 1329 1431 1356 resurrectionis
1454 1328 1556 1357 Christi
1580 1329 1717 1357 triduano.

936 1364 1033 1398 Confer
1044 1372 1087 1398 ep.
1104 1364 1152 1390 114
1164 1364 1209 1391 lib.
1226 1373 1245 1391 ι.

971 1399 1022 1425 215
1038 1399 1126 1424 Falsa:
1138 1404 1214 1433 atque
1227 1399 1312 1425 inanis
1325 1399 1461 1433 sapientia:
1482 1399 1644 1426 ethnicorum
1656 1406 1717 1425 cum

937 1442 996 1461 vera
1009 1442 1040 1460 ac
1052 1434 1164 1467 simplici
1177 1434 1388 1460 Christianorum
1401 1435 1574 1467 comparatio.

973 1469 1025 1495 214
1042 1467 1211 1502 Eleeinosgna
1224 1469 1355 1502 quomodo
1371 1468 1471 1495 danda.

973 1503 1026 1530 215
1040 1502 1150 1529 Gravius
1172 1509 1276 1536 peccat,
1302 1504 1347 1538 qui
1374 1503 1587 1536 persuasionibus
1615 1502 1717 1529 inducit

940 1538 1054 1572 puellam
1070 1543 1096 1564 ut
1109 1538 1136 1563 in
1150 1544 1270 1572 stuprum
1286 1539 1441 1570 consentiat.
1456 1547 1535 1573 quam
1549 1538 1594 1573 qui
1616 1538 1640 1565 vi
1659 1546 1718 1565 eam

936 1573 1125 1607 compresserit.

970 1608 1022 1634 216
1037 1607 1116 1633 Deum
1136 1607 1236 1642 politici
1260 1607 1361 1634 ordinis
1383 1608 1410 1634 in
1428 1615 1518 1642 genere
1537 1608 1652 1633 humano
1667 1615 1717 1633 au~

936 1647 1033 1669 ctorem
1050 1650 1114 1673 esse,
1129 1642 1232 1669 tametsi
1244 1650 1428 1676 nonnunquam
1443 1643 1526 1670 malos
1545 1643 1717 1676 magistratus

938 1686 990 1704 non
1006 1682 1058 1703 tant
1073 1678 1173 1704 ordinet
1191 1685 1269 1711 quam
1285 1679 1428 1711 permittat.

971 1712 1023 1738 217
1036 1712 1186 1738 Admonitio
1203 1712 1235 1738 de
1256 1713 1363 1739 vitanda
1387 1712 1519 1746 injustitia
1543 1716 1613 1740 metu
1629 1719 1711 1746 paena:

936 1747 1061 1774 divinitus
1076 1747 1234 1781 infligendte.

969 1782 1023 1809 218
1039 1781 1136 1809 Omnia
1155 1782 1221 1808 bona
1240 1783 1334 1809 divime
1352 1783 1448 1817 gratim
1468 1783 1622 1810 ascribenaa
1646 1788 1717 1810 sunt.

973 1817 1025 1844 219
1040 1817 1192 1843 Adntonitio
1207 1817 1238 1843 de
1252 1826 1302 1843 non
1317 1818 1473 1844 ulciscendis
1487 1819 1603 1851 injuriis,
1614 1819 1719 1845 etiamsi

938 1852 1058 1912 facu7ltp2
1077 1852 1148 1878 adsit
1167 1852 1328 1879 vindicandi.
1350 1852 1446 1887 Confer
1461 1854 1535 1886 epist.
1555 1854 1583 1879 11
1599 1854 1645 1880 lib.
1662 1861 1681 1885 ι,
1694 1857 1720 1879 et

938 1895 977 1912 eo.
1034 1896 1042 1912 ι
1063 1906 1070 1912 .
1088 1895 1128 1912 ιιι.

937 1895 977 1921 ερ.
999 1895 1070 1913 ιιιυ.
1088 1895 1128 1913 ΙΙΙ.

972 1922 1024 1948 220
1039 1921 1082 1947 Ea;
1116 1921 1250 1953 laudibus,
1277 1930 1335 1956 qua:
1351 1922 1414 1949 viris
1437 1923 1510 1948 bonis
1534 1922 1717 1953 ascribuntur,

939 1957 1034 1989 triplea:
1052 1957 1104 1990 fere
1119 1956 1222 1983 utilitas
1238 1958 1332 1983 uritur.

974 1991 1021 2017 221
1043 1992 1080 2017 De
1101 1991 1266 2024 improbitate
1290 1991 1396 2018 Eusebii
1424 2001 1469 2026 per
1491 1992 1658 2024 antiphrasin
1680 1992 1719 2019 sie

939 2026 1075 2060 appellati,
1091 2026 1159 2060 quod
1172 2034 1223 2052 non
1238 2032 1362 2061 perpetuo
1377 2028 1481 2061 impune
1492 2028 1515 2054 ei
1532 2029 1565 2053 sit
1579 2028 1680 2061 futura.

954 2062 1026 2101 .222
1046 2061 1204 2101 lieidenitas
1225 2062 1259 2088 ad
1278 2063 1455 2096 pwnitentiam
1472 2067 1496 2089 et
1515 2063 1574 2089 vita:
1597 2062 1720 2089 emenda-

940 2097 1033 2122 tioncm
1051 2097 1153 2122 invitat.

974 2130 1026 2157 225
1041 2130 1216 2165 Exuggeratio
1237 2131 1426 2166 suppliciorum
1444 2133 1471 2158 in
1489 2137 1604 2159 extremo
1616 2131 1719 2165 judicio

940 2166 1139 2204 irrogandorum
1165 2175 1182 2193 a
1210 2167 1379 2194 multitudine
1409 2173 1585 2202 spectatorum
1608 2173 1633 2194 et
1656 2175 1719 2193 con-

939 2208 1062 2227 actorum.

976 2235 1029 2262 224
1043 2236 1081 2262 De
1099 2236 1199 2262 invidia
1214 2237 1311 2263 viribus
1330 2237 1470 2269 prudenter
1483 2237 1630 2264 toleranda.

975 2269 1028 2297 225
1043 2270 1096 2297 Deo
1110 2273 1195 2297 ontnis
1216 2278 1283 2298 recte
1303 2273 1431 2305 factorum
1446 2272 1504 2299 laus
1522 2272 1720 2299 transcribenda

942 2309 990 2336 est,
1001 2313 1048 2341 nec
1062 2307 1174 2341 propriis
1183 2307 1280 2333 viribus
1299 2307 1491 2341 conﬁdendum.

978 2340 1030 2377 226
1045 2342 1082 2367 Ab
1098 2341 1223 2374 improbis
1236 2340 1378 2376 vituperari
1393 2348 1416 2369 et
1432 2343 1552 2377 infestari
1567 2350 1665 2371 certum
1681 2350 1720 2373 est

943 2375 1081 2408 probitatis
1093 2382 1285 2410 argumentum.

1051 2410 1178 2447 Firtutem
1193 2412 1316 2438 honorari
1327 2413 1451 2439 (aL-tantur
1461 2414 1544 2447 probi.

978 2445 1031 2483 228
1042 2445 1140 2483 Contra
1154 2447 1350 2479 divinationem,
1366 2456 1424 2481 qua:
1440 2445 1535 2482 magno
1550 2449 1619 2483 apud
1633 2451 1721 2477 ethni-

944 2489 986 2519 cos
1000 2481 1027 2519 in
1038 2482 1120 2519 pretio
1133 2486 1200 2519 erat,
1222 2489 1280 2507 cum
1300 2487 1386 2519 tamen
1403 2489 1467 2509 esset
1486 2481 1716 2519 plena'nugarum.

946 2515 1131 2541 Testimonium
1147 2515 1178 2541 ab
1191 2516 1263 2542 hoste
1278 2517 1420 2550 plurimum
1435 2515 1509 2544 habet
1522 2515 1699 2547 auctoritatis.

979 2550 1031 2586 22$)
1050 2549 1174 2586 Veritatis
1185 2549 1300 2577 desertor
1314 2552 1413 2577 malum
1429 2553 1492 2586 facit
1503 2555 1613 2582 exitum.

978 2585 1031 2610 250
1045 2585 1192 2619 lncrepatio
1210 2587 1342 2612 hominum
1358 2585 1555 2620 Epicureorum.

1044 2620 1211 2657 Collaudatio
1228 2621 1339 2647 hominis
1353 2622 1447 2649 virtute
1459 2625 1573 2657 prcediti.

980 2655 1031 2680 232
1045 2655 1080 2681 Dc
1093 2663 1153 2681 vera
1164 2655 1274 2689 ﬁctaque
1286 2656 1420 2683 modestia.

980 2689 1174 2726 2537Avaritue
1199 2690 1346 2723 descriptio,
1368 2697 1492 2726 tanquam
1518 2693 1677 2719 insatiabilis
1695 2698 1719 2719 et

946 2724 1120 2761 crudelissimi
1134 2726 1272 2759 cujusdam
1291 2727 1409 2759 monstri,
1420 2724 1461 2754 vel
1474 2728 1573 2761 hgdra',
1589 2728 1626 2754 vel
1642 2728 1722 2755 Bria-

947 2760 993 2785 rci.
1020 2760 1057 2785 vel
1075 2757 1180 2794 Scigllti'.

981 2794 1032 2820 251
1048 2795 1146 2822 Contra
1170 2804 1224 2832 eos,
1245 2796 1288 2831 qui
1313 2797 1487 2824 sacerdotium
1510 2798 1536 2824 in
1560 2798 1723 2832 tyrannidem

947 2835 1105 2857 convertunt.

1529 2880 1548 2909 5
