3890 6134
234 246 329 311 141

298 362 398 414 297
428 361 726 429 Increpatio
756 362 979 415 hominis
1000 377 1151 430 super
1175 361 1340 413 illatis
1376 360 1697 413 contumeliis
1724 375 1786 411 ea:

228 432 510 485 intervallo
540 432 885 500 indignantis,
928 443 1055 500 quos
1093 443 1265 484 tamen
1286 432 1410 483 dum
1446 431 1784 497 inferrentur,

230 503 489 569 patienter
542 502 703 553 tulit:
740 509 790 553 et
820 502 1115 554 exhortatio
1151 501 1218 552 ad
1257 501 1693 567 perseverantiam
1735 501 1787 551 in

231 574 501 639 patienter,
519 571 747 637 ferendis
778 571 1130 638 improborum
1159 570 1507 621 contumeliis.

314 640 421 693 298
456 638 700 692 Hominis
745 641 997 707 flugitiosi
1029 640 1349 708 objurgatio,
1376 648 1424 690 et
1456 639 1524 690 ad
1545 639 1791 690 virtutem

239 710 509 763 colendam
540 711 817 762 revocatio.

300 779 407 832 299
438 779 629 843 Qualis
655 780 717 831 de
743 778 850 830 Deo
871 778 1111 831 doctrina
1142 788 1187 831 et
1217 776 1345 844 fides
1374 777 1668 829 necessaria
1703 776 1788 839 sit,

229 858 277 902 et
298 850 351 899 in
379 850 550 917 sacris
575 848 788 900 Litteris
816 849 1004 917 ubique
1031 848 1342 917 inculcetur.

296 917 403 971 500
437 916 507 969 Et
545 918 713 970 omnis
743 917 853 969 alia
879 914 966 969 ars
1004 927 1051 969 et
1080 916 1343 983 inprimis
1388 916 1550 967 virtus
1597 914 1790 965 crebris

229 987 491 1040 exercitiis
525 998 637 1040 tum
690 996 928 1054 paratur,
975 996 1082 1037 tum
1113 995 1369 1048 servatur,
1400 985 1639 1054 socordia
1676 999 1791 1036 vero

230 1058 641 1127 negligentiaque
668 1056 953 1109 amittitur.
988 1055 1201 1123 Confer.
1244 1071 1324 1122 ep.
1354 1053 1423 1107 9G
1443 1054 1535 1106 lib.
1569 1068 1650 1106 ιιι.

507 1166 642 1220 ARG
653 1165 959 1220 UMENTA
998 1164 1197 1219 LIBRI
1238 1162 1510 1217 TERTII.

300 1260 488 1314 Ειηετ.
524 1261 549 1312 1
596 1259 898 1312 Admonitio
932 1258 1151 1310 hominis
1196 1257 1463 1324 proﬂigati
1493 1273 1554 1309 ac
1580 1258 1787 1324 perditi.

230 1340 284 1382 ut
306 1332 383 1383 vel
408 1331 677 1383 hominum
706 1345 869 1381 causa
894 1330 939 1381 si
971 1344 1071 1380 non
1102 1328 1197 1380 Dei
1225 1336 1475 1393 respectu,
1500 1327 1567 1378 ad
1590 1327 1791 1394 frugem

231 1401 428 1461 redeat,

297 1469 334 1521 2
371 1467 611 1521 Extremi
634 1467 1117 1534 judiciimeditatio
1144 1482 1175 1517 a
1208 1466 1426 1535 ﬂagitiis
1451 1480 1791 1533 unumquem-

230 1555 328 1606 que
352 1539 645 1591 absterrere
666 1536 833 1589 debet.

298 1610 332 1661 5
370 1606 549 1659 Etiam
578 1621 695 1658 eum
728 1606 817 1674 qui
845 1622 947 1658 non
980 1615 1154 1674 aperte
1193 1605 1261 1658 sit
1310 1604 1661 1667 adversarius,
1694 1620 1787 1672 pro

230 1678 403 1729 amico
428 1675 739 1727 habendum.

298 1746 333 1798 4
368 1744 550 1798 Stella:
572 1745 712 1811 apud
754 1743 1019 1797 Danielem
1046 1752 1094 1797 et
1128 1743 1257 1797 alibi
1293 1744 1349 1797 in
1384 1744 1550 1795 sacris
1572 1740 1785 1796 Litteris

231 1816 355 1879 quid
375 1814 694 1884 signiﬁcent.

299 1886 333 1937 5
364 1882 602 1936 Ecclesia
635 1885 881 1934 adversus
908 1898 1081 1936 omnes
1111 1883 1282 1935 hostes
1307 1891 1477 1934 manet
1500 1882 1714 1935 invicta.

300 1956 335 2007 6
364 1953 556 2005 Divina
605 1952 892 2006 auctoritas
933 1952 1171 2005 omnibus
1203 1950 1665 2019 probabilitatibus
1692 1967 1785 2005 su-

265 2024 407 2077 erior
440 2032 538 2074 est.

230 2040 586 2161 pegolrnjeiiiite
632 2090 891 2160 quomodo
939 2102 1058 2145 sunt
1100 2090 1346 2159 ferendis.
1381 2089 1573 2159 Confer
1602 2107 1684 2160 ep.
1722 2092 1782 2145 11

232 2162 324 2215 lib.
357 2178 395 2215 ι.

300 2230 581 2311 Qﬂlcerore
604 2228 781 2311 aﬂjecti
791 2230 1041 2311 nonnihil
1068 2230 1323 2311 levantur,
1344 2230 1389 2281 si
1408 2229 1629 2311 querelis
1650 2229 1787 2311 apud

232 2298 424 2353 amicos
457 2316 582 2353 suas
610 2298 957 2362 calamitates,
994 2299 1178 2369 quibus
1223 2310 1508 2368 anguntur,
1545 2298 1787 2367 egerant;

232 2372 450 2437 ideoque
473 2371 733 2437 patienter
753 2370 999 2421 audiendi
1023 2382 1165 2421 sunt.

232 2440 327 2559 “,9
357 2436 425 2492 In
454 2436 641 2509 judice
691 2438 820 2506 quid
873 2439 1182 2507 requiratur.
1231 2436 1384 2505 Conf.
1437 2454 1518 2506 ep.
1579 2436 1681 2493 175
1735 2440 1786 2492 Ιι.

254 2525 270 2559 ι
350 2525 431 2559 ιιι.

254 2525 321 2562 τυ,
350 2525 431 2562 Ill.

303 2560 381 2631 10
396 2560 556 2631 'Urim
584 2585 635 2630 et
669 2576 1056 2647 thumim,sive
1082 2576 1309 2646 δήλωσις
1348 2577 1439 2628 καὶ
1469 2576 1692 2647 ἀλήθεια
1738 2578 1792 2631 in

232 2657 422 2700 ornatu
456 2646 647 2699 summi
672 2646 963 2698 sacerdotis
992 2648 1116 2715 quid
1143 2648 1425 2715 denotarit.

229 2717 365 2838 ubi!
406 2716 481 2770 De
519 2716 795 2769 mulierum
835 2714 1083 2784 fugiendo
1126 2726 1354 2783 aspectu.
1384 2714 1533 2784 Conf.
1576 2732 1656 2785 ep.
1687 2715 1793 2770 278

306 2827 319 2838 .
357 2802 418 2838 ιι.

306 2827 319 2838 .
357 2802 418 2840 ll.

299 2857 368 2909 12
398 2855 479 2907 An
509 2856 665 2907 etiam
699 2855 888 2908 mulier
921 2862 1088 2920 peccet
1126 2852 1401 2907 libidinoso
1432 2855 1533 2905 viri
1555 2865 1787 2923 aspectu.

239 2923 376 2977 Viris
398 2928 528 2976 data
557 2935 817 2992 prtecepta
833 2940 987 2991 stepe,
1011 2934 1058 2976 et
1088 2923 1395 2993 regulariter
1412 2923 1616 2991 quidem
1632 2926 1793 2977 etiam

235 2995 300 3045 ad
330 2996 571 3047 mulieres
604 2996 881 3063 pertinent.

308 3065 375 3117 15
399 3064 469 3117 De
505 3062 704 3131 legibus
739 3064 926 3117 divinis
963 3063 1159 3131 partim
1195 3062 1552 3117 communibus
1587 3063 1790 3131 utrique

236 3134 405 3195 sexui,
443 3135 638 3197 partim
670 3134 897 3202 propriis
931 3134 1197 3185 alterutri.

310 3203 376 3273 14
405 3196 540 3273 Περὶ
565 3196 899 3273 ὀνείρωῆμοῦ
940 3202 1165 3269 θαρσίας
1198 3198 1479 3267 ἀπολογία.

305 3272 374 3324 15
409 3272 691 3325 Peccatum
725 3287 789 3325 ea:
802 3273 1057 3341 dignitate
1082 3273 1343 3339 peccantis
1372 3280 1591 3339 augetur
1615 3286 1796 3325 secun-

237 3340 356 3392 dum
388 3341 522 3393 illud
555 3352 724 3409 poetae
746 3357 764 3394 :

305 3430 471 3487 Omne
500 3432 673 3486 animi
706 3432 899 3485 vitium
932 3440 1082 3487 tanta
1105 3432 1450 3499 conspectius
1480 3432 1531 3484 in
1566 3448 1623 3486 se

303 3502 518 3556 Crimen
557 3504 740 3567 habet,
772 3512 977 3572 quanto
1000 3502 1173 3571 major
1199 3502 1290 3570 qui
1330 3511 1515 3571 peccat
1546 3502 1790 3556 habetur.

305 3591 463 3662 Conf.
490 3611 576 3661 ep.
602 3594 699 3648 121
738 3595 824 3651 lib.
864 3614 901 3650 ι.

307 3662 370 3743 16
401 3664 627 3743 Pietatis
685 3681 986 3721 mensuram
1027 3665 1291 3718 continent
1334 3663 1543 3717 animus
1586 3673 1635 3717 et
1662 3664 1793 3717 vires

242 3747 274 3782 ο
312 3744 470 3785 ereutt
508 3773 521 3785 .

274 3730 372 3855 ’ΤΠ
406 3751 589 3855 Ιιι⁸εοε
634 3805 724 3873 qui
752 3805 1046 3858 sacerdotia
1092 3806 1323 3873 pecuniis
1356 3804 1433 3858 vel
1491 3812 1665 3857 emunt
1717 3802 1795 3855 vel

242 3872 692 3996 ωἶιέυἲξίάεὶιαιε
728 3942 858 3996 nihil
884 3944 1029 4009 prius
1060 3952 1151 3995 aut
1184 3943 1441 4010 posterius
1474 3951 1569 3996 est.
1601 3938 1795 4010 Confer

242 4024 325 4083 ep.
438 4011 501 4083 Ιι.Δ
527 4011 617 4064 lib.
640 4024 689 4065 et
717 4012 1018 4083 Symbolum
1047 4009 1339 4083 Athanasii.

308 4079 371 4131 19
391 4079 571 4133 Judaei
598 4097 661 4133 ex
696 4079 1028 4148 ipsorummet
1067 4082 1442 4147 scriptoribus,
1485 4080 1705 4148 Philone
1745 4089 1794 4133 et

241 4145 483 4219 {osepho,
513 4145 887 4217 refutandin
920 4152 1057 4219 quod
1088 4145 1341 4219 priiiclare
1358 4149 1599 4217 praestitit
1630 4146 1790 4202 Joan.

244 4211 640 4287 Chrysostom'us
675 4222 731 4274 in
757 4222 902 4275 libris
933 4211 1133 4275 Contra
1169 4211 1405 4273 Judazos.
1438 4220 1626 4287 Confer
1641 4220 1790 4283 epist.

242 4283 437 4340 Isidori
468 4289 558 4341 lib.
597 4303 670 4341 tv.

739 4374 944 4411 summa
1007 4359 1255 4429 dignitas.
1288 4358 1480 4427 Confer
1520 4352 1787 4426 Ignatium

230 4440 383 4565 αξξ
395 4465 587 4563 ⁸1113]οΐ
616 4511 771 4565 seges
794 4506 919 4550 sunt
944 4497 1127 4565 gloria:
1150 4498 1406 4564 pericula.

306 4563 375 4615 22
398 4562 594 4617 Anima
639 4562 756 4633 jam
789 4566 882 4619 diu
923 4562 1074 4620 salva
1116 4562 1214 4630 est,
1263 4565 1496 4635 quandiu
1543 4562 1792 4631 prtesidio

238 4632 408 4703 divino
432 4632 649 4703 munita
672 4636 852 4703 fuerit.

312 4702 375 4754 25
413 4702 615 4756 Contra
669 4702 1027 4771 corruptorem
1056 4721 1117 4757 ac
1142 4703 1533 4757 sollicitatorem
1569 4702 1751 4754 animi.

311 4770 374 4824 94
402 4774 648 4825 Avaritia
675 4776 728 4826 in
758 4770 913 4827 herba
936 4773 1313 4842 exstinguenda
1348 4783 1446 4835 est,
1469 4783 1516 4825 et
1539 4773 1793 4824 radicitus

240 4842 575 4909 exstirpanda
598 4843 708 4896 hazc
735 4847 993 4896 malorum
1017 4844 1190 4895 radix.

324 4910 385 4963 25
437 4912 633 4965 Omnia
678 4914 747 4964 ad
786 4912 1037 4966 Ecclesiw
1087 4911 1487 4979 wdiﬁcationem
1521 4908 1793 4978 dirigenda

243 4983 547 5049 suntpotius
576 4998 735 5049 quam
763 4984 829 5034 ad
864 4991 1095 5035 nostram
1123 4982 1364 5049 gloriam.

316 5047 376 5102 26
401 5046 739 5103 Providentia
775 5053 1030 5105 asseritur
1061 5068 1079 5104 :
1106 5046 1273 5120 fatum
1326 5048 1603 5117 refellitur.
1634 5046 1789 5114 Conf.

239 5115 339 5168 lib.
375 5135 406 5171 ιι
428 5121 584 5173 epist.
614 5119 734 5173 157.

308 5136 339 5167 ν·
570 5158 584 5171 .
650 5136 653 5137 ⁷
722 5161 734 5173 .

308 5136 842 5243 ΩἹΙῊὲἒδιξενῖιῗιέιιεια
872 5198 920 5243 et
942 5190 1212 5242 individua
1238 5189 1513 5243 Trinitate.
1547 5184 1691 5238 Nota
1712 5186 1795 5237 hic

233 5258 471 5325 regulam
526 5259 841 5311 catholicam
910 5270 1095 5311 contra
1174 5262 1345 5313 varios
1410 5258 1678 5310 luvreticos
1745 5264 1793 5307 et

231 5324 471 5397 Judteos.
502 5328 701 5397 Confer
737 5344 818 5396 ep.
855 5329 956 5381 112
982 5329 1123 5397 infra
1139 5333 1188 5383 h.
1221 5329 1313 5381 lib.
1670 5394 1705 5397 __

272 5344 471 5382 καιτοι.
502 5344 701 5397 confer
737 5344 818 5396 ep.
855 5344 956 5381 ιη
982 5344 1188 5397 ιηιηιιι.
1221 5344 1313 5381 tw.

305 5395 379 5448 28
406 5398 487 5450 Ex
514 5401 675 5451 certis
701 5397 962 5466 judicium
993 5398 1258 5465 ferendum
1297 5399 1360 5451 de
1392 5397 1621 5450 incertis.
1656 5394 1796 5446 Nota

232 5469 613 5536 optsregulam
637 5468 855 5535 judicii,
888 5476 934 5519 et
962 5469 1099 5535 conf.
1121 5485 1200 5536 ep.
1225 5467 1294 5520 97
1320 5468 1409 5520 lib.
1447 5483 1503 5517 ιι.

300 5535 379 5588 :29
410 5535 589 5590 Simile
617 5538 784 5591 simili
814 5536 1022 5607 gaudet,
1049 5548 1097 5590 et

344 5622 594 5684 Noscitur
622 5645 688 5685 ex
718 5630 869 5685 socio
902 5629 991 5698 qui
1019 5646 1124 5688 non
1157 5631 1497 5702 Cognoscitur
1520 5647 1582 5687 ex
1612 5647 1685 5685 sc.

1352 246 1900 309 PROLEGOMENA
1944 246 2142 304 EDIT.
2188 245 2427 303 PARIS.

3342 241 3440 307 112

1959 357 2027 411 50
2077 348 2197 409 vere
2227 358 2457 426 gloriosa
2496 356 2711 408 victoria
2734 364 2828 419 est,
2860 354 3043 406 virtute
3060 358 3442 420 prtestantissi-

1894 444 2004 479 mos
2021 428 2233 479 vincere.

1955 498 2012 549 51
2053 496 2202 559 Quod
2238 494 2407 547 Filius
2456 493 2547 546 Dei
2581 510 2679 546 non
2714 494 2781 545 sit
2809 502 3051 544 creatura
3078 502 3260 545 contra
3288 497 3442 550 Aria—

1890 583 2003 619 uos.
2034 566 2226 633 Confer
2246 565 2408 630 ep.58
2436 565 2483 615 h.
2506 564 2619 625 lib.,
2640 573 2687 615 et
2719 563 2994 629 Augustini
3026 578 3104 629 ep.
3140 563 3259 615 174.
3296 563 3443 619 Nota

1890 638 1972 687 hic
2027 636 2095 687 ad
2150 632 2310 703 quem
2349 634 2580 701 judicem
2626 632 3091 685 controversiarum
3135 634 3203 685 sit
3254 637 3440 703 confu-

1926 706 2151 757 iendum.

1889 718 2348 843 g'egg'ATlinonitio
2361 771 2617 843 saluberri
2624 776 2789 843 made
2806 770 3101 843 deponendo
3120 773 3444 843 cavendoque

1890 854 2054 910 fastu,
2080 851 2310 903 respectu
2332 840 2383 894 et
2408 842 2819 894 consideratione
2843 841 3157 909 fragilitatis
3199 840 3445 898 humanas

1889 923 1938 965 et
1977 913 2221 976 potentia:
2250 911 2456 963 divinas.

1963 983 2031 1035 55
2069 980 2277 1035 Peccati
2308 980 2539 1047 gravitas
2585 980 2825 1043 plumbea
2866 981 3004 1046 apud
3036 978 3351 1037 Zachariam
3387 985 3445 1037 in

1891 1052 2085 1104 visione
2116 1049 2416 1117 prophetica
2442 1060 2669 1110 ostensa,
2706 1066 2750 1101 c.
2783 1066 2833 1107 ν.
2859 1048 2906 1100 7.

1956 1120 2025 1173 54
2044 1120 2268 1189 Ambitio
2290 1120 2502 1189 vitanda
2527 1128 2623 1181 est,
2650 1128 2697 1171 et
2735 1118 2831 1170 Dei
2860 1120 3031 1184 potius
3066 1136 3219 1189 quam
3251 1131 3445 1176 nostra!

1889 1188 2407 1259 gloritestudendum
2429 1197 2526 1240 est.

1960 1260 2027 1312 55
2058 1258 2135 1311 De
2165 1257 2538 1327 Chteremonis,
2560 1255 2757 1309 Zosimi
2784 1266 2831 1309 et
2855 1254 3091 1312 Maronis
3114 1260 3445 1327 improbitate

1891 1327 2259 1395 propemodum
2288 1326 2583 1393 deplorata.

1962 1397 2031 1452 56
2056 1398 2170 1466 Ipsa
2218 1396 2435 1466 quidem
2486 1406 2569 1450 est
2607 1395 2779 1449 virtus
2823 1395 3039 1449 sibimet
3085 1397 3446 1465 pulcherrima

3198 1484 3406 1522 merces
3429 1487 3442 1521 ἶ

1962 1535 2212 1605 Magnum
2238 1543 2414 1588 autem
2448 1533 2762 1605 improbitas
2786 1534 3111 1605 rsuppiicium
3139 1467 3405 1605 ibgegftfis.

1962 1608 2029 1659 57
2056 1603 2323 1659 Socratica
2373 1605 2649 1656 insectatio
2686 1603 3105 1672 philosophorum
3132 1603 3174 1669 ,“
3197 1607 3305 1673 qui,
3359 1623 3449 1659 ne-

1894 1675 2074 1743 glectis
2123 1673 2475 1743 dogmatibus,
2519 1686 2635 1741 qua:
2677 1673 2745 1725 ad
2804 1690 2969 1725 mores
3009 1673 3165 1726 bonos
3207 1676 3447 1743 faciunt;

1894 1754 2005 1797 tota
2035 1746 2137 1797 vita
2185 1753 2509 1811 occupantur
2544 1744 2598 1795 in
2650 1743 2716 1795 iis
2769 1743 3168 1795 obscuritatibus
3216 1755 3445 1810 naturw,

1887 1830 2004 1881 qute
2050 1830 2139 1867 nec
2180 1814 2349 1865 ullum
2396 1812 2594 1882 exitum
2631 1822 2862 1882 et_usum
2927 1814 3173 1882 exiguum
3236 1813 3443 1868 habent.

1890 1879 2087 1952 Confer
2111 1884 2259 1950 epist.
2282 1884 2351 1937 95
2380 1881 2566 1944 ει100,
2601 1890 2650 1935 et
2678 1879 2970 1952 Philonem.

1955 1953 2023 2006 58
2060 1952 2133 2021 De
2161 1952 2305 2004 luctu
2336 1954 2391 2005 in
2428 1951 2647 2017 publicis
2684 1951 3000 2021 privatisque
3028 1952 3443 2009 calamitatibus.

1958 2023 2026 2077 59
2064 2020 2318 2075 Homines
2369 2022 2561 2089 impuri
2592 2030 2640 2073 et
2683 2020 2921 2089 improbi
2951 2022 3013 2074 de
3058 2020 3207 2075 rebus
3256 2024 3447 2078 divinis

1889 2093 2141 2214 ἀπεῖναι-ε
2164 2108 2266 2145 ηοη
2294 2091 2495 2145 debent.
2533 2089 2725 2159 Confer
2750 2105 2829 2157 ep.
2862 2090 2951 2155 49,
2982 2091 3148 2159 infra,
3174 2094 3226 2145 h.
3262 2093 3352 2146 lib.
3386 2110 3447 2148 ιιι

1889 2179 1915 2214 e
1983 2179 1998 2213 ι
2042 2203 2055 2214 .
2092 2179 2163 2214 ιν.

1888 2173 1936 2215 et
1960 2173 2055 2215 HD.
2092 2179 2163 2215 IV.

1961 2231 2029 2286 40
2080 2230 2606 2301 Integritas__morum
2641 2229 2831 2301 antei_t_
2848 2229 3217 2301 eloquentiam.
3256 2228 3448 2301 Confer

1890 2318 1970 2370 ep.
2011 2301 2117 2370 275
2145 2298 2327 2353 et‘i95
2358 2299 2446 2352 lib.
2484 2314 2543 2370 I_I,
2572 2308 2619 2350 et
2649 2314 2729 2366 ep.
2774 2298 2895 2359 120,
2924 2300 3066 2366 infra
3102 2300 3154 2353 h.
3186 2300 3276 2354 lib.

1964 2370 2018 2423 41
2058 2369 2377 2438 Eloquentia:
2393 2367 2745 2437 conjungenda
2764 2376 2841 2421 est
2863 2371 3120 2436 suavitas,
3143 2372 3361 2425 comitas
3383 2388 3446 2425 ac

1893 2440 2126 2509 facilitas
2154 2454 2377 2509 morum.

1961 2510 2031 2562 ω
2066 2508 2377 2576 Eloquentia
2422 2524 2543 2580 vera
2600 2508 2975 2580 quisnamusit,
3036 2508 3272 2561 videlicet
3332 2527 3447 2580 qua:

1892 2580 2056 2631 animi
2084 2594 2234 2633 sensa
2288 2579 2575 2647 perspicuis
2606 2578 2770 2630 verbis
2798 2577 3100 2644 eﬁ'ert;non
3137 2593 3252 2647 qua:
3280 2577 3448 2633 subli-

1892 2650 2083 2710 mibus,
2114 2658 2162 2700 et
2190 2646 2384 2715 grande
2406 2648 2590 2715 sophos
2623 2648 2959 2715 spirantibus,
2988 2648 3151 2701 verbis
3173 2648 3331 2702 etiam
3364 2666 3445 2705 res

1892 2734 1981 2785 per
2012 2734 2065 2769 se
2086 2717 2346 2769 dilucidus
2375 2717 2639 2769 obscurat.

1958 2788 2027 2839 45
2055 2786 2277 2839 Invidia:
2315 2785 2515 2837 malum
2566 2802 2628 2837 ne
2653 2786 2911 2853 beneficiis
2958 2786 3163 2855 quidem
3197 2790 3442 2843 mitescit.

1964 2855 2033 2908 44
2058 2855 2324 2924 Mitigatio
2348 2871 2409 2906 ac
2435 2854 2714 2919 refrenatio
2750 2856 2844 2908 ira:
2878 2866 2925 2909 et
2950 2854 3324 2925 indignationis
3352 2860 3447 2912 ad—

1894 2941 2069 2978 versus
2099 2925 2359 2988 improbos
2384 2933 2536 2991 atque
2566 2925 2799 2991 ingratos
2834 2937 3111 2993 conceptte.

1966 2996 2034 3047 45
2064 2995 2233 3046 Amici
2266 2994 2369 3046 veri
2399 3009 2458 3044 ac
2488 2994 2677 3045 sinceri
2706 2994 2895 3061 imago.

1968 3064 2037 3116 46
2070 3063 2200 3116 Cum
2261 3063 2476 3114 muliere
2516 3073 2778 3115 menstruo
2826 3064 2973 3129 fluxu
3022 3063 3292 3119 laborante
3345 3083 3448 3120 non

1898 3131 2355 3201 congrediendum.
2386 3130 2579 3199 Confer
2608 3131 2803 3199 ep.,lib.
2838 3148 2898 3194 II,
2928 3142 2975 3185 et
3002 3148 3081 3200 ep.
3115 3135 3211 3187 Mi
3246 3134 3299 3188 lt.
3329 3137 3445 3200 lib.,

1896 3212 1944 3255 et
1973 3200 2148 3269 lib.itv
2178 3218 2256 3269 ep.
2292 3201 2392 3253 117
2419 3211 2466 3254 et
2498 3200 2616 3253 141.

1957 3272 2025 3323 47
2061 3268 2326 3339 Fugienda
2364 3280 2440 3323 est
2490 3270 2841 3338 improborum
2878 3273 3213 3337 consuetudo,
3260 3290 3324 3327 ne
3356 3290 3448 3327 aut

1897 3357 1990 3394 nos
2007 3342 2134 3460 fligi;
2156 3341 2276 3460 alii:
2299 3340 2482 3404 simus,
2522 3351 2609 3391 aut
2640 3341 2739 3406 ipsi
2773 3340 2918 3393 nobis
2952 3343 3225 3397 seandalo.
3258 3344 3447 3414 Confer

1897 3427 1974 3460 en.
2047 3448 2058 3460 .
2131 3427 2163 3460 ι.
2228 3427 2241 3460 ι
2284 3449 2295 3460 .

1895 3427 1974 3465 ει).
2007 3411 2077 3465 29
2114 3411 2163 3462 Ιι.
2206 3411 2295 3461 lib.

1924 3427 2429 3533 plgngab'r-(banda
2468 3478 2722 3532 modestia
2756 3487 2805 3531 et
2828 3479 3153 3544 humilitate,
3194 3484 3445 3537 cavenda-

1894 3565 1990 3619 que
2023 3548 2263 3619 superbia
2290 3558 2337 3601 et
2362 3548 2523 3619 fastu.

1964 3618 2031 3691 49
2066 3618 2233 3670 Homo
2256 3619 2469 3691 vitiosus
2493 3618 2555 3669 de
2573 3617 2759 3691 virtute
2786 3634 2849 3691 ne
2860 3618 3115 3691 disputet,
3136 3622 3258 3688 quia
3276 3620 3445 3691 μῦρον

1893 3688 2092 3757 δοχεῖον
2129 3687 2334 3754 σαπρὸν
2354 3687 2422 3757 ob
2450 3686 2781 3740 πιστευέται.
2810 3686 3002 3754 Confer
3030 3705 3109 3755 ep.
3148 3686 3216 3743 929
3242 3686 3292 3743 h.
3348 3686 3440 3745 lib.

1964 3758 2032 3809 50
2059 3756 2317 3830 Adversus
2345 3756 2739 3830 insolentiamet
2762 3759 2925 3830 animi
2942 3758 3218 3811 elationem
3240 3776 3445 3830 προςςυ-

1894 3826 2166 3895 λακτικδν.
2191 3824 2398 3895 Mortis
2440 3825 2711 3877 meditatio
2744 3826 3037 3879 antidotum
3070 3838 3145 3880 est
3173 3824 3443 3895 superbire.

1964 3896 2022 3947 51
2064 3893 2266 3962 Duplex
2318 3894 2677 3960 interpretatio
2722 3896 2825 3946 loci
2886 3911 2949 3947 ex
2993 3897 3177 3959 psalm.
3224 3893 3441 3952 mm.

1900 3983 1917 4014 ι
1946 3963 2216 4027 Quomodo
2250 3964 2575 4015 cantabimus
2635 3966 2895 4017 canticum
2949 3963 3159 4018 Domini
3212 3967 3267 4019 in
3308 3977 3447 4021 terra

1894 4034 2065 4085 aliena
2084 4034 2107 4084 .9
2143 4052 2160 4082 ι

1964 4103 2032 4156 52
2064 4102 2368 4173 Admonitio
2391 4100 2455 4154 de
2484 4102 2710 4154 cavenda
2740 4103 2980 4172 superbia
3014 4114 3244 4173 respectu
3275 4117 3445 4159 muta.

1894 4172 2115 4224 bilitatis
2148 4187 2319 4224 rerum
2350 4171 2719 4223 humanarum.

1963 4241 2032 4293 55
2073 4239 2375 4309 Evangelica
2411 4241 2657 4312 dogmata
2699 4241 2954 4312 legalibus
2985 4244 3250 4312 prmceptis
3281 4245 3446 4298 nmlto

1895 4312 2205 4431 pesrfectiora
2248 4322 2389 4363 sunt.
2436 4309 2711 4379 Expositio
2749 4309 2881 4363 dicti
2931 4309 3162 4366 Paulini.
3210 4312 3345 4382 Eph.
3386 4332 3445 4375 tt,

1964 4449 2031 4501 5't
2061 4449 2359 4501 Admonitio
2392 4449 2455 4501 de
2480 4450 2838 4518 resipiscentia
2855 4451 2932 4503 vel
2947 4454 3224 4504 senectutis
3250 4454 3445 4505 intuitu

1892 4519 2213 4585 praestanda.

2026 4588 2324 4707 Addmonitio
2354 4589 2416 4640 de
2447 4603 2621 4641 errore
2652 4590 2975 4659 corrigendo,
3016 4598 3063 4641 et
3090 4591 3303 4642 veritate
3333 4607 3446 4641 ain-

1949 4665 2087 4708 ecten
2130 4673 2180 4707 a.

1893 4665 2180 4723 plectenda.

1966 4726 2033 4777 56
2064 4725 2139 4776 De
2161 4726 2413 4794 supplice,
2448 4744 2478 4778 a
2498 4743 2597 4795 quo
2626 4728 3014 4792 ltesistsmtts,in
3048 4729 3273 4795 gratiam
3312 4731 3444 4780 reci-

1892 4796 2098 4860 piendo.

1964 4865 2029 4916 57
2066 4864 2139 4916 De
2166 4865 2419 4936 orationis
2444 4865 2687 4918 brevitate
2718 4875 2808 4918 aut
2835 4866 3157 4934 prolixitate,
3194 4869 3446 4936 quomodo

1896 4944 2115 5000 utraque
2139 4934 2449 4986 arstimanda
2477 4937 2563 4987 sit.

1964 5003 2031 5055 58
2059 5002 2133 5073 De
2156 5019 2350 5056 arcana
2382 5015 2430 5055 et
2461 5005 2713 5071 ineffabili
2738 5006 3065 5073 generatione
3085 5007 3211 5059 Filii
3249 5006 3338 5059 Dei
3354 5006 3448 5058 τοῦ

1896 5070 2072 5147 λόγος).
2093 5072 2283 5139 Confer
2304 5074 2452 5147 epist.
2473 5075 2529 5147 51
2632 5070 2815 5135 lib.,et
2839 5075 2933 5143 inf.
2955 5092 3034 5144 ep.
3060 5078 3182 5140 555,
3201 5093 3313 5147 qute
3332 5078 3449 5129 huic

1895 5142 2098 5216 gemina
2135 5152 2183 5193 et
2222 5143 2378 5216 paulo
2431 5144 2629 5216 plenior
2665 5154 2775 5216 est):
2819 5156 2865 5196 et
2900 5142 3184 5216 Augustin.
3213 5142 3446 5199 'sermon.

1896 5210 1997 5331 1ἓο
2020 5211 2287 5344 Βεβιεηψ;
2321 5213 2440 5263 item
2479 5212 2691 5279 Gregor.
2729 5210 3450 5287 Ναιιαηχ.’τῶνάπορῤήτων

1897 5296 1925 5330 Λ
1959 5297 2056 5344 γῳ.
2137 5321 2148 5330 .

1897 5284 2056 5348 λόγῳ.
2086 5284 2148 5344 β’.

1967 5350 2035 5423 59
2073 5350 2382 5423 Objurgatio
2410 5351 2635 5404 hominis
2662 5350 2906 5407 adversus
2944 5355 3291 5423 benefactorcs
3327 5368 3448 5405 suos

1897 5420 2141 5487 scelerate
2168 5420 2382 5487 ingrati.

1969 5488 2035 5539 60
2069 5486 2517 5561 Opportunitatem
2570 5493 2817 5561 cujusque
2862 5494 2933 5544 rei
2968 5509 3068 5545 non
3106 5503 3302 5558 oportet
3358 5507 3448 5544 ne-

1902 5557 2249 5677 glige;'e,lab‘t.).‘
2281 5557 2639 5627 ἁγνιράζεσοαί
2668 5557 2757 5617 τὺῖι
2787 5563 2991 5631 καιρὸν.
3014 5557 3203 5629 Confer
3220 5577 3296 5627 ep.
3328 5563 3447 5623 170,

1903 5634 1995 5677 int.
2050 5644 2081 5677 t.
2136 5644 2148 5677 t
2190 5667 2204 5677 .

1903 5634 1995 5693 inf.
2034 5634 2081 5677 h.
2114 5634 2204 5681 lib.
