3890 6134
423 258 523 321 147

420 369 685 453 Lycianus
737 368 1121 453 itide/initiata,
1175 366 1305 420 artis
1358 375 1501 433 ponit
1560 366 1694 436 πρός
1735 383 1789 418 τι
1838 365 1981 427 τὶλος

419 437 717 508 εὔχρηστον
741 437 848 489 τῶν
874 441 931 490 ὲν
963 437 1041 506 τῷ
1071 437 1188 508 βίῳ.

496 506 597 562 186
622 506 689 560 Et
714 524 791 561 res
814 523 970 574 supra
994 509 1244 560 mundum
1280 506 1472 572 positas
1491 506 1664 559 animo
1692 506 1915 574 agitare,
1932 513 1981 558 et

421 589 595 632 tamen
625 593 725 629 non
746 577 851 629 alta
887 593 1088 643 sapere,
1129 577 1219 629 sed
1261 575 1542 628 humilibus
1584 592 1675 629 nos
1701 591 1985 627 accommo-

421 650 549 699 dare
576 657 621 699 et
638 662 910 712 possumus
940 659 987 699 et
1019 647 1278 700 debemus.
1317 643 1508 713 Confer
1544 661 1623 712 ep.
1647 644 1751 699 276
1781 645 1833 698 h.
1864 646 1979 707 lib.,

422 726 472 770 et
496 717 768 780 Augustin.
793 715 871 769 De
902 724 1056 782 temp.
1084 731 1238 769 serm.
1274 714 1395 768 175.

490 784 592 857 187
611 784 914 857 Diﬂerentia
932 787 1063 857 inter
1078 785 1329 857 φρόνημα
1344 796 1387 838 et
1407 784 1684 853 φρόνησιν,
1697 794 1744 837 et
1767 784 1834 837 ad
1851 784 1984 836 hanc

424 856 718 908 exhortatio
751 856 815 907 ab
843 857 932 908 illo
960 856 1276 909 dehortatio.

502 923 604 977 188
634 921 701 976 Ut
730 925 999 978 humilitas
1030 926 1203 978 animo
1242 940 1430 993 magno
1458 934 1611 991 atque
1643 920 1873 986 ercelso,
1904 922 1982 973 sic

424 994 669 1060 superbia
696 1010 729 1047 a
759 1011 919 1061 parvo
951 994 1250 1061 abjectogue
1267 996 1453 1046 oritur.

482 1059 582 1117 189
612 1059 786 1117 Mores
811 1059 1042 1117 docentis
1067 1059 1293 1117 orationi
1335 1072 1454 1116 sunt
1502 1063 1790 1116 astruendi.
1826 1059 1979 1128 Conf.

424 1149 505 1201 ep.
536 1131 640 1185 5‘42
677 1143 725 1186 et
754 1149 837 1202 ep.
871 1135 972 1188 158
1000 1144 1046 1187 et
1076 1133 1177 1186 517
1215 1133 1370 1199 hujus
1402 1132 1486 1184 lib.
1524 1146 1600 1185 ιιι.

402 1208 406 1214 ‘
484 1203 586 1257 190
615 1201 1000 1274 Moresplactdi
1058 1219 1305 1273 magnum
1327 1210 1374 1254 et
1399 1209 1721 1254 constantem
1751 1201 1982 1253 animum

425 1282 669 1325 arguunt.
1748 1308 1756 1316 .

483 1287 918 1410 "Disputatio
947 1353 1130 1396 contra
1160 1341 1378 1409 fatalem
1420 1355 1591 1393 rerum
1636 1340 1865 1410 omnium
1892 1355 1981 1389 ne-

424 1409 731 1486 cessitatem,
752 1422 798 1464 et
819 1428 1041 1481 geneses.
1067 1410 1217 1486 (inde
1237 1414 1449 1486 exsistat
1476 1409 1980 1486 tantajudiciarum,

424 1480 649 1549 varietas
671 1477 837 1549 atque
865 1477 1193 1549 perversitas.
1227 1479 1420 1548 Confer
1440 1495 1519 1546 ep.
1551 1478 1652 1533 155
1675 1490 1722 1531 et
1757 1477 1858 1531 154
1884 1478 1932 1530 h.
1963 1515 1978 1538 ,

423 1558 471 1602 et
495 1547 802 1603 Nemesium
826 1547 902 1605 De
938 1560 1126 1603 natura
1155 1547 1421 1613 Shomiriis.

500 1619 605 1673 192
631 1617 901 1673 Revocatio
936 1636 968 1673 a
996 1620 1211 1688 luxuria
1237 1628 1287 1672 et
1313 1619 1436 1688 gula
1461 1620 1528 1671 ad
1560 1616 1979 1687 temperantiam,

423 1689 703 1758 propasitis
732 1693 1013 1758 utriusque
1034 1687 1287 1757 fructibus
1318 1687 1379 1741 ac
1401 1689 1648 1755 praemiis.

500 1756 601 1811 195
633 1758 706 1810 De
731 1756 925 1812 vitiosis
969 1757 1218 1812 Ecclesite
1247 1759 1487 1811 membris
1516 1768 1607 1811 aut
1637 1757 1976 1827 corrigendis,

428 1835 523 1897 aut
546 1828 909 1897 prtv_cidendis,
946 1846 1007 1883 ne
1028 1844 1151 1897 pars
1182 1828 1383 1897 sincera
1411 1827 1669 1897 trahatur.

500 1894 604 1966 194
628 1893 798 1966 θεριιί
821 1908 868 1951 et
899 1893 1193 1966 tyrannidis
1218 1896 1516 1966 discrimen.
1542 1894 1738 1965 Confer
1767 1896 1922 1965 epist.

497 1965 599 2018 195
628 1963 1031 2031 Pmdobaptisnti
1084 1968 1160 2019 vis
1202 1976 1250 2019 et
1311 1965 1583 2033 efﬁcacia,
1626 1963 1728 2019 non
1779 1963 1980 2017 tantum

426 2036 482 2085 in
513 2035 763 2105 abolendo
790 2050 996 2105 peccato
1022 2036 1257 2105 originis,
1285 2037 1373 2089 sed
1403 2037 1559 2089 etiam
1585 2035 1640 2088 in
1665 2036 1981 2104 conferenda

425 2104 703 2163 multiplici
724 2108 915 2168 gratia.

501 2172 602 2228 196
632 2172 730 2243 Dei
764 2175 977 2229 leuitate
1016 2190 1119 2227 non
1157 2174 1494 2229 abutendum.
1530 2174 1723 2243 Confer
1746 2191 1826 2238 ep.
1872 2173 1979 2228 290

426 2242 471 2305 Ι.
499 2257 536 2305 ι,
568 2251 617 2294 et
646 2242 752 2296 222
784 2244 874 2297 lib.
903 2261 958 2298 ιι.

501 2312 599 2366 197
634 2312 707 2364 De
732 2314 844 2366 viro
872 2313 1025 2377 bono,
1066 2311 1216 2379 cujus
1263 2312 1331 2363 ad
1379 2312 1619 2366 virtutem
1662 2314 1879 2377 impetus
1917 2316 1981 2365 ab

426 2382 676 2442 improbis
711 2384 1027 2436 retardatur.

499 2449 599 2517 198
627 2448 766 2503 Dicti
800 2450 958 2505 Isaia:
999 2467 1112 2519 cap.
1150 2466 1191 2512 ι,
1240 2449 1323 2514 18,
1354 2466 1485 2503 nova
1508 2453 1781 2519 expositio.

502 2519 712 2590 199Αοε
732 2520 1047 2573 continentia
1062 2518 1343 2590 servanda.
1379 2518 1573 2589 Confer
1593 2538 1672 2590 ep.
1704 2522 1772 2576 89
1808 2522 1840 2575 ι.
1872 2538 1911 2585 ι,
1935 2530 1983 2574 et

427 2607 507 2653 ep.
541 2588 647 2642 278
685 2589 722 2642 ι.
749 2605 812 2652 ιι,
842 2601 889 2651 et
913 2604 989 2655 ep.
1022 2590 1090 2644 65
1121 2590 1173 2642 Ιι.
1207 2589 1243 2641 ι.
1278 2604 1359 2643 ιιι.

499 2659 604 2713 200
632 2658 707 2711 De
732 2658 1048 2713 moderando
1099 2660 1277 2712 dolore
1315 2675 1472 2725 super
1517 2660 1745 2715 aliorum
1787 2661 1983 2729 impro-

374 2735 388 2744 '
429 2730 608 2782 bitate.

501 2798 600 2852 201
639 2798 746 2853 Cur
780 2814 882 2852 non
912 2814 1087 2869 omnes
1114 2798 1337 2865 improbi
1372 2802 1455 2854 hic
1483 2816 1656 2869 pinnas
1679 2801 1799 2854 dent
1826 2799 1983 2853 scele-

425 2883 565 2930 rum,
604 2884 763 2936 neque
794 2884 967 2921 omnes
1004 2867 1124 2939 boni
1149 2867 1715 2939 amantum-Similia
1748 2872 1826 2921 his
1856 2887 1979 2939 pas-

424 2939 523 3007 sim
552 2948 829 2991 occurrunt
865 2939 1003 3004 apud
1039 2937 1484 3007 Chrysostomum.
1541 2938 1605 2991 Et
1644 2941 1697 2992 in
1738 2940 1828 2991 lib.
1860 2938 1983 2993 Sal-

382 3042 391 3055 .
425 3006 569 3076 viani
601 3007 673 3060 De
697 3008 983 3075 gubernat.
1015 3007 1130 3076 Dei.
1152 3006 1353 3076 Confer
1380 3011 1537 3063 etiam
1567 3026 1646 3076 ep.
1678 3009 1784 3066 205
1816 3009 1976 3062 It.lib.

493 3075 602 3149 202
626 3077 773 3149 Quid
808 3078 874 3149 sit
920 3075 1325 3149 apud_lsaiant,
1372 3080 1515 3149 loqui
1552 3079 1630 3149 ad
1673 3095 1798 3142 cor;
1850 3096 1980 3133 nova

425 3147 699 3216 espositia.
733 3144 925 3213 Confer
948 3162 1027 3214 ep.
1067 3146 1090 3199 1
1128 3148 1164 3201 ι.
1198 3164 1260 3209 ιι,
1289 3159 1335 3201 et
1358 3144 1448 3216 ep.
1470 3147 1574 3201 258
1600 3150 1653 3202 h.
1677 3149 1769 3202 lib.

499 3215 605 3270 205
634 3215 711 3267 De
740 3218 905 3282 pcenis
934 3224 1263 3282 peccatorum
1315 3215 1508 3276 in’hac
1550 3216 1626 3269 vel
1669 3218 1837 3271 altera
1876 3218 1984 3270 vita

426 3285 768 3340 sustinendis.

501 3354 609 3407 204
636 3353 886 3423 Gaudere
910 3368 1072 3423 parce
1096 3362 1327 3422 oportet,
1356 3365 1411 3410 et
1442 3354 1641 3410 sensim
1666 3358 1833 3423 quaeri
1863 3375 1875 3407 :

642 3422 831 3493 Iotam
871 3424 995 3491 quia
1035 3422 1199 3493 vitam
1232 3426 1418 3478 miscet
1450 3425 1599 3478 dolor
1632 3422 1691 3477 et
1710 3426 1982 3493 gaudium.

500 3492 609 3562 205
633 3488 753 3544 Non
780 3488 990 3548 eventis.
1022 3492 1110 3545 sed
1134 3494 1364 3546 consiliis
1391 3511 1469 3546 res
1493 3488 1987 3562 qua'que'metienda

370 3592 375 3596 -
431 3574 526 3618 est.
564 3561 759 3626 Confer
784 3578 863 3628 ep.
897 3562 1001 3623 555
1033 3562 1072 3614 l.
1106 3576 1143 3625 ι,
1176 3572 1224 3614 et
1246 3579 1327 3630 ep.
1356 3563 1456 3618 179
1479 3561 1565 3615 lib.
1599 3561 1658 3617 ιι.

502 3631 608 3686 206
637 3630 868 3702 Regnum
890 3631 987 3684 Dei
1008 3648 1076 3684 an
1106 3631 1249 3702 idem
1271 3633 1337 3685 sit
1370 3649 1487 3686 cum
1524 3648 1679 3702 regno
1715 3633 1985 3697 caelorum,

431 3703 486 3755 in
516 3702 682 3755 medio
717 3699 959 3772 relinquit
990 3709 1192 3772 auctor.
1219 3701 1350 3772 Sup.
1382 3712 1551 3763 tamen
1576 3699 1669 3755 lib.
1714 3718 1728 3755 ι
1754 3719 1835 3772 ep.
1862 3702 1985 3766 129,

432 3773 489 3831 id
509 3772 663 3825 dixit.
702 3770 995 3841 μοναχικὴν
1027 3769 1318 3832 πολιτείαν.

502 3859 606 3914 907
630 3858 870 3912 Αἰιετηαι
898 3858 1162 3927 felicitatis
1192 3859 1409 3911 dulcedo
1442 3858 1596 3925 facile
1630 3876 1803 3912 omnes
1830 3859 1987 3927 hujus

431 3931 552 3984 vitte
573 3944 835 3998 (erumnas
865 3926 1016 3998 atque
1045 3926 1307 3981 molestias
1345 3930 1612 3998 abstergit.
1657 3928 1851 3996 Confer
1885 3926 1987 3997 Cy-

432 3944 552 3984 vttte
573 3944 835 3983 (erumnas
865 3944 1016 4048 atque
1045 3945 1071 3978 ιι

432 4000 676 4070 prianurn
708 4014 787 4063 ep.
876 3998 912 4049 li
953 4037 966 4050 .
1001 4013 1071 4070 nt.

502 4068 609 4121 208
638 4066 937 4137 Remedium
978 4067 1605 4137 adversusjracundiam.
1664 4066 1855 4137 Confer
1904 4084 1984 4132 ep.

434 4139 539 4191 189
566 4147 612 4189 et
654 4136 759 4190 259
798 4136 891 4189 lib.
940 4152 998 4189 ιι.
1040 4135 1173 4189 Item
1219 4135 1440 4206 Cregor.
1490 4135 1670 4205 Magn.
1730 4135 1880 4204 epist.
1922 4138 1985 4191 51

435 4209 528 4261 lib.
558 4222 673 4261 vm.
1898 4213 1904 4219 '

505 4276 612 4331 209
633 4275 1103 4344 Decrescitpietas,
1125 4277 1507 4343 quantumipsa
1523 4277 1746 4343 pecunia
1763 4277 1987 4330 crescit:

434 4346 622 4401 Caecus
637 4360 788 4399 amor
804 4343 1004 4398 numini
1024 4362 1039 4409 ;
1066 4360 1184 4397 natu
1203 4344 1401 4399 Christi
1420 4346 1709 4412 exsduguit
1726 4362 1983 4401 amorem.

508 4414 613 4469 210
644 4412 921 4468 Revocatio
952 4431 983 4465 a
1008 4415 1117 4471 vita
1146 4414 1426 4467 libidinosa
1452 4426 1605 4483 atque
1637 4417 1865 4480 impura.
1894 4415 1987 4467 De-

433 4485 655 4555 plorata;
696 4486 1080 4555 desperata'que
1126 4484 1369 4555 sanitatis
1421 4485 1629 4555 aegrotis
1672 4487 1846 4555 omnia
1870 4501 1987 4550 qua:

436 4552 824 4621 concupiscunt,
855 4552 1081 4621 permitti
1105 4553 1289 4605 solent.
1326 4552 1518 4620 Confer
1548 4569 1627 4621 ep.
1655 4553 1760 4607 258
1791 4555 1843 4607 h.
1875 4556 1912 4615 ι.

504 4624 605 4677 211
655 4621 813 4685 Vitia,
845 4638 949 4675 non
969 4621 1201 4675 homines
1231 4623 1401 4675 odisse
1438 4633 1657 4685 oportet.

504 4692 611 4747 212
640 4692 808 4758 Opum
858 4702 907 4744 et
954 4692 1157 4758 imperii
1200 4693 1461 4759 cupiditas
1502 4704 1575 4743 est
1608 4693 1723 4761 fons
1758 4695 1987 4746 omnium

434 4764 680 4816 vitiorum
706 4772 757 4815 et
787 4762 949 4813 animi
979 4760 1447 4827 perturbationum,
1474 4760 1661 4830 quibus
1700 4765 1755 4816 in
1786 4766 1987 4829 princt-
2030 4812 2033 4815 λ

437 4834 523 4900 pio
556 4835 793 4884 resistere
820 4832 1117 4883 consultiss.
1148 4841 1244 4883 est.

508 4901 616 4954 215
653 4901 946 4953 Luxuriam
977 4900 1141 4953 animi
1185 4902 1342 4955 rebus
1370 4900 1682 4968 plerumque
1714 4901 1985 4955 secundis.

508 4971 617 5023 214
655 4971 748 5022 Dei
776 4980 1019 5029 naturam
1045 4986 1175 5029 esse,
1213 4986 1278 5022 ea:
1308 4970 1544 5036 operibus
1573 4971 1685 5036 ejus
1716 4972 1987 5037 cognosci~

438 5055 591 5101 mus;
627 5049 683 5091 at
724 5054 825 5091 non
864 5041 1019 5092 etiam
1047 5040 1170 5108 quid
1213 5041 1281 5092 sit
1315 5041 1659 5108 pervestigare
1693 5055 1989 5105 possumus.

442 5110 636 5176 Confer
665 5125 745 5173 ep.
779 5125 895 5174 pen.
923 5108 1015 5164 lib.
1050 5106 1087 5161 it
1122 5119 1169 5163 et
1192 5125 1273 5175 ep.
1302 5106 1409 5161 252
1434 5109 1487 5160 h.
1514 5107 1606 5160 lib.

513 5178 620 5231 215
647 5178 837 5233 Contra
870 5194 977 5241 eos,
1004 5180 1091 5247 qui
1128 5178 1335 5233 veritati
1371 5179 1434 5230 de
1478 5177 1739 5229 industria
1781 5177 1992 5229 nebulas

442 5249 741 5315 o/fundunt,
777 5248 912 5315 quod
944 5248 1238 5301 miseriores
1274 5247 1377 5299 sint
1400 5247 1466 5297 iis
1498 5247 1585 5312 qui
1609 5248 1870 5299 veritatem
1892 5262 1995 5298 non

444 5330 808 5385 assequuntur,
849 5318 909 5369 ob
941 5318 1136 5385 ingenii
1163 5316 1547 5385 hebetudinem.

515 5388 619 5441 216
652 5388 724 5440 De
768 5384 1011 5439 muneris
1034 5384 1374 5438 sacerdotalis
1407 5401 1610 5438 summa
1661 5385 1992 5453 difﬁcultate.

446 5457 514 5513 Et
540 5473 695 5526 quam
734 5458 886 5523 pauci
914 5456 1158 5526 sintveri
1197 5458 1509 5509 sacerdotes.
1552 5454 1744 5524 Confer
1780 5473 1860 5525 ep.
1896 5456 1996 5511 10-1

448 5527 535 5580 (ib.
553 5524 606 5588 ι.
625 5537 673 5579 et
698 5526 785 5579 lib.
812 5541 863 5576 Iv
888 5542 967 5590 ep.
991 5524 1119 5576 220.

516 5594 618 5647 217
654 5594 859 5665 Divitiae
888 5604 1006 5647 sunt
1039 5594 1112 5665 ad
1134 5592 1295 5665 legem
1328 5604 1529 5647 natura:
1555 5596 1836 5665 composita
1863 5612 1991 5663 pau-

453 5673 638 5740 ferias.
669 5663 857 5733 Confer
898 5681 975 5731 cp.
1017 5663 1117 5719 106
1144 5663 1234 5717 lib.
1267 5677 1326 5719 ιι.

1540 256 2096 316 PROLEGOMENA
2133 258 2332 318 EDIT.
2372 257 2614 317 PARIS.

3552 252 3647 317 148

2159 368 2263 420 218
2291 366 2603 435 Objurgatio
2637 362 2861 416 hominis
2895 361 3231 435 voluptuarit-

2152 438 2257 492 219
2302 431 2378 490 De
2407 431 2595 504 pinnis,
2625 449 2743 502 qua:
2784 444 2902 504 tum
2927 432 3216 504 infantilia
3245 431 3501 504 Davidis,
3538 441 3646 504 t_mn

2080 508 2134 559 in
2163 508 2352 573 populo
2392 500 2647 573 grassatte
2684 513 2826 556 sunt.
2863 502 3056 573 confer
3082 517 3165 573 ep.
3198 503 3267 556 59
3301 501 3500 573 1.-ιὲᾼει
3538 500 3648 573 Eu-

2081 570 2272 643 logium
2317 570 2455 639 apud
2507 573 2750 626 Photiunt
2798 573 2852 643 in
2906 570 3319 643 Bibliotli._pag.
3347 570 3475 624 462.
3519 571 3646 635 Qua-

2080 641 2275 699 idcirco
2308 646 2585 712 diligenter
2614 642 2845 695 notanda
2877 651 3018 703 sunt,
3046 657 3107 712 ne
3131 641 3270 712 plebs
3294 642 3472 712 insons
3495 652 3647 708 atque

2080 716 2299 769 innoxia
2319 710 2501 783 punita
2523 730 2631 766 esse
2658 714 2916 783 videatur,
2946 710 3085 779 quod
3113 729 3144 763 a
3171 710 3269 763 Dei
3290 711 3506 777 justitia
3531 727 3649 777 pos-

2081 784 2149 836 sit
2173 782 2400 837 alieuum
2433 782 2742 836 existimari.

2154 853 2258 906 220
2288 853 2469 906 Miseri
2495 872 2524 903 a
2556 852 2849 919 potentibus
2880 851 3182 904 sublevandi
3214 859 3361 905 sunt.

2149 922 2245 975 221
2286 924 2583 990 lncrepatio
2617 922 2883 974 hominum
2915 921 3292 986 improborum.

2152 991 2259 1045 222
2293 993 2606 1046 Exhortatio
2628 990 2695 1041 ad
2728 992 2887 1042 animi
2918 993 3328 1044 moderationem
3349 1032 3363 1056 ,
3402 1002 3451 1045 et
3484 1008 3645 1060 expo-

2081 1063 2223 1121 sitio,
2265 1063 2449 1130 quibus
2478 1060 2571 1111 illa
2604 1061 2752 1112 rebus
2776 1061 3124 1130 contineatur.

2149 1132 2253 1185 225
2280 1129 2615 1185 Collaudatio
2648 1130 2793 1198 ejus,
2838 1130 2926 1193 qui
2969 1129 3318 1197 episcopatum
3357 1131 3458 1183 sibi
3500 1130 3651 1183 dela-

2082 1213 2192 1254 tum
2227 1203 2451 1268 fugerat.
2510 1198 2750 1251 Veterum
2784 1199 3141 1268 episcoporum
3174 1214 3293 1250 cum
3332 1202 3649 1254 recentiori-

2083 1270 2441 1392 stEcollatiio.
2478 1268 2671 1337 Confer
2710 1269 3042 1321 Bernardum
3091 1267 3165 1322 De
3198 1269 3651 1325 consideratione

2083 1356 2113 1392 ιι
2222 1355 2494 1392 ngenium.

2082 1342 2147 1397 ad
2175 1339 2494 1397 Eugenium.

2149 1357 2594 1476 234g3bjltii'lgatio
2641 1406 2865 1460 hominis
2914 1407 3141 1473 superbi,
3187 1424 3305 1461 cum
3347 1418 3525 1463 tamen
3552 1412 3653 1462 hu-

2081 1478 2192 1532 mili
2232 1494 2412 1540 genere
2438 1487 2590 1530 natus
2619 1488 2766 1531 esset.

2118 1548 2257 1671 932,5
2290 1548 2364 1667 [De
2390 1548 2711 1617 injuriarum
2757 1546 3055 1601 tolerantia.
3096 1546 3293 1615 Confer
3338 1564 3420 1616 ep.
3454 1547 3560 1603 100
3600 1557 3651 1601 et

2229 1636 2263 1670 t.
2315 1658 2328 1669 .
2358 1632 2418 1670 ιι.

2080 1619 2186 1674 590
2214 1620 2263 1670 Ιι.
2290 1619 2328 1669 Ι.
2358 1632 2418 1670 ιι.

2155 1687 2260 1742 226
2290 1686 2532 1739 Laudare
2574 1686 2863 1739 orationem
2911 1686 3130 1739 dicentis
3170 1696 3534 1756 argumentum
3575 1696 3657 1741 est

2084 1758 2459 1824 persuasionis.

2144 1826 2249 1880 227
2273 1825 2568 1892 A/fectuurn
2593 1824 2930 1892 mortiﬁcatio
2956 1825 3176 1877 materia
3209 1832 3285 1877 est
3324 1824 3479 1878 beata
3504 1826 3646 1880 vitat.

2150 1896 2256 1951 228
2294 1894 2737 1964 lnsidia;_diuboli
2763 1895 2920 1947 varia’
2941 1910 3003 1945 ac
3034 1893 3343 1960 multiplices
3371 1896 3654 1964 diligenter

2081 1965 2319 2019 cavenda:
2345 1974 2486 2017 sunt.
2504 1962 2837 2033 Vigilaudum
2865 1972 2939 2015 est
2966 1978 3164 2027 semper
3186 1980 3205 2027 ;
3236 1963 3414 2033 multa?
3436 1962 3653 2017 insidia:

2082 2044 2201 2089 sunt
2225 2035 2393 2096 bonis;
2418 2030 2777 2103 usquequaque
2805 2042 3232 2103 sapereqoportet.
3264 2030 3342 2103 Ald
3371 2034 3471 2086 erit
3496 2033 3658 2086 telum

2084 2106 2420 2156 acerrimum.
2448 2102 2644 2170 Confer
2667 2101 2819 2162 epist.
2858 2101 2959 2154 164
2988 2101 3025 2153 l.
3059 2116 3116 2153 ιι.
3142 2101 3210 2154 Et
3238 2101 3466 2169 August.
3491 2118 3654 2159 serm.

2084 2174 2185 2227 157
2221 2172 2295 2224 De
2332 2185 2490 2239 temp.
2532 2172 2595 2224 In
2638 2172 2732 2224 hac
2776 2183 2883 2224 tam
2927 2170 3220 2239 periculosa
3255 2181 3301 2224 et
3348 2173 3657 2225 tentatiouis

2086 2243 2241 2308 plena
2274 2242 2430 2311 hujus
2456 2241 2634 2311 steculi
2655 2252 2799 2311 nocte
2828 2243 2967 2311 quis;
2980 2256 3087 2311 non
3114 2242 3334 2295 timeat?
3360 2252 3470 2295 etc.
3491 2240 3660 2295 Simi-

2084 2313 2159 2364 lia
2185 2308 2350 2363 multa
2381 2310 2491 2363 vide
2513 2312 2654 2378 apud
2677 2309 2901 2363 Leonem
2942 2308 3019 2362 M.

2151 2382 2256 2435 229
2298 2379 2490 2450 Ἐσθλᾲ
2518 2379 2695 2447 λέγειν
2725 2379 3078 2450 αἰεὶ-πάντες
3120 2380 3302 2450 καλὸν,
3353 2381 3556 2450 αἰσχρά
3598 2380 3661 2433 δὲ

2083 2450 2273 2521 δειγρν,
2317 2451 2416 2502 κᾶν
2438 2444 2805 2521 ὦσινίτούτων
2833 2448 2993 2521 gignat,
3028 2444 3103 2502 ὧν
3150 2449 3406 2521 λέγομεν.

2155 2518 2275 2571 Non
2306 2530 2411 2572 tam
2453 2520 2579 2586 quid
2622 2520 2847 2587 improbi
2890 2521 3076 2572 audire
3123 2518 3443 2582 mereantur,
3485 2536 3657 2589 quam

2120 2590 2207 2641 uid
2258 2591 2416 2642 bonos
2459 2590 2564 2641 illis
2607 2591 2778 2642 dicere
2827 2592 3097 2642 conveniat
3154 2590 3497 2658 spectandum
3544 2601 3654 2647 est.

2120 2607 2206 2641 uia
2258 2607 2416 2642 oonos
2459 2607 2564 2641 tttts
2607 2607 2778 2642 arcere
2827 2607 3097 2642 conveniat

2083 2607 2289 2722 lingua
2311 2673 2419 2727 esse
2444 2659 2590 2712 debet
2618 2660 2851 2712 veritatis
2876 2673 3154 2727 organum.

2153 2727 2258 2784 250
2291 2726 2553 2797 Confessis
2586 2730 2732 2781 venia
2762 2726 2949 2780 danda
2973 2738 3322 2795 peccatorum,
3361 2731 3542 2781 nonin
3570 2746 3657 2783 se-

2087 2798 2401 2853 ctationibus
2444 2798 2819 2866 intempestivis
2859 2797 3223 2850 insultandum
3255 2807 3302 2851 et
3338 2799 3653 2852 instandum

2086 2878 2184 2923 est.

2157 2937 2254 2992 251
2298 2935 2407 2991 Cur
2453 2937 2588 2991 Deus
2626 2936 2896 2991 obstinatis
2935 2938 3292 3004 peccatoribus
3336 2938 3657 3007 implacabi-

2089 3009 2206 3062 liter
2235 3009 2515 3059 irascatur.

2157 3078 2261 3132 252
2300 3077 2471 3129 Homo
2519 3079 2760 3145 impurus
2804 3086 2852 3129 et
2899 3077 3094 3147 impius
3138 3079 3200 3131 de
3241 3076 3346 3147 Deo
3397 3078 3659 3147 rebusque

2084 3148 2274 3200 divinis
2307 3147 2559 3200 disserere
2595 3163 2697 3199 non
2733 3146 2899 3200 debet.
2938 3145 3134 3215 Confer
3174 3165 3258 3215 ep.
3298 3146 3405 3200 214
3444 3148 3485 3202 l.
3522 3145 3577 3211 t,
3608 3158 3657 3200 et

2084 3234 2167 3272 en.
2205 3234 2319 3272 pen.
2352 3218 2390 3268 l.
2419 3231 2477 3268 ιι.

2419 3235 2577 3354 I[l‘alsis
2626 3285 2896 3354 principiis
2951 3301 3055 3345 non
3089 3296 3257 3356 potest
3294 3288 3483 3357 conﬁci
3534 3302 3659 3341 vera

2116 3372 2210 3408 onc
2238 3371 2373 3408 usto.

2087 3371 2373 3409 (0116111810.

2150 3426 2256 3480 254
2290 3423 2474 3477 Dirunt
2507 3425 2671 3477 animi
2719 3426 2955 3480 morbum
2993 3425 3095 3491 (res
3132 3426 3291 3496 mira)
3320 3426 3462 3479 haud
3493 3427 3657 3480 sentit

2087 3511 2294 3547 avarus.

2155 3565 2260 3619 255
2286 3564 2525 3617 Hominis
2568 3562 2812 3629 Epicurei
2864 3564 2927 3616 ab
2972 3563 3313 3630 improbitate
3360 3566 3654 3617 revocatio.

2088 3634 2291 3754 quintae
2337 3634 2746 3755 imlmortalitatis
2784 3634 3158 3702 comprobatio.
3208 3633 3401 3702 Confer
3431 3651 3517 3702 ep.
3547 3635 3664 3689 295

2104 3720 2140 3755 ι.
2196 3743 2209 3755 .
2238 3715 2295 3755 ιιι
2325 3715 2371 3755 et
2430 3742 2444 3755 .
2478 3719 2549 3755 IV.

2104 3720 2140 3757 l.
2173 3715 2209 3755 Ι.
2238 3715 2295 3757 Ill
2325 3715 2371 3757 et
2407 3715 2444 3757 ι.
2478 3719 2549 3756 ιν.

2154 3773 2258 3827 256
2288 3772 2542 3841 Exempla
2569 3780 2797 3837 quatuor
2831 3789 3008 3827 eorum
3058 3789 3174 3843 qua:
3219 3789 3312 3843 per
3345 3773 3663 3827 ἁναδίπλωοι

2091 3858 2172 3894 σιν
2198 3845 2338 3894 dicta
2373 3852 2515 3897 sunt.

2159 3913 2261 3966 257
2288 3909 2453 3964 Falsa
2490 3922 2564 3983 est
2601 3911 2934 3981 perfectionis
2963 3928 3179 3975 norma,
3223 3914 3269 3967 si
3308 3915 3426 3983 quis
3459 3930 3514 3966 se
3550 3930 3665 3967 non

2090 3986 2156 4034 ad
2188 3993 2505 4050 praeceptum
2537 3982 2685 4050 legis,
2713 3983 2802 4035 sed
2835 3998 2951 4035 cum
2979 3982 3327 4036 deterioribus
3355 3994 3656 4051 comparet.

2159 4068 2262 4123 258
2292 4069 2549 4123 Sacerdos
2577 4085 2678 4138 non
2702 4079 2810 4121 tam
2841 4070 3003 4121 verbis
3029 4086 3182 4137 quam
3215 4070 3370 4138 {actis
3397 4071 3667 4138 populant

2090 4139 2272 4209 docere
2292 4140 2455 4192 debet.
2478 4138 2568 4193 Sic
2594 4137 2949 4191 Tertullianus
2971 4139 3119 4191 initio
3142 4137 3234 4191 lib.
3261 4140 3333 4193 De
3358 4137 3621 4209 patientia
3648 4158 3663 4193 :

2094 4207 2311 4275 Oportet
2356 4208 2852 4261 commendationem
2905 4217 2953 4261 et
2998 4207 3491 4263 demonstrationem
3556 4213 3670 4262 ali-

2092 4279 2245 4342 cuius
2266 4278 2340 4330 rei
2368 4278 2578 4331 adortos
2612 4277 2753 4345 ipsos
2785 4279 2934 4346 prius
2966 4279 3019 4329 in
3053 4279 3508 4332 administratione
3539 4286 3665 4346 ejus

2094 4349 2166 4399 rei
2197 4348 2635 4415 deprehendendi,
2686 4356 2737 4400 et
2778 4348 3125 4401 constantiam
3175 4348 3489 4402 admonendi
3534 4367 3671 4412 pro-

2133 4418 2227 4469 ria:
2276 4415 2681 4470 conversationis
2735 4418 3052 4470 auctoritate
3102 4417 3364 4485 dirigere,
3406 4435 3470 4473 ne
3511 4420 3679 4475 dicta

2133 4433 2227 4469 ria:
2276 4433 2681 4470 conversationis
2735 4433 2979 4469 auctorttt

2092 4433 2244 4553 factis
2272 4487 2632 4552 deﬁcientibus
2652 4486 2979 4539 erubescant.

2158 4555 2263 4621 259
2286 4554 2562 4609 Revocatio
2593 4555 2656 4606 ab
2687 4571 2863 4607 errore
2895 4565 2940 4607 et
2971 4556 3176 4609 haeresi.

2159 4625 2263 4678 240
2299 4626 2369 4695 De
2401 4626 2751 4690 improborum
2775 4626 3105 4695 sacerdotum
3133 4627 3315 4695 poenis.

2163 4696 2261 4749 241
2305 4693 2618 4748 Extenuatin
2656 4695 2739 4745 sui
2767 4694 2953 4759 ipsius.

2164 4765 2268 4818 242
2299 4763 2426 4816 Vere
2469 4764 2533 4816 de
2559 4763 2708 4835 rebus
2746 4763 3094 4831 judicandum
3138 4781 3237 4832 est,
3279 4784 3443 4835 neque
3474 4785 3677 4835 ρει-ιο-

2094 4851 2282 4888 narum
2308 4832 2656 4905 quarumdam
2692 4834 2815 4884 vitia
2856 4834 2908 4885 in
2947 4837 3149 4891 ordinis
3179 4832 3675 4905 totius—reprehen-

2091 4908 2287 4960 sionem
2323 4903 2575 4955 trahenda
2600 4912 2739 4967 sunt.

2163 4974 2267 5027 245
2294 4970 2534 5046 Epistola
2570 4971 2932 5046 etymologica,
2968 4978 3103 5046 γυνὴ
3135 4980 3273 5031 unde
3302 4978 3487 5029 dicta:
3518 4979 3681 5032 unde

2096 5046 2216 5096 item
2263 5045 2436 5109 γονεῖς
2457 5081 2472 5106 ,
2503 5046 2656 5115 -undc
2689 5041 2848 5115 ᾁνὴρ.
2887 5041 3051 5097 Aliter
3088 5041 3258 5100 tamen
3289 5048 3352 5099 de
3380 5047 3461 5100 his
3495 5048 3679 5115 origi-

2096 5107 2465 5184 natur‘auctor
2494 5107 2843 5184 Etgmologici
2877 5116 3075 5181 magni,
3106 5133 3256 5184 quem
3285 5117 3419 5170 vide.

2164 5182 2269 5234 244
2297 5181 2403 5234 Deo
2436 5182 2648 5253 agendae
2680 5184 2864 5247 gratia:
2909 5193 3018 5236 tant
3064 5181 3158 5253 pro
3197 5187 3344 5238 bonis
3387 5186 3683 5253 privatisin

2094 5269 2247 5320 quam
2278 5267 2371 5318 pro
2404 5251 2657 5317 positivis.
2783 5318 2791 5320 _
3065 5251 3072 5253 ⁷
3389 5251 3394 5253 ’
3438 5266 3441 5267 ⁷

2094 5318 2114 5392 ί
2166 5322 2272 5374 245
2308 5321 2381 5373 De
2428 5320 2661 5386 improbo
2710 5318 2983 5392 episcopo,
3041 5325 3128 5392 qui
3185 5323 3315 5376 bono
3366 5326 3637 5376 successit
3666 5366 3686 5387 ,

2096 5403 2291 5454 quanta
2335 5392 2455 5442 inde
2505 5398 2681 5440 secuta
2727 5390 2793 5439 sit
2843 5404 3013 5442 rerum
3053 5390 3287 5444 'nntnium
3327 5394 3381 5444 in
3426 5397 3691 5447 deterius

2099 5460 2379 5513 conversio.
2418 5457 2610 5523 Confer
2642 5474 2720 5522 ep.
2749 5457 2853 5511 270
2884 5460 2935 5509 lt.
2974 5462 3061 5514 tib.
3094 5475 3175 5513 ιιι.

2167 5529 2270 5582 246
2296 5527 2413 5599 Pas:
2452 5542 2570 5578 vera
2606 5542 2844 5592 quantam
2874 5531 2964 5591 sit,
2996 5546 3173 5597 nempe
3196 5546 3311 5597 qua:
3345 5547 3463 5581 cum
3495 5532 3694 5599 justi-

2100 5598 2486 5674 tia_cpnjt_l_ncla
2520 5605 2627 5656 εδι,
2671 5611 2771 5646 twn
2799 5614 2923 5674 gitur
2967 5617 3081 5652 cunt
3130 5600 3285 5654 vittis.
3336 5600 3546 5669 Confer
3586 5619 3688 5674 ep.

2101 5669 2202 5731 28.1
2231 5669 2278 5722 lt.
2314 5668 2404 5721 lib.
2443 5680 2524 5731 In,
2551 5677 2593 5718 et
2624 5681 2671 5718 ιγ
2693 5682 2772 5733 cp.
2798 5669 2884 5721 56.
