3890 6134
258 233 363 295 153

320 339 419 413 571
489 336 835 413 Frugalitatis
894 357 1011 394 cum
1074 341 1286 397 luxuria
1355 349 1698 413 comparatio,
1766 358 1812 402 et

256 412 354 464 utri
362 425 522 477 usque
549 410 785 476 e/fectus.

322 479 429 551 572
462 478 759 551 Cratalatio
778 482 840 533 de
870 482 1167 535 adversario
1196 497 1457 551 superato.

325 550 433 603 575
452 550 770 623 ΔιίίιῑΙιοιἮιιίο
802 553 867 623 ad
905 554 1233 623 modestiam.
1260 550 1333 608 in
1370 568 1498 609 recte
1526 558 1678 623 factis
1716 572 1818 610 non

257 620 676 691 sliperbientlum.
736 621 827 673 sed
894 622 1157 675 humiliter
1243 627 1413 691 potius
1470 620 1816 680 sentiendum.

262 688 429 743 Tanto
459 692 598 742 enim
638 692 967 744 sublimiores
992 698 1208 749 erimus.
1242 688 1432 760 quanto
1465 714 1555 749 nos
1594 697 1820 750 submis-

258 761 367 812 sius
395 762 725 829 gesserimus.
756 760 964 829 Confer.
1025 779 1101 829 ep.
1130 765 1234 818 509
1257 766 1306 817 h.
1337 767 1424 817 lib.
1451 783 1502 819 ν.

324 829 431 903 574
474 828 696 903 Virtutis
731 842 779 883 et
857 828 1111 885 doctrina:
1158 836 1508 903 pulcherrima
1564 847 1639 891 est
1695 852 1819 888 con-

258 899 458 975 iunctio
494 916 514 954 :
554 899 744 975 Verum
792 903 836 953 si
884 906 1137 975 alterutra
1159 899 1224 956 sit
1270 908 1573 970 carendum,
1608 914 1823 975 praestat

259 970 355 1022 hac
383 970 665 1042 quoptilla
686 972 928 1042 destitui.
959 972 1152 1040 Confer
1182 991 1261 1042 ep.
1287 975 1391 1027 562
1421 978 1475 1029 It.
1516 970 1609 1027 lib.

327 1041 434 1094 575
464 1037 800 1113 Co‘llaudatio
830 1037 1163 1111 magistratus
1187 1037 1441 1097 moderati
1467 1046 1557 1111 qui
1587 1047 1825 1113 gravita-

262 1120 363 1163 tem
384 1111 815 1179 severitatemque
835 1113 1047 1165 lenitate
1059 1124 1105 1166 et
1126 1115 1527 1167 mansuetudine
1550 1111 1820 1179 temperat.

330 1180 443 1252 570
466 1178 673 1252 Christo
695 1183 988 1250 eloquentia
1026 1193 1074 1235 et
1115 1185 1374 1252 sapientia
1408 1187 1530 1236 bene
1562 1178 1831 1237 'collocata

265 1266 365 1303 non
388 1249 654 1322 displicet,
684 1249 803 1304 cum
856 1256 962 1317 ipse
996 1249 1215 1307 Verbum
1255 1265 1301 1307 et
1327 1253 1599 1322 Sapientia
1650 1253 1831 1306 Patris

266 1320 448 1372 teterni
483 1321 701 1373 voluerit
739 1323 1011 1389 appellari.

333 1413 440 1485 577
476 1410 694 1466 Fortior
719 1427 792 1468 est
818 1417 908 1484 qui
932 1434 1005 1477 se.
1037 1434 1191 1485 quam
1216 1419 1305 1482 qui
1337 1420 1491 1472 vincit
1534 1413 1828 1478 fortissima

268 1484 457 1603 zppliill’a
487 1499 506 1535 :
540 1500 630 1536 nec
668 1486 832 1539 virtus
880 1484 1150 1541 altius’ire
1190 1498 1375 1554 patest.
1409 1487 1563 1555 Confo
1612 1497 1692 1549 ει).
1724 1489 1833 1542 552

305 1593 319 1606 .
376 1570 388 1602 ι
431 1590 446 1604 .
479 1568 562 1607 ιιι.

503 1624 894 1681 Commendatio
923 1629 1080 1682 amici
1112 1630 1167 1684 in
1206 1644 1395 1697 magno
1428 1633 1682 1687 versantis
1715 1629 1828 1683 dis-

271 1708 508 1745 crnnme.

340 1763 449 1817 579
478 1763 775 1839 Admonitio
812 1769 874 1822 de
902 1769 1141 1823 libertate
1166 1770 1435 1832 sectanda,
1462 1769 1677 1839 ejusque
1693 1771 1831 1823 duo-

274 1830 669 1910 bu_s_ertremis
715 1839 996 1906 fugiendis,
1034 1840 1339 1910 arrogantia
1379 1830 1729 1910 uanitateque,
1786 1850 1833 1894 et

274 1904 578 1958 adulatione
607 1921 697 1959 seu
718 1904 1028 1963 'servilitate.

342 1992 447 2048 580
500 1995 575 2048 De
617 1998 852 2053 dissidiis
901 2002 1190 2054 amicorum
1242 2012 1289 2056 et
1356 1997 1832 2056 concertationibus

274 2063 632 2140 inimicorum,
653 2070 791 2140 quod
817 2069 1099 2138 plurimum
1124 2072 1391 2140 differant.

343 2133 596 2219 581Πομο
624 2133 852 2219 majores
876 2155 1083 2219 sumus,
1115 2133 1643 2219 eo"nos_submissius
1677 2167 1831 2219 gera-

274 2204 568 2287 mus..Quis
590 2208 653 2259 sit
689 2204 1043 2287 εὶξγαλόφρῳν
1080 2221 1127 2263 et
1172 2212 1531 2287 μετρίοφρων,
1582 2204 1700 2287 φιῦ
1738 2238 1834 2272 τα-

276 2273 601 2359 ῖτεὴικίξφρων,
658 2273 780 2357 quis
828 2273 1144 2359 ὲιῃξὺώμων,
1172 2273 1316 2359 ’-ιιιιῖδ
1371 2273 1665 2359 Ξεξγᾳδὸξός,
1714 2290 1831 2359 quis

275 2342 547 2427 ψιξέᾷρξρς
586 2342 708 2427 quis
734 2342 1085 2427 μιιςρᾴῷυχὸς,
1108 2342 1223 2419 quis
1261 2342 1651 2427 μεγαλόψυίοξ.

342 2413 745 2495 58ΞΛΙίιιιιάιιιξᾴ
776 2413 940 2472 nimia
976 2413 1281 2491 estpareus
1328 2413 1573 2493 ignaviae:
1613 2413 1828 2495 Confer.

276 2484 424 2551 epist.
447 2484 552 2537 248
575 2487 627 2537 lt.
660 2488 751 2539 lib.
780 2502 864 2541 ιιι.

309 2622 320 2632 ⁸
343 2552 447 2605 585
478 2555 672 2609 Contra
707 2557 925 2611 laudum
953 2559 1328 2627 parcimoniam
1346 2566 1546 2633 pariter
1563 2574 1613 2619 et
1646 2565 1833 2633 profu-

278 2639 490 2675 nonem.

279 2761 313 2813 ά
345 2693 452 2746 584
482 2692 607 2748 Non
646 2697 738 2749 uni
764 2707 967 2752 tantum
1005 2700 1209 2765 virtuti,
1235 2704 1322 2755 sed
1345 2706 1581 2759 omnibus
1615 2706 1833 2760 studen-

318 2778 424 2813 nm.

318 2778 424 2813 nm.

346 2830 461 2914 585.
494 2831 944 2914 Quemadmodum
981 2840 1070 2914 qui
1098 2841 1277 2914 urbem
1312 2843 1567 2909 obsident,
1617 2845 1671 2897 in
1714 2860 1827 2896 eam

280 2908 607 2980 potissimum
653 2917 855 2980 partem
900 2908 1098 2975 faciunt
1148 2913 1412 2978 impetum,
1449 2908 1566 2980 quae
1612 2915 1836 2965 maxime

281 2972 488 3042 infirma
520 2984 642 3037 est;
689 2976 761 3026 ita
810 2972 1087 3042 perpetuus
1137 2980 1227 3032 ille
1271 2972 1603 3035 adversarius
1661 2992 1837 3034 noster

282 3041 518 3095 diabolus
534 3060 648 3094 eam
674 3046 864 3099 anima:
879 3041 928 3101 et
959 3050 1239 3116 affectuum
1264 3062 1461 3115 portent
1487 3053 1715 3105 maxime
1736 3054 1830 3101 im-

284 3122 629 3188 pugnatuqua
655 3120 880 3169 maxime
904 3135 1079 3172 sumus
1102 3122 1370 3188 imparati,
1403 3131 1555 3188 atque
1576 3118 1842 3173 imbecilli.

286 3179 460 3302 [586!
489 3179 690 3237 Contra
736 3202 821 3241 eos
869 3192 955 3256 qui
988 3192 1051 3241 de
1090 3179 1240 3243 rebus
1278 3179 1482 3245 divinis.
1505 3192 1850 3244 irreverenter

325 3266 433 3302 ιευιι
465 3264 577 3302 ant-

325 3266 577 3316 tsptttanl.

355 3344 455 3398 587
482 3343 785 3402 Gratulatio
812 3349 877 3402 de
912 3354 1097 3420 adepto
1123 3354 1434 3419 sacerdotio,
1474 3363 1523 3408 et
1558 3354 1848 3411 admonitio

288 3413 352 3465 de
378 3430 434 3464 eo
465 3431 683 3469 munere
713 3433 848 3472 recte
881 3413 1316 3477 administrando.

341 3483 443 3561 588
464 3483 775 3561 Encomium
795 3505 956 3561 sacra:
973 3489 1280 3560 Scriptum,
1306 3493 1457 3561 cujus
1483 3499 1712 3552 studium
1736 3516 1848 3553 om—

292 3555 436 3605 nibus
453 3556 615 3639 rebus
640 3560 885 3639 superius
912 3570 1008 3639 est,
1030 3555 1229 3639 (pioque
1256 3555 1381 3614 nihil
1405 3565 1549 3618 nobis
1574 3570 1843 3639 antiquius

292 3625 599 3695 essedebet.
633 3626 829 3693 Confer
859 3630 1011 3695 epist.
1042 3625 1154 3684 569—
1169 3630 1256 3684 lib.
1296 3648 1333 3686 ι.

302 3762 314 3772 .
360 3693 895 3777 589_Quo.sp_ec_tarit
936 3700 1321 3777 sapientissima
1349 3702 1550 3777 lexde
1597 3708 1842 3777 erigenda

285 3766 523 3837 jumento
563 3766 787 3832 inimici,
818 3785 996 3837 nempe
1036 3772 1105 3823 ad
1159 3773 1629 3827 reconciliationem
1674 3766 1843 3831 dissi-

292 3832 524 3885 dentium
550 3838 866 3891 animorum.
934 3832 943 3837 ’
1784 3848 1787 3851 λ

350 3901 719 3984 _590_Prte_s_tat
734 3909 927 3984 ‘inique
943 3908 1124 3984 plecti,
1147 3927 1304 3984 quam
1338 3913 1686 3968 immerentem
1704 3933 1847 3984 prte-

292 3973 580 4047 naida/fici.
600 3976 801 4047 Confer
819 3973 900 4047 ep.
936 3979 1037 4033 100
1067 3980 1118 4033 h.
1152 3973 1242 4034 lib.
1281 3997 1360 4034 ιιι.

350 4042 457 4122 .591
482 4042 635 4098 Finis
691 4042 861 4123 rerum
907 4062 1202 4123 creatarum
1247 4051 1510 4117 omnium,
1562 4066 1715 4123 atque
1769 4058 1844 4110 ita

294 4120 449 4189 etiam
488 4126 751 4169 astrorum
771 4120 882 4181 ,hic
905 4126 1001 4181 est,
1036 4130 1088 4171 ut
1111 4121 1231 4173 inde
1252 4124 1403 4175 homo
1428 4126 1562 4178 velut
1587 4120 1844 4178 manudu-

294 4190 463 4263 cttgnf
494 4189 727 4263 quadam
758 4189 826 4241 ad
876 4190 1222 4263 cognitionem
1245 4191 1507 4247 Creatoris
1564 4200 1842 4263 perveniat.

362 4252 468 4306 392
501 4252 710 4311 Divitiis
748 4252 957 4313 cunctis'
1000 4258 1133 4311 bona
1168 4261 1305 4313 fama
1354 4274 1437 4316 est
1478 4252 1842 4318 ant'efereiidn.

362 4322 470 4377 595
519 4326 795 4381 Facultate
851 4328 1102 4381 orationis
1147 4340 1196 4381 et
1237 4332 1540 4398 eloquentia:
1586 4335 1842 4385 metienda

294 4402 367 4471 est
396 4407 600 4471 natura;
628 4401 869 4471 humanae
899 4400 1227 4471 praestantia,
1253 4417 1413 4467 eaque
1436 4404 1660 4471 conferri
1700 4404 1843 4455 debet

296 4464 361 4515 ad
391 4468 739 4531 patrocinium
762 4464 1014 4534 veritatis,
1046 4485 1147 4521 non
1170 4472 1235 4522 ad
1253 4464 1593 4533 improbitatis
1620 4480 1670 4525 et
1688 4474 1846 4526 vitio-

296 4549 406 4586 runt
439 4538 759 4596 praesidium.

363 4604 468 4680 594
515 4607 647 4680 Mali
680 4608 989 4680 sacerdotes
1011 4624 1105 4661 suo
1126 4607 1322 4675 judici.
1357 4614 1617 4680 corrumpi
1654 4614 1846 4675 nescio,

300 4676 621 4751 relinquendi
654 4687 795 4751 sunt.
826 4679 1046 4751 Interim
1072 4688 1302 4731 nostram
1334 4682 1541 4733 illorum
1565 4676 1849 4751 reprehen-

300 4744 489 4819 sionem
507 4756 661 4819 atque
685 4749 1271 4819 animadversionemin
1302 4744 1639 4819 nosmetipsos
1672 4763 1849 4807 trans-

306 4814 720 4886 ferredebemus.
744 4817 935 4886 Confer
961 4820 1111 4885 epist.
1148 4817 1255 4871 540
1281 4821 1370 4872 lib.
1406 4836 1486 4875 ιιι.

360 4884 462 4938 595
491 4884 660 4939 Sacer
686 4884 963 4940 conventus
992 4884 1161 4954 qualis
1185 4904 1294 4942 esse
1320 4889 1523 4943 debeat.

366 4954 739 5078 53(214Azai'litga
779 4972 954 5011 verum
989 4958 1255 5026 judicium
1297 4961 1604 5028 corrumpit.
1649 4958 1847 5029 Confer

366 5062 373 5072 .
586 5066 599 5078 .
655 5046 668 5078 Ι
710 5067 724 5078 .

306 5037 373 5088 ep.
409 5026 514 5078 274
547 5028 599 5079 h.
634 5028 724 5080 lib.

363 5095 461 5149 597
491 5097 746 5150 Homines
788 5107 1026 5165 corrupte
1052 5096 1272 5165 viventes
1299 5097 1455 5151 libere
1491 5109 1609 5153 sunt
1659 5101 1847 5152 admo-

307 5167 470 5238 uendi,
492 5179 544 5219 ut
581 5169 832 5238 desistant
861 5183 892 5238 _a
924 5164 1340 5238 vittisfﬂljlventus
1372 5178 1543 5223 autem
1579 5168 1689 5223 Deo
1726 5186 1845 5238 per-

306 5236 579 5290 mittendus
604 5247 701 5289 est.
728 5234 923 5301 Confer
942 5253 1021 5298 ep.
1047 5236 1151 5288 284
1179 5237 1231 5289 Ιι.
1255 5237 1341 5291 lib.
1372 5253 1450 5291 ιιι.

366 5305 469 5358 598
522 5306 779 5359 Doctrina
822 5320 1089 5379 sacrarum
1137 5304 1450 5359 Litterarum
1487 5318 1569 5367 est,
1592 5310 1845 5379 depositio

308 5378 489 5447 sortis,
545 5393 664 5445 qua:
726 5376 1017 5427 accessione
1067 5378 1313 5429 bonorum
1348 5393 1561 5445 cperunt
1604 5376 1848 5447 tanquam

310 5446 474 5508 fenore
497 5447 741 5515 augenda
758 5453 852 5496 est.

372 5516 474 5570 599
505 5514 754 5578 Quotidie
788 5514 1130 5585 moriendum.
1166 5514 1228 5567 Et
1258 5515 1581 5585 philosophia
1613 5520 1772 5582 enim,
1800 5526 1848 5570 et

310 5598 448 5658 {ejus
481 5586 917 5658 Christianismi“
943 5584 1206 5658 meditatio
1228 5590 1406 5639 mortis
1431 5584 1524 5641 est.
1552 5587 1746 5658 Confer
1765 5602 1845 5656 ep.

311 5651 409 5711 355
435 5658 525 5722 lib,
556 5670 593 5723 ι,
621 5664 669 5709 et
694 5654 793 5709 197
816 5653 908 5708 lib.
941 5668 1003 5718 ll,
1028 5664 1073 5707 et
1098 5655 1200 5711 505
1224 5658 1279 5709 h.
1308 5658 1396 5711 lib.
1424 5673 1505 5714 ιιι.

1388 239 1943 301 PROLEGOMENA
1982 242 2179 302 EDIT.
2219 240 2459 300 PARIS.

3381 238 3484 305 154

1986 349 2091 403 400
2138 349 2211 403 De
2247 361 2385 402 recta
2406 358 2457 402 et
2500 347 2683 402 vitiosa
2730 355 3061 404 verecundia.
3101 346 3259 419 Conf.
3303 364 3385 418 ep.
3414 352 3483 405 90

1923 420 2017 473 lib.
2052 436 2127 474 ιιι.

1988 489 2084 541 401
2117 488 2312 559 Contra
2336 488 2866 559 libidinosos.'_Confer
2887 492 3038 559 epist.
3071 491 3122 544 h.
3144 492 3250 547 568
3274 491 3365 547 lib.
3391 508 3479 547 ιιι.

1991 560 2096 611 402
2136 558 2328 611 Contra
2352 559 2594 611 Arianos.

1993 629 2097 683 405
2118 628 2247 701 (Iuni
2282 628 2404 695 ﬁdei
2419 629 2653 701 veritate
2674 630 3078 697 integritati-que
3121 632 3486 701 conjungenda

1922 711 1995 755 est
2020 701 2135 752 vita:
2165 700 2487 751 innocentia.
2515 697 2705 765 Confer
2728 701 2875 763 epist.
2901 701 2967 753 57
2991 704 3045 753 h.
3073 702 3168 755 lib.
3204 697 3286 757 ιίι.

1992 768 2097 823 404
2127 768 2510 822 Contentiones
2541 769 2780 822 excitare
2815 785 2879 822 ne
2907 773 3063 824 velis.

2135 858 2266 913 Nam
2288 873 2450 927 parva
2480 860 2599 913 belli
2632 876 2795 916 causa
2820 878 2961 931 saepe
2990 864 3225 933 ingentis
3253 876 3357 919 est.

1995 953 2102 1007 405
2135 953 2241 1018 Qui
2278 953 2595 1022 professioni
2630 953 3020 1010 Christianismi
3050 974 3151 1010 non
3174 959 3482 1010 convenien-

1929 1034 2005 1096 ter
2046 1025 2240 1096 vivunt,
2273 1022 2457 1096 Deum
2513 1039 2545 1074 a
2588 1027 2808 1095 paganis
2852 1035 2899 1078 et
2940 1028 3240 1095 inﬁdelibus
3290 1028 3489 1096 faciunt

1931 1094 2302 1160 blasphemari.

2000 1162 2105 1233 406
2148 1161 2366 1233 Manum
2398 1162 2726 1217 admoventes
2764 1164 2998 1219 invocate
3026 1166 3261 1220 numina.
3288 1165 3485 1233 Confer

1930 1232 2133 1303 ep.27l
2162 1234 2215 1284 h.
2249 1232 2341 1283 lib.
2368 1247 2447 1295 ιιι,
2474 1244 2521 1285 et
2552 1234 2642 1285 lib.
2675 1250 2726 1286 Iv
2764 1250 2843 1302 ep.
2878 1234 2981 1288 Set
3013 1237 3067 1290 4.

2002 1302 2106 1355 407
2127 1303 2398 1369 Improbus
2427 1312 2517 1354 aut
2547 1305 2900 1370 corrigendus.
2931 1316 3021 1357 aut
3051 1305 3384 1358 deserendus.

2138 1371 2386 1425 Ecclesiae
2425 1372 2566 1441 fteda
2591 1381 2640 1425 et
2671 1374 2981 1428 miserabilis
3019 1377 3344 1445 degeneratio
3399 1374 3493 1428 de-

1942 1442 2208 1496 scribitur.

2004 1512 2109 1563 4(ιο
2139 1509 2531 1565 Commendatio
2560 1512 2738 1565 amici.

2007 1580 2110 1634 410
2134 1579 2301 1633 Nemo
2318 1583 2426 1634 sine
2441 1582 2654 1633 crimine
2674 1583 2721 1634 ci
2729 1581 2816 1633 vit.
2840 1579 3040 1635 Idcirco
3054 1583 3187 1635 alter
3205 1582 3357 1635 atteri
3374 1597 3496 1635 suos

1942 1667 2113 1704 naevos
2144 1652 2437 1703 condonare
2457 1651 2620 1703 debet.
2650 1649 2841 1716 Confer
2869 1652 3018 1714 epist.
3054 1652 3159 1706 248
3182 1657 3233 1704 h.
3261 1653 3351 1704 lib.

2150 1720 2362 1793 ὍτιΫοὺ
2405 1720 2600 1793 Δῥεῖ-ὲν
2643 1722 2707 1790 τῇ
2765 1721 3053 1793 πᾳιδοποίᾳ
3108 1720 3495 1793 ἀκρλασῖινειν,

1940 1789 2059 1843 οὐδὲ
2090 1789 2354 1860 ᾁσελγεῖν.
2391 1789 2545 1857 Conf.
2568 1808 2648 1860 ep.
2672 1789 2733 1842 8|
2764 1791 2834 1841 lib
2866 1808 2922 1851 Il,
2951 1802 3000 1843 et
3029 1789 3111 1859 ep.
3135 1791 3201 1843 46
3228 1792 3280 1843 h.
3314 1790 3380 1860 lib
3414 1805 3496 1860 Ill.

2010 1858 2635 1981 :H‘Zilfgrlitzsitatiscum
2662 1860 2881 1914 avaritia
2914 1858 3256 1931 comparatio.
3305 1858 3499 1927 Confer

2010 1939 2089 1981 Ist.
2275 1944 2288 1979 t
2328 1970 2340 1981 .
2372 1944 2429 1981 II.

1940 1932 2089 1983 epist.
2124 1929 2223 1982 146
2253 1929 2340 1982 lib.
2372 1944 2429 1982 ιι.

1969 1946 2429 2052 ΡΪ15ιῖιῗάιὶῗῖιιπιι
2458 2009 2746 2051 extremum
2780 2009 2920 2052 certo
2967 1999 3203 2067 futurum
3235 2009 3330 2061 est,
3361 1998 3499 2067 quod

1940 2068 2097 2120 etiam
2157 2068 2482 2140 ethnicorum
2541 2070 2851 2140 scriptorum
2935 2072 3245 2124 celeberrimi
3310 2074 3500 2140 quique

1940 2145 2277 2207 agnoverunt.
2303 2138 2496 2204 Confer
2518 2138 2665 2205 epist.
2703 2138 2806 2192 158
2834 2140 2924 2192 lib.
2960 2155 3020 2192 ιι.

2196 2271 2649 2328 ARCUMENTA
2690 2273 2892 2328 LIBRI
2930 2272 3217 2342 QUARTI.

2012 2383 2177 2451 Epist.
2227 2387 2281 2440 1.
2325 2385 2434 2440 Cur
2468 2388 2593 2441 anni
2642 2404 2835 2441 corona
2881 2398 2931 2442 et
2994 2402 3108 2443 rota
3158 2389 3507 2458 generationis

1894 2510 1899 2519 η
1940 2456 2171 2519 dicatur,
2198 2465 2249 2509 et
2275 2474 2428 2525 quam
2449 2468 2566 2525 apte
2605 2459 2741 2510 inter
2777 2475 2829 2510 se
2879 2475 3125 2513 connexa:
3162 2456 3277 2511 sint
3323 2477 3355 2510 a
3396 2457 3503 2510 Deo

1938 2535 2163 2594 quatuor
2185 2527 2297 2594 ejus
2324 2525 2486 2588 horae,
2516 2543 2622 2590 ver,
2653 2536 2829 2591 testas,
2856 2538 3164 2590 autumnus,
3198 2530 3380 2582 hiems.

2011 2595 2045 2647 2
2070 2592 2151 2647 Ne
2174 2592 2304 2649 votis
2333 2598 2560 2649 actiones
2581 2598 2682 2650 sint
2708 2598 3005 2651 contrariae.
3039 2598 3199 2666 Opem
3221 2596 3318 2650 Dei
3341 2601 3503 2651 advo-

1940 2680 2066 2717 cans
2092 2674 2137 2717 et
2162 2665 2272 2731 ipse
2306 2674 2353 2717 te
2388 2666 2531 2728 iuva.

2012 2733 2046 2786 5
2078 2732 2389 2802 Objurgatio
2419 2736 2643 2788 hominis
2672 2735 2932 2788 luxuriosi
2959 2745 3005 2789 et
3031 2735 3326 2789 alienarum
3355 2751 3504 2789 men-

1947 2818 2123 2857 sarum
2158 2804 2370 2857 assecla:
2402 2805 2728 2869 impudentis.

2010 2871 2045 2924 4
2069 2871 2236 2924 Deum
2264 2890 2356 2925 ora
2366 2889 2439 2932 re.
2462 2883 2517 2925 ut
2543 2874 2633 2926 tibi
2654 2884 2878 2942 praestet,
2898 2876 3033 2941 quod
3048 2884 3155 2927 tute
3177 2874 3345 2939 facere
3360 2890 3509 2928 recu-

1943 2956 2043 3005 ses,
2084 2942 2364 2994 ridiculum
2399 2953 2494 3006 est,
2534 2944 2636 2996 imo
2663 2952 2710 2996 et
2740 2946 3079 2996 ludibriosum
3104 2945 3154 2995 in
3181 2943 3363 2996 Deum.

2017 3011 2050 3063 5
2084 3009 2203 3063 Non
2229 3027 2403 3064 omnes
2434 3013 2609 3064 eodem
2638 3014 2813 3065 animo
2840 3023 2889 3065 et
2922 3013 3025 3073 ﬁne
3048 3015 3284 3065 virtutem
3309 3013 3506 3068 colunt.

2023 3080 2056 3133 6
2081 3079 2407 3143 Sapientiam
2451 3081 2663 3148 impedit
2704 3084 2971 3142 sapientia:
3019 3083 3211 3145 opinio.
3246 3079 3507 3135 Hodestia

1955 3148 2353 3221 fundamentum
2375 3159 2449 3202 est
2476 3151 2716 3204 sanitatis
2735 3152 2922 3216 animi,
2952 3168 3110 3221 quam
3134 3152 3336 3219 quidem
3352 3152 3513 3205 etiam

1953 3222 2066 3286 ipsa
2096 3219 2259 3272 nostri
2288 3231 2431 3272 ortus
2459 3221 2685 3273 conditio
2720 3222 2864 3274 nobis
2912 3219 3099 3291 ingerit
3140 3231 3295 3290 atque
3332 3222 3507 3274 incul-

1954 3297 2058 3343 cat.

2024 3357 2055 3410 7
2090 3358 2192 3423 Qui
2219 3359 2378 3424 poenis
2406 3357 2629 3412 aliorum
2670 3360 3007 3414 inclarescere
3052 3360 3213 3428 cupit,
3259 3360 3423 3412 hostis
3461 3370 3509 3412 et

1953 3435 2206 3547 qyrqinnus
2248 3436 2321 3479 est
2362 3428 2528 3481 verius
2564 3446 2717 3500 quam
2752 3440 2901 3498 pater
2924 3440 3015 3484 aut
3053 3430 3303 3500 magister
3325 3429 3509 3497 appel-

1975 3513 2039 3547 an
2086 3514 2166 3547 ιιι.

1975 3513 2166 3550 anaus.

2028 3566 2061 3639 8
2098 3566 2311 3639 [famam
2343 3577 2585 3635 aggravat
2613 3570 2859 3637 maleﬁcii
2877 3570 3151 3639 inﬁciatio.

2028 3634 2057 3688 9
2096 3634 2429 3689 Providentia
2492 3639 2600 3691 alia
2628 3634 2881 3706 generalis
2923 3634 3027 3692 sive
3066 3638 3375 3701 communis,
3398 3638 3510 3691 alia

1953 3706 2233 3773 singularis
2268 3717 2314 3757 et
2356 3709 2588 3774 propria.
2633 3708 2741 3762 Leu:
2771 3710 2879 3763 alia
2920 3725 3013 3776 per
3042 3719 3284 3762 naturam
3330 3710 3517 3773 insita,

1954 3776 2062 3827 alia
2093 3776 2307 3828 scripta.

2028 3790 2323 3912 ilosii'mh
2355 3854 2605 3912 quantum
2644 3848 2849 3900 excitet.
2918 3844 3231 3914 Eloquentia
3266 3861 3369 3898 non
3414 3846 3514 3899 ab-

1954 3917 2207 3965 utendum
2230 3914 2298 3965 ad
2332 3915 2652 3979 probandam
2685 3917 3085 3983 improbitatem,
3112 3918 3199 3968 sed
3233 3915 3302 3967 ad
3334 3915 3508 3968 virtu-

1959 3984 2026 4034 tis
2057 3993 2419 4035 ornamentum
2442 3986 2709 4039 utendum.

2028 4052 2085 4104 11
2140 4049 2482 4119 Evangehum
2517 4053 2623 4122 lege
2660 4055 2961 4120 perfectius.
3009 4054 3139 4107 Plus
3181 4063 3255 4107 est
3298 4054 3515 4122 diligere

1956 4121 2223 4173 inimicum
2280 4133 2326 4173 et
2374 4138 2467 4187 pro
2510 4121 2577 4175 eo,
2600 4139 2751 4176 orare
2800 4124 2850 4175 in
2881 4126 3041 4182 ipsius
3063 4123 3210 4176 rebus
3245 4121 3510 4187 secundis,

1950 4207 2105 4261 quam
2136 4192 2318 4261 afflicto
2358 4204 2406 4244 et
2439 4194 2603 4261 egenti
2649 4209 2948 4248 succurrere
2994 4202 3041 4247 et
3066 4195 3373 4247 esurientem
3407 4210 3507 4260 pa-

1952 4277 2118 4316 scere.

2024 4331 2089 4382 i2
2125 4329 2433 4383 Servitutem
2462 4346 2561 4383 non
2610 4330 2777 4384 abolet
2821 4348 2911 4385 nec
2953 4331 3088 4385 tollit
3125 4332 3513 4385 Christianismi

1949 4400 2223 4467 professio.
2274 4399 2438 4452 Plura
2468 4418 2497 4452 a
2532 4400 2695 4453 libero
2738 4403 2944 4455 homine
2994 4418 3149 4469 quam
3181 4419 3213 4453 a
3243 4417 3389 4453 servo
3426 4417 3509 4453 re-

1949 4471 2231 4539 quiruntur
2252 4482 2270 4520 .'
2292 4486 2410 4539 qua:
2431 4470 2476 4521 si
2499 4472 2750 4533 omiserit,
2783 4474 3048 4539 graviores
3072 4472 3212 4522 dabit
3242 4485 3439 4538 positas.

2022 4540 2091 4592 15
2140 4538 2407 4591 Auxilium
2467 4541 2699 4591 divinum
2782 4538 3077 4607 implorans
3138 4542 3246 4606 ipse
3313 4553 3512 4606 quoque

1956 4607 2122 4673 facere
2149 4608 2292 4660 debet
2326 4617 2577 4677 quantum
2602 4610 2653 4661 in
2687 4625 2741 4662 se
2762 4621 2856 4676 est,
2889 4627 2991 4664 non
3018 4619 3189 4662 autent
3220 4611 3273 4662 in
3301 4620 3503 4661 utram-

1948 4679 2025 4731 vis
2061 4692 2235 4729 aurem
2264 4686 2499 4730 stertere.

2026 4748 2092 4801 14
2133 4747 2272 4799 Deus
2298 4748 2463 4799 omnis
2493 4748 2691 4816 generis
2724 4748 3017 4801 hominibus
3057 4746 3351 4801 consultum
3401 4762 3511 4801 esse

1957 4818 2063 4869 vult
2098 4831 2116 4869 .'
2149 4817 2358 4885 integris
2386 4817 2543 4883 lapsis
2576 4828 2624 4870 et
2653 4821 2931 4871 conversis.

2022 4885 2089 4939 15
2118 4884 2356 4938 Christus
2387 4893 2629 4939 naturam
2658 4887 2938 4939 humanam
2966 4895 3082 4938 astu
3106 4884 3305 4938 diaboli
3327 4884 3517 4940 (cesam~

1950 4956 2322 5021 spoliatumque
2383 4956 2439 5007 in
2492 4956 2750 5024 integrum
2822 4957 3070 5020 restituit,
3125 4966 3172 5009 et
3231 4957 3521 5011 charitatis.

1949 5026 2082 5078 stola
2119 5042 2149 5077 a
2181 5041 2231 5077 se
2262 5035 2501 5078 contexta
2530 5026 2723 5077 induit.

2021 5094 2086 5148 16
2122 5093 2307 5147 Honor
2337 5096 2637 5146 conveniens
2685 5111 2745 5146 ac
2776 5111 2924 5157 suus,
2964 5095 3146 5163 cuique
3167 5095 3278 5149 sine
3309 5096 3505 5151 adula-

1950 5165 2091 5218 tione
2107 5175 2151 5217 et
2186 5164 2548 5217 benevolentia:
2575 5168 2865 5228 captatione
2888 5166 3211 5218 tribuendus.

2024 5233 2089 5285 17
2124 5233 2317 5287 Contra
2365 5249 2477 5298 spes
2511 5235 2687 5284 inanes
2714 5233 3021 5287 Juda'ornm
3054 5243 3115 5288 tte
3158 5235 3513 5289 instauranda

1950 5304 2137 5371 templo
2161 5317 2204 5356 et
2223 5302 2403 5372 politia
2432 5318 2529 5354 sua
2565 5317 2583 5355 :
2613 5320 2727 5371 qua:
2752 5320 2815 5357 ex
2837 5304 2947 5359 loco
2972 5306 3147 5374 Agga’i
3182 5321 3219 5358 ιι
3254 5305 3508 5371 refellun-

1950 5386 2054 5426 tur.

2026 5441 2091 5496 18
2120 5441 2191 5510 De
2215 5457 2330 5494 vero
2372 5442 2631 5495 intellectu
2664 5443 2999 5497 dictiChristi
3036 5459 3053 5495 :
3088 5463 3103 5493 ι
3139 5442 3305 5510 Super
3324 5442 3510 5494 cathe-

1952 5516 2051 5567 dra
2080 5509 2242 5563 Mosis
2273 5512 2445 5564 sedent
2472 5512 2666 5565 Scriba:
2709 5525 2753 5565 et
2806 5514 3059 5565 l’harisa'i
3095 5528 3112 5565 :
3168 5512 3357 5565 Omnia
3414 5512 3513 5567 iai-

1954 5527 2051 5567 dra
2080 5527 2242 5563 tuosis
2273 5527 2445 5564 seaent
2472 5527 2666 5565 DCt'tDa,’
2709 5527 2753 5565 et
2806 5527 3059 5565 l'ltm‘lsa't
3095 5528 3112 5565 :
3168 5527 3357 5565 umnia
3414 5527 3429 5561 ι
3469 5529 3505 5565 ι-

1954 5595 2041 5636 tur
2129 5597 2445 5652 qutvcunque
2509 5584 2736 5638 dixerint
2799 5586 2933 5638 vobis
3003 5593 3054 5634 ut
3121 5581 3349 5650 faciatis,
3418 5527 3505 5651 gl-

1954 5657 2072 5721 citc,
2118 5670 2135 5704 ι
2161 5661 2265 5706 etc.
