3890 6134
377 254 480 319 155

435 363 502 418 19
532 359 711 429 Turpe
758 373 973 414 manere
1022 357 1113 412 diu
1160 368 1383 424 peregre
1429 365 1532 415 est,
1580 364 1914 491 Virrium-clue

1655 439 1681 472 υ
1705 437 1778 474 'er
1806 437 1841 472 l.

1655 437 1841 474 everti.

435 544 606 596 Amici
627 542 797 608 patria
830 542 1009 604 procul
1041 556 1145 594 rem
1173 535 1424 608 pricclare
1466 535 1690 604 gerentis
1722 532 1919 585 deside-

290 686 297 689 Α
362 614 499 667 rium
520 624 661 666 tanto
688 612 897 679 facilius
926 611 1115 680 fertur.

432 724 503 778 20
535 724 800 777 Doctrina:
830 724 1032 778 veritati
1066 719 1394 789 adjungenda
1427 728 1501 770 est
1532 715 1768 784 probitas
1795 716 1919 769 vita:

363 811 424 848 ac
447 810 673 857 morum,
703 797 815 847 sine
846 811 945 859 qua
975 793 1052 846 illi
1080 792 1206 859 ﬁdes
1235 790 1534 859 derogatur.

429 863 493 916 2i
530 855 779 918 Orationi
800 855 902 917 vita
922 864 1065 915 debet
1080 855 1195 914 esse
1214 875 1327 927 par.
1358 855 1505 927 Nihil
1527 855 1738 925 facilius
1763 870 1918 927 quam

361 932 462 985 sibi
497 934 596 987 insi
634 935 915 1003 imponere.
960 931 1027 986 Se
1047 932 1179 984 scire
1214 924 1448 997 Vapinari,
1482 924 1698 993 impedit
1750 924 1918 977 scien-

362 1012 510 1056 tiam.

405 1064 503 1141 ⁸22
550 1069 801 1141 Exemplo
841 1070 1058 1131 Christi,
1096 1068 1187 1137 qui
1219 1066 1371 1141 ultro.
1410 1080 1464 1141 se
1507 1062 1799 1115 humiliavit
1848 1077 1911 1114 ac

362 1139 598 1194 submisit
631 1134 800 1205 Pairi,
822 1141 1082 1194 modestiae
1108 1134 1314 1191 studere
1338 1134 1596 1205 debemus.

433 1208 503 1262 25
545 1208 713 1262 Multa
751 1200 890 1263 noris
931 1219 1149 1274 aportet,
1189 1214 1245 1259 ut
1263 1203 1445 1274 fallas
1463 1200 1835 1274 providentiam
1864 1208 1915 1251 et

364 1279 863 1331 animadversionem
912 1269 1169 1333 divinam.
1216 1269 1378 1329 Multi
1420 1271 1663 1341 fugiendo
1718 1269 1911 1338 fatum,

365 1349 422 1399 in
454 1348 621 1409 ipsum
646 1348 904 1401 incidunt.

432 1406 503 1468 24
552 1414 877 1471 Precationis
924 1416 1211 1470 Dominicai
1249 1406 1913 1482 sapientissimeubrevitos

363 1484 655 1549 explicatur
691 1496 739 1539 et
775 1488 1087 1538 ostenditur.
1123 1476 1394 1549 Quomodo
1424 1490 1472 1534 et
1505 1494 1540 1532 a
1564 1476 1750 1546 quibus
1779 1484 1915 1528 recte

364 1554 635 1624 reticetur,
674 1572 707 1609 a
738 1556 924 1617 quibus
945 1569 1232 1624 perperam.

436 1622 505 1676 25
545 1622 836 1677 Preciuites
880 1622 1013 1678 alios
1046 1633 1229 1676 taxare
1262 1630 1317 1675 et
1348 1631 1570 1688 carpere
1611 1622 1911 1688 proruptus.

627 1691 683 1747 lu
719 1693 889 1760 culpis
913 1693 1126 1747 veniam
1166 1692 1257 1745 dat
1297 1688 1398 1744 sibi
1433 1683 1655 1760 quisque
1682 1683 1812 1760 suis.

432 1760 503 1815 26
540 1760 687 1815 Esau
734 1750 937 1816 inutilis
982 1762 1279 1829 paenitentia
1318 1768 1429 1826 post
1452 1750 1681 1829 vendita-
1711 1750 1911 1805 Iacobo

367 1830 526 1897 fratri
566 1824 991 1898 priniogeniturie
1017 1833 1168 1900 jura,
1202 1824 1327 1900 qua!
1357 1827 1537 1881 virtuti
1574 1824 1743 1900 potius
1788 1830 1910 1874 tan-

366 1894 522 1969 quam
556 1894 768 1969 prtemia
796 1894 1061 1961 debentur,
1090 1894 1246 1969 quam
1272 1901 1402 1952 sorti
1430 1894 1696 1949 nascendi.

436 1967 504 2021 27
549 1964 758 2022 Ethnici
798 1972 1051 2037 sapientes
1097 1964 1223 2021 dum
1265 1973 1546 2020 extenuant
1583 1974 1632 2017 et
1658 1964 1912 2037 derident

363 2036 718 2094 Christianam
761 2036 1057 2108 religionem
1106 2051 1215 2108 pro:
1259 2053 1377 2098 sua,
1432 2036 1911 2108 non‘aniinadver-

361 2116 477 2161 tunt
517 2108 655 2176 quod
705 2103 1000 2175 semetipsos
1043 2103 1281 2176 refellant
1333 2122 1395 2159 ac
1440 2105 1747 2176 deridendos
1778 2103 1912 2176 aliis

360 2172 652 2244 propitiant,
676 2193 825 2248 suam
853 2172 1150 2248 religionem
1182 2185 1485 2240 evertentes,
1516 2184 1563 2227 et
1594 2172 1913 2228 Christiani-

358 2260 528 2300 smum
550 2246 866 2300 extollentes.

429 2315 500 2370 28
539 2315 787 2383 Ejusdem
829 2333 945 2370 cum
990 2315 1255 2384 superiore
1286 2312 1596 2381 argumenti.
1624 2312 1911 2384 Scriptura;

361 2399 529 2439 saera:
559 2381 775 2451 simplex
801 2396 847 2438 et
871 2387 1018 2440 rudis
1041 2381 1117 2455 (ut
1141 2384 1456 2455 sapientibus
1479 2383 1659 2455 mundi
1686 2381 1908 2448 videtur)

362 2456 552 2525 veritas
589 2456 841 2525 potentior
870 2452 1070 2511 exsistit
1103 2454 1284 2525 quavis
1317 2452 1572 2521 sapientia
1601 2452 1831 2503 humana
1859 2458 1911 2504 et

361 2524 534 2593 Attica
561 2523 871 2593 eloquentia.

431 2592 499 2646 29
546 2588 741 2647 Christi
782 2595 993 2661 passio,
1042 2607 1175 2646 crux
1217 2599 1267 2645 et
1316 2605 1459 2644 mors
1505 2604 1567 2641 ac
1617 2588 1910 2658 sepulcrum

364 2671 608 2731 quantam
636 2664 735 2714 vim
759 2662 1018 2717 habuerit.

430 2731 500 2785 50
534 2730 795 2803 Dedivina
810 2734 855 2785 vi
868 2743 913 2786 et
927 2731 1153 2803 efficacia
1167 2730 1413 2803 praeconii
1428 2725 1716 2803 Evangelii,
1732 2741 1911 2803 quani-

360 2801 435 2854 vis
460 2796 1013 2870 calamistriscomplie
1030 2811 1081 2870 et
1108 2796 1357 2870 elegantis
1380 2797 1629 2870 orationis
1654 2796 1909 2850 destituti.

365 2870 740 2924 Testimonium
771 2865 1019 2924 laudatur
1050 2865 1291 2924 Platonis
1321 2878 1367 2921 et
1402 2865 1639 2920 Homeri.

430 2940 494 2993 51
537 2938 803 3005 Refutatio
823 2941 1014 2993 ethnici
1040 2941 1262 2993 hominis
1284 2952 1488 2991 crucem
1509 2933 1703 2990 Christi
1727 2934 1912 3005 exagi-

363 3011 524 3063 tantis
568 3008 760 3061 omissa
808 3024 871 3061 ac
916 3020 1089 3077 spreta
1118 3010 1378 3064 mentione
1416 3005 1811 3058 resurrectionis
1856 3012 1906 3077 et

359 3080 676 3132 ascensionis
719 3073 974 3148 ejusdem,
1010 3095 1126 3148 qua:
1156 3090 1326 3132 tamen
1344 3077 1533 3148 iisdem
1562 3073 1906 3126 monumentis

358 3148 670 3216 euangelicis
715 3146 1031 3202 continetur.
1080 3147 1184 3211 Qui
1224 3146 1461 3214 producit
1508 3146 1912 3216 instrumentum

359 3233 454 3285 pro
485 3212 541 3270 ie
568 3219 622 3270 in
654 3232 758 3269 uno
784 3218 970 3285 capite,
1001 3218 1146 3271 debet
1172 3212 1309 3270 idem
1335 3216 1494 3267 etiam
1524 3212 1578 3265 in
1607 3212 1728 3265 aliis
1762 3213 1910 3277 capi-

361 3285 500 3341 tibus
534 3296 801 3353 contraAse
829 3289 1102 3340 admittere
1131 3294 1180 3339 et
1212 3298 1508 3353 agnoscere.

431 3356 502 3409 '52
537 3354 683 3410 Crux
706 3351 901 3422 Christi
925 3355 1147 3422 fulcrum
1170 3364 1217 3407 et
1241 3347 1415 3422 fulgor
1436 3362 1507 3422 est
1532 3347 1646 3401 cceli
1667 3358 1714 3401 et
1736 3358 1910 3422 terrai.

431 3425 501 3479 '55
537 3424 713 3479 Sacra:
757 3420 1044 3489 Scriptura:
1100 3420 1305 3476 lectioni
1343 3420 1549 3473 deditus
1590 3424 1745 3470 etiam
1788 3420 1912 3469 caelo

361 3492 573 3559 dignam
605 3493 761 3547 vitam
796 3508 948 3559 agere
978 3493 1147 3545 debet.

433 3554 503 3618 ³55
544 3562 618 3615 De
651 3554 1113 3631 pravis'sodalitiis
1139 3558 1381 3631 vitandis,
1419 3566 1477 3631 ut
1513 3571 1629 3631 qua:
1658 3554 1914 3623 pernicio-

362 3633 575 3687 sissima
607 3628 731 3685 sint.
762 3631 839 3685 De
864 3633 1139 3685 interdicto
1172 3645 1290 3684 cum
1320 3629 1490 3682 brutis
1516 3628 1679 3680 coitu.

434 3703 504 3757 56
540 3701 660 3755 Pax
703 3717 804 3754 non
834 3702 998 3756 ubivis
1036 3716 1127 3754 nec
1168 3714 1259 3769 per
1287 3701 1463 3752 omnia
1505 3706 1581 3750 est
1613 3696 1785 3769 bona._
1808 3694 1912 3749 Pro

363 3773 575 3826 veritate
633 3787 808 3840 pugna
860 3788 1017 3840 quam
1065 3764 1181 3839 quis
1229 3770 1465 3836 suscipit,
1515 3767 1632 3835 paci
1685 3764 1913 3819 scelesta:

363 3841 539 3895 multis
571 3842 782 3896 antistat
816 3842 1001 3894 modis.

433 3912 499 3964 57
540 3909 659 3965 Pax
685 3920 759 3964 est
789 3911 1027 3973 colenda,
1055 3908 1179 3961 dum
1216 3907 1397 3969 pietati
1428 3905 1569 3958 haud
1594 3904 1766 3973 officit.

434 3982 504 4036 38
542 3978 831 4034 Iracundia
859 3980 1142 4032 cohibenda
1179 3975 1325 4044 freno
1364 3977 1582 4029 rationis
1619 3986 1665 4028 et
1694 3977 1914 4043 pruden-

364 4052 451 4105 tia:
476 4066 495 4105 :
521 4051 794 4117 omniaque
822 4064 938 4101 cum
967 4047 1181 4101 consilio
1207 4046 1408 4117 agenda
1435 4055 1579 4117 sunt.

434 4121 505 4175 59
544 4120 684 4183 Quia
710 4113 853 4170 dicta
880 4118 1117 4185 factaque
1139 4113 1335 4168 indicta
1361 4114 1653 4182 infectaque
1678 4113 1795 4185 fieri
1823 4129 1912 4167 ne-

365 4188 759 4259 queunt,4nihil
804 4188 913 4259 sine
946 4184 1139 4254 prcevia
1182 4185 1574 4259 deliberatione,
1622 4184 1912 4259 vel_dicen-

365 4253 508 4313 dum.
546 4257 623 4309 vel
648 4257 906 4323 agendum
940 4268 1036 4318 est,
1072 4270 1133 4306 ne
1164 4255 1358 4322 alioqui
1384 4254 1681 4319 paenitentia
1706 4253 1912 4320 impru-

365 4327 557 4380 dentiae
584 4336 631 4379 et
664 4325 1056 4391 praecipitantia:
1087 4324 1152 4376 sit
1186 4325 1480 4390 pedisequa.

436 4396 507 4449 40
547 4394 845 4450 Salomonis
886 4394 1005 4447 libri
1048 4394 1143 4445 hoc
1190 4392 1372 4445 ordine
1418 4391 1619 4458 legendi
1651 4400 1803 4455 sunt,
1852 4401 1908 4445 ut

366 4467 576 4520 initium
605 4465 699 4529 ﬁat
725 4480 756 4515 a
791 4460 1105 4526 Proverbiis,
1138 4462 1256 4515 inde
1277 4461 1344 4513 ad
1376 4460 1744 4525 Ecclesiasten,
1775 4472 1821 4514 et
1847 4462 1910 4513 ab

367 4540 464 4589 hoc
497 4536 565 4588 ad
612 4530 889 4587 Canticum
919 4533 1240 4584 canticorum
1274 4532 1604 4598 procedatur.
1655 4531 1722 4582 In
1758 4530 1915 4599 adyta

366 4615 637 4674 penetrare
674 4617 777 4654 non
810 4600 993 4674 debet,
1007 4601 1099 4674 qui
1128 4602 1360 4674 nondum
1386 4600 1520 4674 .atrii
1552 4616 1644 4674 seu
1677 4600 1913 4674 vestibuli

368 4668 605 4743 ingressu
624 4674 812 4743 dignus
830 4680 925 4724 est.
952 4668 1227 4723 Theoriam
1250 4668 1423 4743 praxis
1440 4672 1725 4736 prtvcedere
1748 4669 1913 4722 debet.

440 4739 502 4797 41
559 4742 723 4795 Varia
748 4741 1014 4795 hominum
1046 4755 1234 4808 genera
1264 4739 1633 4808 eleemosynas,
1674 4755 1917 4792 exercen-

372 4815 503 4867 tium
528 4814 729 4865 diverso
751 4812 872 4877 fine.
898 4807 1119 4863 Praestat
1138 4809 1323 4862 bonum
1351 4807 1542 4876 facere,
1567 4808 1801 4877 quamvis
1827 4825 1918 4877 per

372 4883 726 4943 ambitionem,
759 4896 914 4949 quam
946 4880 999 4931 id
1026 4879 1180 4945 plane
1212 4879 1617 4949 prcetermittere.

443 4951 513 5004 42
550 4947 926 5019 Εὺήοεῖωᾳιιε
956 4964 1019 5001 ac
1052 4950 1290 5019 maledici
1318 4960 1363 5000 et
1394 4947 1619 5000 adulteri
1650 4958 1697 5001 et
1720 4958 1919 5002 scorta-

375 5029 511 5076 tores
538 5018 880 5073 excludentur
914 5036 945 5071 a
974 5034 1127 5087 regno
1152 5018 1417 5078 caelorum,
1449 5026 1574 5069 teste
1608 5019 1770 5070 Paulo
1796 5034 1921 5086 apo-

376 5090 532 5154 stolo,
556 5091 785 5154 quamvis
810 5091 1027 5141 diversis
1057 5089 1263 5141 interim
1290 5089 1452 5154 pomis
1477 5087 1752 5154 alliciendi.

442 5160 516 5213 45
553 5156 752 5213 Corvus
779 5156 1057 5227 ἄστοργος,
1095 5158 1210 5210 licet
1241 5159 1370 5221 avis,
1405 5156 1575 5208 Eliam
1606 5173 1818 5225 pascens
1844 5167 1923 5210 ta-

377 5233 475 5287 cite
508 5231 677 5297 ipsum
706 5228 768 5279 de
795 5228 1084 5293 mitiganda
1116 5229 1195 5279 ira
1224 5228 1517 5278 admonuit.

446 5296 535 5353 44⁷
558 5298 785 5364 Quisque
806 5310 901 5347 sua
930 5300 1098 5365 potius
1124 5297 1305 5348 merito
1332 5311 1487 5365 quam
1512 5296 1769 5365 majorum
1792 5296 1924 5349 deli-

381 5383 463 5425 cta
485 5368 771 5424 immeritus
798 5364 1212 5433 Minius-naui;
1240 5364 1426 5418 veteris
1450 5364 1665 5419 diverbii
1689 5367 1924 5419 Judaici.

386 5440 568 5493 Patres
594 5440 927 5490 comederunt
958 5450 1106 5486 uvam
1134 5437 1389 5499 acerbam,
1413 5448 1460 5488 et
1490 5438 1719 5504 filiorum
1751 5437 1925 5489 dentes

381 5510 771 5576 obstupuerunt.

456 5572 632 5631 iii-De
676 5575 933 5629 Susanna:
975 5572 1266 5625 innocentia
1309 5589 1340 5625 a
1373 5576 1615 5628 senilibus
1653 5575 1929 5631 calumniis

386 5649 665 5714 vindicata,
700 5659 745 5700 et
777 5660 924 5715 plena
956 5642 1152 5706 justiss.
1191 5644 1393 5697 senibus
1429 5658 1673 5714 irrogata.
1950 5660 1955 5668 '

1490 243 2042 305 PROLEGOMENA
2093 240 2290 299 EDIT.
2330 235 2568 296 PARIS.

3488 214 3586 282 156

2332 345 2551 399 Christo
2576 337 2905 406 proniuquos
2929 332 3090 389 ellicit

2334 413 2449 466 Non
2483 409 2757 479 sanguinis
2784 406 3058 479 cognatio.

2339 482 2442 535 Sed
2483 476 2717 546 Spiritus
2748 476 2999 546 imitatio,

2335 552 2400 605 Et
2427 544 2537 603 vita
2564 549 2814 600 virtutem
2846 544 3051 599 colens.

2088 348 2159 400 46

2086 670 2154 722 47
2196 667 2360 721 Deum
2397 664 2546 730 cujus
2588 661 2840 715 vindicem
2882 655 3094 710 oculum
3143 654 3275 730 nihil
3315 654 3443 730 latet
3493 662 3587 730 aut

2017 739 2199 807 effugit
2246 723 2765 807 animadversionem,
2808 737 2857 807 et
2888 737 2943 780 ut
2980 742 3214 807 severum
3236 725 3470 807 judicent
3520 723 3588 774 ti-

2017 795 2173 871 mere,
2205 817 2253 860 et
2291 814 2345 857 ut
2375 802 2748 871 benefactorem
2782 798 3240 851 clementissimum
3285 811 3348 848 ac
3380 795 3583 846 libera-

2017 870 2274 930 lissinium
2302 888 2480 926 amare
2502 870 2770 924 debemus.

2087 947 2154 1001 48
2192 942 2428 997 Christus
2471 957 2502 992 a
2549 938 2767 992 terrenis
2814 936 2882 989 ad
2932 935 3162 990 caelestia
3205 950 3301 988 nos
3350 948 3587 994 vocans,

2016 1016 2117 1069 vim
2150 1016 2379 1069 divinam
2413 1010 2523 1065 suis
2550 1010 2717 1063 verbis
2746 1006 3010 1076 adjungit.

2084 1115 2154 1169 49
2191 1113 2418 1169 Gustum
2445 1126 2541 1167 nec
2570 1111 2736 1164 ullum
2764 1110 2930 1163 verba
2963 1108 3161 1162 habent
3190 1107 3374 1161 inania

2185 1183 2422 1253 Quisque
2444 1179 3149 1253 ergo__sermo__condiendus
3177 1188 3259 1253 est
3289 1179 3425 1241 sale,

2193 1247 2361 1319 Quem
2394 1247 2740 1319 suppeditant
2763 1249 2961 1319 divina,
2979 1247 3305 1319 testimonia,

2193 1318 2258 1377 Et
2282 1318 2556 1391 praemium
2591 1318 2830 1383 caeleste,
2863 1326 2917 1372 et
2947 1318 3136 1386 judicii
3171 1327 3365 1371 metus.

2082 1421 2152 1476 50
2193 1421 2425 1475 Herodes
2478 1429 2594 1486 post
2648 1418 2803 1471 illam
2852 1418 3033 1487 papuli
3095 1415 3583 1469 acclamationem:

2015 1507 2038 1543 α
2077 1490 2188 1546 Vox
2211 1491 2303 1544 Dei
2330 1502 2377 1543 et
2403 1506 2505 1542 non
2532 1489 2776 1552 hominis,
2809 1506 2829 1539 ι
2859 1488 3109 1539 divinitus
3134 1487 3367 1553 punitus,
3401 1500 3585 1536 exem-

2008 1561 2096 1631 plo
2123 1577 2227 1631 suo,
2248 1561 2418 1625 docet,
2457 1559 2805 1631 paenasaare
2841 1572 2947 1617 eos,
2981 1556 3077 1631 qui.
3106 1555 3436 1631 adulationes
3478 1555 3584 1606 ini-

2012 1624 2383 1702 piasalioru‘m
2413 1626 2743 1702 admiserint,
2786 1641 2881 1702 nec
2909 1624 3357 1702 reprehenderint.

2085 1698 2149 1753 51
2197 1697 2421 1758 Paulus,
2453 1712 2572 1748 eum
2599 1696 2674 1747 ait
2703 1709 2722 1747 :
2758 1712 2774 1743 ι
2810 1693 3138 1761 Cooperatur
3176 1694 3243 1745 iis
3281 1694 3371 1755 qui
3395 1710 3581 1747 secun-

2013 1770 2138 1821 dum
2170 1767 2491 1838 propositum
2529 1765 2697 1817 vocati
2730 1774 2867 1838 sunt,
2902 1762 3244 1838 s_signiﬁcat,
3281 1778 3382 1838 non
3428 1764 3581 1838 sufﬁ-

2012 1853 2126 1890 cere
2168 1831 2236 1891 ad
2266 1831 2528 1897 salutem,
2573 1843 2627 1886 ut
2675 1834 2789 1902 quis
2832 1848 2864 1884 ,τι
2914 1831 3017 1902 Deo
3062 1833 3417 1902 vocatussit,
3472 1834 3581 1883 nisi

2011 1907 2166 1960 etiam
2207 1904 2423 1958 accedat
2470 1919 2536 1956 ex
2575 1900 2725 1971 parte
2773 1901 2938 1956 vocati
2972 1901 3208 1954 studium
3252 1900 3572 1965 obsequendi

2011 1976 2266 2030 vocationi
2297 1974 2509 2027 divinat.

2082 2045 2153 2097 52
2199 2044 2479 2098 Peccatum
2522 2051 2685 2094 morte
2728 2040 2935 2111 gravius
2976 2047 3083 2093 est.
3136 2035 3367 2091 Prtestat
3412 2040 3582 2107 igitur

2010 2116 2143 2167 mori
2180 2115 2435 2181 integrum
2456 2120 2502 2163 et
2534 2112 2997 2181 incontaminatum
3024 2119 3443 2181 peccato,_q_uam
3476 2114 3578 2181 acl-

2007 2184 2210 2236 mittere
2236 2175 2523 2249 pe'ccatum,
2570 2191 2625 2232 ut
2656 2179 3141 2240 immortalitatem,
3162 2176 3219 2228 si-
3238 2175 3355 2242 ﬁeri
3382 2180 3578 2242 possit,

2009 2254 2325 2322 assequaris.

2080 2314 2153 2375 55
2193 2320 2507 2388 Evangelica
2559 2327 2815 2385 prcecepta
2854 2314 3175 2388 perfectione
3212 2332 3311 2368 sua
3339 2316 3583 2388 vincunt

2008 2400 2055 2443 et
2086 2390 2193 2510 jus!
2222 2386 2446 2454 naturai,
2487 2398 2537 2441 et
2580 2390 2742 2457 legem
2791 2386 3056 2451 scriptam,
3106 2397 3153 2437 et
3197 2386 3574 2453 prophetarum

2008 2475 2167 2510 oraen
2195 2476 2248 2510 a.

2008 2475 2248 2513 oracula.

2078 2527 2147 2582 54
2198 2526 2402 2581 Norma
2442 2542 2503 2578 ac
2544 2526 2781 2595 deﬁnitio
2820 2522 3155 2595 exactissima
3195 2523 3401 2595 virtutis
3453 2522 3568 2577 hinc

2007 2606 2106 2663 est,
2132 2613 2285 2667 quant
2308 2600 2520 2667 quisque
2554 2592 2820 2667 in'se_ipso
2857 2594 3150 2667 possid_et._t
3182 2592 3393 2667 Omnia,
3426 2608 3576 2659 qua:-

2012 2662 2214 2733 cunq'ue
2252 2662 2535 2730 volueritis,
2578 2675 2631 2717 ut
2676 2664 2874 2731 faciant
2925 2663 3064 2716 vobis
3106 2662 3362 2725 homines,
3391 2673 3439 2714 et
3484 2679 3591 2715 vos.

2008 2735 2167 2805 facile
2197 2735 2341 2805 ipsis.
2379 2753 2399 2786 υ

2078 2804 2147 2859 55
2186 2802 2362 2859 Causa
2388 2804 2620 2856 omnium
2659 2801 2918 2855 malorum
2948 2799 3417 2869 dissidentiumque
3448 2802 3573 2867 api-

2010 2874 2225 2927 nionum
2271 2884 2342 2924 est
2402 2875 2635 2936 ambitio,
2688 2889 2791 2923 non
2840 2870 3011 2923 solum
3066 2870 3121 2922 in
3172 2868 3429 2930 Ecclesia,
3480 2873 3575 2922 sed

2009 2946 2168 2996 etiam
2197 2946 2251 2995 in
2288 2943 2615 3009 philosophia
2654 2940 2918 2995 saeculari.
2957 2937 3102 2991 Tolle
3131 2937 3297 3008 igitur
3325 2940 3575 2991 ambitio-

2008 3026 2146 3076 nem,
2181 3022 2226 3065 et
2254 3012 2504 3064 hieresuni
2537 3010 2730 3079 fontem
2759 3010 3108 3063 obstruxeris.

2082 3081 2152 3135 56
2188 3082 2412 3135 Ambitio
2459 3090 2509 3133 et
2540 3078 2850 3147 anticipata
2887 3080 3062 3148 opinio
3098 3078 3317 3131 hcereses
3362 3092 3579 3145 pepere-

2011 3161 2154 3205 runt.

2080 3220 2147 3274 57
2185 3218 2316 3272 Cum
2356 3220 2514 3274 etiam
2545 3226 2665 3271 ante
2698 3227 2876 3270 natum
2920 3214 3186 3270 Christum
3222 3215 3357 3268 inter
3399 3215 3576 3267 homi-

2013 3305 2099 3342 nes
2129 3291 2364 3343 omnibus
2398 3289 2605 3343 sarculis
2640 3287 2989 3342 contentiones
3016 3285 3331 3346 exstiterint,
3362 3300 3463 3336 non
3494 3296 3575 3336 est

2014 3362 2206 3410 mirum
2258 3360 2394 3425 quod
2437 3358 2676 3410 diabolus
2709 3360 2867 3409 etiam
2911 3365 3025 3425 post
3071 3352 3334 3408 Christum
3384 3366 3575 3406 natum

2011 3430 2187 3480 varias
2215 3429 2451 3479 excitarit
2488 3432 2727 3480 titereses.

2082 3496 2150 3549 58
2204 3496 2334 3561 Qua!
2371 3498 2476 3549 sint
2534 3497 2671 3562 apud
2721 3492 3009 3564 apostolum
3050 3490 3248 3545 ludam
3290 3490 3456 3543 stellas
3495 3509 3589 3544 ero.

2012 3574 2210 3630 rantes,
2238 3566 2422 3635 quibus
2451 3566 2618 3634 caligo
2641 3569 2968 3618 tenebrarum
2994 3572 3198 3617 servata
3230 3571 3303 3614 est
3329 3564 3382 3613 in
3418 3572 3578 3615 aiter-

2013 3649 2157 3688 nunt.

2083 3703 2151 3759 59
2193 3704 2331 3768 Quid
2361 3704 2427 3757 sit
2459 3703 2595 3771 apud
2624 3700 2867 3764 Paulum,
2894 3697 3090 3771 Rom._l
3116 3715 3128 3751 :
3154 3716 3183 3771 γ(
3219 3696 3457 3750 Tradidit
3484 3715 3587 3771 eos

2014 3772 2152 3825 Deus
2179 3765 2234 3825 in
2260 3765 2529 3840 reprobat-ii
2562 3787 2789 3833 sensum,
2822 3789 2840 3821 υ
2879 3778 2983 3822 elc.
3022 3765 3251 3840 Tradere
3275 3778 3350 3819 est
3396 3769 3575 3820 nuda-

2014 3849 2123 3895 tum
2162 3837 2362 3894 auxilio
2401 3843 2572 3894 divino
2602 3842 2882 3903 dimittere,
2911 3845 2959 3890 et
3003 3837 3293 3903 relinquere
3336 3851 3575 3891 ruentem

2011 3914 2221 3980 proprio
2249 3914 2458 3978 impetu,
2489 3926 2589 3962 non
2624 3921 2797 3980 autem
2827 3906 3085 3980 impellere
3109 3909 3163 3957 in
3194 3906 3422 3980 facinus.

2082 3973 2151 4034 60
2189 3980 2301 4043 Quo
2321 3973 2482 4034 sensu
2504 3979 2691 4031 dixerit
2732 3977 2953 4040 Paulus,
2982 3975 3133 4028 Rom.
3164 3991 3179 4029 ι
3210 3992 3222 4027 :
3254 3993 3272 4024 ι
3308 3973 3429 4027 Non
3470 3992 3567 4029 so-

2012 4048 2120 4101 lum
2150 4051 2236 4118 qui
2263 4065 2325 4119 ea
2355 4050 2574 4119 faciunt,
2605 4052 2692 4100 sed
2722 4050 2874 4098 etiam
2895 4045 2983 4119 qui
3004 4046 3336 4119 consentiunt
3367 4044 3577 4112 facien-

2014 4116 2174 4170 tibus.
2200 4137 2218 4169 ι
2248 4116 2465 4172 Gravius
2491 4130 2560 4170 est
2578 4129 2869 4186 peccantem
2888 4116 3130 4186 laudare,
3150 4123 3199 4165 et
3221 4116 3433 4165 alterius
3464 4116 3568 4167 im-

2012 4189 2228 4258 probum
2282 4189 2477 4258 factum
2507 4184 2855 4250 comprobare,
2910 4199 3066 4250 quam
3113 4184 3283 4250 ipsum
3327 4198 3565 4249 peccare.

2013 4254 2227 4323 Confer.
2264 4254 2343 4322 ep.
2372 4257 2440 4310 84
2466 4258 2629 4324 infra.

2082 4321 2145 4379 (il
2197 4326 2274 4380 De
2312 4327 2454 4379 dicto
2504 4321 2682 4385 Pauli,
2732 4321 2878 4374 Rom.
2920 4337 2959 4374 ιι
2992 4343 3003 4375 :
3041 4339 3058 4373 ς
3089 4321 3272 4375 Gloria
3305 4334 3352 4375 et
3405 4322 3579 4377 honor

2015 4404 2065 4516 at
2092 4411 2196 4461 pax
2242 4399 2380 4450 omni
2428 4394 2663 4463 aperanti
2705 4394 2933 4455 bonum,
2982 4390 3173 4445 Judieo
3218 4394 3478 4459 primum,
3520 4405 3577 4446 et

2066 4480 2217 4516 ricco.
2250 4484 2268 4516 ι

2066 4480 2217 4517 τίετο.
2250 4484 2268 4517 ι

2085 4534 2153 4586 62
2200 4533 2476 4588 Peccatum
2522 4534 2633 4587 sine
2681 4532 2788 4598 lege
2835 4540 3097 4581 mortuum
3152 4537 3248 4583 est.
3302 4529 3408 4595 Qui
3450 4531 3569 4586 sine

2014 4603 2124 4670 lege
2145 4614 2379 4670 peccant,
2410 4605 2584 4655 mitius
2610 4603 2912 4670 puniuntur,
2935 4614 3102 4670 quam_
3113 4600 3208 4670 qui
3234 4600 3327 4653 sub
3357 4601 3486 4668 lege.

2087 4666 2156 4726 65
2196 4672 2269 4726 De
2291 4666 2427 4726 dicto
2464 4666 2637 4734 Pauli,
2672 4669 2819 4722 Rom.
2848 4666 2983 4719 vni:
3018 4684 3037 4717 ι
3075 4666 3198 4720 Non
3228 4679 3351 4721 sunt
3389 4666 3579 4722 condi-

2018 4758 2133 4810 gna:
2174 4744 2437 4807 passiones
2485 4740 2640 4807 hujus
2684 4737 2927 4805 temporis
2971 4736 3039 4789 ad
3074 4740 3312 4806 futuram
3346 4739 3572 4807 gloriam

2019 4816 2073 4864 iu
2101 4813 2246 4864 nobis
2285 4810 2634 4864 revelandam.
2670 4827 2689 4860 ι

2090 4882 2158 4933 64
2197 4880 2392 4935 Christi
2427 4884 2483 4932 in
2520 4894 2727 4932 carnem
2760 4878 3009 4931 adventus
3051 4888 3303 4944 quantum
3336 4878 3455 4929 boni
3489 4889 3580 4929 ct-

2022 4950 2197 5002 tulerit
2241 4950 2389 5003 rebus
2439 4950 2697 5001 humanis.
2744 4948 2855 5015 Qui,
2884 4950 3035 5013 perit.
3084 4962 3181 4998 sua
3225 4946 3379 5015 culpa
3417 4948 3576 5013 perit,

2020 5021 2158 5088 quod
2188 5020 2456 5072 victoriam
2480 5018 2657 5070 labore
2680 5032 2869 5088 parare
2902 5016 3205 5088 neglexerit.

2093 5088 2161 5139 65
2196 5088 2379 5141 Gratia
2413 5089 2503 5139 Dei
2532 5103 2624 5154 per
2654 5086 2809 5154 fidem
2841 5082 3121 5153 justificati
3154 5085 3298 5137 bonis
3335 5082 3581 5150 operibus

2024 5159 2253 5221 studere,
2282 5169 2326 5209 et
2361 5157 2517 5224 fidem
2545 5157 2739 5222 alioqui
2771 5168 3028 5206 mortuam
3058 5155 3313 5219 animare,
3350 5162 3399 5205 et
3425 5154 3579 5205 salu—

2024 5240 2121 5279 tem
2158 5242 2306 5278 suam
2337 5225 2540 5293 operari
2572 5224 2773 5276 debent.

2060 5366 2070 5375 ο
2095 5295 2163 5375 66
2206 5288 2402 5375 Divina:
2430 5310 2509 5346 res
2533 5308 2706 5346 omnes
2732 5291 2867 5361 ignis
2900 5292 3107 5345 nomine
3134 5292 3189 5343 in
3223 5292 3388 5343 sacris
3418 5288 3581 5343 Litte-

2026 5366 2098 5418 ris
2126 5366 2496 5430 insigniuntur.

2098 5435 2164 5487 67
2214 5427 2549 5485 Etliiiicorum
2578 5432 2769 5499 scripta
2796 5445 2910 5482 cum
2935 5430 3101 5481 sacris
3126 5427 3340 5481 Litteris
3368 5444 3580 5495 compa-

2030 5517 2233 5556 rantur.
2266 5503 2372 5555 Illa
2398 5519 2499 5554 non
2519 5504 2586 5553 ad
2621 5502 2851 5555 omnium
2877 5501 3127 5551 lectorum
3156 5500 3455 5559 utilitatem,
3487 5500 3581 5550 sed

2030 5576 2097 5626 ad
2146 5583 2417 5629 auctorum
2462 5571 2681 5638 gloriam
2728 5571 3054 5637 diriguntur;
3108 5579 3155 5619 et
3209 5584 3455 5638 poniposo
3494 5569 3578 5617 dio

2034 5644 2179 5697 cemli
2204 5657 2384 5713 genere
2422 5637 2657 5695 utuntur.
2692 5640 2788 5694 lite
2822 5640 2895 5691 ad
2931 5638 3179 5699 omnium,
3232 5638 3390 5690 etiam
3438 5637 3589 5690 idtum
