1945 3067
131 121 179 153 157

127 185 223 211 tarum,
238 178 381 206 utilitatem
401 186 433 204 ac
448 177 560 205 salutem
574 177 733 211 referuntur.
752 184 775 205 et
791 180 905 213 simplici

126 215 244 240 oratione
261 222 302 240 res
314 214 416 240 divinas
431 217 456 239 et
473 212 595 239 sublimes
609 218 753 246 exponunt.

159 248 197 275 68
213 248 288 275 lnter
306 247 453 283 jussionent
474 253 497 274 et
512 247 709 283 permissionent
739 249 849 276 multum
870 250 908 277 in-

125 288 211 310 lerest.

161 318 195 345 69
212 319 251 346 De
265 319 434 352 inscriptione
455 317 549 344 Attica:
576 326 630 345 ara:
642 325 651 343 :
668 327 677 342 ‹
697 317 789 352 Ignoto
811 319 874 346 Deo.
895 328 905 345 ι

129 353 195 388 Ejus
207 355 276 380 ratio
291 362 323 380 ex
337 353 451 380 historiis
468 353 584 384 repetita.

162 388 196 415 70
214 388 361 415 Consilium
378 387 579 415 saluberrimum
593 388 624 413 de
637 387 709 414 bellis
723 393 747 415 et
764 389 908 415 contentio-

124 424 199 450 nibus
222 424 291 450 inter
308 423 425 450 homines
450 422 579 455 sopiendis
593 430 602 448 :
616 431 705 456 nempe
726 432 756 450 ne
780 425 846 450 tanti
867 432 908 450 res

124 464 245 485 externas
261 458 404 492 faciamus,
422 458 466 484 sed
482 457 537 483 suis
556 458 643 491 potius
665 459 824 491 ponderibus
842 466 907 485 exa-

124 501 263 519 tumemus.

160 527 190 555 71
215 527 323 555 Forma:
335 527 557 561 pulchritudinem
568 526 633 553 nillil
648 527 753 554 obstare
764 527 905 562 quominus

122 564 179 596 quis
204 564 352 590 castitatem
376 562 443 588 colat
468 562 613 592 illibatam,
635 562 762 596 probatur
782 562 906 595 exemplis

123 597 232 631 .losephi
255 603 280 624 et
302 597 443 624 Susannw.
466 597 620 623 Notandum
639 602 730 624 contra
752 597 906 624 sententious

125 632 249 659 Ovirliani
271 640 359 659 versus
379 640 388 658 :

176 667 223 694 Lis
236 672 278 694 est
289 674 350 694 cum
367 666 452 693 forma
468 673 563 700 magna
576 665 721 700 pudicitiae.

158 702 193 728 72
215 701 276 729 Non
292 709 351 734 opes
363 706 386 728 et
400 702 514 734 potentia
525 704 549 727 et
562 701 673 734 felicitas
687 701 846 734 accusanda,
860 701 906 727 sed

125 737 229 762 animus
247 736 304 771 ejus
322 736 367 771 qui
382 737 422 763 his
440 744 490 763 non
505 740 573 762 recte
592 736 689 767 utitur,
704 737 731 763 in
745 737 844 763 crimen
861 744 907 763 uo-

124 772 236 799 candus.

158 806 194 834 75
215 806 302 841 Typus
322 813 391 832 arca:
405 805 524 841 foederis,
545 810 568 841 et
590 805 779 841 propitiatorii,
802 810 827 833 et
847 806 907 832 che-

126 841 223 874 rubim,
241 846 266 867 et
280 849 392 872 mannte,
414 846 438 867 et
456 840 531 875 virga
545 840 667 871 Aaronis,
683 840 745 874 quid
762 841 904 868 denotarit.

160 875 194 902 74
224 875 324 907 Judaei,
341 880 476 910 postquam
498 874 631 902 Christum
654 877 735 902 tantis
765 875 906 909 affecerunt

126 910 301 941 contumeliis.
318 910 393 943 ﬁnali
417 916 440 937 et
460 918 592 944 nunquam
611 910 787 937 instauranda
803 910 905 936 ezcidio

127 954 142 971 a
157 944 212 971 Deo
222 945 308 977 puniti
322 950 392 972 sunt.

161 979 196 1006 75
214 979 370 1006 Judteoruln
389 979 533 1012 captivitas,
558 987 635 1013 quam
663 988 679 1006 ιι
704 978 830 1006 Romanis
850 986 908 1011 per-

128 1015 196 1047 pessi
211 1019 284 1045 sunt,
299 1015 357 1040 ideo
384 1022 400 1040 a
423 1014 522 1040 nemine
538 1013 590 1040 alio
608 1020 779 1048 praeterquam
794 1014 907 1047 Josepho

126 1048 221 1075 Judteo
234 1049 347 1076 describi
364 1049 464 1081 debuit,
490 1054 517 1075 ut
534 1049 586 1082 ﬁde
597 1048 700 1083 dignior
718 1053 783 1076 esset
798 1049 908 1075 historia

126 1084 244 1117 exemplo
255 1084 401 1110 carentium
416 1091 606 1110 teruntnarum.

162 1118 195 1145 76
222 1117 339 1152 Regnum
365 1118 488 1144 caelorum
514 1119 566 1153 sive
590 1118 748 1151 prteconium
774 1117 909 1153 Evangelii

127 1161 207 1187 quare
220 1161 280 1179 cum
292 1153 485 1187 granorsirtapis
503 1162 519 1179 a
537 1152 641 1179 Christo
653 1153 812 1187 conferatur.

162 1188 196 1213 77
215 1187 346 1221 .losephus
358 1186 490 1222 Egyptian:
502 1187 605 1221 femina:
618 1193 640 1214 et
652 1188 770 1214 libidinis
782 1189 873 1215 victor.

162 1223 199 1249 78
224 1222 350 1248 Virtutem
366 1230 422 1249 esse
441 1230 495 1248 rem
517 1222 714 1257 imperatoriam
729 1227 753 1248 et
769 1223 861 1257 ubique
882 1224 909 1251 in

127 1258 220 1291 quavis
240 1259 350 1291 fortuna
375 1257 519 1289 victricem,
542 1256 640 1283 illustri
663 1257 779 1292 exemplo
800 1257 909 1293 Josephi

141 1293 263 1319 lfﬂbﬂllﬂ'.

141 1302 263 1319 eruantur.

127 1302 143 1328 μ
163 1328 195 1354 79
217 1326 318 1354 Paulus
342 1334 387 1353 vas
413 1326 545 1362 electionis
570 1327 622 1353 vita
650 1335 700 1353 non
725 1328 812 1354 minus
832 1336 910 1362 quam

127 1369 246 1390 sermone
263 1365 364 1395 potens,
387 1361 504 1394 exemplo
526 1365 564 1387 est
582 1361 721 1388 antistibus
745 1361 870 1389 Ecclesia:
887 1367 911 1389 et

127 1397 197 1423 uerbi
223 1397 304 1422 diuini
325 1396 499 1430 pra'conibus,
517 1401 544 1421 ut
559 1397 638 1422 vitam
657 1396 911 1431 irreprehensibilem

128 1432 254 1459 doctrinae
266 1432 383 1458 ueritatis
400 1435 536 1457 astruant.

161 1467 197 1492 80
223 1466 277 1492 Cur
298 1466 395 1492 dixerit
423 1473 481 1500 pop.
503 1465 569 1493 Jud.
593 1464 677 1491 Exod.
690 1473 736 1493 x1:
757 1466 910 1500 (secundum

129 1501 215 1530 erc.
228 1501 374 1534 interpret.)
391 1509 400 1525 ‹
417 1499 512 1527 Omnia
521 1507 680 1534 quacunque
692 1499 908 1533 dixit'Dominus,

131 1537 267 1570 faciemus,
281 1540 305 1562 et
322 1536 470 1562 audiemus.
488 1544 497 1560 ι
520 1534 554 1561 In
569 1534 642 1561 rebus
657 1536 750 1562 divinis
762 1536 851 1569 praxis
864 1545 908 1563 co-

129 1571 243 1605 gnitione
259 1571 332 1603 prior
345 1575 393 1605 est.

164 1606 194 1632 81
219 1605 255 1631 De
267 1605 338 1630 dicto
355 1604 462 1636 Cltristi,
475 1604 571 1632 Matth.
584 1611 621 1631 vn
636 1612 644 1631 :
662 1612 672 1629 ι
689 1603 749 1631 Non
766 1610 849 1638 potest
864 1613 905 1632 ar-

130 1641 176 1666 bor
193 1640 264 1666 mala
278 1639 380 1673 fructus
394 1640 473 1666 bonos
487 1639 582 1673 facere.
611 1649 620 1665 ι
644 1638 677 1665 Et
701 1639 732 1665 de
749 1640 818 1666 dicto
833 1639 912 1667 Pauli

131 1675 144 1700 l
157 1674 217 1702 Cor.
234 1682 253 1701 ιι
266 1684 273 1701 :
293 1683 302 1699 ε
317 1675 449 1701 Animalis
460 1675 536 1702 ltonto
548 1682 599 1700 non
611 1673 720 1708 percipit
734 1682 764 1701 ea
778 1682 836 1709 qua:
850 1680 910 1702 sunt

131 1709 251 1742 Spiritus.
267 1719 277 1735 ι

162 1744 198 1770 82
218 1744 256 1770 De
271 1743 464 1777 sapientissimo
479 1747 678 1778 temperamento
696 1744 724 1769 in
744 1745 827 1771 sacris
853 1744 910 1771 Lit-

131 1784 189 1805 teris
211 1787 228 1804 a
249 1779 304 1805 Deo
324 1779 451 1810 adhibito,
474 1787 533 1805 cum
554 1786 597 1805 eas
614 1779 709 1810 partim
732 1779 856 1806 obscuras
879 1788 911 1806 ac

131 1814 255 1848 dtﬂicites,
277 1814 374 1847 partim
388 1813 481 1846 planas
498 1818 576 1848 atque
591 1818 695 1848 apertas
712 1821 766 1840 esse
783 1817 873 1841 uoluit.

167 1849 202 1875 85
221 1850 281 1875 Alia
293 1853 355 1875 sunt
369 1848 468 1882 ἐφικτὰ
482 1856 488 1863 ·
504 1850 559 1875 alia
571 1847 718 1881 δυσέφικτα
730 1856 737 1863 ·
752 1848 805 1874 alia
819 1850 911 1883 ἀνέφι-

130 1892 215 1916 κτα,α
228 1892 280 1918 quo
294 1888 422 1917 postremo
433 1891 524 1918 genere
539 1882 718 1918 investigando
730 1885 831 1918 penitus
846 1882 908 1911 abs-

130 1917 267 1954 tinendu'mr
280 1923 328 1949 est,
353 1919 496 1944 secundum
516 1917 581 1944 illud
600 1924 610 1944 .'
632 1917 718 1952 ἀρχὴν
739 1917 767 1944 δὲ
780 1918 865 1954 θηρᾷν
880 1919 910 1948 οὺ

129 1953 230 1988 nam!
242 1953 276 1979 τὰ
291 1954 408 1988 μήχανατ

164 1988 199 2014 84
219 1986 354 2015 Sententia
370 1987 470 2021 injusta
492 1986 590 2013 malum
606 1986 709 2022 facinus
729 1988 910 2022 comprobaui,

133 2023 247 2049 deterior
255 2028 293 2049 est
304 2030 334 2048 eo
345 2022 390 2057 qui
403 2023 430 2048 id
442 2022 607 2057 perpetravit.
619 2021 697 2057 Conf.
710 2030 753 2056 ep.
765 2022 808 2051 60.
821 2021 909 2057 supra.

164 2058 199 2085 85
217 2057 260 2083 Ad
274 2057 354 2083 Pauli
369 2056 467 2083 dictum
483 2056 536 2083 Tit.
552 2064 572 2086 1.
591 2065 600 2082 ι
614 2056 699 2083 Deum
713 2065 741 2084 se
762 2065 836 2084 nosse
850 2056 911 2085 con-

131 2094 255 2126 ﬁtentur;
271 2092 349 2126 factis
370 2097 457 2118 autent
483 2096 589 2126 negant.
608 2100 617 2116 i
642 2091 703 2117 Non
725 2092 790 2118 satis
812 2098 849 2119 est
867 2101 911 2119 ore

130 2128 211 2154 Deum
227 2127 317 2161 fateri,
334 2127 383 2153 nisi
399 2131 423 2152 et
441 2134 515 2161 opere
531 2126 650 2160 fatearis.
668 2126 761 2153 Sermo
773 2128 849 2161 factis
867 2136 909 2154 ou-

130 2171 192 2189 cuus
206 2170 301 2193 parum
316 2161 384 2188 valet
399 2163 432 2187 ad
447 2162 663 2196 persuadendum.

163 2197 198 2225 86
217 2196 271 2223 Lee:
286 2197 392 2223 talionis
400 2195 523 2230 justitiw,
539 2197 591 2223 imo
603 2200 627 2222 et
642 2196 814 2223 humanitatis
823 2198 909 2231 potius

130 2231 445 2267 qttamriuiquitatisraut
467 2230 630 2267 crudelitatis
655 2231 732 2265 plena
758 2236 807 2258 est.
824 2230 910 2267 Cunf.

131 2265 168 2300 ep.
188 2266 241 2293 135
255 2266 274 2292 l.
294 2274 324 2298 ll,
341 2272 363 2292 et
382 2266 409 2293 It.
425 2274 466 2300 ep.
479 2265 543 2292 209.

164 2302 197 2329 87
221 2301 379 2328 Mandatum
393 2301 439 2327 Dei
460 2301 494 2326 ad
515 2300 662 2333 lsraelitas,
682 2306 709 2328 ut
725 2300 911 2336 Egyptiorum

133 2345 189 2363 uasa
212 2336 361 2369 auferrent,
379 2336 485 2369 justiss.
513 2340 537 2361 et
554 2337 732 2369 tenuissimum
748 2337 807 2368 fuit,
830 2343 912 2369 perti-

134 2379 190 2397 nens
202 2374 236 2398 ad
246 2371 484 2403 compensationem
499 2372 646 2397 mercedum
658 2379 704 2405 pro
721 2376 757 2397 tot
783 2380 913 2398 annorum

136 2406 241 2433 servitiis
257 2406 418 2432 debiturum.

165 2441 197 2473 88
218 2439 377 2467 Exhortatio
393 2439 427 2465 ad
445 2439 561 2466 studium
584 2439 701 2469 lectionis
717 2444 741 2465 et
765 2441 915 2467 meditatio-

138 2476 170 2511 Itis
185 2476 371 2511 quotidianum
386 2475 504 2511 exemplo
521 2473 648 2511 Timothei
660 2479 684 2500 et
697 2474 775 2511 Pauli
789 2476 912 2508 apostoli.

139 2509 259 2537 Memoria
274 2510 332 2536 sine
346 2510 477 2536 exercitiis
491 2509 617 2542 facillime
636 2509 770 2535 obsolescit
785 2516 807 2536 et
824 2511 914 2536 oblttc-

138 2551 214 2572 ratur.

168 2582 200 2607 89
221 2579 351 2614 Pauperis
368 2587 419 2605 non
434 2583 532 2613 oportet
544 2578 766 2607 commiseratione
777 2579 872 2605 moveri
888 2579 914 2605 in

136 2615 240 2647 judicio,
257 2614 393 2648 multoque
414 2614 498 2640 minus
514 2614 599 2647 favere
621 2614 730 2640 diuitum
754 2614 913 2640 insatiabili-

137 2651 178 2675 bus
196 2649 398 2684 cupiditatibus.

167 2685 200 2711 90
223 2682 336 2712 Ruditas
353 2685 411 2716 ipsa
426 2687 507 2709 morte
520 2682 593 2716 pejtts
607 2682 742 2717 fugienda,
762 2688 785 2709 et
800 2684 915 2717 quotidie

138 2719 238 2746 lectioni
270 2727 302 2746 ac
334 2718 501 2745 meditationi
531 2726 613 2744 sacrae
642 2718 784 2751 Scriptura:
814 2719 916 2744 incum-

138 2755 254 2781 bendum.

170 2789 199 2814 91
227 2789 317 2816 Sacra!
341 2787 450 2814 Littera:
477 2788 594 2814 omnibus
618 2787 732 2814 ontniunt
759 2788 915 2821 sapientium

140 2824 238 2858 scriptis
250 2825 337 2863 'lonqe
353 2824 491 2854 antistant,
514 2831 592 2861 eaque
610 2824 712 2849 vincunt
732 2823 915 2857 perspicuitate

691 122 969 155 PROLEGOMENA
989 126 1087 156 EDIT.
1109 127 1229 156 PARIS.

1690 129 1740 161 158

958 187 982 208 et
1002 182 1153 215 compendio
1173 183 1257 209 omnis
1282 182 1367 216 officii.
1388 181 1467 209 Varia
1484 185 1615 209 variorum
1637 183 1740 210 dicendi

959 225 1063 250 genera.
1078 216 1183 251 Confer.
1199 225 1239 248 ep.
1257 217 1275 244 5
1287 217 1335 243 lib.
1352 223 1375 243 et
1393 217 1419 243 h.
1432 217 1451 243 Ι.
1468 225 1508 250 ep.
1527 217 1573 250 28,
1590 217 1624 244 76
1637 223 1662 244 cl
1680 218 1739 244 150.

959 251 993 277 Et
1019 260 1051 278 ex
1074 257 1169 285 parte,
1195 260 1246 286 qua
1278 252 1310 278 de
1341 253 1493 285 compendio
1522 253 1625 279 virtutis
1659 253 1739 279 etiam

958 295 998 321 ep.
1018 286 1051 313 55
1065 292 1088 313 et
1103 286 1147 318 54,
1165 288 1191 315 h.
1208 287 1227 313 l.

993 321 1028 348 9'2
1047 322 1085 347 Ab
1099 322 1173 348 inani
1187 323 1348 348 contentione
1363 321 1520 347 dehortatio.

994 357 1028 384 95
1046 355 1125 383 Beati
1145 363 1204 382 sunt
1226 358 1269 387 qui
1285 357 1365 389 falsas
1382 361 1485 389 prapter
1497 355 1631 383 Christum
1647 362 1738 383 contu-

957 391 1049 418 melias
1063 392 1199 419 sustinent.
1219 391 1323 425 Confer.
1342 400 1380 424 ep.
1401 391 1448 416 190
1461 390 1487 416 h.
1504 391 1522 417 ι.

993 426 1028 453 94
1051 435 1060 451 s
1081 425 1169 452 Nolite
1191 431 1250 451 ante
1272 432 1370 459 tempus
1388 426 1509 459 judicare
1523 445 1530 457 ,
1550 435 1560 451 ι
1575 425 1740 452 interdictum

959 459 1099 486 Paulinum
1126 460 1140 486 Ι
1169 460 1230 486 Cor.
1255 469 1291 492 ιν,
1321 461 1449 495 quomodo
1463 465 1487 487 et
1507 460 1599 495 quibus
1614 461 1648 487 de
1665 460 1746 487 rebus‘

958 495 1137 526 accipiendum
1154 495 1198 521 sit.

992 529 1026 557 95
1046 529 1171 561 Quamvis
1190 534 1257 556 recte
1281 535 1305 556 et
1327 529 1469 563 apostolico
1489 535 1620 563 praecepto
1643 538 1737 556 conve-

957 565 1058 591 nienter
1077 564 1170 598 faciat,
1192 572 1250 598 quae
1272 564 1398 597 injuriam
1420 564 1470 590 sibi
1491 564 1589 598 factum
1608 565 1740 598 patienter

957 599 1061 629 tolerat.
1080 604 1167 626 tamen
1183 607 1240 625 eam
1258 599 1371 633 inferens
1386 607 1437 626 non
1454 603 1536 633 potest
1557 607 1584 626 se
1603 599 1650 626 illo
1666 599 1737 625 dicto

956 641 1091 661 excusare.

991 668 1025 694 96
1046 668 1225 703 Dubitationes
1238 668 1359 703 qutedam
1372 668 1404 695 de
1416 667 1522 695 Herode
1534 672 1560 695 et
1573 668 1666 701 fratris
1679 668 1739 702 ejus

957 710 1039 729 uxore
1054 702 1203 730 lierodiade
1223 704 1255 729 ab
1271 703 1328 736 ipso
1347 703 1426 730 ducta
1442 708 1466 729 et
1477 702 1591 729 Joannis
1612 704 1739 737 Baptistte

957 738 1154 771 reprehensione
1169 737 1232 771 facti
1246 743 1380 764 moventur
1394 743 1418 764 et
1433 737 1618 764 discutiuntur.

991 772 1026 799 97
1042 771 1161 799 Christus
1182 772 1216 798 ad
1240 780 1342 799 crucem
1356 772 1523 805 proﬁciscens
1543 780 1624 805 quare
1644 772 1740 799 mulie-

957 815 1016 833 rum
1040 806 1236 835 lamentationes
1261 807 1464 839 reprehenderit.
1488 806 1594 841 Confer.
1623 815 1663 841 ep.
1688 807 1741 834 166

959 847 982 869 et
996 842 1049 869 285
1063 842 1082 868 I.
1099 849 1127 874 Il,
1144 847 1168 868 et
1184 841 1210 867 h.
1225 842 1244 869 l.
1258 850 1298 875 ep.
1317 841 1368 868 128
1380 847 1403 868 et
1416 841 1477 869 180.

994 876 1028 904 98
1051 876 1117 904 Cum
1145 876 1288 910 oportuerit
1317 875 1449 903 Christum
1474 876 1547 911 pati,
1581 881 1643 903 teste
1668 875 1739 902 Luca

960 919 1034 943 xxiv,
1049 920 1129 945 quare
1144 912 1230 945 puniti
1254 916 1313 938 sunt
1335 912 1380 946 qui
1409 912 1555 945 passionem
1565 915 1740 946 procurarunt

959 952 981 971 et
996 946 1148 979 udjttuerunt
1162 946 1260 972 Judtei.

995 982 1028 1007 9!)
1049 981 1147 1007 Sam-ta
1162 982 1276 1014 synodus
1293 980 1404 1007 Nicwno
1425 980 1561 1007 veritatem
1582 981 1735 1015 dogmatum

960 1016 991 1042 ab
1008 1017 1116 1048 inﬁnitis
1130 1015 1284 1049 corruptelis
1301 1014 1427 1042 hteresum
1442 1015 1566 1042 asseruit.

997 1052 1046 1077 100
1067 1050 1136 1076 Deus
1151 1051 1274 1077 missione
1288 1049 1352 1076 Filii
1366 1051 1407 1076 sui
1423 1051 1457 1076 ad
1473 1050 1668 1084 persoluendum
1680 1059 1741 1083 pre-

965 1086 1030 1112 tium
1043 1085 1227 1118 redemptionis
1243 1085 1493 1119 instaurandamque
1517 1086 1616 1119 generis
1631 1086 1740 1112 humani

959 1120 1069 1147 salutem
1086 1120 1198 1147 ostendit
1222 1124 1245 1147 et
1259 1120 1395 1154 justitiam
1410 1127 1484 1146 suam
1501 1126 1524 1146 et
1543 1120 1734 1146 abundantiam

960 1155 1091 1182 bonitatis.

995 1189 1043 1216 101
1075 1189 1211 1223 Expositio
1242 1189 1370 1223 dictorum
1404 1187 1577 1215 Paulinorum
1603 1187 1681 1215 Rom.
1709 1197 1739 1216 I:

963 1233 972 1250 ι
990 1224 1011 1251 Τ
1013 1220 1169 1251 ταάὶιϋιέοε
1185 1224 1254 1251 Deus
1273 1225 1301 1250 in
1316 1220 1425 1257 affectus
1447 1224 1606 1257 ignominiae,
1631 1224 1742 1257 repletos

960 1261 1032 1286 omni
1050 1260 1196 1293 iniquitate,
1212 1267 1221 1284 ι
1240 1264 1293 1286 etc.
1321 1268 1330 1284 ‹
1347 1258 1424 1285 Dedit
1448 1258 1510 1291 ipsis
1532 1257 1602 1284 Deus
1619 1259 1741 1291 spiritum

960 1294 1176 1327 compunctionis.
1193 1302 1202 1319 I
1228 1294 1297 1321 Dare
1318 1300 1342 1320 et
1363 1293 1465 1319 tradere
1483 1301 1515 1319 es;
1538 1301 1609 1320 more
1633 1298 1656 1319 et
1673 1294 1742 1319 idio—

962 1333 1031 1355 mate
1051 1336 1133 1356 sacra:
1155 1328 1299 1362 Scriptum
1319 1328 1451 1363 signiﬁcat
1473 1328 1542 1354 idem
1566 1328 1636 1362 quod
1660 1328 1741 1355 relin-

962 1371 1039 1398 quere
1052 1364 1090 1390 uel
1102 1363 1262 1396 permittere.

997 1398 1048 1425 102
1068 1398 1104 1424 De
1122 1399 1214 1424 timore
1228 1402 1251 1424 et
1269 1398 1434 1432 veneratione
1448 1405 1511 1432 erga
1530 1398 1714 1432 magistratum
1729 1406 1740 1430 ;

962 1441 993 1459 es:
1009 1432 1122 1459 Paulina
1135 1433 1323 1465 admonitione,
1337 1431 1412 1459 Rom.
1426 1431 1486 1459 sui.

998 1467 1049 1493 105
1069 1467 1187 1493 Ecclesia
1198 1467 1351 1493 universalis
1363 1471 1399 1493 est
1415 1474 1508 1499 corpus
1524 1466 1640 1497 Christi;
1655 1467 1742 1500 parti-

963 1502 1071 1534 cularis,
1088 1510 1113 1529 υ.
1128 1510 1154 1535 g.
1172 1501 1369 1528 Corinthiorum
1389 1500 1515 1531 Ecclesia,
1530 1507 1566 1527 est
1580 1502 1636 1535 ejus
1651 1509 1743 1534 corpo-

963 1537 999 1563 ris
1011 1536 1153 1562 membrum
1167 1544 1200 1562 ea:
1214 1542 1297 1569 parte.
1310 1535 1353 1562 Ει
1369 1535 1452 1569 Epist.
1468 1536 1501 1561 ad
1518 1535 1635 1562 Corinth.

997 1571 1048 1598 104
1074 1570 1183 1597 Ρὶονιυη
1211 1578 1335 1597 utrumme
1357 1578 1512 1597 coronarum
1543 1575 1567 1597 et
1591 1570 1740 1596 braviorum

963 1606 1048 1632 instar
1065 1605 1168 1637 habent,
1183 1610 1206 1631 et
1224 1606 1372 1632 exsultandi
1384 1605 1521 1631 materiam
1533 1605 1596 1639 ipsis
1611 1605 1737 1639 prwbent.

962 1640 1004 1667 Ea:
1019 1640 1103 1666 Paulo
1117 1640 1211 1673 l’ttilip.
1228 1647 1247 1666 l.

998 1675 1049 1702 105
1067 1675 1203 1701 Damones
1221 1683 1281 1701 cum
1295 1682 1342 1709 pro
1365 1675 1417 1702 diis
1440 1673 1490 1701 coli
1511 1674 1614 1706 vellent,
1631 1674 1741 1700 simula-

961 1714 1021 1736 runt
1036 1710 1143 1742 iustitia:
1163 1709 1294 1742 studium,
1317 1710 1393 1744 idque
1415 1718 1431 1736 a
1454 1711 1508 1736 suis
1530 1708 1673 1736 cultoribus
1697 1716 1743 1736 ea:—

960 1750 1079 1772 eaerunt.

975 1754 1102 1806 “(ligulh
1116 1779 1227 1805 diuersis
1246 1778 1351 1806 talentis
1363 1779 1510 1806 hominibus
1523 1779 1689 1805 concreditis.

996 1815 1046 1842 107
1068 1814 1149 1841 Terra
1162 1822 1214 1849 qua
1233 1814 1333 1841 ratione
1353 1814 1391 1841 vel
1411 1814 1513 1840 mobilis
1528 1815 1574 1846 sit,
1589 1814 1629 1840 uel
1647 1814 1741 1840 immo-

961 1850 1033 1877 bilis.

996 1885 1047 1911 108
1068 1883 1188 1910 Christus
1202 1883 1230 1910 in
1249 1891 1323 1910 cruce
1343 1883 1513 1918 triumphauit
1534 1885 1566 1909 de
1581 1883 1744 1910 dwntonibus

961 1919 1105 1946 debellatis.

997 1954 1048 1981 109
1074 1952 1222 1986 Explicatio
1254 1953 1318 1979 dicti
1343 1952 1510 1985 Salomonis,
1538 1952 1663 1979 Proverb.
1690 1960 1741 1979 Vt:

965 1998 973 2014 ε
991 1990 1042 2021 Qui
1060 1988 1204 2022 ingreditur
1218 1988 1251 2013 ad
1272 1987 1406 2014 mulierem
1426 1995 1543 2021 nuptam.
1571 1996 1622 2013 non
1636 1988 1684 2013 erit
1703 1988 1743 2014 in-

962 2032 1073 2055 nocens;
1088 2021 1176 2056 ineque
1191 2023 1274 2049 omnis
1296 2028 1402 2056 tangens
1419 2030 1485 2050 eam.
1505 2032 1515 2048 ι
1531 2021 1627 2048 Tactus
1644 2030 1735 2049 sensus

962 2059 1077 2085 crassior
1092 2062 1116 2084 et
1137 2057 1263 2090 impurior
1282 2063 1320 2084 est
1339 2066 1417 2092 quant
1433 2058 1510 2090 visus,
1526 2057 1571 2092 qui
1596 2061 1634 2083 est
1655 2058 1741 2084 subti-

962 2094 1013 2120 lior
1029 2101 1060 2119 ac
1075 2092 1175 2126 purior.

998 2128 1048 2154 110
1076 2126 1213 2160 Expositio
1236 2127 1301 2154 dicti
1324 2125 1454 2155 Ezechiel.
1469 2134 1504 2154 vn
1520 2136 1527 2154 ε
1545 2137 1553 2153 ι
1571 2126 1602 2154 Et
1622 2132 1698 2154 erunt
1716 2127 1744 2152 in

963 2162 1093 2189 montibus
1109 2166 1136 2187 ut
1149 2161 1274 2189 columba:
1286 2163 1445 2188 meditantes.
1464 2171 1473 2187 s
1491 2161 1617 2189 Cumulus
1630 2162 1741 2193 doloris,

964 2206 1015 2225 non
1032 2198 1108 2232 licere
1125 2198 1256 2232 conqueri.

998 2232 1045 2259 111
1069 2230 1223 2258 Exhortatio
1235 2231 1269 2257 ad
1285 2230 1520 2258 reconciliationem
1535 2237 1558 2258 et
1576 2232 1739 2265 satisfactio—

963 2276 1030 2298 nem,
1050 2275 1082 2293 e:t:
1098 2272 1225 2300 prtecepto
1241 2266 1350 2296 Christi,
1367 2265 1463 2300 Matth.
1483 2274 1509 2296 ν,
1525 2266 1570 2297 2‘2,
1583 2266 1628 2293 25.

999 2301 1049 2330 112
1072 2301 1108 2327 De
1128 2299 1198 2328 dicto
1225 2300 1340 2333 l’auti,l
1367 2299 1433 2327 Tim.
1456 2308 1505 2328 1V:
1522 2311 1530 2326 ε
1549 2300 1744 2326 ΡνοΙιὶὺεηιίυηι

963 2338 1068 2366 nubere,
1086 2345 1094 2361 ι
1112 2340 1178 2367 elc.,
1194 2341 1216 2362 et
1233 2335 1293 2361 aliis
1311 2334 1454 2368 Scriptura:
1472 2335 1621 2361 idiotisnus.

998 2371 1049 2397 115
1069 2370 1105 2396 De
1118 2370 1186 2397 dicta
1207 2371 1283 2396 Pauli
1306 2369 1389 2396 Ilebr.
1406 2378 1443 2402 lx,
1472 2370 1504 2396 17
1529 2378 1535 2397 :
1563 2378 1572 2394 ι
1594 2368 1744 2396 Testamen-

964 2407 1056 2433 tumin
1072 2406 1180 2431 mortuis
1191 2406 1306 2439 firmum.
1322 2413 1331 2429 ι

999 2441 1059 2467 11-1.
1080 2439 1118 2465 De
1135 2440 1242 2466 diversis
1253 2439 1344 2473 formis
1359 2444 1382 2465 et
1394 2439 1505 2473 ingeniis
1519 2447 1549 2464 ac
1561 2438 1676 2464 moribus
1690 2440 1739 2464 ho-

964 2476 1072 2502 minum.
1088 2474 1130 2500 Ea:
1142 2474 1265 2501 Proverb.
1278 2473 1390 2505 Salom.,
1402 2481 1485 2504 xxv”,
1504 2474 1545 2500 19.

1001 2510 1049 2536 115
1068 2509 1232 2535 Adulterium
1256 2510 1342 2542 furto,
1365 2509 1508 2541 prtescrtim
1531 2516 1563 2534 eo:
1587 2512 1740 2542 paupertate

964 2545 1090 2605 q’dmissz,
1116 2543 1190 2579 longe
1214 2544 1317 2578 gravius
1345 2548 1393 2569 est.
1418 2542 1460 2569 Es;
1485 2548 1615 2570 sententia
1639 2543 1741 2570 Salont.

991 2588 1062 2605 rover
1083 2598 1089 2605 .
1109 2586 1145 2605 γι.

991 2579 1089 2606 roverb.
1109 2586 1145 2606 vt.

999 2614 1050 2640 116
1071 2612 1154 2640 Nemo
1172 2612 1305 2639 hominum
1318 2615 1371 2638 tam
1386 2611 1444 2646 pius
1459 2620 1489 2638 ac
1504 2613 1598 2646 probus
1615 2617 1664 2643 est,
1679 2612 1742 2645 quin

965 2649 1045 2675 alicui
1056 2649 1089 2674 sit
1106 2653 1192 2674 errato
1206 2648 1342 2673 obnoxius.
1373 2647 1455 2673 Nemo
1468 2655 1570 2673 rursum
1586 2655 1665 2679 usque
1675 2647 1741 2671 adeo

965 2685 1080 2714 vitiosus,
1100 2683 1162 2716 quin
1185 2682 1283 2716 aliquid
1309 2682 1368 2707 boni
1384 2683 1474 2716 egerit.
1494 2682 1569 2709 Nl/tll
1586 2682 1673 2715 itaque
1693 2680 1742 2706 ub—

965 2718 1037 2745 surdi
1060 2722 1107 2748 est,
1128 2718 1151 2742 si
1171 2717 1299 2747 dicamus,
1323 2722 1346 2742 et
1371 2716 1500 2743 Lazarum
1521 2724 1608 2750 poenas
1634 2722 1742 2741 suorum

966 2754 1086 2786 lapsuum
1101 2751 1201 2777 dedisse
1217 2756 1239 2777 et
1248 2752 1351 2777 divitem
1364 2753 1472 2785 prtemia
1486 2757 1551 2778 recte
1566 2750 1695 2784 factorum
1709 2750 1739 2776 in

967 2790 1014 2814 hac
1032 2788 1083 2813 vita
1096 2787 1226 2817 recepisse.

1005 2823 1050 2852 117
1072 2821 1124 2848 Cur
1139 2821 1232 2856 lcpt'osi
1253 2821 1360 2856 aliisque
1388 2821 1481 2847 morbis
1504 2820 1681 2847 involuttlariis
1703 2820 1741 2845 las
