3890 6134
409 258 513 325 159

404 370 646 421 borantes
672 374 823 421 extra
874 375 1051 421 castra
1093 365 1371 419 consistere
1411 365 1551 434 jussi
1594 364 1807 430 fuerint.
1861 363 1938 415 l’a

405 445 580 490 rentes
613 439 826 505 saepe-in
865 437 989 505 ﬁliis
1019 435 1317 505 plectuntur
1349 436 1561 504 gravius
1590 450 1747 501 quam
1778 434 1831 485 in
1877 449 1963 486 se-

405 507 661 574 metipsis.
698 506 848 574 Conf.
882 524 963 574 ep.
997 507 1090 559 Mi
1130 506 1183 558 li.
1224 506 1315 559 lib.

479 575 581 628 118
638 576 979 645 Eleemosyna
1037 580 1173 629 unde
1212 574 1466 629 testimari
1522 574 1740 634 debeat,
1788 588 1967 640 nempe

407 660 510 698 non
546 655 652 698 tam
681 665 711 697 a
745 648 855 699 dati
904 648 1281 714 magnitudine,
1322 660 1477 711 quam
1527 660 1590 714 ex
1630 646 1803 695 animo
1842 645 1968 714 dan-

411 715 498 769 tis.
537 714 797 768 Probatur
836 712 1069 783 exempto
1114 717 1285 768 vidua:
1328 712 1654 783 evangelicm,
1710 717 1815 783 duo
1863 713 1966 764 mi-

408 795 535 854 nuta
557 786 820 854 offerentis
844 787 896 837 in
919 781 1365 854 gaxophglacium.
1383 782 1553 835 Marc.
1576 799 1671 845 xtl,
1706 781 1834 833 an.
1852 797 1965 854 xui.

480 853 581 907 119
631 853 742 907 Viri
780 852 1085 907 mulieribus
1120 852 1372 923 tauquam
1404 854 1515 906 vasi
1548 854 1830 921 inﬁrmiori
1872 852 1965 904 ho-

407 938 580 976 norem
615 925 874 977 tributtnt.
905 924 930 976 l
970 924 1117 977 Petr.
1152 939 1234 977 Ill.

477 993 583 1063 120
622 992 959 1048 Contumelia:
985 1003 1242 1063 quomodo
1270 994 1542 1046 sanandte.

479 1062 575 1115 121
630 1063 833 1116 Lazaro
891 1062 1009 1134 sute
1056 1065 1280 1116 miseria?
1326 1064 1724 1127 fundamentum
1776 1066 1965 1134 sempi-

406 1142 569 1184 terntv
590 1134 768 1201 gloritv
798 1144 846 1185 et
872 1133 1138 1198 felicitatis
1171 1133 1501 1185 exstiterunt.

479 1202 582 1254 1ἳὲ
619 1202 693 1254 De
716 1202 989 1255 libidinoso
1035 1212 1245 1268 aspectu
1297 1203 1571 1253 mulierum
1604 1201 1836 1256 vitando.
1870 1202 1966 1257 Le-

406 1270 611 1343 gitima
634 1274 774 1343 lucta
817 1286 887 1325 est
922 1289 1078 1343 quam
1107 1271 1371 1325 constituit
1409 1270 1588 1334 Deus;
1614 1289 1717 1325 non
1746 1274 1965 1343 quisque

406 1339 506 1393 sibi
530 1340 785 1402 opinionis
817 1358 993 1395 errore
1030 1341 1202 1407 finxit.

479 1409 581 1490 125
604 1409 895 1531 ἐξωπὶοηω
915 1412 1030 1481 quis
1060 1412 1149 1476 sit,
1178 1428 1356 1482 nempe
1392 1411 1560 1482 quivis
1586 1408 1737 1462 homo
1768 1420 1964 1466 nostra:

479 1495 520 1531 is
547 1496 599 1531 in
642 1496 775 1531 iaus.

406 1494 520 1545 apis
547 1494 775 1548 indigus.

479 1548 581 1620 124
617 1552 811 1604 Anima
844 1552 1073 1603 humana
1103 1561 1178 1604 est
1205 1552 1413 1620 quidem
1440 1551 1637 1620 divina,
1669 1558 1717 1602 et
1742 1548 1963 1602 immor-

405 1618 529 1670 talis
569 1620 669 1691 sed
704 1636 807 1673 non
861 1621 1018 1682 Deus,
1068 1618 1230 1691 neque
1262 1620 1522 1689 particula
1566 1619 1662 1673 Dei
1698 1622 1955 1685 essentite,

406 1704 568 1757 neque
594 1690 832 1755 principii
858 1705 1061 1757 expers.

480 1757 583 1811 125
619 1757 694 1811 De
736 1760 924 1813 anima:
958 1759 1348 1812 immortalitate
1388 1770 1566 1812 contra
1608 1756 1791 1811 Caleni
1839 1758 1966 1811 har-

406 1829 666 1880 monicam
694 1828 862 1897 lyram
881 1840 927 1883 et
952 1840 1401 1897 temperamentum
1424 1829 1686 1895 corporis;
1711 1830 1969 1897 prteclara

406 1906 457 1950 et
490 1898 692 1951 erudita
720 1896 1028 1963 disputatio,
1054 1896 1371 1960 Homericis,
1418 1898 1714 1966 Euripideis
1755 1909 1801 1948 et
1842 1896 1972 1950 Pla-

410 1967 595 2037 tonicis
617 1967 1014 2022 auctoritatibus
1036 1968 1291 2032 stabilita,
1322 1970 1628 2037 tandemque
1649 1968 1823 2021 divino
1850 1984 1972 2021 ora-

406 2036 533 2107 culo
564 2046 618 2107 et
632 2038 944 2107 testimonio
976 2038 1266 2107 obsignata.

354 2116 357 2119 '
418 2174 425 2176 ξ
481 2105 582 2159 126
621 2105 1030 2172 Reprehensione
1056 2105 1102 2161 et
1128 2108 1247 2160 odio
1276 2107 1421 2175 digni
1452 2116 1593 2169 sunt,
1626 2106 1715 2176 qui
1740 2109 1971 2175 neglecta

408 2174 533 2228 bene
566 2177 761 2230 vivendi
785 2192 912 2247 cura
941 2179 1004 2230 de
1024 2174 1347 2247 dogmatibus
1376 2174 1646 2244 perpetuas
1680 2174 1971 2247 contentio-

408 2261 497 2297 nes
519 2249 835 2313 suscipiunt,
856 2245 1124 2315 ipsamque
1152 2246 1281 2299 adeo
1307 2248 1535 2300 divinam
1557 2246 1830 2299 essentiam
1858 2245 1971 2299 suis

408 2314 844 2380 disputationibus
873 2314 1172 2369 scrutantur
1200 2332 1262 2367 ac
1287 2316 1592 2368 sollicitant.

484 2384 583 2436 {£7
623 2382 935 2450 Spirituales
975 2384 1203 2437 homines
1218 2387 1429 2451 quinam
1450 2386 1689 2438 dicantur
1705 2401 1735 2436 a
1761 2383 1973 2441 Paulo?

410 2455 498 2519 qui
528 2456 820 2507 animales?
848 2458 937 2520 qui
975 2457 1191 2521 denique
1229 2454 1465 2507 carnales
1496 2456 1520 2510 ἲ
1574 2455 1619 2507 Α
1651 2455 1850 2524 potiore
1882 2471 1975 2508 su-

412 2524 572 2574 mitur
602 2524 975 2576 denominatio.

486 2593 586 2645 128
628 2591 863 2646 Christus
898 2611 994 2646 sua
1038 2603 1215 2661 sponte
1247 2594 1405 2646 morti
1436 2602 1593 2663 caput
1616 2594 1823 2659 obtulit,
1855 2610 1973 2647 cum

413 2661 571 2729 facile
592 2679 729 2725 eam,
758 2665 801 2715 si
834 2664 1093 2725 voluisset,
1116 2664 1377 2716 declinare
1398 2661 1669 2733 potuisset,
1701 2664 1775 2718 vel
1799 2665 1973 2718 divina

413 2748 509 2783 sua
540 2735 769 2799 potentia
800 2734 1073 2799 quavalios
1111 2734 1267 2785 etiam
1298 2749 1361 2786 ex
1400 2745 1563 2786 morte
1593 2735 1856 2795 excitavit,
1897 2733 1975 2786 vel

414 2801 726 2872 innocentia:
776 2803 1088 2871 allegatione
1136 2820 1197 2856 ac
1248 2802 1574 2872 defensione,
1626 2804 1701 2857 vel
1731 2804 1973 2872 beneﬁcio

414 2870 795 2937 appellationis.

459 2939 589 3020 .129
618 2939 800 3020 Decem
822 2942 1267 3007 interpretationes
1285 2943 1410 2995 dicti
1430 2940 1681 2997 Paulini:
1709 2941 1846 3008 «Qui
1861 2944 1973 3012 for-

416 3011 650 3080 nicatur,
678 3011 731 3063 iu
763 3027 946 3080 corpus
969 3029 1119 3065 suum
1152 3023 1383 3078 peccatu

488 3082 590 3134 150
621 3079 891 3144 Quomodo
924 3098 1033 3135 sese
1061 3099 1235 3151 gerere
1270 3085 1484 3135 debeant
1511 3098 1629 3135 cum
1674 3083 1711 3136 ii
1759 3082 1847 3151 qui
1882 3098 1980 3135 auo

415 3150 591 3221 diunt,
628 3160 736 3221 tum
786 3152 867 3203 illi
912 3154 1002 3221 qui
1033 3150 1233 3205 dicunt.
1282 3152 1421 3217 Quid
1451 3154 1655 3205 intersit
1702 3150 1840 3205 inter
1871 3170 1983 3204 κοι-

416 3220 507 3302 γὸγ
678 3219 819 3302 ᾕῐσον
864 3219 1015 3302 _in_ter
1052 3222 1417 3302 aptptoﬁrfcsiv
1474 3223 1582 3302 nat.
1619 3222 1984 3302 φιλοννειξςεῖπη

418 3290 558 3359 inter
610 3289 1030 3359 εὐδοκιμεϊσδαι,
1059 3289 1164 3344 sive
1218 3291 1501 3359 εὐδοκιμον
1534 3289 1694 3352 εἶναι,
1728 3301 1775 3344 et
1825 3294 1987 3342 ἐπαι-

416 3358 643 3430 νεζσθᾳι,
680 3358 805 3412 sive
840 3361 1313 3430 byxmptdCeaOat;
1356 3358 1577 3430 denique
1604 3364 1742 3414 inter
1765 3361 1983 3413 ἒδεσθαι

419 3429 513 3480 καὶ
542 3428 943 3549 εὑφῖαίνξεξθαι.
996 3428 1003 3429 ί
1410 3501 1419 3510 _
1492 3428 1502 3430 ’
1892 3462 1905 3509 ,τ

492 3497 598 3549 152
678 3500 858 3549 nuttlis
902 3510 948 3549 et
984 3498 1273 3549 periculosa
1302 3499 1446 3549 nobis
1476 3509 1605 3549 esset
1653 3515 1905 3549 vrmcoam

492 3497 598 3549 152
644 3497 858 3551 Inutilis
902 3510 948 3551 et
984 3498 1273 3568 periculosa
1302 3499 1446 3552 nobis
1476 3509 1605 3554 esset
1653 3499 1989 3569 prwcogn’itio

420 3569 654 3621 omnium
687 3583 860 3620 rerum
899 3580 1052 3637 atque
1083 3578 1378 3622 eventuum.

494 3660 597 3715 155
644 3658 787 3715 Fons
819 3663 985 3715 onmis
1036 3664 1091 3716 in
1132 3664 1239 3716 vita
1284 3663 1607 3731 confusionis
1649 3673 1696 3717 et
1727 3663 1865 3716 inter
1893 3666 1990 3718 ho-

420 3732 585 3785 mines
619 3732 912 3785 animorum
945 3734 1360 3786 exacerbationis
1406 3742 1455 3785 et
1501 3735 1844 3786 contentionis
1890 3742 1989 3798 est,

420 3800 562 3867 quod
606 3816 878 3855 sacrorum
921 3802 1242 3856 Litterarum
1291 3804 1522 3855 studium
1566 3802 1883 3871 negligitur,
1943 3814 1990 3857 et

418 3872 772 3942 unusquisque
803 3888 921 3925 suos
954 3874 1171 3942 affectus
1203 3874 1391 3925 divinis
1419 3874 1643 3925 oraculis
1674 3874 1960 3941 anteponit.

494 3942 597 3995 154
630 3940 739 3995 Lex
767 3954 812 3995 et
839 3940 1099 4011 propheta:
1122 3943 1437 4010 pra'paratio
1465 3942 1672 4012 fuerunt
1708 3944 1775 3995 ad
1798 3940 1994 3997 Evan-

454 4013 632 4065 elium.

419 4028 904 4148 ge'ig’goExpositio
935 4080 1063 4134 dicti
1103 4080 1296 4133 Christi
1328 4078 1518 4133 Matth.
1568 4095 1637 4144 ι,
1674 4081 1736 4134 41
1779 4098 1791 4133 :
1834 4099 1852 4131 «
1893 4081 1996 4145 Qui

422 4152 605 4218 recipit
631 4153 933 4217 prophetam
959 4153 1012 4202 in
1041 4166 1223 4202 nomen
1245 4153 1529 4215 prapltetw.
1555 4154 1839 4203 mercedem
1869 4168 1995 4219 pro-

422 4220 589 4289 pheta:
618 4222 884 4289 accipiet.»
931 4218 1217 4272 Honestum
1249 4220 1412 4285 ipsius
1442 4222 1662 4280 honesti.
1704 4237 1802 4273 non
1830 4218 1997 4273 alicu-

416 4290 508 4358 jus
564 4290 696 4341 lucri
743 4290 1084 4357 utilitatisque
1128 4298 1219 4341 aut
1266 4289 1509 4342 humana:
1562 4290 1743 4359 gloria:
1812 4307 1995 4358 causa,

423 4359 697 4412 colendum
732 4370 826 4411 est.

496 4428 600 4482 156
643 4426 1178 4498 «Πεςηαιημεωιονυηι
1212 4427 1311 4498 vi_m
1340 4427 1559 4495 patitur,
1590 4436 1638 4479 et
1664 4427 1873 4482 violenti
1906 4446 1994 4482 ra-

423 4496 577 4566 piunt
628 4496 783 4565 illud,
820 4515 840 4549 ι
885 4496 1081 4551 Matth.
1115 4512 1193 4563 xl,
1242 4496 1373 4551 Luc.
1410 4512 1520 4565 xw,
1553 4502 1811 4567 quomodo
1839 4501 1993 4554 intel-

423 4567 709 4621 liaendum.

448 4570 709 4622 iaendum.

464 4585 908 4706 gigiuic'ﬁoano
963 4637 1093 4689 dicti
1142 4635 1335 4692 Christi
1377 4635 1566 4692 Matth.
1623 4653 1698 4691 ιι
1762 4658 1779 4689 «
1813 4639 1994 4694 Estote

425 4710 706 4777 prudentes
726 4708 857 4761 sicut
880 4717 1157 4775 serpentes,
1186 4719 1229 4759 et
1258 4708 1513 4771 simplices
1534 4709 1662 4760 sicut
1684 4709 1986 4765 columbam

425 4776 684 4847 Exempla
719 4792 971 4847 quatenus
1005 4776 1255 4840 capienda
1297 4778 1422 4830 sint.

502 4846 604 4900 158
637 4846 1183 4920 Ττὶὶιὶιὶωπαωιιιωκ
1220 4847 1432 4920 repellat
1455 4864 1516 4899 ac
1545 4849 1749 4920 subigat
1784 4850 1993 4904 animus

427 4920 668 4985 precibus
702 4934 762 4970 oc
788 4918 1126 4972 meditatione
1150 4916 1430 4969 ctelestium
1461 4916 1817 4981 priviiiiorum.

500 4985 601 5040 159
627 4988 1017 5041 Admonitiones
1049 4997 1094 5039 et
1125 4988 1543 5055 reprehensiones
1577 4992 1877 5043 vitiosorum
1903 4990 1997 5041 Ito-

429 5054 633 5128 minum
690 5061 864 5128 quales
917 5074 1026 5111 esse
1073 5067 1118 5109 et
1173 5054 1429 5125 quomodo
1480 5060 1711 5113 adhiberi
1755 5059 1993 5113 debeant.

430 5123 712 5199 Quomodo
730 5128 851 5179 item
884 5128 1097 5192 ferenda
1128 5123 1197 5179 sit
1236 5128 1353 5179 boni
1385 5140 1590 5182 eventus
1627 5130 1923 5199 frustratio.

505 5196 609 5248 “0
640 5194 933 5269 Scripturtv
954 5212 1121 5269 sacra?
1163 5212 1278 5269 cum
1305 5212 1483 5249 eorum
1522 5202 1608 5269 qui
1627 5194 1787 5254 'extru
1818 5198 2000 5252 Eccle-

432 5265 570 5320 siam
601 5275 721 5318 sunt
758 5268 962 5331 scriptis
995 5266 1224 5318 collatio.

509 5337 603 5390 Ml
642 5335 749 5388 Cur
787 5337 1015 5403 leprosos
1042 5345 1089 5386 et
1131 5337 1249 5387 aliis
1284 5340 1479 5395 morbis
1511 5339 1880 5392 involuntariis
1915 5339 1993 5391 la-

436 5405 675 5459 borantes
704 5407 787 5458 lex
802 5404 1121 5472 prohibuerit
1151 5405 1384 5471 ingressu
1410 5425 1719 5463 castrorum.
1752 5410 2000 5463 Parentes

434 5492 577 5549 saepe
600 5476 651 5528 in
686 5477 858 5549 liberis
883 5475 1089 5549 gravius
1118 5488 1273 5541 quam
1302 5478 1354 5527 in
1376 5481 1667 5549 semetipsis
1682 5481 1996 5546 plectuntur.

437 5542 627 5615 Confer
654 5564 733 5615 ep.
763 5547 857 5599 117
888 5542 941 5598 lt.
975 5545 1015 5600 ι.

513 5614 615 5691 ita
654 5614 725 5691 De
754 5632 946 5691 arcana
974 5625 1253 5691 et‘a'tet'na
1282 5621 1607 5691 generatione
1648 5618 1778 5673 Filii
1814 5616 1911 5673 Dei
1939 5633 2002 5671 ex

442 5686 732 5741 substantia
764 5686 857 5742 Dei
887 5684 1089 5742 Patris.

1528 255 2087 319 PROLEGOMENA
2126 259 2325 319 EDIT.
2367 259 2611 319 PARIS.

3548 257 3645 321 160

2140 365 2241 418 145
2290 365 2364 418 De
2396 364 2694 433 differentia
2727 363 2949 433 legitimi
2992 364 3199 432 imperii
3223 374 3270 417 et
3299 366 3600 433 tyrannidis
3625 383 3645 420 :

2067 451 2286 503 quorum
2314 436 2443 486 illud
2480 438 2548 487 ad
2574 436 2923 496 subditorum,
2954 433 3064 487 haec
3099 436 3168 486 ad
3203 435 3507 502 imperantis
3539 440 3645 488 uti-

2068 507 2267 557 litatem
2308 506 2574 569 propriam
2619 507 2865 567 refertur.

2139 572 2447 655 MLLRatio
2503 576 2847 628 concilianda:
2916 576 3061 643 pacis
3132 576 3307 627 minus
3369 574 3645 643 probanda

2103 660 2182 697 ua!
2234 653 2323 697 sit.

2066 660 2581 769 quiviSsuéacerdotii
2626 731 2813 767 munus
2863 713 3159 783 perdi/ﬁcile
3221 731 3334 767 esse
3384 726 3522 768 recte
3547 718 3646 768 ad-

2065 786 2369 839 ministrare
2398 787 2565 845 docet,
2604 786 2743 853 quod
2774 784 2906 837 varii
2930 785 3034 835 sint
3075 800 3138 835 ac
3177 785 3491 850 multiplices
3526 789 3647 838 ani-

2067 870 2270 908 morum
2314 858 2517 917 morbi,
2564 856 2651 923 qui
2701 871 2804 905 non
2834 869 2938 905 uno
2987 870 3163 906 omnes
3210 857 3438 907 remedio
3466 857 3647 907 curari

2066 926 2285 991 possint.
2322 923 2469 978 Unde
2496 932 2547 978 et
2575 924 2812 976 Christus
2842 924 3169 986 exclamavit,
3200 923 3386 977 Matth.
3428 940 3552 977 xxw
3597 935 3649 978 et

2066 994 2196 1050 Luc.
2228 1009 2303 1046 xu
2330 1012 2344 1049 ε
2385 1012 2402 1045 «
2430 996 2583 1058 Quis,
2616 1004 2789 1061 putas,
2814 1004 2887 1045 est
2917 992 3087 1060 [idelis
3122 1010 3295 1045 servus
3317 1007 3361 1047 et
3393 998 3647 1061 prudens,

2065 1080 2214 1130 quem
2242 1065 2517 1117 constituet
2556 1063 2810 1116 Dominus
2862 1079 3018 1131 super
3064 1062 3325 1131 familiam
3355 1081 3509 1116 suam
3535 1104 3550 1128 ,
3584 1077 3643 1117 ut

2066 1137 2150 1187 det
2185 1133 2289 1186 illis
2334 1134 2631 1186 demensum
2659 1134 2710 1185 1’s

2137 1202 2240 1256 146
2290 1202 2531 1256 Christus
2576 1203 2799 1256 adventu
2840 1217 2934 1254 suo
2975 1201 3153 1254 docuit
3190 1202 3422 1254 homines
3454 1203 3651 1257 anima:

2064 1273 2529 1335 immortalitatem,
2548 1286 2593 1325 et
2619 1274 3041 1326 resurrectionem
3069 1272 3265 1331 carnis.
3295 1282 3342 1324 et
3376 1271 3646 1340 judicium

2066 1344 2305 1412 futurum
2333 1352 2527 1412 ,_atque
2560 1342 2633 1394 ita
2681 1343 2750 1394 ad
2781 1341 3264 1412 virtutisstudium
3285 1357 3368 1393 eos
3398 1345 3649 1394 excitavit

2064 1410 2114 1466 et
2152 1414 2312 1463 acuit.
2346 1410 2627 1465 Peccatum
2675 1421 2838 1463 morte
2868 1411 3077 1479 gravius
3100 1451 3113 1475 ,
3146 1420 3195 1461 et
3246 1411 3355 1463 lucc
3394 1427 3503 1479 prie
3553 1413 3649 1465 illo

2063 1481 2329 1551 eligenda.
2368 1479 2797 1551 De_dicto__l’ouli
2834 1478 2995 1551 Hebr.
3023 1496 3077 1545 Il,
3139 1480 3227 1532 15.

2132 1546 2237 1605 147
2278 1550 2397 1604 Non
2428 1549 2581 1603 Jesus
2598 1547 2743 1603 Nave
2772 1567 2859 1603 seu
2883 1548 3070 1613 Josua,
3102 1550 3191 1602 sed
3215 1546 3370 1602 Jesns
3404 1549 3650 1603 Christus

2067 1637 2238 1742 verat;
2265 1630 2314 1741 εἴ
2339 1620 2564 1742 golidam
2588 1621 2811 1689 requiem
2827 1621 3042 1688 peperit.
3075 1619 3149 1673 De
3170 1620 3282 1672 loco
3301 1618 3461 1672 Pauli
3480 1618 3649 1675 llebr.

2075 1706 2146 1742 IV.
2262 1706 2289 1742 e
2379 1729 2393 1742 .

2075 1706 2146 1751 tv.
2198 1692 2231 1742 8
2262 1700 2308 1742 et
2339 1692 2393 1745 9.

2146 1759 2249 1814 118
2283 1758 2470 1827 Inique
2494 1769 2540 1813 et
2580 1758 2808 1822 improbe
2833 1767 3043 1827 agentes
3086 1777 3191 1813 non
3219 1768 3342 1814 sunt
3377 1758 3650 1813 laudando

2074 1840 2121 1884 et
2149 1829 2417 1883 adulando
2451 1829 2797 1898 conﬁrmandi
2822 1830 2875 1881 in
2903 1846 3001 1882 sua
3031 1832 3359 1897 improbitate
3382 1867 3397 1889 ,
3440 1830 3533 1882 sed
3570 1830 3649 1883 vel

2074 1902 2282 1953 silentio
2314 1900 2388 1952 vel
2419 1900 2543 1968 fuga
2584 1915 2761 1951 sensus
2801 1898 2991 1968 alitutis
3032 1899 3380 1965 improbitatis
3409 1902 3485 1951 eis
3522 1901 3654 1966 inji-

2077 1971 2287 2022 ciendus
2313 2010 2328 2033 ,
2374 1983 2429 2022 ut
2479 1969 2831 2035 corrigantur.
2884 1969 3061 2021 Etiam
3096 1970 3331 2023 voluntas
3361 1979 3516 2034 atque
3546 1971 3652 2021 iniu

2075 2039 2248 2108 pulsio
2280 2040 2333 2091 in
2355 2048 2628 2106 utramque
2651 2048 2851 2105 partem
2887 2054 2987 2090 non
3028 2049 3168 2091 caret
3212 2039 3286 2091 vel
3329 2040 3544 2107 pra-mia
3573 2039 3652 2092 vel

2075 2124 2247 2178 paena.
2278 2110 2511 2175 quamvis
2539 2119 2744 2178 eventus
2784 2124 2884 2160 non
2925 2109 3269 2178 responderit.

2150 2179 2252 2234 M9
2282 2179 2555 2247 Expositio
2582 2177 2705 2228 dicti
2734 2178 2921 2241 psalmi
2956 2193 3039 2230 ut
3061 2193 3079 2228 :
3114 2176 3314 2230 «Semel
3337 2176 3541 2230 locutus
3572 2186 3653 2228 est

2078 2248 2220 2301 Deus
2246 2264 2264 2302 :
2295 2251 2398 2302 duo
2434 2251 2542 2300 hate
2567 2247 2764 2309 audivi,
2793 2264 2810 2297 ι
2837 2258 2940 2300 etc.
2973 2247 3414 2300 Comminationes
3454 2249 3655 2299 divina:

2078 2335 2346 2388 poenarum
2386 2320 2601 2370 tacitam
2641 2317 2826 2368 habent
2860 2332 3120 2370 annexam
3156 2319 3507 2370 conditionem
3537 2332 3652 2386 pa:-

2079 2389 2332 2444 nitentia'.

2149 2457 2251 2511 150
2289 2457 2403 2522 Quo
2446 2454 2719 2509 vilioribus
2775 2464 2822 2508 et
2881 2454 3419 2508 contumeliosioribus
3484 2458 3655 2508 armis

2079 2527 2315 2584 Christus
2338 2526 2607 2580 diabolum
2638 2526 2787 2588 vicit,
2817 2541 2875 2578 eo
2903 2524 3100 2578 clarior
3144 2537 3189 2577 et
3234 2525 3493 2577 illustrior
3536 2526 3655 2591 ejus

2078 2598 2293 2652 victoria
2325 2606 2424 2659 est,
2458 2597 2606 2663 quasi
2640 2596 2832 2646 athleta
2881 2593 3114 2660 vinctus,
3156 2605 3202 2647 e.‘
3243 2605 3415 2648 tamen
3466 2598 3654 2649 victor.

2080 2667 2157 2720 De
2182 2670 2317 2719 dicto
2350 2665 2502 2719 Pauli
2533 2663 2557 2716 Ι
2601 2664 2835 2719 Coriutlt.
2866 2680 2922 2729 ιι,
2959 2664 3011 2714 ‘2.

2152 2736 2244 2788 151
2306 2736 2379 2791 De
2429 2735 2758 2805 providentia
2786 2734 2879 2787 Dei
2924 2733 3101 2786 omnia
3145 2733 3199 2784 in
3239 2732 3365 2786 cado
3410 2742 3657 2803 terraque

2080 2808 2321 2861 videntis.

2152 2875 2256 2928 152
2291 2876 2363 2928 De
2395 2875 2536 2927 dicto
2567 2872 2903 2927 Salomonis:
2941 2892 2959 2923 «
2990 2868 3327 2942 Longanimis
3350 2873 3427 2925 vir
3454 2874 3658 2928 multus

2080 2946 2133 2997 in
2155 2947 2461 3013 prudentia;
2496 2944 2859 3011 pusillauituus
2876 2943 3218 3013 autemvalde
3245 2944 3491 3000 insipiens
3513 2955 3613 2996 est.
3630 2964 3651 2995 ι

2156 3015 2258 3068 155
2287 3015 2401 3079 Quo
2426 3026 2576 3083 pacto
2603 3014 2991 3083 intelligendum
3016 3012 3082 3064 sit
3121 3013 3253 3064 illud
3275 3013 3395 3066 Jobi
3414 3028 3432 3065 :
3467 3017 3656 3067 «Astra

2088 3101 2190 3139 non
2224 3096 2343 3137 sunt
2376 3085 2571 3136 munda
2607 3085 2660 3135 in
2698 3096 2970 3149 conspectu
3002 3083 3134 3146 eius.
3160 3100 3178 3132 i

2158 3155 2261 3207 154
2289 3153 2483 3207 Christi
2512 3154 2733 3206 adventu
2764 3168 3086 3220 compressus
3119 3164 3371 3219 tyrannus
3408 3153 3657 3207 diabolus

2088 3227 2135 3278 vi
2165 3222 2388 3288 amplius
2414 3239 2515 3277 nou
2544 3232 2707 3290 potest
2752 3238 2933 3275 nocere
2956 3261 2971 3285 ,
3000 3222 3088 3273 sed
3122 3232 3324 3273 tantum
3352 3222 3657 3290 deceptione

2088 3306 2133 3347 et
2190 3294 2396 3362 fraude.
2448 3292 2647 3345 Eorum
2697 3292 2859 3359 igitur
2906 3292 3073 3357 culpa:
3125 3301 3199 3343 est
3258 3293 3652 3358 ascribendum,

2088 3365 2225 3432 quod
2276 3365 2338 3414 ab
2384 3378 2442 3415 eo
2480 3373 2825 3431 superentur,
2867 3364 2956 3431 qui
2990 3377 3046 3414 se
3094 3362 3233 3429 ipsos
3261 3364 3309 3415 ei
3338 3378 3435 3415 sua
3474 3375 3660 3429 sponte

2089 3434 2393 3485 subiiciunt.

2196 3504 2263 3556 56
2315 3502 2453 3565 Quid
2496 3504 2561 3555 sit
2609 3502 2748 3570 apud
2791 3500 3012 3567 Isaiam,
3051 3517 3166 3571 cap.
3214 3518 3304 3555 LI:
3363 3498 3659 3554 «Pocutum

2091 3574 2257 3624 ruina:
2294 3580 2343 3623 et
2373 3572 2513 3624 calix
2546 3572 2760 3638 furoris.
2782 3590 2801 3623 ι

2162 3640 2264 3695 157
2302 3639 2379 3694 De
2402 3658 2556 3695 sensu
2586 3643 2709 3694 dicti
2732 3640 2897 3694 Levii.
2926 3655 3046 3693 ut:
3085 3639 3284 3709 «Super
3308 3640 3448 3693 omni
3476 3642 3659 3693 anima

2092 3721 2302 3764 mortua
2332 3728 2435 3764 non
2462 3713 2834 3780 ingredietur.»
2865 3710 3063 3777 Corpus
3092 3720 3354 3763 mortuum
3388 3727 3476 3762 seu
3499 3711 3662 3761 rada-

2094 3797 2181 3834 ver
2229 3782 2395 3848 ipsum
2443 3797 2533 3846 per
2582 3797 2635 3834 se
2666 3798 2765 3834 non
2803 3792 2875 3833 est
2908 3782 3172 3847 impurum
3194 3818 3209 3842 ,
3240 3796 3399 3846 neque
3428 3782 3615 3846 polluit
3638 3796 3660 3833 .°

2093 3850 2217 3919 quia
2248 3849 2513 3904 naturalia
2552 3860 2701 3903 extra
2729 3851 2937 3916 culpam
2974 3860 3025 3919 et,
3068 3852 3265 3901 crimen
3309 3862 3472 3901 sunt:
3516 3853 3660 3917 quod

2094 3918 2436 3990 probaturAex
2471 3921 2581 3973 loco
2613 3922 2949 3990 reliquiarum
2994 3918 3212 3987 Iosephi
3249 3919 3662 3983 translaturum,

2093 4001 2139 4042 et
2174 3988 2314 4043 dicto
2343 3986 2541 4043 Saloni.

2170 4059 2267 4111 158
2300 4058 2373 4112 De
2402 4061 2537 4112 dicto
2572 4058 2775 4114 Saloni.
2808 4056 3052 4112 l’roverb.
3075 4072 3095 4110 :
3150 4056 3383 4124 «Septies
3412 4058 3551 4109 cadit
3570 4058 3663 4127 ju-

2095 4139 2204 4183 stus
2240 4138 2288 4180 et
2317 4141 2560 4195 resurget.
2586 4147 2605 4178 ι

2170 4198 2270 4251 159
2301 4196 2502 4251 Salutio
2531 4199 2831 4249 antinomia:
2857 4197 3152 4263 apparentis
3182 4199 3317 4248 inter
3334 4195 3477 4248 dicta
3501 4196 3661 4250 Chri-

2098 4269 2200 4321 sti:
2238 4267 2459 4320 «Luceat
2480 4268 2571 4319 lux
2596 4280 2763 4321 vestra
2789 4284 2963 4320 coram
2997 4265 3321 4321 hominibus.
3356 4274 3412 4315 ut
3449 4267 3663 4319 videant

2099 4349 2267 4391 vestra
2300 4340 2431 4389 bona
2494 4352 2668 4403 opera,
2696 4357 2713 4387 ι
2753 4349 2856 4390 etc.
2906 4335 3122 4389 «Cavete
3178 4351 3239 4388 ne
3284 4333 3666 4405 eleemosynam

2099 4420 2319 4462 vestram
2353 4408 2565 4477 faciatis
2603 4423 2777 4460 coram
2823 4406 3169 4459 hominibusa

2160 4521 2243 4573 Ab
2285 4530 2431 4574 recte
2464 4519 2619 4573 factis
2668 4519 2808 4572 absit
2844 4520 3157 4573 ostentatio.

2161 4589 2313 4644 Mens
2339 4591 2621 4643 ambitiosa
2655 4589 2819 4657 pestis
2842 4601 2927 4642 est
2961 4591 3141 4656 operis
3172 4588 3317 4643 boni.

2164 4659 2234 4713 Ut
2271 4671 2425 4714 noete
2458 4660 2509 4712 in
2537 4663 2765 4712 obscura
2798 4661 2997 4711 micare
3028 4660 3114 4711 fax
3157 4662 3313 4725 solet,

2166 4730 2257 4784 Sic
2288 4730 2451 4798 tttlget
2477 4740 2532 4781 et
2568 4730 2737 4798 virtus
2766 4729 2934 4798 latere
2963 4730 3168 4785 nescia.

2164 4796 2462 4867 Conferep.
2504 4797 2608 4851 29.7
2638 4798 2736 4867 inf.
2765 4801 2818 4851 lt.
2854 4796 2893 4851 l.

2165 4913 2269 4966 160
2306 4912 2576 4979 Expositio
2602 4912 2728 4964 dicti
2761 4909 3001 4984 Ezechiel
3036 4927 3128 4965 xl:
3172 4912 3451 4983 «Auferam
3485 4914 3551 4967 ab
3587 4917 3669 4984 ip-

2096 4983 2167 5037 sis
2201 4999 2290 5036 cor
2321 4984 2603 5055 lapideum,
2634 4992 2681 5035 et
2712 4983 3009 5055 dabo__ipsis
3044 4999 3134 5034 cor
3164 5000 3437 5036 corneum»
3466 5000 3485 5036 :
3526 4983 3667 5055 quod

2098 5062 2315 5122 utraque
2345 5053 2408 5105 de
2446 5052 2627 5105 habitu
2650 5061 2699 5103 et
2732 5051 3000 5121 qualitate,
3039 5069 3142 5105 non
3170 5057 3233 5107 de
3260 5051 3556 5108 substantia
3586 5056 3669 5109 iu-

2099 5123 2376 5190 telligenda
2417 5124 2540 5176 sint.

2174 5194 2269 5247 161
2325 5193 2398 5245 De
2423 5195 2562 5244 dicto
2606 5190 2850 5245 I’roverb.
2880 5208 2898 5245 .'
2950 5192 3160 5245 «Astitit
3190 5193 3243 5245 in
3273 5194 3413 5246 omni
3448 5192 3532 5247 via
3565 5209 3672 5247 non

2103 5265 2273 5324 bona;
2296 5273 2376 5314 iet
2399 5263 2490 5316 illo
2521 5263 2705 5329 psalmi
2736 5276 2931 5314 XLVIII:
2964 5264 3185 5316 «Anima
3213 5264 3326 5330 ejus
3354 5265 3411 5315 in
3436 5263 3541 5315 vita
3571 5279 3673 5315 sua

2102 5334 2448 5385 benedicetur.
2482 5330 2810 5399 Ingredietur
2825 5334 2961 5384 enim
2982 5334 3033 5383 iu
3054 5334 3435 5401 generationem
3455 5342 3673 5396 patrum

2102 5419 2335 5466 suorum,
2362 5421 2379 5453 ι
2414 5413 2517 5455 etc.
2543 5401 2799 5467 Corrupta
2822 5403 3088 5453 hominum
3102 5402 3305 5469 judicia
3332 5416 3466 5467 εινρε
3494 5405 3674 5454 beatos

2102 5474 2387 5541 praedicant
2419 5474 2505 5539 qui
2555 5487 2727 5541 revera
2769 5481 2887 5522 sunt
2926 5472 3132 5534 miseri,
3171 5481 3221 5522 et
3250 5481 3453 5524 contra.

2178 5543 2280 5595 162
2340 5541 2516 5610 Agnus
2544 5539 2820 5594 Paschalis
2862 5542 2999 5610 μετὰ.
3028 5541 3263 5609 σπουδῆς
3297 5540 3667 5593 comedendus.

2107 5612 2352 5670 Studium
2377 5620 2452 5663 est
2476 5612 2609 5661 actio
2641 5622 2761 5663 ante
2797 5613 3068 5663 actionem.

2180 5682 2279 5735 165
2322 5680 2623 5749 Disputatio
2658 5681 2875 5751 insignis
2904 5691 3082 5736 contra
3114 5679 3353 5749 Origenis
3387 5678 3576 5747 dogma
3608 5679 3679 5734 ds
