3890 6134
249 313 339 377 161

243 432 415 481 anima
440 465 456 488 ,
500 442 655 491 quam
713 425 913 479 volebat
946 440 1181 492 peccasse
1209 435 1483 495 antequam
1523 444 1577 480 in
1615 444 1799 496 corpus

240 498 632 552 demitteretur:
663 496 720 548 in
745 513 927 562 corpus
956 507 1126 548 autem
1169 511 1330 562 ptume
1381 496 1583 549 luendi?
1637 514 1799 549 causa

241 572 504 619 detrusam
549 582 679 619 esse.
732 564 926 618 Contra
977 566 1121 617 docet
1170 564 1409 618 Isidorus
1460 567 1801 619 orthodoxam

240 652 349 688 esse
386 637 714 687 sententiam.
766 633 942 689 Luctte
977 647 1026 687 et
1062 635 1359 688 certaminis
1406 651 1565 687 causa
1608 651 1699 687 nos
1742 636 1804 687 'in

241 709 343 757 vita
384 706 481 757 hac
511 706 795 769 constitui,
842 716 894 756 ut
940 720 1001 756 ea
1036 711 1168 756 recte
1211 719 1391 757 exacta
1436 705 1663 769 prwiitiis
1711 721 1805 772 po-

240 786 456 825 ιιαηιητ.

308 843 413 896 164
439 841 749 895 Diabolicus
776 842 965 907 abusus
993 842 1121 894 dicti
1151 841 1317 907 psalm
1347 855 1411 895 xc
1432 858 1465 894 a
1488 838 1699 895 Christo
1723 858 1805 897 re-

237 915 539 980 prehensus,
577 912 764 964 Matth.
800 926 871 980 iv.

309 982 412 1035 165
458 981 528 1035 1η
566 981 760 1033 dictum
793 979 987 1033 Christi
1033 983 1095 1031 de
1119 981 1432 1048 virginitate.
1468 979 1660 1032 Matth.
1687 995 1803 1041 xu,

240 1051 296 1103 1|
346 1069 360 1103 :
421 1052 577 1104 «Non
648 1067 821 1103 omnes
883 1052 1089 1117 capiunt
1135 1050 1273 1101 hunc
1332 1064 1657 1112 sermonem,
1716 1052 1805 1103 sed

236 1123 421 1188 quibus
446 1123 629 1172 datum
657 1131 753 1172 est.
768 1138 786 1170 ι

311 1192 412 1242 166
445 1191 521 1242 De
548 1192 687 1241 dicto
718 1187 897 1248 Pauli,
929 1186 1127 1242 Coloss.
1176 1202 1230 1246 ιι,
1287 1185 1354 1239 17
1397 1202 1410 1238 :
1457 1202 1476 1235 ι
1511 1183 1573 1237 1η
1598 1184 1804 1241 Christo

238 1260 440 1311 habitat
477 1260 644 1310 omnis
674 1259 937 1323 plenitudo
986 1256 1273 1309 divinitatis
1316 1255 1673 1320 corporaliter,
1704 1276 1722 1307 υ
1750 1257 1804 1309 id

236 1338 309 1382 est
332 1328 699 1380 essentia/iter.
734 1325 1087 1379 Memorabilis
1113 1324 1326 1393 epistola
1353 1335 1532 1376 contra
1557 1325 1803 1379 Arianos.

307 1398 408 1450 167
442 1398 673 1449 Danielis
699 1406 745 1448 et
774 1398 1027 1448 sociorum
1057 1396 1170 1461 ejus
1200 1394 1452 1461 sapientia
1481 1395 1806 1461 incompara-

238 1467 353 1519 bilis
386 1467 640 1532 superbiae
664 1465 1075 1533 Babyloniorum
1113 1482 1146 1516 a
1186 1467 1297 1516 Deo
1324 1463 1576 1533 opposita.

308 1536 412 1588 168
449 1528 535 1587 'De
580 1535 716 1586 dicto
752 1528 951 1597 Pauli,
1018 1533 1176 1587 llebr.
1236 1548 1303 1594 ι,
1356 1528 1477 1584 ἓὸε
1529 1548 1546 1579 t
1585 1528 1802 1585 Gravius

237 1608 522 1673 punientur
539 1605 621 1671 qui
641 1614 866 1668 tempore
888 1606 1073 1671 gratia:
1087 1616 1295 1673 peccant
1318 1601 1393 1673 vel
1412 1601 1477 1651 ad
1500 1599 1629 1652 bona
1647 1618 1805 1668 opera

237 1670 414 1743 segnes
456 1670 599 1735 sunt,
627 1689 780 1742 quam
807 1670 899 1743 qui
922 1674 1044 1743 olim
1085 1671 1178 1723 sub
1217 1670 1323 1743 lege
1355 1670 1618 1743 fuerant_.s_

306 1746 413 1796 169
454 1739 724 1809 Expositio
764 1741 887 1793 dicti
922 1739 1156 1794 Christi:
1196 1739 1375 1792 «Beati
1415 1739 1640 1806 paciﬁci,
1672 1755 1801 1808 quo-

237 1814 378 1867 niam
420 1814 519 1879 filii
552 1811 643 1864 Dei
673 1811 1047 1863 vocabuntura
1300 1860 1303 1863 η

306 1878 427 1935 170⁷
458 1881 567 1933 Lex
596 1881 828 1950 qualium
863 1891 1185 1946 peccatorum
1229 1879 1578 1950 remissionem
1602 1878 1804 1931 dederit

235 1970 325 2019 per
347 1948 633 2017 sacriﬁcia,
670 1950 853 2019 qualia
881 1965 997 2002 vero
1024 1961 1185 2001 morte
1214 1948 1488 2019 puniverit.

309 2021 406 2073 171
457 2015 781 2071 Nihilrecte
830 2018 1000 2085 facere
1051 2033 1323 2085 possumus
1387 2016 1578 2084 absque
1628 2015 1803 2071 divino

237 2091 461 2143 auditio.
500 2088 567 2141 Id
616 2100 788 2142 autem
825 2086 1130 2152 facientibus
1159 2086 1340 2139 sedulo
1361 2086 1497 2155 quod
1530 2088 1582 2136 in
1617 2103 1669 2139 se
1699 2096 1802 2150 est,

241 2176 510 2229 nunquam
555 2169 630 2210 est
668 2157 991 2229 defuturum.

306 2223 411 2281 172
450 2223 886 2281 Commemoratio
938 2225 1311 2291 praeclarorum
1354 2223 1646 2292 facinorum
1689 2240 1804 2278 ma-

237 2315 388 2367 gnam
424 2300 525 2367 vim
556 2297 624 2349 ad
662 2296 960 2367 excitandos
1001 2296 1204 2367 animos
1239 2295 1428 2367 habet.
1470 2294 1476 2315 ’

306 2368 411 2420 175
458 2364 582 2418 Non
612 2374 809 2434 oportet
842 2364 916 2418 vel
943 2364 1011 2415 ad
1050 2364 1274 2431 gratiam
1303 2363 1555 2434 laudare,
1608 2363 1686 2417 vel
1734 2365 1803 2417 ad

240 2440 422 2489 odium
455 2433 781 2503 vituperare;
821 2434 910 2487 sed
941 2448 1067 2503 vero
1085 2450 1313 2501 sonoque
1333 2433 1541 2501 judicio
1571 2437 1669 2495 uti,
1705 2437 1803 2485 nisi

240 2510 351 2574 quis
396 2508 516 2559 velit
552 2504 657 2557 dici
685 2505 890 2574 ingenio
916 2502 1089 2574 servili
1113 2505 1363 2569 prtedt'tus
1389 2544 1404 2567 ,
1439 2507 1513 2557 vel
1547 2507 1705 2558 etiam
1750 2505 1802 2556 in

238 2572 484 2644 pecorum
502 2589 779 2644 numerant
796 2572 999 2641 referri.

311 2645 413 2697 174
460 2643 617 2696 [lecte
645 2644 709 2695 de
744 2641 850 2695 Deo
879 2643 1069 2694 sentire
1092 2679 1108 2704 ,
1165 2656 1365 2692 summa
1394 2652 1467 2694 est
1523 2643 1800 2707 sapientia,

241 2718 435 2781 optima
471 2721 611 2765 actio
638 2724 681 2764 et
721 2714 825 2765 vita
865 2728 897 2763 a
943 2713 1079 2762 vitiis
1118 2712 1397 2781 abstinens
1427 2753 1440 2774 ,
1472 2713 1799 2763 dioinissima

238 2779 312 2838 est
350 2784 599 2837 scientia.
636 2780 732 2833 llis
766 2798 813 2833 v.
834 2782 1080 2831 destituta
1106 2779 1368 2845 ἐυγλωτία
1395 2796 1473 2833 res
1501 2782 1671 2835 inanis
1704 2790 1800 2832 est.

306 2854 412 2908 175
444 2852 595 2920 Stepe
624 2854 676 2904 in
710 2866 767 2903 eo
802 2851 905 2902 sita
937 2852 1099 2920 esttsi
1127 2849 1456 2903 succumbere
1485 2852 1756 2902 videamur
1781 2864 1801 2910 ;

240 2924 450 2993 injuria:
479 2918 739 2993 patienter
767 2920 996 2988 ferenda:
1019 2918 1331 2993 Christianis
1355 2935 1372 2970 .'
1398 2921 1583 2993 quibus
1608 2930 1801 2993 quanto

239 2989 441 3062 majora
472 2989 739 3069 proposita
774 3002 891 3042 sunt
920 2989 1163 3057 prtemia,
1202 2997 1345 3041 tanto
1379 2990 1595 3040 duriora
1633 2989 1801 3054 impo-

240 3074 438 3115 nuntur
475 3072 784 3115 certamina.

315 3135 414 3185 176
459 3132 668 3198 Moyses
708 3144 867 3193 quare
931 3126 1595 3198 legislationiprtcmiserit
1635 3127 1799 3181 histo-

243 3206 374 3256 riam
403 3196 683 3255 creationis
713 3198 975 3260 mundi,et
1011 3199 1074 3248 de
1098 3196 1325 3263 prtemiis
1340 3198 1542 3259 piorum
1565 3213 1626 3248 ac
1641 3201 1802 3265 poenis

240 3276 521 3340 impiorum
551 3311 566 3334 ,
608 3270 840 3340 videlicet
874 3267 1153 3340 atanimos
1183 3267 1278 3317 hac
1308 3268 1506 3317 ratione
1535 3270 1601 3317 ad
1634 3268 1806 3340 susci-

239 3336 555 3411 pieiidoniet
584 3338 900 3411 implendam
933 3336 1093 3411 legem
1117 3343 1435 3411 prtepararet
1458 3343 1507 3411 et
1530 3338 1801 3389 excitaret.

310 3412 407 3465 177
452 3409 521 3463 Ut
548 3410 926 3476 persuadeatur
958 3406 1188 3476 auditori
1230 3420 1331 3456 non
1373 3414 1447 3455 est
1482 3407 1535 3455 in
1575 3417 1802 3471 oratore,

242 3487 328 3534 sed
366 3484 418 3534 in
468 3474 712 3532 auditore
757 3477 915 3528 situm
939 3489 957 3526 :
997 3474 1313 3544 proindeque
1358 3476 1403 3524 si
1434 3482 1614 3544 orator
1638 3514 1653 3537 ,
1685 3491 1803 3526 cum

241 3568 413 3602 omnia
441 3550 531 3620 qui
575 3557 624 3600 et
675 3554 729 3620 ut
771 3546 967 3620 debuit,
995 3542 1195 3620 fecerit,
1237 3552 1535 3620 non-tamen
1565 3542 1682 3620 fine
1711 3561 1804 3620 suo

241 3612 553 3685 potitus'sit,
592 3615 737 3685 nulla
764 3615 817 3666 in
856 3617 969 3685 ipso
1009 3612 1172 3685 culpa
1188 3623 1287 3676 est,
1316 3613 1542 3680 nihilque
1580 3614 1682 3672 ipsi
1710 3615 1809 3666 im-

240 3681 413 3755 putari
444 3697 637 3758 potest.
670 3683 871 3758 Confer
885 3684 1037 3750 epist.
1056 3681 1193 3758 .205.

310 3759 409 3810 178
437 3750 653 3809 illustre
678 3750 964 3805 encamiuni
1002 3751 1285 3805 Abrahami
1334 3751 1442 3819 qui,
1485 3750 1609 3801 dum
1635 3750 1807 3819 ﬁliuni

240 3825 487 3880 Isaacum
523 3836 750 3878 mactare
780 3824 1017 3890 paravit,
1058 3833 1299 3871 naturam
1338 3835 1503 3888 ipsam
1533 3820 1806 3874 debellavit

235 3907 285 3949 et
322 3896 665 3965 triumphavit
691 3931 706 3954 ,
739 3893 791 3944 in
824 3893 1013 3965 ctelesti
1067 3896 1265 3942 theatro
1311 3890 1473 3941 victor
1516 3906 1549 3941 a
1598 3890 1707 3943 Deo
1752 3902 1800 3943 et

240 3967 403 4018 beatis
442 3963 695 4017 aientibus
728 3963 1077 4013 renuntiatus.

314 4037 415 4089 179
454 4031 705 4101 Exemplo
734 4029 926 4083 Christi
963 4032 1219 4098 patienter
1247 4026 1471 4101 ferendae
1509 4038 1629 4101 sunt
1658 4027 1810 4101 Clin}

240 4106 425 4157 stianis
451 4096 685 4171 injuriae.
718 4096 1186 4169 Augeturtnjuria
1211 4109 1275 4150 ea:
1300 4096 1553 4164 dignitate
1580 4097 1693 4166 ejus
1724 4097 1809 4151 cui

238 4185 484 4227 intertur.

296 4181 691 4296 [:Qll‘rChristus
717 4240 901 4292 merito
926 4235 1245 4306 reprehendit
1280 4234 1522 4306 feminas,
1543 4252 1596 4306 _aA
1625 4238 1808 4306 quibus

235 4316 480 4382 passione
510 4328 606 4364 saa
636 4311 941 4382 deflebatur.
978 4304 1169 4375 Confer
1188 4320 1267 4373 ep.
1297 4306 1398 4358 166
1422 4318 1470 4357 ει
1495 4304 1599 4358 285
1625 4304 1717 4363 lib.
1749 4323 1806 4371 II,

236 4395 282 4436 et
320 4398 402 4443 ep.
443 4383 507 4435 97
548 4397 609 4433 ac
648 4382 748 4433 128
789 4381 841 4430 h.
874 4381 910 4432 t.
953 4392 1024 4429 iv.

309 4442 409 4504 181
461 4452 803 4518 Quadruplex
844 4446 1203 4513 interpretatio
1230 4442 1357 4518 dicti
1386 4443 1577 4518 Christi
1605 4457 1624 4495 :
1660 4442 1809 4497 «No-

238 4520 331 4574 lite
355 4513 541 4573 sancta
580 4513 705 4572 dare
739 4521 977 4580 canibus,
1027 4530 1185 4583 neque
1218 4513 1460 4582 projicite
1494 4522 1809 4579 margaritas

239 4601 437 4644 vestras
466 4601 586 4641 ante
607 4605 816 4655 porcos,
845 4587 1117 4656 nequando
1144 4590 1441 4636 concutcent
1476 4596 1564 4635 eas
1589 4585 1804 4647 pedibus

241 4664 369 4725 suis,
404 4674 452 4713 et
491 4660 723 4712 conversi
756 4660 979 4709 lacerent
1009 4670 1116 4706 vos.
1158 4671 1175 4703 ›

309 4722 410 4784 182
447 4729 786 4782 Psalmorum
828 4727 1041 4779 Davidis
1082 4723 1241 4776 varice
1278 4722 1640 4789 inscriptiones
1684 4723 1810 4789 quid

242 4800 331 4850 sibi
371 4800 548 4852 velint.

312 4870 415 4922 185
449 4870 527 4920 De
556 4866 661 4919 Deo
690 4864 942 4934 rebusque
961 4862 1153 4934 divinis
1185 4876 1288 4913 non
1321 4868 1519 4927 oportet
1544 4875 1807 4928 quterere.‘

249 4934 514 5000 Quomodo
534 4941 559 4993 ?
585 4935 781 5002 Confer
812 4932 891 5003 ep.
927 4932 1029 4985 476
1057 4932 1216 5003 ηιμ).

316 5008 415 5061 184
444 4999 924 5074 Ιηψνοὺἴρωηὶιηι
972 5018 1073 5074 non
1105 5000 1381 5074 effugient,
1424 5000 1529 5074 imo
1562 4999 1808 5074 fugiendo

246 5074 351 5140 fata
377 5067 676 5135 incurrunt,
710 5067 862 5139 seque
895 5076 949 5124 in
972 5073 1077 5124 suis
1100 5067 1368 5137 implicant
1407 5068 1616 5120 retibus.
1657 5067 1807 5131 Quod

246 5144 394 5198 Joabi
417 5150 653 5212 exempto
688 5148 958 5209 probatur.

314 5216 415 5269 185
447 5206 762 5281 Objiirgaiio
793 5212 1015 5263 hominis
1058 5210 1385 5281 injuriarumq
1414 5207 1697 5281 tenacis__et
1740 5206 1806 5257 ad

245 5276 640 5338 condonandum
665 5282 785 5332 illas
809 5280 1052 5347 difﬁcilis,
1076 5276 1191 5330 cum
1216 5288 1341 5330 esset
1373 5279 1425 5327 in
1449 5276 1675 5340 pecuniis
1700 5292 1810 5347 ero-

245 5356 421 5421 gandts
451 5351 711 5405 liberalis.
758 5350 819 5403 Si
849 5346 946 5400 non
973 5350 1215 5421 remittis,
1250 5363 1353 5397 non
1377 5349 1664 5421 remittetur
1691 5346 1803 5396 tibi.

246 5416 494 5477 liemissio
525 5422 759 5473 hominis
790 5424 986 5471 veniam
1014 5421 1149 5485 apud
1176 5416 1340 5467 Deum
1370 5416 1525 5480 parit.

317 5496 415 5546 186
461 5491 607 5544 Ordo
644 5503 825 5540 rerum
869 5481 1153 5538 creatarum
1197 5494 1445 5536 convtnCit
1480 5499 1587 5535 esse
1621 5481 1804 5543 Deum,

248 5563 358 5630 ejus
391 5562 589 5613 ordinis
616 5570 909 5619 auctorem,
940 5571 1033 5607 non
1052 5558 1231 5617 oculis,
1258 5559 1342 5605 sed
1375 5556 1546 5604 animo
1576 5564 1803 5603 contem-

247 5635 673 5764 P‘ainéll‘ﬁuerela
723 5695 791 5748 de
830 5693 1153 5759 perversitate
1199 5692 1458 5744 hominum
1486 5730 1499 5754 ,
1536 5692 1705 5742 omnia
1738 5692 1803 5741 ad

1368 316 1923 377 PROLEGOMEN’A
1960 316 2159 378 EDIT.
2198 319 2441 377 PARIS.

3361 321 3464 383 162

1906 430 2143 499 virtutem
2168 431 2470 499 adiumenta
2491 439 2537 482 et
2571 437 2771 481 natura:
2800 439 2845 480 et
2872 431 3055 498 gratia:
3078 431 3464 498 neg’iqentiuin.

1976 500 2077 551 188
2111 498 2418 568 Objarqatio
2465 500 2821 551 archidiaconi
2871 503 3016 552 avari
3064 512 3110 553 et
3162 501 3466 569 Simoniaci,

1904 579 2059 635 atque
2090 572 2157 621 ad
2201 570 2432 637 ofﬁcium
2466 570 2744 620 revocatio.

1976 637 2077 690 189
2123 636 2387 691 Christum
2410 639 2671 709 immerito
2720 636 3000 703 culpabant
3031 638 3289 693 Pliaristvi
3320 648 3462 709 quod

1903 719 2282 759 convesceretur
2328 706 2618 773 publicanis
2669 716 2715 760 et
2754 711 3130 775 peccatoribus.
3180 706 3363 765 Gratia
3392 723 3466 766 est

1904 792 2062 841 supra
2098 776 2278 838 legem.

1978 844 2073 898 191
2126 843 2418 898 Vitiositate
2442 844 2686 897 laborans
2708 860 2798 898 nec
2825 846 3036 899 liberari
3072 849 3268 911 volens,
3301 850 3466 903 alios-

1903 916 2250 989 que‘insuper
2300 930 2361 966 ea
2404 917 2649 989 liberatos
2678 924 2733 965 ut
2762 916 2973 989 miseros
3008 917 3307 989 deplorans,
3358 922 3468 989 ipso

1904 983 2187 1057 deploratae
2217 994 2289 1057 est
2310 984 2574 1057 _sanitatis
2606 992 2653 1035 et
2685 983 3132 1057 commiseratione
3172 990 3380 1057 dignus.

1977 1051 2081 1124 192
2124 1050 2401 1124 virginitas
2436 1054 2769 1117 praestantior
2799 1064 2878 1107 est
2918 1055 3179 1124 confugio.

1978 1120 2272 1193 virginitas
2301 1121 2731 1193 cwlum,_terras
2768 1120 3031 1177 connubia
3070 1120 3276 1193 replent
3307 1142 3323 1177 :

2038 1190 2227 1244 Utrum
2260 1189 2474 1262 borum,
2511 1191 2743 1262 dubitas,
2775 1193 2843 1245 sit
2870 1193 3108 1248 bonitate
3131 1189 3330 1262 prius?

1906 1258 1966 1314 Si
1994 1267 2163 1311 tamen
2194 1275 2367 1312 omnes
2406 1260 2636 1330 homines
2662 1262 3010 1329 virginitatem
3048 1258 3347 1330 perpetuam
3375 1283 3467 1319 co-

1906 1329 2091 1390 lerent,
2140 1342 2292 1396 atque
2328 1346 2360 1379 a
2407 1329 2741 1382 matrimonio
2783 1329 3129 1395 abstinerent,
3178 1335 3312 1388 brevi
3346 1337 3468 1390 inde

1904 1409 2299 1473 consecuturum
2321 1413 2455 1473 esse,
2484 1398 2673 1473 scribit
2691 1398 2891 1473 Ranlus
2917 1399 3270 1473 Silentiarius,
3295 1416 3350 1457 ut
3379 1423 3466 1473 ge-

1907 1483 2002 1518 nus
2035 1466 2322 1538 humanum
2348 1466 2962 1538 interireteEpigramtna
2986 1470 3098 1538 ejus
3124 1466 3468 1528 ascribam'ex

1904 1536 2237 1605 Antliolugite
2266 1537 2357 1588 lib.
2387 1553 2421 1599 I,
2450 1539 2532 1589 tit.
2567 1537 2633 1589 15
2661 1536 2743 1589 sla
2765 1539 2962 1607 γάμον.

1904 1627 2061 1681 Καλὰ
2080 1628 2146 1698 τὰ
2169 1627 2462 1698 παρθενίης
2490 1628 2769 1697 κειμήλια·
2802 1629 3064 1698 παρθενίη
3096 1630 3154 1683 δὲ

1977 1698 2077 1770 Τὸν
2102 1697 2212 1770 βίον
2237 1680 2685 1770 ᾧλεσεῗᾶνητέᾶᾶι
2720 1680 3113 1770 φυλαξέτὲμέὺήξ

1907 1766 2170 1843 Τοζδ-νεδεεν
2192 1767 2689 1843 ὲγθέσμῳς-ᾄλοχον
2730 1769 2895 1843 ξςάϐξς
2929 1766 3164 1843 καί-τὲνα
3196 1772 3384 1843 κόσμῳ

1968 1837 2063 1898 Δὸς
2089 1836 2277 1906 βροτὸν
2292 1838 2409 1889 ἀντὶ
2436 1837 2587 1889 σέθεν
2604 1853 2617 1866 ⁶
2658 1837 2823 1906 φεῦγε
2843 1838 2897 1890 δὲ
2918 1838 3275 1911 μαχλοσύνην.

1977 1922 2087 1978 Hoc
2118 1934 2200 1977 est

1913 1993 2201 2063 Virginius
2219 1994 2447 2063 pretiosa
2478 1997 2693 2063 quidem
2711 2005 2794 2049 est
2816 2010 2921 2051 res.
2953 1997 3148 2051 Verum
3170 2015 3229 2051 ea
3254 2002 3465 2058 cunctis

1977 2062 2227 2116 Servala’
2260 2065 2555 2135 humanum
2585 2065 2832 2131 perderet
2862 2082 3021 2120 omne
3068 2083 3258 2135 guttus.

1909 2130 2138 2203 Uxorem
2175 2147 2343 2203 quare
2374 2134 2479 2186 duc
2518 2130 2637 2196 rite,
2667 2136 2890 2203 orbique
2915 2130 3150 2189 vicissim

1977 2200 2079 2272 Pro
2119 2211 2169 2256 te
2201 2202 2296 2255 des
2344 2203 2631 2272 hominem,
2670 2200 3089 2272 spurcitiemque
3132 2207 3276 2272 finge.

1912 2268 2031 2341 γει,
2048 2272 2094 2324 si
2118 2275 2281 2323 mavis
2307 2271 2468 2324 aliam
2514 2268 3117 2341 interpretationem—viri
3148 2268 3305 2330 amici
3336 2293 3355 2330 :

1903 2338 2093 2409 Nobile
2136 2340 2415 2409 virginitas
2446 2338 2657 2394 donum
2686 2353 2767 2395 est
2794 2363 2806 2396 :
2845 2342 3015 2397 fetura
3048 2346 3140 2399 sed
3173 2347 3359 2401 urbem

1973 2408 2036 2462 Ni
2072 2408 2300 2478 supplet,
2355 2411 2458 2481 vita
2506 2411 2690 2465 caelibe
2724 2413 2827 2464 vita
2877 2414 3037 2481 perit.

1906 2476 2043 2549 Ergo
2085 2476 2373 2549 netjuiliazn
2408 2480 2611 2548 fugiens
2646 2481 2737 2535 tibi
2769 2476 2938 2546 deliige
2978 2491 3220 2549 nuptam,

1971 2548 2039 2603 Ut
2086 2548 2282 2602 mundo
2324 2550 2494 2615 possis
2534 2550 2755 2605 reddere
2785 2553 2933 2618 prole
2964 2552 3155 2606 vicem.

1980 2619 2051 2671 De
2082 2618 2478 2697 comparatione
2522 2630 2721 2697 uutem__
2754 2622 3077 2691 virginitatis
3126 2634 3181 2677 et
3228 2623 3462 2697 coniugii

1902 2687 2051 2757 pluru
2098 2690 2270 2741 dicunt
2304 2690 2354 2740 in
2384 2689 2828 2743 Annotatonibus.

1974 2778 2076 2830 193
2112 2776 2177 2829 In
2208 2778 2357 2856 rebus
2386 2778 2743 2843 spiritualibus
2774 2780 2939 2849 (secus
2969 2797 3123 2849 quam
3138 2784 3201 2856 _i_i_i
3230 2786 3467 2856 terrenis)

1902 2856 2152 2916 quantuni
2194 2848 2459 2923 volumus,
2490 2858 2693 2923 tantum
2716 2860 2761 2900 et
2792 2848 3087 2923 possumus.
3120 2848 3467 2923 Alfleemosyna

1904 2933 2005 2968 non
2046 2932 2109 2968 ea:
2142 2918 2294 2967 modo
2321 2918 2453 2975 dati,
2483 2922 2569 2968 sed
2601 2933 2663 2968 ex
2687 2922 2948 2983 proposito
2968 2921 3130 2972 animi
3153 2918 3466 2975 testimanda

1900 2995 2020 3056 est,_
2056 2986 2286 3056 exemplo
2327 2984 2521 3037 Christi
2558 2987 2621 3038 de
2666 2990 2820 3039 vidua
2847 2988 2949 3039 duo
2979 2989 3182 3042 minuta
3216 2991 3464 3056 offerente

1899 3054 2210 3121 judicantis.

1980 3123 2082 3196 1921
2115 3122 2451 3196 lit/micorum
2482 3124 2683 3196 vanitas
2723 3124 2945 3190 seipsam
2997 3128 3181 3196 refelli.
3261 3127 3466 3183 Fabula

1906 3194 1970 3244 de
2017 3193 2252 3260 Apolline
2298 3202 2495 3244 castam
2543 3192 2767 3261 puellam
2813 3200 3011 3262 frustra
3050 3192 3366 3253 sollicitante
3397 3202 3466 3251 ad

1906 3273 2141 3330 stuprum
2161 3262 2222 3330 iri
2256 3264 2487 3313 musicae.

1983 3329 2085 3384 195
2108 3329 2264 3402 ΑΗιιτν
2285 3333 2388 3382 vita
2416 3340 2490 3382 est
2517 3332 2879 3395 certaminum,
2915 3334 3078 3386 altera
3110 3337 3470 3402 praemiorum.

1909 3398 2407 3473 Periculosissimum
2445 3412 2615 3473 autent
2666 3413 2737 3452 est
2770 3404 3038 3470 affectibus
3084 3398 3465 3473 nepa-turba-

1906 3470 2133 3523 tionibus
2170 3470 2329 3521 animi
2378 3472 2723 3523 succumbere.

1976 3542 2077 3593 196
2126 3538 2331 3607 lnjuria
2360 3555 2459 3590 non
2491 3551 2562 3591 est
2589 3540 2831 3606 patientis
2858 3541 2946 3592 sed
2980 3542 3239 3609 facientis.
3297 3542 3469 3598 Nemo

1907 3610 2006 3681 nisi
2033 3626 2064 3659 a
2099 3610 2372 3681 semetipso
2406 3611 2633 3681 ltutlitur,
2657 3609 2872 3681 _Christi
2901 3613 3186 3676 exemplum
3230 3615 3296 3663 ad
3327 3616 3469 3681 inju-

1906 3679 2107 3748 riarutn
2130 3679 2458 3748 tolerantiam
2480 3681 2529 3729 in
2550 3678 2693 3729 nobis
2711 3680 3018 3746 gignendum
3040 3678 3466 3748 efficacissimum

1905 3758 2001 3801 est.
2037 3746 2228 3813 Confer
2254 3762 2334 3813 ep.
2370 3747 2471 3799 179
2502 3748 2553 3800 lt.
2586 3748 2674 3799 lib.

1980 3817 2078 3869 197
2117 3815 2287 3885 Homo
2324 3818 2585 3883 improbus
2618 3818 2669 3868 in
2700 3834 2795 3868 sua
2819 3818 3146 3885 improbitate
3180 3835 3280 3870 non
3305 3818 3466 3884 adju-

1908 3883 2264 3955 vandusJVon
2280 3886 2416 3937 idem
2433 3886 2683 3953 indigenis
2696 3889 2831 3954 quod
2849 3883 3033 3940 eiteris
3050 3883 3466 3955 permittendum.

1982 3955 2082 4007 198
2107 3952 2181 4024 De
2206 3955 2524 4007 institutione
2547 3952 2791 4018 Persica,
2818 3966 2865 4006 et
2889 3958 2950 4007 de
2964 3952 3311 4024 jurejurando
3331 3958 3467 4023 quod

1908 4023 2311 4093 dabant‘l’erste
2342 4040 2457 4075 cum
2492 4024 2559 4076 ad
2590 4025 2786 4077 virilem
2812 4034 3016 4078 tetatem
3051 4023 3417 4093 pervenissent.

1980 4095 2081 4147 199
2110 4090 2174 4144 In
2201 4093 2381 4160 fittura
2407 4095 2509 4144 vita
2544 4109 2848 4162 concurrere
2875 4090 3110 4162 poterunt
3138 4098 3467 4147 craciatuum

1909 4164 2222 4215 vehementia
2247 4175 2291 4214 et
2315 4162 2547 4213 duratio.
2578 4161 2644 4214 In
2672 4164 2767 4215 hac
2796 4161 2895 4216 non
2924 4165 3043 4216 item
3068 4180 3087 4228 ;
3116 4168 3295 4231 inqua
3324 4164 3461 4217 illud

1908 4237 2079 4298 potius
2107 4232 2275 4303 valet_,
2315 4232 2452 4300 quod
2493 4232 2555 4283 de
2580 4233 2757 4285 dolore
2797 4246 2869 4285 est
2898 4233 3117 4286 relatunt
3149 4236 3289 4303 apud
3324 4235 3470 4286 Cice-

1910 4315 2106 4354 ronem.
2168 4320 2186 4350 (
2215 4300 2271 4353 Si
2306 4317 2520 4367 magnus
2564 4303 2725 4353 brevis
2750 4316 2768 4353 :
2802 4305 2846 4354 si
2885 4302 3067 4369 longus
3096 4300 3239 4357 levis.
3284 4304 3487 4365 (μανι-⁸

1909 4386 2064 4438 quam
2088 4372 2211 4438 quid
2238 4380 2399 4437 potest
2429 4386 2539 4422 esse
2563 4373 2615 4423 in
2647 4377 2742 4424 hac
2776 4376 2877 4425 vita
2910 4374 3118 4441 longunt
3153 4385 3241 4425 aut
3266 4374 3470 4424 diutur-

1914 4455 2033 4490 num
2055 4479 2069 4501 ,
2098 4456 2213 4492 cum
2247 4442 2300 4492 in
2336 4441 2448 4507 ipsa
2475 4441 2541 4491 sit
2573 4442 2733 4493 brevis
2757 4442 2809 4492 2»

1979 4507 2084 4561 200
2144 4511 2226 4562 Ne
2269 4510 2322 4561 in
2364 4510 2507 4561 bellis
2549 4510 2751 4578 quidem
2776 4521 3080 4578 perpetrata
3122 4512 3285 4563 credes
3323 4511 3466 4563 omni

1911 4592 2045 4655 noxa
2091 4590 2263 4631 carent
2288 4617 2303 4639 ,
2337 4590 2543 4645 propter
2564 4596 2815 4630 summam
2846 4597 2947 4647 qua
2981 4584 3117 4632 inter
3152 4596 3325 4632 omnes
3367 4581 3466 4632 lio-

1909 4651 2071 4698 ηιὶηεσ
2094 4660 2165 4699 εει
2200 4658 2404 4699 natura:
2434 4651 2720 4699 εοηιηηιηὶδ
2758 4656 3149 4701 devinctionem.

1976 4718 2073 4770 201
2119 4715 2445 4769 Resurrectio
2474 4719 2628 4769 etiam
2670 4733 2943 4785 corporum
2974 4721 3224 4785 probatur
3270 4732 3333 4769 ex
3368 4718 3465 4785 ju-

1909 4786 2049 4836 stitia
2094 4786 2207 4839 Dei.

1978 4855 2083 4906 262
2125 4856 2410 4907 Christiani
2439 4854 2764 4907 θεοδίδακτοι
2796 4855 2989 4906 relictis
3018 4854 3161 4906 rebus
3186 4854 3465 4908 mundanis

1909 4926 2130 4977 caelestia
2180 4935 2376 4977 tantum
2421 4927 2659 4975 meditari
2706 4924 2903 4974 debent.

1978 4996 2082 5047 205
2123 4993 2322 5062 Rogata
2381 4995 2748 5059 interpretandi
2813 4996 3178 5059 prophetarum
3228 4995 3461 5055 oracula,

1907 5064 2099 5117 illustri
2127 5061 2356 5131 exemplo
2383 5065 2648 5114 declarata
2689 5061 2874 5128 psalmi
2910 5076 3031 5112 LXXI
3054 5099 3067 5121 ,
3092 5065 3199 5129 qui,
3230 5066 3462 5129 quamvis

1908 5138 1961 5185 iit
1996 5133 2327 5185 Sulomonem
2359 5133 2513 5195 fuerit
2541 5132 2763 5196 scriptus
2793 5169 2807 5191 ,
2841 5135 3004 5181 multa
3035 5142 3205 5181 tamen
3235 5135 3461 5185 continet

1906 5220 2020 5270 qutu
2050 5208 2103 5253 in
2135 5201 2463 5254 Solomonent
2494 5216 2593 5251 non
2621 5202 2904 5265 quadram,
2949 5199 3036 5251 sed
3065 5199 3268 5252 Christo
3291 5205 3461 5267 pains

1908 5288 2023 5325 vero
2048 5271 2266 5337 principi
2306 5272 2447 5336 pacis
2476 5270 2801 5320 conveniunt.

1978 5336 2083 5393 ⁸204
2135 5336 2342 5401 Quanto
2381 5338 2584 5403 majora
2629 5340 2843 5404 pmmia
2888 5337 3177 5389 hominibus
3224 5337 3273 5387 in
3316 5336 3465 5389 Novo

1911 5409 2233 5461 Testamento
2260 5421 2523 5473 proposita
2550 5417 2666 5459 sunt
2691 5424 2841 5474 quam
2864 5409 2985 5459 olim
3018 5412 3069 5457 in
3101 5406 3283 5466 Veteri,
3319 5418 3463 5457 tanto

1907 5481 2061 5530 etiam
2089 5481 2286 5543 majora
2310 5478 2435 5540 ipsis
2456 5479 2717 5527 subeunda
2741 5487 2858 5528 sunt
2878 5477 3179 5528 certamina.
3213 5474 3307 5526 lla:
3326 5478 3462 5527 enim

1907 5550 2024 5601 dua:
2058 5564 2171 5608 res,
2220 5548 2501 5598 certamina
2550 5558 2592 5598 et
2624 5549 2837 5613 pra'mia
2868 5548 2961 5597 sibi
3000 5547 3215 5596 invicem
3259 5560 3463 5612 respon-

1906 5618 2026 5670 dere
2054 5620 2256 5669 debent.

1975 5688 2078 5742 295
2115 5684 2296 5740 Multis
2321 5686 2567 5751 exemplis
2590 5696 2636 5740 et
2662 5685 2964 5739 testimoniis
2990 5681 3193 5749 probat,
3231 5700 3330 5737 non
3355 5698 3462 5737 esse

3500 1115 3520 1141 α.
