3890 6134
427 253 531 317 163

426 371 483 422 in
512 366 761 430 oratoris,
795 366 883 418 sed
916 364 1176 419 auditoris
1198 373 1445 427 potestate
1487 374 1542 417 ut
1579 366 1865 418 oralionem
1908 382 1991 418 se-

424 451 627 506 quatur
666 437 936 504 persuasio
959 451 978 488 :
1014 433 1244 488 Proinde
1272 452 1381 506 non
1398 451 1508 488 esse
1539 436 1736 488 oratori
1766 438 1861 487 hoc
1894 437 1993 487 im-

426 505 715 573 putandum
750 517 837 558 aut
867 507 988 559 vitio
1016 509 1248 557 dandum
1275 507 1317 556 si
1348 505 1451 571 fine
1473 521 1567 557 suo
1584 506 1813 565 excidat,
1843 506 1994 556 dum-

425 585 580 629 modo
625 577 752 629 nihil
774 592 951 628 eorum
978 613 994 637 ,
1016 591 1133 642 qua:
1166 577 1234 627 ad
1260 576 1478 643 ofﬁcium
1516 591 1667 626 suum
1708 575 1989 643 pertinent,

426 647 812 715 pra'termiserit
823 684 835 697 .

426 713 460 837 ‘d
495 716 599 797 206
624 714 702 769 De
749 715 925 770 Diana
974 713 1265 783 Ephesina,
1300 714 1518 784 ejusque
1565 715 1713 783 signo
1746 714 1812 766 ab
1861 713 1992 768 Jove

462 801 671 837 emisso.

462 801 671 840 8011880.

500 854 602 907 207
640 854 843 908 Rursus
891 854 1068 908 eadem
1107 855 1169 907 de
1205 869 1277 906 re.
1318 852 1483 921 Signa
1513 852 1736 921 διοπετῆ
1779 870 1895 922 qua:
1943 862 1994 907 et

425 941 589 991 quare
615 926 759 977 dicta
782 927 904 978 sint.
930 924 1134 993 Βρέτας
1159 924 1316 976 unde.
1352 923 1594 993 Historia
1637 924 1991 977 memorabilis

422 996 488 1049 de
516 994 803 1049 Ptolemteo
822 1010 936 1062 rege
953 992 1193 1062 XEgypti,
1215 992 1470 1061 quomodo
1492 994 1781 1047 statuarios
1808 993 1993 1047 Diania

424 1082 481 1117 ιη
508 1066 710 1133 foveam
732 1065 1059 1133 prwcipitari
1106 1063 1332 1126 curarit,
1374 1079 1436 1116 ne
1487 1062 1837 1116 simulacrum
1860 1064 1992 1117 illud

426 1135 659 1188 humana
690 1150 849 1187 manu
881 1134 1083 1202 factum
1105 1134 1387 1187 videretur.

496 1204 601 1258 208
620 1204 893 1256 Diabolica
916 1215 988 1256 est
1013 1204 1235 1266 astutia,
1256 1218 1435 1255 arcere
1450 1202 1687 1257 homines
1703 1220 1733 1255 a
1752 1203 1989 1267 lectione,

426 1275 809 1327 auscultatione
842 1283 891 1326 et
918 1272 1096 1326 studio
1124 1288 1291 1327 sacra:
1322 1271 1611 1340 Scriptura:
1664 1290 1864 1326 merum
1892 1275 1992 1328 mel

423 1345 696 1412 spirantis,
731 1360 793 1397 ne
817 1344 937 1396 inde
972 1343 1110 1394 bona
1140 1357 1293 1410 opera
1319 1354 1625 1412 sequantur.

488 1413 594 1466 209
623 1413 701 1467 De
731 1413 1034 1481 differentia
1065 1412 1193 1481 legis
1232 1422 1279 1465 et
1328 1411 1618 1482 Evangelii.
1642 1411 1750 1465 Lex
1776 1422 1993 1481 peccata

421 1485 574 1552 punit
609 1484 867 1545 admissa,
892 1482 1235 1552 Evangetrium
1259 1482 1416 1552 etiam
1444 1483 1613 1551 fontes
1631 1493 1988 1549 peccatorum,

424 1550 703 1621 antequam
738 1550 1053 1611 nascantur.
1074 1551 1319 1605 obstruit.
1348 1550 1655 1621 iExplicatio
1681 1554 1807 1605 dicti
1836 1552 1991 1606 Chri-

424 1626 530 1678 sti:
561 1620 584 1675 ι
626 1622 838 1675 Dictum
897 1633 974 1675 est
1015 1624 1284 1691 antiquis:
1328 1620 1552 1675 Oculum
1606 1638 1700 1690 pro
1738 1623 1908 1682 oculo,
1939 1634 1989 1676 et

422 1695 632 1749 dentem
688 1707 783 1755 pro
832 1694 1004 1746 dente.
1039 1690 1151 1762 Ego
1209 1700 1386 1746 autem
1430 1694 1547 1745 dico
1605 1693 1783 1746 vobis:
1812 1691 1992 1747 Nolite

425 1766 677 1819 resistere
704 1764 861 1816 malo.
890 1781 908 1813 ι

500 1882 611 1937 210
637 1881 822 1937 Virtus
848 1889 934 1935 est
961 1879 1198 1935 medium
1246 1877 1503 1932 vitiorum
1535 1876 1805 2016 ιιιιιίιιιιιίιιι
1827 1876 1988 1930 redu-

1755 1962 1784 2000 c
1812 1963 1922 2001 uin.

1755 1962 1922 2001 Cllllll.

494 2043 649 2111 Quod
676 2041 885 2110 assequi
908 2039 1118 2110 difficile
1160 2048 1260 2106 est,
1302 2039 1379 2093 ita
1410 2055 1474 2093 ne
1498 2038 1725 2092 declines
1756 2039 1827 2092 ad
1859 2038 1993 2091 dea:-

425 2124 562 2169 tram
594 2122 685 2167 aut
722 2113 1018 2166 sinistram.

491 2185 590 2237 211
637 2184 708 2236 De
756 2179 1199 2250 imperscrutabili
1257 2177 1995 2250 majestate__Dei;expositio

421 2254 549 2307 dicti
599 2253 801 2308 Saloni.
830 2247 1109 2304 ‘Proverb.
1171 2266 1301 2307 xxv.
1343 2247 1367 2303 1
1411 2266 1423 2301 :
1484 2269 1502 2301 ι
1540 2247 1723 2302 Gloria
1787 2248 1999 2301 Domini

425 2326 559 2377 celat
609 2337 931 2385 sermonem;
968 2339 987 2371 ι
1022 2333 1067 2372 et
1098 2321 1223 2372 dicti
1256 2320 1527 2383 Habacuc,
1560 2335 1615 2373 ιιι
1644 2336 1656 2371 :
1695 2337 1714 2369 (
1779 2317 1996 2387 Operuit

424 2396 577 2447 caelos
618 2393 783 2445 virtus
821 2390 956 2458 ejus.
992 2407 1011 2439 ι

489 2463 597 2516 212
645 2460 768 2514 Non
802 2457 1007 2512 tantum
1056 2458 1248 2519 verbis,
1273 2458 1362 2512 sed
1388 2468 1437 2511 et
1482 2474 1632 2526 opere
1654 2474 1714 2509 ac
1741 2457 1847 2510 vita
1883 2458 1999 2525 ipsa

428 2531 911 2599 philosophandum,
928 2539 1001 2582 est
1036 2530 1083 2581 ei
1110 2530 1213 2599 qui,
1230 2546 1333 2582 non
1358 2530 1472 2599 velit
1502 2544 1557 2581 se
1587 2526 1813 2599 ludibrio
1839 2543 1999 2595 expo-

429 2598 573 2656 nere.
611 2601 688 2654 De
712 2604 853 2652 dicto
893 2598 1050 2652 lsaiaz
1074 2616 1093 2651 :
1128 2617 1148 2648 ι
1190 2598 1391 2651 Discite
1418 2598 1607 2651 bonum
1641 2598 1831 2665 facere.
1869 2615 1887 2647 ι

496 2671 603 2726 215
626 2669 910 2723 Accusatio
949 2668 1250 2736 prophetica
1276 2669 1561 2737 impietatis
1596 2666 1863 2721 hominum
1898 2666 1995 2720 ad-

425 2757 606 2795 versus
634 2740 821 2800 Deum,
861 2748 909 2792 et
936 2739 1238 2801 iniquitatis
1268 2740 1321 2790 in
1346 2740 1641 2802 proximum
1668 2739 1820 2803 plane
1850 2737 2000 2789 inea:-

423 2811 700 2865 cusabilis.
734 2809 838 2874 Qui
879 2809 1204 2860 allucinatur
1259 2810 1400 2861 circa
1459 2808 1761 2875 manifesta,
1794 2807 2001 2859 videtur

424 2882 581 2935 riam
611 2880 850 2933 amittere
898 2878 1054 2945 fidem
1081 2881 1137 2931 in
1184 2878 1397 2931 occultis
1431 2887 1481 2931 et
1514 2877 1769 2931 obscuris.
1819 2874 2002 2945 Expo-

426 2951 548 3003 sitio
569 2949 697 3004 dicti
738 2947 1051 3002 Ezechielis.

497 3019 604 3074 214
658 3018 950 3087 Iudicandi
1002 3033 1192 3071 munus
1225 3016 1611 3087 difficillimum.
1638 3014 1717 3087 AIn
1745 3014 1882 3087 illud
1914 3014 2003 3070 Si.

424 3089 678 3211 ἒςιῖιὶσὲιι
719 3105 734 3143 :
770 3106 789 3139 ι
836 3085 919 3141 Ne
952 3104 1157 3153 quwras
1204 3083 1319 3155 ﬁeri
1357 3089 1550 3157 judex.
1580 3106 1598 3138 ι
1620 3083 1816 3154 Confer
1847 3089 1998 3154 epist.

580 3177 595 3211 i
635 3200 649 3211 .
682 3173 763 3211 ιιι.

422 3160 529 3213 274
560 3160 649 3213 lib.
682 3173 763 3212 ιιι.

498 3229 622 3283 215.
659 3228 727 3282 Ut
775 3228 987 3281 lucerna
1037 3228 1101 3280 ab
1150 3226 1264 3279 oleo
1321 3228 1543 3295 rigando
1588 3236 1686 3289 est,
1719 3227 1796 3279 sic
1844 3226 2001 3293 λόγος

424 3298 792 3360 διδασκαλικὸς
818 3299 924 3350 sive
966 3297 1311 3367 rnpocpoptxb;
1344 3298 1409 3349 ab
1441 3296 1659 3348 alterius
1697 3297 1887 3348 virtute
1916 3302 2001 3347 in-

429 3381 599 3431 terna,
626 3370 841 3438 quiest
893 3366 1137 3438 διὰθεῖος
1170 3437 1175 3438 ν
1226 3367 1532 3418 alimentum
1571 3367 1802 3438 accipere
1832 3368 1998 3417 debet.

425 3438 505 3491 De
533 3436 672 3491 dicto
700 3436 928 3491 Christi:
951 3455 968 3486 ι
1007 3436 1123 3489 Sint
1158 3437 1383 3488 lucerna:
1406 3444 1584 3488 vestra:
1608 3436 1871 3487 ardentes.
1905 3453 1923 3485 ι

496 3508 603 3561 210
632 3504 868 3561 Solvitur
923 3503 1298 3574 ἀντικείμενον
1358 3521 1447 3558 seu
1489 3504 1888 3574 _i:vavmo<pavég
1926 3513 2002 3557 est

428 3578 568 3631 inter
614 3579 725 3630 haec
767 3577 872 3628 duo
924 3571 1309 3629 Christi'dicta
1350 3589 1368 3626 :
1421 3592 1438 3624 ι
1479 3571 1603 3625 Nisi
1656 3574 2001 3626 abundaverit

423 3647 636 3714 justitia
666 3657 834 3699 vestra
856 3646 972 3715 plus
996 3660 1152 3714 quam
1179 3642 1513 3708 Scribarum;
1559 3662 1576 3694 ι
1613 3652 1661 3697 et
1686 3659 1705 3696 :
1737 3660 1777 3708 ι,
1798 3642 1882 3697 Va:
1913 3659 2003 3697 v0-

428 3718 528 3771 bis.
550 3714 763 3771 Scribce.
800 3734 818 3766 ι

428 3718 528 3777 bis.
550 3718 763 3771 Scribce.
800 3734 818 3766 ι

498 3786 603 3840 217
635 3786 712 3839 De
734 3787 873 3838 dicto
912 3782 1131 3847 Christi,
1172 3781 1333 3837 Joan.
1365 3797 1445 3847 ιιι,
1490 3783 1623 3836 192(
1648 3782 1842 3837 Solvite
1868 3792 1999 3836 tem—

427 3857 571 3926 plum
603 3858 721 3921 hoc,
753 3865 801 3909 et
836 3858 888 3908 in
926 3855 1093 3907 tribus
1129 3852 1310 3906 diebus
1343 3854 1579 3926 excitabo
1602 3852 1763 3926 illud.
1795 3874 1813 3905 ι

496 3926 603 3981 218
627 3926 877 3990 Docetur,
905 3941 1009 3977 non
1041 3939 1327 3992 repugnare
1361 3922 1458 3977 sibi
1509 3924 1725 3976 invicem
1751 3927 1855 3975 duo
1888 3922 1999 3975 ista

427 3997 611 4050 dicta:
652 4014 670 4047 ι
732 3995 910 4049 Nolite
963 3995 1178 4047 solliciti
1229 4010 1339 4047 e.se
1438 3995 1693 4061 quomodo
1734 4005 1823 4047 aut
1873 3993 1998 4061 quid

427 4066 753 4136 loquamini;
782 4084 800 4116 ι
842 4063 1038 4136 Matth.
1076 4079 1147 4126 x;
1186 4062 1349 4136 Marc.
1385 4079 1480 4117 xm
1504 4080 1527 4136 ;_
1552 4060 1660 4136 L_ur
1675 4072 1799 4112 ειμι
1820 4060 2000 4136 Parati

426 4131 627 4204 semper
661 4136 730 4187 ad
764 4135 1078 4188 reddendam
1122 4135 1398 4204 rationem.
1451 4153 1468 4184 ι
1499 4132 1527 4185 Ι
1566 4132 1711 4185 Petr.
1732 4150 1815 4204 ιιι.
1847 4131 2000 4185 Μαι·-

430 4202 602 4273 tyrum
664 4204 985 4257 incredibilis
1024 4203 1312 4271 invictaque
1368 4204 1679 4257 constantia.
1716 4202 1999 4270 Sapientia:

386 4318 401 4331 .
430 4276 687 4340 sapientes
721 4274 980 4341 discipuli.

500 4344 607 4396 219
639 4342 997 4397 Sucerdotalis
1020 4342 1127 4411 sive
1156 4343 1463 4411 episcopalis
1505 4343 1730 4396 muneris
1778 4357 1981 4394 summa

429 4412 731 4491 difficultas.
769 4412 846 4491 De
896 4413 1039 4491 dicto
1093 4409 1325 4491 Pauli,l
1362 4412 1525 4491 Tini.-
1564 4429 1673 4491 ut:
1720 4431 1737 4463 ι
1769 4412 1827 4465 Si
1869 4413 1996 4491 lquis

428 4481 783 4552 episcopatum
800 4483 1088 4552 desiderat,
1119 4484 1306 4534 bonum
1331 4498 1456 4550 Opus
1494 4485 1776 4536 desiderat.
1805 4502 1825 4533 ι
1862 4481 2001 4552 Con-

429 4551 512 4622 fer
541 4571 622 4619 ep.
647 4552 756 4605 216
790 4551 884 4604 lib.
913 4567 998 4614 ιιι,
1029 4567 1146 4619 quo:
1178 4555 1245 4604 ad
1272 4557 1503 4606 eumdem
1528 4552 1834 4605 Palladium
1867 4551 2001 4606 scri-

468 4637 520 4676 ta
549 4634 645 4677 88!.

609 4639 645 4677 t.

428 4639 608 4746 pm22elst
643 4710 660 4743 ι
695 4690 814 4761 Pas:
829 4708 945 4745 cum
974 4692 1232 4761 omnibus,
1252 4702 1503 4761 quantum
1527 4693 1579 4745 in
1611 4691 1758 4746 nobis
1792 4702 1887 4758 est,
1912 4708 2001 4745 co-

435 4763 609 4817 lenda.
647 4780 667 4813 s
703 4760 831 4815 Rom
858 4778 953 4815 sit.
994 4760 1075 4815 Ne
1101 4763 1215 4830 quis
1258 4760 1350 4814 nos
1378 4765 1561 4824 oderit,
1595 4779 1695 4813 non
1727 4771 1802 4815 est
1834 4763 1997 4816 nostri

437 4833 683 4886 arbitrii;
718 4831 819 4887 Sed
854 4837 948 4885 hoc
975 4843 1069 4889 est.
1098 4847 1160 4884 ne
1182 4834 1296 4900 quis
1310 4832 1453 4900 juste
1494 4849 1584 4884 nos
1624 4834 1808 4898 oderit,
1841 4849 2001 4885 causa

438 4902 673 4956 videlicet
711 4904 819 4955 odii
845 4920 875 4955 a
909 4902 1057 4955 nobis
1111 4902 1207 4969 ipsi
1254 4903 1493 4970 pr¢bita.
1542 4902 1733 4970 Confer
1781 4917 1861 4970 ep.
1894 4903 1995 4956 211

437 4971 528 5023 lib.
550 4987 635 5035 ιιι,
676 4984 721 5025 et
749 4988 828 5039 ep.
855 4973 921 5027 50
944 4974 1034 5025 lib.
1072 4987 1128 5024 ll.

504 5040 601 5093 221
639 5040 816 5097 Lectio
843 5054 889 5095 et
919 5044 1153 5096 studium
1199 5057 1474 5094 sacrarum
1506 5041 1838 5105 Litterarum,
1865 5043 2002 5095 velut

432 5110 936 5180 fontiumulsraelis,
954 5114 1074 5165 aliis
1110 5111 1260 5164 rebus
1282 5113 1525 5180 prteferri
1550 5112 1713 5165 debet.

503 5179 609 5232 222
652 5178 826 5232 Virtus
853 5181 1171 5235 immortalis
1196 5193 1294 5244 est,
1319 5193 1368 5235 et
1396 5178 1523 5236 sola
1573 5183 1833 5234 hominem
1866 5182 1999 5235 beat.

432 5248 576 5305 Deus
603 5249 911 5312 Abrahami,
942 5248 1119 5304 lsaaci
1141 5260 1187 5303 et
1213 5250 1423 5313 Jacobi,
1449 5255 1672 5318 itemque
1710 5252 1928 5305 Davidis
1951 5261 1998 5303 et

433 5320 662 5373 aliorum
708 5332 1009 5373 sanctorum
1035 5322 1194 5374 etiam
1230 5324 1337 5375 vita
1401 5324 1701 5391 functorum
1744 5338 1921 5375 curam
1950 5336 2003 5375 se

434 5406 608 5459 gerere
637 5402 873 5443 testatur.

504 5460 610 5531 223
636 5459 802 5531 θυμὸς
824 5469 872 5512 et
902 5458 1040 5529 ὀργὴ
1070 5463 1325 5531 quomodo
1354 5461 1620 5529 differant.

507 5530 612 5583 224
636 5528 959 5598 Scriptorum
993 5530 1218 5582 Joannis
1267 5528 1621 5599 Chrysostomi
1671 5530 1999 5585 commenda-

440 5611 533 5660 tio.
557 5616 601 5653 ei
632 5600 855 5670 hominis
876 5601 1107 5670 socordis
1139 5614 1315 5651 eorum
1346 5601 1643 5669 negligentis
1672 5602 1993 5670 objurgatio.

510 5670 612 5723 :25
640 5669 853 5741 Iosephi
906 5668 1214 5723 Juda'orum
1271 5668 1503 5723 historici
1554 5668 1907 5725 testimonium
1934 5672 1997 5726 de

1550 251 2117 314 PROLEGOMENA
2157 252 2357 312 EDIT.
2398 253 2644 312 I’ARIS.

3572 248 3669 313 164

2095 362 2326 425 Christo,
2358 366 2450 419 lib.
2502 378 2633 417 mu
2690 360 2959 431 Antiquit.
2995 360 3071 413 Ab
3112 360 3263 415 Itosle
3313 362 3671 417 testiinonium

2092 438 2191 487 vim
2212 451 2453 504 magnam
2470 435 2645 486 habet.

2164 504 2271 557 226
2303 502 2432 557 Non
2488 505 2620 556 satis
2658 512 2736 555 est
2775 502 3069 562 haereticos.
3104 518 3339 570 paganos
3360 512 3412 555 et
3452 503 3671 557 Judteus

2094 576 2308 644 ueritate
2339 575 2601 644 religionis
2654 587 2923 644 superare,
2975 573 3085 644 nisi
3128 574 3313 625 iisdem
3351 574 3513 626 etiam
3564 592 3673 624 me.

2093 640 2278 698 liorem
2310 638 2471 697 vitam
2515 658 2757 713 agamus.
2793 638 2953 695 Fides
3001 641 3140 695 enim
3196 644 3390 713 absque
3430 645 3673 712 operibus

2095 724 2505 837 magniﬁca
2533 783 2687 850 factis
2717 781 2854 834 absit
2870 781 3188 835 'ostentatio.
3223 780 3449 850 Factum
3480 782 3675 835 bonum

2096 872 2197 909 non
2236 866 2309 908 est
2343 857 2529 907 bonum
2555 852 2697 905 haud
2733 852 2932 918 factum
2962 852 3104 905 bene.
3126 852 3363 904 Solvitur
3382 852 3669 905 dubitatio.

2094 925 2225 979 Cum
2256 926 2369 986 ﬁeri
2400 932 2617 994 nequeat
2644 932 2698 973 ut
2730 922 2931 994 bonum
2948 938 3076 994 opus
3101 920 3283 994 lateat,
3316 938 3481 989 quare
3512 918 3676 994 Chri-

2093 1005 2206 1048 stus
2236 990 2584 1053 interdixerit.
2614 1008 2677 1046 ne
2710 1007 2887 1044 coram
2912 990 3211 1044 hominibus
3242 992 3510 1061 faciamus
3568 992 3678 1044 ele-

2093 1080 2485 1189 8⁷1³2)Ξὲᾚῖῗᾶεή
2521 1146 2681 1201 quam
2720 1131 2884 1185 variis
2939 1130 3179 1184 iconibus
3229 1128 3564 1200 Sapientiam
3596 1150 3679 1189 re-

2092 1215 2504 1328 prgggnléliristi
2526 1272 2581 1324 in
2617 1286 2825 1323 carnem
2849 1272 3101 1323 adventus
3133 1278 3386 1335 quantum
3412 1272 3673 1327 attulerit.

2097 1346 2411 1423 ijurgatio
2439 1341 2751 1413 gravissima
2794 1342 3018 1394 hominis
3038 1341 3390 1409 incorrigibili
3411 1344 3680 1411 pravitate

2094 1417 2685 1539 (abgggngesnnacheribi
2705 1480 2839 1551 regis
2858 1480 3111 1551 superbia
3138 1480 3394 1535 divinitus
3414 1482 3680 1551 castigata

2093 1565 2141 1608 et
2169 1569 2424 1623 repressa,
2450 1555 2559 1621 ipso
2610 1562 2722 1617 post
2761 1549 3007 1623 'deletum
3067 1551 3352 1603 exercitum
3386 1562 3432 1604 et
3462 1549 3677 1621 turpem

2093 1622 2272 1694 fugam
2302 1623 2444 1676 domi
2474 1640 2506 1675 a
2529 1623 2639 1675 suis
2662 1622 2943 1674 trucidato.

2451 1734 2911 1790 ARGUMENTA
2963 1696 3321 1814 uomitu
3376 1718 3649 1800 ἅψαι,

2156 1832 2181 1884 1
2220 1830 2296 1885 De
2343 1830 2509 1885 animi
2562 1830 2895 1899 corporisque
2948 1826 3337 1896 affectionibus,
3369 1825 3521 1894 infra
3572 1826 3679 1881 187

2094 1911 2144 1957 et
2178 1902 2299 1955 161.

2149 1974 2185 2025 2
2214 1970 2319 2025 Pro
2342 1970 2589 2038 improbis
2623 1968 2899 2023 orandum.

2167 2042 2201 2094 ’5
2237 2042 2308 2093 De
2324 2034 2553 2095 vanitate
2583 2055 2757 2093 rerum
2785 2040 3156 2091 humanarum.
3180 2034 3375 2105 Confer
3390 2038 3544 2106 epist.
3572 2034 3675 2089 271

2096 2122 2145 2165 et
2172 2112 2271 2165 251
2305 2113 2397 2166 lib.
2437 2126 2516 2165 ιιι.

2166 2181 2200 2233 4
2235 2184 2309 2234 De
2328 2181 2423 2234 Dei
2456 2196 2610 2250 regno
2638 2180 2794 2233 etiam
2817 2179 2956 2246 apud
2989 2176 3273 2244 improbos.

2159 2251 2194 2322 5
2218 2252 2512 2322 Martyrum
2537 2250 2727 2322 gloria.

2153 2320 2186 2373 6
2218 2319 2283 2390 In
2301 2319 2653 2390 episcopatum
2676 2319 2981 2372 ambientes.

2168 2390 2197 2442 7
2224 2389 2298 2461 De
2331 2387 2482 2461 coquo
2509 2402 2553 2444 et
2588 2393 2743 2452 bono,
2769 2398 2818 2442 et
2871 2387 3159 2458 ἐπιεικείᾳ.

2164 2461 2197 2531 8
2228 2459 2327 2531 Sui
2347 2459 2572 2531 cognitio
2596 2461 2761 2513 utilis.

2166 2530 2199 2585 9
2234 2530 2308 2583 De
2323 2524 2762 2585 recialiberorum
2799 2529 3145 2582 institutione.
3180 2524 3371 2595 Confer
3395 2542 3477 2595 ep.
3510 2526 3644 2584 317.

2166 2598 2230 2653 10
2252 2599 2326 2670 De
2349 2618 2523 2670 pugna
2543 2601 2767 2653 hominis
2806 2599 3094 2652 interioris.

2164 2670 2223 2722 11
2272 2667 2492 2724 Virtutis
2520 2670 2922 2724 commendatio.

2156 2740 2325 2810 12—15
2353 2743 2433 2794 Ad
2462 2740 2664 2810 frugem
2692 2741 2879 2792 bonam
2898 2737 3083 2791 invitat
3102 2736 3287 2807 fratris
3316 2740 3579 2806 exemplo.

2162 2810 2231 2863 14
2264 2808 2384 2863 Vita
2421 2808 2636 2864 militia.

2174 2878 2244 2949 15
2264 2880 2637 2949 Arrogantiam
2666 2876 2955 2949 dissuadet.

2174 2948 2241 3001 16
2266 2949 2339 3002 De
2365 2944 2574 3003 Eusebii
2601 2950 2763 3002 vitiis.
2794 2946 2988 3017 Confer
3014 2948 3167 3016 epist.
3186 2946 3309 3010 140,
3340 2944 3462 3000 147.

2177 3019 2245 3073 17
2287 3018 2479 3073 Oculos
2508 3020 2826 3072 continentes
2847 3030 2958 3071 esse
2982 3029 3234 3085 oportere.

2177 3089 2246 3143 18
2280 3086 2443 3143 Pares
2459 3105 2575 3142 cum
2607 3089 2823 3157 paribus
2846 3089 3166 3157 congregari.

2172 3160 2235 3213 19
2258 3159 2513 3213 Dimittite
2535 3167 2583 3210 et
2609 3155 2966 3211 'dimittemini.
2992 3155 3122 3211 Luc.
3155 3173 3228 3225 γι,
3246 3156 3333 3210 57.

2176 3230 2248 3283 20
2281 3227 2475 3282 Orator
2502 3245 2602 3281 non
2628 3243 2826 3294 semper
2848 3228 3149 3295 persuadet.

2167 3299 2232 3351 21
2277 3298 2524 3351 Priorum
2546 3298 2872 3351 sacerdotum
2904 3312 3020 3349 cum
3065 3299 3148 3350 sui
3177 3298 3273 3351 wvi
3300 3295 3516 3366 elegans
3544 3313 3684 3351 com—

2106 3369 2327 3437 paratio.
2367 3367 2492 3422 Vide
2520 3368 2616 3430 inf'.
2660 3367 2810 3433 epist.
2845 3366 2911 3420 57
2936 3376 2987 3419 et
3021 3366 3143 3423 129.

2168 3438 2239 3490 22
2273 3437 2655 3503 Ignoscendum
2673 3437 2829 3490 etiam
2857 3452 2957 3489 non
2983 3438 3291 3503 postulanti.

2166 3504 2383 3631 ξιἷᾶοη
2426 3507 2753 3577 repetendum
2804 3506 3002 3559 malum
3037 3508 3196 3574 malo,
3220 3508 3309 3562 sed
3340 3506 3492 3560 bono.
3521 3504 3683 3575 Infra

2107 3592 2185 3632 en.
2216 3580 2339 3632 280.

2136 3596 2340 3700 {13’s
2373 3647 2603 3716 fraterno
2628 3664 2824 3703 amore.

2169 3717 2240 3789 25
2273 3716 2504 3789 Mundus
2533 3718 2798 3774 muliebris
2819 3718 2933 3789 quis
2962 3734 3133 3774 verus.

2174 3786 2244 3839 26
2282 3785 2589 3840 Animorum
2620 3790 2687 3840 ad
2714 3785 2956 3842 virtutem
2986 3789 3226 3843 societas.

2178 3856 2247 3926 27
2270 3855 2328 3909 Si
2357 3856 2552 3909 athleta
2576 3856 2801 3924 laborat,
2824 3861 3005 3926 quidni
3028 3858 3223 3911 Christi
3253 3854 3421 3908 miles.

2175 3925 2245 3998 28
2279 3926 2529 3998 Fratrem
2554 3929 2714 3998 amici
2736 3925 2944 3982 laudat.
2969 3927 3050 3980 Ad
3083 3927 3311 3998 quinque
3368 3925 3549 3995 capita
3585 3940 3683 3993 per

2104 3995 2377 4062 epistolam
2412 3997 2633 4064 quaesita
2664 4000 2953 4065 respondet.

2171 4066 2240 4119 29
2264 4066 2307 4117 Α
2340 4066 2467 4119 luxu
2498 4066 2825 4121 dehortatur.

2176 4136 2244 4206 50
2266 4138 2303 4206 ᾼ
2341 4138 2527 4206 virtute
2556 4147 2657 4189 tres
2679 4137 3005 4192 commendat
3031 4138 3321 4206 episcopos.

2170 4205 2232 4259 51
2269 4204 2447 4276 Sacra:
2475 4203 2757 4276 Scriptura:
2782 4210 3035 4276 quomodo
3060 4203 3480 4276 incumbendum.

2170 4276 2247 4346 '52,,
2265 4274 2471 4329 Laudat
2499 4274 2658 4346 Joan.
2696 4274 3050 4346 Chrysostomi
3099 4279 3153 4330 in
3191 4274 3352 4331 Pauli
3378 4276 3680 4345 Epistolam

2103 4346 2171 4398 ad
2212 4344 2473 4399 Romanos
2506 4345 2792 4403 Comment.

2172 4416 2240 4467 55
2272 4414 2413 4468 Laus
2440 4417 2605 4470 sancti
2630 4433 2691 4469 ac
2724 4418 2951 4470 doctoris
2987 4416 3190 4470 diserti.

2173 4484 2244 4538 54
2269 4485 2313 4553 Α
2344 4486 2471 4537 mali
2495 4487 2737 4541 societate
2765 4488 2981 4539 deterret
3022 4486 3305 4553 improbos.

2168 4555 2245 4635 .55
2285 4552 2483 4636 suadet
2541 4558 2745 4609 oratori
2786 4558 3025 4610 virtutem
3076 4552 3231 4625 quam
3282 4555 3447 4611 verbis
3480 4556 3679 4624 possit,

2103 4640 2271 4690 reipsa
2294 4635 2455 4677 etiam
2483 4635 2716 4679 exornet.

2174 4693 2241 4747 ’56
2270 4693 2476 4764 Divitiae
2500 4694 2783 4764 Babylonis
2807 4695 3018 4763 fornace
3044 4694 3269 4764 collatas.
3300 4694 3492 4749 Daniel
3522 4710 3608 4749 ιιι.

2176 4764 2244 4817 57
2270 4762 2345 4817 De
2375 4764 2525 4835 bonis
2580 4762 2889 4835 presbyteris
2940 4774 3122 4818 contra
3152 4763 3318 4819 malos
3366 4766 3678 4819 disseritur.

2104 4832 2301 4888 Contra
2328 4837 2478 4902 epist.
2502 4832 2592 4888 21.

2177 4903 2245 4955 58
2273 4903 2467 4956 Contra
2499 4906 2707 4957 virtutis
2736 4920 2930 4958 osores.

2279 4972 2605 5096 glzqittiplices
2642 4976 2988 5028 tentationum
3026 4973 3249 5043 fructus.
3276 4973 3472 5041 Confer
3525 4974 3683 5043 infra

2102 5046 2249 5098 epist.
2279 5046 2405 5098 226.

2268 5058 2461 5178 633i.»
2488 5115 2619 5181 reip.
2649 5115 3001 5184 gubernanda:
3030 5115 3282 5183 aptiores.

2169 5183 2229 5235 41
2264 5183 2492 5253 Ιςρθηιιιιι
2518 5180 2761 5238 caelorum
2786 5180 3124 5239 inculcatum.
3150 5186 3283 5253 Sup.
3317 5222 3332 5248 ,
3359 5182 3516 5253 epist.
3542 5180 3603 5234 4.

2174 5254 2244 5305 42
2280 5251 2453 5306 Ρωιιίιν
2481 5255 2612 5307 lente
2634 5264 2752 5307 sunt
2779 5255 3063 5322 exigendw.
3092 5253 3203 5320 lnf.
3228 5251 3311 5319 ep.
3330 5252 3457 5306 267.

2176 5323 2246 5374 45
2280 5322 2468 5392 lugens
2492 5324 2801 5391 supplicium
2835 5325 3185 5392 ettolerantia
3222 5338 3357 5392 a’gre
3396 5325 3624 5377 durant.

2175 5394 2243 5446 41
2284 5390 2459 5445 Virtus
2502 5395 2752 5444 laudatur
2776 5402 2820 5444 et
2848 5390 3007 5460 alget.

2176 5464 2246 5516 45
2276 5462 2349 5515 De
2379 5464 2509 5515 bono
2536 5464 2639 5514 vini
2661 5461 2859 5515 modice
2891 5463 3102 5529 sumpti.

2178 5534 2248 5586 46
2288 5532 2480 5584 Oculos
2503 5542 2555 5583 ut
2590 5531 2754 5583 animi
2776 5531 3032 5599 fenestras
3085 5531 3472 5586 custodiendos.

2178 5604 2243 5653 47
2280 5600 2750 5674 Virtuteniamanti
2782 5604 3046 5653 hominum
3070 5604 3240 5674 opinio
3269 5602 3689 5659 contemnenda.

2167 5675 2235 5728 46
2256 5672 2295 5724 Α
2331 5672 2571 5727 conviciis
2592 5674 3004 5741 temperandum.
