3890 6134
394 265 487 326 171
1474 260 2029 321 PROLEGOMENA
2062 260 2261 321 EDIT.
2300 258 2543 318 smus.
3294 234 3295 237 ‘
3536 248 3635 316 172

459 376 564 429 577
593 394 627 446 -ι
659 376 760 441 Qui
791 377 955 443 potuit
988 371 1298 446 traris‘gﬁdi.
1334 386 1380 429 et
1415 392 1517 429 non
1558 385 1631 430 est
1665 386 1957 445 transgres-
1986 384 2031 437 Α
2127 375 2233 446 428
2259 374 2457 446 contra
2483 371 2730 446 superbos
2765 368 3216 446 fastuqueelatos.

394 463 500 501 sus.
528 464 545 495 ι
581 444 746 499 Eccli.
781 463 929 507 XXXI,
956 448 1039 500 10.

465 515 569 569 578
606 514 741 568 Boni
793 516 1073 570 sacerdotis
1125 514 1462 582 Hermogenis
1510 515 1739 583 episcopi
1803 515 1954 577 laus,

397 584 614 637 Eusebii
649 588 974 649 vituperatio.
1014 583 1141 652 Sup.
1171 602 1249 649 ep.
1280 583 1404 638 558.

466 655 569 709 579
611 656 710 715 Qui
760 656 983 706 ornandi
1013 656 1323 706 sacerdOIes.

465 725 569 777 580
606 722 712 776 Uni
758 726 1051 775 vacandum
1079 725 1183 773 arti
1208 732 1263 773 ut
1288 722 1533 777 excellas.

467 794 563 845 581
607 791 880 859 Capicntes
905 809 1039 859 sape
1063 792 1218 857 capti.

464 863 571 916 582
610 861 812 914 Humili
838 862 1113 929 emergenti
1138 862 1306 928 fastus
1330 860 1550 914 accedit.
1579 860 1835 913 Secundis
1860 876 1962 911 non

398 932 922 1013 tollentlusuanimus,
970 947 1060 982 nec
1108 932 1338 983 adversis
1380 934 1710 999 mergendus.
1766 929 1929 997 Confc

392 1000 764 1191 :géi’iillifiice
811 1068 945 1136 iuste
1007 1085 1229 1138 privasse
1264 1108 1278 1133 ,
1314 1086 1333 1119 ι
1380 1067 1497 1123 Tibi
1529 1070 1628 1125 soli
1678 1068 1955 1137 peccavi,i

448 1160 504 1191 sa
534 1181 545 1191 .
586 1156 634 1191 ι..

448 1156 545 1193 Sﬂl.
586 1156 634 1193 [ι.

468 1211 572 1264 584
608 1208 810 1274 Corpus
862 1220 1067 1274 pareat,
1114 1226 1255 1263 mens
1305 1211 1536 1276 imperet.
1574 1206 1767 1276 Confer
1809 1204 1960 1276 epist.

398 1280 522 1341 529,
552 1289 600 1332 et
652 1280 745 1331 lib.
786 1295 798 1329 I
835 1282 985 1343 epist.
1009 1280 1096 1341 15,
1132 1281 1220 1333 lib.
1255 1296 1305 1332 IV
1331 1274 1482 1346 epist.
1514 1279 1569 1343 4,
1608 1274 1729 1341 126,
1766 1274 1887 1346 146.

468 1350 572 1403 585
612 1348 970 1400 Fortitudinis
998 1359 1231 1402 extrema
1261 1345 1491 1401 audacia
1524 1357 1571 1401 et
1604 1345 1888 1401 timiditas.

466 1420 570 1473 586
609 1419 686 1471 De
709 1418 833 1486 jure
857 1418 975 1468 belli
997 1435 1058 1469 ac
1092 1419 1355 1472 vindictw.

465 1490 570 1542 587
611 1481 724 1542 Sui
740 1487 965 1555 cognitio
1006 1489 1175 1553 prima
1202 1492 1269 1541 ad
1302 1487 1569 1541 scientiam
1596 1488 1702 1551 via,
1741 1498 1805 1537 ea:
1833 1481 1964 1535 Pla-

431 1562 547 1611 onis
581 1557 851 1612 Alcibiade
875 1557 1067 1623 priore.

481 1627 585 1682 588
625 1620 883 1678 Timothei
912 1626 1013 1678 vita
1041 1624 1206 1694 functi
1249 1627 1488 1679 laudatio
1514 1666 1530 1687 .
1592 1622 1747 1679 veluti
1795 1620 1948 1688 fune-

402 1698 507 1750 bris
533 1697 726 1757 oratio,
751 1697 813 1748 de
840 1712 940 1764 quo
965 1706 1009 1747 et
1043 1701 1080 1747 t.
1114 1711 1152 1748 ιι
1187 1696 1336 1763 epist.
1375 1696 1499 1750 155.

470 1766 574 1821 589
612 1764 688 1817 De
710 1765 955 1831 improbis
980 1766 1186 1818 treviris
1222 1781 1430 1817 rursum
1460 1766 1779 1829 expostulat.

471 1834 576 1892 590
614 1834 770 1887 Lucri
796 1842 1140 1903 contemptus,
1178 1834 1409 1903 bonaque
1437 1836 1778 1889 existimatio.

472 1904 570 1958 591
620 1905 680 1954 In
705 1905 863 1954 nimio
888 1902 1067 1955 dolore
1096 1919 1230 1970 saepe
1258 1899 1443 1969 stupor
1485 1914 1531 1957 et
1569 1904 1840 1957 silentium
1866 1899 1957 1955 ob-

404 1976 566 2029 venit.
596 1971 752 2027 Vme.
782 1971 1064 2041 Obstupui,
1093 1983 1465 2039 steteruntque
1491 1988 1679 2027 coanaa.

471 2044 576 2097 592
626 2041 798 2111 Virtus
823 2041 993 2094 claros
1029 2054 1349 2109 wternosque
1371 2042 1541 2111 eﬂicit.

472 2113 576 2168 595
611 2110 860 2166 Simonia:
907 2110 1417 2181 nundinationisque
1444 2112 1811 2177 beneﬁciorum
1866 2126 1956 2163 ac-

389 2192 573 2237 cusat.
608 2182 767 2248 Supr.
794 2183 945 2248 epist.
980 2179 1106 2244 266,
1141 2191 1187 2233 et
1221 2179 1352 2234 alius
1382 2181 1471 2233 tib.
1501 2197 1517 2235 1
1542 2192 1587 2234 et
1614 2182 1702 2234 lib.
1733 2196 1815 2234 ιιι.

473 2252 578 2307 594
621 2251 860 2304 Prudens
899 2251 1014 2317 quis
1056 2251 1456 2303 existimandus.

475 2322 583 2376 595
624 2321 753 2383 Quis
781 2336 893 2371 vere
926 2334 1036 2379 rex,
1063 2321 1180 2387 quis
1222 2330 1502 2387 tyrannus.
1526 2317 1687 2389 Supr.
1722 2336 1803 2388 ep.
1830 2318 1957 2373 255.

477 2391 586 2445 596
627 2389 765 2442 Bene
792 2389 1035 2441 morienti
1076 2390 1470 2455 gratulandum.

474 2460 579 2516 597
621 2459 723 2523 Qui
750 2462 801 2510 in
834 2458 937 2509 vita
970 2456 1227 2526 fugiendi.

476 2528 581 2586 598
606 2529 695 2597 ,De
723 2530 853 2580 bono
878 2525 1163 2597 patientiae.
1195 2525 1256 2579 In
1277 2528 1634 2589 persecutione
1658 2527 1783 2597 quid
1806 2542 1961 2596 agen-

405 2603 553 2654 dum.
583 2596 775 2665 Confer
804 2597 953 2665 epist.
988 2596 1077 2659 59,
1111 2596 1199 2648 71.

478 2668 583 2723 599
624 2664 888 2734 Temporis
918 2670 1052 2734 ratio
1079 2667 1338 2717 habenda.
1377 2665 1598 2719 Occasio
1647 2683 1750 2720 non
1801 2667 1963 2733 negli-

407 2740 595 2811 genda.
630 2733 837 2811 _Con[er_
857 2736 1004 2803 epist.
1031 2733 1156 2788 296.

475 2806 581 2861 400
620 2805 686 2859 In
732 2803 897 2859 malos
947 2814 1182 2873 pastores
1231 2820 1385 2871 pecus
1426 2803 1796 2874 deglutientes.
1832 2804 1964 2856 Esca

407 2877 561 2930 chiel.
598 2891 781 2928 xxxnv.

474 2947 569 3001 401
624 2944 872 2999 Veritatis
902 2954 949 2997 et
981 2944 1224 2996 candoris
1253 2944 1345 2996 vis.

474 3016 599 3070 402.
645 3014 842 3068 Suadet
874 3031 905 3066 a
944 3013 1161 3066 libidine
1190 3022 1498 3078 temperare.

474 3086 580 3140 405
611 3084 805 3137 Luctus
839 3085 1189 3149 gaudiumque
1221 3084 1577 3146 temperanda.

476 3156 581 3210 404
623 3152 940 3206 Valetuttinis
974 3163 1047 3205 est
1088 3155 1223 3204 ratio
1268 3152 1525 3205 habenda.
1551 3151 1747 3220 Confer
1784 3152 1878 3204 lib.
1913 3168 1970 3216 ιι,

406 3225 645 3295 ρρ.258;
674 3224 757 3275 hic
780 3239 900 3295 vero
936 3224 1086 3287 epist.
1122 3222 1269 3275 528..

474 3294 579 3348 405
602 3295 682 3344 Ad
705 3294 1015 3345 delictorum
1054 3304 1360 3344 metanozam
1396 3290 1603 3343 invitat.
1646 3290 1777 3360 Sup.
1820 3292 1973 3361 epist.

408 3366 582 3486 27:66
620 3430 835 3483 Virtutis
863 3429 1123 3491 laudatio,
1150 3438 1194 3479 et
1226 3443 1331 3494 seq.
1362 3428 1514 3494 epist.

477 3503 581 3557 407
619 3500 793 3571 Magni
841 3508 888 3551 et
940 3499 1187 3571 angusti_
1215 3496 1378 3548 animi
1437 3497 1736 3571 discrimen.
1788 3499 1979 3571 Confer

408 3589 489 3641 ep.
521 3571 631 3641 152
652 3566 744 3624 lib.
770 3585 816 3621 tv
850 3570 917 3641 ad
949 3566 1117 3619 locum
1146 3566 1305 3619 Prov.
1341 3581 1449 3631 xw,
1504 3567 1589 3622 29.

480 3642 584 3695 408
607 3640 684 3693 De
712 3640 1015 3691 divitiarum
1046 3646 1364 3701 contemptu.

474 3711 577 3764 409
603 3709 678 3761 De
703 3709 883 3776 gloria:
908 3709 1104 3759 studio.
1140 3706 1273 3776 Sup_.
1306 3720 1386 3776 ep.
1420 3704 1544 3769 556,
1570 3708 1694 3774 557,
1730 3709 1855 3763 558.

470 3780 574 3835 410
613 3772 844 3852 Rursum
886 3780 947 3831 de
996 3777 1188 3846 gloria.
1236 3772 1376 3837 Quid
1410 3776 1654 3852 dt/ferant
1682 3772 1979 3847 φιλόδοξος

409 3851 503 3905 καὶ
534 3848 827 3913 κενόδοξος.

474 3920 573 3974 411
640 3919 712 3972 De
763 3918 954 3970 animte
999 3914 1239 3968 humanis
1290 3916 1511 3968 motibus
1554 3918 1743 3971 variis.
1782 3918 1979 3987 Confer

410 3992 571 4044 epist.
596 3989 648 4043 1.

435 4007 679 4114 Ρῗ1271ε
712 4058 813 4109 vini
844 4072 942 4107 usu
974 4054 1314 4120 disputatum.
1353 4053 1635 4108 Ebrietatis
1674 4057 1832 4110 mala.

479 4129 582 4182 4⁸15
617 4129 686 4181 με
716 4128 917 4178 virtutis
951 4126 1197 4177 utilitate.
1227 4123 1419 4190 Confer
1455 4142 1536 4191 ep.
1568 4125 1698 4190 406,
1722 4126 1848 4181 407.

479 4196 584 4250 414
610 4195 890 4263 Epitaphia
919 4204 974 4246 ut
1014 4192 1307 4245 scribenda.

476 4267 584 4321 415
608 4265 869 4333 lnjuriam
900 4263 1273 4331 remittendam.

475 4337 581 4390 416
613 4326 685 4387 Ui
710 4336 772 4385 sit
793 4326 1239 4405 frugihortatur,
1279 4343 1332 4384 ut
1364 4342 1413 4385 et
1459 4332 1629 4386 tribus
1662 4350 1767 4402 seq.
1816 4338 1971 4405 epist.

411 4404 759 4471 ει511,455,
790 4402 913 4455 56‘2.

482 4469 600 4529 417
635 4472 907 4526 Libertatis
930 4469 1174 4539 loquendi
1219 4478 1268 4522 et
1308 4471 1647 4538 impudentia:
1679 4474 1973 4528 discrimen.

411 4544 523 4613 lnf.
553 4546 703 4612 epist.
736 4542 860 4594 455.

485 4608 590 4668 418
624 4614 700 4666 De
740 4608 1019 4664 sacerdotii
1058 4609 1383 4673 prwstantia.
1427 4608 1556 4672 Sup.
1588 4615 1736 4677 epist.
1764 4612 1890 4678 268,
1930 4624 1979 4666 et

411 4684 501 4737 lib.
539 4699 574 4735 ιι
606 4685 753 4744 epist.
800 4680 923 4743 251,
959 4680 1026 4729 lib
1068 4694 1118 4731 IV
1158 4694 1236 4745 ep.
1294 4679 1419 4751 219,
1469 4692 1513 4731 et
1550 4683 1632 4735 hic
1671 4687 1821 4750 epist.
1871 4700 1976 4751 seq.

482 4753 585 4806 419
613 4751 677 4804 1η
702 4755 887 4804 castris
917 4764 1032 4817 qute
1065 4749 1378 4801 necessaria.

485 4822 589 4874 420
628 4821 697 4874 De
723 4820 939 4873 Eutinio
976 4820 1215 4871 diacono.

477 4892 572 4945 421
621 4889 683 4944 In
712 4891 821 4958 ejus
854 4891 975 4940 vitia
1006 4890 1098 4958 qui
1121 4897 1309 4941 temere
1334 4891 1395 4939 ab
1418 4888 1643 4943 Eusebio
1669 4900 1799 4944 esset
1827 4893 1973 4943 ordi-

415 4970 589 5015 natus.
612 4957 802 5029 Canter
828 4964 971 5027 epist.
1010 4957 1131 5009 552.

484 5031 580 5083 421
622 5030 871 5082 Laborem
898 5032 1043 5095 quies
1068 5030 1364 5079 comitatur.

489 5100 586 5152 422
628 5098 1006 5168 Ignoscendum
1062 5098 1284 5149 aliorum
1335 5097 1558 5153 delictis.
1607 5096 1779 5167 Supra
1821 5102 1973 5169 epist.

412 5168 589 5292 “2225
624 5234 811 5301 Turpis
838 5236 954 5287 ι’ίιω
980 5236 1321 5302 "P’chemio'

482 5308 589 5363 424
616 5306 760 5359 Scire
788 5314 861 5358 est
888 5321 991 5355 rem
1039 5321 1129 5370 per
1164 5322 1351 5362 Causas
1390 5323 1712 5378 cognoscere.
1752 5310 1974 5363 Aristot.

414 5379 468 5431 in
497 5378 711 5444 Analyt.

480 5450 585 5502 425
641 5443 837 5498 Rerum
908 5443 1181 5496 metuenda
1269 5448 1589 5501 vicissitudo.
1659 5446 1745 5517 Cf.
1821 5450 1972 5517 epist.

412 5518 533 5571 495.

481 5560 583 5639 426
612 5586 743 5650 ιριιί
777 5560 911 5633 male
934 5584 1063 5650 agit,
1092 5582 1198 5638 odit
1236 5585 1419 5641 lucem.
1478 5606 1496 5639 ι
1548 5586 1705 5643 Joau.
1755 5604 1836 5651 ιιι,
1881 5588 1969 5639 20.

478 5656 579 5709 427
614 5652 920 5724 Παράδοξον
942 5654 1088 5721 quid.

1986 1706 2108 1787 Bet

2131 445 2235 500 456
2281 443 2459 512 Iniqui
2526 439 2700 512 arguit
2744 439 3046 507 sacerdotii,
3090 449 3140 492 et
3187 439 3338 510 epist.
3396 451 3632 509 sequent.

2058 524 2104 567 et
2135 515 2259 569 440.

2129 584 2235 637 458
2258 583 2333 637 De
2363 584 2544 653 glorice
2582 582 2884 651 cupiditate.
2914 579 3116 653 Confer
3147 580 3299 648 epist.
3342 576 3469 643 556,
3507 577 3634 641 557,

2061 653 2187 715 558,
2214 654 2339 717 410,
2366 651 2468 706 411
2499 663 2547 706 et
2574 653 2798 719 proxim.
2842 651 2997 718 epist.

2131 723 2237 776 440
2270 716 2341 775 De
2361 721 2557 775 Zosimi
2576 716 2776 774 iterum
2799 716 2902 773 vita
2934 720 3141 772 vitiosa.
3174 716 3427 771 Precibus
3453 717 3633 784 itaque

2068 791 2171 844 Deo
2206 792 2673 845 commendandam
2695 806 2823 845 esse.
2849 788 2980 856 Sup.
3011 791 3162 855 epist.
3191 788 3295 841 457
3318 796 3363 839 et
3397 787 3553 856 epist.
3579 786 3635 838 2.

2133 861 2518 983 4411ξξῖηιίωη
2559 876 2724 913 mores
2765 875 2881 912 cum
2924 852 3119 912 nostris
3168 856 3367 911 collati.
3418 852 3639 924 Confer.

2133 948 2169 982 is
2201 970 2215 983 .
2294 950 2306 980 ι
2353 971 2364 983 .

2062 932 2215 994 epist.
2242 932 2364 983 164.

2132 1000 2235 1053 442
2260 1000 2453 1052 Orator
2474 1015 2573 1052 non
2600 1012 2799 1065 semper
2822 996 3117 1063 persuadet.
3148 996 3304 1065 Infra
3330 994 3486 1063 epist.
3512 993 3640 1049 547.

2134 1069 2238 1123 445
2265 1066 2463 1125 Gaudii
2490 1067 2789 1134 dolorisque
2822 1078 3013 1119 motus.

2136 1139 2242 1192 444
2277 1139 2351 1192 De
2378 1138 2542 1190 tribus
2573 1134 2783 1189 dicendi
2822 1138 3113 1203 generibus,
3156 1150 3383 1193 summa.
3437 1134 3639 1196 medio,

2063 1219 2108 1261 et
2146 1210 2274 1269 imo.
2304 1224 2369 1261 ea:
2416 1207 2664 1259 Homero.
2722 1204 2905 1273 Vitam,
2938 1206 3175 1257 oratione
3216 1207 3383 1273 magis
3417 1219 3643 1271 persua-

2064 1279 2202 1332 dere.
2236 1276 2431 1345 Confer
2456 1294 2537 1342 ep.
2572 1276 2696 1338 215,
2724 1272 3013 1345 255,-265,
3042 1274 3168 1329 508.

2133 1347 2239 1401 445
2272 1342 2465 1400 νίίὶιιηι
2491 1362 2599 1399 esse
2631 1346 2817 1397 virtute
2838 1343 3122 1411 difficilius.
3155 1344 3238 1397 Ad
3265 1346 3457 1397 bonam
3497 1342 3643 1395 inri-

2065 1425 2140 1469 tat
2162 1428 2403 1470 mentem.
2439 1414 2753 1484 Conjer_lib.
2787 1428 2825 1466 ιι
2858 1419 3004 1478 epist.
3038 1412 3162 1467 240.

2139 1487 2242 1540 446
2269 1485 2497 1538 Rursum
2520 1482 2582 1536 de
2605 1482 2804 1534 Zosimi
2831 1484 2987 1536 vitiis.

2132 1556 2237 1609 447
2266 1556 2342 1609 De
2372 1556 2593 1609 divitiis.
2622 1552 2774 1619 Infra
2798 1553 2947 1619 epist.
2974 1550 3098 1605 450.

2131 1626 2237 1711 fit?
2271 1625 2612 1711 Hermogenis
2632 1622 2857 1690 episc0pi
2885 1622 3021 1675 laus.
3054 1620 3249 1690 Confer
3274 1621 3480 1691 epistol.
3506 1624 3642 1683 558.

2125 1696 2232 1819 4⁷419
2244 1693 2528 1819 aBziigi'um
2551 1761 2930 1831 malorumque,
2964 1764 3089 1815 dum
3116 1760 3423 1826 laudantur,
3446 1763 3642 1817 discri-

2060 1851 2199 1888 men.

2129 1905 2234 1959 450

2128 1973 2227 2027 451
2267 1968 2343 2027 De
2380 1971 2591 2042 Eusebii
2616 1972 2846 2042 episcooi
2894 1968 3094 2023 Pelusii
3136 1970 3393 2038 moribus,
3439 1972 3506 2026 de
3538 1989 3643 2042 quo

2059 2044 2194 2095 alias
2223 2060 2379 2109 saepe,
2409 2041 2507 2109 inf.
2532 2040 2658 2095 470.

2128 2061 2687 2167 fgﬁﬂfftfi’
2717 2111 2841 2164 arti.
2880 2108 3073 2177 Supra.
3100 2111 3249 2177 epist.
3281 2109 3408 2165 580.

2142 2183 2247 2236 455
2280 2182 2402 2235 Νοη
2448 2181 2887 2243 maledicendum,
2934 2196 3026 2233 nec
3062 2179 3241 2249 lingua
3291 2181 3641 2235 abutendum.

2071 2249 2244 2320 Supra
2269 2268 2348 2317 ep.
2381 2250 2504 2313 129,
2524 2250 2651 2320 214,
2683 2250 2806 2303 421.

2132 2317 2237 2375 454
2266 2320 2340 2374 De
2365 2319 2675 2374 Mithridate
2710 2335 2845 2388 rege,
2874 2318 3087 2388 ejusque
3104 2332 3297 2371 venena
3324 2317 3639 2387 alexiphar—

2788 2388 2799 2397 ‘

2258 1904 2389 1969 Qua,
2410 1917 2544 1957 verat
2570 1900 2765 1954 divitia:
2792 1900 2921 1954 sint.

2064 2407 2234 2452 maca,
2271 2390 2536 2443 Martialis
2570 2390 2661 2440 lib.
2692 2404 2724 2440 γ
2755 2388 3024 2457 Epigram.
3064 2388 3148 2441 79.

2133 2461 2238 2515 455
2268 2461 2371 2525 Qui
2402 2460 2577 2526 paruit
2618 2469 2771 2520 recte,
2801 2453 2927 2511 bene
2969 2460 3208 2525 imperat.
3250 2453 3448 2525 Confer
3478 2460 3638 2525 epist.

2062 2530 2191 2591 225,
2216 2530 2354 2581 Arist
2380 2538 2426 2581 et
2460 2527 2636 2590 Plato,
2660 2538 2764 2580 etc.
3338 2580 3345 2589 Δ

2070 2594 2083 2609 ’
2132 2598 2237 2655 456
2293 2597 2357 2651 Ut
2402 2600 2455 2651 in
2507 2597 2791 2664 Olytttpit'is
2836 2596 3220 2649 decertaturum
3286 2596 3645 2659 commendat,

2066 2669 2144 2721 vel
2178 2670 2233 2721 in
2257 2670 2493 2721 asceticis
2522 2666 2809 2735 religionis.

2134 2738 2238 2792 458
2295 2734 2631 2800 Harpocrani
2673 2738 2951 2801 rhetorem,
2992 2736 3076 2788 cui
3135 2735 3293 2788 ludus
3331 2734 3647 2802 aperiendus

2066 2810 2445 2869 committatur,
2472 2807 2821 2859 commendat.

2144 2878 2246 2931 459
2278 2876 2611 2938 Laborando,
2641 2891 2741 2926 non
2780 2876 2911 2928 votis
2949 2875 3195 2937 optando,
3223 2874 3445 2927 scientia
3481 2890 3649 2943 paru-

2069 2959 2177 3010 tur,
2206 2946 2489 3011 implorato
2526 2944 2621 2997 Dei
2656 2945 2880 2995 auxilio.
2921 2943 3183 2996 Virtutum
3210 2944 3350 2995 laus.

2142 3016 2246 3069 460
2272 3016 2354 3067 An
2380 3016 2542 3066 virtus
2574 3015 2819 3081 difﬁcilis,
2853 3024 2906 3066 ut
2944 3024 2988 3066 et
3027 3030 3134 3080 seq.
3172 3016 3321 3079 epist.

1994 3073 2036 3126 (ἶ
2146 3085 2250 3138 462
2296 3073 2735 3150 Ιηιεηιρεναήιέηι
2773 3073 2942 3135 amari
2980 3073 3134 3151 quam
3182 3073 3357 3134 timeri
3392 3094 3640 3150 prastat,

2148 3155 2253 3208 465
2278 3152 2555 3205 Theatrale
2591 3153 2859 3205 vitandum
2884 3153 3134 3205 studium.

2148 3225 2251 3276 461
2281 3223 2450 3275 Amici
2486 3240 2588 3275 non
2620 3222 2908 3274 deserendi.

2146 3293 2249 3346 465
2283 3291 2482 3346 Cedant
2513 3308 2661 3343 arma
2693 3302 2844 3359 togaz.
2873 3290 2985 3345 Cic.
3024 3306 3042 3345 ι
3077 3287 3254 3353 Ofﬁc.,
3293 3299 3338 3343 et
3376 3298 3559 3342 contra
3586 3290 3645 3345 in

2078 3363 2410 3416 Mureniana.

2134 3379 2161 3415 ll
2174 3378 2410 3415 reutaua.

2146 3434 2250 3486 466
2298 3430 2639 3498 Hermogenis
2690 3430 2917 3500 episc0pi
2971 3430 3231 3495 laudatio,
3277 3440 3334 3482 ut
3385 3440 3433 3482 et
3478 3445 3644 3497 supra

2078 3504 2227 3571 epist.
2254 3502 2377 3563 558,
2408 3500 2530 3553 448.

2148 3572 2249 3625 467
2282 3572 2521 3624 Docendo
2545 3571 2660 3637 quis
2697 3568 2841 3622 utilis
2863 3570 2949 3623 sit.

2148 3643 2252 3695 468
2282 3640 2499 3705 Superbi
2524 3654 2569 3692 et
2600 3640 2723 3692 elati
2755 3641 3096 3707 deprimendi.

2156 3711 2259 3764 469
2288 3710 2553 3761 Bonorum
2581 3708 2820 3762 soliditas
2854 3722 3026 3777 grata.

2150 3782 2251 3835 470
2290 3781 2365 3832 Ite
2418 3779 2633 3831 Eusebii
2684 3780 2910 3845 episwpi
2964 3777 3170 3833 Pelusii
3210 3782 3425 3847 erratis,
3482 3793 3545 3847 su
3585 3796 3647 3831 ra

2082 3852 2235 3917 epist.
2266 3848 2426 3905 4551.
2458 3862 2500 3900 et
2525 3848 2613 3900 lib.
2650 3865 2663 3901 ι
2697 3850 2846 3912 epist.
2889 3849 3017 3908 241,
3058 3853 3149 3905 tib.
3197 3862 3231 3899 ιι
3270 3846 3420 3915 epist.
3463 3846 3552 3906 50,
3596 3857 3644 3900 et

2080 3920 2341 4042 1:211;‘tgb.
2402 3934 2460 3970 ιιι
2520 3918 2725 3985 epistol.
2769 3920 2858 3984 97,
2912 3920 3033 3985 178,
3065 3929 3111 3972 et
3150 3918 3253 3972 567
3278 3937 3290 3984 ;
3319 3920 3408 3973 lib.
3450 3934 3501 3972 ιν
3539 3922 3649 3983 epi-

2080 4007 2102 4042 s
2130 4006 2157 4042 ο
2186 4027 2199 4041 .
2310 4029 2323 4041 .

2079 3993 2199 4042 stol.
2234 3993 2323 4042 48.

2149 4058 2245 4113 471
2278 4060 2356 4108 Ad
2388 4058 2627 4110 virtutem
2660 4057 3124 4125 fortitudinemque
3158 4059 3419 4111 hortatur.

2150 4128 2254 4180 472
2290 4128 2453 4179 Deum
2479 4128 2741 4194 o/fendere
2765 4145 2965 4179 summa
2997 4129 3323 4196 intprobitas.

2149 4198 2251 4251 475
2279 4196 2351 4248 De
2391 4197 2534 4263 fama
2565 4199 3046 4264 existimationeque
3082 4199 3241 4250 bona.

2150 4267 2255 4319 474
2282 4266 2601 4317 Ίόιειάηάαδ
2629 4283 2737 4317 esse
2762 4267 3007 4334 injurias.

2150 4336 2256 4390 475
2294 4334 2424 4387 Vera
2456 4338 2623 4386 oratio
2650 4334 2843 4402 fucata:
2867 4347 3101 4401 prwstat.

2014 4399 2056 4452 Β
2152 4407 2257 4460 476
2283 4407 2363 4457 Ad
2385 4407 2589 4473 frugem
2628 4399 2816 4457 bonam
2843 4399 2928 4457 eos
2972 4406 3181 4458 invitat.
3214 4404 3389 4473 Supra
3436 4408 3644 4475 epistol.

2082 4477 2205 4536 511,
2242 4475 2365 4529 445.

2152 4545 2253 4597 477
2299 4543 2427 4608 Quis
2478 4544 2661 4613 doctus
2706 4543 3034 4613 sapiensque
3088 4547 3394 4598 censendus.
3468 4543 3648 4597 Virtus

2082 4615 2287 4683 fructus
2313 4623 2386 4665 est
2412 4614 2603 4677 instar,
2635 4612 2887 4681 foliorum
2924 4612 3040 4667 vero
3075 4616 3415 4684 eloquentia;
3449 4614 3647 4682 φύλλον

2083 4686 2218 4735 unde
2246 4688 2464 4734 dictum.

2150 4754 2248 4807 478
2281 4758 2352 4805 De
2379 4750 2575 4803 Zosimi
2610 4762 2654 4802 et
2680 4752 2941 4805 sodalium
2975 4754 3130 4807 vitiis.
3152 4752 3307 4822 Infra
3335 4754 3492 4821 epist.
3519 4754 3644 4809 482.

2094 4820 2290 4875 Veritus
2315 4824 2488 4891 quanti
2524 4823 2851 4873 a’stimanda.

2149 4892 2250 4943 479
2278 4892 2380 4954 Qui
2424 4906 2538 4943 vere
2595 4890 2726 4941 clari
2770 4891 3098 4959 illustresque
3139 4893 3335 4945 invidia
3376 4893 3495 4945 boni
3534 4909 3647 4946 vere

2078 4960 2336 5013 laborant.

2150 5030 2254 5083 480
2294 5028 2471 5080 Virtus
2500 5027 2694 5080 laboris
2728 5032 3026 5081 constantia
3057 5033 3294 5097 paranda
3325 5042 3422 5085 est.

2151 5100 2248 5154 481
2280 5098 2585 5152 Sacerdotio
2618 5098 2708 5165 qui
2737 5101 2985 5153 ornandi.

2151 5170 2254 5223 482
2293 5170 2365 5220 De
2394 5170 2749 5239 Aimprobitate
2772 5165 2971 5239 Zosimi
3013 5170 3397 5239 sociorumque.
3457 5168 3558 5223 Pro
3582 5172 3647 5223 iis

2079 5241 2352 5292 orandum.
2380 5236 2511 5303 Sup.
2547 5239 2694 5303 epist.
2726 5237 2779 5297 2,
2809 5237 2933 5303 457,
2957 5240 3080 5293 440.

2157 5328 2259 5382 485
2287 5325 2354 5378 Ut
2379 5331 2508 5379 vires
2530 5326 2724 5389 desint,
2753 5329 2992 5381 voluntas
3017 5329 3304 5382 laudanda.

2149 5420 2252 5474 484
2297 5419 2652 5487 Belligerandi
2691 5428 2737 5471 et
2798 5420 3061 5474 societatis
3112 5421 3309 5475 bellica:
3348 5424 3652 5476 discrimen.

2078 5490 2270 5559 Confer
2291 5491 2441 5557 epist.
2465 5489 2588 5541 275.

2147 5581 2249 5633 485
2283 5581 2353 5631 [te
2378 5580 2468 5629 illo
2511 5579 2881 5633 Ecclesiastw:
2914 5602 2930 5631 ι
2978 5580 3193 5635 Vanitas
3238 5584 3549 5647 vanitatum,
3605 5595 3657 5635 et

2077 5652 2247 5703 omnia
2282 5651 2501 5702 sanitas.
2545 5667 2563 5699 ι
2600 5651 2767 5705 lt'ccte.
2804 5665 2839 5715 I,
2887 5654 2939 5702 2.
