3890 6134
0 745 211 810 ἐφιᾶσι

368 261 469 327 133
1528 271 1588 330 S.
1630 271 1923 333 lSIDORI

2057 278 2391 339 LUSIOTIE
3519 285 3613 349 184
3652 230 3665 253 I

366 373 629 427 rationem
690 373 1029 444 signiﬁcant,
1089 390 1484 444 supervacanea
1539 387 1622 432 est
1664 379 1934 435 curiosior

2057 384 2264 455 περιττὴ
2300 387 2333 456 ἡ
2371 386 2661 459 περίεργος
2688 391 2916 462 ζήτησις
2943 393 3056 456 τοῖς
3098 391 3364 463 νουνεχῶς
3389 392 3615 457 τούτους

367 464 670 533 inquisitio,
700 464 765 518 iis
788 466 877 535 qui
923 468 1217 536 prudenter
1246 469 1298 523 in
1338 482 1525 523 eorum
1552 468 1782 525 lectione
1814 486 1935 525 ver-

372 564 579 610 santur.
619 554 880 621 Quocirca
933 559 977 613 si
1032 559 1180 614 cibos
1221 569 1275 614 et
1322 560 1573 614 vestitum
1626 561 1939 616 monasticae

366 646 508 710 vitm,
546 646 699 715 juxta
776 646 941 702 Deum
984 642 1231 719 perfectze
1281 650 1640 721 omnibusque
1708 653 1943 707 numeris

374 735 652 799 absolutae,
696 736 747 790 in
787 735 995 792 Joanne
1027 734 1265 808 Baptista
1315 736 1659 805 didicimus’,
1692 740 1839 809 pilis,
1884 741 1930 794 si

369 825 484 879 ﬁeri
514 836 710 894 potest,
769 828 838 882 ad
892 829 1248 896 obtegendum
1294 844 1491 899 corpus
1536 831 1788 900 contenti
1824 831 1933 885 eri-

364 934 486 975 mus
517 938 532 987 ;
598 921 888 979 herbarum
933 932 1110 978 autem
1144 936 1208 978 ac
1240 922 1489 977 foliorum
1535 921 1935 977 summitatibus

369 1012 437 1065 ad
462 1012 714 1083 exiguam
744 1014 1070 1082 minimeque
1094 1013 1478 1068 redundantem
1511 1012 1843 1075 alimoniam,
1872 1026 1937 1065 ac

363 1103 529 1157 vires.
584 1102 678 1158 Sin
704 1115 880 1158 autem
908 1104 1020 1159 haec
1072 1103 1494 1159 imbecillitatem
1521 1112 1758 1157 nostram
1782 1114 1939 1158 exce-

2043 474 2527 544 ἁναγινώσκουσιν.
2558 482 2622 535 Ei
2664 482 2845 536 τοίνυν
2889 483 2985 537 καὶ
3024 482 3288 555 βρώματα
3321 485 3416 538 καὶ
3448 485 3615 556 ὲσθή·

2044 583 2190 637 ματα
2223 568 2322 638 τῆς
2353 571 2495 625 κατὰ
2542 572 2676 626 Θεὸν
2713 574 2925 638 τελείας
2972 575 3260 645 ἀσκήσεως
3294 578 3350 628 ὲν
3391 575 3617 649 Ἰωάννῃ

2038 655 2117 725 τῷ
2149 656 2426 731 Βαπτιστῇ
2477 663 2896 736 ἐπαιδεύθημεν,
2943 665 3087 737 θριξὶ
3131 667 3251 737 μὲν,
3284 669 3333 720 εί
3370 663 3484 720 οἷόν
3520 685 3616 732 τε,

2040 746 2176 817 πρὸς
2200 750 2406 821 σκέπην
2423 754 2891 827 ἀρκεσθησόμεθα·
2911 758 3243 830 ἀκρέμοσιδὲ
3268 758 3506 829 βοτανῶν
3522 760 3621 814 καὶ

2042 838 2256 907 φύλλων
2290 844 2426 913 πρὸς
2456 844 2641 917 ὀλίγην
2692 849 2895 919 τροφὴν
2939 851 3032 903 καὶ
3058 848 3288 919 δύναμιν
3314 848 3421 925 ’καὶ
3475 849 3619 902 ἀπέ-

2043 944 2243 998 ριττον.
2285 931 2348 984 Εἰ
2382 931 2438 985 δὲ
2476 932 2649 986 ταῦτα
2698 934 2765 987 δι’
2809 936 3091 989 ἀσθένειαν
3144 935 3402 1007 μείζονα,
3445 933 3619 999 τύπος

2043 1020 2175 1088 ἡμῖν
2203 1016 2343 1074 ἔστω
2373 1024 2561 1093 χρείας
2590 1026 2808 1098 ἁπάσης
2852 1028 2945 1080 καὶ
2993 1026 3227 1095 διαίτης,
3263 1028 3355 1079 καὶ
3395 1026 3615 1080 τελειώ-

2046 1123 2203 1175 σεως,
2230 1112 2263 1182 ὴ
2298 1112 2393 1166 τοῦ
2422 1116 2765 1185 προεστῶτος
2792 1117 3085 1187 δοκιμασία
3119 1118 3212 1171 καὶ
3236 1118 3507 1182 κέλευσις.

362 1197 517 1260 dunt,
553 1206 660 1250 tum
682 1198 1013 1254 necessitatis
1046 1198 1247 1263 omnis,
1276 1206 1387 1252 tum
1419 1194 1648 1252 rationis
1707 1197 1922 1252 vivendi
1979 1216 2042 1255 ac
2093 1204 2442 1273 perfectidnis
2484 1210 2840 1279 adipiscendae
2883 1211 3059 1267 forma
3109 1214 3259 1267 nubi-1
3300 1228 3365 1267 ac
3430 1211 3618 1284 regula

364 1291 457 1361 sit,
490 1293 630 1362 quod
666 1295 897 1348 antistes
923 1295 1193 1349 censuerit
1226 1302 1386 1361 atque
1419 1294 1716 1362 imperarit.

816 1404 904 1460 Vl.
934 1437 1001 1449 --
1028 1404 1489 1463 URSENUPHIO.

612 1494 680 1549 In
718 1496 874 1560 illud,
907 1515 926 1547 ι
967 1495 1119 1550 Catia:
1142 1498 1195 1550 in
1217 1512 1377 1550 manu
1406 1497 1639 1550 Domini.
1665 1516 1683 1547 ι

435 1608 584 1664 Calix
616 1611 669 1664 in
709 1626 866 1664 manu
886 1610 1117 1676 Domini,
1144 1610 1253 1665 vini
1287 1611 1419 1663 meri
1451 1610 1637 1679 plenus
1666 1611 1823 1665 misto
1845 1610 1932 1665 ‘°'.

2478 1420 2567 1484 (τι.
2591 1444 2660 1458 -ε
2686 1417 3177 1490 ΟΥΡΣΕΝΟΥΦΙῼ.

2233 1507 2337 1570 Εἰς
2365 1507 2452 1573 τὸ,
2486 1526 2505 1560 ι
2532 1508 2822 1577 Ποτήριον
2847 1512 2918 1564 ἐν
2945 1510 3096 1579 χειρὶ
3125 1507 3366 1577 Kvplou.
3396 1526 3415 1559 ι

2073 1623 2075 1626 ‘
2106 1586 2186 1665 ¹Τὸ
2216 1617 2471 1689 ποτήριον
2514 1620 2572 1673 ὲν
2605 1623 2747 1693 χειρὶ
2790 1624 2995 1695 Κυρίου
3036 1622 3177 1677 οῐνου
3209 1621 3451 1693 ἀκράτου
3480 1619 3619 1691 πλῆ·

366 1700 481 1755 lloc
509 1700 692 1754 divino
734 1700 952 1755 oraculo
993 1701 1136 1768 justa
1194 1702 1556 1755 remuneratio
1600 1701 1932 1769 designatur,

2057 1722 2127 1769 ιες
2163 1707 2524 1779 κεράσματος.
2545 1712 2656 1784 Τὴν
2687 1713 2899 1768 δικαίαν
2927 1715 3182 1786 σημαίνει
3208 1717 3237 1768 ὁ
3268 1713 3409 1777 θεῖος
3445 1728 3617 1783 χρησυ

368 1808 490 1861 ηοω
527 1792 862 1849 humanitate
884 1793 1099 1861 quidem
1141 1806 1207 1847 ac
1250 1792 1621 1846 misericordia
1668 1800 1935 1861 tempera-

372 1884 563 1947 ιον,υὰ
602 1884 846 1938 ciendam
906 1885 973 1938 iis
1018 1884 1412 1953 prenitentiam,
1450 1883 1539 1951 qui
1581 1883 1813 1951 peccatis
1839 1884 1935 1938 de-

370 1970 636 2026 lectantur
666 1970 971 2041 (inclinabit
1013 1971 1154 2025 enim
1199 1986 1265 2025 ex
1301 1973 1402 2026 hoc
1438 1972 1490 2025 in
1535 1973 1655 2037 hoc,
1698 1972 1799 2027 hoc
1833 1983 1936 2037 est,

369 2078 435 2117 ex
461 2063 810 2132 benignitate,
858 2062 909 2116 in
939 2062 1066 2116 illud
1090 2062 1409 2133 supplicium
1453 2063 1593 2132 quod
1643 2062 1939 2118 sceleribus

369 2154 650 2224 debetur).
680 2156 750 2209 At
785 2170 856 2209 ne
889 2170 987 2210 nos
1026 2154 1367 2225 negligentiae
1408 2166 1570 2225 atque
1600 2156 1808 2210 inertia:
1845 2157 1938 2210 de-

371 2246 489 2313 diti,
557 2261 679 2301 eum
732 2246 951 2314 iustitiae
998 2262 1218 2316 prorsus
1280 2248 1544 2311 oblivisci,
1614 2249 1940 2319 cogitatione

370 2337 528 2393 nobis
559 2337 843 2406 ﬁngamus,
867 2337 1066 2392 idcirco
1082 2337 1349 2405 adjectum
1382 2348 1459 2391 est
1486 2358 1498 2392 :
1525 2338 1936 2396 «Verumtamen

372 2426 477 2483 faex
527 2427 643 2496 ejus
672 2442 776 2482 non
830 2437 912 2483 est
948 2428 1245 2487 exinanita.
1279 2447 1297 2480 ι
1336 2428 1596 2495 Quoniam
1625 2432 1668 2485 si
1707 2432 1951 2487 salutem-

372 2519 595 2573 omuino
628 2527 1003 2587 aspernentur,
1042 2519 1145 2574 vim
1175 2519 1420 2574 Numinis
1458 2520 1702 2576 ultricem
1740 2522 1807 2576 ad
1844 2539 1938 2577 ex-

376 2621 604 2665 tremum
635 2610 773 2664 haud
805 2610 1061 2664 latebunt.
1100 2629 1118 2662 ι
1141 2608 1332 2665 Bibent
1355 2612 1516 2676 enim,
1537 2611 1729 2681 inquit,
1755 2628 1941 2668 omnes

372 2709 686 2770 peccatores
714 2709 894 2766 terrae,
926 2719 946 2754 ι
977 2700 1164 2773 judicii
1208 2702 1415 2757 scilicet
1444 2702 1694 2772 poculum
1728 2722 1745 2769 ι
1785 2707 1944 2775 idque

374 2791 591 2851 merito.

827 2883 879 2955 3
897 2882 1486 2939 Vll.—TIMOTHEO.

982 2974 1059 3029 De
1090 2973 1340 3044 Deipara.

447 3088 834 3143 Sacrosanctus
874 3087 1283 3158 Evangeliorum
1310 3090 1501 3154 codex,
1524 3088 1724 3145 Christi
1753 3105 1946 3160 genea-
1973 3068 2018 3126 δ

376 3179 569 3246 logiam
626 3179 677 3232 in
711 3177 1021 3247 .Iosephum,
1062 3193 1231 3247 genus
1291 3194 1355 3233 ex
1390 3178 1592 3234 Davide
1623 3182 1945 3247 trahentem,

378 3270 648 3326 deducens
674 3270 719 3334 ⁸,
750 3270 883 3324 satis
915 3270 1102 3323 imbuit
1129 3281 1225 3345 per
1243 3283 1367 3324 eum
1384 3268 1783 3325 demonstrasse
1823 3268 1933 3325 Vir-

379 3362 558 3431 ginem
587 3374 801 3429 quoque
845 3373 910 3413 ex
960 3360 1168 3424 eadem,
1216 3375 1320 3429 qua
1362 3358 1552 3425 David,
1590 3361 1728 3415 tribu
1768 3372 1947 3426 ortum

382 3451 606 3505 duxisse
634 3469 647 3503 :
678 3457 960 3518 propterea
985 3452 1126 3517 quod
1158 3449 1274 3520 lege
1296 3451 1619 3517 sanciretur,
1660 3462 1717 3505 ut
1758 3454 1948 3507 matri-

382 3543 561 3598 monia
595 3556 658 3596 ex
691 3543 875 3596 eadem
906 3541 1046 3594 tribu
1074 3541 1457 3609 exsisterent}.
1484 3544 1552 3597 At
1583 3558 1712 3599 vero
1746 3544 1952 3600 divino-

384 3649 504 3687 rum
556 3634 862 3702 dog-matum
915 3632 1213 3702 interpres,
1268 3648 1491 3702 magnus
1538 3635 1626 3691 ille
1679 3636 1948 3705 apostolus

382 3718 621 3787 Paulus,
666 3722 944 3779 veritatem
1010 3722 1291 3791 perspicue
1343 3723 1618 3793 explanat,
1665 3741 1786 3779 cum
1850 3726 1951 3779 Do-

384 3815 590 3869 minum
643 3829 706 3867 ex
753 3812 889 3867 Juda
942 3824 1120 3868 ortum
1170 3815 1401 3870 traxisse
1455 3824 1685 3871 testatur
1736 3819 1778 3874 ⁸.
1826 3818 1951 3872 Haec

386 3905 550 3975 igitur
595 3904 808 3958 acutius
857 3904 1168 3973 certiusque
1196 3905 1392 3970 sciens,
1440 3921 1506 3961 ne
1549 3906 1952 3962 dissimulanter

387 4012 453 4050 ac
501 3994 821 4049 veteratorie
875 3994 1220 4063 qnznstionem
1281 3996 1419 4051 hanc
1469 3997 1598 4052 mihi
1652 4010 1943 4067 proponas.

388 4087 498 4141 Nec
527 4088 671 4140 enim
716 4086 844 4140 mihi
876 4088 1164 4141 obscurum
1218 4097 1323 4153 est,
1360 4096 1410 4142 te
1448 4088 1711 4143 vilitatem
1745 4088 1833 4145 hic
1858 4105 1953 4144 aue

388 4177 594 4245 cuparL

923 4266 1054 4324 Vill.
1080 4298 1152 4309 —
1185 4267 1410 4323 EIDEM.

457 4356 790 4412 Noderalum
824 4374 932 4411 esse
960 4368 1195 4425 oportere
1225 4359 1613 4413 exercitationis
1638 4360 1887 4415 laborem.

2047 1796 2144 1865 μὺς
2183 1797 2555 1866 ἀνταπόδοσιν,
2596 1804 2937 1875 κιρνωμένην
2968 1802 3046 1875 (6)
3099 1805 3197 1874 μὲν
3236 1802 3620 1872 φιλανθρωπίᾳ

2045 1887 2180 1956 πρὸς
2212 1891 2573 1960 μεταμέλειαν
2600 1893 2709 1946 τῶν
2739 1894 3035 1964 χαιρόντων
3059 1897 3169 1957 τοῖς
3192 1893 3585 1963 ἁμαρτήμασιν
3602 1908 3616 1922 ⁸

2045 1977 2219 2032 ἔκλινε
2243 1980 2351 2051 γὰρ
2375 1983 2441 2035 ἐκ
2464 1982 2655 2036 τούτου
2682 1985 2762 2047 είς
2787 1984 2964 2050 τοῦτο,
2991 1986 3056 2038 ὲκ
3083 1984 3184 2053 τῆς
3208 1983 3396 2052 φιλανθ
3404 1981 3620 2053 ρωπίας

2044 2064 2289 2133 δηλονότι
2344 2069 2425 2131 εἰς
2454 2069 2557 2140 τὴν
2583 2072 3033 2143 χρεωστουμένην
3061 2076 3174 2136 τοῖς
3201 2072 3507 2141 πταίσμασι
3539 2086 3621 2123 τι-

2048 2154 2257 2223 μωρίαν
2281 2158 2374 2211 καὶ
2402 2157 2617 2212 δικαίαν
2664 2160 2865 2231 κρίσιν.
2900 2161 3039 2214 Ἀλλ’
3079 2161 3165 2214 ἵνα
3206 2162 3279 2231 μὴ
3337 2160 3622 2224 παντελῶς

2047 2241 2439 2314 φαντασθῶμεν
2472 2246 2900 2319 (ὲπιλησμονεῖν)
2949 2250 3049 2321 τῆς
3083 2250 3236 2320 δίκης
3270 2251 3321 2302 οἱ
3357 2249 3616 2321 ῥᾴθυμοι,

2052 2350 2071 2383 ι
2091 2333 2236 2404 Πλὴν
2255 2334 2284 2386 ὁ
2310 2336 2539 2411 τρυγίας
2549 2338 2715 2391 αὐτοῦ
2730 2340 2830 2394 οὐκ
2840 2340 3157 2410 ὲξεκενώθη,
3173 2360 3191 2391 ι
3214 2340 3616 2412 προστέθειται.

2048 2418 2168 2472 Ὅτι
2197 2422 2246 2472 εί
2280 2422 2459 2475 τέλεον
2489 2426 2766 2495 σωτηρίας
2797 2431 3320 2500 καταφρονήσουσιν,
3349 2431 3428 2493 είς
3461 2429 3622 2484 ὓστε-

2049 2524 2140 2577 ρον
2164 2511 2263 2580 τὴν
2288 2509 2443 2582 δίκην
2464 2514 2525 2567 ού
2556 2513 2829 2586 λήσουσι.ι
2857 2518 3075 2571 Πίονται
3094 2519 3221 2591 γὰρ,
3245 2520 3399 2590 φησὶ,
3420 2520 3623 2588 πάντες

2046 2600 2094 2650 οἱ
2124 2598 2437 2668 ἁμαρτωλοὶ
2465 2602 2565 2674 τῆς
2590 2604 2713 2674 γῆς,
2742 2625 2762 2658 ι
2795 2604 2858 2658 τὺ
2889 2606 2990 2677 τῆς
3017 2607 3248 2678 κρίσεως
3275 2608 3502 2673 εἰκότως
3514 2623 3618 2677 πο.

2046 2689 2251 2758 τήριον.

2469 2876 2544 2929 Ζο.
2594 2905 2666 2915 -
2713 2877 3014 2950 rumeno
3072 2880 3197 2953 (7),

2528 2962 2668 3031 Περὶ
2698 2963 2807 3033 τῆς
2839 2968 3153 3022 Θεοτόκου.

2114 3070 2198 3124 "H
2255 3073 2353 3142 μὲν
2412 3071 2534 3143 ἱερὰ
2567 3074 2676 3126 τῶν
2721 3075 3071 3144 Εὐαγγελίων
3118 3077 3319 3148 πυκτὴ.
3350 3078 3384 3148 ἡ
3419 3078 3503 3141 είς
3530 3077 3626 3132 τὸν

2038 3186 2041 3189 ~
2067 3159 2263 3231 Ἰωσὴφ
2288 3162 2386 3232 τὴν
2415 3163 2759 3232 γενεαλογίαν
2789 3165 3103 3234 κατάγουσα
3132 3169 3196 3220 ἐκ
3223 3166 3317 3219 τοῦ
3338 3166 3505 3220 Δασὶδ
3536 3167 3625 3220 ἕλ-

2057 3264 2219 3305 κοντα
2254 3251 2353 3321 τὴν
2384 3253 2727 3322 συγγένειαν,
2774 3256 3018 3328 ἠρκέσθη
3050 3256 3116 3309 δι’
3143 3256 3309 3311 αὐτοῦ
3342 3257 3623 3322 ἀποδεῖξαι

2057 3341 2150 3393 καὶ
2173 3340 2271 3412 τὴν
2302 3342 2575 3413 Παρθένον
2606 3344 2699 3399 τοῦ
2731 3347 2893 3403 Δαϐὶδ
2924 3348 3319 3419 συμφυλέτιδα·
3352 3347 3447 3402 τοῦ
3480 3346 3625 3401 θείου

2056 3430 2220 3501 νόμου
2262 3433 2361 3496 τὰς
2409 3434 2669 3503 συζυγίας
2708 3438 3041 3506 αὺτοφύλους
3081 3440 3428 3505 θεσπίζοντος
3477 3438 3626 3507 γίνεο

2060 3522 2203 3576 σθαι.
2245 3523 2304 3578 '0
2355 3523 2412 3578 δὲ
2460 3525 2569 3579 τῶν
2619 3527 2882 3597 οὐρανίων
2930 3529 3217 3601 ὑποφήτης
3261 3529 3569 3599 δογμάτων,
3597 3530 3628 3581 ὁ

2061 3614 2235 3683 μέγας
2279 3614 2575 3679 ἀπόστολος
2615 3616 2857 3683 Παῦλος,
2910 3619 3207 3688 ἀναφανδὸν
3242 3620 3494 3688 διασαφεῖ
3529 3616 3629 3681 τὴν

2059 3702 2339 3772 ἀλήθειαν,
2368 3706 2431 3758 ὲκ
2456 3704 2548 3757 τοῦ
2582 3705 2750 3759 Ἰούδα
2783 3708 3074 3781 μαρτυρῶν
3098 3706 3369 3763 ἀνατεῖλαι
3398 3710 3489 3762 τὸν
3518 3706 3632 3761 Κύ-

2062 3809 2196 3863 ριον.
2229 3792 2415 3847 Ταῦτα
2442 3794 2498 3847 δὲ
2529 3794 2855 3865 δριμύτερον
2902 3798 3284 3868 ἐπιστάμενος,
3325 3797 3401 3868 μὴ
3449 3798 3631 3868 εἰρω-

2058 3883 2214 3938 νεύου
2238 3883 2338 3955 τὴν
2366 3886 2723 3958 ὲπερώτησιν.
2756 3888 2830 3942 Οὐ
2864 3888 2974 3960 γὰρ
3006 3888 3290 3962 λανθάνεις
3319 3888 3503 3962 θηρῶν
3530 3887 3630 3961 τὴν

2060 3976 2353 4030 εὐτέλειαν.

2604 4264 2683 4317 H'.
2710 4295 2777 4306 -
2798 4262 2883 4338 To
2921 4268 3117 4338 ΑΥΤῼ.

2028 4420 2033 4421 ί
2064 4324 2184 4408 Ὅτι
2213 4356 2554 4423 σύμμετρον
2580 4358 2695 4425 χρὴ
2727 4324 2879 4410 εἶναί
2920 4358 3027 4411 τὸν
3061 4324 3379 4426 ἀσκήσεως
3416 4364 3627 4415 πόνον.

466 4446 926 4516 Quemadmodum
957 4462 1105 4513 caro,
1146 4463 1267 4502 cum
1311 4447 1512 4517 optimo
1556 4449 1715 4515 valet,
1760 4451 1827 4503 ad
1872 4465 1948 4505 se-

2133 4449 2210 4518 (8)
2239 4450 2450 4519 Ὥσπερ
2478 4422 2842 4519 ύπωπτιασμοῦ
2873 4448 3044 4504 δεῖται
3068 4451 3104 4520 η
3133 4422 3428 4504 εὐεκτοῦσα
3466 4452 3622 4524 σὰρξ,

430 4585 451 4617 ⁸
486 4585 670 4640 Matth.
704 4600 786 4647 tu,
818 4585 882 4647 4;
962 4585 1124 4639 Marc.
1154 4598 1193 4648 ι,
1216 4598 1267 4639 υ.
1343 4586 1412 4617 ⁸ο⁸
1441 4588 1582 4640 Psal.
1616 4602 1798 4649 Lmv,
1830 4586 1881 4641 9.

2057 4588 2191 4641 attb.
2222 4602 2261 4651 t,
2285 4584 2438 4641 l-lli.
2512 4587 2531 4617 '
2557 4585 2717 4639 Num.
2747 4602 2931 4653 xxxvr,
2955 4586 3009 4643 8.
3084 4586 3107 4620 ⁸
3132 4585 3295 4644 Hebr.
3323 4604 3420 4654 vir,
3460 4593 3547 4647 14.

1514 4722 1747 4777 γΑῐιιΑι
1797 4722 2178 4779 LECTiONES
2219 4723 2303 4781 ET
2337 4721 2568 4778 NOTIE.

474 4836 549 4908 (6)
590 4836 741 4891 Vers.
772 4837 805 4891 5
839 4852 936 4906 pro
968 4835 1313 4908 κιρνωμένην
1343 4833 1619 4908 μὲνᾼοοιιιι.
1654 4835 1962 4908 Sl'nrtianus

403 4919 457 4961 et
486 4906 785 4960 ‘Allaemsis
820 4906 1153 4977 κιρναμένην
1191 4906 1867 4977 tatttutn_‘habeut.“Veis.
1904 4906 1959 4977 ii,

405 4994 499 5046 pm
530 4978 590 5027 ἐκ
618 4977 728 5048 τῆς
750 4973 1153 5048 φιλανθρωπίας
1193 4974 1347 5048 eudd.
1384 4973 1551 5048 Sim}.
1597 4986 1651 5028 et
1682 4973 1958 5048 νδιηοιξ),

404 5044 583 5117 legunt
603 5046 709 5117 jrhv
738 5044 1164 5117 φιλανθρωπίαν.
1192 5044 1354 5117 _Vers.
1389 5045 1421 5099 8
1447 5083 1463 5107 ,
1502 5044 1619 5097 loco
1648 5045 1923 5117 παντελῶς
1944 5084 1957 5105 ,

405 5112 524 5171 cod.
557 5112 840 5184 Altnemsis
882 5112 1121 5181 παντελῆ
1141 5154 1158 5184 ,
1179 5113 1308 5184 loco
1338 5114 1949 5184 αυιοιιιώφαντασθῶμεν

407 5185 529 5236 cod.
566 5182 733 5236 Sion.
788 5193 841 5236 et
875 5184 1047 5239 Vatic.
1098 5182 1231 5247 649,
1265 5181 1646 5250 φαντασθώσιν
1683 5181 1957 5238 exitibent.

410 5254 578 5307 Versu
610 5252 899 5323 undecimo
927 5255 1067 5323 quod
1113 5254 1166 5323 in
1216 5254 1374 5307 editis
1420 5254 1657 5306 cernitur
1687 5254 1734 5306 εί
1779 5253 1958 5307 τέλεον

410 5322 703 5391 σωτηρίας.
734 5321 786 5394 in
818 5338 917 5374 IIIS.
947 5321 1285 5377 emendatius
1343 5332 1565 5391 apparet
1606 5324 1653 5376 εί
1687 5324 1847 5377 πλέον
1872 5324 1968 5394 τῆς

410 5390 573 5452 omn,
590 5404 696 5445 etc.
734 5390 948 5447 Possm.

484 5462 559 5531 (7)
593 5462 645 5515 In
685 5461 838 5531 titulo
864 5468 987 5531 post
1004 5475 1187 5515 vocem
1220 5460 1469 5531 Τιμοθέῳ
1500 5462 1619 5517 cod.
1660 5462 1765 5516 Alt.
1794 5462 1961 5525 addit,

412 5528 751 5604 ἀναγνῴστῃ.
788 5528 1025 5604 Yc‘rs._i,
1050 5529 1353 5604 ριὀπυκτὴ
1374 5528 1541 5604 codex
1573 5532 1712 5604 idem
1746 5532 1968 5604 exhibet

413 5597 643 5669 πτυκτὴ,
676 5597 817 5655 haud
847 5601 1003 5669 paulo
1027 5597 1350 5669 ciort'eclius.’
1376 5597 1527 5669 Ἶρι-ε.
1558 5602 1612 5664 ι,
1637 5619 1729 5669 pro
1751 5600 1843 5654 τοῦ
1865 5602 1967 5653 Δα-

415 5671 499 5729 διδ
534 5667 699 5727 Vatic.
735 5667 879 5737 649—,
903 5669 1083 5727 etAlt.
1129 5667 1331 5724 habent
1363 5667 1440 5737 τῷ
1480 5667 1661 5725 Δαϐίδ.
1710 5670 1828 5727 Mox
1876 5671 1967 5731 Al-

2069 4836 2287 4907 taernsis
2318 4835 2649 4904 συμφυλέτιν
2677 4838 2885 4901 scribit,
2923 4851 3027 4891 non
3055 4846 3113 4907 ut
3140 4835 3318 4890 editus
3348 4837 3631 4907 συμφυλέ-

2063 4904 2717 4976 ct§a,0t_versu_sequeuti
2745 4922 2847 4959 non
2881 4906 3238 4976 αύτοφύλους,
3268 4908 3361 4959 sed
3390 4904 3634 4976 αὐτοφυ-

2067 4974 2210 5038 λοῦς.
2249 4972 2416 5043 Versu
2446 4973 2475 5025 7
2498 4972 2641 5028 edita
2680 4977 2743 5028 ὲκ
2776 4976 2870 5028 τοῦ
2916 4972 3084 5029 Ἰούδα
3111 5015 3127 5041 ,
3180 4990 3311 5039 mss,
3351 4977 3410 5043 ἐξ
3456 4972 3626 5031 Ἰούδα

2062 5046 2183 5116 sine
2213 5042 2464 5116 articulo
2512 5045 2775 5116 scribunt.
2826 5045 3065 5116 Denique
3106 5059 3251 5116 vers.
3298 5046 3484 5099 ultimo
3535 5063 3633 5116 pro

2062 5112 2345 5175 λανθάνεις
2371 5115 2490 5166 eod.
2524 5114 2643 5168 Vat.
2672 5114 2796 5177 649.
2834 5112 3314 5184 legit—pavebam,
3347 5112 3629 5181 aberra'us,

2066 5185 2280 5252 opinor,
2313 5196 2343 5235 a
2379 5196 2535 5249 vero;
2566 5200 2687 5237 nam
2720 5185 2945 5239 editioni
2978 5185 3099 5238 eod.
3134 5185 3243 5237 Alt.
3280 5185 3630 5253 astipulatur,
3680 5222 3690 5231 ι

2068 5263 2125 5309 et
2163 5254 2564 5324 ipsa_sententia
2593 5253 2877 5324 λανθάνεις
2914 5254 3124 5308 videtur
3153 5254 3393 5324 exigere.
3425 5255 3633 5312 Possm.

2144 5322 2223 5393 (8)
2279 5319 2429 5393 Vers.
2460 5321 2515 5387 4,
2563 5337 2666 5377 vox
2704 5323 2850 5393 ψυχὴ
2882 5324 3033 5378 deest
3074 5319 3287 5393 ianai.
3330 5326 3454 5376 cod.
3506 5326 3631 5387 649,

2073 5390 2173 5448 nec
2204 5390 2341 5459 sane
2369 5390 2421 5443 in
2457 5390 2729 5447 contextu
2759 5390 3075 5459 requiritur,
3112 5391 3198 5445 ubi
3227 5394 3363 5446 satis
3389 5408 3631 5459 congrue

2072 5458 2388 5514 vocabulum
2424 5460 2561 5531 σὰρξ
2587 5462 2693 5515 ἀπὸ
2719 5458 2897 5516 κοινοῦ
2946 5463 3327 5531 restituendum
3365 5476 3423 5515 se
3452 5458 3633 5517 offert.

2072 5531 2236 5602 l’aulo
2266 5531 2531 5602 postAVice
2565 5532 2714 5602 verbi
2749 5530 3192 5602 ὑπεραυγάζηται
3220 5534 3342 5587 cod.
3381 5531 3502 5602 Vat.
3529 5532 3637 5602 649

2069 5597 2343 5720 syultstitu‘it
2386 5597 2770 5671 ὑπερείδηται·
2818 5597 3103 5657 Mtaeinsis
3150 5607 3332 5655 autem
3381 5600 3632 5674 ὑπεργά-

2071 5686 2229 5720 υηται
2328 5681 2490 5720 OSSIN.

2071 5681 2229 5733 ςηται
2288 5681 2490 5723 rossrs.
