3944 6138
334 252 428 314 18Ἱ

1483 259 1543 317 S.
1591 253 1881 314 ISIDORI
1919 249 2354 312 PELUSlOT/E

3464 243 3567 308 188

330 364 542 418 etiamsi
595 365 772 422 minus
795 366 1216 434 Icontumeliose,
1263 383 1423 438 quam
1476 384 1598 421 cum
1650 366 1892 429 Socrate,

2010 364 2142 432 βέλει
2191 366 2256 434 τῇ
2295 362 2665 434 μεγαλοψυχίᾳ
2695 363 3069 434 τρωθησεται,
3116 363 3148 434 ἢ
3201 378 3295 416 και
3337 359 3448 414 ἔσθ’
3475 362 3565 414 ὅτε

333 459 510 505 tecum
533 462 712 508 actunt
736 456 848 510 sit:
884 467 1070 511 contra
1117 467 1292 525 autem
1336 457 1424 512 ille
1456 457 1620 510 animi
1661 457 1736 510 tui
1781 470 1893 508 ma-

333 541 613 607 gnitudine
669 553 920 615 tanquam
978 550 1082 602 telo
1132 548 1462 602 sauciabitur
1511 566 1526 602 :
1578 556 1670 601 aut
1730 549 1892 601 etiam

278 685 286 728 ί
334 631 624 699 aliquando
651 649 679 688 a
719 639 970 703 peccandi
1013 639 1249 692 studiosa
1297 648 1474 692 mente
1516 654 1580 693 ac
1620 639 1797 707 lingua
1839 637 1892 690 in

335 723 526 776 melius
576 726 866 780 mutabitur
900 745 914 780 :
959 730 1178 798 tibique,
1227 739 1287 782 ut
1323 729 1547 798 hujusce
1582 731 1894 785 mutationis

337 813 569 878 auctori,
605 817 833 883 gratiam
861 818 1100 874 habebit.

828 927 939 983 XII.
965 959 1034 969 —
1054 930 1390 987 ΛΜΜΟΝΙΟ.

405 1035 516 1089 Etsi
548 1037 733 1091 vitium
777 1040 1038 1105 occultas,
1064 1052 1240 1095 tamen
1274 1053 1492 1111 apparet
1520 1054 1568 1098 te
1597 1044 1777 1098 animo
1811 1044 1895 1097 in-

335 1126 473 1187 Ilari,
504 1139 665 1197 atque
714 1129 850 1182 ultra
901 1146 1061 1199 quam
1110 1143 1164 1184 ct
1192 1148 1382 1202 genus,
1418 1143 1472 1188 et
1499 1135 1682 1199 robur,
1727 1145 1781 1188 et
1817 1135 1896 1188 di-

335 1216 510 1283 gnitas
541 1227 628 1271 tua
660 1217 815 1285 ferat,
862 1219 1164 1288 superbire.
1215 1221 1576 1287 Quamobrem
1627 1233 1720 1278 aut
1766 1239 1896 1279 con-

335 1317 612 1370 gruentent
653 1308 745 1362 tibi
795 1309 1035 1364 animum
1090 1311 1301 1382 collige,
1365 1326 1456 1368 aut
1519 1315 1652 1370 scito
1724 1325 1776 1370 te
1829 1314 1897 1368 ab

335 1396 584 1452 omnibus
624 1398 854 1453 irrideri.

621 1507 759 1563 XIII.
781 1541 846 1550 --
869 1509 1215 1566 LAMI’ETIO
1252 1513 1600 1572 MONACHO.

404 1616 520 1682 Quo
564 1627 806 1686 tempore
850 1622 915 1674 ad
964 1623 1210 1679 sublimis
1239 1634 1293 1680 et
1325 1627 1552 1681 excelsa:
1590 1629 1711 1680 vita:
1741 1643 1896 1682 mon-

1995 455 2095 523 τῆς
2137 454 2615 524 φιλαμαρτήμονος
2671 453 3137 524 μεταϐληθήσεται
3202 453 3296 506 καὶ
3340 451 3564 523 γνώμης

1995 547 2090 599 καὶ
2125 545 2405 614 γλώσσης,
2445 547 2539 598 καὶ⁸
2581 544 2742 615 χάριν
2774 562 2858 598 σοι
2899 546 3103 598 εἴσεται
3147 543 3222 606 ὡς
3264 543 3421 614 αἰτίῳ
3463 543 3565 612 τῆς

1995 634 2346 698 ἀλλοιώσεως.

2407 911 2506 965 IB'.
2529 941 2600 950 —
2627 911 2944 982 ΔΜΜΩΝΙῼ
3005 909 3138 984 (12).

2066 1026 2127 1078 El
2155 1023 2251 1077 καὶ
2277 1024 2537 1096 κρύπτεις
2561 1025 2621 1078 τὸ
2646 1026 2887 1096 ἥττημα,
2929 1024 3068 1080 ἀλλά
3098 1026 3260 1096 φαίνῃ
3304 1025 3567 1096 φυσώμε-

1994 1118 2256 1190 νοςιπέρα
2303 1117 2397 1170 καὶ
2436 1116 2527 1170 τοῦ
2562 1117 2784 1183 γένους,
2817 1118 2913 1171 καὶ
2942 1117 3043 1187 τῆς
3092 1117 3294 1187 ίσχύος,
3329 1117 3427 1169 καὶ
3463 1115 3566 1184 τῆς

1995 1209 2147 1273 ἀξίας
2172 1225 2264 1261 σου
2291 1208 2710 1277 φρυαττόμενος,
2740 1210 2810 1260 Ἦ
2840 1209 3019 1260 τοίνυν
3046 1209 3356 1279 σύμμετρον
3381 1205 3568 1276 σαυτῷ

1997 1300 2192 1368 κτῆσαι
2223 1298 2495 1369 φρόνημα,
2523 1297 2555 1367 ἦ
2590 1296 2698 1350 ἴσθι
2733 1298 2885 1368 παρά
2915 1298 3133 1352 πάντων
3163 1298 3494 1368 γελώμενος.

2315 1515 2411 1568 II".
2434 1543 2505 1556 —
2537 1514 2895 1583 ΛΑΜΠΕΤΙῼ
2933 1513 3242 1583 MONqu.
3279 1493 3285 1500 ’

2069 1627 2196 1678 Ὅτε
2227 1625 2305 1696 τῷ
2349 1626 2464 1696 ὄρει
2495 1626 2594 1695 τῆς
2633 1625 2842 1695 ὑψηλῆς
2881 1624 3153 1687 πολιτείας
3187 1622 3566 1694 προσέϐαινες,

337 1715 444 1758 tem
472 1707 783 1772 accedebas,
816 1717 976 1778 atque
1027 1711 1205 1765 abluta
1249 1723 1396 1768 veste
1435 1731 1498 1768 ac
1523 1717 1795 1781 sensibus,
1828 1716 1892 1768 ad

2010 1719 2090 1770 ιαί
2117 1715 2450 1787 πλυνάμενος
2470 1716 2671 1786 ὲσθῆτα
2695 1716 2788 1769 καὶ
2811 1715 3080 1785 αἴσθησιν,
3112 1715 3246 1785 πρὸς
3272 1715 3370 1783 τὴν
3395 1715 3565 1784 ἀκοὴν

338 1795 640 1848 divinorum
667 1797 972 1867 dogmatum
1004 1801 1331 1856 auditionem
1357 1813 1542 1873 pectus
1569 1805 1890 1870 adornabas,

2010 1809 2104 1862 τῶν
2143 1809 2301 1862 θείων
2330 1809 2616 1877 δογμάτων
2658 1808 2754 1878 τὴν
2787 1807 3011 1876 καρδίαν
3052 1806 3400 1876 ηὑτρέπιζες,
3432 1807 3569 1859 πάν-

341 1896 678 1943 terrenarum
754 1905 932 1945 rerum
1003 1893 1310 1946 memoriam
1377 1910 1596 1964 prorsus
1665 1897 1898 1966 abjicere

2010 1918 2102 1963 rm;
2151 1899 2498 1952 ἐπιλαθέσθαι
2543 1900 2652 1952 τῶν
2702 1899 3056 1968 χαμαιζήλων
3091 1898 3430 1966 βεϐούλευσο,
3478 1898 3568 1950 ἵνα

337 1981 684 2047 constituisti,
723 1981 872 2035 utad
907 1982 1157 2036 virtutum
1205 2000 1384 2040 arcem
1434 1999 1739 2056 pervectus,
1785 1999 1896 2043 tum

2010 1992 2133 2061 πρὸς
2159 1991 2253 2061 τὴν
2283 1990 2577 2060 ἀκρόπολιν
2604 1990 2815 2057 φθάσας
2841 1990 2947 2040 τὼν
2973 1989 3207 2062 ἀρετῶν,
3223 1991 3324 2056 ⁵καὶ
3350 2006 3570 2058 χρημα-

340 2069 504 2121 Deum
549 2070 765 2123 oracula
801 2073 1046 2126 edentem
1097 2075 1313 2130 audires
1350 2094 1364 2131 :
1403 2087 1514 2131 tum
1556 2093 1622 2132 eo
1657 2089 1894 2134 veterem

2010 2079 2234 2143 τίξοντος
2257 2080 2493 2149 ἀκούσῃς
2515 2076 2670 2140 Θεοῦ,
2699 2078 2790 2131 καὶ
2814 2077 2934 2140 ταῖς
2966 2066 3254 2148 σαρκικαῖς
3284 2076 3446 2143 πλαξὶ
3476 2077 3568 2129 τὸν

336 2158 504 2228 legem
533 2161 584 2213 in
610 2163 916 2216 carnalibus
950 2165 1145 2220 tabulis
1197 2166 1547 2234 iuscribente,
1582 2170 1757 2223 tabula
1787 2172 1898 2238 ipse

2010 2172 2222 2226 παλαιὸν
2266 2172 2428 2242 νόμον
2458 2172 2568 2239 (I5)
2609 2171 3007 2240 έγγράφοντος,
3056 2167 3241 2232 πυξίον
3279 2171 3413 2238 γένῃ
3447 2167 3570 2222 θεό-

337 2251 592 2306 divinitus
624 2253 868 2309 confecta
891 2257 1204 2311 exsisteres.
1234 2259 1304 2310 At
1337 2274 1462 2312 vero
1493 2275 1634 2314 nunc
1677 2261 1807 2314 illud
1833 2261 1898 2316 de

2010 2283 2239 2320 ιευκτον.
2269 2267 2351 2318 Τά
2377 2266 2433 2318 δὲ
2461 2264 2556 2318 νῦν
2585 2265 2712 2335 περὶ
2739 2264 2833 2316 σοῦ
2867 2264 3017 2334 παρὰ
3047 2263 3268 2326 πάντων
3302 2263 3566 2332 ᾀδόμενα,

338 2350 390 2394 te
417 2343 655 2395 omnium
687 2359 781 2397 ore
821 2344 1156 2409 decantatur,
1185 2355 1236 2400 te
1280 2348 1494 2416 quidem
1547 2351 1736 2402 salutis
1773 2364 1899 2404 ara-

339 2440 478 2485 trum
504 2443 751 2503 prompto
773 2445 932 2502 atque
945 2435 1107 2490 alacri
1126 2438 1304 2491 animo
1324 2438 1616 2505 arripuisse
1631 2440 1694 2502 ¹²,
1713 2455 1896 2493 verum

337 2537 436 2591 per
457 2522 721 2591 ignaviam
753 2539 815 2578 ac
841 2536 1108 2593 torporem
1141 2536 1435 2581 retrorsum
1462 2545 1644 2583 rursus
1670 2546 1892 2585 conver-

339 2626 458 2665 sum
493 2628 630 2666 esse.
667 2614 1023 2678 Quamobrem
1056 2617 1102 2669 si
1137 2627 1188 2669 te
1235 2616 1470 2670 Simonis
1513 2617 1556 2648 ¹³
1595 2619 1896 2687 exemplum

343 2717 448 2754 non
487 2712 670 2766 terret,
703 2706 793 2770 qui
818 2721 939 2758 cum
973 2707 1274 2772 baptizatus
1304 2707 1515 2772 fuisset,
1546 2724 1606 2763 ac
1641 2709 1903 2764 ministris

337 2792 542 2847 Christi
583 2795 832 2848 comitem
871 2810 930 2849 se
970 2796 1302 2864 praebuisset,
1354 2815 1539 2853 rursus
1581 2802 1648 2853 ad
1675 2815 1760 2854 res
1785 2816 1899 2865 eas,

337 2899 458 2953 qua:
488 2899 554 2938 ex
603 2887 826 2940 materia
875 2895 1150 2952 constant,
1191 2903 1438 2944 reversus
1467 2899 1550 2944 est
1597 2891 1700 2959 (ob
1742 2891 1902 2960 idque

339 2976 502 3028 etiam
534 2991 600 3030 ex
632 2980 739 3032 alto
765 2978 930 3032 miser
961 2978 1012 3031 in
1043 2988 1270 3034 mortem
1316 2983 1605 3037 multorum
1652 2997 1902 3036 sermone

337 3067 814 3124 celebratissimam
875 3085 1111 3140 praeceps
1165 3075 1312 3138 ruit,
1370 3083 1428 3128 ut
1480 3089 1547 3128 ex
1584 3089 1689 3128 una
1736 3055 1974 3143 ipsiusC

339 3163 496 3214 ruina
548 3163 890 3232 perspicuum
934 3165 1184 3218 omnibus
1237 3167 1346 3230 Iiat,
1391 3167 1586 3235 quibus
1627 3167 1904 3236 suppliciis

341 3247 484 3316 digni
541 3249 669 3312 sint,
703 3251 792 3317 qui
845 3249 1062 3304 caeleste
1120 3253 1446 3307 curriculum
1503 3255 1900 3322 mentiuntur),

340 3337 580 3394 Simonis
629 3341 872 3409 vestigiis
941 3341 1214 3409 animique
1277 3343 1520 3397 instituto
1580 3343 1742 3398 hazre.
1805 3342 1902 3396 Sin

341 3439 519 3482 autem
571 3431 816 3499 quisquis
875 3431 1070 3484 tuentis
1118 3447 1181 3486 ac
1236 3433 1462 3486 rationis
1520 3447 1738 3500 compos
1791 3442 1898 3499 est,

344 3519 482 3573 hanc
513 3536 727 3589 pinnam
761 3521 816 3575 in
853 3523 1098 3578 hostibus
1141 3537 1355 3592 quoque
1389 3525 1590 3586 horret,
1619 3538 1681 3577 ac
1710 3524 1903 3592 depre-

343 3623 517 3676 catur,
569 3625 722 3681 pacta
770 3630 892 3670 cum
940 3613 1053 3670 Deo
1100 3617 1226 3670 inita
1281 3617 1458 3685 exple.
1500 3617 1776 3686 ipsiusque
1821 3621 1904 3673 vi-

2000 2355 2350 2409 ὲπιλαὸέσθαι
2390 2355 2571 2430 μέν-σε
2600 2353 2694 2407 τοῦ
2723 2354 2952 2424 ἀρότρου
2981 2351 3402 2424 τῆςθσωτηρίας,
3431 2369 3572 2422 προ-

1999 2449 2185 2518 θύμως
2209 2429 2661 2515 ἀπαγγέλλουσιν,
2683 2441 2762 2510 είς
2781 2429 3027 2499 ’τούπίσω
3049 2445 3103 2497 δὲ
3124 2445 3284 2498 πάλιν
3307 2445 3566 2514 ἀνεστρά-

2001 2538 2127 2604 φθαι
2165 2537 2531 2607 ναρκήσαντα.
2587 2536 2646 2587 El
2684 2535 2863 2588 τοίνυν
2912 2552 2970 2586 σε
3022 2535 3096 2605 μὴ
3145 2533 3300 2603 φοϐεῖ
3341 2533 3401 2585 τὸ
3435 2534 3572 2586 ὑπό-

1999 2632 2216 2698 δειγμα,
2248 2627 2339 2680 καὶ
2368 2625 2752 2696 βαπτισθέντος
2783 2625 3042 2694 Σίμωνος,
3073 2626 3166 2678 κα)¹
3195 2627 3305 2688 τοῖς
3330 2625 3572 2693 Χριστοῦ

1999 2717 2263 2780 διακόνοις
2295 2714 2773 2785 ἀκολουθήσαντος,
2805 2714 2899 2766 καὶ
2934 2712 3069 2783 πρὸς
3098 2712 3196 2781 τὴν
3227 2711 3358 2782 ὓλην
3407 2712 3572 2765 πάλιν

2001 2808 2483 2877 ἀναχωρήσαντος*
2513 2805 2578 2857 δι’
2619 2806 2683 2874 ἣν
2715 2805 2810 2856 καὶ
2861 2803 2918 2868 ἐξ
2969 2803 3137 2871 ὕψους
3191 2802 3498 2873 κατηνέχθη
3543 2805 3574 2855 ὁ

2001 2901 2228 2962 δείλαιος
2257 2898 2389 2968 πρὸς
2417 2898 2504 2948 τὸν
2534 2895 2962 2966 πολυθρύλλητον
2991 2895 3240 2957 θάνατον,
3273 2895 3356 2946 ἵνα
3384 2893 3571 2964 δειχθῇ

2003 2989 2078 3053 ὡς
2107 2988 2165 3054 ἐξ
2196 2988 2312 3050 ἐνὸς
2339 2986 2430 3052 τοῦ
2477 2987 2606 3050 κατ’,
2623 2987 2827 3040 ἐκεῖνον
2859 2985 3169 3054 πτώματος,
3203 2986 3330 3037 οἴων
3365 2986 3572 3054 τυγχά-

2009 3096 2190 3132 νουσιν
2219 3077 2358 3142 άξιοι
2379 3118 2393 3141 ,
2437 3080 2485 3130 οἱ
2533 3078 2776 3148 οὐράνιον
2808 3077 3006 3147 δρόμον
3038 3076 3357 3146 ψευδόμενοι
3385 3092 3398 3106 ’
3446 3075 3575 3145 ἔχου

2011 3173 2106 3239 τῆς
2158 3169 2466 3240 προθέσεως
2496 3168 2755 3238 Σίμωνος.
2790 3168 2851 3220 El
2883 3167 2939 3220 δὲ
2980 3169 3086 3230 πᾶς
3130 3167 3276 3228 ὅστις
3311 3166 3429 3228 νοὸς
3479 3166 3576 3218 καὶ

2009 3259 2167 3326 λόγου
2210 3258 2520 3327 μετείληφε,
2541 3257 2646 3310 κάν
2673 3259 2782 3319 τοῖς
2813 3256 3027 3327 ἐχθροῖς
3055 3256 3154 3326 τὴν
3178 3255 3334 3325 δίκην
3358 3254 3576 3324 ἐκείνην

2009 3351 2332 3419 ἀπεύχεται·
2362 3348 2643 3417 πλήρωσον
2666 3347 2762 3410 τάς
2791 3346 2924 3416 πρὸς
2945 3345 3036 3398 τὸν
3057 3345 3258 3416 Κύριον
3281 3343 3577 3414 συνθήκας,

2009 3441 2103 3493 καὶ
2142 3440 2230 3492 τὸν
2275 3438 2571 3509 ἀμπελῶνα
2622 3435 2783 3490 αὑτοῦ
2835 3436 3115 3506 ἐπιμελῶς
3164 3436 3461 3505 φιλοπόνει.
3515 3435 3576 3487 ’0

2010 3531 2196 3600 μισθὸς
2235 3531 2358 3598 μετ’
2401 3528 2563 3581 αὐτοῦ
2611 3529 2779 3593 ἐστιν,
2829 3527 2888 3580 ὃν
2917 3527 3145 3590 ἕκαστος
3181 3526 3409 3598 λήψεται
3441 3525 3579 3598 πρὸς

2006 3620 2094 3672 τὸν
2129 3618 2258 3672 ίδιον
2287 3617 2475 3671 κόπον.

345 3715 500 3755 neam
531 3702 815 3770 diligenter
847 3719 912 3760 ac
944 3705 1129 3760 sedulo
1173 3706 1310 3761 cole.
1355 3705 1486 3760 Nam
1531 3721 1738 3763 merces
1777 3722 1897 3762 cum
1935 3723 1999 3764 eo
2028 3719 2131 3772 est,
2181 3723 2345 3778 quam
2390 3704 2756 3773 unusquisque
2798 3703 3091 3758 secundum
3131 3717 3289 3757 suum
3331 3703 3573 3758 laborem

346 3791 576 3862 accipiet
611 3793 677 3851 “.

643 3883 783 3940 XIV.
809 3915 880 3926 —
903 3885 1211 3943 ΡΑΤΒΙΜΟ
1251 3885 1605 3945 MONACHO.

961 3979 1035 4031 De
1063 3979 1313 4043 practice.

412 4067 486 4123 Ea
513 4071 752 4139 quidem,
784 4079 841 4122 ιιι
863 4069 1232 4135 audio,indole
1265 4079 1574 4140 naturaeque
1602 4068 1652 4140 5
1674 4070 1912 4126 bonitate

420 4225 460 4254 "
496 4223 622 4280 Luc.
658 4240 732 4286 Ix,
767 4223 854 4278 62.
934 4223 975 4254 ¹³
1009 4223 1128 4277 Act.
1163 4238 1274 4287 vut,
1303 4239 1455 4293 seqq.

2228 3888 2324 3942 Μ’.
2347 3918 2414 3928 -
2443 3887 2754 3956 ΠΑΤΡΙΜῼ
2791 3883 3192 3939 MONAZONTI
3229 3885 3365 3954 (14).

2537 3977 2674 4045 Περὶ
2706 3977 3052 4046 πρακτικοῦ.

2090 4069 2271 4139 Ἔχεις
2305 4069 2404 4139 μὲν
2436 4069 2681 4138 εὐφυΐαν,
2716 4068 2792 4132 ὡς
2825 4066 3046 4138 ἔμαθον,
3083 4067 3376 4137 μανθάνειν
3415 4083 3580 4120 σπου·

1539 4223 1583 4254 ¹⁵
1611 4225 1713 4293 Ap.
1748 4240 1882 4289 xm,
1920 4223 2004 4278 12.

1471 4378 1703 4433 VABIZE
1743 4379 2120 4435 LECTIONES
2158 4379 2246 4435 ET
2286 4377 2515 4434 NOTAE.

446 4512 528 4582 l2)
561 4509 769 4566 Titulus
803 4510 855 4582 in
877 4509 998 4563 cod.
1037 4508 1258 4582 _Alt._hi_c
1289 4519 1374 4582 est
1404 4526 1416 4560 :
1448 4510 1702 4578 ’Λμμωνι
1729 4526 1892 4579 στρα-

343 4577 534 4652 τιώτῃ,
562 4583 664 4652 hoc
699 4589 780 4633 est
809 4578 1054 4652 Ammoni
1079 4577 1269 4652 militi_._
1288 4577 1496 4652 Possm.

415 4647 525 4722 (ης)
561 4651 672 4722 Τὸν
689 4648 955 4722 παλαιόν
982 4647 1184 4714 νόμον.
1228 4647 1387 4722 Multo
1432 4648 1898 4722 pratstahilinr‘est

345 4717 517 4778 lectio
536 4721 656 4774 cod.
688 4718 843 4779 liam,
867 4717 956 4769 τὸν
997 4717 1357 4784 πνευματικὸν
1390 4717 1570 4786 νόμον,
1605 4719 1896 4770 secundum

346 4806 507 4858 quam
560 4798 615 4843 et
644 4788 800 4840 lectio
827 4787 1151 4858 corrigenda
1170 4787 1494 4858 spiritttalem
1526 4788 1704 4858 legem.
1732 4788 1900 4858 Allu-

348 4854 425 4913 dit
480 4859 546 4912 ad
587 4859 760 4910 locum
816 4858 1060 4922 prophet.
1117 4855 1408 4907 Ezechielis
1454 4866 1506 4906 ct
1548 4854 1791 4908 Jeretnizc
1819 4857 1902 4921 Ide

349 4943 485 4982 nova
542 4929 656 4995 lege
685 4925 904 4994 spiritus
951 4926 1091 4986 vitae,
1119 4924 1400 4995 util’aulus
1438 4935 1614 4990 vocat,
1647 4925 1902 4978 cordibus

349 4999 561 5068 piorum
593 4994 620 5047 a
646 4995 753 5068 Deo
779 4995 1149 5068 insc_ribenda_._
1178 4994 1342 5068 lltr'r.

418 5095 489 5107 —
519 5063 631 5134 Non
654 5064 952 5134 Λαμπετίῳ
973 5065 1278 5134 inscribitur
1303 5065 1413 5116 hace
1428 5061 1649 5134 epistola
1677 5061 1901 5134 ingcodd.

350 5137 475 5190 Vat.
512 5133 616 5188 649
650 5144 704 5187 et
735 5131 862 5197 ML,
903 5131 994 5185 sed
1031 5133 1204 5201 Πετίῳ
1245 5131 1506 5201 μοναχῷ,
1534 5131 1684 5184 Vers.
1718 5132 1771 5192 7,
1803 5147 1899 5200 pro

351 5205 640 5272 σαρκικαῖς
672 5203 776 5256 Alt.
805 5205 918 5254 cod.
945 5203 1100 5254 habet
1132 5200 1441 5272 σαρκίναις.
1470 5200 1633 5253 Versu
1658 5202 1899 5272 sequenti

354 5223 418 5258 σα
460 5223 640 5265 κικαις
672 5223 776 5256 [ιιι.
805 5223 918 5254 εΟιΙ.
945 5223 1100 5254 ΙΙὶΙυὲἓΙ.
1132 5223 1432 5272 σαρκιναις.
1477 5223 1633 5253 versu
1658 5223 1896 5268 διειμιυιιιι

354 5223 662 5326 θεξτευκτον
690 5272 742 5324 in
776 5281 1027 5324 contextu
1072 5273 1270 5323 codicis
1301 5272 1404 5322 Alt.
1441 5280 1673 5322 mutatur
1721 5271 1774 5322 itt
1803 5285 1896 5337 γε-

357 5345 638 5414 ρόιευκτον
658 5342 800 5414 '__sed
829 5339 1260 5414 lectioeditionis
1288 5355 1317 5393 e
1355 5341 1568 5414 regione
1598 5339 1809 5414 ponitur
1847 5339 1898 5392 in

355 5407 619 5478 inarginc.
674 5409 829 5464 Vet's.
862 5410 962 5471 l5,
997 5409 1105 5478 hanc
1144 5411 1258 5477 tria,
1286 5409 1537 5463 vorahula
1575 5408 1680 5477 καὶι
1711 5407 1902 5475 βαπτι-

363 5477 584 5542 σθέντος
618 5479 943 5550 Σίμωνο;,ἰιι
969 5477 1087 5550 cod.
1109 5478 1324 5550 Alt._sic
1345 5480 1699 5550 ordinantur;
1728 5478 1901 5550 Σίμῳ·

362 5565 443 5618 νος
467 5552 560 5601 καὶ
585 5543 982 5618 βαπτισθέντος.
1015 5543 1162 5618 Vers.
1193 5547 1276 5609 I7,
1297 5546 1613 5615 νοειδειχθῇ
1640 5543 1900 5613 particula

355 5617 432 5678 ὡς
457 5616 602 5672 deest
625 5619 676 5672 in
706 5619 821 5673 Vat.
846 5627 898 5674 et
920 5617 1022 5671 Alt.
1050 5616 1472 5686 codd.,fquorunt
1506 5627 1731 5684 uterque
1756 5629 1896 5670 vers.

1997 4511 2240 4578 sequenti
2269 4525 2370 4562 non
2401 4509 2692 4578 πτώματος
2726 4508 2819 4561 sed
2853 4509 3192 4578 πταίσματος
3227 4509 3375 4572 legit.
3404 4509 3564 4563 Vers.

1997 4581 2088 4642 2|,
2116 4579 2416 4648 ἀπεύχεται
2446 4581 2496 4632 in
2531 4579 2698 4648 editis
2766 4579 2817 4630 itt
2860 4593 2988 4648 mss.
3046 4588 3126 4648 est
3160 4579 3484 4642 ἀπεύξεται·
3531 4589 3588 4632 et

2001 4666 2142 4702 vers.
2198 4647 2310 4711 ‘25,
2357 4664 2451 4716 pro
2511 4647 2817 4717 φιλοπόνει,
2872 4647 3253 4715 φιλοπόνησον.
3291 4648 3413 4702 Mox
3471 4650 3576 4717 Alt.

2003 4729 2122 4784 post
2147 4720 2175 4770 ὁ
2223 4719 2367 4788 addit
2401 4716 2801 4788 γὰρέιιγθτε.
2835 4718 3078 4785 sequenti
3129 4734 3226 4786 pro
3260 4721 3380 4788 μετ’
3412 4716 3579 4771 αὑτοῦ

2007 4789 2161 4840 hahnt
2199 4787 2336 4855 μετὰ
2360 4785 2616 4854 Χριστοῦ.
2646 4785 2855 4839 Possm.

2076 4854 2270 4924 (ulla
2301 4855 2651 4924 co:ld.rb'l‘ort.
2683 4856 2745 4907 Et
2773 4855 2880 4908 Alt.
2923 4854 3034 4908 haec
3063 4855 3287 4924 cpistola
3320 4856 3582 4910 inscribi-

2003 4923 2090 4978 tur
2113 4925 2324 4996 Πρίμῳ.
2365 4925 2428 4996 Et
2450 4923 2889 4996 I‘uisse‘hontiues
2920 4923 3212 4996 in_GrV:’ncia
3240 4924 3370 4996 ejus
3392 4941 3581 4996 nontt-

2005 4996 2087 5048 nis
2121 4992 2362 5061 tc'tn'pOre
2393 4995 2582 5046 Isidori
2622 4992 2928 5053 Pelttsiolte,
2962 4993 3210 5062 discipuli
3259 4994 3319 5049 S.
3345 4993 3582 5048 Joannis

2005 5063 2380 5134 Chrysostnmi
2401 5102 2424 5134 ,ί
2450 5072 2666 5134 constat
2715 5063 3059 5134 etcepistolis
3095 5079 3124 5115 a
3154 5077 3238 5134 me
3269 5065 3428 5116 editis
3456 5064 3583 5134 ejus

2003 5130 2349 5196 condiscipuli
2401 5133 2458 5186 S.
2495 5132 2701 5185 abbatis
2741 5130 2864 5191 Nili,
2922 5147 3149 5198 quarum
3187 5130 3583 5192 ducentesima,

2001 5203 2175 5266 qualis
2201 5204 2385 5254 visitur
2412 5216 2530 5268 pag.
2549 5200 2654 5252 202
2675 5201 2806 5252 edit.
2840 5199 3022 5269 Regis:
3050 5200 3221 5269 Paris.
3255 5203 3390 5253 anni
3427 5203 3586 5264 1657,

2005 5271 2199 5340 Πρίμῳ
2254 5269 2593 5339 ὑποδιακόνῳ
2635 5269 2893 5340 inscripta
2927 5268 3123 5322 exstat.
3169 5268 3320 5322 Fieri
3361 5281 3580 5338 potest.

2003 5338 2096 5393 cos
2147 5342 2235 5408 (ιειί
2303 5338 2593 5391 editionem
2622 5338 2835 5408 Alsidori
2891 5340 3265 5399 adornarunt,
3291 5406 3305 5408 _
3330 5352 3590 5392 assuetus

2007 5406 2217 5461 lectioni
2254 5425 2382 5462 ntss.
2415 5410 2571 5460 codd.
2605 5406 2936 5469 Graecorum,
2969 5409 3020 5459 in
3051 5411 3246 5472 qnihus
3284 5406 3405 5463 fere
3431 5425 3581 5459 sent-

2006 5493 2100 5544 per
2130 5494 2287 5530 casus
2329 5486 2420 5529 aut
2453 5477 2708 5529 vocabula
2741 5491 2804 5528 ev
2848 5477 3063 5529 nomine
3084 5475 3268 5543 Πατὴρ
3311 5476 3585 5530 declinata

2007 5547 2384 5616 compendiose
2424 5546 2749 5616 scribuntur_
2777 5561 2873 5616 πρι
2921 5561 3017 5612 pro
3043 5546 3229 5616 πατρὶ,
3261 5561 3430 5616 προς,
3482 5562 3590 5616 παι

2007 5614 2165 5684 τρδς,
2215 5614 2459 5684 πρικῷς,
2512 5613 2835 5684 πατρικῶς,
2873 5625 2976 5670 etc.
3026 5613 3286 5667 Similiter
3327 5615 3455 5679 hic,
3491 5615 3581 5665 ttbt
