3944 6138
331 248 431 314 193

1309 247 1839 317 EPISTULABUM
1880 249 2025 310 LIB.
2070 249 2118 309 Ι.
2160 272 2230 284 -
2268 249 2505 310 EPIST.
2548 249 2709 310 XIX.

3483 248 3583 314 194

328 358 462 429 πρὸς
491 355 586 410 τὸν
607 356 757 422 Νῶε,
802 354 906 420 ἕως
936 353 1028 410 τοῦ
1059 354 1389 431 ξηρανθῆναι
1419 359 1517 429 τὴν
1542 361 1664 433 γῆν,
1694 360 1790 413 καὶ⁵
1817 363 1892 424 είς

2004 357 2136 426 Noe,
2191 362 2360 415 donec
2426 360 2763 415 siccarentur
2801 357 3042 427 aqua“.
3077 376 3094 409 ι
3140 356 3370 415 Prorsus
3436 359 3581 413 enim

325 452 389 504 τὸ
407 446 708 515 παντελὲς
724 448 823 501 οὐκ
836 448 1153 519 ἀνέστρεψε.
1172 451 1303 512 Καὶ,
1324 452 1467 515 Ἕως
1494 452 1559 507 ἂν
1588 451 1905 522 καταγηρά-

327 558 474 611 σητε,
504 541 616 608 ἐγώ
650 542 789 609 είμι,
831 540 993 610 φησιν
1022 542 1050 593 ὁ
1083 540 1234 603 Θεός.
1272 543 1381 594 Καὶ
1422 543 1559 604 ἐστι,
1591 540 1900 610 διηνεκῶς.

325 633 431 686 Καὶ
453 630 593 688 ἄλλα
613 630 844 689 τοιαῦτα
870 630 1041 685 πολλὰ
1060 671 1076 696 ,
1109 633 1386 703 σποράδην
1426 634 1482 685 ὲν
1509 635 1576 703 τῇ
1606 633 1725 703 θείᾳ
1756 632 1904 704 εὑρί-

2011 465 2118 509 non
2148 465 2365 508 reversa
2401 460 2504 507 est.
2530 450 2616 519 Et,
2658 469 2677 505 ι
2710 449 2889 506 Donec
2918 450 3230 517 seuueritis,
3261 463 3361 518 ego
3383 463 3527 513 sum,
3558 468 3578 502 ι

2012 542 2089 596 ait
2118 542 2468 595 Dominus“.
2531 542 2695 611 Atqui
2756 551 2841 595 est
2892 553 3178 611 perpetuo.
3239 542 3415 611 Atque
3475 541 3581 594 alia

2008 633 2271 702 permulta
2317 634 2559 703 ejusdem
2610 634 2825 703 generis
2853 632 3086 703 sparsim
3122 632 3175 687 in
3206 632 3388 687 divina
3432 632 3583 686 Scri-

326 739 512 777 σκεται
560 723 776 793 Γραφῇ.
820 721 879 776 Ὀ
919 723 976 776 δὲ
1030 722 1173 786 θεῖος
1210 722 1336 786 νοῦς
1384 724 1484 794 τὴν
1529 723 1820 795 ὑμετέραν,
1856 714 1892 776 (ἶ

2006 732 2163 793 ptura
2213 725 2579 794 reperiuntur.
2631 724 2819 779 Divina
2874 737 3036 793 porro
3081 738 3255 789 mens,
3303 739 3338 777 ο
3383 723 3575 788 Judaei,

337 814 581 871 Ἰουδαῖοι
599 856 615 878 ,
648 814 937 869 κακόνοιαν
962 813 1344 885 διορθούμενος
1364 855 1381 881 ,
1417 817 1483 869 ὲκ
1521 815 1777 885 πορνείας
1806 815 1892 869 καὶ

2005 828 2315 883 perversam
2362 823 2594 869 vestram
2629 814 2953 869 sententiam
3001 814 3278 882 corrigens
3312 813 3427 881 (qui
3474 813 3577 866 Do-

322 908 664 976 νομισάντων
704 907 802 960 καὶ
837 906 1136 977 εἰρηκότων
1166 907 1523 978 γεγεννῆσθαι
1550 907 1641 960 τὸν
1674 908 1900 977 Κύριον,

320 999 605 1065 ἀνέπαφον
637 997 808 1064 δεῖξαι
852 997 941 1050 τὸν
983 998 1357 1067 προσκυνητὸν
1397 998 1692 1051 ἐσπούδασε
1722 998 1897 1062 τόκον,

320 1087 503 1158 πάσης
536 1086 657 1156 δίχα
686 1086 981 1156 ἐπιθυμίας
1003 1126 1018 1149 ,
1052 1086 1146 1139 καὶ
1180 1087 1468 1149 συνουσίας
1505 1086 1897 1157 γεγενημένον,

320 1178 605 1248 θεοπρεπῆ
640 1178 696 1232 δὲ
726 1179 854 1231 ὄντα
882 1177 978 1232 καὶ
1003 1177 1262 1247 ἄληπτον.
1302 1177 1376 1231 Τὸ
1404 1178 1514 1249 γὰρ
1547 1180 1684 1248 μετὰ
1727 1179 1899 1233 ταῦτα

322 1269 397 1340 μὴ
428 1269 707 1340 συμϐῆναι
735 1270 988 1341 ἀλλήλοις
1034 1270 1161 1333 τοὺς
1194 1271 1292 1339 τὴν
1335 1271 1595 1341 πορνείαν
1627 1286 1899 1341 συκοφαν-

318 1361 629 1432 τηθέντας,
685 1363 781 1415 καὶ
834 1365 868 1432 ἡ
918 1362 1011 1415 τοῦ
1067 1363 1301 1431 ἀγγέλου
1343 1362 1466 1432 ὃψις
1507 1364 1778 1429 ἐκώλυεν,
1832 1365 1897 1418 ὲκ

317 1454 642 1523 Πνεῦματος
706 1453 863 1521 ἁγίου
909 1454 1191 1524 είρηκότος
1252 1455 1517 1525 ὑπάρχειν
1574 1456 1665 1511 τὸν
1718 1457 1779 1513 ἐν
1827 1459 1894 1529 τῇ

316 1543 586 1614 Παρθένῳ
627 1546 997 1615 σαρκούμενον
1018 1562 1033 1577 ·
1080 1547 1174 1599 καὶ
1203 1548 1236 1615 ἠ
1274 1546 1629 1618 μεγαλειότης
1661 1546 1770 1601 τῶν
1800 1547 1896 1601 τοῦ

314 1636 478 1691 τόκου
509 1634 804 1704 θαυμάτων
835 1636 935 1690 οὐκ
973 1636 1291 1706 ἐπέτρεπεν,
1327 1638 1360 1707 ἡ
1403 1637 1519 1706 μετ’
1563 1636 1723 1690 αὑτὸν
1750 1654 1894 1707 παρη

2008 906 2219 959 minum
2246 920 2314 959 ex
2358 914 2550 975 stupro
2578 915 2754 961 ortum
2785 920 2907 961 esse
2934 906 3309 969 existimastis,
3348 920 3413 959 ac
3446 918 3575 971 pro-

2004 996 2341 1065 nuntiastis),
2373 997 2456 1051 his
2501 997 2685 1051 verbis
2739 997 2864 1052 illud
2912 998 3287 1067 demonstrare
3328 996 3570 1058 studuit,

2007 1090 2150 1157 quod
2208 1088 2443 1142 intactus
2492 1089 2799 1143 adorandus
2838 1099 3068 1157 partus,
3115 1103 3180 1142 ac
3228 1087 3469 1142 libidinis
3515 1097 3570 1144 et

2001 1181 2322 1235 concubitus
2364 1195 2560 1250 expers
2611 1181 2799 1244 fuerit,
2851 1180 3229 1249 divinitatique
3282 1188 3578 1234 consenta-

2002 1289 2158 1338 neus,
2192 1283 2355 1341 atque
2384 1273 2668 1341 ejusmodi,
2713 1272 2804 1340 qui
2835 1273 3087 1327 humana:
3114 1271 3338 1326 rationis
3361 1280 3576 1339 captum

1999 1364 2249 1419 excedat.
2282 1361 2415 1415 Nam
2462 1376 2529 1415 ne
2559 1372 2742 1431 postea
2786 1361 2819 1414 ii
2863 1360 3006 1414 inter
3033 1376 3091 1415 se
3115 1361 3346 1422 coirent,
3378 1348 3577 1427 quibus

2000 1454 2289 1509 fornicatio
2321 1467 2417 1522 per
2450 1452 2776 1507 calumniam
2812 1451 3025 1518 objecta
3076 1460 3179 1512 est,
3230 1448 3405 1518 angeli
3439 1462 3575 1517 quo-

1998 1558 2106 1615 que
2130 1544 2267 1598 visio
2292 1544 2637 1613 prohibebat,
2665 1544 2755 1613 qui
2779 1559 2923 1609 eum,
2957 1544 3046 1612 qui
3075 1544 3128 1597 in
3159 1541 3395 1613 Virginis
3420 1552 3574 1595 utero

2004 1648 2225 1687 carnem
2255 1634 2589 1698 assumebat,
2614 1648 2679 1688 ex
2702 1632 2904 1703 Spiritu
2925 1643 3113 1689 sancto
3127 1636 3399 1689 exstitisse
3422 1634 3575 1687 dixe-

316 1724 470 1778 θενία
489 1766 504 1787 ,
538 1727 571 1796 ὴ
597 1725 701 1778 τῶν
730 1726 976 1794 ἀγγέλων
1003 1727 1319 1796 ὑμνολογία,
1364 1730 1398 1798 ἡ
1428 1728 1537 1782 τῶν
1564 1729 1769 1797 Μάγων
1795 1729 1892 1781 δω-

2006 1721 2157 1775 rat“
2189 1731 2278 1788 ;et
2316 1722 2695 1777 miraculorum
2728 1723 2782 1777 in
2829 1734 2982 1792 partu
3010 1725 3277 1777 editorum
3314 1724 3573 1790 majestas

318 1818 572 1889 ροφορία,
604 1819 636 1888 ὴ
668 1816 764 1870 τοῦ
796 1818 1026 1887 ἀστέρος
1053 1817 1410 1886 φωταγωγία,
1443 1821 1477 1889 ή
1511 1821 1590 1882 είς
1622 1819 1898 1887 Αἴγυπτον

310 1908 545 1978 senm,
598 1910 630 1976 ἡ
664 1908 773 1962 τῶν
806 1907 1039 1961 εἰδώλων
1084 1909 1451 1979 αἰχμαλωσία,
1495 1911 1587 1964 καὶ
1633 1913 1666 1983 ἡ
1718 1912 1895 1965 αὐτῶν

313 1999 542 2054 ἐκείνων
597 1999 906 2070 δικαιοσύνη
945 1998 1052 2053 ὑπὸ
1082 2000 1184 2070 τῆς
1212 2000 1362 2065 Θείας
1406 2002 1445 2053 Γ
1450 2003 1627 2072 ραφῆς
1678 2020 1889 2074 μαρτυ-

317 2090 579 2162 ρουμένη.
609 2091 768 2162 Δηλοῖ
793 2091 850 2144 δὲ
890 2092 983 2145 καὶ
1028 2092 1062 2162 ἡ
1101 2092 1387 2145 τελευταία
1417 2092 1510 2145 τοῦ
1542 2094 1744 2165 Κυρίου
1776 2094 1893 2149 διά-

314 2180 486 2249 θεσις,
529 2181 751 2253 Ἰωάννῃ
797 2180 877 2253 τῷ
933 2181 1189 2252 παρθένῳ
1230 2182 1330 2252 τὴν
1381 2183 1641 2236 Θεοτόκον
1694 2186 1894 2256 συστή-

317 2287 535 2334 σαντος,
579 2270 676 2324 καὶ
722 2270 821 2334 τὰς
854 2272 1134 2340 ἑκατέρων
1182 2271 1480 2341 παρθενίας
1534 2273 1889 2343 συνάψαντος,

314 2361 475 2431 ἡνίκα
500 2362 600 2413 ἐπὶ
641 2360 735 2415 τοῦ
774 2361 1009 2433 σταυροῦ
1039 2360 1114 2416 ὣν
1158 2360 1422 2428 ζωοποιὸν
1450 2362 1689 2434 ὑπέμενε
1730 2363 1896 2421 θάνα-

313 2469 424 2507 τον.
469 2454 535 2506 El
573 2452 747 2506 ταῦτα
777 2454 838 2506 ού
875 2452 1049 2506 πείθει
1086 2452 1178 2505 τὸν
1207 2456 1515 2525 γογγυστὴν
1548 2455 1644 2508 καὶ
1678 2455 1897 2524 φιλοπό-

316 2556 478 2611 νηρον
507 2539 672 2604 λαὸν,
702 2534 763 2594 οὗ
806 2544 885 2603 είς
920 2540 1081 2611 φύσιν
1122 2541 1307 2596 λοιπὸν
1334 2544 1395 2596 τὸ
1429 2541 1719 2615 θεομαχεῖν
1760 2562 1894 2599 κατ-

314 2629 466 2701 έστη,
512 2633 655 2686 κατὰ
692 2635 909 2705 πετρῶν
942 2637 1207 2709 σπείρεις,
1239 2639 1335 2693 καὶ
1360 2638 1481 2693 καθ’
1517 2638 1728 2695 ὑδάτων
1759 2640 1894 2711 γρά-

312 2736 453 2791 φεις,
479 2726 578 2778 καὶ
610 2725 859 2781 πέπαυσο
892 2730 1286 2798 ματαιοπονῶν.

2005 1822 2167 1881 atque
2197 1813 2495 1883 amplitudo
2526 1814 2763 1881 vetabat,
2795 1823 2849 1869 et
2880 1814 3189 1884 virginitas,
3219 1828 3337 1882 qum
3361 1821 3571 1881 partum

1997 1915 2181 1959 secuta
2207 1915 2311 1969 est,
2346 1916 2402 1959 et
2434 1906 2748 1974 angelorum
2770 1916 2961 1961 cantus
2990 1915 3040 1959 et
3070 1905 3309 1959 oblatum
3342 1919 3370 1957 a
3402 1902 3573 1970 blang

1998 2012 2213 2061 munus,
2249 2005 2307 2055 ct
2345 1997 2500 2052 stella
2531 1998 2831 2066 prmlucens
2852 1997 2920 2061 “,
2965 2008 3018 2051 et
3046 1996 3295 2051 deductio
3324 1995 3374 2048 in
3408 1994 3575 2065 Egy-

1997 2096 2168 2155 ptnm,
2231 2095 2286 2141 et
2355 2087 2767 2142 simulacrorum
2836 2087 3162 2156 captivitas,
3230 2096 3285 2139 et
3357 2086 3571 2140 illorum

1998 2177 2237 2246 ipsorum
2268 2176 2480 2244 justitia
2523 2178 2817 2247 Scriptura:
2853 2188 3053 2233 sancta:
3095 2177 3408 2231 testimonio
3442 2191 3572 2229 con-

1999 2264 2232 2316 lirmata.
2274 2264 2414 2330 Quin
2445 2265 2589 2320 istud
2630 2280 2846 2335 quoque
2876 2276 3203 2335 postremum
3248 2264 3459 2318 Domini
3492 2274 3573 2318 te-

1993 2362 2320 2411 Stamentum
2353 2354 2557 2424 liquido
2591 2358 2945 2420 demonstrat,
2977 2356 3067 2424 qui
3096 2370 3203 2423 quo
3231 2363 3474 2424 tempore
3514 2355 3567 2408 in

1991 2459 2157 2501 cruce
2208 2454 2349 2511 erat,
2388 2462 2453 2502 ac
2498 2447 2709 2502 vivillca
2763 2454 2935 2502 morte
2973 2446 3321 2515 fungebatur,
3370 2445 3566 2501 Joanni

1991 2535 2183 2605 virgini
2220 2537 2535 2606 genitricem
2574 2537 2667 2592 Dei
2702 2537 3195 2603 commendavit",
3240 2548 3402 2605 atque
3437 2552 3557 2590 am-

1989 2627 2180 2684 borum
2231 2628 2574 2697 virginitates
2614 2627 2905 2697 copulavit.
2943 2629 2999 2683 Si
3046 2629 3161 2684 haec
3205 2636 3571 2685 murmurato—

1992 2735 2127 2783 rem,
2176 2727 2341 2788 atque
2397 2719 2763 2789 improbitatis
2818 2724 3088 2778 amantem
3134 2719 3391 2789 populum
3451 2732 3561 2773 non

314 2826 555 2883 movent,
591 2818 678 2875 cui
706 2819 828 2886 [jam
860 2819 1028 2875 Deum
1070 2822 1210 2879 bello
1244 2823 1513 2885 lacessere
1551 2825 1608 2883 in
1638 2833 1888 2883 naturam
1930 2826 2206 2883 redactum
2233 2833 2344 2895 est,
2376 2825 2431 2880 iu
2470 2835 2655 2894 petras
2705 2826 2967 2892 mninas,
2989 2835 3044 2879 et
3070 2826 3124 2880 in
3152 2827 3309 2900 aquis
3333 2824 3554 2880 scribis.

313 2900 592 2959 incassum
630 2904 816 2975 itaque
841 2907 1092 2969 laborare
1118 2911 1327 2966 desine.

593 3022 700 3078 ιον.
721 3053 791 3068 .-
815 3024 1217 3098 ammenti
1250 3027 1618 3100 animone.

316 3134 416 3189 Διὰ
435 3135 492 3189 τί
512 3137 588 3190 οὐ
611 3137 1136 3208 συγκατεὰκάσθη
1159 3139 1284 3203 τοῖς
1317 3139 1450 3208 περὶ
1476 3139 1584 3193 τὸν
1617 3139 1890 3196 Ἀνανίαν

703 3211 736 3260 ό
769 3207 996 3276 Δανιὴλ
1028 3209 1099 3262 ἐν
1124 3208 1201 3278 τῇ
1230 3207 1496 3280 καμίκῳ.

381 3340 479 3399 Διὰ
501 3340 576 3405 τί,
613 3341 751 3412 ἔφης
789 3341 923 3414 (20),
967 3344 1104 3414 μετὰ
1137 3344 1247 3399 τῶν
1277 3346 1447 3419 τριῶν
1491 3347 1654 3401 ὁσίων
1684 3348 1890 3403 παίδων

314 3435 410 3506 τὴν
450 3433 734 3505 πυρκαϊὰν
771 3435 833 3487 ού
862 3437 1225 3511 κατεδικάσθη
1255 3439 1284 3490 ὁ
1311 3438 1486 3509 μέγας
1513 3438 1709 3511 Δανιὴλ
1740 3440 1891 3513 παρὰ

316 3524 405 3578 τοῦ
471 3520 854 3589 Βαδυλωνίου,
910 3525 1177 3598 σύμφρων
1225 3528 1409 3593 αὐτοῖς
1456 3532 1739 3602 τυγχάνων
1796 3534 1890 3587 καὶ

318 3615 687 3688 συμφυλέτης,
732 3617 826 3670 καὶ
854 3618 1177 3687 ὁμοδίαιτος,
1228 3620 1323 3677 καὶ
1367 3622 1567 3695 μᾶλλον
1607 3624 1706 3695 τῆς
1736 3626 1891 3680 εὐσε-

317 3707 464 3771 ϐείας
494 3706 852 3774 διδάσκαλος;
895 3710 1134 3780 Ἐπειδὴ,
1180 3712 1342 3784 φημὶ,
1375 3714 1516 3769 κατὰ
1544 3714 1695 3770 θείαν
1733 3718 1892 3771 τοῦτο

318 3797 647 3868 ιξικονομήθη
684 3798 1054 3869 προμήθειαν,
1088 3801 1174 3859 ἵνα
1205 3801 1280 3873 μὴ
1308 3801 1384 3873 τῷ
1414 3803 1636 3875 ὀνόματι
1665 3806 1758 3861 τοῦ
1786 3808 1892 3861 Βα-

316 3888 580 3942 ϐυλωνίου
608 3888 767 3953 Θεοῦ,
803 3890 901 3963 τὴν
945 3891 1289 3949 κατάκαυσιν
1333 3896 1432 3966 τῆς
1462 3896 1658 3965 φλογὸς
1686 3900 1736 3951 οἱ
1764 3900 1892 3952 ἀσε-

317 3978 428 4043 ϐεῖς
476 3978 867 4049 ἐπιγράφωσι·
918 3980 1206 4054 Βαλτάσαρ
1247 3984 1356 4057 γὰρ
1390 3985 1572 4053 αὑτὸν,
1608 3988 1689 4050 είς
1727 3989 1891 4059 τιμὴν

313 4069 412 4141 τῆς
465 4069 578 4127 τῶν
631 4071 964 4143 ἀπορρήτων
1018 4073 1348 4143 σαφηνείας,
1409 4075 1711 4145 ὠνόμαζον.
1780 4078 1892 4131 Καὶ

312 4160 486 4231 δόγμα
532 4160 749 4215 τοιοῦτο
779 4164 909 4233 παρ’
942 4164 1174 4230 ἐκείνοις
1216 4169 1445 4237 κρατεῖ,
1477 4168 1550 4231 ὡς
1587 4169 1681 4221 καὶ
1733 4169 1890 4239 μόνον

312 4253 736 4325 ὀνομαζόμενον,
769 4252 1201 4326 θαυματουργεϊν
1246 4256 1337 4309 τὸν
1384 4256 1515 4312 Θεὸν
1545 4259 1740 4314 αὐτῶν.
1777 4262 1891 4314 Ἵνα

1918 3036 1966 3100 C

2228 3024 2279 3096 7
2306 3023 2447 3080 XIX.
2478 3055 2548 3067 -—
2572 3023 2939 3079 HERACLIDI
2986 3019 3335 3078 EPISCOPO.

2061 3137 2171 3191 Cur
2203 3154 2308 3196 non
2349 3156 2468 3196 cum
2506 3140 2890 3263 tribustuezis
2932 3138 3305 3194 condemnatus
3339 3136 3499 3207 fuerit

2709 3226 2826 3263 ante
2848 3249 2865 3263 .

2709 3226 2865 3265 αηιει.

2061 3339 2269 3407 Quaeris
2311 3356 2413 3397 cur
2444 3356 2669 3412 magnus
2704 3341 2890 3399 Daniel
2939 3356 3048 3396 una
3095 3358 3215 3396 cum
3258 3342 3429 3396 tribus
3462 3341 3565 3411 piis

1991 3430 2426 3488 adolescentibus
2483 3448 2511 3485 a
2568 3432 2862 3503 Babylonio
2938 3447 3064 3502 rege
3113 3433 3253 3505 ignis
3300 3433 3567 3503 supplicio

1991 3522 2214 3579 minime
2250 3522 2507 3579 multatus
2560 3524 2719 3581 fuerit
2741 3524 2809 3587 ’⁸,
2845 3538 2965 3577 cum
3000 3523 3238 3589 ejusdem
3280 3539 3400 3577 cum
3432 3524 3568 3593 ipsis

1991 3616 2272 3670 sententiae
2299 3626 2467 3682 esset,
2521 3615 2874 3686 ejusdemque
2919 3615 3114 3681 triluts,
3162 3616 3441 3687 victusque
3475 3631 3568 3672 so-

1992 3707 2128 3773 cius,
2181 3706 2328 3774 imo,
2387 3716 2445 3760 ut
2491 3708 2692 3762 rectius
2737 3707 2963 3777 loquar,
3013 3706 3228 3775 pietatis
3284 3707 3562 3777 magister.

1992 3797 2316 3867 lteSpondeo
2360 3815 2374 3853 :
2418 3797 2533 3854 [Ioc
2600 3800 2783 3855 divino
2838 3798 3068 3855 consilio
3121 3808 3175 3855 et
3225 3800 3564 3869 providentia

1992 3890 2238 3959 contigit,
2272 3904 2341 3944 ne
2390 3890 2538 3959 impii
2591 3890 2839 3945 homines
2884 3890 3116 3944 ﬂamma:
3157 3890 3563 3959 Oppressionem

1991 3982 2076 4037 dei
2140 3980 2451 4052 Babylonici
2506 3981 2707 4035 nomini
2779 3981 3172 4036 ascriberent:
3221 3982 3564 4038 Baltazarum

1991 4072 2137 4128 enim
2179 4086 2328 4136 eum,
2364 4072 2417 4125 in
2464 4070 2726 4125 honorem
2758 4071 3139 4127 declarationis
3184 4087 3365 4127 rerum
3409 4087 3565 4127 arca-

1993 4180 2211 4230 narum,
2260 4164 2621 4234 appellabant.
2670 4164 2846 4232 Atque
2890 4165 3152 4236 ejusmodi
3198 4164 3382 4235 opinio
3421 4166 3563 4235 apud

1992 4258 2117 4313 illos
2167 4258 2406 4325 vigebat,
2456 4272 2647 4326 nempe
2690 4258 2925 4326 ipsorum
2970 4258 3152 4323 deum,
3205 4258 3250 4313 si
3304 4257 3389 4314 vel
3425 4258 3565 4313 dun-

310 4345 514 4417 ταύτην
556 4346 740 4402 τοίνυν
772 4351 1095 4421 καταργήσῃ
1140 4349 1239 4419 τὴν
1282 4349 1458 4416 δόξαν,
1508 4351 1566 4405 ἐν
1600 4354 1665 4423 τῇ
1710 4352 1888 4424 κρίσει

1999 4359 2145 4406 taxat
2174 4351 2291 4420 ejus
2321 4364 2516 4404 nomen
2544 4353 3011 4419 pronuntiaretur,
3051 4366 3139 4406 res
3170 4351 3339 4405 miras
3366 4364 3559 4419 perpe-

311 4434 483 4508 ταύτῃ
516 4436 612 4491 τὸν
640 4437 841 4509 Δανιὴλ
870 4437 1102 4511 ἐχώρισε
1124 4479 1141 4504 ,
1182 4440 1277 4493 καὶ
1314 4441 1511 4512 εὑρέθη
1542 4443 1724 4514 γυμνὴ
1766 4443 1887 4497 καθ’

311 4527 507 4600 ἑαυτὴν
540 4530 575 4599 ἡ
610 4528 721 4584 τῶν
747 4529 881 4583 νέων
911 4531 1210 4603 ἐγκράτεια
1234 4573 1251 4601 ,
1279 4534 1373 4586 καὶ
1400 4534 1493 4589 τοῦ
1527 4534 1660 4589 Θεοῦ
1690 4537 1724 4606 ἡ
1759 4536 1884 4608 βοή-ο

314 4620 451 4691 θεια,
481 4623 585 4695 τὴν
614 4622 929 4696 βροντῶσαν
957 4624 1249 4696 μαράνασα
1279 4625 1530 4697 κάμινον.

1998 4451 2164 4497 trare.
2198 4441 2339 4497 Deus
2370 4443 2535 4512 igitur
2575 4450 2634 4495 ut
2674 4441 2811 4496 hanc
2843 4442 3151 4512 opinionem
3184 4443 3563 4510 comprimeret

1993 4543 2049 4589 et
2094 4534 2356 4598 aboleret,
2398 4534 2451 4587 in
2504 4533 2607 4587 hoc
2644 4531 2850 4600 judicio
2892 4533 3167 4589 Danielem
3212 4534 3281 4586 ab
3324 4532 3443 4585 aliis
3478 4546 3564 4585 sc-

1988 4622 2215 4691 junxit:
2251 4624 2577 4694 inventaque
2618 4632 2703 4679 est
2752 4624 2867 4678 sola
2908 4622 3163 4693 juvenum
3208 4621 3560 4683 continentia,

1994 4715 2197 4785 Deique
2240 4716 2525 4784 auxilium,
2567 4729 2674 4786 quo
2709 4716 2961 4772 intonans
2993 4715 3081 4771 illa
3128 4714 3317 4769 fornax
3366 4726 3560 4769 conso-

1992 4808 2101 4876 pita
2123 4817 2175 4863 ct
2202 4807 2473 4864 exstincta
2501 4816 2604 4863 est.

379 5016 420 5049 ’ί
452 5015 591 5073 Gen.
615 5015 849 5082 vm,12.
924 5018 1086 5074 “lsa.
1121 5021 1335 5086 xm,9.
1413 5022 1458 5053 ”
1480 5021 1668 5077 Matth.
1708 5042 1742 5089 I,
1775 5025 1865 5081 20.

2006 5027 2491 5101 Matth.n,lseqq.
2564 5033 2782 5089 "Joan.
2814 5048 2927 5099 six,
2958 5031 3049 5087 27.
3125 5032 3321 5091 “Dan.
3346 5049 3428 5102 nt,
3456 5034 3548 5093 20.

1433 5178 1672 5238 ἾΑΒΙᾸΞ
1711 5181 2098 5241 LECTIONES
2137 5187 2228 5243 ET
2265 5188 2499 5245 NOTAE.

358 5356 487 5431 ;(20)
520 5356 683 5414 Yers.
714 5359 738 5412 1
775 5368 895 5428 post
933 5360 1070 5433 ἔφης
1096 5362 1263 5419 codex
1290 5360 1582 5420 Altaemsis
1602 5365 1750 5422 addit
1779 5368 1876 5438 μή.

310 5424 460 5477 Vers.
492 5429 527 5477 5
570 5436 695 5477 nost
722 5428 1066 5477 Βαϐυλωνίου
1097 5433 1254 5477 cadd-
1282 5431 1389 5477 All-
1421 5442 1469 5477 et
1528 5434 1851 5477 Rarimrinna

310 5428 460 5510 Via-rs.
492 5429 527 5482 5
570 5436 695 5512 post
722 5428 1066 5486 Βαϐυλωνίου
1097 5433 1255 5488 codd.
1278 5431 1389 5487 Alt.
1421 5442 1473 5487 et
1525 5428 1873 5501 Barberin'us,

308 5511 398 5573 qut
422 5512 567 5573 nunc
604 5513 842 5573 primum
886 5502 1241 5573 novialiquid
1267 5503 1514 5573 suggerit
1542 5544 1556 5569 ,
1587 5504 1880 5573 adjungunt

306 5565 435 5650 sui;
458 5565 621 5650 νει-εἰ
656 5566 719 5650 .7,
768 5565 1233 5650 praepedissent;
1267 5565 1427 5650 longe
1451 5565 1724 5650 aptius'ad
1750 5565 1871 5650 39;;-

308 5638 530 5695 tentiam
568 5638 674 5696 loci
717 5638 837 5696 cod.
869 5639 975 5697 Alt.
1006 5640 1164 5700 offert
1211 5638 1568 5696 κατάπαυσιν.
1606 5642 1758 5701 Vers.
1787 5645 1873 5710 10,

2024 5375 2111 5444 ost
2146 5366 2321 5444 δᾴγμα
2351 5370 2667 5444 duo‘codd.
2708 5372 2814 5444 Alt.
2862 5383 2918 5429 et
2970 5376 3131 5432 Barb.
3174 5384 3447 5444 apponunt
3474 5376 3550 5433 δέ.

2035 5452 2144 5507 ers.
2175 5438 2261 5504 ll,
2299 5441 2420 5497 cod.
2459 5438 2570 5495 Alt.
2613 5442 2791 5496 αὐτῶν
2819 5445 2872 5498 in
2916 5446 3101 5507 αὐτοῖς
3131 5438 3333 5500 mutat:
3379 5456 3556 5501 tamen

1988 5505 2129 5559 idem
2168 5507 2633 5582 in__marg._qfn€w
2661 5523 2930 5582 tanquam
2973 5505 3254 5570 lectionem
3288 5517 3553 5569 diversam

1985 5584 2175 5702 Balsatk
2221 5577 2396 5635 Vers.‘
2425 5580 2529 5649 15,
2577 5577 2804 5653 ἐχώρισέ
2833 5624 2847 5649 ,
2891 5584 3013 5639 cod.
3060 5585 3168 5639 Alt.
3219 5585 3552 5657 διεχώρισεν.

2094 5662 2137 5702 SI
2183 5686 2195 5700 .

2094 5662 2195 5703 SIN.
