3944 6138
318 219 411 280 1‘37

1222 213 1752 275 EPISTOLARUM
1789 213 1934 271 LIB.
1975 212 2024 271 Ι.
2063 237 2134 246 -
2169 213 2404 272 EPIST.
2442 213 2652 275 XXVI.

3447 215 3546 279 198

316 327 640 401 συλληφθεὶς
663 327 920 398 άσπόρως
948 325 1346 398 προερχόμενος
1374 324 1574 396 ἡνοιξε,
1601 325 1695 378 καὶ
1722 323 1883 376 πάλιν

2003 338 2113 376 tum
2169 334 2412 378 nostrum
2458 323 2642 378 Jesum
2689 322 2962 378 Christum
2997 327 3220 395 peperit,
3268 327 3378 397 ipse
3421 329 3543 384 sine

315 419 760 502 ἐσφραγισμένην
808 419 1134 472 κατέλιπεν·
1185 417 1398 488 ἀληθῶς
1447 417 1558 485 (25)
1597 414 1695 484 μὲν
1739 414 1883 482 γενό-

319 527 472 579 μενος
496 509 784 580 ἄνθρωπος
811 549 826 571 ,
857 509 1072 579 ἀληθῶς
1095 509 1151 561 δὲ
1179 507 1278 580 [ὢν
1302 503 1418 576 καὶ]
1445 505 1576 568 Θεὸς
1597 505 1690 557 καὶ
1717 520 1884 574 προσ-

316 600 644 671 κυνούμενος
673 597 753 664 εἷς
781 601 841 665 ἐξ
866 601 1192 672 ἀμφοτέρων
1213 600 1322 652 τῶν
1353 598 1586 668 φύσεων.

835 781 960 834 κεν.
992 810 1066 823 -
1092 779 1373 850 ΚΡΙΣΠῼ.

318 870 442 924 Ὀτι
475 872 590 939 οὐχ
615 870 858 942 Αὰπλῶς,
889 871 1048 925 ἀλλὰ
1067 872 1214 939 μετὰ
1247 873 1487 940 πολλῆς
1528 873 1885 942 φιλοπονίας

524 940 642 1008 χρὴ
673 942 779 1006 τὰς
811 942 972 1008 ἱερὰς
1003 943 1418 995 ἀναπτύσσειν
1445 940 1705 1012 Γραφὰς.

397 1029 868 1098 Ἐπιστημονικῶς
902 1028 1013 1100 (24)
1042 1030 1140 1099 τὴν
1164 1029 1314 1083 θείαν
1345 1032 1564 1103 Γραφὴν
1590 1017 1886 1087 ἀνελίσσειν

316 1119 572 1186 ὀφείλεις,
596 1120 802 1182 καὶτὰς
820 1120 960 1189 αὑτῆ
966 1138 993 1184 ς
1009 1121 1265 1191 δυνάμεις
1281 1114 1546 1192 νουνεχῶς
1566 1124 1803 1193 άνιχνεύε
1815 1142 1882 1187 ιν,

317 1210 410 1260 καὶ
482 1208 558 1276 μὴ
622 1209 969 1278 κατατολμᾷν
1031 1209 1215 1272 ἁπλῶς
1266 1210 1376 1263 τῶν
1439 1211 1730 1279 ἀψαύστων
1792 1215 1884 1266 καὶ

318 1297 621 1364 ἁνεφίκτων
665 1297 1001 1366 μυστηρίων,
1052 1299 1294 1364 ἀναξίαις
1340 1299 1508 1352 ταῦτα
1559 1302 1744 1370 χερσὶν
1775 1303 1887 1355 ἐπι-

320 1388 555 1457 τρέπων.
601 1387 755 1440 Οὕτω
795 1388 905 1459 γὰρ
933 1390 960 1441 ὁ
999 1388 1400 1459 τολμηρότατος
1443 1389 1622 1453 Ὀζίας
1651 1391 1887 1462 ἀναθαρ-

319 1481 491 1549 ρήσας
525 1479 803 1532 ἐπιϐαλεῖν
831 1481 942 1543 τοῖς
970 1481 1396 1551 ἀνεγχειρήτοις,
1423 1480 1626 1551 λέπραν
1657 1481 1731 1551 τῷ
1758 1482 1887 1552 θρά-

317 1587 399 1621 σει
465 1559 992 1639 ἶιτροσαπηνέγκατο,
1054 1571 1147 1622 καὶ
1197 1569 1344 1622 ἄκων
1399 1570 1722 1640 ἀπορριφεὶς
1779 1571 1885 1623 τῶν

1984 415 2193 468 semine
2239 425 2566 484 conceptus,
2615 415 2871 484 prodiens
2915 421 3165 484 aperuit;
3218 432 3282 472 ac
3332 433 3544 472 rursum

1983 505 2220 560 clausam
2286 517 2342 560 et
2396 508 2733 577 obsignatam
2791 508 3008 574 reliquit
3055 527 3069 562 :
3115 524 3240 563 vere
3291 510 3549 564 nimirum

1983 598 2146 652 homo
2188 595 2432 659 enectus,
2476 612 2538 649 ac
2579 608 2703 649 vere
2730 597 2854 650 item
2892 598 3028 652 Deus
3072 599 3366 666 exsistens,
3414 614 3552 655 unus

1985 688 2236 756 idemque
2266 687 2316 740 in
2347 688 2556 740 duabus
2593 689 2800 742 naturis
2833 689 3164 744 adorandus.

2476 777 2662 833 XXIV.
2690 809 2762 820 —-
2786 775 3051 836 CRISPO.

1987 864 2111 920 Non
2147 868 2523 936 perfunctorie,
2566 871 2655 924 sed
2695 870 2860 988 multi;
2890 869 3066 922 labore
3100 868 3403 937 Scriptura;
3441 886 3550 924 esse

2617 955 2706 988 ευο
2734 955 2840 988 rem
2863 956 2942 988 as.

2617 955 2942 991 ευοιυειιιιαε.

2057 1024 2202 1080 Scite
2229 1039 2277 1080 el
2302 1028 2513 1082 erudite
2541 1029 2776 1082 divinam
2815 1027 3150 1098 Scripturam
3181 1030 3426 1084 evolvere
3452 1031 3547 1084 de-

1984 1116 2102 1176 bes,
2133 1117 2411 1186 ipsiusque
2440 1121 2582 1171 vires
2604 1103 2668 1171 ire
2698 1117 2978 1172 facultates
3013 1118 3300 1187 prudenter
3327 1117 3550 1172 investi-

1985 1223 2132 1276 gare,
2179 1223 2278 1261 nec
2326 1208 2576 1277 mysteria
2625 1223 2711 1274 ea,
2762 1225 2882 1279 quae
2929 1219 3220 1264 attrectare
3265 1210 3416 1264 nefas
3445 1221 3546 1274 est,

1988 1293 2216 1370 quaeque
2245 1298 2626 1366 comprehendi
2676 1309 2970 1367 nequeunt,
3006 1309 3207 1353 temere
3251 1308 3412 1366 atque
3443 1299 3544 1350 ini-

1991 1390 2253 1459 pudenter
2281 1388 2518 1458 aggredi,
2553 1390 2800 1443 manibus
2833 1391 3062 1458 indignis
3097 1406 3158 1443 ea
3183 1390 3547 1444 committens.

1985 1482 2063 1533 Ad
2119 1481 2264 1533 hunc
2311 1481 2452 1533 enim
2496 1482 2708 1532 modum
2756 1481 3145 1534 audacissimus
3193 1480 3370 1544 Osias,
3419 1495 3542 1535 cum

1987 1572 2147 1624 rebus
2193 1570 2292 1634 iis,
2341 1585 2478 1638 quas
2520 1571 2736 1639 aggredi
2795 1573 3014 1626 minime
3049 1573 3276 1637 licebat,
3331 1586 3549 1626 manum

318 1663 657 1732 ἀνακτόρων,
705 1661 895 1714 καθότι
941 1662 1036 1715 καὶ
1066 1662 1230 1732 νόμος
1272 1663 1386 1725 τοῖς
1430 1661 1608 1731 λέπρᾳ
1636 1679 1885 1715 κατεστι-

2002 1661 2210 1729 ιιῇοθιο
2247 1660 2468 1714 minime
2507 1661 2831 1726 dubitasset,
2877 1663 3177 1716 temeritate
3219 1678 3313 1716 sna
3348 1662 3549 1730 lepram

319 1753 545 1821 γμένοις
573 1753 672 1822 τὴν
697 1753 829 1805 εἴσω
853 1752 1056 1805 τούτων
1079 1751 1367 1805 ἀπέκλειεν
1394 1751 1613 1805 εῑσοδον.
1635 1752 1878 1825 Ἐγράφη

2002 1750 2192 1815 ·οιιιΙίι,
2230 1750 2535 1818 invitusque
2575 1769 2604 1806 a
2639 1755 2836 1822 templo
2865 1753 3134 1823 proiectus
3163 1762 3244 1806 est
3268 1753 3335 1804 ³⁸.
3361 1751 3550 1817 Quan-

315 1841 374 1893 δὲ
400 1840 578 1893 ταῦτα
601 1840 738 1910 πρὸς
763 1839 1044 1895 νουθεσίαν
1076 1840 1252 1910 ἡμῶν,
1286 1839 1372 1892 ἵνα
1400 1840 1492 1893 καὶ
1537 1839 1636 1905 τὰς
1677 1840 1882 1911 τόλμας

2002 1841 2275 1910 doquidem
2302 1842 2384 1896 lex
2413 1858 2626 1912 quoque
2649 1843 2736 1910 iis,
2761 1846 2850 1913 qui
2887 1845 3031 1913 lepra
3059 1844 3365 1910 compuncti
3389 1853 3552 1912 atque

321 1931 605 2002 φύγωμεν,
632 1931 725 1985 καὶ
754 1932 854 1994 τὰς
887 1931 1132 1995 κολάσεις
1164 1931 1239 2002 μὴ
1271 1931 1552 2001 πάθωμεν.

1991 1931 2176 1986 infecti
2224 1942 2404 1998 erant,
2443 1933 2650 1988 aditum
2706 1936 2772 1989 ad
2811 1937 3064 2002 templum
3109 1932 3549 1990 claudebat“"’.

321 2022 446 2078 ﬂare
486 2038 672 2092 porro,
698 2024 1022 2078 admonendi
1072 2023 1244 2077 nostri
1331 2037 1490 2078 causa
1565 2022 1762 2076 litteris
1806 2022 2063 2078 mandata
2105 2036 2251 2088 sunt,
2305 2035 2364 2079 ut
2406 2035 2461 2079 et
2511 2027 2846 2080 temeritates
2915 2025 3202 2095 fugiamus,
3273 2034 3328 2079 et
3365 2038 3554 2096 pmnas

323 2112 544 2166 minime
569 2112 859 2179 patiamur.

815 2227 944 2281 κει.
980 2256 1051 2267 -
1073 2225 1400 2296 ΚΥΡΙΛΛῼ.

322 2322 450 2376 Ὅτι
482 2319 804 2390 ἀμήχανον
834 2319 905 2372 ἐν
927 2317 1096 2442 pigri)
1121 2318 1386 2384 θορύϐων
1431 2317 1654 2386 ἀρετὴν
1683 2334 1890 2386 κατορο

1020 2403 1193 2440 ωσιιι.

1020 2403 1193 2440 ωσιιι.

391 2481 457 2533 Τί
499 2497 583 2532 σοι
605 2479 794 2547 δφελος
816 2477 917 2544 τῆς
951 2479 1195 2531 Ἰωάννου
1228 2477 1366 2547 πρὸς
1395 2476 1494 2548 τὴν
1522 2476 1725 2549 ἔρημον
1755 2479 1886 2531 ἀνα-

327 2573 650 2642 χωρήσεως,
694 2571 762 2638 ἥν
790 2570 957 2623 πάλαι
987 2567 1290 2628 σπουδαίως
1318 2568 1622 2638 ὲζήλωσας,
1651 2569 1743 2622 νῦν
1775 2570 1886 2641 (25)

326 2664 379 2716 δὲ
427 2664 502 2733 μὴ
547 2664 754 2714 ἐκεῖνον
801 2659 1160 2730 μιμουμένω,
1209 2660 1305 2712 καὶ
1345 2660 1477 2730 πρὸς
1529 2660 1628 2723 τὰς
1687 2663 1890 2725 οίκείας

327 2753 610 2824 φροντίδας
641 2749 1073 2815 παλινοστοῦντι,
1104 2749 1197 2803 καί
1236 2751 1322 2802 ἐπ’
1363 2751 1597 2820 ἐρημίας
1632 2750 1890 2821 θορυϐου-

2458 2207 2548 2262 XX
2563 2208 2623 2264 V.
2659 2238 2728 2250 —
2759 2209 3078 2265 CYRILLO.

1985 2295 2318 2365 Impouibile
2341 2315 2453 2354 esse
2478 2302 2530 2354 in
2561 2303 2733 2354 medio
2755 2303 2982 2354 tumultu
3012 2303 3250 2355 virtutem
3284 2317 3550 2356 exercere.

2065 2475 2202 2543 Quid
2231 2477 2324 2530 tibi
2357 2477 2606 2532 utilitatis
2641 2476 2792 2532 all‘ert
2817 2477 3042 2532 Joannis
3077 2478 3129 2531 in
3157 2478 3330 2532 locum
3363 2479 3553 2534 deser-

1997 2575 2109 2620 tum
2151 2570 2387 2622 secessio
2408 2569 2475 2632 ³³,
2526 2584 2688 2636 quam
2731 2570 2857 2624 olim
2903 2571 3142 2624 studiose
3183 2571 3422 2625 imitatus
3468 2587 3556 2636 es,

1995 2673 2114 2711 cum
2147 2673 2290 2711 nunc
2310 2675 2432 2712 eum
2467 2660 2686 2713 minime
2713 2659 2963 2725 imiteris,
3019 2675 3202 2714 verum
3230 2661 3293 2715 ad
3321 2662 3558 2731 privatas

1996 2763 2157 2803 curas
2196 2758 2248 2802 te
2293 2752 2518 2814 referas,
2557 2759 2725 2817 atque
2758 2751 2810 2804 in
2855 2752 3146 2804 solitudine
3193 2755 3554 2817 tumultueris,

329 2846 493 2916 μένῳ,
525 2845 622 2897 καὶ
651 2843 962 2910 καταμόνας
995 2841 1336 2912 όχλουμένῳ;
1361 2841 1433 2893 Τὸ
1460 2842 1574 2928 γὰρ
1596 2845 1889 2913 ἡσυχάζειν

2002 2847 2052 2890 et
2087 2838 2156 2890 ab
2191 2839 2466 2890 hominum
2500 2847 2642 2891 cwtu
2679 2850 2916 2893 remotus
2942 2841 3307 2907 perturberis?
3345 2841 3556 2896 Etenim

328 2933 402 3004 τῷ
434 2934 697 3003 σχήματι,
730 2933 823 2986 καὶ
852 2931 1115 3002 φύρεσθαι
1163 2934 1281 2994 ταῖς
1311 2930 1450 2983 κατὰ
1481 2923 1604 2983 νοῦν
1640 2937 1891 3002 στροφαῖς

2002 2943 2222 2988 externo
2256 2934 2443 2988 habitu
2486 2949 2550 2988 ac
2590 2934 2770 3001 specie
2809 2934 3108 3000 quiescere,
3146 2933 3342 2985 mentis
3376 2943 3554 2987 autem

331 3026 421 3078 καὶ
447 3024 764 3094 συγχύσεσι,
792 3023 886 3076 καὶ
918 3020 1110 3092 ἀχλύος
1136 3021 1232 3091 τὴν
1262 3021 1511 3090 αἴσθησιν
1540 3022 1751 3092 πληροῖ,
1801 3024 1895 3078 καὶ

329 3113 398 3166 τὰ
426 3114 528 3184 ήδη
573 3112 878 3181 πονηθέντα
909 3112 1166 3183 ἀμαυροῖ,
1209 3110 1301 3163 καὶ
1327 3113 1438 3172 τοῖς
1461 3109 1659 3162 πάθεσι
1689 3110 1784 3181 τὴν
1811 3112 1892 3164 νί-

330 3221 431 3274 κην
454 3203 647 3267 εύοδεῖ,
699 3202 794 3254 καὶ
841 3201 1102 3271 ῥίψασπιν
1135 3201 1225 3254 τὸν
1263 3200 1486 3270 ὁπλίτην
1516 3203 1677 3254 ποιεῖ.
1707 3203 1894 3266 Οὐδεὶς

330 3293 385 3345 δὲ
411 3293 841 3365 στρατευόμενος
867 3292 1198 3362 ἐμπλέκεται
1221 3293 1339 3353 ταῖς
1367 3290 1462 3342 τοῦ
1493 3291 1606 3360 βίου
1632 3309 1891 3363 πραγμα-

328 3384 496 3448 τείαις
541 3384 633 3436 ἶνα
681 3382 762 3451 τῷ
809 3383 1297 3455 στρατολογήσαντι
1345 3381 1537 3452 ἀρέσῃ,
1587 3381 1701 3434 ἀλλ’
1744 3383 1896 3435 ὁπλο-

329 3474 487 3545 φόρος
514 3475 636 3536 ὅλος
661 3474 889 3542 γίνεται,
921 3476 1054 3545 πρὸς
1077 3474 1167 3527 τὸν
1195 3472 1494 3544 ἀρέσκοντα
1527 3472 1603 3543 τῷ
1633 3471 1896 3546 ταξιάρχῃ

329 3565 811 3637 παρατασσόμενος
841 3564 1048 3635 ἀγῶνα.

643 3827 790 3893 κατ’.
816 3857 886 3868 -
909 3826 1192 3897 ΕΥΣΕΒΙῼ
1232 3827 1595 3897 ΕΠΙΣΚΟΠῼ.

324 3917 471 3985 Περὶ
511 3918 926 3986 δωροληψίας,
975 3918 1064 3972 ὅτι
1116 3917 1363 3986 φρικτὸν
1403 3919 1490 3982 είς
1550 3918 1896 3986 ὑπερϐολὴν

539 3989 904 4054 πιπράσκειν
931 3989 1047 4055 τὴν
1084 3989 1436 4055 ἱερωσύνην,
1475 3986 1513 4054 ἢ
1544 3987 1680 4050 ἐξω.

398 4078 589 4132 Πολλοί
619 4096 680 4132 σε
713 4078 1086 4149 κωμῳδοῦσιν,
1113 4078 1190 4140 ὡς
1221 4079 1495 4148 χρήμασιν
1519 4078 1652 4147 (26),
1676 4078 1789 4131 ἀλλ’
1834 4079 1893 4132 οὐ

2000 3023 2391 3078 mutationibus
2435 3038 2499 3076 ac
2542 3019 3040 3091 perturbationibus
3084 3021 3390 3089 inquinari,
3445 3031 3557 3074 tum

1997 3103 2220 3166 sensum
2256 3111 2486 3180 caligine
2529 3111 2825 3180 perfundit,
2873 3121 2984 3162 tum
3031 3121 3308 3178 susceptos
3328 3109 3438 3179 jam
3479 3112 3559 3165 la-

1997 3198 2155 3253 bores
2180 3199 2494 3267 exstinguit,
2527 3211 2690 3267 atque
2715 3199 3208 3267 perturbationibus
3235 3200 3398 3252 animi
3431 3215 3558 3268 pro-

1996 3305 2121 3342 nam
2151 3303 2215 3343 ac
2243 3288 2453 3344 facilem
2477 3288 2757 3342 victoriam
2794 3289 2985 3353 reddit,
3020 3289 3284 3357 eﬂicitque
3320 3301 3377 3344 ut
3404 3291 3559 3346 miles

1999 3377 2209 3446 abjecto
2238 3386 2392 3432 scuto
2429 3377 2618 3447 fugiat.
2645 3376 2816 3454 Porro
2856 3389 3013 3430 nemo
3053 3377 3290 3431 militans
3317 3379 3558 3447 implicat

1999 3482 2059 3522 se
2113 3467 2345 3536 negotiis
2391 3466 2757 3529 saecularibus,
2800 3476 2856 3518 ut
2904 3465 2952 3518 ei
2998 3465 3226 3533 placeat,
3265 3481 3294 3520 a
3339 3483 3448 3536 quo
3501 3469 3555 3522 in

1996 3557 2242 3610 militiam
2274 3558 2475 3612 ascitus
2512 3566 2594 3610 est
2617 3557 2660 3587 ³⁸
2694 3575 2706 3611 :
2736 3571 2920 3610 verum
2953 3571 3100 3609 arma
3131 3558 3275 3611 omni
3307 3572 3374 3611 ex
3407 3569 3558 3626 parte

1995 3658 2193 3717 gestat,
2248 3648 2314 3702 ad
2347 3649 2400 3700 id
2443 3655 2742 3711 certamen,
2774 3648 2914 3716 quod
2945 3647 3158 3702 tribuno
3191 3647 3407 3703 militari
3438 3650 3560 3719 pla»

1996 3739 2190 3802 cuerit,
2219 3753 2276 3792 se
2305 3753 2645 3806 comparans.

2238 3829 2294 3898 9
2337 3828 2526 3885 XXVI.
2559 3859 2626 3868 ——-
2661 3828 2951 3884 EUSEBIO
2984 3827 3328 3885 EPISCOPO.

2004 3919 2075 3972 De
2122 3935 2379 3972 nonarum
2419 3921 2730 3986 acceptione.
2792 3919 3125 3972 Horrendum
3171 3936 3281 3974 esse
3345 3923 3562 3976 vendere

2600 3989 2968 4041 sacerdotium.

2069 4077 2215 4132 Multi
2250 4089 2301 4134 te
2336 4077 2624 4132 traducunt
2665 4087 2723 4132 ut
2767 4079 3006 4148 pecuniis
3033 4117 3049 4142 ,
3085 4093 3148 4132 ac
3178 4095 3282 4133 non
3318 4080 3562 4152 Spiritui,

363 4214 412 4246 ³*
445 4215 484 4268 ll
519 4214 647 4269 Par.
690 4230 841 4280 xxvi,
864 4214 1116 4282 lG-seqq.
1185 4212 1226 4244 ³³
1259 4212 1432 4268 Levit.
1470 4227 1590 4277 xm,
1619 4211 1652 4264 2
1686 4226 1842 4282 seqq.

2002 4213 2144 4266 .evit.
2165 4228 2315 4279 xxrv,
2345 4215 2548 4283 2seqq.
2610 4212 2656 4244 ³³
2677 4213 2845 4268 Marc.
2881 4230 2920 4280 ι,
2947 4213 3004 4268 4.
3046 4213 3146 4267 "ll
3168 4213 3402 4274 Timoth.
3422 4233 3478 4282 ll,
3509 4219 3565 4271 4.

1465 4365 1693 4422 VARle
1733 4365 2115 4421 LECTlONES
2153 4368 2240 4423 ET
2279 4365 2510 4421 NOTAE.

400 4528 517 4595 (23)
554 4527 659 4581 Pro
701 4525 917 4595 άληθῶς
950 4524 1105 4578 codd.
1141 4521 1256 4575 Vat.
1300 4521 1439 4595 649,
1468 4521 1657 4595 (δε-ΑΗ.
1687 4520 1890 4573 habent

323 4591 560 4678 ἀληθής.
603 4591 863 4678 Similiter
893 4605 947 4646 et
992 4607 1150 4678 versu
1201 4593 1465 4674 sequenti.
1502 4591 1670 4644 Versu
1713 4600 1890 4678 autem

327 4659 524 4719 ultimo
555 4679 687 4733 pro,
732 4663 792 4727 ἐξ
837 4663 1158 4733 ἀμφοτέρων
1194 4661 1428 4733 φύσεων,
1473 4671 1697 4728 uterque
1747 4659 1892 4728 legit,

325 4736 384 4787 ὲν
417 4730 758 4804 ἀμφοτέραις
779 4730 1162 4804 ταῖς-φύσεσιν.
1194 4730 1398 4804 Possm.

402 4799 526 4874 (24}
549 4799 790 4874 Primum
822 4802 976 4874 hujus
1004 4799 1511 4874 epist._vocabu|um
1541 4799 1696 4874 aliter
1737 4811 1895 4874 quam

328 4872 382 4925 in
410 4867 578 4926 'cdi'tis
599 4874 650 4924 in
675 4867 933 4924 Altaeiiisi
953 4867 1148 4930 exstat,
1171 4867 1744 4937 ὲπιστημόνωςΝετδιι
1774 4868 1898 4919 item

329 4943 362 4995 5
392 4943 470 4995 id.
506 4943 624 4994 cod.
655 4957 752 5008 pro
768 4938 1244 5008 adadofwaegit
1272 4937 1734 5008 δυσψαύστωνηθι
1757 4949 1896 5008 vers.

325 5011 362 5063 4
419 5026 522 5078 pro
565 5003 866 5076 ἁνέφίκτών
921 5007 1040 5062 Vat.
1081 5003 1437 5078 649ί1ιίιιιεῐ,
1477 5004 1736 5078 φρικτᾶιν,
1778 5003 1896 5055 Mox

326 5073 436 5133 non
468 5079 643 5131 ταῦτα
670 5073 762 5132 Sed
803 5077 942 5129 αὐτὰ
985 5079 1095 5129 Alt.
1124 5076 1361 5129 exhibet.
1401 5073 1550 5130 Vers’.
1583 5074 1639 5138 6,
1670 5073 1894 5143 θάρσει,

326 5165 426 5217 pro
458 5148 654 5217 θράσει
686 5147 739 5200 in
765 5147 1114 5217 Alt.ileg_il_nr.
1140 5145 1348 5217 Possm.
1583 5213 1630 5217 __
1788 5213 1800 5217 _
1871 5148 1887 5160 "

401 5213 527 5289 (25)
559 5216 712 5270 Vers.
742 5216 796 5289 5.
847 5216 940 5267 νῦν
974 5215 1070 5285 (δὲ
1107 5215 1364 5289 μὴηειοη
1397 5213 1757 5289 quaevidetur
1788 5213 1901 5277 ipse

323 5280 537 5349 editor,
605 5285 789 5339 tuendi
837 5280 1605 5352 suspecta'habuissefl-lujns
1637 5281 1899 5352 lociAvera

323 5359 533 5424 opinor
561 5355 722 5408 lectio
753 5350 1054 5424 suggeritur
1077 5369 1104 5404 a
1136 5352 1498 5424 cod._duobus_
1521 5350 1642 5424 Vat.
1682 5350 1811 5424 649,
1850 5358 1903 5401 et

323 5421 440 5478 Αἰι.
474 5426 572 5491 qui
597 5425 679 5477 sic
724 5421 838 5475 ista?
875 5423 1121 5491 exhibent
1161 5421 1312 5491 εΝύν
1341 5421 1432 5472 τὸν
1477 5421 1664 5491 Δημᾶν
1695 5421 1902 5491 ἐκεῖνον

328 5455 440 5478 ιιιι.
474 5455 572 5491 ll‘ll
598 5455 679 5477 θιυ
724 5455 825 5475 Ιδια
875 5455 1121 5474 υΑΙΙΙΙΙῚ-ΙΙΙ-
1161 5461 1173 5472 ι
1199 5455 1311 5473 μυ*
1353 5455 1431 5472 υυν
1477 5455 1534 5472 IIII
1561 5455 1663 5487 μνον
1695 5455 1899 5470 εδει-νυν

328 5492 662 5563 μιμουμένω
686 5492 784 5544 καὶ
823 5489 1325 5563 πρὸςῌτὰςῃοίκείας
1368 5455 1648 5563 φροντίδας
1672 5489 1901 5563 ⁸ιςιταλινο-

331 5559 580 5616 στοῦντι.
609 5559 812 5630 Nempe
847 5559 936 5615 hic
959 5560 1205 5630 Cyrillus,
1239 5559 1742 5629 vitamaliquandiu
1775 5572 1905 5611 ana-

1998 4521 2323 4575 choreticam
2356 4521 2650 4588 professus,
2689 4534 2869 4576 eremo
2896 4520 3088 4575 deinde
3127 4520 3313 4574 relicta
3341 4523 3561 4576 domum

2001 4592 2258 4659 redierat.
2307 4590 2363 4642 In
2402 4607 2507 4657 quo
2561 4591 2800 4644 imitatus
2834 4600 2951 4643 erat
2997 4590 3211 4642 Demam
3241 4629 3256 4653 ,
3299 4593 3566 4659 quondam

2002 4658 2150 4711 Pauli
2188 4661 2410 4725 apostoli
2439 4662 2667 4722 socium,
2695 4661 2758 4712 de
2788 4675 2893 4727 quo
2926 4660 2969 4711 is
3003 4660 3188 4710 scribit
3217 4658 3466 4712 secundm
3500 4661 3567 4713 ad

2006 4728 2345 4781 Timotheum
2387 4745 2456 4791 Iv,
2505 4731 2566 4782 10
2604 4746 2618 4781 :
2665 4732 2854 4797 Δημᾶς
2906 4744 2970 4796 με
3022 4727 3396 4794 ἐγκατέλιπεν,
3434 4731 3568 4795 ἀγα-

2006 4800 2180 4866 πήσας
2229 4798 2318 4849 τὸν
2371 4798 2465 4852 νῦν
2495 4799 2667 4852 αἰῶνα
2694 4840 2708 4863 ,
2753 4809 2856 4850 etc.
2893 4799 3050 4848 Iidem
3099 4799 3204 4847 duo
3235 4799 3388 4851 codd.
3421 4814 3563 4853 vers.

2005 4865 2298 4935 pe’nultinio
2323 4883 2418 4936 pro
2445 4868 2582 4932 ὅλος,
2626 4869 2823 4921 habent
2857 4869 2883 4918 ό
2920 4865 3097 4936 λόγος,
3127 4866 3217 4916 sed
3251 4881 3348 4933 ego
3373 4866 3566 4921 lectio-

2007 4934 2124 4988 nem
2161 4934 2357 4989 editam
2397 4941 2567 5004 magis
2595 4937 2950 5004 prolun'erim.
2983 4934 3192 4987 Possm.

2075 5005 2184 5075 (26)
2222 5002 2788 5076 Xpﬁparicod.Alt.,
2821 5005 3132 5076 concinnius
3163 5002 3228 5055 ad
3257 5004 3564 5058 antithesim

2005 5072 2124 5127 cuiu
2168 5072 2458 5140 sequente,
2510 5075 2808 5143 [ῐνεύματι.
2861 5072 3082 5143 γυιελὸ
3122 5087 3342 5140 parvum
3396 5076 3563 5143 dictu,

2005 5145 2201 5213 dicitur
2228 5157 2401 5196 tamen
2443 5145 2574 5213 μηδὲ
2617 5141 2710 5211 pro
2741 5143 2878 5211 μήτε
2915 5142 3205 5207 poniturin
3245 5141 3563 5213 codd.’Vut.

2002 5212 2104 5266 649
2130 5213 2305 5265 etAlt.
2344 5212 2938 5277 Ver’s.'antepenultimo
2967 5213 3106 5278 quod
3139 5213 3280 5264 edita
3310 5212 3568 5263 exhibent

2004 5283 2495 5351 πρεσϐευσάμενος,
2517 5283 2850 5334 emendatius
2883 5281 2932 5332 in
2961 5293 3188 5345 utroque
3219 5281 3569 5351 illohabetur

2004 5349 2159 5404 cedd.
2197 5350 2650 5420 πρεσϐευόμενος,
2689 5353 2761 5403 uti
2795 5351 3028 5404 vicissim
3060 5349 3386 5420 prietulerim
3421 5362 3563 5420 vers.

2006 5421 2102 5471 ult.
2143 5421 2202 5471 τὸ
2237 5415 2403 5489 λίέρας
2438 5415 2486 5473 ei
2525 5420 2665 5487 quod
2701 5420 2750 5473 in
2783 5419 2890 5475 illis
2917 5415 3122 5474 duobUs
3163 5416 3314 5470 codd.
3350 5415 3567 5484 legitur,

2005 5491 2199 5559 γῆρας.
2240 5489 2445 5543 Possm.
