3944 6138
395 221 499 287 190
1568 227 1629 287 S.
1671 222 1967 286 ISIDORI
2002 225 2446 287 PELUSIOTAE
3544 232 3647 297 200

395 351 651 395 manuum
682 334 1079 407 impositionem
1114 337 1167 393 in
1202 338 1376 393 sacris
1400 338 1793 394 initiationibus
1824 355 1963 395 com-

2078 340 2357 408 Πνεύματι
2386 338 2487 403 τὰς
2514 339 2851 411 χιιροθεσίας
2882 340 2981 411 τῆς
3013 340 3404 412 μυσταγωγίας
3433 344 3648 416 ἐπιτρέ-

394 429 723 485 mittentem.
750 429 828 482 Ac
845 430 1122 498 siquidem
1150 431 1566 487 calumniatores
1595 441 1758 504 agunt
1784 472 1801 496 ,
1857 434 1963 486 vim

2078 446 2261 483 ποντα.
2295 430 2406 482 Καὶ
2446 430 2495 482 εί
2529 429 2627 499 μὲν
2658 430 3075 497 συκοφαντοῦσι,
3130 430 3252 493 καθ’
3291 431 3501 484 ἑαυτῶν
3546 434 3647 483 ὲπο

402 518 653 575 Numinis
694 520 943 575 ultricem
987 520 1041 576 in
1091 525 1297 592 seipsos
1332 523 1655 587 attrahunt:
1703 525 1963 587 siquidem

2078 517 2374 570 εσπάσαντο
2397 517 2495 587 τὴν
2517 518 2695 589 δίκην,
2722 519 2910 590 ἐπειδὴ
2940 538 2957 571 ι
2990 522 3182 573 ἀπολεῖ
3200 519 3406 590 Κύριος
3439 519 3648 585 πάντας

400 629 419 661 ι
450 610 644 666 Perdet
673 611 810 666 Deus
835 626 1025 667 omnes
1049 614 1138 682 qui
1166 613 1454 683 loquuntur
1485 615 1822 669 mendacium
1850 614 1915 666 ³⁸.
1944 632 1962 665 ι

2078 609 2202 671 τοὺς
2232 606 2526 671 λαλοῦντας
2551 608 2611 660 τὸ
2639 608 2851 678 ψεῦδος.
2888 627 2906 660 ι
2946 610 3010 662 Εἰ
3032 610 3090 664 δὲ
3119 609 3463 680 ἀληθεύουσι,
3481 610 3651 678 γνῶθι

396 702 490 757 Sin
517 712 695 755 autem
733 716 857 755 vera
908 702 1199 771 loquuntur
1230 742 1246 769 ,
1300 718 1464 758 nosce
1510 718 1669 773 quem
1708 705 1773 757 ad
1808 705 1965 760 linem

398 792 581 847 tendat
620 793 723 846 hoc
770 791 1015 855 malum,
1077 794 1219 862 quod
1266 793 1648 848 contumeliam
1699 794 1751 847 in
1800 793 1965 848 Deum

391 883 587 950 exiguo
626 881 779 937 lucro
825 883 1189 938 commutasti.
1244 882 1311 937 Et
1361 884 1484 949 quis
1536 900 1634 954 pro
1680 894 1731 939 te
1767 885 1966 948 orabit,

392 974 822 1043 quandoquidem
855 989 952 1028 uec
986 989 1080 1042 pro
1111 973 1285 1043 Ophni
1312 983 1366 1028 et
1399 975 1629 1029 Phinees
1652 976 1741 1043 qui
1778 976 1968 1030 adver-

390 1082 483 1121 sus
516 1067 682 1121 Deum
752 1062 1027 1137 IpsiuSque
1078 1067 1440 1123 sacerdotium
1515 1069 1965 1135 peccaverant",

391 1157 640 1212 inventus
685 1168 768 1212 est
809 1157 1140 1227 quisquam,
1201 1159 1291 1227 qui
1359 1158 1724 1226 deprecatoris
1786 1168 1969 1228 partes

359 1248 728 1321 susciperet,
774 1263 961 1301 verum
1013 1248 1065 1301 in
1110 1256 1415 1303 extremum
1463 1249 1726 1314 exitium,
1773 1259 1832 1302 ut
1880 1264 1968 1303 sa-

389 1339 610 1393 cerdotii
659 1338 973 1407 dignitatem
1006 1340 1294 1407 prodentes
1325 1380 1340 1405 ,
1394 1339 1618 1407 conjecti
1658 1341 1827 1394 sunt?

442 1447 657 1504 XXVII.
685 1480 757 1492 -—
778 1449 1247 1506 PHARISMANIO
1280 1450 1606 1509 EUNUCHO
1633 1451 1926 1507 PALATII.

454 1558 629 1613 Audio
664 1568 714 1614 te
747 1559 799 1612 in
835 1560 1140 1615 divinorum
1171 1562 1432 1618 librorum
1467 1563 1815 1619 meditatione
1855 1578 1970 1619 ver-

387 1652 496 1705 sari
525 1687 541 1713 ,
589 1665 881 1719 eorumque
930 1653 1255 1709 testimoniis
1300 1655 1586 1709 commode
1630 1654 1698 1709 ad
1748 1656 1968 1725 quosvis
1998 1690 2041 1746 Β

390 1742 467 1794 uti
496 1758 511 1793 :
552 1756 739 1795 verum
775 1742 1018 1799 avaritia:
1063 1746 1284 1800 studere
1307 1783 1325 1809 ,
1373 1753 1536 1814 atque
1578 1748 1630 1799 in
1665 1746 1835 1802 aliena
1869 1747 1967 1801 bo-

395 1844 462 1882 na
512 1828 705 1884 insano
759 1832 990 1899 quodam
1045 1834 1244 1903 impetu
1302 1834 1454 1889 ferri.
1507 1836 1585 1892 Ac
1631 1836 1763 1890 mihi
1815 1837 1970 1892 valde

392 1918 580 1972 mirari
612 1919 801 1984 subit,
838 1919 927 1989 qui
965 1918 1169 1976 factum
1197 1923 1309 1988 sit,
1366 1933 1425 1979 ut
1466 1924 1686 1981 divinus
1734 1940 1889 1980 antor
1918 1935 1972 1981 te

390 2006 612 2062 minime
637 2010 930 2076 sauciarit,
960 2025 1059 2065 nec
1085 2025 1151 2065 ex
1181 2013 1395 2067 assidua
1433 2013 1697 2079 lectione,
1729 2016 1973 2071 volunta-

391 2097 459 2152 tis
507 2109 669 2168 atque
717 2100 949 2156 instituti
998 2105 1355 2159 mutationem
1416 2107 1678 2173 eilecerit,
1733 2109 1825 2177 qui
1864 2124 1969 2163 non

390 2190 549 2243 modo
576 2190 749 2245 aliena
786 2193 1170 2263 concupiscere
1194 2204 1341 2250 vetat
1366 2234 1383 2261 .
1426 2198 1519 2255 sed
1557 2202 1720 2253 etiam
1755 2200 1971 2269 propria

387 2295 645 2351 spargere
694 2292 897 2339 monet.
942 2284 1124 2351 Quare
1170 2296 1264 2341 aut
1317 2287 1502 2358 legens
1540 2304 1774 2359 agnosce
1804 2329 1820 2355 ,
1876 2300 1973 2347 aut

391 2388 497 2427 nou
542 2388 839 2443 agnoscens
874 2376 1011 2446 lege.

663 2464 901 2524 XXVIII.
931 2497 1003 2511 —
1029 2468 1323 2525 EUSEBIO
1370 2468 1721 2529 EPISCOPO.

445 2550 812 2609 Venerandum
856 2565 904 2610 et
940 2569 1251 2627 comparatu
1287 2557 1511 2627 difﬁcile
1558 2563 1930 2619 sacerdotium.

459 2664 744 2721 Multarum
786 2683 968 2723 rerum
1006 2685 1160 2725 amor
1206 2671 1258 2726 in
1301 2672 1496 2728 animis
1537 2674 1755 2729 oritur:
1796 2686 1853 2731 at
1876 2692 1971 2733 vo-

388 2757 649 2812 luntatem
695 2773 800 2813 non
862 2762 1200 2829 comitatur,
1244 2774 1341 2828 ut,
1385 2778 1505 2817 cum
1551 2764 1814 2833 ejusmodi
1863 2778 1969 2835 est,

387 2846 454 2898 ad
494 2861 655 2915 quem
688 2850 973 2917 pervenire
996 2852 1283 2922 quisquam
1314 2865 1569 2926 nequeat.
1610 2855 1797 2928 Neque
1826 2860 1969 2915 enim

384 2953 644 3007 regnum,
676 2940 922 3010 quisquis
952 2943 1091 3009 vult,
1122 2948 1504 3017 consequitur;
1554 2963 1655 3003 nec
1710 2964 1839 3019 opes
1872 2966 1973 3006 nec

2068 692 2126 752 οἷ
2149 698 2374 771 τελευτᾷ
2398 700 2458 752 τὸ
2482 700 2672 764 κακὸν,
2712 700 2796 753 ὃτι
2836 700 3033 771 μικροῦ
3068 701 3292 771 κέρδους
3326 698 3387 753 τὸ
3413 702 3493 765 εἰς
3518 700 3652 755 Θεὸν

2070 792 2313 861 ὑϐρίζειν
2333 791 2689 862 ἀντήλλαξας.
2720 793 2831 845 Καὶ
2866 793 2951 856 τίς
2973 793 3331 863 προσεύξεται
3365 794 3492 862 περὶ
3525 793 3647 855 σοῦ,

2068 882 2256 953 ἐπειδὴ
2284 883 2419 954 μήτε
2454 885 2581 955 περὶ
2624 883 2788 954 Ὀφνὴ
2814 884 2911 936 καὶ
2937 884 3139 949 Φινεὲς,
3172 886 3251 947 είς
3273 884 3405 937 Θεὸν
3438 885 3531 938 καὶ
3552 883 3652 953 τὴν

2068 973 2233 1027 αύτοῦ
2264 974 2618 1044 ἁμαρτόντων
2653 974 2974 1048 ἱερωσύνην,
3000 975 3195 1051 εὑρέθη
3228 994 3313 1040 τις
3348 975 3651 1047 πρεσϐευό-

2071 1083 2248 1135 μενος,
2273 1065 2388 1118 ἀλλ’
2410 1067 2490 1130 είς
2511 1065 2737 1140 ἔσχατον
2769 1066 3010 1137 ὄλεθρον,
3046 1068 3123 1133 ὡς
3156 1068 3213 1121 τὸ
3242 1067 3412 1141 γέρας
3445 1067 3649 1138 προπί-

2067 1174 2247 1221 νοντες
2270 1157 2368 1228 τῆς
2391 1157 2709 1231 ἱερωσύνης,
2738 1158 2997 1229 ἐδόθησαν
3016 1176 3031 1226 ;

2069 1436 2192 1493 ΚΖ’.
2216 1470 2286 1478 -
2310 1432 2731 1512 ΦΑΡΙΣΜΑΝΙῼ
2757 1437 3082 1515 ΕΥΝΟΥΧῼ
3112 1440 3250 1495 ΤΟΥ
3270 1436 3645 1495 ΠΑΛΑΤΙΟΥ.

2140 1552 2352 1609 Ἀκούω
2374 1570 2432 1606 σε
2459 1556 2576 1616 ταῖς
2599 1553 2772 1618 θείαις
2802 1554 3014 1617 Βίϐλοις
3042 1554 3365 1625 ὲμμελετᾷν,
3401 1553 3494 1607 καὶ
3525 1555 3649 1617 ταῖς

2070 1644 2246 1697 αὐτῶν
2273 1646 2573 1715 κεχρῆσθαι
2605 1646 2936 1716 μαρτυρίαις
2974 1646 3248 1718 ἁρμοδίως
3289 1646 3425 1716 πρὸς
3462 1645 3643 1700 ἀπαν-

2068 1751 2167 1799 τας
2193 1736 2327 1807 (ΥΙ),
2362 1733 2504 1795 εἶναι
2558 1736 2615 1793 δὲ
2658 1737 3008 1808 πλεονέκτην,
3057 1739 3151 1793 καὶ
3190 1741 3301 1801 τοῖς
3350 1736 3649 1807 ἀλλοτρίοις

2069 1826 2489 1898 ἐπιμαινόμενον
2518 1826 2673 1897 βίοις.
2706 1830 2814 1882 Καὶ
2842 1830 2982 1885 πάνυ
3029 1846 3119 1899 μοι
3147 1828 3452 1899 θαυμάζειν
3479 1827 3645 1898 ἐπέρ-

2070 1936 2245 1990 χεται,
2276 1919 2358 1972 ὅτι
2385 1937 2443 1975 σε
2475 1922 2504 1975 ό
2545 1918 2687 1990 θεῖος
2713 1920 2852 1991 ἔρως
2884 1916 2985 1974 οὐκ
3018 1914 3259 1991 ἔτρωσεν
3286 1923 3350 1974 ὲκ
3387 1920 3489 1990 τῆς
3520 1936 3647 1973 συν-

2068 2010 2224 2080 εχοῦς
2253 2010 2633 2079 ἀναγνώσεως,
2670 2011 2978 2083 μεταϐολὴν
3008 2011 3109 2081 τῆς
3138 2012 3455 2083 προθέσεως
3483 2013 3650 2082 ἔργα.

2072 2102 2326 2172 σάμενος,
2384 2105 2411 2156 ό
2438 2104 2512 2173 μὴ
2550 2108 2709 2174 μόνον
2734 2104 2842 2157 τῶν
2886 2103 3183 2176 ἀλλοτρίων
3224 2103 3448 2159 κωλύων
3492 2104 3647 2176 ὲρᾷν,

2069 2194 2205 2248 ἀλλά
2238 2196 2332 2247 κα)⁸
2357 2194 2428 2247 τὰ
2452 2194 2723 2266 προσόντα
2751 2195 3067 2266 σκορπίζειν
3104 2195 3390 2249 νουθετῶν.
3433 2195 3507 2247 Ἦ
3534 2194 3647 2247 τοί-

2070 2302 2162 2340 νυν
2189 2284 2577 2355 ἀναγινώσκων
2603 2286 2885 2356 ὶπίγνωθι,
2917 2286 2951 2360 ἢ
2985 2287 3060 2359 μὴ
3096 2286 3475 2358 ἐπιγινώσκων
3506 2285 3645 2341 ἀνά-

2069 2376 2259 2443 γνωθι.

2365 2467 2503 2523 KH'.
2530 2496 2599 2509 -ς-
2628 2466 2918 2538 erasum
2955 2466 3320 2538 ΕΠΙΣΚΟΠῼ.

2213 2557 2345 2615 Ὅτι
2379 2558 2633 2628 φρικτὸν
2664 2558 2765 2612 καὶ
2788 2558 3154 2629 δυσέφικτον
3178 2560 3501 2626 ἱερωσύνη.

2139 2670 2360 2725 Πολλῶν
2387 2669 2600 2735 πολλοῖς
2623 2670 2764 2742 ἔρως
2786 2670 3061 2741 ὶγγίνεται
3088 2669 3222 2741 (28),
3244 2664 3305 2722 ού
3332 2670 3651 2741 συνέρχεται

2065 2763 2188 2824 ταῖς
2220 2761 2455 2831 βουλαῖς,
2483 2760 2559 2824 ὡς
2581 2762 2891 2831 ἀνέφικτος.
2924 2760 3063 2815 Οὔτε
3096 2762 3204 2832 γὰρ
3233 2761 3514 2831 βασιλείας
3540 2763 3652 2823 πᾶς

2067 2853 2097 2905 ό
2130 2851 2449 2921 βουλόμενος
2478 2852 2819 2921 ἐφικνεῖται,
2869 2849 2993 2904 οῦτε
3024 2850 3363 2921 περιουσίας,
3398 2850 3521 2903 οὔτε
3560 2867 3653 2903 συ-

2071 2941 2260 3010 ζυγίας
2292 2937 2359 3012 ἦς
2389 2941 2654 3011 βούλεται.
2687 2943 2750 2995 Et
2776 2941 2974 3007 τοίνυν,
3002 2941 3078 3005 ὡς
3106 2942 3231 3012 φὴς,
3270 2941 3367 2994 καὶ
3392 2941 3646 3010 Ζώσιμος

385 3030 692 3100 conjugium
726 3033 885 3101 quale
928 3033 1059 3088 vult.
1093 3035 1465 3103 Quamobrem
1506 3040 1549 3093 si
1583 3037 1864 3105 Zosimus,
1911 3051 1963 3096 ul

2078 3035 2366 3107 εἰσφρῆσαι
2403 3035 2592 3088 ἑαυτὸν
2623 3033 2718 3088 τοῦ
2744 3032 2880 3089 Θεοῦ
2917 3035 3237 3106 μυστηρίοις
3272 3034 3645 3107 ἀναισχύντως

384 3121 613 3187 scribis,
650 3123 989 3191 impudenter
1032 3127 1270 3196 seipsum
1297 3167 1313 3194 ,
1352 3144 1419 3184 ac
1462 3145 1557 3197 per
1592 3132 1729 3197 vim,
1781 3132 1834 3187 in
1874 3132 1969 3189 Dei

386 3214 644 3284 mysteria
685 3217 979 3272 immittere
1008 3227 1274 3286 conatur,
1312 3221 1598 3292 diligenter
1636 3237 1768 3277 cura
1804 3232 1863 3278 ut
1888 3223 1970 3277 in-

386 3302 624 3369 telligat,
664 3302 757 3357 Dei
785 3305 1041 3374 templum
1072 3307 1300 3377 leprosis
1346 3310 1536 3365 tandiu
1564 3309 1807 3365 clausum
1826 3326 1965 3377 esse,

385 3396 562 3462 quoad
592 3404 926 3451 contractum
965 3412 1031 3452 ex
1065 3402 1474 3459 morbo.vitium
1516 3403 1873 3459 absterserint
1897 3404 1963 3456 π.

402 3561 406 3563 .
439 3507 632 3564 XXIX.
666 3538 737 3551 —
781 3507 987 3569 LUCIO
1066 3511 1337 3571 PELUSII
1366 3515 1919 3574 AIlClIlDiACONO.’

1018 3606 1102 3659 Ad
1125 3622 1332 3661 avaros.

460 3709 517 3767 Si
560 3714 849 3769 venerandi
879 3714 1066 3772 altaris
1111 3717 1323 3774 diaconi
1358 3719 1597 3790 episc0pi
1623 3720 1764 3777 oculi
1821 3728 1966 3785 sunt,

387 3804 627 3873 profecto
670 3820 793 3861 cum
838 3819 892 3862 tu
929 3806 1022 3863 Dei
1063 3811 1330 3881 permissu
1385 3812 1516 3882 ipsis
1566 3812 1793 3881 ιιι-κείς,
1828 3821 1971 3868 totus

385 3894 574 3951 oculus
605 3910 728 3951 esse
753 3899 915 3953 debes
953 3900 1405 3971 quemadmodum
1440 3902 1696 3957 animalia
1728 3902 1817 3958 illa
1844 3902 1965 3973 plu-

384 3987 537 4041 rimis
567 3988 737 4043 oculis
762 3992 984 4058 praedita
997 3991 1041 4024 ³⁸
1062 3992 1339 4063 (quoniam
1370 3994 1534 4047 etiam
1556 3994 1970 4063 prepinquitatis

384 4079 452 4134 ad
482 4079 647 4135 Deum
678 4082 882 4136 ratione
909 4120 926 4147 ,
958 4096 1022 4137 ea
1055 4084 1288 4141 imitaris
1316 4122 1331 4148 ,
1364 4098 1468 4138 non
1498 4083 1607 4138 vita
1630 4122 1645 4148 ,
1684 4093 1743 4137 ut
1779 4084 1959 4148 audio,

384 4169 478 4223 sed
504 4171 617 4223 sola
664 4172 902 4227 muneris
934 4173 1074 4229 sacri
1118 4172 1437 4244 iunctione),
1474 4188 1538 4227 ac
1591 4188 1694 4226 non
1762 4172 1971 4242 impro-

384 4259 469 4314 bis
517 4260 709 4314 studiis
755 4270 917 4329 atque
960 4261 1237 4329 consiliis,
1297 4272 1352 4317 et
1396 4262 1774 4316 honorandum
1817 4261 1967 4315 illum

2073 3127 2340 3193 βιάζεται,
2374 3126 2592 3198 μαθέτω
2621 3126 2711 3181 διὰ
2737 3127 2835 3198 τῆς
2860 3126 3146 3199 ἀκριὸείας
3176 3143 3293 3193 σου,
3318 3126 3399 3179 δτι
3422 3125 3651 3197 λεπροῖς

2068 3218 2098 3270 ό
2140 3217 2234 3270 τοῦ
2270 3216 2407 3270 Θεοῦ
2452 3217 2579 3280 ναὸς
2619 3216 2991 3281 ἀποκλείεται,
3042 3217 3233 3289 μέχρις
3288 3216 3355 3270 ἂν
3401 3216 3502 3287 τὴν
3548 3215 3646 3269 τοῦ

2070 3309 2276 3373 πάθους
2312 3306 2494 3379 λώϐην
2530 3308 2751 3379 ἀποσμή
2760 3306 2974 3372 ξωνται.

2119 3509 2247 3564 ΚΘ.
2281 3540 2348 3550 -—
2377 3508 2639 3579 ΛΟΥΚῘῼ
2680 3507 3150 3578 ΑΡΧΙΔΙΑΚΟΝῼ
3195 3506 3612 3563 ΠΗΛΟΥΣῙΟΥ.

2372 3598 2529 3667 Πρός
2556 3600 2955 3668 φιλαργυρίαν
2986 3599 3345 3662 νοσοῦντας.

2140 3712 2203 3765 Ei
2232 3711 2499 3782 ὀφθαλμοὶ
2528 3712 2827 3765 ἐπισκόπου
2860 3711 3217 3781 τυγχάνουσιν
3249 3712 3299 3765 οἱ
3324 3712 3417 3766 τοῦ
3444 3713 3649 3768 σεπτοῦ

2070 3802 2453 3874 θυσιαστηρίου
2480 3802 2736 3867 διάκονοι,
2765 3802 2830 3856 σὺ
2860 3803 2917 3856 δὲ
2939 3801 3146 3857 τούτων
3177 3803 3318 3857 κατά
3359 3804 3649 3875 συγχώρη-

2072 3911 2156 3948 σιν
2185 3893 2320 3948 Θεοῦ
2358 3894 2567 3965 ἄρχεις,
2601 3894 2717 3959 ὅλος
2757 3893 3034 3964 ὀφθαλμὸς
3083 3894 3319 3962 ὀφείλεις
3357 3896 3649 3966 ὑπάρχειν,

2069 3985 2234 4049 ὡςτά
2257 3983 2371 4049 ζῶα
2400 3986 2761 4056 πολυόμματα
2834 3986 3045 4058 (ἐπειδὴ
3094 3986 3190 4040 καὶ
3219 3990 3287 4057 τῇ
3332 3988 3467 4058 πρὸς
3515 3987 3652 4061 [τὸν]

2068 4076 2201 4130 Θεὸν
2229 4078 2411 4129 ἐκεῖνα
2452 4079 2594 4148 μιμῇ
2625 4076 2739 4147 (29)
2776 4076 3061 4148 ὲγγύτητι,
3091 4078 3215 4147 οὐχὶ
3253 4078 3373 4147 βίῳ,
3401 4078 3479 4142 ὼς
3510 4097 3652 4147 μανι

2070 4166 2234 4232 θάνω,
2266 4166 2403 4221 ἀλλά
2433 4166 2571 4240 μόνῃ
2600 4169 2664 4239 τῇ
2704 4166 3060 4240 λειτουργίᾳ),
3119 4168 3216 4220 καὶ
3264 4168 3339 4241 μὴ
3380 4168 3654 4232 σκοτίζειν

2068 4260 2179 4320 τοῖς
2209 4256 2434 4326 φαύλοις
2472 4257 2889 4328 ἐπιτηδεύμασι,
2936 4258 3030 4311 καὶ
3080 4257 3171 4310 τὸν
3208 4258 3389 4328 τίμιον
3440 4260 3652 4311 ἐκεῖνον

383 4349 611 4404 chorum
638 4365 702 4404 ac
732 4351 1068 4418 sodalitium,
1100 4362 1154 4406 et
1203 4352 1509 4421 episcopum
1547 4352 1651 4422 ιο
1681 4352 1775 4406 tibi
1805 4361 1963 4408 teme-

2078 4347 2256 4404 θίασον
2283 4349 2375 4405 καὶ
2427 4348 2610 4419 χορδν,
2649 4348 2742 4401 καὶ
2782 4347 2872 4400 τὸν
2922 4346 3243 4418 πειθόμενόν
3293 4365 3373 4400 σοι
3410 4350 3655 4420 ἀκρίτως

386 4458 445 4498 re
487 4457 551 4497 ac
614 4442 733 4496 sine
796 4442 997 4512 judicio
1062 4458 1265 4499 morem
1314 4453 1585 4515 gerentem
1640 4443 1963 4506 obscurare,

382 4535 739 4605 divinumque
774 4534 1075 4590 sacrarium
1115 4549 1212 4605 per
1244 4534 1525 4588 avaritiam
1561 4532 1961 4597 contaminare,

383 4628 510 4683 dum
554 4642 685 4698 opes
718 4627 812 4683 tibi
840 4628 939 4697 ipsi
992 4643 1086 4699 per
1127 4627 1483 4683 nummariam
1509 4641 1764 4683 manuum
1792 4624 1963 4692 impo-

382 4723 631 4777 sitionem
674 4721 905 4790 aggeris.
950 4718 1210 4775 Dominus
1251 4719 1395 4775 enim
1430 4733 1526 4773 eos
1555 4759 1569 4777 ,
1619 4718 1711 4786 qui
1757 4717 1963 4773 colum-

383 4813 481 4867 bas
508 4814 855 4877 vendebant,
896 4811 1077 4882 ﬂagris
1119 4826 1149 4865 ιι
1185 4810 1382 4879 templo
1409 4808 1702 4879 eXpulit".
1769 4807 1970 4873 Quam-

382 4900 568 4957 obrem
640 4918 708 4958 ne
768 4914 822 4961 tu
856 4918 1070 4974 quoque
1126 4905 1313 4959 eodem
1359 4902 1518 4959 modo
1568 4896 1970 4962 Submovearis,

2072 4440 2393 4505 ἐπίσκοπον,
2429 4441 2526 4493 καὶ
2572 4440 2813 4510 χραίνειν
2870 4439 2929 4491 τὸ
2968 4439 3112 4492 θετον
3150 4440 3299 4511 βῆμα
3340 4438 3647 4511 πλεονεξίᾳ,

2068 4530 2168 4586 καὶ
2189 4531 2389 4603 πόρους
2419 4531 2629 4601 σεαυτῷ
2649 4532 2755 4585 ἀπὸ
2784 4532 2950 4602 τιμῆς
2981 4532 3324 4604 χειροτονιῶν
3351 4531 3646 4603 ἀθροίζειν.

2069 4622 2209 4685 Τοὺς
2250 4621 2359 4693 γάρ
2394 4621 2706 4685 πωλοῦντας
2747 4623 2847 4688 τὰς
2894 4622 3221 4695 περιστερὰς
3258 4622 3509 4687 ἐξέϐαλεν
3541 4625 3652 4676 ἀπὸ

2072 4712 2165 4767 τοῦ
2222 4712 2353 4766 ναοῦ
2400 4714 2663 4782 μαστίξας
2706 4714 2735 4767 ό
2778 4715 3001 4783 Κύριος.
3054 4716 3172 4769 Ἵνα
3213 4714 3394 4769 τοίνυν
3429 4714 3506 4785 μὴ
3551 4717 3651 4768 σὺν

2074 4803 2305 4866 ἐκείνοις
2330 4804 2533 4874 ὠσθῇς,
2558 4803 2764 4857 παῦσαι
2793 4802 2939 4859 οὕτω
2975 4805 3245 4870 πλουτῶν,
3288 4806 3381 4860 καὶ
3417 4806 3547 4876 ὓλην
3571 4806 3649 4877 τῷ

2080 4893 2325 4967 μέλλοντι
2351 4894 2651 4966 ἐτοιμάζων
2678 4894 2831 4965 πυρί.

382 4998 570 5051 desine
606 5011 736 5064 opes
770 4997 845 5053 ita
879 5010 1100 5066 augere,
1138 5010 1202 5052 ac
1232 4994 1517 5050 materiam
1542 4992 1725 5047 iuturo
1748 4989 1858 5059 igni
1881 5002 2095 5058 parare.

436 5116 482 5148 ⁸⁸
509 5113 653 5171 Psal.
691 5131 747 5180 v,
780 5116 836 5171 7.
910 5115 1001 5170 ⁸⁸1
1036 5115 1169 5187 Reg.
1204 5132 1267 5181 tt,
1296 5115 1399 5181 ὄις
1431 5129 1507 5179 tv,
1540 5112 1626 5167 Η.
1691 5110 1733 5142 ³⁷
1763 5108 1938 5165 Levit.

2078 5124 2110 5171 I,
2148 5109 2200 5163 4.
2277 5106 2320 5138 ³⁸
2343 5107 2542 5162 Ezech.
2582 5107 3022 5180 l,I8:;e|I,12.
3098 5111 3142 5143 ⁸³
3168 5109 3324 5165 ]ι›ιιιι.
3353 5126 3414 5175 ιι,
3444 5110 3534 5174 IL,
3564 5112 3647 5169 15.

1488 5223 1723 5285 VABUE
1762 5224 2149 5281 LECTIONES
2185 5224 2274 5279 ET
2308 5221 2547 5281 ΝΟΤΑΞ.

456 5356 572 5430 (27)
608 5353 778 5430 Codd.
811 5354 970 5430 modo
991 5355 1270 5430 memorati
1295 5355 1454 5430 ambo
1486 5350 1624 5430 ⁴πρὸς
1652 5349 1868 5430 ἅπαντα
1896 5348 1948 5430 in

2078 5362 2172 5428 ton.
2183 5345 2555 5430 ἀποκλείεται.
2570 5344 2715 5430 legit,
2735 5348 2829 5401 sed
2845 5348 3285 5414 ἀποκέκλεισται,
3312 5348 3649 5421 suffragante

386 5418 576 5483 neutro
608 5428 804 5497 legunt.
832 5426 1077 5497 lidem_in
1112 5427 1215 5497 line
1238 5426 1475 5497 epistola:
1504 5418 1589 5475 illa
1625 5422 1786 5476 verba
1813 5419 1846 5489 ἢ
1875 5418 1949 5489 μὴ

385 5493 758 5564 ἐπιγινώσκων
779 5493 1075 5563 ἀνάγνωθι,
1101 5493 1371 5564 omittunt.
1403 5493 1618 5547 Possm.

455 5556 566 5636 (ἑε)
595 5566 721 5621 Post
739 5556 1069 5638 ίὲγγίνεται-,ς
1090 5564 1265 5638 insere
1292 5563 1429 5638 ἀλλ’,
1458 5572 1673 5615 auctore
1704 5557 1822 5638 cod.
1848 5556 1952 5638 ᾼΙι.

388 5629 473 5691 cui
510 5629 935 5697 censentit'Vat.
972 5634 1099 5690 649.
1134 5632 1229 5687 llic
1265 5634 1425 5697 etiam
1472 5645 1615 5685 vers.
1660 5629 1954 5695 penultimo

2058 5418 2262 5489 pariter
2294 5415 2581 5489 ΑΙιιιε-ηιεὶΣ

2656 5432 2823 5469 οδειιν.

2134 5483 2489 5559 (29)-Μιμῇ.
2538 5485 2717 5559 ροᾶὰ.
2764 5484 2891 5559 Vat.
2942 5487 3067 5559 649,
3125 5487 3321 5559 etAAlt.
3356 5490 3641 5559 μιμῆσαι.

2064 5555 2215 5611 Vers.
2250 5556 2305 5612 9.
2338 5555 2641 5625 πλεονεξίᾳ,
2670 5558 2773 5611 cod
2827 5558 2934 5612 All.
2963 5557 3311 5623 πλεονεξίαις.
3352 5555 3570 5615 Possis.
