  <div class='ocr_page' id='page_1' title='image "/cluster/home/n/w/nwhite01/storage/ocr_20150623/78/mdp.39015010334699/108.png"; bbox 0 0 3944 6138; ppageno 0'>
   <div class='ocr_carea' id='block_1_1' title="bbox 256 183 356 246">
    <p class='ocr_par' dir='ltr' id='par_1_1' title="bbox 256 183 356 246">
     <span class='ocr_line' id='line_1_1' title="bbox 256 183 356 246; baseline -0.02 0"><span class='ocrx_word' id='word_1_1' title='bbox 256 183 356 246; x_wconf 81' lang='lat'><strong>201</strong></span> 
     </span>
    </p>
   </div>
   <div class='ocr_carea' id='block_1_2' title="bbox 610 288 1521 361">
    <p class='ocr_par' dir='ltr' id='par_1_2' title="bbox 610 288 1521 361">
     <span class='ocr_line' id='line_1_2' title="bbox 610 288 1521 361; baseline 0 -18"><span class='ocrx_word' id='word_1_2' title='bbox 610 290 691 345; x_wconf 83' lang='lat' dir='ltr'><strong>A&#39;.</strong></span> <span class='ocrx_word' id='word_1_3' title='bbox 719 319 790 330; x_wconf 94' lang='lat'><strong>-—</strong></span> <span class='ocrx_word' id='word_1_4' title='bbox 814 288 1101 361; x_wconf 78' lang='grc' dir='ltr'><strong>ΕΥΣΕΒΙῼ</strong></span> <span class='ocrx_word' id='word_1_5' title='bbox 1129 289 1521 359; x_wconf 66' lang='grc' dir='ltr'><strong>ΕΠΙΣΚΟΠῼ.,</strong></span> 
     </span>
    </p>
   </div>
   <div class='ocr_carea' id='block_1_3' title="bbox 798 400 1315 469">
    <p class='ocr_par' dir='ltr' id='par_1_3' title="bbox 798 400 1315 469">
     <span class='ocr_line' id='line_1_3' title="bbox 798 400 1315 469; baseline -0.006 -14"><span class='ocrx_word' id='word_1_6' title='bbox 798 400 942 469; x_wconf 73' lang='grc' dir='ltr'>Περὶ</span> <span class='ocrx_word' id='word_1_7' title='bbox 967 402 1315 469; x_wconf 74' lang='grc' dir='ltr'><strong>ἱερωσύνης.</strong></span> 
     </span>
    </p>
   </div>
   <div class='ocr_carea' id='block_1_4' title="bbox 340 512 1849 582">
    <p class='ocr_par' dir='ltr' id='par_1_4' title="bbox 340 512 1849 582">
     <span class='ocr_line' id='line_1_4' title="bbox 340 512 1849 582; baseline -0.001 -15"><span class='ocrx_word' id='word_1_8' title='bbox 340 533 360 567; x_wconf 71' lang='grc' dir='ltr'><strong>ι</strong></span> <span class='ocrx_word' id='word_1_9' title='bbox 392 513 607 568; x_wconf 83' lang='grc' dir='ltr'>Σκοπόν</span> <span class='ocrx_word' id='word_1_10' title='bbox 635 530 696 566; x_wconf 88' lang='grc' dir='ltr'><strong>σε</strong></span> <span class='ocrx_word' id='word_1_11' title='bbox 731 512 961 576; x_wconf 85' lang='grc' dir='ltr'>δέδωκα,</span> <span class='ocrx_word' id='word_1_12' title='bbox 1000 532 1019 564; x_wconf 74' lang='grc' dir='ltr'><strong>ι</strong></span> <span class='ocrx_word' id='word_1_13' title='bbox 1049 512 1213 582; x_wconf 65' lang='grc' dir='ltr'>φησιν</span> <span class='ocrx_word' id='word_1_14' title='bbox 1244 514 1277 582; x_wconf 81' lang='grc' dir='ltr'>ἡ</span> <span class='ocrx_word' id='word_1_15' title='bbox 1308 512 1427 565; x_wconf 86' lang='grc' dir='ltr'>θεία</span> <span class='ocrx_word' id='word_1_16' title='bbox 1456 512 1669 582; x_wconf 65' lang='grc' dir='ltr'>Γραφὴ,</span> <span class='ocrx_word' id='word_1_17' title='bbox 1696 530 1714 562; x_wconf 74' lang='grc' dir='ltr'><strong>ι</strong></span> <span class='ocrx_word' id='word_1_18' title='bbox 1754 512 1849 565; x_wconf 77' lang='grc' dir='ltr'><strong>καὶ</strong></span> 
     </span>
    </p>
   </div>
   <div class='ocr_carea' id='block_1_5' title="bbox 260 604 1849 680">
    <p class='ocr_par' dir='ltr' id='par_1_5' title="bbox 260 604 1849 680">
     <span class='ocr_line' id='line_1_5' title="bbox 260 604 1849 680; baseline -0.004 -19"><span class='ocrx_word' id='word_1_19' title='bbox 260 609 385 680; x_wconf 63' lang='grc' dir='ltr'>ὕψει</span> <span class='ocrx_word' id='word_1_20' title='bbox 411 608 510 679; x_wconf 77' lang='grc' dir='ltr'>τὴν</span> <span class='ocrx_word' id='word_1_21' title='bbox 535 607 814 678; x_wconf 75' lang='grc' dir='ltr'>ῥομφαίαν</span> <span class='ocrx_word' id='word_1_22' title='bbox 845 606 1168 677; x_wconf 76' lang='grc' dir='ltr'><strong>ἐρχομένην,</strong></span> <span class='ocrx_word' id='word_1_23' title='bbox 1188 606 1287 658; x_wconf 68' lang='grc' dir='ltr'><strong>καὶ</strong></span> <span class='ocrx_word' id='word_1_24' title='bbox 1315 604 1656 673; x_wconf 80' lang='grc' dir='ltr'>ἀναγγελεῖς.</span> <span class='ocrx_word' id='word_1_25' title='bbox 1686 622 1706 654; x_wconf 73' lang='grc' dir='ltr'><strong>ι</strong></span> <span class='ocrx_word' id='word_1_26' title='bbox 1738 604 1849 657; x_wconf 76' lang='grc' dir='ltr'>Καὶ</span> 
     </span>
    </p>
   </div>
   <div class='ocr_carea' id='block_1_6' title="bbox 266 694 1849 771">
    <p class='ocr_par' dir='ltr' id='par_1_6' title="bbox 266 694 1849 771">
     <span class='ocr_line' id='line_1_6' title="bbox 266 694 1849 771; baseline -0.005 -17"><span class='ocrx_word' id='word_1_27' title='bbox 266 704 315 754; x_wconf 79' lang='grc' dir='ltr'>εἰ</span> <span class='ocrx_word' id='word_1_28' title='bbox 344 701 443 769; x_wconf 83' lang='grc' dir='ltr'>μὲν</span> <span class='ocrx_word' id='word_1_29' title='bbox 473 700 738 771; x_wconf 70' lang='grc' dir='ltr'>νήψουσιν</span> <span class='ocrx_word' id='word_1_30' title='bbox 785 700 896 770; x_wconf 80' lang='grc'><strong>(50)</strong></span> <span class='ocrx_word' id='word_1_31' title='bbox 932 698 1368 762; x_wconf 80' lang='grc' dir='ltr'>ἑξυπνισθέντες,</span> <span class='ocrx_word' id='word_1_32' title='bbox 1405 697 1497 749; x_wconf 77' lang='grc' dir='ltr'><strong>καὶ</strong></span> <span class='ocrx_word' id='word_1_33' title='bbox 1538 694 1675 766; x_wconf 78' lang='grc' dir='ltr'>πρὸς</span> <span class='ocrx_word' id='word_1_34' title='bbox 1720 698 1849 765; x_wconf 87' lang='grc' dir='ltr'>ἀρε-</span> 
     </span>
    </p>
   </div>
   <div class='ocr_carea' id='block_1_7' title="bbox 263 788 1848 864">
    <p class='ocr_par' dir='ltr' id='par_1_7' title="bbox 263 788 1848 864">
     <span class='ocr_line' id='line_1_7' title="bbox 263 788 1848 864; baseline -0.005 -17"><span class='ocrx_word' id='word_1_35' title='bbox 263 794 363 864; x_wconf 77' lang='grc' dir='ltr'>τὴν</span> <span class='ocrx_word' id='word_1_36' title='bbox 397 794 631 864; x_wconf 75' lang='grc' dir='ltr'>ὑπήκοοι</span> <span class='ocrx_word' id='word_1_37' title='bbox 656 792 1089 863; x_wconf 80' lang='grc' dir='ltr'>γρηγορήσουσι,</span> <span class='ocrx_word' id='word_1_38' title='bbox 1120 790 1215 842; x_wconf 69' lang='grc' dir='ltr'>καὶ</span> <span class='ocrx_word' id='word_1_39' title='bbox 1254 788 1337 841; x_wconf 66' lang='grc' dir='ltr'><strong>σοι</strong></span> <span class='ocrx_word' id='word_1_40' title='bbox 1367 788 1641 851; x_wconf 89' lang='grc' dir='ltr'>κάκείνοις</span> <span class='ocrx_word' id='word_1_41' title='bbox 1670 804 1848 857; x_wconf 86' lang='grc' dir='ltr'>σωτη-</span> 
     </span>
    </p>
   </div>
   <div class='ocr_carea' id='block_1_8' title="bbox 260 875 1849 956">
    <p class='ocr_par' dir='ltr' id='par_1_8' title="bbox 260 875 1849 956">
     <span class='ocr_line' id='line_1_8' title="bbox 260 875 1849 956; baseline -0.005 -19"><span class='ocrx_word' id='word_1_42' title='bbox 260 884 389 955; x_wconf 82' lang='grc' dir='ltr'>ρίας</span> <span class='ocrx_word' id='word_1_43' title='bbox 414 884 708 956; x_wconf 79' lang='grc' dir='ltr'>γενήσεται</span> <span class='ocrx_word' id='word_1_44' title='bbox 754 879 964 952; x_wconf 72' lang='grc' dir='ltr'><strong>⁸ὗνησις.</strong></span> <span class='ocrx_word' id='word_1_45' title='bbox 1014 882 1078 934; x_wconf 87' lang='grc' dir='ltr'><strong>Εἰ</strong></span> <span class='ocrx_word' id='word_1_46' title='bbox 1128 881 1182 934; x_wconf 82' lang='grc' dir='ltr'><strong>δὲ</strong></span> <span class='ocrx_word' id='word_1_47' title='bbox 1223 880 1293 933; x_wconf 72' lang='grc' dir='ltr'>τᾶι</span> <span class='ocrx_word' id='word_1_48' title='bbox 1332 875 1445 934; x_wconf 83' lang='grc' dir='ltr'>ὦτα</span> <span class='ocrx_word' id='word_1_49' title='bbox 1478 879 1729 949; x_wconf 75' lang='grc' dir='ltr'>βύσουσιν</span> <span class='ocrx_word' id='word_1_50' title='bbox 1775 878 1849 941; x_wconf 84' lang='grc' dir='ltr'>ὡς</span> 
     </span>
    </p>
   </div>
   <div class='ocr_carea' id='block_1_9' title="bbox 262 969 1852 1045">
    <p class='ocr_par' dir='ltr' id='par_1_9' title="bbox 262 969 1852 1045">
     <span class='ocr_line' id='line_1_9' title="bbox 262 969 1852 1045; baseline -0.005 -16"><span class='ocrx_word' id='word_1_51' title='bbox 262 977 513 1039; x_wconf 82' lang='grc' dir='ltr'>ἀσπίδες,</span> <span class='ocrx_word' id='word_1_52' title='bbox 544 976 708 1038; x_wconf 79' lang='grc' dir='ltr'>αὐτὸς</span> <span class='ocrx_word' id='word_1_53' title='bbox 756 975 816 1027; x_wconf 85' lang='grc' dir='ltr'>τό</span> <span class='ocrx_word' id='word_1_54' title='bbox 855 991 917 1043; x_wconf 90' lang='grc' dir='ltr'><strong>γε</strong></span> <span class='ocrx_word' id='word_1_55' title='bbox 951 969 1084 1045; x_wconf 78' lang='grc' dir='ltr'>ἧκον</span> <span class='ocrx_word' id='word_1_56' title='bbox 1109 973 1201 1025; x_wconf 73' lang='grc' dir='ltr'><strong>ἐπὶ</strong></span> <span class='ocrx_word' id='word_1_57' title='bbox 1238 970 1320 1025; x_wconf 76' lang='grc' dir='ltr'><strong>σοὶ</strong></span> <span class='ocrx_word' id='word_1_58' title='bbox 1350 971 1682 1036; x_wconf 80' lang='grc' dir='ltr'>ἐξετέλεσας.</span> <span class='ocrx_word' id='word_1_59' title='bbox 1720 970 1852 1023; x_wconf 85' lang='grc' dir='ltr'><strong>Σκό-</strong></span> 
     </span>
    </p>
   </div>
   <div class='ocr_carea' id='block_1_10' title="bbox 267 1066 1847 1138">
    <p class='ocr_par' dir='ltr' id='par_1_10' title="bbox 267 1066 1847 1138">
     <span class='ocr_line' id='line_1_10' title="bbox 267 1066 1847 1138; baseline -0.004 -17"><span class='ocrx_word' id='word_1_60' title='bbox 267 1087 361 1123; x_wconf 67' lang='lat' dir='ltr'><strong>me</strong></span> <span class='ocrx_word' id='word_1_61' title='bbox 386 1069 567 1121; x_wconf 84' lang='grc' dir='ltr'>τοίνυν</span> <span class='ocrx_word' id='word_1_62' title='bbox 619 1068 692 1138; x_wconf 83' lang='grc' dir='ltr'>μὴ</span> <span class='ocrx_word' id='word_1_63' title='bbox 740 1068 902 1135; x_wconf 88' lang='grc' dir='ltr'>μόνον</span> <span class='ocrx_word' id='word_1_64' title='bbox 948 1069 1099 1136; x_wconf 73' lang='grc' dir='ltr'>φωνῇ</span> <span class='ocrx_word' id='word_1_65' title='bbox 1151 1066 1601 1137; x_wconf 73' lang='grc' dir='ltr'>μαρτυρούμενος</span> <span class='ocrx_word' id='word_1_66' title='bbox 1648 1067 1847 1133; x_wconf 74' lang='grc' dir='ltr'>φανῇς,</span> 
     </span>
    </p>
   </div>
   <div class='ocr_carea' id='block_1_11' title="bbox 264 1157 1852 1230">
    <p class='ocr_par' dir='ltr' id='par_1_11' title="bbox 264 1157 1852 1230">
     <span class='ocr_line' id='line_1_11' title="bbox 264 1157 1852 1230; baseline -0.003 -17"><span class='ocrx_word' id='word_1_67' title='bbox 264 1164 380 1223; x_wconf 76' lang='grc' dir='ltr'>τοῖς</span> <span class='ocrx_word' id='word_1_68' title='bbox 420 1160 605 1228; x_wconf 78' lang='grc' dir='ltr'>ἔργοις</span> <span class='ocrx_word' id='word_1_69' title='bbox 649 1158 928 1230; x_wconf 67' lang='grc' dir='ltr'>[ἀδόκιμος</span> <span class='ocrx_word' id='word_1_70' title='bbox 972 1157 1089 1229; x_wconf 69' lang='grc' dir='ltr'>καὶ]</span> <span class='ocrx_word' id='word_1_71' title='bbox 1125 1157 1452 1227; x_wconf 76' lang='grc' dir='ltr'>ἡττώμενος,</span> <span class='ocrx_word' id='word_1_72' title='bbox 1490 1157 1719 1220; x_wconf 74' lang='grc' dir='ltr'>ἐνδιδοὺς</span> <span class='ocrx_word' id='word_1_73' title='bbox 1752 1157 1852 1220; x_wconf 77' lang='grc' dir='ltr'><strong>τὰς</strong></span> 
     </span>
    </p>
   </div>
   <div class='ocr_carea' id='block_1_12' title="bbox 263 1248 1851 1321">
    <p class='ocr_par' dir='ltr' id='par_1_12' title="bbox 263 1248 1851 1321">
     <span class='ocr_line' id='line_1_12' title="bbox 263 1248 1851 1321; baseline 0 -20"><span class='ocrx_word' id='word_1_74' title='bbox 263 1250 425 1320; x_wconf 78' lang='grc' dir='ltr'>ἡνίας</span> <span class='ocrx_word' id='word_1_75' title='bbox 453 1250 556 1320; x_wconf 75' lang='grc' dir='ltr'><strong>τῆς</strong></span> <span class='ocrx_word' id='word_1_76' title='bbox 585 1251 778 1321; x_wconf 78' lang='grc' dir='ltr'>ἀρχῆς.</span> <span class='ocrx_word' id='word_1_77' title='bbox 823 1253 932 1311; x_wconf 84' lang='grc' dir='ltr'>τοῖς</span> <span class='ocrx_word' id='word_1_78' title='bbox 975 1252 1099 1321; x_wconf 75' lang='grc' dir='ltr'>περὶ</span> <span class='ocrx_word' id='word_1_79' title='bbox 1147 1250 1225 1314; x_wconf 82' lang='grc' dir='ltr'><strong>σὲ,</strong></span> <span class='ocrx_word' id='word_1_80' title='bbox 1268 1250 1361 1302; x_wconf 73' lang='grc' dir='ltr'><strong>καὶ</strong></span> <span class='ocrx_word' id='word_1_81' title='bbox 1393 1249 1724 1320; x_wconf 78' lang='grc' dir='ltr'>πιπράσκων</span> <span class='ocrx_word' id='word_1_82' title='bbox 1753 1248 1851 1319; x_wconf 77' lang='grc' dir='ltr'><strong>τὴν</strong></span> 
     </span>
    </p>
   </div>
   <div class='ocr_carea' id='block_1_13' title="bbox 266 1340 1851 1413">
    <p class='ocr_par' dir='ltr' id='par_1_13' title="bbox 266 1340 1851 1413">
     <span class='ocr_line' id='line_1_13' title="bbox 266 1340 1851 1413; baseline -0.003 -18"><span class='ocrx_word' id='word_1_83' title='bbox 266 1342 428 1413; x_wconf 75' lang='grc' dir='ltr'>χάριν</span> <span class='ocrx_word' id='word_1_84' title='bbox 474 1342 709 1405; x_wconf 79' lang='grc' dir='ltr'>ἀσεϐῶς.</span> <span class='ocrx_word' id='word_1_85' title='bbox 768 1340 905 1394; x_wconf 69' lang='grc' dir='ltr'>Οὔτε</span> <span class='ocrx_word' id='word_1_86' title='bbox 936 1341 1044 1413; x_wconf 89' lang='grc' dir='ltr'><strong>γάρ</strong></span> <span class='ocrx_word' id='word_1_87' title='bbox 1085 1342 1292 1412; x_wconf 79' lang='grc' dir='ltr'>χρυσίῳ</span> <span class='ocrx_word' id='word_1_88' title='bbox 1339 1341 1486 1393; x_wconf 77' lang='grc' dir='ltr'>ἔστιν</span> <span class='ocrx_word' id='word_1_89' title='bbox 1534 1340 1851 1411; x_wconf 76' lang='grc' dir='ltr'>ἐπιτρέπειν</span> 
     </span>
    </p>
   </div>
   <div class='ocr_carea' id='block_1_14' title="bbox 266 1432 1851 1505">
    <p class='ocr_par' dir='ltr' id='par_1_14' title="bbox 266 1432 1851 1505">
     <span class='ocr_line' id='line_1_14' title="bbox 266 1432 1851 1505; baseline -0.001 -20"><span class='ocrx_word' id='word_1_90' title='bbox 266 1434 648 1505; x_wconf 75' lang='grc' dir='ltr'>χειροθεσίας,</span> <span class='ocrx_word' id='word_1_91' title='bbox 696 1434 820 1487; x_wconf 70' lang='grc' dir='ltr'>οὔτε</span> <span class='ocrx_word' id='word_1_92' title='bbox 873 1436 1087 1503; x_wconf 81' lang='grc' dir='ltr'>ἀγνοεῖν</span> <span class='ocrx_word' id='word_1_93' title='bbox 1131 1434 1220 1487; x_wconf 88' lang='grc' dir='ltr'>τόν</span> <span class='ocrx_word' id='word_1_94' title='bbox 1267 1433 1374 1486; x_wconf 80' lang='grc' dir='ltr'>τῶν</span> <span class='ocrx_word' id='word_1_95' title='bbox 1422 1432 1851 1505; x_wconf 75' lang='grc' dir='ltr'>προσαγομένων</span> 
     </span>
    </p>
   </div>
   <div class='ocr_carea' id='block_1_15' title="bbox 265 1522 1850 1595">
    <p class='ocr_par' dir='ltr' id='par_1_15' title="bbox 265 1522 1850 1595">
     <span class='ocr_line' id='line_1_15' title="bbox 265 1522 1850 1595; baseline -0.001 -20"><span class='ocrx_word' id='word_1_96' title='bbox 265 1523 406 1592; x_wconf 79' lang='grc' dir='ltr'>βίον,</span> <span class='ocrx_word' id='word_1_97' title='bbox 441 1522 570 1575; x_wconf 74' lang='grc' dir='ltr'>οὔτε</span> <span class='ocrx_word' id='word_1_98' title='bbox 618 1524 837 1593; x_wconf 77' lang='grc' dir='ltr'>ἐτέρους</span> <span class='ocrx_word' id='word_1_99' title='bbox 882 1523 1284 1595; x_wconf 68' lang='grc' dir='ltr'>προϐάλλεσθαι</span> <span class='ocrx_word' id='word_1_100' title='bbox 1323 1523 1423 1593; x_wconf 83' lang='grc' dir='ltr'>τῆς</span> <span class='ocrx_word' id='word_1_101' title='bbox 1469 1523 1739 1593; x_wconf 85' lang='grc' dir='ltr'>ἁμαρτίας</span> <span class='ocrx_word' id='word_1_102' title='bbox 1765 1522 1850 1574; x_wconf 76' lang='grc' dir='ltr'><strong>αἰ-</strong></span> 
     </span>
    </p>
   </div>
   <div class='ocr_carea' id='block_1_16' title="bbox 266 1614 1849 1686">
    <p class='ocr_par' dir='ltr' id='par_1_16' title="bbox 266 1614 1849 1686">
     <span class='ocr_line' id='line_1_16' title="bbox 266 1614 1849 1686; baseline 0 -19"><span class='ocrx_word' id='word_1_103' title='bbox 266 1616 439 1679; x_wconf 86' lang='grc' dir='ltr'>τίους,</span> <span class='ocrx_word' id='word_1_104' title='bbox 486 1616 581 1667; x_wconf 77' lang='grc' dir='ltr'><strong>ἐπὶ</strong></span> <span class='ocrx_word' id='word_1_105' title='bbox 626 1614 719 1667; x_wconf 77' lang='grc' dir='ltr'>τοῦ</span> <span class='ocrx_word' id='word_1_106' title='bbox 785 1616 1083 1669; x_wconf 82' lang='grc' dir='ltr'>ἀδεκάστου</span> <span class='ocrx_word' id='word_1_107' title='bbox 1133 1618 1225 1668; x_wconf 81' lang='grc' dir='ltr'><strong>καὶ</strong></span> <span class='ocrx_word' id='word_1_108' title='bbox 1270 1614 1498 1686; x_wconf 77' lang='grc' dir='ltr'>φρικτοῦ</span> <span class='ocrx_word' id='word_1_109' title='bbox 1543 1616 1849 1685; x_wconf 80' lang='grc' dir='ltr'>κριτηρίου.</span> 
     </span>
    </p>
   </div>
   <div class='ocr_carea' id='block_1_17' title="bbox 266 1663 1932 1777">
    <p class='ocr_par' dir='ltr' id='par_1_17' title="bbox 266 1663 1932 1777">
     <span class='ocr_line' id='line_1_17' title="bbox 266 1663 1932 1777; baseline 0 -19"><span class='ocrx_word' id='word_1_110' title='bbox 425 1663 549 1775; x_wconf 68' lang='grc' dir='ltr'><strong>²γὰρ</strong></span> <span class='ocrx_word' id='word_1_111' title='bbox 574 1705 665 1758; x_wconf 81' lang='grc' dir='ltr'><strong>τὸν</strong></span> <span class='ocrx_word' id='word_1_112' title='bbox 702 1706 877 1777; x_wconf 73' lang='grc' dir='ltr'>Ἀδὰμ</span> <span class='ocrx_word' id='word_1_113' title='bbox 907 1706 1006 1776; x_wconf 81' lang='grc' dir='ltr'><strong>τῆς</strong></span> <span class='ocrx_word' id='word_1_114' title='bbox 1033 1663 1300 1777; x_wconf 59' lang='grc' dir='ltr'>μέμψεως</span> <span class='ocrx_word' id='word_1_115' title='bbox 1316 1663 1413 1759; x_wconf 62' lang='grc' dir='ltr'><strong>ἰκαὶ</strong></span> <span class='ocrx_word' id='word_1_116' title='bbox 1444 1706 1539 1776; x_wconf 84' lang='grc' dir='ltr'>τῆς</span> <span class='ocrx_word' id='word_1_117' title='bbox 1567 1663 1734 1776; x_wconf 42' lang='grc' dir='ltr'>δῗίκηὲ</span> <span class='ocrx_word' id='word_1_118' title='bbox 1754 1708 1855 1758; x_wconf 86' lang='grc' dir='ltr'>ἀπ-</span> <span class='ocrx_word' id='word_1_119' title='bbox 1890 1663 1932 1716; x_wconf 69' lang='grc' dir='ltr'><strong>Β</strong></span> 
     </span>
    </p>
   </div>
   <div class='ocr_carea' id='block_1_18' title="bbox 268 1796 1854 1870">
    <p class='ocr_par' dir='ltr' id='par_1_18' title="bbox 268 1796 1854 1870">
     <span class='ocr_line' id='line_1_18' title="bbox 268 1796 1854 1870; baseline -0.001 -20"><span class='ocrx_word' id='word_1_120' title='bbox 268 1798 462 1850; x_wconf 81' lang='grc' dir='ltr'>έλυσεν</span> <span class='ocrx_word' id='word_1_121' title='bbox 487 1800 520 1866; x_wconf 85' lang='grc' dir='ltr'><strong>ή</strong></span> <span class='ocrx_word' id='word_1_122' title='bbox 559 1796 692 1867; x_wconf 74' lang='grc' dir='ltr'>περὶ</span> <span class='ocrx_word' id='word_1_123' title='bbox 733 1797 835 1867; x_wconf 80' lang='grc' dir='ltr'>τῆς</span> <span class='ocrx_word' id='word_1_124' title='bbox 873 1798 1131 1866; x_wconf 88' lang='grc' dir='ltr'>γυναικὸς</span> <span class='ocrx_word' id='word_1_125' title='bbox 1160 1798 1451 1870; x_wconf 81' lang='grc' dir='ltr'>ἀπόκρισις</span> <span class='ocrx_word' id='word_1_126' title='bbox 1495 1798 1588 1850; x_wconf 76' lang='grc' dir='ltr'>καὶ</span> <span class='ocrx_word' id='word_1_127' title='bbox 1638 1796 1854 1867; x_wconf 64' lang='grc' dir='ltr'>σκῆψις,</span> 
     </span>
    </p>
   </div>
   <div class='ocr_carea' id='block_1_19' title="bbox 268 1887 1859 1959">
    <p class='ocr_par' dir='ltr' id='par_1_19' title="bbox 268 1887 1859 1959">
     <span class='ocr_line' id='line_1_19' title="bbox 268 1887 1859 1959; baseline 0 -19"><span class='ocrx_word' id='word_1_128' title='bbox 268 1892 337 1959; x_wconf 76' lang='grc' dir='ltr'>τῇ</span> <span class='ocrx_word' id='word_1_129' title='bbox 366 1889 535 1956; x_wconf 75' lang='grc' dir='ltr'>αὐτῆς</span> <span class='ocrx_word' id='word_1_130' title='bbox 568 1888 826 1941; x_wconf 79' lang='grc' dir='ltr'>ὑποθέσει</span> <span class='ocrx_word' id='word_1_131' title='bbox 850 1888 1234 1959; x_wconf 75' lang='grc' dir='ltr'>μετειληφέναι</span> <span class='ocrx_word' id='word_1_132' title='bbox 1258 1887 1366 1940; x_wconf 78' lang='grc' dir='ltr'><strong>τῶν</strong></span> <span class='ocrx_word' id='word_1_133' title='bbox 1394 1888 1859 1959; x_wconf 82' lang='grc' dir='ltr'>ἀπηγορευμένων</span> 
     </span>
    </p>
   </div>
   <div class='ocr_carea' id='block_1_20' title="bbox 264 1979 732 2049">
    <p class='ocr_par' dir='ltr' id='par_1_20' title="bbox 264 1979 732 2049">
     <span class='ocr_line' id='line_1_20' title="bbox 264 1979 732 2049; baseline -0.006 -15"><span class='ocrx_word' id='word_1_134' title='bbox 264 1979 538 2048; x_wconf 76' lang='grc' dir='ltr'>ἀπολογού</span> <span class='ocrx_word' id='word_1_135' title='bbox 547 1996 732 2049; x_wconf 89' lang='grc' dir='ltr'>μενον.</span> 
     </span>
    </p>
   </div>
   <div class='ocr_carea' id='block_1_21' title="bbox 593 2265 1546 2342">
    <p class='ocr_par' dir='ltr' id='par_1_21' title="bbox 593 2265 1546 2342">
     <span class='ocr_line' id='line_1_21' title="bbox 593 2265 1546 2342; baseline 0 -19"><span class='ocrx_word' id='word_1_136' title='bbox 593 2270 721 2323; x_wconf 62' lang='lat' dir='ltr'><strong>an.</strong></span> <span class='ocrx_word' id='word_1_137' title='bbox 751 2300 822 2308; x_wconf 94' lang='lat'>—</span> <span class='ocrx_word' id='word_1_138' title='bbox 847 2268 1194 2342; x_wconf 72' lang='grc' dir='ltr'><strong>ΑιοΦΑΝΤῌ</strong></span> <span class='ocrx_word' id='word_1_139' title='bbox 1222 2265 1546 2323; x_wconf 82' lang='lat' dir='ltr'><strong>APXUNTI.</strong></span> 
     </span>
    </p>
   </div>
   <div class='ocr_carea' id='block_1_22' title="bbox 816 2360 1319 2431">
    <p class='ocr_par' dir='ltr' id='par_1_22' title="bbox 816 2360 1319 2431">
     <span class='ocr_line' id='line_1_22' title="bbox 816 2360 1319 2431; baseline -0.01 -16"><span class='ocrx_word' id='word_1_140' title='bbox 816 2360 971 2429; x_wconf 80' lang='grc' dir='ltr'>Πρὸς</span> <span class='ocrx_word' id='word_1_141' title='bbox 1008 2360 1319 2431; x_wconf 74' lang='grc' dir='ltr'>ἄρχοντας.</span> 
     </span>
    </p>
   </div>
   <div class='ocr_carea' id='block_1_23' title="bbox 344 2469 1861 2545">
    <p class='ocr_par' dir='ltr' id='par_1_23' title="bbox 344 2469 1861 2545">
     <span class='ocr_line' id='line_1_23' title="bbox 344 2469 1861 2545; baseline -0.001 -19"><span class='ocrx_word' id='word_1_142' title='bbox 344 2469 664 2545; x_wconf 81' lang='grc' dir='ltr'>Βραχυτελῆ</span> <span class='ocrx_word' id='word_1_143' title='bbox 702 2474 762 2527; x_wconf 82' lang='grc' dir='ltr'><strong>οὐ</strong></span> <span class='ocrx_word' id='word_1_144' title='bbox 815 2473 971 2542; x_wconf 78' lang='grc' dir='ltr'>μόνον</span> <span class='ocrx_word' id='word_1_145' title='bbox 1014 2472 1112 2542; x_wconf 79' lang='grc' dir='ltr'><strong>τὴν</strong></span> <span class='ocrx_word' id='word_1_146' title='bbox 1153 2472 1348 2542; x_wconf 76' lang='grc' dir='ltr'>ἀρχὴν,</span> <span class='ocrx_word' id='word_1_147' title='bbox 1394 2472 1532 2524; x_wconf 78' lang='grc' dir='ltr'><strong>ἀλλά</strong></span> <span class='ocrx_word' id='word_1_148' title='bbox 1560 2473 1652 2525; x_wconf 77' lang='grc' dir='ltr'><strong>καὶ</strong></span> <span class='ocrx_word' id='word_1_149' title='bbox 1691 2472 1861 2542; x_wconf 72' lang='grc' dir='ltr'>αὐτὴν</span> 
     </span>
    </p>
   </div>
   <div class='ocr_carea' id='block_1_24' title="bbox 270 2564 1856 2636">
    <p class='ocr_par' dir='ltr' id='par_1_24' title="bbox 270 2564 1856 2636">
     <span class='ocr_line' id='line_1_24' title="bbox 270 2564 1856 2636; baseline -0.002 -18"><span class='ocrx_word' id='word_1_150' title='bbox 270 2565 416 2636; x_wconf 73' lang='grc' dir='ltr'>ἔχεις</span> <span class='ocrx_word' id='word_1_151' title='bbox 440 2567 541 2636; x_wconf 78' lang='grc' dir='ltr'>τὴν</span> <span class='ocrx_word' id='word_1_152' title='bbox 576 2566 743 2635; x_wconf 83' lang='grc' dir='ltr'>ζωήν.</span> <span class='ocrx_word' id='word_1_153' title='bbox 792 2565 857 2618; x_wconf 88' lang='grc' dir='ltr'>Τί</span> <span class='ocrx_word' id='word_1_154' title='bbox 904 2565 1085 2617; x_wconf 80' lang='grc' dir='ltr'>τοίνυν</span> <span class='ocrx_word' id='word_1_155' title='bbox 1133 2565 1468 2635; x_wconf 83' lang='grc' dir='ltr'>ἁμαρτάνεις</span> <span class='ocrx_word' id='word_1_156' title='bbox 1502 2564 1856 2633; x_wconf 77' lang='grc' dir='ltr'>ἀτελεύτητα,</span> 
     </span>
    </p>
   </div>
   <div class='ocr_carea' id='block_1_25' title="bbox 271 2650 1859 2724">
    <p class='ocr_par' dir='ltr' id='par_1_25' title="bbox 271 2650 1859 2724">
     <span class='ocr_line' id='line_1_25' title="bbox 271 2650 1859 2724; baseline -0.002 -18"><span class='ocrx_word' id='word_1_157' title='bbox 271 2655 331 2706; x_wconf 82' lang='grc' dir='ltr'>ὲν</span> <span class='ocrx_word' id='word_1_158' title='bbox 372 2654 582 2722; x_wconf 76' lang='grc' dir='ltr'>ὀλίγαις</span> <span class='ocrx_word' id='word_1_159' title='bbox 611 2653 785 2724; x_wconf 78' lang='grc' dir='ltr'>ὥραις</span> <span class='ocrx_word' id='word_1_160' title='bbox 814 2653 912 2721; x_wconf 81' lang='grc' dir='ltr'>τὴν</span> <span class='ocrx_word' id='word_1_161' title='bbox 956 2651 1172 2705; x_wconf 74' lang='grc' dir='ltr'>αἰώνιον</span> <span class='ocrx_word' id='word_1_162' title='bbox 1218 2650 1396 2721; x_wconf 79' lang='grc' dir='ltr'>ἑαυτῷ</span> <span class='ocrx_word' id='word_1_163' title='bbox 1429 2650 1859 2714; x_wconf 72' lang='grc' dir='ltr'>κατασκευάζων</span> 
     </span>
    </p>
   </div>
   <div class='ocr_carea' id='block_1_26' title="bbox 270 2738 1859 2813">
    <p class='ocr_par' dir='ltr' id='par_1_26' title="bbox 270 2738 1859 2813">
     <span class='ocr_line' id='line_1_26' title="bbox 270 2738 1859 2813; baseline -0.001 -16"><span class='ocrx_word' id='word_1_164' title='bbox 270 2744 535 2810; x_wconf 81' lang='grc' dir='ltr'>κόλασιν;</span> <span class='ocrx_word' id='word_1_165' title='bbox 589 2740 940 2813; x_wconf 77' lang='grc' dir='ltr'>Καταμαθὼν</span> <span class='ocrx_word' id='word_1_166' title='bbox 985 2738 1079 2795; x_wconf 80' lang='grc' dir='ltr'><strong>οὖν</strong></span> <span class='ocrx_word' id='word_1_167' title='bbox 1117 2743 1299 2795; x_wconf 83' lang='grc' dir='ltr'>πᾶσαν</span> <span class='ocrx_word' id='word_1_168' title='bbox 1347 2744 1447 2811; x_wconf 79' lang='grc' dir='ltr'><strong>τὴν</strong></span> <span class='ocrx_word' id='word_1_169' title='bbox 1486 2742 1859 2812; x_wconf 82' lang='grc' dir='ltr'>πολύστροφον</span> 
     </span>
    </p>
   </div>
   <div class='ocr_carea' id='block_1_27' title="bbox 271 2832 1858 2904">
    <p class='ocr_par' dir='ltr' id='par_1_27' title="bbox 271 2832 1858 2904">
     <span class='ocr_line' id='line_1_27' title="bbox 271 2832 1858 2904; baseline -0.003 -14"><span class='ocrx_word' id='word_1_170' title='bbox 271 2837 370 2890; x_wconf 75' lang='grc' dir='ltr'><strong>καὶ</strong></span> <span class='ocrx_word' id='word_1_171' title='bbox 410 2835 785 2904; x_wconf 74' lang='grc' dir='ltr'>πολύτρεπτον</span> <span class='ocrx_word' id='word_1_172' title='bbox 817 2833 924 2886; x_wconf 86' lang='grc' dir='ltr'><strong>τῶν</strong></span> <span class='ocrx_word' id='word_1_173' title='bbox 967 2832 1307 2903; x_wconf 81' lang='grc' dir='ltr'>πραγμάτων</span> <span class='ocrx_word' id='word_1_174' title='bbox 1337 2834 1616 2897; x_wconf 86' lang='grc' dir='ltr'>ἀπιστίαν,</span> <span class='ocrx_word' id='word_1_175' title='bbox 1659 2833 1858 2902; x_wconf 81' lang='grc' dir='ltr'>μᾶλλον</span> 
     </span>
    </p>
   </div>
   <div class='ocr_carea' id='block_1_28' title="bbox 273 2920 1853 2995">
    <p class='ocr_par' dir='ltr' id='par_1_28' title="bbox 273 2920 1853 2995">
     <span class='ocr_line' id='line_1_28' title="bbox 273 2920 1853 2995; baseline -0.004 -17"><span class='ocrx_word' id='word_1_176' title='bbox 273 2927 368 2978; x_wconf 72' lang='grc' dir='ltr'>ἐπὶ</span> <span class='ocrx_word' id='word_1_177' title='bbox 397 2926 658 2995; x_wconf 74' lang='grc' dir='ltr'>χρηστοῖς</span> <span class='ocrx_word' id='word_1_178' title='bbox 688 2921 1053 2993; x_wconf 76' lang='grc' dir='ltr'>γνωρίζεσθαι</span> <span class='ocrx_word' id='word_1_179' title='bbox 1087 2935 1102 2951; x_wconf 73' lang='grc'>⁸</span> <span class='ocrx_word' id='word_1_180' title='bbox 1134 2920 1519 2991; x_wconf 78' lang='grc' dir='ltr'>κατορθώμασι</span> <span class='ocrx_word' id='word_1_181' title='bbox 1564 2920 1853 2985; x_wconf 74' lang='grc' dir='ltr'>σπούδαζε,</span> 
     </span>
    </p>
   </div>
   <div class='ocr_carea' id='block_1_29' title="bbox 1123 173 2642 240">
    <p class='ocr_par' dir='ltr' id='par_1_29' title="bbox 1123 173 2642 240">
     <span class='ocr_line' id='line_1_29' title="bbox 1123 173 2642 240; baseline -0.005 1"><span class='ocrx_word' id='word_1_182' title='bbox 1123 176 1657 240; x_wconf 82' lang='lat' dir='ltr'><strong>EPISTOLARUM</strong></span> <span class='ocrx_word' id='word_1_183' title='bbox 1698 177 1843 237; x_wconf 87' lang='lat' dir='ltr'>LIB.</span> <span class='ocrx_word' id='word_1_184' title='bbox 1884 176 1933 234; x_wconf 94' lang='grc' dir='ltr'><strong>Ι.</strong></span> <span class='ocrx_word' id='word_1_185' title='bbox 1975 200 2044 210; x_wconf 88' lang='grc'><strong><em>-</em></strong></span> <span class='ocrx_word' id='word_1_186' title='bbox 2083 173 2313 233; x_wconf 88' lang='lat' dir='ltr'><strong>EPIST.</strong></span> <span class='ocrx_word' id='word_1_187' title='bbox 2360 174 2642 235; x_wconf 84' lang='lat' dir='ltr'>XXXIII.</span> 
     </span>
    </p>
   </div>
   <div class='ocr_carea' id='block_1_30' title="bbox 3420 179 3486 238">
    <p class='ocr_par' dir='ltr' id='par_1_30' title="bbox 3420 179 3486 238">
     <span class='ocr_line' id='line_1_30' title="bbox 3420 179 3486 238; baseline 0 0"><span class='ocrx_word' id='word_1_188' title='bbox 3420 179 3486 238; x_wconf 73' lang='lat'><strong>20</strong></span> 
     </span>
    </p>
   </div>
   <div class='ocr_carea' id='block_1_31' title="bbox 2260 178 3523 336">
    <p class='ocr_par' dir='ltr' id='par_1_31' title="bbox 2260 178 3523 336">
     <span class='ocr_line' id='line_1_31' title="bbox 2260 178 3523 240; baseline 0.005 -7"><span class='ocrx_word' id='word_1_189' title='bbox 2260 178 2313 233; x_wconf 81' lang='grc' dir='ltr'><strong>Τ.</strong></span> <span class='ocrx_word' id='word_1_190' title='bbox 2360 178 2642 235; x_wconf 84' lang='lat' dir='ltr'>XXXIII.</span> <span class='ocrx_word' id='word_1_191' title='bbox 3420 178 3523 240; x_wconf 70' lang='grc'><strong>202</strong></span> 
     </span>
     <span class='ocr_line' id='line_1_32' title="bbox 2260 277 3245 336; baseline 0 -2"><span class='ocrx_word' id='word_1_192' title='bbox 2260 279 2426 334; x_wconf 77' lang='lat' dir='ltr'>XXX.</span> <span class='ocrx_word' id='word_1_193' title='bbox 2457 310 2527 320; x_wconf 91' lang='lat'><strong>-—</strong></span> <span class='ocrx_word' id='word_1_194' title='bbox 2557 277 2850 335; x_wconf 86' lang='lat' dir='ltr'><strong>EUSEBIO</strong></span> <span class='ocrx_word' id='word_1_195' title='bbox 2896 277 3245 336; x_wconf 83' lang='lat' dir='ltr'><strong>EPISCOPO.</strong></span> 
     </span>
    </p>
   </div>
   <div class='ocr_carea' id='block_1_32' title="bbox 2530 391 2967 447">
    <p class='ocr_par' dir='ltr' id='par_1_32' title="bbox 2530 391 2967 447">
     <span class='ocr_line' id='line_1_33' title="bbox 2530 391 2967 447; baseline 0 0"><span class='ocrx_word' id='word_1_196' title='bbox 2530 392 2608 447; x_wconf 85' lang='lat' dir='ltr'><strong>De</strong></span> <span class='ocrx_word' id='word_1_197' title='bbox 2653 391 2967 447; x_wconf 68' lang='lat' dir='ltr'><strong>sacerdotio.</strong></span> 
     </span>
    </p>
   </div>
   <div class='ocr_carea' id='block_1_33' title="bbox 2027 505 3533 578">
    <p class='ocr_par' dir='ltr' id='par_1_33' title="bbox 2027 505 3533 578">
     <span class='ocr_line' id='line_1_34' title="bbox 2027 505 3533 578; baseline 0 -18"><span class='ocrx_word' id='word_1_198' title='bbox 2027 527 2050 560; x_wconf 70' lang='grc' dir='ltr'><strong>ι</strong></span> <span class='ocrx_word' id='word_1_199' title='bbox 2076 506 2483 578; x_wconf 85' lang='lat' dir='ltr'><strong>Speculatorem</strong></span> <span class='ocrx_word' id='word_1_200' title='bbox 2514 507 2632 561; x_wconf 84' lang='lat' dir='ltr'><strong>dedi</strong></span> <span class='ocrx_word' id='word_1_201' title='bbox 2664 518 2737 571; x_wconf 87' lang='lat' dir='ltr'><strong>te,</strong></span> <span class='ocrx_word' id='word_1_202' title='bbox 2761 525 2779 557; x_wconf 77' lang='grc' dir='ltr'><strong>ι</strong></span> <span class='ocrx_word' id='word_1_203' title='bbox 2803 506 2977 577; x_wconf 97' lang='lat' dir='ltr'><strong>inquit</strong></span> <span class='ocrx_word' id='word_1_204' title='bbox 2996 505 3302 576; x_wconf 77' lang='lat' dir='ltr'><strong>Scriptura,</strong></span> <span class='ocrx_word' id='word_1_205' title='bbox 3328 523 3347 557; x_wconf 73' lang='grc' dir='ltr'><strong>ι</strong></span> <span class='ocrx_word' id='word_1_206' title='bbox 3370 515 3422 562; x_wconf 88' lang='lat' dir='ltr'><strong>et</strong></span> <span class='ocrx_word' id='word_1_207' title='bbox 3452 507 3533 561; x_wconf 85' lang='lat' dir='ltr'><strong>vi-</strong></span> 
     </span>
    </p>
   </div>
   <div class='ocr_carea' id='block_1_34' title="bbox 1954 597 3528 666">
    <p class='ocr_par' dir='ltr' id='par_1_34' title="bbox 1954 597 3528 666">
     <span class='ocr_line' id='line_1_35' title="bbox 1954 597 3528 666; baseline -0.003 -14"><span class='ocrx_word' id='word_1_208' title='bbox 1954 597 2108 654; x_wconf 86' lang='lat' dir='ltr'><strong>debis</strong></span> <span class='ocrx_word' id='word_1_209' title='bbox 2184 598 2420 666; x_wconf 78' lang='lat' dir='ltr'><strong>gladium</strong></span> <span class='ocrx_word' id='word_1_210' title='bbox 2475 599 2823 664; x_wconf 73' lang='lat' dir='ltr'><strong>venientem,</strong></span> <span class='ocrx_word' id='word_1_211' title='bbox 2886 608 2942 654; x_wconf 92' lang='lat' dir='ltr'><strong>et</strong></span> <span class='ocrx_word' id='word_1_212' title='bbox 3011 598 3355 653; x_wconf 88' lang='lat' dir='ltr'><strong>annuntiabis</strong></span> <span class='ocrx_word' id='word_1_213' title='bbox 3384 599 3451 650; x_wconf 74' lang='lat'><strong>“.</strong></span> <span class='ocrx_word' id='word_1_214' title='bbox 3506 615 3528 648; x_wconf 76' lang='grc' dir='ltr'><strong>ι</strong></span> 
     </span>
    </p>
   </div>
   <div class='ocr_carea' id='block_1_35' title="bbox 1955 691 3528 761">
    <p class='ocr_par' dir='ltr' id='par_1_35' title="bbox 1955 691 3528 761">
     <span class='ocr_line' id='line_1_36' title="bbox 1955 691 3528 761; baseline -0.001 -16"><span class='ocrx_word' id='word_1_215' title='bbox 1955 694 2035 746; x_wconf 81' lang='lat' dir='ltr'><strong>Ac</strong></span> <span class='ocrx_word' id='word_1_216' title='bbox 2084 692 2349 761; x_wconf 86' lang='lat' dir='ltr'><strong>siquidem</strong></span> <span class='ocrx_word' id='word_1_217' title='bbox 2394 707 2425 745; x_wconf 91' lang='lat' dir='ltr'><strong>e</strong></span> <span class='ocrx_word' id='word_1_218' title='bbox 2462 706 2651 745; x_wconf 89' lang='lat' dir='ltr'><strong>somno</strong></span> <span class='ocrx_word' id='word_1_219' title='bbox 2679 691 2980 760; x_wconf 85' lang='lat' dir='ltr'><strong>experrecti</strong></span> <span class='ocrx_word' id='word_1_220' title='bbox 3018 692 3257 746; x_wconf 89' lang='lat' dir='ltr'><strong>sobrium</strong></span> <span class='ocrx_word' id='word_1_221' title='bbox 3289 692 3528 744; x_wconf 86' lang='lat' dir='ltr'><strong>animum</strong></span> 
     </span>
    </p>
   </div>
   <div class='ocr_carea' id='block_1_36' title="bbox 1956 782 3531 855">
    <p class='ocr_par' dir='ltr' id='par_1_36' title="bbox 1956 782 3531 855">
     <span class='ocr_line' id='line_1_37' title="bbox 1956 782 3531 855; baseline -0.003 -18"><span class='ocrx_word' id='word_1_222' title='bbox 1956 787 2267 855; x_wconf 67' lang='lat' dir='ltr'><strong>pradicant,</strong></span> <span class='ocrx_word' id='word_1_223' title='bbox 2300 793 2460 852; x_wconf 86' lang='lat' dir='ltr'><strong>atque</strong></span> <span class='ocrx_word' id='word_1_224' title='bbox 2498 784 2565 836; x_wconf 89' lang='lat' dir='ltr'><strong>ad</strong></span> <span class='ocrx_word' id='word_1_225' title='bbox 2596 784 2877 837; x_wconf 82' lang='lat' dir='ltr'><strong>veritatem</strong></span> <span class='ocrx_word' id='word_1_226' title='bbox 2907 783 3220 837; x_wconf 88' lang='lat' dir='ltr'><strong>obedientes</strong></span> <span class='ocrx_word' id='word_1_227' title='bbox 3242 782 3531 845; x_wconf 82' lang='lat' dir='ltr'><strong>excubent,</strong></span> 
     </span>
    </p>
   </div>
   <div class='ocr_carea' id='block_1_37' title="bbox 1955 874 3531 930">
    <p class='ocr_par' dir='ltr' id='par_1_37' title="bbox 1955 874 3531 930">
     <span class='ocr_line' id='line_1_38' title="bbox 1955 874 3531 930; baseline -0.001 -1"><span class='ocrx_word' id='word_1_228' title='bbox 1955 886 2010 930; x_wconf 89' lang='lat' dir='ltr'><strong>et</strong></span> <span class='ocrx_word' id='word_1_229' title='bbox 2058 877 2152 930; x_wconf 87' lang='lat' dir='ltr'><strong>tibi</strong></span> <span class='ocrx_word' id='word_1_230' title='bbox 2208 885 2262 930; x_wconf 90' lang='lat' dir='ltr'><strong>et</strong></span> <span class='ocrx_word' id='word_1_231' title='bbox 2305 876 2407 929; x_wconf 91' lang='lat' dir='ltr'><strong>illis</strong></span> <span class='ocrx_word' id='word_1_232' title='bbox 2450 889 2513 928; x_wconf 89' lang='lat' dir='ltr'><strong>ea</strong></span> <span class='ocrx_word' id='word_1_233' title='bbox 2558 889 2646 928; x_wconf 91' lang='lat' dir='ltr'><strong>res</strong></span> <span class='ocrx_word' id='word_1_234' title='bbox 2683 875 2900 928; x_wconf 86' lang='lat' dir='ltr'><strong>utilitati</strong></span> <span class='ocrx_word' id='word_1_235' title='bbox 2944 889 3007 929; x_wconf 90' lang='lat' dir='ltr'><strong>ac</strong></span> <span class='ocrx_word' id='word_1_236' title='bbox 3060 874 3221 928; x_wconf 89' lang='lat' dir='ltr'><strong>saluti</strong></span> <span class='ocrx_word' id='word_1_237' title='bbox 3278 875 3403 928; x_wconf 86' lang='lat' dir='ltr'><strong>erit.</strong></span> <span class='ocrx_word' id='word_1_238' title='bbox 3474 874 3531 927; x_wconf 84' lang='lat' dir='ltr'><strong>Si</strong></span> 
     </span>
    </p>
   </div>
   <div class='ocr_carea' id='block_1_38' title="bbox 1956 965 3532 1036">
    <p class='ocr_par' dir='ltr' id='par_1_38' title="bbox 1956 965 3532 1036">
     <span class='ocr_line' id='line_1_39' title="bbox 1956 965 3532 1036; baseline -0.003 -16"><span class='ocrx_word' id='word_1_239' title='bbox 1956 975 2134 1021; x_wconf 88' lang='lat' dir='ltr'><strong>autem</strong></span> <span class='ocrx_word' id='word_1_240' title='bbox 2173 967 2419 1036; x_wconf 88' lang='lat' dir='ltr'><strong>aspidum</strong></span> <span class='ocrx_word' id='word_1_241' title='bbox 2456 981 2602 1020; x_wconf 90' lang='lat' dir='ltr'><strong>more</strong></span> <span class='ocrx_word' id='word_1_242' title='bbox 2632 980 2790 1019; x_wconf 89' lang='lat' dir='ltr'><strong>aures</strong></span> <span class='ocrx_word' id='word_1_243' title='bbox 2814 966 3141 1020; x_wconf 88' lang='lat' dir='ltr'><strong>ocelnseriut</strong></span> <span class='ocrx_word' id='word_1_244' title='bbox 3164 965 3206 996; x_wconf 75' lang='grc'><strong>⁸⁸</strong></span> <span class='ocrx_word' id='word_1_245' title='bbox 3228 1002 3245 1027; x_wconf 82' lang='lat'><strong>,</strong></span> <span class='ocrx_word' id='word_1_246' title='bbox 3276 974 3328 1017; x_wconf 87' lang='lat' dir='ltr'><strong>tu</strong></span> <span class='ocrx_word' id='word_1_247' title='bbox 3364 975 3532 1026; x_wconf 86' lang='lat' dir='ltr'><strong>certe,</strong></span> 
     </span>
    </p>
   </div>
   <div class='ocr_carea' id='block_1_39' title="bbox 1956 1057 3535 1128">
    <p class='ocr_par' dir='ltr' id='par_1_39' title="bbox 1956 1057 3535 1128">
     <span class='ocr_line' id='line_1_40' title="bbox 1956 1057 3535 1128; baseline 0 -19"><span class='ocrx_word' id='word_1_248' title='bbox 1956 1061 2099 1127; x_wconf 86' lang='lat' dir='ltr'><strong>quod</strong></span> <span class='ocrx_word' id='word_1_249' title='bbox 2134 1060 2367 1128; x_wconf 88' lang='lat' dir='ltr'><strong>partium</strong></span> <span class='ocrx_word' id='word_1_250' title='bbox 2414 1068 2625 1112; x_wconf 74' lang='lat' dir='ltr'><strong>tuarum</strong></span> <span class='ocrx_word' id='word_1_251' title='bbox 2668 1068 2793 1125; x_wconf 89' lang='lat' dir='ltr'><strong>est,</strong></span> <span class='ocrx_word' id='word_1_252' title='bbox 2850 1058 3187 1128; x_wconf 69' lang='lat' dir='ltr'><strong>praestiteris.</strong></span> <span class='ocrx_word' id='word_1_253' title='bbox 3239 1057 3535 1112; x_wconf 82' lang='lat' dir='ltr'><strong>Considera</strong></span> 
     </span>
    </p>
   </div>
   <div class='ocr_carea' id='block_1_40' title="bbox 1958 1148 3533 1219">
    <p class='ocr_par' dir='ltr' id='par_1_40' title="bbox 1958 1148 3533 1219">
     <span class='ocr_line' id='line_1_41' title="bbox 1958 1148 3533 1219; baseline -0.001 -16"><span class='ocrx_word' id='word_1_254' title='bbox 1958 1149 2123 1219; x_wconf 82' lang='lat' dir='ltr'><strong>igitur</strong></span> <span class='ocrx_word' id='word_1_255' title='bbox 2175 1165 2244 1203; x_wconf 89' lang='lat' dir='ltr'><strong>ne</strong></span> <span class='ocrx_word' id='word_1_256' title='bbox 2274 1165 2405 1204; x_wconf 91' lang='lat' dir='ltr'><strong>voce</strong></span> <span class='ocrx_word' id='word_1_257' title='bbox 2453 1148 2571 1204; x_wconf 82' lang='lat' dir='ltr'><strong>sola</strong></span> <span class='ocrx_word' id='word_1_258' title='bbox 2605 1151 2793 1204; x_wconf 89' lang='lat' dir='ltr'><strong>testari</strong></span> <span class='ocrx_word' id='word_1_259' title='bbox 2844 1150 3080 1203; x_wconf 88' lang='lat' dir='ltr'><strong>videaris</strong></span> <span class='ocrx_word' id='word_1_260' title='bbox 3108 1190 3124 1215; x_wconf 91' lang='lat'><strong>,</strong></span> <span class='ocrx_word' id='word_1_261' title='bbox 3178 1163 3240 1204; x_wconf 87' lang='lat' dir='ltr'><strong>ac</strong></span> <span class='ocrx_word' id='word_1_262' title='bbox 3268 1164 3371 1203; x_wconf 93' lang='lat' dir='ltr'><strong>nou</strong></span> <span class='ocrx_word' id='word_1_263' title='bbox 3406 1149 3533 1202; x_wconf 85' lang='lat' dir='ltr'><strong>item</strong></span> 
     </span>
    </p>
   </div>
   <div class='ocr_carea' id='block_1_41' title="bbox 1961 1239 3536 1311">
    <p class='ocr_par' dir='ltr' id='par_1_41' title="bbox 1961 1239 3536 1311">
     <span class='ocr_line' id='line_1_42' title="bbox 1961 1239 3536 1311; baseline 0 -17"><span class='ocrx_word' id='word_1_264' title='bbox 1961 1240 2119 1296; x_wconf 87' lang='lat' dir='ltr'><strong>rebus</strong></span> <span class='ocrx_word' id='word_1_265' title='bbox 2149 1242 2280 1310; x_wconf 91' lang='lat' dir='ltr'><strong>ipsis</strong></span> <span class='ocrx_word' id='word_1_266' title='bbox 2302 1279 2317 1305; x_wconf 93' lang='lat'><strong>,</strong></span> <span class='ocrx_word' id='word_1_267' title='bbox 2369 1242 2567 1311; x_wconf 85' lang='lat' dir='ltr'><strong>quippe</strong></span> <span class='ocrx_word' id='word_1_268' title='bbox 2606 1241 2695 1310; x_wconf 91' lang='lat' dir='ltr'><strong>qui</strong></span> <span class='ocrx_word' id='word_1_269' title='bbox 2747 1241 2959 1309; x_wconf 89' lang='lat' dir='ltr'><strong>imperii</strong></span> <span class='ocrx_word' id='word_1_270' title='bbox 2990 1242 3228 1295; x_wconf 86' lang='lat' dir='ltr'><strong>habenas</strong></span> <span class='ocrx_word' id='word_1_271' title='bbox 3256 1239 3320 1293; x_wconf 91' lang='lat' dir='ltr'><strong>iis</strong></span> <span class='ocrx_word' id='word_1_272' title='bbox 3342 1280 3356 1305; x_wconf 87' lang='lat'><strong>,</strong></span> <span class='ocrx_word' id='word_1_273' title='bbox 3400 1254 3536 1309; x_wconf 85' lang='lat' dir='ltr'><strong>quos</strong></span> 
     </span>
    </p>
   </div>
   <div class='ocr_carea' id='block_1_42' title="bbox 1956 1332 3538 1402">
    <p class='ocr_par' dir='ltr' id='par_1_42' title="bbox 1956 1332 3538 1402">
     <span class='ocr_line' id='line_1_43' title="bbox 1956 1332 3538 1402; baseline -0.001 -15"><span class='ocrx_word' id='word_1_274' title='bbox 1956 1334 2161 1387; x_wconf 78' lang='lat' dir='ltr'><strong>circum</strong></span> <span class='ocrx_word' id='word_1_275' title='bbox 2199 1342 2249 1388; x_wconf 92' lang='lat' dir='ltr'><strong>te</strong></span> <span class='ocrx_word' id='word_1_276' title='bbox 2299 1332 2467 1388; x_wconf 75' lang='lat' dir='ltr'><strong>habes</strong></span> <span class='ocrx_word' id='word_1_277' title='bbox 2495 1372 2509 1396; x_wconf 90' lang='lat'><strong>,</strong></span> <span class='ocrx_word' id='word_1_278' title='bbox 2544 1332 2863 1401; x_wconf 84' lang='lat' dir='ltr'><strong>permittas,</strong></span> <span class='ocrx_word' id='word_1_279' title='bbox 2904 1332 3242 1402; x_wconf 79' lang='lat' dir='ltr'><strong>gratiamque</strong></span> <span class='ocrx_word' id='word_1_280' title='bbox 3270 1332 3433 1401; x_wconf 86' lang='lat' dir='ltr'><strong>impie</strong></span> <span class='ocrx_word' id='word_1_281' title='bbox 3474 1346 3538 1385; x_wconf 83' lang='lat' dir='ltr'><strong>ac</strong></span> 
     </span>
    </p>
   </div>
   <div class='ocr_carea' id='block_1_43' title="bbox 1959 1425 3537 1495">
    <p class='ocr_par' dir='ltr' id='par_1_43' title="bbox 1959 1425 3537 1495">
     <span class='ocr_line' id='line_1_44' title="bbox 1959 1425 3537 1495; baseline -0.001 -15"><span class='ocrx_word' id='word_1_282' title='bbox 1959 1425 2165 1480; x_wconf 81' lang='lat' dir='ltr'><strong>nefarie</strong></span> <span class='ocrx_word' id='word_1_283' title='bbox 2208 1427 2428 1481; x_wconf 76' lang='lat' dir='ltr'><strong>vendas.</strong></span> <span class='ocrx_word' id='word_1_284' title='bbox 2473 1425 2659 1495; x_wconf 87' lang='lat' dir='ltr'><strong>Neque</strong></span> <span class='ocrx_word' id='word_1_285' title='bbox 2688 1426 2831 1479; x_wconf 91' lang='lat' dir='ltr'><strong>enim</strong></span> <span class='ocrx_word' id='word_1_286' title='bbox 2875 1440 3134 1479; x_wconf 85' lang='lat' dir='ltr'><strong>manuum</strong></span> <span class='ocrx_word' id='word_1_287' title='bbox 3164 1425 3537 1493; x_wconf 90' lang='lat' dir='ltr'><strong>impositiones</strong></span> 
     </span>
    </p>
   </div>
   <div class='ocr_carea' id='block_1_44' title="bbox 1959 1517 3538 1585">
    <p class='ocr_par' dir='ltr' id='par_1_44' title="bbox 1959 1517 3538 1585">
     <span class='ocr_line' id='line_1_45' title="bbox 1959 1517 3538 1585; baseline -0.001 -14"><span class='ocrx_word' id='word_1_288' title='bbox 1959 1532 2091 1572; x_wconf 89' lang='lat' dir='ltr'><strong>aure</strong></span> <span class='ocrx_word' id='word_1_289' title='bbox 2124 1519 2467 1584; x_wconf 87' lang='lat' dir='ltr'><strong>committere</strong></span> <span class='ocrx_word' id='word_1_290' title='bbox 2514 1518 2672 1584; x_wconf 87' lang='lat' dir='ltr'><strong>licet,</strong></span> <span class='ocrx_word' id='word_1_291' title='bbox 2722 1531 2821 1571; x_wconf 89' lang='lat' dir='ltr'><strong>nec</strong></span> <span class='ocrx_word' id='word_1_292' title='bbox 2855 1530 3041 1572; x_wconf 90' lang='lat' dir='ltr'><strong>eorum</strong></span> <span class='ocrx_word' id='word_1_293' title='bbox 3071 1557 3086 1582; x_wconf 91' lang='lat'><strong>,</strong></span> <span class='ocrx_word' id='word_1_294' title='bbox 3137 1517 3227 1585; x_wconf 90' lang='lat' dir='ltr'><strong>qui</strong></span> <span class='ocrx_word' id='word_1_295' title='bbox 3253 1517 3318 1570; x_wconf 88' lang='lat' dir='ltr'><strong>ad</strong></span> <span class='ocrx_word' id='word_1_296' title='bbox 3351 1532 3538 1570; x_wconf 86' lang='lat' dir='ltr'><strong>sacros</strong></span> 
     </span>
    </p>
   </div>
   <div class='ocr_carea' id='block_1_45' title="bbox 1959 1609 3538 1679">
    <p class='ocr_par' dir='ltr' id='par_1_45' title="bbox 1959 1609 3538 1679">
     <span class='ocr_line' id='line_1_46' title="bbox 1959 1609 3538 1679; baseline 0.001 -18"><span class='ocrx_word' id='word_1_297' title='bbox 1959 1610 2176 1663; x_wconf 87' lang='lat' dir='ltr'><strong>ordines</strong></span> <span class='ocrx_word' id='word_1_298' title='bbox 2204 1609 2544 1664; x_wconf 87' lang='lat' dir='ltr'><strong>adducuntur</strong></span> <span class='ocrx_word' id='word_1_299' title='bbox 2566 1650 2581 1675; x_wconf 96' lang='lat'><strong>,</strong></span> <span class='ocrx_word' id='word_1_300' title='bbox 2610 1610 2773 1665; x_wconf 89' lang='lat' dir='ltr'><strong>vitam</strong></span> <span class='ocrx_word' id='word_1_301' title='bbox 2806 1627 2866 1666; x_wconf 89' lang='lat' dir='ltr'><strong>ac</strong></span> <span class='ocrx_word' id='word_1_302' title='bbox 2895 1625 3076 1665; x_wconf 89' lang='lat' dir='ltr'><strong>mores</strong></span> <span class='ocrx_word' id='word_1_303' title='bbox 3112 1610 3391 1679; x_wconf 87' lang='lat' dir='ltr'><strong>ignorare,</strong></span> <span class='ocrx_word' id='word_1_304' title='bbox 3438 1624 3538 1663; x_wconf 87' lang='lat' dir='ltr'><strong>nec</strong></span> 
     </span>
    </p>
   </div>
   <div class='ocr_carea' id='block_1_46' title="bbox 1963 1700 3539 1773">
    <p class='ocr_par' dir='ltr' id='par_1_46' title="bbox 1963 1700 3539 1773">
     <span class='ocr_line' id='line_1_47' title="bbox 1963 1700 3539 1773; baseline 0.001 -21"><span class='ocrx_word' id='word_1_305' title='bbox 1963 1700 2090 1754; x_wconf 87' lang='lat' dir='ltr'><strong>item</strong></span> <span class='ocrx_word' id='word_1_306' title='bbox 2141 1701 2277 1756; x_wconf 87' lang='lat' dir='ltr'><strong>alios</strong></span> <span class='ocrx_word' id='word_1_307' title='bbox 2322 1701 2543 1757; x_wconf 85' lang='lat' dir='ltr'><strong>sceleris</strong></span> <span class='ocrx_word' id='word_1_308' title='bbox 2579 1712 2829 1758; x_wconf 86' lang='lat' dir='ltr'><strong>auctores</strong></span> <span class='ocrx_word' id='word_1_309' title='bbox 2873 1702 3117 1773; x_wconf 78' lang='lat' dir='ltr'><strong>proferre</strong></span> <span class='ocrx_word' id='word_1_310' title='bbox 3144 1742 3159 1766; x_wconf 92' lang='lat'><strong>,</strong></span> <span class='ocrx_word' id='word_1_311' title='bbox 3200 1702 3257 1756; x_wconf 88' lang='lat' dir='ltr'><strong>in</strong></span> <span class='ocrx_word' id='word_1_312' title='bbox 3287 1702 3539 1754; x_wconf 83' lang='lat' dir='ltr'><strong>incorru—</strong></span> 
     </span>
    </p>
   </div>
   <div class='ocr_carea' id='block_1_47' title="bbox 1960 1776 3539 1860">
    <p class='ocr_par' dir='ltr' id='par_1_47' title="bbox 1960 1776 3539 1860">
     <span class='ocr_line' id='line_1_48' title="bbox 1960 1776 3539 1860; baseline 0.002 -20"><span class='ocrx_word' id='word_1_313' title='bbox 1960 1776 2050 1858; x_wconf 91' lang='lat' dir='ltr'><strong>pto</strong></span> <span class='ocrx_word' id='word_1_314' title='bbox 2077 1789 2167 1844; x_wconf 88' lang='lat' dir='ltr'><strong>illo</strong></span> <span class='ocrx_word' id='word_1_315' title='bbox 2201 1800 2361 1859; x_wconf 86' lang='lat' dir='ltr'><strong>atque</strong></span> <span class='ocrx_word' id='word_1_316' title='bbox 2388 1792 2659 1847; x_wconf 89' lang='lat' dir='ltr'><strong>horrendo</strong></span> <span class='ocrx_word' id='word_1_317' title='bbox 2698 1792 2977 1846; x_wconf 87' lang='lat' dir='ltr'><strong>tribunali.</strong></span> <span class='ocrx_word' id='word_1_318' title='bbox 3011 1791 3194 1860; x_wconf 83' lang='lat' dir='ltr'><strong>Neque</strong></span> <span class='ocrx_word' id='word_1_319' title='bbox 3220 1790 3363 1844; x_wconf 89' lang='lat' dir='ltr'><strong>enim</strong></span> <span class='ocrx_word' id='word_1_320' title='bbox 3401 1789 3539 1844; x_wconf 83' lang='lat' dir='ltr'><strong>Ada-</strong></span> 
     </span>
    </p>
   </div>
   <div class='ocr_carea' id='block_1_48' title="bbox 1959 1881 3539 1952">
    <p class='ocr_par' dir='ltr' id='par_1_48' title="bbox 1959 1881 3539 1952">
     <span class='ocr_line' id='line_1_49' title="bbox 1959 1881 3539 1952; baseline 0.001 -19"><span class='ocrx_word' id='word_1_321' title='bbox 1959 1896 2105 1935; x_wconf 86' lang='lat' dir='ltr'><strong>mum</strong></span> <span class='ocrx_word' id='word_1_322' title='bbox 2146 1881 2303 1951; x_wconf 89' lang='lat' dir='ltr'><strong>culpa</strong></span> <span class='ocrx_word' id='word_1_323' title='bbox 2326 1892 2380 1937; x_wconf 89' lang='lat' dir='ltr'><strong>et</strong></span> <span class='ocrx_word' id='word_1_324' title='bbox 2422 1883 2690 1952; x_wconf 88' lang='lat' dir='ltr'><strong>supplicio</strong></span> <span class='ocrx_word' id='word_1_325' title='bbox 2720 1884 2969 1939; x_wconf 85' lang='lat' dir='ltr'><strong>liberavit</strong></span> <span class='ocrx_word' id='word_1_326' title='bbox 2998 1885 3129 1939; x_wconf 87' lang='lat' dir='ltr'><strong>illud</strong></span> <span class='ocrx_word' id='word_1_327' title='bbox 3160 1885 3225 1939; x_wconf 91' lang='lat' dir='ltr'><strong>de</strong></span> <span class='ocrx_word' id='word_1_328' title='bbox 3256 1898 3423 1938; x_wconf 80' lang='lat' dir='ltr'><strong>uxore</strong></span> <span class='ocrx_word' id='word_1_329' title='bbox 3453 1896 3539 1935; x_wconf 88' lang='lat' dir='ltr'><strong>re-</strong></span> 
     </span>
    </p>
   </div>
   <div class='ocr_carea' id='block_1_49' title="bbox 1958 1972 3539 2038">
    <p class='ocr_par' dir='ltr' id='par_1_49' title="bbox 1958 1972 3539 2038">
     <span class='ocr_line' id='line_1_50' title="bbox 1958 1972 3539 2038; baseline -0.001 -13"><span class='ocrx_word' id='word_1_330' title='bbox 1958 1985 2215 2038; x_wconf 86' lang='lat' dir='ltr'><strong>sponsum</strong></span> <span class='ocrx_word' id='word_1_331' title='bbox 2236 2011 2251 2035; x_wconf 91' lang='lat'><strong>,</strong></span> <span class='ocrx_word' id='word_1_332' title='bbox 2295 1981 2349 2026; x_wconf 88' lang='lat' dir='ltr'><strong>et</strong></span> <span class='ocrx_word' id='word_1_333' title='bbox 2383 1972 2717 2029; x_wconf 79' lang='lat' dir='ltr'><strong>causiﬁcatio</strong></span> <span class='ocrx_word' id='word_1_334' title='bbox 2751 2012 2767 2037; x_wconf 88' lang='lat'><strong>,</strong></span> <span class='ocrx_word' id='word_1_335' title='bbox 2824 1989 2945 2027; x_wconf 90' lang='lat' dir='ltr'><strong>cum</strong></span> <span class='ocrx_word' id='word_1_336' title='bbox 3004 1974 3213 2029; x_wconf 78' lang='lat' dir='ltr'><strong>scilicet</strong></span> <span class='ocrx_word' id='word_1_337' title='bbox 3242 1973 3539 2029; x_wconf 79' lang='lat' dir='ltr'><strong>excusandi</strong></span> 
     </span>
    </p>
   </div>
   <div class='ocr_carea' id='block_1_50' title="bbox 1959 2061 3539 2133">
    <p class='ocr_par' dir='ltr' id='par_1_50' title="bbox 1959 2061 3539 2133">
     <span class='ocr_line' id='line_1_51' title="bbox 1959 2061 3539 2133; baseline 0.002 -20"><span class='ocrx_word' id='word_1_338' title='bbox 1959 2061 2039 2114; x_wconf 87' lang='lat' dir='ltr'><strong>sui</strong></span> <span class='ocrx_word' id='word_1_339' title='bbox 2067 2077 2230 2115; x_wconf 87' lang='lat' dir='ltr'><strong>causa</strong></span> <span class='ocrx_word' id='word_1_340' title='bbox 2254 2076 2315 2117; x_wconf 88' lang='lat' dir='ltr'><strong>se</strong></span> <span class='ocrx_word' id='word_1_341' title='bbox 2345 2062 2514 2130; x_wconf 87' lang='lat' dir='ltr'><strong>ipsius</strong></span> <span class='ocrx_word' id='word_1_342' title='bbox 2538 2076 2697 2116; x_wconf 89' lang='lat' dir='ltr'><strong>suasu</strong></span> <span class='ocrx_word' id='word_1_343' title='bbox 2730 2072 2892 2133; x_wconf 86' lang='lat' dir='ltr'><strong>atque</strong></span> <span class='ocrx_word' id='word_1_344' title='bbox 2925 2064 3149 2118; x_wconf 87' lang='lat' dir='ltr'><strong>consilio</strong></span> <span class='ocrx_word' id='word_1_345' title='bbox 3188 2063 3539 2119; x_wconf 82' lang='lat' dir='ltr'><strong>interdictum</strong></span> 
     </span>
    </p>
   </div>
   <div class='ocr_carea' id='block_1_51' title="bbox 1958 2151 2880 2219">
    <p class='ocr_par' dir='ltr' id='par_1_51' title="bbox 1958 2151 2880 2219">
     <span class='ocr_line' id='line_1_52' title="bbox 1958 2151 2880 2219; baseline 0.005 -18"><span class='ocrx_word' id='word_1_346' title='bbox 1958 2151 2196 2202; x_wconf 77' lang='lat' dir='ltr'><strong>Iructum</strong></span> <span class='ocrx_word' id='word_1_347' title='bbox 2244 2151 2553 2219; x_wconf 86' lang='lat' dir='ltr'><strong>percepisse</strong></span> <span class='ocrx_word' id='word_1_348' title='bbox 2582 2151 2787 2206; x_wconf 89' lang='lat' dir='ltr'><strong>diceret</strong></span> <span class='ocrx_word' id='word_1_349' title='bbox 2811 2152 2880 2206; x_wconf 79' lang='lat'><strong>&quot;.</strong></span> 
     </span>
    </p>
   </div>
   <div class='ocr_carea' id='block_1_52' title="bbox 2228 2261 3296 2320">
    <p class='ocr_par' dir='ltr' id='par_1_52' title="bbox 2228 2261 3296 2320">
     <span class='ocr_line' id='line_1_53' title="bbox 2228 2261 3296 2320; baseline 0.007 -7"><span class='ocrx_word' id='word_1_350' title='bbox 2228 2261 2416 2314; x_wconf 75' lang='lat' dir='ltr'>XXXI.</span> <span class='ocrx_word' id='word_1_351' title='bbox 2442 2292 2513 2304; x_wconf 89' lang='lat'><strong>-—</strong></span> <span class='ocrx_word' id='word_1_352' title='bbox 2542 2262 2907 2320; x_wconf 85' lang='lat' dir='ltr'><strong>DIOPIIANTI</strong></span> <span class='ocrx_word' id='word_1_353' title='bbox 2949 2264 3296 2320; x_wconf 68' lang='lat' dir='ltr'><strong>PRETORI.</strong></span> 
     </span>
    </p>
   </div>
   <div class='ocr_carea' id='block_1_53' title="bbox 2540 2356 2943 2425">
    <p class='ocr_par' dir='ltr' id='par_1_53' title="bbox 2540 2356 2943 2425">
     <span class='ocr_line' id='line_1_54' title="bbox 2540 2356 2943 2425; baseline 0.007 -17"><span class='ocrx_word' id='word_1_354' title='bbox 2540 2356 2621 2408; x_wconf 84' lang='lat' dir='ltr'><strong>Ad</strong></span> <span class='ocrx_word' id='word_1_355' title='bbox 2673 2368 2943 2425; x_wconf 72' lang='lat' dir='ltr'><strong>prwtores.</strong></span> 
     </span>
    </p>
   </div>
   <div class='ocr_carea' id='block_1_54' title="bbox 2034 2464 3543 2538">
    <p class='ocr_par' dir='ltr' id='par_1_54' title="bbox 2034 2464 3543 2538">
     <span class='ocr_line' id='line_1_55' title="bbox 2034 2464 3543 2538; baseline 0.001 -20"><span class='ocrx_word' id='word_1_356' title='bbox 2034 2464 2257 2519; x_wconf 83' lang='lat' dir='ltr'><strong>Brevem</strong></span> <span class='ocrx_word' id='word_1_357' title='bbox 2295 2477 2350 2521; x_wconf 90' lang='lat' dir='ltr'><strong>et</strong></span> <span class='ocrx_word' id='word_1_358' title='bbox 2378 2468 2632 2537; x_wconf 78' lang='lat' dir='ltr'><strong>exiguam</strong></span> <span class='ocrx_word' id='word_1_359' title='bbox 2676 2470 2851 2538; x_wconf 79' lang='lat'><strong>(&#39;55),</strong></span> <span class='ocrx_word' id='word_1_360' title='bbox 2892 2485 2997 2523; x_wconf 93' lang='lat' dir='ltr'><strong>non</strong></span> <span class='ocrx_word' id='word_1_361' title='bbox 3039 2468 3199 2523; x_wconf 91' lang='lat' dir='ltr'><strong>modo</strong></span> <span class='ocrx_word' id='word_1_362' title='bbox 3228 2475 3543 2538; x_wconf 64' lang='lat' dir='ltr'><strong>praeturam,</strong></span> 
     </span>
    </p>
   </div>
   <div class='ocr_carea' id='block_1_55' title="bbox 1959 2558 3547 2629">
    <p class='ocr_par' dir='ltr' id='par_1_55' title="bbox 1959 2558 3547 2629">
     <span class='ocr_line' id='line_1_56' title="bbox 1959 2558 3547 2629; baseline -0.002 -16"><span class='ocrx_word' id='word_1_363' title='bbox 1959 2559 2051 2613; x_wconf 85' lang='lat' dir='ltr'><strong>sed</strong></span> <span class='ocrx_word' id='word_1_364' title='bbox 2087 2559 2252 2613; x_wconf 88' lang='lat' dir='ltr'><strong>etiam</strong></span> <span class='ocrx_word' id='word_1_365' title='bbox 2292 2560 2463 2628; x_wconf 84' lang='lat' dir='ltr'><strong>ipsam</strong></span> <span class='ocrx_word' id='word_1_366' title='bbox 2504 2561 2672 2613; x_wconf 87' lang='lat' dir='ltr'><strong>vitam</strong></span> <span class='ocrx_word' id='word_1_367' title='bbox 2712 2562 2900 2614; x_wconf 83' lang='lat' dir='ltr'><strong>habes.</strong></span> <span class='ocrx_word' id='word_1_368' title='bbox 2954 2560 3091 2626; x_wconf 87' lang='lat' dir='ltr'><strong>Quid</strong></span> <span class='ocrx_word' id='word_1_369' title='bbox 3138 2560 3302 2629; x_wconf 89' lang='lat' dir='ltr'><strong>igitur</strong></span> <span class='ocrx_word' id='word_1_370' title='bbox 3337 2558 3547 2612; x_wconf 84' lang='lat' dir='ltr'><strong>inﬁnite</strong></span> 
     </span>
    </p>
   </div>
   <div class='ocr_carea' id='block_1_56' title="bbox 1959 2651 3543 2721">
    <p class='ocr_par' dir='ltr' id='par_1_56' title="bbox 1959 2651 3543 2721">
     <span class='ocr_line' id='line_1_57' title="bbox 1959 2651 3543 2721; baseline -0.001 -17"><span class='ocrx_word' id='word_1_371' title='bbox 1959 2664 2190 2718; x_wconf 85' lang='lat' dir='ltr'><strong>peccas,</strong></span> <span class='ocrx_word' id='word_1_372' title='bbox 2235 2652 2423 2719; x_wconf 89' lang='lat' dir='ltr'><strong>paucis</strong></span> <span class='ocrx_word' id='word_1_373' title='bbox 2459 2651 2610 2705; x_wconf 90' lang='lat' dir='ltr'><strong>horis</strong></span> <span class='ocrx_word' id='word_1_374' title='bbox 2655 2654 3045 2721; x_wconf 85' lang='lat' dir='ltr'><strong>sempiternum</strong></span> <span class='ocrx_word' id='word_1_375' title='bbox 3094 2652 3189 2707; x_wconf 87' lang='lat' dir='ltr'><strong>tibi</strong></span> <span class='ocrx_word' id='word_1_376' title='bbox 3242 2652 3543 2707; x_wconf 88' lang='lat' dir='ltr'><strong>cruciatum</strong></span> 
     </span>
    </p>
   </div>
   <div class='ocr_carea' id='block_1_57' title="bbox 1962 2740 3548 2805">
    <p class='ocr_par' dir='ltr' id='par_1_57' title="bbox 1962 2740 3548 2805">
     <span class='ocr_line' id='line_1_58' title="bbox 1962 2740 3548 2805; baseline 0.001 -12"><span class='ocrx_word' id='word_1_377' title='bbox 1962 2740 2292 2794; x_wconf 86' lang='lat' dir='ltr'><strong>accersens?</strong></span> <span class='ocrx_word' id='word_1_378' title='bbox 2342 2742 2706 2805; x_wconf 79' lang='lat' dir='ltr'><strong>Quamobrem</strong></span> <span class='ocrx_word' id='word_1_379' title='bbox 2761 2742 2979 2796; x_wconf 85' lang='lat' dir='ltr'><strong>volubili</strong></span> <span class='ocrx_word' id='word_1_380' title='bbox 3024 2744 3170 2796; x_wconf 90' lang='lat' dir='ltr'><strong>omni</strong></span> <span class='ocrx_word' id='word_1_381' title='bbox 3233 2758 3297 2797; x_wconf 82' lang='lat' dir='ltr'><strong>ac</strong></span> <span class='ocrx_word' id='word_1_382' title='bbox 3363 2742 3548 2795; x_wconf 71' lang='lat' dir='ltr'><strong>multis</strong></span> 
     </span>
    </p>
   </div>
   <div class='ocr_carea' id='block_1_58' title="bbox 1962 2829 3548 2888">
    <p class='ocr_par' dir='ltr' id='par_1_58' title="bbox 1962 2829 3548 2888">
     <span class='ocr_line' id='line_1_59' title="bbox 1962 2829 3548 2888; baseline 0.001 -8"><span class='ocrx_word' id='word_1_383' title='bbox 1962 2829 2350 2883; x_wconf 87' lang='lat' dir='ltr'><strong>mutationibus</strong></span> <span class='ocrx_word' id='word_1_384' title='bbox 2395 2830 2629 2883; x_wconf 81' lang='lat' dir='ltr'><strong>obnoxia</strong></span> <span class='ocrx_word' id='word_1_385' title='bbox 2681 2845 2859 2885; x_wconf 85' lang='lat' dir='ltr'><strong>rerum</strong></span> <span class='ocrx_word' id='word_1_386' title='bbox 2920 2830 3235 2888; x_wconf 75' lang='lat' dir='ltr'><strong>inﬁdelitate</strong></span> <span class='ocrx_word' id='word_1_387' title='bbox 3300 2831 3548 2884; x_wconf 81' lang='lat' dir='ltr'><strong>animad-</strong></span> 
     </span>
    </p>
   </div>
   <div class='ocr_carea' id='block_1_59' title="bbox 1963 2919 3549 2989">
    <p class='ocr_par' dir='ltr' id='par_1_59' title="bbox 1963 2919 3549 2989">
     <span class='ocr_line' id='line_1_60' title="bbox 1963 2919 3549 2989; baseline 0.001 -16"><span class='ocrx_word' id='word_1_388' title='bbox 1963 2934 2117 2973; x_wconf 81' lang='lat' dir='ltr'><strong>versa</strong></span> <span class='ocrx_word' id='word_1_389' title='bbox 2140 2958 2155 2985; x_wconf 93' lang='lat'><strong>,</strong></span> <span class='ocrx_word' id='word_1_390' title='bbox 2184 2919 2233 2972; x_wconf 88' lang='lat' dir='ltr'><strong>id</strong></span> <span class='ocrx_word' id='word_1_391' title='bbox 2276 2920 2454 2987; x_wconf 87' lang='lat' dir='ltr'><strong>potius</strong></span> <span class='ocrx_word' id='word_1_392' title='bbox 2480 2920 2545 2972; x_wconf 86' lang='lat' dir='ltr'><strong>da</strong></span> <span class='ocrx_word' id='word_1_393' title='bbox 2588 2936 2842 2988; x_wconf 88' lang='lat' dir='ltr'><strong>operam,</strong></span> <span class='ocrx_word' id='word_1_394' title='bbox 2877 2930 2933 2973; x_wconf 89' lang='lat' dir='ltr'><strong>ut</strong></span> <span class='ocrx_word' id='word_1_395' title='bbox 2981 2920 3162 2988; x_wconf 88' lang='lat' dir='ltr'><strong>probis</strong></span> <span class='ocrx_word' id='word_1_396' title='bbox 3190 2930 3351 2989; x_wconf 85' lang='lat' dir='ltr'><strong>atque</strong></span> <span class='ocrx_word' id='word_1_397' title='bbox 3380 2921 3549 2975; x_wconf 88' lang='lat' dir='ltr'><strong>hone-</strong></span> 
     </span>
    </p>
   </div>
   <div class='ocr_carea' id='block_1_60' title="bbox 269 3009 1898 3082">
    <p class='ocr_par' dir='ltr' id='par_1_60' title="bbox 269 3010 1898 3082">
     <span class='ocr_line' id='line_1_61' title="bbox 269 3010 1898 3082; baseline -0.004 -13"><span class='ocrx_word' id='word_1_398' title='bbox 269 3010 348 3070; x_wconf 79' lang='grc' dir='ltr'>ὧν</span> <span class='ocrx_word' id='word_1_399' title='bbox 376 3017 471 3068; x_wconf 76' lang='grc' dir='ltr'><strong>καὶ</strong></span> <span class='ocrx_word' id='word_1_400' title='bbox 493 3015 544 3068; x_wconf 76' lang='lat' dir='ltr'><strong>oi</strong></span> <span class='ocrx_word' id='word_1_401' title='bbox 580 3011 814 3066; x_wconf 78' lang='grc' dir='ltr'>ἐνταῦθα</span> <span class='ocrx_word' id='word_1_402' title='bbox 848 3012 1208 3082; x_wconf 78' lang='grc' dir='ltr'>τυγχάνουσιν</span> <span class='ocrx_word' id='word_1_403' title='bbox 1246 3012 1480 3075; x_wconf 75' lang='grc' dir='ltr'>ἔπαινοι,</span> <span class='ocrx_word' id='word_1_404' title='bbox 1512 3011 1605 3064; x_wconf 69' lang='grc' dir='ltr'><strong>καὶ</strong></span> <span class='ocrx_word' id='word_1_405' title='bbox 1643 3012 1692 3064; x_wconf 79' lang='grc' dir='ltr'>οἱ</span> <span class='ocrx_word' id='word_1_406' title='bbox 1727 3013 1855 3082; x_wconf 75' lang='grc' dir='ltr'>μέλ·</span> <span class='ocrx_word' id='word_1_407' title='bbox 1884 3022 1898 3075; x_wconf 75' lang='lat' dir='ltr'><strong>t</strong></span> 
     </span>
    </p>
   </div>
   <div class='ocr_carea' id='block_1_61' title="bbox 1974 3009 3546 3082">
    <p class='ocr_par' dir='ltr' id='par_1_61' title="bbox 1974 3009 3546 3081">
     <span class='ocr_line' id='line_1_62' title="bbox 1974 3009 3546 3081; baseline -0.001 -17"><span class='ocrx_word' id='word_1_408' title='bbox 1974 3014 2060 3065; x_wconf 69' lang='lat' dir='ltr'><strong>ilIS</strong></span> <span class='ocrx_word' id='word_1_409' title='bbox 2110 3009 2414 3065; x_wconf 84' lang='lat' dir='ltr'><strong>actionibus</strong></span> <span class='ocrx_word' id='word_1_410' title='bbox 2472 3010 2817 3065; x_wconf 86' lang='lat' dir='ltr'><strong>nobiliteris:</strong></span> <span class='ocrx_word' id='word_1_411' title='bbox 2876 3028 3104 3081; x_wconf 88' lang='lat' dir='ltr'><strong>quarum</strong></span> <span class='ocrx_word' id='word_1_412' title='bbox 3153 3021 3207 3064; x_wconf 91' lang='lat' dir='ltr'><strong>et</strong></span> <span class='ocrx_word' id='word_1_413' title='bbox 3253 3012 3440 3066; x_wconf 88' lang='lat' dir='ltr'><strong>laudes</strong></span> <span class='ocrx_word' id='word_1_414' title='bbox 3492 3011 3546 3064; x_wconf 88' lang='lat' dir='ltr'><strong>in</strong></span> 
     </span>
    </p>
   </div>
   <div class='ocr_carea' id='block_1_62' title="bbox 272 3101 1184 3174">
    <p class='ocr_par' dir='ltr' id='par_1_62' title="bbox 272 3101 1184 3174">
     <span class='ocr_line' id='line_1_63' title="bbox 272 3101 1184 3174; baseline -0.003 -18"><span class='ocrx_word' id='word_1_415' title='bbox 272 3106 461 3166; x_wconf 81' lang='grc' dir='ltr'>λοντες</span> <span class='ocrx_word' id='word_1_416' title='bbox 486 3102 669 3174; x_wconf 67' lang='grc' dir='ltr'>μισθοὶ</span> <span class='ocrx_word' id='word_1_417' title='bbox 697 3102 795 3156; x_wconf 81' lang='grc' dir='ltr'><strong>οὐκ</strong></span> <span class='ocrx_word' id='word_1_418' title='bbox 836 3101 1184 3155; x_wconf 78' lang='grc' dir='ltr'>ἀπόλλυνται.</span> 
     </span>
    </p>
   </div>
   <div class='ocr_carea' id='block_1_63' title="bbox 789 3277 1352 3347">
    <p class='ocr_par' dir='ltr' id='par_1_63' title="bbox 789 3277 1352 3347">
     <span class='ocr_line' id='line_1_64' title="bbox 789 3277 1352 3347; baseline -0.004 -16"><span class='ocrx_word' id='word_1_419' title='bbox 789 3279 896 3332; x_wconf 82' lang='lat' dir='ltr'><strong>AB.</strong></span> <span class='ocrx_word' id='word_1_420' title='bbox 934 3307 1001 3319; x_wconf 92' lang='lat'><strong>—</strong></span> <span class='ocrx_word' id='word_1_421' title='bbox 1050 3277 1352 3347; x_wconf 81' lang='grc' dir='ltr'><strong>ΔΟΣΙΘΕῼ.</strong></span> 
     </span>
    </p>
   </div>
   <div class='ocr_carea' id='block_1_64' title="bbox 386 3365 1753 3439">
    <p class='ocr_par' dir='ltr' id='par_1_64' title="bbox 386 3365 1753 3439">
     <span class='ocr_line' id='line_1_65' title="bbox 386 3365 1753 3439; baseline -0.001 -17"><span class='ocrx_word' id='word_1_422' title='bbox 386 3370 667 3439; x_wconf 75' lang='grc' dir='ltr'>Σημαίνει</span> <span class='ocrx_word' id='word_1_423' title='bbox 699 3368 791 3421; x_wconf 83' lang='grc' dir='ltr'>ὅτι</span> <span class='ocrx_word' id='word_1_424' title='bbox 833 3370 1070 3437; x_wconf 68' lang='grc' dir='ltr'>,λύχνον</span> <span class='ocrx_word' id='word_1_425' title='bbox 1106 3367 1215 3422; x_wconf 56' lang='grc' dir='ltr'><strong>τὸν⁴</strong></span> <span class='ocrx_word' id='word_1_426' title='bbox 1243 3368 1400 3436; x_wconf 73' lang='grc' dir='ltr'>ἱερέα</span> <span class='ocrx_word' id='word_1_427' title='bbox 1425 3365 1579 3439; x_wconf 69' lang='grc' dir='ltr'>εἶναι</span> <span class='ocrx_word' id='word_1_428' title='bbox 1616 3369 1753 3438; x_wconf 74' lang='grc' dir='ltr'><strong>χρὴ.</strong></span> 
     </span>
    </p>
   </div>
   <div class='ocr_carea' id='block_1_65' title="bbox 349 3482 1863 3555">
    <p class='ocr_par' dir='ltr' id='par_1_65' title="bbox 349 3482 1863 3555">
     <span class='ocr_line' id='line_1_66' title="bbox 349 3482 1863 3555; baseline 0 -19"><span class='ocrx_word' id='word_1_429' title='bbox 349 3483 549 3538; x_wconf 78' lang='grc' dir='ltr'>Ἀπτει</span> <span class='ocrx_word' id='word_1_430' title='bbox 581 3484 777 3553; x_wconf 82' lang='grc' dir='ltr'>λύχνον</span> <span class='ocrx_word' id='word_1_431' title='bbox 801 3482 831 3533; x_wconf 84' lang='grc' dir='ltr'>ὁ</span> <span class='ocrx_word' id='word_1_432' title='bbox 872 3482 1005 3545; x_wconf 72' lang='grc' dir='ltr'>Θεὸς</span> <span class='ocrx_word' id='word_1_433' title='bbox 1037 3482 1207 3554; x_wconf 85' lang='grc' dir='ltr'>ἱερέα,</span> <span class='ocrx_word' id='word_1_434' title='bbox 1256 3485 1349 3537; x_wconf 73' lang='grc' dir='ltr'><strong>καὶ</strong></span> <span class='ocrx_word' id='word_1_435' title='bbox 1385 3484 1600 3555; x_wconf 80' lang='grc' dir='ltr'>τίθησιν</span> <span class='ocrx_word' id='word_1_436' title='bbox 1642 3484 1736 3536; x_wconf 77' lang='grc' dir='ltr'><strong>ἐπὶ</strong></span> <span class='ocrx_word' id='word_1_437' title='bbox 1775 3484 1863 3536; x_wconf 86' lang='grc' dir='ltr'>λυ-</span> 
     </span>
    </p>
   </div>
   <div class='ocr_carea' id='block_1_66' title="bbox 276 3576 1864 3648">
    <p class='ocr_par' dir='ltr' id='par_1_66' title="bbox 276 3576 1864 3648">
     <span class='ocr_line' id='line_1_67' title="bbox 276 3576 1864 3648; baseline 0.002 -21"><span class='ocrx_word' id='word_1_438' title='bbox 276 3577 435 3647; x_wconf 56' lang='lat' dir='ltr'><strong>xata;</strong></span> <span class='ocrx_word' id='word_1_439' title='bbox 463 3578 561 3646; x_wconf 81' lang='grc' dir='ltr'><strong>τῆς</strong></span> <span class='ocrx_word' id='word_1_440' title='bbox 601 3576 797 3629; x_wconf 75' lang='grc' dir='ltr'>ἑαυτοῦ</span> <span class='ocrx_word' id='word_1_441' title='bbox 824 3579 1140 3647; x_wconf 77' lang='grc' dir='ltr'>φωτοφόρου</span> <span class='ocrx_word' id='word_1_442' title='bbox 1173 3577 1460 3648; x_wconf 83' lang='grc' dir='ltr'>καθέδρας,</span> <span class='ocrx_word' id='word_1_443' title='bbox 1496 3578 1562 3630; x_wconf 80' lang='grc' dir='ltr'>ἵν’</span> <span class='ocrx_word' id='word_1_444' title='bbox 1599 3577 1864 3648; x_wconf 78' lang='grc' dir='ltr'>ἐξαστρά-</span> 
     </span>
    </p>
   </div>
   <div class='ocr_carea' id='block_1_67' title="bbox 275 3668 1864 3740">
    <p class='ocr_par' dir='ltr' id='par_1_67' title="bbox 275 3668 1864 3740">
     <span class='ocr_line' id='line_1_68' title="bbox 275 3668 1864 3740; baseline 0 -19"><span class='ocrx_word' id='word_1_445' title='bbox 275 3686 390 3740; x_wconf 79' lang='grc' dir='ltr'>πτῃ</span> <span class='ocrx_word' id='word_1_446' title='bbox 424 3669 701 3738; x_wconf 73' lang='grc' dir='ltr'>φωτισμὸν</span> <span class='ocrx_word' id='word_1_447' title='bbox 724 3671 791 3739; x_wconf 78' lang='grc' dir='ltr'>τῇ</span> <span class='ocrx_word' id='word_1_448' title='bbox 837 3669 1140 3739; x_wconf 73' lang='grc' dir='ltr'>Ἐκκλησία</span> <span class='ocrx_word' id='word_1_449' title='bbox 1171 3669 1263 3722; x_wconf 75' lang='grc' dir='ltr'><strong>καὶ</strong></span> <span class='ocrx_word' id='word_1_450' title='bbox 1280 3668 1565 3739; x_wconf 81' lang='grc' dir='ltr'>δογμάτων</span> <span class='ocrx_word' id='word_1_451' title='bbox 1591 3669 1686 3721; x_wconf 71' lang='grc' dir='ltr'><strong>καὶ</strong></span> <span class='ocrx_word' id='word_1_452' title='bbox 1720 3669 1864 3739; x_wconf 78' lang='grc' dir='ltr'>πρά-</span> 
     </span>
    </p>
   </div>
   <div class='ocr_carea' id='block_1_68' title="bbox 276 3760 1867 3832">
    <p class='ocr_par' dir='ltr' id='par_1_68' title="bbox 276 3760 1867 3832">
     <span class='ocr_line' id='line_1_69' title="bbox 276 3760 1867 3832; baseline -0.003 -17"><span class='ocrx_word' id='word_1_453' title='bbox 276 3760 419 3827; x_wconf 72' lang='grc' dir='ltr'>ξεων</span> <span class='ocrx_word' id='word_1_454' title='bbox 460 3763 683 3824; x_wconf 72' lang='grc' dir='ltr'>σκότους</span> <span class='ocrx_word' id='word_1_455' title='bbox 715 3760 1157 3831; x_wconf 80' lang='grc' dir='ltr'>ἀπηλλαγμένων</span> <span class='ocrx_word' id='word_1_456' title='bbox 1190 3777 1204 3791; x_wconf 88' lang='grc'><strong>·</strong></span> <span class='ocrx_word' id='word_1_457' title='bbox 1245 3760 1393 3825; x_wconf 83' lang='grc' dir='ltr'>ὅπως</span> <span class='ocrx_word' id='word_1_458' title='bbox 1417 3761 1651 3832; x_wconf 82' lang='grc' dir='ltr'>ὁρῶντες</span> <span class='ocrx_word' id='word_1_459' title='bbox 1671 3763 1718 3813; x_wconf 81' lang='grc' dir='ltr'>οἱ</span> <span class='ocrx_word' id='word_1_460' title='bbox 1748 3760 1867 3813; x_wconf 75' lang='grc' dir='ltr'>λαοὶ</span> 
     </span>
    </p>
   </div>
   <div class='ocr_carea' id='block_1_69' title="bbox 275 3851 1865 3924">
    <p class='ocr_par' dir='ltr' id='par_1_69' title="bbox 275 3851 1865 3924">
     <span class='ocr_line' id='line_1_70' title="bbox 275 3851 1865 3924; baseline -0.003 -16"><span class='ocrx_word' id='word_1_461' title='bbox 275 3855 377 3919; x_wconf 72' lang='grc' dir='ltr'>τὰς</span> <span class='ocrx_word' id='word_1_462' title='bbox 403 3854 630 3917; x_wconf 86' lang='grc' dir='ltr'>ἀκτῖνας</span> <span class='ocrx_word' id='word_1_463' title='bbox 653 3854 753 3923; x_wconf 81' lang='grc' dir='ltr'>τῆς</span> <span class='ocrx_word' id='word_1_464' title='bbox 777 3851 1014 3922; x_wconf 75' lang='grc' dir='ltr'>ζωτικῆς</span> <span class='ocrx_word' id='word_1_465' title='bbox 1036 3852 1149 3923; x_wconf 74' lang='lat' dir='ltr'><strong>(3i)</strong></span> <span class='ocrx_word' id='word_1_466' title='bbox 1174 3852 1537 3924; x_wconf 83' lang='grc' dir='ltr'>λαμπηδόνος,</span> <span class='ocrx_word' id='word_1_467' title='bbox 1560 3852 1695 3923; x_wconf 80' lang='grc' dir='ltr'>πρὸς</span> <span class='ocrx_word' id='word_1_468' title='bbox 1724 3852 1865 3905; x_wconf 84' lang='grc' dir='ltr'>ὲκεί-</span> 
     </span>
    </p>
   </div>
   <div class='ocr_carea' id='block_1_70' title="bbox 275 3942 1865 4014">
    <p class='ocr_par' dir='ltr' id='par_1_70' title="bbox 275 3942 1865 4014">
     <span class='ocr_line' id='line_1_71' title="bbox 275 3942 1865 4014; baseline -0.003 -14"><span class='ocrx_word' id='word_1_469' title='bbox 275 3964 377 4010; x_wconf 82' lang='grc' dir='ltr'><strong>νας</strong></span> <span class='ocrx_word' id='word_1_470' title='bbox 403 3945 758 4007; x_wconf 76' lang='grc' dir='ltr'>εὖθύνωνται,</span> <span class='ocrx_word' id='word_1_471' title='bbox 793 3946 885 3996; x_wconf 75' lang='grc' dir='ltr'><strong>καὶ</strong></span> <span class='ocrx_word' id='word_1_472' title='bbox 907 3944 998 3996; x_wconf 72' lang='grc' dir='ltr'>τὸν</span> <span class='ocrx_word' id='word_1_473' title='bbox 1024 3944 1246 4014; x_wconf 81' lang='grc' dir='ltr'>Πατέρα</span> <span class='ocrx_word' id='word_1_474' title='bbox 1272 3944 1379 3998; x_wconf 86' lang='grc' dir='ltr'>τῶν</span> <span class='ocrx_word' id='word_1_475' title='bbox 1411 3942 1604 4013; x_wconf 83' lang='grc' dir='ltr'>φώτων</span> <span class='ocrx_word' id='word_1_476' title='bbox 1633 3942 1865 4007; x_wconf 79' lang='grc' dir='ltr'>δοξάζω-</span> 
     </span>
    </p>
   </div>
   <div class='ocr_carea' id='block_1_71' title="bbox 276 4025 1654 4105">
    <p class='ocr_par' dir='ltr' id='par_1_71' title="bbox 276 4025 1654 4105">
     <span class='ocr_line' id='line_1_72' title="bbox 276 4025 1654 4105; baseline -0.001 -15"><span class='ocrx_word' id='word_1_477' title='bbox 276 4055 389 4090; x_wconf 82' lang='grc' dir='ltr'>σιν.</span> <span class='ocrx_word' id='word_1_478' title='bbox 421 4034 608 4105; x_wconf 82' lang='grc' dir='ltr'>Ἔχεις</span> <span class='ocrx_word' id='word_1_479' title='bbox 633 4033 734 4105; x_wconf 72' lang='grc' dir='ltr'><strong>τὴν</strong></span> <span class='ocrx_word' id='word_1_480' title='bbox 758 4032 911 4086; x_wconf 85' lang='grc' dir='ltr'>λύσιν</span> <span class='ocrx_word' id='word_1_481' title='bbox 942 4025 1017 4085; x_wconf 83' lang='grc' dir='ltr'>ὧν</span> <span class='ocrx_word' id='word_1_482' title='bbox 1046 4033 1337 4102; x_wconf 73' lang='grc' dir='ltr'>ἠρώτησας</span> <span class='ocrx_word' id='word_1_483' title='bbox 1371 4032 1654 4101; x_wconf 78' lang='grc' dir='ltr'>σύντομον.</span> 
     </span>
    </p>
   </div>
   <div class='ocr_carea' id='block_1_72' title="bbox 675 4232 1465 4303">
    <p class='ocr_par' dir='ltr' id='par_1_72' title="bbox 675 4232 1465 4303">
     <span class='ocr_line' id='line_1_73' title="bbox 675 4232 1465 4303; baseline -0.003 -15"><span class='ocrx_word' id='word_1_484' title='bbox 675 4235 800 4289; x_wconf 79' lang='lat' dir='ltr'><strong>AI&quot;.</strong></span> <span class='ocrx_word' id='word_1_485' title='bbox 823 4264 891 4273; x_wconf 91' lang='lat'><strong>——</strong></span> <span class='ocrx_word' id='word_1_486' title='bbox 918 4234 1297 4303; x_wconf 69' lang='grc' dir='ltr'><strong>ΠΡΟΥΝΙΧῘῼ</strong></span> <span class='ocrx_word' id='word_1_487' title='bbox 1331 4232 1465 4299; x_wconf 65' lang='grc'><strong>(52).</strong></span> 
     </span>
    </p>
   </div>
   <div class='ocr_carea' id='block_1_73' title="bbox 272 4322 1865 4395">
    <p class='ocr_par' dir='ltr' id='par_1_73' title="bbox 272 4322 1865 4395">
     <span class='ocr_line' id='line_1_74' title="bbox 272 4322 1865 4395; baseline -0.004 -13"><span class='ocrx_word' id='word_1_488' title='bbox 272 4330 386 4385; x_wconf 71' lang='grc' dir='ltr'><strong>Διὰ</strong></span> <span class='ocrx_word' id='word_1_489' title='bbox 435 4328 492 4381; x_wconf 81' lang='grc' dir='ltr'><strong>τί</strong></span> <span class='ocrx_word' id='word_1_490' title='bbox 530 4324 744 4395; x_wconf 77' lang='grc' dir='ltr'>μείζων</span> <span class='ocrx_word' id='word_1_491' title='bbox 783 4325 855 4378; x_wconf 78' lang='grc' dir='ltr'><strong>ἐν</strong></span> <span class='ocrx_word' id='word_1_492' title='bbox 906 4324 1217 4395; x_wconf 77' lang='grc' dir='ltr'>γεννητοῖς</span> <span class='ocrx_word' id='word_1_493' title='bbox 1250 4322 1553 4395; x_wconf 68' lang='grc' dir='ltr'>γυναικῶν</span> <span class='ocrx_word' id='word_1_494' title='bbox 1586 4323 1865 4395; x_wconf 74' lang='grc' dir='ltr'>Ἰωάννου</span> 
     </span>
    </p>
   </div>
   <div class='ocr_carea' id='block_1_74' title="bbox 353 4393 1868 4487">
    <p class='ocr_par' dir='ltr' id='par_1_74' title="bbox 353 4393 1868 4487">
     <span class='ocr_line' id='line_1_75' title="bbox 353 4393 1868 4487; baseline -0.006 -35"><span class='ocrx_word' id='word_1_495' title='bbox 353 4393 856 4487; x_wconf 46' lang='lat' dir='ltr'><strong>oux-&#39;érrirspzat</strong></span> <span class='ocrx_word' id='word_1_496' title='bbox 899 4393 922 4422; x_wconf 60' lang='lat'><strong><em>&quot;</em></strong></span> <span class='ocrx_word' id='word_1_497' title='bbox 1002 4395 1101 4447; x_wconf 77' lang='grc' dir='ltr'>καὶ</span> <span class='ocrx_word' id='word_1_498' title='bbox 1157 4394 1214 4445; x_wconf 79' lang='grc' dir='ltr'><strong>τί</strong></span> <span class='ocrx_word' id='word_1_499' title='bbox 1294 4394 1727 4460; x_wconf 75' lang='grc' dir='ltr'>περισσότερον</span> <span class='ocrx_word' id='word_1_500' title='bbox 1798 4393 1868 4444; x_wconf 75' lang='grc' dir='ltr'>ἐν</span> 
     </span>
    </p>
   </div>
   <div class='ocr_carea' id='block_1_75' title="bbox 355 4484 537 4530">
    <p class='ocr_par' dir='ltr' id='par_1_75' title="bbox 355 4484 537 4530">
     <span class='ocr_line' id='line_1_76' title="bbox 355 4484 537 4530; baseline -0.005 -10"><span class='ocrx_word' id='word_1_501' title='bbox 355 4484 537 4530; x_wconf 79' lang='grc' dir='ltr'>αυτῳ.</span> 
     </span>
    </p>
   </div>
   <div class='ocr_carea' id='block_1_76' title="bbox 358 4574 1867 4647">
    <p class='ocr_par' dir='ltr' id='par_1_76' title="bbox 358 4574 1867 4647">
     <span class='ocr_line' id='line_1_77' title="bbox 358 4574 1867 4647; baseline -0.008 -13"><span class='ocrx_word' id='word_1_502' title='bbox 358 4581 458 4634; x_wconf 82' lang='grc' dir='ltr'>Διά</span> <span class='ocrx_word' id='word_1_503' title='bbox 505 4580 559 4632; x_wconf 85' lang='grc' dir='ltr'><strong>τί</strong></span> <span class='ocrx_word' id='word_1_504' title='bbox 628 4579 831 4647; x_wconf 76' lang='grc' dir='ltr'>μείζων</span> <span class='ocrx_word' id='word_1_505' title='bbox 892 4579 950 4629; x_wconf 79' lang='grc' dir='ltr'>ἐν</span> <span class='ocrx_word' id='word_1_506' title='bbox 1012 4578 1292 4645; x_wconf 82' lang='grc' dir='ltr'>γεννητοῖς</span> <span class='ocrx_word' id='word_1_507' title='bbox 1352 4575 1649 4642; x_wconf 81' lang='grc' dir='ltr'>γυναικῶν,</span> <span class='ocrx_word' id='word_1_508' title='bbox 1712 4574 1867 4646; x_wconf 73' lang='grc' dir='ltr'>ἔφης,</span> 
     </span>
    </p>
   </div>
   <div class='ocr_carea' id='block_1_77' title="bbox 366 4716 959 4782">
    <p class='ocr_par' dir='ltr' id='par_1_77' title="bbox 366 4716 959 4782">
     <span class='ocr_line' id='line_1_78' title="bbox 366 4716 959 4782; baseline -0.007 -9"><span class='ocrx_word' id='word_1_509' title='bbox 366 4716 414 4751; x_wconf 75' lang='grc'>⁸⁸</span> <span class='ocrx_word' id='word_1_510' title='bbox 446 4719 640 4774; x_wconf 81' lang='lat' dir='ltr'><strong>Ezech.</strong></span> <span class='ocrx_word' id='word_1_511' title='bbox 676 4733 871 4782; x_wconf 67' lang='lat' dir='ltr'><strong>xxxiii,</strong></span> <span class='ocrx_word' id='word_1_512' title='bbox 906 4718 959 4769; x_wconf 79' lang='lat'>3.</span> 
     </span>
    </p>
   </div>
   <div class='ocr_carea' id='block_1_78' title="bbox 1966 3100 3546 3172">
    <p class='ocr_par' dir='ltr' id='par_1_78' title="bbox 1966 3100 3546 3172">
     <span class='ocr_line' id='line_1_79' title="bbox 1966 3100 3546 3172; baseline 0.001 -17"><span class='ocrx_word' id='word_1_513' title='bbox 1966 3102 2068 3155; x_wconf 88' lang='lat' dir='ltr'><strong>hac</strong></span> <span class='ocrx_word' id='word_1_514' title='bbox 2119 3100 2227 3152; x_wconf 88' lang='lat' dir='ltr'><strong>vita</strong></span> <span class='ocrx_word' id='word_1_515' title='bbox 2269 3102 2645 3165; x_wconf 85' lang='lat' dir='ltr'><strong>celebrantur,</strong></span> <span class='ocrx_word' id='word_1_516' title='bbox 2683 3112 2738 3156; x_wconf 89' lang='lat' dir='ltr'><strong>et</strong></span> <span class='ocrx_word' id='word_1_517' title='bbox 2774 3103 2950 3156; x_wconf 77' lang='lat' dir='ltr'><strong>I’utura</strong></span> <span class='ocrx_word' id='word_1_518' title='bbox 3001 3104 3222 3172; x_wconf 69' lang='lat' dir='ltr'><strong>praemia</strong></span> <span class='ocrx_word' id='word_1_519' title='bbox 3275 3119 3546 3172; x_wconf 85' lang='lat' dir='ltr'><strong>nunquam</strong></span> 
     </span>
    </p>
   </div>
   <div class='ocr_carea' id='block_1_79' title="bbox 1968 3190 2260 3244">
    <p class='ocr_par' dir='ltr' id='par_1_79' title="bbox 1968 3190 2260 3244">
     <span class='ocr_line' id='line_1_80' title="bbox 1968 3190 2260 3244; baseline -0.007 -1"><span class='ocrx_word' id='word_1_520' title='bbox 1968 3190 2260 3244; x_wconf 86' lang='lat' dir='ltr'><strong>intereunt.</strong></span> 
     </span>
    </p>
   </div>
   <div class='ocr_carea' id='block_1_80' title="bbox 2426 3282 3155 3341">
    <p class='ocr_par' dir='ltr' id='par_1_80' title="bbox 2426 3282 3155 3341">
     <span class='ocr_line' id='line_1_81' title="bbox 2426 3282 3155 3341; baseline 0 -2"><span class='ocrx_word' id='word_1_521' title='bbox 2426 3284 2467 3338; x_wconf 78' lang='grc' dir='ltr'>Χ</span> <span class='ocrx_word' id='word_1_522' title='bbox 2481 3283 2644 3341; x_wconf 84' lang='lat' dir='ltr'>XXII.</span> <span class='ocrx_word' id='word_1_523' title='bbox 2687 3314 2757 3324; x_wconf 90' lang='lat'><strong>—-</strong></span> <span class='ocrx_word' id='word_1_524' title='bbox 2792 3282 3155 3339; x_wconf 84' lang='lat' dir='ltr'><strong>DOSITIIEO.</strong></span> 
     </span>
    </p>
   </div>
   <div class='ocr_carea' id='block_1_81' title="bbox 2217 3375 3298 3475">
    <p class='ocr_par' dir='ltr' id='par_1_81' title="bbox 2217 3375 3298 3475">
     <span class='ocr_line' id='line_1_82' title="bbox 2217 3375 3298 3475; baseline -0.003 -43"><span class='ocrx_word' id='word_1_525' title='bbox 2217 3375 2469 3445; x_wconf 84' lang='lat' dir='ltr'><strong>Oportere</strong></span> <span class='ocrx_word' id='word_1_526' title='bbox 2500 3377 2827 3475; x_wconf 56' lang='lat' dir='ltr'><strong>sacerdotem</strong></span> <span class='ocrx_word' id='word_1_527' title='bbox 2867 3376 3134 3429; x_wconf 81' lang='lat' dir='ltr'><strong>lucernam</strong></span> <span class='ocrx_word' id='word_1_528' title='bbox 3170 3392 3298 3430; x_wconf 73' lang='lat' dir='ltr'><strong>esse.</strong></span> 
     </span>
    </p>
   </div>
   <div class='ocr_carea' id='block_1_82' title="bbox 2039 3490 3544 3555">
    <p class='ocr_par' dir='ltr' id='par_1_82' title="bbox 2039 3490 3544 3555">
     <span class='ocr_line' id='line_1_83' title="bbox 2039 3490 3544 3555; baseline 0.001 -12"><span class='ocrx_word' id='word_1_529' title='bbox 2039 3490 2179 3545; x_wconf 90' lang='lat' dir='ltr'><strong>Dens</strong></span> <span class='ocrx_word' id='word_1_530' title='bbox 2210 3491 2483 3544; x_wconf 89' lang='lat' dir='ltr'><strong>Iucemam</strong></span> <span class='ocrx_word' id='word_1_531' title='bbox 2505 3530 2521 3552; x_wconf 89' lang='lat'><strong>,</strong></span> <span class='ocrx_word' id='word_1_532' title='bbox 2561 3490 2665 3544; x_wconf 91' lang='lat' dir='ltr'><strong>hoc</strong></span> <span class='ocrx_word' id='word_1_533' title='bbox 2694 3497 2779 3544; x_wconf 92' lang='lat' dir='ltr'><strong>est</strong></span> <span class='ocrx_word' id='word_1_534' title='bbox 2806 3528 2822 3552; x_wconf 93' lang='lat'><strong>,</strong></span> <span class='ocrx_word' id='word_1_535' title='bbox 2869 3490 3236 3555; x_wconf 79' lang='lat' dir='ltr'><strong>sacerdotem,</strong></span> <span class='ocrx_word' id='word_1_536' title='bbox 3279 3490 3544 3553; x_wconf 83' lang='lat' dir='ltr'><strong>accendit.</strong></span> 
     </span>
    </p>
   </div>
   <div class='ocr_carea' id='block_1_83' title="bbox 1969 3580 3545 3652">
    <p class='ocr_par' dir='ltr' id='par_1_83' title="bbox 1969 3580 3545 3652">
     <span class='ocr_line' id='line_1_84' title="bbox 1969 3580 3545 3652; baseline 0 -17"><span class='ocrx_word' id='word_1_537' title='bbox 1969 3591 2131 3651; x_wconf 88' lang='lat' dir='ltr'><strong>atque</strong></span> <span class='ocrx_word' id='word_1_538' title='bbox 2161 3581 2489 3635; x_wconf 86' lang='lat' dir='ltr'><strong>candelabro</strong></span> <span class='ocrx_word' id='word_1_539' title='bbox 2513 3582 2743 3652; x_wconf 89' lang='lat' dir='ltr'><strong>imponit</strong></span> <span class='ocrx_word' id='word_1_540' title='bbox 2760 3581 2825 3649; x_wconf 76' lang='lat'><strong>“,</strong></span> <span class='ocrx_word' id='word_1_541' title='bbox 2854 3582 2954 3637; x_wconf 88' lang='lat' dir='ltr'><strong>hoc</strong></span> <span class='ocrx_word' id='word_1_542' title='bbox 2982 3591 3088 3650; x_wconf 88' lang='lat' dir='ltr'><strong>est,</strong></span> <span class='ocrx_word' id='word_1_543' title='bbox 3121 3597 3235 3636; x_wconf 62' lang='lat' dir='ltr'><strong>sua.-</strong></span> <span class='ocrx_word' id='word_1_544' title='bbox 3265 3582 3436 3635; x_wconf 87' lang='lat' dir='ltr'><strong>lucem</strong></span> <span class='ocrx_word' id='word_1_545' title='bbox 3469 3580 3545 3635; x_wconf 83' lang='lat' dir='ltr'><strong>fe-</strong></span> 
     </span>
    </p>
   </div>
   <div class='ocr_carea' id='block_1_84' title="bbox 1969 3673 3549 3743">
    <p class='ocr_par' dir='ltr' id='par_1_84' title="bbox 1969 3673 3549 3743">
     <span class='ocr_line' id='line_1_85' title="bbox 1969 3673 3549 3743; baseline -0.001 -17"><span class='ocrx_word' id='word_1_546' title='bbox 1969 3674 2105 3727; x_wconf 83' lang='lat' dir='ltr'><strong>renti</strong></span> <span class='ocrx_word' id='word_1_547' title='bbox 2145 3674 2449 3737; x_wconf 82' lang='lat' dir='ltr'><strong>cathedrae,</strong></span> <span class='ocrx_word' id='word_1_548' title='bbox 2495 3681 2642 3726; x_wconf 84' lang='lat' dir='ltr'><strong>utet</strong></span> <span class='ocrx_word' id='word_1_549' title='bbox 2692 3675 3034 3743; x_wconf 88' lang='lat' dir='ltr'><strong>dogmatnm,</strong></span> <span class='ocrx_word' id='word_1_550' title='bbox 3079 3680 3132 3726; x_wconf 84' lang='lat' dir='ltr'><strong>et</strong></span> <span class='ocrx_word' id='word_1_551' title='bbox 3165 3674 3434 3726; x_wconf 89' lang='lat' dir='ltr'><strong>actionum</strong></span> <span class='ocrx_word' id='word_1_552' title='bbox 3482 3673 3549 3725; x_wconf 89' lang='lat' dir='ltr'><strong>ab</strong></span> 
     </span>
    </p>
   </div>
   <div class='ocr_carea' id='block_1_85' title="bbox 1968 3763 3546 3832">
    <p class='ocr_par' dir='ltr' id='par_1_85' title="bbox 1968 3763 3546 3832">
     <span class='ocr_line' id='line_1_86' title="bbox 1968 3763 3546 3832; baseline -0.001 -14"><span class='ocrx_word' id='word_1_553' title='bbox 1968 3763 2113 3818; x_wconf 90' lang='lat' dir='ltr'><strong>omni</strong></span> <span class='ocrx_word' id='word_1_554' title='bbox 2172 3764 2401 3832; x_wconf 81' lang='lat' dir='ltr'><strong>caligine</strong></span> <span class='ocrx_word' id='word_1_555' title='bbox 2468 3765 2759 3818; x_wconf 89' lang='lat' dir='ltr'><strong>liberarum</strong></span> <span class='ocrx_word' id='word_1_556' title='bbox 2794 3804 2809 3828; x_wconf 95' lang='lat'><strong>,</strong></span> <span class='ocrx_word' id='word_1_557' title='bbox 2882 3765 3224 3832; x_wconf 89' lang='lat' dir='ltr'><strong>splendorem</strong></span> <span class='ocrx_word' id='word_1_558' title='bbox 3275 3763 3546 3828; x_wconf 61' lang='lat' dir='ltr'><strong>Ecclesia),</strong></span> 
     </span>
    </p>
   </div>
   <div class='ocr_carea' id='block_1_86' title="bbox 1970 3854 3549 3925">
    <p class='ocr_par' dir='ltr' id='par_1_86' title="bbox 1970 3854 3549 3925">
     <span class='ocr_line' id='line_1_87' title="bbox 1970 3854 3549 3925; baseline -0.003 -16"><span class='ocrx_word' id='word_1_559' title='bbox 1970 3854 2214 3925; x_wconf 67' lang='lat' dir='ltr'><strong>fulgetra:</strong></span> <span class='ocrx_word' id='word_1_560' title='bbox 2265 3858 2470 3921; x_wconf 87' lang='lat' dir='ltr'><strong>instar,</strong></span> <span class='ocrx_word' id='word_1_561' title='bbox 2530 3856 2720 3909; x_wconf 80' lang='lat' dir='ltr'><strong>aIIerat</strong></span> <span class='ocrx_word' id='word_1_562' title='bbox 2765 3870 2780 3908; x_wconf 89' lang='lat'><strong>:</strong></span> <span class='ocrx_word' id='word_1_563' title='bbox 2834 3872 2940 3925; x_wconf 91' lang='lat' dir='ltr'><strong>quo</strong></span> <span class='ocrx_word' id='word_1_564' title='bbox 2997 3857 3247 3909; x_wconf 89' lang='lat' dir='ltr'><strong>nimirum</strong></span> <span class='ocrx_word' id='word_1_565' title='bbox 3284 3855 3433 3923; x_wconf 88' lang='lat' dir='ltr'><strong>plebs</strong></span> <span class='ocrx_word' id='word_1_566' title='bbox 3470 3855 3549 3906; x_wconf 86' lang='lat' dir='ltr'><strong>vi-</strong></span> 
     </span>
    </p>
   </div>
   <div class='ocr_carea' id='block_1_87' title="bbox 1968 3945 3546 4016">
    <p class='ocr_par' dir='ltr' id='par_1_87' title="bbox 1968 3945 3546 4016">
     <span class='ocr_line' id='line_1_88' title="bbox 1968 3945 3546 4016; baseline 0 -18"><span class='ocrx_word' id='word_1_567' title='bbox 1968 3946 2111 4000; x_wconf 79' lang='lat' dir='ltr'><strong>vitici</strong></span> <span class='ocrx_word' id='word_1_568' title='bbox 2159 3945 2383 4014; x_wconf 80' lang='lat' dir='ltr'><strong>fulgoris</strong></span> <span class='ocrx_word' id='word_1_569' title='bbox 2418 3947 2601 4002; x_wconf 89' lang='lat' dir='ltr'><strong>radios</strong></span> <span class='ocrx_word' id='word_1_570' title='bbox 2646 3957 2898 4016; x_wconf 88' lang='lat' dir='ltr'><strong>spectans</strong></span> <span class='ocrx_word' id='word_1_571' title='bbox 2920 3987 2936 4013; x_wconf 89' lang='lat'><strong>,</strong></span> <span class='ocrx_word' id='word_1_572' title='bbox 2968 3948 3033 4001; x_wconf 90' lang='lat' dir='ltr'><strong>ad</strong></span> <span class='ocrx_word' id='word_1_573' title='bbox 3067 3961 3159 4000; x_wconf 91' lang='lat' dir='ltr'><strong>eos</strong></span> <span class='ocrx_word' id='word_1_574' title='bbox 3185 3961 3303 3999; x_wconf 88' lang='lat' dir='ltr'><strong>sese</strong></span> <span class='ocrx_word' id='word_1_575' title='bbox 3328 3946 3546 4014; x_wconf 82' lang='lat' dir='ltr'><strong>dirigat,</strong></span> 
     </span>
    </p>
   </div>
   <div class='ocr_carea' id='block_1_88' title="bbox 1969 4036 3551 4109">
    <p class='ocr_par' dir='ltr' id='par_1_88' title="bbox 1969 4036 3551 4109">
     <span class='ocr_line' id='line_1_89' title="bbox 1969 4036 3551 4109; baseline 0.001 -21"><span class='ocrx_word' id='word_1_576' title='bbox 1969 4036 2255 4106; x_wconf 83' lang='lat' dir='ltr'><strong>Patrisque</strong></span> <span class='ocrx_word' id='word_1_577' title='bbox 2310 4038 2571 4091; x_wconf 88' lang='lat' dir='ltr'><strong>luminum</strong></span> <span class='ocrx_word' id='word_1_578' title='bbox 2604 4040 2829 4108; x_wconf 79' lang='lat' dir='ltr'><strong>gloriam</strong></span> <span class='ocrx_word' id='word_1_579' title='bbox 2886 4039 3159 4109; x_wconf 63' lang='lat' dir='ltr'><strong>praedicet.</strong></span> <span class='ocrx_word' id='word_1_580' title='bbox 3206 4037 3383 4092; x_wconf 86' lang='lat' dir='ltr'><strong>Habes</strong></span> <span class='ocrx_word' id='word_1_581' title='bbox 3426 4037 3551 4091; x_wconf 81' lang='lat' dir='ltr'><strong>bre-</strong></span> 
     </span>
    </p>
   </div>
   <div class='ocr_carea' id='block_1_89' title="bbox 1973 4130 3404 4198">
    <p class='ocr_par' dir='ltr' id='par_1_89' title="bbox 1973 4130 3404 4198">
     <span class='ocr_line' id='line_1_90' title="bbox 1973 4130 3404 4198; baseline 0.003 -19"><span class='ocrx_word' id='word_1_582' title='bbox 1973 4143 2088 4182; x_wconf 70' lang='lat' dir='ltr'><strong>rem</strong></span> <span class='ocrx_word' id='word_1_583' title='bbox 2128 4144 2351 4197; x_wconf 85' lang='lat' dir='ltr'><strong>eorum,</strong></span> <span class='ocrx_word' id='word_1_584' title='bbox 2381 4144 2501 4198; x_wconf 75' lang='lat' dir='ltr'><strong>qua:</strong></span> <span class='ocrx_word' id='word_1_585' title='bbox 2544 4139 2892 4198; x_wconf 88' lang='lat' dir='ltr'><strong>percontatus</strong></span> <span class='ocrx_word' id='word_1_586' title='bbox 2929 4146 3015 4191; x_wconf 85' lang='lat' dir='ltr'><strong>es,</strong></span> <span class='ocrx_word' id='word_1_587' title='bbox 3060 4130 3404 4183; x_wconf 74' lang='lat' dir='ltr'><strong>solutionem.</strong></span> 
     </span>
    </p>
   </div>
   <div class='ocr_carea' id='block_1_90' title="bbox 2378 4240 3141 4297">
    <p class='ocr_par' dir='ltr' id='par_1_90' title="bbox 2378 4240 3141 4297">
     <span class='ocr_line' id='line_1_91' title="bbox 2378 4240 3141 4297; baseline 0 -3"><span class='ocrx_word' id='word_1_588' title='bbox 2378 4240 2619 4295; x_wconf 81' lang='lat' dir='ltr'>XXXIII.</span> <span class='ocrx_word' id='word_1_589' title='bbox 2648 4272 2717 4282; x_wconf 65' lang='grc' dir='ltr'><strong>ι·-</strong></span> <span class='ocrx_word' id='word_1_590' title='bbox 2750 4242 3141 4297; x_wconf 66' lang='lat' dir='ltr'>PRUNICIIIO.</span> 
     </span>
    </p>
   </div>
   <div class='ocr_carea' id='block_1_91' title="bbox 1901 4330 3549 4407">
    <p class='ocr_par' dir='ltr' id='par_1_91' title="bbox 1901 4330 3549 4407">
     <span class='ocr_line' id='line_1_92' title="bbox 1901 4330 3549 4407; baseline 0.003 -22"><span class='ocrx_word' id='word_1_591' title='bbox 1901 4354 1943 4407; x_wconf 77' lang='grc' dir='ltr'><strong>ι)</strong></span> <span class='ocrx_word' id='word_1_592' title='bbox 1974 4330 2081 4385; x_wconf 87' lang='lat' dir='ltr'><strong>Cur</strong></span> <span class='ocrx_word' id='word_1_593' title='bbox 2104 4333 2239 4387; x_wconf 85' lang='lat' dir='ltr'><strong>inter</strong></span> <span class='ocrx_word' id='word_1_594' title='bbox 2260 4341 2411 4387; x_wconf 75' lang='lat' dir='ltr'><strong>natos</strong></span> <span class='ocrx_word' id='word_1_595' title='bbox 2435 4334 2711 4407; x_wconf 69' lang='lat' dir='ltr'><strong>mulierum</strong></span> <span class='ocrx_word' id='word_1_596' title='bbox 2747 4352 2847 4407; x_wconf 81' lang='lat' dir='ltr'><strong>non</strong></span> <span class='ocrx_word' id='word_1_597' title='bbox 2871 4339 3091 4389; x_wconf 71' lang='lat' dir='ltr'><strong>surrexit</strong></span> <span class='ocrx_word' id='word_1_598' title='bbox 3121 4336 3289 4401; x_wconf 81' lang='lat' dir='ltr'><strong>maior</strong></span> <span class='ocrx_word' id='word_1_599' title='bbox 3309 4336 3549 4401; x_wconf 81' lang='lat' dir='ltr'><strong>Joanne;</strong></span> 
     </span>
    </p>
   </div>
   <div class='ocr_carea' id='block_1_92' title="bbox 2356 4404 3173 4474">
    <p class='ocr_par' dir='ltr' id='par_1_92' title="bbox 2356 4404 3173 4474">
     <span class='ocr_line' id='line_1_93' title="bbox 2356 4404 3173 4474; baseline 0.004 -19"><span class='ocrx_word' id='word_1_600' title='bbox 2356 4404 2710 4474; x_wconf 80' lang='lat' dir='ltr'><strong>quidnamque</strong></span> <span class='ocrx_word' id='word_1_601' title='bbox 2737 4405 2857 4472; x_wconf 78' lang='lat' dir='ltr'><strong>plus</strong></span> <span class='ocrx_word' id='word_1_602' title='bbox 2892 4416 2969 4458; x_wconf 82' lang='lat' dir='ltr'><strong>est</strong></span> <span class='ocrx_word' id='word_1_603' title='bbox 3005 4408 3060 4457; x_wconf 79' lang='lat' dir='ltr'><strong>in</strong></span> <span class='ocrx_word' id='word_1_604' title='bbox 3099 4424 3173 4458; x_wconf 82' lang='lat' dir='ltr'><strong>co.</strong></span> 
     </span>
    </p>
   </div>
   <div class='ocr_carea' id='block_1_93' title="bbox 2047 4573 3550 4644">
    <p class='ocr_par' dir='ltr' id='par_1_93' title="bbox 2047 4573 3550 4644">
     <span class='ocr_line' id='line_1_94' title="bbox 2047 4573 3550 4644; baseline 0.003 -17"><span class='ocrx_word' id='word_1_605' title='bbox 2047 4573 2157 4627; x_wconf 88' lang='lat' dir='ltr'><strong>Cur</strong></span> <span class='ocrx_word' id='word_1_606' title='bbox 2198 4573 2369 4644; x_wconf 88' lang='lat' dir='ltr'><strong>major</strong></span> <span class='ocrx_word' id='word_1_607' title='bbox 2404 4574 2545 4629; x_wconf 90' lang='lat' dir='ltr'><strong>inter</strong></span> <span class='ocrx_word' id='word_1_608' title='bbox 2587 4588 2739 4631; x_wconf 89' lang='lat' dir='ltr'><strong>natos</strong></span> <span class='ocrx_word' id='word_1_609' title='bbox 2780 4578 3064 4632; x_wconf 88' lang='lat' dir='ltr'><strong>mulierum</strong></span> <span class='ocrx_word' id='word_1_610' title='bbox 3112 4577 3348 4631; x_wconf 80' lang='lat' dir='ltr'><strong>Joannes</strong></span> <span class='ocrx_word' id='word_1_611' title='bbox 3376 4577 3550 4632; x_wconf 88' lang='lat' dir='ltr'><strong>dictus</strong></span> 
     </span>
    </p>
   </div>
   <div class='ocr_carea' id='block_1_94' title="bbox 1038 4715 2620 4785">
    <p class='ocr_par' dir='ltr' id='par_1_94' title="bbox 1038 4715 2620 4785">
     <span class='ocr_line' id='line_1_95' title="bbox 1038 4715 2620 4785; baseline 0.004 -17"><span class='ocrx_word' id='word_1_612' title='bbox 1038 4717 1079 4747; x_wconf 78' lang='lat'>&quot;</span> <span class='ocrx_word' id='word_1_613' title='bbox 1114 4715 1254 4768; x_wconf 75' lang='lat' dir='ltr'><strong>Psal.</strong></span> <span class='ocrx_word' id='word_1_614' title='bbox 1295 4731 1423 4780; x_wconf 76' lang='lat' dir='ltr'><strong>Lvn,</strong></span> <span class='ocrx_word' id='word_1_615' title='bbox 1455 4716 1508 4769; x_wconf 82' lang='lat'><strong>5.</strong></span> <span class='ocrx_word' id='word_1_616' title='bbox 1579 4715 1623 4747; x_wconf 79' lang='lat'><strong>&quot;</strong></span> <span class='ocrx_word' id='word_1_617' title='bbox 1648 4715 1845 4772; x_wconf 86' lang='lat' dir='ltr'><strong>Genes.</strong></span> <span class='ocrx_word' id='word_1_618' title='bbox 1883 4718 2059 4783; x_wconf 69' lang='lat'><strong>&quot;1,12.</strong></span> <span class='ocrx_word' id='word_1_619' title='bbox 2137 4719 2183 4750; x_wconf 80' lang='grc'><strong>⁸³</strong></span> <span class='ocrx_word' id='word_1_620' title='bbox 2216 4720 2403 4774; x_wconf 82' lang='lat' dir='ltr'><strong>Matth.</strong></span> <span class='ocrx_word' id='word_1_621' title='bbox 2445 4738 2494 4785; x_wconf 78' lang='grc' dir='ltr'><strong>ν,</strong></span> <span class='ocrx_word' id='word_1_622' title='bbox 2538 4723 2620 4775; x_wconf 77' lang='grc' dir='ltr'><strong>Η.</strong></span> 
     </span>
    </p>
   </div>
   <div class='ocr_carea' id='block_1_95' title="bbox 1363 4866 2420 4927">
    <p class='ocr_par' dir='ltr' id='par_1_95' title="bbox 1363 4866 2420 4927">
     <span class='ocr_line' id='line_1_96' title="bbox 1363 4866 2420 4927; baseline 0.008 -8"><span class='ocrx_word' id='word_1_623' title='bbox 1363 4866 1600 4921; x_wconf 66' lang='grc' dir='ltr'><strong>ΥΑῐὶΙΑΞ</strong></span> <span class='ocrx_word' id='word_1_624' title='bbox 1642 4867 2025 4925; x_wconf 77' lang='lat' dir='ltr'><strong>LECTIONES</strong></span> <span class='ocrx_word' id='word_1_625' title='bbox 2062 4872 2149 4925; x_wconf 81' lang='grc' dir='ltr'><strong>ΕΤ</strong></span> <span class='ocrx_word' id='word_1_626' title='bbox 2189 4871 2420 4927; x_wconf 60' lang='lat' dir='ltr'><strong>NOTAE.</strong></span> 
     </span>
    </p>
   </div>
   <div class='ocr_carea' id='block_1_96' title="bbox 356 5027 1864 5103">
    <p class='ocr_par' dir='ltr' id='par_1_96' title="bbox 356 5027 1864 5103">
     <span class='ocr_line' id='line_1_97' title="bbox 356 5027 1864 5103; baseline -0.006 -12"><span class='ocrx_word' id='word_1_627' title='bbox 356 5032 479 5103; x_wconf 81' lang='grc'><strong>,(⁸50)</strong></span> <span class='ocrx_word' id='word_1_628' title='bbox 507 5032 683 5103; x_wconf 87' lang='lat' dir='ltr'><strong>Codd.</strong></span> <span class='ocrx_word' id='word_1_629' title='bbox 720 5030 839 5085; x_wconf 65' lang='lat' dir='ltr'><strong>Vat.</strong></span> <span class='ocrx_word' id='word_1_630' title='bbox 872 5028 1085 5103; x_wconf 43' lang='grc' dir='ltr'>ρι-ᾼιι.</span> <span class='ocrx_word' id='word_1_631' title='bbox 1120 5027 1382 5103; x_wconf 66' lang='grc' dir='ltr'>νήψωσιν,</span> <span class='ocrx_word' id='word_1_632' title='bbox 1424 5027 1500 5103; x_wconf 87' lang='lat' dir='ltr'><strong>u_ti</strong></span> <span class='ocrx_word' id='word_1_633' title='bbox 1546 5035 1600 5080; x_wconf 89' lang='lat' dir='ltr'><strong>et</strong></span> <span class='ocrx_word' id='word_1_634' title='bbox 1632 5041 1773 5103; x_wconf 80' lang='lat' dir='ltr'><strong>vers.</strong></span> <span class='ocrx_word' id='word_1_635' title='bbox 1809 5027 1864 5103; x_wconf 65' lang='lat' dir='ltr'><strong>ti,</strong></span> 
     </span>
    </p>
   </div>
   <div class='ocr_carea' id='block_1_97' title="bbox 288 5098 1866 5175">
    <p class='ocr_par' dir='ltr' id='par_1_97' title="bbox 288 5098 1866 5175">
     <span class='ocr_line' id='line_1_98' title="bbox 288 5098 1866 5175; baseline -0.004 -19"><span class='ocrx_word' id='word_1_636' title='bbox 288 5098 533 5175; x_wconf 78' lang='grc' dir='ltr'>βύσωσιν</span> <span class='ocrx_word' id='word_1_637' title='bbox 566 5102 894 5175; x_wconf 64' lang='lat' dir='ltr'><strong>habentpro</strong></span> <span class='ocrx_word' id='word_1_638' title='bbox 935 5098 1207 5175; x_wconf 64' lang='grc' dir='ltr'>βυσουσιν.</span> <span class='ocrx_word' id='word_1_639' title='bbox 1257 5098 1408 5175; x_wconf 64' lang='lat' dir='ltr'><strong>Y_crs.</strong></span> <span class='ocrx_word' id='word_1_640' title='bbox 1442 5098 1493 5175; x_wconf 78' lang='lat'><strong>_7,</strong></span> <span class='ocrx_word' id='word_1_641' title='bbox 1525 5111 1622 5164; x_wconf 92' lang='lat' dir='ltr'><strong>pro</strong></span> <span class='ocrx_word' id='word_1_642' title='bbox 1660 5098 1734 5175; x_wconf 69' lang='grc' dir='ltr'><strong>μὴ</strong></span> <span class='ocrx_word' id='word_1_643' title='bbox 1768 5098 1866 5168; x_wconf 76' lang='grc' dir='ltr'><strong>μόο</strong></span> 
     </span>
    </p>
   </div>
   <div class='ocr_carea' id='block_1_98' title="bbox 282 5166 1867 5243">
    <p class='ocr_par' dir='ltr' id='par_1_98' title="bbox 282 5166 1867 5243">
     <span class='ocr_line' id='line_1_99' title="bbox 282 5166 1867 5243; baseline -0.006 -13"><span class='ocrx_word' id='word_1_644' title='bbox 282 5166 388 5230; x_wconf 65' lang='grc' dir='ltr'><strong>νον</strong></span> <span class='ocrx_word' id='word_1_645' title='bbox 420 5175 565 5243; x_wconf 66' lang='grc' dir='ltr'>φωνῇ</span> <span class='ocrx_word' id='word_1_646' title='bbox 612 5173 719 5243; x_wconf 69' lang='lat' dir='ltr'><strong>duo</strong></span> <span class='ocrx_word' id='word_1_647' title='bbox 752 5166 826 5224; x_wconf 84' lang='lat' dir='ltr'><strong>illi</strong></span> <span class='ocrx_word' id='word_1_648' title='bbox 859 5166 1013 5243; x_wconf 65' lang='lat' dir='ltr'><strong>codd.</strong></span> <span class='ocrx_word' id='word_1_649' title='bbox 1051 5167 1419 5243; x_wconf 44' lang='lat' dir='ltr'><strong>congorditep</strong></span> <span class='ocrx_word' id='word_1_650' title='bbox 1442 5166 1627 5243; x_wconf 78' lang='lat' dir='ltr'><strong>legunt</strong></span> <span class='ocrx_word' id='word_1_651' title='bbox 1669 5166 1867 5243; x_wconf 48' lang='grc' dir='ltr'>μήπως</span> 
     </span>
    </p>
   </div>
   <div class='ocr_carea' id='block_1_99' title="bbox 288 5236 1873 5316">
    <p class='ocr_par' dir='ltr' id='par_1_99' title="bbox 288 5236 1873 5316">
     <span class='ocr_line' id='line_1_100' title="bbox 288 5236 1873 5316; baseline -0.006 -19"><span class='ocrx_word' id='word_1_652' title='bbox 288 5236 441 5316; x_wconf 63' lang='grc' dir='ltr'>μόνη</span> <span class='ocrx_word' id='word_1_653' title='bbox 470 5236 644 5316; x_wconf 72' lang='grc' dir='ltr'>φωνῇ.</span> <span class='ocrx_word' id='word_1_654' title='bbox 677 5241 831 5294; x_wconf 82' lang='lat' dir='ltr'><strong>Vers.</strong></span> <span class='ocrx_word' id='word_1_655' title='bbox 872 5240 904 5292; x_wconf 87' lang='lat'>8</span> <span class='ocrx_word' id='word_1_656' title='bbox 935 5238 1181 5316; x_wconf 80' lang='lat' dir='ltr'><strong>sequenti</strong></span> <span class='ocrx_word' id='word_1_657' title='bbox 1226 5239 1329 5316; x_wconf 80' lang='lat' dir='ltr'><strong>duo</strong></span> <span class='ocrx_word' id='word_1_658' title='bbox 1367 5236 1455 5289; x_wconf 90' lang='lat' dir='ltr'><strong>illa</strong></span> <span class='ocrx_word' id='word_1_659' title='bbox 1487 5236 1873 5316; x_wconf 74' lang='lat' dir='ltr'><strong>verba_dt86x:-</strong></span> 
     </span>
    </p>
   </div>
   <div class='ocr_carea' id='block_1_100' title="bbox 287 5306 1874 5386">
    <p class='ocr_par' dir='ltr' id='par_1_100' title="bbox 287 5306 1874 5386">
     <span class='ocr_line' id='line_1_101' title="bbox 287 5306 1874 5386; baseline -0.006 -18"><span class='ocrx_word' id='word_1_660' title='bbox 287 5306 529 5386; x_wconf 52' lang='grc' dir='ltr'>ᾖσς”καὶ</span> <span class='ocrx_word' id='word_1_661' title='bbox 578 5306 775 5386; x_wconf 79' lang='lat' dir='ltr'><strong>absunt</strong></span> <span class='ocrx_word' id='word_1_662' title='bbox 813 5324 849 5363; x_wconf 81' lang='lat' dir='ltr'><strong>a</strong></span> <span class='ocrx_word' id='word_1_663' title='bbox 886 5310 1012 5386; x_wconf 84' lang='lat' dir='ltr'><strong>_cod.</strong></span> <span class='ocrx_word' id='word_1_664' title='bbox 1062 5307 1281 5386; x_wconf 52' lang='lat' dir='ltr'><strong>{\_lt.__|n</strong></span> <span class='ocrx_word' id='word_1_665' title='bbox 1322 5306 1735 5386; x_wconf 58' lang='lat' dir='ltr'><strong>vers.penu_lt._</strong></span> <span class='ocrx_word' id='word_1_666' title='bbox 1778 5322 1874 5375; x_wconf 90' lang='lat' dir='ltr'><strong>pro</strong></span> 
     </span>
    </p>
   </div>
   <div class='ocr_carea' id='block_1_101' title="bbox 284 5375 1873 5453">
    <p class='ocr_par' dir='ltr' id='par_1_101' title="bbox 284 5375 1873 5453">
     <span class='ocr_line' id='line_1_102' title="bbox 284 5375 1873 5453; baseline -0.005 -16"><span class='ocrx_word' id='word_1_667' title='bbox 284 5375 770 5453; x_wconf 47' lang='grc' dir='ltr'>ἀπηγορευμένων</span> <span class='ocrx_word' id='word_1_668' title='bbox 796 5379 954 5432; x_wconf 88' lang='lat' dir='ltr'><strong>ambo</strong></span> <span class='ocrx_word' id='word_1_669' title='bbox 979 5380 1137 5433; x_wconf 86' lang='lat' dir='ltr'><strong>codd.</strong></span> <span class='ocrx_word' id='word_1_670' title='bbox 1170 5376 1290 5429; x_wconf 77' lang='lat' dir='ltr'><strong>Vat.</strong></span> <span class='ocrx_word' id='word_1_671' title='bbox 1319 5375 1421 5430; x_wconf 69' lang='lat'><strong>049</strong></span> <span class='ocrx_word' id='word_1_672' title='bbox 1443 5384 1498 5429; x_wconf 88' lang='lat' dir='ltr'><strong>et</strong></span> <span class='ocrx_word' id='word_1_673' title='bbox 1518 5376 1627 5429; x_wconf 84' lang='lat' dir='ltr'><strong>Alt.</strong></span> <span class='ocrx_word' id='word_1_674' title='bbox 1652 5375 1873 5440; x_wconf 85' lang='lat' dir='ltr'><strong>habent,</strong></span> 
     </span>
    </p>
   </div>
   <div class='ocr_carea' id='block_1_102' title="bbox 284 5450 937 5521">
    <p class='ocr_par' dir='ltr' id='par_1_102' title="bbox 284 5450 937 5521">
     <span class='ocr_line' id='line_1_103' title="bbox 284 5450 937 5521; baseline -0.015 -11"><span class='ocrx_word' id='word_1_675' title='bbox 284 5450 701 5521; x_wconf 74' lang='grc' dir='ltr'>ἀπειρημένων.</span> <span class='ocrx_word' id='word_1_676' title='bbox 726 5450 937 5521; x_wconf 68' lang='lat' dir='ltr'><strong>Possm.</strong></span> 
     </span>
    </p>
   </div>
   <div class='ocr_carea' id='block_1_103' title="bbox 371 5514 1876 5592">
    <p class='ocr_par' dir='ltr' id='par_1_103' title="bbox 371 5514 1876 5592">
     <span class='ocr_line' id='line_1_104' title="bbox 371 5514 1876 5592; baseline -0.003 -18"><span class='ocrx_word' id='word_1_677' title='bbox 371 5514 629 5592; x_wconf 42' lang='lat' dir='ltr'><strong>(&quot;SH-&#39;Pro</strong></span> <span class='ocrx_word' id='word_1_678' title='bbox 661 5518 897 5587; x_wconf 80' lang='grc' dir='ltr'>ζωτικῆς</span> <span class='ocrx_word' id='word_1_679' title='bbox 938 5518 1097 5573; x_wconf 89' lang='lat' dir='ltr'><strong>codd.</strong></span> <span class='ocrx_word' id='word_1_680' title='bbox 1146 5517 1270 5570; x_wconf 77' lang='lat' dir='ltr'><strong>Val.</strong></span> <span class='ocrx_word' id='word_1_681' title='bbox 1304 5514 1406 5569; x_wconf 62' lang='grc'><strong>649</strong></span> <span class='ocrx_word' id='word_1_682' title='bbox 1447 5525 1501 5571; x_wconf 92' lang='lat' dir='ltr'><strong>et</strong></span> <span class='ocrx_word' id='word_1_683' title='bbox 1530 5515 1638 5570; x_wconf 84' lang='lat' dir='ltr'><strong>All.</strong></span> <span class='ocrx_word' id='word_1_684' title='bbox 1676 5516 1876 5571; x_wconf 76' lang='lat' dir='ltr'><strong>liabe&quot;&#39;</strong></span> 
     </span>
    </p>
   </div>
   <div class='ocr_carea' id='block_1_104' title="bbox 286 5592 720 5660">
    <p class='ocr_par' dir='ltr' id='par_1_104' title="bbox 286 5592 720 5660">
     <span class='ocr_line' id='line_1_105' title="bbox 286 5592 720 5660; baseline -0.009 -13"><span class='ocrx_word' id='word_1_685' title='bbox 286 5594 478 5660; x_wconf 71' lang='grc' dir='ltr'>ζωῆς,</span> <span class='ocrx_word' id='word_1_686' title='bbox 512 5592 720 5645; x_wconf 72' lang='lat' dir='ltr'><strong>Possm.</strong></span> 
     </span>
    </p>
   </div>
   <div class='ocr_carea' id='block_1_105' title="bbox 627 5677 1435 5746">
    <p class='ocr_par' dir='ltr' id='par_1_105' title="bbox 627 5677 1435 5746">
     <span class='ocr_line' id='line_1_106' title="bbox 627 5677 1435 5746; baseline -0.007 -1"><span class='ocrx_word' id='word_1_687' title='bbox 627 5688 896 5746; x_wconf 70' lang='grc' dir='ltr'>ΡΑτειοι..</span> <span class='ocrx_word' id='word_1_688' title='bbox 946 5682 1059 5742; x_wconf 84' lang='lat' dir='ltr'><strong>Gn.</strong></span> <span class='ocrx_word' id='word_1_689' title='bbox 1108 5677 1435 5742; x_wconf 79' lang='lat' dir='ltr'>LXXVIII.</span> 
     </span>
    </p>
   </div>
   <div class='ocr_carea' id='block_1_106' title="bbox 2048 5030 3555 5102">
    <p class='ocr_par' dir='ltr' id='par_1_106' title="bbox 2048 5030 3555 5102">
     <span class='ocr_line' id='line_1_107' title="bbox 2048 5030 3555 5102; baseline 0.005 -17"><span class='ocrx_word' id='word_1_690' title='bbox 2048 5031 2157 5101; x_wconf 74' lang='lat'><strong>(52)</strong></span> <span class='ocrx_word' id='word_1_691' title='bbox 2209 5030 2528 5087; x_wconf 88' lang='lat' dir='ltr'><strong>luscribitur</strong></span> <span class='ocrx_word' id='word_1_692' title='bbox 2585 5033 2698 5085; x_wconf 77' lang='lat' dir='ltr'><strong>hmo</strong></span> <span class='ocrx_word' id='word_1_693' title='bbox 2732 5032 2960 5102; x_wconf 88' lang='lat' dir='ltr'><strong>epistola</strong></span> <span class='ocrx_word' id='word_1_694' title='bbox 3012 5032 3065 5086; x_wconf 90' lang='lat' dir='ltr'><strong>in</strong></span> <span class='ocrx_word' id='word_1_695' title='bbox 3110 5035 3227 5089; x_wconf 92' lang='lat' dir='ltr'><strong>cod.</strong></span> <span class='ocrx_word' id='word_1_696' title='bbox 3280 5035 3389 5091; x_wconf 82' lang='lat' dir='ltr'><strong>Alt.</strong></span> <span class='ocrx_word' id='word_1_697' title='bbox 3452 5054 3555 5093; x_wconf 89' lang='lat' dir='ltr'><strong>non</strong></span> 
     </span>
    </p>
   </div>
   <div class='ocr_carea' id='block_1_107' title="bbox 1977 5102 3000 5173">
    <p class='ocr_par' dir='ltr' id='par_1_107' title="bbox 1977 5102 3000 5173">
     <span class='ocr_line' id='line_1_108' title="bbox 1977 5102 3000 5173; baseline 0.004 -21"><span class='ocrx_word' id='word_1_698' title='bbox 1977 5102 2302 5173; x_wconf 81' lang='grc' dir='ltr'>Προυνιχίῳ,</span> <span class='ocrx_word' id='word_1_699' title='bbox 2328 5104 2435 5173; x_wconf 67' lang='lat' dir='ltr'><strong>sed</strong></span> <span class='ocrx_word' id='word_1_700' title='bbox 2467 5102 2761 5172; x_wconf 81' lang='grc' dir='ltr'>Πρυνιχίῳ.</span> <span class='ocrx_word' id='word_1_701' title='bbox 2798 5103 3000 5156; x_wconf 72' lang='lat' dir='ltr'><strong>Possm.</strong></span> 
     </span>
    </p>
   </div>
   <div class='ocr_carea' id='block_1_108' title="bbox 2054 5171 2625 5241">
    <p class='ocr_par' dir='ltr' id='par_1_108' title="bbox 2054 5171 2625 5241">
     <span class='ocr_line' id='line_1_109' title="bbox 2054 5171 2625 5241; baseline 0.002 -16"><span class='ocrx_word' id='word_1_702' title='bbox 2054 5173 2166 5241; x_wconf 77' lang='grc'>(55)</span> <span class='ocrx_word' id='word_1_703' title='bbox 2204 5171 2293 5227; x_wconf 74' lang='lat' dir='ltr'><strong>Sic</strong></span> <span class='ocrx_word' id='word_1_704' title='bbox 2326 5171 2575 5237; x_wconf 71' lang='lat' dir='ltr'><strong>Virgiliits</strong></span> <span class='ocrx_word' id='word_1_705' title='bbox 2612 5190 2625 5226; x_wconf 90' lang='lat'>:</span> 
     </span>
    </p>
   </div>
   <div class='ocr_carea' id='block_1_109' title="bbox 2084 5242 3553 5311">
    <p class='ocr_par' dir='ltr' id='par_1_109' title="bbox 2084 5242 3553 5311">
     <span class='ocr_line' id='line_1_110' title="bbox 2084 5242 3553 5311; baseline 0.004 -18"><span class='ocrx_word' id='word_1_706' title='bbox 2084 5244 2203 5311; x_wconf 83' lang='lat' dir='ltr'><strong>Stat</strong></span> <span class='ocrx_word' id='word_1_707' title='bbox 2233 5259 2329 5295; x_wconf 76' lang='lat' dir='ltr'><strong>sua</strong></span> <span class='ocrx_word' id='word_1_708' title='bbox 2348 5244 2531 5310; x_wconf 84' lang='lat' dir='ltr'><strong>cuique</strong></span> <span class='ocrx_word' id='word_1_709' title='bbox 2563 5244 2672 5295; x_wconf 81' lang='lat' dir='ltr'><strong>dies</strong></span> <span class='ocrx_word' id='word_1_710' title='bbox 2696 5258 2714 5295; x_wconf 90' lang='lat'><strong><em>:</em></strong></span> <span class='ocrx_word' id='word_1_711' title='bbox 2740 5242 2888 5295; x_wconf 75' lang='lat' dir='ltr'><strong>breve</strong></span> <span class='ocrx_word' id='word_1_712' title='bbox 2915 5250 2962 5296; x_wconf 84' lang='lat' dir='ltr'><strong>et</strong></span> <span class='ocrx_word' id='word_1_713' title='bbox 2987 5244 3330 5311; x_wconf 81' lang='lat' dir='ltr'><strong>irreparabile</strong></span> <span class='ocrx_word' id='word_1_714' title='bbox 3354 5255 3553 5311; x_wconf 72' lang='lat' dir='ltr'><strong>tempus</strong></span> 
     </span>
    </p>
   </div>
   <div class='ocr_carea' id='block_1_110' title="bbox 2083 5310 3507 5381">
    <p class='ocr_par' dir='ltr' id='par_1_110' title="bbox 2083 5310 3507 5381">
     <span class='ocr_line' id='line_1_111' title="bbox 2083 5310 3507 5381; baseline 0.002 -16"><span class='ocrx_word' id='word_1_715' title='bbox 2083 5310 2338 5381; x_wconf 80' lang='lat' dir='ltr'><strong>Omnibus</strong></span> <span class='ocrx_word' id='word_1_716' title='bbox 2362 5324 2434 5363; x_wconf 83' lang='lat' dir='ltr'><strong>est</strong></span> <span class='ocrx_word' id='word_1_717' title='bbox 2466 5316 2625 5377; x_wconf 69' lang='lat' dir='ltr'><strong>vitaz;</strong></span> <span class='ocrx_word' id='word_1_718' title='bbox 2657 5313 2745 5365; x_wconf 77' lang='lat' dir='ltr'><strong>sed</strong></span> <span class='ocrx_word' id='word_1_719' title='bbox 2785 5313 2981 5379; x_wconf 79' lang='lat' dir='ltr'><strong>famam</strong></span> <span class='ocrx_word' id='word_1_720' title='bbox 3020 5310 3295 5368; x_wconf 77' lang='lat' dir='ltr'><strong>extendere</strong></span> <span class='ocrx_word' id='word_1_721' title='bbox 3325 5316 3507 5381; x_wconf 78' lang='lat' dir='ltr'><strong>factis,</strong></span> 
     </span>
    </p>
   </div>
   <div class='ocr_carea' id='block_1_111' title="bbox 2092 5380 2975 5449">
    <p class='ocr_par' dir='ltr' id='par_1_111' title="bbox 2092 5380 2975 5449">
     <span class='ocr_line' id='line_1_112' title="bbox 2092 5380 2975 5449; baseline 0.006 -17"><span class='ocrx_word' id='word_1_722' title='bbox 2092 5380 2209 5433; x_wconf 83' lang='lat' dir='ltr'><strong>Hoc</strong></span> <span class='ocrx_word' id='word_1_723' title='bbox 2250 5381 2455 5433; x_wconf 83' lang='lat' dir='ltr'><strong>virtutis</strong></span> <span class='ocrx_word' id='word_1_724' title='bbox 2487 5398 2636 5449; x_wconf 79' lang='lat' dir='ltr'><strong>Opus,</strong></span> <span class='ocrx_word' id='word_1_725' title='bbox 2671 5392 2778 5435; x_wconf 84' lang='lat' dir='ltr'><strong>etc.</strong></span> <span class='ocrx_word' id='word_1_726' title='bbox 2812 5382 2975 5437; x_wconf 79' lang='lat' dir='ltr'><strong>RtTr.</strong></span> 
     </span>
    </p>
   </div>
   <div class='ocr_carea' id='block_1_112' title="bbox 2050 5450 3559 5523">
    <p class='ocr_par' dir='ltr' id='par_1_112' title="bbox 2050 5450 3559 5523">
     <span class='ocr_line' id='line_1_113' title="bbox 2050 5450 3559 5523; baseline 0.004 -21"><span class='ocrx_word' id='word_1_727' title='bbox 2050 5480 2115 5489; x_wconf 88' lang='lat'><strong>—</strong></span> <span class='ocrx_word' id='word_1_728' title='bbox 2165 5450 2379 5523; x_wconf 75' lang='lat' dir='ltr'><strong>Titulus</strong></span> <span class='ocrx_word' id='word_1_729' title='bbox 2421 5452 2472 5503; x_wconf 91' lang='lat' dir='ltr'><strong>in</strong></span> <span class='ocrx_word' id='word_1_730' title='bbox 2510 5453 2640 5523; x_wconf 67' lang='lat' dir='ltr'><strong>lced.</strong></span> <span class='ocrx_word' id='word_1_731' title='bbox 2698 5451 2971 5506; x_wconf 78' lang='lat' dir='ltr'><strong>Sfortiano</strong></span> <span class='ocrx_word' id='word_1_732' title='bbox 3022 5454 3235 5523; x_wconf 89' lang='lat' dir='ltr'><strong>paulum</strong></span> <span class='ocrx_word' id='word_1_733' title='bbox 3296 5454 3559 5508; x_wconf 88' lang='lat' dir='ltr'><strong>diversus.</strong></span> 
     </span>
    </p>
   </div>
   <div class='ocr_carea' id='block_1_113' title="bbox 1979 5520 3558 5593">
    <p class='ocr_par' dir='ltr' id='par_1_113' title="bbox 1979 5520 3558 5593">
     <span class='ocr_line' id='line_1_114' title="bbox 1979 5520 3558 5593; baseline 0.003 -18"><span class='ocrx_word' id='word_1_734' title='bbox 1979 5530 2090 5586; x_wconf 86' lang='lat' dir='ltr'><strong>est;</strong></span> <span class='ocrx_word' id='word_1_735' title='bbox 2115 5536 2234 5573; x_wconf 89' lang='lat' dir='ltr'><strong>nam</strong></span> <span class='ocrx_word' id='word_1_736' title='bbox 2261 5520 2331 5573; x_wconf 91' lang='lat' dir='ltr'><strong>ibi</strong></span> <span class='ocrx_word' id='word_1_737' title='bbox 2358 5522 2606 5589; x_wconf 76' lang='grc' dir='ltr'>Διοφάνει</span> <span class='ocrx_word' id='word_1_738' title='bbox 2626 5524 2881 5577; x_wconf 87' lang='lat' dir='ltr'><strong>scribitur</strong></span> <span class='ocrx_word' id='word_1_739' title='bbox 2906 5540 3001 5593; x_wconf 91' lang='lat' dir='ltr'><strong>pro</strong></span> <span class='ocrx_word' id='word_1_740' title='bbox 3023 5520 3315 5593; x_wconf 67' lang='grc' dir='ltr'>Διοφάντη.</span> <span class='ocrx_word' id='word_1_741' title='bbox 3346 5524 3558 5581; x_wconf 69' lang='lat' dir='ltr'><strong>Possm.</strong></span> 
     </span>
    </p>
   </div>
   <div class='ocr_carea' id='block_1_114' title="bbox 3162 5680 3201 5739">
    <p class='ocr_par' dir='ltr' id='par_1_114' title="bbox 3162 5680 3201 5739">
     <span class='ocr_line' id='line_1_115' title="bbox 3162 5680 3201 5739; baseline 0 0"><span class='ocrx_word' id='word_1_742' title='bbox 3162 5680 3201 5739; x_wconf 83' lang='lat'><strong>7</strong></span> 
     </span>
    </p>
   </div>
  </div>
