3944 6138
429 192 535 261 203

1585 195 1643 251 S.
1686 186 1974 254 ISIDORI
2014 195 2446 258 PELUSIOT/E

3563 199 3672 264 204

431 317 524 368 εει,
555 305 784 375 quaeris,
816 311 889 365 et,
917 301 962 358 si
988 302 1249 371 propheta
1284 298 1397 370 ipse
1430 310 1580 362 erat.
1611 304 1863 369 quidnam
1899 306 1973 373 ι]

2117 307 2389 378 Ἰωάννης,
2408 307 2502 360 καὶ
2522 307 2570 359 εί
2599 308 2881 378 προφήτης
2905 309 2932 360 ὁ
2951 307 3231 376 Ἰωάννης,
3255 306 3309 360 τί
3333 302 3400 378 ἦν
3434 307 3493 360 ὲν
3518 306 3671 377 αὐτῷ

431 396 744 467 prOphetica
781 393 1036 462 dignitate
1080 390 1310 459 amplius
1357 399 1411 444 et
1453 392 1799 448 excellentius
1833 395 1998 450 hahe-

429 486 625 542 bat“?
673 485 949 554 Siquidem
1003 482 1107 536 hoc
1140 481 1402 537 Dominus
1449 482 1616 547 dixit.
1651 483 1788 538 Audi
1836 485 1998 554 igitur

2095 396 2477 468 περισσότερον
2497 399 2774 467 προφήτου
2795 415 2808 464 ;
2825 398 3046 468 Ἐπειδὴ
3061 397 3219 450 τοῦτο
3234 397 3384 466 λέγει
3399 397 3429 449 6
3441 396 3670 468 Κύριος.

2098 486 2295 538 Ἀκουε
2321 487 2500 541 τοίνυν
2528 488 2755 542 πλεῖστα
2779 490 2836 542 έν
2865 489 3067 556 ὀλίγοις
3096 506 3112 521 ν
3153 489 3355 558 μείζων
3385 492 3443 542 ὲν
3469 505 3668 558 γεννηο

430 581 615 649 paucis
657 578 835 633 verbis
876 575 1108 646 plurima
1143 591 1158 628 :
1193 575 1396 629 Idcirco
1445 575 1614 643 major
1653 576 1793 631 inter
1843 587 1973 632 nato:

2092 580 2206 640 τοῖς
2252 580 2525 646 γυναικῶν
2549 581 2579 633 6
2631 581 2900 650 Ἰωάννης,
2948 581 3134 652 ἐπειδὴ
3170 580 3231 644 ἐξ
3259 581 3429 650 αὐτῆς
3471 578 3668 649 νηδύος

431 672 714 725 mulierum
748 667 982 722 Joannes
1010 704 1026 729 ,
1076 665 1202 736 quia
1244 680 1313 721 ex
1358 666 1474 736 ipso
1510 677 1757 722 materno
1805 676 1973 721 ventri

2095 671 2366 741 μητρικῆς
2410 673 2808 744 προεφήτευσε,
2839 673 2932 726 καὶ
2963 673 3021 726 ὲν
3049 673 3230 725 σκότει
3265 667 3669 742 κρυπτόμενος,
3709 735 3722 740 _

427 762 752 816 vaticinatus
771 769 854 814 est
878 759 952 823 “,
991 769 1150 827 atque
1181 758 1231 811 in
1269 757 1504 813 tenebris
1532 758 1745 813 abditus
1769 801 1784 826 ,
1817 769 1872 814 et
1901 774 1991 814 oc-

427 851 658 905 cultatus
679 890 691 912 ,
722 849 901 904 lumen
932 888 947 912 ,
990 849 1130 918 quod
1159 858 1416 913 venerat,
1447 849 1664 903 minime
1705 849 1987 919 ignoravit.

423 941 538 997 Hoc
567 953 746 996 autem
786 942 999 994 nomine
1043 940 1332 1008 prophetas
1360 939 1667 1004 antecellit,
1699 943 1839 1008 quod
1868 956 1988 995 eum

421 1048 679 1102 quoque,
729 1034 817 1100 qui
869 1031 1308 1100 praedicebatur,
1362 1032 1415 1086 in
1460 1046 1622 1087 carne
1671 1033 1984 1101 conspexit:

419 1140 578 1192 quem
617 1124 936 1192 patriarcha:
974 1136 1162 1175 omnes
1197 1137 1260 1176 ac
1313 1122 1604 1192 prophetae,
1661 1138 1755 1189 per
1777 1124 1985 1176 somnia

2098 761 2158 814 τὸ
2181 761 2297 830 φῶς
2321 761 2494 827 ἐλθὸν,
2519 765 2618 816 οὐκ
2647 765 2904 834 ἠγνόησε.
2940 765 3332 835 Περισσότερον
3358 763 3415 817 δὲ
3453 779 3670 834 προφη-

2098 851 2228 915 τῶν,
2258 852 2316 905 τὸ
2338 853 2431 905 καὶ
2451 852 2612 906 αὐτὸν
2638 854 2762 906 ἰδεῖν
2782 856 2838 908 ὲν
2862 855 3024 925 σαρκὶ
3047 853 3138 907 τὸν
3162 853 3666 924 προφητευόμενον,

2095 941 2154 994 ὃν
2181 943 2380 1006 πάντες
2413 945 2461 996 ol
2502 944 2837 1015 πατριάρχαι
2876 946 2972 997 καὶ
3005 948 3302 1016 προφῆται,
3341 944 3408 998 δι’
3439 944 3669 1014 ὀνείρων

2097 1033 2195 1101 μὲν
2237 1033 2269 1103 ἦ
2295 1033 2565 1087 ὀπτασιῶν
2591 1035 3025 1105 ὲφαντάσϐησαν,
3054 1034 3326 1106 Θεωρῆσαι
3353 1035 3412 1089 δὲ
3439 1033 3668 1103 αύτοψεὶ

2092 1125 2189 1176 οὐκ
2223 1126 2506 1197 ἐπέτυχον.

417 1217 636 1286 quidem
671 1224 762 1269 aut
798 1214 1036 1268 visiones
1071 1228 1290 1282 quoquo
1317 1213 1472 1266 modo
1499 1213 1878 1276 informarunt,
1941 1212 2114 1282 reipsa
2189 1226 2363 1272 autem
2429 1226 2594 1286 atque
2666 1219 2838 1274 oculis
2892 1233 3199 1288 perspicere
3281 1219 3504 1275 minime
3570 1233 3644 1288 po

421 1317 654 1363 tuernnt.

896 1400 1135 1455 XXXIV.
1167 1429 1236 1440 --
1269 1399 1494 1453 EIDEM.

417 1493 488 1547 De
517 1495 926 1562 interrogatione
957 1493 1345 1546 Prtecursort's:
1377 1512 1396 1544 ι
1431 1491 1507 1546 Τιι
1539 1509 1591 1546 es
1629 1493 1718 1562 qui
1746 1501 1987 1546 venturus

1159 1565 1338 1618 est?»

489 1674 605 1727 «,Tn
630 1674 792 1744 esqui
812 1682 1072 1730 venturus
1089 1689 1165 1738 es,
1187 1690 1252 1727 an
1279 1674 1440 1728 alium
1469 1675 1903 1743 exspectamus“
1925 1674 1977 1728 ἲ»

409 1767 643 1821 Domino
701 1765 1036 1834 signiﬁcabat
1075 1765 1305 1821 Joannes
1330 1807 1344 1830 ,
1375 1781 1495 1821 cum
1525 1766 1769 1820 veritalis
1795 1781 1980 1828 causa,

412 1865 575 1924 caput
617 1856 665 1910 ei
698 1857 1080 1926 amputandnm
1111 1864 1284 1918 esset,
1328 1871 1560 1926 suosque
1601 1856 1890 1924 discipulos
1915 1857 1981 1909 ad

409 1961 533 2001 eum
571 1947 842 2001 adducere
881 1946 1168 2010 studeret,
1219 1946 1308 2014 qui
1350 1946 1419 2001 ob
1472 1956 1780 2001 accuratam
1822 1957 1983 2014 atque

409 2037 659 2093 omnibus
710 2038 922 2091 virtutis
968 2038 1206 2092 numeris
1247 2038 1547 2092 absolutam
1581 2038 1749 2104 ipsius
1791 2038 1980 2102 vitam,

408 2129 475 2182 ad
500 2128 664 2196 ipsius
683 2128 1042 2182 testimonium
1071 2167 1085 2193 ,
1117 2144 1240 2182 num
1261 2129 1513 2182 Dominus
1536 2143 1598 2182 eo
1627 2129 1797 2195 major
1817 2138 1979 2190 esset,

409 2217 775 2285 ambigebant.
816 2217 990 2285 Atque
1029 2217 1082 2270 id
1131 2217 1388 2270 Dominus
1430 2231 1525 2284 per
1559 2231 1618 2267 ea
1647 2230 1766 2284 qua:
1797 2215 1978 2269 Statim

411 2304 537 2360 fecit
561 2348 576 2374 ,
611 2297 1029 2370 demonstravit,
1068 2321 1188 2360 eum
1223 2321 1316 2372 per
1343 2306 1506 2358 multa
1539 2305 1793 2358 miracula
1819 2303 1974 2357 Joan-

414 2397 498 2450 nis
534 2397 898 2449 testimonium
942 2395 1350 2464 comprobavit:
1393 2409 1592 2463 eosque
1632 2395 1721 2464 qui
1760 2393 1981 2459 Joannis

395 2485 970 2552 'verbis‘dillidebaut,
1005 2485 1078 2538 ita
1124 2486 1368 2550 dimisit,
1398 2494 1456 2539 ut
1483 2484 1651 2538 oculis
1681 2492 1839 2552 atque
1865 2483 1980 2553 ipso

409 2584 628 2647 aspectu
662 2565 1038 2631 conﬁrmatum
1069 2574 1332 2628 haberent
1375 2574 1426 2628 id
1480 2573 1622 2642 quod
1651 2573 1869 2627 auribus
1895 2588 1980 2628 ac-

395 2685 535 2738 cepe
545 2683 634 2722 ran
645 2678 683 2722 t.

562 2755 727 2813 ’ΧΧΧ
742 2759 797 2814 ν.
826 2755 1312 2812 -ΤΙΙΙῦΟῧΟὸΙΟ
1351 2757 1796 2812 IMPERATORI.

473 2875 528 2927 Si
566 2872 767 2927 Christi
819 2882 1043 2941 regnum
1090 2873 1310 2941 adipisci
1353 2873 1567 2936 studes,
1600 2873 1742 2942 quod
1781 2887 1975 2928 corru-

2582 1405 2701 1456 AA'.
2740 1434 2807 1444 .-
2836 1405 2925 1476 To
2963 1404 3165 1474 ΑΥΤῼ.

2094 1496 2229 1563 Περὶ
2280 1496 2390 1564 τῆς
2427 1496 2770 1566 ἐρωτήσεως
2812 1498 2918 1552 τοῦ
2957 1497 3305 1566 Προδρόμου
3339 1513 3350 1525 ·
3391 1493 3515 1549 «Σὺ
3544 1487 3606 1547 εἷ
3630 1489 3668 1548 δ

2664 1565 2988 1637 ἐρχόμενος
3009 1586 3029 1633 ;
3058 1585 3074 1616 ι

2166 1694 2182 1726 ι
2227 1677 2297 1730 Σὺ
2345 1672 2395 1730 εί
2431 1678 2460 1729 6
2506 1678 2834 1748 ἐρχόμενος,
2875 1678 2907 1749 ἢ
2943 1678 3127 1749 ἕτερον
3173 1675 3600 1748 προσδοκῶμεν;
3639 1691 3658 1724 ι

2103 1766 2352 1838 Ἰωάννης
2380 1769 2460 1838 τῷ
2496 1770 2686 1840 Κυρίῳ
2730 1769 2942 1839 ἐδήλου,
2983 1769 3123 1838 ὑπὲρ
3162 1767 3417 1838 ἀληθείας
3465 1764 3664 1818 ἀποτέ-

2093 1857 2316 1924 μνεσθαι
2357 1857 2586 1926 μέλλων,
2617 1857 2710 1911 καὶ
2747 1858 2872 1920 τοὺς
2901 1856 3134 1918 οἰκείους
3158 1853 3372 1926 [αὑτοῦ]
3409 1853 3662 1924 μαθητὰς

2090 1950 2457 2017 προσαγαγεῖν
2507 1948 2841 2013 σπουδάζων,
2892 1945 3332 2018 ἀμφιϐάλλοντας
3377 1943 3515 2016 πρὸς
3560 1941 3662 2012 τὴν

2089 2037 2253 2091 αὑτοῦ
2287 2039 2613 2112 μαρτυρίαν,
2657 2041 2704 2092 εἰ
2744 2039 2944 2109 μείζων
2984 2038 3130 2090 ἐστὶν
3167 2038 3195 2090 ὁ
3225 2035 3431 2106 Κύριος
3472 2034 3663 2087 Ἰωάν-

2086 2145 2202 2194 νου,
2242 2129 2352 2201 [διὰ
2385 2131 2483 2201 τὴν
2513 2131 2715 2201 ἀκριϐῆ
2763 2131 3037 2184 πολιτείαν
3079 2122 3348 2199 Ἰωάννου]
3377 2126 3474 2180 καὶ
3501 2124 3663 2178 τοῦτο

2085 2223 2151 2275 δι’
2181 2239 2254 2275 ων
2284 2222 2443 2283 εὐθὺς
2485 2221 2718 2293 ἔπραξεν
2757 2223 2785 2274 6
2827 2221 3030 2291 Κύριος
3063 2218 3252 2283 ἔδειξε,
3279 2220 3402 2280 ταῖς
3436 2215 3664 2277 πολλαῖς

2087 2309 2550 2379 θαυματουργίαις
2575 2309 2949 2377 ὲπαληθεύσας
2984 2306 3081 2376 τὴν
3131 2304 3434 2377 μαρτυρίαν
3475 2303 3662 2357 Ἰωάν-

2085 2417 2196 2464 νου,
2240 2401 2333 2453 καὶ
2371 2400 2490 2469 ὄψει
2525 2399 2975 2470 πιστωσαμένους
3012 2399 3111 2468 τὴν
3139 2396 3307 2469 ἀκοὴν
3351 2396 3481 2460 τοὺς
3527 2395 3661 2448 ἀπιε-

2086 2490 2342 2556 στοῦντας
2369 2491 2679 2561 ἐκπέμψας.

2417 2760 2538 2814 AE'.
2577 2789 2644 2798 —
2673 2758 2998 2828 ΘΕΟΔΟΣΙῼ
3029 2756 3318 2808 ΒΑΣΙΛΕΙ.

2153 2875 2214 2927 Ei
2245 2874 2340 2944 τῆς
2369 2871 2606 2943 Χριστοῦ
2642 2869 2916 2941 βασιλείας
2955 2870 3232 2939 ἀντιποιῇ,
3269 2867 3336 2938 ἢν
3374 2867 3409 2938 ἡ
3444 2865 3658 2936 ἄφθαρ-

389 2964 607 3033 ,ριῐοηίε
649 2965 826 3018 omnis
873 2978 1067 3032 expers
1115 2964 1442 3032 perpetuitas
1483 2971 1736 3032 tanquam
1778 2978 1973 3018 corona

2088 2984 2168 3030 τος
2199 2964 2426 3036 διαμονὴ
2454 2966 2724 3034 στεφανοῖ,
2751 2963 2845 3016 καὶ
2881 2959 3116 3015 ἔπαθλον
3141 2963 3238 3029 τῆς
3272 2958 3520 3028 φθαρτῆς
3542 2961 3657 3021 τοῖς

404 3055 606 3124 cingit,
644 3055 891 3124 quodque
946 3055 1085 3108 Deus
1115 3069 1213 3123 pro
1271 3056 1476 3110 caduco
1515 3055 1742 3123 imperio
1791 3057 1857 3111 iis
1888 3057 1976 3126 qui

403 3147 664 3214 praeclare
707 3156 871 3212 atque
917 3145 1141 3199 honeste
1167 3146 1311 3199 istud
1341 3147 1800 3208 administrarint.
1841 3163 1979 3215 pra:-

405 3238 500 3290 mii
532 3236 649 3292 loco
681 3234 965 3292 constituit
989 3273 1004 3298 ,
1044 3237 1337 3303 potentiam
1385 3245 1532 3290 tuam
1568 3239 1979 3293 mansuetudine

407 3343 471 3382 ac
505 3327 772 3381 suavitate
818 3336 1098 3394 tempera,
1147 3326 1594 3394 convenientique
1642 3328 1979 3397 dispersione

397 3433 544 3471 onus
572 3416 878 3470 divitiarum
912 3417 1048 3470 leva.
1095 3417 1275 3486 Neque
1325 3416 1465 3469 enim
1493 3417 1730 3470 salvatur
1764 3433 1856 3472 rex
1885 3435 1979 3488 per

400 3506 632 3558 multam
674 3505 969 3574 potentiam
999 3505 1084 3558 δέ
1133 3520 1307 3574 neque
1364 3505 1510 3573 impii
1565 3505 1975 3562 simulacrorum

406 3597 586 3649 cultus
621 3595 827 3649 crimen
855 3593 1147 3665 elfugit“,
1189 3597 1281 3664 qui
1319 3593 1474 3650 ﬂitxis
1510 3595 1702 3664 opibus
1732 3597 1920 3666 parcit.

657 3706 889 3761 XXXVI.
921 3735 975 3748 -—-
1013 3704 1360 3762 ANTIOCHO
1403 3706 1718 3762 SPADONI.

479 3819 667 3888 Operae
695 3819 923 3886 pretium
957 3828 1039 3872 est
1077 3827 1149 3883 te,
1177 3833 1296 3872 cum
1319 3832 1502 3873 sacros
1519 3817 1712 3874 Libros
1739 3811 1973 3883 evolvas,

407 3922 567 3978 atque
609 3915 658 3964 in
689 3926 872 3965 eorum
896 3949 911 3974 ,
941 3911 1206 3974 utaudio,
1238 3910 1471 3964 lectione
1506 3908 1719 3964 assidue
1748 3909 1973 3975 hzereas,

405 3998 707 4052 admirandi
734 3997 969 4052 Danielis
1001 3998 1282 4051 historiam
1311 4013 1470 4053 nosse
1493 3998 1570 4052 “'z
1599 4011 1788 4065 nempe
1812 3999 1972 4065 quod,

405 4105 526 4143 cum
568 4089 620 4142 in
663 4089 852 4142 mediis
890 4087 1094 4142 erroris
1115 4087 1366 4142 ﬂuctibus
1404 4098 1739 4152 versaretur,
1770 4088 1974 4142 nulhnn

404 4187 584 4232 tamen
611 4178 809 4246 captivi
854 4177 1088 4232 hominis
1117 4176 1366 4232 allectum
1393 4177 1590 4241 subiit,
1623 4191 1689 4230 ne
1723 4178 1789 4230 ad
1826 4178 1975 4232 cibos

403 4269 620 4336 quidem
661 4283 976 4321 communes
1016 4282 1186 4337 usque
1213 4307 1228 4332 ,
1269 4283 1497 4338 quorum
1535 4268 1808 4336 perceptio
1856 4282 1970 4333 eos,

403 4359 493 4426 qui
533 4359 598 4412 iis
637 4358 942 4411 fruerentur
967 4394 982 4421 ,
1011 4372 1114 4410 non
1151 4356 1572 4411 contaminabat.
1607 4358 1682 4410 Ae
1716 4358 1967 4425 quoniam

401 4464 508 4502 non
543 4449 700 4503 modo
735 4448 947 4517 imperii
988 4447 1236 4502 minister
1277 4462 1334 4502 es
1359 4485 1375 4510 ,
1429 4449 1524 4502 sed
1570 4449 1744 4515 ipsum
1801 4448 1966 4500 etiam

401 4539 662 4592 arbitratu
707 4534 797 4593 iuo
831 4552 894 4591 ac
935 4537 1087 4591 libitu
1125 4538 1444 4602 moderaris,
1500 4538 1552 4592 in
1595 4538 1647 4591 id
1679 4537 1823 4592 omni
1855 4547 1968 4592 stu-

468 4692 513 4724 “
546 4691 677 4748 Luc.
712 4707 807 4754 vn,
841 4691 931 4744 9.8.

1075 4689 1206 4743 an.
1237 4707 1274 4752 ι,
1307 4691 1390 4743 15.
1467 4689 1511 4720 ⁸⁸
1543 4687 1775 4756 Lue.vn,
1815 4688 1898 4742 l9.
1971 4689 2010 4718 ⁸⁷
2045 4687 2182 4742 Psal.
2213 4704 2383 4752 xxxii,
2421 4687 2504 4740 16.

2079 3058 2328 3131 χρηστῶς
2362 3057 2531 3128 αὐτὴν
2573 3056 2846 3108 διέπουσιν
2883 3053 3078 3122 έθηκεν
3105 3054 3132 3105 6
3169 3051 3321 3113 Θεὸς,
3348 3041 3656 3120 quer/atqu

2079 3153 2236 3221 κίρνα
2270 3150 2367 3220 τὴν
2397 3147 2665 3213 ἐξουσίαν,
2703 3146 2796 3199 καὶ
2832 3145 3004 3199 δέοντι
3040 3141 3362 3214 σκορπισμῷ
3394 3141 3458 3193 τὸ
3490 3139 3656 3211 βάρος

2078 3242 2300 3309 κούφιζε
2326 3238 2421 3292 τοῦ
2466 3238 2693 3292 πλούτου
2731 3253 2745 3268 ·
2798 3233 2918 3289 οὔτε
2965 3234 3072 3304 γὰρ
3117 3231 3348 3296 σώζεται
3397 3231 3654 3301 βασιλεὺς

2077 3331 2166 3383 διὰ
2206 3329 2403 3399 πολλὴν
2444 3329 2706 3396 δύναμιν,
2759 3325 2881 3379 οὔτε
2932 3322 3343 3393 εἰδωλολατρίας
3389 3318 3651 3389 δκφεύγει

2077 3420 2353 3485 ἀσέϐειαν,
2380 3420 2406 3472 6
2432 3419 2525 3472 τοῦ
2554 3419 2765 3489 ῥέοντος
2797 3415 3022 3470 πλούτου
3056 3413 3391 3484 φειδόμενος.

2196 3708 2335 3773 Λςν.
2361 3735 2432 3746 -
2455 3703 2758 3774 ΑΝΊῚΟΧῼ
2787 3699 3115 3770 ΕΥΝΟΥΧῼ
3141 3684 3512 3751 ΠΑΛΑἸΊΟΥ.

2146 3817 2264 3887 Χρή
2293 3832 2351 3867 σε
2386 3814 2484 3877 τὰς
2523 3815 2674 3884 ἱερὰς
2719 3810 3135 3866 ἀναπτύσσοντα
3168 3808 3413 3870 Βίϐλους,
3453 3806 3549 3859 καὶ
3579 3805 3644 3875 τῇ

2075 3903 2252 3956 αὐτῶν
2292 3901 2743 3971 ἐγκαρτεροῦντα,
2795 3899 2870 3961 ῶς
2921 3916 3117 3968 φασιν,
3165 3896 3492 3964 ἀναγνώσει,
3543 3895 3645 3962 τὴν

2076 3972 2216 4048 κατά
2265 3993 2356 4045 τὸν
2403 3991 2704 4060 θαυμάσιον
2743 3989 2940 4060 Δανιὴλ
2994 3987 3235 4059 ἱστορίαν
3289 3987 3512 4049 εἰδέναι,
3559 3985 3645 4037 ὅτι

2078 4087 2242 4155 μέσος
2279 4083 2372 4137 τοῦ
2419 4082 2686 4142 κλύδωνος
2731 4080 2828 4150 τῆς
2877 4077 3083 4147 πλάνης
3125 4075 3442 4145 ἱστάμενος,
3489 4073 3644 4126 ούδὲν

2075 4175 2336 4245 ὑπέμεινε
2368 4172 2538 4234 πάθος
2565 4170 2906 4239 αἰχμάλωτον
2936 4168 3070 4237 (54),
3103 4167 3223 4220 οὐδὲ
3252 4167 3417 4236 μέχρι
3458 4164 3643 4218 σιτίων

2074 4265 2181 4317 τῶν
2212 4263 2406 4317 κοινῶν
2435 4265 2514 4324 εἰς
2548 4260 2869 4332 μετάληψιν,
2901 4260 2994 4313 καὶ
3031 4259 3106 4330 μὴ
3150 4258 3476 4312 κοινούντων
3501 4257 3644 4310 κατὰ

2075 4356 2393 4425 περίστασιν
2424 4355 2546 4416 τοὺς
2579 4353 2937 4423 μετέχοντας.
2981 4351 3094 4404 Καὶ
3137 4349 3326 4420 ἐπειδὴ
3373 4349 3435 4401 οὐ
3481 4349 3643 4418 μόνον

2071 4447 2313 4508 διάκονος
2353 4445 2637 4514 τυγχάνεις
2678 4445 2776 4512 τῆς
2819 4443 3128 4512 βασιλείας,
3175 4440 3312 4494 ἀλλὰ
3350 4441 3448 4494 καὶ
3489 4440 3644 4508 ἄγεις

2072 4535 2236 4606 αὐτὴν
2266 4533 2448 4596 καθὼς
2478 4534 2677 4604 βούλει,
2707 4533 2940 4586 σπεῦσον
2979 4532 3294 4603 ἀναρρῶσαι
3325 4532 3388 4585 τὺ
3434 4531 3644 4584 δίκαιον

2603 4687 2646 4717 ⁵⁸
2680 4686 2873 4754 iiphes.
2914 4701 2962 4747 ν,
2997 4686 3049 4738 5.
3129 4687 3171 4717 ⁸⁸
3211 4685 3343 4738 Dan.
3377 4701 3414 4751 I,
3437 4686 3640 4757 ἕξει-(ιιι.

1456 4809 1690 4894 vium;
1733 4835 2115 4893 LECTIONES
2151 4834 2238 4892 ET
2277 4835 2508 4892 nam}.

478 4995 587 5067 (54)
613 4997 813 5067 ,Πόθος
860 4995 1255 5067 αίχμιζιωτοιο,
1304 5004 1359 5047 et
1392 5009 1509 5067 mox
1556 4992 1649 5067 in]
1689 4992 1958 5067 κοιζούν-

404 5061 538 5118 mir.
567 5066 656 5118 Sic
689 5074 742 5116 et
768 5061 942 5119 Paris.
960 5061 1057 5117 'cd.
1094 5074 1146 5116 et
1172 5063 1360 5119 Bavar.
1392 5063 1512 5116 cod.
1555 5062 1758 5130 legunt.
1781 5061 1958 5125 Quare

407 5153 510 5188 non
539 5138 858 5201 proboquod
895 5136 1109 5200 quidam
1142 5148 1238 5199 pro
1299 5133 1380 5185 his
1416 5129 1956 5201 reponit,alxpalth-

406 5221 497 5256 του
528 5200 584 5256 et
613 5202 704 5254 καὶ
738 5203 864 5268 μήν,
893 5205 1137 5267 quamvis
1170 5215 1222 5256 et
1246 5201 1430 5256 Billins
1451 5201 1524 5253 ita
1560 5200 1754 5268 legisse
1776 5201 1954 5251 videa-

409 5285 496 5326 tur
529 5273 582 5325 in
627 5286 720 5324 sua
766 5270 1236 5339 interpretatione;
1290 5271 1380 5339 qui
1435 5284 1533 5322 nec
1579 5279 1721 5322 recte
1772 5270 1956 5320 omisit

409 5351 617 5394 vertere
667 5336 792 5391 illud
829 5337 971 5407 κατὰ
1022 5336 1358 5407 περίστασιν,
1402 5339 1541 5407 quod
1581 5347 1694 5398 est,
1742 5353 1834 5404 pro
1870 5353 1955 5388 ra-

410 5410 546 5461 tione
580 5405 1111 5462 circtuustantiarmn;
1142 5405 1256 5459 Non
1293 5405 1449 5461 modo
1475 5407 1682 5474 imperii
1712 5407 1958 5458 minister

411 5493 487 5538 es,
519 5481 608 5530 sed
639 5480 804 5545 ipsum
838 5476 998 5545 etiam
1033 5482 1121 5525 ltto
1147 5477 1402 5529 arbitratu
1435 5491 1495 5528 ac
1526 5478 1673 5528 lihitn
1709 5475 1954 5527 modera-

414 5548 506 5599 ris.
535 5544 666 5599 Nota
699 5548 782 5599 hic
803 5544 1029 5598 eunuchi
1051 5546 1337 5612 potentiam
1369 5548 1457 5615 (ad
1485 5545 1784 5600 eurnichuui
1813 5546 1953 5596 enim

2067 4989 2247 5058 palatii
2283 4989 2381 5060 ista
2423 4987 2752 5060 scribuntur)
2802 4997 2855 5060 et
2897 4989 3017 5045 vide
3046 5005 3166 5060 qua:
3197 4991 3398 5047 notabo
3443 5009 3510 5049 ex
3558 4995 3642 5050 hi-

2065 5056 2243 5112 Storiis
2271 5059 2406 5111 infra
2432 5059 2496 5110 ad
2523 5074 2609 5126 ep.
2648 5056 2774 5111 291.
2803 5056 2972 5113 RITT.

2130 5156 2157 5166 -
2231 5128 2307 5198 ln_
2329 5128 2479 5198 titulo
2509 5136 2632 5198 ante
2659 5127 2923 5198 Παλατίου
2948 5128 3209 5182 articulus
3238 5130 3357 5188 τοῦ.
3388 5131 3547 5187 Vers.
3584 5135 3640 5198 5,

2062 5196 2260 5266 Δανιὴλ
2295 5196 2347 5266 in
2379 5197 2499 5251 cod.
2531 5196 2640 5252 Alt.
2675 5213 2824 5252 more
2859 5197 3046 5251 Graeco
3073 5197 3397 5263 declinatur,
3431 5211 3486 5256 et
3528 5196 3638 5266 hic,

2063 5265 2248 5336 utpote,
2295 5265 2346 5317 in
2399 5275 2592 5336 quarto
2649 5281 2817 5336 casn,
2875 5267 3110 5336 Δανιῆλα
3166 5271 3447 5324 scribitur.
3485 5265 3639 5326 Vers.

2063 5335 2385 5407 undecimo,
2414 5350 2512 5402 pro
2541 5334 2626 5407 his
2647 5353 2675 5407 γε
2725 5335 2887 5388 αὐτὸν
2923 5334 3167 5407 ὑπᾷρχον
3205 5338 3315 5399 τὸν,
3347 5350 3481 5402 etc.,
3511 5343 3636 5396 cod.

2066 5405 2174 5475 Alt.
2226 5404 2460 5457 scribit:
2507 5402 2949 5475 τὸν-,ὑπάρχοντα
2999 5402 3248 5460 θάνατον.
3310 5408 3465 5462 Vers.
3509 5424 3637 5474 pen.

2066 5473 2554 5543 bnépxstat.‘cod.
2597 5473 2712 5528 Vat.
2756 5473 2893 5540 ϐω,
2953 5483 3006 5529 et
3041 5476 3168 5530 Cod.
3201 5476 3312 5529 Alt.
3347 5473 3636 5542 scribunt,

2065 5539 2370 5613 ἐπέρχεται.
2396 5539 2608 5596 Possm‘
