3944 6138
371 184 477 246 20ίῖ

1541 172 1601 230 S.
1643 164 1933 230 ISIDORI
1970 166 2407 255 PELUSIOTrE

3528 173 3637 235 208

373 306 489 346 sam
540 289 727 345 urbem
806 286 985 355 ﬂagris
1058 283 1238 339 amci‘l
1292 281 1739 353 quemadmodum
1789 281 1947 334 etiam

2058 279 2150 350 ὅλη
2177 281 2498 350 μαστίζεται
2539 279 2728 347 πόλις
2780 281 2913 353 ὅπερ
2941 280 3034 334 καὶ
3074 281 3166 335 ἐπὶ
3210 282 3374 335 Δαϐὶδ
3400 286 3637 354 γενόμε-

374 382 593 438 Davidis
625 391 862 451 tempore
885 378 1178 447 contigisse
1200 389 1305 430 non
1334 375 1634 443 ignoras”.
1662 372 1792 427 Nam
1825 388 1948 427 cum

373 476 444 532 ob
477 488 657 530 rerum
696 472 904 542 copiam
934 511 950 537 ,
986 468 1384 536 ﬂorentemque
1430 474 1671 531 statum,
1701 465 1950 535 princeps

374 565 648 623 insolescit
672 605 689 633 ,
717 565 784 618 ad
816 562 984 632 ipsius
1018 574 1308 615 maerorem
1344 566 1398 611 et
1443 556 1947 629 condemnationem

374 657 575 714 subditi
602 656 999 725 deprimuntur.
1044 650 1153 706 Nec
1189 663 1314 705 vero
1351 648 1427 702 illi
1464 648 1645 717 inique
1673 646 1947 717 castigan-

373 759 496 805 tur:
526 762 709 804 verum
748 746 1121 813 unusquisque
1164 741 1392 795 actionis
1421 755 1532 794 sua:
1558 738 1777 808 prmmia
1809 737 1948 793 reci-

364 839 483 907 pit;
534 851 597 891 ac
629 843 849 905 propter
871 832 1128 902 principis
1161 828 1392 883 calculos
1420 827 1596 881 divina
1631 826 1949 897 lenganimi-

375 938 484 984 tate
526 928 769 982 orhatur.
821 923 1179 990 Quamobrem
1233 937 1305 975 ne
1345 920 1619 990 episcopi,
1659 928 1715 972 ut
1760 926 1945 987 putat,

370 1018 594 1075 Eusebii
647 1017 793 1072 vitiis
836 1023 1119 1084 patronum
1160 1021 1212 1065 te
1258 1011 1478 1079 praebe;
1538 1009 1679 1078 quod
1730 1018 1949 1078 propter

370 1128 529 1179 eum,
579 1120 633 1165 et
667 1110 834 1164 altare
879 1105 1145 1160 ministris
1167 1143 1183 1168 ,
1219 1111 1272 1156 et
1300 1106 1488 1157 civitas
1522 1102 1709 1156 incolis
1742 1106 1944 1155 careat.

370 1201 505 1255 Nam
539 1199 629 1270 qui
660 1208 862 1252 temere
890 1211 955 1250 ac
994 1191 1335 1259 sinejudicio
1372 1194 1643 1263 indignum
1675 1192 1946 1247 hominem

370 1291 686 1362 elegerunt,
714 1287 861 1358 digni
910 1295 1035 1343 sunt
1085 1286 1176 1356 qui
1218 1284 1461 1340 laborum
1488 1298 1705 1339 suorum
1739 1282 1947 1337 fructus

369 1382 600 1439 edant"
623 1421 639 1447 ,
672 1389 732 1435 ut
765 1380 856 1450 qui
884 1378 1136 1432 virtutem
1160 1375 1583 1444 contempserint
1604 1412 1620 1439 ,
1656 1381 1816 1442 atque
1846 1373 1947 1426 im-

369 1475 697 1545 probitatem
727 1472 803 1526 ita
836 1469 1177 1541 perspicuam
1211 1466 1507 1535 elegerint.

790 1579 905 1636 XL.
936 1609 1005 1619 —-
1038 1574 1246 1632 TUBIE
1288 1572 1519 1629 MlLlTl.

436 1700 496 1755 In
528 1713 665 1770 pace
704 1711 855 1752 arma
892 1702 1105 1765 gestare
1135 1691 1357 1746 minime
1391 1690 1587 1751 decet,
1648 1701 1749 1741 nec
1786 1686 1946 1741 belli.

374 1805 498 1846 cum
531 1789 773 1843 habitum
824 1787 876 1840 in
926 1783 1101 1838 medio
1148 1782 1268 1837 foro
1314 1778 1704 1842 circumferre,
1750 1790 1847 1830 nec
1894 1775 1946 1828 in

368 1881 588 1937 civitate
609 1892 731 1933 cum
762 1890 893 1930 ense
932 1874 1177 1939 versari;
1211 1886 1397 1926 verum
1432 1868 1533 1938 13
1573 1878 1627 1923 et
1663 1877 1945 1930 terrorem,

367 1983 425 2030 et
456 1970 720 2041 ejusmodi
755 1966 1187 2037 experimentum
1218 1964 1269 2018 iu
1293 1960 1433 2018 bello
1470 1961 1727 2014 adversus
1766 1958 1949 2013 hostes

362 2077 645 2121 exercere.
700 2060 879 2127 Quare
927 2058 973 2114 si
1030 2056 1221 2111 bellico
1268 2053 1457 2108 habitu
1497 2051 1826 2116 delectaris,
1885 2063 1951 2103 ac

367 2154 634 2225 przeconis
679 2166 813 2206 voce
859 2146 1157 2211 celebrari,
1193 2156 1509 2214 statuasque
1551 2141 1811 2212 consequi
1849 2156 1947 2195 cu-

370 2249 492 2318 pis,
541 2248 608 2301 ad
641 2243 939 2299 exercitum
973 2282 987 2304 ,
1038 2240 1128 2308 qni
1166 2253 1285 2291 cum
1321 2234 1568 2290 barbaris
1614 2239 1849 2303 pugnat,
1898 2240 1949 2285 te

368 2336 598 2392 confer:
635 2348 699 2387 ac
740 2348 846 2386 non
907 2329 1112 2383 militia:
1158 2326 1335 2394 fugam
1366 2322 1608 2392 pecuniis
1654 2321 1947 2383 redimens,

370 2424 622 2493 domique
659 2422 912 2477 desidens
936 2456 952 2483 ,
1004 2417 1201 2470 bellum
1253 2415 1362 2469 illic
1390 2414 1668 2478 debitum,
1702 2412 1790 2467 hic
1832 2421 1951 2466 tan-

369 2531 533 2590 quam
569 2528 667 2585 per
715 2512 897 2567 ludum
946 2510 1229 2564 adumbra.

665 2625 806 2681 XLI.
835 2655 905 2670 —--
929 2618 1244 2679 PIIILIPPO
1306 2614 1664 2673 MONACHO.

620 2747 686 2802 1η
714 2743 1029 2799 monachum
1068 2735 1387 2791 instabiliter
1415 2734 1692 2789 viventem.

445 2862 732 2931 Leporem,
790 2853 1165 2911 meticulosum
1211 2847 1432 2912 animal,
1468 2857 1522 2902 et
1562 2856 1756 2900 natura
1809 2844 1951 2900 timi-

2050 389 2161 437 vov,
2185 372 2376 441 ἔγνως.
2402 374 2571 426 Ὅταν
2598 373 2707 443 γὰρ
2742 374 2837 426 ὲπῒ
2864 376 2929 445 τῇ
2963 374 3189 447 εὐθηνίᾳ.
3225 375 3335 427 τῶν
3370 377 3639 447 πραγμά-

2048 478 2157 515 των
2181 464 2210 516 ό
2245 462 2472 533 ἔξαρχος
2508 464 3010 535 ὑπερηφανεύηται,
3067 467 3147 527 είς
3186 464 3422 535 ἀθυμίαν
3466 468 3638 522 αὑτοῦ

2051 556 2146 608 καὶ
2187 556 2513 627 κατάκρισιν
2546 555 2605 609 τὸ
2636 557 2877 626 ὑπήκοον
2921 557 3260 622 ἐλαττοῦται,
3302 559 3402 611 οὐκ
3429 559 3638 623 ἀδίκως

2050 648 2461 717 παιδευόμενον,
2488 648 2602 701 ἀλλ’
2642 650 2874 702 ἑκάστου
2900 653 2967 702 τὰ
2997 650 3253 721 ἐπίχειρα
3284 652 3385 721 τῆς
3424 652 3640 716 οἰκείας

2050 738 2303 807 πράξεως
2347 739 2911 809 παραλαμϐάνοντες,
2952 740 3048 793 καὶ
3092 741 3192 810 τῆς
3242 741 3391 803 Θείας
3427 760 3641 813 μακρο-

2050 828 2253 900 Θυμίας
2298 831 2788 899 ἀποτυγχάνοντος,
2819 831 2906 884 διὰ
2948 831 3048 895 τὰς
3085 833 3179 884 τοῦ
3223 834 3485 903 ἄρχοντος
3528 835 3641 904 ψή-

2050 934 2204 986 φους.
2246 916 2338 988 Μὴ
2383 917 2564 971 τοίνυν
2608 919 3004 989 ’ὲπιουνηγόρει
3050 923 3169 983 ταῖς
3219 921 3479 974 Εὑσεϐίου
3513 922 3635 986 τοῦ,

2048 1005 2123 1070 ὡς
2152 1005 2342 1069 οἴεται,
2376 1007 2671 1060 ἐπισκόπου
2702 1008 3053 1078 φαυλότησιν,
3104 1011 3152 1062 εἰ
3199 1009 3266 1061 δι’
3302 1012 3511 1064 ἐκεῖνον
3540 1013 3641 1064 καὶ

2048 1096 2108 1150 τὺ
2137 1096 2522 1168 Ουσιαστήριον
2550 1096 2903 1170 λειτουργῶν,
2928 1100 3021 1151 καὶ
3061 1100 3093 1169 ἡ
3138 1099 3289 1162 πόλις
3332 1101 3640 1171 οἰκητόρων

2049 1186 2289 1257 χηρεύει.
2324 1187 2386 1239 Οἱ
2417 1188 2527 1256 γάρ
2564 1187 2805 1257 ἀκρίτως
2831 1186 2924 1239 τὸν
2951 1187 3167 1253 ἀνάξιον
3211 1187 3638 1258 προϐαλλόμενοι

2048 1278 2245 1331 δίκαιοί
2267 1280 2391 1341 εἰσι,
2424 1279 2519 1331 καὶ
2547 1279 2670 1341 τοὺς
2698 1277 2891 1339 πόνους
2923 1278 3032 1329 τῶν
3062 1278 3288 1349 καρπῶν
3317 1280 3497 1333 αὐτῶν
3531 1299 3639 1349 φα-

2048 1373 2185 1439 γεῖν,
2210 1372 2410 1440 ἀρετὴν
2439 1369 2826 1440 ἀτιμάσαντες,
2858 1370 2949 1423 καὶ
2979 1370 3176 1424 κακίαν
3205 1371 3348 1425 οὕτω
3375 1374 3635 1445 προφανῆ

2049 1462 2510 1533 προστησάμενοι.

2319 1575 2410 1630 M'.
2441 1605 2513 1617 -
2558 1574 2786 1647 ΤΟΥΒᾼ
2820 1577 3209 1650 ΣΤΡΑΤΙΩΤῌ
3245 1578 3378 1649 (59).

2122 1684 2235 1737 Οὐκ
2261 1684 2408 1737 ἔστιν
2440 1685 2760 1756 ὁπλοφορεῖν
2800 1687 2858 1739 ὲν
2889 1687 3103 1759 εἰρήνῃ,
3141 1689 3240 1741 οὐκ
3293 1688 3409 1741 ἐστι
3445 1688 3638 1759 σχῆμα

2052 1776 2287 1847 πολέμου
2319 1777 2409 1828 ἐπὶ
2443 1778 2614 1849 μέσης
2643 1779 2847 1850 ἀγορᾶς
2878 1781 3199 1851 περιφέρειν
3230 1797 3244 1810 ⁹
3278 1781 3379 1835 οὐκ
3405 1782 3522 1835 ἐστι
3554 1782 3634 1846 ξι-

2051 1868 2198 1938 φήρη
2221 1869 2427 1937 διάγειν
2456 1872 2514 1922 ὲν
2548 1871 2721 1935 πόλει,
2767 1872 2901 1924 ἀλλὰ
2936 1872 3031 1926 καὶ
3088 1873 3250 1942 φόϐον
3301 1874 3398 1927 καὶ
3439 1877 3639 1945 πεῖραν

2049 1960 2305 2030 τοιαύτην
2343 1962 2400 2013 ἐν
2428 1961 2649 2032 πολέμῳ
2677 1962 2819 2016 κατὰ
2860 1964 3166 2018 ἀντιπάλων
3205 1965 3526 2036 γυμνάζειν.
3570 1966 3638 2019 EE

2050 2047 2142 2104 οὖν
2171 2053 2408 2122 σχήματι
2433 2052 2640 2123 χαίρεις
2678 2056 2975 2126 πολεμικῷ,
3008 2058 3104 2110 καὶ
3146 2059 3503 2129 ἀναρρήσεων
3544 2060 3641 2112 καὶ

2052 2139 2263 2211 στηλῶν
2296 2142 2571 2211 ἐπιτυχεῖν
2600 2142 2786 2209 ἀξιοῖς,
2820 2146 2899 2208 εἰς
2944 2144 3005 2197 τὸ
3044 2146 3403 2216 στρατόπεδον
3430 2146 3491 2198 τὸ
3531 2163 3641 2215 μα-

2051 2232 2279 2303 χόμενον
2308 2235 2419 2296 τοῖς
2456 2232 2752 2305 βαρϐάροις
2794 2236 3087 2308 κατάϐηθι,
3120 2236 3217 2290 καὶ
3253 2236 3329 2308 μὴ
3357 2241 3639 2308 χρήμασιν

2051 2321 2418 2393 ἐξωνούμενος
2447 2324 2544 2395 τὴν
2574 2326 2782 2379 ἐκεῖθεν
2805 2327 3001 2399 φυγὴν,
3036 2330 3128 2381 καὶ
3153 2330 3290 2381 οἴκοι
3319 2329 3514 2398 μένων,
3549 2330 3642 2382 ὲν-

2050 2413 2222 2469 ταῦοα
2250 2414 2411 2479 παῖζε
2440 2415 2531 2469 τὸν
2559 2419 2675 2470 ἐκεῖ
2694 2418 3136 2489 χρεωστούμενον
3166 2420 3424 2491 πόλεμον.

2404 2622 2625 2677 ΜΑἏ-
2644 2622 2927 2697 emtum;
2964 2627 3277 2698 ΜΟΝΑΧῼ.

2180 2733 2285 2798 Εἰς
2315 2734 2591 2802 μοναχὸν
2626 2735 2901 2803 ἀστάτως
2940 2736 3161 2806 ἔχοντα
3194 2738 3303 2792 τὸν
3335 2739 3504 2804 βιον.

2122 2848 2226 2902 τὸν
2251 2848 2479 2917 λαγωὸν,
2509 2850 2569 2902 τὸ
2608 2850 2915 2920 κατάφοϐον
2945 2851 3082 2915 ζῶον
3122 2852 3219 2907 καὶ
3251 2853 3412 2922 φύσει
3458 2854 3641 2908 δειλὸν

367 2957 522 3019 dum,
554 2954 658 3009 hoc
691 2948 897 3021 perpeti
937 2946 1112 3009 aiunt,
1139 2952 1197 2996 ut
1226 2957 1293 2995 ex
1323 2939 1485 2995 cubili
1523 2940 1575 2993 iu
1607 2938 1783 2993 cubile
1812 2938 1945 2993 sub-

2058 2939 2227 2992 ἐκεῖνό
2271 2957 2434 3008 φασιν
2478 2941 2792 3011 ὑπομένειν,
2823 2942 2885 2995 τὺ
2922 2942 3110 3012 κοίτην
3141 2943 3204 2996 ὲκ
3238 2944 3427 3014 κοίτης
3469 2946 3638 3015 ἀμεί-

380 3046 510 3101 inde
562 3044 782 3112 migret,
818 3045 1099 3109 propterea
1151 3034 1292 3100 quod
1315 3031 1380 3085 ad
1406 3044 1623 3085 omnem
1656 3037 1861 3083 motum
1890 3035 1945 3082 et

372 3142 663 3191 clamorem
719 3128 1083 3199 perturbetur.
1137 3123 1205 3175 At
1250 3136 1352 3175 non
1410 3122 1536 3175 item
1597 3120 1943 3184 monachum,

372 3227 463 3297 qui
492 3226 745 3280 fiduciam
786 3221 838 3274 in
879 3219 988 3273 Deo
1019 3217 1248 3285 positam
1292 3212 1508 3276 habere,
1539 3225 1603 3266 ac
1633 3210 1789 3273 Sion,
1826 3218 1948 3263 tan.

374 3330 534 3385 quam
587 3320 847 3373 montem,
902 3303 1286 3361 conscendisse
1329 3301 1507 3355 debet.
1558 3300 1698 3366 Quid
1755 3302 1943 3372 igitur,

374 3420 474 3476 pro
512 3419 576 3457 eo
604 3402 746 3468 quod
778 3397 1008 3453 Domino
1059 3403 1178 3448 tuto
1227 3391 1383 3446 inuiti
1447 3406 1512 3446 ac
1562 3407 1777 3447 crucem
1826 3394 1949 3447 reli-

375 3495 538 3566 giosae
570 3495 693 3546 vitae
721 3489 973 3544 comitem
1016 3486 1216 3539 habere
1266 3482 1523 3546 debebas,
1573 3482 1688 3537 loca
1722 3483 1948 3539 subinde

374 3595 710 3648 commutas,
748 3579 1083 3650 pinguiorem
1113 3574 1310 3643 potius,
1343 3585 1402 3627 ut
1427 3574 1656 3639 videtur,
1683 3590 1946 3645 mensam,

375 3691 537 3747 quam
586 3673 878 3728 ﬁrmiorem
925 3683 988 3723 ac
1025 3666 1334 3720 solidiorem
1388 3664 1749 3721 eruditionem
1802 3680 1951 3733 qum-

372 3765 540 3822 rens?
571 3764 651 3819 Ac
686 3764 803 3827 tibi,
859 3762 911 3815 ni
951 3758 1131 3825 fallor,
1184 3756 1324 3811 istud
1354 3757 1646 3823 continget,
1682 3767 1737 3808 ut
1774 3755 1950 3809 omni-

372 3857 474 3911 bus
501 3854 717 3910 lsraelis
747 3849 992 3915 urbibus,
1035 3857 1199 3917 atque
1241 3846 1496 3902 omnibus
1533 3855 1690 3925 terra:
1718 3844 1946 3898 recessi-

373 3951 496 4015 bus,
537 3961 682 4011 cum,
708 3941 1013 4013 huiusmodi
1041 3950 1234 3994 ventre
1278 3947 1443 4007 atque
1472 3936 1638 3990 animi
1675 3936 1945 4001 instituto,

373 4037 695 4107 peragratis,
727 4034 963 4103 Euripus
994 4032 1214 4102 quidam
1253 4029 1351 4095 sis,
1390 4028 1536 4084 omni
1570 4029 1774 4082 nidoris
1801 4028 1951 4084 cibo-

371 4144 493 4184 rum
520 4138 683 4181 vento
708 4125 1094 4188 circumactus,
1110 4137 1169 4177 ac
1186 4129 1448 4191 perpetua
1482 4118 1837 4174 instabilitate
1868 4119 1947 4175 la-

370 4220 590 4272 berans.

628 4323 786 4381 XLII.
815 4355 888 4366 —
913 4321 1316 4381 ARCHONTIO
1346 4323 1697 4380 MONACHO.

632 4439 1005 4509 Interpretatio
1044 4440 1098 4492 in
1132 4438 1364 4492 divinant
1400 4437 1696 4494 carbonem.

439 4555 635 4619 Isaias,
679 4554 761 4607 vir
812 4566 1022 4605 summa
1070 4550 1407 4620 perspicacia
1454 4553 1729 4621 prazditus,
1758 4555 1952 4608 carbo-

371 4662 497 4706 nem
523 4662 591 4703 ex
623 4645 780 4701 altari
823 4644 1029 4712 forcipe
1072 4644 1195 4697 tulit
1223 4644 1291 4711 “,
1320 4643 1529 4698 Domini
1572 4646 1743 4699 nostri
1773 4648 1951 4700 incar-

374 4742 652 4797 nationem
709 4737 1014 4795 clarissime
1077 4737 1433 4807 perspiciens.
1498 4735 1605 4791 Per
1658 4738 1950 4794 carbonem

2048 3030 2185 3093 6ειν,
2222 3030 2358 3100 πρὸς
2386 3032 2567 3085 πᾶσαν
2596 3032 2706 3102 (40)
2739 3033 2955 3102 κίνησιν
2994 3034 3091 3087 καὶ
3125 3034 3254 3105 βοὴν
3285 3036 3639 3106 ταρασσόμε-

2048 3140 2156 3175 νον.
2175 3122 2314 3175 Ἀλλ’
2345 3123 2465 3192 οὐχὶ
2500 3124 2753 3193 μοναχὸν,
2785 3118 2923 3195 [τὸν]
2956 3125 3049 3179 ἐπὶ
3077 3127 3286 3197 Κύριον
3311 3127 3638 3180 πεποιθέναι

2047 3214 2352 3284 ὀφείλοντα,
2390 3215 2485 3267 καὶ
2529 3214 2605 3277 ὡς
2650 3215 2776 3283 ὅρος
2829 3216 2969 3270 Σιὼν
3005 3216 3317 3287 βεϐηκέναι.
3344 3218 3408 3269 Τί
3453 3217 3637 3272 τοίνυν

2047 3302 2363 3357 καταλιπὼν
2398 3304 2462 3356 τὸ
2503 3303 2806 3373 ἐρείδεσθαι
2844 3304 3105 3374 ἀσφαλῶς
3145 3306 3237 3360 ἐπὶ
3277 3307 3503 3378 Κύριον,
3534 3309 3637 3363 καὶ

2050 3394 2283 3465 σταυρὸν
2315 3394 2481 3464 ἔχειν,
2510 3395 2610 3465 τὴν
2640 3394 2932 3449 ἀκόλουθον
2965 3396 3201 3467 ἄσκησιν
3220 3413 3235 3428 σ
3267 3398 3432 3451 τόπον
3462 3416 3636 3468 μετα-

2049 3483 2264 3545 ὅάλλεις
2291 3484 2355 3535 ὲκ
2381 3484 2547 3536 τόπου
2568 3501 2581 3514 ο
2617 3484 2838 3552 μᾶλλον,
2865 3484 2940 3548 ὡς
2970 3485 3136 3549 ἔοικε,
3169 3488 3450 3557 τράπεζαν
3470 3489 3639 3560 ἀδρο-

2047 3576 2233 3646 τέραν,
2262 3576 2376 3631 ἀλλ’
2404 3577 2465 3628 οὐ
2519 3577 2801 3629 παίδευσιν
2848 3578 3210 3648 στερροτέραν
3259 3577 3475 3649 ζητῷνς
3523 3581 3636 3633 Καὶ

2051 3665 2386 3736 συμϐήσεταί
2436 3681 2539 3729 σοι,
2589 3665 2665 3727 ὼς
2717 3659 2893 3734 οἶμαι,
2943 3665 3122 3729 πάσας
3166 3666 3272 3730 τὰς
3313 3667 3499 3730 πόλεις
3537 3668 3636 3722 τοῦ

2063 3755 2296 3825 Ἰσραὴλ,
2326 3755 2422 3807 καὶ
2449 3756 2625 3818 πάσας
2647 3755 2743 3818 τὰς
2769 3757 3027 3825 ἐσχατιὰς
3050 3757 3148 3826 τῆς
3165 3758 3270 3827 γῆς
3295 3757 3435 3827 μετά
3453 3757 3635 3811 τοιαυ·

2048 3864 2149 3917 της
2182 3847 2442 3917 γαστρὸς,
2472 3847 2567 3920 καὶ
2605 3845 2831 3917 γνώμης
2874 3850 3175 3918 περιιόντα,
3210 3848 3449 3921 Εὔριπον
3496 3844 3634 3903 εἷναί

2049 3955 2190 4000 τινα,
2211 3937 2374 3990 παντὶ⁹
2404 3936 2592 4006 ἀνέμῳ
2614 3937 2841 4007 κνίσσης
2866 3939 3318 4010 περιφερόμενον,
3342 3942 3437 3993 καὶ
3468 3939 3636 4011 μέχρι

2053 4028 2253 4091 παντὸς
2283 4027 2643 4082 ἀστατοῢντα.

2322 4328 2474 4405 >MB'.
2526 4357 2598 4369 —
2648 4328 3000 4398 APXONTm
3039 4331 3350 4403 ΜΟΝᾹΧῼ.

2379 4443 2693 4513 Ἐρμηνεία
2717 4446 2803 4510 είς
2829 4445 2991 4499 θεῖον
3015 4446 3302 4516 ἄνθρακα.

2124 4560 2206 4630 Τῇ
2244 4559 2417 4614 λαὸίδι
2465 4560 2657 4615 ἔλαϐεν
2694 4564 2722 4615 ὁ
2772 4562 3228 4636 διορατικώτατος
3256 4565 3489 4631 Ἠσαῖας
3545 4568 3639 4621 τὸν

2054 4652 2119 4704 ἐκ
2151 4650 2242 4705 τοῦ
2272 4650 2662 4722 θυσιαστηρίου
2697 4652 2968 4725 ἄνθρακα,
2997 4654 3098 4726 τὴν
3120 4654 3213 4708 τοῦ
3243 4657 3453 4726 Κυρίου
3480 4658 3640 4729 ἡμῶν

2054 4740 2470 4812 ὲνανθρώπησιν
2520 4742 2741 4813 θεωρῶν
2778 4744 3194 4815 τηλαυγέστατα
3227 4748 3363 4819 (Μ).
3396 4750 3641 4821 ’Δνθραξ

447 4876 493 4908 ³⁸
521 4873 566 4928 li
596 4874 730 4946 Reg.
773 4887 959 4938 xxxiv,
1002 4871 1073 4927 i3
1101 4886 1253 4942 seqq.
1333 4872 1381 4904 "
1418 4869 1557 4927 Psal.
1593 4887 1797 4940 cum,
1827 4875 1883 4930 2.
1959 4878 2006 4910 ⁵⁸
2035 4844 2142 4934 ιεᾶ.
2170 4894 2250 4945 vi,
2281 4877 2334 4932 6.

1444 4987 1678 5045 VARI/lt}
1719 4991 2106 5051 LECTIONES
2143 4994 2233 5050 ET
2280 4992 2513 5051 NOTIE.

445 5150 557 5223 (39)
586 5147 713 5223 Haec
742 5148 797 5202 in
824 5149 930 5223 Al_t_.
948 5150 1283 5223 inscribitur,
1309 5145 1620 5223 p_on,T0t_i6q.
1647 5148 1943 5223 sed_Todp-

372 5216 777 5296 6ᾳ’στρατιώτη
804 5256 820 5282 ,
848 5216 1285 5296 -Τκτῡρυριὶίὶιξη
1310 5219 1463 5296 vers.
1510 5218 1545 5272 5
1589 5216 1698 5296 pro
1721 5216 1944 5296 ’διάγειν

371 5285 431 5348 ὲν
462 5285 621 5361 πόλει
643 5285 814 5361 codd.
848 5285 971 5361 γει.
1016 5287 1120 5340 649
1147 5299 1201 5341 et
1224 5288 1333 5361 Alt.
1364 5287 1565 5361 legunt‘
1585 5285 1817 5343 διαθέειν
1837 5285 1944 5361 ’τὴν

373 5362 549 5417 πόλιν.
585 5360 737 5413 Vers.
782 5358 816 5412 5
866 5357 1108 5411 lacunam
1158 5359 1420 5412 asterisco
1458 5357 1749 5411 indicatam
1781 5357 1938 5415 codd.

372 5431 701 5485 Barberiuus
731 5439 787 5482 et
831 5427 940 5481 Alt.
993 5425 1212 5492 explent
1244 5427 1487 5481 addendo
1516 5426 1639 5483 καί.
1681 5427 1831 5485 Vers.
1862 5428 1944 5482 ul-

374 5502 507 5555 timo
524 5500 677 5554 codd.
713 5498 835 5553 Vat.
872 5495 977 5568 649
1000 5504 1053 5547 et
1082 5494 1190 5548 Alt.
1216 5510 1322 5552 non
1349 5495 1488 5552 male
1527 5497 1686 5561 πόνος
1716 5512 1814 5568 pro
1842 5498 1942 5552 πό-

370 5569 534 5641 λεμος
560 5569 906 5624 substituunt.
938 5565 1154 5620 Possm.

2124 5152 2237 5223 (40)
2267 5149 2540 5205 Lacunam
2576 5154 2793 5223 explent
2822 5152 2981 5207 ambo
3007 5154 3165 5208 iidem
3189 5155 3352 5209 codd.
3386 5155 3550 5212 Barb.
3582 5166 3638 5213 et

2050 5221 2157 5275 Alt.
2184 5221 2468 5276 inserendo
2507 5222 2624 5277 καί.
2647 5221 2818 5279 Ὺθτε.
2857 5223 2911 5287 8,
2963 5226 3083 5278 cod.
3124 5224 3235 5278 Alt.
3274 5226 3637 5291 μεταϐάλλεις

2050 5292 2219 5347 vertit
2244 5294 2295 5343 iu
2336 5291 2744 5359 μεταλλάττεις.
2782 5293 2994 5347 Possm.

2121 5361 2231 5429 (41)
2268 5360 2421 5434 Quod
2463 5363 2527 5434 in_
2558 5363 2727 5434 editis
2759 5373 2863 5427 est,
2917 5363 3144 5434 βεωρῶν
3192 5365 3637 5434 τηλαυγέστατα,

2047 5429 2157 5504 git.
2234 5431 2365 5504 _cod.
2446 5432 2665 5485 exhibet
2728 5432 2980 5504 προορῶν
3034 5429 3446 5504 ’τηλαυγότα-ἐα.
3507 5429 3637 5495 Post

2048 5498 2498 5581 ἔνθραξηγςνειιε
2553 5498 2834 5581 sequentis
2873 5498 3029 5581 idem
3066 5498 3245 5581 _e't_)d.,'
3299 5506 3638 5581 astipulante

2050 5569 2226 5624 Vatic.
2263 5569 2389 5634 649,
2428 5569 2641 5641 supplet
2667 5572 2798 5641 γάρ,
2856 5573 3010 5642 cujus
3047 5572 3299 5628 defectus
3357 5569 3426 5629 in'
3469 5577 3640 5632 editis

3659 4841 3670 4873 Ξ
