3944 6138
298 236 395 302 Ξίό

1242 245 1772 307 EPIS’I‘OLARUM
1814 246 1955 304 LIB.
2002 245 2048 303 Ι.
2078 271 2143 277 -ο
2172 246 2403 305 EPIST.
2447 241 2593 305 LII.‘

3438 252 3546 319 214

302 363 392 417 φον
425 347 587 417 μιμῇ,
620 345 653 416 ἢ
686 346 1017 417 ἐργάζεσθαι
1052 349 1359 415 παίδευσον,
1394 352 1426 421 ἢ
1461 351 1558 421 τὴν
1602 356 1873 420 πρόφασιν

1990 351 2122 407 :irca
2154 352 2197 406 si
2232 359 2284 405 et
2317 351 2534 407 Christo
2580 352 2690 409 Deo
2722 352 3095 425 oblemperas..
3130 365 3182 410 et
3203 358 3543 427 sapientissi

300 437 534 504 δίδαξον,
578 433 766 511 ἀφ’ἦς
818 441 911 494 καὶ
958 442 1365 513 τραφήσονται,
1417 444 1511 496 καὶ
1560 443 1868 497 ἀνάπαυσιν

298 528 511 594 ἕξουσι,
565 531 661 582 καὶ
714 530 969 600 πονηρῶν
1017 531 1292 601 λογισμῶν
1349 532 1773 605 καθαρεύουσιν,
1818 534 1867 585 οἱ

305 619 433 688 μήτε
473 620 693 691 Χριστῷ
740 621 1184 694 πειθαρχοῦντες,
1228 625 1365 695 μήτε
1396 624 1593 695 Παύλῳ
1634 624 1866 679 ἀκολου-

302 708 527 773 θοῦντες.

474 915 555 969 N'.
576 944 650 954 —
675 915 1060 987 ΣΤΡΑΤΗΓΙῼ
1098 918 1208 988 (49)
1241 920 1677 991 ΑΝΑΓΝΩΣΤῌ,

568 1007 629 1059 Τί
666 1008 947 1077 σημαίνει
983 1009 1021 1075 ἡ
1061 1010 1312 1078 καρυτνη
1344 1010 1587 1077 ῥάϐδος,

377 1119 597 1173 Ῥάϐδον
629 1123 895 1193 καρυϊνην
938 1116 1079 1176 εἶδεν
1114 1123 1418 1194 Ἱερεμίας,
1453 1125 1481 1177 ό
1514 1124 1621 1177 τῶν
1658 1143 1866 1196 προφη-

301 1211 402 1264 τῶν
449 1212 851 1277 πολυκίνδυνος,
896 1213 1198 1285 ἱερωσύνης
1243 1213 1519 1281 ὑπόθεσιν,
1552 1210 1619 1286 ἧς
1661 1216 1727 1268 τὰ
1770 1218 1869 1285 μὲν

300 1301 547 1372 προφανῆ
578 1304 671 1356 καὶ
707 1304 1024 1368 ὲπιπόλαια,
1056 1306 1150 1359 καὶ
1184 1306 1260 1368 ὡς
1300 1306 1365 1360 ἄν
1409 1323 1492 1369 τις
1518 1308 1662 1359 εἴποι
1692 1309 1868 1377 προοί-

302 1412 411 1465 μια,
444 1397 717 1449 στυπτικὰ
749 1396 843 1449 καὶ
875 1397 1081 1467 τραχέα
1110 1398 1389 1467 τυγχάνει,
1423 1399 1517 1451 καὶ
1541 1399 1869 1471 δριμύτητος

301 1487 525 1556 μέτοχαο
557 1485 627 1538 τά
653 1485 708 1538 δὲ
738 1486 944 1557 κρύφια
971 1488 1065 1539 καὶ
1090 1486 1355 1557 ὲσώτερα,
1393 1488 1630 1560 σταθερά
1672 1507 1731 1542 τε
1777 1491 1869 1542 καὶ

300 1576 512 1645 βέϐαια,
544 1578 639 1629 καὶ
665 1577 942 1647 στηρίζειν
974 1577 1267 1647 δυνάμενα.
1302 1579 1423 1649 Χρὴ
1456 1580 1634 1632 τοίνυν
1670 1582 1763 1633 καὶ
1801 1580 1870 1633 τὰ

1973 458 2116 495 mum
2160 442 2383 500 Paulum
2420 444 2672 507 imitaris,
2720 452 2812 499 aut
2842 461 2934 499 eos
2962 445 3214 500 laborare
3258 448 3415 514 doce,
3450 466 3544 505 aut
3616 492 3619 493 ν

1971 548 2191 588 causam
2214 543 2269 588 et
2297 544 2613 603 praetextum
2654 536 2886 605 aliquem
2912 539 3161 601 ostende,
3203 537 3272 591 ob
3304 554 3463 608 quem
3490 551 3544 596 ct

1970 624 2201 692 alentur,
2236 633 2290 679 et
2315 625 2549 693 quietem
2576 627 2917 693 obtinebunt,
2956 636 3011 681 et
3042 629 3303 697 improbis
3332 633 3539 699 cogita-

1973 716 2207 771 tionibus
2236 718 2503 771 vacahunt
2540 736 2553 771 :
2588 718 2677 787 qui
2734 734 2829 773 nec
2875 718 3094 774 Christo
3140 721 3456 779 obedientcs
3486 740 3575 779 se-

1971 807 2229 875 praebent,
2260 822 2355 862 nec
2386 806 2535 862 Pauli
2555 808 2799 879 'vcstigia
2830 821 3155 878 sequuntur.

2287 923 2347 977 L.
2381 954 2450 964 -—-
2482 924 2874 980 STRATEGIO
2906 925 3223 983 LECTORI.

2352 1015 2492 1079 Quid
2514 1014 2772 1084 signiﬁcet
2798 1032 2963 1069 nucea
2996 1018 3160 1088 virga.

2046 1129 2258 1199 Virgam
2283 1143 2507 1183 nuceam
2532 1129 2666 1182 vidit
2696 1128 2956 1184 Jeremias
2972 1130 3017 1161 ⁸ο
3044 1172 3059 1194 ,
3082 1132 3165 1183 vir
3187 1131 3238 1185 in
3266 1130 3531 1201 pluribus,

1970 1237 2131 1291 quam
2179 1221 2268 1273 alii
2328 1220 2623 1289 prophetae,
2672 1221 2928 1289 periculis
2967 1232 3233 1288 versatus,
3270 1224 3542 1277 sacerdoti

1973 1324 2157 1383 typum
2198 1321 2250 1365 et
2283 1320 2666 1379 argumentum
2703 1330 2715 1365 :
2752 1313 2907 1380 cujus
2938 1315 3237 1382 perspicua:
3268 1324 3323 1368 et
3354 1330 3547 1384 supcr-

1974 1405 2192 1461 iiciariae
2216 1414 2417 1474 partes,
2445 1414 2629 1471 atque,
2664 1413 2723 1455 ut
2745 1404 3013 1471 quispiam
3050 1404 3283 1461 fortasse
3313 1407 3532 1467 dixerit.

1972 1497 2293 1566 primordia,
2345 1494 2701 1563 astringentia
2749 1505 2803 1548 et
2851 1510 3043 1561 aspera
3100 1508 3248 1560 sunt,
3308 1498 3545 1552 acrimo-

1972 1589 2171 1657 niaque
2222 1587 2484 1656 praedita;
2531 1586 2759 1640 occultae
2816 1596 2995 1641 autem
3051 1597 3214 1656 atque
3259 1588 3548 1643 interiores

296 1666 527 1719 ιπίπονα
572 1665 671 1734 τῆς
723 1667 1024 1735 ἱερωσύνης
1078 1667 1264 1735 φέρειν
1312 1668 1605 1733 γενναίως,
1658 1668 1751 1721 καὶ
1801 1670 1868 1721 τὰ

1990 1688 2154 1733 tartes
2190 1676 2413 1731 stabiles
2444 1685 2498 1731 et
2527 1676 2696 1730 firma:
2720 1686 2870 1742 sunt,
2909 1692 2975 1732 ac
3018 1676 3273 1733 fulciendi
3310 1680 3414 1732 vim
3455 1681 3550 1732 ha—

297 1756 502 1810 ἔπαθλα
524 1757 725 1826 ταύτης
755 1756 1073 1827 περιμένειν
1103 1756 1416 1826 προθύμως.

540 2056 672 2109 NA'.
722 2088 789 2098 -
836 2056 1214 2129 ΘΕΟΠΟΜΙΙῼ
1254 2058 1616 2131 ΤΡΙΒΟΥΝῼ.

578 2148 718 2215 Περὶ
750 2148 860 2216 τῆς
892 2149 1330 2216 καταραθείσης
1368 2149 1584 2219 συκῆς.

364 2260 479 2331 Τὴν
516 2260 691 2331 συκῆν
736 2261 834 2332 ούχ
878 2260 1067 2325 ἁπλῶς
1094 2263 1122 2315 ό
1155 2263 1359 2332 Κύριος
1391 2264 1764 2334 κατηράσατο,
1796 2265 1872 2334 μὴ

295 2351 449 2407 τοῦτο
471 2352 681 2423 νόμιζε,
713 2346 758 2407 ὦ
797 2354 905 2406 τῶν
952 2353 1111 2407 θείων
1150 2355 1436 2425 άκόρεστε,
1460 2355 1573 2411 ἀλλ’
1599 2356 1687 2409 ἵνα
1725 2354 1871 2425 δείξῃ

296 2448 405 2508 τοῖς
432 2444 748 2515 άγνὼμοσιν
785 2444 1082 2511 Ἰουδαίοις,
1109 2446 1191 2499 ὅτι
1220 2446 1335 2517 ἔχει
1363 2444 1592 2514 δύναμιν
1619 2444 1713 2498 καὶ
1737 2446 1875 2514 πρὸς

296 2536 569 2608 τιμωρίαν
601 2535 900 2606 ἀρκοῦσαν.
920 2536 1137 2608 Ἐπειδὴ
1170 2537 1280 2609 γὰρ
1331 2539 1387 2592 ὲν
1428 2541 1562 2592 πᾶσι
1597 2541 1708 2602 τοῖς
1748 2538 1875 2592 θαύ-

304 2646 465 2699 μασιν
508 2629 663 2683 ούδὲν
700 2630 858 2682 αὑτὸν
898 2631 1250 2701 παρασχόντα
1295 2631 1402 2683 τινὶ
1428 2631 1671 2702 λυπηρὸν
1702 2631 1877 2702 ἑωρά-

298 2738 511 2787 κεισαν,
548 2722 707 2790 μόνον
736 2723 1044 2792 εὐεργετεῖν
1085 2721 1248 2774 αὐτὸν
1294 2720 1679 2792 ὑπελάμϐανον
1717 2720 1878 2773 δύνα-

300 2814 448 2877 σθαι,
468 2814 569 2867 οὐκ
590 2812 781 2883 ἔχοντα
797 2813 885 2884 (50
891 2833 907 2881 ι
931 2812 1134 2868 κακοῦν
1162 2814 1290 2877 τοὺς
1316 2813 1584 2884 πονηροὺς
1606 2812 1873 2877 ἐξουσίαν.

314 2905 408 2959 Ἐκ
436 2904 540 2975 τῆς
567 2903 775 2973 ἀψύχου
814 2903 989 2957 τοίνυν
1016 2902 1225 2969 οὐσίας,
1252 2901 1428 2956 πείθει
1459 2902 1551 2956 τὸν
1586 2903 1878 2973 ἀχάριστον

1973 1773 2122 1825 bent.
2171 1767 2531 1835 Quamobrem
2598 1774 2653 1821 ct
2716 1769 3009 1823 sacerdotii
3065 1769 3279 1824 labores
3329 1779 3550 1823 strenue

1975 1865 2116 1919 ferre
2153 1872 2385 1931 oportet,
2434 1870 2485 1914 et
2532 1861 2699 1929 ipsius
2742 1862 2962 1929 praemia
3010 1873 3259 1932 prompto
3297 1874 3351 1915 Cl
3381 1862 3545 1916 alacri

1974 1954 2155 2007 animo
2184 1962 2520 2020 exspectare.

2257 2065 2341 2122 LI.
2372 2097 2442 2106 ——
2473 2064 2891 2122 THEOPOMPO
2940 2066 3263 2124 TRIBUNU.

2487 2156 2564 2211 De
2590 2158 2871 2213 maledicta
2911 2158 3038 2226 ﬁcu.

2047 2273 2359 2327 Ficulneam
2395 2272 2654 2327 Dominus
2684 2273 2825 2327 haud
2844 2274 2959 2327 sine
2982 2287 3142 2327 causa
3168 2272 3549 2327 exsecratione

1949 2363 2409 2435 .devittxit“'(ne
2452 2365 2504 2418 id
2538 2365 2841 2431 existimes,
2880 2365 2971 2433 qui
3023 2380 3201 2418 rerum
3244 2364 3549 2417 divinarum

1977 2455 2285 2526 inexplebili
2340 2456 2632 2525 cupiditate
2681 2454 2931 2525 ﬂagras),
2981 2470 3161 2508 verum
3219 2466 3275 2507 ut
3322 2453 3548 2522 ingratis

1976 2547 2176 2603 Judaeis
2218 2547 2345 2601 illud
2378 2548 2716 2610 ostenderet,
2747 2561 2806 2600 se
2854 2562 2975 2601 eam
3025 2547 3129 2600 vim
3156 2545 3388 2614 .haltere,
3437 2560 3555 2613 qua:

1980 2637 2263 2693 inferendo
2311 2652 2527 2708 quoque
2580 2637 2847 2707 supplicio
2896 2652 2991 2705 par
3057 2646 3223 2690 esset.
3285 2635 3554 2701 Quoniam

1977 2728 2122 2783 enim
2165 2742 2287 2783 eum
2339 2728 2394 2781 in
2446 2728 2701 2783 omnibus
2736 2725 3013 2780 miraculis
3057 2724 3257 2778 nullam
3297 2725 3546 2793 cuiquam

1982 2818 2282 2872 molestiam
2312 2815 2564 2873 intulisse
2599 2825 3013 2887 perspexerant,
3049 2815 3250 2871 idcirco
3278 2830 3401 2869 eum
3428 2830 3553 2885 pro-

1982 2909 2137 2963 desse
2184 2917 2392 2962 tantum
2439 2922 2599 2977 posse
2636 2908 3023 2962 existimabant
3072 2924 3085 2959 :
3136 2922 3199 2961 ac
3252 2922 3358 2961 non
3420 2895 3571 2960 item

299 2996 495 3067 δῆμον,
525 2996 609 3049 ὅτι
642 2995 739 3049 καὶ
767 2994 1076 3064 ἀμύνασθαι
1100 2993 1345 3057 δύναται,
1380 2994 1475 3048 καὶ
1497 2994 1573 3057 ὡς
1593 2994 1798 3062 ἀγαθὸς
1818 2996 1878 3047 ού

1990 3014 2101 3052 eam
2146 3000 2253 3053 vim
2290 2999 2513 3063 habere,
2560 3013 2661 3065 qua
2711 2998 2983 3066 improbos
3028 2995 3168 3049 malo
3198 2993 3408 3049 allicere
3438 3010 3558 3063 pos-

302 3085 995 3159 βεϐούλευται.Ἐξηράνθη
1042 3081 1135 3139 οὖν
1181 3085 1357 3150 ξύλον,
1395 3086 1481 3137 ἵνα
1533 3085 1743 3157 φοϐήσῃ
1785 3087 1873 3139 ἀν·

302 3180 737 3253 θρώπους.”Αμα
764 3178 819 3231 δέ
850 3195 934 3241 τις
978 3177 1151 3247 τούτῳ
1194 3177 1288 3230 καὶ
1328 3175 1643 3247 ἀπόρρητος
1669 3177 1876 3244 συμπέι

302 3272 535 3325 πλεκται
565 3270 743 3338 λόγος,
780 3269 929 3338 παρὰ
955 3268 1223 3339 γερόντων
1264 3268 1343 3330 είς
1371 3269 1519 3337 ἡμᾶς
1553 3266 1732 3336 σοφῶν
1761 3267 1877 3319 δια-

302 3364 569 3433 φοιτήσας
592 3377 607 3390 ·
642 3362 721 3414 ὅτι
761 3360 823 3413 τὸ
855 3358 1010 3427 ξύλον
1053 3360 1152 3429 τῆς
1199 3358 1562 3429 παραϐάσεως
1608 3356 1788 3422 τοῦτο,
1819 3354 1877 3412 οὗ

302 3458 402 3508 καὶ
452 3457 563 3519 τοῖς
617 3452 837 3523 φύλλοις
881 3454 958 3516 είς
1005 3452 1213 3523 σκέπην
1243 3453 1290 3504 oi
1320 3450 1668 3521 παραϐάντες
1708 3450 1877 3520 ἐχρή-

302 3562 491 3601 σαντο.
516 3546 625 3599 Καὶ
654 3543 937 3615 καηράθη
984 3544 1136 3614 παρὰ
1176 3541 1412 3613 Χριστοῦ
1461 3540 1877 3611 φιλανθρώπως,

303 3637 505 3709 μηκέτι
556 3635 767 3707 καρπὸν
815 3637 1060 3703 ἐνεγκεῖν
1107 3634 1278 3687 αἴτιον
1331 3632 1621 3703 ἁμαρτίας.
1661 3631 1877 3698 Ἐπειδὴ

296 3726 536 3797 δευτέρα
570 3724 705 3779 Θεοῦ
736 3726 1029 3795 παρουσία,
1056 3725 1191 3797 πρὸς
1212 3723 1623 3794 ὲνανθρώπησιν
1657 3722 1754 3792 μὲν
1780 3721 1880 3773 οὐκ

298 3820 445 3882 ἔστι,
478 3818 614 3889 πρὸς
652 3817 710 3870 δὲ
730 3817 874 3871 τίσιν
897 3816 1006 3869 τῶν
1032 3814 1437 3886 πεπραγμένων
1468 3814 1703 3883 ἑκάστῳ.

1986 3102 2086 3144 set.
2123 3089 2486 3156 Quamobrem
2513 3104 2544 3141 a
2570 3088 2871 3142 substantia
2897 3088 3091 3141 anima:
3120 3087 3351 3155 experti,
3388 3101 3555 3155 μορυ-

1987 3182 2096 3235 lum
2130 3182 2399 3251 ingratum
2455 3179 2729 3243 admonet,
2786 3194 2845 3233 se
2891 3178 3080 3233 ulcisci
3124 3177 3340 3247 quidem
3388 3176 3561 3244 ipsius

1985 3272 2191 3328 scelera
2220 3287 2401 3343 posse,
2435 3273 2528 3327 sed
2570 3286 2667 3341 pro
2703 3286 2798 3326 sua
2834 3272 3078 3327 bonitate
3123 3270 3285 3325 nolle.
3336 3268 3563 3321 Exaruit

1986 3363 2149 3433 igitur
2182 3363 2366 3429 arbor,
2413 3371 2470 3416 ut
2503 3359 2812 3417 hominibus
2860 3372 3121 3417 terrorem
3162 3361 3389 3432 injiciat.
3420 3360 3561 3427 Quin

1990 3451 2042 3504 in
2074 3451 2173 3506 hac
2198 3435 2409 3520 quoque
2467 3466 2523 3505 re
2571 3467 2804 3506 arcanus
2847 3452 3064 3520 quidam
3106 3466 3286 3505 sermo
3318 3464 3562 3503 annexus

1989 3553 2097 3607 est,
2120 3556 2149 3595 a
2180 3542 2401 3596 senibus
2436 3543 2773 3611 sapientibus
2805 3543 2868 3595 ad
2903 3558 2998 3595 nos
3024 3554 3324 3610 grassatus,
3369 3556 3563 3607 nempe

1990 3634 2129 3687 hanc
2198 3633 2645 3702 transgressionis
2692 3634 2944 3688 arborem
2995 3648 3137 3697 esse,
3187 3634 3341 3702 cujus
3391 3632 3557 3685 etiam

1989 3724 2132 3779 foliis
2160 3726 2227 3780 ad
2255 3741 2453 3795 corpus
2484 3729 2770 3797 tegendum
2829 3726 2886 3791 ii,
2920 3726 3012 3794 qui
3057 3726 3365 3779 mandatum
3394 3724 3562 3775 viola-

1993 3823 2138 3880 runt,
2194 3816 2275 3870 usi
2332 3825 2479 3870 sunt.
2538 3818 2616 3871 Ac
2665 3816 2893 3886 proinde
2935 3815 3185 3869 Christus
3236 3814 3471 3867 humano
3501 3827 3565 3863 ac

300 3910 657 3965 misericordi
710 3910 894 3964 animo
938 3909 1040 3963 hoc
1093 3908 1142 3962 ei
1190 3907 1520 3975 imprecatus
1572 3912 1677 3969 est,
1731 3912 1883 3957 utne
1922 3906 2149 3973 posthac
2182 3905 2438 3972 fructum,
2507 3908 2717 3978 peccati
2749 3923 2993 3973 causam,
3065 3907 3250 3961 ferret.
3296 3904 3565 3971 Quando-

299 4002 529 4072 quidem
562 4001 832 4057 secundus
870 4000 964 4054 Dei
993 3999 1259 4054 adventus
1317 4011 1421 4052 non
1456 3995 1570 4066 jam
1640 3996 1707 4048 ad
1773 3994 2159 4051 humanitatem
2206 3998 2384 4053 denuo
2433 4001 2812 4055 assumendam
2857 3999 2979 4064 erit,
3031 4012 3220 4053 verum
3288 3996 3356 4051 ad
3383 3994 3565 4093 scelc:

303 4113 460 4162 rum,
485 4110 607 4165 qua:
633 4093 865 4163 quisque
890 4090 1239 4161 perpetrarit,
1268 4090 1550 4145 ultionem.

626 4209 839 4263 NB'.-—
859 4207 1219 4277 ΛΑΜΠΕΤΙῼ
1257 4206 1567 4276 ΜΟΝΔΧῼ.

814 4299 976 4357 Κατὰ
1013 4300 1378 4368 Μανιχαιων.

2225 4208 2329 4279 ιθ
2352 4207 2460 4263 Lll.
2490 4237 2558 4249 --
2586 4206 2937 4262 LAlllPETlO
2981 4201 3337 4265 MONACHO.

2497 4296 2693 4353 Contra
2721 4297 3067 4352 Mauichwos.

378 4417 583 4472 Πολλαὶ
612 4418 914 4487 προφάσεις
934 4417 1042 4471 εἰσὶ
1064 4418 1164 4488 τῆς
1191 4416 1401 4487 ἀποχῆς
1422 4416 1532 4470 τῶν
1557 4415 1878 4487 βρωμάτων,

2062 4410 2239 4466 Multae
2265 4424 2440 4466 causae
2468 4420 2625 4476 sunt,
2658 4408 3006 4478 quamobrem
3050 4421 3080 4460 a
3127 4405 3265 4461 cibis
3302 4404 3567 4472 quispiam

298 4509 405 4565 καὶ
444 4508 569 4572 ἔθος
602 4508 699 4563 καὶ
731 4508 915 4577 φύσις,
943 4510 1036 4562 καὶ
1068 4508 1285 4579 γνῶμαι
1331 4508 1398 4561 δι’
1428 4507 1755 4576 ἐγκράτειαν
1801 4522 1893 4557 τε·

299 4605 572 4676 λούμεναι
604 4605 738 4675 (5|).
757 4604 830 4658 Τὸ
868 4606 967 4675 μὲν
993 4604 1104 4674 γὰρ
1133 4604 1282 4675 νόμῳ
1306 4603 1565 4666 πολλάκις
1597 4600 1891 4673 παραδίδο-

383 4762 429 4792 ‘°
487 4758 597 4815 Jer.
632 4776 669 4826 ι,
715 4759 803 4813 11.
884 4755 949 4788 ⁸⁸⁸
974 4756 1241 4823 Marcat,
1271 4760 1356 4823 Η.

2001 4519 2061 4560 se
2084 4504 2375 4568 abstineat,
2402 4502 2655 4557 nimirum
2689 4511 2743 4555 et
2769 4500 3124 4560 consuetudo,
3173 4507 3229 4551 et
3274 4507 3484 4555 natura,
3515 4506 3571 4548 et

2002 4596 2270 4661 instituta,
2315 4609 2435 4664 qua:
2481 4594 2826 4648 continentia:
2881 4605 3044 4647 causa
3087 4587 3374 4643 obeuntur.
3434 4586 3563 4638 Nam

1416 4910 1651 4967 VARle
1690 4906 2081 4965 LECTIONES
2113 4905 2203 4960 ET
2234 4904 2467 4963 NOTAE.

410 5077 506 5141 49)
565 5073 881 5131 lnscribitur
934 5074 1051 5127 haec
1093 5071 1318 5142 epistola
1376 5073 1426 5125 in
1480 5068 1801 5142 codd.__A|t_.
1833 5081 1888 5123 et

309 5141 441 5271 gat.
473 5138 576 5202 διν
636 5160 746 5201 non
804 5138 1144 5214 Σρατηγίῳί
1172 5143 1266 5197 sed
1305 5140 1600 5210 Σταγιρίῳ,
1635 5138 1887 5208 Stagirio.

360 5230 530 5271 essm.

360 5230 530 5272 OSSIN.

392 5287 509 5358 (50)
560 5284 837 5358 Lacunam
869 5284 1129 5358 asterisco
1175 5280 1467 5358 indicantem
1492 5279 1760 5358 .explesis,
1797 5294 1896 5356 an:

309 5349 563 5411 cuit-ibus
578 5354 740 5410 codd.
759 5354 967 5408 duobus
990 5354 1171 5416 Alt.,et
1197 5349 1316 5404 Vat.
1339 5350 1464 5412 649,
1492 5350 1777 5403 inserendo
1802 5349 1895 5401 τοῦ

314 5427 467 5480 inter
494 5425 697 5495 ἔχοντα
718 5433 774 5495 et
803 5422 1027 5495 κακοῦν.
1060 5422 1245 5495 Versu
1279 5422 1404 5495 inde
1440 5420 1595 5495 tertio
1652 5420 1893 5495 pro

314 5487 612 5548 causa?”
667 5494 832 5547 iidem
913 5493 1112 5545 habent
1152 5490 1525 5560 βεϐούληται..
1557 5487 1721 5560 Versu
1772 5489 1896 5560 hinc

314 5568 498 5619 altero
551 5573 672 5633 post
715 5562 1021 5633 ἀπόρρητος
1051 5631 1059 5633 _
1090 5557 1431 5633 particulam
1467 5557 1608 5633 τάχα
1649 5558 1699 5610 hi
1739 5557 1897 5633 ambo

318 5635 488 5690 codd.
519 5627 792 5689 inserunt.
824 5627 976 5685 Vers.
1013 5627 1107 5686 ult.
1137 5630 1255 5687 cod.
1278 5629 1385 5685 Alt.
1419 5629 1543 5698 legit
1588 5627 1737 5679 ἔσται
1782 5627 1898 5681 loco

1997 5068 2131 5122 ἔστι.
2166 5066 2230 5120 Et
2249 5074 2388 5133 post,
2407 5064 2540 5135 πρὸς
2557 5064 2637 5127 δέ,
2670 5071 2778 5116 tam
2816 5060 2955 5113 idem
2978 5059 3086 5113 Alt.
3115 5074 3274 5135 quam
3308 5060 3424 5135 Vat.
3450 5060 3575 5135 649,

2001 5132 2299 5208 adiungunt
2332 5132 2509 5204 κρίσιν
2537 5134 2629 5185 καὶ
2652 5150 2800 5208 τιμ.,
2827 5141 2955 5208 etc_.,
2992 5144 3112 5208 qua:
3152 5132 3286 5208 satis
3312 5132 3576 5185 verisimi-

2004 5199 2127 5261 liter
2161 5199 2329 5273 proba
2361 5199 2497 5273 sunt
2522 5210 2577 5256 et
2599 5199 2758 5273 editis
2784 5199 3136 5273 przei'erenila.
3174 5199 3384 5273 Possm.

2079 5276 2133 5345 (5
2145 5266 2373 5345 l')Verba
2397 5272 2612 5345 γνῶμαι
2650 5266 2971 5345 τελούμεναι
2995 5266 3577 5345 etierunturnsingu'lari

2011 5335 2236 5399 munero
2268 5344 2321 5395 in
2369 5335 2576 5394 duobus
2608 5343 2763 5394 codd.
2799 5335 2908 5391 Alt.
2959 5350 3015 5393 et
3060 5340 3177 5391 Vat.
3216 5338 3341 5396 649,
3385 5335 3580 5404 γνώμη

2004 5412 2322 5481 τελουμένη.
2353 5480 2357 5481 ν
2387 5412 2515 5476 Quae
2569 5419 2867 5481 sequuntur
2913 5410 2963 5461 in
2990 5409 3166 5481 __edito
3212 5407 3349 5458 haud
3376 5407 3580 5481 “dubie

2008 5474 2257 5537 mendosa
2289 5474 2370 5550 ’τῷ
2414 5474 2521 5550 ⁷μὲν
2556 5474 2663 5550 γὰρ
2714 5480 2860 5549 νόμῳ
2920 5478 3175 5550 πολλάκις
3221 5474 3579 5550 παραδέδοται

2005 5554 2145 5623 ἔθος.
2182 5548 2496 5620 Ουτιυὶιςθεχ
2537 5548 2722 5605 iisdem
2756 5550 2910 5603 codd.
2956 5550 3015 5597 τὸ
3054 5548 3149 5614 μὲν
3182 5548 3578 5623 '{aplrelertur

2011 5628 2072 5678 ud
2100 5622 2214 5683 ἔθος
2251 5615 2475 5690 primum
2510 5636 2703 5674 nomen
2744 5630 3204 5683 cnumcratortttn)
3256 5615 3403 5683 νόμῳ
3452 5615 3578 5664 πολ-
