3944 6138
316 230 421 298 219

884 340 1014 396 LVI.
1048 370 1119 383 —
1149 342 1328 397 NILO.

818 431 890 485 De
927 430 961 483 ,1
967 433 1069 484 uda
1107 433 1393 501 proditore.

391 544 508 599 Non
540 543 665 613 quia
696 542 949 598 Dominus
972 541 1124 598 Judze
1149 544 1472 599 voluntatem
1502 548 1776 615 animique
1804 547 1888 600 in-

321 637 567 691 stitutum
601 634 875 703 praedixit,
908 632 989 686 vir
1016 635 1242 699 eximie,
1275 636 1475 690 idcirco
1502 637 1590 691 ille
1620 638 1672 691 in
1705 638 1887 706 prodi-

256 783 266 792 ,
322 728 484 782 tionis
507 728 711 781 crimen
741 726 922 795 lapsus
947 735 1028 779 est
1059 743 1073 779 :
1098 740 1279 779 verum
1308 726 1431 795 quia
1458 727 1618 780 homo
1646 728 1886 782 nefarius

321 821 676 890 proditionem
708 820 1060 887 parturiehat,
1094 818 1213 872 ideo
1246 818 1311 882 is,
1342 819 1433 886 qui
1465 818 1675 873 abditos
1708 828 1763 872 et
1789 833 1885 872 oc-

321 911 492 964 cultos
514 911 745 978 pectoris
770 920 946 963 motus
970 908 1245 973 cernebat,
1268 908 1445 962 futura
1472 918 1726 979 tanquam
1751 922 1888 979 pra:-

320 1002 491 1057 sentia
523 1000 975 1070 praemonstravit.

854 1110 1007 1165 LVII.
1044 1142 1112 1154 --
1144 1108 1351 1165 CYRO.

394 1202 463 1256 In
495 1202 625 1257 illud
655 1203 884 1269 dictant,
928 1221 945 1254 ι
986 1203 1094 1256 Nec
1130 1206 1341 1303 rzt'ittunt
1378 1202 1551 1257 vinum
1587 1201 1640 1255 in
1674 1210 1815 1255 utres

960 1289 1113 1326 novos
1144 1289 1263 1324 ν’.)

389 1377 514 1444 Eos,
550 1380 640 1448 qui
683 1381 736 1433 in
776 1389 1038 1435 vetustate
1079 1388 1544 1450 computruerunt,
1587 1394 1886 1448 novamque

320 1470 549 1539 gratiam
582 1454 910 1539 rejererunt,
941 1482 1091 1526 utres
1120 1482 1329 1525 veteres
1363 1471 1617 1523 Dominus
1648 1470 1882 1539 appella-

320 1560 418 1622 vit,
448 1570 505 1613 ut
533 1560 621 1626 qui
654 1559 1049 1628 frangerentur,
1083 1575 1147 1613 ac
1175 1576 1368 1614 novum
1402 1561 1551 1627 regni
1582 1575 1883 1613 sermonem

318 1650 675 1704 effunderent.
713 1648 831 1714 Quo
874 1650 926 1703 in
969 1664 1163 1718 genere
1211 1649 1376 1703 fuisse
1416 1648 1649 1718 Caiphas
1692 1649 1882 1712 depre-

322 1739 521 1791 hensus
537 1736 784 1792 est.Nam
803 1754 922 1793 cum
947 1754 976 1792 a
1000 1740 1222 1793 Domino
1240 1738 1514 1801 audiisset,
1553 1756 1570 1789 ‹
1594 1738 1762 1792 Filius
1788 1739 1879 1791 Dei

320 1843 438 1881 sum
455 1829 545 1893 “',
574 1848 592 1881 ι
622 1830 779 1899 fregit
802 1831 1136 1885 vestimenta.
1182 1830 1287 1899 18
1319 1829 1383 1883 At
1413 1845 1537 1883 vero
1552 1828 1761 1895 Petrus,
1792 1829 1882 1897 qui

323 1919 554 1987 Spiritus
585 1920 707 1973 vita:
744 1920 911 1990 legem
947 1930 1249 1989 acceperat,
1288 1934 1391 1972 non
1430 1919 1748 1983 modo,cnm
1786 1918 1882 1969 do-

317 2018 554 2074 ceretur,
586 2025 690 2064 non
722 2012 916 2073 renuit,
946 2026 1130 2064 verum
1162 2010 1323 2063 etiam
1356 2010 1421 2063 ad
1455 2009 1621 2063 solam
1656 2010 1886 2064 interro-

318 2099 586 2167 gationem
618 2099 895 2154 confessus
939 2110 1019 2154 est
1046 2102 1113 2165 “,
1163 2101 1214 2152 in
1262 2100 1361 2154 hoc
1391 2099 1637 2152 videlicet
1670 2099 1881 2152 insitam

323 2189 568 2245 veritatis
588 2191 945 2260 cognitionem
978 2192 1288 2245 ostendens.

594 2301 773 2357 LVIII.
804 2333 874 2343 —
906 2302 1211 2359 PATRIMO
1246 2299 1600 2357 MONACIIO.

692 2394 771 2447 Ad
805 2410 892 2446 eos
930 2394 1018 2462 qui
1053 2394 1301 2446 miserunt
1332 2392 1509 2446 xenia.

385 2500 632 2559 Oleribus
670 2520 765 2558 nos
802 2505 1035 2573 accipis,
1077 2503 1467 2573 frugalitatem,
1505 2518 1666 2572 quam
1709 2503 1760 2556 in
1798 2503 1878 2557 vi-

318 2604 440 2648 ctus
470 2597 678 2649 ratione
707 2604 882 2659 tenes,
912 2596 1203 2663 prudenter
1230 2596 1537 2657 ostendens,
1569 2611 1633 2647 ac
1667 2593 1877 2648 Domini

318 2684 493 2739 fontes
541 2686 890 2754 prol'nndens,
936 2695 1098 2751 atque
1151 2696 1199 2739 te
1247 2686 1479 2753 paradisi
1528 2685 1778 2739 colonum
1828 2694 1882 2739 et

316 2772 605 2842 agricolam
637 2789 757 2830 esse
788 2789 855 2828 ex
887 2774 1018 2842 ipsis
1048 2775 1203 2828 donis
1237 2774 1452 2844 planum
1485 2774 1705 2830 faciens.

778 2887 912 2945 LIX.
942 2919 1013 2929 -
1045 2888 1410 2945 GORGONIO.

1476 234 1534 294 S.
1576 233 1864 293 ISIDORI
1904 235 2337 294 PELUSIOTA‘I

1920 352 1959 405 Α

1918 1692 1957 1743 Β

317 2978 589 3074 Quomodo
631 2980 763 3034 illud
786 2983 862 3074 ‘sit
890 2981 1277 3074 gite-(ligatam
1296 3022 1322 3062 ,'
1344 3000 1361 3031 ι
1723 2980 1881 3074 gixe-
1907 3016 1950 3074 c

355 3050 419 3102 rit
448 3055 655 3103 verbum
682 3061 861 3106 contra
896 3050 1099 3104 Filium
1127 3052 1376 3115 hominis,
1407 3053 1698 3103 remittetur
1717 3050 1787 3103 ei.
1820 3068 1839 3101 ι

386 3233 744 3301 Quaestionem
773 3238 900 3291 mihi
930 3254 1177 3309 magnam
1202 3241 1308 3294 vim
1333 3240 1614 3294 habentem
1645 3256 1705 3294 ac
1726 3240 1882 3295 valde

315 3326 676 3395 pervulgatam
710 3330 1053 3396 proposuisti,
1084 3341 1243 3399 atque
1275 3347 1302 3383 a
1337 3332 1519 3385 multis
1548 3332 1761 3399 quidem
1796 3333 1881 3384 in-

315 3416 630 3483 testigatam
671 3436 683 3470 :
718 3430 970 3472 caeterum
1005 3421 1072 3473 ab
1106 3422 1170 3474 iis
1205 3420 1353 3484 solis,
1387 3421 1477 3489 qui
1513 3422 1769 3475 divinitus
1803 3421 1881 3473 af-

314 3503 424 3557 flati
469 3518 623 3570 sunt,
666 3520 971 3577 perceptam
1014 3520 1067 3563 et
1106 3514 1584 3579 comprehensam,
1626 3512 1878 3564 nimirum

315 3594 443 3662 quid
489 3595 587 3651 sibi
628 3599 753 3652 velit
796 3601 847 3653 id
890 3602 1028 3669 quod
1066 3603 1143 3655 ait
1180 3602 1455 3669 Christus,
1500 3622 1517 3654 ι
1566 3602 1881 3671 Quicunque

316 3685 518 3739 dixerit
542 3690 762 3743 verbum
793 3692 1050 3749 adversus
1076 3693 1267 3747 Filium
1298 3695 1549 3759 hominis,
1577 3693 1880 3748 remittetur

315 3777 404 3843 ei;
478 3780 782 3847 quicunque
843 3794 1018 3839 autem
1070 3787 1265 3840 dixerit
1313 3790 1570 3841 adversus
1619 3786 1877 3854 Spiritum

315 3879 579 3933 sanctum,
610 3888 711 3925 non
748 3876 1048 3929 remittetur
1075 3878 1146 3936 ei.
1182 3894 1281 3931 nec
1313 3878 1364 3931 in
1398 3879 1495 3931 hoc
1529 3878 1747 3942 saeculo,
1781 3890 1877 3931 nec

3450 242 3561 305 220

2526 340 2665 414 Νςί.
2691 377 2761 386 -
2792 348 3014 421 nemo.

2334 435 2469 503 Περὶ
2517 436 2703 489 Ἰούδα
2742 437 2849 491 τοῦ
2884 438 3209 505 προδότου..

2056 544 2167 614 (55)
2200 545 2312 599 Οὐκ
2344 547 2530 617 ἐπειδὴ
2570 551 2827 618 προεῖπεν
2857 552 2885 603 ὁ
2916 550 3141 621 Κύριος,
3177 545 3221 603 ὧ
3260 549 3557 620 θαυμάσιε,

1983 635 2080 707 τὴν
2117 635 2209 688 τοῦ
2261 636 2432 690 Ἰούδα
2478 638 2810 708 προαίρεσιν,
2844 641 3052 703 ἐκεῖνος
3097 640 3231 711 πρὸς
3284 642 3381 713 τὴν
3418 659 3555 712 προ-

1985 727 2165 779 δοσίαν
2188 726 2508 797 ὠλίσθησεν,
2534 728 2648 781 ἀλλ’
2681 730 2869 798 ἐπειδὴ
2891 729 3046 783 ὢδινε
3074 730 3174 798 τὴν
3203 730 3496 800 ἐπιϐουλὴν
3527 734 3558 784 ὁ

1985 815 2280 886 ἀλιτήριος,
2313 815 2452 886 ὀρῶν
2485 815 2555 868 τά
2592 816 2796 886 κρύφια
2840 818 2938 885 τῆς
2988 818 3220 888 καρδίας
3253 820 3561 890 κινήματα,

1985 908 2051 961 τὰ
2086 907 2346 977 μέλλοντα
2373 907 2448 971 ὡς
2478 907 2719 978 παρόντα
2748 908 3053 980 προειρηνει

2543 1105 2664 1158 NZ'.
2688 1136 2758 1145 ——
2782 1106 2988 1159 ΚΥΡΩ.

1985 1193 2087 1257 Εἰς
2131 1190 2196 1244 τὸ
2226 1190 2561 1261 εἰρημένον,
2597 1212 2614 1243 ι
2649 1192 2802 1246 οὐδὲ
2837 1194 3189 1256 βάλλουσιν
3218 1194 3387 1248 οἶνον
3412 1194 3562 1248 νέον

2387 1263 2474 1327 εὶς
2500 1262 2732 1326 ἀσκοὺς
2769 1264 3083 1328 παλαιούς.
3118 1282 3136 1313 ι

2056 1373 2193 1437 Τοὺς
2218 1374 2487 1437 σαπέντας
2520 1378 2586 1445 τῇ
2617 1375 2958 1445 παλαιότητι,
2993 1377 3084 1429 καὶ
3110 1377 3209 1447 τὴν
3240 1377 3368 1431 νέαν
3394 1377 3563 1447 χάριν

1984 1462 2375 1533 ἀθετήσαντας,
2420 1466 2621 1528 ἀσκοὺς
2664 1466 2924 1530 παλαιοὺς
2964 1467 2992 1518 ὁ
3034 1467 3237 1538 Κύριος
3285 1470 3560 1540 προσηγόο

1988 1572 2200 1626 ρευσεν,
2234 1555 2308 1617 ὼς
2346 1556 2864 1626 διαρῤηγνυμένους,
2902 1561 2994 1611 καὶ
3041 1560 3132 1612 τὸν
3182 1560 3366 1613 καινὸν
3399 1559 3558 1627 λόγον

1984 1648 2082 1717 τῆς
2111 1647 2385 1715 βασιλείας
2414 1648 2721 1718 ἐκχέοντας.
2762 1650 3018 1715 ,Τοιοῦτος
3060 1653 3089 1704 ὁ
3135 1654 3390 1721 Καϊάφας
3428 1653 3554 1723 ἐλή-

1985 1739 2224 1805 λεγκται.
2275 1739 2537 1802 Ἀκούσας
2572 1740 2681 1810 γὰρ
2712 1740 2862 1810 παρά
2903 1740 3003 1794 τοῦ
3043 1743 3271 1812 Κυρίου,
3307 1745 3389 1797 ὅτι
3430 1744 3560 1806 Υἱὸς

1986 1828 2076 1882 τοῦ
2094 1828 2229 1884 Θεοῦ
2260 1831 2396 1899 είμι,
2424 1829 2673 1901 διέρρηξε
2709 1831 2777 1884 τὰ
2806 1832 3015 1900 ἱμάτια.
3060 1832 3118 1885 '0
3149 1833 3206 1885 δὲ
3236 1834 3439 1903 Πέτρος
3464 1834 3559 1886 τὸν

1985 1921 2147 1990 νόμον
2185 1919 2278 1972 τοῦ
2334 1919 2648 1990 Πνεύματος
2687 1922 2787 1992 τῆς
2831 1921 2974 1991 ζωῆς
3008 1924 3461 1993 προσδεξάμενος,
3492 1926 3559 1977 οὐ

1988 2012 2145 2081 μόνον
2174 2011 2557 2081 διδασκόμενος
2597 2014 2697 2065 οὐκ
2725 2013 3031 2079 ἀνέπλευσεν,
3076 2014 3213 2067 ἀλλὰ
3252 2016 3347 2068 καὶ
3393 2016 3557 2085 μόνον

1983 2103 2277 2173 ἐρωτηθεὶς
2296 2103 2663 2175 ὡμολόγησεν,
2690 2104 2928 2175 ἔμφυτον
2961 2106 3140 2170 δείξας
3162 2107 3263 2178 τῆς
3296 2108 3563 2178 ἀληθείας

1982 2194 2079 2265 τὴν
2105 2195 2328 2265 εἴδησιν.

2192 2309 2325 2362 NH'.
2351 2339 2421 2348 -
2440 2311 2747 2381 ΠΑΤΡΙΜῼ
2764 2310 2879 2381 (56)
2915 2312 3342 2367 MONAZONTI.

2326 2400 2483 2467 Πρὸς
2510 2402 2987 2468 ἀποστείλαντας
3017 2402 3205 2467 ξένια.

2053 2509 2321 2581 Δαχάνοις
2363 2512 2514 2580 ἡμᾶς
2557 2510 2859 2576 δεξιοῠσαι,
2905 2512 3083 2580 σοφῶς
3126 2514 3186 2566 τὸ
3225 2513 3567 2585 ἀπερίεργον

1983 2602 2286 2665 ἐπιδεικνὺς
2326 2602 2423 2671 τῆς
2455 2602 2683 2673 διαίτης,
2726 2605 2819 2655 καὶ
2858 2604 2957 2665 τὰς
2992 2602 3085 2655 τοῦ
3121 2604 3326 2674 Κυρίου
3373 2604 3559 2673 πηγάς

1982 2692 2293 2763 ἀποδρύων,
2338 2694 2431 2746 καὶ
2455 2694 2603 2756 ὅπως
2633 2690 2685 2746 εἴ
2717 2694 2810 2747 τοῦ
2849 2694 3179 2765 παραδείσου
3213 2695 3456 2765 γεωργὸς
3496 2695 3567 2759 ἐξ·

1982 2782 2159 2835 αὐτῶν
2188 2782 2297 2835 τῶν
2314 2782 2501 2852 δώρων
2530 2782 2763 2847 δεικνύς.

2472 2898 2573 2950 ιεγ.
2602 2928 2671 2937 -
2692 2898 3051 2969 ΓΟΡΓΟΝΙῼ.

1983 2987 2115 3052 Πῶς
2161 2986 2413 3055 νοητέον
2456 2985 2523 3038 τὸ
2580 2985 3009 3054 γεγραμμένον,
3068 3005 3086 3036 ι
3143 2988 3240 3052 Ὃς
3296 2985 3372 3038 ἂν
3409 2986 3563 3055 circa

2057 3060 2243 3123 λόγον
2280 3056 2430 3110 κατὰ
2463 3055 2567 3110 τοῦ
2604 3056 2739 3109 Υίοῦ
2761 3056 2866 3109 τοῦ
2893 3056 3227 3124 ἀνθρώπου,
3258 3054 3555 3124 ἀφεθήσε-

2054 3145 2147 3183 ται
2175 3126 2353 3190 αὐτῷ.
2398 3146 2416 3177 ι

2057 3239 2430 3307 Πολυδύναμον
2470 3240 2563 3292 καὶ
2602 3238 3033 3309 πολυθρύλλητον
3076 3226 3554 3310 ἐπεζήτησαςβῆ)

1987 3330 2225 3401 ζήτημα,
2258 3330 2471 3392 πολλοῖς
2499 3328 2599 3399 μὲν
2634 3328 2949 3399 ὲρευνηθὲν,
2997 3329 3178 3399 μόνοις
3215 3330 3271 3382 δὲ
3302 3332 3411 3392 τοῖς
3435 3329 3553 3383 θεο⁸

1987 3419 2266 3481 πνεύστοις
2309 3417 2674 3487 καταληφθὲν,
2724 3436 2743 3470 ι
2778 3420 2873 3481 ’ος
2914 3418 2979 3471 ἂν
3018 3418 3161 3471 εἴποι
3206 3418 3363 3484 λόγον
3410 3419 3557 3473 κατά

1982 3507 2075 3560 τοῦ
2102 3506 2231 3560 Υίοῦ
2263 3506 2357 3560 τοῦ
2395 3507 2703 3577 ἀνθρώπου,
2725 3508 3057 3578 ἀφεθήσεται
3090 3508 3241 3579 αὐτῷ
3262 3523 3275 3538 ·
3308 3509 3368 3573 ὃς
3403 3508 3448 3563 δ’
3483 3508 3555 3561 ἂν

1982 3601 2111 3672 εἴπῃ
2139 3602 2278 3652 κατὰ
2304 3599 2398 3653 τοῦ
2419 3599 2558 3652 Πνεύ
2570 3617 2733 3669 ματος
2764 3600 2855 3652 τοῦ
2884 3600 3060 3668 ἁγίου,
3086 3601 3185 3653 οὐκ
3214 3601 3553 3670 ἀφεθήσεται

1984 3689 2149 3757 αὐτῷ,
2171 3687 2292 3740 οὔτε
2315 3689 2370 3740 ὲν
2399 3687 2477 3759 τῷ
2499 3689 2652 3741 αίῶνι
2679 3688 2874 3759 τούτῳ,
2905 3688 3027 3742 οὔτε
3049 3691 3105 3742 ὲν
3127 3690 3203 3760 τῷ
3231 3690 3495 3759 μέλλοντι.
3525 3710 3545 3742 ι

1985 3781 2091 3833 Καὶ
2119 3782 2189 3844 τί,
2215 3780 2297 3832 ὅτι
2330 3782 2458 3849 μιᾶς
2491 3779 2655 3851 οὔσης
2679 3781 2778 3849 τῆς
2807 3780 2990 3845 οὐσίας
3019 3781 3117 3849 τῆς
3153 3781 3341 3851 θεῖκῆς
3378 3780 3554 3851 Τριά-

1983 3874 2089 3936 δος,
2125 3874 2158 3943 ἡ
2188 3873 2325 3925 κατὰ
2350 3871 2442 3924 τοῦ
2474 3872 2602 3925 Υίοῦ
2632 3873 2968 3944 βλασφημία,
3000 3873 3155 3946 ἔφης,
3184 3876 3284 3927 οὐκ
3319 3875 3549 3927 ἐκδικεῖς

386 3979 434 4012 ⁸⁸
464 3981 654 4038 Matth.
691 3999 766 4040 Ix.
791 3986 879 4041 I7.
906 3988 972 4019 “'
1005 3990 1199 4043 Matth.
1236 4006 1386 4055 xxvi,
1418 3990 1505 4044 64.
1542 3991 1586 4021 ⁸³
1627 3989 1816 4044 Matth.
1856 4002 1967 4051 xvt,
2000 3984 2087 4039 46.

1404 4099 1638 4155 vanum
1677 4096 2057 4153 LECTIONES
2096 4095 2184 4150 ET
2224 4094 2454 4151 norm.
2496 4172 2504 4179 .

390 4203 500 4276 (55)
532 4204 714 4276 Longe
744 4207 953 4276 plenius
974 4219 1029 4261 ct
1062 4210 1397 4263 emendatius
1439 4209 1725 4262 exhibetur
1763 4208 1877 4261 lucc
1922 4250 1925 4253 .

315 4274 538 4340 epistola
566 4275 616 4327 in
646 4274 801 4331 codd.
855 4276 971 4330 Vat.
1004 4279 1106 4332 6i9
1124 4290 1175 4330 et
1202 4278 1310 4340 Alt,
1340 4293 1500 4345 quam
1528 4279 1578 4329 in
1607 4279 1873 4335 editione;

319 4358 442 4395 nam
482 4346 624 4417 quod
659 4361 797 4417 vers.
852 4348 887 4417 2
916 4348 1118 4417 legttnr
1191 4347 1327 4417 πρὸς
1360 4348 1458 4414 τὴν
1506 4346 1667 4417 προδ.
1694 4385 1708 4410 ,
1743 4356 1873 4417 etc.,

316 4416 771 4467 accommodatius
809 4416 873 4467 ad
902 4414 1103 4469 Gram-aa
1138 4413 1291 4469 usuin
1314 4413 1585 4481 elegantim
1616 4415 1685 4466 IIII
1720 4413 1875 4467 codd.

317 4481 536 4541 habent,
578 4484 782 4553 ἐκεῖνος
819 4485 899 4547 είς
951 4484 1237 4553 προδοσίαν
1264 4483 1580 4553 ὠλίσοησεν.
1628 4484 1876 4553 vers._4.

318 4559 439 4622 post
471 4552 759 4622 ἐπιϐουλὴν
816 4564 958 4607 recte
985 4551 1230 4622 supplent
1258 4557 1416 4605 ambo
1445 4551 1599 4607 codd.
1629 4552 1707 4622 τῷ
1734 4551 1877 4604 διδα-

318 4618 518 4692 σκάλῳ.
555 4618 787 4692 ietvei's.
852 4618 1063 4688 penult.
1089 4618 1227 4689 'post
1267 4625 1545 4692 κινήματα
1583 4618 1877 4689 opportune

318 4690 444 4763 item
467 4690 687 4763 addunt,
705 4692 780 4756 ὡς
802 4692 1152 4763 προγνώστης
1173 4696 1201 4745 ὁ
1233 4690 1456 4763 Κύριος,
1487 4692 1688 4763 Possm.

392 4759 502 4825 (56)
536 4762 589 4812 In
635 4763 795 4816 codd.
839 4759 1005 4815 Sl‘ort.
1058 4759 1117 4813 et
1150 4763 1255 4815 Alt.
1299 4761 1610 4814 inscribitur
1637 4762 1750 4813 lucc
1787 4774 1872 4827 ep.

333 4840 436 4902 μου
457 4829 717 4902 ῌατρίμῳ
741 4831 1070 4902 εθᾴγηρίμῳ.
1091 4830 1467 4902 Versutleinde
1490 4832 1679 4902 primo,
1701 4845 1795 4895 pro
1817 4828 1877 4880 τὸ

317 4896 505 4968 ἀ-περίε
516 4896 644 4968 ργον
657 4896 809 4954 codd.
822 4896 937 4954 Vat.
958 4896 1059 4953 δω
1074 4908 1127 4953 et
1143 4902 1246 4953 Alt.
1268 4900 1467 4968 legunt,
1490 4896 1550 4952 ῖτὸ
1564 4899 1872 4968 ἀπέριττον,

319 4962 475 5040 γεγε.
497 4962 618 5040 έεξιζ
638 4985 733 5040 pro
764 4971 855 5022 καὶ
882 4972 981 5031 τὰς
998 4969 1089 5022 τοῦ
1119 4962 1341 5040 Κυρίοᾶ
1354 4969 1535 5037 πηγάς
1564 4962 1871 5040 ἀποδρύῳγ,

320 5033 497 5108 longe,
523 5036 576 5088 ni
595 5033 768 5108 fallor,
787 5040 1098 5108 castigatius
1126 5050 1177 5093 et
1196 5033 1368 5104 aptius
1397 5033 1561 5108 codex
1585 5033 1752 5090 Vatie.
1772 5035 1874 5089 649

320 5103 471 5171 legit,
530 5106 629 5178 aut
658 5107 757 5168 τάς
795 5109 887 5159 τοῦ
925 5103 1086 5178 κόρου
1120 5103 1300 5178 πηγὰς
1336 5107 1611 5160 ἀποδύων.
1649 5107 1875 5178 Quanto

314 5187 461 5226 ειιιηι
493 5176 662 5243 magis
706 5181 952 5229 convenit
980 5176 1043 5231 ad
1079 5176 1398 5231 sententiam
1454 5177 1580 5240 loci,
1609 5176 1734 5237 dici,
1778 5188 1871 5228 esu

318 5243 522 5313 olerum
570 5246 825 5313 satietatis
863 5245 1028 5311 fontes
1078 5247 1298 5308 obstrui,
1328 5261 1488 5313 quam
1528 5245 1707 5298 nescio
1738 5257 1873 5311 quos

320 5310 533 5382 Domini
566 5312 737 5382 fontes
764 5310 1033 5381 profundi,
1065 5310 1586 5381 quomodoLatinus
1612 5310 1874 5382 interpres

320 5379 605 5453 loquitari:
636 5397 740 5436 non
765 5379 853 5436 ille
880 5379 1094 5451 quidem
1116 5384 1430 5451 culpandus,
1461 5400 1567 5453 quo
1597 5383 1736 5438 enim
1767 5380 1872 5453 alio

320 5449 653 5514 plausibilius
707 5454 865 5505 modo
892 5449 1061 5519 potuit
1099 5449 1319 5505 reddere
1366 5449 1587 5508 verbum
1641 5450 1868 5520 quodin

318 5520 609 5590 exetnplari
646 5536 743 5574 sun
771 5522 962 5590 reperit
992 5520 1287 5589 ἀποὸρύειν
1314 5536 1472 5590 quam
1502 5522 1628 5575 illud
1661 5540 1687 5572 ιι
1723 5520 1870 5588 βρύω

318 5587 563 5663 ducendo
621 5584 974 5657 quod'sonnt
1047 5584 1344 5655 scaturire,
1414 5592 1655 5658 affluere,
1714 5584 1871 5642 abun-

1983 4206 2131 4270 dare,
2173 4206 2314 4259 etc.?
2351 4204 2614 4259 Caeterum
2639 4206 2691 4260 id
2726 4206 2944 4260 verbum
2970 4206 3286 4262 inusitatum
3326 4223 3427 4262 non
3465 4208 3552 4263 fa-

1982 4276 2083 4329 cile
2132 4275 2454 4345 crediderim
2482 4279 2547 4327 ah
2572 4276 2775 4329 Isidoro
2797 4276 2967 4345 docto
3002 4289 3057 4330 et
3090 4278 3255 4345 polito
3286 4278 3550 4345 scriptore

1986 4354 2319 4413 usurpatum.
2344 4343 2501 4413 Βὺειν
2527 4356 2727 4406 autem,
2754 4344 3041 4409 obstruere,
3070 4343 3338 4412 obturare,
3374 4343 3546 4401 notis-

1984 4412 2179 4483 simum
2205 4422 2259 4466 et
2280 4412 2414 4483 πρδς
2438 4414 2535 4474 τὰς
2564 4414 2765 4483 πηγὰς,
2797 4414 2865 4467 ad
2905 4414 3095 4482 fontes,
3125 4416 3400 4483 pertinens
3428 4433 3549 4470 ver-

1984 4482 2107 4534 bum
2136 4491 2249 4546 est;
2299 4482 2448 4549 cujus
2509 4482 2631 4537 etsi
2659 4484 3013 4549 compositum
3054 4482 3313 4537 ἀποὸύειν
3376 4486 3546 4540 infre-

1983 4561 2209 4621 quenter
2253 4561 2524 4612 occurrat,
2558 4553 2825 4621 reperitur
2880 4562 3058 4606 tamen
3123 4554 3309 4607 forma:
3348 4556 3546 4609 similis

1984 4620 2228 4673 ἐπιὸύειν
2278 4621 2413 4687 apud
2456 4620 2891 4689 AristOphanem.
2959 4637 3060 4677 nec
3126 4622 3355 4677 fortasse
3406 4638 3544 4677 vana

1981 4690 2287 4755 conjectura
2343 4689 2443 4760 sit,
2493 4692 2584 4760 hic,
2631 4690 2868 4760 ὲπιῦιξων
2910 4691 2977 4744 ab
3028 4692 3233 4746 Isidoro
3286 4692 3544 4760 positum,

1983 4760 2111 4831 vitio
2136 4758 2544 4831 anm‘tmensitnn‘
2575 4759 2626 4812 in
2649 4758 2904 4831 ἀποδύων
2925 4769 2980 4814 et
3003 4758 3297 4831 ἀποδρύων
3323 4761 3541 4817 abiisse.

1983 4827 2117 4881 Nam
2146 4827 2505 4899 titubatumin
2534 4828 2635 4882 hoc
2672 4829 2852 4899 verbo,
2881 4844 2943 4883 ex
2977 4831 3096 4883 cod.
3136 4827 3244 4885 Alt.
3288 4830 3546 4899 intelligi-

1986 4898 2196 4957 tur,uhi
2243 4896 2402 4968 circa»
2444 4897 2543 4951 hoc
2579 4897 2820 4968 verbum
2865 4899 3113 4968 stigmata
3168 4901 3415 4954 visuntur
3452 4896 3548 4955 su—

1980 4976 2221 5088 fpectnm
2276 4965 2406 5019 illud
2462 4980 2520 5018 se
2578 4967 2773 5020 habere
2808 4965 3164 5022 indicantium
3248 4968 3538 5023 lectorum.

2024 5051 2188 5088 OSSIN.

2005 5040 2188 5088 ’osstx.

2052 5104 2161 5171 (57)
2192 5102 2295 5175 Pro
2320 5102 2935 5175 ὲπεζήτησαςῑερυηεε
2976 5105 3269 5175 ⁴ἠρώτησας
3299 5107 3345 5163 si
3378 5106 3538 5162 codd.

1982 5172 2101 5226 Vat.
2134 5174 2235 5227 649
2288 5182 2349 5244 et
2378 5175 2485 5225 Alt.
2532 5174 2683 5241 sequi
2741 5172 3283 5244 volueris;“itetnqne
3329 5190 3469 5230 vers.
3508 5176 3551 5229 ὃ

1980 5254 2102 5310 post
2131 5241 2505 5305 θεοπνεύστοις
2546 5244 2711 5296 addes
2738 5242 2963 5311 ἀνδράσι
3007 5260 3169 5312 quant
3197 5241 3311 5299 illic
3343 5260 3531 5299 vocent

1978 5314 2135 5383 ambo
2170 5313 2243 5364 illi
2281 5312 2435 5383 codd.
2471 5312 2741 5383 supplent.
2780 5312 2929 5365 Vers.
2959 5329 3175 5381 quoque
3201 5314 3252 5369 7.
3285 5330 3380 5383 pro
3441 5316 3541 5383 καὶ

1975 5395 2029 5430 τι
2051 5381 2129 5433 ὅτι
2155 5383 2285 5450 μιᾶς
2316 5382 2514 5436 habent
2552 5381 2744 5451 solum,
2777 5383 2869 5434 καὶ
2896 5384 2977 5434 ὅτι
3016 5383 3143 5451 μιᾶς
3166 5400 3181 5448 ;
3208 5392 3261 5436 et
3286 5381 3438 5437 vers.
3469 5382 3540 5436 14

1978 5463 2074 5515 pro
2105 5451 2303 5520 σαρκὸς
2331 5460 2562 5522 ponunt
2628 5450 3065 5522 ἀνθρωπότητος.
3117 5451 3268 5506 Vers.
3311 5452 3547 5522 denique

1977 5523 2181 5638 penult.
2243 5521 2361 5576 eod.
2390 5520 2495 5575 Alt.
2547 5535 2643 5590 pro
2691 5520 2789 5591 τὴν
2860 5520 2999 5576 κατά
3064 5522 3189 5591 legit
3245 5522 3318 5585 ὡς
3379 5520 3529 5575 κατὰ.

2021 5604 2183 5638 οεεικ.

2021 5604 2183 5642 0551Ν.
