3944 6138
392 219 496 284 221

1325 214 1891 313 _'EPISTOLARUM
1930 234 2073 294 LIB.
2117 236 2164 294 ῐ.
2218 261 2275 270 -
2311 235 2526 295 EPIST
2566 238 2715 299 LXI.

3540 236 3647 299 22?

390 348 507 399 ται,
530 332 695 403 ἀλλ’ἢ
728 334 868 388 κατὰ
886 334 977 388 τοῦ
1002 334 1315 406 Πνεῦματος
1345 339 1512 409 μόνης
1542 342 1739 394 Ἀκουε
1763 342 1940 395 τοίνυν

2071 346 2123 401 in
2152 346 2334 401 futuro
2354 348 2456 411 ⁸³”;
2492 365 2511 399 ι
2542 355 2595 400 et
2623 347 2749 415 quid
2776 354 2951 401 causa!
2980 344 3083 411 sit,
3115 346 3485 417 quamobrem.
3518 364 3643 405 eum

396 423 494 484 Ὃς
528 422 596 475 ἂν
630 423 774 476 εἴποι
808 425 947 478 κατὰ
968 426 1059 479 τοῦ
1098 427 1227 480 Υίοῦ
1264 429 1359 482 τοῦ
1397 430 1684 502 ἀνθρώπου
1721 431 1966 503 βλάσφηι

394 528 497 579 μον
529 512 711 580 λόγον,
736 514 797 565 οὐ
836 515 1100 585 κρίνεται,
1140 514 1292 571 εἶπεν
1320 521 1347 572 ὁ
1384 520 1608 590 Κύριος·
1644 522 1830 591 ἐπειδὴ
1854 525 1967 585 τοῖς

388 604 605 673 λημῶσι
644 606 737 658 τὸν
773 607 871 675 τῆς
903 607 1139 672 διανοίας
1175 610 1473 681 ὀφθαλμὸν,
1515 612 1966 683 δυσκατάληπτος

388 695 485 746 καὶ
507 695 881 766 δυσθεώρητος
915 701 942 750 ὁ
967 700 1242 770 ἡνωμένος
1273 701 1527 771 ἀρρήτως
1552 701 1684 764 Θεὸς
1718 704 1787 772 τῇ
1809 702 1961 753 εὐτεο

386 786 508 857 λεία
581 788 680 857 τῆς
728 790 1058 859 φαινομένης
1133 793 1352 861 σαρκὸς,
1434 794 1802 864 ἀγνοουμένης
1864 796 1964 864 τῆς

384 879 773 950 κρυπτομένης
823 879 1092 951 θεότητος.
1148 882 1273 944 Τοῖς
1306 883 1361 933 δὲ
1407 884 1665 952 καθαροῖς
1718 886 1819 954 τὴν
1852 885 1964 938 διά-

384 988 571 1034 νοιαν,
628 969 709 1035 οἷς
766 972 1013 1043 ἐπεφάνη
1067 975 1100 1043 ἡ
1157 974 1499 1041 σαρκωθεῐσα
1553 975 1777 1045 θεότης,
1842 976 1962 1028 οὐδὲ

384 1063 614 1115 ἀπιστία
651 1064 785 1126 ὅλως
823 1065 1133 1131 ἐγγέγονεν,
1173 1065 1293 1117 οὐδὲ
1330 1068 1362 1136 ἠ
1396 1067 1494 1134 τῆς
1537 1067 1773 1136 κρίσεως
1804 1067 1963 1135 ἠπεί-

382 1155 546 1225 ληται
573 1156 945 1218 ἅνταπόδοσις.
998 1158 1061 1208 Ἥ
1103 1155 1160 1208 δὲ
1201 1157 1341 1210 κατὰ
1383 1158 1476 1208 τοῦ
1517 1152 1832 1227 Πνεύματος
1863 1158 1959 1211 τοῦ

382 1245 545 1311 ἁγίου
589 1244 907 1314 βλασφημία
951 1244 1041 1297 διὰ
1076 1244 1232 1299 τοῦτο
1275 1245 1509 1316 ὑπάρχει
1551 1247 1958 1315 ἅσύγγνωστος,

383 1333 578 1405 ἐπειδὴ
627 1335 765 1387 αὐτὰ
813 1336 882 1388 τὰ
928 1334 1063 1406 ἔργα
1114 1336 1450 1405 φαινόμενα,
1498 1336 1817 1405 ἀγνώμονας
1864 1337 1959 1390 καὶ

382 1427 711 1496 ἀχαρίστους
751 1427 960 1496 ἐλέγχει
1003 1428 1127 1490 τοὺς
1177 1426 1650 1497 βλασφημοῦντας.
1694 1427 1813 1479 Τῶν
1848 1428 1956 1499 γὰρ

382 1517 577 1571 παθῶν
611 1519 1045 1588 ὲκκοπτομένων,
1078 1521 1171 1572 καὶ
1209 1520 1315 1573 τῶν
1362 1519 1629 1590 δαιμόνων
1661 1519 1957 1590 ἐλαυνομέ-

2071 451 2173 489 una
2202 436 2273 490 sit
2301 437 2481 490 divina
2509 436 2767 502 Trinitas,
2795 434 3126 505 blasphemia
3156 437 3416 492 adversus
3449 436 3642 491 Filium

2071 526 2294 582 minime
2317 527 2601 595 plectatur,
2625 540 2811 579 verum
2839 540 2901 581 ea
2928 525 3062 591 sola,
3089 541 3207 595 qua:
3231 526 3488 595 Spiritum
3516 542 3642 581 san-

2067 628 2210 671 ctum
2252 617 2490 671 incessit.
2528 617 2665 671 Audi
2713 615 3249 684 igitur:Quicunquo
3287 617 3641 671 contumelio-

2064 720 2181 757 sum
2218 707 2437 759 verbum
2470 706 2727 759 adversus
2760 703 2954 759 Filium
2989 706 3221 760 hominis
3254 704 3485 770 dixerit,
3523 720 3629 760 non

2058 794 2364 865 judicatur,
2413 797 2586 865 inquit
2642 796 2938 859 Dominus,
2986 796 3240 864 quoniam
3290 796 3361 857 ii,
3407 810 3636 864 quorum

2066 887 2261 940 mentis
2290 888 2429 941 oculi
2460 887 2709 956 lippiunt,
2738 886 2903 939 Deum
2931 902 3128 939 arcano
3154 897 3316 954 atque
3344 887 3491 939 omni
3521 903 3637 940 sero

2064 992 2221 1033 ntone
2262 980 2617 1047 prastantiori
2664 979 2823 1033 modo
2865 993 2985 1031 cum
3028 977 3253 1031 visibilis
3298 980 3479 1032 carnis
3517 980 3637 1032 vili-

2065 1078 2173 1122 tate
2200 1069 2405 1121 unitum
2434 1083 2575 1137 πει-ε
2606 1069 2881 1136 percipere
2910 1078 2964 1121 et
2991 1068 3343 1138 contemplari
3376 1078 3633 1136 possunt,

2062 1160 2203 1227 quod
2227 1159 2476 1214 videlicet
2501 1160 2814 1213 abscondita
2842 1159 3095 1213 divinitas
3126 1160 3421 1228 ignoretur.
3448 1158 3632 1213 llutni-

2062 1252 2220 1307 nibus
2251 1262 2430 1305 autem
2464 1251 2629 1304 animi
2664 1252 2901 1319 puritate
2932 1249 3195 1317 praeditis,
3228 1249 3421 1319 quibus
3456 1249 3632 1302 incar-

2063 1351 2185 1396 nata
2214 1343 2467 1395 divinitas
2497 1342 2771 1410 apparuit,
2804 1355 2902 1395 nec
2930 1340 3219 1394 inlidelitas
3246 1340 3426 1394 animo
3456 1340 3628 1406 inest,

2062 1446 2159 1484 nec
2200 1429 2381 1498 indicii
2430 1429 2559 1481 ultio
2601 1427 2972 1481 denuntiatur.
3021 1426 3089 1477 At
3132 1442 3259 1479 vero
3304 1424 3627 1480 contumelia

2060 1523 2320 1572 adversus
2361 1516 2619 1586 Spiritum
2662 1526 2906 1569 sanctum
2952 1516 3194 1583 conjecta
3238 1516 3440 1569 idcirco
3474 1515 3629 1568 venia

381 1628 491 1663 νων
525 1612 584 1662 ὲν
612 1613 678 1680 τῇ
711 1610 937 1681 δυνάμει
976 1611 1075 1679 τῆς
1115 1611 1383 1680 θεότητος,
1433 1614 1491 1664 ὲν
1519 1610 1597 1681 τῷ
1628 1610 1946 1674 Βεελζεὸοὐλ

2059 1618 2241 1671 caret,
2277 1608 2528 1677 quoniam
2565 1608 2677 1675 ipsa
2713 1620 2875 1674 Opera
2910 1606 2960 1658 itt
2996 1606 3164 1658 oculis
3195 1615 3247 1658 et
3280 1614 3495 1674 aspectu
3530 1619 3629 1673 po-

380 1700 587 1763 ταύτας
609 1700 853 1768 γίνεσθαι
889 1700 988 1763 τὰς
1024 1700 1348 1771 θεοσημείας
1388 1702 1438 1753 οί
1482 1702 1782 1770 γογγυσταὶ
1827 1703 1946 1754 Ίουα

2057 1702 2160 1754 sita
2192 1716 2285 1753 eos
2332 1699 2421 1767 qui
2458 1698 2836 1752 contumeliam
2889 1697 3125 1751 inferunt
3193 1696 3539 1765 malignitatis
3570 1706 3627 1751 et

379 1791 521 1844 δαῖοι
567 1791 1032 1860 ἑσυκοφὰντησαν.
1084 1792 1298 1861 Ταύτην
1338 1788 1429 1845 οὖν
1465 1793 1565 1862 τὴν
1604 1792 1946 1862 βλασφημίαν

2058 1789 2460 1860 ingratitudinis
2494 1790 2838 1844 convincunt.
2872 1788 3003 1841 Nam
3040 1804 3158 1841 cum
3192 1788 3385 1840 divina:
3420 1797 3627 1842 naturae

380 1882 481 1950 τὴν
508 1881 650 1934 κατὰ
681 1881 778 1949 τῆς
801 1880 949 1941 θείας
972 1882 1180 1949 τρανῶς
1207 1878 1370 1933 οὖσαν
1395 1884 1598 1946 οὐσίας,
1626 1881 1951 1953 ἀσυγχώρη-

379 1987 473 2023 ⁴ιὀν
503 1966 643 2023 εἶναι
676 1971 704 2021 ὁ
726 1970 926 2039 Κύριος
956 1972 1281 2041 ἀπεφήνατο.

2057 1882 2291 1951 potentia
2320 1881 2487 1934 morbi
2509 1880 2971 1944 exscindereutur,
2993 1894 3055 1933 ac
3081 1881 3345 1933 darmones
3367 1880 3627 1947 pelleren-

2061 1982 2166 2037 tur,
2210 1973 2321 2025 htec
2358 1972 2535 2026 divina
2576 1972 2723 2039 signa
2770 1973 2822 2023 in
2868 1971 3163 2025 Beelzebub
3203 1970 3286 2024 edi
3324 1969 3493 2023 Judaei
3531 1985 3626 2039 per

380 2064 705 2117 calumniam
728 2063 1083 2118 allirmabant.
1103 2066 1363 2130 Quocirca
1391 2068 1645 2123 Dominus
1668 2069 1805 2123 hanc
1864 2066 2267 2133 contumeliam,
2299 2082 2420 2137 qua:
2491 2067 2727 2121 divinam
2800 2066 3090 2120 essentiam
3142 2066 3421 2136 perspicue
3455 2066 3622 2137 impe-

382 2158 550 2220 tebat,
582 2156 760 2211 omnis
787 2158 953 2212 venite
978 2170 1252 2227 expertem
1284 2176 1403 2215 esse
1434 2163 1820 2231 pronuntiavit.

908 2249 983 2305 Ξο.
1008 2281 1077 2291 -
1108 2254 1195 2323 Tu
1219 2255 1419 2325 arm.

973 2346 1075 2408 Εἰς
1100 2344 1161 2396 τὸ
1186 2346 1349 2399 αὐτό.

450 2452 571 2504 Ὀτι
607 2449 706 2520 μὲν
737 2451 871 2521 ἔφης
893 2450 1026 2523 (58),
1062 2454 1202 2507 κατὰ
1240 2455 1333 2507 τοῦ
1371 2457 1524 2525 ἁγίου
1567 2458 1881 2528 Πνεύματος
1913 2460 1947 2530 ή

378 2543 717 2615 βλατεέημίαν
753 2542 911 2612 δῆλον
944 2544 1001 2607 ἐξ
1036 2544 1203 2614 αὐτῆς
1251 2546 1349 2615 τῆς
1380 2546 1473 2599 τοῦ
1516 2548 1718 2617 Κυρίου
1763 2550 1946 2619 φωνῆς

375 2633 665 2703 λεγούσης,
698 2651 717 2684 t
746 2634 842 2696 Ὃς
886 2634 951 2686 ἂν
996 2635 1137 2687 εἴποι
1172 2636 1311 2689 κατὰ
1347 2637 1438 2689 τοῦ
1483 2639 1796 2708 Πνεῦματος
1834 2641 1928 2693 τοῦ

376 2727 558 2793 ἁγίου,
581 2726 682 2779 οὐκ
709 2724 1039 2795 ἀφεθήσεται
1078 2727 1243 2796 αὐτῷ.
1284 2747 1302 2779 ι
1349 2729 1457 2781 Καὶ
1485 2731 1566 2782 ὄτι
1608 2733 1641 2801 ἠ
1674 2733 1811 2785 κατὰ
1845 2733 1938 2786 τοῦ

371 2815 692 2888 Πνεῦματος
714 2817 807 2868 τοῦ
834 2817 985 2883 ἁγίου
1011 2819 1302 2870 ἐκδικεῖται
1326 2821 1359 2889 ἡ
1387 2819 1723 2891 βλασφημία,
1751 2824 1940 2890 σαφές.

373 2911 501 2960 Ὅτι
528 2910 584 2962 δὲ
615 2911 711 2977 τῆς
744 2907 891 2971 θείας
925 2910 1037 2961 ἐστὶ
1076 2909 1134 2961 τὸ
1181 2909 1400 2979 Πνεῦμα
1433 2912 1493 2964 τὸ
1538 2914 1690 2981 ἅγιον
1732 2914 1940 2982 οὐσίας,

370 2998 531 3055 τοῦτο
562 3001 623 3051 σὺ
648 3000 856 3069 ᾔτησας
890 3001 1177 3070 Γραφικῶς
1209 3001 1572 3072 τρανωοῆναι.
1610 3004 1826 3069 Ἔξεστί
1863 3023 1944 3059 σοι

372 3092 686 3163 ἀγχινοῦντι
715 3094 809 3146 καὶ
850 3092 1040 3162 μικρὸν
1073 3093 1386 3163 προελθόντι
1428 3097 1490 3147 ἐκ
1534 3096 1644 3148 τῶν
1689 3098 1745 3149 ἐν
1788 3098 1942 3167 χερσὶ

370 3181 468 3234 τοῦ
508 3183 709 3253 Κυρίου
748 3182 937 3251 φωνῶν
976 3184 1064 3235 καὶ
1106 3185 1203 3253 τὴν
1232 3183 1383 3237 λύσιν
1415 3186 1612 3255 εὐρεῖν.
1660 3206 1678 3238 ι
1724 3190 1785 3241 Ei
1810 3188 1941 3256 ἐγὼ,

373 3275 559 3345 φησὶν,
592 3278 649 3326 ἐν
679 3273 798 3349 [τῷ]
834 3274 1156 3341 Βεελζεὸδύλ
1198 3276 1444 3329 ἐκϐάλλω
1479 3278 1548 3331 τὰ
1583 3279 1852 3349 δαιμόνια,
1892 3283 1942 3335 οῑ

371 3366 480 3418 υἱοὶ
524 3365 679 3435 ὐμῶν
732 3367 789 3417 ὲν
834 3366 937 3419 τίνι
992 3367 1380 3436 ὲκ6ἀλλουσιν;
1414 3390 1432 3421 ι
1469 3371 1530 3423 Εἰ
1575 3372 1631 3425 δὲ
1675 3372 1944 3443 πνεύματι

370 3457 506 3511 Θεοῦ
538 3458 788 3511 ἐκϐάλλω
814 3458 1004 3520 ταῦτα.
1031 3460 1139 3534 ἄρα
1168 3460 1401 3531 ἔφθασεν
1430 3464 1516 3531 ἐφ’
1545 3465 1689 3533 ὑμᾶς
1718 3466 1751 3533 ἡ
1784 3464 1943 3533 βασι-

368 3549 490 3601 λεία
518 3548 611 3601 τθῦ
646 3549 805 3602 Θεοῦ.
851 3550 939 3602 Ἐν
978 3550 1055 3621 τῷ
1092 3551 1263 3622 ἑτέρῳ
1322 3553 1652 3625 σαφέστερον
1702 3554 1941 3624 είρηκὼς

369 3639 789 3711 εὐαγγελιστὴς,
819 3659 837 3692 t
864 3641 925 3693 Εί
951 3641 1007 3693 δὲ
1034 3642 1143 3710 ἐγὼ
1174 3645 1232 3695 ὲν
1259 3643 1506 3714 δακτύλῳ
1535 3644 1667 3696 Θεοῦ
1698 3644 1943 3698 ἐκϐάλλω

366 3732 437 3782 τὰ
472 3730 742 3800 δαιμόνια.
782 3748 799 3780 ι
836 3731 1104 3783 Δάκτυλον
1134 3732 1290 3798 Θεοῦ,
1324 3732 1385 3785 τὸ
1425 3733 1646 3801 Πνεῦμα
1674 3734 1849 3801 λέγων
1882 3734 1943 3786 τὸ

368 3820 547 3887 ᾇγιον.
603 3820 877 3881 Δάκτυλος
922 3818 996 3884 δὲ,
1046 3819 1121 3883 ὡς
1168 3822 1224 3872 ὲν
1284 3820 1640 3890 ὑποδείγματι
1691 3821 1769 3891 τῷ
1820 3821 1941 3874 καθ’

369 3912 541 3980 ἡμᾶς,
588 3911 688 3980 τῆς
751 3910 935 3973 οὐσίας
994 3912 1109 3964 ἐστὶ
1144 3911 1239 3963 τοῦ
1287 3910 1557 3981 σώματος.
1604 3913 1713 3983 Τὴν
1765 3913 1941 3965 τοίνυν

368 4001 677 4070 ἀχώριστον
702 4002 796 4053 καὶ
829 4002 1062 4070 συγγενῆ
1086 4001 1187 4070 τῆς
1227 4001 1374 4064 θείας
1407 4004 1593 4065 οὐσίας
1634 4003 1728 4055 τοῦ
1780 4004 1941 4055 Πνεῦμ-

372 4109 544 4163 ματος
571 4092 666 4144 τοῦ
716 4092 874 4159 ἁγίου
901 4093 1218 4160 ὑπόστασιν,
1269 4094 1347 4165 τῷ
1386 4094 1478 4147 τοῦ
1522 4094 1783 4147 δακτύλου
1827 4097 1943 4148 ὀνό-

370 4199 507 4255 ματι
543 4184 878 4253 ὲφανέρωσε.

898 4468 1016 4523 ΞΔν.
1050 4500 1121 4511 -—
1141 4472 1407 4527 ΖΩΣΙΜΩ.

898 4473 1016 4523 ΞΑν.
1050 4473 1343 4525 -ΖΩΣΙΜ
1393 4513 1407 4527 .

364 4556 528 4627 Πρὸς
576 4557 849 4632 Ζώσιμοιξ
886 4558 1131 4632 χρῆσις,
1189 4473 1502 4627 τινὰςῼτοῦ
1547 4562 1719 4632 ἁγίου
1764 4567 1942 4617 Βασι-

741 4629 909 4681 λείου
931 4628 1256 4696 ἐπιστολὰς
1282 4631 1559 4700 φέροντα.

452 4740 652 4805 Ἡδέως
685 4741 752 4795 ἂν
780 4742 1007 4814 ἐροίμην
1040 4760 1097 4797 σε
1126 4744 1418 4814 Γραφικῶς
1445 4746 1558 4819 (59)
1588 4748 1678 4801 τὸν
1708 4746 1939 4800 Αἰθίοπα

437 4897 718 4956 "'Matth.
762 4915 863 4966 xu,
896 4899 988 4956 32.
1089 4900 1137 4933 “
1158 4902 1312 4971 ibid.,
1339 4902 1430 4957 27.
1529 4903 1575 4935 "
1596 4902 1728 4958 Luc.
1760 4919 1837 4968 χι,
1866 4904 1950 4958 l0.

2610 2255 2716 2309 LX.
2747 2288 2815 2299 —
2848 2254 3077 2313 EIDEM.

2705 2346 2774 2402 In
2810 2350 2965 2403 idem.

2126 2463 2274 2531 Quod
2318 2465 2559 2533 quaedam
2603 2463 2654 2516 in
2698 2462 2956 2531 Spiritum
3002 2470 3246 2516 sanctum
3291 2460 3623 2531 blasphemia

2054 2560 2152 2622 sit,
2186 2558 2395 2627 inquis,
2421 2572 2487 2610 ex
2520 2557 2631 2624 ipsa
2663 2555 2874 2609 Domini
2905 2568 3033 2609 voce
3061 2563 3304 2618 constat,
3334 2555 3417 2608 his
3443 2555 3622 2609 verbis

2048 2649 2248 2702 utentis
2276 2664 2289 2701 :
2312 2665 2329 2697 ι
2356 2646 2408 2699 Si
2441 2646 2562 2716 quis
2578 2644 2948 2713 hlasphemum
2975 2644 3196 2698 verbum
3223 2644 3478 2698 adversus
3495 2642 3621 2713 Spi-

2047 2740 2205 2791 ritum
2241 2748 2487 2792 sanctum
2526 2736 2747 2798 dixerit,
2789 2751 2891 2789 non
2930 2736 3235 2789 remittetur
3268 2735 3316 2789 ei
3346 2774 3357 2788 .
3390 2754 3409 2787 ι
3444 2738 3623 2803 Atque

2047 2828 2172 2881 illud
2228 2828 2353 2881 item
2404 2828 2744 2897 perspicuum
2789 2838 2902 2889 est,
2954 2826 3343 2894 blaSphemiam
3395 2825 3618 2892 Spiritui

2049 2929 2236 2973 sancto
2275 2917 2478 2970 illatam
2519 2917 2800 2969 vindicari.
2842 2914 2945 2984 ιθ
2982 2915 3133 2979 Quod
3173 2926 3350 2967 autem
3387 2914 3621 2981 Spiritus

2049 3017 2268 3063 Sanctus
2300 3006 2494 3061 divinae
2528 3017 2730 3059 natura:
2762 3006 2848 3067 sit,
2884 3015 2940 3058 ut
2971 3004 3062 3058 tibi
3096 3004 3341 3057 dilucidis
3372 3012 3425 3057 et
3455 3018 3618 3071 aper-

1974 3065 2014 3117 C
2050 3100 2116 3153 tis
2150 3097 2443 3167 Scriptura:
2476 3094 2799 3150 testimoniis
2830 3094 3155 3157 declaretur,
3189 3092 3491 3162 postulasti.
3522 3094 3618 3147 At-

2046 3186 2137 3259 qui
2173 3186 2297 3253 tibi,
2329 3185 2375 3239 si
2408 3184 2603 3255 ingenii
2635 3183 2907 3237 solertiam
2940 3183 3229 3243 adhibeas,
3261 3195 3425 3250 atque
3454 3196 3519 3235 ex
3551 3197 3622 3236 eo

2048 3280 2182 3345 loco,
2218 3292 2377 3349 quem
2420 3274 2668 3329 manibus
2709 3284 2882 3340 tenes,
2923 3273 3193 3341 aliquanto
3236 3274 3447 3338 longius
3489 3288 3616 3340 pro-

2046 3384 2258 3438 gressus
2304 3367 2498 3431 fueris,
2540 3381 2607 3420 ex
2652 3367 2859 3420 Domini
2903 3367 3119 3420 vocibus
3161 3366 3473 3433 qumstionis
3517 3366 3619 3417 bu-

2041 3460 2191 3528 jusce
2224 3458 2544 3513 solutionem
2579 3458 2815 3512 nancisci
2853 3458 2997 3513 licet.
3037 3476 3055 3509 ι
3104 3456 3159 3511 Si
3194 3461 3337 3511 enim
3373 3473 3493 3526 ego,
3532 3460 3615 3511 in-

2045 3551 2180 3616 quit,
2207 3550 2257 3603 in
2291 3548 2586 3602 Beelzebub
2614 3548 2771 3616 ejicio
2801 3549 3083 3612 dtemonia,
3115 3549 3205 3600 lilii
3236 3548 3395 3601 vestri
3429 3549 3479 3600 in
3510 3562 3618 3616 quo

2045 3639 2303 3708 ejiciunt?
2331 3639 2386 3692 Si
2418 3648 2599 3692 autem
2630 3640 2681 3692 in
2710 3638 2914 3707 Spiritu
2948 3638 3040 3691 Dei
3065 3652 3129 3690 ea
3157 3638 3343 3705 ejicio,
3374 3637 3616 3705 prol‘ecto

2053 3733 2294 3799 pervenit
2323 3732 2375 3785 in
2408 3748 2500 3785 vos
2539 3747 2759 3801 regnum
2797 3730 2882 3783 Dei
2912 3730 2976 3781 “.
3014 3747 3032 3779 ι
3072 3728 3238 3782 Porro
3287 3730 3423 3797 apml
3479 3731 3616 3783 alte-

2048 3836 2161 3873 rum
2199 3822 2578 3891 evangelistam
2617 3820 2853 3889 apertius
2885 3820 2955 3873 ita
2988 3819 3216 3872 habetur
3249 3838 3261 3873 :
3296 3838 3313 3869 ι
3350 3820 3404 3872 Si
3437 3835 3534 3887 ego
3564 3822 3613 3873 in

2047 3909 2211 3977 digito
2242 3908 2329 3961 Dei
2364 3910 2517 3976 ejicio
2547 3909 2806 3962 daemonia
2835 3909 2899 3960 ⁸⁵.
2939 3927 2957 3959 ›
2990 3908 3106 3974 Quo
3139 3908 3255 3961 loco
3283 3924 3378 3976 per
3408 3907 3497 3960 Dei
3527 3909 3610 3961 di-

2045 4004 2212 4071 gitum
2243 4001 2477 4069 Spiritus
2506 4007 2725 4053 sanctus
2757 4000 3091 4064 intelligitur.
3119 4000 3276 4066 Atqui
3305 4001 3525 4067 digitus,
3559 4011 3616 4055 ut

2045 4109 2072 4144 a
2108 4092 2259 4146 nobis
2288 4091 2587 4159 exemplum
2620 4105 2846 4152 sumam,
2875 4106 2940 4143 ex
2974 4093 3214 4157 corporis
3243 4092 3476 4143 essentia
3507 4104 3611 4147 est.

2045 4183 2401 4248 Quamobrem
2432 4197 2460 4234 a
2494 4182 2673 4234 divina
2708 4181 2940 4233 essentia
2984 4180 3397 4249 inseparabilem
3431 4192 3483 4237 et
3516 4199 3614 4237 co-

2046 4283 2257 4344 gnatam
2304 4272 2535 4341 Spiritus
2582 4273 2751 4326 sancti
2799 4287 3084 4340 personam
3129 4288 3279 4337 esse,
3322 4289 3417 4343 per
3460 4276 3611 4343 digiti

2048 4364 2361 4418 vocabulum
2393 4362 2707 4417 declaravit.

2555 4473 2690 4527 LXI.
2726 4505 2793 4515 —
2828 4474 3097 4529 ZOSIMO.

2042 4565 2120 4618 Ad
2155 4564 2421 4619 Zosimum
2455 4567 2711 4636 quasdam
2742 4568 2987 4633 epistolas
3024 4566 3081 4620 S.
3112 4566 3303 4619 Basilii
3340 4568 3611 4635 ferentem.

2112 4746 2362 4802 Libenter
2396 4763 2464 4802 ex
2505 4756 2586 4814 te,
2632 4747 2720 4816 qui
2774 4745 3022 4816 Ethiope
3074 4746 3255 4801 animo
3314 4760 3415 4812 es,
3461 4744 3613 4799 Scri-

1461 5041 1694 5101 VARIAL‘
1732 5044 2110 5101 LECTIONES
2148 5044 2236 5100 ET
2276 5044 2510 5100 NOTAE.

438 5195 552 5265 (58)
610 5196 767 5251 Vers.
820 5198 884 5261 i,
935 5214 1041 5252 non
1103 5198 1239 5268 ἔφης
1291 5198 1384 5252 sed
1443 5198 1544 5268 ἔφη
1602 5202 1760 5253 habet
1812 5201 1934 5253 cod.

364 5266 505 5339 Alt.,
532 5275 588 5339 et
620 5281 787 5339 ve_rs._
810 5268 845 5321 5
874 5284 975 5320 non
1016 5266 1299 5339 εἴποιςεεό
1330 5268 1478 5339 εἴπῃ.
1528 5266 1677 5323 V'ers.
1718 5270 1752 5323 5
1797 5270 1936 5339 idern

361 5336 571 5389 omittit
594 5337 884 5407 articulum
910 5339 944 5407 ἡ
975 5352 1115 5407 vers.
1156 5337 1211 5407 Ἰ,
1245 5340 1332 5407 qui
1367 5336 1681 5391 est'duobus
1714 5354 1833 5406 pag.
1871 5338 1937 5392 19

360 5420 464 5473 pro
494 5407 557 5458 σὺ
593 5408 753 5459 codd.
797 5406 904 5459 Αιι.
936 5406 999 5475 ει
1022 5406 1140 5459 Vat.
1167 5406 1270 5460 646
1297 5408 1473 5475 legunt
1525 5409 1625 5459 σοί.
1667 5407 1938 5475 “denique

361 5486 481 5545 post
516 5474 694 5541 ἔξεστι
751 5475 956 5545 addunt
983 5474 1079 5540 ὗες
1112 5491 1233 5528 mox
1267 5474 1383 5545 pro,
1427 5477 1733 5545 ἀγχειςῦντι
1759 5474 1936 5545 legunt

363 5544 525 5597 ambo
575 5542 967 5614 ἀγχινοώτατε,
1021 5546 1241 5615 etquod
1268 5542 1548 5599 'statitnin
1580 5548 1742 5599 uiitis
1773 5542 1928 5615 puni-

366 5623 475 5679 ιιι-ι
523 5616 637 5683 καὶ,
702 5615 813 5668 Alt.
866 5614 1086 5671 omittit.
1151 5614 1223 5668 uti
1263 5625 1315 5670 ct
1362 5617 1588 5673 alterum
1647 5618 1740 5669 λαὶ
1778 5614 1930 5671 vers.

2046 5200 2291 5271 sequenti
2335 5207 2456 5267 post
2478 5213 2670 5271 nomen
2727 5198 2937 5271 φωνῶν.
2992 5198 3144 5256 Vers.
3197 5204 3479 5271 undet;ij
3512 5217 3613 5271 pro

2046 5215 2291 5319 segmenti
2335 5215 2456 5267 pOSt
2478 5215 2670 5253 nomen
2727 5216 2951 5283 ςρωνων..
2999 5215 3144 5256 vers.
3197 5215 3479 5326 tandeme
3512 5217 3609 5271 pro

2041 5271 2104 5322 ἐκ
2143 5268 2388 5340 ἀλλουσιν
2430 5269 2686 5340 cod.Va_t.
2712 5269 2813 5322 ΜΞ)
2853 5270 2979 5340 legit
2998 5272 3333 5326 ὲκσαλουσιν.
3409 5289 3514 5327 ers.
3543 5274 3609 5327 Η

2044 5340 2182 5391 idem
2238 5339 2395 5410 habet
2442 5338 2797 5410 εὐαγγελιστῇ
2843 5338 3124 5410 in'quarto
3170 5358 3337 5407 casu,
3391 5358 3495 5396 non
3555 5344 3608 5397 in

2043 5416 2189 5459 recto
2228 5417 2285 5457 ut
2317 5408 2477 5463 edita.
2508 5407 2715 5460 Possin.

2110 5475 2222 5538 {59)
2253 5475 2402 5528 Vers.
2439 5478 2461 5528 1
2497 5492 2590 5542 pro
2623 5478 2905 5545 γραςρικῶς
2945 5479 3100 5532 codd.
3133 5479 3240 5532 Alt.
3262 5488 3314 5532 et
3345 5479 3468 5535 Vat.
3503 5481 3607 5535 649

2041 5546 2239 5617 habent
2311 5546 2675 5617 ἐγγραφικῶς.
2757 5548 2905 5600 Vers.
2971 5550 3003 5600 5
3064 5548 3178 5606 illa.
3250 5550 3605 5617 μνημονεύεις

2041 5615 2218 5681 τινῶν,
2250 5624 2375 5677 elc.,
2423 5616 2495 5670 sic
2531 5618 2745 5671 exhibet
2768 5618 2883 5669 cod.
2917 5617 3032 5671 Vat.
3073 5618 3195 5680 6W,
3228 5615 3602 5686 μνημονεύεις,
