3944 6138
338 194 442 261 ῗὶὸ

1234 196 1761 258 EPISTOLARUM
1807 198 1953 260 LIB.
1999 200 2047 259 Ι.
2087 224 2155 234 -
2191 201 2425 262 EPIST.
2468 200 2667 263 LXVI.

3480 204 3584 269 226

341 305 436 368 τὴν
472 302 624 375 ῥίζαν
653 303 836 358 αὐτῶν
867 306 1081 359 κεῖσθαι
1113 305 1211 376 τὴν
1239 306 1427 376 ἀξίνην
1475 307 1910 377 ἀποφηνάμενος,

2018 323 2110 364 eos
2140 312 2490 379 comparavit,
2543 312 2609 365 ad
2664 324 2849 365 eorum
2900 311 3136 365 radicem
3167 312 3396 366 securim
3430 316 3579 383 posi-

338 397 433 465 τὴν
472 397 651 460 οξεῖαν
688 398 782 449 καὶ
812 396 1074 466 σύντομον
1098 398 1191 450 τοῦ
1259 396 1593 465 Εὐαγγελίου
1624 399 1910 469 διαίρεσιν,

337 486 426 554 ὑφ’
457 480 524 556 ἧς
558 488 665 539 πᾶν
711 487 927 557 δένδρον
980 488 1053 557 μὴ
1092 486 1277 540 ποιοῦν
1324 490 1536 556 καρπὸν
1587 487 1773 549 καλὸν,
1821 488 1913 541 ὲκ-

338 577 593 630 κόπτεται
613 576 750 649 (62),
782 578 881 631 οὐκ
904 578 1212 648 ὀρύσσεται.
1239 577 1304 630 Ἦ
1328 577 1435 646 γὰρ
1461 576 1568 645 φυὴ
1590 576 1697 629 τῶν
1722 577 1910 647 ῥιζῶν,

338 669 365 721 6
384 669 545 737 νόμος
571 669 792 739 δηλαδὴ,
819 669 1228 732 καταλείπεται,
1269 668 1354 737 ἐφ’
1377 669 1442 737 ἢν
1471 670 1498 721 ὁ
1524 667 1639 730 νέος
1669 667 1796 731 λαὸς
1817 670 1910 737 ὲγ-

340 759 699 828 κεντρίζεται.

839 870 958 923 εει.
984 900 1055 910 -
1085 872 1171 941 Te
1208 872 1408 941 ΛΥΤῼ.

339 981 403 1035 Τι’
448 983 642 1046 ἐστιν,
686 1002 704 1033 ι
745 978 826 1039 Οὗ
871 984 933 1036 τὸ
983 985 1175 1036 πτύον
1218 987 1288 1036 ἐν
1331 983 1406 1051 τῇ
1440 985 1589 1052 χειρὶ
1624 980 1845 1045 αὑτοῦ;
1885 998 1903 1029 ι

409 1119 621 1172 Μαθεῖν
655 1119 822 1171 θέλων
849 1120 1128 1187 ὲσήμανας
1161 1119 1243 1181 τίς
1270 1122 1301 1188 ἡ
1337 1116 1427 1170 τοῦ
1460 1118 1629 1171 πτὺου
1661 1118 1911 1185 ἐνέργεια

336 1213 399 1281 ἢν
431 1210 873 1281 μεταχειρίζεται
912 1209 1047 1280 πρὸς
1082 1208 1422 1277 καθαρισμὸν
1449 1208 1546 1277 τῆς
1580 1207 1783 1269 ἅλωνος
1810 1205 1909 1270 τῆς

340 1302 472 1364 ἰδίας
524 1304 552 1354 6
600 1301 828 1371 Κύριος.
879 1300 1049 1352 Τοῦτο
1098 1300 1276 1352 τοίνυν
1321 1301 1487 1363 ἐστὶν,
1523 1298 1596 1361 ὠς
1629 1296 1801 1368 οἶμαι,
1850 1298 1907 1349 τὸ

337 1393 533 1463 νόημα,
592 1392 792 1453 ἅλωνα,
830 1391 928 1463 τὴν
965 1391 1244 1461 πάνδημον
1286 1391 1381 1460 τῆς
1417 1390 1740 1459 οἰκουμένης
1786 1389 1908 1440 Ἐκ-

336 1483 568 1554 κλησίαν
627 1483 1043 1553 προσαγορεύει,
1093 1485 1151 1535 ὲν
1288 1483 1463 1535 πάντα
1513 1480 1602 1532 τὸν
1651 1479 1907 1548 θερισμὸν

339 1574 649 1643 συναγείρει
676 1574 771 1643 τῆς
791 1572 1225 1643 ἀνθρωπότητος.
1270 1572 1441 1623 Πτύον
1460 1571 1536 1633 δὲ,
1573 1570 1669 1640 τὴν
1690 1570 1905 1622 δικαίαν

2016 410 2122 453 tam
2153 415 2272 455 esse
2305 403 2681 467 pronuntians,
2726 402 2825 457 hoc
2872 411 2953 455 est
2987 414 3195 455 acutam
3229 418 3292 456 ac
3324 418 3583 471 compen-

2014 490 2225 544 diosatn
2257 490 2528 562 Evangelii
2561 492 2878 546 divisionem
2904 534 2917 555 ,
2948 508 3049 560 qua
3080 494 3255 547 omnis
3288 493 3451 546 arbor
3480 510 3582 547 non

2014 580 2220 636 faciens
2253 582 2485 635 fructunt
2521 584 2737 646 bonum,
2778 584 3112 636 exscinditur
3145 584 3214 646 “,
3262 600 3364 637 non
3400 595 3581 637 autem

2015 672 2235 728 foditur.
2260 674 2534 742 Siquidem
2560 675 2609 727 id
2629 674 2768 743 quod
2788 689 2850 727 ex
2872 674 3143 727 radicibus
3161 676 3457 741 pullulavit,
3484 676 3585 728 hoc

2012 774 2095 817 est
2125 763 2239 826 lex,
2270 764 2595 833 relinquitur
2622 785 2631 815 :
2661 766 2747 818 cui
2780 765 3004 833 populus
3034 780 3203 819 novus
3232 768 3505 821 inseritur.

2536 872 2694 930 LXV.
2725 904 2798 917 -
2829 874 3057 928 EIDEM.

2013 985 2151 1051 Quid
2172 988 2239 1039 sit
2259 986 2410 1052 illud,
2431 1006 2446 1037 ι
2473 986 2637 1057 Cujus
2657 990 2997 1042 ventilabrum
3031 990 3085 1039 in
3123 1004 3280 1039 manu
3314 988 3423 1053 ejus
3441 989 3528 1038 ”‘.
3557 1006 3579 1038 ι

2082 1121 2404 1186 Signiﬁcasli
2437 1137 2532 1192 per
2558 1123 2793 1182 litteras.
2828 1133 2877 1176 te
2908 1124 3050 1177 scire
3079 1137 3307 1191 cupere,
3337 1138 3583 1191 quantam

2012 1210 2287 1263 ventilabri
2322 1211 2492 1275 illius,
2524 1214 2665 1281 quod
2701 1214 2959 1267 Dominus
2986 1213 3050 1266 ad
3079 1228 3217 1265 areae
3244 1228 3355 1266 sua:
3386 1226 3583 1279 purga~

2011 1301 2206 1354 tionem
2240 1301 2423 1366 sumit,
2456 1303 2534 1355 vis
2570 1318 2631 1356 ac
2668 1302 2897 1355 facultas
2930 1304 3020 1357 sit.
3058 1304 3152 1357 llic
3188 1304 3374 1370 igitur,
3409 1303 3460 1355 ni
3502 1316 3585 1355 me

2007 1389 2189 1457 Opinio
2230 1389 2393 1451 fallit,
2440 1405 2631 1443 sensus
2671 1402 2772 1444 est.
2821 1392 2973 1444 Areu:
3019 1392 3235 1445 nomine
3278 1393 3585 1444 universam
3634 1378 3639 1381 5

2006 1479 2152 1531 Orbis
2190 1488 2455 1531 terrarum
2493 1479 2788 1533 Ecclesiam
2826 1480 3105 1547 intelligit,
3140 1481 3191 1531 in
3227 1495 3328 1545 qua
3366 1494 3583 1531 omnem

2012 1569 2261 1621 humana:
2289 1579 2493 1621 natura:
2524 1585 2749 1623 messem
2779 1571 2941 1638 cogit.
2961 1569 3256 1623 Ventilabri
3289 1580 3466 1622 autem
3497 1586 3586 1620 vo-

337 1663 520 1731 κρίσιν
547 1662 721 1727 καλεῖ,
752 1664 876 1731 ἥτις
906 1663 1121 1730 ἑκάστῳ
1144 1662 1241 1730 τὴν
1277 1662 1582 1731 πρόσφορον
1612 1660 1763 1722 τάξιν
1794 1659 1910 1726 ὀρί-

2018 1658 2206 1711 cabulo
2228 1657 2431 1726 justum
2457 1657 2717 1726 judicium
2746 1660 3001 1726 appellat,
3028 1661 3170 1726 quod
3196 1660 3411 1728 quidem
3440 1673 3585 1722 eum,

337 1752 524 1816 ζουσα,
556 1754 681 1814 τοὺς
724 1753 820 1821 μὲν
859 1749 1153 1821 ἀχυρώδεις
1190 1752 1281 1802 καὶ
1313 1748 1565 1818 χαύνους,
1607 1750 1700 1801 καὶ
1741 1746 1905 1799 παντὶ

338 1845 521 1913 ἀνέμῳ
556 1842 827 1912 ἁμαρτίας
863 1842 1270 1912 ριπιζομένους,
1298 1841 1376 1902 είς
1402 1839 1596 1891 καῦσιν
1623 1838 1870 1919 ἐκδίδωσι
1888 1852 1901 1865 '

336 1937 459 1995 τοὺς
493 1933 554 1985 δὲ
601 1933 933 2002 καθαρότητι
979 1932 1177 2002 ἔργων,
1206 1932 1299 1983 καὶ
1345 1930 1629 1999 μετανοίας
1675 1929 1906 1996 καρποῖς

339 2026 758 2095 εὖθηνήσαντας,
794 2024 873 2085 εἰς
894 2022 1176 2093 ἀποθήκην
1202 2024 1312 2092 (65)
1339 2019 1664 2088 συνάγεσθαι
1700 2018 1845 2085 λέγει
1878 2021 1906 2071 6

338 2115 541 2176 δίκαιος
589 2115 803 2184 κριτὴς,
854 2112 953 2183 τὴν
1008 2112 1323 2181 πρέπουσαν
1369 2108 1502 2180 [τοῖς
1541 2110 1750 2169 πιστοῖς
1811 2108 1905 2159 καὶ

340 2206 504 2269 ἀξίοις
534 2204 701 2256 αὐτοῦ
730 2202 988 2273 ἐργάταις
1027 2201 1121 2254 κα)⁸
1162 2198 1471 2270 γεωργοῖς,]
1502 2200 1567 2267 ἢν
1591 2198 1688 2250 καὶ
1735 2198 1903 2267 μονὴν

337 2298 592 2368 ὀνομάζει
624 2297 909 2365 σωτήριον.
952 2293 1100 2346 Ἐκεῖ
1132 2291 1241 2362 γάρ
1289 2293 1434 2344 ἐστιν
1471 2290 1637 2351 ὅντως
1672 2289 1706 2357 ἡ
1746 2289 1902 2359 μονή.

350 2387 410 2441 Ἦ
440 2388 549 2457 γὰρ
578 2385 829 2456 παροῦσα
861 2384 995 2454 ζωὴ,
1026 2383 1198 2452 σκηνή
1234 2383 1381 2434 ἐστιν
1405 2379 1646 2451 εὐτελὴς,
1688 2378 1903 2448 σύνδρο-

343 2496 438 2548 μον
465 2478 664 2547 ἕχουσα
690 2478 756 2546 τῇ
794 2474 1068 2544 συμπήξει
1089 2474 1182 2525 καὶ
1210 2473 1309 2542 τὴν
1340 2470 1656 2524 κατάλυσιν.

2012 1748 2101 1815 qui
2139 1748 2332 1814 cuique
2372 1756 2528 1815 aptus
2569 1749 2660 1810 sit,
2704 1752 2928 1818 gradum
2972 1751 3307 1818 distinguens
3346 1764 3408 1802 ac
3447 1749 3586 1801 ιιι-θ-

2014 1837 2185 1899 niens,
2218 1837 2459 1905 paleares
2490 1839 2729 1907 quidem,
2762 1851 2818 1893 ut
2856 1841 2926 1893 ita
2968 1842 3164 1903 dicam,
3198 1856 3259 1893 ac
3294 1839 3588 1893 dissolutos

2012 1927 2286 1992 homines,
2316 1929 2515 1997 quique
2549 1928 2614 1983 ad
2668 1945 2881 1984 omnem
2911 1934 3113 1998 peccati
3141 1944 3359 1985 ventum
3390 1933 3491 1985 huc
3519 1931 3586 1985 il-

2010 2015 2205 2084 lucque
2234 2017 2529 2087 jactantur,
2572 2020 2799 2074 ﬂammis
2838 2022 3039 2075 addicit
3075 2039 3087 2075 :
3122 2036 3216 2075 eos
3255 2031 3455 2086 autem,
3491 2020 3585 2090 qui

2012 2121 2230 2174 operum
2264 2109 2515 2176 puritate,
2550 2126 2612 2163 ac
2646 2112 2975 2179 paenitentiae
3006 2111 3271 2167 fructibus
3303 2113 3587 2166 abundano

2013 2205 2165 2260 runt,
2201 2197 2253 2249 in
2292 2198 2543 2252 horreum
2580 2203 2893 2269 congregari
2928 2202 3109 2269 justus
3139 2202 3303 2271 judex
3341 2202 3445 2266 ait,
3483 2206 3587 2255 hoc

2014 2299 2095 2342 est
2127 2289 2250 2357 piis,
2282 2304 2445 2359 seque
2476 2292 2649 2361 dignis
2681 2295 2944 2360 operariis
2977 2302 3140 2364 atque
3172 2295 3421 2365 agricolis
3451 2310 3583 2349 cou-

2014 2394 2212 2446 gruens
2242 2381 2569 2435 domicilium
2602 2383 2668 2436 το.
2702 2383 2873 2448 Quam
2906 2387 3067 2438 etiam
3100 2387 3388 2439 salutarem
3429 2402 3587 2438 man-

2014 2471 2219 2524 sionem
2247 2483 2544 2541 nuncupat.
2574 2474 2686 2526 Illic
2723 2476 2865 2528 enim
2905 2491 3028 2530 vere
3066 2478 3277 2530 mansio
3311 2488 3413 2531 est.
3450 2474 3583 2529 Nam

340 2586 574 2641 pncsens
603 2570 712 2623 vita
751 2569 1039 2623 tentorium
1075 2566 1176 2621 vile
1209 2576 1291 2621 est
1324 2585 1338 2621 :
1373 2566 1513 2634 quod
1552 2562 1711 2618 simul
1746 2572 1907 2632 atque
1945 2577 2280 2633 compactum
2355 2579 2419 2619 ac
2460 2566 2625 2620 [ltum
2665 2577 2777 2634 est,
2820 2572 3009 2623 eodem
3054 2572 3310 2640 temporis
3386 2582 3588 2641 puncto

339 2664 585 2719 solvitur.

677 2779 811 2845 sq".
835 2808 905 2818 —
923 2777 1245 2847 ΚΑΙΣΔΡΙῼ
1271 2776 1563 2831 KOMHTI.

335 2898 433 2963 Εἰς
459 2898 523 2951 τὸ
553 2894 871 2965 εἰρημένον
893 2893 1012 2948 ὑπὸ
1036 2893 1142 2946 τοῦ
1171 2893 1412 2959 Κυρίου,
1452 2910 1471 2943 ι
1502 2894 1674 2960 Ἄφες
1707 2891 1854 2961 ἄρτι.
1887 2912 1907 2945 ι
1940 2885 1982 2941 C

406 3034 479 3086 Τὸ
525 3033 736 3102 πρέπον
787 3031 999 3101 ἑκάστῳ
1051 3028 1225 3100 καιρῷ
1272 3029 1590 3100 προσνέμων
1633 3030 1661 3080 6
1705 3029 1909 3093 δίκαιος

342 3126 545 3193 κριτὴς,
580 3126 753 3191 Ἀφες
780 3123 925 3191 ἄρτι,
956 3121 1033 3192 τῷ
1065 3123 1282 3191 Ἰωάννῃ
1311 3121 1462 3189 ἔλεγε
1490 3121 1911 3191 παραιτουμένῳ

342 3212 397 3263 τὸ
432 3212 738 3281 βάπτισμα.
786 3208 999 3277 Ἐπειδὴ
1038 3208 1145 3278 γάρ
1185 3210 1386 3269 ἐκεῖνος
1434 3207 1509 3269 ὡς
1550 3207 1624 3276 τῷ
1659 3206 1770 3277 (64)
1818 3209 1911 3257 Δε-

345 3303 510 3372 σπὸτῃ
533 3301 598 3353 τὸ
632 3300 795 3362 σέϐας
838 3298 1149 3360 ἀποδιδοὺς,
1183 3296 1452 3350 ἅπτεσθαι
1493 3296 1591 3366 τῆς
1629 3295 1778 3358 Θείας
1810 3296 1910 3348 οὑκ

342 3394 536 3463 ἐτόλμα
568 3392 832 3460 κεφαλῆς,
866 3410 883 3441 ι
912 3391 1080 3458 ’Λφες
1114 3389 1259 3459 ἄρτι,
1282 3407 1300 3439 ι
1332 3388 1550 3458 ἢκουσε.
1589 3386 1722 3451 Νῦν,
1754 3386 1908 3457 φησὶ,

344 3484 612 3552 πτωχείας
668 3480 890 3550 καιρὸς,
942 3477 1396 3546 συγκαταϐάσεως
1463 3475 1693 3544 θεσμὸς,
1741 3475 1807 3526 δι’
1851 3474 1910 3526 ὃν

343 3575 603 3643 ἀνείληφα
664 3572 967 3641 ἄνθρωπον,
1014 3568 1273 3638 λαμϐάνω
1322 3567 1383 3619 τὸ
1435 3567 1737 3636 βάπτισμα,
1777 3563 1909 3636 [ἵνα]

346 3666 542 3718 ἐκεῖνον
578 3661 806 3732 καθάρω
843 3661 940 3731 τῆς
972 3660 1356 3729 παραϐάσεως.
1397 3658 1470 3709 Οὐ
1508 3658 1663 3727 χρεία
1696 3657 1789 3709 νῦν
1811 3656 1912 3725 τῆς

345 3756 673 3823 Δεσποτικῆς
707 3751 975 3818 ἐξουσίας,
1024 3749 1158 3801 ἀλλά
1196 3750 1293 3818 τῆς
1324 3746 1575 3816 δουλικῆς
1613 3746 1910 3808 εὐτελείας.

348 3846 510 3913 Ἀφες
550 3845 677 3914 ἄρτι
722 3840 1069 3911 πληρωθῆναι
1116 3840 1215 3908 τὴν
1246 3837 1666 3907 εὐσπλαγχνίαν,
1709 3836 1797 3890 ἵνα
1838 3836 1912 3907 μὴ

344 3934 640 4005 ὲμποδισθῇ
675 3933 783 3985 τῶν
824 3931 1123 4000 ἀνθρώπων
1151 3928 1262 4001 (Gil)
1299 3927 1558 3998 σωτηρία.
1590 3927 1776 3990 Οὕτως
1803 3927 1912 3997 γὰρ

346 4029 555 4098 πρέπον
592 4026 724 4095 ἡμῖν
760 4025 875 4075 ἐστι
910 4021 1194 4091 πληρῶσαι
1228 4020 1407 4072 πᾶσαν
1435 4017 1797 4087 δικαιοσύνην.
1825 4023 1913 4070 Δι-

347 4118 602 4186 καιοσύνη
632 4117 742 4184 γάρ
762 4115 899 4176 ἐστι,
930 4112 997 4165 τὰ
1026 4111 1172 4180 πάθη
1194 4110 1302 4164 τῶν
1324 4108 1625 4180 ἀνθρώπων
1657 4108 1914 4172 ἀναδεξά-

2342 2777 2525 2832 LXVI.
2562 2809 2632 2819 —
2668 2779 2993 2836 CASSARIO
3031 2781 3286 2837 COMITI.

2169 2888 2237 2946 In
2267 2889 2401 2943 illud
2434 2892 2631 2944 dictum
2664 2908 2696 2944 a
2728 2891 2948 2947 Domino
2982 2908 3001 2948 :
3036 2911 3053 2944 ι
3093 2893 3220 2948 Siue
3252 2894 3426 2948 modo.
3462 2913 3483 2948 ι

2080 3021 2266 3078 Justus
2299 3025 2385 3078 ille
2414 3024 2599 3091 judex,
2640 3027 2781 3093 quod
2819 3028 3012 3095 cuique
3047 3029 3274 3097 tempori
3310 3029 3584 3091 convenit,

2011 3116 2331 3176 attrihuens,
2363 3134 2380 3165 ι
2402 3114 2528 3169 Sine
2554 3119 2731 3179 modo,
2755 3134 2773 3168 ι
2805 3119 2869 3169 ad
2892 3115 3150 3172 Joannem
3170 3120 3400 3185 dicebat,
3420 3120 3587 3187 ipsius

1992 3204 2322 3272 .liaptizandi
2371 3223 2564 3259 munus
2606 3219 2968 3265 recusantem.
3013 3208 3146 3262 Nam
3191 3226 3310 3262 cum
3359 3210 3483 3275 ille,
3528 3219 3587 3265 ut

1974 3282 1979 3287 ’
2014 3295 2237 3348 Domino
2272 3297 2671 3351 venerationem
2714 3299 2994 3363 exhibens,
3029 3300 3271 3354 divinum
3308 3311 3471 3369 Caput
3505 3312 3590 3354 at-

2014 3393 2244 3437 trectare
2298 3385 2517 3440 minime
2569 3390 2809 3451 auderet,
2843 3407 2861 3440 ι
2899 3388 3030 3444 Sine
3077 3392 3254 3456 modo,
3294 3407 3311 3439 ι
3358 3391 3585 3447 audivit.

2010 3470 2183 3535 Nunc,
2230 3475 2419 3545 inquit,
2466 3479 2798 3546 paupertatis
2843 3488 3053 3547 tempus
3095 3489 3200 3543 est,
3244 3480 3587 3534 demissiouis

2012 3564 2095 3619 lex
2135 3580 2148 3617 :
2183 3566 2298 3635 ejus
2331 3582 2514 3630 causa,
2551 3570 2620 3622 ob
2655 3584 2815 3637 quem
2852 3571 3251 3645 humanitatem
3291 3571 3585 3638 assumpsi,

2011 3655 2340 3724 baptismum
2388 3659 2615 3726 accipio,
2663 3670 2722 3711 ut
2766 3676 2886 3713 eum
2934 3675 2964 3713 a
3015 3661 3303 3715 maledicto
3348 3662 3584 3730 expiem.

2010 3744 2163 3801 Nunc
2203 3746 2480 3801 Dominica
2520 3750 2753 3816 potentia
2790 3763 2924 3815 opus
2964 3764 3070 3803 non
3107 3760 3210 3813 εει,
3251 3766 3437 3803 verum
3473 3766 3589 3805 ser-

2013 3835 2101 3888 vili
2129 3836 2425 3904 dejectione
2442 3850 2504 3889 ae
2544 3836 2767 3890 vilitate.
2797 3856 2815 3887 ι
2850 3836 2980 3889 Sine
3000 3838 3158 3891 modo
3191 3856 3210 3888 ι
3233 3840 3585 3892 commisera-

2016 3923 2213 3977 tionem
2253 3922 2453 3991 expleri
2482 3941 2494 3976 :
2521 3923 2625 3992 21
2653 3916 3019 3979 utfhominum
3060 3926 3208 3980 salus
3238 3927 3585 3993 impediatur,

2021 4033 2039 4066 ι
2064 4016 2141 4068 sic
2164 4016 2304 4068 cnim
2328 4016 2484 4070 decet
2524 4031 2623 4070 nos
2658 4016 2880 4086 implere
2913 4032 3125 4073 omnem
3162 4018 3426 4087 justitiam
3453 4022 3522 4070 τι.
3560 4040 3581 4073 ι

2016 4103 2129 4160 11οε
2169 4106 2313 4160 enim
2355 4106 2581 4172 justitire
2626 4122 2823 4162 munus
2864 4108 3126 4177 postulat,
3168 4118 3228 4164 ut
3266 4109 3361 4179 qui
3410 4110 3587 4165 homi-

350 4227 524 4278 μενον,
550 4204 783 4266 ἀπαθῶς
810 4202 950 4272 ὑπὲρ
982 4200 1160 4253 αὐτῶν
1194 4200 1293 4253 καὶ
1326 4198 1609 4269 βάπτισμα
1640 4198 1910 4263 δέξασθαι,

2018 4211 2146 4250 num
2189 4195 2499 4251 aﬂ‘ectiones
2540 4198 2798 4266 suscepit,
2842 4213 2968 4252 vere
3010 4201 3334 4269 baptismum
3376 4214 3592 4269 quoque

342 4300 594 4370 λυτήριον
639 4297 739 4366 τῆς
781 4293 960 4349 αὐτῶν
994 4291 1289 4363 ἁμαρτίας,
1342 4290 1436 4343 καὶ
1493 4289 1760 4360 σύμϐολον
1814 4290 1913 4360 τῆς

345 4390 522 4445 αὐτῶν
541 4392 600 4442 ὲν
622 4386 747 4458 ἐμοὶ
775 4385 1103 4455 ἀφθαρσίας.

2017 4302 2117 4356 pro
2156 4287 2283 4356 ipsis
2324 4288 2600 4355 suscipiat,
2641 4289 2731 4356 qui
2770 4297 2825 4341 et
2864 4289 3101 4357 ipsorum
3141 4299 3359 4358 peccata
3394 4290 3589 4351 solvat,

2020 4388 2076 4433 et
2110 4394 2294 4433 eorum
2338 4378 2389 4430 iu
2430 4393 2513 4433 me
2548 4386 2745 4433 statum
2781 4379 2850 4434 ab
2883 4380 3029 4434 omni
3067 4381 3416 4449 corruptione
3455 4380 3590 4433 alie-

2028 4486 2152 4523 num
2193 4470 2475 4536 signiticet.

423 4650 782 4717 ".Matth.ttt,
816 4649 902 4704 10.
980 4648 1047 4679 ⁶⁹’
1081 4645 1210 4701 ibid.
1246 4644 1336 4697 12.
1409 4641 1456 4673 ⁷⁸
1478 4638 1634 4726 Joan.
1663 4655 1772 4705 xtv,
1802 4640 1859 4694 2.

2018 4638 2187 4694 datth.
2220 4654 2303 4707 ιιι,
2334 4639 2421 4693 l5.

1439 4815 1675 4872 VARUE
1716 4812 2096 4871 LECTIONES
2134 4814 2222 4869 ET
2261 4814 2495 4872 NOT/E.

432 5006 533 5078 (62)
574 5005 701 5079 Post
736 5000 1063 5055 ἐκκόπτεται
1092 4996 1269 5079 codd.
1299 4993 1410 5047 Alt.
1440 4990 1799 5079 ει-Υιιιλξάθ
1828 4994 1923 5079 ad-

355 5060 486 5131 dunt
519 5060 660 5147 μέν,
701 5084 934 5139 moxque
988 5076 1109 5137 post
1152 5064 1444 5135 ὀρύσσεται.
1501 5062 1796 5131 adiungunt
1839 5060 1918 5112 δέ.

354 5147 556 5202 Possm.

428 5200 690 5286 (ϐὗὶίριιιε
718 5218 1019 5286 sequuntur
1045 5208 1098 5286 in
1127 5206 1275 5286 edito
1288 5200 1550 5286 ’.νει-εἰθιιιιΔ
1572 5200 1693 5286 fere
1715 5200 1927 5286 tritius,

352 5271 899 5341 sic‘en'teiidatius'ex
925 5280 1077 5333 codd.
1127 5276 1250 5328 Vat.
1285 5273 1388 5327 649
1419 5282 1473 5341 et
1524 5271 1628 5322 Alt.
1676 5271 1836 5341 scribi
1868 5278 1923 5341 et

353 5338 592 5410 ordinari
630 5338 879 5419 possunt
902 5390 917 5413 ,
967 5347 1184 5419 συνάγει
1235 5344 1331 5412 τὴν
1363 5340 1694 5419 πρέπουσαν,
1733 5338 1923 5419 ἣνικαὶι

359 5406 811 5510 μονήνδ-δίκαιος
835 5406 1025 5488 κριτὴς
1051 5406 1161 5478 τοῖς
1207 5406 1419 5510 πισῑοῖς
1438 5410 1529 5510 κοιέἰ
1554 5406 1719 5510 ἀξίοις
1753 5406 1917 5510 αι)τοῦ

362 5500 373 5510 .
669 5496 684 5510 ι
764 5489 915 5510 ηιμ--
974 5488 1231 5510 -..-.ι-.--
1293 5483 1305 5498 ⁸
1352 5483 1435 5510 ,υτ
1464 5495 1494 5510 υ
1540 5494 1568 5510 Α
1621 5494 1648 5510 υ
1677 5493 1705 5510 n
1807 5492 1891 5510 ure

359 5477 620 5566 ἔργᾶταιξ
662 5477 920 5566 ῢνοιέάξέι
971 5477 1913 5566 6mﬁ9‘9511‘33‘55{69:99.}???

363 5547 564 5633 μὐἱιυιι.
598 5547 723 5633 'post
761 5547 965 5629 εχόησα
993 5547 1149 5610 codd.
1178 5554 1296 5608 Vat.
1336 5550 1439 5604 649
1477 5559 1530 5602 et
1558 5548 1664 5601 Alt.
1715 5547 1915 5600 addunt

2026 4990 2306 5054 πολλάκις.
2337 4991 2545 5047 Possm.

2026 5061 2211 5183 Poggii
2236 5060 2325 5130 Τῷ
2358 5076 2477 5128 post
2515 5065 2589 5125 ὡς
2642 5066 2897 5121 omittunt
2927 5068 3082 5122 codd.
3115 5068 3235 5123 Vat.
3266 5068 3369 5125 649
3398 5080 3451 5126 et
3481 5071 3592 5128 Alt.

2131 5147 2191 5182 .l.
2222 5169 2233 5182 .

2131 5147 2233 5182 SIN.

2092 5200 2202 5276 (65)
2239 5198 2364 5253 Post
2387 5199 2687 5276 ἀνθριῷπων
2721 5203 2882 5276 iidem
2919 5208 3073 5260 codd.
3119 5208 3361 5262 inserunt
3385 5212 3439 5276 ἡ,
3471 5226 3593 5264 mox

2028 5283 2126 5346 pro
2149 5268 2500 5346 *δικαιοσύνη
2525 5272 2692 5346 iidem
2741 5273 2920 5346 legunt
2977 5276 3343 5346 δικαιοσύνης,
3394 5268 3447 5330 et
3500 5295 3596 5344 pro

2026 5337 2485 5416 ἀπαθῷςλιιιιιιειιι
2518 5340 2771 5416 ἀληθῶς.-
2794 5337 2858 5396 lu
2900 5347 3004 5398 line
3041 5364 3135 5415 pro
3180 5337 3511 5416 τῆς”αὺτ‹ὒν”
3536 5350 3595 5397 ἐν

2026 5407 2157 5481 ἐμοὶ.
2176 5407 2510 5481 ἀφθαρσίας,
2554 5407 2880 5481 Barheriuus
2913 5407 3079 5469 codex
3122 5407 3471 5481 ltwc'vhallet,
3500 5417 3595 5468 ἐπὶ

2024 5478 2120 5546 τῆς
2143 5476 2362 5545 ἐμαυτῴ
2394 5477 2717 5547 ἀφθαρσίας.
2744 5482 2951 5538 Possm.
