3944 6138
316 198 415 261 2‘29

1241 196 1779 255 EPISTOLARUM
1812 196 1957 254 LIB.
1997 196 2045 256 Ι.
2089 220 2155 229 --
2195 196 2430 255 EPIST.
2475 198 2681 258 LXIX.

3460 207 3569 276 Ἀθ

312 315 433 375 τοὺς
460 308 711 379 πρώτους
754 308 1074 379 ἀνθρώπους
1102 312 1201 379 τῆς
1229 310 1441 379 τρυφῆς
1476 308 1776 374 ἐξεώσατθ;
1817 309 1886 362 Οὐ

1996 308 2207 365 deliciis
2234 311 2542 381 expulit"?
2573 312 2767 365 Annon
2835 314 3062 373 satietas
3110 316 3252 373 Esau
3304 322 3576 394 primoge-

310 403 471 473 κόρος
505 402 598 455 τὸν
632 401 809 453 Ἦσαῦ
863 401 960 453 καὶ
1008 403 1400 471 πρωτοτοκίων
1454 404 1549 455 καὶ
1583 400 1894 473 ἐλευθερίας

308 492 657 564 ἐγύμνωσεν;
687 493 762 544 Οὐ
797 492 998 562 βρῶσις
1032 490 1171 560 βοῶν
1199 494 1289 545 καὶ
1331 494 1620 562 πφὸἁτων
1665 492 1893 563 περιττὴ

310 586 400 638 τὸν
425 584 604 637 Σαοὺλ
640 584 737 636 καὶ
765 582 860 652 τῆς
890 582 1170 651 βασιλείας
1206 584 1420 651 καὶτῆς
1452 584 1597 651 ζωῆς
1620 582 1896 651 ἐξωπράο

308 691 494 735 κισεν;
530 673 604 725 Ού
646 673 735 725 τὸν
769 671 1037 741 ὲρημίτην
1067 667 1288 741 Ἰσραὴλ
1319 672 1496 742 κρεῶν
1524 672 1619 725 καὶ
1651 672 1894 742 λεϐήτων

308 765 606 834 ἐπιθυμία,
653 764 730 834 τῷ
779 764 958 834 μυρίῳ
999 763 1151 833 ἐσμῷ
1190 764 1283 816 καὶ
1318 764 1458 834 ὄχλῳ
1496 764 1604 816 τῶν
1646 764 1893 833 βασάνων

306 857 398 910 καὶ
439 856 546 908 τῶν
590 854 913 926 πειρασμῶν
953 853 1321 924 ἐξηνάλωσεν;
1365 856 1439 906 υύ
1470 854 1559 907 τὸν
1595 855 1747 923 Ὀφνὶ
1793 855 1890 907 καὶ

304 944 488 1008 Φινεὲς
532 947 566 1015 ἡ
601 944 853 997 λυττῶσα
886 944 1130 1014 γαστὴρ,
1180 944 1271 995 καὶ
1312 942 1490 1012 κρεῶν
1526 943 1747 1014 ἁρπαγὴ
1799 944 1891 995 καὶ

308 1039 615 1110 κραιπάλη,
646 1040 737 1091 καὶ
765 1036 1041 1105 γυναικῶν
1078 1036 1263 1106 μανία,
1296 1035 1590 1106 ἱερωσύνης
1611 1036 1703 1088 καὶ
1726 1034 1891 1088 κιϐω-

308 1131 422 1196 τοῦ,
453 1132 552 1185 καὶ
585 1130 820 1200 κράτους
864 1127 1067 1197 φυλῶν,
1101 1126 1193 1179 καὶ
1224 1126 1383 1196 δόξης
1423 1127 1515 1179 καὶ
1558 1125 1723 1195 τιμῆς
1752 1125 1889 1178 ἀπο-

312 1224 551 1293 κὰψασα,
583 1222 744 1290 ἔργον
770 1219 983 1290 ἐχθρῶν
1009 1218 1102 1271 καὶ
1138 1216 1306 1285 ξιφῶν
1345 1217 1780 1287 κατειργάσατος
1812 1215 1886 1267 Οὐ

307 1314 619 1386 κρεωδορία
652 1312 899 1373 καὶτοὺς
944 1312 1109 1380 ἱερεῖς
1150 1311 1249 1379 τῆς
1279 1308 1537 1377 αἰσχύνης
1580 1307 1671 1359 ἐπὶ
1708 1305 1885 1359 Ἡλίου

310 1407 585 1477 μαχαίρας
615 1403 796 1469 ἀξίους
837 1403 1150 1471 ἀπέφηνενς
1184 1402 1258 1454 Οὐ
1300 1400 1505 1463 κοιλίας
1540 1398 1746 1469 ὄρεξις,
1794 1399 1887 1451 καὶ

310 1496 619 1569 βρωμάτων
651 1495 853 1561 ἔφεσις,
882 1493 977 1545 καὶ
1005 1493 1131 1554 τοὺς
1160 1490 1254 1544 τοῦ
1283 1492 1391 1561 Βὴλ
1419 1491 1513 1544 λατ
1526 1490 1717 1561 ρευτάς
1747 1506 1887 1560 παρ-

306 1591 509 1643 έδωκεν
538 1589 619 1650 εἰς
648 1585 920 1639 ἀπώλειαν
948 1583 1127 1653 σποδῷ
1152 1582 1535 1652 ἐλεγχθέντας;
1563 1583 1637 1634 Οὑ
1662 1581 1885 1653 νηστεία

2004 402 2217 455 niornm
2270 404 2392 470 jure
2442 419 2506 459 ac
2552 404 2804 459 libertate
2845 406 3095 475 spoliavit
3121 409 3210 463 7‘?
3245 411 3437 466 Annon
3482 431 3572 468 su-

2003 494 2238 562 perﬂuus
2270 496 2429 547 boum
2462 510 2526 549 ac
2560 498 2822 563 pecudum
2858 512 3016 563 esus,
3056 499 3269 555 Saulem
3311 514 3367 557 et
3406 520 3572 575 regno

2002 592 2055 637 et
2099 584 2207 638 vita
2253 586 2658 639 exturbavit"?
2691 586 2885 642 Annon
2934 592 3181 645 carnium
3233 602 3286 646 et
3340 595 3569 650 ollarum

1998 673 2264 742 cupiditas
2322 675 2566 730 lsraelem
2611 677 2662 730 in
2696 680 2910 734 deserto
2948 695 3370 737 comtnorantem
3416 686 3571 739 innu-

2001 766 2167 818 meris
2219 767 2506 821 tormentis
2560 778 2614 821 et
2656 770 3040 826 tentationibus
3083 774 3313 829 confecit
3345 776 3427 830 ’3?
3454 777 3569 831 An-

1999 870 2107 908 non
2162 856 2380 924 rapidus
2410 866 2598 913 venter
2640 868 2695 913 et
2726 862 2971 915 carnium
3012 865 3221 933 ereptio
3249 876 3301 920 et
3326 867 3566 935 crapula,

1998 954 2051 998 et
2082 945 2305 999 insanus
2333 946 2618 1001 mulierum
2652 963 2804 1003 amor
2843 949 3043 1018 eﬂ‘ecit,
3073 964 3131 1007 ιιι
3161 953 3335 1024 Opimi
3361 967 3415 1012 et
3441 956 3569 1012 Phi-

1998 1049 2126 1088 nees
2167 1036 2503 1104 sacerdotio,
2548 1046 2602 1091 et
2639 1052 2787 1102 arca,
2840 1050 2893 1094 et
2946 1041 3183 1097 tribuunt
3216 1045 3460 1114 imperio,
3512 1058 3567 1102 et

1996 1124 2187 1195 gloria,
2222 1135 2277 1180 et
2335 1127 2542 1182 honore
2587 1132 2841 1195 truncati,
2894 1132 3075 1186 hostili
3108 1134 3287 1202 gladio
3331 1138 3567 1191 trucida-

2000 1223 2304 1276 rentur‘"?
2335 1223 2528 1276 Annon
2572 1224 2816 1278 carnium
2864 1227 3135 1283 voracitas
3178 1229 3566 1299 ignominiosos

1995 1313 2325 1375 sacerdotes,
2370 1312 2496 1366 Elia:
2547 1323 2863 1383 tempestate
2896 1316 3073 1387 gladio
3121 1334 3185 1375 ac
3218 1335 3349 1376 nece
3376 1322 3567 1392 dignos

1996 1396 2337 1457 reddidit"?
2380 1405 2571 1459 Annon
2609 1406 2816 1461 ventris
2861 1411 3167 1477 appetitus,
3218 1420 3273 1466 et
3316 1415 3565 1469 carnium

1993 1495 2317 1549 desiderium
2367 1494 2507 1551 Belis
2540 1512 2752 1566 quoque
2778 1497 3013 1553 cultores
3045 1508 3097 1553 et
3121 1501 3433 1559 adoratores
3471 1520 3567 1573 per

1993 1585 2227 1641 cinerem
2261 1588 2537 1641 convictos
2583 1604 2646 1641 ac
2699 1590 3061 1657 deprehensos
3080 1592 3250 1646 exitio
3269 1592 3564 1650 addixit"?

308 1680 474 1733 πάλιν
509 1680 604 1732 καὶ
633 1676 915 1738 συνουσίας
960 1675 1187 1745 ἄρνησις
1224 1675 1315 1726 τὸν
1344 1674 1464 1727 Νῶε
1500 1675 1590 1726 καὶ
1629 1676 1755 1737 τοὺς
1790 1675 1886 1727 αὐ-

1992 1677 2062 1729 Ac
2092 1690 2305 1729 rursum
2349 1690 2379 1730 e
2427 1678 2725 1739 contrario,
2750 1693 2925 1732 annon
2972 1679 3234 1748 jejunium
3274 1692 3328 1737 et
3362 1699 3565 1738 concu-

304 1771 398 1825 τοῦ
440 1773 506 1824 ἐκ
538 1769 632 1822 τοῦ
673 1768 939 1829 κλύδωνος
980 1766 1078 1835 τῆς
1128 1765 1430 1835 παραδόξου
1487 1765 1761 1834 Θαλάσσης
1805 1764 1890 1817 δι-

311 1860 506 1924 έσωσε,
536 1860 825 1929 σπέρματα
855 1856 951 1927 μὲν
979 1854 1277 1921 ἐσθίοντας,
1304 1855 1365 1907 οὑ
1388 1853 1804 1926 συγχρωμένους
1834 1853 1890 1906 δὲ

306 1954 428 2014 ταῖς
476 1949 768 2020 ὁμοζύγοις
812 1948 890 2009 είς
930 1945 1196 2015 σαρκικὴν
1242 1947 1489 2016 ὁμιλίαν;
1531 1948 1729 1998 ’Λκουε
1780 1943 1889 2014 γὰρ

304 2040 407 2112 ’τῆς
438 2042 665 2112 Γραφῆς
696 2041 830 2111 πρὸς
870 2038 961 2091 τὸν
992 2038 1113 2091 Νῶε
1162 2038 1577 2107 διαταττούσης,
1616 2056 1633 2088 ι
1667 2035 1888 2089 Εἴσελθε

306 2137 387 2196 είς
411 2134 511 2204 τὴν
540 2132 772 2186 κιϐωτὸν
808 2131 871 2183 σὺ
908 2129 999 2183 καὶ
1031 2128 1131 2201 [οἱ]
1158 2129 1269 2181 υίοί
1300 2147 1412 2193 σου,
1443 2130 1536 2181 καὶ
1567 2131 1598 2199 ἡ
1627 2128 1763 2199 γυνή
1794 2145 1887 2179 σου

305 2226 399 2277 καὶ
430 2226 487 2277 αί
527 2225 785 2291 γυναῖκες
830 2220 937 2273 τῶν
990 2219 1120 2273 υἱῶν
1172 2237 1284 2273 σου.
1318 2239 1334 2269 ι
1373 2220 1690 2291 Χιιιρίσθητε
1741 2220 1886 2289 (68),

306 2317 493 2387 φησὶν,
522 2316 573 2368 οί
604 2315 795 2385 ἄνδρες
820 2311 944 2364 καθ’
970 2312 1216 2376 ἐαυτοὺς,
1266 2313 1359 2365 καὶ
1392 2313 1447 2364 αἱ
1484 2314 1737 2380 γυναῖκες
1765 2309 1889 2363 καθ’

305 2407 523 2471 ἐαυτάς.
554 2407 787 2477 Πορνεία
822 2407 1211 2479 σωφρονίζεται
1239 2404 1331 2456 καὶ
1359 2402 1618 2471 ἀσέλγεια
1644 2401 1733 2454 διὰ
1780 2401 1887 2454 τῶν

303 2498 717 2568 ἐπιφερομένων
740 2498 944 2552 ὑδάτων
967 2515 986 2532 ο
1028 2499 1184 2567 ὑμεῖς
1205 2490 1297 2548 οὖν
1331 2493 1463 2563 μηδέ
1495 2493 1593 2563 τῆς
1622 2491 1884 2561 ἀμιάντου

304 2589 507 2658 ἆψεσθε
533 2589 741 2659 κοίτης.
765 2589 887 2642 ’Ότι
915 2589 971 2642 δὲ
998 2587 1155 2641 τοῦτο
1192 2582 1280 2657 ἦν,
1321 2584 1483 2637 πάλιν
1508 2583 1884 2654 ἐξερχομένων

305 2680 365 2732 ἐκ
392 2680 495 2750 τῆς
535 2679 789 2745 κιϐωτοῦ,
817 2678 991 2733 ταῦτά
1025 2694 1219 2749 φησιν’
1255 2697 1273 2729 ι
1307 2676 1526 2742 Ἔξελθε
1559 2677 1623 2727 ἐκ
1653 2674 1754 2742 τῆς
1800 2692 1885 2727 κι-

306 2770 484 2825 ϐωτοῦ
512 2772 577 2824 σὺ
606 2771 700 2825 καὶ
729 2773 762 2841 ἡ
791 2772 927 2841 γυνή
959 2789 1072 2834 σου,
1104 2768 1199 2822 καὶ
1228 2769 1276 2821 oi
1304 2767 1406 2820 υἱοί
1438 2784 1551 2831 σου,
1584 2766 1676 2818 καὶ
1706 2765 1762 2818 αἱ
1791 2782 1885 2833 γυ-

304 2866 488 2926 ναῖκες
514 2862 622 2915 τῶν
651 2862 782 2914 υίῶν
814 2879 959 2915 σου.»
997 2861 1338 2930 Ἐξείληπται
1363 2860 1423 2911 τὸ
1446 2860 1599 2925 γένος
1627 2856 1688 2909 τδ
1715 2859 1887 2926 ἀμαρ-

302 2955 488 3007 τωλύν.
529 2954 718 3023 Ὑμεῖς
747 2953 905 3006 πάλιν
930 2954 1013 3021 ἐφ’
1036 2953 1267 3015 ἑαυτῶν,
1296 2951 1388 3003 καὶ
1419 2950 1578 3002 πάλιν
1604 2947 1883 3013 αύξανέτω

304 3045 360 3097 τὺ
388 3046 546 3112 γένος
577 3046 637 3096 τὸ
672 3043 941 3107 θεοσεϐὲς.
989 3043 1062 3096 Ού
1111 3042 1333 3112 νηστεία
1379 3041 1525 3109 ζωὴν
1572 3041 1881 3103 Νινευῖταις

307 3136 635 3206 παρέσχετο,
685 3134 917 3187 θανάτου
954 3133 1206 3187 λαϐοῦσιν
1256 3133 1529 3201 ἀπόφασιν
1581 3130 1886 3199 σύντομον;

307 3229 378 3279 Οὐ
402 3226 634 3298 νηστεία
662 3225 963 3296 θαυμάσιον
985 3223 1199 3295 Δανιὴλ,
1230 3224 1323 3276 καὶ
1354 3224 1479 3284 τοὺς
1500 3220 1889 3292 ὁμογνώμονας

305 3317 449 3388 αύτῷ
477 3317 799 3389 κρείττονας
824 3316 919 3369 καὶ
943 3317 1201 3385 τυράννου
1230 3314 1324 3367 καὶ
1355 3313 1524 3385 πυρὸς
1559 3311 1889 3382 βροντῶντος

303 3409 613 3479 ἀπέφηνεν;
647 3406 722 3460 Οὐ
754 3406 979 3477 νηστεία
1024 3406 1119 3460 καὶ
1154 3405 1269 3476 βίου
1314 3404 1600 3473 σεμνότης,
1638 3402 1888 3471 Ἰωάννην

302 3500 393 3553 τοῦ
426 3498 811 3571 σαρκωθέντος
840 3498 974 3553 Θεοῦ
1024 3497 1324 3568 βαπτιστὴν
1354 3495 1697 3555 ἀπετέλεσεν,
1732 3492 1887 3559 ἀξίαν

303 3591 527 3657 ἁγνείαν
559 3592 663 3659 τῆς
696 3588 963 3659 τοσαύτης
993 3588 1333 3658 κτησάμενον
1366 3585 1781 3657 μυσταγωγίας;
1812 3584 1885 3637 Οὐ

300 3683 549 3752 νηστεία,
577 3682 676 3734 καὶ
709 3679 1007 3751 γύμνωσις,
1044 3679 1137 3733 καὶ
1162 3678 1452 3749 χαμευνία,
1477 3677 1569 3730 καὶ
1600 3676 1753 3746 τῆξις
1784 3673 1889 3727 σώο

302 3790 468 3841 ματος
488 3772 607 3827 τῶν
627 3775 685 3825 ἐν
705 3770 784 3841 τῷ
805 3771 1118 3843 παραδείσῳ
1138 3771 1389 3841 ἀρρήτων
1411 3769 1644 3839 ἐπήκοον
1665 3767 1887 3836 ἐποίησε

300 3864 557 3931 Παῦλον;
594 3864 660 3916 Τί
692 3864 869 3916 τοίνυν
909 3861 1081 3915 ταῦτα
1115 3860 1395 3931 μιμεῖσθαι
1444 3859 1623 3928 ἀφεὶς,
1678 3858 1746 3910 τά
1776 3856 1889 3925 χεί-

302 3973 431 4026 ρονα
480 3954 836 4017 κακοϐούλους
895 3953 1152 4022 ἀγαπᾷς;
1208 3950 1267 4003 Ei
1326 3946 1419 4003 οὖν
1482 3950 1556 4019 μὴ
1608 3946 1888 4008 παντελῶς

300 4047 525 4117 ἐξῆλθες
583 4044 813 4108 σαυτοῦ,
861 4046 954 4096 καὶ
993 4042 1305 4111 ἐπιλέλησαι
1351 4038 1507 4104 Θεοῦ,
1552 4038 1887 4107 ὺπόστρεψον

298 4141 375 4198 είς
405 4138 508 4208 τὴν
540 4135 709 4206 φύσιν
740 4135 917 4189 πάντα
945 4134 1172 4205 ἔχουσαν
1202 4136 1259 4185 ἐν
1289 4133 1453 4201 ἐαυτῇ
1477 4131 1544 4183 τὰ
1573 4128 1702 4182 Θεὸν
1731 4129 1889 4199 θερα-

300 4225 564 4289 πεύοντα,
597 4226 694 4277 καὶ
732 4224 901 4293 γνῶθι
932 4224 1025 4277 τὸν
1049 4226 1066 4243 ‘
1094 4223 1437 4291 κτισάμενον,
1483 4219 1578 4272 καὶ
1624 4217 1791 4286 τιμῆς
1828 4233 1885 4267 σε

1992 1765 2136 1819 bitus
2169 1766 2477 1837 abnegatio,
2507 1767 2618 1823 Noe
2654 1770 2931 1839 ipsiusque
2977 1773 3115 1827 lilios
3167 1788 3231 1825 ex
3264 1775 3383 1827 novi
3421 1773 3565 1845 [ino-

1993 1856 2187 1928 pinati]
2237 1859 2400 1913 maris
2428 1868 2743 1927 tempestate
2791 1864 3178 1916 conservavit?
3207 1864 3415 1935 Quippe
3469 1867 3561 1935 qui

1992 1947 2352 2017 leguminibus
2418 1960 2786 2015 vescerentur,
2833 1967 3136 2021 uxoresque
3183 1956 3249 2008 ad
3290 1956 3560 2011 carnalem

1990 2040 2192 2092 coitum
2241 2040 2460 2094 minime
2501 2042 2839 2096 adhiberent.
2875 2044 3011 2098 Audi
3047 2047 3190 2099 enim
3224 2046 3558 2115 Scripturam

1991 2129 2089 2199 ipsi
2151 2128 2262 2183 Noe
2314 2131 2414 2183 hoc
2464 2130 2785 2185 indicentem
2835 2150 2848 2186 :
2903 2150 2921 2184 ι
2954 2135 3237 2204 Ingredere
3284 2137 3336 2189 in
3379 2146 3558 2190 arcam

1993 2232 2047 2274 tu
2088 2231 2139 2273 ct
2172 2221 2264 2275 ﬁlii
2321 2223 2417 2285 tui,
2448 2232 2501 2277 et
2537 2240 2669 2278 uxor
2714 2236 2822 2288 tua,
2866 2236 2919 2278 et
2951 2243 3145 2281 uxores
3176 2228 3403 2281 ﬁliorum
3442 2239 3561 2281 tuo-

1991 2328 2107 2365 rum
2140 2311 2239 2364 ἰ.»
2271 2310 2660 2381 Sejungamini,
2692 2315 2885 2385 inquit,
2913 2317 3011 2370 viri
3038 2318 3310 2387 privatim,
3341 2326 3394 2372 et
3422 2334 3556 2372 uxo-

1990 2418 2077 2458 res
2119 2404 2390 2473 privatim.
2433 2405 2534 2460 Per
2566 2407 2740 2461 illatas
2792 2424 2961 2477 aquas
3012 2411 3267 2464 scortatio
3309 2420 3363 2465 et
3399 2410 3559 2466 lasci-

1987 2496 2070 2549 via
2120 2497 2383 2566 supplicio
2446 2498 2725 2552 multatur.
2775 2499 2880 2553 Vos
2930 2501 3089 2569 igitur
3138 2516 3207 2555 ne
3251 2501 3386 2557 labis
3440 2504 3559 2571 qui~

1988 2586 2105 2641 dem
2134 2602 2197 2642 ac
2231 2588 2451 2643 maculae
2501 2606 2697 2659 expers
2734 2592 2909 2646 cubile
2954 2593 3247 2663 attingetis.
3282 2593 3433 2660 Quod
3463 2610 3562 2648 au-

1989 2689 2094 2731 tem
2134 2677 2203 2731 ita
2247 2693 2331 2732 res
2363 2693 2422 2733 se
2460 2679 2698 2744 haberet,
2730 2682 2851 2735 hinc
2904 2691 3069 2750 patct,
3111 2682 3253 2750 quod
3297 2697 3416 2736 cum
3458 2682 3561 2750 ipsi

1985 2782 2048 2820 ex
2103 2784 2224 2821 arca
2272 2784 2483 2822 rursum
2546 2774 2946 2839 egrederentur,
3014 2772 3097 2827 bis
3156 2772 3331 2827 verbis
3368 2773 3558 2836 utitur,

1995 2879 2013 2911 ι
2043 2858 2309 2929 Egredere
2360 2877 2611 2925 exarca,
2644 2874 2696 2915 tu
2753 2872 2806 2917 et
2846 2880 2982 2917 uxor
3010 2872 3123 2931 tua,
3150 2876 3202 2918 et
3252 2865 3342 2918 lilii
3376 2865 3473 2929 tui,
3506 2875 3563 2919 et

1989 2965 2184 3005 uxores
2225 2952 2453 3005 ﬁliorum
2487 2960 2699 3005 tuorum
2724 2953 2822 3005 θ’.»
2860 2953 3099 3009 Dcletnm
3148 2969 3213 3009 ac
3270 2957 3337 3009 de
3384 2955 3561 3009 medio

1991 3042 2262 3095 sublatum
2294 3050 2375 3096 est
2406 3042 3058 3111 genttsﬂagitiosntn.Vos
3094 3061 3307 3099 rursum
3363 3047 3414 3099 in
3468 3061 3563 3101 vo-

1992 3134 2074 3188 bis
2130 3134 2261 3202 ipsis
2309 3136 2473 3188 estis:
2526 3151 2588 3188 ac
2618 3138 2761 3204 pium
2819 3150 2989 3205 genus
3029 3153 3241 3192 rursum
3278 3149 3558 3208 augeatur.

1990 3224 2072 3278 An
2106 3240 2212 3278 non
2236 3224 2498 3292 jejunium
2526 3226 2798 3293 Ninivitis,
2834 3243 2954 3281 cum
2984 3228 3200 3283 brevem
3250 3242 3314 3283 ac
3333 3228 3560 3284 celerem

1992 3317 2183 3371 mortis
2236 3318 2560 3373 sententiam
2589 3322 2924 3388 accepissent
2955 3321 3117 3373 vitam
3146 3320 3426 3374 attulit”?
3454 3322 3564 3374 An-

1990 3423 2095 3461 non
2126 3407 2387 3475 jejunium
2439 3411 2650 3464 eximize
2681 3411 2900 3464 virtutis
2935 3410 3330 3465 adolescentem
3369 3411 3564 3467 Danie-

1990 3497 2175 3565 lem“,
2211 3513 2433 3566 eosque,
2467 3500 2557 3566 qui
2608 3499 2817 3564 eadem,
2854 3514 2957 3566 qua
3002 3498 3109 3563 ille,
3148 3509 3325 3553 mente
3350 3500 3559 3567 praediti

1989 3596 2167 3652 erant,
2206 3598 2259 3640 et
2292 3597 2520 3655 tyranno
2551 3597 2601 3641 et
2626 3598 2845 3642 tonante
2870 3589 2990 3655 igne
3027 3589 3359 3658 superiorem
3386 3588 3562 3643 reddi-

1991 3678 2110 3730 dit?
2166 3677 2355 3731 Annon
2385 3676 2646 3745 jejunium
2695 3693 2759 3732 ac
2791 3678 2913 3731 vitae
2947 3679 3208 3732 sanctitas
3233 3678 3335 3731 hoc
3367 3676 3560 3732 Joanni

1989 3768 2264 3838 praestitit,
2291 3777 2349 3822 ιιι
2395 3770 2732 3823 incarnatum
2766 3769 2930 3823 Deum
2957 3769 3345 3839 baptizarct":
3378 3781 3435 3823 ut
3466 3771 3560 3838 qui

1990 3860 2206 3928 dignam
2237 3868 2392 3912 tanto
2424 3870 2767 3913 sacramento
2807 3861 3094 3928 puritatem
3124 3862 3349 3928 adeptus
3379 3862 3563 3914 esset?

1991 3949 2185 4002 Annon
2246 3946 2534 4018 jejunium,
2570 3960 2625 4002 et
2651 3950 2892 4014 nuditas,
2922 3959 2978 4003 et
3001 3950 3343 4014 cltameunia,
3368 3959 3420 4002 et
3440 3963 3563 4003 cor-

1992 4038 2138 4105 poris
2168 4038 2460 4091 maceratin
2494 4038 2595 4091 hoc
2625 4037 2791 4090 Paulo
2816 4039 2999 4092 attulit
3024 4079 3039 4101 ,
3086 4049 3143 4092 ut
3204 4040 3439 4108 paradisi
3468 4055 3562 4093 ar-

1994 4143 2257 4183 canorum
2296 4122 2512 4181 auditor
2534 4139 2676 4184 esset
2694 4131 2782 4183 ⁸⁸2
2813 4116 2955 4196 Quid
2979 4132 3138 4200 igitur
3157 4131 3347 4184 harum
3372 4146 3553 4185 rerum

1992 4220 2295 4274 imitatione
2356 4221 2540 4275 relicta
2571 4259 2587 4286 ,
2632 4222 2772 4275 malo
2826 4224 3052 4276 consilio
3102 4224 3369 4277 deteriora
3415 4238 3563 4277 com-

296 4316 388 4369 τοῦ
426 4317 563 4369 ἰδίου
596 4315 1007 4386 ἐξαγορὰσαντα
1032 4314 1285 4383 αἵματος,
1312 4311 1409 4364 καὶ
1443 4310 1516 4380 μὴ
1545 4309 1742 4377 σαρκὸς
1771 4307 1886 4399 δοῦ-

1992 4309 2287 4378 plecteris?
2337 4310 2515 4376 Quare
2551 4313 2653 4365 nisi
2710 4314 2932 4366 omnino
2986 4330 3014 4367 a
3056 4316 3228 4381 teipso
3255 4314 3558 4377 excessisti,

295 4403 385 4468 λος
420 4406 760 4476 γενόμενος,
802 4402 895 4455 τὸν
943 4404 1169 4473 Σωτῆρα
1206 4400 1301 4454 καὶ
1345 4398 1638 4469 εὐεργέτην
1692 4396 1883 4467 κριτὴν

297 4496 453 4550 ποιοῦ
486 4498 590 4551 καὶ
625 4496 914 4550 ἀντίδικον.

1992 4395 2196 4466 Deique
2229 4398 2500 4453 oblivione
2548 4411 2737 4468 captus
2778 4416 2837 4455 es
2869 4403 2933 4454 ad
2968 4412 3235 4463 naturam,
3279 4417 3398 4471 qua:
3440 4416 3561 4456 Olli--

1989 4489 2078 4543 nia
2107 4504 2168 4543 ea
2201 4491 2384 4554 habet,
2415 4490 2609 4559 quibus
2668 4491 2806 4545 Dens
2837 4493 3178 4557 conciliatur,
3216 4493 3362 4547 redi:
3400 4502 3559 4561 atque

298 4606 442 4655 eum,
482 4591 581 4660 qui
630 4599 681 4643 te
714 4587 916 4642 creavit
972 4594 1027 4638 et
1085 4583 1296 4638 cruoris
1345 4581 1427 4635 sui
1469 4578 1647 4649 pretio
1683 4578 1934 4644 redemit,
1976 4594 2241 4648 agnosce:
2276 4593 2374 4634 nec
2424 4580 2735 4647 committe,
2776 4592 2833 4635 ut
2881 4585 3060 4638 carnis
3093 4582 3340 4637 servituti
3405 4576 3559 4635 addi-

302 4694 443 4747 ctus,
493 4681 835 4736 salvatorem
865 4686 918 4729 et
943 4673 1343 4730 benefactorem
1374 4672 1424 4724 in
1449 4668 1687 4739 judicern
1715 4677 1765 4721 et
1796 4668 2162 4721 adversarium
2192 4677 2499 4722 convertas.

394 4801 439 4831 ⁷⁵
470 4798 681 4852 Cenes.
714 4807 796 4857 ιιι,
831 4792 864 4846 6
890 4804 1044 4858 seqq.
1124 4789 1188 4858 _"
1220 4787 1354 4842 Gen.
1396 4800 1520 4858 xxv,
1547 4784 1621 4858 29
1660 4799 1811 4851 seqq.

303 4885 425 4938 ενσιίι
468 4885 591 4935 μιν»
630 4866 850 4941 {seth-
934 4856 1082 4941 ’ΖΨ
1122 4856 1256 4925 “"8-
1299 4856 1759 4941 3‘"""..”..“.‘f1.‘1-

307 4941 349 4973 ⁸³
375 4928 498 4993 iiut.
536 4952 623 4999 Ill,
651 4935 709 5000 8,
732 4928 886 5001 seqq.
961 4928 1008 4961 “
1040 4930 1175 4983 Dan.
1204 4942 1266 4993 ιι,
1298 4928 1347 4979 5.

1904 4783 1947 4813 ⁷⁷
2005 4783 2017 4834 Ι
2059 4783 2190 4850 Reg.
2244 4799 2332 4843 XV,
2368 4783 2419 4836 4.

1865 4853 1910 4884 ao
1936 4852 2083 4922 Dan.
2118 4869 2223 4911 λιν.
2245 4854 2280 4905 2
2312 4868 2463 4922 Se‘i‘l'

1466 4925 1511 4955 ⁸⁸
1558 4921 1747 4976 Matth.
1778 4938 1856 4988 ιιι,
1886 4921 1974 4974 12.
2027 4923 2072 4953 ⁸⁸
2095 4922 2134 4975 ll
2167 4925 2290 4976 Cor.
2330 4921 2427 4987 xu,
2457 4925 2545 4980 Η.

3096 4786 3160 4815 ⁷⁸⁵
3189 4784 3207 4836 1
3238 4784 3367 4852 Reg.
3401 4800 3461 4852 tt,
3494 4787 3561 4840 l3

3079 4854 3122 4883 ⁸³
3157 4857 3289 4909 (ἐι-ιι.
3320 4872 3435 4922 νιιι,
3474 4859 3555 4911 l6.

2526 4784 2571 4814 ⁷⁸
2604 4782 2771 4837 Exod.
2819 4801 2927 4845 xvt,
2958 4786 3011 4838 5.

2564 4853 2606 4883 ⁸³
2634 4856 2766 4906 Gen.
2807 4869 2878 4914 vt,
2915 4855 2962 4905 ι.

1412 5056 1645 5111 VARUE
1682 5054 2067 5111 LECIIONES
2106 5055 2195 5110 ET
2234 5055 2469 5111 NOTIE.

368 5212 480 5285 (68)
500 5211 615 5285 Pro
642 5205 956 5285 χωρίσθητε
986 5205 1106 5261 cod.
1138 5202 1455 5285 Alt.'habet,
1491 5200 1682 5285 χωρίς.
1711 5198 1882 5285 Versu

300 5270 546 5355 seqtrc-itti
596 5270 893 5355 et"_tertio,'
939 5291 1041 5355 pro
1084 5274 1308 5355 πορνεία
1355 5270 1741 5355 σωερρονίζεται
1789 5270 1883 5322 καὶ

300 5339 558 5420 ἀσέλγεια
588 5349 755 5420 codd.
786 5347 907 5420 δἐι.
941 5339 1045 5420 6ἐ9
1067 5355 1127 5420 e_t_
1154 5339 1748 5420 Ᾱιιέιςειιιιιίπορνείῇ
1777 5356 1887 5420 σωον

656 5416 753 5494 καὶ
778 5415 1049 5484 ἀσελγείᾳ.
1072 5413 1240 5494 -Ἲζει-ε.
1266 5396 1454 5494 ὖρῗρτο
1488 5396 1689 5494 ἄρξεσθε
1718 5396 1876 5494 iidem

304 5476 495 5547 hahen't
535 5486 783 5558 ἆψησθε,
820 5495 871 5536 et
908 5476 1043 5559 ver}.
1072 5484 1130 5535 51
1170 5497 1265 5559 pro
1300 5476 1878 5559 é.§epxotx§umv,_é§spt

291 5549 776 5683 ‘Zoytévogfliem'
811 5570 901 5607 ver
940 5593 951 5604 .
984 5556 1053 5607 54
1085 5549 1181 5620 pro
1218 5552 1277 5603 τὸ
1312 5549 1632 5618 ἁμαρτωλὸν
1693 5549 1878 5615 legunt

1988 5201 2095 5288 τῶν
2131 5200 2490 5288 ἁμαρτωλῶν.
2549 5199 2696 5283 Vers.
2744 5201 2810 5278 3.8
2846 5214 2940 5267 pro
2979 5202 3374 5288 ὁμογνώμονας
3381 5203 3560 5288 “nam;

1988 5270 2221 5333 habent,
2254 5270 2563 5338 Vopoyviou;
2629 5270 2834 5332 αὑτοῦ,
2882 5270 3111 5340 tuumne
3162 5288 3302 5325 vct's.
3345 5272 3411 5325 59
3460 5270 3558 5337 pro

1989 5339 2317 5417 βροντῶντος
2351 5338 2903 5417 ιθειιιιιηκλρατοῇντος.
2936 5340 3088 5417 γυιος.
3117 5341 3184 5417 47_
3213 5356 3309 5417 phro
3336 5339 3559 5417 ἐξῆλθες

1986 5407 2105 5486 cod.
2138 5408 2244 5486 Alt.
2278 5407 2697 5486 lt}!|m£_€§é_‘n0n;.
2723 5408 2985 5486 Vet‘s.A4Sl,
3012 5425 3107 5486 prnt)
3130 5409 3197 5459 τὰ
3222 5408 3374 5477 Θεὸν,
3395 5407 3554 5464 codd.

1982 5480 2092 5532 Λιι.
2120 5490 2171 5533 et
2205 5477 2377 5532 Vatic.
2408 5477 2511 5530 649
2541 5477 2721 5547 legunt
2750 5478 2838 5531 τὸν
2863 5479 3013 5531 Θεόν.
3054 5478 3259 5531 Possm.
