3944 6138
250 217 340 285 233
1132 215 1659 277 EPISTOLARUM
1691 214 1834 273 LIB.
1878 212 1926 271 Ι.
1966 236 2035 246 -
2072 211 2307 271 EPIST.
2347 214 2566 273 LXXV.

3349 217 3455 281 234

251 334 367 398 ἔχεις
391 330 453 383 ὲν
480 330 602 391 ταῖς
630 327 1085 391 θείαιςπτυκταῖς
1106 329 1202 398 τὴν
1229 328 1433 381 τούτων
1464 326 1661 398 ἀκριϐῆ
1681 326 1797 378 δια-

1905 329 2012 376 tam
2060 322 2215 389 hujus
2267 324 2341 378 rei
2381 322 2800 379 declarationem
2835 322 2887 378 in
2920 321 3116 380 divinis
3157 323 3335 382 Libris
3365 308 3483 381 haJ

253 422 481 490 σάφἠσιν.
513 419 623 472 Καὶ
663 417 739 488 μὴ
767 416 894 471 ᾰλυε
924 417 1007 485 ἐφ’
1035 413 1116 480 οἷς
1147 416 1241 469 νῦν
1276 417 1584 487 γενομένοις
1620 415 1792 485 ἐώρα-

250 529 348 573 κας.
376 510 438 563 Εἰ
481 509 591 579 γὰρ
637 512 736 579 τῆς
778 509 936 576 ἁγίας
967 508 1195 562 κιϐωτοῦ
1235 510 1335 562 οὐκ
1384 508 1649 578 ἐφείσατο,
1679 506 1794 561 ἀλλ’

251 602 431 666 ἐξέδοτο
464 601 670 669 ταύτην
700 599 1015 668 ἀλλοφύλοις
1044 603 1140 654 σὺν
1176 601 1408 671 ἱερεῦσιν
1444 602 1625 663 αὐτοῖς
1667 601 1791 653 ἀνοο

254 694 452 763 μήσασι,
482 694 575 747 καὶ
609 692 762 745 πόλιν
790 692 1148 761 ἀγιάσματος,
1183 694 1275 746 καὶ
1313 692 1578 763 χερουϐὶμ
1608 691 1791 763 δόξης.

252 785 327 836 καί
352 782 559 853 στολὴν,
604 784 696 835 καὶ
727 784 1080 854 προφητείαν,
1113 784 1206 837 καὶ
1236 784 1464 855 χρίσμα,
1498 784 1593 838 καὶ
1619 784 1793 854 δήλω-

252 893 337 939 σιν,
374 876 448 937 εἰς
495 876 867 944 καταπάτημα
900 875 993 928 καὶ
1030 875 1266 945 μιασμόν
1312 875 1539 929 ἀπέδοτο
1565 875 1792 929 ἕθνεσιψ

250 964 349 1017 οὐδὲ
376 963 481 1016 τῶν
517 963 612 1015 νῦν
647 963 927 1034 ἁχράντων
963 964 1195 1032 φείδεται
1227 964 1553 1035 μυστηρίων⁸
1580 964 1665 1017 ἵνα
1690 965 1797 1019 τῶν

251 1055 393 1109 αὐτοῦ
439 1055 619 1108 αύλῶν
670 1055 936 1122 ἀφειδῶν,
986 1057 1065 1118 είς
1119 1055 1280 1124 φόϐον
1329 1057 1455 1119 τοὺς
1507 1056 1797 1118 πταίοντας

251 1147 408 1217 κλίνη,
441 1146 820 1216 ἀπηνεστέραν
854 1146 1241 1216 περιμένοντας
1270 1149 1356 1216 ἐφ’
1378 1142 1457 1210 οἷς
1504 1146 1797 1217 πράττουσι

250 1239 515 1309 τιμωρίαν.
573 1258 590 1288 ι
614 1237 934 1301 Ὄλολυζέτω
970 1238 1078 1308 γὰρ
1109 1238 1284 1301 πίτυς,
1318 1240 1400 1292 ὅτι
1432 1239 1683 1292 πέπτωκε
1710 1241 1798 1293 κέ-

250 1330 373 1399 δρος.
408 1349 426 1380 ι
474 1329 595 1382 Τῶν
646 1328 878 1399 ἰσχυρῶν
935 1333 1269 1396 πιπτόντων,
1316 1331 1385 1385 τὰ
1438 1332 1797 1403 ἀσθενέστερα

251 1420 587 1475 παιδευέσθω.

577 1626 784 1680 OA'.—
808 1625 1111 1680 KPATDNI
1152 1627 1461 1698 ΜΟΝΛΧῼ.

421 1739 563 1807 Περὶ
594 1738 712 1793 τῶν
740 1740 983 1809 μαλακὰ
1014 1740 1209 1809 ἱμάτια
1244 1741 1602 1811 φορούντων.

311 1852 429 1907 Ὅτι
470 1852 717 1923 βλακεία,
746 1854 839 1907 καὶ
865 1853 1149 1926 λεπτότης,
1181 1856 1275 1909 καὶ
1309 1853 1529 1925 εῦχροια
1569 1854 1797 1924 ἱματίων

1898 413 2015 468 bes.
2062 412 2170 469 Nec
2235 429 2362 470 vero
2434 428 2666 469 mmrore
2708 424 2870 484 atque
2950 416 3114 469 animi
3184 415 3463 472 anxietate

1898 504 2262 559 consterneris
2302 508 2370 558 ob
2397 518 2459 558 ea
2506 520 2624 574 quae
2656 520 2801 559 nunc
2846 504 2961 559 Ileri
3009 505 3209 561 vidisti.
3244 504 3378 560 Nam
3407 519 3463 560 ιιι

1900 605 2099 649 sanctae
2131 609 2268 649 arcae
2297 596 2516 649 minime
2540 594 2795 664 pepercit,
2824 610 3008 649 verum
3060 611 3177 651 eam
3207 612 3314 652 una
3336 613 3460 651 cum

1902 687 2033 755 ipsis
2053 686 2424 741 sacerdotibus
2453 687 2541 756 qui
2568 687 2935 756 deliquerant,
2959 687 3204 742 barbaris
3233 689 3459 751 dedidit,

1899 788 1953 833 et
1991 780 2177 834 urbem
2213 780 2681 843 sanctiﬁcationis,
2738 786 2791 834 et
2840 780 3117 834 cherubim
3156 780 3359 851 gloriae,
3408 789 3463 834 et

1901 870 2114 933 stolam,
2162 879 2217 924 et
2250 870 2612 938 prophetiam,
2644 879 2699 925 et
2746 870 3080 936 unctionem,
3127 882 3181 927 et
3234 874 3458 928 tbumim

1903 962 1955 1015 in
2011 962 2474 1017 conculcationem
2535 970 2591 1016 et
2641 962 3151 1017 contaminalionem
3212 965 3461 1034 gentibus

1891 1051 2107 1106 addixit
2130 1054 2215 1105 ⁸⁹ε
2253 1054 2323 1107 ita
2357 1069 2425 1107 ne
2453 1068 2594 1107 nunc
2629 1053 2844 1121 quidem
2873 1054 2939 1107 ab
2968 1054 3114 1107 omni
3148 1055 3267 1109 labe
3313 1056 3462 1123 puris

1902 1143 2171 1211 mysteriis
2189 1145 2378 1211 parcit,
2395 1141 2501 1213 24
2521 1151 2597 1207 υι,
2617 1143 2738 1195 dum
2760 1144 2872 1196 suis
2885 1143 3251 1199 aulisminime
3269 1147 3459 1215 parcit,

1904 1241 2162 1287 terrorem
2201 1234 2287 1298 iis,
2333 1236 2422 1303 qui
2469 1246 2711 1303 peccant,
2747 1236 2972 1303 injiciat,
3017 1238 3337 1291 atrociorem
3384 1239 3464 1291 vi-

1901 1321 2094 1376 delicet
2149 1338 2357 1390 poenam
2400 1323 2469 1377 ob
2524 1340 2583 1379 ea
2609 1341 2724 1393 quae
2769 1337 2954 1395 agunt,
3004 1328 3461 1396 exspectantibus.

1914 1430 1933 1461 c
1976 1410 2155 1466 Ululet
2184 1415 2325 1468 enim
2360 1416 2526 1477 abies,
2560 1418 2681 1485 quia
2728 1418 2919 1471 cecidit
2963 1420 3153 1472 cedrus
3176 1419 3242 1473 ⁸ο.
3273 1438 3293 1472 ι
3328 1419 3464 1474 For-

1907 1503 2049 1558 tibus
2081 1507 2422 1571 cadentibus,
2458 1507 2805 1562 imbecilliora
2830 1509 3160 1565 erudiantur.

2145 1620 2382 1676 LXXIV.
2418 1652 2486 1662 -—-
2516 1622 2821 1678 CRATONI
2855 1623 3203 1680 MONACHO.

2041 1720 2117 1776 De
2153 1725 2219 1778 iis
2262 1726 2349 1792 qui
2385 1725 2627 1778 mollibus
2659 1727 2950 1779 induuntur
2987 1728 3322 1781 vestimentis.

1965 1812 2119 1901 Quod
2167 1836 2393 1891 vestitus
2446 1838 2718 1903 mollities,
2771 1850 2827 1893 et
2876 1840 3163 1907 subtilitas,
3208 1844 3465 1911 colorque

248 1945 300 1997 οὗ
332 1945 491 2008 σώζει
520 1945 618 2014 τῆς
647 1949 787 1998 κατὰ
810 1945 939 1999 Θεὸν
980 1948 1267 2018 ἀσκήσεως
1296 1946 1385 1999 τδν
1420 1946 1634 2007 κανόνα,
1665 1944 1797 2015 ὲρὼ-

1905 1926 2113 1995 elegans
2145 1927 2409 1996 religiosae
2430 1944 2493 1983 ac
2550 1930 2656 1983 Deo
2690 1938 2854 1997 gratae
2878 1931 3280 1994 exercitationis
3308 1947 3466 2004 rega-

249 2055 398 2107 τησον
431 2038 687 2108 Ἰωάννην
711 2037 801 2090 τὸν
821 2036 1078 2101 Θεολόγον
1106 2038 1195 2089 τὸν
1222 2036 1314 2090 τοῦ
1347 2035 1550 2105 Κυρίου
1578 2036 1800 2105 διαγρά-

252 2145 401 2196 φοντα
426 2127 663 2197 χιτῶνα·
699 2128 792 2180 καὶ
825 2128 1019 2198 φράσει
1053 2144 1165 2180 σοι’
1207 2145 1225 2177 ι
1270 2128 1327 2179 '0
1354 2127 1408 2179 δὲ
1442 2124 1606 2196 χιτὼν
1634 2126 1797 2179 αὐτοῦ

252 2212 307 2288 ἦν
340 2220 613 2290 ἇρραφος,
656 2221 718 2272 ὲκ
746 2219 853 2271 τῶν
885 2219 1087 2273 ἄνωθεν
1128 2218 1357 2287 ὑφαντὸς
1387 2219 1454 2270 δι’
1480 2218 1624 2273 ὅλου.
1652 2238 1670 2271 ι
1706 2220 1801 2282 Τίς

251 2309 299 2361 δὲ
325 2311 505 2377 ἀγνοεῖ
534 2311 633 2380 τὴν
682 2311 954 2364 εὐτέλειαν
989 2310 1090 2379 τῆς
1133 2312 1355 2381 ἐσθῆτος
1387 2310 1621 2381 ἐκείνης,
1654 2305 1798 2383 ᾗπερ

252 2401 291 2451 οί
328 2402 529 2471 πτωχοὶ
574 2402 867 2471 κέχρηνται
910 2402 1017 2455 τῶν
1053 2401 1373 2463 Γαλιλαίων,
1422 2402 1543 2454 καθ’
1582 2401 1674 2465 οὓς
1706 2404 1800 2454 καὶ

252 2493 472 2561 μάλιστα
494 2494 557 2545 τὸ
576 2493 784 2547 τοιοῦτο
808 2494 952 2562 φιλεῖ
976 2493 1218 2563 γίνεσθαι
1242 2494 1452 2563 ἱμάτιον
1474 2494 1609 2561 (73),
1634 2493 1797 2566 τέχνῃ

249 2586 362 2645 τινὶ,
383 2586 455 2648 ὡς
482 2587 537 2639 αἱ
566 2586 995 2657 στηθοδεσμίδες,
1013 2586 1380 2656 ἀνακρουστὸν
1410 2587 1797 2655 ὑφαινόμενον;

249 2676 390 2728 Μὰθε
417 2676 477 2729 δὲ
514 2678 610 2729 καὶ
655 2681 805 2748 παρὰ
847 2676 939 2731 τοῦ
972 2678 1114 2731 θείου
1161 2678 1458 2741 Ματθαίου,
1490 2682 1507 2700 '
1546 2677 1802 2746 Ἰωάννην

246 2768 328 2819 τὸν
358 2768 665 2840 Βαπτιστὴν
700 2770 1151 2839 ἀπαγγέλλοντος,
1186 2771 1280 2824 καὶ
1295 2773 1409 2841 ὲρεί
1436 2787 1551 2823 σοι·
1583 2790 1601 2821 ι
1632 2771 1803 2835 Αὐτὸς

247 2859 298 2915 δὲ
325 2863 353 2913 ό
387 2862 640 2932 Ἰωάννης
675 2857 786 2933 εἶχε
816 2863 876 2916 τὸ
908 2862 1108 2933 ἔνδυμα
1140 2862 1303 2916 αὐτοῦ
1332 2864 1439 2916 ἀπὸ
1465 2863 1669 2934 τριχῶν
1700 2880 1803 2916 κα-

250 2952 431 3021 μήλου.
455 2973 475 3005 ι
516 2954 688 3006 Βλέπε
730 2953 945 3008 καὶτὸν
986 2954 1359 3022 μεγαλόφρονα
1403 2956 1494 3007 καὶ
1544 2953 1801 3023 θεοφόρον

249 3044 451 3097 Λουκᾶν
497 3045 587 3099 τὸν
625 3043 861 3117 Ἡρώδου
892 3044 1059 3113 τῦφον
1104 3045 1447 3117 ίστοροῦντα,
1475 3046 1566 3099 καὶ
1598 3048 1663 3116 ἢν

248 3134 463 3203 πίσχετο
493 3136 693 3204 ἐσθῆτα
722 3135 1089 3202 διαϐάλλοντα,
1116 3138 1206 3191 καὶ
1236 3139 1359 3200 τοὺς
1390 3139 1458 3191 τὰ
1498 3138 1715 3208 μαλακά
1743 3137 1800 3190 δὲ

250 3223 569 3292 φοροῦντας,
616 3228 675 3277 ἐν
721 3229 831 3289 τοῖς
866 3227 1033 3291 οῐκοις
1067 3227 1175 3280 τῶν
1222 3228 1483 3298 βασιλέων
1518 3230 1800 3300 τρίϐεσθαι

249 3312 481 3377 λέγοντα.
514 3316 656 3368 Ἀλλ’
678 3318 775 3369 οὐκ
802 3316 926 3381 ἄξια
947 3317 1039 3370 τοῦ
1062 3319 1244 3389 νοεροῦ
1294 3319 1571 3388 νυμφῶνος
1611 3321 1804 3391 ἀστρά-

256 3422 472 3471 πτοντος
511 3408 579 3460 τὰ
609 3408 900 3479 ἐνδύματα.
937 3412 999 3463 Ei
1030 3406 1121 3462 οὖν
1156 3410 1342 3463 τούτου
1376 3411 1675 3481 ἐπιθυμεῖς,
1704 3413 1802 3483 τὴν

261 3496 424 3567 Ἰησοῦ
454 3499 548 3551 τοῦ
579 3500 713 3553 Θεοῦ
742 3502 897 3571 ἡμῶν
923 3500 1112 3571 εὐτελῆ
1140 3501 1338 3571 ἐσθῆτα
1368 3502 1553 3571 μιμοῦ.
1595 3502 1657 3553 Ἢ
1691 3503 1799 3572 γὰρ

254 3586 435 3659 θρύψις
480 3591 581 3661 τῆς
608 3593 839 3645 ἐνταῦθα
868 3593 1122 3663 τυγχάνει
1153 3592 1433 3663 βλακείας,
1474 3593 1534 3645 ού
1566 3595 1660 3662 τῆς
1688 3595 1800 3648 ἄνω

255 3682 599 3752 φωτοφορίας.

594 3861 713 3915 OE'.
734 3890 804 3900 -
829 3858 1088 3926 ΙΩΑΝΝῌ
1124 3858 1452 3931 sensum.

520 3979 623 4041 Εἰς
652 3975 757 4030 τὸν
783 3973 1117 4043 πειρασμὸν
1145 3974 1250 4027 τοῦ
1281 3974 1519 4040 ΚιῬίου.

316 4087 379 4141 Εἰ
411 4087 484 4161 [ό]
527 4088 762 4158 Χριστὸς
811 4088 889 4150 είς
934 4085 1138 4157 ἔρημον
1181 4085 1385 4155 ἀνήχθη
1421 4084 1799 4156 πειρασθῆναι,

250 4178 371 4242 Θεὸς
400 4180 498 4251 [ὣν
527 4180 647 4251 καὶ]
672 4178 1093 4249 ἐνανθρωπήσας
1112 4180 1176 4231 δι’
1204 4181 1370 4247 ἡμᾶς.
1396 4180 1448 4231 τί
1485 4178 1800 4248 θαυμάζεις,

251 4273 292 4323 εί
329 4272 486 4335 αὐτὸς
510 4273 595 4323 ἐπ’
622 4271 857 4340 ἐρημίας
877 4270 1076 4337 διάγων
1116 4274 1458 4339 πειρασμοῖς,
1488 4270 1562 4333 ὡς
1603 4269 1799 4336 λέγεις,

1908 2017 2011 2071 lam
2032 2018 2251 2072 minime
2275 2030 2509 2080 servent,
2526 2018 2856 2089 Theologum
2879 2021 3140 2076 Joannem
3170 2024 3462 2093 interroga,

1907 2109 2115 2163 Domini
2155 2110 2391 2163 tunicam
2418 2111 2841 2179 describentem;
2867 2128 2928 2166 ac
2960 2114 3056 2166 tibi
3081 2113 3254 2168 dicet:
3287 2133 3305 2165 ι
3334 2114 3466 2169 Erat
3496 2122 3499 2129 ‘

1901 2209 2080 2252 autem
2131 2200 2309 2253 tunica
2358 2199 2478 2266 ejus
2536 2200 2876 2255 inconsutilis
2927 2204 3158 2272 desuper
3206 2214 3458 2259 contexta

1900 2306 1993 2358 per
2037 2300 2204 2344 totum
2230 2290 2297 2347 ⁹¹.
2333 2310 2352 2343 ι
2387 2290 2519 2357 Quis
2565 2303 2742 2348 autem
2802 2296 2965 2348 vestis
3000 2294 3146 2349 illius
3192 2296 3459 2349 vilitatem

1901 2383 2143 2449 ignorat,
2179 2392 2233 2434 ut
2256 2399 2357 2452 qua
2389 2384 2725 2438 Galilaeorum
2749 2400 3007 2454 pauperes
3036 2397 3289 2449 utantur,
3322 2391 3461 2456 apud

1902 2489 2033 2540 quo:
2080 2473 2240 2527 etiam
2296 2476 2525 2529 maxime
2579 2477 2882 2545 bujnsmodi
2928 2479 3089 2531 vestis
3122 2494 3288 2545 genus
3338 2480 3453 2532 ﬁeri

1903 2564 2057 2627 solet,
2089 2577 2202 2618 arte
2235 2567 2488 2632 quadam,
2522 2577 2579 2619 ut
2615 2568 2928 2633 peetoralia,
2967 2571 3236 2623 retractim
3263 2585 3464 2624 consu-

1902 2662 2011 2707 tuut
2030 2653 2054 2706 ?
2074 2653 2210 2706 Audi
2232 2653 2391 2706 etiam
2414 2652 2743 2719 Matthasum,
2764 2670 2883 2709 cum
2912 2656 2977 2708 de
2999 2654 3202 2711 Joanne
3228 2656 3461 2726 Baptista

1900 2746 2062 2797 verba
2125 2741 2289 2807 facit,
2319 2758 2382 2797 ac
2417 2744 2510 2798 tibi
2566 2745 2709 2799 dicet
2743 2764 2757 2799 :
2795 2764 2814 2796 ι
2848 2748 2962 2815 Ipse
3007 2758 3181 2803 autem
3232 2747 3467 2804 Joannes

1904 2834 2134 2888 habebat
2190 2834 2567 2889 veStimentum
2600 2851 2663 2888 ex
2696 2837 2817 2905 pilis
2836 2838 3157 2893 camelorum
3179 2840 3244 2891 ".
3287 2858 3308 2891 ι
3334 2838 3467 2893 Vide

1904 2924 2032 2978 item
2074 2923 2223 2978 illum
2256 2925 2419 2978 animi
2470 2928 2834 2994 magnitudine
2872 2930 3148 2997 prazditum
3173 2944 3237 2984 ae
3283 2932 3467 2986 divino

1690 3015 1799 3115 ἧμ,
1828 3032 1873 3093 c
1903 3015 2103 3086 Spiritu
2130 3015 2363 3071 alllatoni
2383 3016 2618 3115 ‘Lucam,
2649 3017 2872 3073 Ilerodis
2899 3020 3091 3075 fastum
3119 3033 3460 3115 narrantem,

1908 3117 2070 3175 atque
2094 3122 2235 3173 eam,
2254 3121 2357 3176 qua
2382 3108 2595 3162 indutus
2619 3119 2755 3173 erat,
2785 3121 2985 3165 vestem
3018 3114 3460 3179 traducentem",

1912 3212 2135 3267 eosque,
2149 3200 2235 3266 qui
2276 3198 2455 3252 mollia
2471 3198 2775 3253 indumenta
2791 3209 3000 3268 gerunt,
3015 3200 3067 3254 iu
3094 3216 3275 3270 regum
3293 3203 3462 3255 domi-

1911 3289 2012 3343 bus
2048 3288 2250 3342 versari
2287 3290 2548 3343 dicentem
2572 3289 2640 3342 ".
2681 3292 2747 3343 At
2806 3290 3102 3359 bujnsmodi
3147 3294 3463 3349 vestimenta

1913 3379 2183 3448 spirituali
2215 3379 2304 3433 illo
2326 3380 2580 3447 thalamo,
2613 3380 2835 3452 fulguris
2865 3384 2914 3436 in
2944 3386 3157 3437 modum
3184 3386 3459 3450 rutilante,

1904 3471 2122 3525 minime
2153 3472 2310 3541 digna
2339 3480 2485 3527 sunt.
2532 3472 2889 3538 Quamobrem
2931 3476 2974 3529 si
3009 3476 3161 3539 hujus
3194 3478 3461 3532 desiderio

1902 3563 2121 3623 teneris,
2150 3564 2307 3617 vilem
2362 3565 2451 3617 Dei
2500 3568 2668 3619 nostri
2741 3566 2864 3621 Jcsu
2916 3570 3161 3621 vestitum
3222 3570 3456 3625 imitare.

1901 3656 2032 3709 Nam
2057 3658 2303 3711 mollities
2334 3660 2608 3725 praesentis
2644 3661 2873 3714 lascivias
2916 3672 3020 3724 eat,
3072 3678 3175 3713 non
3223 3664 3459 3718 mulcatis

1902 3748 2219 3817 splendoris.

2206 3862 2415 3917 LXXV.
2450 3864 2776 3919 ——J0.\.\'Nl
2811 3866 3153 3921 ΕΚΕΜΙΤᾸΞ.

2340 3981 2406 4033 In
2438 3982 2766 4033 tentationem
2796 3981 3026 4034 Domini.

1970 4087 2103 4142 Cum
2135 4088 2400 4155 Christus,
2427 4093 2515 4161 qui
2551 4092 2687 4145 Deus
2722 4103 2856 4155 erat,
2890 4103 3051 4162 atque
3074 4103 3255 4147 nostra
3281 4110 3450 4148 causa

1902 4183 2293 4237 humanitatem
2327 4184 2592 4249 induerat,
2626 4187 2677 4238 in
2712 4188 3004 4251 desertum,
3041 4196 3096 4240 ut
3140 4197 3452 4250 tentaretur,

1905 4274 2093 4327 (luctus
2124 4273 2286 4327 fuerit
2310 4275 2376 4340 ",
2420 4277 2546 4345 quid
2578 4277 2811 4339 miraris,
2847 4286 2898 4331 te
2943 4277 2994 4330 in
3026 4277 3315 4331 solitudine
3361 4278 3456 4330 de-

251 4363 531 4428 uitaistc;
567 4364 807 4432 Πρόσεχε
835 4358 927 4415 οῦν
980 4362 1119 4433 μόνῃ
1150 4364 1216 4431 τῇ
1265 4360 1387 4431 νίκῃ
1434 4360 1524 4413 τοῦ
1564 4360 1797 4429 Χριστοῦ

1906 4376 2134 4433 gentem,
2168 4369 2571 4433 tentationihus,
2615 4381 2672 4423 ut
2721 4372 2919 4438 inquis,
2975 4370 3315 4425 conllictari?
3368 4370 3447 4421 Ad

250 4456 485 4525 νομίμως
522 4454 817 4524 γενομένην
864 4451 1132 4517 κενοδοξία
1168 4452 1274 4521 γὰρ
1303 4450 1573 4521 ἐκρατήθη
1603 4452 1734 4520 (74),
1769 4453 1801 4521 ή

250 4545 587 4616 ὑπερηφανία
613 4544 864 4615 ἐσϐέσθη,
897 4543 1227 4614 φιλαργυρία
1252 4541 1537 4611 κατελύθη,
1571 4542 1662 4594 καὶ
1690 4545 1717 4594 ό
1745 4542 1803 4607 ἐξ

248 4634 485 4702 ἐναντίας
521 4636 818 4706 ὲνετράπη,
846 4635 998 4689 οὐδὲν
1025 4634 1133 4687 τῶν
1160 4633 1372 4686 οἰκείων
1420 4632 1588 4701 βελῶν
1616 4632 1803 4685 διαπε-

250 4729 463 4799 ρονῆσαι
502 4730 746 4800 ἰσχύσας.
776 4727 885 4779 Καὶ
930 4727 1151 4789 εἰκότως
1180 4725 1402 4795 ὰνδρίσῃ
1437 4725 1530 4777 καὶ
1569 4724 1678 4776 τῶν
1716 4741 1804 4776 τι-

318 4901 359 4971 εν
381 4901 444 4954 ιγ
464 4901 594 4971 Ηυξ,
622 4915 756 4961 xw,
788 4900 820 4953 8
853 4912 1005 4971 seqq.
1126 4897 1183 4971 ⁹⁶Α
1212 4895 1375 4949 Zaclt.
1412 4910 1486 4960 xl,
1506 4896 1558 4947 2.

246 4968 292 5000 ⁸⁸
314 4969 443 5026 Luc.
470 4967 567 5035 vit,
608 4972 700 5024 25.
777 4970 822 5001 ⁸⁸
851 4969 1127 5033 Matth.tv,
1163 4967 1187 5019 l
1226 4982 1377 5034 seqq.

1683 4896 1725 4926 ⁹¹
1753 4894 1907 4950 Joan.
1942 4914 2051 4963 χιιι,
2080 4899 2168 4955 25.

1900 4454 2068 4508 solam
2115 4455 2275 4523 igitur
2300 4455 2498 4511 Christi
2533 4459 2811 4513 victoriam
2844 4458 3078 4529 legitime
3102 4469 3308 4528 partam
3336 4456 3455 4507 ani-

1903 4560 2045 4597 mum
2096 4546 2288 4613 adjice.
2323 4544 2500 4601 Inanis
2528 4551 2669 4603 enim
2723 4552 2887 4621 gloria
2942 4551 3149 4605 calcata
3201 4558 3303 4608 est,
3355 4563 3455 4600 cx-

1899 4636 2095 4688 stincta
2124 4638 2395 4703 superbia,
2428 4655 2681 4709 oppressa
2710 4644 2959 4705 avaritia,
3003 4645 3315 4712 pudoreque
3343 4642 3456 4693 suf-

1904 4726 2054 4779 fusus
2085 4727 2449 4796 adversarius,
2480 4733 2644 4801 utqui
2678 4733 2823 4787 nulla
2876 4734 3189 4803 sagittarum
3237 4746 3454 4785 suarum

2283 4902 2327 4932 "
2355 4902 2545 4956 Matth.
2580 4919 2658 4966 Ill,
2691 4904 2743 4956 4.
2820 4905 2865 4935 ⁸³
2898 4904 3015 4957 Act.
3049 4921 3145 4969 xu,
3176 4906 3238 4959 21
3297 4922 3451 4977 seqq

1325 5107 1558 5164 nam:
1598 5097 1977 5166 LECTIONES
2015 5112 2100 5167 ΕΤ
2139 5113 2365 5169 NOTAE.

308 5263 412 5334 (73)
441 5261 544 5317 Ρῐυ
570 5260 795 5333 ιμάτιον
815 5258 941 5334 _cod.
968 5258 1085 5334 V_at.
1121 5255 1371 5334 649_legit
1395 5252 1524 5334 εἷμα
1544 5264 1604 5334 _et
1642 5256 1772 5334 duas

1947 5257 2055 5324 (74)
2108 5256 2210 5308 Pro
2242 5256 2550 5326 ἐκρατήθη,
2597 5258 2736 5324 quod
2783 5258 2990 5312 videtur
3043 5269 3245 5315 rectum
3299 5261 3451 5316 codd.

239 5324 623 5402 consequentes
677 5329 912 5389 voculas,
949 5328 1112 5398 τέχνῃ
1155 5324 1663 5402 τινιςιιοιιιιιιὺθι,
1702 5327 1777 5402 uti

1905 5324 1994 5402 lat.
2027 5327 2208 5402 649st
2228 5324 2333 5378 Alt.
2375 5324 2576 5393 ponunt
2593 5327 2892 5402 _hratﬁbn.
2915 5329 3269 5402 verisimilius
3291 5328 3451 5402 iidem

240 5396 539 5469 nequeﬁ‘t.
591 5404 642 5455 in
693 5409 949 5469 contextu
986 5396 1342 5469 :Atamendnic
1384 5411 1491 5469 eas
1518 5396 1671 5469 ponit
1723 5396 1774 5448 in

238 5465 495 5542 "uirgine.
528 5471 685 5527 Vers.
719 5468 924 5542 penult.
956 5467 1193 5542 mira-est
1222 5465 1271 5517 in
1301 5471 1420 5542 cod.
1443 5466 1573 5542 .nlt.
1605 5467 1778 5518 diver-

1876 5399 2032 5465 ambo
2060 5397 2210 5448 codd.
2250 5411 2343 5463 pro
2374 5410 2437 5447 eo
2466 5397 2604 5463 quod
2648 5412 2785 5449 vers.
2819 5399 2850 5450 9
2883 5399 3073 5465 legitur
3097 5399 3146 5451 in
3175 5399 3333 5452 editis
3360 5399 3455 5450 καὶ

1877 5464 2124 5537 εἰκότως,
2171 5466 2375 5537 legunt,
2404 5468 2506 5537 stat
2554 5466 2599 5517 εί
2653 5465 2841 5537 οὕτως.
2893 5464 3041 5521 νέτε.
3081 5477 3326 5534 antepeu.
3358 5483 3455 5537 pro

237 5534 391 5602 sitas';
420 5558 535 5594 nam
570 5544 613 5595 is
647 5534 744 5606 pro
774 5539 808 5606 ἡ
838 5537 947 5607 γὰρ
976 5535 1192 5604 θρύψις,
1227 5536 1371 5607 _quod
1408 5534 1611 5607 videtur
1638 5547 1783 5589 recte

1905 5534 2063 5588 οῦτον
2100 5536 2217 5589 cod.
2252 5537 2356 5590 Alt.
2402 5536 2557 5589 habet
2591 5536 2763 5588 τοῦτο.
2796 5536 3002 5590 Possm.

238 5614 463 5674 positum
495 5613 546 5664 in
574 5602 812 5678 vulgato,
846 5602 972 5674 legit
1000 5602 1055 5657 αἱ
1084 5602 1191 5675 γὰρ
1222 5603 1442 5673 θλίψεις.
1470 5602 1673 5657 Possm.

472 5708 743 5769 PATROL.
787 5705 903 5764 GR.
932 5702 1242 5763 LXXVIII.

3020 5698 3051 5755 8
