3944 6138
428 279 534 354 235

1607 286 1665 344 S.
1711 285 2000 345 ISIDORI
2040 287 2471 349 PELUSIOT/E

431 409 600 475 lpSiIlS
623 412 808 473 pectus
853 400 1101 471 trajicere
1134 400 1415 471 potuisset.
1446 398 1525 451 Ad
1564 400 1806 454 eumdem
1837 400 1963 469 igitu

2096 403 2450 473 τρωσκόντων
2484 402 2581 471 τὴν
2630 400 2805 471 ψυχὴν
2856 398 3025 465 ξιφῶν
3063 397 3473 469 ὑπερανάσχῃς,
3508 400 3663 451 ἀντι-

432 497 652 551 modum
702 493 745 546 si
794 500 847 545 tu
892 504 1104 559 quoque
1146 506 1288 554 eam,
1327 505 1483 558 quam
1530 502 1625 558 par
1668 499 1770 553 est,
1820 490 1972 541 animi

2088 493 2286 545 τυπίαν
2315 493 2655 561 κτησάμενος
2688 493 2785 563 τὴν
2817 491 3101 552 ἀπάθειαν,
3131 486 3351 555 ἄγγελοί
3386 504 3466 540 σοι
3516 488 3663 557 μετά

436 584 859 655 magnitudinem
892 582 1225 650 praestiteris,
1248 580 1773 651 gladiisque,quibus
1804 580 1972 633 anima

2088 582 2188 651 τὴν
2223 581 2396 651 πάλην
2424 583 2851 654 διακονήσουσιν,
2884 583 2943 634 οὐ
2975 579 3239 642 δουλικῶς
3281 579 3666 649 ὑπηρετούμε-

432 675 870 734 convulneratur,
904 672 1192 741 superatis,
1230 680 1279 724 te
1313 672 1365 725 in
1415 670 1581 724 animi
1629 671 1986 740 tranquillita-

438 778 545 821 tem
588 764 924 828 asserueris,
968 763 1142 833 angeli
1189 762 1285 816 libi
1338 770 1458 829 post
1506 761 1785 815 victoriam
1826 761 1986 815 mini-

428 858 771 914 strahunt":
806 872 911 911 non
966 856 1182 924 quidem
1214 853 1461 908 servilem
1492 854 1544 907 in
1574 854 1788 907 modum
1820 853 1981 906 mini-

2089 688 2189 734 νοι,
2221 670 2404 741 ἐπειδὴ
2433 671 2586 723 τοῦτο
2623 670 2740 741 Θεῷ
2776 672 2919 741 μόνῳ
2952 668 3228 737 ὠφείλετο,
3273 667 3409 721 ἀλλά
3447 685 3663 737 νικητι-

2092 762 2205 825 κῶς
2247 762 2628 830 πεφανοῦντές
2659 780 2738 816 σε.
2768 762 2966 815 Τοῦτον
2993 760 3101 831 γὰρ
3131 760 3241 828 ἔχει
3293 759 3482 830 μισθὸν
3508 761 3537 812 ὁ
3566 759 3662 812 τὸν

2088 853 2330 924 παρόντα
2367 853 2551 922 ἀγῶνα
2576 854 2836 921 γενναίως
2862 853 3261 921 ἀνδριζόμενος.

427 961 659 1012 strantes
710 950 1158 1021 (quandoquidem
1206 950 1315 1002 hoc
1359 947 1455 1001 soli
1503 946 1611 1002 Deo
1653 946 2006 1016 debebatur),
2047 961 2234 1000 verum
2275 948 2496 1000 victoris
2536 947 2588 1000 iu
2650 962 2851 1001 morem
2901 956 3061 1014 caput
3110 956 3255 999 tuum
3302 960 3499 999 corona
3545 943 3665 997 cin-

427 1057 635 1113 gentes.
665 1041 814 1097 Hanc
837 1044 978 1096 enim
1008 1040 1309 1094 mercedem
1334 1038 1495 1092 habet
1526 1037 1613 1106 qui
1643 1039 1695 1092 in
1722 1039 1972 1106 praesenti
2009 1040 2306 1093 certamine
2360 1048 2577 1091 strenue
2608 1051 2665 1091 se
2700 1037 2857 1107 gerit.

912 1133 1143 1189 LXXVI.
1174 1162 1242 1173 —-
1275 1132 1504 1188 EIDEM.

661 1250 771 1305 Cur
796 1249 995 1319 lapides
1028 1266 1130 1302 non
1153 1248 1275 1316 fecit
1302 1264 1462 1316 panes
1494 1248 1767 1302 Dominus.

493 1428 646 1496 Quod
681 1420 886 1498 lapides
918 1443 947 1481 a
977 1426 1194 1481 Christo
1222 1426 1274 1480 in
1302 1439 1466 1496 panes
1489 1425 1708 1481 minime
1735 1425 1981 1481 conversi

433 1519 606 1574 sint"
636 1519 741 1590 (vir
764 1518 1252 1588 prazstantissimc),
1282 1531 1388 1571 non
1422 1517 1619 1571 idcirco
1645 1516 1843 1572 factum
1874 1528 1978 1580 est,

423 1610 565 1681 quod
590 1610 918 1664 edendorum
941 1608 1319 1662 miraculorum
1349 1617 1555 1677 tempus
1583 1610 1813 1662 nondum
1835 1610 1982 1663 ades-

422 1713 527 1766 set,
553 1700 1000 1770 quemadmodum
1051 1699 1190 1753 male
1215 1699 1391 1755 feriati
1423 1699 1667 1754 homines
1691 1701 1935 1769 garriunt
1961 1719 1974 1756 :

420 1794 515 1847 sed
554 1791 678 1859 quia
717 1790 905 1859 petitio
938 1804 1071 1842 vana
1103 1798 1241 1851 erat,
1266 1799 1317 1842 et
1349 1792 1575 1858 petitore
1623 1791 1803 1859 digna.
1839 1790 1977 1845 Deus

420 1884 564 1937 enim
595 1880 701 1951 25
731 1881 909 1935 omnia
956 1896 1076 1934 cum
1113 1882 1366 1950 pondere,
1398 1897 1668 1945 mensura,
1697 1892 1751 1936 et
1793 1897 1978 1937 neces-

421 1978 581 2030 sitate
625 1974 872 2043 largitur.
909 1972 1008 2028 Ubi
1046 1983 1228 2028 autem
1260 1974 1401 2043 quod
1435 1974 1693 2041 quaeritur
1720 1989 1978 2044 superva-

418 2084 644 2124 caneum
691 2077 810 2129 est,
845 2066 953 2119 illic
990 2080 1202 2135 quoque
1246 2065 1505 2120 miracula
1548 2066 1710 2121 edere
1754 2080 1978 2135 prorsus

419 2158 853 2227 intempestivum
889 2166 992 2209 est.

835 2246 1090 2302 LXXVII.
1106 2278 1175 2288 -—
1199 2248 1555 2306 DIOSCORO.

560 2362 889 2433 Impossibilc
914 2380 1027 2417 esse
1057 2364 1109 2417 in
1144 2364 1311 2417 medio
1343 2365 1569 2420 tumultu
1593 2366 1836 2421 virtutem

1078 2450 1333 2488 exercere.

491 2546 671 2618 Usque
727 2547 859 2600 adeo
905 2546 969 2599 ad
1018 2546 1242 2601 salutem
1324 2548 1571 2601 conducit
1621 2563 1862 2603 secessus
1911 2549 1977 2605 ab

420 2642 640 2693 urbanis
664 2637 996 2700 tumultibus,
1028 2646 1083 2689 ut
1116 2638 1277 2690 etiam
1309 2635 1402 2690 Dei
1425 2636 1588 2692 Filius
1614 2637 1814 2694 relictis
1835 2640 1978 2694 urbi-

421 2732 542 2794 bus,
568 2745 682 2795 eos,
710 2728 799 2796 qui
831 2743 951 2781 cum
988 2728 1217 2797 puritate
1250 2728 1459 2793 vivunt,
1490 2730 1543 2783 in
1574 2730 1771 2784 montis
1811 2745 1974 2785 cacu-

421 2821 565 2872 mine
611 2818 795 2870 beatos
837 2817 1141 2885 praedicnrit
1197 2816 1262 2869 ⁸⁸.
1315 2815 1373 2870 In
1434 2833 1540 2888 quo
1583 2833 1679 2888 per
1729 2834 1812 2885 ea,
1859 2835 1977 2890 qua:

406 2909 669 2971 faciebat,
711 2906 839 2960 illud
866 2906 1201 2973 ostendcbat,
1248 2907 1359 2962 lieri
1400 2922 1505 2961 non
1561 2923 1740 2977 posse,
1783 2920 1839 2965 ut
1884 2910 1974 2979 qui

2578 1133 2713 1198 oq'.
2736 1161 2806 1170 —
2833 1132 2920 1202 Τῼ
2961 1132 3163 1202 arm.

2151 1243 2255 1296 Διά
2289 1243 2347 1296 τι
2382 1242 2519 1309 τοὺς
2568 1244 2776 1307 λίθους
2813 1245 2924 1296 οὐκ
2968 1244 3254 1312 ἐποίησεν
3288 1243 3506 1312 ἄρτους
3551 1243 3588 1297 ὁ

2745 1314 2980 1380 Κύριος.

2161 1424 2223 1476 Ol
2248 1422 2405 1485 λίθοι,
2428 1423 2580 1495 ἄρτοι
2604 1423 2753 1495 παρὰ
2772 1425 3005 1495 Χριστοῦ
3026 1426 3085 1478 οὑ
3110 1425 3415 1493 γεγόνασιν,
3436 1424 3654 1495 ἄριστε,

2082 1513 2202 1584 οὐχὶ
2226 1516 2323 1584 τῆς
2345 1514 2491 1585 ὥρας
2511 1514 2618 1567 τῶν
2642 1513 2930 1585 θαυμάτων
2951 1514 3075 1587 [ἔτι]
3097 1514 3170 1586 μὴ
3192 1516 3490 1585 παρούσης,
3506 1516 3583 1578 ὡς
3604 1516 3657 1569 οἱ

2081 1605 2395 1675 κακόσχολοι
2421 1606 2815 1676 ῥητορεύουσιν,
2840 1606 2976 1661 ἀλλὰ
2996 1608 3096 1676 τῆς
3124 1606 3387 1676 αἰτήσεως
3412 1608 3656 1675 ματαίας

2082 1696 2267 1766 οὔσης,
2296 1700 2389 1751 καὶ
2415 1698 2493 1768 τῷ
2526 1696 2772 1768 ζητοῦντι
2802 1698 3134 1770 πρεπούσης.
3162 1698 3292 1762 Θεὸς
3321 1699 3427 1770 γάρ
3472 1698 3657 1752 πάντα

2085 1788 2297 1861 στάθμῃ
2330 1789 2466 1860 (75),
2490 1790 2583 1843 καὶ
2603 1791 2803 1860 μέτρῳ,
2836 1791 2929 1842 καὶ
2957 1791 3115 1861 χρείᾳ
3143 1790 3443 1860 χαρίζεται.
3480 1789 3658 1844 Ἔνθα

2080 1878 2135 1931 δὲ
2168 1878 2271 1952 [τὸ]
2309 1880 2561 1952 περιττὸν
2588 1881 2648 1934 τὸ
2681 1880 3031 1953 ζητούμενον,
3076 1883 3170 1935 καὶ
3215 1882 3273 1935 τὸ
3301 1881 3656 1953 θαυματουρ-

2081 1971 2196 2037 γεῖν
2228 1969 2442 2034 πάντως
2469 1970 2567 2024 οὐκ
2600 1970 2872 2043 εὔκαιρον.

2551 2243 2667 2297 οΖ’.
2710 2270 2779 2282 -
2815 2242 3171 2311 Atoxxopo.

2111 2359 2211 2410 Οτι
2234 2356 2546 2427 ἀμήχανον
2576 2359 2646 2413 ἐν
2671 2359 2841 2484 μέἶφ
2876 2361 3143 2428 θορύϐων
3178 2358 3403 2429 ἀρετὴν
3433 2377 3652 2429 κατορ-

2793 2445 2964 2484 ωσαι.

2793 2445 2964 2484 ωσαι.

2149 2544 2411 2598 Τοσοῦτον
2443 2546 2763 2616 χρησιμεύει
2795 2547 2931 2615 πρὸς
2975 2545 3246 2618 σωτηρίαν
3275 2547 3307 2616 ἡ
3339 2545 3450 2599 τῶν
3482 2544 3649 2617 θορύ-

2081 2633 2190 2686 ϐων
2221 2633 2334 2704 (76)
2378 2634 2485 2687 τῶν
2520 2635 2754 2688 ἀστικῶν
2800 2636 3164 2708 ἀναχώρησις,
3195 2639 3277 2690 ὅτι
3309 2636 3409 2699 τάς
3460 2639 3651 2700 πόλεις

2082 2724 2396 2780 καταλιπὼν
2424 2730 2452 2779 ό
2488 2726 2582 2780 τοῦ
2616 2726 2749 2780 Θεοῦ
2781 2727 2927 2791 Υἱὸς,
2975 2730 3060 2781 ἐπ’
3090 2730 3272 2801 ἄκρων
3320 2730 3489 2799 όρὲων
3519 2732 3650 2793 τοὺς

2082 2816 2333 2888 καθαρῶς
2367 2817 2612 2887 βιοῦντας
2643 2819 2963 2890 ἐμακάριζε.
2996 2822 3217 2885 Δεικνὺς
3256 2822 3321 2875 δι’
3349 2816 3424 2875 ὧν
3468 2822 3649 2891 πράτ-

2080 2924 2189 2961 των
2219 2908 2513 2973 ἐδίδασκεν,
2554 2908 2628 2973 ὡς
2674 2909 2951 2976 ἀδύνατον,
2984 2911 3075 2964 τὸν
3111 2913 3186 2984 μὴ
3222 2912 3651 2966 ἀποσπασθέντα

418 3002 486 3055 ab
520 2999 706 3053 inferis
743 2998 910 3052 rebus
947 2999 1167 3053 minime
1218 3014 1277 3053 se
1313 2999 1685 3064 abstraxisset,
1722 3012 1882 3071 atque
1910 3000 1972 3056 ad

2088 2998 2186 3050 τῶν
2224 2998 2595 3070 χαμαιζήλων,
2643 3002 2735 3054 καὶ
2767 3002 2900 3073 πρὸς
2934 3004 3031 3073 τὴν
3066 3002 3239 3074 ἄκραν
3283 3004 3482 3074 ἀρετὴν
3515 3005 3649 3057 ἀνα-

404 3092 632 3145 ηνὶι-ιιιιίε
671 3088 941 3157 fastigium
967 3091 1318 3155 ascendisset,
1352 3091 1543 3146 beatus
1574 3108 1603 3145 a
1646 3092 1755 3146 Deo
1784 3110 1975 3149 cense-

416 3191 585 3245 retur,
654 3190 747 3234 aut
803 3181 983 3234 futura
1037 3180 1173 3233 bona
1199 3192 1639 3251 consequeretur.
1696 3182 1835 3238 Nam
1885 3186 1975 3255 qui

421 3288 650 3341 superna
704 3273 881 3340 sapit,
942 3271 1048 3325 illic
1099 3271 1305 3325 habitat
1354 3271 1444 3326 ubi
1497 3272 1742 3330 Christus
1790 3284 1873 3330 est
1920 3275 1975 3329 in

396 3364 606 3418 ~dextra
632 3363 720 3415 Dei
754 3365 946 3415 sedens
977 3363 1045 3416 θ’.

748 3471 1023 3527 LXXVIII.
1048 3503 1118 3517 -υ-
1146 3473 1369 3528 ΕΞΑΗΕ
1401 3473 1629 3530 MILITI.

678 3564 757 3616 Ad
782 3564 999 3616 militem
1032 3564 1328 3619 inordinate
1358 3581 1411 3619 se
1440 3574 1717 3634 gerentem.

468 3678 543 3734 ‘Si
574 3679 866 3749 gladiorum
921 3681 1195 3749 cuspides,
1226 3689 1280 3734 et
1327 3681 1557 3750 galeam,
1590 3696 1654 3736 ac
1692 3681 1970 3737 thoracem

393 3771 662 3843 aprmsidio
718 3771 810 3825 tibi
866 3772 930 3824 ad
992 3771 1124 3825 bene
1168 3772 1447 3825 vivendum
1496 3786 1615 3827 esse
1674 3773 1969 3841 existimas,

394 3866 621 3932 .prmdas
662 3878 825 3931 agens
875 3877 938 3916 ac
986 3863 1097 3916 vias
1133 3863 1375 3917 desertas
1420 3862 1670 3927 reddens,
1709 3863 1808 3917 hoc
1839 3864 1972 3918 scito

414 3955 608 4009 inultos
650 3954 853 4006 [irinius
905 3963 954 4006 te
989 3963 1167 4020 scptos
1211 3962 1265 4007 et
1318 3963 1555 4008 armatos
1613 3954 1969 4009 miserrimam

390 4055 640 4100 ‘mortem
691 4044 955 4098 retulisse.
990 4043 1247 4112 Exemplo
1308 4045 1448 4110 sint,
1483 4061 1547 4099 ex
1586 4046 1652 4099 iis
1694 4047 1783 4115 qui
1833 4047 1969 4115 apud

398 4151 512 4190 ‘nos
552 4136 848 4189 litterarum
897 4137 1252 4190 monumentis
1282 4138 1578 4206 consignati
1621 4148 1766 4201 sunt,
1805 4138 1968 4203 Oreb,

395 4226 541 4290 .Zeb,
576 4226 768 4288 Zehee,
800 4226 1075 4289 Salmana,
1097 4228 1426 4294 Abimeleeh,
1451 4228 1687 4289 Goliath.
1713 4231 1967 4297 Absalon,

2081 3087 2269 3154 ϐάντα,
2307 3091 2705 3161 μακαρισθῗψαι
2742 3093 2890 3163 παρά
2915 3091 3070 3157 Θεοῦ,
3116 3094 3149 3164 ἢ
3188 3093 3294 3146 τῶν
3340 3093 3647 3164 μελλόντων

2073 3182 2251 3249 τυχεῖν
2277 3180 2514 3249 ἀγαθῶν.
2560 3182 2616 3234 ’0
2646 3182 2755 3253 γὰρ
2799 3183 2866 3236 τὰ
2898 3184 3009 3237 ἀνω
3038 3184 3271 3254 φρονῶν,
3303 3186 3423 3237 ἐκεῖ
3453 3201 3643 3238 κατοι-

2074 3272 2178 3335 κεῖ,
2232 3265 2293 3324 οῦ
2333 3270 2565 3341 Χριστός
2616 3273 2762 3325 ἐστιν
2810 3274 2869 3327 ὲν
2915 3273 3061 3345 δεξιᾷ
3109 3273 3202 3328 τοῦ
3235 3274 3370 3328 Θεοῦ
3412 3274 3645 3340 καθεζό-

2078 3377 2256 3430 μενος.

2427 3483 2553 3535 οην.
2577 3510 2645 3524 —
2670 3483 2876 3555 ΗΣΑΙᾼ
2905 3484 3309 3557 ΣΤΡΑΤΙΩΤῌ.

2367 3574 2524 3641 Πρὸς
2554 3578 2918 3644 στρατιώτην
2944 3578 3336 3633 ἀτακτοῦντα.

2154 3687 2215 3739 Εἰ
2252 3687 2430 3741 ὃπλων
2477 3689 2846 3759 αἰχμαὶίςῖἴ),
2893 3692 2984 3742 καὶ
3024 3691 3241 3761 κράνος,
3289 3694 3384 3745 καὶ
3436 3693 3640 3761 θώραξ,

2076 3777 2350 3847 ἀσφάλειά
2370 3796 2450 3831 σοι
2479 3780 2613 3848 πρὸς
2635 3781 2863 3844 εὑζωῖαν
2893 3783 3223 3852 νενόμισται,
3243 3782 3642 3838 λωποδυτοῦντι

2072 3869 2169 3923 καὶ
2199 3870 2297 3932 τάς
2334 3868 2635 3941 λεωφόρους
2682 3870 3003 3942 ἐρημοῦντι·
3042 3873 3147 3926 ἴσθι
3181 3873 3258 3937 ὡς
3304 3874 3488 3927 πολλοὶ
3514 3875 3645 3928 δυσ-

2072 3961 2398 4031 αλωτότερόν
2435 3977 2527 4013 σου
2553 3961 2917 4033 φραξάμενοι,
2965 3964 3231 4018 οἴκτιστον
3263 3968 3644 4037 ἀπηνέγκαντο

2073 4053 2319 4107 θάνατον.
2373 4053 2508 4123 Παρ’
2558 4055 2688 4124 ἡμῖν
2741 4054 2838 4125 μὲν
2884 4055 3251 4126 ἀνάγραπτοι,
3313 4060 3500 4129 Ὠρὴ6,
3546 4061 3641 4114 καὶ

2071 4144 2263 4214 Ζηϐεὲ,
2318 4145 2411 4195 καὶ
2457 4143 2731 4214 Σαλμανά,
2801 4146 3085 4217 ’Δὸιμελὲχ
3130 4150 3224 4201 καὶ
3270 4149 3485 4213 Γολιάθ,
3544 4154 3641 4205 καὶ

2083 4233 2454 4305 Ἀϐησσαλὼν,
2490 4236 2584 4289 καὶ
2632 4236 2744 4290 ὅσοι
2777 4237 2897 4290 κατ’
2940 4239 3202 4302 ἐκείνους.
3250 4240 3411 4310 Παρά
3437 4242 3494 4295 δὲ
3526 4246 3643 4306 τοῖς

413 4318 610 4387 aliique
655 4317 741 4371 his
777 4317 979 4372 similes
1002 4318 1073 4373 ιι
1118 4322 1255 4388 apml
1292 4332 1504 4375 exteros
1538 4332 1738 4385 autem,
1776 4323 1968 4377 lle-cto-

2090 4324 2214 4388 ἔξω,
2270 4326 2550 4395 Ἔκτορες,
2606 4328 2699 4380 καὶ
2752 4330 2997 4393 Αἴαντες,
3044 4331 3137 4384 καὶ
3186 4330 3337 4384 αὐτοὶ
3385 4336 3433 4386 oi
3492 4335 3640 4403 μέγα

408 4421 501 4461 res
521 4416 576 4461 et
600 4404 816 4473 Aiaces,
849 4414 1009 4477 atque
1050 4409 1145 4476 ipsi
1176 4408 1587 4474 Lacedazuionii,
1628 4412 1717 4480 qui
1762 4414 1969 4467 ruboris

2088 4417 2292 4470 πάντων
2322 4420 2684 4489 φρονήσαντες
2708 4422 3115 4492 Λακεδαιμόνιοι
3142 4424 3234 4476 ἐπὶ
3255 4424 3431 4496 ῥώμῃ,
3451 4427 3638 4497 ἐπειδὴ

409 4502 627 4554 nomine
674 4513 835 4567 snpra
863 4515 1051 4555 omnes
1103 4501 1352 4556 mortales
1382 4503 1592 4573 gloriati
1628 4514 1773 4571 sunt,
1833 4522 1970 4575 quo-

410 4590 553 4645 niam
594 4589 859 4658 justitiam
922 4591 1171 4657 potentia:
1231 4592 1477 4646 comitem
1554 4595 1964 4666 haudquaquam

409 4681 729 4735 habuerunt.
785 4678 965 4745 Quare
1014 4682 1117 4735 nisi
1177 4698 1344 4737 vanus
1383 4684 1538 4738 miles
1583 4699 1702 4739 esse
1741 4686 1840 4749 vis,
1899 4686 1964 4741 ad

398 4771 687 4840 Spirituale
727 4771 926 4825 bellum
961 4774 1349 4841 quamprimum
1386 4784 1436 4829 te
1485 4786 1757 4840 converte,
1804 4785 1966 4845 atque

2075 4509 2174 4562 οὐκ
2206 4508 2361 4579 ἔσχον
2403 4509 2695 4580 σύνδρομον
2734 4516 2799 4582 τῇ
2834 4513 3059 4583 δυνάμει
3087 4514 3148 4567 τὸ
3191 4515 3417 4570 δίκαιον.
3452 4518 3513 4569 Εἰ
3543 4514 3642 4571 οὖν

2079 4599 2156 4671 μὴ
2206 4602 2431 4671 μάταιος
2479 4598 2616 4654 εἶναι
2665 4602 2842 4672 βούλει
2887 4605 3131 4676 ὁπλίτης,
3175 4605 3340 4672 ὀξέως
3382 4607 3520 4677 πρὸς
3547 4610 3637 4661 τὸν

2074 4691 2260 4761 νοητὸν
2296 4692 2590 4762 μετάταξαι
2634 4695 2891 4767 πόλεμον,
2926 4697 3022 4752 καὶ
3074 4696 3273 4768 μᾶλλον
3316 4701 3382 4769 τῇ
3438 4699 3637 4753 σαυτοῦ

2072 4782 2267 4852 ἀταξίᾳ
2300 4782 2429 4834 πολέ
2439 4800 2628 4853 μησον.

398 4862 460 4917 ηῑά
486 4865 661 4933 potius
699 4880 816 4933 age,
864 4875 921 4918 ut
950 4865 1207 4921 adversus
1254 4866 1589 4924 inordinatos
1625 4880 1745 4925 tuos
1772 4883 1948 4927 motus
1991 4873 2186 4928 bellum
2232 4891 2404 4945 geras.

472 5017 519 5049 "
542 5016 727 5072 Matth.
760 5036 832 5085 tv,
864 5022 950 5075 II.
1020 5022 1065 5054 ⁸⁷
1096 5022 1224 5078 ibid.
1263 5024 1317 5078 5.

1394 5024 1439 5056 ⁸⁸
1470 5023 1659 5078 Matth.
1703 5040 1752 5090 ν,
1801 5025 1854 5080 8.

408 5084 449 5137 il
488 5087 615 5155 Reg.
650 5103 799 5141 xvm.

1944 5026 1990 5058 ”
2021 5026 2197 5083 Colos.
2232 5044 2314 5092 tu,
2345 5029 2395 5084 I.
2474 5032 2489 5060 ¹
2524 5029 2695 5085 Judic.
2729 5049 2839 5097 vn;
2875 5032 3052 5090 Judic.
3086 5050 3220 5103 vnt;
3251 5037 3269 5091 Ι
3311 5037 3444 5110 Reg.
3490 5057 3630 5108 nn;

1491 5247 1722 5303 VARUE
1764 5248 2146 5305 LECTIONES
2184 5249 2272 5304 ET
2308 5249 2540 5306 NOTAE.

474 5402 739 5474 (75)}[0
771 5400 982 5471 σταθμῇ
1021 5401 1172 5455 codd.
1214 5399 1336 5456 Vat.
1373 5399 1476 5455 649
1505 5410 1557 5453 et
1596 5400 1704 5453 Alt.
1752 5400 1957 5470 legunt,

408 5469 650 5542 σταθμῷ.
679 5469 887 5542 Possm.

468 5538 589 5614 (76)
606 5538 741 5614 'I’osl
764 5539 1003 5614 θορύβων
1021 5540 1135 5591 cod.
1162 5538 1444 5614 .ﬁltzaddit
1470 5539 1781 5614 πολιτικῶν.
1800 5538 1955 5614 Vers.

398 5611 439 5663 5
486 5607 583 5682 pro
628 5607 1043 5682 ἀποσπασθέντα
1085 5607 1448 5682 cndd._Vatic.
1638 5621 1687 5660 et
1705 5609 1822 5682 _Alt.
1863 5609 1962 5682 ha-

402 5673 534 5739 bent
562 5680 901 5736 ἀπωσθέντα.
921 5678 1075 5734 Vers.
1106 5676 1312 5748 penult.
1335 5692 1430 5745 pro
1446 5673 1505 5732 οῦ
1530 5678 1781 5748 Χριστὸς,
1800 5677 1957 5733 codd.

2070 5400 2376 5479 _Slo_rtia_nus
2404 5411 2459 5457 et
2506 5402 2617 5479 Alt.
2639 5402 2835 5479 legunt
2879 5408 2906 5459 ό
2939 5409 3190 5479 Χριστός.
3227 5412 3385 5470 Vers.
3420 5418 3626 5475 ultimo.

2067 5472 2213 5523 ἐστὶν
2242 5472 2393 5527 abest
2423 5488 2451 5525 a
2483 5475 2601 5528 cod.
2637 5473 2929 5532 Sfortiano.
2961 5472 3167 5533 Possm.

2138 5541 2251 5623 (77)
2292 5538 2613 5623 Ρῶοάίχμμῇ
2637 5548 2754 5598 cod.
2787 5547 2893 5623 A‘It.
2928 5550 3131 5623 scribit,
3168 5550 3368 5623 ἀκμαὶ,
3398 5564 3454 5611 et
3484 5572 3609 5613 vers

2067 5621 2317 5681 autcpcn.
2347 5628 2444 5681 pro
2472 5612 2718 5683 ὁπλίτης.
2754 5616 2990 5688 πολίτης.
3030 5618 3236 5675 Possm.
