3944 6138
299 216 398 282 237

788 325 909 379 οεν.
972 355 1019 366 -
1056 322 1373 396 ΤΙΜΟθΕῼ.

297 445 399 507 Eli;
429 440 495 493 τὸ
528 437 862 516 abrupere},
918 432 1122 516 t_’_£dr
1146 437 1231 515 μὴ
1256 438 1648 516 -περισσεύσῃ
1680 436 1719 501 ὴ
1765 435 1853 516 διτ

362 504 668 576 {amomi—mf
687 507 851 575 ὑμῶν
887 506 1076 560 πλέον
1103 504 1218 559 τῶν
1245 504 1665 576 Γραμματέων,
1699 526 1716 556 ι
1754 504 1851 576 καὶ

366 580 453 632 ὅτι
490 574 665 631 τοῦτο
714 574 825 631 οὐκ
876 577 1245 630 ἐναντιοῦται
1276 574 1377 642 τῷ,
1409 574 1448 627 ίι
1498 577 1640 630 Οὐαὶ
1689 574 1849 645 ὑμῖν,

362 646 753 717 Γρῳματεῖς.
790 666 807 696 ι

358 743 469 809 (γε)
484 742 697 810 Ἡμεῖς,
712 733 755 791 ὦ
772 738 1032 808 βέλτιστε,
1047 739 1143 807 τῆς
1161 738 1327 807 αὐτῆς
1341 739 1449 800 τοῖς
1467 735 1853 807 Γραμματεῦσι

296 834 386 887 καὶ
423 830 738 901 Φαρισαίοις
776 829 941 899 ἐσμὲν
970 829 1143 898 ἔνοχοι
1187 828 1437 899 κρίσεως.
1492 829 1699 898 Ὥσπερ
1742 828 1851 898 γάρ

296 926 444 979 αὐτοὶ
485 926 553 994 τῇ
605 922 699 975 τοῦ
752 922 917 991 νόμου
948 921 1145 992 μελέτῃ
1175 920 1237 973 τὸ
1282 922 1538 991 πράττειν
1564 920 1657 972 τὸν
1689 921 1851 990 νόμον

294 1017 573 1088 ᾠήθησαν,
598 1020 616 1037 ‘
646 1015 831 1085 ἀρκεῖν
862 1014 1043 1076 αὐτοῖς
1070 1016 1169 1083 τὴν
1191 1012 1526 1080 ἀπαγγελίαν
1553 1012 1646 1065 τοῦ
1673 1013 1852 1082 γράμ.

297 1125 463 1179 ματος
516 1106 651 1177 πρὸς
703 1104 963 1175 ἐργασίαν
1016 1103 1109 1156 τοῦ
1161 1104 1482 1174 πράγματος
1536 1103 1850 1174 άπροσέχως

294 1199 644 1269 νομίσαντες·
679 1196 848 1259 οὕτως
882 1197 1060 1265 ἡμεῖς,
1091 1196 1238 1267 αὐτῷ
1263 1195 1343 1266 τῷ
1371 1194 1633 1250 ἅπτεσθαι
1666 1195 1851 1249 θυσια-

297 1288 532 1359 στηρίων
564 1287 718 1353 Θεοῦ,
772 1286 1009 1355 ἐγγίζειν
1055 1286 1174 1357 Θεῷ
1220 1285 1619 1356 φανταζόμεθα.
1690 1286 1850 1339 Ἀλλά

291 1378 495 1448 ταύτην
524 1377 683 1448 ἡμῶν
709 1378 741 1429 ὁ
768 1377 971 1447 Κύριος
1005 1376 1281 1430 ἐκκόπτων
1313 1377 1410 1447 τήν
1436 1378 1629 1447 οἴησιν,
1665 1378 1847 1448 φησὶν,

299 1488 317 1521 ι
372 1467 500 1520 Ἐὰν
548 1468 623 1537 μὴ
670 1468 999 1538 περισσεύσῃ
1046 1465 1197 1530 ὑμῶν
1242 1467 1276 1536 ή
1330 1465 1640 1538 δικαιοσύνη
1690 1467 1849 1519 πλέον

294 1557 398 1610 τῶν
436 1555 811 1626 Γραμμτέων
844 1554 935 1606 καὶ
968 1555 1293 1628 Φαρισαίων,
1323 1556 1383 1608 οὐ
1420 1556 1647 1625 δύνησθε
1675 1556 1847 1609 είσελ-

1160 216 1685 277 EPISTOLARUM
1724 216 1867 274 LIB.
1898 216 1945 274 Ι.
1978 242 2047 251 --
2076 216 2311 275 EPIST.
2348 217 2609 277 LXXXI.

2205 224 2311 275 ST.
2334 224 2609 307 LXXXI.
3411 224 3515 287 238

2204 322 2437 379 LXXIX.
2468 355 2536 365 —
2566 321 2915 381 TIMOTHEO
2954 326 3265 384 LECTORI.

1954 430 2021 486 In
2046 432 2241 485 dictum
2270 433 2424 507 illud,
2444 452 2479 507 Δ‹
2510 434 2633 507 Nisi
2655 436 2997 491 abundaverit
3017 440 3235 507 justitia
3267 455 3455 502 vestra.
3492 468 3510 497 ι

2021 513 2152 577 etc_.,
2186 506 2398 577 et_q_uo_d
2437 499 2573 556 ittud
2616 506 2735 559 huic
2767 499 3091 562 contrarium
3117 528 3217 566 non
3242 516 3328 577 sit,
3359 535 3378 565 ι
3428 499 3516 570 Vw

2029 571 2195 636 vobis,
2229 571 2449 627 senm.
2479 592 2497 623 ι

2022 727 2158 793 Nos,
2191 730 2277 782 vir
2307 731 2527 799 optime;
2557 732 2729 786 eidem
2761 749 2885 789 cum
2910 734 3116 793 Scribis
3138 750 3193 794 et
3226 742 3512 800 Pharisaeis

1947 816 2150 885 judicio
2193 818 2411 873 obnoxii
2456 836 2663 877 sumus.
2708 823 2775 879 Ut
2825 826 2971 881 enim
3023 828 3097 884 illi
3143 846 3201 886 se
3252 850 3346 903 per
3379 835 3512 902 legis

1951 910 2355 965 meditationem
2384 911 2555 981 legem
2586 916 2810 983 exsequi
2835 920 3113 985 putabant,
3150 925 3291 992 quod
3322 927 3511 980 littera:

1950 1002 2383 1069 prazdicationetn
2417 1004 2484 1056 ad
2530 1005 2605 1060 rei
2656 1011 3025 1075 operationem
3071 1013 3172 1068 sibi
3220 1018 3353 1070 satis
3392 1032 3512 1072 esse

1950 1106 2047 1159 pro
2087 1107 2183 1145 sua
2227 1092 2548 1160 negligentia
2599 1095 3001 1161 existimassem
3034 1142 3051 1168 ,
3110 1106 3296 1159 eodem
3351 1109 3511 1161 modo

1951 1196 2049 1235 nos
2078 1195 2291 1249 quoque
2318 1182 2420 1237 hoc
2446 1182 2562 1251 ipso
2590 1185 2733 1254 quod
2774 1187 2865 1242 Dei
2908 1189 3096 1244 altaria
3129 1194 3507 1263 contingimus,

1949 1288 2047 1327 nos
2084 1273 2149 1327 ad
2187 1271 2354 1327 Deum
2382 1276 2811 1346 appropinquare
2843 1281 3111 1348 opinionis
3139 1299 3326 1339 errore
3356 1288 3511 1341 nobis

1948 1362 2219 1434 ﬁngimus.
2274 1367 2345 1419 At
2396 1364 2653 1421 Dominus
2725 1370 2861 1426 hanc
2911 1385 3151 1427 nostram
3206 1378 3510 1445 Opinionem

1952 1466 2255 1524 amputans,
2320 1456 2405 1512 bis
2452 1460 2631 1514 verbis
2679 1463 2901 1516 utitur:
2941 1480 2962 1514 ι
3000 1462 3113 1518 Nisi
3160 1466 3512 1523 abundaverit

1945 1539 2152 1608 justitia
2176 1550 2358 1596 vestra
2389 1543 2669 1613 plusquam
2695 1548 3005 1605 Scribarum
3022 1562 3076 1605 et
3096 1551 3507 1622 Pharisaeorum,

292 1650 404 1704 θεῖν
432 1650 519 1712 είς
545 1648 642 1718 τὴν
670 1645 942 1716 βασιλείαν
966 1648 1074 1700 τῶν
1102 1648 1363 1719 οὐρανῶν.
1414 1666 1432 1697 ι
1466 1647 1634 1702 Τοῦτο
1677 1649 1847 1716 λέγων

1955 1645 2055 1683 non
2084 1631 2353 1689 intrabitis
2386 1636 2438 1689 in
2470 1652 2689 1706 regnum
2721 1641 2982 1696 calorum
2996 1644 3036 1697 '.
3064 1661 3083 1695 ι
3111 1643 3264 1711 Quod
3290 1648 3510 1715 perinde

294 1738 641 1810 θεοπρεπῶς·
684 1736 808 1790 Ἐάν
839 1737 912 1807 μὴ
959 1736 1055 1808 τὴν
1084 1738 1324 1808 δόκησιν,
1368 1739 1564 1808 πρᾶξιν
1611 1739 1847 1810 ἐργάση-

294 1831 419 1893 σθε,
470 1830 522 1883 oi
576 1833 595 1851 ‘
652 1830 996 1898 προσχήματι
1052 1827 1338 1899 ἀρκεῖσθαι
1390 1829 1527 1897 πρὸς
1574 1829 1848 1883 διακονίαν

291 1924 425 1978 Θεοῦ
471 1922 831 1992 λογιζόμενοι,
883 1923 917 1992 ή
946 1922 1039 1975 τοῦ
1094 1922 1227 1976 Θεοῦ
1280 1924 1408 1992 ὑμῖν
1456 1923 1698 1993 βασιλεία
1748 1925 1847 1978 οὐκ

291 2016 354 2070 ἂν
376 2017 744 2087 ἀνοιγήσεται.
776 2016 989 2089 Ἐπειδὴ
1016 2018 1122 2089 γάρ
1143 2019 1348 2089 ἀληθής
1362 2021 1506 2071 ἐστιν
1526 2021 1559 2090 ή
1582 2019 1844 2089 βασιλεία,

290 2113 398 2174 τοῖς
428 2109 647 2177 άληθῶς
673 2110 838 2179 αὐτὴν
867 2109 1115 2180 ζητοῦσιν
1141 2113 1435 2180 ἀνοίγεται.
1471 2112 1764 2181 Περισσεία
1788 2112 1846 2164 δὲ

292 2199 387 2270 τῆς
415 2202 509 2254 τοῦ
539 2200 708 2271 νόμου
753 2200 1093 2272 δικαιοσύνης
1123 2205 1157 2273 ή
1197 2201 1291 2255 τοῦ
1334 2202 1665 2271 Εὑαγγελίου
1699 2204 1846 2256 ἐστὶν

295 2291 578 2362 ὑψηλότης.
618 2293 677 2345 '0
713 2293 810 2362 μὲν
838 2292 947 2365 γὰρ
982 2294 1081 2364 τὴν
1117 2292 1313 2365 πρᾶξιν
1342 2295 1681 2364 τιμωρεῖται,
1710 2294 1770 2346 τὸ
1788 2294 1846 2346 δὲ

294 2383 384 2436 καὶ
411 2383 670 2453 πρόθεσιν
700 2382 881 2453 ψιλήν,
918 2384 1079 2455 μέχρι
1120 2383 1317 2454 βάθους
1345 2382 1583 2446 ἐννοιῶν,
1604 2383 1701 2453 τὴν
1726 2400 1846 2453 κρι-

293 2473 444 2545 τικὴν
474 2473 758 2546 ἀκρίϐειαν
791 2475 1214 2545 ἐνδεικνύμενονι

682 2652 764 2711 n'.
796 2684 870 2696 —
897 2655 1102 2728 nmo
1141 2654 1449 2727 ΜΟΝΑΧῼ.

349 2742 489 2814 Περὶ
514 2743 645 2809 τοῦ,
677 2761 697 2795 ι
738 2747 885 2800 Ἰσθι
910 2745 1137 2801 εὐνοῶν
1164 2747 1243 2813 τῷ
1270 2747 1549 2814 ἀντιδίκῳ
1574 2762 1709 2801 σου.
1761 2765 1781 2797 ι

360 2839 482 2894 Ὀτι
526 2838 666 2910 μετὰ
692 2841 792 2909 τῆς
824 2839 1081 2904 πτώσεως
1107 2841 1261 2913 ήμῶν
1292 2842 1719 2914 περιπατοῦμεν,
1750 2842 1844 2894 καὶ

293 2932 350 2983 ιν
404 2933 557 3000 μέσῳ
609 2931 851 2998 παγίδων
896 2931 1262 3003 διαϐαίνομεν,
1314 2933 1650 3004 διορατικοὺς
1698 2933 1844 3002 ἡμᾶς

295 3021 458 3075 ποιῶν
490 3022 521 3073 ό
552 3022 777 3091 Κύριος,
811 3022 1123 3092 ἀπεφήνατο
1162 3023 1448 3093 προσέχειν
1479 3024 1587 3077 ἀπὸ
1625 3024 1721 3093 τῆς
1754 3024 1847 3088 ζύ-

297 3129 401 3180 μης
448 3111 543 3164 καὶ
586 3112 694 3164 τῶν
730 3112 1054 3175 σκανδάλων,
1085 3114 1178 3167 καὶ
1221 3114 1424 3166 εὐνοεῖν
1469 3113 1547 3183 τῷ
1596 3114 1847 3183 ἀντιδίκῳ

296 3204 453 3273 παχὺ,
488 3204 595 3266 ἓως
638 3203 759 3256 ὅτου
791 3197 937 3273 ὦμεν
976 3204 1032 3257 ἐν
1056 3208 1121 3276 τῇ
1166 3204 1267 3275 ὁδῷ
1303 3206 1419 3274 μετ’
1452 3205 1637 3259 αὐτοῦ.
1678 3205 1848 3258 Ἀντί-

293 3297 457 3363 ζ.κον,
483 3296 583 3366 τὴν
611 3295 706 3349 τοῦ
740 3294 985 3366 σώματος
1023 3292 1197 3368 ὄρεξιν
1224 3298 1357 3369 πρὸς
1384 3298 1443 3350 τὸ
1485 3297 1700 3367 πνεῦμα
1733 3297 1849 3351 θεο-

296 3388 516 3459 πρεπῶς
542 3389 884 3458 ὁρισάμενος.
924 3388 1070 3442 Ὀδὺν
1096 3390 1212 3459 μὲν,
1242 3390 1334 3442 τὸν
1374 3388 1484 3459 βίον
1518 3389 1716 3454 καλῶν,
1742 3388 1847 3440 ὑπὸ

294 3480 383 3533 τοῦ
410 3480 600 3548 γένους
618 3479 774 3549 ήμῶν
795 3479 1039 3543 ἀστάτως
1060 3480 1367 3551 ὁδευόμενον
1385 3481 1514 3549 (79).
1551 3478 1772 3533 Εὖνοιαν
1790 3479 1846 3532 δὲ

297 3572 425 3640 πρὸς
440 3571 503 3623 τὸ
520 3570 680 3640 σῶμα
710 3570 808 3638 τὴν
836 3570 1178 3640 συναίσθησιν
1206 3571 1305 3640 τῆς
1328 3572 1739 3634 ἐπαναστάσεως
1757 3570 1848 3621 αὐ-

293 3657 385 3709 τις.
405 3656 845 3728 προσαγορεύων,
859 3656 1022 3722 ὀξέως
1048 3658 1176 3729 παρ’
1191 3659 1347 3729 ήμῶν
1364 3658 1679 3730 θεωρεῖσθαι
1698 3659 1847 3728 ὀφεί-

291 3744 506 3812 λουσαν,
560 3736 767 3817 μήποτε
811 3749 922 3810 τοῖς
969 3747 1135 3819 αὐτῆς
1188 3750 1599 3821 προστάγμασιν
1636 3750 1841 3804 ὑποκύ-

293 3836 513 3905 ψαντες,
562 3837 655 3889 καῖ
701 3837 892 3903 ἀνάξια
928 3839 1026 3909 τῆς
1075 3839 1186 3893 ἄνω
1235 3840 1477 3912 κλήσεως
1522 3840 1845 3911 πράξαντες,

295 3929 684 4000 παραδοθιῖιμεν
716 3931 805 3983 ὑπ’
838 3931 1057 3985 ἐκείνων
1108 3931 1186 4002 τῷ
1235 3933 1427 4005 Κριτῇ,
1474 3935 1562 3987 ὅτε
1609 3936 1678 3986 τά
1714 3935 1850 4004 ἔργα

293 4017 450 4086 ἡμῶν
484 4013 583 4070 καῖ
616 4017 743 4081 τοὺς
774 4012 963 4085 λόγους
997 4024 1321 4089 συναγαγεῖν
1349 4023 1725 4094 παραγίνεται,
1756 4026 1849 4078 καὶ

297 4107 588 4164 ἀποδοῦναι
615 4108 830 4178 ἑκάστῳ
864 4110 1003 4162 κατὰ
1039 4110 1099 4163 τὸ
1131 4110 1261 4164 ἴδιον
1287 4112 1466 4183 ἔργον.

529 4394 653 4458 ω’.
694 4436 766 4446 -
800 4407 1109 4480 ΑΜΠΕΛΙῼ
1150 4409 1608 4484 ΠΡΕΣΒΥΤΕΡῼ.

302 4486 406 4559 El;-
430 4490 501 4546 τὸ
519 4533 538 4572 _,
567 4508 586 4543 ι
624 4492 722 4572 pth
758 4495 1192 4572 συμπροσέᾳτω
1231 4516 1331 4572 σοι
1365 4502 1573 4567 θρόνος
1600 4503 1849 4572 ἀνομίας

498 4566 532 4616 ό
561 4562 855 4617 πλάσσων
880 4564 1068 4618 κόπον
1092 4567 1189 4618 ἐπὶ
1218 4562 1583 4638 πρόσέαγμά.
1630 4590 1647 4621 ι

373 4653 505 4724 «Μή
551 4655 943 4724 συμπροσέστω
980 4673 1060 4708 σοι
1107 4657 1292 4728 θρόνος
1328 4660 1555 4730 ἀνομίας
1601 4663 1629 4714 ό
1676 4664 1846 4716 πλάσ-

379 4808 423 4883 ν²
450 4786 638 4862 Matth.
663 4822 715 4873 ν,
741 4809 832 4862 20.
928 4810 950 4840 ³
980 4808 1143 4867 Marc.
1184 4827 1300 4876 vni,
1336 4813 1423 4868 15.
1498 4813 1523 4845 ι
1550 4813 1739 4872 Matth.
1775 4834 1847 4870 xv;

1956 4818 1989 4872 6
2018 4832 2168 4885 Seqq.

1947 1730 2050 1786 est,
2090 1738 2153 1775 ac
2210 1725 2256 1778 si
2308 1726 2467 1781 modo
2518 1727 2784 1785 divinitati
2836 1743 3197 1790 consentanea
3253 1738 3505 1793 diceret:

1947 1811 2058 1867 Nisi
2093 1829 2211 1879 vos,
2245 1817 2333 1885 qui
2374 1816 2556 1874 fucum
2595 1835 2658 1874 ac
2686 1831 3004 1889 praetextum
3049 1828 3113 1880 ad
3144 1828 3234 1883 Dei
3266 1830 3511 1885 ministeo'

1945 1904 2083 1957 rium
2130 1904 2371 1962 suﬂicere
2410 1910 2755 1978 existimatis,
2790 1915 3095 1982 opinionem
3142 1920 3193 1972 in
3240 1919 3507 1975 actionem

1946 1999 2293 2061 convertatis,
2325 1998 2418 2054 Dei
2479 2016 2697 2071 regnum
2727 2005 2835 2076 33
2863 2008 3013 2062 vobis
3042 2009 3257 2064 minime
3286 2014 3504 2079 patebit.

1947 2083 2206 2151 Quoniam
2247 2090 2388 2142 enim
2429 2105 2613 2145 verum
2665 2109 2887 2163 regnum
2931 2107 3046 2158 est,
3086 2099 3150 2152 iis
3192 2115 3424 2169 quoque,
3477 2122 3504 2153 ει

1947 2176 2141 2243 quibus
2173 2193 2297 2232 vere
2319 2182 2599 2248 quaeritur,
2626 2188 2888 2251 aperitur.
2925 2186 3094 2243 Porro
3123 2193 3504 2257 exsuperantia

1943 2269 2164 2339 iustitia:
2216 2270 2349 2342 legis
2401 2281 2485 2327 est
2532 2274 2790 2345 Evangilii
2844 2280 3164 2333 sublimitas.
3215 2280 3345 2332 Nam
3415 2281 3502 2334 illa

1947 2358 2210 2411 actionem
2266 2359 2459 2427 punit;
2511 2360 2612 2415 hoc
2657 2371 2833 2418 autem
2878 2367 3073 2419 nudam
3120 2368 3282 2421 etiam
3317 2368 3507 2423 volun-

1948 2460 2129 2515 tatem,
2162 2451 2411 2503 nimirum
2461 2467 2627 2519 usqne
2667 2454 2734 2507 ad
2777 2455 2996 2511 intimas
3040 2458 3389 2528 cogitationes
3418 2462 3507 2529 ju-

1944 2541 2222 2594 diciariam
2254 2542 2620 2598 sinceritatem
2656 2548 2968 2603 ostendens.

2294 2655 2505 2711 LXXX.
2540 2687 2609 2697 -—-
2628 2657 2782 2714 Νιιο
2812 2660 3160 2719 MONACHO.

2085 2753 2157 2809 De
2178 2756 2272 2808 hoc
2295 2755 2452 2819 dicto,
2490 2772 2509 2805 ‹
2547 2752 2676 2810 Esto
2702 2755 2969 2808 benevolus
3002 2756 3316 2809 aduersario.
3352 2775 3374 2809 ι

2016 2842 2278 2908 Quoniam
2304 2859 2425 2899 cum
2452 2845 2605 2898 ruina
2639 2857 2819 2898 nostra
2860 2845 3217 2907 ambulamus.
3252 2856 3413 2915 atque
3452 2848 3502 2899 in

1949 2935 2124 2990 medio
2174 2936 2482 3005 laqueorum
2538 2936 2853 2999 incedimus,
2882 2935 3082 2990 idcirco
3124 2934 3397 2997 Dominus,
3444 2936 3501 2989 ut

1949 3026 2188 3081 oculatos
2208 3035 2262 3080 et
2286 3027 2628 3095 perspicaces
2668 3041 2763 3080 nos
2788 3026 2993 3089 reddat,
3025 3042 3054 3079 a
3084 3028 3344 3081 fermento
3375 3028 3395 3059 ³
3442 3043 3497 3081 et

1948 3116 2215 3172 scandalis
2262 3115 2284 3147 ⁵
2338 3117 2718 3171 attendendum
2750 3119 2903 3172 nobis
2946 3131 3067 3172 esse
3115 3121 3500 3185 pronuntiavit.

1949 3206 2498 3274 consentiendumque
2541 3208 2850 3261 adversario
2905 3208 3031 3273 cito,
3081 3208 3204 3261 dum
3234 3215 3419 3263 sdmus
3449 3212 3503 3263 in

1949 3294 2031 3347 via
2085 3310 2204 3350 cum
2254 3295 2367 3363 ipso
2393 3296 2436 3349 ⁸.
2466 3295 2581 3362 Quo
2601 3296 2815 3365 quidem
2863 3298 2914 3350 in
2968 3295 3082 3350 loco
3127 3313 3219 3366 per
3255 3300 3508 3352 adventa-

1949 3386 2108 3450 rium,
2144 3386 2382 3454 corporis
2437 3387 2801 3453 cupiditatem,
2856 3387 3064 3456 spiritui
3102 3400 3504 3458 ,repuguanlettt

1949 3476 2126 3530 divine
2166 3476 2429 3547 intelligit.
2478 3476 2629 3532 Viam
2679 3489 2881 3539 autem,
2936 3480 3075 3532 hanc
3118 3481 3275 3531 vitam
3326 3493 3503 3541 vocat,

1947 3580 2065 3633 quze
2098 3581 2126 3619 a
2162 3581 2355 3636 genere
2390 3578 2571 3623 nostro
2607 3570 2723 3624 sine
2778 3569 2878 3622 ulla
2928 3569 3215 3624 stabilitate
3258 3587 3508 3640 peragra-

1948 3662 2058 3707 tur.
2121 3654 2450 3709 Consenstnn
2507 3657 2731 3723 denique
2782 3672 2846 3709 ac
2901 3656 3322 3710 benevolentiam
3378 3673 3501 3723 erga

1949 3759 2168 3815 corpus,
2195 3746 2523 3815 agnitionem
2557 3747 2862 3801 rebellionis
2890 3745 3057 3815 ipsius
3084 3746 3335 3815 appellat,
3384 3762 3505 3815 qua:

1948 3837 2231 3893 confestim
2289 3838 2513 3906 perspici
2574 3839 2776 3892 debet:
2839 3852 2906 3892 ne
2950 3836 3166 3905 alioqui,
3224 3837 3266 3891 si
3336 3836 3506 3905 ipsius

1950 3929 2187 3997 imperiis
2218 3927 2681 3992 succubuerimus,
2724 3943 2788 3981 ac
2822 3942 2909 3982 res
2954 3942 3184 3995 superna
3222 3927 3503 3980 vocatione

1950 4019 2192 4087 indignas
2234 4019 2734 4089 perpetraverimus,
2771 4022 2839 4073 ab
2870 4019 2972 4073 illis
3004 4019 3168 4088 iudici
3202 4029 3311 4072 tum
3346 4020 3505 4072 deda-

1949 4129 2089 4176 mur,
2122 4128 2241 4167 cum
2290 4115 2357 4167 ad
2379 4129 2539 4180 opera
2577 4124 2757 4168 nostra
2789 4124 2844 4170 et
2877 4130 3149 4170 sermones
3179 4116 3505 4185 colligendos

1948 4204 2193 4268 venerit,
2280 4205 2710 4273 reddendumque
2784 4205 3068 4275 unicuique
3144 4206 3295 4275 juxta
3372 4221 3505 4276 Opus

1881 4304 1925 4361 ι)
1953 4309 2129 4348 suum.

2144 4406 2377 4463 LXXXI.
2405 4438 2475 4449 --
2502 4406 2799 4462 Αιιρειιο
2826 4405 3295 4462 PRESBYTERO.

1951 4517 2018 4555 .n
2043 4499 2173 4553 illud
2198 4517 2216 4554 :
2246 4518 2265 4551 ι
2289 4499 2408 4554 Non
2437 4501 2701 4554 adhaereat
2731 4500 2824 4553 tibi
2847 4501 2990 4554 sedes
3017 4499 3328 4569 iniquitatis,
3352 4508 3456 4552 etc.
3480 4514 3499 4547 ι

2030 4680 2046 4712 ι
2090 4660 2164 4716 Ne
2204 4660 2474 4714 adhaereat
2528 4660 2618 4713 tibi
2662 4658 2815 4715 sedes
2847 4657 3290 4728 iiiiqiiitatis,|qui
3352 4656 3506 4725 [iugis

2273 4815 2294 4845 ³
2331 4812 2517 4871 Matth.
2549 4829 2603 4875 ν,
2630 4812 2720 4865 25.

1371 4926 1603 4981 VABIJE
1639 4928 2017 5015 LECTIONE§
2058 4929 2143 4983 ET
2189 4926 2422 4984 NOTAE.

371 5051 479 5173 (78?
522 5051 706 5105 Primo
745 5050 902 5119 hujus
924 5054 1079 5123 epist.
1116 5056 1373 5110 vocabulo
1401 5056 1553 5135 codd.
1587 5054 1701 5109 Vat.
1736 5058 1838 5111 649

407 5125 446 5173 Α
476 5132 511 5173 ι.
563 5133 880 5173 umbonum
910 5162 925 5173 .
983 5125 1094 5173 καί.
1140 5126 1287 5173 νει-ς.
1314 5127 1379 5173 4-
1411 5125 1694 5173 Indlcalam
1746 5142 1838 5173 iter

300 5130 354 5176 et
407 5125 511 5193 Alt.
563 5133 880 5190 praeponunt
910 5162 925 5184 ,
983 5125 1094 5177 καί.
1140 5126 1380 5191 Vel-3.4,
1411 5125 1694 5178 indicatam
1746 5142 1839 5193 per

302 5192 610 5262 asterisrum
668 5193 910 5243 lacunam
949 5196 1101 5262 exple
1143 5209 1208 5249 ex
1254 5198 1373 5248 cod.
1406 5193 1564 5247 Bari).
1598 5196 1838 5247 addcudn

300 5270 415 5329 post
438 5260 717 5331 ᾠήθησαν,
754 5262 867 5313 tunc
884 5260 1063 5331 verba,
1101 5264 1193 5315 καὶ
1223 5265 1379 5317 πάλιν
1401 5264 1625 5331 φυλάξαι
1649 5266 1738 5315 τὸν
1767 5263 1853 5315 νόει

346 5347 399 5382 ον
421 5329 517 5382 οὐκ
543 5331 911 5400 ἠδυνήθησαν.
941 5329 1138 5385 Eadem
1163 5335 1359 5387 habent
1384 5329 1436 5386 et
1468 5338 1621 5386 codd.
1650 5334 1753 5385 Alt.
1790 5351 1851 5386 ac

331 5399 469 5472 istic.
504 5401 628 5463 649,
668 5399 769 5453 nisi
812 5401 955 5468 quod
1001 5415 1094 5467 pro
1131 5401 1472 5472 ἠδυνήθησαν
1508 5404 1664 5472 habet
1691 5402 1851 5471 ἠϐου-

300 5468 553 5539 λήθησαν.
587 5473 794 5536 Quarto
829 5479 950 5539 post
989 5468 1330 5539 verbo'legc',
1359 5468 1724 5538 ἐπαγγελίαν,
1754 5488 1850 5536 pro

299 5538 653 5607 ἀπαγγελίαν,
698 5538 1011 5607 auctoribus
1077 5538 1243 5593 codd.
1283 5542 1490 5594 iisdem.
1551 5540 1700 5593 Vers.
1756 5541 1843 5598 10.

298 5609 365 5661 οὐ
395 5606 639 5680 δύνησθε,
665 5609 825 5665 codd.
855 5606 976 5661 Val.
999 5607 1098 5662 649
1125 5620 1177 5665 et
1201 5610 1307 5664 All.
1338 5610 1397 5663 os
1430 5609 1675 5663 δύνασθε.
1698 5627 1747 5664 v.
1786 5611 1845 5664 ιδ

1944 5058 1995 5108 οἱ
2020 5057 2362 5126 προσχήματι
2393 5056 2548 5110 codd.
2584 5054 2699 5110 Val.
2722 5055 2823 5109 649
2845 5063 2899 5107 et
2919 5054 3025 5126 Ad.
3054 5055 3206 5126 olet]:
3230 5055 3496 5124 σχήματι·

1947 5124 2098 5195 νει-ς.
2138 5124 2245 5177 ult.
2269 5127 2425 5195 iidem
2460 5127 2562 5177 duo
2593 5126 2746 5179 codd.
2776 5141 2870 5193 pro
2889 5124 3289 5195 ἐνδεικνύμενον
3320 5129 3502 5191 legunt

1942 5193 2357 5263 ἐνδεικνύμενοι.
2390 5194 2596 5247 Possm.

2023 5264 2131 5334 (79)
2164 5265 2266 5334 Pro
2305 5265 2622 5334 ῥδευὸμενον
2653 5264 2806 5316 (ιῡίίιΙ.
2840 5263 3010 5317 Vatic.
3043 5264 3143 5318 649
3178 5274 3229 5316 el
3266 5264 3372 5334 Alt.
3404 5263 3504 5315 ltu-

1953 5330 2075 5387 hent
2114 5330 2496 5402 διοδευόμενον.
2540 5333 2690 5385 Vers.
2739 5335 2802 5386 10
2837 5350 2932 5400 pro
2974 5333 3389 5402 προσαγορεύων
3435 5335 3507 5384 le-

1951 5413 2081 5473 gunt
2110 5401 2570 5473 προσαγορεύσας.
2608 5402 2774 5456 Versu
2810 5404 2865 5455 ll
2902 5401 3068 5471 αὐτῆς
3099 5413 3303 5455 mutant
3333 5402 3382 5453 in
3410 5402 3507 5453 αὑ-

1951 5470 2079 5532 τοῖς.
2112 5470 2516 5539 Deniquevcrs.
2555 5473 2619 5524 15
2650 5470 3116 5541 ουιιςτυειιιίιιειιιι
3149 5473 3247 5524 Ιοςί
3289 5479 3507 5525 εειιῑιξιι·

1958 5544 2105 5600 tiaut,
2146 5558 2246 5593 non
2274 5542 2363 5592 ὑπ’
2396 5542 2616 5593 ἐκείνων
2646 5559 2763 5595 cum
2804 5542 3012 5609 vulgato
3038 5543 3211 5607 legunt
3242 5580 3257 5604 ,
3293 5544 3383 5595 sed
3414 5541 3504 5591 ὑπ’

1952 5611 2154 5663 ἐκείνου
2176 5649 2190 5675 ,
2226 5623 2287 5664 ut
2324 5610 2580 5665 referatur
2613 5614 2677 5665 ad
2709 5610 2991 5663 ἀντίδικον,
3031 5609 3215 5662 Possm
