3944 6138
374 322 488 387 ’239

1563 319 1624 378 S.
1660 315 1947 378 ISIDORI
1984 313 2415 376 PELUSIOTIE

3507 320 3613 383 240

384 439 617 494 laborem
639 435 692 490 in
722 441 985 504 princepto
1000 433 1043 486 ⁸.
1058 450 1077 484 ι
1099 431 1410 486 Animarum
1432 442 1739 487 sanctarum
1760 433 1933 486 oratio

2059 446 2143 482 raw
2162 428 2273 499 (80)
2293 429 2383 481 ἐπὶ
2412 425 2756 498 πρόσταγμα.
2792 445 2811 479 ι
2836 426 3117 499 Προσευχὴ
3146 427 3254 482 τῶν
3289 430 3461 498 ἁγίων
3491 433 3611 484 ἐστι

383 531 496 584 haec
527 538 632 591 est,
667 541 763 596 pro
788 525 989 581 caelesti
1015 523 1351 579 confessione
1380 524 1777 587 dimicantium,
1809 539 1937 593 sup-

380 622 610 689 plicique
644 620 879 672 clamore
903 617 970 671 ab
999 631 1064 671 eo
1091 615 1469 686 postulantium
1500 614 1619 672 :Ne
1668 618 1721 669 in
1771 617 1938 671 altum

372 712 631 766 eﬂ'eratur
694 710 920 763 thronus
972 709 1274 776 iniquorum
1332 707 1383 760 in
1469 718 1759 777 conspectu
1823 716 1934 771 tuo,

379 804 624 864 Domine,
655 804 911 856 adversus
945 809 1270 870 praeceptum
1325 806 1473 851 tuum
1528 800 1737 868 negotia
1784 799 1938 854 nobis

368 895 676 948 =facessens.
714 891 1021 958 Cujusmodi
1052 889 1263 945 scilicet
1287 889 1388 957 piis
1425 890 1530 945 tuis
1562 892 1741 958 pueris
1768 891 1942 961 Baby-

380 989 553 1041 lonius
609 998 866 1056 tyrannus
925 995 1041 1039 erat
1063 985 1107 1048 ⁷,
1172 995 1267 1039 aut
1330 983 1532 1039 sanctis
1614 983 1941 1053 martyribus

362 1079 621 1148 .pestiieri
677 1086 730 1132 et
775 1076 1091 1131 exsecrandi
1145 1076 1410 1141 homines,
1461 1084 1620 1143 atque
1678 1075 1939 1129 idolorum

382 1180 821 1241 propugnatores.

607 1279 864 1336 LXXXII.
885 1310 957 1320 —
984 1278 1336 1334 ARABIANO
1360 1278 1720 1335 EPISCOPO.

363 1370 533 1437 xQuod
574 1374 661 1435 qui
692 1382 895 1439 prapter
920 1368 1315 1437 fornicationem
1347 1372 1591 1425 adversus
1622 1370 1942 1425 Gabaonitas

448 1456 513 1522 ea:
548 1440 639 1520 Dei
676 1442 936 1494 voluntate
978 1440 1171 1493 bellant
1212 1453 1568 1509 susceperunt,
1610 1458 1712 1495 non
1749 1441 1945 1510 injuste

446 1519 778 1565 interierunt.

452 1625 578 1691 Qui,
628 1632 685 1677 ut
740 1622 1221 1694 Benjaminitarum
1273 1626 1654 1679 scortationem
1717 1625 1942 1680 ulcisce-

382 1725 590 1780 rentur,
617 1716 668 1769 in
700 1713 880 1769 Gabaa
914 1716 1291 1781 ascenderant,
1323 1731 1446 1770 cum
1494 1716 1561 1770 de
1605 1716 1811 1770 Domini
1851 1730 1944 1770 vo-

2038 520 2244 590 ψυχῶν,
2262 520 2369 571 τῶν
2390 520 2607 590 ὑπὸτῆς
2631 519 2836 573 ἐκεῖθεν
2860 519 3146 591 ὁμολογίας
3169 520 3608 591 ἀγωνιζομένων,

2041 613 2178 682 πρὸς
2211 610 2371 663 αὐτὸν
2390 611 2447 663 ἐν
2480 610 2727 682 ίκετηρίᾳ
2751 611 3014 679 βοώντων’
3047 611 3137 681 Μὴ
3156 611 3406 680 ὑψούσθω
3424 612 3611 682 θρόνος

2040 703 2255 773 ἀνόμων
2278 705 2514 755 ἐναντίον
2534 719 2647 767 σου,
2672 703 2863 772 Κύριε,
2885 704 3022 756 κατά
3053 702 3193 775 [τοῦ]
3218 704 3310 756 σοῦ
3338 706 3613 775 προστάγ-

2048 811 2213 865 ματος
2246 794 2447 858 κόπους
2460 796 2588 864 ἡμῖν
2619 795 3008 864 παρεχόμενος,
3030 796 3212 858 ὁποῖος
3230 799 3258 849 ὁ
3274 794 3613 859 Βαϐυλώνιος

2041 882 2110 957 ἦν
2138 888 2251 950 τοῖς
2297 886 2460 948 ὁσίοις
2505 883 2622 956 [σου
2674 885 2853 957 παισὶ]
2886 885 3165 957 τύραννος,
3199 885 3232 957 ἢ
3277 890 3389 949 τοῖς
3432 888 3613 956 ἁγίοις

2044 978 2311 1050 μάρτυσιν
2334 980 2386 1030 oi.
2409 978 2725 1050 ἀλάστορες,
2757 977 2852 1031 καὶ
2880 977 2987 1032 τῶν
3015 977 3249 1031 εἰδώλων
3279 978 3610 1051 ὑπέρμαχοι.

2323 1274 2446 1329 ΠΒο.
2470 1304 2541 1314 -
2576 1274 2919 1347 summa
2968 1274 3338 1345 ΕΠῘΣΚΟΠῼ.

2048 1364 2171 1421 Τῶν
2197 1365 2432 1419 κοιτῶν.
2465 1366 2594 1419 Ὀτι
2620 1365 2719 1419 διὰ
2763 1365 2879 1431 τὴν
2925 1367 3206 1433 πορνείαν
3235 1366 3356 1431 τοῖς
3387 1365 3457 1417 ἐν
3496 1365 3614 1419 ra—

2118 1434 2229 1500 ὄαᾷ
2276 1438 2426 1489 κατὰ
2478 1434 2718 1504 γνώμην
2777 1434 2925 1505 Θεοῦ
2978 1436 3452 1505 παραταξάμενοι
3499 1438 3611 1489 οὐκ

2113 1505 2332 1571 ἀδίκως
2358 1506 2611 1571 ἁλόντες
2642 1504 3007 1574 ἐφθάρησαν.

2114 1619 2176 1671 Οἱ
2195 1617 2293 1688 τὴν
2322 1617 2574 1689 πορνείαν
2598 1619 2851 1689 Βενιαμὶν
2874 1618 3168 1682 ἀναϐάντες
3192 1620 3249 1672 ἐν
3282 1618 3469 1689 Ταϐρά
3491 1619 3608 1688 (81)

2042 1711 2501 1780 τιμωρήσασθαι,
2549 1710 2690 1765 κατά
2736 1710 2961 1780 γνώμην
3020 1710 3155 1764 Θεοῦ
3223 1712 3317 1764 τοῦ
3372 1711 3611 1780 πολέμου

291 1844 295 1851 ι
382 1805 588 1859 luutate
655 1820 717 1859 ac
767 1806 1027 1859 sententia
1096 1804 1291 1859 bellum
1377 1807 1758 1874 suscepissent,
1839 1821 1943 1859 non

2059 1778 2339 1871 ὶψάμενοι,
2369 1801 2468 1853 οὐκ
2499 1801 2720 1867 ἀδίκως,
2743 1802 2817 1865 ώς
2841 1778 2961 1867 οίει,
2993 1803 3091 1873 τῆς
3118 1804 3271 1872 νίκης
3298 1778 3569 1873 ἀπέτυχον
3593 1820 3609 1835 ’

384 1896 586 1963 inique,
631 1904 689 1948 ut
744 1906 921 1963 putas,
952 1896 1172 1949 victoria
1208 1897 1563 1951 exciderunt:
1598 1912 1781 1952 verum
1810 1912 1946 1966 quo-

378 1986 716 2053 niamjustus
735 1985 897 2055 judex
924 2002 990 2040 ex
1022 1986 1221 2055 iniquis
1241 1987 1696 2042 acieminstruere
1728 1988 1948 2041 minime

383 2077 537 2139 solet,
608 2077 808 2131 idcirco
890 2093 985 2146 per
1055 2078 1317 2145 justitiam
1395 2080 1688 2133 admissum
1771 2078 1945 2134 scelus

380 2167 693 2220 vindicavit.
726 2165 860 2219 Nam
902 2166 990 2234 qui
1020 2167 1231 2234 pejores
1275 2167 1514 2221 actiones
1550 2168 1840 2233 habebant,
1881 2182 1945 2222 ac

385 2258 550 2311 multo
576 2258 852 2326 graviores
882 2272 943 2311 ea
990 2274 1111 2326 qua:
1157 2265 1272 2311 tum
1324 2259 1642 2325 contigerat,
1693 2269 1943 2326 tanquam

385 2351 628 2401 insontes
685 2347 753 2399 ad
815 2346 1041 2400 fratrum
1068 2348 1267 2402 caedem
1320 2350 1591 2403 communi
1641 2351 1943 2405 animorum

375 2453 651 2492 consensu
710 2438 1085 2491 ascenderant.
1138 2438 1336 2493 Verum
1392 2438 1524 2493 illud
1577 2442 1947 2509 experimento

383 2529 715 2583 didicerunt:
739 2528 1071 2599 «Hypocrita,
1089 2529 1222 2597 ejice
1240 2530 1469 2600 primum
1493 2533 1692 2586 trabem
1711 2548 1774 2587 ex
1793 2534 1950 2588 oculo

386 2629 566 2683 tuo,et
596 2630 720 2673 tunc
742 2619 968 2683 videbis,
996 2621 1101 2690 27
1136 2632 1193 2677 ut
1213 2622 1393 2690 ejicias
1422 2623 1679 2676 festucam
1707 2624 1771 2678 de
1796 2624 1950 2678 oculo

378 2711 569 2766 fratris
596 2712 668 2765 tui
699 2712 774 2767 ⁸.»
800 2711 1161 2778 Quamobrem
1189 2714 1436 2779 adulteri,
1462 2716 1711 2782 quoniam
1739 2716 1949 2770 adulte-

379 2801 523 2854 rium
586 2802 804 2857 minime
875 2804 1313 2858 committendum
1370 2819 1490 2860 esse
1564 2807 1949 2874 praadicabant,

378 2887 544 2941 rebus
575 2888 703 2957 ipsis
750 2889 1005 2955 convicti,
1050 2890 1148 2958 ipsi
1193 2891 1407 2960 quidem
1448 2894 1693 2948 meritam
1734 2909 1947 2963 poenam

383 2979 438 3031 in
487 2978 626 3032 bello
671 2978 1039 3046 pependerunt
1070 3000 1082 3034 :
1115 2978 1204 3049 qui
1238 2989 1415 3035 autem
1450 2983 1798 3037 scortationis
1845 2985 1949 3039 cri-

2048 1893 2163 1946 ἀλλ’
2190 1892 2377 1963 ἐπειδὴ
2408 1892 2601 1963 δικαίῳ
2637 1897 2795 1964 κριτῇ
2817 1893 2915 1946 οὐκ
2945 1893 3091 1947 ἐστιν
3119 1894 3178 1958 ἐξ
3206 1893 3406 1947 ἀδίκων
3435 1893 3614 1964 παράο

2047 1987 2220 2053 ταξις,
2255 1985 2569 2059 δικαιοσύνῃ
2615 1986 2675 2038 τὸ
2728 1986 2995 2057 τολμηθὲν
3024 1987 3350 2057 ἐξεδίκησεν.
3402 1986 3467 2038 Ol
3505 1985 3614 2056 γάρ

2047 2079 2263 2149 χείρους
2292 2078 2503 2149 ἔχοντες
2529 2075 2774 2149 πράξεις,
2801 2078 2894 2130 καὶ
2917 2076 3093 2147 πολλῷ
3126 2077 3345 2145 μείζους
3371 2076 3471 2145 τῆς
3492 2077 3612 2128 τότε

2045 2168 2433 2238 γεγενημένης,
2466 2166 2541 2228 ὡς
2566 2165 2732 2220 ἀθῶοι
2764 2166 2900 2236 πρὸς
2927 2166 3018 2218 τὸν
3044 2166 3202 2233 φόνον
3234 2164 3343 2217 τῶν
3364 2164 3613 2233 ἀδελφῶν

2044 2258 2438 2330 ὁμονοήταντες
2483 2257 2775 2324 ἀνέϐησαν.
2835 2255 2973 2311 Ἀλλ’
3033 2254 3233 2326 ἔμαθον
3289 2258 3356 2325 τῇ
3419 2257 3611 2326 πείρᾳ,

2052 2369 2070 2401 ι
2094 2348 2411 2421 ’Υποκριτά,
2432 2347 2628 2423 ἔκϐαλε
2658 2347 2871 2418 πρῶτον
2902 2345 3002 2417 τὴν
3020 2346 3173 2398 δοκὸν
3197 2348 3261 2398 ὲκ
3286 2344 3381 2398 τοῦ
3408 2345 3613 2414 ὀφθαλ·

2050 2439 2151 2511 μοῦ
2209 2457 2322 2506 σου,
2371 2442 2463 2493 καὶ
2496 2439 2615 2493 τότε
2662 2438 2964 2509 διαϐλέψεις
3013 2438 3263 2492 ἐκϐαλεῖν
3303 2438 3363 2493 τὸ
3401 2439 3614 2509 κάρφος

2049 2532 2115 2582 ἐκ
2136 2529 2228 2582 τοῦ
2258 2529 2530 2599 ὀφθαλμοῦ
2556 2528 2649 2581 τοῦ
2677 2529 2905 2598 ἀδελφοῦ
2940 2546 3052 2583 σου.
3084 2548 3101 2579 ι
3137 2531 3197 2583 Οἱ
3228 2529 3404 2582 τοίνυν
3435 2530 3615 2600 μοιχοὶ

2046 2618 2233 2688 ἐπειδὴ
2263 2618 2336 2689 μὴ
2377 2618 2647 2689 μοιχεύειν
2682 2621 3002 2690 ἐκήρυσσον,
3037 2620 3140 2672 ὑπὸ
3189 2620 3297 2673 τῶν
3320 2620 3497 2691 ἔργων
3524 2621 3605 2684 ἐξ·

2047 2710 2409 2779 ελεγχόμενοι,
2438 2709 2590 2762 αύτοὶ⁵
2621 2710 2718 2779 μὲν
2744 2710 2903 2777 ἀξίαν
2931 2710 3120 2782 ποινὴν
3151 2710 3227 2781 τῷ
3261 2711 3481 2782 πολέμῳ
3508 2713 3615 2765 ἀπο

2048 2801 2246 2856 ἐτισαν.
2267 2800 2403 2854 Οἱδέ
2427 2800 2536 2855 τῶν
2558 2801 2915 2871 ἐγκλημάτων
2933 2803 3031 2871 τῆς
3053 2803 3305 2873 πορνείας
3330 2803 3611 2873 ἀμέτοχον..

2048 2891 2196 2945 οὐδὲν
2225 2892 2462 2946 τοιοῦτον
2494 2894 2550 2945 ἐν
2582 2893 2789 2957 ἑαυτοῖς
2832 2892 3047 2948 εἴδωλον
3078 2892 3309 2963 ἔχοντες,
3354 2894 3616 2965 λαμπρᾶν

2050 2985 2146 3056 τὴν
2174 2985 2329 3056 νίκην
2366 2986 2709 3057 εἰργάσαντο.

378 3060 619 3127 minibus
651 3074 870 3129 minime
901 3071 1283 3142 alﬁneserant,
1348 3075 1491 3146 quod
1557 3078 1762 3131 nullmn
1827 3078 2091 3147 ejusmodi
2141 3082 2197 3135 in
2243 3097 2301 3136 se
2357 3080 2557 3135 idolum
2616 3082 2893 3147 baberent,
2942 3083 3254 3153 prasclaram
3328 3084 3612 3139 victoriam

378 3160 559 3235 adepti
589 3175 730 3221 sunt.

630 3283 917 3340 LXXXIII.
950 3315 1020 3325 ——
1042 3285 1342 3342 LEONTIO
1374 3286 1721 3344 EPISCOPO.

380 3376 661 3442 Quomodo
705 3377 1098 3444 intelligendum
1128 3380 1195 3431 sit
1230 3380 1381 3439 illud,
1439 3398 1459 3431 ι
1514 3380 1574 3435 Si
1619 3382 1801 3436 oculus
1829 3392 1949 3435 tuus

910 3446 1232 3501 scandalizat
1254 3461 1302 3503 te
1324 3448 1367 3504 ’.
1399 3468 1418 3502 ι

457 3555 678 3611 Oculum
733 3572 794 3611 ac
849 3572 1064 3611 manum
1121 3558 1365 3613 dextram
1419 3564 1653 3630 optimus
1705 3563 1951 3621 Christus

384 3647 811 3702 necessariorum
838 3661 901 3700 ac
927 3646 1304 3702 tidissimorum
1329 3649 1619 3704 amicorum
1641 3653 1953 3725 propinqui-

391 3747 554 3790 tatem
604 3738 929 3804 nuncupavit
962 3754 977 3789 :
1013 3751 1108 3790 eos
1167 3738 1439 3805 nimirum,
1468 3740 1556 3809 qui
1603 3742 1668 3794 ad
1712 3756 1866 3810 opem
1894 3752 1949 3798 et

382 3828 645 3881 auxilium
698 3829 907 3883 sincere
965 3826 1117 3883 nobis
1168 3828 1495 3884 all‘erendum
1527 3832 1785 3888 benevolo
1818 3851 1944 3905 erga

388 3934 490 3972 nos
518 3918 698 3971 animo
731 3930 877 3983 sunt,
914 3918 983 3974 iis
1026 3921 1385 3975 membrorum
1428 3923 1733 3977 nominibus
1764 3923 1946 3993 appel-

384 4008 523 4071 lans,
550 4023 775 4076 quorum
824 4023 984 4077 opera
1018 4024 1114 4064 nos
1140 4026 1225 4075 ea,
1255 4027 1374 4081 quae
1415 4013 1568 4067 nobis
1593 4015 1738 4068 cordi
1795 4025 1943 4079 sunt,

387 4099 749 4165 exsequimur.
775 4096 908 4151 Cum
957 4099 1115 4168 igitur
1138 4103 1401 4169 quispiam
1435 4118 1497 4157 ex
1531 4104 1660 4173 ipsis
1708 4107 1944 4159 scandali

384 4197 577 4240 auctor
602 4188 827 4252 exsistit,
851 4198 943 4242 aut
969 4190 1020 4242 in
1062 4201 1280 4257 peccato
1300 4193 1495 4261 aliquo,
1523 4197 1662 4263 quod
1699 4196 1947 4261 probrum

386 4280 546 4333 nobis
574 4277 784 4342 allerat,
814 4289 976 4348 atque
1004 4280 1345 4349 ignominiam
1377 4283 1474 4351 ipsi
1497 4285 1712 4349 conﬂet,
1740 4286 1950 4339 voluta-

386 4383 498 4433 tur,
545 4371 842 4439 bujusmodi
915 4372 1182 4425 hominem
1234 4372 1549 4429 exscindere
1604 4384 1851 4444 oportet:
1887 4392 1954 4431 ne

382 4462 582 4528 alioqui
614 4471 815 4530 pestem
837 4461 1067 4528 imitans,
1095 4465 1331 4529 corporis
1356 4463 1707 4534 integritatem
1734 4478 1789 4523 et
1809 4469 1955 4524 inco-

2346 3293 2468 3346 ΠΡ.
2506 3322 2577 3334 --
2611 3293 2911 3365 ΛΕΟΝΤΙῼ
2948 3295 3317 3368 ΕΠΙΣΚΟΠῼ.

2050 3381 2183 3447 Πῶς
2224 3385 2493 3451 νοητέον,
2547 3403 2566 3436 ι
2610 3386 3024 3459 Εἰᾼόςοθςλμός
3070 3404 3186 3443 σου
3240 3389 3279 3457 ἢ
3328 3390 3457 3459 χείρ
3500 3408 3618 3447 σου

2534 3454 2922 3516 σκανδαλίζει
2947 3472 3040 3510 σε.
3093 3477 3112 3509 ›

2133 3566 2438 3639 Ὀφθαλμὸν
2473 3569 2566 3622 καὶ
2599 3573 2757 3642 χεῖρα
2780 3570 2959 3635 δεξιὰν
2988 3575 3017 3625 ὁ
3042 3574 3357 3642 πανάγαθος
3382 3575 3623 3647 Χριστὸς

2050 3658 2150 3730 τὴν
2196 3660 2469 3732 ἐγγύτητα
2523 3661 2631 3713 τῶν
2688 3663 3009 3733 ἐπιτηδείων
3067 3665 3160 3717 καὶ
3206 3665 3441 3735 γνησίων
3488 3668 3622 3738 ἡμῖν

2053 3750 2395 3822 ἐπωνόμασε,
2422 3753 2543 3817 τοὺς
2575 3752 2763 3816 εὖνους
2784 3755 2915 3823 ἡμῖν
2941 3753 3050 3824 (8‘2)
3079 3755 3216 3825 πρὸς
3239 3757 3466 3827 γνησίαν
3496 3776 3621 3811 συν-

2052 3841 2259 3910 εργίαν,
2289 3842 2517 3905 ἐκείνοις
2546 3843 2774 3907 καλέσας
2798 3844 2906 3897 τῶν
2933 3844 3108 3914 μελῶν
3137 3848 3246 3908 τοίς
3276 3846 3524 3917 ὀνόμασι,
3552 3849 3622 3902 δι’

2053 3923 2128 3983 ὧν
2153 3931 2311 4000 ἡμεῖς
2356 3931 2426 3984 τὰ
2465 3932 2764 4003 ἀρέσκοντα
2804 3935 3134 4004 πράττομεν.
3183 3936 3352 3990 Ὅταν
3398 3933 3491 3991 οὖν
3533 3956 3622 4002 τις

2052 4018 2113 4082 ἐξ
2162 4020 2340 4073 αὐτῶν
2375 4021 2673 4074 σκανδάλου
2729 4023 2899 4085 αἴτιος
2947 4024 3188 4093 γένηται,
3240 4026 3332 4078 καὶ
3372 4027 3621 4100 ἁμαρτίᾳ

2053 4110 2365 4182 καλινδῆταί
2406 4130 2533 4180 τινι,
2580 4116 2711 4184 ἡμῖν
2736 4114 3000 4185 λοιδορίαν
3027 4116 3289 4187 φερούσῃ,
3333 4119 3428 4171 καὶ
3468 4120 3621 4189 αύτῷ

2054 4202 2276 4272 ἀτιμίαν
2302 4204 2651 4274 προξενούσῃ,
2682 4206 2968 4259 ἐκκόπτειν
2997 4207 3101 4277 χρὴ
3126 4206 3217 4259 τὸν
3249 4208 3505 4275 τοιοῦτον,
3531 4209 3622 4263 ἴνα

2060 4292 2135 4362 μὴ
2178 4292 2363 4362 λοιμὸν
2409 4295 2807 4365 μιμησάμενος,
2856 4297 3065 4367 νεμηθῇ
3102 4297 3200 4368 τὴν
3239 4298 3330 4351 τοῦ
3368 4298 3621 4368 σώματος

2060 4384 2445 4455 ἀκεραιότητα,
2489 4388 2601 4449 τοῖς
2655 4386 2986 4455 ὑγιαίνουσιν
3025 4390 3089 4441 ἐκ
3133 4390 3389 4443 τοιούτων
3429 4390 3619 4445 παθῶν

2064 4475 2362 4544 εἰσφρήσας
2390 4475 2485 4545 τὴν
2512 4476 2704 4529 ἑαυτοῦ
2732 4478 3011 4548 ἀλγηδόνα.

384 4556 685 4610 lumitatem
714 4557 1053 4626 depascatur,
1082 4571 1179 4611 suo
1212 4558 1461 4614 videlicet
1485 4560 1671 4616 dolore
1699 4562 1764 4617 iis
1812 4565 1901 4632 qui
1942 4566 2010 4621 ab
2034 4566 2337 4636 bujusmodi
2365 4572 2510 4623 vitiis
2538 4571 2654 4625 sani
2687 4583 2812 4627 sunt
2839 4572 3091 4641 impacto.

461 4711 483 4742 ⁸
507 4710 648 4767 Psal.
686 4726 837 4778 xcm,
871 4710 963 4765 20.
1038 4712 1057 4743 "
1104 4713 1232 4767 Dan.
1268 4728 1349 4776 in,
1383 4714 1469 4769 19.
1543 4715 1565 4746 ⁸
1595 4714 1776 4770 Matth.
1803 4732 1896 4780 vn,
1929 4720 1984 4776 5.
2059 4722 2079 4752 ’
2112 4721 2300 4777 Matth.
2336 4738 2388 4787 ν,
2418 4725 2511 4780 29.

1478 4866 1711 4923 VARIJE
1757 4869 2138 4928 LECTlONES
2183 4873 2271 4929 ET
2311 4874 2541 4931 NOT/E.

462 5001 573 5071 (80)
622 5002 684 5055 '0
718 5002 1033 5057 πλάσσειν.
1073 5000 1174 5069 Qui
1212 5001 1401 5070 lingis,
1434 5002 1663 5057 reddidit
1689 5013 1840 5059 vetus
1868 5004 1947 5058 iu-

393 5083 598 5141 terpres
621 5072 969 5133 Psalmorum,
1002 5088 1161 5141 quem
1196 5081 1250 5125 et
1274 5072 1457 5125 Billius
1486 5073 1571 5125 hic
1597 5086 1813 5127 secutus
1842 5085 1949 5131 est.

392 5141 579 5212 Potavi
624 5142 733 5208 jam
776 5142 937 5207 olim,
967 5145 1153 5212 potius
1180 5156 1333 5205 esse,
1367 5154 1425 5195 ut
1462 5144 1565 5195 hoc
1608 5143 1947 5212 participium

391 5211 777 5279 conjnugamus
808 5226 927 5283 cum
957 5211 1160 5281 θρόνος,
1189 5214 1332 5265 sedes
1355 5228 1469 5283 qua:
1509 5211 1677 5283 ﬁngit,
1710 5214 1761 5267 in
1797 5211 1949 5269 tertia

402 5285 641 5348 inquam,
680 5296 781 5333 non
812 5280 863 5332 in
892 5280 1123 5350 secunda
1151 5280 1395 5350 persona.
1437 5280 1599 5339 Βιττ.

462 5380 533 5391 —
562 5351 725 5403 ltecte
753 5348 1001 5417 supplent
1036 5348 1189 5405 codd.
1210 5351 1379 5406 Vatic.
1403 5352 1505 5408 649
1540 5363 1593 5407 et
1615 5353 1725 5407 Alt.
1746 5368 1889 5408 vers.
1917 5356 1952 5407 2

393 5432 511 5486 post
542 5423 570 5473 ό
601 5419 856 5472 πλάσσων
885 5432 1068 5471 vocem
1116 5421 1299 5476 κόπον.
1349 5420 1513 5477 Recte
1555 5426 1715 5476 etiam
1748 5439 1886 5480 vers.
1919 5425 1951 5478 5

393 5491 509 5543 loco
558 5490 805 5561 illorum,
840 5486 944 5541 ὑπὸ
1005 5488 1387 5561 τῆςμέκείθενί
1422 5492 1603 5561 ὀμολ.,
1655 5505 1782 5556 etc.,
1842 5497 1951 5548 haec

395 5561 667 5629 exlijhenti
704 5559 845 5629 ὑπὲρ
876 5560 1093 5629 τῆςὴείς
1119 5558 1251 5611 Θεὸν
1277 5558 1579 5629 ὁμολογίας.
1605 5561 1810 5617 Possm.

468 5577 667 5613 ninenu
704 5577 845 5629 υπερ
876 5577 977 5628 της
1015 5577 1093 5620 εις
1119 5577 1251 5611 σεον
1277 5577 1437 5628 ομολο
1479 5577 1579 5624 ιας.
1605 5577 1810 5617 r'ossm.

467 5628 577 5696 (81)
618 5631 721 5683 Ἑν
745 5628 951 5702 Τᾳόρά.
977 5626 1205 5702 Verbum
1233 5630 1401 5702 nihili.
1426 5577 1561 5683 ὕετο
1589 5632 1766 5695 lectio,
1789 5648 1947 5702 quam

399 5707 451 5753 et
475 5702 740 5768 interpres
759 5699 1038 5762 divinavit,
1063 5698 1201 5754 haud
1225 5698 1382 5755 dubie
1401 5702 1702 5769 suggeritur
1728 5720 1758 5758 ιι
1788 5698 1945 5758 codd.

2060 5009 2180 5086 _\'at.
2217 5014 2409 5086 διο-ει
2445 5013 2671 5086 Α-Ιιεῳιὶ
2710 5016 2766 5068 ἐν
2797 5015 2985 5086 Γαϐαά
3021 5017 3221 5086 legunt.
3251 5019 3404 5074 Vers.
3439 5020 3493 5086 6,
3526 5037 3628 5078 so-

2058 5079 2290 5157 lusmcod.
2325 5081 2444 5157 Vat.
2470 5079 2623 5157 649:,
2655 5101 2761 5157 non
2792 5085 2969 5157 πολλῷ
2997 5079 3231 5157 μείζους,
3268 5093 3359 5144 sed
3409 5079 3628 5146 πολλῶν

2061 5149 2297 5219 μείζους,
2336 5152 2511 5226 habet.
2556 5151 2710 5226 νιετξῖ
2734 5154 2787 5217 8,
2815 5171 2915 5210 nec
2940 5149 3067 5211 'A'lt.
3098 5149 3356 5213 nec-Vat.
3390 5163 3493 5215 649
3524 5181 3631 5226 ag-

2060 5231 2285 5302 noscunt
2314 5223 2527 5302 verbum
2582 5223 2870 5293 ἀνέϐησαν,
2916 5229 3009 5281 sed
3042 5232 3366 5302 pra;cedeas_
3390 5223 3633 5302 όμονοῆο

2062 5303 2250 5371 σαντες
2275 5292 2655 5371 ἰιιλὸμονόησαν
2677 5292 2907 5359 mutant,
2932 5305 2985 5351 et
3008 5292 3263 5352 continue
3287 5292 3635 5371 subjungunt

2062 5358 2175 5410 ἀλλ’
2196 5358 2435 5431 θέμαθον,
2465 5358 2566 5416 etc.
2597 5361 2806 5420 Possm.

2129 5430 2650 5504 (8‘2)'_Tobc_et'5rovc
2669 5433 2834 5504 ᾐμῐν.
2860 5432 3075 5490 Plenior
3097 5449 3177 5491 est
3200 5440 3317 5492 cod.
3353 5437 3412 5490 Β.
3439 5437 3632 5504 lectio,

2056 5501 2180 5563 τοὺς
2212 5501 2467 5574 εύνοῖκώς
2498 5503 2627 5571 ἡμῖν
2662 5502 3057 5574 διακειμένους.
3079 5505 3223 5557 Rtr'r.

2126 5600 2193 5609 —
2224 5569 2377 5623 Vers.
2410 5573 2441 5624 6
2490 5569 2584 5641 pro
2615 5569 2856 5641 γένηταί
2880 5569 3037 5632 codd.
3068 5573 3245 5632 Vatic.
3291 5577 3396 5634 649
3427 5588 3481 5635 et
3508 5579 3630 5636 Alt.

2059 5638 2274 5702 habent,
2309 5638 2532 5707 γίνεται.
2562 5638 2769 5697 Possm.
