3944 6138
343 201 444 271 241

831 315 951 368 ω’.
984 345 1051 354 -
1088 315 1175 388 Tn
1210 319 1411 387 ΑΥΤῼ.

474 425 574 491 Εἰς
608 424 694 488 τὸ.
736 443 756 478 ε
796 426 892 495 Μὴ
924 430 1124 497 γνώτω
1167 432 1205 498 ἡ
1240 432 1522 501 ἀριστερά
1553 449 1690 489 σου.
1735 453 1756 488 ι

405 541 518 593 Οὐκ
555 541 722 604 ἔστιν,
772 534 818 594 ὧ
862 542 987 612 φίλη
1033 545 1266 615 κεφαλὴ,
1319 547 1379 599 ἐν
1424 547 1756 618 παραϐύστῳ
1805 548 1902 602 καὶ

325 629 638 700 ¹ἀποκρύφῳ
658 631 912 701 κείμενος
929 633 958 684 ὁ
981 632 1074 686 τοῦ
1103 634 1303 702 Κυρίου
1333 636 1494 706 νόμος
1513 675 1530 700 ,
1551 655 1568 686 ‹
1597 637 1688 707 Μὴ
1711 636 1901 706 γνώτω

334 719 369 788 ἡ
399 720 668 794 ἀριστερά
695 739 789 776 σου
829 723 884 776 τί
923 727 1065 777 ποιεῖ
1102 727 1134 796 ἡ
1177 725 1330 793 δεξιά
1357 745 1472 792 σου,
1507 747 1525 778 ι
1557 728 1894 795 κελεύοντος,

334 809 468 864 ἀλλὰ
507 813 704 876 λευκὸς
748 815 844 869 καὶ
897 817 1249 885 σαφέστατος,
1297 819 1391 872 καὶ
1442 822 1555 883 τοῖς
1608 821 1899 891 προσόχοις

333 902 606 972 ἀρίδηλος.
652 905 870 976 Ἐπειδὴ
912 907 1022 977 γὰρ
1046 905 1125 976 τῷ
1159 903 1218 959 εὖ
1254 910 1426 961 ποιεῖν
1455 909 1724 974 κενοδοξία
1755 927 1898 982 παρ-

332 995 522 1048 έπεται
569 997 668 1050 καὶ
700 997 956 1062 ἐπίδειξις
1009 999 1211 1070 Μηδὲν,
1257 1002 1408 1071 φησὶ,
1461 1001 1626 1055 καλὸν
1663 1002 1899 1070 γινέσθω

335 1085 482 1156 παρὰ
514 1086 609 1139 σοῦ
645 1088 927 1158 ἐμπαθῶς,
977 1091 1110 1161 μηδὲ
1156 1090 1428 1162 πέρπερος
1475 1092 1734 1162 λογισμὸς
1780 1093 1893 1165 (83)

331 1177 691 1230 ἀκολουθείτω
717 1179 796 1249 τῷ
826 1181 1238 1252 κατορθώματιο
1267 1184 1384 1237 ἀλλ’
1412 1185 1460 1237 εί
1493 1181 1550 1238 εὖ
1583 1187 1772 1250 ποιεῖς,
1802 1189 1896 1241 ἀνο

331 1266 636 1330 επίδεικτος
662 1267 753 1321 ἔσο
798 1271 892 1323 καὶ
936 1273 1204 1342 ἄκομπος,
1230 1275 1356 1337 τοὺς
1399 1275 1628 1330 ἐνταῦθα
1666 1279 1892 1350 κρότους

336 1357 406 1426 μὴ
449 1357 651 1427 θηρῶν,
687 1361 823 1416 ἀλλὰ
868 1364 993 1427 τοὺς
1037 1365 1326 1435 μέλλοντας
1376 1367 1670 1436 στεφάνους
1717 1388 1888 1442 προσ-

331 1445 518 1502 δοκῶν.

725 1750 849 1806 ΠΕ’.
887 1783 958 1794 -
995 1756 1307 1814 ΟΥΡΣΕΝΟ
1317 1761 1490 1833 ΥΦῙῼ.

381 1836 484 1900 Εἰς
519 1837 587 1889 τὸ
607 1875 622 1900 ,
661 1855 681 1890 ι
721 1841 911 1910 Πάτερ
948 1842 1136 1910 ἡμῶν,
1166 1847 1198 1898 ὀ
1225 1847 1295 1900 ὲν
1326 1851 1448 1916 τοῖς
1474 1853 1770 1924 οἰφανοῖς.
1813 1877 1832 1910 ι

405 1946 470 1999 Ἠ
500 1947 597 2000 τοῦ
628 1949 830 2019 Κυρίου
859 1951 1045 2023 διδαχὴ
1082 1954 1140 2006 ἐν
1166 1958 1228 2026 τῇ
1255 1965 1529 2033 προσευχῇ
1579 1965 1715 2034 μετὰ
1750 1967 1886 2020 πάν-

326 2052 428 2089 των
446 2038 554 2092 τῶν
575 2039 748 2093 ἄλλων
784 2041 1100 2113 θεοπρεπῶν
1126 2047 1488 2119 διδαγμάτων,
1522 2056 1635 2119 καὶ,
1677 2076 1694 2107 ι
1725 2059 1888 2130 Γενη-

325 2127 468 2220 θήῗτῶ
484 2129 546 2182 τὸ
572 2129 783 2203 θέλημά
801 2149 912 2198 σου,
937 2136 1012 2199 ὼς
1047 2139 1102 2191 ὲν
1125 2141 1337 2212 οὐρανῷ
1363 2145 1456 2197 καὶ
1475 2147 1567 2198 ἐπὶ
1587 2148 1684 2218 τῆς
1703 2149 1830 2220 γῆς,
1846 2127 1878 2202 ν»

323 2219 526 2273 κελεύει
551 2224 944 2293 προσεύχεσθαι
965 2229 1061 2299 τὴν
1079 2230 1185 2282 τῶν
1200 2232 1310 2286 ἄνω
1338 2235 1616 2305 δυνάμεων
1637 2219 1878 2312 εἰρήνην,

441 2312 796 2368 ἀστασίαστον
834 2317 1136 2388 φάσκουσα,
1167 2323 1234 2394 ἢν
1271 2323 1381 2396 (84)
1428 2328 1520 2380 καὶ
1568 2309 1701 2400 ἡμῖν
1745 2309 1880 2402 βραέ

320 2400 504 2455 δεῦσαι
532 2407 646 2468 τοῖς
677 2407 768 2459 ἐπὶ
796 2409 896 2478 γῆς
922 2411 1252 2476 καταξίωσον
1272 2427 1286 2442 ·
1313 2416 1378 2468 ἵν’
1401 2415 1587 2489 ῶσπερ
1609 2422 1666 2472 ὲν
1690 2423 1881 2488 αὐταῖς

318 2493 492 2548 πάντα
546 2497 904 2568 κατορθοῦται
958 2500 1068 2574 [τά]
1113 2502 1426 2576 θελήματα,
1478 2508 1649 2574 οὕτως
1684 2513 1777 2566 καὶ
1821 2516 1879 2567 ὲν

318 2586 444 2654 ἡμίν
485 2587 556 2641 τά
601 2606 681 2641 σοι
717 2591 987 2663 εύάρεστα
1032 2595 1273 2665 γένηται.
1333 2599 1517 2654 Ταῦτα
1565 2604 1744 2658 τοίνυν
1787 2608 1880 2661 καὶ

320 2676 504 2746 πρώην
528 2678 703 2744 εἰδὼς,
745 2684 840 2735 καὶ
879 2684 973 2748 νῦν
1020 2687 1203 2754 μαθὼν
1235 2690 1363 2760 παρ’
1406 2693 1540 2761 ὲμοῦ
1589 2695 1873 2766 ὲπιλαὸοὗ,

319 2768 410 2820 καὶ
449 2769 575 2839 ἔχου
607 2772 777 2843 ἀπρὶξ
808 2775 908 2844 τῆς
937 2779 1178 2849 είρήνης.
1211 2781 1473 2853 Οὐράνιος
1508 2785 1616 2856 γάρ
1643 2789 1757 2842 ἐστι
1781 2793 1877 2846 καὶ

316 2858 431 2929 Θεῷ
457 2860 850 2932 πλησιάζουσα.

589 3063 732 3131 Πςν.
754 3097 824 3107 -
844 3069 1086 3140 ΩΦΕΛΙῼ
1117 3070 1592 3147 ΓΡΑΜΜΛΤΙΚῼ.

577 3152 709 3206 Ὅτι
739 3155 920 3209 οὐδὲν
950 3157 1166 3226 ἀρετῆς
1204 3164 1607 3233 ὑψηλότερον.

381 3261 704 3334 Σπέρματος
734 3267 910 3334 γένος.
938 3273 1028 3324 καὶ
1061 3271 1290 3342 αἵματος
1332 3276 1565 3346 κόμπος,
1598 3274 1644 3335 ὦ
1664 3282 1875 3354 ἄριστε,

317 3350 443 3424 [τῶν
472 3355 612 3427 (85)]
642 3359 880 3427 ποιητῶν
925 3362 1023 3413 οὐκ
1062 3361 1206 3417 ἔστιν
1237 3367 1424 3439 ἀρετὴ,
1467 3372 1584 3425 ἀλλ’
1623 3350 1878 3440 ἀκούσιός

311 3461 394 3506 τις
437 3444 658 3519 διαδοχὴ
705 3450 769 3502 ὲκ
819 3453 1084 3522 σωμάτων
1127 3459 1470 3532 καταγομένη
1521 3441 1618 3516 καὶ
1657 3468 1874 3537 ῥέουσα.

325 3538 515 3609 ’Δρετὴ
568 3539 657 3605 δὲ,
710 3543 966 3614 φρόνησίς
1015 3549 1164 3610 ἐστι,
1208 3549 1518 3625 δικαιοσύνη
1556 3574 1614 3609 τε
1657 3561 1750 3611 καὶ
1786 3562 1879 3615 ἀν-

308 3625 484 3696 δρεία,
519 3631 614 3682 καὶ
647 3633 984 3706 σωφροσύνη.
1041 3638 1136 3701 Ὃς
1178 3638 1242 3692 ἂν
1282 3637 1374 3695 οὖν
1417 3644 1607 3716 ἔχηται
1649 3651 1873 3718 τούτων,

308 3721 403 3771 καὶ
450 3720 733 3788 πάγκαλός
775 3726 911 3790 ἐστι,
962 3728 1055 3780 καὶ⁹
1103 3732 1479 3801 περίϐλεπτος,
1525 3739 1617 3791 καὶ
1661 3740 1876 3806 οὐδενὸς

306 3807 444 3877 πρὸς
473 3811 711 3874 εύζωῖαν
741 3813 1078 3885 λειπόμενος.

297 4109 430 4167 -ΙΙΖ’.
469 4142 542 4155 --
577 4117 1043 4172 ΜΟΝΑΣΤΡΙΑΙΣ
1095 4121 1640 4178 ΑΛΕΞΑΝΔΡΙΝΑΙΣ
1699 4126 1878 4198 [ΤΑΙΣ

749 4209 1247 4264 ΣΔΝΔΑΛΑΡΙΑῘΣ
1284 4214 1440 4286 (86)].

1181 209 1707 272 EPISTOLARUM
1744 213 1890 272 LIB.
1931 212 1985 272 Ι.
2007 236 2078 249 -
2105 213 2340 274 EPIST.
2381 215 2720 275 LXXXVII.

1926 335 1974 382 Α

3449 218 3572 283 24ἷ

2470 323 2750 379 LXXXIV.
2778 355 2847 365 —
2879 323 3106 379 EIDEM.

2281 436 2344 491 In
2376 438 2528 502 illud,
2568 457 2586 489 σ
2621 437 2828 492 Nescia:
2865 440 3077 492 sinistra
3107 448 3220 494 tua.
3256 458 3276 491 ι

2071 550 2182 605 Non
2213 563 2315 616 est,
2349 569 2381 604 ο
2413 554 2639 606 charum
2672 554 2799 606 Inibi
2849 562 3026 621 caput,
3077 553 3190 607 inec
3226 554 3436 610 Domini
3478 557 3560 610 lex

1999 643 2051 696 in
2081 641 2293 698 occulto
2318 657 2380 696 ac
2410 643 2629 696 latebris
2684 643 2806 709 sita,
2872 659 2993 714 qua:
3039 646 3140 698 boe
3185 645 3334 712 jubet
3362 665 3376 702 :
3409 667 3427 699 ε
3461 647 3562 702 Ne-

2001 733 2138 787 sciat
2178 735 2394 790 sinislra
2445 749 2632 788 manus
2686 735 2812 805 quid
2847 735 3010 790 faciat
3050 738 3235 791 dextra
3285 748 3372 793 tua
3406 759 3424 792 ι
3468 741 3557 794 ηε

1996 839 2184 880 verum
2215 835 2398 894 aperta
2424 835 2478 882 et
2511 827 2764 892 dilucida,
2813 828 2984 897 iisque
3016 830 3107 899 qui
3148 840 3352 885 attento
3380 831 3558 888 animo

1995 925 2140 981 sunt,
2170 916 2470 984 perspicua.
2495 915 2754 981 Quoniam
2789 917 2928 971 enim
2975 918 3258 986 probarum
3289 919 3559 974 actionum

1997 1005 2168 1060 inanis
2189 1003 2357 1077 gloria
2386 1013 2442 1059 et
2496 1009 2784 1061 ostentatio
2813 1023 2996 1063 comes
3025 1025 3146 1064 esse
3169 1010 3324 1071 solet,
3355 1010 3559 1064 idcirco

1995 1099 2227 1164 nullum,
2259 1098 2454 1168 inquit,
2506 1099 2700 1152 bonum
2734 1100 2829 1153 abs
2870 1109 2923 1154 te
2976 1116 3096 1156 cum
3154 1101 3343 1155 vitiosa
3395 1101 3558 1154 animi

1994 1189 2274 1246 aﬂ'ecdone
2303 1190 2416 1253 ﬂat,
2447 1206 2548 1246 nec
2580 1191 2821 1260 improba
2853 1201 2908 1246 et
2942 1203 3262 1262 praepostera
3305 1191 3559 1262 cogitatio

1991 1282 2304 1352 praeclarum
2325 1292 2516 1336 etcum
2548 1282 2743 1336 virtute
2773 1282 3117 1350 conjnnetum
3153 1283 3358 1336 facinus
3394 1283 3559 1335 comi-

1993 1381 2136 1428 tetur
2154 1391 2168 1428 :
2187 1376 2313 1442 quin
2342 1373 2517 1442 potius
2538 1373 2582 1428 si
2616 1373 2740 1443 quid
2759 1373 2884 1428 boni
2908 1373 3058 1439 facis,
3076 1375 3142 1428 ab
3159 1374 3301 1428 omni
3323 1382 3558 1427 ostenta-

1993 1465 2137 1518 tione
2164 1478 2228 1519 ac
2269 1463 2563 1532 iactatione
2611 1464 2817 1519 alienus
2867 1465 2964 1528 sis,
3015 1476 3306 1534 prtesetttes
3351 1462 3556 1517 scilicet

1992 1555 2210 1620 plausus
2273 1553 2497 1609 minime
2547 1563 2790 1624 captans,
2819 1569 3008 1610 verum
3063 1554 3271 1609 futuras
3327 1569 3562 1609 coronas

1922 1658 1967 1714 Β
1990 1653 2323 1714 exspectans.

2349 1757 2608 1814 LXXXV.
2632 1791 2702 1800 —
2729 1760 3190 1818 URSENUPIIIO.

2094 1850 2160 1906 In
2185 1852 2338 1913 illud,
2392 1871 2410 1902 ι
2448 1851 2606 1905 Pater
2629 1862 2824 1915 noster,
2861 1854 2950 1922 qui
2983 1871 3034 1906 es
3061 1854 3116 1905 in
3138 1853 3278 1908 caelis
3310 1855 3373 1907 “.
3411 1875 3430 1907 ι

2058 1966 2268 2020 Domini
2319 1966 2558 2018 doctrina
2609 1965 2662 2017 in
2720 1967 3002 2032 oratione,
3054 1982 3156 2035 qua
3207 1977 3401 2034 pra-ter
3448 1969 3556 2021 alia

1985 2055 2162 2107 omnia
2209 2053 2388 2108 divina
2443 2053 2726 2122 majestate
2787 2055 2944 2122 digna
3020 2057 3362 2117 documenta.
3450 2059 3555 2112 hoc

1985 2146 2218 2212 petitur.
2272 2164 2292 2196 ‹
2330 2144 2450 2198 Fiat
2499 2145 2747 2198 voluntas
2797 2154 2883 2199 tua
2926 2148 3062 2200 sicut
3117 2148 3173 2200 in
3220 2151 3356 2203 casio
3400 2159 3454 2202 et
3501 2150 3552 2202 in

1985 2245 2125 2289 terra
2177 2237 2241 2302 1',
2281 2255 2300 2287 ›
2334 2236 2576 2304 precibus
2614 2235 2716 2289 hoc
2756 2251 2785 2289 a
2829 2235 2937 2290 Deo
2988 2241 3312 2294 contendere
3374 2240 3549 2301 docet,

1980 2327 2236 2380 virtutum
2255 2326 2556 2396 caelestium
2585 2342 2790 2393 pacem,
2810 2342 2927 2396 qua:
2944 2329 3145 2383 tlissidii
3165 2331 3339 2385 omnis
3361 2347 3554 2399 expers

1980 2429 2084 2479 est,
2117 2419 2271 2472 nobis
2302 2433 2516 2488 quoque
2545 2420 2634 2488 qui
2686 2420 2737 2472 in
2771 2431 2912 2473 terra
2945 2436 3245 2487 versamur,
3274 2423 3552 2491 impertire

1980 2510 2212 2576 digneris
2230 2550 2247 2574 ,
2269 2520 2325 2565 ut
2345 2511 2792 2580 quemadmodum
2819 2511 2874 2564 in
2896 2511 3025 2580 ipsis
3043 2513 3341 2569 voluntates
3366 2531 3552 2569 omnes

1981 2611 2084 2654 tuae
2114 2601 2462 2669 perﬁciuntur
2491 2621 2504 2656 :
2539 2602 2610 2655 ita
2639 2601 2799 2655 etiam
2826 2603 2876 2655 in
2920 2603 3090 2669 nobis,
3128 2621 3245 2675 qua:
3279 2607 3369 2660 tibi
3400 2618 3565 2674 grata-

1980 2705 2122 2756 sunt,
2153 2693 2303 2746 ﬁant.
2335 2694 2460 2748 Hae
2491 2694 2672 2760 igitur,
2717 2702 2771 2747 et
2809 2709 2930 2748 cum
2971 2697 3120 2764 prius
3147 2709 3420 2767 perspecta
3456 2699 3552 2752 ba-

1981 2787 2184 2846 bueris,
2219 2794 2271 2836 et
2300 2799 2440 2838 nunc
2470 2800 2532 2837 ex
2558 2800 2642 2838 me
2669 2783 3021 2848 intellexeris,
3055 2787 3456 2856 pacemarripe,
3483 2803 3550 2841 ac

1980 2876 2255 2929 mordicus
2284 2890 2405 2929 eam
2441 2877 2630 2929 retine.
2681 2873 2930 2928 Caelestis
2975 2877 3118 2930 enim
3171 2887 3253 2932 est
3323 2893 3386 2933 ac
3441 2879 3550 2934 Deo

1905 2987 1952 3046 ο
1982 2967 2176 3022 vicina.

2157 3077 2439 3132 LXXXVI.
2473 3109 2542 3120 -—
2569 3079 2864 3134 (lPllELIO
2897 3079 3370 3136 GRMIMATIUO.

2331 3170 2483 3236 Quod
2512 3172 2639 3224 nihil
2669 3174 2857 3226 virtute
2885 3172 3180 3232 sublimius.

2051 3281 2283 3335 Seminis
2309 3297 2491 3350 genus,
2507 3293 2560 3338 et
2592 3283 2863 3355 sanguinis
2878 3282 3043 3336 fastus
3074 3292 3236 3350 atque
3262 3282 3550 3350 jactantia,

1979 3381 2256 3441 poetarum
2302 3375 2758 3441 praestantissime,
2783 3377 2948 3428 virtus
2995 3373 3104 3443 28
3121 3391 3224 3428 non
3241 3383 3546 3436 est,verutn

1981 3461 2122 3516 haud
2182 3463 2478 3517 voluntaria
2530 3466 2772 3534 quaedam
2819 3468 3092 3520 successio
3136 3481 3166 3521 e
3228 3468 3546 3536 corporibus

1979 3553 2326 3620 descendens,
2378 3570 2442 3610 ac
2493 3555 2635 3609 ﬂuxa
2663 3566 2715 3610 et
2750 3558 2972 3610 caduca.
3015 3558 3082 3610 At
3113 3571 3240 3611 vero
3290 3559 3457 3612 virtus
3486 3558 3540 3610 in

1979 3646 2530 3714 prudentia,jnstitia,
2561 3647 2894 3712 fortitudine,
2950 3663 3014 3702 ac
3063 3649 3413 3716 temperantia
3437 3649 3542 3704 sita

1979 3746 2080 3791 est.
2139 3736 2389 3806 Quisquis
2455 3737 2618 3806 igitur
2705 3740 2816 3792 haec
2876 3737 3186 3805 complexus
3237 3738 3432 3803 fuerit,
3490 3749 3550 3794 et

1979 3827 2396 3896 pulcherrimus,
2421 3839 2474 3881 et
2507 3829 2824 3897 conspicuus
2857 3838 2964 3890 est,
3001 3837 3161 3896 atque
3187 3827 3448 3896 ejusmodi
3484 3840 3543 3883 ut

1981 3918 2112 3972 nihil
2160 3919 2256 3988 ipsi
2305 3919 2466 3984 desit,
2495 3920 2634 3988 quod
2672 3919 2735 3973 ad
2777 3922 2910 3974 bene
2956 3921 3215 3990 beateque
3257 3922 3538 3975 vivendum

1978 4010 2264 4078 pertineat.

1978 4121 2357 4180 LXXXVll.——
2375 4123 2466 4177 AD
2489 4121 2989 4187 SANDALARIAS.
3015 4125 3547 4180 ALEXANDRINAS'

2566 4216 2951 4272 MONACHAS.

373 4320 494 4372 Οὐκ
521 4314 628 4374 οἶδε
669 4322 998 4392 παραίτησιν
1029 4325 1062 4394 ἡ
1093 4325 1272 4393 φύσις.
1309 4329 1422 4382 Οὐκ
1463 4329 1574 4398 ἔχει
1621 4332 1867 4400 συγγνώ-

2044 4332 2452 4388 Excusationem
2491 4337 2660 4390 nescit
2689 4346 2876 4389 natura
2913 4353 2928 4389 :
2969 4335 3174 4389 veniam
3208 4333 3399 4388 lctnina
3436 4352 3540 4388 non

304 4427 414 4481 μην
437 4410 504 4463 τὺ
530 4410 685 4482 θῆλυ.
712 4412 944 4466 Δύναται
966 4416 1072 4486 γὰρ
1092 4418 1350 4483 γενναίως
1380 4421 1862 4486 κατεξανίστασθαι

371 4563 418 4596 ³⁸
442 4563 639 4618 Matth.
668 4580 742 4633 vt,
775 4567 829 4623 5.
922 4568 965 4599 "
991 4567 1122 4623 ibid.
1153 4567 1206 4624 9.
1285 4570 1328 4600 "
1359 4569 1488 4624 ibid.
1524 4571 1612 4626 10.

1971 4422 2148 4478 babet.
2199 4423 2377 4480 Potest
2443 4426 2585 4480 enim
2634 4426 2844 4480 l'ortiter
2896 4441 2960 4481 ac
3005 4437 3223 4481 strenue
3283 4427 3542 4480 adversus

1392 4705 1628 4762 VAlllAi
1666 4707 2047 4765 LECTIONES
2080 4711 2169 4766 ET
2210 4712 2443 4771 NOTAE}.

515 4835 698 4912 lunas
714 4836 1335 4912 :tépﬂquqlorto'pdc.
1367 4842 1516 4908 Quod
1549 4859 1643 4912 pro
1674 4845 1756 4899 his
1786 4845 1870 4898 in-

303 4909 417 4980 veni
457 4909 615 4980 in_c.
663 4907 815 4980 Bav.,
873 4909 1062 4978 μηδεὶς
1105 4907 1405 4975 ἀντίπαλος
1446 4907 1752 4980 πρόφασις,
1801 4931 1868 4968 ex

302 4975 477 5052 g|o§sa
531 4977 826 5052 irrepsisse
867 4975 1031 5052 puto,
1077 4990 1135 5033 ut
1181 4993 1407 5052 taceant.
1444 4975 1869 5052 perperam’legi

305 5044 701 5121 gnastchutn
745 5047 830 5100 vel
869 5044 1054 5119 μηδὲ,
1112 5051 1194 5103 vel
1243 5044 1480 5121 μηδεμία
1531 5044 1869 5107 scribendum

303 5112 481 5168 fuerit.
528 5115 694 5168 Rl'r'r.

365 5214 436 5223 —
467 5185 588 5262 Non
614 5185 879 5262 1:990an
909 5188 1220 5262 eidem,_boc
1248 5199 1328 5262 est
1353 5189 1578 5244 Leontio
1600 5193 1871 5262 episcopo,

300 5261 353 5326 ut
377 5257 654 5322 superior,
693 5257 808 5326 base
833 5257 1066 5326 epistola
1098 5260 1408 5313 inscribitur
1449 5262 1498 5314 in
1532 5257 1648 5315 cod.
1677 5257 1872 5315 Bai-be-

301 5323 444 5398 ﬁno;
496 5327 602 5398 sed
641 5323 892 5396 Τιμοθέῳ
947 5328 1284 5398 ἀναγνώστῃ,
1342 5328 1606 5383 Timotheo
1653 5333 1855 5386 lectori.

303 5389 451 5471 V633.
482 5393 664 5471 anro
693 5389 805 5458 τοῖς
825 5389 1127 5467 π’ροσόχοίς,
1154 5389 1398 5471 οοιΪξΑΙι.
1420 5401 1538 5467 legit
1565 5401 1660 5470 τῆς
1688 5417 1858 5471 προσ-

302 5462 452 5530 οχῆς.
515 5462 662 5538 Quae!
699 5462 1026 5538 sequuntur"
1057 5479 1175 5535 post
1221 5462 1527 5538 adverbiqu
1597 5462 1860 5538 ἐμπαθῶς

1975 4852 2189 4928 ﬂgiti-1;,
2223 4855 2414 4928 μηθεὶς
2443 4857 2731 4920 ἀντίπαλος
2758 4859 3049 4928 πρόφασις.
3080 4857 3288 4912 Possm.

2048 4921 2184 4996 (84)_
2209 4921 2357 4988 Quod
2388 4936 2566 4979 exstat
2601 4929 2650 4980 in
2692 4921 2889 4986 editis:
2914 4930 2999 4996 ἣν,
3041 4944 3141 4980 non
3178 4936 3450 4992 comparet
3477 4929 3533 4983 in

1977 4993 2096 5065 cod.
2126 4991 2258 5057 Alt.,
2280 5006 2333 5046 et
2370 5011 2551 5049 revera
2579 4998 2787 5049 videtur
2818 4991 3108 5049 abundare.
3139 4991 3306 5050 V’ers.’
3328 4999 3375 5057 7.
3415 5007 3534 5065 post

1980 5058 2186 5121 πάντα,
2217 5066 2334 5115 cod.
2366 5065 2474 5117 Alt.
2506 5075 2559 5118 et.
2589 5066 2707 5118 Vat.
2743 5067 2846 5119 649
2884 5067 3082 5118 addunt
3109 5067 3176 5119 τά
3205 5067 3269 5118 σὰ
3290 5106 3304 5128 ,
3335 5077 3387 5119 et
3413 5058 3535 5135 qua}

1983 5143 2296 5205 ξειιιηιηιιιιῄ.
2337 5135 2670 5188 emendatius
2707 5142 2805 5188 huc
2847 5138 3001 5186 mntlt)
3041 5139 3312 5196 scribunt,
3341 5154 3533 5205 κατορ-

1982 5197 2164 5274 βρῦται
2212 5201 2505 5272 θελήματα.
2549 5205 2698 5257 Vers.
2731 5206 2764 5257 8
2802 5215 3086 5270 sequente,
3119 5221 3214 5269 pro
3266 5197 3534 5274 εὐάρεστα

1981 5266 2136 5340 iidem
2161 5266 2498 5326 antbo'codd.
2521 5274 2720 5340 legunt,
2741 5266 3060 5338 ἀρέσκοντα.
3077 5266 3304 5326 Possm.

2040 5337 2149 5404 (85)
2184 5341 2322 5401 Τῶν,
2364 5344 2500 5395 inter
2535 5337 2756 5395 uncinos
2784 5337 2790 5338 ⁷
2815 5346 3096 5407 inclusum,
3130 5349 3172 5396 si
3209 5345 3314 5394 Alt.
3351 5344 3521 5395 codici

1966 5403 2484 5480 ﬁtle’sAestiexpungi
2518 5412 2692 5465 debet.
2728 5411 2933 5466 Possm.

2039 5475 2148 5541 (86)
2191 5475 2399 5532 Titulus
2436 5475 2592 5548 bujus
2640 5484 2798 5548 epist.
2841 5485 2918 5534 sic
2963 5492 3046 5534 est
3092 5479 3144 5531 in
3193 5479 3346 5529 codd.
3403 5479 3523 5534 Vat.

306 5545 492 5614 versus
524 5536 688 5620 sexti,
715 5536 1026 5620 auctoribus
1046 5538 1200 5591 codd.
1243 5537 1494 5620 νλιᾼὶιίξ)
1527 5551 1583 5620 et
1611 5536 1742 5604 Alt.,
1777 5541 1860 5620 sic

1994 5536 2070 5620 ii)
2108 5536 2162 5620 et
2190 5550 2330 5620 Alt.)
2365 5536 2726 5620 Μονσῖστρίαὶς
2766 5550 2842 5618 τῷ
2885 5554 2942 5601 ἐν
2987 5548 3387 5620 Ἀλεξανδρείας
3431 5550 3527 5600 ἀν·-

307 5603 626 5673 corrigenda
657 5613 712 5660 et
746 5605 1036 5675 supplenda
1074 5619 1218 5672 sunt,
1247 5609 1430 5679 μηδεὶς
1460 5603 1754 5681 ὑπέρτερος
1777 5609 1862 5662 λο-

1994 5614 2222 5686 ίλλαρίῳ.
2266 5603 2426 5675 Multa
2477 5622 2528 5674 itt
2585 5603 2681 5675 itan:
2707 5603 2953 5674 uleciione
2989 5603 3388 5686 atttbiguiiatetti
3424 5621 3525 5674 ha-
