3944 6138
354 260 454 324 am

1502 261 1562 319 S.
1607 258 1892 318 [SIDORI
1930 253 2362 317 PELUSIOTJE

3467 230 3577 293 214

361 366 633 437 mollitiem
681 365 934 432 impetum
975 363 1172 428 facere,
1212 364 1670 434 cupiditatumque
1700 354 1927 420 machié

2045 364 2111 434 ἧς
2151 361 2492 432 χαυνώσεως,
2531 357 2623 411 καὶ
2655 352 3053 428 ἀποκρούεσθαι
3084 349 3323 421 στερρῶς
3350 346 3447 410 τὰς
3465 349 3576 399 τῶν

361 474 456 513 nis
488 466 647 523 atque
692 461 952 507 tormenta
980 452 1200 507 lirmiter
1222 453 1552 521 propulsare.
1580 454 1909 509 Documento

360 557 484 600 sunt
531 545 759 600 celebris
814 544 898 597 illa
957 541 1224 609 Susanna,
1275 558 1395 598 cum
1436 545 1539 599 lilia
1581 543 1831 614 Jephthe,
1860 553 1914 599 et

362 637 673 690 admiranda
719 633 921 689 Judith.
965 636 1198 702 Quarum
1246 638 1415 704 prima
1448 652 1637 699 senum
1664 640 1917 705 intempe-

365 739 568 780 rantem
606 725 878 779 libidinem
915 724 1198 793 injuvenili
1229 734 1385 781 aetate
1414 728 1715 796 superavit;
1748 727 1914 782 altera

361 827 583 871 mortem
613 830 822 885 quoque
851 830 1041 884 magno
1073 815 1251 869 animo
1294 819 1552 886 suscepit,
1601 827 1762 886 atque
1792 832 1915 871 cum

361 907 671 979 virginitate
706 906 961 977 praeclare
999 907 1260 961 abscessit
1287 923 1303 975 ;
1328 916 1596 976 postrema
1624 923 1720 977 pro
1749 906 1915 962 casti-

362 999 489 1051 tatis
518 997 738 1068 praemio
780 997 881 1052 hoc
919 1012 949 1050 a
985 996 1091 1058 Deo
1119 999 1349 1068 accepit,
1373 1006 1430 1052 ut
1466 1008 1695 1069 tyranno
1732 1013 1917 1054 necem

360 1089 596 1145 afferret.
634 1089 784 1143 Adde
835 1088 1175 1157 muliebrium
1220 1090 1562 1146 victoriarum
1591 1105 1654 1144 ac
1690 1098 1916 1161 tropazo‘

361 1198 479 1249 rum
526 1190 710 1251 caput,
752 1183 853 1236 hoc
903 1191 987 1239 est
1028 1181 1171 1236 illam
1212 1183 1450 1243 omnium
1499 1181 1743 1237 laudibus
1777 1181 1919 1237 cele-

363 1271 571 1326 bratatn
614 1271 893 1341 Tlteclam,
941 1286 1060 1340 qua:
1111 1280 1368 1341 tanquam
1414 1271 1733 1333 immortalis
1776 1273 1922 1343 pudi-

362 1361 504 1415 citite
531 1361 776 1415 columna
805 1369 1032 1432 prostat,
1069 1377 1294 1432 quaeque
1321 1377 1351 1417 e
1384 1362 1555 1418 media
1590 1363 1921 1423 turbidarum

364 1450 701 1516 affectionqu
757 1461 1070 1519 tempestate
1115 1462 1368 1521 tanquam
1418 1451 1508 1506 fax
1564 1468 1811 1517 accensa,
1856 1452 1923 1507 ad

364 1552 575 1613 portum
620 1543 689 1611 ab
738 1542 986 1597 omnibus
1039 1540 1290 1598 ﬂuctibus
1346 1545 1636 1598 immunem
1699 1544 1923 1613 appulit.

369 1633 630 1700 Quocirca
658 1632 786 1688 siad
814 1633 956 1688 hunc
983 1635 1197 1688 modum
1224 1634 1407 1690 laudes
1429 1642 1637 1689 vestras
1669 1644 1919 1704 tanquam

2016 452 2319 524 ἐπιθυμιῶν
2365 450 2653 512 ἑλεπόλεις.
2708 448 2817 501 Καὶ
2852 443 3155 499 διδάσκαλοι
3201 440 3413 504 τούτου,
3461 440 3578 491 Σω-

2017 547 2184 601 σάννα
2211 548 2244 616 ή
2275 544 2518 613 εὐκλεὴς,
2550 543 2643 594 καὶ
2681 543 2714 611 ἡ
2744 539 2989 608 θυγάτηρ
3035 534 3227 605 Ἰεφθὲ,
3257 531 3353 586 καὶ
3378 532 3411 601 ἡ
3447 529 3577 583 θαυο

2020 636 2197 707 μαστὴ
2256 634 2454 704 Ἰουδήθ
2479 650 2492 663 ·
2534 635 2567 702 ἡ
2610 631 2708 702 μὲν
2765 630 3036 701 γερόντων
3084 624 3379 679 ἀκολασίαν
3423 621 3580 691 νικήτ-

2019 746 2159 782 σασα
2198 730 2254 779 ἐν
2287 726 2532 795 νεότητι*
2589 724 2623 793 ἡ
2672 723 2728 775 δὲ
2757 722 2852 775 καί⁵
2895 720 3121 773 θάνατον
3162 715 3422 786 ἀνδρείως
3459 712 3581 766 ἐλο-

2023 818 2180 887 μένη,
2212 815 2303 869 καὶ
2333 816 2397 885 τῇ
2442 810 2709 883 παρθενίᾳ
2753 805 3162 862 συναπελθοῦσα
3207 804 3467 873 ἀοιδίμως
3491 818 3505 843 ε
3544 801 3580 870 ή

2018 909 2076 961 δὲ
2116 906 2303 977 μισθὸν
2329 905 2429 974 τῆς
2458 901 2825 974 σωφροσύνης,
2858 899 3082 969 δύναμιν
3124 895 3277 966 παρά
3316 893 3451 948 Θεοῦ
3499 893 3581 944 εί·-

2018 1000 2239 1071 ληφυῖα,
2282 994 2700 1067 τυραννοκτόνος
2727 991 2998 1061 γενέσθαι.
3048 989 3157 1043 Καὶ
3189 987 3249 1040 τὸ
3288 984 3583 1055 κεφάλαιον

2019 1091 2128 1144 τῶν
2151 1087 2471 1157 γυναικείων
2509 1083 2672 1138 νικῶν
2700 1084 2794 1137 καὶ
2836 1079 3130 1152 τροπαίων,
3162 1079 3196 1149 ἡ
3227 1076 3585 1145 πανεύφημος

2022 1180 2217 1240 Θέκλα,
2246 1178 2415 1249 στήλη
2447 1176 2658 1238 αἰώνιος
2683 1173 2901 1241 ἁγνείας
2931 1170 3163 1235 ἑστῶσα,
3191 1168 3267 1232 ῶς
3290 1165 3494 1239 πυρσὸς
3520 1167 3586 1223 ἐκ

2026 1270 2191 1342 μέσου
2220 1268 2310 1322 τοῦ
2340 1266 2604 1328 κλύδωνος
2643 1263 2752 1318 τῶν
2783 1260 2969 1319 παθῶν
3007 1258 3328 1329 ἀναφθεῖσα,
3367 1257 3447 1316 είς
3493 1253 3587 1307 τὸν

2025 1359 2271 1431 ἀκύμονα
2318 1357 2604 1428 κατάρασα
2628 1353 2841 1424 λιμένα.
2876 1352 2939 1405 Ei
2985 1349 3164 1404 τοίνυν
3203 1347 3377 1411 οὕτως
3421 1346 3590 1417 ἀναῤ-

2028 1451 2258 1524 ρηθῆναι
2301 1448 2633 1517 ἐπιθυμεῖτε,
2654 1444 2751 1508 τὰς
2773 1441 3054 1514 λαμπάδας
3099 1439 3391 1500 ἀσϐέστους
3418 1441 3589 1507 τηρή-

2027 1559 2183 1595 σατε·
2212 1543 2241 1594 ό
2268 1541 2375 1610 γὰρ
2400 1538 2630 1609 νυμφίος
2658 1535 2820 1599 εὐθὺς
2854 1533 3214 1605 παραγίνεται
3233 1547 3248 1562 ο
3279 1530 3373 1582 καὶ
3400 1526 3590 1597 μηδεὶς

2029 1633 2171 1703 ὑμᾶς
2205 1631 2370 1694 ὕπνος
2413 1629 2742 1700 ἡδυπαθείας
2783 1626 3061 1699 ἀνακλίνῃ,
3096 1625 3126 1677 ὁ
3154 1623 3257 1688 ἔξω
3286 1619 3383 1690 τῆς
3418 1617 3588 1687 θύρας

364 1723 633 1790 prmconis
681 1737 813 1778 voce
859 1723 1135 1793 praedicari
1187 1725 1402 1793 cupitis,
1434 1724 1785 1779 inexstincuts
1821 1738 1915 1777 ve-

2044 1724 2111 1777 ὀὗ
2143 1720 2427 1793 νυμφῶνος
2456 1720 2555 1783 τὰς
2589 1717 2830 1785 ὑπνηλάς
2873 1716 2969 1769 καὶ
3002 1712 3279 1786 ῥᾳθύμους
3320 1708 3587 1778 κατέχων.

368 1826 509 1873 stras
544 1819 816 1889 lampades
838 1829 1154 1874 conservate
1185 1818 1386 1890 (statim
1404 1822 1557 1882 (enim
1587 1835 1815 1889 sponsus
1850 1819 2131 1875 adfuturus
2160 1820 2287 1885 est),
2312 1832 2484 1887 neque
2509 1815 2850 1879 committite,
2890 1822 2949 1866 ut
2977 1827 3072 1866 vos
3105 1809 3244 1863 ullus
3281 1802 3581 1874 voluptatis

368 1928 591 1984 somnus
624 1914 908 1984 deprimat,
934 1914 1025 1983 qui
1061 1916 1314 1970 socordes
1335 1932 1399 1973 ac
1437 1918 1802 1973 somnoleutas
1824 1926 1978 1972 extra
2015 1915 2235 1969 thalami
2260 1912 2405 1969 fores
2437 1912 2717 1968 retinet".

758 2027 1086 2099 LXXXVlll.
1116 2061 1185 2071 —
1220 2030 1540 2085 ARSENIO.

477 2118 628 2183 Quod
658 2120 738 2173 illi
760 2123 847 2191 qui
872 2122 1003 2181 nihil
1030 2122 1148 2203 boui
1170 2135 1377 2191 egerunt
1424 2140 1526 2178 non
1553 2122 1734 2177 debent
1769 2140 1824 2178 se

1053 2206 1271 2257 jactare.

438 2298 496 2352 Si
542 2299 874 2365 Pharisaaus,
923 2318 1043 2354 cunt
1102 2318 1165 2357 ea
1222 2303 1441 2357 fecisset
1502 2320 1621 2373 qua:
1668 2304 1929 2373 jactabat,

373 2399 657 2457 propterea
706 2392 1093 2448 condemnatus
1126 2395 1249 2463 quia
1303 2409 1361 2449 se
1407 2395 1649 2462 iactavit,
1708 2398 1833 2467 quid
1883 2408 1934 2453 te

367 2478 564 2563 jactus,
590 2482 830 2552 garriens
856 2484 1137 2550 duntaxat,
1178 2500 1240 2539 ac
1258 2501 1362 2540 non
1396 2487 1526 2541 item
1564 2488 1690 2543 boui
1734 2490 1931 2558 aliquid

374 2572 581 2628 faciens
605 2612 621 2638 ,
655 2584 812 2644 teque
840 2577 1074 2644 graviori
1135 2592 1307 2647 pennae
1346 2578 1633 2634 obnoxium
1686 2580 1933 2644 reddens,

374 2679 536 2732 quam
563 2681 666 2734 qua
698 2664 1002 2723 Pharisaeus
1029 2668 1285 2724 multatus
1306 2671 1429 2725 est?
1460 2681 1773 2727 cumtamen
1804 2671 1935 2725 nihil

374 2758 796 2825 reprehensione
822 2758 1040 2829 dignum
1062 2761 1388 2826 admisisset,
1419 2778 1604 2816 verum
1632 2764 1733 2825 hoc
1774 2779 1935 2819 unum

377 2846 451 2900 illi
476 2848 688 2902 crimini
720 2850 904 2906 datum
930 2850 1142 2918 fuisset,
1168 2854 1309 2922 quod
1335 2853 1403 2908 de
1432 2853 1617 2923 probis
1637 2856 1938 2913 actionibus

377 2939 714 3009 gloriaretur.

610 3050 977 3109 LXXXIX.—
1014 3053 1309 3111 ISODORO
1340 3054 1697 3119 EPISCOPO.

446 3163 645 3218 Omnes
681 3166 919 3233 quidem,
979 3168 1024 3224 si
1058 3169 1173 3224 fieri
1205 3179 1401 3239 potest,
1436 3170 1718 3225 mulierum
1766 3181 1939 3225 cretus

379 3263 540 3321 atque
597 3257 865 3327 colloquia
918 3258 1173 3329 defugere
1225 3271 1517 3331 Oporteret,
1575 3272 1632 3315 ut
1693 3277 1812 3332 quae
1873 3262 1939 3316 ad

378 3345 753 3400 emolliendum
794 3348 1033 3415 animum
1068 3351 1175 3404 vim
1200 3352 1487 3428 quamdam
1537 3367 1601 3416 ac
1630 3352 1936 3407 facultatem

380 3433 632 3489 habeant.
660 3435 922 3501 Quoniam
959 3448 1136 3493 autem
1159 3479 1175 3505 ,
1205 3443 1275 3494 ob
1308 3442 1641 3497 necessarios
1674 3443 1936 3513 quosdam

2547 2027 2678 2080 HH'.
2756 2021 3068 2090 ΑΡΣΕΝῘῼ.

2033 2121 2159 2173 Ὅτι
2185 2120 2453 2191 μάλιστα
2493 2121 2547 2191 οἱ
2591 2115 2800 2191 μηδὲν-
2827 2113 3051 2191 ᾁγέιθὸνς
3080 2107 3449 2191 πεπραχότες
3480 2104 3596 2165 οὐκ

2374 2183 2727 2258 ὀφείλοὺσιν
2769 2183 3245 2243 ἀλαζονεύεσθαι.

2104 2306 2216 2375 (87)
2256 2304 2319 2367 Ei
2348 2301 2559 2371 πράξας
2587 2302 2615 2353 ὁ
2645 2300 2937 2369 Φαρισαῖος
2981 2294 3017 2348 ἃ
3064 2292 3422 2361 ἐκαυχήσατο,
3454 2287 3517 2339 σὺ
3542 2301 3599 2338 τι

2034 2397 2302 2466 καυχᾶσαι
2332 2391 2673 2464 λαρυγγίζων
2698 2387 2904 2452 ἁπλῶς,
2939 2387 3033 2439 καὶ
3074 2384 3133 2436 ού
3168 2381 3420 2454 πράττων
3461 2394 3600 2466 χρη-ρ

2038 2464 2196 2554 στῶς,
2233 2488 2327 2540 καὶ
2367 2485 2606 2557 χείρονος
2634 2482 2827 2536 ἑαυτὸν
2865 2477 3035 2532 ποιῶν
3059 2477 3240 2546 ἔνοχον
3271 2471 3503 2539 κρίσεως
3530 2464 3599 2540 ἧς

2036 2585 2064 2635 ὁ
2110 2580 2398 2646 Φαρισαῖος
2428 2577 2759 2645 ύπὲμεινεν;
2798 2572 2947 2626 οὐδὲν
3002 2570 3101 2641 μὲν
3141 2568 3288 2634 ἄξιον
3341 2561 3603 2634 μέμψεως

2038 2655 2370 2741 πεπραχὼς,
2424 2668 2592 2739 μόνην
2646 2666 2704 2719 δὲ
2764 2663 2861 2737 τὴν
2915 2661 3091 2733 οἴησιν
3140 2658 3239 2729 τῆς
3297 2649 3603 2725 εὐπραγίας

2038 2763 2340 2834 ἐγκληθείς,

2360 3053 2483 3109 [ιε’.
2521 3083 2592 3093 --
2628 3050 2886 3120 tsuopp
2923 3044 3285 3115 ΕΠΙΣΚΟΠῼ.

2111 3168 2297 3229 Πάσας
2343 3166 2461 3236 μὲν,
2495 3167 2542 3217 εί
2569 3159 2679 3218 οἶόν
2702 3180 2783 3227 τε,
2810 3160 3022 3232 ὁμιλίας
3044 3155 3318 3227 γυναικῶν
3344 3153 3611 3225 ἐκτρέπε-

2044 3257 2168 3311 σθαι
2207 3257 2331 3330 χρὴ,
2376 3258 2451 3321 ὠς
2496 3255 2720 3328 ἐχούσας
2766 3256 2886 3308 τινὰ
2926 3253 3063 3323 πρὸς
3106 3250 3375 3327 χαύνωσιν
3420 3247 3611 3317 ἐπιτή-

2045 3350 2223 3403 δευσιν
2245 3365 2257 3378 ·
2286 3352 2333 3402 εί
2354 3349 2409 3409 δὲ
2432 3340 2591 3402 τοῦτο
2618 3348 2875 3402 ἀδύνατον
2901 3344 2988 3403 διὰ
3013 3341 3362 3412 περιστάσεις
3388 3336 3611 3408 χρειῶν,

2050 3443 2082 3512 ἢ
2132 3442 2434 3513 οἰκονομίας
2484 3440 2732 3511 πτωχῶν,
2777 3440 2926 3493 κάτω
2951 3436 3203 3499 νεύοντας
3245 3430 3611 3498 διαλέγεσθαι.

381 3540 545 3578 casus
592 3535 687 3579 aut
743 3543 1036 3598 pauperum
1091 3531 1541 3601 dispensationes,
1571 3534 1673 3589 hoc
1725 3534 1933 3591 minim

2050 3534 2177 3595 Τοῖς
2210 3533 2317 3603 γὰρ
2350 3534 2608 3601 πλείοσιν,
2638 3533 2671 3604 ἢ
2700 3534 2791 3586 καὶ
2830 3533 2963 3585 πᾶσι
2992 3529 3175 3601 σχεδὸν
3203 3529 3316 3590 τοῖς
3337 3522 3616 3595 ἡττηθεῖσι

385 3613 502 3667 fieri
557 3625 752 3683 potest,
807 3619 1104 3674 curandum
1150 3630 1235 3675 est
1278 3630 1335 3676 ut
1377 3622 1549 3683 oculis
1577 3623 1723 3683 humi
1752 3623 1933 3677 delixi+

2053 3624 2278 3695 κάλλους
2307 3625 2600 3694 γυναικῶν,
2629 3625 2716 3689 διά
2741 3624 2849 3679 τῶν
2871 3623 3098 3693 θυρίδων
3122 3620 3287 3691 ἀνέϐη
3312 3620 3341 3672 ὁ
3364 3618 3615 3679 θάνατος,

384 3717 479 3757 eas
512 3703 867 3774 alloquamur.
909 3708 1079 3776 Quam
1116 3711 1361 3782 plurimis
1397 3712 1539 3766 enim
1576 3723 1667 3766 aut
1692 3713 1851 3776 etiam
1882 3713 1933 3768 iis

2053 3716 2112 3779 ὃς
2153 3716 2367 3777 καὶτοῦ
2414 3716 2648 3787 μεγάλου
2689 3715 2973 3786 Προφήτου
3017 3713 3113 3767 καὶ
3143 3711 3405 3783 βασιλέως
3450 3709 3620 3778 ἐκρά-

386 3794 551 3869 ferme
595 3799 863 3865 omnibus,
894 3801 985 3871 qui
1035 3788 1355 3868 feminarum
1384 3802 1785 3872 pulchritudine
1818 3804 1933 3858 sub-

2054 3824 2237 3875 τησεν,
2283 3809 2370 3861 ὅτε
2406 3807 2540 3879 πρὸς
2579 3807 2640 3861 τὸ
2680 3805 2903 3876 λουτρὸν
2943 3806 3118 3857 ἐκεῖνο
3156 3803 3215 3855 τὸ
3244 3800 3620 3871 θανατηφόρον

386 3888 489 3943 acti
535 3900 701 3956 sunt,
737 3890 837 3945 hoc
878 3891 1094 3956 accidit,
1135 3903 1190 3947 ut
1232 3908 1377 3948 mors
1418 3908 1515 3961 per
1559 3893 1828 3950 fenestras
1879 3893 1948 3948 ad
2055 3896 2346 3966 ἀπέϐλεψε.

385 3995 481 4035 eos
518 3984 933 4040 ascenderet“:
974 3986 1173 4056 quippe
1197 4001 1315 4056 quae
1343 3987 1505 4043 etiam
1544 4002 1795 4059 magnum
1828 3987 1977 4054 illum
2016 3986 2338 4062 Prophetam
2370 4005 2434 4045 ac
2466 4004 2645 4059 regem
2685 3986 2876 4043 vicerit
2902 3986 2968 4017 ¹¹⁶⁶
2992 4029 3008 4051 ,
3032 4000 3155 4041 cum
3190 3981 3257 4037 ad
3304 3978 3618 4052 pestiferum

389 4073 519 4146 illud
544 4076 793 4131 balneum
829 4078 1017 4133 oculos
1048 4080 1300 4148 conjecit.

934 4194 1045 4248 xc.
1079 4224 1149 4234 —
1176 4193 1404 4249 EIDEM.
1983 4179 2030 4236 D

518 4283 867 4351 Apostolicum
893 4301 1003 4339 esse
1026 4286 1267 4339 mulieres
1296 4286 1347 4338 in
1376 4285 1605 4339 ecclesiis
1627 4301 1829 4351 canere,

2565 4198 2635 4264 ιοτ
2676 4222 2748 4233 -
2783 4192 2870 4260 το
2908 4188 3111 4259 Am.

2069 4287 2195 4339 Ὀτι
2221 4284 2628 4359 ἀποστριέικόν
2656 4284 2731 4359 τὸ,
2752 4283 2824 4335 έν
2850 4273 3493 4359 ἐξίκιλησίαίςηψάλλειν
3520 4291 3625 4355 τυ-

2379 4351 2609 4419 νὰῐκας,
2640 4355 2739 4407 καὶ
2768 4351 2899 4420 περὶ
2943 4351 3301 4427 ἁσκητριῶν.

463 4481 802 4550 Importunas
832 4497 885 4536 tn
912 4483 1156 4539 ecclesiis
1215 4485 1564 4554 loquacitates
1604 4484 1811 4539 Domini
1848 4483 1933 4554 2s

2131 4473 2241 4534 Τάς
2281 4473 2339 4523 ὲν
2372 4468 2687 4537 ἐκκλησίαις
2731 4465 2997 4535 φλυαρίας
3041 4461 3393 4517 καταπαῦσαι
3443 4459 3626 4531 βουλό-

393 4571 620 4641 apostoli
667 4587 919 4627 coercere
974 4589 1038 4628 ac
1074 4553 1432 4643 comprimere
1480 4576 1777 4637 studentes,
1830 4591 1933 4628 mo-

2068 4580 2218 4634 μενοι
2240 4562 2290 4614 oi
2318 4559 2410 4617 τοῦ
2441 4558 2647 4629 Κυρίου
2688 4557 2994 4627 ἀπόστολοι,
3039 4554 3133 4607 καὶ
3162 4553 3262 4622 τῆς
3306 4553 3465 4623 ἡμῶν
3500 4567 3629 4603 παι-

394 4663 687 4735 όεειὶαξιιυο
741 4674 902 4734 atque
957 4666 1236 4735 gravitatis
1279 4667 1563 4736 magistros
1613 4680 1731 4719 sese
1808 4664 1927 4718 nobi

2063 4654 2242 4710 δευταὶ
2272 4650 2675 4711 καταστάσεως,
2704 4647 2924 4717 ψάλλειν
2949 4648 3005 4699 ἐν
3029 4646 3216 4706 αὑταῖς
3238 4643 3337 4705 τὰς
3367 4644 3631 4711 γυναῖκας

394 4758 717 4825 praebentes,
744 4767 803 4810 ut
848 4756 1101 4812 mulieres
1131 4759 1185 4810 in
1223 4757 1354 4827 ipsis
1397 4766 1679 4819 canerent,
1725 4756 1933 4824 sapient

2067 4746 2299 4809 συνετῶς
2344 4741 2743 4811 συνεχώρησαν.
2809 4738 2947 4792 Ἀλλ’
2977 4736 3094 4809 [ὡς]
3150 4737 3328 4789 πάντα
3378 4736 3458 4797 εἰς
3511 4736 3634 4785 τού-

397 4824 624 4909 consilio
677 4846 1060 4916 permiserunt.
1128 4824 1325 4901 Verum
1401 4855 1459 4899 ut
1516 4845 1694 4901 omnia
1776 4844 1933 4897 divin:

2068 4839 2275 4893 ναντίον
2305 4838 2518 4907 ἐτράπη
2541 4834 2610 4887 τὰ
2641 4832 2875 4902 θεοφόρα
2898 4829 3217 4899 διδάγματα,
3251 4825 3345 4881 καὶ
3366 4824 3526 4893 τούτο
3554 4824 3634 4903 είς

484 5000 529 5033 ⁸³
550 5000 738 5057 Matth.
772 5019 899 5071 xxv,
932 5007 963 5061 5
989 5018 1139 5075 seqq.
1247 5002 1292 5033 “
1318 5000 1429 5056 Jer.
1461 5016 1537 5063 ιχ,
1561 4999 1653 5053 21.
1717 4999 1780 5030 ιδ*
1803 4997 1843 5051 ιι
1873 4996 2002 5067 Reg.
2034 5013 2112 5061 XI,
2148 4995 2207 5050 2.

1473 5155 1705 5213 νΑΒιΑ]
1740 5152 2124 5211 LECTIONES
2162 5150 2248 5207 ET
2273 5148 2504 5207 ΝΟΤᾸΞ.

2143 5293 2252 5363 (87)
2275 5290 2487 5363 Initium
2520 5287 2676 5363 huius
2700 5287 2858 5363 epist.
2892 5286 2974 5363 sic
3001 5283 3338 5363 emendatius
3369 5290 3424 5335 et
3456 5290 3641 5363 egtenf

2071 5350 2184 5419 sitt‘s
2211 5350 2402 5430 legitur
2434 5361 2486 5411 in
2522 5360 2677 5430 codd.
2710 5350 2818 5430 Alt.
2856 5368 2912 5430 et
2934 5356 3057 5430 Yat.
3089 5354 3190 5430 6l9
3217 5372 3231 5407 :
3266 5353 3327 5404 El
3368 5350 3580 5430 πράξας
3609 5352 3639 5407 ό

2071 5422 2382 5505 Φαρισαῖος,
2406 5424 2931 5505 κατεκρίθη,-ὲπειδῂ
2958 5426 3318 5505 ἐκαυχήσατο,
3344 5423 3408 5505 ab
3431 5422 3506 5484 τί,
3526 5428 3633 5505 etc.

2074 5504 2129 5558 lu
2156 5495 2375 5555 'iistleut
2426 5500 2477 5551 in
2521 5495 2759 5551 versui?)
2792 5495 2960 5548 ποιῶν
2995 5499 3259 5549 omittttur
3310 5501 3405 5543 aut
3461 5495 3639 5557 potius

2075 5570 2400 5628 transfertur
2427 5568 2479 5622 in
2508 5582 2721 5636 versqu
2751 5575 3063 5633 sequentem
3097 5573 3211 5636 post
3245 5560 3503 5633 κρίσεως,
3544 5559 3641 5623 sed

2080 5653 2343 5699 mutatum
2371 5640 2422 5693 in
2458 5639 2651 5701 ποιεῖς.
2685 5635 2893 5692 Possm.

409 5301 558 5355 bent.
600 5297 731 5372 Eam
760 5313 881 5372 cum
915 5299 1019 5355 fide
1057 5303 1299 5372 expressi
1326 5343 1341 5366 ,
1374 5311 1433 5356 nt
1456 5302 1525 5356 sit
1554 5302 1960 5356 fundamentum

411 5369 731 5439 assequendi
759 5369 1326 5435 coniunctura'veram
1346 5373 1582 5427 auctoris
1616 5373 1961 5438 scripturam.

412 5455 551 5494 vers.
578 5439 611 5493 5
669 5439 884 5507 Ἰεφθαέ
924 5441 1181 5494 scribitur
1213 5443 1264 5495 in
1309 5444 1428 5495 cod.
1472 5444 1574 5496 Alt.
1602 5442 1757 5496 Vers.
1786 5440 1818 5494 3
1853 5442 1968 5494 ἀοι·

409 5507 578 5579 δίμως
602 5508 913 5563 adverbium
936 5510 985 5562 itt
1012 5511 1449 5579 nouteudoitho;
1468 5513 1767 5565 tuutatcod.
1794 5511 1967 5564 Vatic.

414 5578 931 5649 649,7consentientc
954 5579 1063 5631 Alt.
1096 5577 1251 5632 Vers.
1284 5577 1534 5649 antepen.
1560 5585 1716 5634 ambo
1742 5581 1777 5635 ii
1810 5580 1969 5635 codd.

419 5646 607 5738 μηδεὶς
628 5658 957 5713 commutant
985 5649 1036 5705 iu
1068 5649 1249 5721 μήτις,
1282 5646 1492 5719 opiner,
1521 5651 1729 5707 melius.
1758 5652 1969 5707 Possm.
