3944 6138
391 184 491 250 247

601 297 777 355 XCIII.
802 302 1333 361 —TABENNESL1E
1367 305 1731 363 MONACHIS.

636 411 763 468 Non
801 428 1031 483 oportere
1057 419 1248 473 multo:
1278 436 1388 473 esse
1414 422 1715 491 magistros.

468 541 488 575 ι
531 522 704 580 Nolite
753 527 903 580 multi
961 530 1200 598 magistri
1239 530 1388 594 ﬁeri,
1429 530 1628 587 fratres
1663 573 1677 595 ,
1717 553 1735 584 ι
1775 532 1962 586 scribit

389 614 565 682 justus
588 613 816 671 Jacobus
836 618 905 671 ¹⁸.
930 617 1101 674 Nolite
1136 622 1284 674 multi
1316 624 1556 693 magistri
1578 622 1735 690 eﬁici,
1773 639 1960 675 mona-

394 705 503 767 chi,
535 705 712 759 scribo
769 720 869 777 ego
898 710 1153 763 minimus
1181 708 1417 765 lsidorus
1444 753 1458 776 ,
1495 713 1594 765 etsi
1623 728 1725 765 non
1764 712 1962 781 probus

394 798 708 862 monaclms,
756 807 812 852 at
861 814 1006 855 certe
1061 800 1243 857 Jacobi
1296 804 1662 874 auditor.3o
1707 804 1944 874 ᾹΞςμιιιιιι

396 892 574 959 itaque
618 891 778 945 fuerit
827 908 939 957 vos,
978 893 1187 948 etiamsi
1227 894 1486 950 auditoris
1530 897 1788 948 vilitatem
1836 895 1957 961 reji-

394 981 568 1047 ciatis,
599 990 653 1034 at
681 982 1042 1049 certejustain
1066 984 1167 1036 viri
1195 983 1323 1052 justi
1360 999 1423 1039 ac
1458 985 1726 1055 sapientis
1748 985 1964 1053 sapien-

396 1070 527 1123 tiam
564 1069 780 1137 vereri;

664 1182 1329 1239 XCIV.—PANSOPHIO
1366 1183 1682 1240 DIACONO.

461 1270 529 1326 In
556 1273 712 1336 illud,
750 1291 767 1323 ι
809 1274 999 1327 Omnia
1024 1277 1163 1327 nuda
1192 1288 1237 1328 et
1269 1288 1447 1343 aperta
1489 1277 1650 1329 oculis
1678 1275 1809 1344 ejus.
1859 1296 1876 1327 ι

463 1448 585 1503 llaec
609 1450 790 1515 verba,
822 1470 841 1501 ι
862 1452 1003 1505 nuda
1027 1463 1081 1506 et
1105 1464 1286 1520 aperta
1311 1454 1406 1518 ",p
1437 1456 1782 1511 translatione
1804 1458 1960 1512 ducta

391 1554 422 1593 a
454 1541 688 1594 victimis
717 1556 834 1609 quae
861 1544 926 1595 ad
968 1543 1292 1597 sacriﬁcium
1337 1547 1679 1612 adhibentur,
1715 1564 1743 1602 a
1775 1547 1959 1615 Paulo,

1571 194 1633 254 S.
1674 193 1962 254 ISIDORI
1992 192 2421 253 PELUSIOTfE

3512 188 3619 249 243

1981 327 2028 382 Α
2124 306 2237 374 ut.
2256 335 2325 347 --
2348 308 2443 378 Τῌ
2471 303 2563 359 EN
2597 305 2691 376 Tn
2719 302 3158 374 ΤΑΒΕΝΝΗΣΙᾼ
3184 301 3386 373 ΜΟΝΙλί
3416 300 3551 372 (9|).

2127 418 2263 486 Περὶ
2292 418 2396 471 τοῦ
2421 416 2507 486 μὴ
2537 417 2801 483 πολλοὺς
2832 418 3101 486 γίνεσθαι
3131 414 3564 481 διδασκάλους.

2137 548 2153 580 ι
2193 529 2283 601 Μὴ
2336 530 2517 584 πολλοὶ
2574 530 2788 598 γίνεσθε
2847 529 3189 593 διδάσκαλοι,
3245 530 3495 597 ἀδελφοὶ,
3526 546 3547 580 ι
3600 530 3630 582 ὁ

2060 621 2264 684 δίκαιος
2327 622 2525 694 γράφει
2594 622 2868 685 Ἰάκωϐος.
2932 620 3022 692 Μὴ
3078 620 3258 673 πολλοὶ
3319 620 3629 674 διδάσκαλοι

2060 710 2293 779 γίνεσθε,
2333 714 2569 782 μοναχοὶ,
2601 715 2628 766 ὁ
2660 713 2937 783 ἐλάχιστος
3000 712 3194 782 γράφω
3257 711 3545 779 Ἰσίδωρος·
3579 712 3628 764 εί

2063 802 2157 854 καὶ
2194 802 2267 872 μὴ
2298 802 2515 872 δόκιμος
2562 802 2810 872 μοναχος,
2863 800 2976 853 ἀλλ’
3030 800 3284 853 Ἰακώϐου
3324 800 3625 870 ἀκροατής.

2063 894 2270 947 Δίκαιοι
2302 897 2480 949 τοίνυν
2509 895 2574 949 ἂν
2596 896 2762 966 εῐητε,
2796 897 2843 947 εἰ
2871 895 2964 947 καὶ
3023 892 3117 948 τοῦ
3157 894 3423 965 ἀκροατοῦ
3451 911 3629 964 παρα.-

2062 984 2335 1054 γράφεσθε
2364 986 2461 1055 τὴν
2491 983 2784 1048 εὐτέλειαν,
2812 984 2925 1037 ἀλλ’
2960 983 3222 1037 αἰδεῖσθαι
3261 982 3356 1037 τοῦ
3410 984 3622 1038 δικαίου

2063 1074 2156 1126 καὶ
2186 1072 2351 1141 σοφοῦ
2382 1074 2478 1144 τὴν
2502 1073 2715 1127 δικαίαν
2748 1073 3039 1142 ἀπόφασιν.

2414 1184 2527 1248 ιιΔσ.
2559 1181 2902 1251 ΙΙΑΝΣΟΦῘῼ
2956 1180 3272 1250 ΔιΑΚΟΝῼ.

2064 1271 2167 1338 Εἷς
2197 1271 2283 1337 τὸ,
2318 1291 2336 1322 ι
2375 1272 2575 1325 Πάντα
2612 1272 2803 1339 γυμνὰ
2834 1273 2927 1324 καὶ
2965 1270 3475 1339 τετραχηλισμένα
3502 1270 3625 1337 τοῖς

2517 1342 2850 1410 ὀφθαλμοῖς
2878 1342 3082 1395 αὐτοῦ.
3126 1360 3143 1391 ι

2139 1472 2158 1503 ι
2186 1452 2265 1506 Τά
2296 1453 2477 1523 γυμνά
2520 1454 2613 1506 καὶ
2641 1452 3112 1523 τετραχηλισμένα
3139 1470 3160 1506 ι
3200 1456 3263 1507 ὲκ
3310 1457 3630 1525 μεταφορᾶς

2062 1542 2167 1595 τῶν
2202 1542 2433 1614 ἱερείων,
2464 1543 2572 1597 τῶν
2603 1545 2681 1606 εἰς
2712 1544 2906 1597 Θυσίαν
2949 1547 3392 1616 προσαγομένων,
3427 1545 3504 1616 τῷ
3535 1563 3629 1600 πο-

390 1630 592 1701 ingeoti
623 1634 884 1702 sapientia
910 1636 1133 1703 praedito
1177 1638 1310 1702 viro,
1343 1639 1541 1707 scripta
1572 1648 1712 1694 sunt.
1757 1640 1956 1705 Quem-

2069 1634 2289 1704 λύφρονι
2320 1635 2633 1707 γέγραπται
2657 1634 2869 1703 Παύλῳ.
2906 1635 3117 1705 Ὥσπερ
3160 1637 3268 1707 γὰρ
3299 1637 3481 1689 ἐκεῖνα
3513 1636 3629 1691 τῶν

391 1722 677 1779 admodum
710 1728 850 1780 enim
879 1727 1003 1793 illze,
1046 1743 1166 1784 cum
1199 1729 1361 1798 pelles
1388 1731 1758 1795 detrahuntur,
1809 1732 1955 1786 omni

2069 1725 2230 1795 Βορῶν
2280 1724 2390 1796 (92)
2448 1723 2843 1795 ἀφαιρούμενα,
2903 1723 3081 1794 πάσης
3142 1724 3239 1794 τῆς
3288 1724 3625 1795 φαινομένης

391 1813 683 1883 conspicuo
723 1816 1036 1873 indumento
1066 1820 1385 1890 spoliantur,
1424 1822 1834 1891 abditarumque
1875 1824 1959 1877 in-

393 1916 545 1961 terne
569 1911 799 1977 partium
825 1921 1023 1965 statum
1047 1923 1099 1967 et
1124 1913 1465 1970 aﬂectionem
1500 1915 1764 1982 indicant,
1797 1924 1958 1985 atque

388 1997 458 2052 ad
498 2001 699 2054 ossium
752 2005 989 2058 omnium
1043 2015 1098 2061 et
1146 2007 1509 2062 membrorum
1561 2007 1957 2078 indagationcm

391 2087 753 2154 dissecantur,
785 2100 843 2145 ut
887 2093 1088 2157 omnia,
1117 2094 1185 2148 ob
1210 2095 1408 2161 rei,cui
1436 2095 1777 2162 adhibentur,
1801 2097 1947 2166 puri-

392 2186 559 2231 tatem
607 2192 971 2252 expurgentur
1005 2200 1019 2237 :
1056 2186 1242 2240 eodem
1281 2188 1443 2241 etiam
1488 2188 1648 2242 modo
1686 2188 1738 2242 in
1766 2204 1958 2260 magno

392 2266 485 2322 illo
526 2267 735 2324 Domini
787 2272 875 2326 die
920 2275 1192 2330 actionum
1252 2277 1405 2332 nobis
1448 2278 1843 2347 inc0gnitarmn
1904 2286 1959 2334 et

392 2356 745 2413 obscurarum
772 2362 1058 2429 patefactio
1106 2377 1296 2420 cuncta
1332 2368 1646 2433 denudabit,
1677 2370 1955 2425 dissectio-

394 2447 561 2518 nique
618 2451 813 2507 similis
876 2456 1173 2525 apparebit.
1232 2459 1413 2528 Neque
1470 2460 1612 2514 enim
1665 2461 1950 2530 quisquam

394 2539 566 2595 latere
608 2543 833 2611 ροισι-ει,
887 2561 1073 2600 verum
1138 2563 1327 2604 omnes
1382 2552 1432 2603 in
1477 2562 1723 2620 apertum
1788 2554 1959 2607 addu-

394 2645 605 2689 centur.

719 2750 878 2808 XCV.
898 2784 967 2795 —
989 2753 1294 2810 EUTONIO
1331 2757 1645 2814 DIACONO.

465 2861 903 2932 Quandoquidem
931 2871 1321 2925 exsecrationis
1348 2871 1509 2936 illius,
1540 2887 1641 2940 qua
1664 2882 1801 2949 terra
1829 2883 1956 2943 post

395 2955 705 3008 mandatum
764 2971 795 3011 a
840 2958 995 3011 nobis
1049 2959 1301 3015 violatum
1362 2962 1580 3016 multata
1628 2971 1733 3027 est,
1806 2979 2034 3051 segesc

397 3045 549 3113 spina
598 3057 753 3115 erat;
800 3049 1058 3105 Dominus
1086 3062 1286 3117 autem,
1338 3063 1395 3107 ut
1438 3069 1653 3109 omnem
1699 3055 1751 3109 in
1783 3056 1963 3126 seipso

397 3146 640 3191 morbum
669 3148 904 3204 curaret,
934 3140 1222 3195 advenerat
1251 3161 1264 3196 :
1294 3144 1491 3199 idcirco
1513 3146 1700 3213 spinea
1733 3161 1961 3210 corona,

397 3235 457 3279 ut
493 3227 682 3293 victor,
727 3230 1009 3285 redimitus
1062 3238 1144 3287 est
1171 3271 1187 3297 ,
1255 3236 1712 3301 quemadmodum
1758 3238 1964 3293 scilicet

397 3314 529 3369 clari
561 3332 623 3371 ac
658 3318 901 3373 celebres
950 3320 1183 3375 victores
1234 3320 1462 3386 faciunt,
1507 3323 1597 3391 qui
1634 3323 1736 3378 hoc
1785 3325 1961 3393 ipsum

397 3404 559 3457 telum
601 3415 694 3460 aut
720 3407 1154 3474 instrumentum,
1184 3410 1338 3480 cujus
1375 3425 1476 3480 ope
1511 3413 1792 3467 victoriam
1836 3428 1965 3468 con-

396 3493 566 3546 secuti
620 3501 761 3558 sunt,
810 3495 863 3548 in
919 3495 1245 3565 triumphum
1294 3508 1531 3568 gestant.
1592 3517 1612 3551 ι
1672 3500 1959 3568 Conﬁdite,

398 3583 593 3649 inquit,
624 3598 725 3651 ego
754 3584 853 3638 vici
892 3585 1147 3641 mundum
1179 3587 1242 3640 ιτ.
1286 3605 1306 3639 ι
1344 3587 1477 3642 Nam
1506 3590 1597 3657 qui
1633 3590 1688 3644 in
1731 3591 1965 3647 humana

399 3684 588 3727 natura
616 3675 735 3743 fuit,
773 3691 871 3731 nec
899 3684 1074 3731 tamen
1100 3678 1150 3732 in
1193 3679 1444 3735 humanis
1482 3680 1630 3735 vitiis
1662 3680 1786 3747 fuit,
1815 3691 1963 3739 vete-

396 3780 509 3820 rem
576 3767 757 3835 generi
817 3777 1003 3823 nostro
1052 3768 1504 3837 pulchritudinem
1583 3770 1834 3836 reddidit,
1900 3788 1964 3828 ac

398 3858 666 3913 maledicti
700 3870 753 3913 et
782 3860 1170 3916 exsecrationis
1206 3861 1370 3916 robur
1411 3863 1463 3916 in
1497 3862 1613 3930 ipsa
1647 3874 1839 3918 natura
1870 3865 1964 3921 de-

394 3946 525 4002 levit
550 3950 614 4005 “‘.

502 4061 1053 4121 XCVl.—MAXIMO
1083 4064 1517 4122 PIIILOSOPHO
1547 4066 1850 4123 GENTILI.

949 4178 1144 4235 Contra
1173 4184 1410 4251 gentiles.

2055 1815 2461 1884 ἀπογυμνοῦται
2527 1815 2836 1887 περιϐολῆς,
2908 1816 3002 1868 καὶ
3064 1815 3171 1867 τῶν
3230 1814 3629 1884 κεκρυμμένων

2057 1906 2266 1960 ἔνδοθεν
2295 1908 2656 1961 ἐπιδείκνυται
2688 1907 2784 1978 τὴν
2818 1906 3075 1970 διάθεσιν,
3111 1905 3202 1958 καὶ
3239 1904 3627 1975 τραχηλίζεται

2057 1998 2135 2061 είς
2157 1999 2379 2069 ἔρευναν
2408 1999 2607 2062 παντὸς
2635 1997 2822 2051 ὀστέου
2850 1999 2943 2052 καὶ
2963 1997 3177 2069 μέλους,
3202 1997 3336 2070 πρὸς
3357 1997 3417 2049 τὸ
3442 1997 3625 2050 πάντα

2070 2089 2493 2161 ἐκκαθαρθῆναι,
2534 2089 2618 2143 διὰ
2649 2090 2747 2159 τὴν
2777 2089 2869 2142 τοῦ
2903 2091 3221 2161 πράγματος
3247 2082 3291 2156 ᾧ
3320 2088 3629 2159 προσάγον-

2059 2195 2149 2232 ται
2192 2179 2577 2250 καθαρότητασ
2630 2178 2773 2232 οὕτω
2824 2179 2917 2232 καὶ
2949 2180 3042 2231 ἐπὶ
3092 2180 3188 2247 τῆς
3240 2176 3482 2247 μεγάλης
3528 2172 3627 2228 τοῦ

2068 2267 2270 2339 Κυρίου
2315 2266 2526 2336 ἡμέρας
2576 2267 2610 2341 ἡ
2652 2266 2759 2319 τῶν
2804 2267 3012 2336 ἀδὴλων
3056 2266 3150 2319 καὶ
3189 2265 3411 2333 ἀφανῶν
3462 2263 3628 2335 ἡμῶν

2061 2359 2310 2431 πράξεων
2342 2357 2699 2428 ἀνακάλυψις,
2728 2357 3112 2430 ἀπογυμνώσει
3143 2358 3238 2410 καὶ
3257 2350 3635 2427 ξτραχηλισμῷ

2060 2452 2268 2504 ἐοικυῖα
2296 2450 2613 2520 φανήσεται,
2660 2449 2871 2512 οὐδενὸς
2915 2449 3095 2502 λαθεῖν
3131 2447 3451 2513 δυναμένου,
3486 2444 3629 2500 ἀλλά

2058 2544 2275 2596 πάντων
2303 2543 2381 2605 εἰς
2412 2542 2472 2594 τὸ
2505 2543 2742 2613 ἐμφανὲς
2771 2540 3070 2611 ἀγομένων.

2379 2740 2491 2807 ιιεο.
2522 2770 2593 2779 -
2625 2738 2926 2808 ΕΥΤΟΝΙῼ
2977 2736 3307 2807 ΔΙΑΚυΝῼ.

2148 2854 2362 2925 Ἐπειδὴ
2395 2856 2634 2925 κατάρας
2657 2849 2724 2924 ἦν
2752 2856 2785 2922 ἡ
2824 2852 3033 2907 ἄκανθα
3064 2851 3349 2920 γεώργιον,
3393 2851 3516 2921 ἧνή
3553 2848 3629 2920 γῆ

2063 2946 2424 3017 κατεδικάσθη
2453 2945 2589 3017 μετά
2614 2944 2710 3015 τὴν
2754 2944 3024 3015 ἡμετέραν
3064 2940 3395 3013 παράϐασιν,
3444 2941 3631 2993 πᾶσαν

2062 3040 2118 3093 δὲ
2148 3037 2482 3111 θεραπεῦσαι
2509 3041 2565 3090 ὲν
2603 3037 2779 3107 ἑαυτῷ
2809 3039 2837 3090 ό
2879 3036 3079 3105 Κύριος
3108 3032 3465 3103 παρεγένετο·
3498 3030 3623 3084 ιιτοὺ⁸

2062 3149 2155 3184 του
2211 3131 2371 3201 χάριν
2436 3128 2674 3190 ἀκάνθας
2726 3127 2801 3191 ὡς
2841 3127 3132 3196 νικηφόρος
3196 3122 3627 3190 ἐστεφανώσατο,

2063 3221 2249 3293 ὥσπερ
2285 3222 2332 3274 οἱ
2385 3219 2593 3289 δόκιμοι
2643 3216 2855 3270 ποιοῦσι
2908 3215 3016 3267 τῶν
3071 3213 3332 3284 νικητῶν,
3392 3211 3523 3264 αὐτὸ
3567 3209 3630 3262 τὸ

2062 3311 2222 3365 ὅπλον
2252 3310 2284 3379 ἢ
2312 3309 2539 3381 ὄργανον
2568 3304 2985 3378 θριαμϐεύοντες
3011 3304 3145 3373 (95),
3170 3300 3240 3356 δι’
3258 3296 3318 3355 οὗ
3338 3301 3435 3369 τὴν
3463 3299 3623 3368 νίκην

2063 3403 2420 3473 εἰργάσαντο,
2458 3419 2477 3451 ι
2512 3400 2795 3466 Θαρσεῖτε,
2837 3396 3033 3463 λέγων,
3073 3392 3182 3463 ἐγὼ
3228 3393 3487 3463 νενίκηκα
3529 3392 3623 3444 τὸν

2063 3494 2283 3563 κόσμον.
2308 3511 2325 3542 ι
2373 3491 2431 3544 '0
2457 3488 2565 3560 γάρ
2597 3489 2655 3541 ὲν
2682 3491 2747 3559 τῇ
2779 3486 2937 3556 φύσει
2982 3486 3089 3539 τών
3133 3482 3434 3555 ἀνθρώπιον
3478 3483 3631 3551 γενό-

2067 3601 2248 3655 μενος,
2283 3582 2396 3653 [καὶ
2427 3584 2484 3634 ὲν
2512 3583 2624 3643 τοῖς
2650 3579 2829 3632 αὐτῶν
2854 3577 3157 3647 πταίσμασι
3193 3575 3268 3646 μὴ
3285 3571 3628 3645 γενόμενος,]

2064 3677 2157 3730 καὶ¹
2182 3676 2259 3747 τῷ
2288 3676 2435 3745 γένει
2467 3676 2565 3744 τὴν
2604 3673 2833 3744 ἀρχαίαν
2861 3671 3123 3741 καλλονὴν
3160 3668 3492 3731 ἀποδέδωκε,
3534 3667 3631 3719 καὶ

2063 3770 2126 3822 τὸ
2154 3769 2353 3840 κράτος
2382 3769 2480 3837 τῆς
2513 3766 2755 3836 κατάρας
2780 3767 2837 3818 ἐν
2865 3764 3001 3833 αὐτῇ
3039 3763 3107 3832 τῇ
3144 3760 3302 3829 φύσει
3336 3758 3628 3812 κατέλυσε.

2170 4069 2300 4134 ιιεῖπ
2331 4096 2402 4107 -
2430 4066 2696 4135 ΜΑΞΙΜῼ
2724 4062 3054 4132 ΦῙΛΟΣΟΦῼ
3088 4060 3354 4115 ΕΛΛΗΝΙ
3384 4058 3518 4129 (94).

2566 4177 2727 4231 Κατὰ
2774 4156 3101 4241 Ἐλλήνωνί

466 4283 864 4357 Philosophiam
913 4292 1110 4360 jactas,
1166 4308 1308 4348 vera:
1346 4296 1623 4362 sapientia:
1666 4296 1957 4362 inimicam,

2137 4294 2457 4369 Κομπάςεις
2490 4290 2807 4362 φιλοσοφίαν
2840 4288 3041 4360 ὲχθράν
3064 4287 3163 4356 τῆς
3203 4285 3371 4381 δντ-ως
3407 4280 3619 4381 copi}?

397 4372 577 4444 ipsum
607 4393 818 4448 quoque
868 4380 1091 4449 hujusce
1128 4383 1205 4437 rei
1249 4400 1443 4439 nomen
1488 4386 1706 4454 ejurans
1740 4394 1794 4440 et
1835 4386 1960 4440 inti-

2068 4386 2162 4438 καὶ
2191 4386 2323 4438 αὐτὸ
2368 4383 2697 4456 ἀρνούμενος
2726 4381 2787 4434 τὸ
2813 4379 2907 4433 τοῦ
2936 4379 3258 4449 πράγματος
3282 4374 3475 4444 ὄνομα.
3517 4370 3627 4424 Οὓ-

466 4556 514 4590 "
535 4557 649 4614 Jac.
680 4575 760 4628 ιιι,
793 4561 846 4615 1.
919 4562 963 4594 ¹⁶
991 4560 1153 4619 Hebr.
1189 4579 1261 4630 tv,
1308 4566 1394 4619 15.
1465 4566 1506 4596 ¹⁷
1535 4565 1691 4621 Joan.
1717 4582 1829 4632 ut,
1851 4566 1938 4622 3'5.

2089 4565 2269 4622 Galat.
2294 4581 2376 4632 ut,
2408 4565 2504 4632 l3;
2529 4561 2735 4620 Coloss.
2762 4579 2824 4629 ιι,
2858 4562 2947 4619 14.

1474 4719 1708 4776 VARUE
1746 4721 2133 4780 LECTIONES
2181 4720 2269 4776 ET
2309 4719 2543 4775 NOTAE.

466 4868 580 4941 (91)
614 4870 826 4943 Titulus
858 4874 1017 4943 hujus
1048 4874 1287 4940 epistolae
1317 4876 1394 4930 sic
1420 4877 1674 4931 scribitur
1706 4879 1757 4931 in
1789 4881 1947 4934 codd.

393 4940 503 4995 ΑΙι.
532 4956 588 4995 et
616 4942 736 5018 Yat.
769 4940 1030 5018 θέας’-Τῇ
1070 4944 1129 4997 ὲν
1150 4945 1474 5016 Ταϐεννήσῳ
1506 4951 1663 5018 μονῇ.
1702 4948 1857 5003 Vers.
1893 4950 1949 5014 5,

394 5012 823 5134 παὲαγράφεσθε
841 5055 856 5079 ,
887 5012 1046 5069 iidem
1096 5018 1251 5068 ambo
1305 5012 1461 5071 codd.
1507 5012 1703 5072 habéut
1728 5060 1743 5083 ,
1777 5012 1953 5089 παραὲ

394 5097 464 5134 γο
506 5098 651 5134 seu.
675 5084 831 5134 Solus
846 5094 1021 5134 autem
1043 5085 1148 5134 Alt.
1168 5084 1319 5134 Vers.
1337 5102 1472 5134 sem-
1494 5089 1734 5134 enistnlm
1752 5090 1951 5134 nemtlt-

391 5084 651 5159 γράφετε.
675 5084 831 5159 solus
846 5094 1021 5139 autem
1043 5084 1319 5159 Alt.\[ers.
1335 5102 1473 5159 _seq.,
1494 5089 1734 5156 epistolae
1751 5084 1952 5159 penult.

394 5150 522 5219 legit
548 5151 860 5221 αἰδεσθῆναι
893 5170 987 5222 pro
1021 5154 1305 5209 αἰδεῖσθαι.
1333 5150 1544 5212 Possm.

470 5222 581 5298 (Οἱ)
610 5222 761 5298 Quod
788 5223 979 5298 legitur
1017 5226 1066 5298 in
1101 5226 1246 5278 edito
1270 5226 1441 5298 δορῶν
1465 5230 1724 5295 Optimum
1764 5237 1868 5294 est,
1897 5238 1955 5283 et

394 5290 515 5379 sine
544 5292 709 5379 dubio.
762 5290 1604 5379 praeferendutn‘lectioniquam
1647 5298 1804 5379 oﬁ'ert
1830 5290 1949 5379 cod.

392 5358 519 5414 Vat.
546 5359 671 5432 649,
696 5358 879 5432 legens
909 5362 1109 5432 φόρων.
1137 5365 1240 5417 Sed
1271 5382 1393 5420 eum
1422 5358 1507 5421 hic
1529 5370 1719 5423 merito
1753 5370 1955 5423 deserit

394 5445 580 5484 comes
608 5431 724 5498 ejus
755 5431 892 5486 alias
930 5431 1234 5485 individuus
1273 5438 1393 5490 cod.
1418 5436 1550 5500 Alt.,
1588 5455 1708 5491 nam
1750 5441 1834 5494 hic
1868 5441 1952 5492 di-

398 5502 916 5575 serteconsentieus
953 5501 1207 5575 editioni,
1241 5503 1411 5575 δορῶν
1443 5507 1620 5561 habet.
1654 5508 1811 5563 Vers.
1849 5510 1947 5562 ult.

398 5583 499 5640 pro
524 5571 583 5624 τὸ
612 5571 871 5641 ἐμφανὲς,
914 5572 1033 5627 cod.
1069 5569 1176 5625 Alt.
1228 5569 1521 5644 elegantius
1550 5579 1735 5633 scribit
1784 5581 1951 5648 τούμ-

2054 4878 2241 4948 φανές.
2270 4878 2479 4948 Possm.

2127 4934 2238 5034 (θεέ)
2267 4947 2434 5028 θρίω·
2488 4945 2609 5034 Υπιι
2657 4944 2763 5034 649.
2795 4952 2859 5034 ει.
2888 4934 3624 5034 λιξιξῑιηῑείνιυξξι.,βαδιεῖ

2055 5004 2302 5081 ϐεὒοντες
2334 5018 2384 5070 in
2412 5017 2628 5070 verbum
2656 5022 2883 5086 mutant,
2912 5004 3230 5086 scribendo,
3256 5004 3625 5086 θριαμϐεύον-

2055 5106 2165 5143 ται.
2208 5075 2358 5142 Vers.
2396 5087 2449 5148 8,
2490 5087 2610 5139 cod.
2654 5084 2761 5135 Alt.
2804 5081 3235 5152 postysvdjtsvo;
3258 5075 3460 5128 oniitttt
3495 5075 3629 5138 καὶ,

2057 5169 2113 5214 et
2145 5169 2265 5229 post
2289 5159 2346 5210 ὲν
2374 5156 2513 5229 quod
2534 5156 2773 5229 sequitur
2792 5148 2957 5229 addit.
2988 5150 3062 5229 δέ.
3082 5148 3306 5229 Possm:

2131 5210 2257 5298 (ﬁt)
2282 5229 2336 5281 In
2376 5210 2676 5298 titulo,__iila
2721 5223 2929 5298 verba,
2957 5218 3226 5298 φιλοσόφῳ
3254 5214 3496 5298 "annm,
3529 5210 3629 5298 ab-

2063 5285 2185 5351 sunt
2214 5285 2242 5351 ii
2272 5298 2390 5351 cod.
2421 5296 2523 5349 Alt.
2545 5285 2706 5348 'Vers.
2739 5309 2776 5355 t,
2808 5293 2857 5342 in
2898 5285 3084 5343 iisdem
3116 5285 3234 5340 θοαὶ.
3269 5285 3470 5354 ἔχθραν
3494 5285 3632 5355 ςςνίτ

2063 5350 2361 5423 ίιὶιιιίνίοιιιιι
2387 5375 2608 5419 accentu
2645 5364 2699 5418 in
2732 5350 2779 5417 εξ
2808 5360 2961 5415 Vers.
2988 5359 3020 5411 8
3049 5373 3145 5425 pro
3169 5350 3453 5425 Osétqtdg.
3481 5350 3627 5425 quod

2062 5422 2273 5491 videtur
2302 5445 2525 5500 rectum,
2550 5450 2685 5490 unus
2712 5436 2834 5488 cod.
2883 5422 3060 5483 Vatic.
3089 5429 3212 5493 6&9,
3248 5422 3409 5479 habet
3433 5422 3631 5487 θεότηε·

2061 5524 2170 5572 τος.
2198 5510 2403 5562 Possm.
