3944 6138
314 223 418 288 249

1202 230 1730 295 EPISTOLARUM
1767 236 1913 299 LIB,
1956 237 2005 296 Ι.
2070 267 2113 274 -
2149 242 2385 307 EPIST.
2427 250 2626 310 XCIX.

3424 266 3528 330 250

312 339 528 407 δὲειτὰρ
568 337 756 407 ἔτερόν
796 338 912 389 ἐστι
961 337 1262 408 φιλοσοφία,
1293 340 1325 412 ἢ
1363 342 1423 393 τὸ
1449 342 1662 405 πάντως
1690 344 1846 411 φιλείι

1969 349 2136 405 cians.
2172 352 2355 423 Neque
2377 359 2519 411 enim
2552 360 2695 413 aliud
2718 362 3009 433 quidquam
3035 378 3120 423 est
3163 370 3525 444 philosophia,

311 432 405 500 τὴι
447 428 661 496 σοφίαν.
731 428 791 480 Εἰ
843 424 935 480 οὖν
974 430 1139 492 ὅντως
1197 431 1431 503 ἐραστὴς
1494 427 1633 486 εἶναι
1686 433 1863 502 βούλει

307 522 519 591 σοφίας,
569 520 669 591 τὴν
728 520 896 583 ὅντως
958 522 1145 589 ἀγάπα
1197 522 1409 591 σοφίαν,
1460 526 1521 577 οὐ
1575 526 1666 577 τὸν
1709 525 1861 593 λόγον

306 615 485 685 μόνον,
539 613 675 666 ἀλλὰ
719 613 812 666 καὶ
861 614 951 666 τὸν
1009 614 1120 682 βίον
1163 615 1568 683 σεμνύνουσαν,
1622 617 1715 669 καὶ
1764 620 1863 689 τὴν

301 704 475 774 ἀληθῆ
508 704 805 775 θρησκείαν
829 705 1211 762 παιδεύουσαν.
1238 709 1339 761 Ἦν
1367 709 1474 778 γὰρ
1502 708 1663 771 αὐτὸς
1690 713 1860 779 ἐπαγ-

304 796 490 867 γέλλῃ,
536 797 632 849 καὶ
686 795 779 850 νῦν
827 797 1137 867 ὀφλισκάνει
1181 800 1412 869 γέλωτα,
1453 800 1711 873 θεότητας
1762 821 1862 856 κα-

302 887 465 941 λοῦσα
478 889 577 952 τὰς
608 890 787 959 πηγὰς
808 892 901 959 τῆς
924 893 1294 963 αὶσχρότητος,
1326 896 1419 947 καὶ
1449 896 1505 947 ὲν
1532 896 1608 966 τῷ
1642 899 1863 967 μέλλον-

301 996 351 1031 τι
378 982 650 1050 τιμωρίαν
682 982 858 1034 ώδίνει
913 983 1363 1057 [ἀσύγγνωστον],
1418 988 1549 1039 ὅπου
1596 1005 1678 1040 σοι
1731 993 1855 1053 τοὺς

302 1073 597 1136 Κωκυτούς
653 1075 748 1126 καὶ
794 1074 1288 1144 Πυριφλεγέθοντας
1341 1080 1369 1131 ὁ
1418 1079 1639 1131 Πλάτων
1694 1081 1857 1148 ἠπεί-

303 1162 368 1233 λη
378 1179 487 1217 σεν.

809 1258 920 1322 ιΖσ.
960 1286 1029 1298 --
1063 1258 1347 1329 ΥΜΗἸΊῼ.

379 1392 542 1446 Κατὰ
578 1392 1054 1459 Μακεδονιανῶν,
1088 1394 1218 1463 ἦτοι
1250 1388 1791 1469 Πνευματομάχων.

369 1504 481 1556 Ἵνα
510 1503 657 1576 δείξῃ
690 1505 786 1575 τὴν
841 1506 974 1577 πρὸς
1017 1507 1205 1560 ἑαυτὸν
1238 1509 1330 1560 καὶ
1370 1509 1457 1562 τὸν
1505 1512 1726 1584 Πατέρα
1758 1514 1852 1567 τοῦ

300 1596 563 1663 παναγίου
632 1598 942 1667 Πνεύματος
976 1599 1185 1662 ἕνωσιν,
1230 1602 1258 1651 ό
1314 1601 1514 1670 Κύριος
1565 1606 1596 1673 ἡ

302 1795 320 1825 ι
344 1774 549 1828 Λάϐετε
581 1777 798 1847 Πνεῦμα
830 1778 1009 1847 ἆγιον.
1033 1780 1130 1832 Ἀν
1155 1798 1312 1834 τινων
1344 1784 1514 1851 ἀφῆτε
1543 1788 1641 1850 τὰς
1672 1790 1850 1859 ἁμαρ-

294 1868 428 1931 τίεις,
459 1869 706 1937 ἀφίενται
728 1888 743 1901 ·
778 1890 795 1921 ι
821 1874 885 1941 τῇ
909 1871 1160 1944 αύθεντίᾳ
1186 1875 1340 1944 δῆλον
1366 1877 1445 1929 ὅτι
1466 1872 1525 1931 οὗ
1549 1879 1850 1949 λαμϐάνετε

296 1960 627 2029 Πνεύματος,
660 1960 753 2013 τοῦ
798 1960 991 2026 θεῖκῶς
1015 1964 1123 2034 (95)
1172 1972 1474 2038 συγχωρεῖν
1504 1971 1571 2023 τὰ
1596 1973 1849 2044 ἁμαρτή-

297 2067 437 2119 ματα
462 2050 694 2121 ἔχοντος.

524 2166 648 2232 ιιιίν.
684 2198 753 2208 -
781 2168 1123 2241 ΦΡΟΝΤΙΝῼ
1156 2172 1261 2242 (96)
1292 2174 1599 2247 ΜΟΝΑΧῼ.

478 2281 618 2347 Περὶ
657 2280 763 2333 τοῦ
794 2283 1085 2349 λαϐόντος
1114 2288 1200 2350 εὶς
1230 2285 1343 2352 τὴν
1374 2291 1647 2357 σιαγόνα.

354 2392 415 2444 Ei
446 2392 628 2461 λόγοις
653 2393 920 2466 ὲτρώθης,
966 2398 1062 2450 καὶ
1092 2399 1228 2469 πρὸς
1260 2400 1429 2472 ὀργὴν
1472 2401 1697 2472 ἄσχετον
1749 2404 1839 2469 ὲξ-

286 2483 538 2554 ηνέχθης,
570 2485 685 2548 πῶς
704 2486 929 2541 δύνασαι
950 2488 1043 2540 τοῦ
1081 2492 1406 2545 Δεσποτικοῢ
1428 2495 1663 2566 ἐργάτης
1690 2496 1844 2565 γενέ-

291 2574 409 2626 σθαι
434 2575 790 2644 ἁμπελῶνος;
843 2578 933 2630 τὸν
961 2578 1068 2651 γὰρ
1112 2581 1210 2651 τὴν
1265 2583 1392 2652 μίαν
1432 2586 1655 2653 σιαγόνα
1690 2588 1845 2640 παιό-

291 2682 467 2735 μενον,
534 2668 631 2720 xui.
686 2667 783 2738 τὴν
851 2670 1043 2741 ἑτέραν
1098 2673 1442 2741 προστιθέναι
1516 2676 1835 2746 δυνάμενον,

283 2757 486 2809 ἐκεῖνον
515 2753 655 2811 εἶναι
678 2758 936 2829 ὁρίζεται,
966 2759 1100 2833 [τὸν]
1124 2764 1182 2813 τὸ
1203 2762 1365 2832 βάρος
1387 2768 1486 2835 τῆς
1509 2766 1722 2837 ἡμέρας
1750 2769 1845 2821 καὶ

282 2849 373 2903 τὸν
410 2851 670 2905 καύσωνα
707 2853 960 2924 φέροντα,
1000 2854 1076 2917 ὠς
1113 2857 1291 2908 πᾶσαν
1336 2857 1598 2927 ἐργασίαν
1629 2859 1729 2929 τῆς
1755 2861 1844 2912 ἐν·

282 2939 438 3011 τολῆς
482 2941 580 2994 τοῦ
624 2944 829 3014 Κυρίου
881 2946 1263 3017 πληρώσαντα.
1299 2947 1363 3001 Et
1394 2946 1487 3002 οὖν
1523 2951 1693 3024 ὀρέγῃ
1738 2953 1847 3007 τῶν

1966 457 2125 509 quam
2151 446 2470 512 sapientiam
2505 453 2724 505 omnino
2766 470 2969 512 amare.
3006 460 3363 526 Quamobrem
3399 469 3443 523 si
3472 479 3528 523 tu

1966 547 2125 586 verus
2152 538 2428 602 sapientiae
2474 552 2687 595 amator
2724 559 2843 599 esse
2880 552 3050 618 cupis,
3094 568 3273 607 veram
3309 561 3529 626 sapien-

1968 626 2095 677 tiam
2149 641 2268 680 ama
2332 646 2345 683 :
2407 646 2524 697 quae
2583 648 2686 687 non
2748 652 3050 694 sermonem
3108 646 3385 712 duntaxat,
3433 654 3525 704 sed

1964 716 2123 767 etiam
2179 717 2339 770 vitam
2390 734 2634 786 exornat,
2692 739 2754 779 ac
2796 742 2974 782 veram
3013 732 3322 803 religionem
3347 741 3523 793 docet.

1962 805 2096 858 Nam
2139 822 2223 873 ea,
2274 824 2432 877 quam
2484 828 2623 867 nunc
2668 819 2957 885 proﬁteris,
3002 833 3058 875 et
3103 841 3243 880 nunc
3303 829 3527 883 ridicula

1962 906 2064 959 est,
2098 906 2156 949 ut
2199 914 2315 966 quae
2366 901 2713 956 obst'enitatis
2756 906 2931 962 fontes
2976 911 3286 969 divinitates
3327 929 3525 983 vocet,

1962 987 2089 1040 etin
2117 988 2297 1043 futuro
2330 1006 2444 1043 aevo
2462 995 2755 1049 cruciatum
2779 1000 2945 1053 venia:
2961 1013 3235 1069 expertem
3266 1009 3526 1073 parturit,

1964 1081 2049 1133 ubi
2083 1082 2287 1135 scilicet
2310 1082 2541 1153 Cocytos
2567 1086 2660 1139 tibi
2694 1105 2756 1142 ac
2786 1088 3203 1161 Phlegethontas
3232 1097 3383 1153 Plato
3421 1100 3523 1153 mi-

1961 1183 2117 1226 natus
2142 1185 2243 1227 CSI.

2416 1293 2618 1351 XCVII.
2640 1325 2709 1337 —
2739 1296 3064 1356 ΙΙῨΜΕΤΙΟ.

1994 1422 2187 1477 Contra
2218 1424 2643 1497 Macedonianos,
2682 1432 3051 1503 seuISpiritum
3095 1441 3481 1511 impugnantes.

2024 1537 2126 1606 31
2158 1540 2410 1595 Dominus
2438 1555 2491 1596 et
2518 1546 2676 1599 herus
2699 1561 2898 1613 noster,
2922 1560 2978 1601 ut
3001 1553 3324 1606 sanctissimi
3344 1555 3519 1624 Spiri-

1609 1606 1721 1708 ίιῶν
1758 1607 1853 1709 ξολ
1887 1689 1927 1709 ἢ
1958 1633 2043 1681 tus
2075 1644 2256 1682 secum
2280 1642 2472 1687 etcum
2496 1632 2653 1688 Patre
2676 1638 3107 1706 conjunctionem
3131 1647 3458 1709 ostenderet,
3485 1662 3517 1701 a

296 1686 590 1756 Δεσπότης,
613 1686 715 1756 ἔφη
735 1692 844 1751 τοῖς
870 1690 1135 1759 μαθηταῖς
1153 1692 1216 1742 ὲκ
1238 1691 1343 1743 τῶν
1360 1694 1565 1763 νεκρῶν
1590 1697 1847 1762 ἀναστὰς,
1887 1689 1928 1745 Β

1958 1731 2129 1776 morte
2162 1725 2228 1777 ad
2264 1726 2425 1780 vitam
2463 1730 2749 1793 excitatus,
2784 1734 3058 1802 discipulis
3092 1736 3245 1802 dixit,
3295 1757 3313 1788 ι
3348 1741 3510 1793 Acci-

1951 1816 2059 1881 pite
2107 1816 2365 1884 Spiritum
2418 1832 2686 1875 sanctum.
2743 1823 2981 1889 Quorum
3033 1828 3348 1883 remiseritis
3392 1843 3519 1898 pec-

1951 1916 2091 1970 cata,
2158 1912 2495 1964 remittentur
2552 1914 2670 1967 eis:
2705 1915 2762 1981 _"
2796 1935 2816 1967 ι
2896 1918 3214 1973 auctoritate
3270 1921 3519 1976 videlicet

1949 1998 2085 2066 ejus,
2112 2014 2269 2069 quem
2306 2003 2566 2069 accipitis,
2602 2003 2854 2072 Spiritus,
2888 2008 2987 2062 hoc
3015 2009 3196 2063 divine
3250 2012 3519 2079 habentis,

1950 2102 2009 2143 ut
2041 2103 2259 2159 peceata
2303 2096 2557 2148 remittat.

2180 2205 2897 2265 XC\’lll.—PllitONTlN0
2936 2213 3289 2270 MONACHO.

2169 2298 2241 2352 De
2268 2317 2326 2354 eo
2354 2303 2443 2371 qui
2472 2303 2678 2371 plagam
2703 2306 2755 2357 in
2774 2308 3044 2361 maxillam
3076 2313 3293 2376 accepit.

2021 2415 2076 2470 Si
2119 2417 2297 2471 verbis
2354 2418 2669 2475 vulneratus
2720 2436 2800 2485 es,
2854 2433 3013 2492 atque
3064 2423 3115 2478 in
3168 2426 3520 2495 impotentem

1948 2507 2278 2563 iracundiam
2304 2511 2795 2581 erupisti,quonam
2831 2525 2987 2582 pacto
3019 2515 3310 2571 Dominica:
3350 2519 3521 2573 VittCIB

1946 2604 2224 2670 operarius
2262 2602 2395 2658 elIici
2445 2614 2596 2673 potes
2631 2607 2718 2660 ὀἳ
2758 2607 2954 2660 etenim
2984 2622 3127 2674 eum,
3170 2609 3260 2677 qui
3302 2625 3423 2662 cum
3461 2612 3516 2663 in

1947 2710 2107 2747 unam
2149 2696 2423 2749 maxillam
2467 2696 2676 2761 feritur,
2715 2701 2936 2753 alteram
2976 2716 3189 2770 quoque
3227 2702 3521 2771 adjungere

1948 2796 2143 2853 potest,
2175 2787 2316 2841 hunc
2338 2803 2460 2841 esse
2493 2790 2704 2855 Statuit,
2742 2792 2831 2859 qui
2871 2791 2975 2844 dici
3006 2794 3213 2859 pondus
3246 2804 3297 2846 et
3329 2804 3519 2845 azstum

1950 2875 2072 2938 fert,
2105 2885 2160 2927 ut
2191 2876 2278 2943 qui
2322 2891 2533 2930 omnem
2576 2877 2833 2931 Dominici
2874 2881 3108 2932 mandati
3138 2882 3504 2947 Operationem

1947 2965 2258 3033 expleverit.
2302 2966 2479 3032 Quare
2518 2967 2562 3021 si
2614 2978 2665 3021 te
2703 2982 3018 3036 magnarum
3051 2969 3263 3021 illarum
3310 2984 3516 3023 merce—

286 3033 532 3101 μεγάλων
569 3035 777 3103 μισθῶν
813 3036 1101 3110 [ἐκείνων],
1138 3038 1275 3110 πρὸς
1316 3042 1439 3105 τοὺς
1474 3044 1701 3113 ἥττονας
1748 3046 1845 3097 πό-

1955 3060 2073 3111 dum
2115 3058 2379 3124 cupiditas
2429 3066 2590 3123 tenet,
2634 3063 2700 3112 ad
2751 3059 2985 3112 minores
3038 3059 3249 3113 labores
3274 3062 3513 3115 animum

282 3141 403 3187 νους
427 3126 501 3194 μὴ
532 3125 684 3191 ἀλυε,
710 3125 845 3181 ἀλλὰ
873 3130 1120 3199 στέργειν
1144 3133 1270 3195 τοὺς
1300 3132 1553 3203 μείζονας
1574 3134 1738 3201 ἔθιζε,
1769 3136 1842 3199 ὡς

280 3217 377 3268 οὐκ
406 3218 580 3281 ἄλλως
628 3219 880 3289 δηνάριον
926 3223 1304 3294 κομιούμενος,
1342 3227 1391 3279 εί
1426 3227 1501 3297 μὴ
1545 3228 1727 3282 κόπων
1754 3246 1842 3282 τε-

284 3304 510 3380 λειότητι
541 3312 1009 3385 μαρτυρούμενος.

587 3491 701 3557 ιβ’.
737 3522 808 3531 -
833 3493 1119 3565 ΓΕΛΑΣΙῼ
1149 3497 1356 3551 Δογκι
1386 3497 1525 3569 (97).

283 3579 416 3645 Περὶ
460 3581 896 3650 ὑπερηφανίας,
938 3585 1034 3637 καὶ
1071 3586 1423 3657 ἀδυναμίας,
1470 3592 1567 3645 καὶ
1598 3593 1840 3650 οὐθενό-

959 3671 1155 3723 τητος.

350 3764 507 3826 Ἐθος
556 3766 677 3819 ἐστὶ
738 3766 850 3830 τοῖς
907 3766 1233 3837 ἀνθρώποις,
1273 3771 1321 3823 εί
1377 3772 1618 3827 καὶτῶν
1682 3774 1840 3831 θείων

280 3851 549 3922 ἀλλότριον
578 3856 779 3924 νόμων,
806 3857 953 3927 ὅμως
980 3858 1073 3909 ἐπὶ
1118 3858 1330 3922 πολλοῖς
1364 3860 1396 3930 ἢ
1433 3861 1601 3929 γένει,
1637 3862 1670 3933 ἢ
1708 3881 1839 3934 φρο-

222 4006 225 4009 ν
284 3949 450 4013 νὴσει,
486 3946 520 4015 ἢ
556 3948 767 4015 κτήσει,
810 3947 842 4017 ἢ
876 3947 1084 4012 κάλλει,
1117 3948 1150 4019 ἢ
1204 3950 1330 4022 ἀξία
1358 3951 1701 4028 ἐπαίρεσθαι.
1735 3956 1838 4008 Οὐ-

281 4036 362 4089 δὲν
388 4038 445 4091 δὲ
474 4039 675 4106 ὠφελεῖ
703 4040 838 4118 προς
862 4041 1238 4112 ὑπερηφανίαν
1267 4046 1462 4108 αὐτοὺς
1491 4047 1617 4109 τοὺς
1642 4048 1706 4099 εκ
1737 4047 1839 4118 τῆς

284 4127 379 4195 γῆς
402 4129 584 4192 ὄντας,
640 4132 733 4184 καὶ
766 4112 926 4184 πάλιν
974 4136 1110 4204 πρὸς
1158 4136 1325 4207 αὐτὴν
1377 4112 1833 4208 ὑποστρέφονταξ.

281 4216 490 4269 Τούτων
520 4220 603 4271 ὅτι
634 4220 786 4274 οὐδέν
826 4238 907 4274 σοι
934 4228 995 4275 τὸ
1028 4226 1249 4277 σύνολον
1288 4227 1597 4297 πρόσεστιν,
1629 4229 1737 4281 οὐδ’
1768 4229 1835 4288 ἂν

1945 3147 2164 3201 minime
2189 3147 2427 3214 dejicias,
2461 3163 2645 3202 verum
2679 3150 2743 3202 ad
2778 3150 3007 3218 majores
3036 3152 3418 3220 amplexantlos
3465 3152 3521 3206 te

1943 3253 2156 3301 exerce,
2221 3248 2278 3292 ut
2325 3241 2415 3309 qui
2476 3240 2676 3308 alioqui
2730 3242 3005 3294 denarium
3062 3244 3283 3296 minime
3327 3258 3514 3311 perce-

1940 3340 2129 3400 pturus
2152 3330 2250 3397 sis,
2269 3333 2372 3386 nisi
2395 3341 2446 3386 te
2471 3332 2682 3387 labores
2704 3333 2855 3402 plebe
2877 3333 3257 3404 cumulateque
3280 3334 3515 3389 subiisse

1940 3431 2173 3477 constet.

2320 3514 2503 3569 XCIX.
2525 3545 2592 3554 —
2614 3514 2908 3570 GELASIO
2947 3514 3123 3572 DUCI.

2127 3605 2205 3661 De
2233 3609 2472 3677 superbia
2502 3620 2548 3662 et
2578 3610 2882 3676 impotentia
2909 3626 2970 3661 ac
2994 3619 3311 3678 contemptu.

2006 3786 2101 3841 Est
2130 3787 2233 3842 hoc
2276 3789 2415 3857 apud
2465 3788 2660 3844 multos
2702 3790 2947 3843 homines
3008 3791 3059 3843 in
3108 3790 3497 3845 consuetudine

1939 3880 2193 3949 positum,
2228 3881 2331 3934 etsi
2358 3881 2555 3949 alioqui
2596 3897 2624 3933 a
2661 3882 2858 3935 divinis
2903 3882 3107 3951 legibus
3154 3884 3415 3948 alienum,
3452 3893 3511 3938 ut

1938 3980 2031 4025 aut
2057 3972 2287 4040 generis,
2312 3982 2404 4024 aut
2430 3972 2749 4040 prudentia},
2783 3982 2874 4025 aut
2905 3988 3090 4041 opum,
3139 3983 3231 4027 aut
3265 3974 3505 4041 pulchri-

1938 4063 2161 4126 tudinis,
2212 4071 2304 4117 aut
2353 4064 2627 4132 dignitatis
2681 4065 2896 4117 nomine
2952 4065 3272 4133 glorientur.
3322 4065 3509 4130 Quan-

1937 4168 2097 4221 quam
2138 4153 2272 4206 nihil
2300 4153 2399 4207 hoc
2429 4154 2560 4221 ipsis
2599 4153 2665 4207 ad
2703 4155 3005 4223 superbiam
3045 4156 3289 4209 utilitatis
3327 4156 3505 4221 affert,

1938 4247 2027 4314 qui
2049 4259 2079 4299 e
2109 4253 2248 4299 terra
2273 4247 2376 4299 orti
2409 4255 2555 4308 sunt,
2589 4254 2640 4297 et
2674 4262 2862 4301 rursus
2889 4247 2953 4300 ad
2982 4264 3100 4302 eam
3136 4259 3502 4304 revertuntur.

282 4310 435 4372 αὐτὸς
470 4312 785 4381 ἁρνηθείης.
819 4314 883 4366 Εἰ
917 4310 1010 4367 οὖν
1044 4316 1261 4368 πάντων
1293 4318 1403 4369 τῶν
1432 4320 1566 4389 πρὸς
1602 4320 1834 4393 ἔπαρσιν

1962 4339 2137 4390 larum
2161 4346 2337 4390 autem
2364 4353 2540 4391 rerum
2576 4338 2771 4390 nullam
2806 4339 3026 4393 Omnino
3064 4340 3155 4392 tibi
3196 4341 3391 4402 inesse,
3430 4354 3496 4392 ne

282 4403 568 4467 φυσώντων
602 4405 910 4474 ὲστέρησαι,
943 4407 1204 4478 δυσγενὴς
1234 4409 1309 4462 ὢν
1354 4411 1448 4463 καὶ
1482 4388 1833 4481 πτωχὸςνκαὶ

1960 4444 2051 4497 pse
2076 4429 2289 4496 quidem
2324 4431 2534 4484 inﬁcias
2583 4431 2768 4485 iveris.
2802 4431 3059 4497 Quocirca
3099 4448 3219 4485 cum
3258 4432 3507 4485 omnibus

280 4492 495 4558 δύσνους
524 4496 621 4548 καὶ
657 4496 868 4568 ἰδιώτης
888 4496 1052 4571 [λίαν]
1088 4502 1181 4554 καὶ
1210 4501 1533 4572 δύσμορφος,
1554 4506 1608 4557 τί
1633 4505 1835 4576 [σοϐεἴς

1955 4519 2019 4571 iis
2044 4520 2225 4586 rebus,
2247 4536 2364 4589 qua“:
2395 4521 2669 4574 hominum
2708 4522 2918 4575 animos
2959 4522 3165 4582 inllant.
3209 4537 3270 4574 ac
3315 4535 3506 4588 snper-

280 4584 360 4638 δια
404 4588 505 4656 τῆς
552 4588 803 4661 πόλεως,]
858 4591 932 4655 ὼς
981 4595 1200 4647 πάντων
1240 4596 1627 4667 ἐπιδοξότερος,
1688 4599 1828 4671 [καὶ]

1955 4621 2030 4661 tos
2083 4617 2138 4661 et
2182 4584 2472 4664 insolentes
2511 4611 2757 4673 reddunt,
2802 4627 2989 4664 careas
3026 4612 3252 4679 (quippe
3302 4609 3390 4677 qni
3443 4617 3499 4662 et

283 4677 479 4732 πολλῶν
501 4682 519 4702 ⁶
552 4682 691 4752 αὐτῇ
715 4684 836 4754 γίνῃ
864 4685 1106 4756 θορύϐων
1137 4687 1407 4759 ἀρχηγὸς;
1442 4692 1511 4743 Ἣ
1532 4692 1699 4758 γνῶθι
1727 4694 1830 4746 τοί-

283 4784 367 4823 νυν
400 4773 615 4836 σαυτὸν,
654 4776 750 4828 καὶ
782 4777 1094 4848 σύμμετρον
1133 4779 1332 4849 κτῆσαι.
1370 4782 1461 4835 τὸν
1502 4785 1701 4854 τρόπον
1727 4788 1827 4858 τῆς

356 4927 396 4958 ’⁸
425 4925 578 4984 Joan.
614 4946 707 4996 xx,
737 4931 828 4999 22,
854 4933 945 4988 23.
1016 4936 1061 4967 ⁸⁸
1093 4934 1282 4990 Matth.
1311 4955 1402 5004 xx,
1438 4940 1463 4992 1
1504 4954 1659 5011 seqq.

1930 4700 2151 4769 ignobili
2192 4716 2387 4771 genere
2430 4703 2524 4767 sis,
2565 4711 2621 4756 et
2664 4718 2871 4771 pauper
2909 4713 2961 4755 et
2995 4702 3131 4754 tardi
3184 4700 3401 4770 ingenii,
3433 4708 3490 4752 et

1930 4790 2178 4847 indoctus
2226 4793 2510 4847 admodum
2563 4808 2627 4848 ac
2679 4792 2991 4861 deformis),
3036 4792 3185 4860 quid,
3247 4802 3500 4860 tanquam

1356 5094 1589 5149 νΑιιιΑε
1637 5096 2020 5154 ιΕΟΤΙΟΝΕΞ
2053 5100 2138 5154 ET
2183 5098 2423 5154 NOT/E.

344 5241 448 5309 (95)
489 5243 592 5299 Pro
620 5242 712 5299 τοῦ
738 5244 936 5308 θεῖκῶς
963 5247 1083 5302 cod.
1119 5248 1224 5300 Alt.
1256 5248 1375 5313 legit
1396 5250 1455 5301 τὸ
1479 5251 1692 5315 Θεῖκῶς,
1724 5262 1827 5307 etc.

283 5306 591 5392 Versu-vero
627 5318 725 5369 ult.
761 5306 927 5392 ambq
948 5318 1104 5370 codd.
1133 5318 1252 5371 Vat.
1280 5306 1381 5373 6'49
1403 5333 1457 5373 et
1486 5322 1593 5375 Alt.
1620 5306 1832 5392 ἐῇςοντος

284 5378 328 5431 in
361 5382 589 5449 διδόντος
620 5396 857 5441 vertunt.
892 5386 1094 5440 Possm.

343 5453 447 5521 (96)
476 5455 601 5509 Haec
635 5456 796 5522 epist.
828 5455 879 5508 in
904 5459 1056 5510 codd.
1095 5456 1213 5511 Vat.
1239 5457 1340 5513 649
1360 5468 1414 5513 et
1435 5460 1542 5514 Alt.
1578 5461 1828 5517 inscribi-

2010 5257 2119 5324 (97)
2154 5257 2204 5310 In
2239 5260 2390 5311 titulo
2431 5275 2526 5328 pro
2570 5258 2729 5310 Δουκί
2763 5259 2917 5312 codd.
2967 5258 3086 5313 Vat.
3131 5261 3232 5315 649
3275 5270 3327 5311 et
3382 5260 3491 5314 Alt.

1940 5326 2134 5379 habent
2159 5326 2606 5397 Δουκικῷξνριέ.
2631 5329 2664 5381 2
2699 5330 2854 5382 (δοιίιί.
2889 5330 3045 5381 iidem
3079 5331 3170 5382 ἐπὶ
3207 5332 3492 5381 ntutant'in

1936 5396 2069 5448 ἐστί.
2108 5396 2259 5468 Yers.
2292 5399 2324 5451 5
2352 5396 2446 5465 pro
2478 5399 2532 5450 δὲ
2560 5403 2677 5452 cod.
2717 5400 2824 5452 Alt.
2875 5399 2982 5468 γὰρ
3016 5402 3308 5452 substituit.
3346 5399 3490 5452 Idem

1920 5480 2072 5518 vers.
2167 5466 2427 5539 δυσγενὴς
2480 5470 2530 5521 in
2554 5538 2557 5539 ν
2580 5468 2835 5539 δυστενὴς
2866 5466 3151 5539 convertit.
3194 5470 3469 5539 Vcrsn__se

286 5526 363 5603 tn'r
389 5541 485 5575 non
518 5526 793 5608 Φροντίνω
820 5567 831 5586 ,
860 5528 964 5608 Δειειί
992 5527 1389 5608 φροντωνξανιῖί.
1437 5530 1590 5608 Vers.
1630 5532 1709 5608 5_,_
1726 5532 1826 5603 τὴν

1955 5535 2111 5608 [uenti
2143 5526 2288 5601 quod.
2321 5526 2515 5608 leéitur
2551 5538 2601 5591 in
2658 5526 2835 5601 editis,
2869 5538 3020 5599 λίαν,
3056 5540 3105 5591 in
3152 5541 3310 5593 endd.
3364 5535 3487 5590 Vat.

290 5590 402 5667 μίαν
431 5590 673 5667 σιαγόνα,
693 5590 829 5667 cod.
848 5594 954 5648 Alt.
992 5590 1167 5661 habet,
1189 5602 1253 5667 τῇ
1286 5590 1382 5667 μιᾷ
1411 5600 1634 5665 σιαγόνι.
1668 5590 1821 5658 Vera.

289 5657 317 5711 5
338 5661 418 5716 τὸν
440 5657 678 5722 clausum
713 5666 922 5723 uncinis
952 5682 979 5720 at
1002 5669 1122 5724 cod.
1154 5657 1262 5725 Αιίζ
1286 5657 1462 5727 ἰὼόει.
1491 5657 1699 5727 Possm.

1929 5604 2030 5658 ($49
2063 5614 2115 5657 et
2145 5608 2250 5660 Alt.
2300 5604 2401 5660 non
2431 5619 2722 5676 comparet.
2763 5609 2933 5676 Iidem
2968 5609 3123 5660 codd.
3163 5624 3303 5663 vers.
3332 5618 3455 5661 ante

1927 5677 2124 5742 penult.
2148 5694 2243 5748 pro
2270 5678 2469 5748 χρυσοῦ
2511 5675 2704 5734 habent
2734 5675 2956 5747 χαλκοῦ.
2994 5676 3201 5733 Possm.
