3944 6138
340 240 443 305 251
1515 251 1574 311 S.
1621 250 1721 313 ISI
1731 250 1912 309 DORI
1943 247 2404 314 PELUSIOTIEI
3450 247 3560 309 252

345 355 584 409 omnium
630 358 933 412 mortalium
968 359 1327 425 clarissimus,
1381 375 1473 430 per
1525 364 1712 417 urbem
1758 366 1903 416 inso-

2026 360 2276 422 ιύδενείας
2300 376 2415 423 σου,
2449 357 2482 429 ἥ
2513 355 2651 427 πρὸς
2701 357 2895 420 πόνους
2926 356 3019 410 καὶ
3068 356 3347 421 κινδύνους
3388 358 3568 429 παρά-

348 450 541 511 lenter,
586 456 746 516 atque
780 450 995 503 obvium
1036 466 1307 520 quemque
1354 451 1735 517 submovendo,
1780 467 1906 522 gra-

2026 451 2178 515 ταξαι,
2207 444 2287 513 οἷς
2322 467 2380 502 σε
2412 451 2466 502 ,οί
2500 450 2556 501 ὲν
2594 448 2818 518 δυνάμει
2845 447 3184 518 ἀμείψονται.
3214 448 3431 519 Χρυσοῦ
3464 450 3575 520 γάρ

348 536 513 599 deris,
562 538 953 607 multorumque
990 538 1094 609 ipsi
1142 540 1459 594 tnmnltuum
1506 555 1724 595 causam
1770 556 1904 607 pra:-

2026 544 2234 612 ιπορεῖς
2262 540 2357 594 τοῦ
2380 538 2730 611 ὀμαλίζοντος
2755 539 3015 603 πολλάκις
3047 538 3147 605 τὰς
3175 539 3283 594 τῶν
3310 541 3574 613 περιστά-

352 628 477 679 bes?
530 629 883 693 Quamobrem
931 640 1026 684 aut
1083 640 1134 685 te
1177 633 1347 701 ipsum
1399 646 1581 695 nosce,
1628 647 1692 687 ac
1737 647 1911 686 mores

2026 649 2143 684 rswv
2172 632 2265 685 καὶ
2298 630 2576 701 μαστίγων
2596 629 2960 700 τραχύτητας.

350 720 534 773 vilitati
590 732 688 774 une
773 733 1164 780 consentaneas
1206 724 1397 793 collige
1463 739 1479 779 :
1530 733 1625 778 aut
1679 726 1936 778 adversus
1976 723 2186 779 labores
2231 733 2285 776 et
2331 722 2568 792 pericula
2640 731 2693 776 te
2747 722 2951 776 instrue
2998 738 3014 776 :
3066 720 3262 790 quibus
3294 728 3346 775 te
3389 720 3447 784 ii,
3481 718 3573 788 qui

351 812 583 875 potentia
626 814 829 879 prmditi
875 822 1019 877 sunt,
1060 817 1496 874 remunerabunt.
1546 816 1681 871 Nam
1745 831 1880 871 auro
1934 831 2109 882 cares,
2158 816 2300 888 quod
2354 816 2701 871 adversarum
2743 829 2922 871 rerum
2992 824 3047 870 et
3088 814 3376 885 ﬂagrorum
3410 830 3575 885 aspe-

352 902 535 955 ritates
558 903 879 974 plerumque
902 907 1088 973 planas
1118 908 1313 961 reddit.

775 1044 836 1100 C.
859 1074 928 1083 —
945 1042 1126 1101 SYRO
1163 1045 1478 1101 LECTORI.

837 1156 1031 1213 Contra
1064 1158 1408 1214 Novatianos.

424 1291 515 1343 Dic
561 1291 626 1343 ad
674 1290 953 1346 Novatiani
999 1293 1270 1362 supercilii
1334 1293 1655 1363 discipulum
1702 1309 1717 1349 :
1772 1293 1910 1360 Quid

353 1388 605 1448 tanquam
691 1398 855 1450 purus
931 1384 1122 1438 stolide
1185 1383 1468 1453 gloriaris?
1542 1384 1677 1451 Quid
1730 1394 1781 1439 te
1828 1386 1913 1453 ip-

2351 1027 2429 1081 P'.
2464 1054 2536 1066 —
2562 1024 2739 1095 ΣΥΡῼ
2785 1021 3218 1092 ΑΝΔΓΝΩΣΤῌ.

2488 1138 2650 1193 Κατὰ
2675 1133 3085 1192 Ναυατιανῶν.

2083 1293 2216 1347 Εἰπὲ
2243 1292 2321 1363 τῷ
2354 1292 2566 1363 μαθητῇ
2592 1292 2692 1362 τῆς
2717 1291 2970 1346 Ναυάτου
2989 1289 3209 1361 ὀφρύοςο
3238 1288 3305 1343 Τί
3327 1290 3571 1363 φρυάττῃ

2015 1386 2090 1451 ὡς
2115 1385 2371 1455 καθαρὸς⁹
2413 1385 2743 1455 ἀνοηταίνων
2772 1384 2910 1454 (98);
2935 1382 3002 1436 Τί
3027 1381 3412 1455 ἀναμάρτητον
3440 1399 3569 1437 σαυο

353 1489 471 1526 sum
547 1474 749 1544 peccati
806 1486 1084 1545 expertem
1156 1477 1428 1533 simulas?
1487 1478 1623 1544 Quid
1701 1486 1907 1532 natura!

2026 1479 2109 1532 τὸν
2138 1477 2431 1549 είρωνεύῃ;
2466 1477 2531 1530 Τί
2576 1476 2714 1547 ἀρνῇ
2744 1477 2843 1546 τὴν
2880 1475 2978 1545 τῆς
3010 1473 3225 1545 φύσεως
3252 1473 3570 1539 κοινωνίαν;

352 1566 663 1620 societatem
720 1566 1014 1622 inficiaris?
1072 1568 1233 1623 Isaias
1287 1570 1616 1624 immundum
1670 1583 1731 1624 se
1785 1582 1907 1623 esse

2026 1570 2251 1633 Ἡσαΐας
2280 1569 2584 1640 ἀκάθαρτον
2614 1568 2802 1622 ἑαυτὸν
2828 1567 3159 1637 ἐξαγγέλλει·
3189 1566 3352 1620 Δαϐὶδ
3396 1566 3572 1620 πάντα

350 1658 787 1725 ςιτειξὰἱοαιη⁸²¹ς
826 1659 993 1713 David
1028 1676 1241 1715 omnem
1296 1662 1566 1715 hominem
1600 1661 1910 1715 mendacem

2026 1659 2296 1730 Ξνθρωπον
2319 1661 2645 1731 ψευδόμενον
2674 1656 2803 1723 οἶδε,
2826 1659 2919 1713 καὶ
2948 1659 3158 1723 πάντας
3193 1660 3251 1711 έν
3278 1657 3572 1728 ἁμαρτίαις

350 1764 473 1802 esse
503 1751 745 1815 agnoscit
784 1750 851 1815 ”,
881 1760 1043 1820 atque
1075 1766 1263 1806 omnes
1306 1752 1358 1805 in
1411 1752 1663 1820 peccatis,
1705 1761 1760 1806 et
1784 1767 1912 1805 con-

2026 1751 2110 1805 m).
2141 1751 2559 1821 συλληφθέντας,
2609 1751 2702 1805 καὶ
2759 1751 3078 1822 κυηθέντας.
3122 1749 3295 1813 Αὐτός
3350 1765 3409 1801 τε
3441 1747 3573 1810 Θεὸς

352 1847 561 1908 (:eptos,
588 1840 715 1894 etin
762 1840 936 1896 lucem
985 1843 1158 1897 editos
1204 1843 1372 1898 fuisse
1417 1844 1485 1899 ".
1542 1844 1713 1911 Atque
1752 1842 1912 1898 etiam

2026 1845 2138 1908 τοὺς
2167 1843 2529 1916 [ἀνθρώπους]
2561 1830 2837 1914 ἐπιμελῶς
2864 1841 3292 1915 προσκειμένους
3314 1842 3380 1911 τῇ
3414 1857 3573 1909 πονη-

355 1929 498 1982 Deus
529 1931 637 1998 ipse
670 1932 913 1987 homines
943 1933 1135 1987 mirum
1163 1934 1213 1987 in
1254 1936 1466 1988 modum
1505 1945 1559 1990 et
1593 1934 1778 1989 seduio
1814 1934 1917 1988 im-

352 2022 605 2089 probitati
642 2023 884 2077 addictos
913 2038 1053 2086 esse,
1085 2040 1146 2079 ac
1186 2025 1299 2079 sola
1325 2025 1679 2080 humanitatis
1709 2023 1917 2078 miseri—

350 2096 533 2166 cordia
556 2114 796 2184 indigere
820 2115 915 2182 ait,
951 2115 1057 2185 32
1087 2125 1140 2169 et
1164 2126 1215 2170 tu
1243 2117 1490 2185 puritatis
1528 2118 1725 2170 fastum
1765 2130 1918 2169 arro-

350 2205 772 2275 ganterjactas?
810 2206 1168 2273 Quamobrem
1192 2220 1285 2261 aut
1319 2209 1536 2263 mentiri
1565 2207 1770 2273 desine,
1826 2216 1919 2261 aut

353 2310 420 2347 ex
446 2297 528 2351 his
553 2313 671 2366 quae
691 2300 807 2368 agis
834 2308 884 2353 te
913 2298 1122 2352 irrideri
1156 2308 1387 2364 constat,
1413 2300 1496 2355 vel
1524 2300 1698 2367 potius
1717 2297 1918 2369 ingenti

354 2386 650 2455 ignominia
683 2391 843 2445 allici.

512 2499 679 2556 Cl.—
705 2501 1166 2559 TllEOGNOSTO
1197 2502 1382 2559 ΝΟνο
1415 2503 1764 2560 MONACIIO.

700 2615 948 2683 Oportere
972 2634 1172 2687 semper
1188 2619 1416 2672 sobrium
1442 2634 1575 2673 esse.

427 2750 691 2807 Prmclare
747 2753 977 2821 ligonem
1038 2732 1658 2824 arripuisti.‘Pra:clare
1711 2769 1797 2809 res
1851 2771 1916 2810 ex

357 2843 579 2895 materia
627 2854 930 2906 concretas,
988 2854 1045 2898 ut
1092 2846 1507 2911 strangulantes.
1564 2845 1721 2913 fugis.
1774 2846 1916 2898 Prat-

351 2931 501 2985 clare
528 2932 592 2985 ad
622 2933 906 2989 sublimem
941 2948 994 2989 et
1024 2939 1287 2991 excelsam
1332 2938 1494 2989 vitam
1523 2936 1766 2990 evolasti.
1792 2936 1919 2989 Per-

2016 1936 2107 2007 ρία
2153 1934 2425 2005 γινώσκει,
2484 1936 2577 1990 καὶ
2617 1934 2918 2007 χρῄζοντας
2948 1934 3112 2005 μόνου
3164 1930 3574 2002 φιλανθρωπίας

2015 2028 2186 2094 έλέου,
2244 2028 2339 2080 καὶ
2391 2027 2455 2080 σὺ
2500 2026 2799 2098 ἀλαζονεύῃ
2833 2026 3200 2097 καθαρότητος
3247 2022 3449 2093 τῦφονς
3501 2022 3575 2074 Ἣ

2014 2117 2220 2172 παῦσαι
2255 2119 2431 2172 τοίνυν
2461 2118 2807 2189 ψευδόμενος,
2857 2117 2891 2188 ἦ
2924 2117 3087 2187 φαίνῃ
3125 2114 3185 2181 ἐξ
3212 2106 3287 2169 ὧν
3315 2113 3574 2187 πράττεις

2014 2209 2336 2281 γελώμενος,
2358 2210 2393 2282 ἢ
2426 2210 2624 2281 μᾶλλον
2662 2207 2897 2272 δυνατῶς
2934 2205 3346 2278 αἰσχυνόμενος.

2086 2512 2207 2566 PA’.
2244 2543 2315 2553 —
2364 2513 2760 2586 θεοΓΝΩΣΤο
2808 2515 3097 2586 ΜΟΝΑΧῼ
3138 2512 3501 2567 ΝΕΟΠΑΓΕῙ.

2294 2629 2434 2700 Περὶ
2462 2630 2567 2685 τοῦ
2601 2631 2729 2685 δεῖν
2759 2630 3012 2685 πάντοτε
3037 2629 3272 2700 νήφειν.

2087 2767 2279 2832 Καλῶς
2298 2767 2421 2838 ἥψω
2436 2766 2537 2837 τῆς
2558 2764 2787 2836 σμινύης
2811 2763 3084 2834 συντόμως
3108 2764 3237 2835 (99).
3254 2763 3452 2827 Καλῶς
3473 2742 3573 2836 τὴν

2019 2857 2148 2928 ὕλην
2174 2857 2249 2921 ὼς
2300 2855 2705 2925 συμπνίγουσαν
2738 2852 2957 2921 φεύγεις
2980 2867 2993 2879 ⁸
3031 2852 3213 2913 καλῶς
3250 2850 3387 2922 πρὸς
3435 2850 3574 2920 ὑψη-

2018 2951 2114 3020 λὴν
2145 2949 2413 3003 πολιτείαν
2460 2946 2699 3016 ἐξέστης.
2750 2945 2922 3014 Στῆκε
2954 2943 3130 2998 τοίνυν
3177 2941 3465 3013 γρηγορῶν
3495 2941 3573 3004 ὡς

356 3025 480 3095 vigil
538 3027 738 3095 itaque,
796 3040 853 3082 nt
910 3029 1080 3091 miles,
1141 3031 1349 3093 incede,
1405 3045 1471 3084 ne
1521 3030 1641 3097 quis
1696 3044 1915 3083 somnne

2026 3040 2260 3109 ὁπλίτης,
2295 3041 2367 3110 μή
2400 3056 2486 3101 τις
2521 3036 2685 3100 ὕπνος
2729 3035 3057 3109 παρεισέλθῃ
3096 3035 3311 3105 χαυνῶν
3356 3051 3439 3097 σε,
3474 3032 3572 3087 καὶ

351 3119 599 3187 obrepat,
624 3121 714 3189 qui
750 3131 799 3174 te
823 3120 1032 3190 frangat
1067 3133 1120 3175 et
1163 3122 1422 3185 emolliat,
1464 3120 1739 3190 clypeique
1776 3120 1919 3187 alije-

355 3222 561 3264 ctorem
614 3228 676 3264 ac
732 3211 1032 3281 perfugam,
1065 3213 1206 3281 quod
1260 3215 1417 3276 absit,
1472 3214 1682 3268 reddat.
1736 3209 1921 3281 Neque

363 3307 510 3359 enim
552 3305 777 3374 improbi
815 3307 984 3359 hostis
1008 3307 1365 3374 cogitationes
1396 3307 1704 3372 ignoramus
1728 3306 1801 3360 ³⁵.

684 3420 790 3475 CII.
808 3451 876 3459 —
892 3420 1242 3476 TIMOTIIEO
1280 3420 1598 3477 LECTORI.

361 3509 554 3563 Contra
587 3527 671 3564 eos
712 3511 801 3577 qni
834 3513 1037 3584 αἰιςιιηεΔ
1064 3514 1226 3566 Deum
1270 3531 1480 3580 passum
1519 3532 1650 3584 esse,
1674 3525 1723 3571 et
1763 3534 1921 3573 unam

768 3597 878 3636 esse
910 3584 964 3635 in
1000 3581 1205 3636 Christo
1244 3594 1508 3639 naturam.

430 3693 885 3759 Quemadmodum
916 3703 1092 3749 nauta:
1122 3696 1335 3749 hamum
1370 3711 1491 3752 esca
1522 3697 1814 3760 occultant,
1857 3714 1920 3755 ac

361 3787 537 3855 pisces
590 3787 879 3857 improviso
943 3788 1200 3856 capiunt,
1247 3789 1436 3843 eodem
1485 3790 1643 3845 modo
1691 3791 1917 3858 improbi

361 3878 622 3932 hmresum
675 3878 986 3934 defensores
1029 3879 1295 3933 sermonis
1344 3879 1609 3935 suavitate
1640 3896 1921 3950 perversae

360 3982 486 4022 suas
542 3969 839 4025 sententias
881 3972 1217 4039 obtegentes,
1273 3972 1626 4041 simpliciores
1678 3976 1920 4031 homines

359 4062 427 4114 ad
454 4071 677 4115 mortem
707 4071 960 4132 tanquam
1018 4066 1176 4117 hamo
1229 4064 1462 4132 quodam
1510 4066 1748 4136 capiunt.
1780 4066 1895 4133 Quo

362 4152 504 4204 circa
531 4153 676 4206 onmi
726 4154 968 4207 custodia
1008 4170 1161 4208 serva
1193 4170 1286 4209 cor
1318 4166 1466 4209 tuum
1491 4158 1539 4188 ⁸⁸
1561 4197 1577 4222 ,
1610 4172 1675 4211 ne
1721 4157 1918 4212 Christi

362 4251 606 4295 naturam
639 4252 757 4310 post
780 4244 1199 4299 incarnationem
1247 4261 1452 4301 merum
1491 4248 1756 4301 duntaxat
1792 4264 1915 4318 spe-

2024 3131 2300 3204 ῥίψασπιν,
2332 3129 2360 3182 ὅ
2394 3128 2468 3198 μὴ
2493 3128 2722 3196 γένοιτο,
2755 3126 2921 3198 δείξῃ.
2954 3127 3028 3180 Οὐ
3057 3125 3164 3198 γὰρ
3200 3124 3293 3179 τοῦ
3325 3123 3571 3197 Πονηροῦ

2019 3224 2086 3277 τά
2112 3223 2357 3293 νοήματα
2381 3219 2699 3291 ἀγνοοῦμεν.

2292 3402 2413 3457 PB’.
2436 3431 2507 3443 —
2537 3400 2837 3469 ΤΙΜΟΘΕῼ
2869 3380 3301 3471 ΑΝΑΓΝΩΣΤῌ.

2019 3513 2180 3568 Κατὰ
2208 3511 2662 3581 Θεοπασχητῶν.
2717 3509 2818 3563 καὶ
2858 3509 2978 3581 τῶν
3007 3509 3154 3577 μίαν
3188 3508 3285 3563 ἐπί
3316 3507 3572 3578 Χριστοῦ

2420 3580 2608 3651 φύσιν
2649 3582 2799 3634 εῖναι
2838 3580 3156 3649 λεγόντων.

2090 3698 2296 3766 Ὥσπερ
2341 3698 2390 3749 οί
2434 3695 2677 3749 ναυτικοὶ
2736 3692 2983 3765 βρώματι
3034 3692 3097 3746 τὸ
3147 3692 3337 3763 δέλεαρ
3399 3707 3573 3746 κατα-

2021 3791 2338 3861 κρύπτουσι,
2374 3788 2467 3842 καὶ
2499 3788 2624 3850 τοὺς
2656 3785 2841 3855 ἰχθύας
2864 3784 3190 3856 ἀπροόπτως
3222 3782 3569 3857 ἀγρεύουσινο

2018 3881 2186 3944 οὕτως
2204 3880 2253 3933 οξ
2274 3879 2497 3949 πονηροὶ
2512 3877 2619 3930 τῶν
2635 3876 2895 3946 αἱρέσεων
2923 3874 3225 3945 σύμμαχοι,
3248 3877 3315 3945 τῇ
3338 3890 3573 3946 χρηστο-

2017 3972 2173 4043 λογίᾳ
2227 3971 2326 4034 τάς
2380 3970 2587 4022 ἑαυτῶν
2643 3967 2927 4030 κακονοίας
2962 3966 3351 4032 καλύπτοντες,
3408 3967 3571 4034 ἀγκι-

2021 4061 2301 4131 στρεύουσι
2334 4060 2458 4122 τοὺς
2500 4058 2897 4128 ἁπλουστέρους
2953 4057 3087 4128 πρὸς
3125 4056 3371 4110 θάνατον.
3414 4055 3571 4127 Πάσῃ

2017 4153 2194 4206 τοίνυν
2241 4152 2454 4221 φυλακῇ
2510 4150 2666 4219 τήρει
2720 4149 2817 4219 τὴν
2872 4148 2968 4219 σὴν
3023 4146 3268 4218 καρδίαν,
3331 4146 3407 4218 μή
3467 4161 3569 4199 που

2022 4244 2260 4316 [δόκησιν
2314 4242 2434 4313 τὴν]
2493 4241 2587 4295 τοῦ
2644 4240 2878 4310 Χριστοῦ
2934 4238 3095 4310 φύσιν
3144 4238 3221 4310 (1)
3274 4238 3412 4310 μετά
3465 4240 3565 4309 τὴν

364 4340 541 4387 ctrum
601 4349 721 4407 esse
763 4336 971 4389 credas.
1026 4336 1349 4392 Alterutram
1409 4338 1552 4391 enim
1607 4339 1763 4405 tollit,
1822 4341 1910 4407 qui

2026 4336 2292 4406 σάρκωσιν
2317 4333 2461 4406 δέξῃ.
2490 4330 2732 4401 Θατέρας
2760 4331 2865 4401 γάρ
2887 4331 3035 4383 ἐστιν
3063 4329 3343 4400 ἀναίρεσις
3365 4330 3399 4397 ή
3445 4328 3572 4399 περὶ

361 4440 521 4479 unam
582 4403 785 4480 tantum
833 4427 1161 4482 confitetur:
1208 4443 1396 4498 nempe
1447 4428 1529 4482 vel
1574 4430 1748 4482 divina
1800 4448 1912 4484 llltl-

2026 4400 2146 4498 μιάς
2177 4400 2441 4499 [tori-cm)
2478 4400 2871 4492 συγκατάθεσις
2894 4438 2907 4452 ·
2943 4421 2975 4492 ἢ
3013 4420 3111 4490 τῆς
3145 4419 3295 4482 θείας
3336 4420 3568 4490 τραπεί-

362 4521 469 4565 tata
502 4512 583 4567 vel
610 4525 787 4568 nostra
844 4513 1144 4567 imminuta.
1182 4513 1302 4568 liae
1327 4524 1409 4570 est
1446 4513 1617 4569 Manis
1669 4514 1911 4586 Charyb-

356 4600 441 4652 dis
471 4616 565 4668 per
582 4618 743 4671 quam
774 4617 963 4658 omnes
990 4602 1041 4657 in
1070 4603 1368 4673 gehennam
1410 4603 1710 4673 praecipites
1754 4619 1911 4674 agere

359 4694 581 4747 studuit.

2019 4536 2139 4588 σης,
2174 4519 2207 4589 ἢ
2249 4517 2344 4586 τῆς
2391 4513 2545 4585 ἡμῶν
2600 4513 2940 4584 μειωθείσης.
2980 4511 3127 4583 Αὖτη
3191 4510 3286 4566 τοῦ
3317 4511 3571 4582 Μάνητος

2017 4612 2051 4678 ὴ
2080 4607 2368 4676 Χάρυϐδις.
2402 4606 2469 4660 δι’
2513 4598 2579 4677 ἦς
2605 4604 2812 4669 πάντας
2858 4606 2939 4668 είς
2974 4602 3198 4673 γέενναν
3232 4602 3573 4672 καταγαγεῖν

2019 4699 2335 4753 ἐσπούδασε.

429 4893 546 4923 ’Μ’
574 4891 674 4949 lsa.
702 4908 776 4963 vr,
809 4893 864 4949 5.
939 4892 988 4927 ⁸³
1017 4891 1159 4948 Psal.
1194 4908 1317 4961 cxv,
1359 4893 1446 4948 Η.
1521 4892 1569 4926 ’⁸
1596 4891 1740 4949 Psal.
1768 4909 1822 4959 ι..
1854 4893 1909 4949 7.

2026 4896 2029 4922 ⁵
2059 4893 2101 4948 ll
2126 4893 2250 4948 Cor.
2279 4908 2338 4958 ιι,
2370 4892 2457 4946 Η.
2532 4891 2577 4922 ²⁶
2609 4890 2769 4945 Prov.
2798 4906 2867 4955 tv,
2897 4889 2987 4944 25.

1441 5068 1675 5127 VARlA-I
1710 5069 2091 5129 LECTIONES
2124 5068 2212 5124 ET
2262 5066 2490 5124 ΝΟΤᾸΞ.

435 5250 545 5318 (98)
578 5248 682 5303 Pro
707 5249 1032 5318 ἀνοηταίνων
1064 5248 1221 5304 codd.
1257 5248 1381 5302 Vat.
1413 5247 1515 5303 649
1557 5257 1612 5303 et
1636 5248 1742 5303 Alt.
1786 5264 1908 5318 sng-

363 5317 952 5392 κριιιιιιηάμαθαίνων.
988 5318 1143 5373 Vers.
1177 5319 1379 5387 penult.
1435 5333 1532 5388 pro
1575 5318 1736 5392 φαίνῃ
1784 5317 1905 5374 cod.

239 5384 249 5395 “
363 5384 472 5445 λιι.
507 5390 629 5457 legit
658 5384 819 5457 φανῇ.
851 5387 1059 5457 Possm.

446 5455 721 5526 (99)_Coil.
752 5455 870 5511 Vat.
907 5456 1009 5509 649
1032 5464 1085 5508 et
1108 5455 1213 5509 Alt.
1244 5456 1505 5520 συντόνως
1527 5458 1747 5513 malunt.
1772 5458 1901 5512 Cod.

511 5544 624 5564 ι-οη
682 5532 715 5564 Ἄ
746 5543 841 5564 ιιι-η
864 5527 1085 5564 ιεέηετιρ
1118 5525 1274 5564 ιιαιιρι
1307 5527 1537 5564 ιρις-ηρ
1577 5538 1626 5564 οι
1652 5544 1771 5564 ...η
1813 5543 1901 5564 η..-

366 5526 471 5580 Alt.
511 5544 644 5581 vers.
682 5532 715 5581 3
746 5543 841 5597 pro
864 5527 1085 5594 ἐξέστης
1118 5525 1279 5580 habet
1307 5527 1559 5598 ὲξέπτης,
1577 5538 1631 5584 et
1652 5544 1793 5586 vers.
1813 5543 1904 5597 pc-

368 5598 502 5651 uult.
536 5597 701 5665 δεῖξαι
732 5613 828 5670 ι)ιο
852 5596 1019 5667 δείξῃ.
1055 5594 1263 5649 Possm.

2009 5318 2113 5381 σιν,
2139 5318 2225 5373 sic
2249 5319 2437 5372 melius
2461 5318 2722 5372 exhibent
2772 5318 2928 5372 codd.

2984 5265 3017 5329 χ
3061 5248 3155 5329 τοῦ
3186 5247 3425 5329 ξριστοῦ
3448 5247 3565 5329 ,φύ-

2011 5319 2113 5381 σιν,
2147 5319 2225 5373 sic
2249 5319 2437 5372 melius
2461 5319 2722 5372 exhibent
2772 5319 2928 5372 codd.
2974 5319 3151 5371 Vatic.
3196 5320 3297 5373 649
3340 5329 3393 5371 et
3434 5319 3567 5381 ιιι..

2011 5390 2202 5457 μήπως
2246 5387 2373 5458 μίαν
2407 5387 2640 5458 Χριστοῦ
2690 5388 2848 5455 φύσιν
2892 5386 3030 5456 μετά
3076 5387 3194 5457 τὴν,
3251 5399 3355 5440 etc.
3417 5387 3571 5454 Quod

2080 5248 2155 5320 (1)
2177 5246 2383 5329 ,νοὼᾳρ
2420 5248 2493 5319 μή
2532 5264 2632 5329 που
2666 5248 2884 5329 δόκησιν

2005 5456 2147 5538 vers.
2180 5456 2294 5538 scq.
2329 5468 2504 5512 exstat
2532 5456 2763 5538 τούτωνζ
2791 5458 2857 5510 ab
2892 5456 3242 5538 utroqueisto
3269 5459 3443 5538 abest
3470 5472 3569 5511 com

2007 5527 2144 5588 dice,
2183 5526 2269 5594 qui
2304 5538 2358 5580 et
2394 5527 2722 5581 conveniunt
2751 5527 2803 5581 in
2850 5526 3121 5594 mutando,
3155 5540 3312 5583 versu
3349 5526 3564 5591 ultimo,

2009 5598 2331 5666 καταγαγεῖν
2362 5596 2412 5652 in
2441 5596 2813 5654 κατασπάσαι.
2850 5594 3058 5652 Possm.
