3944 6138
950 366 1079 421 CVII
1097 395 1169 406 —
1194 364 1417 420 EIDEM.

742 483 821 537 De
847 482 1290 537 Teslamenlorum
1313 481 1614 535 concordia.

474 593 702 659 Nullam,
736 607 769 647 ο
804 594 991 658 amice,
1014 593 1320 662 dogmatum
1360 592 1649 645 novitatem
1684 588 1965 644 DeiFilius

401 686 501 755 legi
548 701 609 741 ac
652 685 931 755 prophetis
965 686 1214 739 induxit:
1256 700 1440 739 verum
1474 685 1559 750 iis,
1592 699 1710 753 qua:
1731 683 1857 738 olim
1898 685 1965 737 de

404 779 516 844 ipso
541 777 791 843 praedicta
824 776 1054 841 fuerant,
1097 777 1256 830 linem
1306 776 1559 846 imposuit
1594 777 1659 831 ³⁸.
1687 777 1764 830 Ac
1808 789 1964 845 pror-

399 881 509 930 sus,
537 868 580 921 si
612 867 780 922 Vetus
810 865 1217 921 Testamentum
1254 877 1459 923 attento
1498 868 1681 921 animo
1723 867 1965 930 evolvas,

398 958 578 1012 omnia
626 974 745 1027 quae
797 958 942 1012 Novo
1002 958 1348 1014 Testamento
1402 962 1762 1021 continentur,
1800 960 1851 1011 in
1901 972 1967 1011 eo

407 1051 697 1117 prtedicata
754 1066 872 1106 esse
940 1051 1259 1119 comperies.
1330 1049 1691 1116 Quamobrem
1752 1048 1818 1102 iis
1873 1047 1963 1118 qui

401 1142 501 1211 legi
554 1143 931 1197 innitebantur
980 1142 1232 1211 viamque
1277 1156 1472 1195 novam
1524 1149 1579 1193 et
1630 1140 1965 1210 peregrinam

402 1234 758 1303 evangelicum
798 1233 1098 1287 doctrinam
1132 1247 1253 1287 esse
1299 1230 1722 1290 arbitrabantur.
1748 1246 1813 1284 ex
1838 1230 1968 1296 ipsis

403 1323 533 1387 legis
572 1326 769 1389 verbis,
796 1325 1108 1392 dogmatum
1153 1324 1341 1393 gratia:
1395 1324 1676 1377 veritatem
1709 1322 1965 1375 declarat.

401 1412 596 1481 Sicque
632 1415 896 1468 internam
954 1414 1235 1482 utriusque
1269 1413 1598 1468 Testamenti
1624 1412 1969 1466 concordiam

403 1506 679 1559 videbunt.

578 1617 735 1674 CVIII
756 1648 827 1657 —
845 1616 1259 1674 PROJERESIO
1301 1612 1793 1673 SCHOLASTICO.

928 1729 1001 1782 De
1032 1729 1229 1783 vivente
1269 1728 1441 1782 verba.

473 1841 789 1895 Orationum
846 1840 1154 1908 congeriem
1210 1841 1400 1904 habes,
1441 1847 1501 1891 ut
1563 1836 1744 1901 audio,
1778 1836 1974 1905 quibus

402 1948 565 1987 aures
594 1934 809 2001 quidem
875 1931 1230 1995 oblectamur,
1266 1931 1479 1983 animus
1534 1938 1711 1982 autem
1754 1928 1977 1983 minime

406 2027 585 2079 alitur.
613 2027 678 2079 At
699 2026 788 2079 tibi
817 2026 936 2079 vivo
966 2039 1216 2078 sermone
1244 2038 1378 2091 opus
1408 2030 1490 2076 est
1510 2038 1525 2076 :
1549 2036 1655 2090 quo
1678 2021 1767 2089 qui
1801 2026 1972 2083 caret,

405 2119 539 2171 nihil
559 2120 700 2172 aliud
723 2130 980 2188 estquam
1012 2117 1319 2187 cymbalum
1352 2116 1587 2169 tinniens
1615 2114 1681 2167 ³⁷.
1708 2113 1975 2179 Quocirca

400 2212 447 2264 si
480 2227 599 2264 eum
645 2213 863 2274 insuper
892 2209 1187 2278 acceperis,
1240 2222 1499 2262 canorum
1538 2222 1601 2261 ac
1634 2220 1799 2261 suave
1818 2219 1980 2275 orga-

402 2321 532 2359 num
570 2305 700 2367 eris,
739 2304 954 2372 Deoque
987 2310 1039 2356 et
1074 2301 1384 2355 hominibus
1417 2302 1762 2355 concinnum.

658 2417 769 2473 CIX
797 2413 1335 2471 -MARATHONIO
1377 2414 1726 2471 MONACHO.

443 2512 635 2565 Contra
666 2510 1075 2564 Macedonianos
1106 2526 1197 2564 seu
1246 2508 1500 2577 Spiritum
1547 2508 1935 2577 impugnantes.

476 2606 609 2659 Cum
657 2604 796 2657 Deus
812 2612 865 2657 et
896 2601 1149 2656 Salvator
1178 2610 1363 2655 noster
1389 2600 1550 2654 homo
1583 2600 1759 2654 factus
1803 2599 1979 2668 Spiri-

406 2700 569 2752 ritmu
616 2706 861 2749 sanctum
914 2695 1149 2748 divinam
1188 2692 1511 2747 Trinitatem
1555 2689 1828 2758 complere
1873 2689 1983 2762 34

405 2791 711 2855 tradiderit,
744 2800 906 2857 atque
937 2788 991 2841 in
1018 2787 1193 2841 sancti
1219 2783 1471 2854 baptismi
1506 2783 1847 2837 invocatione
1874 2798 1980 2836 una

406 2898 529 2938 cum
591 2881 748 2934 Patre
779 2896 843 2935 ac
896 2879 1052 2943 Filio,
1086 2888 1339 2947 tanquam
1379 2893 1409 2930 a
1442 2876 1681 2946 peccatis
1723 2874 1979 2940 liberans,

408 2986 742 3037 numeretur,
770 2983 823 3028 et
853 2975 905 3027 in
935 2971 1156 3044 mystica
1191 2986 1374 3026 mensa
1399 2985 1736 3024 communem
1765 2985 1979 3039 panem,

1610 253 1669 312 S.
1706 247 1997 311 ISIDORI
2034 246 2469 310 PELUSIOTA‘.I

3526 237 3630 301 256

2555 356 2674 411 PZ'.
2699 386 2768 396 —
2802 355 2890 424 Τῼ
2927 353 3132 423 arra.

2242 474 2381 542 Περὶ
2416 472 2526 541 τῆς
2573 469 2691 525 τῶν
2729 470 3032 524 Amanieth
3068 468 3442 538 συμφωνίας.
3651 444 3665 525 ,1

2135 590 2443 659 Καινότητα
2493 587 2812 657 δογμάτων,
2850 579 2895 639 ὧ
2939 583 3163 655 φιλότης
3188 623 3203 648 ,
3252 583 3509 655 οὐδεμίαν
3558 583 3636 655 τῷ

2065 682 2214 754 νόμῳ
2265 681 2360 735 καὶ
2411 683 2522 743 τοῖς
2577 680 2883 750 προφήταις
2929 678 2957 730 ὁ
2999 676 3092 730 τοῦ
3127 677 3262 730 Θεοῦ
3298 677 3426 742 Υίὸς
3452 677 3638 731 ἐπεισ-

2065 774 2268 844 ήγαγεν
2291 773 2389 844 (6),
2422 771 2557 825 ἀλλὰ
2581 773 2689 834 τοῖς
2717 770 2885 823 πάλαι
2924 768 3052 839 περὶ
3084 768 3248 821 αὐτοῦ
3276 767 3638 839 προφανθεῖσι

2065 866 2126 920 τὸ
2153 866 2325 937 πέρας
2354 863 2606 934 ἐπέθηκε.
2628 862 2738 916 Καὶ
2764 862 2979 925 πάντως
3002 862 3266 931 νουνεχῶς
3282 861 3378 933 τὴν
3397 861 3641 914 Παλαιὰν

2066 955 2445 1018 ἀναπτύσσων,
2462 953 2640 1006 πάντα
2670 953 2737 1006 τά
2764 954 2860 1021 τῆς
2882 952 3026 1014 Νέας
3056 952 3113 1003 ὲν
3139 951 3274 1022 αὐτῇ
3297 949 3642 1022 κηρυχθέντα

2067 1046 2336 1117 εὑρήσεις.
2373 1045 2497 1106 Τοῖς
2538 1043 2718 1095 τοίνυν
2765 1042 2858 1092 ἐπὶ
2893 1039 2973 1110 τῷ
3008 1040 3157 1111 νόμῳ
3203 1041 3640 1111 ἐρηρεισμένοις,

2067 1137 2162 1192 καὶ
2193 1136 2348 1205 ξένην
2385 1135 2500 1189 ὁδὸν
2543 1134 2642 1205 τὴν
2686 1132 3045 1203 εὐαγγελικὴν
3096 1132 3384 1203 οἰομένοις,
3419 1132 3485 1184 ὲκ
3531 1130 3644 1185 τῶν

2068 1228 2161 1281 τοῦ
2189 1228 2355 1297 νόμου
2390 1226 2668 1297 ῥημάτων,
2704 1225 2810 1277 τῶν
2857 1226 2954 1294 τῆς
2982 1226 3201 1296 χάριτος
3228 1224 3514 1293 δογμάτων
3543 1226 3646 1294 τὴν

2070 1321 2326 1392 ἀλήθειαν
2370 1320 2569 1389 τρανοῖ.
2600 1317 2712 1369 Καὶ
2748 1316 2969 1384 ὄψονται
3014 1316 3187 1379 οὕτως
3217 1315 3361 1388 [τὴν]
3408 1316 3647 1385 ἀμφοτέ-

2073 1429 2182 1466 οων
2208 1411 2317 1465 τῶν
2342 1409 2622 1463 Διαθτπκῶν
2652 1409 2955 1464 ἐνδιάθετον
2986 1409 3329 1479 συμφωνίαν.

2281 1614 2411 1671 PH’.
2438 1644 2506 1653 —
2526 1612 2931 1683 ΠΡΟΑΙΡΕΣΙῼ
2969 1612 3425 1683 ΣΧΟΛΑΣΤΙΚῼ.

2475 1727 2615 1796 Περὶ
2653 1728 2760 1781 τοῦ
2797 1726 3013 1794 ζῶντος
3048 1728 3259 1796 λόγου.

2145 1844 2334 1912 Λόγων
2368 1844 2510 1914 ἔχεις
2545 1843 2881 1915 συναγωγὴν,
2910 1844 2986 1907 ὡς
3018 1843 3274 1915 μανθάνω
3294 1883 3308 1905 ,
3340 1843 3515 1915 ἀκοὴν
3550 1844 3649 1915 μὲν

2076 1937 2403 2008 τερπόντων,
2426 1937 2520 2007 τὴν
2549 1937 2603 1989 δὲ
2628 1936 2805 2005 ψυχὴν
2831 1936 2889 1989 οὐ
2919 1936 3249 2007 τρεφόντων.
3269 1935 3441 2003 Λόγου
3472 1935 3530 1988 δὲ
3555 1935 3650 1990 τοῦ

2076 2028 2276 2093 ζῶντός
2328 2046 2408 2082 σοι
2460 2029 2557 2093 δεῖ,
2606 2022 2666 2080 οὖ
2698 2031 2725 2080 ὁ
2761 2026 3009 2099 χηρεύων
3056 2027 3330 2098 κύμϐαλον
3377 2026 3652 2091 ἀλαλάζον

2076 2121 2243 2175 ἐστίν.
2276 2121 2338 2173 Ei
2392 2120 2568 2173 τοίνυν
2615 2122 2819 2173 ἐκεῖνον
2867 2118 3223 2190 προσλάϐοις,
3273 2120 3505 2191 ὄργανον
3552 2119 3653 2192 ἔσῃ

2075 2213 2411 2285 ήδύφθογγον
2438 2213 2530 2266 καὶ
2559 2212 2677 2284 Θεῴ
2706 2214 2797 2265 καὶ
2823 2209 3130 2283 ἀνθρώποις
3156 2212 3514 2281 εὐάρμοστον.

2376 2418 2496 2473 PB'.
2519 2448 2590 2462 ——
2611 2417 3007 2487 ΜΑΡΑΘΩΝῙῼ
3045 2418 3359 2488 ΜΟΝΑΧῼ.

2151 2511 2312 2566 Κατὰ
2345 2509 2829 2576 Μακεδονίαν-ὧν,
2868 2509 3000 2579 ἢτοι
3038 2509 3585 2581 Πνευματομάχων.

2153 2604 2215 2656 Εί
2246 2608 2274 2657 ὁ
2311 2604 2442 2667 Θεὸς
2489 2604 2581 2656 καὶ
2629 2604 2821 2674 Σωτὴρ
2864 2597 3022 2673 ἡμῶν
3048 2604 3478 2674 ὲνανθρωπήσας
3510 2623 3658 2677 παρ-

2082 2696 2249 2749 ἑδωκε
2303 2696 2758 2767 συμπληρωτικὸν
2799 2692 2938 2748 εἶναι
2988 2695 3087 2765 τῆς
3125 2696 3275 2758 θείας
3324 2697 3555 2766 Τριάδος
3599 2699 3660 2750 τὸ

2083 2789 2346 2856 πανάγιον
2392 2788 2634 2859 Πνεῦμα,
2671 2790 2763 2842 καὶ
2812 2789 2869 2841 ὲν
2918 2791 2985 2859 τῇ
3030 2788 3313 2860 ἐπικλήσει
3361 2789 3455 2842 τοῦ
3501 2791 3663 2858 ἁγίου

2087 2881 2460 2950 βαπτίσματος
2495 2881 2592 2935 σὺν
2619 2881 2792 2951 Πατρὶ
2821 2881 2918 2933 καὶ
2955 2880 3067 2951 Υίῷ
3100 2880 3176 2944 ὡς
3205 2879 3525 2952 ἐλευθεροῦν
3553 2881 3667 2933 τῶν

2086 2973 2389 3044 ἁμαρτιῶν,
2421 2973 2839 3045 ἀριθμούμενον,
2874 2972 2970 3027 καὶ
2999 2974 3092 3026 ἐπὶ
3138 2973 3236 3043 τῆς
3260 2973 3542 3044 τραπέζης
3564 2973 3667 3041 τῆς

408 3068 685 3137 proprium
713 3065 1101 3119 incarnationis
1156 3064 1323 3131 ipsius
1361 3076 1563 3129 corpus
1608 3062 1816 3126 reddat,
1855 3061 1982 3129 quid

2094 3065 2358 3134 μυστικῆς
2386 3064 2477 3117 τὸν
2508 3065 2671 3134 ἄρτον
2696 3066 2787 3117 τὸν
2815 3064 3012 3128 κοινὸν,
3039 3064 3198 3134 σῶμα
3241 3064 3405 3118 ίδικὸν
3433 3064 3536 3135 τῆς
3570 3065 3668 3117 αῦ-

409 3169 489 3225 ιν,
520 3174 553 3212 o
583 3172 781 3212 vesane
813 3166 972 3223 atque
993 3157 1242 3218 attonite,
1274 3170 1395 3208 eum
1426 3154 1687 3223 quiddam
1722 3152 1983 3207 factitium

408 3261 501 3302 aut
524 3259 788 3314 creatum,
820 3256 911 3299 aut
937 3246 1149 3300 servilis
1190 3257 1423 3309 naturae,
1453 3259 1517 3298 ac
1572 3260 1674 3298 non
1717 3244 1903 3299 herilis
1934 3254 1989 3299 et

408 3340 720 3403 elfectricis,
741 3353 803 3391 ac
829 3339 988 3405 regiae
1018 3338 1269 3392 essentia:
1325 3345 1637 3406 cognatum,
1671 3346 1725 3389 et
1754 3337 1990 3391 consub-

413 3433 719 3486 stantialem
751 3430 1013 3499 Spiritum
1066 3438 1316 3482 sanctum
1366 3442 1488 3481 esse
1515 3426 1717 3481 doces?
1755 3425 1888 3479 Nam
1943 3427 1987 3481 si

413 3542 604 3581 servus
666 3533 771 3586 est,
825 3537 947 3576 cum
991 3521 1219 3574 Domino
1271 3520 1493 3574 minime
1547 3530 1881 3574 numeretur.
1931 3519 1989 3574 Si

414 3625 630 3670 creatus
692 3621 796 3678 est,
849 3627 971 3665 cum
1015 3609 1278 3665 Creatore
1323 3609 1548 3663 minime
1610 3609 1988 3679 conjungatur.

413 3709 548 3761 Cum
567 3720 631 3760 eo
654 3720 813 3775 porro
843 3702 1121 3771 capulatus
1178 3716 1239 3754 ac
1275 3710 1587 3754 numeratus
1613 3710 1716 3761 est,
1750 3701 1992 3769 quando-

414 3801 630 3868 quidem
693 3808 883 3852 exacto
942 3795 1246 3865 Imjusmodi
1304 3810 1482 3848 rerum
1537 3795 1744 3849 doctori
1773 3795 1991 3850 Christo

419 3893 574 3944 Iidem
598 3890 855 3945 adhibere
881 3889 1157 3950 convenit,
1186 3889 1251 3941 de
1302 3897 1491 3942 natura
1526 3897 1675 3942 certo
1722 3888 1934 3942 docenti
1973 3906 1987 3942 :

415 3983 516 4036 etsi
554 3982 646 4035 tibi
674 3995 831 4035 secus
858 3980 1123 4042 videatur,
1166 3979 1479 4045 sapientiori
1514 3978 1720 4034 scilicet
1751 3980 1891 4046 viro,
1923 3994 1989 4035 ac

421 4073 607 4141 majori
662 4073 961 4125 caelestium
1013 4085 1194 4123 rermn
1232 4071 1542 4140 cognitione
1593 4070 1883 4139 praeditum
1937 4079 1993 4126 te

418 4181 539 4219 esse
560 4163 811 4230 jactanti,
830 4163 936 4223 vel,
968 4170 1025 4216 ut
1053 4164 1253 4216 rectius
1281 4162 1493 4232 loquar,
1526 4163 1789 4217 adversus
1822 4162 1990 4217 Deum

421 4256 759 4323 impudenter
785 4253 1085 4321 'argutanti.

759 4366 851 4421 CX
873 4396 943 4406 —
964 4365 1266 4421 CRATONI
1296 4364 1648 4420 MONACHO.

2088 3154 2181 3207 τοῦ
2216 3153 2545 3224 σαρκώσεως
2576 3156 2874 3222 ἀποφαῖνον
2911 3154 2988 3225 (7)
3014 3170 3027 3183 ·
3081 3155 3197 3220 πῶς
3230 3156 3525 3219 διδάσκεις,
3562 3159 3667 3227 ἐμ-

2090 3248 2371 3318 ϐρόντητε,
2404 3247 2644 3312 ποιητὸν,
2674 3247 2707 3317 ἢ
2755 3248 2994 3310 κτιστὸν,
3026 3246 3059 3317 ἢ
3094 3247 3196 3317 τῆς
3220 3247 3412 3318 δούλης
3445 3249 3668 3317 φύσεως

2091 3333 2250 3401 εἶναι,
2282 3336 2399 3391 ἀλλ’
2429 3337 2491 3388 οὐ
2524 3340 2623 3407 τῆς
2654 3335 3001 3405 δεσποτικῆς,
3045 3336 3136 3389 καὶ
3165 3336 3525 3406 δημιουργοῦ,
3568 3339 3674 3391 καὶ

2093 3427 2359 3497 βασιλίδος
2395 3428 2582 3491 οὐσίας
2624 3428 2881 3497 συγγενὲς
2906 3427 2999 3481 καὶ
3029 3427 3313 3497 ὀμοούσιον
3348 3427 3406 3481 τὸ
3438 3429 3673 3499 Πνεῦμα

2090 3520 2152 3572 τὸ
2189 3518 2376 3589 ἃγιονς
2430 3521 2493 3573 Ei
2522 3519 2630 3590 γὰρ
2657 3518 2865 3584 δοῦλον,
2901 3518 2977 3590 μὴ
3004 3518 3342 3589 ἀριθμείσθω
3390 3519 3532 3587 μετά
3570 3520 3675 3572 τοῦ

2091 3609 2381 3664 Δεσπότου.
2400 3611 2512 3664 Ku‘l.
2536 3609 2634 3683 [ei]
2657 3609 2881 3681 κτίσμα,
2909 3610 2983 3680 μὴ
3007 3609 3315 3677 συγκείσθω
3330 3609 3409 3679 τῷ
3435 3610 3673 3680 Κτίστῃ.

2094 3701 2335 3755 Ἥνωται
2358 3702 2414 3754 δὲ
2442 3703 2536 3755 καὶ
2564 3701 2986 3772 συνηρίθμηται,
3011 3700 3197 3770 ἐπειδὴ
3219 3699 3297 3770 τῷ
3318 3701 3541 3773 ἀκριϐεῖ
3559 3701 3676 3754 τῶν

2091 3792 2347 3846 τοιούτων
2410 3793 2745 3863 δογματιστῇ
2799 3792 2877 3862 τῷ
2930 3792 3151 3863 Χριστῷ
3200 3791 3483 3845 πείθεσθαι
3538 3795 3670 3863 χρὴ,

2094 3884 2350 3953 ἀσφαλῶς
2380 3885 2447 3937 τὰ
2485 3884 2614 3954 περὶ
2644 3884 2745 3955 τῆς
2776 3883 2983 3947 οἰκείας
3019 3884 3207 3945 οὐσίας
3243 3883 3581 3938 διδάσκοντι·
3620 3885 3675 3937 εί

2093 3977 2186 4029 καί
2221 3994 2302 4029 σοι
2336 3976 2410 4048 μὴ
2438 3977 2601 4041 δοκεῖ,
2629 3976 2707 4047 τῷ
2732 3976 3027 4047 σοφωτέρῳ
3064 3993 3124 4029 τε
3176 3976 3271 4029 καὶ
3320 3975 3391 4030 τά
3436 3974 3673 4045 οὐράνια

2093 4066 2257 4121 πλέον
2285 4068 2420 4121 Θεοῦ
2450 4068 2649 4121 ειδέναι
2684 4065 3043 4138 κομπάζοντι,
3073 4066 3105 4139 ἢ
3139 4067 3343 4138 μᾶλλον
3376 4065 3677 4139 τολμηρῶς

2095 4160 2440 4232 ρητορεύοντι
2469 4160 2609 4215 κατά
2638 4160 2796 4214 Θεοῦ.

2425 4366 2527 4421 Pl'.
2558 4399 2629 4408 —
2666 4367 2969 4423 ΚΡΑΤΩΝΙ
3008 4370 3321 4442 ΜΟΝΑΧῼ.

418 4460 737 4529 Religiosum
769 4460 927 4529 vitam
966 4458 1227 4529 professos
1253 4457 1438 4510 debere
1483 4457 1661 4529 omnia
1682 4471 1801 4524 qua:
1829 4456 1884 4510 in
1925 4473 1982 4511 ea

2094 4456 2244 4529 "0tt_
2270 4460 2304 4510 ὁ
2326 4455 2609 4529 λᾶσκησιν
2642 4459 3180 4528 ἐπαγγελλόμενος,
3213 4460 3409 4513 πάντα
3450 4461 3523 4514 τὰ
3558 4462 3673 4515 αὐ·-

716 4541 833 4583 sunt
856 4528 1118 4583 laboriosa
1149 4528 1397 4581 alacriter
1421 4527 1682 4594 amplecti.

490 4647 591 4714 Qui
632 4645 934 4717 religiosam
978 4644 1143 4698 vitam
1197 4642 1746 4713 proﬁteristudet,ac
1800 4642 1991 4697 salutis

496 4832 541 4865 ”
576 4833 706 4886 an.
751 4828 995 4896 xx1v,‘.?.5
1025 4841 1183 4898 seqq.
1258 4826 1304 4859 "’
1338 4825 1514 4881 lCor.
1547 4839 1666 4890 xm,
1702 4826 1753 4878 I.

2171 4526 2282 4594 τῆς
2310 4527 2567 4581 ἐπίπονα
2603 4526 2913 4597 προθύμως
2941 4526 3169 4598 ὀφείλει
3200 4529 3594 4589 ἀσπάζεσθαι.

2178 4640 2238 4693 '0
2266 4640 2505 4711 ἀσκῆσαι
2535 4639 2854 4711 βουλόμενος
2878 4681 2893 4707 ,
2926 4643 3021 4695 καὶ
3052 4644 3326 4714 σωτηρίας
3356 4644 3675 4714 ἐφιέμενος,

1516 4965 1748 5021 VARUE
1786 4963 2172 5021 LECTIONES
2214 4964 2302 5018 ET
2347 4962 2582 5020 NOTAE.

505 5115 579 5187 (6)
622 5113 1067 5187 ‘Eqsto-iirarsr.
1100 5110 1295 5187 Melius
1326 5110 1445 5187 cod.
1474 5108 1586 5187 Alt.
1628 5107 1756 5187 legit
1813 5107 2006 5187 ὑπεισ-

428 5176 653 5259 ήγόιγεν.
704 5176 1236 5259 νει-εξϐέὺρήσεις
1278 5182 1433 5259 codd.
1474 5177 1597 5231 Vat.
1631 5178 1735 5232 649
1779 5188 1834 5232 et
1886 5176 1995 5232 Alt.

434 5250 487 5313 in
523 5250 769 5322 praesenti
795 5264 996 5319 pnnttnl
1021 5250 1312 5322 εὑρίσκεις.
1360 5250 1571 5303 Possm.

503 5315 578 5395 (Ἰ)
613 5324 681 5379 Ut
712 5315 807 5377 hic
829 5323 903 5375 ait
933 5315 1186 5386 Spiritum
1226 5331 1469 5395 sauctum
1503 5321 1553 5371 in
1590 5333 1743 5395 sacra
1789 5315 2001 5371 Domini

432 5391 583 5452 car-ua
618 5397 807 5463 (quam
835 5401 989 5444 vocat
1023 5408 1257 5463 mensam
1292 5391 1611 5463 mysuit-atu)
1641 5400 2006 5463 panemcom-

436 5458 649 5521 munem
668 5458 907 5517 'rcddere
932 5462 1204 5527 praprium
1234 5458 1624 5512 incarnationis
1652 5458 1852 5511 Christi
1881 5471 2005 5527 cor-_

435 5554 566 5606 pus,
596 5536 675 5589 sic
708 5544 761 5587 ct
800 5524 1044 5606 infra—lie
1078 5532 1199 5606 vino
1230 5532 1464 5606 loquitur
1498 5529 1654 5606 epist.
1688 5524 2003 5606 5l5.,hquutl

437 5595 500 5658 ex
530 5595 648 5671 ejus
673 5603 926 5677 primitiis
950 5601 1180 5677 Spiritus
1212 5595 1421 5677 divinus
1451 5595 1781 5677 sanguinem.
1802 5595 2003 5677 Cirrist‘i

438 5664 691 5742 είίίυῖυιί
714 5674 788 5737 ὡς
832 5668 968 5743 αἷμα
991 5664 1240 5742 ’Χριστοῦ
1285 5669 1380 5738 τὴν
1432 5667 1619 5721 τούτου
1651 5666 1785 5738 (τοῦ
1836 5664 2002 5734 οἴνου)

2104 5107 2358 5177 ἀπαρχὴν
2385 5105 2443 5157 τὸ
2474 5104 2614 5177 θεῖον
2638 5101 2927 5177 ἐργάζεται
2962 5097 3409 5177 ᾘνεῦμακίῖιττ..

2162 5168 2236 5217 -’
2256 5168 2570 5231 ίίιὲιονίὺὶιιιι·
2591 5168 2939 5236 hteitetiistola
2962 5172 3012 5223 in
3034 5168 3191 5222 mild.
3218 5168 3334 5221 Vat.
3364 5170 3468 5222 649
3488 5181 3541 5221 et
3564 5170 3672 5223 All.

2092 5261 2195 5299 non
2212 5246 2576 5314 Μαραθωνίῳ,
2589 5246 2679 5298 sed
2694 5240 3097 5311 Μακεδονιανῷ.
3114 5240 3316 5314 Ve_rs._ii
3330 5238 3675 5314 δημιουργοῦ

2106 5316 2157 5368 in
2204 5307 2596 5385 δημιουργικῆς
2638 5326 2805 5385 muta,
2835 5307 3063 5385 auctore;
3083 5311 3215 5385 ἰςυιί.
3254 5309 3357 5385 Alt:
3410 5307 3565 5385 Veis.
3609 5309 3675 5363 Η

2103 5402 2200 5452 pro
2332 5375 2681 5456 Xptatqi'cod.
2699 5381 2957 5456 __Vat._6$i_)
2973 5381 3065 5456 τοῦ
3083 5377 3317 5456 Χριστοῦ
3340 5378 3488 5443 legit.
3511 5375 3674 5456 Vera.

2104 5448 2170 5508 Ι16
2203 5448 2297 5524 pro
2330 5448 2410 5507 σοί
2465 5448 2538 5523 μῆ
2574 5453 2719 5524 δοκεῖ
2760 5450 2879 5506 cod.
2923 5452 3054 5524 All.,
3100 5448 3297 5503 omissa
3354 5448 3665 5524 negatione,

2104 5514 2214 5577 σοι’
2237 5525 2383 5578 δοκεῖ
2437 5514 2613 5576 Ιιὶιιὶει.
2656 5520 2825 5591 Versu
2852 5520 3071 5591 ieodeut
3107 5528 3225 5591 post
3264 5514 3570 5588 σοφωτέρῳ
3606 5532 3671 5569 σι

2104 5607 2326 5664 uterque
2355 5596 2473 5650 col.
2503 5592 2638 5646 Θεοῦ
2659 5590 2824 5648 addit.
2850 5590 3059 5647 Possm.
