3944 6138
336 274 435 336 2.57

1276 277 1805 339 EPISTOLARUM
1844 280 1987 339 LIB.
2028 281 2076 340 Ι.
2115 307 2182 315 -
2221 282 2456 345 EPIST.
2495 286 2689 347 CXIV.

3456 288 3563 352 258

330 382 506 435 πάντα
554 380 622 435 τὰ
671 380 839 449 αὐτῆς
889 379 1139 442 ἐπίπονα,
1171 383 1327 435 ὁποῖα
1385 385 1481 436 καὶ
1534 385 1635 437 ὃσα
1676 385 1719 437 δ’
1748 382 1885 459 ἂν

2002 389 2295 458 cupiditate
2320 391 2530 459 ﬂagrat,
2563 392 2763 455 omnia,
2796 407 2915 462 qum
2946 393 2998 447 iu
3036 408 3096 447 ea
3151 394 3281 447 dura
3329 406 3381 449 et
3413 395 3560 449 labo-

328 470 621 541 προθύμως
648 471 970 534 ἀσπάζεται.
988 472 1047 523 ’0
1063 472 1119 525 δὲ
1136 474 1266 544 παρ’
1288 473 1445 540 ἀξίαν
1466 475 1722 545 πράττειν
1742 479 1797 529 ἐν
1826 480 1892 548 τῇ

325 561 555 631 ἀσκήσει
583 602 598 624 ,
631 562 662 631 ἥ
694 564 815 624 ταῖς
844 563 1012 632 αὐτῆς
1039 563 1332 628 διακονίαις
1360 566 1634 635 οἰόμενος,
1664 568 1755 620 τὸν
1790 567 1895 631 ἔξω

325 653 493 720 τῦφον
522 654 815 718 ἐνδέδυται,
837 654 895 706 ὃν
923 654 1217 709 ἀποθέσθαι
1248 658 1545 727 ἀμήχανον,
1570 657 1617 708 εί
1650 658 1724 727 μὴ
1762 659 1897 728 μνή-

331 762 434 815 μην
463 746 575 814 ἔχοι
607 746 683 815 (8)
741 746 835 798 τοῦ
889 745 1139 817 σώματος
1164 787 1179 811 ,
1211 747 1332 799 ὅθεν
1379 747 1609 818 ὑπέστη,
1640 749 1893 802 καὶὸπου

329 836 485 890 πάλιν
514 836 756 890 ἀναλύει.

605 1129 751 1182 PIA'.
774 1158 841 1171 —
861 1131 1110 1201 zosiMo
1146 1131 1614 1203 ΠΡΕΣΒΥΤΕΡῼ.

442 1223 584 1291 Περὶ
622 1222 728 1275 τοῦ
766 1221 863 1274 διὰ
900 1221 1213 1290 χρημάτων
1248 1221 1782 1290 χειροτονηθέντος.

398 1313 632 1376 Ἐλαϐες
665 1312 960 1382 ἱερωσύνην
989 1312 1236 1382 ἀνιέρως,
1269 1312 1471 1384 ἀνίερε,
1500 1315 1740 1384 χρήμασι
1771 1314 1893 1366 κλέ-

327 1407 430 1474 Qa;
459 1406 696 1477 πρᾶγμα
725 1404 974 1475 οὐράνιον
997 1445 1011 1469 ,
1043 1403 1294 1473 δεύτερος
1323 1405 1576 1473 Καϊάφας
1600 1444 1614 1467 ,
1647 1404 1892 1476 ἀργυρίῳ

328 1497 503 1550 λαϐὼν
534 1498 604 1551 τά
633 1497 935 1568 ἀπόρρητα.
967 1495 1104 1547 Ἀλλ’
1134 1495 1278 1548 ἐστιν
1309 1497 1461 1559 ἐλπὶς
1492 1496 1891 1565 μεταϐαλέσθαι

329 1606 385 1639 σε
415 1588 553 1658 πρὸς
582 1588 943 1659 χρηστότητα.
961 1586 1232 1640 Ἐναντίον
1260 1586 1369 1656 γάρ
1396 1603 1448 1639 τι
1477 1588 1651 1641 εἰπεῖν
1682 1586 1758 1657 (9)
1810 1602 1890 1637 σοι

326 1680 384 1732 οὐ
415 1679 698 1749 βούλομαι.

624 1883 768 1935 PlB'.
803 1910 873 1920 -
897 1881 1183 1951 ΕΥΣΕΒΙῼ
1222 1879 1588 1949 ΕΠΙΣΚΟΠῼ.

329 1976 452 2028 Ὀτι
480 1973 560 2028 ἂν
586 1973 844 2043 λέγομεν
874 1971 934 2043 (1.
966 1970 1004 2024 ἂ
1032 1970 1257 2050 λέγοιμ)
1288 1972 1341 2023 οἱ
1371 1968 1541 2036 ἱερεῖς
1576 1967 1891 2037 ὀφείλομεν

999 2058 1209 2095 ποιειν.

391 2160 676 2221 Διδάσκεις
703 2158 790 2209 ἐπ’
846 2155 1135 2228 ἐκκλησίας
1178 2153 1445 2226 τερπνῶς,
1478 2152 1588 2205 ἀλλ’
1621 2152 1730 2205 εἴθε
1764 2150 1889 2221 μᾶλα

325 2252 410 2307 λον
438 2250 1053 2322 εὐεργετικῶς.Ἕοικας
1074 2248 1180 2318 γάρ
1200 2265 1305 2300 τινι
1335 2247 1418 2313 ἐφ’
1450 2246 1615 2314 ὕψους
1646 2244 1889 2315 βάλλοντι

326 2344 500 2409 λίθους
533 2344 671 2416 (10),
702 2346 721 2364 θ
745 2342 978 2395 διάκοντι
1007 2342 1105 2407 τῆς
1135 2338 1393 2399 πτώσεως
1415 2335 1577 2389 αὑτοῦ
1607 2336 1702 2406 τὴν
1732 2333 1890 2387 εὐθύ-

326 2452 479 2501 τητα,
510 2435 608 2487 καὶ
639 2432 841 2501 ταύτην
872 2433 955 2499 ἐφ’
978 2430 1165 2482 ἑαυτὸν
1196 2424 1753 2496 προσκαλουμένῳ.¹0
1782 2423 1889 2493 γάρ

326 2527 431 2579 τῶν
460 2526 873 2597 ἁμαρτημάτων
894 2523 1130 2592 ἐλεγχος,
1151 2523 1199 2572 εἰ
1217 2522 1274 2571 ἐν
1299 2520 1427 2589 ἡμῖν
1451 2516 1751 2587 θεωρεῖται,
1801 2515 1887 2567 διὰ

326 2619 426 2672 τῶν
456 2618 634 2690 ἔργων
662 2618 788 2679 τοὺς
831 2616 1022 2683 λόγους
1064 2612 1413 2685 ἀρνούμενος,
1445 2611 1503 2663 οὐ
1558 2608 1715 2678 μόνον
1766 2608 1888 2668 τοὺς

326 2710 595 2781 ἀκροατὰς
625 2710 884 2778 πράττειν
930 2704 1113 2767 κακῶς
1154 2706 1212 2757 οὐ
1244 2703 1558 2771 κωλύσομεν
1578 2742 1592 2763 ,
1624 2699 1756 2753 ἀλλᾶ
1797 2700 1888 2751 καὶ

326 2802 532 2869 γέλωτα
559 2796 1014 2868 ὀψλισκανοῦμεν,
1050 2796 1184 2850 ἄλλα
1213 2795 1574 2857 διδάσκοντες,
1605 2794 1697 2844 καὶ
1727 2791 1887 2861 ἕτερα

325 2897 673 2963 πράττοντες.

805 3006 949 3059 PII".
979 3033 1051 3047 .-
1079 3003 1165 3073 To
1204 3001 1406 3072 ΑΥΤῼ.

462 3101 595 3153 Ὀτι
632 3099 884 3167 χρήματι
922 3096 1187 3163 πέπρακε
1241 3092 1356 3160 τὴν
1394 3088 1745 3157 ἱερωσύνην.

401 3214 718 3285 ’Δχρήστοις
741 3210 852 3281 (11)
881 3209 1044 3271 λίθοις
1074 3206 1133 3259 τὸ
1158 3202 1641 3273 ἐκκλησιαστήριον
1664 3198 1887 3260 κτίζεις,

324 3309 430 3370 τοῖς
459 3301 878 3376 παρανόμοις,ἧ
912 3299 1110 3370 μᾶλλον
1140 3296 1363 3350 ἀσεϐέσι
1397 3310 1488 3344 σου
1522 3288 1890 3361 πόροις.”Ελα-

327 3398 413 3459 ϐες
439 3396 547 3467 γὰρ
576 3392 739 3464 τιμὴν
772 3390 1088 3463 ἱερωσύνης,
1112 3388 1188 3450 ὠς
1218 3385 1542 3456 πιπράσκων
1570 3379 1886 3451 ἱερωσύνην,

326 3488 413 3540 καὶ
440 3488 648 3547 ἔδωκας
679 3482 880 3552 ταύτην
900 3480 1131 3549 Ζωσίμῳ
1151 3496 1163 3507 ο
1195 3477 1365 3538 οὓτως
1393 3469 1545 3536 οὗτος
1574 3471 1755 3543 ᾄδεται
1786 3469 1889 3522 ἁνά

326 3580 495 3631 πᾶσαν
539 3576 640 3645 τὴν
662 3573 846 3646 χώραν
891 3575 918 3626 ὁ
966 3571 1142 3640 λόγος,
1184 3568 1323 3622 ὥστε
1371 3564 1571 3628 παντὸς
1601 3564 1887 3625 ἀκούοντος

325 3670 490 3724 ταῦτα
519 3671 675 3740 ἠχεῖν
704 3667 773 3720 τά
799 3665 1081 3737 ἀμφότερα
1110 3658 1245 3717 ὦτα.

581 3785 730 3838 PlA’.
756 3811 825 3821 -
848 3778 1149 3849 ΤΙΜΟΘΕῼ
1186 3775 1619 3844 ΔΝΑΓΝΩΣΤῌ.

354 3902 491 3971 Περὶ
520 3902 643 3955 τῶν
677 3899 855 3971 τριῶν
890 3893 1331 3971 ἡμερονιλκτίων
1368 3891 1477 3961 τῆς
1514 3885 1706 3956 ταφῆς
1743 3885 1850 3940 τοῦ

977 3968 1217 4035 Κυρίου.

388 4087 507 4139 Τῶν
542 4082 711 4156 τριῶν
742 4082 840 4152 τῆς
878 4080 1055 4150 ταφῆς
1094 4076 1189 4132 τοῦ
1233 4078 1436 4149 Κυρίου
1479 4077 1885 4148 ήμερονυκτίων

323 4178 455 4247 αὕτη
501 4176 650 4229 ἐστὶν
695 4176 729 4245 ὴ
783 4173 1126 4241 διασάφησις.
1169 4170 1502 4241 Γέγραπται,
1551 4171 1788 4240 ι”Ωσπερ
1817 4165 1885 4239 ἦν

334 4268 513 4331 Ἰωνᾶς
563 4269 622 4320 ἐν
671 4268 741 4337 τῇ
788 4264 967 4335 κοιλίᾳ
1012 4261 1105 4315 τοῦ
1136 4261 1335 4331 κήτους
1362 4263 1510 4331 τρεῖς
1550 4261 1758 4329 ἡμέρας
1792 4260 1883 4311 καὶ

319 4364 463 4433 τρεῖς
488 4362 719 4421 νύκτας’
760 4357 931 4419 οὕτως
970 4354 1065 4408 καὶ
1089 4356 1117 4407 ὁ
1148 4353 1271 4416 Υἱὸς
1296 4351 1389 4404 τοῦ
1417 4349 1702 4421 ἀνθρώπου
1733 4349 1883 4401 ἔσται

2002 481 2143 533 riosa
2172 490 2315 546 sunt,
2370 497 2704 551 qusccunque
2753 484 2966 537 tandem
3030 485 3116 537 illa
3160 485 3287 547 sint,
3315 499 3560 553 prompto

2000 571 2183 625 animo
2212 573 2572 641 amplectitur.
2601 575 2699 640 Qui
2747 585 2923 628 autem
2954 577 3005 629 in
3045 577 3288 645 religiosa
3348 579 3552 629 exerci-

2000 661 2202 715 tatione
2232 662 2507 734 ipsiusque
2542 666 2855 719 ministeriis
2887 681 2990 719 nou
3026 682 3121 734 pro
3148 667 3340 720 merito
3364 682 3461 720 suo
3496 681 3559 719 ac

2002 750 2264 818 dignitate
2289 767 2469 805 secum
2491 754 2573 821 agi
2601 755 2893 815 existimat.
2920 765 3143 809 externo
3170 754 3310 808 fastu
3341 756 3559 808 indutus

1999 851 2298 909 est:quem
2331 844 2597 911 deponere
2631 860 2733 899 non
2769 855 2967 914 potest.
2994 848 3092 899 nisi
3137 847 3261 899 illud
3301 848 3560 900 memine-

2000 931 2091 996 rit,
2126 934 2267 987 unde
2315 949 2511 1004 corpus
2561 936 2658 1004 ipsi
2709 948 2885 991 ortum
2918 940 2989 992 sit
3021 938 3088 1001 ³⁸,
3124 948 3178 992 et
3208 954 3313 1006 quo
3344 941 3560 993 tandem

2000 1033 2320 1079 revertatur.

2270 1137 2406 1193 CXI.
2423 1170 2494 1180 ——
2518 1140 2768 1197 ZOSIMO
2813 1144 3284 1198 PRESBYTERO.

2223 1230 2299 1284 De
2323 1249 2381 1284 eo
2406 1234 2494 1301 qui
2527 1236 2651 1288 data
2680 1239 2896 1301 pecunia
2925 1240 3197 1289 ordinams
3224 1232 3318 1289 est.

2068 1318 2239 1375 Homo
2291 1325 2534 1391 profane,
2589 1325 2813 1394 profano
2860 1329 3017 1381 modo
3068 1330 3419 1381 sacerdotium
3463 1342 3559 1382 ac-

1998 1410 2211 1478 cepisti,
2262 1428 2373 1465 rem
2419 1414 2668 1470 videlicet
2718 1417 2989 1469 caelestem
3045 1418 3269 1485 pecunia
3326 1416 3555 1472 sulfura-

1999 1509 2102 1565 tus,
2132 1520 2436 1573 novumque
2478 1508 2734 1576 Caipham
2767 1518 2814 1561 te
2857 1510 3121 1576 praebens,
3148 1520 3203 1561 ut
3230 1512 3317 1579 qui
3354 1527 3437 1565 res
3465 1526 3556 1565 ar—

1996 1608 2160 1649 canas
2191 1605 2245 1648 et
2270 1598 2526 1667 mysticus
2561 1609 2782 1669 argento
2807 1600 2898 1652 tibi
2947 1602 3305 1667 compararis.
3337 1602 3406 1654 At
3435 1618 3560 1670 spes

1997 1690 2078 1735 est
2126 1683 2214 1736 te‘
2258 1686 2323 1736 ad
2373 1686 2751 1755 benignitatem
2800 1689 3169 1756 migraturum.
3217 1688 3556 1743 Contrarium

1917 1750 1966 1806 Β
1992 1773 2132 1825 enim
2170 1773 2261 1826 tibi
2297 1750 2586 1843 quidquam
2620 1777 2804 1830 dicere
2840 1750 2983 1831 nolo.

2290 1886 2446 1941 CXII.
2480 1918 2551 1928 —
2580 1887 2866 1944 EUSEBIO
2900 1890 3242 1945 EPISCOPO.

2088 1974 2242 2041 Quod
2264 1992 2380 2046 qua:
2397 1978 2580 2031 dicunt
2612 1981 2927 2049 sacerdotes,
2952 1997 3010 2034 ea
3031 1982 3203 2049 facere
3218 1983 3456 2039 debeant.

2062 2154 2259 2226 Lepide
2280 2172 2343 2212 ac
2369 2158 2607 2227 jucunde
2633 2160 2687 2214 in
2720 2160 2954 2216 Ecclesia
2994 2162 3154 2217 doces
3189 2181 3203 2217 :
3235 2174 3290 2218 at
3350 2166 3554 2219 utinam

1990 2248 2165 2316 potius
2222 2248 2445 2303 utiliter.
2476 2250 2680 2305 Similis
2725 2253 2868 2305 enim
2914 2267 2972 2306 es
3024 2255 3235 2308 cuidam
3285 2255 3337 2309 in
3386 2256 3553 2309 altum

1991 2338 2193 2407 lapides
2214 2337 2463 2406 jactanti,
2508 2355 2570 2394 ac
2608 2343 2777 2396 ruina:
2819 2357 2928 2397 sua:
2965 2347 3334 2399 rectitudinem
3358 2362 3551 2414 procu-

1992 2432 2151 2493 ranti,
2184 2447 2407 2500 eamque
2444 2433 2750 2500 inseipsum
2780 2438 3106 2503 provocanti.
3132 2435 3265 2489 Nam
3290 2439 3330 2490 si
3360 2453 3552 2505 pecca-

1992 2529 2167 2573 torum
2205 2521 2550 2585 reprehensio
2581 2523 2631 2574 in
2667 2524 2821 2576 nobis
2849 2525 2976 2591 ipsis
3024 2541 3119 2595 per
3156 2542 3317 2593 opera
3347 2543 3553 2581 sermu-

1990 2625 2084 2663 Iees
2117 2610 2346 2664 inliciari
2406 2627 2469 2665 ac
2519 2622 2797 2667 destruere
2842 2616 3223 2683 perspiciantur,
3252 2635 3355 2671 non
3395 2622 3557 2674 modo

1990 2703 2586 2770 auditores,quominus
2607 2705 2871 2760 scelerate
2900 2708 3084 2762 vivant
3135 2725 3239 2763 non
3297 2712 3557 2778 prohibe-

1989 2792 2184 2855 bimus,
2205 2795 2296 2847 sed
2331 2795 2491 2849 etiam
2527 2797 2777 2850 ridendus
2829 2812 2926 2851 nos
2967 2800 3098 2868 ipsis
3127 2804 3553 2870 pr0piuabimus,

1990 2886 2091 2940 alia
2118 2887 2367 2941 videlicet
2397 2889 2672 2952 docentes,
2698 2899 2751 2942 et
2782 2889 2883 2942 alia
2920 2888 3200 2947 facientes.

2503 2999 2686 3054 CXIII.
2717 3033 2784 3043 —
2816 3000 3043 3057 EIDEM.

2218 3094 2370 3160 Quod
2391 3094 2613 3163 pecunia
2637 3095 2985 3148 sacerdotium
3014 3097 3325 3152 vendiderit.

2059 3206 2345 3264 Inutilibus
2368 3208 2517 3263 saxis
2552 3208 2845 3262 Ecclesiam
2867 3210 3123 3275 exsuuis,
3144 3213 3415 3267 sceleratis
3445 3214 3554 3285 35

1991 3300 2264 3364 nimirum,
2300 3316 2365 3355 ne
2394 3300 2569 3354 dicam
2621 3300 2820 3370 impiis,
2859 3303 3224 3369 proventibus.
3249 3305 3547 3361 Sacerdotii

1987 3393 2129 3447 enim
2180 3393 2407 3460 pretium
2462 3394 2737 3463 accepisti,
2788 3396 3150 3448 sacerdotium
3182 3399 3549 3465 vendens,id-

1988 3500 2091 3554 que
2122 3483 2334 3538 Zosimo
2367 3485 2580 3549 dedisti,
2612 3500 2779 3554 usque
2813 3486 2947 3540 adeo
2976 3487 3092 3541 haec
3118 3504 3212 3555 per
3244 3498 3405 3543 totam
3463 3508 3547 3545 re-

1987 3576 2197 3646 giouem
2254 3577 2493 3631 omnium
2567 3592 2815 3633 sermone
2869 3577 3230 3643 celebrantur,
3271 3588 3331 3634 ut
3381 3582 3555 3636 ambae

1986 3683 2193 3731 eorum,
2223 3668 2313 3736 qui
2346 3669 2460 3722 haec
2503 3669 2749 3733 audiunt,
2781 3686 2943 3725 aures
2994 3687 3057 3727 eo
3117 3673 3546 3730 circumsonent.

2270 3779 2899 3836 CXIV.—TIMOTIIEO
2945 3784 3253 3838 LECTORI.

2243 3893 2320 3945 De
2345 3896 2505 3946 tribus
2532 3896 2711 3947 diebus
2746 3898 3026 3962 sepultum
3055 3897 3281 3952 Domini.

2056 4075 2241 4129 Trium
2300 4073 2508 4127 Domini
2566 4074 2617 4126 in
2677 4074 2923 4143 sepulcro
2976 4085 3375 4130 transactorum
3412 4079 3553 4135 die-

1986 4180 2102 4217 rum
2128 4165 2238 4218 hazc
2269 4174 2347 4217 est
2380 4164 2707 4232 explanatio.
2733 4164 2999 4233 Scriptum
3034 4176 3116 4219 est
3154 4182 3168 4219 :
3213 4185 3230 4218 ι
3280 4167 3547 4233 Quemad-

1986 4256 2201 4309 modum
2250 4254 2412 4310 Jonas
2464 4256 2562 4309 fuit
2602 4256 2651 4309 in
2706 4268 2892 4311 ventre
2936 4258 3039 4310 ceti
3073 4258 3240 4311 tribus
3272 4260 3463 4313 diebus
3495 4271 3548 4314 et

1989 4347 2158 4400 tribus
2196 4349 2487 4401 noctibus:
2535 4350 2605 4401 ita
2647 4350 2808 4402 etiam
2853 4348 3019 4403 Filius
3070 4350 3300 4403 hominis
3341 4352 3445 4403 erit
3491 4353 3543 4403 iu

318 4414 469 4524 τῇ
500 4414 699 4522 καρδία
740 4449 840 4521 τῆς
885 4414 989 4517 γῆς
1013 4448 1163 4515 τρεῖς
1201 4414 1411 4514 ἡμέρας
1455 4414 1547 4493 καλ
1596 4442 1743 4510 τρεῖς
1787 4438 1881 4492 νύ-

2000 4438 2150 4491 corde
2190 4449 2347 4492 terrae
2384 4441 2556 4492 tribus
2599 4439 2789 4492 diebus
2830 4450 2885 4493 et
2940 4440 3109 4493 tribus
3159 4435 3486 4494 noctibus”.
3521 4458 3541 4489 ›

317 4561 474 4607 κτας.
509 4560 527 4593 ι
567 4541 627 4594 '0
659 4538 838 4593 τοίνυν
866 4534 1333 4604 ἐπαγγειλάμενος
1380 4532 1474 4584 τὸν
1531 4530 1700 4584 τύπον
1748 4529 1882 4598 πλη-

324 4636 431 4709 ρῶν
464 4634 577 4704 (12)
615 4633 789 4695 Ἰωνᾶ,
818 4628 1061 4699 ἀκριϐῶς
1088 4627 1250 4679 αὑτὸν
1273 4625 1632 4693 ἐπιστάμενος
1676 4622 1882 4694 (ἐπειδὴ

321 4725 455 4798 [καὶ]
492 4724 676 4794 παρῆν
712 4722 867 4791 Ἰωνᾷ
896 4717 1036 4791 [καὶ]
1068 4715 1416 4786 ριπτουμένῳ
1455 4714 1533 4776 είς
1581 4714 1671 4765 τὸν
1704 4712 1882 4782 βυθὸν,

320 4820 410 4872 καί
436 4814 864 4889 ἐκϐρασσομένῳ
904 4814 967 4864 ἐκ
995 4808 1089 4864 τοῦ
1121 4807 1327 4878 βυθοῦ),
1356 4806 1543 4858 τοῦτον
1573 4805 1884 4876 ἐπλήρωσεν

321 4908 593 4980 ἀσφαλῶς,
618 4905 873 4961 τοσοῦτον
898 4906 955 4956 ἐν
983 4901 1063 4973 τῷ
1092 4901 1250 4969 τάφῳ
1272 4898 1581 4970 διατρίὼας,
1612 4897 1734 4950 ὅσον
1766 4898 1880 4949 Ἰω-

385 5088 585 5145 "Gen.
621 5103 706 5150 ιιι,
739 5086 826 5139 19.
904 5084 947 5115 ³⁹
977 5083 1167 5137 Matth.
1204 5098 1300 5151 xu,
1328 5082 1417 5137 40.

1986 4528 2036 4583 ls
2066 4529 2245 4599 igitur,
2274 4531 2363 4597 qui
2396 4546 2451 4583 se
2466 4529 2613 4585 ,ιοιιαι
2637 4539 2815 4598 typum
2843 4546 3221 4596 expressurum
3251 4541 3543 4596 receperat,

1996 4638 2115 4675 cum
2166 4638 2287 4675 eum
2348 4632 2535 4678 exacte
2584 4632 2760 4675 nosset
2793 4625 3019 4692 (quippe
3067 4623 3154 4690 qui
3199 4623 3359 4676 etiam
3399 4619 3547 4675 Jonze

1990 4715 2220 4777 adesset,
2247 4728 2365 4767 cum
2386 4715 2438 4767 in
2467 4714 2788 4782 profundum
2813 4729 3048 4783 praeceps
3077 4722 3350 4782 ageretur,
3382 4722 3542 4781 atque

1985 4818 2016 4858 e
2064 4803 2327 4873 profundo
2386 4806 2728 4875 ejicerclur),
2764 4820 2885 4858 eum
2942 4820 3153 4873 quoque
3206 4806 3345 4858 haud
3386 4805 3552 4859 dubie

1986 4896 2237 4967 explevit,
2295 4904 2443 4951 tanto
2490 4897 2741 4952 nimirum
2781 4897 3036 4965 temporis
3070 4896 3245 4966 spatio
3281 4897 3331 4950 in
3364 4895 3544 4964 sepul-

1398 5196 1631 5253 VARIA'J
1673 5193 2059 5251 LECTIONES
2097 5195 2185 5251 ΕΤ
2228 5196 2459 5251 NOTAE.

392 5355 464 5425 (8)
511 5355 681 5409 Codd.
718 5353 841 5409 Vat.
874 5356 977 5411 649
1007 5363 1061 5408 et
1100 5354 1206 5425 Alt.
1244 5368 1340 5421 pro
1375 5352 1487 5421 ἔχοι
1518 5348 1717 5405 habent
1755 5348 1876 5419 ἔχῃ,

324 5435 374 5479 et
403 5423 541 5479 τότε.
575 5441 690 5491 seq.
715 5427 837 5478 ὅποι
873 5442 967 5493 pro
995 5426 1147 5478 ὅπου.
1173 5423 1369 5478 Possm.

383 5495 456 5559 (9)
488 5490 665 5548 Codd.
695 5493 818 5549 Vat.
845 5490 947 5551 619
973 5504 1027 5549 et
1056 5495 1164 5547 Alt.
1196 5494 1459 5547 ἐπειπεῖν.
1494 5490 1700 5547 Possm.

389 5564 498 5634 (I0)
542 5564 645 5618 Pro
671 5565 857 5629 λίθους
900 5566 1056 5620 codd.
1092 5562 1212 5618 Vat.
1246 5572 1299 5634 e_t
1332 5561 1459 5634 Alt.
1503 5560 1555 5616 in
1607 5559 1871 5634 singulari

390 5628 524 5689 nunt
566 5634 750 5704 λίθον,
809 5628 1041 5705 moxque
1088 5642 1209 5702 post
1260 5631 1496 5686 διάκοντι
1557 5628 1757 5686 adduut
1800 5628 1878 5681 δέ.

366 5720 523 5763 assus.

2052 5351 2160 5421 (11)
2208 5351 2480 5420 Χρηστοῖς
2513 5348 2698 5421 codd,_
2730 5346 2845 5400 Vat.
2892 5347 2995 5402 649
3046 5358 3114 5421 e_t_
3150 5350 3278 5421 AII._
3324 5346 3546 5421 Vers.2

1983 5415 2108 5474 Vat.
2147 5415 2271 5474 7649'
2311 5415 2467 5474 habet
2513 5418 2758 5470 εὐσεϐέσι
2814 5433 2907 5484 pro
2954 5419 3193 5471 ἀσεϐέσι.
3238 5415 3381 5468 Vers
3446 5420 3542 5471 IIII.

1984 5506 2116 5558 pone
2144 5491 2297 5543 artic.
2342 5488 2410 5540 τά
2463 5499 2581 5556 post
2622 5488 2925 5558 ἀμφότερα,
2981 5489 3133 5540 codd.
3176 5486 3291 5538 Vat.
3343 5495 3399 5539 et
3430 5485 3543 5540 Αιι.

1984 5561 2311 5613 auctoribus.
2346 5558 2550 5613 Possm.

2055 5628 2165 5697 (12)
2198 5629 2363 5685 Codd.
2396 5630 2517 5685 Vat.
2542 5627 2644 5684 649
2674 5636 2726 5683 et
2758 5626 2890 5695 Alt.,
2919 5622 3176 5693 πληροῦν.
3208 5621 3418 5679 Possm.
