3944 6138
432 250 536 314 259

1638 251 1700 310 S.
1738 246 2025 310 ISIDORI
2055 249 2489 310 PELUSIOTAB

3536 250 3641 313 250

435 378 531 418 cro
555 370 941 430 commoratus,
968 371 1167 433 quanto
1193 358 1356 416 Jonas
1388 359 1440 413 in
1464 358 1567 414 ceti
1603 369 1809 415 ventre.
1834 359 1981 425 Quod

2089 361 2180 423 νᾶς
2223 360 2281 411 ὲν
2331 358 2403 427 τῷ
2454 357 2627 427 κήτειι
2658 357 2720 410 Εἰ
2752 356 2807 410 δὲ
2837 356 2931 411 καὶ
2972 355 3227 427 δευτέραν
3270 356 3472 425 ζητεῖς,
3502 362 3644 431 αὕτη
3702 403 3705 407 ,

435 455 480 507 si
520 453 745 508 alteram
787 455 961 508 adhuc
986 453 1143 523 huius
1173 452 1274 507 loci
1314 448 1721 519 explicationem
1768 449 1983 519 quaeris,

438 546 657 600 habeto.
690 546 850 599 Sexta
882 547 1014 600 hora
1038 547 1362 599 Parasceves
1394 542 1448 596 in
1480 556 1693 597 crucem
1722 552 1875 595 actus
1897 548 1980 595 est

444 635 702 690 Dominus
725 637 791 689 ⁵ο.
830 636 910 689 Ab
940 639 1040 691 hac
1071 637 1200 690 hora
1230 635 1296 688 ad
1325 648 1518 687 nonam
1555 646 1723 701 usque
1753 632 1984 686 tenebrae

438 728 759 779 exstiterunt
788 726 853 783 δ’.
890 726 998 781 Hoc
1038 735 1091 780 tu
1149 736 1358 779 noctem
1416 722 1669 791 intellige.
1721 722 1927 776 Rursus
1954 736 1986 775 a

437 833 573 870 nona
602 817 709 869 lux.
741 818 850 871 lloc
900 833 1087 871 rursus
1140 831 1234 884 pro
1286 816 1371 867 die
1417 814 1576 867 habe.
1606 812 1717 866 Nox
1775 828 1985 867 rursum

447 905 793 961 l’arasceves.
822 904 955 960 Tum
979 908 1093 960 dies
1121 905 1360 960 Sabbati.
1393 902 1503 956 Nox
1540 902 1755 957 Sabbati
1806 903 1986 956 Domi-

436 999 668 1053 nicidiei
718 999 1040 1065 diluculum,
1070 999 1220 1065 juxta
1265 996 1643 1065 evangelistam
1690 995 1980 1049 dicentem:

439 1107 459 1140 ι
500 1089 734 1157 Vespere
781 1099 958 1142 autem
1014 1086 1253 1149 Sabbati,
1305 1101 1424 1154 quae
1481 1084 1699 1138 lucescit
1730 1084 1780 1136 in
1816 1083 1984 1152 prima

437 1180 660 1234 Sabbati
686 1180 750 1233 δ’.
791 1198 809 1231 ι
845 1181 995 1245 Quod
1025 1178 1069 1232 si
1103 1179 1312 1232 tertiam
1342 1191 1407 1230 ex
1436 1189 1522 1230 me
1572 1174 1868 1242 intelligere
1893 1186 1989 1243 po-

435 1275 625 1333 stnlas,
649 1288 712 1325 ea
742 1284 823 1326 est
851 1269 1153 1338 huiusmodi
1188 1287 1200 1322 :
1232 1267 1287 1322 In
1325 1269 1409 1321 die
1438 1265 1769 1321 Parasceves
1796 1264 1983 1319 Domi-

436 1370 536 1415 nus
579 1362 827 1432 Spiritum
872 1360 1110 1415 tradidit.
1142 1354 1220 1413 En
1250 1375 1351 1412 una
1374 1359 1490 1412 dies
1522 1376 1537 1412 ι
1568 1352 1860 1411 Sabbatum
1907 1364 1988 1409 to-

440 1466 550 1508 tum
589 1455 639 1508 in
689 1454 934 1523 sepulcro
973 1455 1185 1520 exegit;
1227 1460 1407 1519 postea
1452 1449 1567 1519 ejus
1613 1458 1845 1503 noctem.
1881 1444 1987 1500 Lu-

439 1555 687 1600 cescente
747 1542 1019 1598 Dominica
1046 1558 1075 1596 a
1104 1542 1348 1609 sepulcro
1383 1539 1640 1595 surrexit.
1664 1538 1720 1592 Id
1773 1550 1987 1607 quoque

433 1638 546 1691 dies
572 1638 689 1701 est;
725 1636 987 1703 siquidem
1018 1651 1045 1687 a
1087 1643 1258 1704 parte,
1292 1640 1350 1686 ut
1388 1631 1548 1695 nosti,
1576 1639 1744 1685 totum
1788 1626 1982 1683 intellic

2086 449 2251 501 ἐστίν·
2273 448 2446 519 Ἔκτῃ
2482 447 2599 520 ὥρᾳ
2626 448 2725 517 τῆς
2748 448 3106 519 Παρασκευῆς
3131 448 3446 518 ἐσταυρώθη
3473 452 3501 503 ὁ
3530 452 3649 503 Κύ-

2088 558 2221 612 ριος.
2240 541 2369 593 Ἀπὸ
2394 539 2595 611 ταύτης
2623 539 2726 602 ’ἐως
2755 539 2980 609 έννάτης
3007 539 3195 601 σκότος
3218 539 3455 608 ἐγένετο,
3484 540 3649 594 τοῦτο

2085 632 2256 685 νύκτα
2302 650 2393 703 μοι
2437 632 2646 702 νόησον.
2677 632 2844 685 Πάλιν
2886 631 2995 684 ἀπὸ
3034 632 3263 700 ὲννάτης
3289 632 3438 701 φῶς
3490 632 3652 686 τοῦτο

2085 723 2246 777 πάλιν
2270 724 2511 794 ὴμέραψ
2541 725 2574 793 ἡ
2605 723 2699 788 νὺξ
2728 720 2882 785 αὖθις
2906 723 3003 792 τῆς
3029 724 3487 793 Παρασκευῆς.Τὸ
3508 724 3650 778 Σάδ-

2085 815 2247 869 6ατον
2291 815 2552 870 πάλιν.Ἥ
2586 813 2681 877 νὺξ
2724 812 2817 866 τοῦ
2858 813 3132 867 Σαϐϐάτου
3176 816 3204 867 ό
3232 815 3329 884 τῆς
3358 814 3647 884 Κυριακῆς

2084 906 2296 977 ὄρθρος,
2341 906 2478 959 κατὰ
2507 906 2596 958 τὸν
2630 905 3017 976 εύαγγελιστὴν
3062 903 3315 972 λέγοντα·
3357 923 3377 956 ι
3407 907 3483 976 Τῇ
3522 908 3643 957 ἐπι-

2086 998 2373 1069 φωσκούσῃ
2397 1000 2477 1059 είς
2507 998 2633 1068 μίαν
2657 998 2763 1049 τῶν
2788 996 3097 1049 Σαϐϐάτων.
3121 1015 3138 1047 ι
3168 997 3229 1050 Εί
3249 996 3304 1049 δὲ
3330 999 3424 1050 καὶ
3452 1000 3647 1069 τρίτην

2084 1089 2329 1150 ἀπαιτεῖς
2347 1088 2458 1157 (15)
2486 1089 2697 1158 μαθεῖν,
2725 1088 2923 1151 οὕτως’
2941 1088 3030 1139 Ἐν
3057 1090 3124 1158 τῇ
3150 1089 3475 1159 Παρασκευῇ
3497 1105 3646 1157 παρ-

2086 1179 2286 1232 έδωκεν
2312 1181 2339 1231 ὁ
2371 1172 2573 1249 Κύριος
2619 1178 2680 1230 τὸ
2724 1177 2967 1248 πνεῦμα·
3003 1178 3160 1230 τοῦτο
3195 1180 3292 1248 μία
3332 1180 3535 1250 ἡμέρα.
3570 1179 3649 1232 Τὸ

2083 1265 2359 1321 Σάϐϐατον
2407 1260 2526 1322 ὅλον
2573 1268 2823 1338 ἐποίησεν
2865 1271 2923 1321 ὲν
2965 1267 3044 1338 τῷ
3086 1270 3276 1338 τάφῳ·
3307 1265 3423 1321 εἶτα
3452 1271 3643 1323 τούτου

2083 1360 2180 1432 τὴν
2212 1347 2862 1430 νύκτα.Ἑπιφωσκούσης
2898 1359 3182 1430 Κυριακῆς
3212 1359 3410 1431 ἀνέστη
3447 1362 3509 1414 ὲκ
3545 1360 3644 1415 τοῦ

2087 1453 2278 1521 τάφου,
2312 1454 2406 1507 καὶ
2454 1452 2611 1506 τοῦτο
2658 1453 2868 1523 ἡμέρα*
2901 1452 3087 1522 ἐπειδὴ
3141 1452 3248 1505 ἀπὸ
3297 1453 3515 1523 μέρους,
3567 1440 3647 1516 ὧς

2083 1536 2257 1606 οίσθα,
2282 1541 2342 1594 τὸ
2385 1541 2503 1595 ὅλον
2531 1536 2851 1615 γνωρίζεται
2872 1558 2887 1573 °
2936 1540 3106 1605 οὕτως
3134 1541 3190 1595 δὲ
3221 1543 3315 1595 καὶ
3346 1544 3506 1614 ἡμεῖς
3542 1543 3647 1606 τὰς

2085 1630 2193 1683 τῶν
2247 1630 2620 1684 τελευτώντων
2667 1633 2884 1702 μνήμας
2928 1626 3198 1702 εἰώθαμεν
3244 1632 3435 1685 τελεῖν.
3453 1634 3647 1704 Ὁποίᾳ

433 1728 597 1793 gitur.
621 1725 711 1780 Sic
759 1735 936 1778 autem
977 1739 1075 1779 nos
1104 1737 1315 1791 quoque
1372 1737 1579 1784 eorum,
1609 1720 1701 1790 qui
1760 1728 1981 1773 mortem

2089 1723 2130 1777 δ’
2173 1722 2239 1776 ἂν
2286 1722 2403 1795 ὥρᾳ
2435 1722 2577 1794 [τῆς]
2619 1724 2829 1795 ἡμέρας
2877 1742 2962 1788 τις
3008 1724 3338 1796 τελευτήσοι,
3367 1727 3463 1797 τὴν
3513 1726 3645 1795 ἑξῆς

432 1819 651 1879 obeunt,
683 1815 996 1868 memoriam
1018 1814 1289 1869 celebrare
1308 1812 1702 1867 consuevimus.
1731 1809 1975 1876 Quacunv

430 1922 533 1975 que
577 1906 720 1960 enim
754 1907 858 1960 diei
917 1909 1045 1961 bora
1088 1907 1351 1975 quispiam
1418 1906 1581 1960 vitam
1628 1920 1748 1959 cum
1809 1914 1984 1960 morte

432 1997 799 2061 commutarit,
825 2006 1038 2065 postero
1074 1997 1332 2050 duntaxat
1357 1996 1441 2050 die
1483 1997 1786 2065 interjecto,
1812 1996 1981 2050 altero

431 2100 548 2157 post
580 2089 666 2142 die
722 2090 1010 2143 tertianum
1047 2087 1212 2157 ipsius
1268 2088 1407 2142 diem
1444 2088 1671 2157 agimus.
1704 2087 1901 2150 llabes,
1924 2087 1979 2140 ni

429 2179 915 2249 lallor,propositte
969 2178 1281 2248 quaestionis
1340 2178 1685 2233 solutionem.
1718 2177 1870 2244 Quod
1930 2178 1975 2231 si

427 2268 692 2338 perfectos
717 2283 824 2324 tres
856 2271 973 2325 dies
994 2286 1055 2324 ac
1088 2278 1271 2325 noctes
1313 2280 1560 2339 qumrunt
1596 2269 1686 2338 qni
1715 2269 1849 2322 male
1882 2284 1978 2338 pu-

429 2369 613 2429 gnant,
646 2361 773 2415 illud
806 2361 1090 2430 responde,
1109 2361 1248 2430 quod
1285 2375 1377 2414 rex
1413 2374 1645 2430 quoque,
1677 2361 1723 2413 si
1744 2359 1977 2413 admissa

431 2452 746 2520 eorum,qui
784 2454 837 2506 in
861 2450 1089 2506 metallis
1140 2467 1202 2506 ac
1239 2451 1468 2505 vinculis
1525 2457 1666 2517 sunt,
1721 2454 1981 2519 depreca-

432 2544 576 2596 tione
601 2559 661 2595 ac
685 2542 1089 2612 supplicatione,
1110 2543 1210 2596 hoc
1238 2542 1369 2611 ipsis
1392 2543 1658 2612 pollicitus
1695 2543 1905 2605 fuisset,
1922 2556 1981 2595 se

428 2640 548 2701 post
586 2633 798 2687 tertium
826 2633 965 2686 diem
998 2647 1091 2686 eos
1126 2632 1317 2687 mlssns
1361 2632 1650 2695 facturum,
1686 2649 1749 2687 ac
1774 2633 1980 2703 praesti-

434 2730 606 2776 tutum
647 2725 784 2776 diem
844 2733 1184 2778 antevertens
1231 2739 1324 2778 eos
1370 2723 1673 2785 liberasset,
1702 2740 1795 2793 per
1841 2726 1978 2777 hanc

2087 1812 2467 1883 ὑπερτίθεσθαι
2521 1814 2708 1883 μόνην,
2742 1815 2831 1867 καὶ
2870 1819 2935 1885 τῇ
2966 1815 3127 1886 ἑτέρᾳ
3173 1816 3359 1880 ἔωθεν,
3383 1816 3481 1887 τὴν
3521 1835 3644 1887 τρι-

2084 1905 2242 1958 ταίαν
2288 1904 2450 1958 αὑτοῦ
2502 1904 2655 1973 ἄγειν
2703 1905 2931 1976 ἡμέραν.
2962 1907 3165 1976 Ἔχεις,
3204 1905 3277 1970 ὡς
3324 1903 3499 1977 οἶμαι,
3544 1908 3643 1979 τὴν

2085 1986 2235 2047 λύσιν
2258 1993 2349 2046 τοῦ
2374 1992 2722 2063 ζητουμένου.
2746 1995 2805 2046 Εἰ
2830 1994 2885 2047 δὲ
2911 1993 3118 2059 τελείας
3142 1996 3239 2059 τὰς
3258 1998 3405 2067 τρεῖς
3429 1997 3643 2067 ἡμέρας

2086 2085 2180 2137 καὶ
2223 2083 2423 2147 νύκτας
2467 2083 2716 2153 ζητοῦσιν
2762 2086 2811 2136 οί
2852 2087 3183 2156 κακομὰχοι,
3212 2088 3524 2156 ἀπόκριναι,
3559 2088 3643 2140 ὅτι

2085 2176 2178 2229 καὶ
2200 2174 2452 2245 βασιλεὺς
2475 2178 2521 2227 εί
2548 2175 2839 2245 πρεσϐείαν
2866 2175 2959 2228 καὶ
2986 2177 3191 2229 ἱκεσίαν
3213 2176 3320 2229 τῶν
3352 2180 3408 2230 ὲν
3442 2176 3643 2247 μετάλ-

2081 2264 2191 2327 λοις
2220 2264 2314 2317 καὶ
2346 2264 2609 2332 φυλακαῖς
2640 2260 3086 2335 προσδεξάμενος,
3118 2266 3258 2336 μετὰ
3309 2266 3497 2336 τρίτην
3541 2267 3643 2319 αὑ-

2082 2361 2196 2421 τοῖς
2224 2359 2435 2430 ἡμέραν
2459 2358 2777 2429 μεταδοῦναι
2804 2359 3070 2429 ὑπέσχετο
3096 2360 3196 2429 τῆς
3242 2360 3507 2430 ἀφέσεως,
3546 2361 3645 2414 καὶ

2082 2450 2401 2517 προφθάσας
2443 2448 2540 2520 τὴν
2580 2449 2915 2520 προθεσμίαν
2961 2449 3059 2521 τὴν
3102 2449 3371 2522 λύτρωσιν
3419 2451 3639 2516 δέδωκε,

2084 2542 2282 2611 μᾶλλον
2305 2540 2383 2611 τῷ
2408 2541 2561 2611 τάχει
2587 2541 2902 2611 ἡλήθευσεν.
2918 2541 2977 2594 '0
2999 2542 3055 2594 δὲ
3074 2544 3349 2614 Δεσπότης
3375 2542 3642 2613 συντομώ·

2078 2649 2235 2703 τερον
2277 2634 2512 2695 ἀναστὰς
2558 2632 2592 2703 ἢ
2637 2630 2923 2703 ὑπέσχετο,
2964 2634 3115 2705 παρὰ
3152 2635 3367 2689 πάντων
3414 2637 3643 2699 εἰκότως

2080 2721 2601 2793 προσκυνηθήσεται.

429 2818 970 2875 εείοιὶιιιιεηινετιηη
990 2821 1160 2890 magis
1193 2820 1437 2874 dixisset.
1492 2819 1572 2874 Ad
1622 2818 1868 2874 eumdem
1936 2819 1981 2873 it

2089 2832 2116 2873 ο
2170 2817 2385 2871 modum
2465 2815 2747 2880 Dominus,
2768 2814 2928 2870 citius
2964 2830 3126 2886 quam
3172 2817 3516 2885 promiserat,
3550 2832 3638 2872 re-

428 2920 676 2976 surgens,
709 2908 775 2962 ab
800 2905 1048 2961 onmibus
1084 2908 1276 2961 merito
1324 2907 1657 2960 adorabitur.

764 3017 921 3072 CXV.
945 3046 1015 3058 —-
1038 3016 1264 3071 HELIIE
1299 3015 1645 3073 MONACIIO.

497 3130 633 3197 Quid
656 3130 753 3184 tibi
789 3139 844 3183 et
878 3130 975 3182 viae
998 3129 1236 3199 Egypti,
1272 3140 1328 3182 ut
1365 3130 1517 3184 bibas
1560 3144 1752 3198 aquam
1778 3128 1977 3186 Geon?

425 3222 494 3279 id
522 3224 758 3290 refugam
787 3220 1034 3288 populum
1081 3220 1250 3287 inquit
1280 3222 1556 3288 propheta,
1589 3219 1670 3273 vel
1703 3235 1796 3287 per
1827 3221 1972 3274 illum

427 3314 605 3382 potius
645 3312 804 3365 Deus.
855 3310 990 3376 Quid
1039 3310 1130 3364 tibi
1184 3318 1238 3364 et
1289 3312 1611 3375 confusioni,
1653 3326 1715 3364 ex
1770 3327 1875 3380 qua
1925 3312 1979 3364 in

432 3416 589 3455 manu
618 3398 712 3452 Dei
741 3399 947 3451 excelsa
987 3407 1041 3450 et
1075 3399 1294 3451 brachio
1332 3397 1440 3468 36
1476 3408 1691 3451 extento
1728 3398 1981 3454 liberatus

427 3509 487 3546 es
508 3490 599 3544 “‘l
633 3489 791 3554 Quid,-
823 3498 1168 3558 posteaquam
1194 3490 1442 3543 virtutem
1476 3490 1716 3559 attigisti,
1739 3506 1805 3544 ac
1835 3507 1981 3546 sum-

430 3599 571 3636 mam
605 3580 992 3652 philosophiam
1018 3580 1335 3649 degustasti,
1361 3580 1423 3633 ad
1453 3581 1639 3634 vitium
1674 3583 1976 3648 reverteris,

428 3686 526 3725 nec
562 3670 657 3725 tibi
708 3670 836 3725 illud
899 3668 1192 3739 Scriptura:
1237 3668 1417 3723 animo
1470 3670 1806 3731 obversatur,
1838 3668 1970 3725 Eum

426 3764 514 3833 qui
549 3778 578 3817 a
606 3763 812 3831 justitia
841 3764 907 3816 ad
946 3769 1219 3827 peccatum
1260 3775 1320 3815 se
1356 3760 1634 3826 avertit“,
1655 3760 1705 3814 in
1734 3760 1968 3828 gladium

426 3850 565 3911 Deus
615 3854 978 3925 praeparabit?
1036 3853 1182 3923 Fuge
1228 3861 1644 3921 tempestatem;
1704 3852 1823 3920 fuge
1868 3852 1974 3905 llu-

424 3963 562 4003 ctus.
596 3948 842 4004 Christus
904 3956 1120 4002 ventum
1177 3945 1473 4015 increpavit
1500 3944 1566 3995 ⁸⁸.
1594 3942 1804 3996 Nullum
1844 3952 1979 3997 tem-

427 4041 641 4107 pestatis
676 4039 967 4107 periculum
1009 4038 1199 4102 facies,
1231 4037 1275 4092 si
1327 4045 1511 4106 portus
1549 4034 1669 4090 loco
1700 4032 1976 4089 Christum

425 4131 680 4185 tenueris.
745 4142 753 4155 '

662 4238 843 4296 CXVI.
870 4269 942 4282 —
964 4238 1260 4295 AUSONIO
1289 4236 1741 4295 CORRECTORI.

492 4352 624 4409 Cum
652 4355 867 4424 sapiens
893 4354 1135 4410 veritatis
1161 4354 1433 4409 inventum
1466 4353 1668 4408 habeas
1717 4352 1973 4422 mnltipli-
2003 4384 2049 4440 Β

422 4456 539 4495 cem
602 4452 986 4497 tormentorum
1028 4442 1352 4506 machinam,
1381 4442 1571 4495 timore
1600 4440 1665 4495 ad
1709 4441 1970 4507 judicium

424 4540 595 4595 utere,
627 4530 1054 4600 quandoquidem
1104 4541 1155 4585 te
1208 4539 1470 4586 terrorem
1505 4530 1763 4600 improbis
1792 4530 1973 4586 divina

422 4620 499 4673 Ie:
531 4620 827 4675 constituit.

553 4732 756 4789 CXVII.
782 4731 1261 4788 —ATIIANASIO
1291 4731 1845 4788 C(ENOBIARCIUE.

546 4827 610 4881 In
634 4828 786 4892 illud,
818 4844 837 4879 t
880 4826 955 4880 De
996 4828 1081 4881 die
1103 4827 1196 4880 illa
1222 4837 1268 4879 et
1302 4826 1431 4880 hara
1464 4841 1609 4879 nemo
1633 4827 1789 4879 novit.
1823 4843 1843 4877 ι

493 5006 631 5071 Quid
677 5008 958 5062 adversum
1012 5005 1220 5075 seipsos
1270 5003 1480 5059 Domini
1527 5002 1781 5074 judicium
1823 5001 1973 5072 impii

2464 3020 2611 3074 PIE'.
2641 3050 2712 3066 -.
2746 3020 2910 3092 Intra
2944 3022 3253 3094 ΜΟΝΑΧῼ.

2160 3127 2217 3182 Γί
2264 3130 2469 3183 σοικαί
2514 3133 2579 3202 τῇ
2630 3126 2733 3201 ὁδῷ
2778 3131 3077 3200 Αἰγύπτου,
3120 3133 3257 3205 [τοῦ]
3301 3137 3447 3189 πιεῖν
3497 3136 3643 3210 ὕδωρ

2080 3221 2267 3292 Γηών;
2298 3222 2432 3294 πρὸς
2462 3222 2552 3277 τὸν
2586 3224 2979 3294 παλίνστροφον
3009 3224 3135 3280 λαὸν
3177 3228 3205 3279 ό
3230 3230 3511 3300 προφήτης
3539 3248 3642 3300 φη-

2083 3312 2185 3377 σὶν,
2217 3312 2250 3382 ἢ
2289 3312 2486 3383 μᾶλλον
2517 3314 2583 3367 δι’
2608 3316 2817 3369 ἐκείνου
2859 3317 3010 3379 Θεός.
3045 3318 3110 3370 Τί
3147 3319 3230 3371 σοὶ
3274 3319 3369 3373 καὶ
3398 3325 3465 3391 τῇ
3510 3329 3641 3389 συγ-

2080 3404 2233 3474 χύσει
2283 3400 2349 3477 ἦς
2380 3406 2694 3477 ἀπηλλάγης
2726 3409 2869 3479 χειρὶ
2904 3408 3038 3462 Θεοῦ
3079 3412 3335 3481 κραταιᾷ,
3373 3413 3467 3464 καὶ
3501 3413 3637 3483 βρα-

2080 3494 2215 3565 χίονι
2244 3496 2429 3566 ὑψηλῷ
2445 3514 2459 3562 ;
2478 3497 2543 3549 Τί
2562 3498 2660 3567 τῆς
2684 3501 2882 3570 ἀρετῆς
2908 3501 3203 3571 ἁψάμενος,
3226 3504 3320 3556 καὶ
3342 3503 3439 3572 τῆς
3460 3504 3639 3574 ἄκρας

2080 3585 2396 3654 φιλοσοφίας
2433 3589 2785 3657 γευσάμενος,
2821 3592 2901 3653 εἰς
2927 3592 3120 3645 κακίαν
3151 3592 3508 3657 παλινοστεῖς,
3536 3597 3640 3650 οὐκ

2079 3674 2216 3745 ἔχων
2239 3677 2299 3729 τὸ
2323 3678 2589 3749 Γραφικὸν
2614 3681 2752 3735 κατὰ
2780 3680 2932 3746 νοῦν,
2960 3682 3063 3734 Τὸν
3084 3683 3495 3753 ἀποστρέφοντα
3529 3686 3640 3740 ἀπὸ

2077 3762 2420 3835 δικαιοσύνης
2463 3767 2554 3819 ἐπὶ
2600 3768 2871 3839 ἁμαρτίαν
2910 3771 3189 3840 ἑτοιμάσει
3233 3774 3263 3825 ό
3299 3774 3505 3845 Κύριος
3556 3778 3638 3841 είς

2079 3854 2385 3923 ῥομφαίανς
2422 3855 2562 3924 Φύγε
2593 3861 2681 3911 τδν
2711 3859 2971 3928 κλύδωνα,
3005 3862 3098 3915 καὶ
3130 3864 3267 3932 φύγε
3298 3865 3368 3918 τὰ
3389 3866 3631 3936 κύματα.

2090 3943 2416 4017 Ἐπετίμησε
2448 3950 2679 4019 Χριστὸς
2717 3951 2793 4022 τῷ
2822 3953 3027 4023 ἀνέμῳ.
3061 3948 3248 4019 υύδείς
3278 3974 3337 4010 σε
3366 3961 3637 4029 χειμῶνος

2077 4034 2447 4105 καταλήψεται
2500 4040 2686 4109 πεῖρα,
2736 4043 2784 4094 εἰ
2831 4043 2921 4095 τὸν
2959 4043 3151 4114 λιμένα
3195 4047 3452 4117 κρατοίης
3499 4050 3635 4120 Χρι-

2078 4124 2197 4179 στόν
2221 4126 2377 4197 (ιδ’).

2320 4238 2480 4304 qu'.
2510 4268 2578 4281 --
2614 4240 2911 4313 armth
2946 4244 3384 4303 KOPPIKTOPI.

2144 4350 2313 4419 Σοφὸν
2340 4349 2476 4420 ἔχων
2506 4351 2764 4423 ἀληθείας
2793 4354 3071 4427 ἐξεύρημα
3108 4357 3241 4428 (14),
3267 4358 3328 4412 τὸ
3358 4360 3635 4427 πολυειδὲς

2075 4438 2183 4492 τῶν
2218 4439 2462 4509 βασάνων
2488 4444 2805 4514 μηχάνημα,
2837 4446 3032 4515 χρῆσαι
3060 4448 3140 4516 τῷ
3183 4448 3331 4518 φόϐῳ
3377 4452 3514 4521 πρὸς
3534 4454 3635 4524 τὴν

2077 4530 2283 4599 κρίσιν’
2321 4530 2504 4603 ἐπειδὴ
2538 4534 2700 4602 φόϐον
2748 4551 2808 4587 σε
2852 4539 2964 4599 τοῖς
3011 4539 3199 4599 κακοῖς
3235 4538 3264 4590 ό
3296 4539 3439 4603 θεῖος
3471 4541 3636 4612 νόμος

2076 4619 2328 4690 ὡρίσατο.

2252 4733 2394 4786 ΡιΖ¹.
2425 4762 2494 4774 -
2517 4735 2857 4807 ΛΘΑΝΑΣΙῼ
2892 4739 3435 4815 ΔΡΧῘΜΔΝΔΡΙῚᾘ.

2076 4824 2181 4886 Εἰς
2208 4823 2294 4888 τό,
2332 4844 2349 4875 t
2384 4825 2518 4892 Περί
2560 4826 3181 4904 τῆς-ᾑιςέραςᾷἐκείνης
3212 4833 3450 4903 καὶτῆς·
3477 4836 3635 4904 ὧρας

2620 4896 2821 4961 οὐδεὶς
2854 4897 3032 4953 οἶδεν.
3065 4919 3083 4949 ι

2148 5005 2213 5057 Τί
2237 5004 2357 5059 καθ’
2378 5006 2582 5059 ἑαυτῶν
2610 5009 2707 5079 τὴν
2732 5008 2825 5061 τοῦ
2856 5010 3056 5082 Κυρίου
3083 5014 3419 5068 ἐπισπῶνται
3450 5018 3635 5089 κρίσιν

495 5157 539 5188 ⁸ο
556 5154 711 5210 Jonn.
738 5171 847 5223 ιιι,
875 5158 961 5212 ﬂ.
1000 5158 1044 5190 “
1065 5158 1251 5212 Matth.
1274 5173 1446 5222 nm,
1466 5156 1556 5212 45.
1587 5155 1632 5188 ⁸³
1656 5155 1844 5211 Matth.
1864 5172 2054 5221 xxvm,
2077 5157 2124 5213 l.
2166 5158 2211 5189 "
2229 5158 2380 5213 Deut.
2404 5159 2566 5220 v.15.
2603 5157 2862 5217 “Ezech.
2888 5165 3147 5232 xvnt,24.
3188 5168 3379 5225 “Luc.
3404 5187 3522 5237 vur,
3541 5174 3632 5231 2L

1503 5305 1734 5362 VARIA'J
1774 5305 2152 5363 LECTIONES
2186 5308 2272 5362 ΕΤ
2310 5309 2539 5365 ΝΟΤᾸΕ.

492 5452 601 5516 (I5)
628 5450 794 5506 Codd.
824 5450 890 5504 ν.
915 5449 1017 5504 649
1046 5460 1096 5502 et
1120 5448 1206 5512 A.,
1233 5465 1330 5519 pro
1350 5448 1615 5519 ἀπαιτεῖς,
1638 5445 1828 5510 θέλεις.
1849 5447 1971 5503 Pos.

498 5523 629 5591 (15⁸)
668 5522 820 5574 Deest
849 5519 1206 5591 vox_Xpts-.ov
1234 5518 1427 5591 iucod.
1451 5519 1567 5591 Alt.
1588 5518 1791 5573 Possm.

497 5587 621 5659 (tt)
659 5591 748 5647 Sic
780 5602 833 5646 et
860 5593 925 5646 de
949 5588 1086 5658 juris
1117 5587 1341 5643 consulti
1381 5587 1733 5653 qua-stionum
1770 5603 1866 5643 usu
1906 5603 1969 5643 ac

2080 5448 2202 5504 ﬁne.
2232 5448 2397 5503 Rtrr.

2146 5550 2215 5559 _
2247 5519 2384 5604 Xers-
2408 5517 2769 5604 δίεν-πίλοις)
2811 5531 2865 5577 et
2897 5525 3001 5582 Alt.
3034 5544 3135 5585 non
3166 5530 3261 5603 τὴν
3305 5532 3501 5604 κρίσιν,
3538 5539 3636 5593 sed

2074 5588 2172 5657 τὴν
2199 5589 2348 5653 τάξιν
2373 5590 2585 5645 habent.
2617 5587 2823 5645 Possm.
