3944 6138
350 254 444 317 ﬂii

1277 252 1803 316 EPISTOLARUM
1845 250 1989 310 LIB.
2028 251 2055 310 Ι
2118 278 2186 286 -
2220 252 2456 313 ΕΡΙὸΤ.
2495 252 2667 313 CXX.

3466 247 3575 309 262

345 375 391 425 οξ
420 371 769 441 βλάσφημοιζ
803 369 868 421 Τί
903 369 966 423 τὺ
1012 367 1119 440 πῦρ
1168 368 1271 439 τῆς
1316 370 1538 440 γεέννης
1566 370 1614 422 οἱ
1652 365 1907 436 θεομάχοι

2026 366 2257 420 mmines
2288 365 2601 419 attrahunt?
2632 363 2769 431 Quid
2821 363 3075 431 gehenrue
3129 360 3306 430 ignem
3343 357 3437 411 Dei
3475 358 3573 411 hoc

344 464 682 517 ὲπικαίουσιν
715 463 863 533 (l5);
925 463 1207 533 Ἠγνόησε,
1245 463 1535 530 φάσκουσι,
1570 462 1668 531 τῆς
1722 475 1909 514 συντε-

343 554 492 616 λείας
539 554 640 623 τὴν
674 553 887 623 ἡμέραν
920 555 948 605 ό
981 552 1204 623 Κύριος.
1234 553 1348 605 Ούκ
1378 553 1675 622 ἠγνόησεν,
1707 550 1905 618 ἄπαγε,

344 646 476 699 ἀλλὰ
502 644 814 715 σαφηνίζειν
841 646 910 698 τὰ
932 645 1183 714 ἀνωφελῆ
1210 646 1505 716 παρῃτεῖτο
1528 642 1734 713 προόλή
1746 658 1905 710 ματα.

356 741 505 793 Ἐπεὶ
533 739 651 801 πῶς
680 740 892 803 ἀγνοεῖν
915 737 1144 806 ἠδύνατο
1163 735 1365 808 ὥρανῆ
1388 737 1598 806 ἡμέραν
1628 735 1656 787 ὁ
1683 733 1910 803 ποιητὴς

344 833 451 885 τῶν
480 832 711 892 αἰώνων,
742 832 799 884 ὲν
822 822 867 897 ᾧ
890 830 1088 893 πάντες
1117 831 1254 883 είσὶν
1276 830 1325 883 οἱ
1369 827 1632 898 θησαυροὶ
1676 829 1773 895 τῆς
1824 842 1911 878 σο-

349 922 509 991 φίας;
561 921 676 973 Ούκ
704 915 773 990 ἦν
802 919 1135 987 ἀγνοοῦντος,
1163 919 1222 972 τὸ
1250 919 1343 973 καὶ
1376 918 1444 971 τὰ
1477 919 1675 988 σημεῖα
1721 916 1813 969 καὶ
1843 914 1912 968 τά

348 1012 597 1083 φόδητρα
636 1013 916 1082 προειπεῖν
944 1011 1043 1079 τῆς
1073 1011 1328 1081 ἐσχάτης,
1367 1009 1462 1062 καὶ
1493 1008 1680 1076 ὥσπερ
1708 1004 1912 1076 παροῦ-

352 1120 447 1156 σαν
476 1104 646 1171 αὐτὴν
673 1105 786 1165 τοῖς
810 1101 1151 1173 γνωρίσμασι
1173 1101 1509 1171 διαγράφειν.
1528 1099 1665 1151 Ἀλλ’
1689 1098 1716 1150 ὃ
1744 1097 1911 1167 ἔφθην

350 1193 537 1259 είπὼν,
570 1196 670 1263 τῆς
716 1194 927 1256 εἰκαίας
982 1193 1300 1262 ἐρωτήσεως
1344 1190 1443 1261 τὴν
1490 1191 1762 1259 ἀπόφασιν
1812 1190 1912 1241 οὐκ

350 1286 602 1354 ἐδήλωσε.
620 1284 685 1336 Τί
714 1284 821 1355 γὰρ
845 1284 1051 1353 ὄφελος,
1076 1283 1195 1336 εἰπέ
1226 1300 1333 1352 μοι,
1361 1282 1551 1352 μαθεῖν
1581 1281 1677 1352 τὴν
1700 1280 1912 1351 ἡμέραν

352 1377 442 1430 τοῦ
472 1376 693 1441 τέλους;
732 1376 968 1443 Ἀγνοεῖν
994 1375 1050 1428 δὲ
1081 1375 1285 1445 ταύτην
1312 1374 1596 1446 συμφέρει,
1625 1376 1710 1428 ἴνα
1733 1376 1912 1428 πᾶσαν

352 1468 563 1539 ¹ἡμέραν
588 1468 798 1536 ἐκείνην
821 1462 957 1521 εἶναι
984 1466 1308 1537 νομίζοντες,
1333 1467 1536 1537 ἕτοιμοι
1557 1466 1693 1537 πρὸς
1713 1466 1911 1535 ταύτην

352 1561 702 1628 τυγχάνωμεν
726 1558 1139 1631 γρηγοροῦντες,
1158 1558 1252 1613 καὶ
1263 1558 1353 1613 τὸν
1375 1559 1577 1629 Κύριον
1589 1558 1743 1630 ἡμῶν
1761 1576 1825 1611 πε
1835 1575 1913 1627 ρι-

358 1650 625 1720 μένοντες.

629 1852 783 1905 ΡΙΗ’.
812 1882 881 1892 —
906 1853 1156 1924 ΖΩΣΙΜῼ
1193 1853 1314 1906 ΚΑΙ
1352 1852 1634 1906 ΜᾹΡΩΝΙ.

389 1943 527 2011 Περὶ
554 1944 967 2012 πρεσϐυτέριον
987 1943 1071 2010 μὴ
1095 1946 1575 2011 περιπατούντων
1600 1943 1748 1998 κατὰ
1768 1942 1882 2011 τὴν

832 2013 936 2067 τοῦ
976 2012 1125 2068 Θεοῦ
1160 2014 1438 2081 ἐντολήν.

426 2128 657 2198 Ἠρκεις
688 2127 787 2197 μὲν
820 2128 911 2181 καὶ
940 2128 1383 2192 σὺ,άναιδέστατε
1400 2128 1747 2200 Ζώσιμε,τὴν
1767 2129 1916 2183 θείαν

358 2216 653 2287 ίερωσύνην
686 2216 796 2287 (16)
829 2216 1206 2287 λυμαίνεσθαι,
1235 2219 1330 2271 καὶ
1368 2219 1547 2271 πᾶσαν
1580 2220 1715 2289 αὐτῇ
1760 2218 1916 2289 ὓϐριν

356 2308 802 2379 προστρίϐεσθαι·
856 2308 1010 2379 ἔσχες
1056 2308 1114 2361 δὲ
1166 2308 1261 2362 καὶ⁸
1308 2308 1537 2377 σύζυγον
1585 2309 1788 2379 ὅμοιον,
1823 2309 1916 2362 καὶ

356 2398 543 2468 ζεῦγος
568 2400 702 2471 βοῶν
724 2400 1148 2471 συνηρμόσθητε,
1170 2400 1267 2471 τὴν
1287 2400 1652 2471 άκανθοφόρον
1677 2399 1781 2469 γῆν
1808 2399 1916 2452 τῶν

354 2491 541 2545 παθῶν
583 2491 955 2563 ἐργαζόμενοι.
1004 2491 1175 2561 Στῆτε
1214 2492 1408 2556 τοίνυν,
1451 2484 1496 2545 ὦ
1546 2491 1787 2555 δείλαιοι,
1818 2492 1917 2561 τῆς

357 2582 556 2635 ἀτόπου
586 2582 799 2651 μανίας.
833 2581 1117 2635 Παύσασθε
1152 2582 1447 2652 πάντολμοι
1491 2582 1589 2653 τὴν
1634 2582 1916 2653 βασιλικὴν

356 2672 520 2741 αὐλὴν
552 2673 1021 2744 καταχραίνοντες.
1053 2673 1173 2726 Τῶν
1224 2673 1511 2744 μολυσμῶν
1559 2675 1779 2738 ἑαυτοὺς
1828 2676 1919 2727 ἑκ-

356 2762 651 2832 καθάρατε.
708 2764 933 2833 Κηλῖδος
998 2764 1058 2817 τὸ
1121 2763 1501 2836 θυσιαστήριον
1554 2764 1915 2829 άπαλλάξατε.

367 2854 545 2923 Ἠμᾶς
592 2853 842 2924 δακρύων
888 2856 1199 2924 κουφίσατε,
1226 2855 1351 2918 τοὺς
1388 2854 1627 2926 ὁρῶντας
1688 2856 1918 2909 σκανδά-

358 2944 460 2998 λων
487 2945 910 3017 ἐλευθερώσατε,
939 2947 1061 3009 τοὺς
1100 2946 1489 3017 κωμῳδοῦντας
1520 2948 1676 3017 σιγᾷν
1711 2964 1921 3017 συγχω-

2009 464 2120 511 stes
2154 456 2495 511 accendunt?
2539 456 3036 510 Consummatiouis
3086 453 3251 515 diem,
3296 451 3571 519 inquiunt,

2012 548 2271 603 Dominus
2322 548 2590 618 ignoravit
2618 547 2687 600 “.
2723 547 2916 601 Absit!
2947 547 3138 598 \‘erum
3181 544 3396 597 inutiles
3425 557 3573 611 qum-

2009 642 2213 695 stioues
2250 640 2526 709 explicare
2580 643 2887 694 recusabat.
2918 639 3136 708 Alioqui
3160 653 3392 707 quonam
3418 646 3574 703 pacto

2011 730 2195 784 horam
2215 729 2473 783 autdiem
2504 730 2755 801 ignorare
2803 739 3011 797 poterat
3072 729 3388 782 sweulornm
3440 725 3572 776 επρ-

2010 832 2146 884 οιοτο
2170 822 2220 875 in
2246 836 2352 890 quo
2382 822 2615 875 thesauri
2640 838 2827 877 oumes
2875 822 3149 890 sapientia:
3199 821 3285 871 siti
3336 828 3458 871 sunt
3488 816 3575 897 “7‘?

2010 911 2125 967 Non
2154 922 2271 967 erat
2296 912 2616 980 ignorantis,
2650 914 2759 982 ipsa
2800 930 3013 984 quoque
3034 912 3260 967 extremi
3286 912 3389 965 diei
3424 912 3573 979 signa

2009 1013 2065 1058 et
2115 1012 2350 1057 terrores
2403 1006 2722 1073 praedicere,
2776 1022 3007 1075 eumque
3072 1006 3213 1058 velut
3260 1016 3573 1069 praesentem

2010 1094 2176 1148 certis
2237 1093 2379 1147 notis
2428 1106 2589 1161 atque
2643 1097 2943 1162 insignibus
2991 1096 3319 1149 describere.
3356 1091 3576 1156 Verum,

2012 1195 2069 1240 ut
2124 1186 2233 1255 iam
2279 1184 2411 1251 dixi,
2481 1203 2631 1242 vana:
2695 1188 3117 1257 percontationis
3166 1186 3575 1254 explicationem

2012 1291 2077 1331 ac
2131 1277 2455 1332 sententiam
2515 1279 2736 1333 minimc
2786 1280 3179 1339 declarandam
3221 1277 3393 1330 duxit.
3440 1274 3576 1340 Quid

2010 1368 2175 1430 enim,
2227 1370 2336 1433 dic,
2366 1384 2572 1439 quaeso,
2636 1370 2885 1423 utilitatis
2941 1370 3179 1423 attulerit
3229 1369 3349 1422 linis
3394 1369 3575 1419 uumdi

2012 1461 2151 1515 diem
2177 1461 2518 1529 exploratum
2570 1462 2810 1516 habere?
2837 1463 2908 1515 At
2959 1477 3087 1515 vero
3124 1462 3367 1515 eunnlem
3428 1461 3579 1526 igno-

2013 1567 2134 1607 rare
2164 1553 2435 1616 conducit,
2457 1561 2513 1606 ut
2544 1552 2911 1606 omnemdiem
2948 1551 3093 1605 illum
3112 1566 3229 1603 esse
3260 1550 3576 1602 existiman-

2012 1651 2114 1707 tes,
2146 1645 2319 1714 parati
2355 1645 2423 1699 ad
2479 1659 2602 1698 eum
2667 1645 2859 1709 simus,
2891 1643 3189 1715 vigilantes,
3210 1657 3273 1695 ac
3298 1640 3577 1695 Dominum

2014 1746 2255 1790 nostrum
2297 1745 2676 1805 exspectantes
2694 1736 2756 1791 ⁸⁸.

2268 1848 2504 1904 CXVIII.
2524 1879 2593 1890 —
2615 1849 2868 1905 ZOSIMO
2915 1848 3002 1905 AC
3034 1847 3315 1904 MARONI.

2013 1939 2092 1996 De
2152 1941 2470 2011 presbyteris
2537 1958 2639 1994 non
2710 1941 3099 1994 ambulantibus
3149 1939 3429 1993 secundum
3484 1936 3578 1989 Dei

2642 2012 2967 2064 mandatum.

2084 2124 2163 2179 Ad
2211 2124 2450 2179 divinum
2506 2124 2869 2179 sacerdotium
2926 2119 3377 2179 labefactandum.
3417 2127 3580 2187 atque

2013 2231 2171 2271 omne
2212 2217 2310 2287 ipsi
2381 2216 2721 2271 contumeliae
2760 2230 2927 2285 genus
2972 2212 3315 2275 inurendum,
3346 2220 3399 2264 tu
3447 2226 3581 2279 quo—

2013 2322 2138 2378 que,
2191 2308 2654 2375 impudentissime
2701 2308 2934 2370 Zosime,
2984 2304 3302 2358 suillciebas.
3332 2304 3579 2356 Accessit

2014 2409 2190 2452 autem
2238 2398 2433 2451 similis
2478 2397 2678 2460 socius,
2709 2412 2771 2450 ac
2828 2411 2922 2465 par
2960 2394 3118 2448 boum
3165 2395 3396 2461 copulati
3426 2394 3576 2453 estis,

2013 2491 2258 2561 spinequ
2302 2490 2556 2545 vitiorum
2616 2505 2800 2543 arvum
2861 2488 3121 2542 colentes.
3151 2486 3232 2541 Ab
3263 2488 3364 2540 hoc
3419 2487 3581 2556 igitur

2013 2593 2338 2653 praepostero
2394 2580 2599 2645 furore,
2645 2598 2679 2637 ο
2720 2581 2927 2645 miseri,
2970 2580 3231 2635 desistite.
3281 2577 3582 2647 Regiam,o

2014 2672 2356 2728 audacissimi
2384 2672 2649 2734 homines,
2680 2672 2853 2726 auiam
2909 2671 3278 2726 contaminare
3330 2670 3578 2722 desinite.

2016 2765 2275 2821 Sordibus
2333 2766 2579 2834 vosipsos
2638 2773 2951 2833 expurgate.
2987 2762 3185 2817 Labem
3218 2762 3286 2815 ab
3323 2762 3582 2813 altaribus

2017 2866 2309 2911 removete.
2336 2855 2441 2910 Nos
2472 2856 2725 2925 lacrymis
2753 2856 2943 2919 levate,
2967 2869 3079 2919 eos,
3115 2852 3203 2922 qui
3246 2868 3341 2905 vos
3380 2852 3577 2911 vident,

2020 2949 2290 3004 scandalis
2329 2949 2575 3003 liberate.
2604 2950 2671 3002 lis
2716 2949 2805 3016 qui
2840 2947 3062 3001 COlllit‘IS
3113 2946 3314 3000 salibus
3357 2959 3449 2998 vos
3500 2944 3582 2995 iu-

364 3036 584 3105 ρήσατε,
615 3036 715 3106 τὴν
744 3035 924 3107 κρίσιν
970 3037 1063 3090 τοῦ
1108 3036 1239 3090 Θεοῦ
1271 3036 1632 3108 ἐνθυμήθητε,
1662 3037 1762 3108 τῆς
1792 3039 1917 3091 ἐαυ-

2026 3049 2317 3106 sectantur,
2340 3050 2399 3095 ut
2428 3049 2661 3103 taceant,
2684 3039 3002 3108 permittite.
3030 3037 3119 3092 Dei
3162 3036 3418 3104 iudicium
3442 3038 3585 3105 cogi-

360 3125 464 3177 τῶν
494 3125 675 3196 ψυχῆς
707 3124 918 3179 καὶτοῦ
946 3126 1192 3197 σώματος
1223 3126 1503 3195 φείσασθε.

664 3237 810 3293 ΡΙΘ¹.
836 3267 907 3279 -
931 3240 1213 3311 ΕΥΣΕΒΙῼ
1248 3240 1614 3309 ΕΠΙΣΚΟΠῼ.

367 3327 490 3381 Ὀτι
535 3330 789 3398 φρικτὸν
833 3332 920 3394 εἰς
966 3329 1307 3397 ὑπερϐολὴν
1339 3330 1405 3382 τὸ
1444 3331 1803 3399 πιπράσκειν
1844 3332 1921 3384 ἱε-

768 3401 1055 3467 ρωσύνην
1082 3400 1119 3468 ἡ
1144 3399 1510 3464 ἐξωνεῖσθαι.

430 3490 627 3553 Καλως
670 3490 729 3543 τὺ
773 3489 1058 3560 Ψαλμικὸν
1091 3490 1444 3561 ἐμελέτησας,
1491 3490 1738 3555 καὶτοὺς
1770 3509 1923 3562 μονο-

372 3582 602 3652 τρόπους
624 3581 683 3632 ὲν
709 3579 785 3649 τῷ
806 3579 899 3657 τοῦ
934 3580 1139 3651 Κυρίου
1168 3580 1301 3653 οίκῳ
1336 3582 1661 3651 συνήγαγες,
1693 3584 1925 3653 Ζωσίμῳ

368 3672 626 3739 συζεύξας
662 3670 797 3743 [καὶ]
825 3671 1065 3742 Μάρωνα
1089 3689 1105 3705 ο
1138 3673 1317 3727 πᾶσαν
1345 3675 1579 3744 σπουδὴν
1600 3713 1614 3738 ,
1650 3673 1725 3737 ὡς
1750 3670 1923 3745 οἶμαι,

366 3764 643 3836 τιθέμενος
663 3805 679 3830 ,
710 3765 783 3835 μή
816 3782 867 3817 τι
896 3764 1003 3817 τῶν
1035 3766 1253 3834 φαύλων
1282 3766 1386 3831 ἔξω
1424 3766 1513 3819 τοῦ
1545 3767 1925 3839 θυσιαστηρίου

372 3856 547 3925 σταίη.
578 3855 715 3909 Ἴσθι
742 3856 918 3910 τοίνυν
943 3857 1018 3921 ὡς
1048 3857 1329 3927 πληθύνων
1357 3861 1480 3923 τοὺς
1503 3860 1769 3929 Σίμωνας,
1796 3861 1925 3924 τοὺς

367 3948 610 4018 χρήμασι
664 3947 894 4002 κτᾶσθαι
935 3948 997 4002 τὺ
1025 3949 1117 4002 τοῦ
1151 3949 1285 4002 Θεοῦ
1316 3950 1539 4020 Πνεῦμα
1568 3948 1885 4020 νομίζοντας
1907 3990 1924 4016 ,

368 4039 543 4093 κοινὸν
601 4039 817 4110 ἐκτήσω
848 4039 1128 4110 βαλάντιον
1156 4039 1233 4109 τῷ
1262 4041 1516 4112 προδότῃ,
1546 4041 1625 4104 είς
1654 4040 1813 4111 χολὴν
1844 4058 1928 4093 πι⁸

369 4128 526 4200 κρίας
573 4131 668 4183 καὶ
726 4130 1022 4201 σύνδεσμον
1067 4130 1279 4195 ἀδικίας
1333 4131 1774 4202 καλινδούμενος,
1832 4131 1928 4185 καὶ

368 4221 643 4289 προπίνων
673 4222 959 4294 τολμηρῶς
1006 4224 1073 4277 τά
1116 4223 1209 4278 καὶ
1254 4223 1508 4293 ἀγγέλοις
1555 4224 1738 4287 αὐτοῖς
1771 4240 1926 4298 περι-

368 4309 597 4382 πόθητα.

560 4434 696 4487 PK'.
718 4459 789 4473 —
816 4429 1101 4499 ΕΥΣΕΒΙῼ
1132 4427 1576 4499 ΠΡΕΣΒΥΤΕΡῼ
1602 4428 1731 4499 (l7).

436 4526 577 4594 Περὶ
606 4524 713 4577 τοῦ
738 4522 1076 4576 ἐπισκόπου
1106 4521 1402 4575 Εὐσεϐίου
1430 4520 1529 4573 καὶ
1561 4520 1854 4589 Ζωσίμου.

434 4638 527 4709 Μὴ
558 4636 847 4706 θαυμάσῃς
871 4633 969 4705 τὴν
997 4631 1201 4702 τόλμαν
1231 4630 1488 4683 Εύσεὸίου
1516 4630 1607 4684 καὶ
1635 4630 1696 4682 τὸ
1729 4630 1926 4701 θράσος

372 4731 635 4800 ἵωσίμου,
684 4726 821 4779 ἀλλὰ
868 4727 967 4795 τὴν
1012 4723 1105 4777 τοῦ
1153 4722 1287 4776 Θεοῦ
1323 4720 1719 4793 μακροθυμίαν,
1755 4720 1927 4783 οῦτως

375 4823 513 4890 ἡμᾶς
542 4822 622 4881 είς
653 4818 943 4888 μετάνοιαν
969 4814 1375 4885 περιμένοντος,
1405 4814 1496 4867 καὶ
1535 4812 1595 4876 ἐξ
1619 4812 1925 4883 ἀκαθάρτου

376 4913 545 4983 χειρὸς
593 4910 885 4980 δεχομένου
933 4907 1203 4977 θυμίαμα.
1247 4907 1310 4959 Ei
1352 4905 1459 4975 γάρ
1505 4921 1587 4967 τις
1634 4904 1928 4973 ἁμαρτίαις

377 5004 698 5074 ἁπότροφος,
747 5001 881 5053 πᾶσι
930 4997 1353 5068 κατεστιγμένος
1408 4994 1698 5066 μολυσμοῖς
1730 5009 1791 5046 τε
1836 4994 1930 5046 καὶ

435 5135 479 5167 ⁸⁸
507 5136 675 5189 Marc.
714 5149 834 5199 sui,
857 5133 964 5197 δὶς
1015 5129 1206 5186 Matth.
1248 5145 1396 5196 xxrv,
1427 5129 1517 5184 36.

378 5202 419 5237 ⁵⁸
450 5207 567 5260 Act.
595 5220 722 5270 vnn,
744 5204 777 5258 9
806 5218 957 5273 seqq.

1616 5127 1659 5159 ⁸⁷
1686 5127 1891 5185 Coloss.
1926 5143 1999 5192 ll,
2034 5130 2086 5184 3.

2024 3139 2152 3186 tate.
2191 3132 2399 3187 Vestris
2426 3133 2621 3185 animis
2649 3141 2700 3185 et
2732 3130 3051 3199 corporibus
3074 3129 3302 3198 parcite.

2230 3245 2337 3316 37
2364 3244 2549 3300 cxux.
2586 3275 2651 3284 —
2687 3243 2981 3299 EUSEBIO
3010 3243 3358 3300 EPISCOI‘O.

2034 3333 2198 3390 Valde
2260 3336 2578 3390 horrendum
2662 3351 2773 3388 esse
2836 3336 3050 3389 vendere
3118 3337 3468 3389 sacerdotium
3532 3348 3580 3390 et

2706 3420 2893 3458 emere.

2093 3496 2324 3551 Pulchre
2380 3495 2507 3550 illud
2565 3494 2867 3549 Psalmislzn
2918 3494 3209 3550 meditatus
3272 3511 3354 3557 es.
3422 3508 3583 3567 atque

2024 3588 2181 3641 unius
2211 3588 2379 3641 moris
2411 3588 2653 3641 homines
2688 3588 2738 3640 in
2771 3586 2861 3641 Dei
2890 3588 3049 3641 domo
3094 3587 3352 3655 collegisti
3376 3588 3441 3652 δ’,
3493 3591 3582 3658 qui

2026 3677 2295 3732 Maronem
2324 3678 2543 3732 Zosimo
2586 3678 2881 3746 adjumisti
2911 3697 2924 3731 :
2967 3676 3095 3730 illud
3144 3678 3397 3732 videlicet
3426 3682 3572 3733 omni

2026 3771 2203 3824 studio
2230 3772 2579 3835 contendens,
2618 3788 2681 3823 ne
2713 3770 2839 3839 quid
2886 3769 3139 3822 vitiorum
3188 3771 3255 3821 ab
3288 3770 3441 3822 altari
3490 3785 3578 3823 re-

2030 3871 2230 3914 motum
2285 3862 2376 3913 sit.
2428 3862 2540 3913 Hoc
2592 3861 2757 3927 igitur
2811 3862 2973 3921 scias,
3034 3868 3106 3921 te,
3153 3868 3209 3912 ut
3243 3860 3332 3927 qui
3391 3858 3582 3913 Simo-

2028 3966 2152 4003 num
2177 3949 2245 4014 ",
2277 3951 2366 4017 qui
2393 3964 2451 4003 se
2481 3949 2571 4003 Dei
2598 3948 2856 4018 Spiritum
2884 3948 3110 4017 pecunia
3140 3949 3369 4002 mercari
3399 3949 3585 4003 existi—

2029 4050 2197 4105 mant,
2245 4054 2525 4094 numerum
2566 4054 2785 4109 augeas,
2827 4054 3113 4095 commune
3154 4055 3275 4095 cum
3311 4041 3587 4109 proditore

2035 4132 2368 4200 marsupium
2399 4131 2493 4185 tibi
2523 4145 2870 4199 comparasse
2895 4148 2909 4185 :
2943 4131 3068 4184 dum
3096 4129 3149 4185 in
3183 4130 3303 4185 felle
3328 4130 3587 4183 aumritu-

2029 4222 2187 4285 diuis,
2205 4233 2259 4277 et
2285 4222 2626 4291 colligatione
2651 4222 2952 4291 iniquitatis
2975 4222 3201 4291 teipsum
3220 4224 3452 4286 volutas,
3480 4238 3588 4276 ea-

2030 4330 2156 4384 que,
2180 4330 2301 4385 qua!
2321 4316 2387 4368 ab
2414 4316 2543 4379 ipsis
2575 4316 2734 4368 etiam
2770 4315 2977 4378 angelis
3002 4325 3349 4384 expetuntur.
3374 4314 3580 4384 prodis.

2278 4427 2437 4486 CXX.
2464 4460 2530 4469 —
2560 4428 2831 4485 ISIDORO
2872 4428 3346 4484 PRESBYTERO.

2333 4520 2407 4573 De
2440 4521 2678 4590 episwpo
2704 4521 2931 4575 Eusebio
2967 4532 3015 4575 et
3047 4519 3277 4573 Zosimo.

2108 4629 2324 4685 Eusebii
2356 4634 2736 4698 temeritatem,
2766 4646 2819 4687 et
2846 4635 3042 4688 Zosimi
3076 4633 3354 4687 audaciam
3391 4646 3456 4685 ne
3485 4632 3587 4685 mi-

2033 4723 2193 4786 reris,
2227 4738 2411 4777 verum
2440 4725 2531 4778 Dei
2566 4724 2865 4791 leuitatem,
2900 4726 2963 4777 ad
2989 4723 3358 4791 pcrnitentiam
3392 4736 3486 4774 nos
3515 4721 3587 4773 ita

2038 4818 2426 4883 exspectantis,
2460 4824 2621 4885 atque
2644 4833 2705 4871 ex
2744 4819 2950 4884 impura
2993 4832 3150 4867 Illallll
3189 4816 3463 4867 incensum
3499 4828 3587 4866 ac-

2034 4905 2303 4973 cipientis.
2337 4906 2468 4959 Nam
2504 4907 2546 4960 si
2596 4907 2714 4975 quis
2757 4909 2809 4959 in
2858 4906 3149 4958 sceleribus
3181 4906 3457 4967 educatus,
3500 4914 3570 4956 at-

2037 5012 2141 5065 que
2168 4999 2313 5051 omni
2349 4999 2587 5052 sordium
2622 5015 2686 5053 ac
2723 5008 3063 5068 peccatorum
3099 5011 3294 5065 genere
3326 5012 3584 5064 compun-

2192 5133 2235 5161 "‘
2259 5132 2446 5187 Matth.
2482 5148 2628 5199 xxiv,
2671 5132 2740 5187 42
2779 5145 2929 5201 seqq.
3036 5134 3079 5164 “
3110 5130 3251 5187 Psal.
3303 5147 3441 5185 vau
3470 5172 3482 5194 ,
3532 5130 3587 5187 ἲ.

1459 5288 1693 5345 VARUE
1734 5290 2115 5347 LECTIONES
2146 5292 2234 5346 ET
2266 5291 2497 5346 NOT/E.

444 5432 555 5501 (15)
587 5431 756 5487 Codd.
776 5431 934 5484 iidem
962 5430 1145 5501 legunt
1167 5444 1262 5494 pro
1282 5428 1642 5501 ἐπικαίουσιν,
1673 5428 1921 5482 ἐκκαίου-

382 5498 548 5563 auget
581 5518 678 5569 pro
710 5501 998 5570 φάσκουσι,
1020 5498 1346 5566 φάσκοντες.
1378 5498 1583 5570 Possm.

447 5571 555 5641 (16)
584 5568 757 5625 Codd.
789 5570 922 5641 Vat.
944 5569 1047 5624 649
1080 5578 1134 5623 et
1162 5570 1271 5641 Alt.
1304 5568 1461 5641 tertio
1508 5577 1731 5641 utuntur
1752 5582 1925 5641 _casu,

380 5635 697 5708 Scribentes,
732 5642 801 5706 τῇ
843 5639 962 5705 θεία
1004 5637 1292 5709 ἱερωσύνῃ.
1323 5636 1485 5692 Iidem
1513 5653 1665 5694 versu
1698 5635 1933 5704 5legunt

2028 5429 2407 5499 ἐργαζόμενος,
2433 5443 2529 5496 pro
2554 5429 2927 5500 ἐργαζόμενοι.
2952 5428 3161 5483 Possm.

2104 5498 2729 5569 (liiiuscribitur'hmc
2760 5498 2844 5569 ep.
2894 5501 3109 5569 ingrcod.
3146 5498 3250 5551 Alt.
3288 5515 3389 5549 non
3423 5499 3586 5551 Εὐσε-

2035 5567 2155 5639 6ίῳ,
2189 5567 2280 5624 Sed
2319 5569 2570 5640 Ἰσιδώρῳ
2599 5567 2920 5640 πρεσϐξείο.
2952 5567 3103 5620 Vers.
3142 5584 3264 5637 pen.
3297 5583 3392 5637 pro
3417 5572 3587 5640 κρῖμα

2037 5638 2155 5697 cod.
2182 5641 2289 5695 Alt.
2318 5638 2501 5703 habet,
2522 5638 2589 5693 τὰ
2618 5638 2880 5693 κοίαατα.
2916 5640 3123 5694 Possm.
