3944 6138
373 265 477 333 263

1581 273 1643 335 S.
1678 272 1969 333 ISIDORI
1994 271 2441 335 .PELUSIOT/E

3482 273 3587 339 294

374 398 493 442 ctus
516 396 569 442 et
597 386 829 455 inustus,
885 386 977 442 Dei
1029 401 1153 443 aras
1190 388 1434 460 attingit,
1471 405 1535 445 ac
1568 401 1753 447 sancta
1804 406 1924 462 pro-

2032 390 2352 459 πταίσμασι,
2378 385 2772 458 θυσιαστηρίων
2801 387 3029 441 ἅπτεται
3053 388 3209 454 Θεοῦ,
3235 389 3329 444 καὶ
3353 392 3587 462 χειρίζει

379 478 503 530 I'ane
564 487 803 543 tractat,
853 480 967 549 ipse
1012 480 1232 549 quidem
1279 496 1463 549 poenas
1512 482 1641 544 luet,
1685 484 1925 537 divinum

376 580 555 623 autem
588 572 885 625 sacrarium
941 571 1201 641 improbis
1231 572 1399 641 ipsius
1432 573 1735 629 actionibus
1770 575 1929 629 mini-

378 677 463 714 me
496 666 919 715 contaminatur.

642 770 826 825 CXXI.
855 802 925 811 —
962 770 1310 826 ΤΙΜΟΤΗΕΟ
1341 771 1661 829 LECTORI.

377 860 441 914 In
469 862 620 926 illud,
654 880 671 912 ι
715 860 836 915 Non
872 880 985 914 sum
1016 864 1203 934 missus
1232 866 1331 934 nisi
1357 866 1426 916 ad
1454 880 1569 917 oves
1624 880 1739 933 qua:
1762 865 1927 934 perie-

896 944 1014 985 runt
1037 933 1220 985 domus
1245 931 1435 987 Israel.
1459 954 1477 984 ι

450 1062 469 1093 ‹
508 1042 619 1096 Non
663 1058 779 1097 sum
810 1045 1039 1109 missus,
1073 1047 1174 1099 nisi
1225 1048 1290 1099 ad
1319 1062 1445 1100 oves
1483 1062 1601 1113 qua:
1636 1047 1926 1117 perierunt,

375 1134 563 1188 domus
592 1136 778 1200 Israel,
816 1155 833 1185 ι
869 1140 933 1189 ad
968 1136 1323 1190 Chananaeam
1362 1139 1537 1205 inquit
1591 1140 1839 1192 Dominus
1860 1140 1925 1203 ",

378 1226 808 1293 pollicitationem
842 1227 1049 1281 scilicet
1100 1230 1328 1282 Abrahre
1356 1230 1550 1283 factam
1584 1233 1800 1299 explere
1830 1248 1923 1285 vo-

377 1318 726 1385 lens",jnxta
753 1336 911 1387 quam
939 1330 991 1372 et
1020 1336 1201 1374 semen
1226 1322 1393 1389 ipsius
1415 1325 1839 1391 apprehenderat
1858 1325 1925 1391 ⁵³,

373 1418 427 1460 et
460 1420 679 1463 matrem
715 1410 864 1463 illine
911 1412 1161 1478 elegerat,
1209 1423 1262 1465 et
1302 1413 1351 1465 in
1384 1429 1468 1477 ea,
1500 1423 1551 1466 et
1586 1430 1649 1467 ex
1704 1431 1763 1467 ea
1810 1432 1930 1471 car-

374 1514 493 1552 nem
549 1502 815 1565 induerat,
864 1512 1022 1570 atque
1072 1504 1229 1555 homo
1276 1518 1421 1565 vere,
1463 1519 1558 1570 per
1604 1507 1801 1567 omnia,
1836 1522 1929 1559 ex-

373 1601 528 1657 cepto
562 1603 799 1658 peccato,
841 1593 995 1647 nobis
1027 1594 1218 1648 similis
1250 1594 1423 1649 Iactus
1453 1596 1651 1659 fuerat,
1683 1613 1927 1650 onmem-

375 1697 476 1748 que
536 1680 735 1735 Judaais
805 1686 1211 1739 excusationem
1286 1688 1604 1754 pra-cidens.
1660 1688 1923 1753 Quoniam

2029 482 2276 550 ἀνάγνως
2304 481 2373 534 τά
2412 481 2567 549 ἆγια,
2618 481 2780 543 αὐτὸς
2829 481 2928 549 μὲν
2972 481 3156 550 ὑφέξει
3202 482 3397 552 κρῖμα,
3446 484 3503 536 ea
3529 484 3588 537 δὲ

2030 573 2170 626 θεῖον
2207 574 2357 644 βῆμα
2380 576 2499 637 ταῖς
2530 572 2736 625 ἐκείνου
2765 571 3023 643 πράξεσιν
3055 574 3114 625 οὑ
3150 574 3443 631 κοινοῦται.

2272 772 2447 825 PKA'.
2474 760 2545 811 -ὲ
2584 771 2873 842 ΓΙΜΟΘΕῼ
2903 773 3339 844 ΑΝΛΓΝΩΣΤῌ.

2028 866 2133 929 Εἰς
2166 863 2230 917 τό
2252 905 2266 928 ,
2302 883 2319 913 ι
2360 867 2480 916 Οὐκ
2520 863 2871 925 ἀπεστάλην
2903 866 2953 915 εὶ
2981 863 3065 930 μὴ
3107 866 3191 925 εἰς
3222 865 3292 916 τὰ
3325 864 3589 930 πρόϐατα

2290 935 2361 987 τὰ
2385 934 2738 987 ἀπολωλότα
2770 934 2937 986 οἴκου
2975 933 3242 1001 Ἰσραήλ.
3287 954 3306 986 ι

2105 1064 2123 1095 ι
2154 1046 2266 1098 Οὐκ
2290 1045 2616 1113 ἀπεστάλην,
2642 1046 2806 1114 φησιν
2835 1047 2862 1097 ό
2892 1045 3093 1116 Κύριος
3122 1050 3184 1115 τῇ
3206 1047 3506 1116 Χαναναία.
3529 1048 3579 1098 εί

2033 1136 2200 1206 μὴξείς
2218 1138 2284 1188 τά
2307 1137 2550 1205 πρόϐατα
2569 1137 2635 1189 τά
2663 1137 2977 1190 ἀπολωλότα
3000 1139 3148 1190 οίκου
3177 1138 3418 1209 Ἰσραήλ·
3446 1160 3463 1191 ι
3488 1140 3587 1209 τὴν

2028 1227 2164 1297 πρὸς
2207 1226 2297 1277 τὸν
2346 1225 2597 1296 *Αδραὰμ
2626 1225 2906 1296 πληρῶσαι
2940 1226 3107 1279 θέλων
3152 1228 3462 1296 ὑπόσχεσιν,
3492 1232 3587 1283 καὶ

2027 1318 2120 1371 τοῦ
2172 1318 2486 1388 σπέρματος
2536 1316 2696 1369 αὐτοῦ
2752 1318 3165 1385 ἐπιλαϐόμενος,
3224 1321 3317 1370 καὶ
3372 1321 3586 1390 μητέρα

2027 1410 2233 1462 ἐκεῖθεν
2286 1409 2699 1478 ἐπιλεξάμενος,
2750 1410 2840 1461 καὶ
2883 1410 2939 1460 ὲν
2980 1410 3115 1478 αὐτῇ
3164 1410 3257 1462 καὶ
3305 1411 3362 1475 ἐξ
3415 1413 3587 1479 αὐτῆς

2029 1502 2351 1570 σαρκωθεὶς,
2379 1502 2471 1553 καὶ
2497 1500 2777 1568 ἄνθρωπος
2800 1499 2941 1552 κατά
2965 1501 3219 1570 ἀλήθειαν
3249 1502 3430 1571 ὅμοιος
3456 1505 3585 1573 ἡμῖν

2028 1592 2168 1644 κατά
2202 1591 2398 1655 πάντα,
2441 1591 2579 1661 πλὴν
2621 1590 2928 1661 ἁμαρτίας,
2969 1591 3275 1660 γενόμενος,
3320 1594 3413 1644 καὶ
3454 1592 3585 1645 Ἰου-

2027 1682 2191 1735 δαίων
2238 1683 2415 1734 πᾶσαν
2479 1680 2679 1750 σκῆψιν
2727 1681 2981 1750 ἀναιρῶν.
3043 1682 3257 1752 Ἐπειδὴ
3315 1683 3450 1753 γάρ,
3505 1684 3584 1748 ὡς

374 1774 541 1835 enim,
577 1783 631 1825 ut
662 1775 793 1838 dixi,
841 1778 1081 1843 patribus
1112 1778 1338 1831 salutem
1389 1780 1727 1846 promiserat,
1759 1795 1920 1848 seque

2029 1772 2184 1841 ἔφην,
2216 1775 2328 1836 τοῖς
2374 1748 2613 1843 πατράσι
2644 1772 2741 1843 τὴν
2772 1748 3039 1843 σωτηρίαν
3072 1748 3355 1842 ὑπέσχετο,
3392 1748 3488 1827 καὶ
3523 1774 3585 1826 τὸ

377 1863 613 1930 ipsorum
647 1878 829 1916 semen
870 1875 1119 1932 tanquam
1151 1865 1271 1920 cmli
1314 1867 1498 1920 stellas
1539 1868 1924 1935 multiplicatu-

377 1966 492 2003 rum
526 1962 803 2019 receperat
828 1952 876 1984 “
899 1993 915 2019 ,
969 1955 1171 2008 idcirco
1212 1958 1277 2009 ad
1311 1971 1424 2017 eos,
1458 1966 1512 2011 et
1546 1971 1611 2010 ex
1660 1958 1785 2026 ipsis
1831 1972 1925 2011 ve-

375 2041 452 2093 nit
514 2058 527 2094 :
596 2058 659 2095 ac
719 2044 979 2113 tantisper
1033 2045 1259 2114 gentiles
1316 2047 1535 2099 minime
1590 2048 1923 2111 admittebat,

374 2133 605 2200 priorem
658 2132 769 2186 illis
807 2135 1105 2203 ingressum
1151 2150 1397 2191 servans.
1431 2135 1785 2206 Posteaquam
1828 2154 1926 2190 au-

372 2230 475 2274 tein
506 2223 824 2276 obstinatam
850 2224 1155 2279 Iudaeorum
1189 2227 1585 2295 improbitatem
1626 2230 1923 2297 perspexit,

372 2328 433 2365 ac
463 2326 645 2366 contra
682 2316 904 2385 gentiles
926 2318 991 2370 ad
1032 2319 1227 2371 bonum
1262 2318 1466 2372 ﬂexiles
1497 2334 1619 2374 esse
1684 2322 1923 2389 reperit:

374 2413 534 2472 atque
565 2406 683 2459 illos
712 2407 925 2487 quidem
957 2420 1184 2463 mortem
1214 2410 1315 2463 sibi
1356 2420 1412 2464 et
1447 2426 1663 2465 crucem
1708 2428 1927 2482 compa-

374 2509 543 2559 rasse,
581 2497 677 2549 hos
704 2506 881 2551 autem
913 2499 1307 2565 adorationem,
1361 2516 1425 2553 ac
1469 2502 1683 2555 deitatis
1713 2505 1927 2559 confes-

372 2586 575 2638 sionem
608 2586 889 2653 obtulisse,
943 2605 973 2642 a
1009 2593 1236 2645 mortuis
1271 2607 1578 2660 resurgens,
1629 2594 1924 2663 discipulis,

372 2685 431 2728 ut
459 2686 642 2744 gentes
672 2692 857 2733 omnes
912 2680 1186 2743 docerent,
1222 2683 1492 2735 mandavit
1524 2684 1589 2749 ⁵⁵,
1624 2682 1925 2738 Judaaorum

373 2766 622 2821 videlicet
644 2769 1029 2839 malignitatem
1057 2781 1111 2825 et
1140 2772 1577 2841 ingratitudinein
1610 2776 1917 2841 repudians.

370 2857 726 2923 Quamobrem
754 2862 826 2915 illi
855 2862 922 2916 ad
946 2872 1133 2933 gentes
1154 2865 1400 2919 conversi
1430 2864 1500 2928 ",
1528 2865 1723 2919 divina:
1744 2868 1929 2934 praedi-

378 2949 606 3004 cationis
638 2951 975 3020 splendorem
1008 2954 1061 3007 in
1112 2954 1415 3009 universum
1448 2964 1716 3010 terrarum
1740 2957 1922 3013 orbem

369 3038 696 3096 dtﬂuderuut
717 3043 807 3098 "'.

574 3154 684 3224 33
709 3154 916 3210 cxxn.
946 3187 1018 3197 —
1045 3156 1415 3215 nonorqu
1449 3158 1707 3215 com'rt.

474 3267 771 3336 Explicatio
798 3270 1195 3325 eaclamationis
1220 3288 1336 3341 qua:
1362 3273 1426 3341 [it
1460 3291 1491 3327 a
1527 3276 1819 3331 sacerdote.

438 3377 631 3431 Pacem
682 3380 930 3433 sacerdos
994 3396 1059 3435 ex
1112 3382 1380 3437 cathedrae
1434 3384 1643 3452 fastigio
1686 3390 1928 3444 ecclesiae

370 3470 706 3538 pronuntiat,
726 3468 1004 3524 Dominum
1036 3473 1247 3526 scilicet
1276 3474 1495 3529 imitans
1516 3478 1582 3541 ",
1606 3480 1917 3533 cathedram

370 3569 755 3625 assuiuentem,
783 3577 901 3614 cum
940 3576 1123 3629 pacem
1159 3578 1309 3617 suam
1336 3565 1614 3634 discipulis
1648 3569 1922 3638 relinque-

370 3662 474 3717 ret,
501 3667 563 3705 ac
591 3651 759 3704 daret.
790 3650 917 3705 Illud
954 3664 1130 3706 autem
1151 3694 1166 3718 ,
1197 3655 1335 3722 quod
1371 3670 1400 3708 a
1436 3657 1585 3725 plebe
1621 3662 1916 3727 responde-

370 3750 480 3807 tur,
510 3759 527 3792 ι
554 3742 618 3796 Ει
652 3758 773 3796 cum
804 3744 992 3814 spiritu
1022 3754 1131 3809 tuo,
1164 3764 1181 3796 ι
1208 3746 1342 3799 hanc
1375 3747 1535 3802 habet
1562 3753 1880 3805 sententiam
1908 3770 1922 3806 :

371 3830 559 3886 Pacem
615 3835 829 3902 quidem
886 3836 1037 3891 nobis
1080 3837 1382 3906 praebuisti,
1421 3837 1665 3903 Domine,
1698 3842 1796 3895 hoc
1844 3853 1928 3896 est

369 3936 602 3977 mutuam
634 3928 773 3980 inter
804 3943 899 3981 nos
933 3930 1299 3983 concordiam.
1335 3928 1525 3983 Pacem
1560 3943 1737 3986 autem
1769 3934 1924 3988 nobis

368 4016 457 4077 da,
516 4018 615 4069 hoc
667 4029 777 4083 est,
814 4018 1072 4086 ejusmodi
1113 4028 1283 4074 tecum
1320 4022 1773 4090 coniunctionem,
1811 4038 1927 4091 quae

370 4108 515 4161 nullo
569 4111 724 4161 modo
780 4108 958 4163 divelli
1001 4112 1168 4177 possit
1195 4110 1264 4174 ⁸⁸,
1317 4121 1373 4165 ut
1423 4128 1545 4165 cum
1582 4112 1782 4182 Spiritu
1833 4123 1925 4168 tuo

368 4200 540 4268 pacati
576 4201 755 4265 (quem
799 4200 949 4252 nobis
986 4200 1037 4251 in
1068 4200 1357 4254 creatiouis
1384 4201 1535 4255 initio
1569 4201 1856 4271 indidisti),
1893 4217 1923 4256 a

370 4296 460 4341 tua
485 4288 751 4342 charitate
779 4288 1005 4342 distrahi
1038 4304 1387 4357 nequeamus.

840 4398 1070 4454 CXXIII.
1112 4430 1181 4440 —
1208 4399 1439 4454 EIDEII.

611 4492 911 4563 Explicatio
939 4493 1305 4547 ecclesiastico:
1335 4493 1674 4548 initiationis.

435 4610 571 4663 Pura
607 4609 693 4662 illa
741 4609 953 4671 sindon,
996 4623 1115 4677 qua!
1163 4607 1262 4661 sub
1307 4607 1609 4661 divinorum
1655 4608 1916 4665 donorum

2028 1864 2244 1934 σπέρμα
2273 1863 2452 1917 αὐτῶν
2491 1863 2759 1933 πληθῠναι
2787 1862 2861 1926 ὡς
2891 1864 3015 1926 τοὺς
3039 1863 3272 1934 ἀστέρας
3298 1863 3390 1916 τοῦ
3420 1864 3585 1935 οὐρα-

2026 1955 2141 2019 νοῦ,
2192 1955 2327 2024 πρὸς
2360 1956 2555 2017 αὐτοὺς
2602 1955 2695 2008 καί
2748 1955 2807 2019 ἐξ
2856 1953 3035 2007 αὐτῶν
3088 1956 3448 2025 παρεγένετο·
3490 1956 3586 2008 καὶ

2025 2047 2163 2109 τέως
2219 2048 2343 2109 τοὺς
2402 2045 2460 2110 ἐξ
2518 2046 2685 2099 ἐθνῶν
2725 2047 2786 2098 οὺ
2828 2046 3081 2117 προσίετο
3131 2046 3261 2115 (I8),
3313 2046 3584 2117 προτέραν

2028 2138 2258 2201 ἐκείνοις
2289 2137 2573 2206 φυλάττων
2609 2136 2704 2207 τὴν
2736 2136 2956 2189 εἴσοδον.
3004 2135 3219 2204 Ἐπειδὴ
3246 2135 3301 2187 δὲ
3339 2135 3447 2187 τῶν
3486 2134 3585 2204 μὲν

2027 2226 2134 2284 εἶδε
2162 2231 2223 2284 τὸ
2266 2229 2621 2301 ἀμετάθετον,
2664 2228 2774 2283 τῶν
2818 2228 2874 2282 δὲ
2914 2222 3038 2298 εὗρε
3070 2228 3129 2279 τὸ
3171 2227 3580 2296 εὐεπίστροφον,

2026 2322 2272 2385 καὶτοὺς
2326 2322 2426 2393 μὲν
2469 2321 2697 2374 θάνατον
2738 2319 2886 2390 αὑτῷ
2931 2319 3023 2372 καὶ
3076 2318 3303 2386 σταυρὸν
3336 2319 3586 2388 γεωργή-

2029 2429 2225 2475 σαντας
2247 2450 2261 2472 ,
2289 2412 2414 2475 τοὺς
2441 2411 2498 2462 δὲ
2525 2409 2890 2481 προσκύνησιν
2932 2410 3025 2461 καὶ
3072 2407 3346 2475 θεολογίαν
3378 2425 3587 2478 καρπο-

2028 2502 2637 2572 φορήσαντας,ἀναστάς
2666 2501 2731 2553 ὲκ
2760 2499 2989 2569 νεκρῶν,
3022 2498 3238 2569 ἐντολὴν
3269 2498 3449 2551 δίδωσι
3473 2501 3583 2561 τοῖς

2031 2592 2300 2663 μαθηταῖς
2338 2591 2673 2662 μαθητεῦσαι
2701 2592 2874 2643 πάντα
2930 2590 2999 2642 τά
3044 2589 3190 2654 ἔθνη,
3242 2587 3301 2641 τὸ
3333 2590 3584 2657 ἄγνωμον

2027 2688 2121 2741 καὶ
2176 2687 2468 2758 ἀχάριστον
2523 2687 2630 2740 τῶν
2686 2685 2953 2738 Ἰουδαίων
3000 2685 3452 2753 παραιτούμενος.
3508 2675 3583 2738 Οὗ

2026 2779 2184 2849 χάριν
2242 2778 2378 2849 πρὸς
2430 2779 2499 2831 τὰ
2540 2778 2666 2846 ἔθνη
2731 2778 3083 2847 στραφέντες,
3128 2779 3207 2839 εἰς
3265 2778 3442 2830 πᾶσαν
3485 2776 3593 2847 τὴν

2025 2870 2385 2940 οἰκουμένην,
2440 2868 2534 2922 τοῦ
2608 2868 2753 2921 θείου
2811 2866 3164 2939 κηρύγματος
3237 2868 3431 2939 αἴγλην
3493 2867 3583 2931 ὲξο

2026 2960 2292 3031 ἔλαμψαν.

2338 3161 2511 3215 PKB’.
2535 3191 2604 3201 —
2630 3160 2929 3231 ΔΩΡΟΘΕῼ
2961 3161 3255 3214 ΚΟΜΗἸΊ.

2210 3266 2515 3341 Ἐρμηνεῖα
2545 3271 2656 3339 τῆς
2680 3270 2975 3339 ἱερατικῆς
3004 3270 3415 3339 ἐκφωνήσεως.

2096 3386 2329 3457 Εἰρήνην
2355 3388 2383 3439 ὁ
2411 3386 2587 3456 ἱερεὺς
2615 3384 2721 3437 ἀπὸ
2764 3383 2857 3436 τοῦ
2888 3383 3055 3451 ὕψους
3080 3384 3175 3454 τῆς
3207 3384 3477 3455 κᾶθέδρας
3519 3387 3583 3456 τῇ

2027 3477 2291 3547 ἐκκλησία
2324 3477 2741 3545 ἐπιφθέγγεται·
2790 3475 3124 3545 τὸν’Κύριον
3169 3478 3268 3545 τῆς
3317 3476 3585 3547 καθέδρας

2030 3567 2359 3638 μιμούμενος
2395 3566 2925 3637 ἀναλαμϐανόμενον,
2963 3567 3184 3635 είρήνην
3239 3565 3335 3635 τὴν
3380 3567 3585 3619 οἰκείαν

2027 3655 2251 3724 ἀφιέντα
2286 3655 2377 3706 καὶ
2406 3655 2629 3707 διδόντα.
2662 3654 2732 3707 Τὸ
2751 3655 2827 3719 δὲ,
2858 3672 2875 3705 ι
2906 3656 3011 3708 Καὶ
3031 3654 3107 3723 τῷ
3124 3653 3393 3723 πνεύματί
3419 3672 3530 3716 σου,
3559 3674 3579 3707 ι

2026 3745 2176 3817 παρά
2226 3745 2319 3798 τοῦ
2367 3746 2496 3798 λαοῦ
2548 3746 2971 3816 ἀποκρινόμενον
3004 3745 3136 3815 (I9),
3178 3744 3333 3797 τοῦτο
3388 3745 3583 3814 δηλοί⁶

2027 3838 2260 3907 Εἰρήνην
2294 3837 2391 3906 μὲν
2420 3839 2549 3906 ἡμῖν
2586 3838 2881 3907 παρέσχες,
2906 3837 3097 3909 Κύριε,
3123 3836 3221 3907 τὴν
3250 3839 3308 3888 ὲν
3337 3837 3584 3907 ἀλλήλοις

2026 3926 2295 3994 ὁμόνοιαν.
2331 3925 2568 3995 Εἰρήνην
2602 3925 2657 3977 δὲ
2697 3926 2783 3987 δὸς
2810 3928 2959 3995 ἡμῖν,
3004 3926 3102 3995 τὴν
3137 3926 3271 3996 πρὸς
3316 3928 3375 3979 σὲ
3418 3926 3583 3978 ἀδιαί-

2030 4034 2183 4087 ρετον
2217 4017 2429 4082 ἕνωσιν,
2478 4016 2562 4068 ἵνα
2604 4016 2681 4086 τῷ
2713 4016 2982 4087 πνεύματί
3013 4036 3103 4070 σου
3132 4021 3525 4089 είρηνεὲοντες,
3554 4018 3584 4071 ὅ

2026 4109 2157 4177 ἡμῖν
2184 4109 2240 4159 ὲν
2273 4108 2413 4179 ἀρχῇ
2444 4109 2540 4178 τῆς
2566 4108 2921 4179 δημιουργίας
2953 4108 3217 4181 ὲνέθηκας
3238 4150 3255 4176 ,
3286 4109 3583 4181 ἀχώριστοι

2024 4195 2124 4266 τῆς
2150 4199 2247 4266 σῆς
2276 4196 2493 4267 ἀγάπης
2522 4197 2894 4266 τυγχάνωμεν.

2496 4400 2667 4454 PKI".
2702 4428 2761 4439 -
2787 4400 2873 4469 Τῼ
2902 4400 3103 4469 ΑΥΤῼ.

2029 4492 2407 4561 Διασάφησις
2433 4490 2545 4558 τῆς
2591 4490 3103 4558 ἐκκλησιαστικῆς
3140 4492 3580 4561 μυστατωγίας.

2108 4605 2175 4658 Ἦ
2206 4604 2421 4674 καθαρὰ
2457 4604 2645 4657 σινδὼν
2688 4605 2721 4674 ἡ
2762 4604 3146 4674 ὑφαπλουμένη
3186 4607 3250 4674 τῇ
3281 4604 3390 4656 τῶν
3424 4603 3583 4657 θείων

366 4702 671 4757 ministerio
701 4716 932 4769 expansa
986 4710 1089 4764 est,
1119 4698 1337 4768 Iosephi
1395 4699 1787 4754 Arimathensis
1837 4709 1920 4754 est

2029 4697 2211 4768 δώρων
2257 4696 2521 4769 διακονίᾳ,
2568 4699 2599 4766 ή
2643 4695 2735 4749 τοῦ
2794 4686 3127 4765 Ἀριμὰθέως
3172 4696 3318 4747 ἐστὶν
3385 4696 3583 4766 Ἰωσὴφ

366 4795 753 4850 ministerium.
810 4792 873 4847 Ut
920 4792 1061 4845 enim
1098 4791 1183 4845 ille
1227 4791 1432 4845 Domini
1470 4806 1662 4859 corpus
1700 4791 1923 4845 sindone

2029 4787 2353 4857 λειτουργία.
2393 4788 2479 4849 Ὠς
2519 4787 2626 4857 γάρ
2671 4788 2875 4848 ἐκεῖνος
2923 4786 2982 4838 τὸ
3030 4785 3122 4838 τοῦ
3166 4785 3371 4855 Κυρίου
3428 4787 3585 4856 σῶμα

366 4887 657 4942 involutum
677 4885 959 4952 sepultura:
979 4881 1324 4946 mandavit",
1344 4897 1437 4946 per
1450 4882 1588 4950 quod
1610 4882 1912 4936 universum

2030 4880 2224 4933 σινδόνι
2255 4879 2537 4949 ὲνειλήσας
2583 4877 2658 4949 τῷ
2685 4878 2841 4948 τάφῳ
2882 4876 3227 4947 παρέπεμψε,
3257 4878 3325 4929 δι’
3351 4871 3412 4931 οὗ
3440 4878 3585 4930 ἅπαν

368 4977 677 5031 mortaliqu
710 4992 877 5045 genus
910 4974 1365 5030 resurrectionem
1402 4973 1645 5043 percepit
1678 4990 1693 5027 :
1732 4973 1919 5027 eodem

2029 4970 2089 5023 τὸ
2120 4971 2276 5039 γένος
2321 4968 2476 5041 ἡμῶν
2518 4969 2617 5040 τὴν
2660 4968 2951 5020 ἀνάστασιν
2990 4965 3379 5037 ἐκαρπώσατοο
3413 4968 3585 5029 οὕτως

448 5130 490 5160 ¹¹
524 5128 710 5200 Matth.
743 5144 832 5194 XV,
854 5130 943 5184 24.
1017 5131 1061 5162 ⁸’
1088 5128 1222 5200 ϐοοκ.
1249 5127 1387 5200 tibi
1426 5142 1601 5200 seqq.3
1628 5140 1782 5200 χχιιι,
1814 5125 1904 5178 22.

2050 5122 2217 5200 llebr.
2246 5137 2302 5200 ιι,
2323 5122 2407 5177 16.
2485 5122 2530 5154 ⁵⁸
2559 5121 2751 5200 gerres.
2792 5122 2973 5200 “,5:
3003 5136 3151 5200 XI_VI,
3182 5121 3235 5176 4.
3309 5121 3581 5200 '1_M‘.illh.

364 5216 552 5266 xxvm,
586 5198 673 5253 I9.
708 5200 755 5229 '°
782 5191 898 5255 Act.
922 5201 1145 5265 Χ111,46.
1195 5199 1260 5231 “'
1290 5191 1520 5263 Roma,
1541 5191 1624 5250 I8.
1662 5198 1702 5227 ⁸⁷
1728 5194 1881 5248 Joan.
1911 5210 1924 5247 ι

2050 5194 2142 5247 27.
2175 5194 2218 5224 ⁵⁸
2256 5195 2546 5257 Ilom.vm,
2579 5193 2647 5246 35
2670 5208 2819 5263 seqq.
2852 5193 2895 5225 ⁸⁹
2925 5192 3113 5245 Matth.
3151 5191 3401 5259 xxvn,57
3425 5207 3579 5259 seqq.

1443 5348 1679 5406 VARIA‘J
1718 5344 2097 5402 LECTIONES
2132 5345 2222 5401 ET
2258 5343 2492 5400 NOTAE.

434 5502 546 5572 (18)
585 5502 715 5557 Cod.
755 5502 861 5557 All.
912 5501 1073 5572 habet
1110 5486 1423 5572 προσίεται,
1462 5500 1613 5572 vers.
1676 5513 1790 5572 seq.
1822 5513 1919 5572 pro

2029 5494 2189 5572 codex
2206 5493 2323 5572 mAlt.
2361 5495 2425 5547 ad
2467 5493 2757 5563 discipulos
2804 5490 3063 5555 referens,
3114 5489 3581 5560 παραιτουμένους

368 5564 749 5646 εὺὲπίστροφος
793 5574 929 5626 idem
974 5571 1094 5626 cod.
1123 5564 1175 5624 ct
1220 5570 1337 5624 Vat.
1365 5570 1467 5624 (549
1500 5570 1697 5646 legunt,
1730 5564 1919 5646 ἀνεπίτ

2029 5564 2418 5646 ΙυκιίιλΡοδδικ.
2600 5633 2611 5646 .
2672 5632 2718 5646 Η
2811 5632 2824 5646 ο
3126 5630 3139 5646 ⁸

370 5628 615 5713 στροφοξ.
655 5628 804 5699 Veis.
838 5652 1085 5711 antrpcu.
1116 5649 1169 5697 et
1202 5655 1347 5710 pen.,
1378 5628 1829 5707 παραιτούμενος,
1868 5639 1916 5692 id

2076 5628 2207 5706 ’(19)
2239 5636 2378 5705 Lege
2412 5650 2474 5689 ex
2516 5633 2634 5689 cod.
2661 5632 2764 5687 Alt.
2803 5630 3322 5703 ὑπαποκρινὸμενος.
3361 5628 3574 5685 Possm.
