3944 6138
1598 258 1659 318 s.

336 293 373 369 “
403 256 518 323 m7
717 362 952 421 cxxvn.
980 360 1382 421 -ιιειιιιιιιο
1414 362 1669 420 conm.

413 480 483 537 In
507 481 642 537 illud
666 498 687 537 :
728 499 747 533 t
780 479 1108 548 Prudentes,
1141 483 1274 535 sicut
1303 491 1583 548 serpentes,
1610 488 1660 534 et
1692 480 1976 545 simplices,

934 551 1070 604 sicut
1101 551 1373 605 columbw.
1406 569 1423 602 ι

484 663 745 719 Dominus
767 676 866 718 nos
885 662 1183 733 prudentes
1205 671 1263 716 ut
1293 670 1577 731 serpentes
1593 674 1712 715 esse
1736 659 1886 726 jubet
1908 658 1977 724 δ’,

412 753 501 809 vir
546 754 987 823 ingeniosissime
1030 753 1154 808 :sic
1188 766 1379 821 nempe
1404 762 1461 804 ut
1501 759 1662 819 caput
1712 759 1978 812 nostrum,

410 830 529 900 10c
555 854 639 898 est
666 843 824 898 ﬁdem
854 844 907 897 in
944 844 1246 903 Christum.
1272 840 1325 894 in
1356 840 1498 894 omni
1534 841 1830 893 tentatione
1856 852 1982 891 con-

418 950 723 991 servemus.
779 934 990 990 Etenim
1034 935 1445 1003 quibuscunque
1493 929 1735 983 adversis
1769 928 1983 981 casibus

424 1040 491 1081 ac
533 1025 708 1096 plagis
750 1038 972 1093 serpens
1019 1031 1317 1094 prematur,
1352 1019 1622 1075 incolume
1657 1028 1818 1085 atque
1864 1016 1984 1070 illa:-

414 1130 534 1170 sum
563 1124 725 1185 caput
747 1122 949 1169 servat.
983 1115 1060 1168 Ac
1084 1129 1302 1167 rursum
1339 1120 1455 1165 arte
1482 1125 1545 1165 ac
1567 1110 1804 1165 versutia
1828 1120 1979 1162 vetu-

416 1216 612 1263 statcm
634 1206 803 1272 exuit,
828 1206 882 1260 in
919 1215 1068 1259 arcta
1096 1204 1327 1273 quadam
1358 1214 1413 1258 et
1436 1214 1662 1272 angusta
1690 1202 1825 1255 rima
1857 1214 1977 1254 sese

418 1297 807 1367 comprimens,
854 1310 921 1351 ac
946 1295 1171 1363 senium
1204 1294 1497 1362 deponens.
1540 1289 1655 1344 Vult
1694 1290 1855 1359 igitur
1884 1303 1983 1343 nos

414 1400 649 1455 'quoque
683 1399 780 1454 per
822 1394 1026 1438 arctam
1070 1383 1210 1436 viam
1248 1392 1304 1436 et
1335 1379 1708 1442 alllictionem,
1748 1387 1981 1431 veterem

422 1477 693 1531 hominem
745 1489 965 1539 exuere,
1019 1488 1083 1527 ac
1113 1487 1207 1542 pro
1243 1485 1307 1525 eo
1354 1485 1545 1524 novum
1588 1468 1829 1533 induere,
1890 1466 1982 1536 qui

417 1563 485 1619 ad
508 1562 626 1632 ejus
656 1563 946 1634 imaginem
969 1570 1258 1617 renovatur
1286 1559 1350 1612 ⁸³.

810 1672 1067 1729 CXXVII.
1102 1702 1171 1712 —
1204 1671 1559 1726 SIMPLICIO.

417 1763 711 1818 Multorum
748 1764 1001 1817 librorum
1027 1764 1402 1831 possessionem
1438 1760 1698 1815 utentibus
1737 1775 1846 1812 esse
1873 1759 1980 1812 uti-

491 1835 593 1888 lem
616 1849 639 1897 -;
668 1834 732 1886 iis
778 1850 897 1888 uero
926 1835 1012 1901 qui
1054 1833 1166 1886 sola
1197 1848 1381 1901 eorum
1413 1832 1736 1900 possessione
1764 1846 1817 1883 se
1843 1831 1983 1883 dite-

497 1920 641 1959 scere
676 1913 885 1972 putant,
920 1900 1206 1957 extremum
1234 1900 1546 1970 supplicium
1572 1915 1853 1953 arcessere.

495 2079 764 2138 Plurimos
790 2082 982 2149 libros,
1019 2090 1079 2135 ut
1107 2081 1293 2146 audio,
1323 2080 1504 2137 emisti
1535 2119 1551 2147 ,
1582 2090 1742 2150 atque
1773 2079 1984 2148 opinio-

412 2184 485 2226 ne
509 2170 750 2240 locuples
779 2186 862 2235 es,
898 2186 1083 2226 eorum
1129 2169 1415 2226 lectionem
1456 2172 1713 2240 ignorans
1753 2190 1768 2225 :
1819 2182 1983 2239 atque

418 2259 558 2314 idem
591 2260 797 2316 faciens
830 2263 971 2330 quod
1003 2262 1036 2315 ii
1059 2261 1148 2329 qui
1176 2260 1505 2316 frumentum
1538 2260 1983 2330 comprimunt“,

419 2365 485 2405 ac
520 2350 695 2406 tineas
733 2351 904 2405 alunt.
946 2349 1079 2404 Nam
1112 2351 1233 2405 lihri
1268 2365 1484 2420 quoque
1517 2351 1779 2404 tinearum
1808 2359 1986 2420 patres

418 2451 476 2498 et
504 2442 711 2497 nutritii
748 2442 904 2509 ﬁniit,
951 2457 1071 2496 cum
1107 2442 1433 2496 vinciuntur.
1459 2441 1635 2508 Quare
1664 2452 1756 2496 aut
1795 2442 1987 2512 opibus

425 2535 533 2590 tuis
586 2543 766 2601 utere,
795 2541 886 2588 aut
912 2534 1179 2603 ingentem
1210 2533 1564 2587 eruditionem
1602 2549 1669 2587 ne
1710 2534 1860 2598 laede,
1900 2533 1986 2586 ni~

422 2623 619 2679 mirum
662 2625 755 2679 hic
806 2638 1020 2693 quoque
1068 2624 1302 2678 comicos
1349 2623 1488 2678 sales
1532 2623 1789 2694 colligens
1839 2623 1986 2694 (dum

428 2715 688 2771 librorum
731 2724 1035 2785 corruptor,
1080 2723 1174 2769 aut
1211 2715 1466 2770 librorum
1512 2716 1843 2785 sepulcrum,
1893 2724 1989 2769 aut

440 2806 708 2861 tinearum
741 2805 883 2860 altor
910 2806 1242 2877 appellaris),
1282 2817 1443 2876 atque
1469 2822 1649 2861 coram
1685 2806 1795 2861 Deo
1827 2821 1989 2861 accu-

298 2904 305 2911 '
420 2896 685 2952 sationem
719 2910 1038 2966 congerens,
1076 2904 1138 2950 ut
1169 2895 1261 2966 qui
1307 2895 1495 2966 ingens
1526 2895 1772 2950 utilitatis
1807 2896 1976 2950 talen-

433 2997 543 3042 tum
571 2988 879 3053 occultaris,
899 2988 1039 3056 quod
1062 2987 1184 3042 aliis
1203 2987 1416 3056 quidem
1444 2987 1808 3041 concreditum
1828 2997 1989 3056 atque

404 3079 753 3136 elaboratum
788 3087 893 3144 est,
926 3092 955 3132 a
986 3086 1038 3133 te
1063 3086 1242 3134 autem
1272 3077 1513 3149 improbe
1546 3075 1841 3133 defossum.

859 3188 1138 3245 CXXVIII.
1169 3221 1237 3232 —
1269 3189 1541 3247 ZOSIMO.

977 3279 1053 3334 De
1092 3297 1225 3335 vana
1255 3280 1444 3351 gloria.

498 3392 805 3452 Verisimile
846 3393 1063 3463 quidem
1108 3403 1192 3449 est
1216 3402 1289 3462 te,
1331 3410 1453 3449 cum
1495 3396 1707 3450 inscitia
1750 3396 1985 3461 labores,

408 3501 617 3557 .parent
644 3500 859 3556 quoque
880 3486 1163 3553 imperitiae
1187 3486 1572 3554 impudentiam
1599 3487 1817 3541 habere.
1843 3487 1988 3552 Quo—

432 3577 577 3629 niam
605 3587 783 3629 autem
818 3574 1070 3644 superbia
1104 3575 1267 3628 etiam
1299 3576 1538 3644 insuper,
1567 3583 1623 3628 ut
1648 3576 1825 3640 audio,
1845 3577 1989 3629 iutu-

426 3666 785 3740 messis,“
822 3681 888 3722 ex
939 3666 1280 3721 sermonibus
1321 3668 1425 3722 tuis
1476 3668 1563 3721 iac
1594 3675 1647 3722 te
1677 3681 1892 3722 noscas.
1930 3668 1985 3722 In

404 3757 723 3828 propinquo
754 3758 920 3812 babes
946 3757 1089 3827 quod
1115 3768 1166 3811 te
1204 3759 1507 3812 convincat.
1546 3756 1681 3812 Vide
1721 3768 1980 3826 quantum

426 3850 502 3903 tui
554 3851 719 3925 risum
762 3850 992 3905 barbare
1023 3849 1290 3918 loquendo
1323 3851 1547 3905 excites.
1593 3848 1720 3903 Vide
1752 3865 1986 3919 quonam

424 3949 582 4011 pacto
617 3941 651 3995 ii
688 3942 779 4010 qui
824 3950 873 3995 te
903 3941 1146 4004 audiunt,
1186 3942 1251 3995 ad
1281 3940 1614 3996 soloecismos
1660 3950 1781 3996 tuos
1813 3940 1989 3995 subri-

424 4040 611 4087 deant.
639 4032 814 4100 Atque
843 4042 937 4084 aut
971 4031 1197 4086 ridicule
1224 4032 1368 4101 loqui
1404 4032 1609 4095 desine,
1642 4040 1736 4085 aut
1772 4030 1990 4085 humili-

410 4130 509 4175 .ter
566 4130 623 4176 et
686 4122 935 4189 abiecte,
987 4124 1441 4192 quemadmodum
1488 4123 1830 4179 sermonibus
1882 4123 1988 4178 tuis

406 4211 639 4282 dignum
668 4221 750 4268 est
768 4250 784 4276 ,
820 4216 979 4268 senti.

661 4327 899 4384 CXXIX.
924 4358 989 4367 —
1016 4327 1368 4383 PACIIOMIO
1398 4326 1750 4384 MONACHO.

496 4443 594 4500 Lei
617 4458 841 4514 regnum
880 4444 1179 4498 monastica
1223 4443 1331 4497 vita
1367 4451 1468 4508 est,
1505 4452 1563 4497 ut
1593 4458 1711 4514 quae
1742 4442 1867 4497 nulli
1907 4443 1989 4498 vi-

414 4538 583 4594 ttioste
620 4536 892 4592 aﬂ‘cctioni
937 4536 1273 4599 succumbat,
1304 4550 1491 4589 verum
1544 4536 1651 4589 alta
1687 4537 1880 4605 sapiat,
1920 4551 1985 4590 ac

416 4630 656 4684 virtutes
680 4627 819 4684 caelo
848 4627 1153 4696 superiores
1188 4636 1427 4696 praestet.
1471 4628 1623 4681 Hauc
1658 4637 1711 4680 tu
1743 4627 1983 4695 comple-

404 4731 593 4785 «ctens,
611 4720 679 4773 da
716 4731 937 4788 operam
974 4730 1040 4770 ne
1067 4716 1205 4785 quod
1236 4723 1286 4769 te
1315 4714 1564 4770 delictum
1590 4715 1642 4767 in
1666 4715 1981 4769 servitutem

1598 258 1659 318 S.
1697 257 1988 319 ISIDORI
2026 260 2462 323 PELUSIOTA!

2002 375 2051 431 Α

2016 4395 2063 4451 D

3550 264 3656 329 268

2394 370 2582 438 PKC'.
2622 401 2689 410 —
2712 370 2976 442 ΕΡΜΙΝῼ
3006 371 3303 426 KOMHTI.

2083 484 2188 546 Εἰς
2235 482 2303 535 τὸ
2355 483 2799 557 γεγραμμένον,
2838 502 2856 534 ι
2892 486 3192 552 Φρόνιμοι,
3235 484 3319 557 ὡς
3358 488 3416 540 οἰ
3461 485 3654 557 ὄφεις,

2320 553 2421 604 καί
2453 553 2738 620 ἀκέραιοι,
2768 554 2848 618 ὡς
2880 558 2940 606 αἱ
2974 556 3340 623 περιστεραί.
3382 575 3403 609 s

2151 662 2449 733 Φρονίμους
2496 666 2643 735 ἡμᾶς
2687 662 2824 718 εἶναι
2869 666 3011 719 κατὰ
3053 666 3147 720 τὸν
3191 667 3315 735 ὅφιν
3357 668 3575 722 κελεύει
3624 669 3657 723 6

2081 751 2306 821 Κύριος,
2358 755 2416 805 ὲν
2444 756 2605 807 παντὶ
2646 756 2939 826 πειρασμῷ
2983 758 3386 829 συντηροῦντας
3416 761 3517 831 τὴν
3558 779 3657 815 κε-

2082 842 2253 913 φαλὴν
2278 845 2455 913 ἡμῶν,
2473 845 2594 914 ἥτις
2622 847 2818 916 έστίνὴ
2852 847 3035 909 πίστις
3056 848 3234 919 ήμῶν,
3256 850 3653 919 εὑμαθέστατε.

2084 933 2278 995 Ὅσαις
2307 934 2415 1003 γὰρ
2444 936 2507 987 ἂν
2542 938 2897 1007 περιστάσεσι
2923 938 3019 991 καὶ
3048 940 3286 1008 πληγαῖς
3318 943 3347 994 ό
3372 942 3497 1010 δφις
3530 960 3659 996 συν-

2084 1022 2296 1091 έχηται,
2346 1024 2447 1094 τὴν
2482 1024 2676 1078 ἑαυτοῦ
2705 1026 2965 1094 φυλάττει
2993 1030 3239 1099 κεφαλὴν
3264 1030 3499 1101 ἀϐλαϐῆ.
3545 1035 3662 1087 Καὶ

2084 1114 2247 1167 πάλιν
2267 1115 2517 1184 σοφισμῷ
2544 1117 2647 1187 τὴν
2674 1114 2978 1171 παλαίωσιν
3008 1120 3297 1173 ἀποδύεται
3318 1123 3375 1173 έν
3403 1125 3657 1193 στενωπῇ

2081 1219 2188 1255 τινι
2215 1203 2564 1273 παρεισδύσει
2596 1205 2942 1277 θλιϐόμενος,
2972 1208 3067 1261 καὶ
3094 1209 3156 1262 τὺ
3185 1210 3363 1280 γῆρας
3404 1211 3660 1264 ἀποτιθέ-

2085 1311 2263 1363 μενος.
2317 1296 2575 1351 Βούλεται
2627 1300 2805 1353 τοίνυν
2853 1301 2947 1354 καὶ
2994 1303 3146 1371 ἡμᾶς
3188 1302 3275 1355 διὰ
3318 1302 3420 1372 τῆς
3462 1304 3662 1373 στενῆς

2085 1384 2205 1437 ὀδοῦ
2269 1387 2364 1439 καὶ
2420 1387 2717 1454 κακώσεως
2781 1391 2872 1445 τὸν
2928 1392 3158 1445 παλαιὸν
3211 1391 3494 1464 ἄνθρωπον
3549 1395 3660 1446 ἀπ-

2082 1475 2389 1541 εκδύεσθαι,
2430 1479 2526 1531 καὶ
2565 1480 2659 1533 τὸν
2695 1480 2815 1534 νέον
2840 1482 3359 1552 ἀνταμφιέννυσθαι,
3387 1483 3478 1536 τὸν
3513 1485 3663 1539 κατά

2081 1567 2179 1639 τὴν
2206 1569 2374 1625 αὐτοῦ
2405 1570 2592 1623 εἰκόνα
2628 1572 3115 1644 ἀνακαινούμενον.

2527 1685 2706 1740 PKZ'.
2732 1716 2804 1726 —
2837 1684 3219 1757 ΣΙΜΠΛΙΚῙῼ.

2086 1771 2215 1827 Ὀτι
2242 1772 2363 1826 τῶν
2389 1774 2638 1845 πολλῶν
2664 1776 2919 1839 βιϐλίων
2944 1777 2985 1845 νή
3015 1774 3231 1841 κτῆσις
3258 1775 3383 1841 τοῖς
3407 1776 3527 1845 μὲν
3559 1794 3663 1831 κε-

2154 1845 2475 1913 χρημένοις
2498 1843 2821 1913 ὠφέλιμος
2867 1844 2991 1913 τοῖς
3022 1846 3091 1897 δὲ
3121 1847 3279 1913 μόνῃ
3308 1845 3382 1913 τῇ
3408 1843 3668 1900 τούτων

2156 1911 2367 1986 κτήσει
2410 1911 2697 1986 πλουτεῖν
2742 1912 3033 1981 οἰομένοις
3064 1911 3666 1986 ὲολχάτηςήτιμωρίας

2154 1982 2379 2046 γίνεται
2416 1982 2732 2051 πρόξενος.

2154 2092 2378 2158 Βίϐλους
2417 2094 2632 2166 ἐκτήσω
2670 2095 2944 2163 πλείστας,
2984 2097 3059 2161 ὡς
3093 2096 3314 2169 ἔμαθον,
3348 2100 3447 2153 καὶ
3483 2102 3667 2172 οἰήσει

2086 2184 2358 2250 πλουτεῖς,
2393 2186 2602 2255 ἀγνοῶν
2629 2186 2726 2258 τὴν
2751 2189 3075 2257 ἀνάγνωσιν,
3108 2190 3303 2243 ταυτὸν
3334 2192 3505 2245 ποιιῖιν
3547 2197 3667 2257 τοῖς

2085 2278 2177 2332 τὸν
2212 2281 2356 2331 σῖτον
2392 2280 2706 2349 κατέχουσι,
2752 2280 2845 2333 καὶ
2876 2282 3000 2344 τοὺς
3033 2283 3204 2352 σῆτας
3235 2282 3515 2352 τρέφουσι.
3548 2285 3667 2338 Καὶ

2086 2369 2249 2424 αὑταὶ
2287 2370 2388 2439 μὲν
2416 2369 2524 2441 γὰρ
2554 2370 2733 2440 σητῶν
2768 2373 3005 2444 μητέρες
3048 2371 3143 2425 καὶ
3166 2373 3379 2443 τροφοὶ,
3407 2374 3537 2428 ὅταν
3570 2373 3665 2427 δέ-

2087 2462 2267 2517 δενται
2290 2502 2305 2528 ,
2339 2466 2599 2531 γίνονται.
2636 2462 2708 2513 *Η
2742 2465 2979 2535 κέχρησο
3006 2464 3187 2518 τοίνυν
3216 2464 3293 2534 τῷ
3320 2465 3585 2535 κτήματι,
3628 2466 3665 2535 ἢ

2091 2552 2165 2624 μὴ
2198 2553 2401 2623 βλάπτε
2443 2556 2541 2625 τὴν
2586 2557 2899 2622 παίδευσιν,
2934 2555 3136 2626 πολλὴν
3184 2555 3463 2609 κάνταῦθα
3504 2573 3666 2628 κωμ-

2088 2644 2249 2715 ῳδίαν
2274 2646 2523 2713 συνάγων
2546 2646 2682 2717 (22),
2719 2647 3055 2718 βιϐλιοφόρος
3078 2647 3113 2716 ἢ
3146 2647 3491 2717 βιϐλιοτάφος
3510 2687 3526 2712 ,
3563 2650 3664 2702 καὶ

2090 2736 2420 2806 σητοτρόφος
2456 2736 2819 2807 καλούμενος·
2870 2736 2965 2790 καὶ
3006 2737 3100 2790 ἐπὶ
3140 2737 3277 2791 Θεοῦ
3321 2738 3665 2809 κατηγορίαν

2088 2824 2374 2896 ἀθροίζων,
2419 2827 2494 2891 ὡς
2542 2828 2685 2899 μέγα
2728 2828 2989 2882 τάλαντον
3032 2828 3299 2897 ὠφελείας
3344 2828 3667 2900 ἀποκρυψά-

2094 2931 2273 2984 μενος,
2301 2914 2329 2967 δ
2357 2914 2536 2978 ἄλλοις
2568 2915 2667 2985 μὲν
2699 2916 3014 2986 ἐπιστεύθη,
3054 2916 3149 2971 καὶ
3182 2916 3363 2985 σοφῶς
3392 2917 3666 2989 ἐπειργά-

2092 3006 2213 3078 σθη,
2250 3006 2400 3077 παρὰ
2429 3005 2522 3059 σοῦ
2549 3007 2605 3060 δὲ
2635 3008 2841 3079 ἰταμῶς
2874 3007 3235 3080 κατωρύχθη-

2583 3209 2765 3261 Ριίιιο.
2795 3238 2863 3248 -
2892 3210 3162 3279 ΖΩΣΙΜῼ.

2596 3298 2735 3367 Περί
2770 3299 3135 3365 κενοδοξίας.

2161 3409 2324 3475 Εἰκὸς
2376 3411 2476 3481 μέν
2525 3429 2585 3465 σε
2633 3412 3022 3481 ἀμαθαίνοντα,
3058 3412 3318 3480 ἀνάλογον
3366 3411 3513 3483 ἔχειν
3558 3412 3661 3482 τῆς

2091 3501 2446 3567 ἀπαιδευσίας
2466 3503 2763 3558 ἀναίδειαν.
2781 3504 3000 3574 Ἐπειδὴ
3028 3503 3085 3556 δὲ
3109 3504 3245 3574 πρὸς
3265 3503 3488 3567 ταύταις
3518 3504 3661 3578 (‘23),

2091 3592 2167 3656 ὡς
2225 3593 2447 3665 ἔμαθον,
2503 3596 2598 3649 καὶ
2658 3596 2911 3666 φρόνημά
2969 3614 3027 3649 σε
3081 3599 3224 3668 φυσᾷ
3278 3599 3662 3669 ὑπερήφανον,

2091 3686 2257 3754 γνῶθι
2288 3688 2499 3742 σαυτόν.
2548 3689 2642 3741 Ἐκ
2682 3688 2790 3741 τῶν
2833 3687 3003 3755 λόγων
3050 3704 3141 3740 σου
3187 3687 3332 3757 ἔχεις
3358 3688 3525 3756 ἐγγύς
3559 3706 3663 3743 σου

2089 3776 2178 3829 τὸν
2212 3775 2449 3846 ἔλεγχον.
2488 3779 2630 3848 Ὅρα
2659 3778 2823 3830 πόσον
2855 3780 3023 3841 κινεῖς
3071 3776 3414 3847 βαρϐαρίζων
3446 3778 3537 3832 τὸν
3562 3779 3662 3847 γέ-

2089 3865 2257 3920 λωτα.
2315 3867 2487 3920 Βλέπε
2551 3866 2872 3937 μειδιῶντας
2927 3869 3039 3929 τοῖς
3106 3867 3469 3936 σολοικισμοῖς
3530 3868 3664 3930 τοὺς

2088 3956 2403 4020 ἀκούοντας.
2435 3958 2544 4010 Καὶ
2598 3957 2631 4027 ἦ
2688 3958 2891 4011 παῦσαι
2940 3957 3117 4011 λαλῶν
3162 3958 3563 4026 καταγέλαστα,
3624 3957 3662 4029 ἢ

2091 4045 2277 4116 φρόνει
2312 4046 2500 4116 πτωχὰ
2531 4046 2667 4115 πρὸς
2693 4047 2819 4109 τοὺς
2854 4046 3043 4113 λόγους
3069 4063 3185 4101 σου.

2390 4330 2559 4384 PKQ-3'.
2603 4362 2672 4372 —
2699 4333 3010 4403 ΠΑΧΩΜῙῼ
3047 4332 3357 4405 ΜΟΝΑΧῼ.

2172 4441 2235 4494 Ἦ
2269 4441 2360 4495 τοῦ
2389 4441 2523 4495 Θεοῦ
2566 4442 2834 4512 βασιλεία,
2870 4446 2901 4515 ἠ
2942 4446 3208 4516 μοναχική
3243 4448 3359 4498 ἐστι
3388 4447 3663 4510 πολιτεία,

2088 4532 2261 4586 οὐδενὶ
2305 4535 2403 4604 μὲν
2452 4534 2839 4591 ὑποκύπτουσα
2886 4536 3085 4601 πάθει,
3124 4536 3373 4607 μετέωρα
3424 4536 3483 4589 δὲ
3530 4554 3669 4607 φρο-

2088 4624 2253 4678 νοῦσα
2294 4626 2390 4677 καὶ
2419 4626 2785 4696 ὑπερουράνια
2815 4626 3171 4697 κατορθοῦσα.
3224 4625 3441 4695 Ταύτης
3468 4626 3670 4695 ὲχόμερ

2090 4733 2198 4780 νος,
2241 4718 2474 4788 πρόσεχε
2533 4718 2607 4788 μή
2640 4735 2694 4772 τι
2733 4735 2792 4771 σε
2836 4716 3021 4771 δοῦλον
3067 4716 3431 4787 ἀνδραποδίσῃ
3485 4717 3669 4786 παρῶ

520 4859 564 4890 ⁸⁸
593 4856 783 4912 Matth.
816 4871 869 4922 ι,
893 4852 979 4907 16.
1053 4852 1100 4885 ⁸⁸
1124 4852 1321 4921 Ephes.
1354 4866 1427 4919 tv,
1456 4851 1561 4920 24;
1596 4850 1801 4906 Coloss.
1844 4866 1928 4917 ιιι,
1966 4852 1984 4904 I

2130 4853 2176 4884 “
2205 4852 2365 4907 Prov.
2392 4854 2588 4919 ευσεϐ.

1570 5003 1801 5061 VARI/{'3
1826 5003 2203 5061 LECTIONES
2229 5004 2316 5057 ET
2342 5004 2570 5063 NOTE.

489 5162 639 5235 (22)~
662 5164 731 5217 Ἠ
778 5162 863 5231 μὴ
906 5162 1144 5235 ,βλάπτε
1184 5158 1298 5235 τῂν
1336 5157 1657 5235 πιέρευσιν
1728 5156 1991 5235 πολλὴν,

2103 5158 2425 5226 ἐκτρέφουσι
2460 5166 2679 5227 ponunt.
2715 5156 2865 5211 Vers.
2902 5160 2933 5211 7
2964 5172 3058 5224 pro
3082 5156 3465 5227 Δβιϐλιοφόρος,
3499 5159 3670 5213 mani-

414 5225 725 5289 κάντάῦθα.
742 5225 1049 5299 κωμῳδίαν
1075 5225 1378 5299 συνάγων.
1400 5228 1603 5299 Billius,
1630 5236 1721 5299 out
1736 5228 1984 5299 ingentem

2103 5225 2237 5281 festo
2262 5227 2452 5299 melius
2475 5228 2598 5299 cod.
2632 5226 3050 5299 vatic.‘e§hihet_
3074 5225 3469 5299 βιϐλιοφθόρος,
3498 5243 3671 5299 aquo

424 5304 794 5361 eruditionem,
821 5297 929 5352 etc.
960 5300 1092 5352 Mala
1138 5297 1508 5367 interpretatio
1550 5297 1686 5367 male
1731 5297 1996 5367 distincta

418 5374 683 5427 lectionis.
715 5369 901 5423 Melius
946 5370 1111 5422 multo
1153 5364 1347 5423 code
1383 5366 1702 5431 distinguit:
1732 5365 1765 5435 ἢ
1802 5364 1876 5435 μὴ
1908 5364 1989 5433 βλ.

418 5443 516 5509 τὴν
546 5442 844 5494 παίδευσιψ
878 5436 1205 5509 πολλὴνᾲκὰν
1220 5436 1392 5490 ταῦθα
1420 5454 1473 5509 κ.
1492 5453 1548 5509 σ.
1574 5436 1702 5509 Quae
1729 5436 1870 5509 hunc
1896 5435 1991 5509 Ita-

418 5504 546 5565 bent
575 5526 813 5570 sensum,
846 5519 934 5559 aut
968 5504 1308 5558 eruditionem
1340 5522 1401 5558 ne
1432 5506 1563 5558 ltede
1588 5544 1602 5567 ,
1637 5504 1884 5556 nimirum
1906 5504 1989 5555 hic

408 5581 573 5632 etiam
602 5580 839 5645 copiosos
867 5576 1004 5629 sales
1039 5575 1259 5645 comicos
1286 5575 1553 5645 colligens.
1601 5573 1750 5645 Rt'r_'l'_
1772 5612 1787 5627 .

490 5678 559 5689 —-—
588 5640 691 5701 I’ro
743 5646 1002 5717 τρέφουσι
1050 5656 1190 5697 vers.
1224 5642 1281 5714 3_
1300 5640 1455 5700 codd.
1492 5642 1614 5698 Vat.
1655 5642 1759 5697 649
1788 5650 1843 5697 et
1873 5640 1981 5695 Alt.

2103 5312 2290 5363 parum
2319 5297 2465 5349 abest
2501 5297 2624 5347 cod.
2658 5296 2763 5347 Alt.
2800 5294 3149 5364 βιὸλοφθόρος
3191 5294 3459 5349 scribens.
3505 5294 3663 5351 vers.

2101 5368 2301 5436 penult.
2343 5380 2439 5431 pro
2477 5364 2813 5436 ἐπειργάσθη
2847 5367 2963 5419 cod.
2994 5366 3102 5418 Alt.
3136 5367 3316 5429 habet,
3357 5366 3671 5434 ὲνεπεργά-

2098 5435 2220 5505 σθη.
2254 5434 2465 5488 Possm.
2608 5434 2616 5436 ἡ
2802 5434 2809 5435 “

2162 5506 2273 5575 (25)
2304 5504 2399 5584 llic
2433 5505 2587 5584 codri.
2622 5504 2741 5557 Vat.
2773 5504 2877 5584 64?
2898 5515 2961 5584 et
2994 5506 3102 5558 Alt.
3138 5502 3338 5584 τα-υητὴν
3367 5502 3573 5584 leg-unt.
3608 5514 3671 5557 et

2091 5588 2233 5630 vers.
2256 5572 2597 5645 antepenult.
2619 5590 2716 5653 pro
2745 5573 3082 5641 αειδιῶντας,
3109 5572 3413 5635 πηδῶντας.
3444 5572 3665 5628 Possm.
