3944 6138
258 267 347 329 259
1103 270 1636 334 EPISTOLARUM
1677 274 1823 335 LIB.
1871 273 1921 333 I.
1970 297 2036 311 —-
2080 235 2317 333 EPIST.
2364 256 2685 334 CXXXIII.
3370 270 3479 339 2m

261 389 462 449 πτωμα,
484 377 610 455 ⁸καὶ
663 377 774 433 τῶν
828 379 1141 451 ἀνακτόρων
1184 374 1311 437 τῶν
1332 383 1626 453 βασιλικῶν
1673 386 1794 439 ὑπο-

1915 386 2170 451 sdducat,
2226 400 2292 440 ac
2341 385 2504 455 regiis
2545 384 2760 455 templis
2814 395 2869 440 et
2918 386 3131 455 palatiis
3187 393 3465 444 exturbat.

255 467 375 538 σύρῃ
413 453 548 537 (ΞῙ).
595 468 877 541 Δυσχερὴς
903 469 1010 540 γὰρ
1036 472 1149 533 τοῖς
1192 472 1570 536 ἐκπίπτουσιν,
1603 476 1636 544 ἠ
1668 474 1794 544 πρὸς

1915 476 2134 532 Diﬂlcile
2166 477 2312 532 enim
2340 453 2484 531 factu
2508 485 2614 541 est,
2645 453 2705 531 ut
2741 477 2830 547 qui
2855 453 3228 547 prolabuntur,
3258 480 3324 533 ad
3346 493 3467 533 eam

255 555 452 627 ἐκείνην
479 557 797 629 ἀνάκλησις.
854 559 913 613 '0
940 559 998 613 δὲ
1029 560 1161 625 Θεὸς
1200 563 1229 615 ό
1274 561 1442 633 θύραν
1471 564 1687 628 ἀνοίξας
1716 566 1794 617 ὲν-

1915 584 2122 624 rursum
2146 578 2492 623 revocentur.
2524 567 2667 621 Deus
2695 577 2895 631 autem,
2930 569 3019 637 qui
3054 568 3243 623 ellicax
3269 567 3469 623 ostium

255 650 395 719 εργῆ,
422 662 519 704 και
551 648 723 720 θύραν
766 650 947 704 καλῶν
980 651 1192 717 ἑαυτὸν,
1228 652 1296 706 δι’
1328 649 1394 725 ἦς
1425 655 1541 707 ἐστι
1567 655 1669 724 τῆς
1695 673 1794 709 σω-

1915 654 2134 721 aperuit,
2171 668 2235 708 ac
2260 653 2497 723 seipsum
2528 654 2729 709 ostium
2763 665 2937 721 vocat,
2980 671 3077 723 per
3107 656 3252 725 quod
3282 657 3348 711 ad
3386 671 3475 711 sa-

253 740 430 809 τηρίας
468 741 502 811 ὴ
548 740 757 803 εῖσοδος
783 779 798 804 ,
832 741 943 812 δῴη
977 759 1058 795 σοι
1090 744 1185 797 καὶ
1221 742 1345 799 νοῦν
1374 745 1794 818 ἀμετεώριστον,

1915 747 2070 802 lutem
2104 746 2285 802 aditus
2315 755 2481 816 patet,
2508 746 2599 800 det
2622 746 2739 810 libi,
2767 756 2822 802 et
2863 756 3097 800 mentem
3124 747 3349 802 minime
3376 760 3475 816 pa-

254 830 330 881 καὶ
356 828 513 896 λόγον
544 830 989 898 ἀκατάγνωστον,
1022 831 1329 900 ήρτυμὲνον
1358 836 1425 905 τῇ
1476 836 1676 907 χάριτι.
1723 840 1794 891 Δι’

1915 834 2104 888 lantem
2138 850 2204 890 ac
2236 818 2573 897 distractam,
2604 843 2656 889 et
2691 850 2995 889 sermonem
3036 835 3474 905 reprehensionis

252 908 315 971 ὧν
343 919 438 969 καὶ
482 917 511 969 ὁ
557 916 749 987 παρών
783 934 863 971 σοι
891 918 1004 988 βίος
1037 920 1281 992 εὐμαρὴς
1303 924 1675 997 εὑρεθήσεται,
1706 928 1794 982 καὶ

1915 933 2200 994 expertem,
2225 926 2397 997 gratia
2430 927 2705 980 conditum
2735 944 2749 980 :
2780 927 2975 996 quibus
3018 927 3269 981 videlicet
3314 928 3473 981 rebus

250 1008 276 1060 ὁ
301 1006 503 1077 μέλλων
527 1007 664 1062 αίὼν
692 1008 928 1081 εὐμενὴς
957 1012 1047 1066 καὶ
1082 1015 1368 1084 σωτήριος.

1915 1025 1956 1071 at
1989 1016 2203 1086 planam
2250 1032 2314 1072 ac
2342 1017 2553 1071 tacilem
2581 1018 2724 1073 hanc
2753 1018 2916 1072 vitam
2950 1018 3211 1086 reperias,
3239 1027 3293 1072 et
3322 1017 3467 1073 futu-

1902 1119 2019 1159 rum
2052 1119 2224 1160 aevum
2252 1104 2523 1173 placidum
2553 1119 2616 1159 ac
2644 1104 2907 1160 salutare.

2217 1193 2408 1249 ‘XXX.
2439 1225 2509 1237 —
2535 1192 2777 1249 JOANNI
2814 1194 3168 1251 MONACHO.

2309 1279 2383 1339 De
2401 1285 2633 1355 jejunio,
2661 1278 2842 1355 uigilia
2865 1294 2915 1340 et
2937 1286 3083 1356 gula.

587 1184 1101 1261 ΡΛ’.--1οΔΝΝῌ
1133 1180 1440 1263 ΜοΝΑχο.

253 1277 376 1345 Περὶ
403 1276 714 1345 νηστείας,
753 1278 851 1332 καί
893 1277 1260 1417 rigoris-lac,
1304 1281 1405 1335 καί
1448 1290 1804 1354 γαστριμαρ-

1006 1366 1099 1414 ας.

1006 1366 1099 1414 ας.

309 1460 418 1514 Οὐκ
463 1454 574 1512 οἶδε
615 1458 775 1529 κόρος
815 1461 1133 1531 ἀγρυπνεῖν.
1183 1463 1296 1517 Οὐκ
1327 1454 1434 1517 οἶδε
1480 1460 1646 1533 τῦφος
1676 1458 1794 1536 ἤρε-

1972 1458 2155 1519 Νοεοίι
2188 1464 2443 1518 saturitas
2463 1452 2724 1534 vigilare:
2750 1464 2924 1519 nescit
2957 1456 3126 1519 fastus
3151 1465 3453 1534 quiescere,

252 1554 378 1621 μεῖν.
420 1550 833 1621 Ἐγρηγόρσεως
874 1552 1044 1605 δεῖται
1086 1555 1180 1607 καὶ
1214 1557 1517 1625 πραότητος
1548 1557 1794 1626 ἄσκησις.

1915 1554 2243 1622 vigilantiam
2288 1564 2344 1609 et
2389 1554 2856 1609 mansuetudinem
2898 1554 3192 1610 monastica
3227 1552 3332 1610 vita
3380 1560 3467 1611 r'e-

247 1638 301 1695 Εί
326 1639 418 1695 οῦν
461 1641 666 1711 ταύτης
701 1641 988 1713 ἀντιποιῇ,
1032 1644 1215 1699 ἐκεῖνα
1261 1646 1622 1716 κατάργησονο
1657 1648 1706 1700 εί
1744 1647 1794 1701 δὲ

1915 1643 2092 1713 quirit.
2127 1642 2184 1697 Si
2221 1643 2382 1712 igitur
2408 1644 2550 1697 hanc
2580 1643 2873 1712 proﬁteris,
2906 1643 2991 1697 fac
3022 1644 3109 1697 illa
3140 1644 3353 1708 deleas;
3378 1645 3464 1700 sin

253 1731 484 1802 γαστρὸς
514 1731 573 1784 οὐ
606 1734 844 1802 κρατεῖς,
868 1733 918 1785 τί
946 1734 1041 1788 καὶ
1064 1734 1153 1789 τὸν
1185 1735 1348 1790 τόπον
1370 1740 1679 1807 καταργεῖς,
1706 1740 1794 1793 καὶ

1915 1742 2076 1787 tutem
2102 1742 2346 1788 ventrem
2384 1734 2611 1803 imperio
2644 1734 2866 1788 minime
2896 1744 3066 1801 tenes,
3102 1735 3229 1804 quid
3276 1744 3331 1790 et
3380 1735 3461 1791 lo-

244 1824 362 1887 τοὺς
381 1821 677 1887 ἀθλοῦντας
704 1824 1011 1894 ὲκνευροῖςς

1915 1836 2018 1878 :um
2052 1836 2304 1892 occupas,
2335 1833 2392 1877 et
2433 1814 2819 1878 decertantium
2848 1826 3060 1880 animos
3096 1825 3341 1896 frangis?

476 1935 650 1988 PAA'.
678 1964 751 1977 —
779 1935 1081 2008 ΤΙΜΟΘΕῼ
1116 1938 1547 2015 ΑΝΔΓΝΩΣΤῌ.

2153 1930 2390 1989 CXXXI.
2418 1963 2485 1976 --
2507 1933 2869 1992 TIMOTHEO
2898 1934 3214 1992 LECTORI.

440 2027 584 2095 Περὶ
613 2026 723 2096 τῆς
742 2028 849 2082 τοῦ
878 2031 1176 2098 Ζαχαρίου
1205 2035 1579 2102 κωφεύσεως.

313 2127 379 2191 Ἦ
410 2137 681 2208 Ζαχαρίου
720 2138 993 2209 κώφευσις
1043 2142 1142 2195 οὐκ
1181 2142 1295 2214 (25)
1334 2143 1595 2216 ἐκπλήξει
1640 2145 1799 2215 γέγο-

244 2243 347 2292 νεν,
390 2229 468 2293 ὡς
495 2230 777 2301 ἐνόμισας,
810 2231 1212 2301 νουνεχέστατε.
1260 2234 1350 2290 Ἐν
1400 2233 1659 2307 συνηθείᾳ
1691 2238 1797 2307 γὰρ

241 2318 555 2389 θεοφανείας
604 2321 699 2375 καὶ
748 2321 1043 2393 ἀγγελικῆς
1095 2323 1362 2388 ὀπτασίας
1402 2320 1471 2397 ἦν
1522 2326 1550 2379 ὁ
1596 2328 1796 2398 ἱερεὺς,

239 2410 484 2480 καθαρῶς
536 2414 651 2474 τοῖς
699 2414 1017 2483 μυστηρίοις
1065 2413 1505 2486 διακονούμενος,
1550 2417 1687 2472 ἀλλά
1720 2418 1798 2489 τῷ

236 2500 382 2571 τύπῳ
411 2503 515 2572 τῆς
540 2501 745 2556 ἐκείνου
772 2505 932 2573 σιγῆς
954 2543 969 2565 ,
1001 2504 1034 2575 ή
1065 2504 1159 2559 τοῦ
1190 2507 1359 2577 νόμου
1388 2509 1640 2580 ἐδηλοῦτο
1679 2527 1801 2563 σιω-

232 2589 323 2658 πή.
359 2588 436 2641 Τὸ
459 2589 519 2643 δὲ
545 2590 652 2643 ἀπὸ
680 2592 837 2664 σιγῆς
860 2593 955 2647 καὶ
984 2594 1341 2665 πειρὼσεως,
1376 2597 1471 2650 καὶ
1501 2598 1680 2669 γήρως
1707 2615 1797 2652 τε-

235 2678 426 2749 χθῆναι
458 2678 560 2750 τὴν
588 2681 803 2752 φωνὴν,
851 2683 1009 2737 τοῦτο
1052 2679 1206 2755 οἶμαι
1237 2686 1450 2756 δηλοῦν,
1492 2689 1553 2741 τὸ
1595 2690 1661 2741 ἐκ
1704 2688 1797 2743 τοῦ

231 2768 652 2835 παλαιωθέντος,
684 2772 779 2824 καὶ
810 2774 1295 2845 καταγηράσαντος
1323 2777 1703 2849 στειρωθέντος
1731 2781 1797 2850 τῇ

230 2860 458 2931 ἀνηκοϊᾳ
498 2860 611 2914 τῶν
659 2862 967 2935 δεξαμένων
1009 2866 1175 2937 νόμου
1219 2866 1316 2921 τοῦ
1364 2867 1633 2939 γραπτοῦ,
1700 2870 1799 2932 τὰς

231 2952 355 3023 περὶ
387 2950 636 3022 Χριστοῦ
679 2954 1012 3026 προρρήσεις
1058 2956 1359 3029 προελθεῖν,
1393 2959 1487 3011 καὶ
1509 2958 1607 3028 τὴν
1635 2957 1797 3013 αὐτοῦ

232 3042 442 3114 μητέρα
465 3044 535 3096 ὲκ
563 3041 752 3097 τούτου
785 3046 1077 3101 συνελθεῖν.

702 3212 871 3273 PAB".
901 3248 972 3263 -
995 3212 1081 3291 τᾳ
1110 3220 1313 3292 mro.

236 3299 295 3362 Tt
320 3310 483 3364 εἰσιν
503 3311 565 3364 αι
588 3310 856 3381 ἀκρίδες,
885 3311 983 3364 καὶ
1004 3312 1088 3381 -τὸ
1124 3311 1265 3381 μέλι
1296 3311 1362 3381 τὸ
1388 3310 1615 3379 ἄγριον,
1647 3302 1738 3378 οἷς
1762 3312 1796 3366 d

506 3380 857 3447 Βαπτιστὴς
887 3379 1171 3449 Ἰωάννης
1196 3379 1490 3449 ἐτρέφετο.

294 3487 360 3544 Δί
402 3491 659 3563 ἀκρίδες,
692 3485 783 3556 αἷς
826 3491 1080 3564 Ἰωάννης
1110 3492 1387 3562 ἐτρέφετο,
1422 3493 1481 3546 ού
1513 3492 1629 3557 ζῶἀ
1656 3494 1793 3546 εἰσιν

231 3580 302 3645 ῶς
329 3600 475 3647 τινες
501 3584 707 3637 οἴονται
731 3583 981 3655 ἀμαθῶς,
1019 3574 1311 3655 κανθάροις
1345 3584 1641 3638 ἀπεοικότα
1658 3585 1788 3655 (26).

231 3667 317 3743 Μὴ
342 3672 582 3741 γένοιτο⁰
619 3674 733 3729 ἀλλ’
767 3673 1068 3745 ἀκρέμονές
1100 3664 1338 3744 βοτανῶν
1362 3676 1393 3745 ἢ
1421 3674 1623 3744 φυτῶν.
1651 3673 1790 3728 Οῦτε

230 3760 282 3813 δὲ
310 3756 415 3817 πόα
444 3758 529 3827 τίς
576 3765 693 3817 ἐστι
736 3758 897 3817 πάλιν
926 3756 986 3818 τὸ
1017 3766 1138 3835 μέλι
1187 3764 1329 3838 [τὸ]
1381 3767 1589 3837 ἄγριον.
1635 3764 1793 3819 Ἀλλά

233 3850 349 3921 μέλι
376 3849 559 3923 δρειον
596 3853 701 3907 sua
732 3850 1001 3925 μελισσῶν
1027 3856 1236 3927 ἀγρίων
1275 3856 1577 3927 γινόμενον,
1602 3856 1795 3926 πικρό-

231 3960 384 4000 τατον
428 3945 512 4011 ὃν,
561 3936 655 3999 καί
704 3947 854 4018 πάσῃ
900 3946 1085 4016 γεύσει
1136 3948 1416 4018 πολέμιον.
1458 3948 1537 4000 Δι’
1581 3939 1655 3999 ὧν
1697 3946 1796 4014 τὴν

231 4034 671 4108 ὑπερϐάλλουσαν
703 4029 945 4093 κάκωσιν
995 4040 1341 4093 ἐπεδείκνυτο
1382 4039 1665 4109 Ἰωάννης,
1698 4038 1799 4089 οὐκ

232 4130 400 4204 ἐνδείᾳ
427 4132 567 4205 μόνῃ
595 4132 727 4205 (27),
761 4120 895 4186 ἀλλά
936 4132 1033 4188 καὶ
1075 4133 1373 4205 τραχύτητι
1402 4132 1584 4185 πᾶσαν
1622 4124 1800 4200 ὄρεξιν

238 4221 541 4291 πικραίνων
564 4223 661 4276 τοῦ
694 4222 966 4293 σώματος.

2312 2022 2388 2077 De
2420 2022 2687 2079 Zacharia
2718 2034 2860 2080 muto
2892 2026 3053 2094 facta.

1966 2130 2119 2203 Quod
2165 2135 2462 2193 Zacharias
2502 2138 2835 2193 obmutuerit
2864 2128 2948 2204 ⁸⁸,
2988 2140 3069 2195 vir
3114 2142 3454 2207 acutissime,

1896 2240 2003 2281 non
2028 2228 2247 2297 stupore
2289 2225 2491 2283 factum
2523 2234 2630 2294 est,
2667 2236 2723 2283 ut
2750 2230 3055 2297 existimas,
3085 2231 3349 2301 siquidem
3377 2244 3465 2287 sa-

1895 2316 2088 2373 cerdos
2122 2317 2232 2384 ille,
2285 2327 2344 2373 ut
2391 2318 2486 2388 qui
2537 2333 2674 2388 puro
2713 2321 2895 2376 animo
2950 2322 3149 2377 divinis
3189 2325 3463 2395 mysteriis

1896 2421 2115 2477 operam
2148 2409 2323 2474 daret,
2361 2410 2571 2465 divinos
2617 2420 2943 2481 prospectus
2993 2419 3157 2480 atque
3187 2410 3462 2481 angelicas

1896 2499 2134 2554 visiones
2176 2497 2470 2556 familiares
2506 2498 2784 2557 habebat:
2817 2516 3007 2557 verum
3047 2492 3249 2558 silentii
3293 2504 3463 2572 ipsius

1896 2593 2024 2662 typo
2046 2590 2179 2661 legis
2218 2591 2492 2647 silentium
2520 2592 2879 2649 indicabatur.
2903 2582 3045 2660 Quid
3073 2604 3277 2657 autem,
3319 2596 3462 2665 quod

1898 2695 1928 2734 a
1959 2679 2175 2735 silentio
2220 2682 2275 2735 et
2324 2680 2612 2736 sterilitate
2637 2696 2702 2737 ac
2731 2688 3012 2737 senectute
3038 2693 3144 2736 vox
3178 2688 3461 2752 procreata

1896 2773 2013 2830 sit?
2064 2772 2203 2829 Hinc
2250 2773 2503 2829 videlicet
2560 2773 2687 2829 illud
2743 2768 3035 2845 signiﬁcari
3090 2776 3347 2840 arbitror,
3392 2789 3461 2830 ex

1897 2863 2098 2933 scripta
2133 2862 2271 2935 lege,
2300 2863 2369 2919 ob
2394 2876 2606 2929 eorum,
2636 2864 2730 2933 qui
2762 2879 2879 2919 eam
2908 2874 3253 2933 acceperant,
3284 2865 3463 2918 inobe-

1916 2952 2175 3007 dientiam
2205 2962 2260 3008 et
2286 2954 2704 3019 contumaciam,
2728 2955 2881 3010 senio
2921 2969 2987 3010 ac
3024 2963 3291 3011 vetustate
3331 2968 3463 3009 con-

1822 3071 1866 3131 c
1901 3041 2041 3097 lecta
2068 3080 2084 3105 ,
2142 3042 2395 3097 vaticinia
2438 3044 2505 3098 de
2550 3042 2770 3099 Christo
2839 3044 3147 3114 prodiisse,
3227 3043 3463 3115 hincque

1902 3134 2062 3190 etiam
2096 3132 2265 3202 ipsius
2294 3141 2521 3188 matrem
2553 3149 2655 3189 una
2680 3134 2912 3190 venisse.

2373 3224 2630 3281 CXXXII.
2660 3256 2729 3267 —
2762 3216 2990 3281 EIDEM.

1902 3318 2169 3383 Quidnam
2210 3318 2316 3371 sint
2346 3316 2562 3387 locusta
2598 3324 2647 3369 et
2693 3316 2800 3387 mel,
2822 3327 3043 3387 agreste,
3076 3312 3264 3386 quibus
3285 3313 3460 3370 Ioan-

2354 3401 2441 3440 nes
2472 3384 2714 3454 Baptista
2745 3384 3004 3439 alebatur.

1978 3498 2226 3553 Locusta:
2272 3496 2411 3568 (28),
2449 3497 2645 3567 quibus
2696 3495 2932 3554 Joannes
2968 3497 3214 3554 alebatur
3242 3496 3309 3564 “,
3351 3510 3459 3551 non

1897 3598 2046 3654 sunt,
2072 3599 2131 3643 ut
2161 3588 2377 3657 quidam
2410 3586 2659 3655 imperite
2685 3596 2914 3655 putant,
2946 3588 3234 3643 scarabeis
3259 3586 3457 3641 similia

1897 3678 2105 3750 (absit),
2138 3693 2318 3733 verum
2344 3678 2635 3732 herbarum
2663 3683 2755 3731 aut
2774 3677 3075 3746 plantarum
3094 3676 3455 3732 summitates.

1900 3769 2206 3837 Eodemque
2259 3766 2422 3822 modo
2466 3782 2679 3822 rursum
2728 3782 2835 3822 non
2890 3766 3054 3821 herba
3092 3767 3336 3836 quadam
3372 3775 3458 3821 est

1899 3859 2006 3915 mel
2031 3860 2300 3924 silvestre,
2324 3872 2512 3912 verum
2542 3858 2626 3912 vel
2655 3866 2991 3922 montanum,
3019 3858 3159 3926 quod
3194 3856 3262 3910 ab
3294 3870 3449 3925 agre-

1897 3951 2074 4006 stibus
2102 3950 2298 4017 apibus
2342 3947 2650 4011 conticitur,
2692 3961 3010 4015 summeque
3063 3961 3306 4001 amarum
3349 3955 3454 4009 est,

1899 4052 1950 4094 et
1984 4039 2218 4109 gnstatui
2248 4039 2395 4093 omni
2426 4038 2680 4093 infestum
2712 4046 2873 4107 atque
2908 4037 3208 4093 inimicum.
3250 4035 3460 4102 Quibus

1898 4145 1965 4185 ex
1997 4131 2156 4184 rebus
2176 4116 2281 4201 41
2311 4128 2638 4198 singularem
2666 4129 2948 4198 quamdam
2976 4144 3039 4182 ac
3059 4142 3194 4197 pene
3224 4128 3460 4183 incredia

1900 4221 2063 4277 bilem
2098 4221 2345 4290 corporis
2373 4219 2773 4275 aﬂlictationem
2810 4218 3050 4275 Joannes
3087 4234 3197 4289 prae
3230 4234 3289 4274 se
3318 4219 3457 4273 fere-

233 4305 354 4373 bat,
411 4320 473 4365 ut
535 4310 630 4379 qui
671 4325 777 4365 non
827 4311 1002 4367 inedia
1077 4311 1378 4375 duntaxat,
1440 4314 1624 4364 verum
1688 4310 1851 4365 etiam
1916 4310 2091 4366 victus
2148 4311 2438 4381 asperitate
2502 4323 2717 4367 omnem
2776 4309 3021 4379 corporis
3078 4310 3458 4380 appetitionem

232 4410 468 4455 amaram
505 4400 775 4455 redderet.

540 4488 711 4542 PAF’.
740 4517 813 4528 --
836 4489 1221 4560 ΣΤΡΑΤΗΙΊῼ
1256 4480 1485 4543 ΔΟΥΚῘ.

754 4579 910 4647 Πρὸς
952 4580 1266 4648 ἄρχοντας.

301 4667 483 4743 Ἔχεις
511 4673 611 4743 μὲν
639 4671 817 4741 ψυχὴν
836 4673 1069 4742 ἀρχικὴν
1098 4672 1272 4741 μισῶν
1300 4672 1399 4741 τὴν
1440 4670 1705 4741 πονηρίαν
1730 4671 1793 4726 ὲκ

232 4766 432 4830 παιδός.
466 4763 703 4825 Ἐλαὸες
730 4763 786 4816 δὲ
817 4764 912 4816 καὶ
954 4763 1048 4816 νῦν
1093 4765 1157 4817 ὲκ
1193 4763 1458 4834 βασιλέως
1496 4761 1795 4833 ἡγεμονίαν

232 4859 571 4928 παρέχουσαν
617 4844 868 4924 δύναμιν,
912 4846 979 4925 ἢν
1022 4852 1203 4926 ἐξῄτει
1260 4854 1373 4926 (28)
1424 4856 1459 4924 ἠ
1510 4854 1790 4925 πρόθεσις.

300 4992 345 5023 ⁸⁸
370 4987 498 5047 Luc.
532 5007 571 5056 ι,
592 4988 686 5046 20.
768 4988 815 5021 “
841 4988 1032 5045 Matth.
1063 5006 1146 5056 In,-
1171 4991 1225 5046 4.

1824 4491 1875 4550 D

2188 4487 2959 4546 CXXXIIl.—STRATEGIO
2995 4487 3172 4547 DUCI.

2438 4578 2521 4632 Ad
2565 4579 2917 4647 imperatores.

1974 4668 2151 4724 Habes
2185 4668 2402 4738 quidem
2448 4669 2687 4723 animum
2722 4670 3024 4739 principatu
3074 4676 3238 4737 atque
3288 4668 3457 4736 impe-

1904 4763 1983 4815 rio
2014 4763 2256 4831 lli-gnum,
2289 4770 2348 4814 ut
2370 4760 2591 4829 quijam
2616 4760 2739 4814 inde
2785 4774 2815 4813 a
2851 4752 3042 4829 primis
3072 4760 3228 4814 annis
3262 4760 3461 4830 impro-

1910 4852 2133 4907 bitatem
2165 4849 2291 4904 odio
2324 4850 2598 4905 habueris.
2628 4849 2899 4919 Acceplsti
2928 4859 3109 4905 autem
3152 4864 3297 4906 nunc
3325 4865 3459 4920 quo-

1336 5098 1568 5160 VARUE
1603 5098 1987 5157 LECTIONES
2022 5098 2112 5155 ET
2152 5097 2383 5155 NOTAE.

304 5218 416 5289 (24)
451 5219 621 5274 Codd.
661 5210 854 5289 Vatic._
888 5216 992 5273 649
1031 5225 1083 5289 e_t
1108 5216 1214 5289 Alt.
1258 5215 1481 5280 malunt,
1507 5213 1788 5289 ῥποσύρη-

233 5284 337 5347 ταί.
358 5284 441 5410 lt)t'ti
466 5300 519 5341 et
534 5302 685 5343 vers.
699 5302 818 5355 seq.
840 5286 1161 5340 ἐκπεσοῦσιν
1178 5287 1364 5357 legunt
1386 5300 1483 5355 pro
1504 5284 1790 5338 ἐκπίπτου-

236 5368 334 5409 σιν.
401 5369 563 5410 085m.

236 5368 334 5409 σιν.
361 5368 563 5412 Possm.

305 5425 415 5496 (ἓξ)
448 5425 601 5481 \‘ers.
634 5427 655 5480 1
693 5439 796 5494 pro
824 5425 924 5496 οὐκ
955 5425 1267 5496 ςοιΙὰηῩιιι.
1284 5424 1477 5496 ριΔΑιῑ.
1504 5422 1705 5496 habent
1732 5420 1793 5476 οὗ

236 5490 323 5561 τῇζ
351 5490 504 5549 vers.
533 5497 564 5548 7
595 5490 715 5564 post
746 5494 933 5564 φωνὴν
963 5495 1242 5564 _eod.jat.
1275 5490 1380 5564 649
1416 5493 1560 5547 addit
1590 5493 1701 5564 καὶ,
1734 5502 1786 5547 et

238 5576 354 5615 mox
378 5564 569 5632 δηλοῦν
591 5562 769 5621 imitat
797 5564 856 5632 in
893 5562 1061 5632 δηλοῖ.
1097 5562 1251 5616 Vers.
1280 5563 1312 5617 8
1362 5571 1484 5632 post
1514 5563 1783 5632 γηράσειν⁴

237 5630 461 5695 “send.
493 5635 599 5689 Alt.
639 5631 856 5697 inserit,
896 5630 1004 5684 καί.
1040 5630 1249 5686 Possm.

1968 5213 2080 5282 (26)
2126 5213 2296 5267 Codd.
2334 5211 2456 5266 Vat.
2511 5211 2612 5267 649
2678 5222 2733 5265 et
2773 5210 2887 5282 Alt.
2939 5210 3173 5282 habent,
3223 5213 3457 5266 ἐοικότα.

1896 5280 2489 5353 lidem'vers.a_ntepen.
2518 5290 2573 5336 et
2601 5295 2722 5350 pen.
2748 5295 2845 5349 pro
2873 5280 3049 5351 ἐνδείᾳ
3074 5282 3233 5353 μόνῃ,
3253 5282 3457 5348 legunt.

1898 5354 1954 5405 ὲν
1985 5352 2069 5404 δια
2077 5353 2231 5420 μονῇ.
2257 5350 2463 5420 ῐῖοεεικ.

1972 5416 2214 5488 (2ηΡώ
2243 5416 2442 5487 ἐξῄτει.
2489 5420 2647 5473 codd.
2693 5417 2813 5473 Vat.
2866 5418 2973 5472 649
3010 5428 3065 5472 et
3118 5419 3228 5472 Alt.
3275 5417 3459 5486 legunt

1894 5488 2093 5557 ὲῖήτει.
2116 5488 2340 5557 Possm.

1967 5554 2075 5623 ('28)
2109 5554 2365 5610 Locusta.
2385 5555 2560 5609 Malim
2591 5556 2644 5610 in
2670 5555 2861 5611 Latina
2878 5555 3125 5611 versione
3145 5554 3375 5611 retinere
3401 5555 3457 5610 at

1897 5626 2133 5695 ἀκρίδες.
2168 5624 2223 5679 In
2250 5635 2494 5695 promptu
2529 5640 2690 5679 causa
2722 5635 2823 5681 est.
