3944 6138
376 311 478 378 271

1572 308 1634 371 S.
1677 309 1981 369 ISIDORI.
2004 310 2444 372 PELUSIOTAE

3516 309 3627 373 272

381 435 486 491 que
506 419 576 475 ab
606 418 932 488 imperatore
976 415 1373 485 praefecturam,
1425 430 1546 469 eam
1596 417 1707 477 vim
1735 432 1800 471 ac
1854 433 1948 487 po-

2067 419 2283 490 Ἐπειδὴ
2312 426 2492 473 τσινυν
2515 416 2648 471 Θεοῦ
2678 419 2825 471 ἐστιν
2852 416 3139 487 ἀμφότερα
3169 416 3241 470 τά
3283 415 3625 490 χαρίσματα,

382 512 625 576 tentiam,
691 523 847 579 quam
890 506 1195 567 institutum
1245 507 1409 563 animi
1470 507 1542 560 tui
1608 507 1943 576 requirebat,

382 602 481 656 tibi
503 600 847 671 praebentem.
873 597 1137 664 Quoniam
1173 607 1350 650 autem
1393 606 1679 665 utrumque
1723 598 1825 655 hoc
1845 597 1944 651 do-

382 708 508 748 num
552 691 644 746 Dei
673 689 937 746 beneﬁcio
960 689 1055 745 tibi
1087 688 1337 758 contigit,
1375 698 1627 757 utroque,
1654 703 1763 759 pro,
1796 688 1943 743 virili

392 791 502 849 tua,
545 782 609 837 ad
640 781 811 851 ipsius
842 781 1041 835 cultum
1090 787 1262 843 utere,
1298 787 1355 833 ut
1392 776 1648 845 majorem
1692 792 1943 847 quoque,

2050 511 2251 580 χρῆσαι
2281 511 2491 574 τούτοις
2512 512 2591 572 εἰς
2618 508 2916 580 θεραπείαν
2936 508 3109 562 αὐτοῦ
3131 509 3229 579 ὅση
3252 508 3481 579 δύναμις
3500 525 3515 538 ·
3534 509 3628 561 ἶνα

2050 602 2145 654 καὶ
2168 602 2390 671 μείζονα
2432 601 2579 671 δώσῃ
2618 600 2886 666 ἐξουσίαν,
2921 601 2970 652 εί
3003 599 3209 670 ταύτην
3251 598 3335 670 ῑδῃ
3365 597 3628 669 καθαρῶς

2049 692 2444 761 δωικουμένην.
2478 688 2599 745 Οῐδε
2625 692 2735 762 γὰρ
2769 690 2865 743 καὶ
2902 690 3269 760 ποιμαντικὴν
3316 689 3628 761 μεγαλόψυο

2052 798 2167 852 χον,
2193 782 2475 852 βασιλείαν
2507 784 2680 837 ποιεῖν
2706 780 3103 849 πολυδύναμον.

381 873 480 928 tibi
521 871 815 942 potentiam
847 869 1130 934 concedat,
1154 870 1196 922 si
1233 870 1370 922 hanc
1399 870 1494 923 abs
1533 878 1584 924 te
1618 881 1752 938 pure
1778 880 1941 937 atque
1983 873 2190 941 integre
2254 872 2627 926 administrari
2661 868 2893 924 noverit.
2958 868 3239 938 Siquidem
3284 868 3635 937 pastoritium

379 968 547 1023 etiam
576 981 771 1025 inultus
796 978 918 1017 cum
959 962 1129 1019 animi
1162 959 1536 1030 magnitudine
1593 960 1943 1029 coniunctum
1984 960 2039 1017 in
2099 965 2537 1034 potentissimum
2568 977 2791 1032 regnum
2831 969 3168 1016 commutare
3211 961 3361 1014 novit
3386 960 3451 1012 ".

804 1073 1088 1130 CXXXIV.
1117 1104 1188 1114 —
1211 1070 1486 1127 ZOSIMO.

859 1165 936 1219 De
972 1164 1171 1218 doloris
1202 1165 1480 1218 vacuitate.

450 1283 507 1338 Si
540 1296 641 1337 nec
666 1295 887 1351 regnum
915 1288 967 1333 te
996 1278 1188 1333 incitat
1247 1286 1301 1331 et
1347 1278 1687 1343 cohortatur,
1717 1293 1815 1333 nec
1847 1293 1942 1349 ge-

380 1377 554 1431 henna
612 1388 828 1427 rursum
874 1380 1064 1434 terret,
1132 1384 1237 1423 non
1296 1368 1777 1422 animadvertimus
1822 1383 1944 1435 nos,

377 1481 498 1522 cum
527 1464 693 1519 feram
721 1473 776 1518 et
809 1460 1123 1515 indomitam
1154 1458 1386 1512 belluam
1427 1458 1789 1523 incantamus,
1821 1473 1943 1513 cum

384 1555 631 1625 improbo
663 1554 905 1608 daemone
935 1551 1169 1603 humana
1204 1547 1374 1601 forma
1419 1556 1663 1602 contecto
1692 1546 1905 1602 luctari.

869 1662 1132 1720 CXXXV.
1154 1691 1224 1702 —
1239 1660 1465 1715 EIDEM.

1051 1752 1253 1808 Simile.

455 1875 591 1931 Cum
643 1870 830 1933 libido,
872 1876 925 1922 et
955 1856 1199 1936 corporis
1246 1868 1432 1933 robur,
1480 1873 1537 1920 et
1585 1864 1755 1919 animi
1803 1863 1950 1920 vires

384 1966 599 2037 dejiciat
627 1974 683 2018 et
732 1961 954 2024 adimat,
986 1971 1255 2027 eumque,
1306 1956 1398 2025 qui
1449 1955 1550 2009 hoc
1592 1954 1725 2011 vitio
1761 1964 1951 2023 captus

380 2066 482 2121 est,
517 2055 764 2110 omnibus
797 2049 1124 2106 illudendum
1174 2059 1231 2103 et
1289 2047 1623 2107 irridendum
1678 2045 1948 2114 propinet,

381 2144 829 2216 quemadmodum
859 2149 1159 2212 excaecatus
1183 2138 1433 2203 Samson,
1476 2136 1632 2193 docet
1660 2135 1728 2200 ⁸⁸,
1760 2133 1952 2203 ecquid

386 2250 442 2292 tu
478 2236 840 2292 voluntariam
873 2232 1239 2301 captivitatem
1269 2230 1529 2292 accersis,
1568 2241 1667 2281 nec
1706 2224 1954 2281 naturale

388 2328 553 2384 robur
588 2326 817 2380 illaesum
851 2333 1014 2391 atque
1039 2322 1306 2389 integrum
1348 2333 1559 2381 servas,
1585 2331 1772 2371 verum
1798 2314 1955 2371 vitio-

388 2419 465 2472 sis
499 2413 877 2471 all‘eetionibus
908 2410 1299 2466 conﬁciendum
1335 2418 1389 2462 te
1438 2408 1581 2461 ultro
1606 2409 1868 2476 prabens,
1903 2413 1957 2459 et

389 2508 582 2569 Deum,
613 2504 706 2573 qui
740 2504 792 2557 in
825 2504 934 2555 vita
955 2511 1065 2566 tua,
1096 2500 1185 2554 ubi
1213 2509 1375 2568 caput
1429 2498 1673 2561 reclinet,
1712 2512 1816 2550 non
1860 2495 1957 2549 ha-

393 2603 505 2663 bet,
537 2612 769 2651 mcerore
797 2594 963 2650 allicis
983 2634 997 2658 ,
1034 2602 1089 2646 et
1118 2606 1240 2655 nos,
1267 2590 1361 2660 qui
1388 2605 1484 2659 pro
1514 2599 1602 2642 tua
1636 2588 1806 2642 salute
1836 2597 1956 2641 vota

389 2687 617 2742 facimus
648 2698 961 2755 oppugnas;
993 2691 1048 2735 et
1073 2680 1320 2751 iniuriam
1354 2679 1447 2733 tibi
1482 2679 1580 2748 ipsi
1613 2678 1798 2742 infers,
1832 2677 1957 2730 dum

389 2776 650 2831 salutaria
678 2774 1070 2829 medicamenta
1103 2767 1396 2838 repudias?

670 2879 954 2941 CXXXVI.
988 2909 1056 2921 ——
1085 2876 1392 2933 HERMINO
1425 2873 1684 2931 COMITL

451 2998 531 3053 De
555 2997 749 3053 ordine,
781 2995 1027 3064 episcopi,
1079 3003 1128 3049 et
1155 2994 1432 3063 cujuanam
1464 2993 1691 3063 ﬁguram
1735 2992 1889 3062 gerit.

472 3112 749 3179 Quantum
787 3119 840 3163 tu
875 3109 1189 3178 inexplebili
1249 3107 1492 3163 discendi
1532 3106 1826 3177 cupiditate
1860 3103 1959 3159 ﬂa-

393 3216 544 3271 gras,
582 3208 789 3253 tantum
848 3214 946 3269 ego
999 3200 1064 3251 ad
1116 3215 1201 3262 ea,
1246 3214 1365 3268 quae
1398 3198 1620 3268 quaeris,
1643 3196 1960 3267 explicanda

394 3300 673 3361 proruptus
692 3305 755 3344 ac
778 3289 1034 3358 proclivis
1065 3304 1181 3343 sum
1208 3307 1221 3343 :
1255 3276 1543 3342 dummodo
1589 3288 1750 3353 Deus,
1782 3287 1961 3357 preci-

392 3383 491 3435 bus
514 3382 619 3435 tuis
633 3390 951 3443 commotus,
982 3378 1346 3434 inventionem
1371 3378 1502 3432 mihi
1528 3377 1740 3432 caelitus
1768 3391 1963 3431 conce-

394 3474 508 3526 dat.
558 3470 805 3525 Linteum
842 3470 975 3523 illud
1028 3485 1149 3522 cum
1203 3484 1312 3538 quo
1350 3469 1581 3533 diaconi,
1646 3468 1700 3521 in
1761 3467 1963 3522 sanctis

397 3560 670 3631 mysteriis
697 3575 891 3613 munus
915 3574 1070 3613 suum
1096 3560 1319 3623 obeunt,
1354 3558 1710 3612 humilitatem
1773 3556 1957 3611 Domi-

394 3654 475 3715 ni,
507 3652 597 3721 qui
625 3649 1013 3720 discipulorum
1046 3650 1210 3718 pedes
1238 3649 1391 3712 lavit,
1435 3657 1490 3704 et
1515 3648 1742 3703 extersit
1766 3647 1833 3715 ⁶⁹,
1862 3663 1961 3702 ηο-

396 3744 481 3797 bis
506 3742 559 3796 in
598 3742 914 3795 memoriam
949 3740 1162 3809 redigit.
1190 3740 1246 3793 Id
1281 3749 1461 3794 autem
1481 3740 1791 3807 amiculum,
1821 3740 1963 3809 quod

398 3833 652 3887 sacerdos
692 3831 933 3885 humeris
963 3838 1158 3901 gestat,
1210 3838 1371 3900 atque
1421 3846 1488 3885 ex
1549 3830 1694 3895 lana,
1751 3845 1856 3883 non
1893 3844 1963 3882 ex

395 3922 506 3977 lino
533 3930 852 3976 contextum.
873 3929 979 3983 est,
1007 3922 1123 3976 ovis
1151 3922 1314 3986 illius,
1340 3936 1502 3990 quam
1536 3919 1793 3975 Dominus
1816 3919 1965 3974 aber-

398 4022 607 4067 rantem
632 4012 881 4079 quaesivit
940 4012 1320 4082 inventamque
1364 4012 1604 4067 lmmeris
1643 4011 1757 4065 suis
1784 4018 1964 4065 sustu-

406 4103 470 4156 lit
496 4104 567 4167 "°,
618 4102 808 4171 pellem
840 4102 1109 4166 designat.
1149 4102 1447 4173 Episcopus
1479 4102 1644 4166 enim,
1684 4100 1776 4170 qui
1804 4100 1963 4154 Chri-

401 4195 472 4249 sti
521 4203 702 4263 typum
758 4194 916 4262 gerit,
976 4193 1141 4261 ipsius
1204 4209 1425 4248 munere
1490 4192 1754 4263 fungitur,
1803 4200 1966 4259 atque

400 4284 521 4352 ipso
547 4283 708 4336 etiam
742 4283 927 4337 habitu
961 4282 1088 4337 illud
1128 4285 1376 4338 omnibus
1420 4284 1674 4347 ostendit,
1717 4296 1777 4336 se
1837 4280 1962 4336 boni

402 4373 544 4428 illius
570 4387 633 4426 ac
656 4373 831 4442 magni
855 4373 1084 4442 pastoris
1128 4374 1454 4429 imitatorem
1484 4388 1622 4439 esse,
1652 4372 1743 4442 qui
1789 4372 1967 4443 gregis

403 4462 749 4518 inﬁrmitates
772 4464 871 4517 sibi
905 4463 1155 4519 ferendas
1186 4464 1500 4535 proposuit.
1558 4465 1637 4518 Ac
1683 4463 1967 4532 diligenter

402 4553 644 4607 animum
670 4554 908 4607 attende.
936 4554 1069 4609 Nam
1103 4570 1223 4608 cum
1255 4555 1371 4624 ipse
1426 4570 1589 4610 verus
1629 4563 1820 4623 pastor
1871 4568 1969 4624 per

402 4646 805 4700 adorandorum
877 4646 1291 4716 Evangeliorum
1351 4646 1684 4717 apertionem
1735 4645 1966 4712 accedit,

399 4734 508 4805 42
540 4744 648 4789 tum
679 4735 893 4791 demum
936 4738 1219 4806 episcopus
1283 4736 1537 4806 assurgit,
1596 4746 1756 4805 atque
1790 4734 1970 4789 imita-

2556 1074 2724 1129 PAA'.
2747 1104 2817 1115 -
2850 1075 3123 1144 ΖΩΣΙΜῼ.

2545 1166 2685 1234 Περὶ
2729 1166 3130 1235 ἀναλγησίας.

2116 1276 2180 1330 El
2205 1274 2453 1346 βασιλεία
2482 1290 2541 1326 σε
2573 1274 2635 1326 οὐ
2666 1273 3057 1344 προτρέπεται,
3078 1273 3199 1327 οὐδὲ
3229 1273 3423 1342 γέεννα
3458 1273 3630 1329 πάλιν

2046 1368 2361 1430 δεδίττεται,
2403 1365 2740 1434 λανθάνομεν
2790 1364 3067 1434 ἀτιθάσσῳ
3095 1364 3269 1435 θηρίῳ
3307 1364 3627 1434 ἐπᾴδοντες,

2047 1459 2104 1511 ἐν
2135 1457 2453 1529 ἀνθρωπεία
2502 1458 2718 1530 μορφῇ,
2771 1454 2992 1527 πονηρῷ
3030 1454 3242 1525 δαίμονι
3292 1453 3476 1531 [πρὸς]
3526 1472 3632 1513 πα.

2046 1549 2291 1613 λαίοντες
2325 1549 2459 1619 (29).

2450 1658 2618 1715 PAE'.
2649 1692 2719 1704 _
2746 1660 2837 1729 To
2862 1658 3046 1728 ΑΥΤῼ
3084 1636 3217 1727 (50).

2704 1752 2969 1820 Ὅμοιον.

2124 1872 2186 1924 Ei
2207 1871 2300 1923 καὶ
2320 1871 2418 1940 τὴν
2437 1869 2588 1938 ἰσχὺν
2608 1865 2703 1920 τοῦ
2730 1867 3009 1933 σώματος,
3031 1866 3128 1920 καὶ
3152 1864 3253 1936 τὴν
3271 1865 3441 1920 αὑτοῦ
3465 1865 3631 1920 πνεύὸ

2056 1980 2225 2034 ματος
2251 1962 2504 2033 καθαιρεῖ
2533 1960 2627 2014 καὶ
2661 1960 2973 2029 ἀφαιρεῖται
3007 1960 3045 2027 ἡ
3072 1957 3329 2026 λαγνεία,
3350 1958 3447 2012 καὶ
3472 1958 3633 2028 εὐχε-

2055 2055 2123 2127 ρῆ
2154 2054 2297 2106 ποιεῖ
2343 2052 2479 2122 πρὸς
2515 2050 2833 2120 ἐμπαιγμὸν
2875 2050 2971 2102 καὶ
3008 2049 3227 2117 γέλωτα
3268 2050 3363 2104 τὸν
3406 2051 3630 2115 ἁλόντα,

2054 2141 2237 2206 καθὼς
2259 2142 2499 2195 διδάσκει
2516 2139 2756 2209 Σαμψὼν
2776 2139 3234 2209 ἐκτυφλούμενος,
3251 2139 3306 2193 τί
3327 2142 3632 2197 ὲπισπᾶσαι

2054 2232 2430 2304 αἰχμαλωσίαν
2456 2231 2799 2301 αὐθαίρετον,
2823 2230 2917 2285 καὶ
2939 2232 2999 2284 οὑ
3022 2230 3311 2301 φυλάττεις
3340 2232 3442 2300 τὴν
3470 2249 3636 2300 φυσι-

2056 2326 2163 2397 κὴν
2199 2324 2389 2396 ῥώμην
2437 2322 2737 2393 ἀλώὸητον,
2780 2322 2896 2376 ἀλλ’
2939 2322 3097 2394 ἔργον
3133 2322 3319 2377 παθῶν
3366 2324 3636 2389 ἑκουσίως

2056 2418 2358 2487 γινόμενος,
2384 2416 2477 2473 καὶ
2499 2414 2590 2468 τὸν
2613 2415 2744 2469 Θεὸν
2767 2415 2961 2478 λυπεῖς
2980 2414 3298 2485 οὐκνὲχοντα
3326 2414 3507 2469 κλῖναι
3534 2415 3634 2485 τὴν

2058 2508 2298 2577 κεφαλὴν
2325 2508 2383 2560 ὲν
2411 2505 2487 2576 τῷ
2518 2506 2617 2577 βίῳ
2650 2523 2769 2568 σου,
2802 2507 2897 2559 καὶ
2926 2506 3057 2576 ἡμῖν
3101 2502 3357 2576 πολεμεῖς
3405 2503 3638 2575 εὐχομέ-

2057 2617 2168 2661 νοις
2198 2599 2434 2669 σωθῆναί
2463 2615 2543 2659 σε,
2562 2596 2659 2651 καὶ
2684 2596 2879 2650 σαυτὸν
2901 2596 3132 2658 ἀδικεῖς,
3148 2594 3215 2652 τὰ
3237 2593 3463 2666 ῥώσεως,
3484 2610 3655 2664 παρ-ν

2060 2687 2211 2741 αιτού
2218 2704 2381 2758 μενος
2412 2686 2682 2757 φάρμακα
2706 2704 2721 2753 ;

2372 2887 2557 2953 ΡΑςῖι.
2609 2914 2680 2927 --
2716 2884 2993 2955 senum,
3021 2882 3319 2939 KOMBTI.

1987 2999 2030 3057 C
2062 2999 2203 3068 Περὶ
2236 2999 2458 3065 τάξεως
2492 2999 2853 3062 ἐπισκόπου,
2890 2997 2988 3053 καὶ
3024 3000 3189 3063 τινος
3220 2997 3423 3051 τύπον
3442 2994 3630 3065 φέρει.

2132 3111 2294 3164 Ὅσον
2317 3111 2477 3171 αὐτὸς
2497 3110 2773 3178 ἄπληστος
2801 3104 2853 3159 εἴ
2874 3107 3011 3178 πρὸς
3039 3106 3138 3176 τὴν
3162 3106 3420 3177 μάθησιν,
3442 3104 3637 3158 τοσοῦ-

2059 3219 2151 3255 τον
2185 3200 2297 3269 ἐγὼ
2330 3201 2610 3271 πρόθυμος
2642 3200 2776 3270 πρὸς
2803 3199 2904 3268 τὴν
2936 3198 3187 3269 δήλωσιν,
3227 3198 3390 3267 μόνον
3426 3198 3475 3249 εί
3504 3196 3640 3260 Θεὸς

2060 3290 2135 3361 δῷ
2162 3293 2281 3353 ταῖς
2312 3292 2497 3359 εὐχαῖς
2524 3307 2618 3341 σου
2657 3290 2754 3359 τὴν
2786 3288 3002 3359 εὕρεσιν
3032 3288 3234 3341 ἄνωθεν
3263 3289 3375 3356 (51)
3398 3304 3412 3318 ·
3451 3289 3489 3357 ἠ
3511 3287 3641 3343 ὀθόε

2062 3396 2149 3449 νη,
2181 3378 2299 3448 μεθ’
2329 3373 2396 3448 ἧς
2425 3375 2828 3446 λειτουργοῦσιν
2862 3377 2920 3428 ὲν
2952 3377 3064 3437 τοῖς
3102 3374 3279 3441 ἁγίοις
3302 3373 3352 3426 οἱ
3374 3372 3639 3439 διάκονοι,

2062 3469 2161 3540 τὴν
2190 3468 2282 3522 τοῦ
2311 3468 2517 3539 Κυρίου
2548 3467 2956 3537 ἀναμιμνήσκει
2988 3465 3340 3530 ταπείνωσιν,
3376 3464 3641 3534 νίψαντος

2060 3562 2187 3624 τοὺς
2210 3562 2375 3624 πόδας
2403 3560 2511 3613 τῶν
2542 3559 2818 3631 μαθητῶν,
2851 3557 2947 3612 καὶ
2979 3557 3336 3626 ὲκμάξαντος.
3369 3555 3443 3609 Τὸ
3467 3556 3525 3609 δὲ
3543 3555 3647 3609 τοῦ

2063 3652 2366 3706 ἐπισκόπου
2398 3651 2709 3721 ὠμοφόριον
2741 3649 2801 3714 ἐξ
2821 3649 2980 3719 ἐρέας
3008 3647 3091 3711 ὃν,
3116 3646 3234 3701 ἀλλ’
3255 3648 3315 3699 οὐ
3344 3647 3514 3712 λίνου,
3541 3647 3667 3718 τὴν,

2061 3742 2155 3796 τοῦ
2189 3743 2462 3813 προϐάτου
2485 3740 2648 3812 δορὰν
2680 3741 2955 3810 σημαίνει,
2982 3741 3120 3809 ὅπερ
3163 3738 3435 3809 πλανηθὲν
3467 3738 3643 3810 ζητή-

2066 3852 2163 3897 σας
2201 3834 2481 3904 ὁ’Κύριος,
2527 3833 2622 3884 ἐπὶ
2668 3832 2777 3885 τῶν
2818 3830 3035 3884 οἰκείων
3064 3829 3232 3900 ὤμων
3258 3830 3541 3884 ἀνέλαϐεν.
3576 3830 3641 3884 ’0

2063 3925 2173 3996 γὰρ
2197 3925 2494 3987 ἐπίσκοπος
2522 3924 2602 3986 εἰς
2624 3922 2793 3976 τύπον
2820 3921 2895 3975 ὢν
2939 3921 3034 3975 τοῦ
3069 3920 3307 3991 Χριστοῦ
3329 3960 3345 3985 ,
3384 3921 3446 3974 τὸ
3477 3920 3644 3992 ἔργον

2066 4016 2273 4070 ἐκείνου
2304 4015 2523 4084 πληροῖ,
2541 4014 2635 4067 καὶ
2656 4014 2896 4067 δείκνυσι
2928 4014 3064 4065 πᾶσι
3095 4012 3184 4066 διά
3213 4011 3309 4065 τοῦ
3336 4013 3663 4083 σχήματος,

2066 4110 2147 4161 ὅτι
2180 4107 2425 4178 μιμητής
2455 4106 2572 4159 ἐστι
2600 4103 2697 4157 τοῦ
2722 4101 2929 4172 ἀγαθοῦ
2964 4103 3057 4156 καὶ
3093 4102 3327 4173 μεγάλου
3358 4102 3643 4171 ποιμένος,

2066 4198 2095 4249 ὁ
2122 4196 2220 4257 τὰς
2249 4194 2533 4256 ἀσθενείας
2557 4193 2741 4263 φέρειν
2766 4192 2860 4245 τοῦ
2883 4190 3141 4260 ποιμνίου
3172 4189 3642 4260 προϐεϐλημένος

2069 4286 2166 4339 καὶ
2196 4285 2433 4356 πρόσχες
2473 4283 2738 4352 ἀκριϐῶς.
2783 4282 2976 4336 Ἥνίκα
3008 4280 3119 4351 γὰρ
3144 4282 3309 4345 αὐτὸς
3336 4282 3364 4334 ὀ
3389 4279 3646 4350 ἀληθινὸς

2072 4373 2275 4443 ποιμὴν
2311 4370 2687 4442 παραγένηται
2727 4371 2815 4423 διὰ
2846 4374 2945 4442 τῆς
2989 4368 3099 4423 τῶν
3140 4367 3493 4435 Εὐαγγελίων
3535 4367 3647 4419 τῶν

2072 4463 2465 4535 προσκυνητῶν
2492 4461 2865 4528 ἀναπτύξεως,
2890 4462 2984 4515 xad.
3005 4460 3362 4513 ὑπανίσταται
3386 4458 3481 4511 καὶ
3510 4458 3645 4510 ἀποο

2070 4554 2275 4607 τίθεται
2303 4552 2364 4605 τὸ
2396 4554 2582 4622 σχῆμα
2609 4553 2708 4623 τῆς
2743 4553 3029 4623 μιμήσεως
3061 4552 3088 4603 ὁ
3126 4549 3448 4610 ἐπίσκοπος,
3480 4546 3648 4601 αὐτὸν

2071 4644 2245 4714 δηλῶν
2297 4645 2555 4713 παρεῖναι
2595 4643 2686 4695 τὸν
2729 4642 2970 4714 Κύριον,
3006 4642 3097 4695 τὸν
3141 4641 3239 4711 τῆς
3280 4637 3648 4710 ποιμαντικῆς

2074 4735 2338 4805 ἡγεμόνα,
2373 4734 2466 4787 καὶ
2498 4733 2629 4786 Θεὸν
2653 4735 2746 4786 καὶ
2773 4733 3060 4805 δεσπότην.

403 4825 572 4880 tionis
601 4824 843 4879 habitam
881 4826 1103 4895 deponit
1139 4844 1152 4881 :
1183 4827 1306 4881 hinc
1353 4824 1610 4880 nimirum
1669 4823 1953 4879 Dominum
2013 4822 2209 4894 ipsum,
2256 4822 2541 4893 pastoralis
2582 4824 2717 4879 artis
2775 4824 3002 4891 ducem,
3033 4836 3097 4879 ac
3142 4822 3309 4877 Deum
3356 4827 3416 4876 et
3452 4819 3646 4875 herum

408 4914 599 4969 adesse
623 4914 956 4985 signiﬁcans.

472 5073 519 5104 '7
548 5072 565 5125 Ι
600 5072 730 5143 Reg.
764 5089 875 5140 xvr,
906 5073 994 5128 ll.
1071 5072 1118 5105 ⁸⁸
1153 5071 1327 5129 Judic.
1367 5087 1476 5137 xvi,
1510 5072 1597 5127 l7.

1698 5073 1742 5104 ⁸⁸
1773 5070 1928 5127 Joan.
1960 5088 2078 5138 XIII,
2110 5073 2194 5127 15.
2270 5072 2315 5103 ⁷⁸
2345 5070 2475 5125 Luc.
2507 5087 2595 5136 xv,
2628 5070 2715 5123 l4.

1524 5224 1756 5281 VABIAS
1784 5224 2177 5285 LECTIONES.
2203 5224 2291 5281 ET
2323 5223 2557 5279 NOTAE.

476 5379 588 5449 (29)
609 5378 778 5433 Codd.
806 5375 930 5449 vat.
954 5378 1055 5449 ειν
1071 5388 1124 5449 et
1138 5379 1269 5443 Alt.,
1291 5379 1739 5449 προσπταίοντες.
1757 5378 1967 5435 Possm.

480 5447 594 5519 (30')
630 5447 1130 5519 Hasc_epistola__in
1177 5447 1348 5501 codd.
1372 5448 1493 5519 Vat.
1535 5449 1720 5519 ϐάθει
1747 5449 1853 5519 Alt.
1885 5449 1971 5506 in-

402 5513 684 5595 scribitur,
720 5513 968 5595 Μόιριέυνιἲ
1000 5513 1163 5595 lidem_
1185 5518 1397 5595 vers._l
1450 5526 1570 5595 post
1616 5517 1715 5595 τῂν
1766 5518 1964 5572 addunt

407 5585 648 5654 ἀνδρίαν,
688 5597 744 5640 et
783 5583 996 5647 tollunt.
1027 5583 1165 5651 quod
1200 5583 1468 5654 sequitur,
1512 5583 1701 5649 αὐτοῦ,
1753 5595 1963 5640 retenta

412 5653 601 5711 ultima
633 5654 859 5722 syllaba,
887 5662 1162 5720 totumque
1195 5653 1371 5709 locum
1394 5655 1472 5710 sic
1498 5655 1775 5712 emendate
1804 5654 1961 5711 exhi-

2072 5379 2202 5433 bent
2239 5395 2253 5433 :
2285 5378 2383 5448 τὴν
2412 5376 2632 5448 ἀνδρίαν
2664 5372 2758 5427 τοῦ
2785 5371 3116 5448 πνεύματος.
3156 5372 3310 5427 Vera.
3350 5386 3480 5442 pen.
3513 5370 3656 5427 inm

2073 5449 2142 5503 τὰ
2171 5459 2226 5503 et
2261 5442 2483 5519 ῥώσεως
2512 5442 2778 5500 inserunt
2798 5442 2918 5511 τῆς.
2948 5443 3163 5519 Possm.

2141 5508 2272 5586 (5|).
2291 5508 2529 5586 ’Δνωθεν
2578 5530 2683 5586 non
2709 5508 2988 5586 comparet
3016 5513 3068 5586 in
3303 5508 3572 5586 ,νει-βω
3601 5515 3656 5561 et

2066 5577 2175 5643 Alt.
2211 5577 2361 5642 Vers.
2394 5585 2424 5636 7
2449 5600 2547 5655 pro
2572 5582 2730 5654 ἐρέας
2758 5577 2880 5639 cod.
2914 5581 3021 5640 Alt.
3048 5583 3208 5637 habet
3228 5579 3403 5652 ἐρίου.
3434 5577 3658 5638 Possm.
