3944 6138
373 220 478 283 2τῦ

1568 225 1628 283 S.
1662 223 1953 295 ISIDORI
1985 223 2421 285 PELUSIOTE

3514 224 3623 288 276

382 326 489 398 43
520 326 866 397 suscepisset.
906 326 1038 383 lluic
1072 326 1236 397 igitur
1265 342 1453 383 eorum
1488 329 1827 400 ignorantiae,
1862 332 1940 386 vel

2052 331 2265 403 θρωπος
2296 332 2389 385 καὶ
2414 332 2521 386 τῶν
2547 333 2878 405 ἀπορρήτων
2898 332 3214 398 διδάσκαλος
3234 331 3624 405 διορθούμνὸς

374 418 551 486 potius
574 419 848 487 amentiae,
871 418 1083 473 divinus
1115 418 1196 473 vir
1220 429 1382 489 atque
1409 435 1731 475 arcanarum
1762 437 1939 475 rerum

374 509 565 565 duntur
648 508 967 564 medicinam
1022 506 1277 576 aﬂ‘erens,
1338 510 1420 564 his
1479 511 1656 565 verbis
1719 512 1935 566 utitur:

379 618 397 651 ι
431 600 545 657 Hoc
594 602 793 657 sentite
841 602 893 656 iu
948 603 1120 667 vobis,
1169 603 1308 673 quod
1345 604 1479 658 etin
1514 603 1732 659 Christo
1773 604 1927 671 Jesu,

375 693 486 758 qui,
528 708 649 747 cum
674 694 726 747 in
752 693 927 748 forma
971 693 1065 748 Dei
1115 705 1280 761 esset,
1334 708 1440 750 non
1498 695 1738 765 rapinam
1795 696 1940 750 arbi-

375 794 546 839 tratus
578 795 660 840 cst
686 800 809 842 esse
841 801 899 843 se
930 788 1187 856 aequalem
1226 786 1355 850 Deo,
1405 788 1497 842 sed
1522 786 1828 841 exinanivit
1851 799 1937 839 se-

375 875 679 943 metipsum,
730 878 957 934 formam
994 879 1132 933 servi
1171 877 1442 946 accipiens
1463 878 1531 932 ⁷³.
1564 895 1583 929 ι
1625 876 1776 944 Quod
1810 892 1937 948 per-

375 965 498 1018 inde
542 976 625 1021 est
669 982 735 1023 ac
771 968 814 1022 si
838 968 1081 1024 diceret:
1117 969 1379 1023 Deitatem
1402 984 1466 1023 ac
1506 983 1727 1039 regnum
1756 968 1929 1023 haud-

371 1072 643 1127 quaquam
674 1075 771 1128 per
797 1061 903 1115 vim
938 1061 1161 1130 eripuit,
1197 1076 1385 1115 verum
1418 1070 1540 1115 ante
1594 1060 1790 1115 saecula
1853 1060 1939 1115 in-

374 1156 557 1201 natum
588 1148 795 1205 habuit.
829 1149 1015 1220 Neque
1058 1152 1187 1205 item
1238 1161 1297 1204 ut
1348 1151 1399 1205 id
1453 1151 1552 1205 sibi
1615 1151 1937 1221 eriperetur,

374 1238 652 1295 subtimuit
682 1279 698 1306 ,
763 1256 947 1296 verum
1000 1257 1122 1296 cum
1179 1252 1232 1296 et
1280 1241 1605 1308 caelestium,
1657 1252 1714 1298 et
1766 1251 1937 1297 terre-

374 1330 586 1396 strium,
617 1341 671 1385 et
716 1332 1049 1389 infernorum
1104 1333 1360 1387 Dominus
1403 1342 1547 1387 esset
1574 1334 1640 1400 ⁷⁸,
1689 1348 1787 1387 nec
1836 1347 1931 1387 su-

374 1435 499 1488 pera
542 1422 781 1493 reliquit,
830 1434 883 1479 et
930 1424 996 1479 ad
1029 1439 1129 1479 nos
1163 1425 1393 1480 accessit
1434 1442 1449 1479 :
1510 1425 1619 1479 imo
1661 1424 1824 1479 etiam
1870 1422 1937 1476 ad

376 1511 577 1568 inferos
609 1529 780 1583 usque
821 1514 1093 1585 profectus
1113 1523 1218 1581 est,
1249 1524 1307 1567 ut
1352 1529 1449 1584 per
1497 1514 1677 1569 omnia
1716 1528 1934 1584 grassa-

2049 440 2179 495 φησι
2201 439 2214 453 ο
2253 442 2271 475 ι
2295 423 2464 476 Τοῦτο
2497 423 2778 493 φρονεῖσθε
2815 424 2873 478 ἐν
2906 424 3059 494 ὑμῖν,
3094 424 3122 478 ὅ
3155 425 3250 478 καὶ⁵
3296 426 3358 478 ὲν
3396 423 3624 495 Χριστῷ

2061 512 2253 583 Ἰησοῦ,
2284 512 2342 577 ὃς
2377 514 2436 565 ὲν
2472 516 2653 585 μορφῇ
2695 513 2831 567 Θεοῦ
2876 514 3157 585 ὑπάρχων,
3194 514 3293 585 οὐχ
3323 513 3625 587 ἁρπαγμὸν

2044 604 2286 675 ἡγήσατο
2306 604 2366 656 τὸ
2398 598 2536 658 εἶναι
2562 603 2651 657 ῐσα
2673 603 2812 675 Θεῷ,
2843 604 2959 658 ἀλλ’
2990 605 3184 661 ἑαυτὸν
3217 606 3450 658 ὲκένωσε
3485 587 3624 676 μορ..

2049 696 2157 766 φῆν
2188 695 2375 749 δούλου
2404 695 2604 760 λαϐὼν,
2632 715 2650 749 ι
2686 696 2986 764 τουτέστιν,
3014 697 3085 768 ἢν
3112 698 3331 768 ἥρπασε
3352 685 3620 768 Θεότητα,

2046 785 2140 839 καὶ
2168 784 2462 855 βασιλείαν,
2490 785 2605 839 ἀλλ’
2639 784 2881 855 ἔμφυτον
2923 785 3050 856 ἔσχε
3088 787 3195 858 πρὸ
3237 787 3347 840 τῶν
3378 785 3618 853 αἰώνων,

2043 876 2165 930 οὐδὲ
2184 876 2548 948 ἀφαιρεθῆναι
2571 878 2865 944 ὑπέλαϐεν,
2886 860 3023 939 ἀλλά
3043 878 3317 948 Δεσπότης
3333 879 3617 950 ὑπάρχων,

2044 966 2264 1019 καὶτῶν
2293 968 2649 1038 ἐπουρανίων,
2668 968 2887 1022 καὶτῶν
2916 970 3172 1037 ἐπιγείων
3195 971 3289 1022 καὶ
3319 972 3428 1023 τῶν
3457 987 3623 1023 κατα-

2043 1056 2288 1127 χθονίων,
2334 1057 2455 1110 οὑδὲ
2485 1057 2551 1111 τὰ
2575 1058 2686 1112 άνω
2716 1057 2997 1123 κατέλιπε,
3026 1060 3119 1113 καὶ
3145 1060 3283 1130 πρὸς
3298 1061 3332 1131 ἡ
3342 1062 3450 1130 μᾶς
3477 1044 3627 1131 παρςιΔ

2044 1148 2288 1216 εγένετο·
2330 1148 2411 1201 ἔτι
2438 1148 2533 1202 καὶ
2557 1148 2636 1219 τῷ
2671 1149 2787 1221 ᾄδει
2820 1150 3203 1221 ὲπιφοιτήσας,
3248 1150 3337 1204 ἵνα
3368 1150 3458 1203 διὰ
3485 1150 3623 1203 πάνς

2040 1257 2148 1293 των
2170 1240 2478 1311 γενόμενος,
2513 1241 2777 1295 πάντοθεν
2804 1241 2871 1295 τὰ
2894 1241 3073 1307 πάντα
3097 1239 3445 1311 ἀνασώζηται
3466 1258 3483 1274 ο
3521 1242 3619 1299 ἐπὶ

2038 1333 2143 1402 γῆς
2184 1332 2303 1401 μὲν,
2332 1333 2457 1394 τοὺς
2493 1332 2700 1397 ζῶντας
2722 1332 2817 1386 καὶ
2842 1332 3174 1403 ζησομένους
3199 1332 3617 1403 ἀνανεούμενος*

2041 1420 2146 1474 ὑπὸ
2165 1422 2268 1491 γῆν
2291 1421 2347 1473 δὲ
2383 1422 2510 1485 τοὺς
2547 1423 2953 1494 κρατουμένους
2983 1423 3083 1489 τῆς
3110 1422 3206 1476 τοῦ
3236 1423 3471 1478 θανάτου
3519 1440 3614 1490 tuo

2041 1512 2286 1583 ραννίδος
2314 1512 2735 1585 ἀφαιρούμενος.

376 1612 482 1669 tus,
514 1607 749 1675 undique
778 1609 957 1662 omnia
993 1607 1045 1661 in
1078 1607 1305 1664 salutem
1349 1616 1662 1662 assereret:
1707 1606 1760 1661 in
1829 1616 1973 1660 terra
2047 1604 2301 1661 nimirum
2325 1620 2443 1672 eos,
2491 1605 2585 1674 qui
2642 1606 2850 1672 vivunt,
2891 1620 2957 1662 ac
2985 1604 3203 1671 ,victuri
3258 1614 3405 1670 sunt,
3453 1619 3620 1662 rene?

376 1711 508 1752 vans
535 1716 552 1754 :
583 1698 721 1753 infra
748 1707 946 1754 terram
983 1708 1181 1766 autem,
1217 1715 1328 1763 eos,
1358 1700 1447 1768 qui
1487 1699 1598 1754 illic
1628 1696 1950 1753 tenebantur
1979 1697 2048 1761 ",
2076 1714 2102 1751 a
2136 1698 2327 1753 mortis
2357 1697 2644 1769 tyrannide
2674 1697 3017 1752 abstraliens.

884 1811 1035 1867 CXL.
1066 1842 1135 1852 —
1164 1810 1441 1868 ΖΟΖΙΜΟ.

444 1900 526 1954 Ad
551 1899 822 1961 Zosimum
851 1917 1044 1964 senem,
1071 1912 1117 1954 et
1144 1901 1214 1969 .in
1254 1900 1408 1954 malis
1437 1910 1870 1970 perseverantem.

455 2076 684 2137 Humilis
728 2086 782 2133 et
829 2076 1033 2148 abjccte
1062 2076 1293 2142 Zosime,
1339 2077 1473 2132 hora
1516 2087 1757 2132 extrema
1808 2084 1891 2137 est
1927 2095 1941 2131 :

376 2170 501 2238 quid
530 2177 588 2233 ut
622 2169 673 2233 in
720 2169 840 2231 vitae
867 2168 1187 2238 {primordiis
1224 2168 1433 2239 ignavia
1482 2167 1698 2238 torpes?
1757 2167 1945 2227 blessis

378 2260 473 2329 tibi
500 2260 735 2324 advenit,
760 2258 879 2314 alba
906 2268 988 2323 est
1022 2259 1171 2329 regio
1209 2260 1276 2323 ad
1300 2257 1628 2317 excisionem
1652 2258 1698 2290 ⁷⁸
1731 2275 1745 2312 :
1778 2259 1928 2328 quid,

380 2361 633 2421 tanquam
672 2350 849 2427 adhuc
909 2349 963 2406 in
1007 2337 1250 2405 semente
1294 2351 1393 2413 sis,
1437 2350 1642 2406 incuria
1690 2349 1945 2408 laboras?

379 2441 580 2510 Capitis
613 2440 686 2505 tui
713 2439 805 2511 pni
835 2440 996 2494 linem
1015 2447 1163 2494 tuum
1196 2450 1245 2494 te
1266 2441 1517 2494 doceant.
1539 2437 1676 2504 Quid
1695 2446 1780 2493 est
1800 2437 1942 2507 quod

380 2532 692 2598 diuturnum
712 2537 926 2600 tempus
959 2536 1009 2585 te
1044 2527 1203 2583 ﬁnem
1222 2537 1370 2583 tuum
1395 2525 1701 2598 perspicere
1722 2528 1941 2582 minime

380 2623 601 2678 docuit?
627 2622 800 2691 Iudex
833 2637 957 2676 cum
994 2629 1205 2675 terrore
1232 2620 1473 2684 accedit;
1527 2618 1655 2689 quid
1685 2626 1741 2672 tu
1770 2632 1940 2689 opera

382 2723 467 2770 tua
498 2712 563 2765 ad
598 2711 968 2777 collectionem
1003 2723 1108 2773 non
1140 2708 1451 2780 prteparas?
1485 2707 1732 2785 crapula:
1766 2706 1944 2762 indul-

340 2806 343 2807 ⁷
379 2817 506 2871 gere
534 2802 758 2857 desine:
789 2800 1079 2872 aliquando
1121 2800 1310 2865 saltem
1347 2799 1626 2870 resipisce.
1673 2797 1753 2855 Ne
1803 2797 1944 2853 divi-

380 2910 504 2949 nam
553 2895 826 2950 lenitatem
880 2893 1111 2949 ludibrio
1157 2893 1357 2948 habeas
1388 2931 1405 2957 ,
1456 2906 1579 2957 cum
1641 2890 1945 2949 temulentis

379 2986 547 3039 edens
580 2999 643 3039 ac
673 2985 883 3039 bibens.
910 2982 1053 3039 Deus
1089 2983 1276 3039 venire
1301 2996 1409 3043 non
1450 2990 1716 3046 moratur,
1748 2990 1807 3037 ut
1828 2982 1945 3045 exi-

381 3075 609 3129 stimas:
646 3089 832 3131 verum
872 3084 981 3128 tum
1010 3073 1251 3138 accedet,
1300 3089 1424 3129 cum
1484 3082 1541 3131 tu
1579 3073 1940 3143 ignorabisii’.

2565 1787 2699 1843 PM'.
2732 1818 2803 1828 —
2825 1788 3095 1859 ΖΩΣΙΜῼ.

2046 1898 2202 1971 Πρὸς
2226 1897 2500 1970 Ζῴσιμον
2530 1896 3048 2037 τεγηιέῗόταέικαί
3089 1896 3214 1964 τοῖς
3253 1894 3461 1964 κακοῖς
3487 1896 3617 1953 ἐπι..

2803 1984 2906 2020 or:
2953 2006 2968 2021 .
3042 2006 3045 2009 η

2803 1983 2968 2021 οντα.
3042 2006 3045 2009 η

2115 2079 2351 2134 Ταπεινὲ
2388 2079 2624 2150 Ζώσιμε,
2659 2078 2863 2150 ἐσχάτη
2916 2078 3033 2150 ὥρα
3079 2079 3216 2135 ἔστί.
3242 2081 3310 2135 Τί
3338 2080 3417 2145 ώς
3441 2081 3619 2153 ἀρχὰς

2045 2171 2186 2243 ἔχων
2216 2170 2310 2225 τοῦ
2339 2170 2438 2243 ζῇν
2469 2171 2763 2243 ρᾳθυμεῖς;
2801 2171 2860 2224 '0
2884 2170 3143 2242 θερισμός
3165 2186 3249 2224 σοι
3278 2172 3613 2243 παρέστηκεν

2045 2263 2211 2334 λευκή
2243 2263 2390 2317 ἐστιν
2444 2263 2478 2332 ὴ
2518 2261 2671 2333 χώρα
2709 2261 2845 2332 πρὸς
2880 2262 3075 2332 τομήν.
3131 2261 3197 2314 Τί
3244 2260 3322 2326 ὡς
3358 2262 3469 2333 πρὸ
3520 2260 3615 2317 τοῦ

2047 2356 2267 2426 σπεῖραι
2304 2353 2441 2427 (35),
2464 2353 2724 2423 ἀμελεῖςς
2760 2352 2827 2407 Αἱ
2860 2351 3045 2425 τρίχες
3075 2369 3136 2407 σε
3175 2351 3238 2407 τδ
3275 2353 3430 2418 τέλος
3464 2353 3617 2409 διδαο

2048 2445 2325 2500 σκέτωσαν
2348 2461 2363 2476 ο
2392 2443 2459 2497 Τί
2486 2445 2515 2499 ὁ
2547 2443 2757 2515 μακρός
2789 2460 2850 2496 σε
2880 2443 3071 2514 χρόνος
3092 2442 3155 2496 τὸ
3187 2441 3361 2515 πέρας
3378 2444 3619 2515 ρυνορᾷν

2044 2537 2146 2596 οὐκ
2173 2535 2491 2595 ἐπαίδευσεν
2514 2552 2530 2602 ;
2568 2534 2628 2588 'O
2658 2532 2852 2605 κριτὴς
2873 2533 3111 2605 ἔμφοϐος
3138 2531 3499 2605 παραγίνεται
3517 2550 3533 2565 ·
3559 2532 3615 2588 τί

2045 2627 2145 2697 οὐχ
2195 2624 2506 2696 ἑτοιμάζεις
2559 2623 2630 2677 τά
2675 2622 2813 2695 ἔργα
2862 2638 2957 2675 σου
2998 2621 3135 2693 πρὸς
3179 2622 3280 2693 τὴν
3319 2620 3616 2688 σύστασινς

2046 2712 2261 2777 Παῦσαι
2304 2712 2659 2785 κραιπαλῶνο
2697 2711 2868 2782 νῆψον
2901 2709 3005 2765 κᾶν
3051 2708 3184 2779 (κρέ’
3228 2707 3306 2780 μὴ
3334 2707 3617 2777 καταγέλα

2045 2803 2146 2875 τῆς
2176 2802 2327 2867 θείας
2355 2802 2756 2874 μακροθυμίας,
2784 2801 2979 2861 ἐσθίων
3011 2800 3106 2856 καὶ
3143 2799 3313 2855 πίνων
3345 2798 3485 2870 μετὰ
3508 2797 3620 2856 τῶν

2051 2893 2377 2963 μεθυόντων.
2412 2894 2488 2949 Οὐ
2520 2892 2758 2965 χρονίζει
2779 2892 2951 2945 ἐλθεῖν
2984 2892 3014 2944 ὁ
3040 2890 3243 2961 Κύριός
3272 2906 3391 2954 σου,
3423 2888 3503 2952 ώς
3527 2905 3618 2943 νο-

2052 2983 2229 3054 μίζεις
2251 3000 2266 3015 ·
2290 2982 2427 3038 ἀλλά
2446 2984 2570 3038 τότε
2598 2982 2981 3054 παραγίνεται,
2998 2982 3087 3035 ὅτε
3121 2980 3187 3033 σὺ
3214 2980 3276 3033 οὐ
3305 2977 3618 3047 γινώσκεις.

2049 3076 2159 3129 Καὶ
2187 3076 2291 3147 χρή
2326 3092 2385 3129 σε
2416 3075 2600 3131 λοιπὸν
2638 3073 2945 3144 ἀνανῆψαι,
2985 3071 3092 3129 κᾶν
3135 3071 3329 3141 ἐκείνῳ
3361 3069 3441 3142 τῷ
3468 3068 3621 3157 φόϐῳ

379 3163 458 3218 Ac
505 3164 761 3233 deinceps
812 3162 923 3231 jam
974 3170 1028 3218 te
1075 3178 1144 3218 ex
1174 3163 1276 3217 hac
1319 3161 1634 3217 temulentia
1666 3176 1940 3234 emergere

2052 3168 2505 3240 σωφρονισθέντα.

390 3266 629 3327 oportet,
653 3257 843 3311 saltem
870 3262 1015 3308 metu
1046 3252 1346 3309 coercitum
1381 3260 1437 3307 et
1463 3251 1805 3321 castigatum.

802 3363 985 3422 CXLI.
999 3394 1072 3405 —
1100 3361 1526 3419 ADAMANTIO.

659 3457 743 3511 Ad
769 3455 803 3511 J
812 3457 1011 3521 udwos,
1039 3455 1102 3509 de
1117 3454 1296 3509 diuina
1310 3453 1663 3523 conceptione.

462 3570 557 3625 Dic
588 3568 654 3623 ad
680 3566 945 3634 Judaeum,
970 3567 1063 3637 qui
1088 3567 1154 3622 de
1177 3566 1355 3621 divina
1381 3565 1752 3621 incarnatione
1772 3575 1946 3622 tecum

383 3661 681 3726 altercatus
717 3669 819 3725 est,
854 3669 1124 3731 negatque
1153 3659 1270 3713 ﬁeri
1327 3672 1485 3730 posse
1515 3668 1575 3714 ut
1624 3667 1816 3714 natura
1849 3658 1949 3712 bu-

384 3768 545 3810 mana
583 3754 720 3807 citra
745 3751 1090 3822 complexum
1109 3764 1398 3806 venereum
1434 3763 1500 3805 ac
1526 3764 1709 3805 semen
1742 3751 1943 3820 pariat:

382 3844 524 3899 hand
554 3857 749 3898 novum
782 3856 847 3898 ac
874 3843 1071 3897 mirum
1108 3841 1283 3897 videri
1321 3841 1501 3907 debet,
1535 3841 1582 3896 si
1620 3855 1742 3897 cum
1770 3843 1948 3896 omni-

382 3932 484 3990 bus
503 3932 634 4004 legis
667 3932 939 4003 mysteriis
962 3947 1027 3987 ac
1057 3931 1398 4001 dogmatibus
1429 3930 1531 3986 boc
1553 3946 1768 4002 quoque
1794 3932 1947 4001 igno-

383 4038 495 4078 ras.
525 4022 658 4083 Nam
688 4024 780 4092 qui
809 4022 1039 4094 ipsamet
1064 4021 1197 4091 legis
1219 4020 1499 4091 praeludia,
1527 4036 1646 4091 quae
1667 4024 1945 4093 perspicua

384 4123 438 4167 et
468 4122 650 4182 aperta
678 4122 828 4178 sunt,
854 4113 1075 4171 minime
1097 4126 1423 4183 cognoscere
1443 4114 1685 4183 potuisti,
1708 4129 1944 4183 quonam

389 4214 549 4274 pacto
627 4204 681 4258 in
752 4204 989 4259 abditum
1065 4204 1232 4274 ipsius
1298 4204 1575 4273 penetrale
1635 4206 1947 4275 prospicere

386 4295 587 4365 queas?
619 4292 891 4365 Scriptum
919 4303 1003 4351 est
1050 4295 1193 4349 enim
1222 4313 1235 4349 :
1270 4311 1289 4346 ι
1338 4294 1569 4349 Immisit
1612 4295 1753 4350 Deus
1789 4310 1947 4364 sopoc

384 4401 501 4444 rem
535 4387 591 4440 in
619 4385 790 4440 Adam
823 4404 839 4441 :
875 4401 1107 4455 cumque
1154 4386 1552 4451 obdormisset,
1615 4386 1736 4442 tulit
1783 4404 1944 4443 unam

383 4476 452 4529 de
492 4476 658 4532 costis
683 4474 821 4542 ejus,
856 4483 911 4529 et
944 4473 1169 4544 replevit
1200 4489 1420 4530 carnem
1464 4488 1565 4545 pro
1595 4489 1682 4530 ea.
1716 4475 1782 4530 Et
1810 4476 1942 4531 aedi-

2467 3365 2650 3420 FMA’.
2676 3391 2747 3404 -
2768 3360 3189 3431 ΑΔΑΜΑΝΤΙῼ.

2090 3457 2240 3527 Ἶρός
2275 3456 2640 3521 Ἰουδαίουςο
2675 3454 2810 3524 περὶ
2846 3454 2958 3522 τῆς
2988 3453 3151 3517 θείας
3186 3448 3580 3519 συλλήψεως,

2118 3570 2255 3625 Εἰπὲ
2274 3569 2353 3642 τῷ
2388 3567 2626 3640 Ἰουδαίῳ
2648 3567 2725 3639 τῷ
2760 3566 2898 3639 πρὸς
2928 3565 2989 3620 σὲ
3013 3564 3337 3635 διενεχθέντι
3366 3564 3495 3635 περὶ
3517 3561 3622 3633 τῆς

2047 3661 2198 3726 θείας
2247 3660 2615 3732 σαρκώσεως,
2660 3660 2757 3713 καί⁵
2802 3658 3037 3726 λέγοντι,
3078 3642 3169 3724 δυ’
3191 3656 3450 3721 ἀδύνατόν
3500 3656 3618 3707 ἐστι

2049 3751 2209 3820 φύσει
2238 3749 2556 3821 ἀνθρωπεία
2588 3748 2713 3819 δίχα
2733 3746 3021 3809 συνουσίας
3053 3746 3150 3812 καὶ
3181 3743 3497 3814 σπέρματος
3528 3758 3617 3795 τε-

2047 3843 2199 3896 κεῖν·
2246 3842 2327 3895 δτι
2355 3842 2505 3895 οὐδὲν
2551 3839 2722 3907 ξένον,
2754 3840 2802 3891 εί
2850 3837 2943 3891 καὶ
2989 3834 3147 3889 τοῦτο
3181 3834 3415 3915 ἀγνοεῖς,
3478 3832 3619 3903 μετά

2048 3931 2224 4005 [τῶν]
2259 3932 2367 4004 ('56)
2418 3931 2638 3986 πάντων
2685 3929 2796 3983 τῶν
2835 3927 2931 3981 τοῦ
2960 3927 3126 3998 νόμου
3165 3925 3478 3996 μυστηρίων
3522 3923 3620 3978 καὶ

2044 4025 2349 4095 δογμάτων.
2417 4023 2475 4077 '0
2510 4021 2620 4093 γὰρ
2668 4019 2869 4083 εὐθέως
2905 4018 2974 4072 τὰ
3015 4018 3277 4089 προοίμια
3323 4016 3418 4069 τοῦ
3445 4016 3616 4085 νόμου

2046 4113 2382 4184 καταμαθεῖν
2407 4113 2481 4183 μὴ
2499 4110 2766 4181 δυνηθεὶς,
2793 4108 3022 4179 ὲπίδηλα
3041 4108 3172 4161 ὄντα
3194 4107 3287 4162 καὶ
3304 4105 3473 4175 σαφῆ,
3496 4104 3620 4169 πῶς

2044 4202 2271 4257 δύνασαι
2302 4203 2381 4265 εἰς
2408 4202 2499 4254 τὸν
2523 4200 2842 4271 ἀπόκρυφον
2870 4196 3036 4251 αὑτοῦ
3065 4198 3270 4261 διιδεῖν,
3296 4197 3329 4267 ἥ
3355 4195 3619 4265 διακύψαι

2047 4291 2205 4361 βυθόν
2219 4309 2235 4360 ;
2256 4291 2563 4363 Γέγραπται
2574 4288 2702 4361 γὰρ,
2716 4289 2798 4342 ὅτι
2817 4306 2835 4339 ι
2860 4286 3153 4342 Ἐπέσαλεν
3167 4289 3195 4340 ὁ
3209 4286 3343 4350 Θεὸς
3357 4286 3619 4341 ἔκστασιν

2045 4382 2138 4436 ἐπὶ
2168 4381 2259 4436 τὸν
2319 4382 2488 4452 ’Δδὰμ
2513 4422 2528 4450 ,
2562 4381 2656 4435 καὶ
2705 4379 2949 4445 ὕπνωσε,
3007 4380 3104 4433 καὶ
3129 4378 3287 4432 ἔλαϐε
3344 4378 3474 4447 μίαν
3505 4375 3619 4442 τῶν

2048 4472 2294 4542 πλευρῶν
2324 4471 2509 4536 αὐτοῦ,
2540 4472 2634 4525 καὶ
2654 4471 3005 4541 ἀνεπλήρωσε
3036 4470 3217 4541 σάρκα
3244 4470 3360 4523 ἀντ’
3400 4469 3573 4539 αὐτῆς
3597 4483 3615 4499 ·

392 4567 573 4621 ﬁcavit
626 4565 885 4621 Dominus
942 4566 1083 4621 Deus
1139 4574 1345 4619 costam
1402 4580 1564 4637 quam
1627 4565 1825 4621 tulerat
1875 4568 1940 4623 de

2052 4562 2142 4617 καὶ
2173 4561 2486 4633 ᾠκοδόμησε
2518 4562 2616 4633 τὴν
2645 4561 2885 4632 πλευράν
2906 4561 2972 4633 ἠν
2988 4560 3181 4615 ἔλαϐεν
3202 4559 3311 4613 ἀπὸ
3330 4558 3424 4612 τοῦ
3442 4559 3620 4628 Ἀδὰμ,

382 4657 552 4709 Adam
577 4655 646 4721 ⁸ο,
679 4673 698 4706 ι
733 4668 855 4707 cum
884 4653 1035 4723 prius
1064 4653 1236 4722 ipsum
1255 4653 1424 4708 Adam
1448 4662 1646 4709 eterra
1677 4662 1939 4711 creasset.

383 4745 462 4808 En
497 4746 662 4815 igitur
683 4745 765 4799 vir
803 4756 836 4799 ο
891 4752 1059 4809 terra,
1089 4752 1145 4799 et
1193 4743 1387 4800 mulier
1416 4759 1485 4800 ex
1516 4745 1633 4800 viro
1663 4762 1678 4799 :
1706 4755 1762 4801 et
1789 4754 1942 4800 uter-

382 4850 486 4903 que
531 4836 648 4891 sine
690 4834 999 4889 concubitu.
1046 4833 1310 4901 Quoniam
1370 4833 1534 4903 igitur
1581 4832 1694 4911 44
1749 4835 1945 4891 mulier

2048 4655 2130 4716 είς
2144 4655 2396 4722 γυναῖκα,
2410 4671 2428 4703 ι
2450 4652 2712 4724 πρότερον
2729 4652 2916 4716 κτίσας
2931 4652 3039 4705 ἀπὸ
3056 4650 3147 4705 τοῦ
3172 4652 3294 4721 χοὸς
3308 4651 3402 4704 τὸν
3416 4649 3618 4720 Ἀδάμ.τ

2060 4745 2191 4799 Ἰδοὺ
2220 4741 2312 4798 οὖν
2342 4747 2371 4798 ὁ
2400 4745 2541 4815 ἀνὴρ
2574 4745 2770 4814 ὲκ““τῆς
2809 4747 2913 4815 γῆς
2943 4744 3039 4797 καὶ
3066 4745 3100 4813 ἠ
3127 4743 3263 4813 γυνὴ
3296 4744 3361 4795 ὲκ
3398 4742 3494 4794 τοῦ
3523 4742 3624 4794 ἀν-

2045 4836 2191 4907 δρὸς,
2220 4836 2311 4890 καὶ
2337 4836 2635 4908 ἀμφότεροι
2661 4837 2761 4905 τῆς
2784 4837 3071 4898 συνουσίας
3107 4834 3302 4905 χωρίς.
3344 4833 3497 4886 Ἐπεὶ
3522 4828 3621 4897 οὖν

454 4973 498 5051 ".3
529 4972 843 5051 Philipp-1t.
875 4971 993 5051 5-7.
1069 4972 1117 5005 η
1150 4971 1283 5029 Ibid.
1324 4972 1411 5027 to.
1488 4972 1747 5029 "tem.
1796 4974 1940 5040 ιιι,ι‹

2056 4973 2102 5005 ’³
2130 4972 2284 5029 Joan.
2317 4990 2391 5040 tv,
2413 4974 2502 5030 36.
2577 4975 2624 5007 "
2657 4972 2701 5029 ll
2726 4973 2872 5032 Petr.
2892 4990 2973 5040 ιιι,
3005 4974 3101 5041 1ος
3122 4972 3311 5029 Ilattb.
3348 4986 3497 5036 ntv,
3523 4967 3616 5022 ιε.

387 5041 432 5073 ⁸⁸
459 5041 652 5119 Cenes.
672 5041 743 5108 ti,
770 5042 863 5123 21.

1469 5159 1704 5237 ῩᾼΒΙΕ
1738 5160 2124 5227 LECTIONES
2166 5160 2253 5217 ET
2300 5159 2535 5228 NOTAE,

453 5314 567 5436 (352
613 5311 746 5395 cod.
782 5311 962 5392 .Siort.
991 5313 1136 5394 legit,
1174 5316 1251 5381 ὡς
1276 5314 1412 5398 πρὸς
1456 5314 1514 5374 τὸ
1562 5316 1801 5393 σπεῖραι,
1846 5317 1941 5371 sed

456 5396 525 5436 Ita
571 5397 713 5436 ectto
748 5382 955 5435 Videtur
993 5384 1199 5436 melior.
1232 5394 1306 5436 ιιιι
1342 5394 1395 5436 et
1419 5401 1557 5436 vers.
1593 5385 1629 5436 2
1652 5386 1939 5436 nrazl‘erem

384 5388 525 5448 edita
549 5382 713 5439 lectio
748 5382 1199 5453 videtur_m_elior,
1232 5382 1395 5445 uti'et
1419 5401 1557 5453 vers.
1580 5385 1629 5437 ’2
1652 5382 1939 5453 ριἀὲίετεηο

2051 5316 2247 5386 habent
2268 5316 2543 5386 ὲμφόϐως.
2570 5314 2776 5370 Possm.

2118 5385 2230 5455 (36)
2274 5382 2397 5439 Deie
2437 5384 2546 5438 τῶν
2594 5393 2714 5455 post
2749 5382 2917 5455 tas-cdt.
2944 5398 3065 5440 nam
3102 5384 3393 5455 illndnon
3436 5399 3621 5455 agno-

387 5454 509 5517 dum
540 5464 623 5525 cst
652 5452 791 5525 quod
823 5451 895 5504 iu-
919 5449 1080 5525 editis
1124 5452 1343 5525 legitur
1373 5452 1636 5525 ῥᾳθυμεῖς
1653 5449 1768 5525 ⁷]Ηί
1795 5455 1939 5522 quod
2044 5449 2388 5525 scunt‘codd.
2408 5455 2527 5508 Vat.
2550 5449 2653 5508 649
2669 5449 2852 5525 et_Alt.
2880 5451 3030 5525 Vers.
3056 5454 3120 5507 t9
3138 5464 3193 5525 et
3212 5453 3283 5508 20
3306 5469 3404 5525 pro
3424 5449 3618 5521 ὥσπερ

386 5522 624 5592 Suggerit
661 5519 798 5575 idem
840 5521 969 5592 cod.
1006 5519 1178 5592 “Sion:

386 5589 475 5664 pst
496 5589 639 5679 quod
667 5606 803 5647 vers.
828 5591 860 5645 6
888 5604 981 5677 pro
1004 5589 1237 5659 ἔμφοϐος
1259 5589 1397 5647 Cod.
1423 5589 1540 5646 Vat.
1568 5592 1671 5647 619
1694 5603 1747 5648 et
1766 5590 1934 5648 Sl‘ort.

1213 5510 1489 5594 ῥᾳθύμως.
1506 5510 1791 5594 ἐιῇιίιιιιε
1812 5510 1939 5594 'vero

2052 5522 2159 5592 lege
2188 5525 2347 5594 ὅπερ,
2384 5532 2438 5578 et
2467 5532 2587 5594 post
2614 5523 2877 5594 γεγένητο
2916 5523 3052 5578 adde
3079 5522 3237 5576 τοῦτο
3270 5510 3383 5592 καὶ,
3432 5510 3619 5591 aucto:

2043 5594 2191 5648 ribus
2232 5592 2441 5648 iisdem.
2468 5592 2683 5649 Possm.
