3944 6138
306 232 409 295 277

1199 244 1729 307 EPISTOLAIIUM
1774 246 1919 307 LIB.
1972 245 2020 304 Ι.
2064 269 2132 278 -
2171 245 2408 304 EPIST.
2457 244 2716 305 CXLIII.

3423 236 3532 301 278

305 345 606 416 ἐπώφειλεν
644 348 676 417 ἡ
872 349 1031 420 χρέος
1062 350 1138 422 τῷ
1175 354 1351 425 ἀνδρὶ,
1386 356 1450 408 ὲκ
1486 356 1585 426 τῆς
1627 356 1868 424 πλευρᾶς

1967 354 2112 409 velut
2138 355 2319 410 debito
2343 356 2572 423 quodam
2608 353 2831 409 astricta
2860 359 2975 408 erat
3002 351 3141 417 viro,
3200 358 3258 401 ut
3304 365 3421 418 qua:
3455 367 3524 404 ex

302 436 463 490 αὐτοῦ
496 437 618 507 δίχα
648 440 856 508 σπορᾶς
880 440 1183 509 ὑποστᾶσα,
1210 444 1369 497 τοῦτο
1389 445 1613 499 ἀπέτισε
1646 446 1738 498 καὶ
1765 447 1868 516 μή·

300 544 403 595 τηρ
432 526 527 579 τοῦ
574 529 781 599 Κυρίου
807 570 821 593 ,
867 530 1029 583 αὑτὸν
1065 532 1186 605 δίχα
1232 534 1546 605 σπέρματος
1592 535 1867 590 ἀποδοῦσα

303 619 740 688 σεσαρκωμένον.
782 619 896 673 Οὐκ
945 621 1091 674 ἐστιν
1132 617 1224 676 οὖν
1264 627 1332 697 τῇ
1370 625 1529 694 φύσει
1568 626 1826 680 ἀδύνατον
1850 642 1866 660 ’

302 703 413 756 ἀλλ’
433 707 623 779 ὥσπερ
671 711 763 762 ἐπὶ
805 709 913 763 τῶν
954 713 1391 781 πρωτοπλάστων
1431 716 1530 787 ήδη
1583 717 1864 786 γεγένητο,

302 795 391 846 ἐπὶ
424 796 521 865 τῆς
552 800 887 871 Δεσποτικῆς
911 802 1221 869 οἰκονομίας
1258 804 1569 859 τετέλεστο⁹
1605 808 1653 858 εί
1679 806 1772 859 καί
1797 808 1866 861 τά

302 884 577 952 παράδοξα
600 887 678 956 τῷ
703 888 845 957 τόκῳ
872 888 1043 958 τούτῳ
1063 888 1322 957 ὠφείλετο
1341 908 1354 920 ·
1383 893 1720 961 ἀναγίνωσκε
1749 891 1862 963 οὖν,

302 972 382 1024 ἵνα
404 976 700 1050 γινώσκῃς.
728 980 790 1031 El
822 980 878 1033 δὲ
907 981 1194 1049 γινώσκειν
1231 985 1290 1036 οὐ
1327 983 1535 1053 βούλει,
1565 985 1640 1057 μὴ
1673 987 1865 1055 ἀναγί-

300 1081 472 1118 νωσκε
496 1106 510 1129 ,
537 1067 624 1121 ἵνα
653 1068 729 1140 μὴ
761 1070 1167 1143 καταγινώσκῃ,
1197 1072 1272 1136 ὡς
1295 1074 1503 1143 ἀγνοῶν
1534 1074 1570 1129 ἀ
1594 1076 1865 1146 ἀναγινώ-

300 1170 467 1218 σκεις.

488 1354 669 1408 PMB’.
699 1384 770 1395 —
797 1357 1027 1411 EIPnNI
1059 1358 1168 1428 (57)
1197 1360 1655 1433 ΣΧΟΛΛΣΤΙΚῼ.

299 1443 433 1511 Περὶ
465 1442 688 1499 δούλου
724 1448 1091 1515 πταίσαντος
1119 1450 1219 1503 ἵνα
1251 1450 1407 1520 λάϐῃ
1443 1453 1857 1522 συγχώρησιν.

364 1555 651 1609 Κατέλαϐέ
694 1574 778 1621 τις
815 1556 912 1628 τὴν
947 1560 1239 1629 ἐσχατιὰν,
1275 1561 1341 1631 ἣν
1366 1563 1643 1634 οἰκοῦμεν,
1670 1566 1863 1620 νεώτε-

1969 446 2139 515 ipsius
2187 453 2337 499 costa
2367 444 2504 499 citra
2535 443 2881 500 concubitum
2944 440 3269 504 exstitisset,
3318 440 3527 494 Domini

1968 545 2141 592 mater
2185 535 2314 589 illud
2360 535 2655 606 persolvit,
2695 549 2818 590 eum
2866 532 3114 588 videlicet
3169 531 3373 601 absque
3422 530 3531 585 ulla

1968 626 2189 681 seminis
2216 624 2530 695 profusione
2559 623 2901 680 incarnatum
2936 622 3190 677 reddens.
3217 620 3396 687 Quare
3425 620 3528 675 hoc

1968 726 2172 769 natura:
2210 715 2431 771 minime
2460 716 2791 786 impossibile
2821 725 2905 770 est
2937 731 2950 767 :
2981 728 3166 767 verum
3202 714 3342 781 quod
3381 712 3529 787 prius

1968 805 2020 859 in
2056 807 2242 875 primis
2267 806 2379 874 jam
2414 808 2730 877 parentibus
2761 807 3090 876 contigerat,
3120 806 3227 861 hoc
3254 800 3307 858 in
3344 804 3531 858 Domi-

1968 897 2083 949 nica
2118 912 2329 966 quoque
2364 897 2735 953 incarnatione
2797 895 3100 951 conlectum
3148 904 3270 951 est:
3314 895 3529 948 etiamsi

1966 984 2163 1057 alioqui
2200 1002 2336 1040 nova
2361 995 2415 1041 et
2438 988 2758 1042 admiranda
2796 987 2921 1041 huic
2953 986 3132 1055 partui
3167 984 3526 1040 debebantur.

1964 1075 2107 1146 Lege
2140 1078 2319 1147 igitur,
2355 1086 2412 1131 ut
2460 1079 2747 1149 intelligas.
2805 1078 2900 1132 Sin
2955 1087 3136 1132 autem
3200 1076 3514 1145 intelligere

1964 1177 2071 1217 non
2115 1165 2213 1228 vis,
2247 1180 2314 1219 ne
2354 1166 2569 1234 quidem
2626 1167 2757 1237 lege,
2819 1182 2885 1221 ne
2934 1165 3335 1232 condemneris,
3385 1164 3531 1220 velut

1965 1254 2220 1324 ignorans
2247 1272 2367 1325 quae
2388 1258 2540 1327 legis.

2232 1368 2434 1426 CXLII.
2456 1400 2528 1409 —
2546 1368 2734 1425 IRONI
2762 1367 3257 1425 SCIIOLASTICO.

2213 1459 2288 1513 De
2324 1477 2471 1515 servo
2496 1461 2665 1529 lapso,
2694 1470 2751 1514 ut
2789 1462 2990 1516 veniam
3016 1462 3266 1531 accipiat.

2033 1573 2110 1625 Ad
2160 1573 2501 1628 solitudinem
2551 1575 2710 1638 hanc,
2747 1589 2908 1642 quam
2957 1574 3265 1637 incolimus,
3314 1572 3531 1642 juvenis

299 1661 412 1717 ρος,
438 1647 537 1698 καὶ
557 1647 789 1717 ἐντυχὼν
814 1648 892 1718 τῷ
912 1648 1009 1719 τὴν
1034 1650 1201 1720 θύραν
1221 1652 1566 1719 φυλάσσοντι,
1599 1656 1737 1726 πρὸς
1760 1658 1859 1727 ἐμὲ

1966 1662 2181 1730 quidam
2211 1661 3022 1731 venit,nactusquejanitorem,
3052 1671 3113 1717 ut
3167 1663 3269 1718 sibi
3320 1662 3387 1718 ad
3441 1677 3531 1717 me

298 1736 550 1802 γενέσθαι
598 1739 846 1807 ἠξίωσεν.
903 1739 992 1802 Ὠς
1027 1740 1083 1793 δὲ
1130 1741 1322 1811 ἑτοίμη
1372 1744 1405 1813 ἡ
1463 1745 1705 1816 ἡμετέρα
1738 1763 1863 1800 συν-

299 1826 456 1895 ήθεια
482 1827 691 1890 πάντας
712 1827 848 1881 οἴκοι
880 1830 1219 1898 προσίεσθαι,
1249 1832 1343 1885 καὶ
1380 1833 1559 1899 δεξιᾶς
1586 1836 1864 1904 μεταδιδό-

298 1934 385 1969 ναι
408 1919 628 1986 ὁμιλίας
660 1920 752 1971 καὶ
772 1921 1151 1986 ἀναπαύσεως,
1176 1923 1488 1995 είσεκλήθη,
1518 1927 1612 1979 καὶ
1650 1928 1863 1999 πρηνὴς

299 2009 603 2071 σπουδαίως
650 2011 736 2063 ἐπ’
766 2012 992 2080 ἐδάφους
1040 2014 1292 2082 ἐγένετο,
1345 2017 1500 2071 οὐδὲν
1545 2018 1715 2072 είπὼν
1756 2021 1864 2090 πρὸ

298 2098 444 2171 [τοῦ]
496 2100 729 2154 κλαῦσαι
773 2102 942 2157 πολλά
960 2120 974 2133 °
1014 2105 1200 2175 ἐπειδὴ
1232 2106 1288 2159 δὲ
1316 2107 1427 2175 ἐγὼ
1454 2110 1548 2161 καὶ
1576 2112 1717 2181 χειρὶ
1739 2114 1865 2165 ἀντ-

298 2189 604 2259 ελαϐόμην,
651 2190 743 2242 καὶ
783 2191 1152 2261 συμδαλέσθαι
1190 2194 1259 2248 τὰ
1288 2197 1345 2247 ὲν
1379 2196 1607 2266 δυνάμει
1636 2199 1865 2271 ὑπεσχό-

300 2295 426 2348 μην,
459 2281 555 2332 καὶ
587 2280 645 2343 ὃς
673 2298 757 2343 τις
789 2282 896 2351 εἴη,
932 2283 1026 2335 καὶ
1074 2285 1195 2337 ὅτου
1236 2285 1427 2356 χρῄζει
1457 2288 1690 2359 ἠρόμην,
1721 2291 1864 2344 οἰκέ-

294 2385 393 2441 της
422 2370 522 2440 μὲν
548 2370 654 2441 ἔφη
674 2367 812 2425 εῖναι
838 2373 1121 2445 ὑμέτερος,
1153 2376 1457 2446 πταίσματι
1477 2378 1534 2431 δὲ
1564 2379 1621 2446 ἐξ
1646 2382 1865 2449 ἀγνοίας

294 2460 718 2529 ἐμπεπτωκέναι
751 2464 1041 2534 κρείττονι,
1066 2465 1142 2529 ὡς
1173 2467 1415 2537 ἐνόμισε,
1451 2471 1859 2539 μεταγνώσεωςο

296 2550 388 2602 καὶ
438 2551 503 2603 τὸ
543 2553 640 2621 μὲν
696 2551 895 2623 πρώτῳ
930 2553 1066 2627 [τὸν]
1116 2555 1442 2628 ἐξέπληξεν·
1475 2560 1533 2612 οὐ
1568 2561 1677 2632 γὰρ
1710 2558 1863 2632 οἶμαι

297 2639 512 2710 οἰκέτην
541 2639 683 2710 ἔχειν
712 2641 802 2694 τὸν
833 2643 1426 2716 φιλόχριστονΕίρωνα,
1451 2649 1625 2703 εἰδότα
1644 2652 1743 2723 τὴν
1766 2654 1864 2721 χάο

298 2750 383 2804 ριν
406 2735 509 2805 τὴν
535 2736 753 2800 πάντας
772 2729 1235 2809 ὲλευθερώσασαν.
1258 2743 1330 2796 Τὸ
1359 2743 1611 2816 δεύτερον
1639 2747 1695 2800 δὲ
1722 2749 1862 2818 ἡνία-

298 2839 407 2887 σεν,
436 2824 629 2896 ἐπειδὴ
666 2828 775 2880 πᾶν
820 2828 1128 2899 ἁμάρτημα
1175 2832 1331 2901 παρὰ
1376 2834 1482 2887 τῶν
1522 2836 1860 2907 πραξάντων,

297 2913 387 2965 καὶ
413 2913 834 2985 δευτερούμενον
885 2918 1103 2985 ἀφιέναι
1137 2919 1387 2991 ἀλλήλοις
1434 2924 1584 2994 παρά
1625 2926 1861 2996 Χριστοῦ

1961 1753 2187 1807 adeundi
2231 1764 2468 1822 potestas
2531 1754 2702 1819 ﬁeret,
2765 1754 2995 1823 rogavit.
3071 1752 3143 1809 Ut
3200 1754 3365 1823 igitur
3430 1767 3530 1821 pro

1963 1857 2083 1898 meo
2124 1858 2273 1898 more
2318 1859 2505 1899 omnes
2555 1846 2715 1900 domo
2754 1845 3039 1899 admittere
3070 1858 3135 1900 ac
3186 1843 3529 1899 commodum

1965 1935 2097 2006 ipsis
2173 1936 2496 2006 colloquium
2533 1946 2588 1990 et
2640 1938 2937 2006 requietem
2988 1935 3265 2006 impertire
3306 1942 3531 2006 paratus

1962 2042 2105 2092 sum,
2129 2028 2426 2083 accersitus
2450 2037 2549 2082 est.
2582 2024 2673 2081 Ille
2689 2036 2870 2081 autem
2902 2028 3086 2082 statim
3114 2026 3259 2081 humi
3294 2026 3527 2096 seipsum

1965 2115 2280 2184 prostravit,
2318 2115 2522 2169 nullum
2550 2116 2769 2169 verbum
2798 2116 2948 2184 prius
2976 2114 3209 2176 locutus,
3231 2128 3395 2183 quam
3442 2112 3527 2166 in-

1963 2214 2175 2272 gentem
2219 2204 2323 2257 vim
2357 2204 2714 2273 lacrymarum
2768 2202 3113 2273 profudisset.
3167 2201 3526 2272 Posteaquam

1964 2303 2142 2348 autem
2170 2309 2292 2364 ego,
2328 2302 2381 2347 et
2411 2308 2571 2347 manu
2601 2308 2722 2348 eum
2753 2293 3182 2362 prehendissem,
3222 2301 3277 2348 et
3312 2307 3396 2347 me
3426 2292 3529 2363 ipsi

1963 2396 2061 2451 pro
2084 2398 2202 2437 mea
2230 2382 2369 2436 virili
2406 2398 2564 2452 Opem
2598 2384 2835 2437 laturum
2875 2398 2997 2438 esse
3042 2383 3443 2454 promisissem,
3466 2390 3526 2436 et

1962 2476 2214 2545 quisnam
2245 2485 2410 2539 esset,
2444 2482 2605 2543 atque
2634 2481 2834 2543 quanta
2867 2488 2924 2527 re
2948 2487 3082 2542 opus
3124 2472 3349 2528 haberet
3378 2484 3529 2540 qua!-

1962 2567 2232 2634 sivissem,
2266 2566 2525 2622 famulum
2581 2573 2731 2621 tuum
2788 2579 2848 2620 se
2893 2579 3018 2620 esse
3063 2564 3219 2631 dixit,
3263 2564 3315 2619 in
3340 2564 3530 2634 hujus-

1965 2657 2107 2711 modi
2150 2666 2330 2711 autem
2368 2662 2646 2725 peccatum
2710 2670 2779 2710 ex
2838 2653 3179 2725 ignoratione
3231 2653 3543 2719 incidisse,

1963 2745 2105 2815 quod
2130 2758 2367 2808 omnem,
2407 2752 2465 2797 ut
2486 2742 2868 2807 existimabat,
2908 2742 3340 2813 resipiscentiam
3367 2757 3529 2812 supe-

1970 2843 2136 2889 raret.
2165 2836 2245 2888 Ac
2276 2832 2450 2903 primo
2516 2833 2731 2902 quidem
2782 2832 3139 2887 admiratione
3188 2847 3276 2887 me
3328 2831 3527 2887 alIecit.

1964 2924 2153 2995 Neque
2179 2926 2324 2980 enim
2345 2925 2551 2980 Christi
2573 2934 2843 2979 amantem
2870 2923 3103 2991 lronem,
3132 2924 3223 2994 qui
3249 2924 3523 2994 cognitam

296 3002 721 3076 ἔκελεύσθημεν,
744 3008 838 3059 καὶ
857 3007 1185 3074 διδάξαντος,
1210 3012 1303 3065 καὶ
1327 3014 1650 3083 ποιήσαντος
1668 3015 1859 3078 οὕτως.

1966 3023 2020 3067 et
2054 3014 2389 3083 exploratam
2431 3028 2551 3069 eam
2588 3013 2816 3084 gratiam
2853 3013 3071 3077 habeat,
3108 3029 3228 3084 qua:
3252 3028 3441 3070 omnes
3476 3014 3530 3068 in

297 3091 614 3157 Διδάξαντος
642 3094 760 3164 μὲν,
791 3113 810 3147 ι
856 3096 980 3150 Ἐἀν
1006 3097 1082 3168 μὴ
1107 3098 1280 3169 ἀφῆτε
1303 3100 1721 3172 παραπτώματα
1751 3106 1863 3168 τοῖς

295 3180 623 3252 ἀνθρώποις,
656 3184 777 3237 οὐδὲ
801 3185 929 3255 ὑμῖν
954 3187 1153 3258 ἀφήσει
1185 3189 1215 3240 ό
1242 3189 1433 3259 Πατὴρ
1460 3191 1613 3261 ὑμῶν
1641 3193 1671 3243 ό
1699 3193 1864 3265 οὐρά.

295 3286 401 3335 νιος
429 3272 530 3332 τάς
558 3274 835 3343 ἁμαρτίας
855 3276 1008 3345 ὑμῶν
1027 3293 1042 3307 ο
1075 3295 1095 3328 ι
1130 3281 1457 3348 ποιήσαντος
1488 3281 1544 3335 δὲ
1571 3282 1631 3335 ὲν
1656 3282 1735 3353 τῷ
1763 3284 1861 3355 τὴν

295 3360 495 3431 πόρνην
519 3364 615 3415 καὶ
640 3364 731 3415 τὸν
758 3363 995 3436 τελώνην
1043 3368 1319 3421 Ματθαίον
1363 3371 1458 3422 καὶ
1495 3371 1861 3443 Σαμαρείτιδα

295 3451 384 3502 καὶ
426 3452 784 3522 Παράλυτον,
822 3456 917 3508 καὶ
955 3457 1114 3511 αὐτὸν
1153 3459 1360 3530 Πέτρον
1411 3460 1502 3514 τὸν
1530 3461 1624 3515 τοῦ
1671 3463 1858 3518 θιάσου

295 3538 444 3614 [τῶν]
481 3543 744 3614 μαθητῶν
795 3551 1126 3617 κορυφαῖον,
1174 3550 1237 3602 οὐ
1284 3550 1445 3619 μόνον
1493 3554 1857 3623 σωματικῶν,

294 3631 424 3685 ἀλλά
459 3635 553 3687 καὶ
579 3635 828 3705 ψυχικῶν
858 3637 1171 3711 [ἀπολῦσαι]
1213 3642 1623 3713 ἁμαρτημάτων
1653 3644 1746 3697 καὶ
1775 3661 1860 3698 νο-

294 3721 572 3790 σημάτων.
625 3725 691 3778 Εἰ
723 3722 817 3779 οὖν
849 3727 985 3799 [τὸν]
1015 3729 1247 3800 Χριστὸν
1284 3731 1459 3796 θέλεις
1491 3734 1855 3805 μιμήσασθαι,

290 3810 355 3864 τὰ
382 3812 597 3881 μεγάλα
622 3816 892 3887 συγχώρει
920 3821 1033 3881 τοῖς
1058 3821 1336 3875 πταίουσιν
1361 3823 1578 3895 άμαρτή
1588 3842 1752 3894 ματα.
1777 3826 1859 3879 Τὰ

290 3900 394 3972 γὰρ
427 3902 639 3973 βραχέα
666 3907 759 3959 καὶ
780 3906 855 3970 ὡς
882 3908 1038 3962 κοινά
1066 3911 1379 3981 παρορῶσιν
1405 3914 1452 3966 οί
1482 3912 1744 3979 πλείονες,
1764 3915 1857 3970 καὶ

291 3993 634 4063 παρακλήσει
676 3997 1011 4065 χαρίζονται.
1067 3999 1150 4053 Τὰ
1193 4000 1251 4053 δὲ
1297 4002 1541 4072 μείζονα,
1599 4005 1753 4074 μόνοι
1807 4008 1855 4060 ol

291 4083 534 4153 μεγάλην
560 4082 776 4154 ἔχοντες
817 4086 953 4157 πρὸς
979 4087 1112 4141 Θεὸν
1152 4091 1256 4160 τὴν
1284 4093 1604 4163 συνείδησιν,
1638 4095 1733 4148 καὶ
1760 4114 1856 4166 με-

288 4170 489 4236 γάλους
531 4173 759 4241 μισθοὺς
801 4175 928 4246 παρ’
970 4176 1136 4231 αὐτοῦ
1165 4178 1273 4232 τῶν
1298 4180 1567 4252 λαμπρῶν
1604 4182 1855 4253 πράξεων

288 4276 410 4330 περι
418 4262 694 4331 μένοντες.

1963 3101 2267 3158 libertatem
2299 3103 2612 3168 vindicavit,
2639 3103 2895 3158 famulum
2933 3103 3100 3159 ullum
3149 3105 3353 3161 habere
3384 3104 3530 3160 arci-

1964 3203 2098 3249 tror.
2132 3193 2337 3250 Deinde
2366 3203 2546 3249 autem
2583 3208 2871 3250 mmrorem
2914 3196 3047 3251 mihi
3091 3196 3293 3251 attulit.
3339 3195 3526 3266 Siqui-

1961 3284 2083 3339 dem
2115 3293 2392 3354 peccatum
2417 3300 2598 3351 omne,
2628 3286 2793 3340 etiam
2827 3286 2893 3340 ab
2942 3286 3008 3341 iis
3050 3287 3142 3356 qui
3198 3286 3250 3340 id
3279 3285 3517 3341 admisce

1961 3376 2071 3432 rint
2100 3376 2410 3446 repetitum,
2446 3375 2536 3431 alii
2574 3377 2696 3431 aliis
2732 3388 2917 3433 mutuo
2944 3377 3220 3433 remittere
3255 3392 3287 3432 a
3311 3376 3527 3433 Christo

1952 3464 2090 3535 jussi
2136 3481 2346 3521 sumus.
2385 3465 2443 3521 Id
2475 3467 2619 3522 enim
2654 3467 2746 3521 ille
2790 3477 2844 3523 et
2900 3468 3103 3535 docuit,
3133 3476 3189 3523 et
3240 3466 3387 3523 fecit.
3429 3466 3529 3522 Do-

1960 3558 2099 3627 cuit,
2140 3558 2392 3629 inquam,
2428 3558 2513 3614 his
2562 3560 2742 3615 verbis
2771 3600 2787 3627 ,
2824 3578 2844 3613 ι
2874 3559 2987 3616 Nisi
3028 3559 3350 3615 remiseritis
3399 3572 3528 3627 pec-

1959 3657 2080 3703 cata
2112 3648 2438 3713 hominibus,
2468 3662 2567 3704 nec
2608 3649 2767 3705 Pater
2793 3660 2971 3705 vester
3010 3649 3101 3720 qui
3149 3650 3202 3704 in
3235 3647 3389 3704 calls
3418 3658 3523 3712 est.

1959 3739 2219 3793 remitttet
2264 3740 2415 3794 vobis
2472 3749 2690 3809 peccata
2743 3748 2922 3795 vestra
2953 3738 3021 3793 “.
3052 3758 3072 3792 ι
3110 3738 3264 3793 Fecit
3303 3748 3523 3801 autem,

1958 3842 2078 3884 cum
2113 3830 2449 3885 meretricem
2467 3830 2534 3898 δ’,
2568 3842 2621 3887 et
2644 3831 2988 3901 publicanum
3020 3828 3329 3883 Matthaaum
3353 3827 3423 3893 ⁸³,
3467 3835 3523 3881 et

1958 3920 2353 3974 Samaritanam
2389 3919 2472 3987 ⁸⁸,
2515 3929 2573 3976 et
2623 3920 2980 3991 paralyticum
3016 3921 3061 3953 ⁸⁸
3092 3958 3109 3985 ,
3171 3928 3332 3988 atque
3376 3918 3518 3972 adeo

1958 4010 2130 4079 ipsum
2168 4009 2388 4065 Petrum
2411 4011 2689 4079 apostolici
2721 4011 2954 4066 sodalitii
3002 4011 3351 4078 coriphmum,
3405 4021 3513 4063 non

1957 4098 2126 4153 solum
2149 4100 2448 4168 corporeis,
2472 4102 2565 4156 sed
2593 4101 2756 4155 etiam
2778 4100 3150 4169 spiritualibus
3179 4098 3416 4168 peccatis
3449 4110 3516 4153 ac

1958 4189 2160 4244 morbis
2191 4189 2459 4245 liberavit.
2488 4190 2749 4257 Quocirca
2770 4190 2814 4245 si
2859 4190 3136 4245 Christum
3192 4188 3394 4244 imitari
3424 4201 3522 4242 cu.

1957 4278 2058 4348 pis,
2090 4295 2280 4350 magna
2324 4281 2411 4349 iis,
2443 4282 2532 4351 qui
2580 4281 2918 4351 delinquunt,
2969 4289 3189 4350 peccata
3240 4279 3526 4338 condona.

287 4353 417 4409 Nam
443 4357 661 4426 exigua,
694 4367 749 4413 et
768 4368 826 4414 ut
848 4362 1152 4416 communia
1186 4362 1427 4434 plerique
1479 4367 1841 4436 dissimulant,
1880 4382 1934 4427 et
1967 4373 2217 4441 precibus
2288 4384 2693 4443 permoventur.
2750 4375 2821 4428 At
2872 4388 3000 4430 vero
3033 4373 3280 4442 majora,
3311 4371 3348 4426 ii
3379 4370 3523 4424 dun-

288 4454 435 4537 taxat
468 4449 776 4514 remittunt,
825 4451 916 4518 qui
974 4468 1220 4524 magnam
1290 4456 1357 4509 ad
1416 4456 1582 4514 Deum
1629 4461 2011 4518 conscientiam
2040 4464 2261 4532 habent,
2299 4479 2363 4520 ac
2429 4480 2618 4537 magna
2684 4466 2751 4520 ab
2776 4480 2842 4521 eo
2870 4480 2969 4536 pro
2994 4464 3270 4533 praeclaris
3338 4461 3518 4521 action

289 4536 441 4591 uibus
475 4539 696 4606 przemia
727 4550 1069 4609 evspeclant.

619 4628 798 4682 PMI".
821 4659 893 4670 —
914 4630 1302 4703 ΘΔΛΛΕΛΑΙῼ
1331 4632 1466 4704 (ss).

352 4716 549 4781 Καλῶς
575 4720 671 4772 καὶ
693 4722 959 4794 νουνεχῶς
983 4723 1269 4793 προσέχεις
1308 4728 1374 4796 τῇ
1411 4726 1713 4795 ἀναγνώσει
1744 4732 1842 4801 τῆς

350 4870 391 4901 ³·
414 4874 603 4931 Matth.
632 4892 704 4943 vt,
748 4877 838 4933 l5.
931 4879 976 4912 “
1012 4880 1143 4939 Luc.
1172 4898 1265 4949 vn,
1304 4885 1393 4940 37.
1469 4883 1514 4917 ”
1538 4885 1726 4942 Matth.
1755 4902 1829 4953 Ix,
1855 4889 1911 4945 9.

2346 4642 2573 4698 CXLIII.
2603 4672 2671 4685 —
2699 4642 3117 4699 THALELEO.

2022 4730 2283 4786 Praeclare
2307 4747 2370 4787 ac
2398 4734 2689 4803 prudenter
2720 4734 2871 4799 lacis,
2906 4735 3020 4803 qui,
3050 4733 3259 4787 inutilis
3278 4732 3503 4788 illius‘et

2011 4886 2057 4920 ἰ
2085 4886 2240 4945 Joan.
2271 4903 2346 4953 IV,
2378 4888 2411 4943 5
2443 4903 2596 4959 seqq.
2672 4888 2731 4923 ⁸³⁷
2748 4891 2935 4945 Matth.
2979 4903 3054 4952 Ix,
3086 4887 3142 4943 2.

1372 5036 1601 5093 VARIIE
1650 5038 2033 5098 LECTIONES
2078 5042 2167 5097 ET
2203 5042 2437 5099 NOTAE.

350 5164 459 5233 (57)
495 5164 817 5240 Inscr-ibitur
845 5169 957 5223 hare
990 5170 1212 5240 epistola
1245 5170 1295 5224 in
1320 5172 1475 5225 codd.
1506 5171 1678 5228 Vatic.
1707 5173 1829 5240 649,

280 5231 385 5311 Alt:
418 5231 473 5287 et
504 5231 1197 5311 anrtiano,“nonAEIpwvt,
1229 5241 1322 5294 sed
1356 5242 1583 5311 Ἥρωνι,
1612 5231 1833 5311 ῌετοηὶί

280 5380 399 5441 post
435 5373 781 5441 μεταδιδόναι
811 5376 934 5428 cod.
972 5375 1138 5429 Sfort.
1170 5378 1315 5430 addit
1337 5378 1447 5430 καί.

280 5439 380 5503 πρό
404 5439 542 5564 (eos)
574 5454 629 5497 et
662 5443 782 5496 loco
814 5458 999 5498 eorum
1035 5460 1173 5513 pone
1208 5445 1394 5517 πρινὴ,
1442 5448 1518 5501 sic
1554 5450 1696 5501 enim
1738 5450 1836 5501 ha-

280 5504 401 5561 bent
428 5513 587 5564 c0td.
639 5510 762 5564 Vat.
800 5512 907 5564 649
945 5524 998 5564 et
1038 5515 1144 5564 Alt.
1193 5514 1348 5564 Vers.
1386 5515 1451 5564 12
1502 5532 1597 5564 nm
1638 5518 1699 5564 τὸ
1738 5518 1834 5564 μὲν

344 5517 401 5587 ut
428 5510 762 5587 codd._\]nt.
800 5512 907 5567 649
945 5524 998 5567 et
1036 5510 1146 5587 ᾉιιΖ
1193 5510 1459 5587 νρνεξιὲ
1501 5532 1597 5587 pro
1638 5518 1720 5587 re
1735 5518 1834 5587 μὲν

282 5577 472 5651 πρώτῳ
494 5581 629 5653 (τὸν)
653 5581 774 5653 lege
797 5596 923 5637 cum
952 5583 1071 5639 cod.
1104 5581 1221 5638 Val.
1247 5583 1369 5650 649,
1395 5584 1471 5655 τῷ
1488 5577 1585 5655 μὲν
1613 5577 1834 5657 πρώτῳ,

1944 5176 2176 5247 νειμουηι
2202 5178 2367 5233 Sl‘ort.
2402 5178 2461 5232 τὸ
2488 5179 2587 5247 μὲν
2609 5175 2844 5247 πρῶτον.
2868 5173 3042 5247 _\_Iers.
3064 5174 3150 5247 _M
3197 5185 3253 5230 et
3299 5176 3365 5247 1A5
3396 5190 3511 5247 pro

1939 5246 2000 5297 τὸ
2032 5245 2301 5314 δεύτερον,
2330 5242 2626 5301 οοιΙιΙίΥκῑ.
2656 5242 2760 5300 649
2789 5256 2841 5297 et
2863 5242 3028 5299 Sfort.
3063 5244 3242 5314 legunt
3269 5245 3348 5314 τῷ
3388 5242 3511 5297 δὲν-

281 5301 417 5382 unde
449 5313 503 5355 et
552 5320 751 5382 nomen
794 5301 924 5382 illud
957 5301 1307 5382 in_'conte_x_t_u
1355 5301 1580 5382 corrige.
1614 5310 1762 5366 Vers.
1788 5312 1840 5382 75
1939 5313 2099 5382 τέρῳ.

1522 5366 1628 5433 crs.
1656 5383 1686 5433 7
1716 5381 1836 5435 dele
1940 5366 2157 5436 Possm.

2202 5332 2271 5369 0x
2318 5325 2439 5370 ante
2490 5317 2731 5384 ἠνίασεν»
2781 5314 2946 5373 Codd.
2998 5314 3106 5369 Alt.
3154 5314 3306 5368 addit
3367 5315 3490 5367 οὐκ.

2011 5451 2121 5519 (58)
2158 5446 2436 5518 Inscriptio
2462 5449 2701 5519 epistolae
2726 5451 2779 5519 in
2804 5452 2923 5504 cod.
2958 5451 3131 5505 Vatic.
3164 5448 3268 5502 649
3300 5457 3377 5503 est
3399 5450 3508 5503 61-

2015 5518 2139 5589 λέῳ.
2160 5519 2313 5590 Yers.
2333 5520 2366 5572 4
2387 5518 2509 5575 cod.
2534 5518 2965 5590 προσδεξάμενος
2993 5522 3307 5590 iniprmsens
3332 5528 3509 5590 trans-

1961 5591 2063 5655 ἑτι,
2093 5587 2309 5659 scribit
2355 5590 2495 5645 enim
2544 5587 2992 5659 προσδεχόμενος.
3055 5588 3207 5643 Vers.
3263 5588 3294 5640 7
3352 5589 3514 5642 ambo
