3944 6138
321 266 427 330 283

1508 278 1571 338 s.
1616 276 1906 339 ISIDORI
1943 256 2379 337 PELUSIOM

3458 248 3566 330 εει

326 396 491 455 atque
522 381 681 439 oliicii
742 384 835 449 sit,
882 377 1241 456 pers’peenrar
1269 387 1472 443 habere
1516 389 1695 445 debet.
1752 388 1885 441 Eum

2012 386 2194 456 κρείλει
2242 383 2552 453 οἰκονομίαν
2600 379 2943 435 ἐπίστασθαι.
3004 378 3353 432 Ἐπισκοπεῖν
3400 376 3565 429 αύτὶν

326 476 471 529 enim
511 474 857 530 invisibilium
908 486 963 530 et
1001 477 1334 532 occultarum
1375 478 1482 550 4⁸1
1519 478 1756 535 ferarum
1788 479 1890 533 im-

327 574 505 631 petus,
528 561 783 617 Ecclesiae
812 564 1073 634 ignavias,
1098 567 1482 622 monachorum
1511 566 1886 637 negligentias,

330 654 632 723 iniquorum
663 654 940 707 hominum
970 654 1366 724 improbitates,
1420 657 1703 709 viduarum
1744 654 1890 709 cala-

330 743 565 809 mitates,
616 745 938 813 pupillorum
986 758 1275 817 egestates,
1316 747 1501 803 altaris
1528 748 1887 817 suspiciones,

328 834 675 889 diaconorum
724 839 962 901 morbos,
991 836 1246 905 iuvenum
1272 838 1495 909 ﬂagitia,
1528 854 1718 894 senum
1749 838 1889 892 mala

329 926 550 979 consilia
615 928 880 996 Speculari
934 940 1179 1000 oportet,
1229 941 1392 1001 atque
1430 933 1581 988 omni
1629 948 1693 985 ex
1740 941 1890 1001 parte

327 1016 538 1071 oculum
569 1034 708 1085 esse,
755 1022 935 1075 omnia
977 1023 1416 1092 prospicientem,
1454 1039 1553 1079 nec
1592 1025 1884 1093 quidquam

328 1105 708 1174 negligentem.
760 1108 996 1175 Quorum
1024 1112 1067 1165 si
1098 1113 1226 1181 quid
1257 1127 1351 1181 per
1373 1112 1631 1166 incuriam
1667 1121 1890 1181 praeter-

329 1198 591 1265 mittatur,
638 1216 743 1255 non
785 1202 898 1270 ipse
945 1204 1095 1259 solus
1127 1206 1400 1275 plectitur,
1453 1206 1547 1260 sed
1572 1206 1737 1261 etiam
1766 1221 1888 1260 cum

324 1304 392 1343 eo
415 1290 662 1345 universa
690 1308 933 1363 persaepe
960 1296 1200 1352 Ecclesia
1235 1316 1249 1351 :
1285 1299 1399 1369 ipse
1422 1298 1700 1362 nimirum,
1724 1300 1886 1366 quod,

326 1393 449 1431 cum
500 1379 805 1448 hujusmodi
855 1386 1094 1440 moribus
1137 1396 1302 1449 esset,
1362 1388 1527 1442 divini
1594 1389 1890 1443 sacerdotis

327 1486 524 1525 manus
575 1474 725 1527 obire
773 1474 993 1528 minime
1048 1477 1329 1543 dubitavit,
1383 1487 1701 1547 tantumque
1731 1492 1893 1548 nego-

326 1560 459 1612 tium
494 1570 587 1615 aut
609 1573 802 1630 sponte
825 1564 1081 1633 suscepit,
1114 1576 1206 1620 aut
1238 1567 1420 1621 l‘urore
1451 1580 1618 1635 atque
1652 1567 1888 1622 amentia

329 1653 562 1719 percitus
615 1655 776 1719 emit;
814 1655 927 1709 haec
973 1666 1186 1720 autem,
1239 1657 1382 1727 quod
1417 1658 1720 1728 hujusmodi
1770 1659 1887 1713 viro

328 1742 688 1797 sacerdotium
723 1744 940 1814 indigne
974 1746 1267 1803 mandavit.

536 1852 647 1911 CL.
676 1883 746 1894 —
772 1854 1175 1912 PELUSIENSI
1210 1857 1677 1915 MONASTERIO.

749 1947 824 2001 De
854 1949 1113 2017 hospitum
1136 1953 1481 2019 susceptione.

399 2054 858 2122 Quemadmodum
904 2056 1136 2126 pectoris
1182 2068 1354 2112 motus
1382 2074 1447 2112 ex
1478 2060 1658 2114 verbis
1691 2075 1891 2130 cogno-

330 2158 573 2210 scuntur,
607 2147 795 2202 eodem
847 2149 1006 2202 modo
1055 2149 1304 2215 quisnam
1356 2150 1547 2206 domus
1591 2160 1767 2207 status
1801 2154 1892 2217 sit,

328 2253 397 2292 ex
446 2238 686 2291 antistite
732 2248 967 2293 constat.
1017 2238 1126 2292 Cur
1159 2238 1261 2293 hoc
1291 2239 1493 2306 dicam,
1523 2243 1729 2297 audite.
1764 2241 1895 2308 Qui-

328 2330 454 2383 dam
486 2329 552 2383 ad
579 2342 662 2382 me
693 2328 974 2393 adeuntes,
1022 2330 1124 2384 hoc
1154 2331 1285 2384 mihi
1317 2342 1626 2399 narrarunt,
1663 2350 1722 2389 se
1759 2334 1890 2390 hora

331 2419 625 2473 meridiana
656 2428 789 2475 aestu
825 2434 888 2475 ac
912 2420 1001 2474 siti
1026 2431 1305 2491 correptos
1334 2425 1401 2477 ad
1430 2425 1681 2479 vestibuli
1701 2426 1895 2481 domus

332 2520 525 2565 vestra:
552 2510 793 2564 umbram
828 2509 1159 2581 confugisse,
1200 2522 1361 2581 atque
1394 2514 1444 2567 in
1477 2530 1665 2568 canem
1716 2518 1896 2586 potius

329 2618 394 2656 ac
430 2600 702 2657 crudelem
751 2601 933 2671 lupum
973 2618 1132 2672 quam
1186 2603 1239 2657 in
1298 2605 1571 2660 hominem
1616 2607 1893 2675 incidisse,

328 2689 433 2745 hoc
475 2700 559 2746 est
605 2691 657 2745 in
713 2706 837 2746 eum
884 2693 971 2747 cui
1020 2693 1401 2763 hospitalitatis
1456 2713 1650 2753 munus
1682 2716 1710 2752 a
1741 2700 1918 2755 vobis.

327 2782 674 2836 commissum
730 2792 831 2847 est,
862 2793 922 2837 ut
970 2784 1061 2854 qui
1105 2798 1201 2839 eos
1245 2786 1597 2843 vehementer
1639 2791 1896 2849 caedendo

326 2872 588 2942 abegerit.
622 2873 730 2937 Ita,
766 2888 889 2927 cum
946 2875 1236 2931 inscientes
1269 2877 1486 2945 quidam
1531 2879 1766 2948 hospitio
1800 2898 1897 2937 an-

326 2964 475 3034 gelos
513 2965 825 3035 acceperint
848 2964 914 3029 '3,
946 2980 1063 3031 vos,
1103 2983 1208 3022 non
1237 2967 1560 3039 incognitus,
1586 2972 1681 3027 sed
1709 2973 1897 3044 cogni-

328 3065 413 3112 tos
438 3057 657 3128 angelos
689 3056 977 3126 espellitis.

639 3167 767 3227 CLI.
800 3198 872 3213 —-
898 3169 1190 3228 EUSEBIO
1220 3172 1569 3229 EPISCOPO.

328 3283 579 3355 Magnum
628 3287 859 3358 animum
914 3288 1210 3342 desiderare
1255 3291 1644 3358 episcopatum,
1699 3309 1898 3349 necnon

660 3355 878 3421 inﬁnitis
908 3358 1152 3423 periculis
1179 3355 1389 3424 plenum
1421 3355 1552 3415 esse.

400 3467 494 3521 Dei
523 3466 799 3532 sacerdos,
857 3469 1111 3536 quoniam
1164 3472 1227 3524 ad
1267 3471 1434 3526 Deum
1480 3474 1897 3546 appropinquat,

331 3557 642 3610 animalium
689 3557 898 3612 illorum
927 3559 972 3592 "
1013 3561 1196 3616 multis
1234 3562 1409 3618 oculis
1454 3566 1800 3633 praeditorum
1845 3568 1897 3622 in

333 3662 564 3711 morem,
595 3649 743 3702 omni
779 3663 847 3703 ex
874 3659 1025 3716 parte
1057 3650 1303 3705 oculatus
1336 3668 1458 3707 esse
1492 3654 1673 3720 debet,
1706 3671 1895 3712 eorum

333 3740 507 3793 instar
536 3740 669 3793 nihil
703 3741 972 3796 nesciens.
1002 3739 1265 3806 Quoniam
1309 3743 1474 3812 igitur
1501 3745 1715 3801 inscitia
1744 3747 1888 3803 labo-

336 3842 445 3892 ras,
497 3828 691 3884 leniter
744 3831 913 3896 disce,
967 3847 1067 3886 nec
1115 3833 1481 3887 clarissimum
1531 3837 1895 3892 sacerdotium

334 3918 533 3973 inl‘ama
567 3938 580 3974 :
613 3922 754 3991 quod
791 3923 1117 3977 contumelia
1152 3923 1340 3989 allicls,
1391 3935 1449 3981 ut
1481 3926 1571 3998 qui
1606 3927 1801 3984 inertia
1844 3936 1901 3983 et

334 4011 717 4066 nundinatione
747 4028 933 4067 omnes
955 4015 1277 4081 prodideris.

774 4126 929 4187 CLII.
950 4158 1021 4168 —
1048 4128 1448 4189 SYMMACHO.

650 4218 726 4273 De
746 4233 925 4275 sancto
961 4221 1167 4277 Joanne
1196 4224 1584 4294 Chrysostomo.

404 4327 553 4397 Petis
583 4344 613 4389 a
645 4346 731 4387 me
762 4343 821 4387 ut
849 4335 1013 4390 divini
1046 4337 1144 4390 viri
1188 4337 1411 4393 Joannis
1460 4342 1777 4410 tragmdiam
1803 4344 1901 4399 tibi

433 4469 479 4501 "
508 4468 675 4523 Hebr.
707 4485 825 4535 χιιι,
854 4472 888 4526 5
917 4486 1033 4543 seq.
1107 4474 1152 4507 ’³
1204 4475 1401 4532 Ezech.
1437 4493 1476 4543 ι,
1510 4478 1565 4534 2.

1925 3083 1975 3147 C

1992 470 2096 541 χρὴ
2146 469 2244 533 τὰς
2290 468 2512 539 ἐφόδους
2543 467 2652 521 τῶν
2699 464 2881 538 θηρῶν
2917 465 3029 518 τῶν
3059 465 3306 537 ἀοράτων
3336 463 3431 517 καὶ
3456 463 3566 515 τῶν

1992 560 2233 629 ἀφανῶν,
2262 559 2361 622 τάς
2381 560 2480 629 τῆς
2521 557 2844 629 Ἐκκλησίας
2874 555 3169 628 ῥᾳθυμίας,
3196 555 3296 618 τὰς
3320 553 3428 607 τῶν
3464 568 3566 624 μο-

1992 652 2173 721 ναχῶν
2230 652 2536 723 ὀλιγωρίας,
2589 650 2687 713 τάς
2729 650 2838 703 τῶν
2890 649 3090 702 ἀδίκων
3134 646 3416 717 ἐπηρείας,
3466 647 3567 705 τὰς

1990 743 2097 797 τῶν
2126 743 2308 814 χηρῶν
2340 741 2699 812 δυσπραγίας,
2739 741 2837 804 τὰς
2868 740 2975 793 τῶν
3007 738 3260 809 ὀρφανῶν
3307 737 3565 807 ἀπορίας,

1989 835 2089 899 τὰς
2118 835 2209 889 τοῦ
2239 833 2621 905 θυσιαστηρίου
2653 832 2927 895 ὑπονοίας,
2964 830 3063 893 τὰς
3107 829 3214 883 τῶν
3252 827 3565 882 διακονούν-

1989 943 2097 979 των
2129 923 2405 995 καχεξίας,
2435 925 2533 985 τὰς
2565 921 2672 976 τῶν
2698 922 2833 975 νέων
2875 918 3280 987 κακοπραγίας,
3328 918 3429 980 τὰς
3453 917 3566 970 τῶν

1991 1014 2234 1067 παλαιῶν
2261 1012 2637 1076 κακοϐουλίας,
2661 1014 2754 1066 καὶ
2780 1013 2898 1065 ὅλον
2920 1008 3059 1066 εἶναι
3083 1010 3357 1081 ὀφθαλμὸν
3379 1010 3565 1062 πάντα

1989 1104 2221 1175 ὁρῶντα,
2252 1105 2346 1158 καὶ
2394 1104 2556 1175 μηδὲν
2594 1104 2937 1176 παρορῶντα,
2966 1096 3041 1157 ὧν
3067 1103 3121 1154 εί
3147 1119 3199 1155 τι
3239 1098 3566 1171 ἀμεληθείη,

1991 1195 2090 1247 οὐκ
2123 1194 2284 1257 αὐτὸς
2320 1194 2478 1264 μόνος
2514 1193 2850 1258 παιδεύεται,
2885 1193 3022 1246 ἀλλά
3054 1192 3147 1244 καὶ
3183 1192 3333 1244 πᾶσα
3366 1189 3565 1243 πολλά-

1991 1304 2078 1349 κις
2110 1287 2205 1339 σὺν
2234 1286 2423 1355 ἐκείνῳ
2453 1286 2487 1355 ἡ
2523 1285 2837 1353 Ἐκκλησία.
2885 1283 2943 1336 '0
2976 1284 3075 1354 μὲν
3107 1283 3192 1351 ἐφ’
3218 1279 3299 1344 οἷς
3329 1281 3568 1346 τοιοῦτος

1991 1375 2066 1429 ὢν
2095 1375 2213 1446 Θεῷ
2249 1375 2547 1445 ἱερατεύειν
2576 1374 2854 1445 ἠνέσχετο,
2888 1375 2982 1427 καὶ
3015 1375 3247 1445 πρᾶγμα
3279 1373 3500 1427 τοσοῦτο
3529 1373 3565 1443 ἢ

1991 1466 2137 1519 ἄκων
2164 1464 2273 1535 (44)
2304 1464 2537 1529 ἐδέξατο,
2585 1465 2620 1535 ἢ
2667 1465 2856 1535 μανεὶς
2901 1463 3242 1535 ἐξωνήσατο·
3272 1463 3321 1516 ol
3352 1462 3429 1530 δὲ,
3477 1462 3565 1517 ὅτι

1991 1555 2215 1627 τοιούτῳ
2256 1555 2553 1627 ἱερωσύνην
2580 1554 2813 1623 ἀναξίως
2840 1554 3138 1610 ἐπέδωκαν.

1991 1849 2121 1905 PN’.
2171 1879 2243 1890 —
2286 1848 2734 1919 ΜΟΝΑΣΤΗΡΙῼ
2787 1848 2924 1901 ΤΟΥ
2977 1846 3377 1902 ΠΗΛΟΥΣΙΟΥ
3428 1846 3567 1919 (ιε).

2501 1941 2642 2010 Περὶ
2676 1939 3050 2009 ξενοδοχίας.

2064 2055 2273 2125 Ὥσπερ
2317 2055 2383 2107 ἐκ
2426 2052 2535 2107 τῶν
2582 2053 2754 2121 λόγων
2782 2053 2839 2107 αἱ
2885 2052 2987 2121 τῆς
3033 2051 3260 2122 καρδίας
3317 2050 3565 2120 κινήσεις

1992 2147 2373 2218 γνωρίζονται,
2406 2144 2574 2208 οὕτως
2625 2146 2689 2197 ἐκ
2734 2143 2827 2196 τοῦ
2857 2142 3201 2215 προεστῶτος
3227 2145 3261 2214 ὴ
3287 2142 3385 2196 τά¹
3414 2144 3567 2195 οίκου

1994 2238 2247 2309 δηλοῦται
2296 2237 2648 2300 κατάστασις.
2713 2236 2866 2290 Ἐπεὶ
2920 2231 3020 2289 οὖν
3068 2251 3213 2296 τινες
3257 2235 3574 2305 ἐντυχόντες

1999 2348 2089 2401 μοι
2122 2328 2463 2400 ἀπήγγειλαν
2494 2328 2664 2398 μέσης
2695 2326 2789 2380 καὶ¹
2827 2326 3041 2397 αίθρίας
3077 2326 3292 2396 ἡμέρας
3330 2324 3574 2378 καύσωνι

1996 2420 2090 2475 καὶ
2122 2420 2250 2491 δίψῃ
2280 2419 2662 2491 κρατούμενοι,
2696 2417 2801 2472 ὑπὸ
2827 2418 2926 2487 τὴν
2970 2418 3299 2489 προσκήνιον
3328 2429 3575 2470 καταπε-

1998 2512 2256 2583 φευγέναι
2308 2512 2485 2577 σκιὰν,
2525 2509 2661 2581 [καὶ]
2702 2509 2826 2563 κυνὶ
2863 2508 3062 2579 μᾶλλον
3107 2506 3141 2578 ἢ
3175 2506 3353 2577 λύκῳΔ
3382 2521 3577 2577 μισαν-

1998 2602 2200 2674 θρώπῳ
2230 2603 2675 2673 ἐμπεπτωκέναι,
2707 2600 2785 2670 τῷ
2808 2602 2937 2670 παρ’
2968 2600 3123 2671 ὑμῶν
3148 2598 3246 2670 τὴν
3269 2596 3578 2668 φιλοξενίαν

1998 2696 2437 2766 πεπιστευμένῳ,
2474 2694 2532 2758 ὃς
2569 2694 2766 2755 αὐτοὺς
2813 2692 3013 2763 ἠλαυνε
3061 2690 3237 2745 παίων
3285 2689 3576 2754 συντόνως.

1998 2788 2058 2840 Ei
2100 2786 2156 2838 δέ
2204 2784 2457 2847 λαθόντες
2505 2784 2649 2846 τινὲς
2697 2782 2942 2848 ἐξένισαν
2977 2778 3267 2849 ἀγγέλους,
3301 2778 3463 2848 ὑμεῖς
3511 2776 3574 2830 οὐ

1997 2876 2269 2943 λαθόντες,
2296 2874 2433 2933 ἀλλά
2461 2872 2822 2945 γινώσκοντες
2846 2869 3075 2925 διώκετε
3107 2866 3396 2939 ἀγγέλους.

2282 3173 2454 3229 PNA’.
2491 3201 2562 3216 -ο
2598 3170 2887 3240 ΕΥΣΕΒΙῼ
2924 3169 3294 3238 ΕΠΙΣΚΟΠῼ.

2005 3288 2135 3342 Ὅτι
2157 3287 2424 3360 ιιεγάὶης
2462 3286 2647 3360 δεῖται
2671 3282 2881 3360 ψυχῆς
2911 3283 2949 3350 ἡ
2978 3280 3307 3360 inmaturi],
3343 3280 3442 3335 καὶ
3471 3298 3584 3350 μυ-

2241 3351 2411 3425 ρίωιῖ
2432 3355 2595 3425 τέμει
2622 3351 2691 3407 τό
2735 3351 2977 3423 πρᾶγμα
3008 3351 3327 3406 κινδύνων.

2086 3475 2146 3530 '0
2173 3475 2269 3529 τοῦ
2297 3474 2431 3529 Θεοῦ
2464 3474 2661 3545 ἱερεὺς,
2696 3472 2883 3541 ἐπειδή
2914 3469 3126 3541 ἐγγίζει
3168 3467 3307 3540 Θεῷ,
3339 3468 3485 3522 κατά
3512 3466 3586 3522 τά

2005 3567 2362 3637 πολυόμματα
2412 3564 2527 3629 ζῶα
2554 3562 2675 3627 ὅλος
2703 3557 2843 3615 εἶναι
2870 3560 3150 3631 ὀφθαλμὸς
3191 3557 3421 3627 ὀφείλει,
3454 3556 3581 3610 κατ’

2005 3660 2187 3713 ἐκεῖνα
2241 3656 2405 3727 μηδὲν
2467 3655 2676 3724 ἀγνοῶν
2698 3693 2714 3718 ,
2764 3652 2900 3707 ἀλλά
2959 3651 3138 3705 πάντα
3199 3650 3363 3720 ὁρῶν.
3433 3649 3588 3703 Ἐπεὶ

2005 3747 2098 3805 οὖν
2128 3749 2238 3818 (46)
2271 3748 2501 3815 ἀγνοεῖς,
2543 3744 2782 3814 μάνθανε
2810 3742 3117 3814 προσηνῶς,
3150 3738 3289 3812 [καὶ]
3339 3737 3416 3809 μὴ
3446 3755 3587 3810 προο

2008 3839 2276 3912 πηλακιζε
2302 3840 2402 3907 τὴν
2443 3837 2759 3906 πολύφωτον
2807 3824 3128 3905 ἱερωσύνην,
3155 3833 3224 3903 ἢν
3255 3831 3586 3903 ἐνυϐρίζεις,

2008 3931 2103 3986 καὶ
2138 3928 2381 4003 ῥᾳθυμία
2412 3926 2507 3980 καὶ
2533 3926 2774 3998 ἐμπορίᾳ
2808 3926 3013 3991 πάντας
3042 3920 3444 3995 προπεπωκώς.

2377 4135 2549 4189 PNB'.
2587 4162 2659 4174 —
2695 4130 3036 4200 ΣΥΜΜΑΧῼ
3076 4128 3212 4199 (ιτ).

2080 4228 2219 4299 Περὶ
2249 4227 2352 4282 τοῦ
2387 4226 2560 4296 ἁγίου
2603 4222 2884 4278 Ἰωάννου
2917 4221 3021 4275 τοῦ
3056 4214 3515 4289 Χρυσοστόμου.

2092 4343 2330 4416 Ἐρωτᾷς
2360 4340 2458 4412 τὴν
2485 4338 2615 4411 περὶ
2642 4336 2732 4394 τὸν
2763 4334 3049 4390 θεσπέσιον
3092 4333 3345 4405 Ἰωάννην
3372 4347 3593 4405 τραγῳ·

1421 4591 1656 4649 νΑΒΙΑΞ
1692 4593 2075 4651 LECTIONES
2112 4594 2202 4651 ET
2253 4590 2489 4648 NOTAE.

336 4730 492 4785 Vcrs.
530 4731 563 4785 5
613 4746 706 4799 pro
739 4729 805 4785 ἂν
844 4731 899 4785 δὲ
948 4730 1068 4785 cod.
1107 4733 1277 4787 Vatic.
1327 4734 1429 4788 M9
1464 4734 1626 4789 habet
1654 4737 1701 4789 εί
1734 4735 1814 4790 δέ.
1840 4736 1896 4790 In

336 4802 521 4873 codem
567 4802 640 4854 uti
670 4802 974 4873 etgpariter
1010 4804 1059 4854 in
1100 4804 1381 4864 Altaemsi,
1414 4819 1529 4873 non
1582 4814 1899 4873 comparent

337 4870 445 4923 duo
471 4869 556 4922 illa
607 4871 863 4945 vocabula
899 4886 1096 4945 versus
1128 4874 1288 4935 sexti,
1324 4872 1562 4945 ἀκόντων
1611 4869 1896 4945 ἄρχουσαι,

339 4952 681 5011 quaemagna
713 4941 1019 5011 suspicione
1050 4943 1387 5010 glossentatis
1427 4945 1618 4999 intrusi
1650 4941 1903 4997 laborant

341 5010 479 5082 apud
512 5023 597 5082 me
624 5010 859 5082 quidem.
897 5010 999 5082 Sed
1040 5017 1261 5065 verbum
1306 5013 1447 5078 quod
1477 5013 1722 5082 sequitur
1753 5029 1896 5067 vers.

342 5078 372 5129 7
410 5092 513 5129 non
545 5076 596 5128 in
637 5080 923 5145 participio
957 5077 1220 5135 feminino
1247 5076 1646 5146 τεκταίνουσαι,
1685 5093 1743 5136 ut
1788 5082 1847 5136 lit
1870 5098 1902 5136 a

345 5146 560 5213 vulgato
588 5146 819 5208 cditore,
853 5150 944 5201 sed
982 5160 1038 5201 ut
1070 5153 1224 5205 codd.
1268 5150 1391 5206 Vat.
1427 5151 1528 5204 649
1563 5162 1618 5204 et
1650 5154 1756 5205 Alt.
1797 5167 1903 5205 uno

345 5230 614 5289 consensu
645 5227 943 5289 monstrant
974 5219 1024 5270 iu
1051 5223 1207 5274 tertia
1252 5219 1449 5289 plurali
1490 5221 1761 5275 indicativi
1804 5222 1904 5275 lle-

2006 4736 2183 4790 editor
2212 4733 2494 4786 ἐπέδωκαν
2541 4737 2723 4798 ponat,
2752 4733 2873 4798 cod.
2912 4724 3085 4798 Vatig.
3123 4722 3227 4779 649
3269 4724 3598 4791 scribil,en-

2006 4806 2229 4865 έδωκεν,
2260 4804 2377 4855 cod.
2408 4795 2671 4854 vero'Alt.
2695 4796 3005 4851 ἀπέδωκαν.
3041 4795 3254 4865 Possm.

2081 4873 2193 4941 (45)
2218 4862 2467 4941 ⁷Τίιιιιιιιιι
2495 4873 2577 4941 sic
2612 4867 2865 4941 supplent
2890 4865 3047 4941 codd.
3077 4864 3198 4941 Yal.
3224 4862 3330 4919 649
3369 4873 3428 4941 ει
3459 4864 3597 4930 Alt.,

2006 4931 2372 5012 Μοναστηρίῳ
2419 4939 2531 5012 “mpii
2554 4939 2649 4991 τοῦ
2682 4931 3029 5012 ᾘηλουσίου,
3053 4931 3414 5012 “Monastein
3476 4947 3600 4987 ante

2011 5002 2285 5067 Petusiurn'
2333 5002 2644 5063 sito.'Vers.
2687 5006 2723 5059 2
2752 5002 2873 5074 post
2921 5005 2955 5071 ἡ
2996 5002 3121 5074 to_l|e
3145 5003 3501 5074 ‘asteriscum
3545 5014 3621 5073 et

2014 5083 2171 5136 artic.
2208 5082 2298 5144 τὰ,
2329 5093 2533 5147 proque
2575 5076 2680 5147 illis
2714 5069 3071 5147 repone,;_toﬁ
3112 5069 3264 5147 οζκου
3285 5090 3299 5105 ο
3331 5071 3411 5125 sic
3446 5087 3601 5125 mon-

2014 5138 2526 5206 strantcoild.V‘at.
2561 5146 2664 5200 ϐω
2705 5138 2908 5197 ρι’θιιι.
2942 5138 3109 5193 [idem
3152 5140 3401 5195 lacunam
3454 5155 3599 5193 vers.

2016 5222 2049 5276 5
2081 5217 2582 5288 csplentraddentlo
2623 5213 2716 5288 καὶ
2747 5212 2914 5288 κόνει3
2964 5208 3225 5288 §imiliter
3268 5209 3598 5288 etrlarcunam

349 5286 621 5348 ctendum,
664 5282 969 5359 scribendo.
1011 5276 1371 5342 τεκταίνούσι.
1411 5288 1583 5343 Versu
1615 5290 1849 5359 denique
1883 5289 1916 5345 8
2022 5276 3043 5359 vers3rse§tiopportuneinsertobut'by
3062 5287 3362 5359 coaequant.
3386 5276 3599 5359 Possm.

350 5370 447 5421 pro
470 5356 883 5429 (ξυγκακουχεῖς,
905 5359 1216 5413 auctoribus
1240 5359 1452 5426 iisdem,
1484 5361 1681 5423 scribe,
1710 5356 1918 5429 συγκα-

351 5426 539 5494 κουχῇ.
573 5422 781 5494 ξὀδεικ.

425 5478 537 5565 (τῖε)
571 5492 999 5565 Βεεονὶιιίίῆκων
1032 5510 1126 5564 pro
1153 5494 1301 5548 ἄκων
1326 5497 1431 5551 duo
1458 5498 1616 5553 codd.
1653 5498 1776 5552 Vat.
1814 5495 1917 5551 649

353 5572 407 5615 et
434 5561 543 5634 Alt.
584 5563 792 5631 jubcut.
827 5561 882 5617 In
923 5561 1087 5619 verbo
1120 5580 1247 5618 vero
1282 5567 1521 5634 epistolae
1550 5568 1739 5622 ultimo
1769 5580 1920 5621 uter-

2094 5358 2209 5429 (46)
2243 5342 2565 5429 Cudd.'_Vat.
2606 5350 2711 5429 (ξιξ)
2740 5361 2795 5404 ct
2816 5342 2949 5410 Αιιζ.
2982 5349 3032 5400 εί
3062 5342 3276 5412 οὗνίει
3309 5361 3452 5401 vers.
3500 5348 3599 5400 ult.

2024 5421 2202 5483 πάντα
2231 5440 2328 5495 ρῳ
2365 5423 2593 5495 πάντας.
2616 5421 2827 5495 Possm.

2098 5482 2245 5567 (ιη’
2273 5491 2408 5548 Tres
2453 5482 2632 5556 codd,
2666 5489 2816 5567 __V_at.
2866 5484 2991 5567 ϐῶξ,
3043 5485 3152 5539 Alta
3197 5482 3607 5567 etJSl'ortiaung

2026 5552 2343 5633 conspirant
2370 5571 2561 5633 contra
2614 5552 2909 5633 editionem
2958 5555 3011 5609 in
3068 5554 3409 5633 correctione
3464 5552 3603 5633 tituli

355 5646 459 5701 que
488 5632 554 5687 ab
583 5620 815 5687 invicem
848 5644 904 5689 et
948 5636 1015 5689 ab
1060 5634 1295 5690 editione
1316 5620 1767 5701 'variautinam
1796 5620 1917 5691 cum
2030 5620 2190 5703 huius
2230 5631 2496 5703 epistolae,
2528 5644 2690 5701 quam
2720 5626 3019 5685 inscribunt
3044 5638 3151 5682 non
3192 5621 3476 5693 Συμμάχῳ
3508 5620 3606 5677 sed
