3944 6138
327 250 425 309 εδδ

1274 249 1802 310 EPISTOLARUM
1836 251 1982 309 LIB.
2028 249 2074 309 Ῑ.
2114 273 2182 282 -
2220 245 2463 310 .EPIST.
2497 243 2632 305 CLV
2655 288 2670 302 .

3441 229 3548 292 286

324 362 454 413 δίαν.
512 358 675 413 Ἀλλά
716 359 923 430 φράσαι
946 358 1152 431 ταύτην
1200 360 1413 433 ἀπορῶ.
1465 361 1606 432 Νικᾷ
1636 362 1727 414 τὸν
1764 360 1886 415 νοῦν

1998 378 2276 432 exponam.
2308 362 2377 415 At
2409 373 2528 414 eam
2560 353 2833 424 explicare
2876 361 3103 419 nequeo.
3140 343 3372 400 lentem
3404 342 3551 433 enim

330 451 378 503 ιδ
401 448 492 501 τοῦ
525 449 869 519 πράγματος.
902 451 1089 521 Μικρά
1116 451 1172 504 δὲ
1204 450 1438 521 μάνθανε
1465 454 1600 507 άττα
1624 454 1657 522 ἡ
1686 451 1881 519 γείτων

325 541 588 607 Αἴγυπτος
639 540 883 610 συνήθως
926 540 1190 612 ήνὸμησε,
1220 541 1423 595 Μωσέα
1452 543 1880 614 παραιτουμένη,

328 630 407 681 τὸν
436 629 634 699 Φαραὼ
663 630 1029 701 οἰκειουμένη,
1054 633 1177 694 τοὺς
1210 633 1498 695 ταπεινοὺς
1526 631 1881 701 μαστίζουσα,

330 720 439 783 τοὺς
500 718 873 788 κοπουμένους
922 718 1216 784 θλίϐουσα,
1277 720 1459 783 πόλεις
1507 720 1883 788 οἰκοδομοῦσα,

324 810 412 863 καὶ
446 811 574 872 τοὺς
617 809 840 879 μισθοὺς
891 809 1287 880 ἀποστεροῦσα,
1321 810 1415 863 καὶ
1463 810 1625 880 μέχρι
1667 810 1762 865 τοῦ
1791 811 1886 865 νῦν

327 902 527 965 τούτοις
556 901 933 970 ὲμμελετῶσα.
983 900 1088 954 Τὸν
1116 902 1381 972 λιθομανῆ
1410 901 1519 973 γὰρ
1557 901 1650 955 καὶ⁵
1692 920 1889 972 χρυσο-

321 993 509 1061 λάτριν
542 990 948 1062 προϐαλλομένη
988 991 1263 1070 Θεόφιλον,
1293 992 1554 1064 τέσσαρσι
1583 996 1884 1064 συνεργοῖς,

320 1084 352 1155 ἢ
389 1084 589 1155 μᾶλλον
640 1085 1070 1150 συναποστάταις
1121 1085 1486 1157 ὀχυρωθέντα,
1531 1085 1621 1138 τὸν
1666 1084 1887 1155 θεοφιλῆ

319 1176 415 1230 καὶ
461 1176 708 1243 θεολόγον
752 1176 1196 1246 κατεπολέμησεν
1244 1176 1525 1247 ἄνθρωπον
1545 1215 1559 1239 ,
1611 1176 1711 1245 τὴν
1758 1178 1888 1247 περὶ

318 1266 411 1320 τὸν
441 1267 566 1335 ἐμοὶ
597 1265 882 1337 ὁμώνυμον
924 1266 1217 1336 ἀπέχθειαν
1266 1267 1360 1320 καὶ
1416 1266 1755 1336 δυσμένειαν,
1790 1266 1889 1335 ὁρ-

319 1357 593 1427 μητήριον
640 1356 740 1425 τῆς
791 1356 995 1418 οἰκείας
1037 1354 1307 1427 εὑρηκότα
1355 1354 1689 1425 σκαιότητος.
1748 1353 1888 1407 Ἀλλ’

318 1442 465 1507 οἶκος
502 1445 669 1498 Δαϐὶδ
711 1445 1086 1516 κραταιοῧται,
1118 1444 1334 1499 ἀσθενεῖ
1374 1445 1430 1497 δὲ
1478 1446 1507 1497 ὁ
1553 1443 1645 1497 τοῦ
1695 1443 1885 1509 Σαοὺλ,

317 1534 506 1597 καθὼς
532 1536 687 1606 ὁρᾷς,
722 1538 770 1589 ει
800 1536 894 1592 καὶ
918 1536 1013 1605 τῆς
1040 1535 1204 1607 ζάλης
1228 1536 1527 1606 ὑπερῆλθεν
1553 1537 1582 1588 ὁ
1606 1533 1888 1605 ἄνθρωπος

317 1624 415 1678 τοῦ
450 1625 591 1694 βίου,
622 1627 715 1679 καὶ
744 1626 880 1698 πρὸς
899 1626 999 1695 τὴν
1037 1626 1150 1681 ἀνω
1188 1626 1427 1698 γαλήνην
1460 1624 1744 1695 μετετέθη.

1988 430 2076 507 res
2119 454 2221 507 ista
2261 458 2497 519 superat.
2551 445 2749 501 Verum
2784 454 2953 511 pauca
2982 436 3227 507 quaedam
3262 434 3409 488 audi.
3450 430 3549 486 Vi-

1983 544 2104 598 cina
2143 542 2405 614 }Egyptus
2434 541 2536 593 hoc
2567 550 2781 605 semper
2830 534 2881 587 in
2928 544 3079 584 more
3111 526 3316 589 habuit,
3343 534 3402 579 ut
3440 524 3549 577 ini.

1986 648 2092 702 que
2130 648 2192 688 ac
2230 633 2435 701 perdite
2472 644 2529 683 se
2563 635 2806 699 gereret,
2848 621 3046 675 Mosam
3099 616 3344 672 videlicet
3390 628 3550 681 repu-

1986 726 2168 787 dians,
2218 731 2273 775 et
2316 721 2653 774 Pharaonem
2709 714 2979 767 asciscens
3024 728 3040 764 :
3088 707 3322 763 humiles
3354 720 3420 759 ac
3448 704 3546 758 de-

1989 817 2183 870 missos
2216 811 2396 881 ﬂagris
2444 810 2712 869 lacerans,
2746 804 3055 858 laborantes
3095 797 3427 867 opprimens,
3455 806 3546 847 ur-.

1988 903 2082 958 bes
2103 911 2386 955 exstruere
2416 898 2636 964 juhens,
2678 903 2734 948 et
2777 892 3081 946 mercedem
3122 900 3345 957 negans,
3386 894 3547 953 atque

1988 994 2052 1047 ad
2082 993 2186 1047 hoc
2245 1003 2416 1058 usque
2462 996 2670 1055 tempus
2718 986 2771 1037 in
2828 982 3018 1036 iisdem
3072 978 3266 1033 studiis
3317 976 3547 1029 harena.

1988 1083 2261 1153 Siquidem
2322 1083 2510 1135 insano
2575 1076 2879 1146 lapillorum
2942 1084 3126 1126 amore
3184 1067 3539 1137 ﬂagrantem,

1989 1185 2148 1242 atque
2200 1186 2387 1224 aurum
2439 1183 2534 1236 pro
2585 1165 2803 1219 numine
2848 1162 3134 1215 habentem
3167 1154 3549 1223 Theophilum,

1988 1272 2219 1335 quatuor
2242 1260 2425 1326 sociis,
2444 1259 2551 1313 imo
2574 1254 2923 1324 coapostatis,
2944 1261 3154 1319 septum
3174 1262 3238 1301 ac
3260 1245 3549 1308 munitum,

1990 1354 2043 1407 in
2070 1352 2183 1425 48
2216 1351 2448 1407 medium
2497 1345 2807 1417 proferens,
2854 1343 2999 1413 pium
3035 1339 3213 1393 virum
3249 1351 3312 1390 ac
3338 1334 3553 1390 divina.

1989 1461 2105 1499 rum
2142 1457 2324 1499 rerum
2370 1442 2613 1497 doctrina
2651 1436 2937 1507 praeditum
2973 1428 3326 1502 expugnavit,
3367 1425 3550 1481 odium

1989 1533 2237 1587 videlicet
2282 1539 2445 1599 atque
2491 1527 2855 1590 inimicitiam,
2890 1536 3051 1592 quam
3107 1519 3370 1573 adversus
3401 1528 3545 1579 eum,

1990 1624 2078 1692 qui
2110 1622 2296 1678 eodem
2339 1636 2445 1689 quo
2488 1635 2587 1690 ego
2618 1618 2834 1673 nomine
2859 1612 3177 1685 appellatur,
3210 1605 3540 1677 improbita-

321 1718 395 1769 tis
444 1724 611 1784 atque
641 1715 1061 1784 importunitatis
1106 1731 1240 1781 suae,
1268 1715 1416 1770 velut
1449 1711 1913 1784 propugnaculum
1950 1721 2163 1768 nactus.
2195 1713 2264 1767 At
2304 1711 2517 1767 Davidis
2573 1721 2747 1763 tamen
2786 1706 2978 1759 domus
3022 1700 3304 1757 invalescit
3336 1701 3351 1731 '
3391 1716 3407 1752 :
3449 1700 3545 1752 do.

316 1820 442 1863 mus
471 1816 653 1859 autem
679 1804 880 1870 Saulis,
932 1817 991 1860 ut
1029 1806 1231 1873 cernis,
1273 1804 1630 1861 debilitatur:
1665 1802 1877 1860 tametsi
1915 1802 2000 1857 vir
2033 1802 2124 1858 ille
2180 1812 2433 1872 superata
2460 1801 2584 1859 vita:
2606 1808 2941 1869 tempestate,
2978 1794 3044 1849 ad
3112 1792 3384 1853 ctelestem
3413 1801 3554 1852 uano

316 1897 646 1967 quillitatem
678 1897 1008 1966 migraverit.

490 2012 661 2065 PNI".
701 2041 773 2052 -—
810 2010 1204 2083 ΗΡΑΚΛΕΙΔῌ
1241 2010 1714 2080 ΠΡΕΣΒΥΤΕΡῼ.

327 2120 393 2178 Τί
426 2120 557 2175 ἐστι
588 2120 656 2173 τὸ
685 2120 1000 2188 είρημένον
1024 2120 1148 2184 τοῖς
1170 2120 1551 2185 ἀποστόλοις,
1575 2137 1593 2167 ι
1621 2118 1726 2183 Εἰς
1749 2115 1894 2171 ὁδὸν

753 2188 928 2243 ἰθνῶν
958 2189 1045 2258 μὴ
1084 2188 1403 2257 ἀπέλθητε.
1444 2208 1465 2241 ›

395 2300 468 2353 To
495 2301 576 2361 εἰς
600 2300 719 2355 ὁδὸν
743 2299 911 2356 ὲθνῶν
942 2300 1017 2373 μὴ
1072 2300 1347 2364 ἀπελθεῖν,
1381 2299 1457 2371 μὴ
1489 2297 1761 2353 συνελθεῖν
1793 2297 1862 2350 αὐ

218 2366 225 2370 ν
319 2393 435 2455 τοῖς
476 2390 590 2461 (48)
640 2393 719 2453 εις
762 2394 824 2442 τὸ
872 2366 1142 2461 φρόνημα,
1173 2366 1559 2452 ὡσαύτωςνκαὶ
1607 2388 1687 2451 είς
1734 2386 1891 2441 πόλιν

321 2479 682 2552 Σαμαρειτῶν
713 2480 786 2550 μὴ
812 2478 1089 2544 εἰσελθεῖν,
1116 2479 1234 2550 οὐχὶ
1277 2479 1376 2549 τῆς
1405 2480 1767 2548 συνοικήσεως
1788 2477 1894 2530 ἀπ-

321 2571 607 2641 εχόμενον,
636 2568 771 2623 ἀλλά
795 2568 891 2639 τῆς
916 2567 1230 2631 δυσσεϐείας
1256 2570 1352 2623 καὶ⁵
1390 2566 1649 2637 πονηρίας
1682 2567 1757 2637 μὴ
1791 2568 1891 2635 ἑφ-

321 2664 650 2735 ἀπτόμενον.

321 2871 492 2925 ΡΝΔ’.
528 2866 1097 2923 -ΠΗΔΟΥΣῙΩΤΑΙΣ
1120 2865 1229 2920 ΕΙΣ
1248 2865 1336 2918 ΤΟ
1366 2861 1740 2917 ΚΟΙΝΟΒΙΟΝ
1758 2859 1890 2931 (49).

393 2981 608 3045 Πολλὰς
644 2980 996 3053 ἐνηχούμενοι
1021 2978 1150 3049 περὶ
1179 2975 1332 3049 ὑμῶν
1357 2975 1735 3043 καταϐοήσεις,
1767 2971 1894 3025 πολ-

322 3073 421 3136 λὰς
464 3073 596 3143 ὑμῖν
627 3070 999 3140 ἀπαντλοῦμεν
1043 3068 1166 3123 καθ’
1205 3066 1418 3138 ἡμέραν
1461 3065 1559 3126 τὰς
1609 3063 1894 3133 παρακλή-

324 3182 458 3229 σεις.
499 3183 519 3215 ι
544 3164 774 3233 Ἀνδρες
800 3158 1071 3214 Νινευτται
1098 3158 1489 3226 ἀναστήσονται
1517 3155 1576 3206 ἐν
1616 3153 1681 3223 τῇ
1708 3151 1887 3221 κρίσει

326 3256 462 3326 μετὰ
481 3254 582 3323 τῆς
613 3253 805 3321 γενεᾶς
828 3250 1046 3320 ταύτης,
1064 3249 1158 3302 καὶ
1187 3241 1606 3315 κατακρινοῦσιν
1633 3242 1825 3306 αὐτὴν,
1854 3257 1875 3293 ι

2183 2004 2364 2062 CLIII.
2393 2034 2464 2049 --
2485 2002 2850 2059 HERACLIDI
2878 1996 3355 2057 PRESBYTERO.

1992 2094 2132 2159 Quid
2159 2095 2227 2148 ait
2260 2093 2397 2150 illud
2437 2092 2685 2161 apostolis
2719 2092 2938 2152 dictum,
2979 2105 2998 2137 ι
3028 2086 3096 2142 In
3143 2088 3281 2141 aiam
3320 2085 3552 2155 gentium

2571 2178 2633 2218 ne
2660 2161 2910 2215 ubieritis.
2950 2176 2970 2210 ι

2061 2278 2120 2333 1η
2161 2279 2302 2332 viam
2329 2275 2565 2346 gentium
2604 2273 2822 2327 minime
2844 2270 2995 2325 ahire
3026 2271 3074 2334 ³,
3106 2268 3246 2322 idem
3270 2274 3354 2319 est
3380 2263 3549 2333 quod,

1992 2370 2173 2423 animo
2202 2376 2257 2422 et
2280 2366 2475 2421 all'ectu
2512 2379 2635 2418 cum
2671 2363 2803 2431 ipsis
2838 2361 3061 2416 minime
3105 2358 3419 2414 convenire.
3446 2355 3550 2409 At.

1992 2475 2097 2530 que
2129 2460 2317 2514 eodem
2363 2457 2522 2511 modo
2559 2456 2651 2526 qui
2706 2455 2761 2508 in
2812 2453 3273 2508 Samaritanorum
3303 2448 3555 2504 civitates

1992 2550 2221 2605 introire
2272 2547 2615 2616 prohibetur,
2666 2560 2771 2601 non
2808 2544 2912 2598 hoc
2959 2543 3008 2598 ei
3058 2542 3357 2610 imperatur
3383 2548 3443 2593 ut
3479 2537 3549 2590 ab

1991 2654 2178 2697 eorum
2229 2638 2583 2694 contubernio
2628 2635 2923 2699 abstineat,
2974 2632 3071 2687 sed
3111 2640 3169 2686 ut
3215 2645 3282 2686 ne
3314 2630 3554 2700 ipsorum

1994 2732 2323 2802 impietatem
2346 2738 2402 2785 et
2433 2728 2834 2796 improbitatem
2865 2726 3115 2793 attingat.

2261 2840 2436 2897 CLIV.
2466 2870 2534 2881 —
2563 2837 2831 2896 PELUSII
2871 2834 3291 2893 C(ENOBITIS.

2064 2959 2327 3027 Quoniam
2364 2956 2544 3010 multa:
2577 2954 2860 3007 adversum
2904 2964 2997 3003 vos
3031 2948 3263 3018 querelae
3294 2946 3359 2999 ad
3390 2959 3554 2999 aures

1997 3062 2212 3107 nostras
2267 3048 2607 3119 perveniunt,
2637 3045 2840 3099 idcirco
2884 3040 3080 3095 multas
3118 3040 3279 3093 etiam
3317 3035 3557 3106 quotidie

1998 3144 2150 3199 vobis
2175 3140 2570 3196 admonitiones
2598 3136 2935 3191 adhibemus.
2963 3152 2982 3186 ι
3012 3133 3127 3188 Viri
3161 3131 3416 3186 Ninivitaa
3435 3145 3559 3184 sur-

1997 3244 2122 3306 gent
2148 3236 2201 3288 in
2226 3231 2429 3302 judicio
2460 3244 2580 3284 cum
2611 3228 2956 3299 generatione
2982 3226 3103 3288 ista,
3142 3233 3196 3279 et
3225 3223 3556 3278 condemna-

323 3311 474 3400 εἷπεν
497 3311 924 3414 minimos—"(lu
944 3311 993 3394 οί
1026 3311 1121 3411 μὲν
1136 3311 1465 3409 ἀνήκοοιτοῦ
1488 3334 1653 3403 νόμου
1676 3330 1886 3401 γεγονός-

1998 3329 2130 3381 bunt
2167 3338 2311 3385 eam,
2346 3341 2364 3373 ι
2398 3321 2569 3388 inquit
2606 3318 2865 3373 Dominus
2890 3316 2933 3370 ³.
2958 3315 3220 3381 Quoniam
3252 3312 3340 3381 qui
3385 3311 3557 3378 legem

322 3454 434 3501 τες,
448 3435 544 3506 τὴν
565 3434 659 3488 τοῦ
681 3434 953 3503 προφήτου
986 3429 1213 3499 ἀπειλὴν
1233 3426 1674 3496 κατεπλάγησαν,
1689 3424 1781 3476 καὶ
1806 3420 1895 3475 τύο

326 3543 424 3579 πον
450 3525 545 3578 καὶ
576 3523 734 3575 σκιὰν
760 3522 857 3589 τῆς
873 3519 1202 3587 Δεσποτικῆς
1222 3520 1399 3587 ταφῆς
1426 3514 1739 3585 ἀκηκοότες,
1759 3512 1892 3565 ἔδει·

329 3636 426 3672 σαν
443 3618 575 3688 πρὸς
586 3616 649 3669 τὸ
668 3612 764 3667 τοῦ
781 3611 1080 3681 συμϐάντος
1095 3606 1414 3680 παράδοξον.
1440 3606 1503 3658 Ἦ
1511 3606 1629 3674 μείς
1647 3604 1703 3656 δὲ
1731 3602 1892 3656 αὑτὸν

330 3706 526 3767 ἰδόντες
592 3701 683 3755 τὸν
754 3697 1228 3771 προφητευθέντα,
1290 3695 1385 3747 καὶ
1443 3692 1888 3763 ψηλαφήσαντες,

329 3792 641 3861 ἀγνώμονες
710 3788 940 3859 μένομεν
1006 3785 1140 3857 πρὸς
1207 3783 1402 3849 αὐτὸν,
1469 3782 1563 3835 καὶ
1626 3781 1893 3835 ἁνένδοτοι

329 3881 464 3951 πρὸς
509 3880 866 3950 μετάγνωσιν.
910 3875 1001 3947 Μὴ
1049 3875 1250 3938 τοίνυν,
1308 3873 1544 3942 ἀδελφοὶ,
1587 3872 1680 3925 καὶ
1724 3872 1893 3924 ἐθνῶν

331 3973 588 4042 φανῶμεν
620 3970 983 4041 άπιστότεροι,
1012 3967 1109 4023 καὶ
1138 3967 1197 4022 ὃν
1228 3969 1422 4021 ἐκεῖνοι
1452 3965 1652 4034 ἔφυγον
1676 3962 1894 4035 ὄλεθρον

332 4059 544 4114 ἐπισπῶ
553 4076 729 4131 μενοι.

587 4362 762 4415 PNE'.
803 4388 874 4398 -
908 4358 1197 4428 amomo
1233 4356 1636 4425 ΝΑΥΚΛΗΡῼ.

756 4472 895 4539 Περὶ
932 4471 1036 4524 τοῦ
1080 4470 1164 4539 μὴ
1197 4467 1469 4537 ὁρκίζειν.

1997 3414 2220 3470 minime
2264 3411 2564 3473 audierant,
2614 3410 2887 3476 prophetae
2927 3403 3396 3460 comminationem
3422 3400 3562 3455 exti~

2002 3488 2276 3571 muerunt,
2306 3513 2487 3572 atque,
2523 3501 2692 3570 ﬁgura
2746 3499 3007 3552 duntaxat
3047 3504 3104 3550 et
3139 3494 3327 3549 umbra
3372 3491 3559 3546 Domi-

1998 3600 2130 3653 nicae
2178 3595 2466 3665 sepultura:
2525 3592 2731 3655 audita,
2794 3590 2860 3642 ad
2914 3587 3246 3655 inopinatum
3302 3592 3554 3638 eventum

1998 3699 2143 3745 metu
2187 3685 2458 3757 perterriti
2500 3692 2643 3739 sunt.
2687 3681 2793 3734 Nos
2839 3688 3039 3742 autem,
3082 3674 3174 3745 qui
3201 3689 3323 3729 eum
3358 3673 3556 3741 ipsum,

1999 3781 2066 3836 de
2099 3795 2206 3850 quo
2244 3777 2558 3830 vaticinium
2601 3773 2883 3833 edebatur,
2916 3766 3296 3836 conspeximus
3340 3772 3394 3817 et
3426 3777 3561 3818 con-

2004 3872 2369 3934 trectavimus,
2450 3865 2647 3935 ingrati
2730 3864 2987 3917 adversus
3061 3871 3183 3912 eum
3258 3869 3560 3922 manemus,

2001 3971 2161 4030 atque
2188 3961 2253 4014 ad
2290 3957 2718 4027 resipiscentiam
2756 3952 2912 4024 rigidi
2945 3958 3001 4006 et
3035 3947 3375 4003 inﬂexibiles.
3418 3945 3564 4012 Quo-

2001 4054 2169 4116 circa,
2205 4051 2421 4112 fratres,
2458 4061 2525 4102 ne
2546 4044 2835 4115 gentilibus
2859 4056 3074 4112 quoque
3104 4037 3429 4093 inﬁdeliores
3464 4050 3563 4089 nos

2001 4144 2353 4215 pra:bea|nus,
2404 4152 2653 4207 eamque,
2697 4150 2857 4205 quam
2895 4133 2971 4187 illi
3008 4129 3329 4197 effugerunt,
3379 4125 3563 4197 perni-

2003 4238 2137 4291 ciem
2168 4234 2233 4288 ad
2265 4247 2361 4287 nos
2395 4230 2749 4283 attrahamus.

2249 4344 2400 4401 CLV.
2417 4374 2487 4383 -
2510 4339 2896 4397 TIIEOPIIILO
2923 4335 3309 4395 NAUCLERO.

2322 4456 2394 4510 De
2422 4472 2525 4509 non
2553 4452 2903 4523 extorquendo
2916 4451 3243 4520 juramento.

401 4590 464 4643 EI
501 4590 603 4659 τῆς
651 4587 927 4659 ἡμετέρας
973 4584 1236 4655 ὑπάρχεις
1274 4582 1495 4651 ἀγέλης,
1523 4580 1617 4633 καὶ
1659 4577 1764 4631 ὑπὸ
1805 4577 1886 4630 τὸν

2071 4572 2126 4628 Si
2160 4571 2327 4627 nostri
2357 4571 2533 4641 gregis
2551 4584 2629 4636 es,
2663 4585 2726 4624 ac
2753 4567 2852 4622 sub
2890 4566 3027 4620 bono
3060 4564 3153 4619 illo
3185 4571 3401 4630 pastore
3432 4574 3561 4615 cen-

404 4741 491 4798 ’~II
515 4742 649 4812 Reg.
693 4757 775 4805 nt,
807 4739 876 4793 12
896 4753 1073 4808 seqq,.

1162 4739 1182 4769 ²
1221 4736 1407 4795 Matth.
1443 4752 1498 4801 x,
1530 4733 1583 4788 5.
1660 4734 1681 4765 ⁸
1708 4730 1898 4786 Matth.
1937 4745 2035 4796 xu,
2074 4728 2164 4785 41.

1414 4868 1651 4924 ἾΑΠΙΑΞ
1688 4863 2068 4927 LECTIONES
2107 4863 2193 4918 ET
2242 4863 2469 4918 NOTAE.

340 5031 531 5099 Σίμωνι
565 5028 802 5100 μοναχῷ.
832 5027 984 5100 Vera.
1014 5028 1049 5079 2
1079 5026 1199 5100 loco
1222 5025 1464 5100 as_teris_ci
1491 5032 1600 5076 tres
1626 5020 1878 5100 illicodd.

339 5090 439 5171 γάρ
466 5090 887 5171 pon'untfvers.
918 5098 952 5150 '5
972 5113 1087 5171 pro,
1119 5096 1180 5171 τζ)
1204 5094 1664 5171 τοῦπράγματος,
1707 5090 1875 5171 Sl'ort.

338 5159 388 5223 ἐι
409 5159 527 5224 Ἀίι.
559 5159 840 5229 exhibent,
866 5168 898 5236 ἡ
930 5159 1067 5236 μέθη
1081 5164 1179 5236 τοῦ
1204 5159 1543 5236 πράγματος..
1580 5159 1734 5236 Υςνε.
1830 5168 1879 5211 et

338 5239 387 5303 8,
411 5254 507 5307 pro
548 5238 679 5299 illis,
708 5229 1000 5307 μέχριτοῦ
1038 5229 1399 5307 νῦν-τούτοις,
1432 5232 1551 5284 cod.
1577 5229 1759 5307 ’δίο-τι..
1784 5229 1874 5307 _ha-

338 5298 439 5373 bet,
499 5298 671 5379 μέχρι
708 5298 1087 5379 ’νῦντούτσδέᾳ
1132 5302 1287 5379 vers.
1325 5301 1395 5379 ιε
1431 5315 1525 5369 pro
1575 5299 1697 5367 ἐμοὶ
1747 5298 1886 5379 idem

338 5366 451 5432 cum
482 5366 767 5443 Alt'."leglt
797 5375 950 5443 ἐμόν.
988 5370 1145 5443 Vera.
1175 5372 1208 5426 9
1232 5366 1555 5443 asteriscunt
1589 5366 1708 5443 post
1747 5366 1885 5443 ἀλλ’,

339 5447 488 5499 codd.
544 5437 717 5499 anrt:
760 5437 975 5496 et'Alt.
1031 5441 1223 5494 tollunt
1277 5438 1562 5492 inserendo
1607 5439 1723 5503 ejus
1767 5437 1884 5487 loco

341 5516 616 5573 articulum
642 5515 692 5566 ό.
722 5510 881 5566 Vers.
912 5510 1114 5576 penult.
1146 5524 1240 5575 pro
1268 5505 1572 5576 ὑπερῆλθεν
1598 5505 1766 5576 codd;
1786 5503 1884 5555 Va-

338 5585 427 5645 lic.
453 5584 577 5653 εις),
600 5582 772 5638 Sl'ort.
804 5592 859 5636 et
886 5573 992 5634 Alt.
1010 5573 1363 5639 substituunt,
1382 5573 1707 5644 ὑπεξῆλθεν.
1724 5573 1876 5637 Ycrs.

1987 5019 2081 5073 ult.
2117 5021 2219 5073 duo
2250 5018 2406 5071 codd.
2452 5016 2627 5070 Vatic.
2659 5014 2762 5069 649
2791 5021 2847 5067 et.
2887 5011 2992 5064 Alt.
3024 5007 3285 5079 μετετέθη
3333 5017 3541 5063 mutant

1986 5090 2037 5142 in
2123 5087 2357 5140 ετέθετο.
2384 5085 2596 5139 Possm.

2052 5107 2163 5222 (r8)
2208 5156 2372 5222 Exple
2410 5156 2594 5208 hiatun

2111 5159 2163 5228 8)
2208 5156 2372 5228 Exple
2410 5156 2828 5228 hiatu_m_v_ersus
2850 5149 3342 5228 secundi_,_ins-erto
3374 5148 3544 5201 ἐστὶν.

1993 5218 2404 5297 suggerentibus
2437 5225 2595 5297 codd.
2627 5221 2803 5297 Vatic.
2844 5220 2945 5297 {549
2979 5227 3031 5297 et
3064 5220 3173 5297 t_\lt_.
3202 5218 3415 5297 Possm.

2068 5284 2427 5367 (759)_Tittilu§
2473 5290 2632 5367 huius
2667 5290 2910 5367 epistola:
2950 5290 3030 5367 sic
3079 5288 3242 5367 habet
3288 5289 3340 5339 in
3400 5284 3557 5338 codd.

2000 5357 2114 5417 Val.
2157 5357 2260 5417 649
2291 5370 2344 5415 et
2369 5362 2500 5421 Alt.,
2533 5357 2938 5430 Πηλουσιώταις
2963 5359 3019 5410 ὲν
3053 5357 3217 5430 κοίνῳ
3242 5374 3273 5430 ;_
3294 5368 3395 5408 nec
3430 5368 3562 5430 sane

1993 5436 2285 5501 quidquam
2332 5440 2415 5483 est
2445 5423 2883 5501 unde'appareat
2925 5423 3222 5501 cmnobitis
3263 5426 3378 5477 haec
3427 5423 3553 5501 dici.

1995 5491 2154 5555 Vers:
2197 5501 2221 5553 l
2279 5513 2309 5551 e
2342 5512 2488 5568 Avoce
2544 5491 2908 5568 καταϐοήσεις
2955 5494 3391 5566 praepositionem
3430 5491 3530 5547 eod

1987 5571 2094 5625 Alt.
2138 5569 2295 5625 tollit.
2338 5566 2543 5625 Possm.
