3944 6138
339 253 442 330 287

1528 257 1590 315 S.
1637 251 1928 314 ISIDORI
1960 248 2391 312 PELUSIOTB

3460 223 3569 285 288

342 373 503 437 seris,
542 368 783 425 ferarum
808 376 1057 423 naturam
1113 381 1179 423 ac
1227 364 1634 423 similitudinem
1690 365 1898 433 abjura,

2019 358 2170 412 καλὸν
2203 357 2373 429 τάττῃ
2417 352 2670 423 ποιμένα,
2714 347 2812 419 τὴν
2857 344 2967 399 τῶν
3017 340 3219 437 θηρίων
3264 337 3426 437 φύσιν
3470 339 3566 391 καὶ

343 471 510 532 atque
538 460 712 531 ipsius
731 459 849 514 voci
875 458 1207 526 obtempera,
1231 457 1346 526 qui,
1372 471 1438 509 ne
1460 457 1682 510 omnino
1698 455 1849 525 jures
1864 491 1883 519 ,

342 550 597 623 prohibet
616 548 658 603 ⁵.
691 548 859 602 Porro
900 560 1005 601 non
1031 546 1250 613 jurare,
1283 560 1351 600 ne
1369 543 1745 613 jusjurandum
1781 544 1903 612 qui-

344 644 465 698 dem
494 639 563 695 ab
590 639 696 693 alio
730 640 947 706 exigere
983 635 1256 692 est..Nam
1289 637 1334 690 si
1354 636 1538 705 jurare
1560 636 1781 689 minime
1799 634 1900 700 vis,

342 744 413 785 ne
438 730 507 785 ab
535 728 659 783 aliis
692 728 937 796 quidem,
970 737 1029 781 ut
1050 726 1255 793 jurent,
1293 735 1575 794 extorque,
1607 725 1766 793 idque
1808 725 1904 779 du-

345 819 470 889 plici
502 820 567 875 de
594 833 759 874 causa
786 835 802 873 :
831 817 1086 872 nimirum
1130 826 1225 871 aut
1244 817 1367 886 quia
1393 818 1503 870 veri
1530 816 1802 870 studiosus
1821 822 1905 869 est

343 907 438 978 qui
488 908 882 978 interrogatur;
915 915 1009 961 aut
1032 918 1247 970 contra,
1278 907 1408 976 .quia
1434 906 1664 961 libenter
1696 905 1901 960 menti-

344 1004 453 1052 tur.
498 997 557 1053 Si
603 999 748 1052 enim
789 997 881 1052 ille
910 1012 1037 1052 vera
1083 998 1227 1066 loqui
1268 997 1426 1063 solet,
1482 997 1700 1052 omnino
1739 997 1904 1051 etiam

344 1084 492 1142 nullo
556 1086 874 1156 interposito
936 1085 1285 1155 jurejurando
1340 1100 1466 1141 vera
1523 1087 1818 1154 loquetur:
1858 1084 1904 1139 si

345 1182 528 1230 autem
557 1176 787 1229 mendax
832 1184 941 1240 est,
980 1176 1169 1246 jurans
1203 1177 1370 1230 etiam
1423 1176 1733 1230 mentietur.
1766 1173 1907 1239 Qua-

344 1272 565 1332 propter
617 1264 812 1332 duplici
870 1267 970 1320 hoc
1014 1266 1233 1322 nomine
1289 1265 1665 1336 jusjurandum
1718 1265 1899 1319 haud-

346 1367 611 1421 quaquam
662 1354 985 1423 exigendum
1025 1366 1128 1413 est.

765 1465 940 1521 CLVI.
969 1494 1040 1506 -—
1072 1467 1490 1523 EUSTATIIIO.

870 1570 871 1573 ‘
915 1557 993 1611 De
1014 1559 1331 1613 sacerdotio.

415 1666 526 1739 Ego
557 1667 770 1738 quidem
816 1668 1035 1737 librum,
1071 1685 1228 1740 quem
1268 1685 1297 1724 a
1331 1685 1415 1725 me
1450 1669 1674 1740 petiisti,
1729 1670 1849 1724 misi
1888 1684 1904 1725 :

346 1759 687 1828 fructumque
718 1775 782 1814 ex
808 1774 873 1816 eo
900 1776 995 1830 per
1057 1771 1107 1816 te
1136 1772 1410 1830 exspecto,
1433 1762 1523 1831 qui
1563 1761 1630 1815 ab
1656 1762 1905 1817 omnibus

346 1849 489 1918 exigi
546 1849 849 1905 consuevit.
897 1850 1111 1904 Nullum
1159 1851 1334 1916 enim,
1379 1851 1616 1916 nullum,
1654 1852 1896 1920 inquam,

346 1947 536 2008 pectus
589 1938 747 2006 hujus
792 1939 955 1995 lectio
1003 1941 1327 2010 penetravit,
1369 1940 1479 2012 49
1505 1942 1645 2010 quod
1680 1956 1784 1996 non
1826 1942 1906 1996 di-

350 2028 475 2081 vino
504 2042 690 2083 amore
718 2028 975 2084 sauciarit
1012 2048 1026 2083 :
1062 2040 1119 2083 ut
1145 2030 1237 2097 qui
1268 2031 1814 2098 augustamquidem,
1843 2045 1907 2084 ac

346 2118 706 2173 venerandam
742 2134 853 2174 rem
887 2135 1217 2190 accessuque
1241 2120 1510 2175 dilIlcilem
1545 2122 1906 2176 sacerdotium

346 2221 468 2261 esse
500 2208 770 2275 ostendat,
807 2223 993 2263 verum
1026 2211 1145 2265 sine
1178 2209 1283 2263 ulla
1319 2212 1754 2279 reprehensionis
1790 2213 1909 2267 labe

347 2298 766 2353 consectandum
813 2313 935 2353 esse
988 2301 1198 2353 doceat.
1245 2298 1520 2368 Siquidem
1574 2303 1785 2368 sapiens
1818 2302 1907 2356 ille

349 2394 405 2440 et
427 2386 670 2442 eruditus
698 2401 1019 2442 arcanorum
1064 2386 1156 2441 Dei
1192 2389 1476 2457 interpres,
1507 2387 1761 2453 Joannes,
1806 2392 1911 2460 By-

352 2474 581 2529 santinse
608 2475 884 2540 Ecclesiae,
906 2485 1067 2544 atque
1091 2477 1227 2531 adeo
1249 2476 1611 2535 Ecclesiarum
1638 2481 1901 2545 omnium,

349 2559 786 2625 oculus,lihrum
835 2579 957 2616 eum
994 2565 1066 2617 ita
1106 2564 1383 2620 subtiliter
1411 2574 1464 2619 et
1506 2568 1797 2635 prudenter
1822 2578 1904 2621 at.-

350 2664 456 2720 que
498 2662 753 2708 accurate
789 2654 1046 2718 condidit,
1082 2664 1139 2707 ut
1174 2671 1364 2711 omnes
1392 2657 1640 2726 tamaqni,
1688 2665 1745 2711 ut
1800 2658 1909 2712 Deo

350 2745 562 2808 gratum
590 2749 696 2805 est,
728 2743 1026 2797 sacerdotio
1065 2742 1378 2811 funguntur,
1417 2762 1578 2815 quam
1620 2748 1711 2816 qui
1742 2748 1911 2818 negli—

1998 450 2255 519 ὁμοίωσιν
2292 449 2543 517 άρνησαι,
2573 444 2664 497 καὶ
2692 443 2758 512 τῇ
2797 440 2948 509 φωνῇ
2982 432 3146 489 αὑτοῦ
3172 431 3564 501 ἀκολούθησον,

1990 540 2077 608 μὴ
2102 539 2298 608 ὀμόσαι
2324 538 2460 599 ὅλως
2500 532 2830 593 κελεύοντος.
2876 529 2951 583 Τὸ
2970 526 3031 581 δὲ
3072 524 3148 597 μὴ
3185 523 3401 594 ὀμόσαι,
3432 519 3568 591 μηδὲ

2000 631 2296 699 ἀπαιτῆσαι
2328 629 2490 697 ὅρκον
2526 624 2697 678 ἐστίν.
2746 623 2809 675 El
2846 620 2955 689 γὰρ
3003 616 3077 688 μὴ
3128 613 3305 686 βούλει
3345 610 3565 682 ὀμόσαι,

2004 721 2137 792 μηδὲ
2167 720 2296 792 παρ’
2322 718 2525 789 ἑτέρων
2544 717 2708 788 ὅρκον
2732 711 2974 774 ἀπαίτει,
3005 709 3093 762 διὰ
3116 706 3209 760 δύο
3249 703 3449 763 ταύτας
3478 702 3567 754 αί-

2000 814 2145 875 τίας·
2167 812 2199 881 ἢ
2230 812 2291 863 τὸ
2308 806 2664 879 ἐπαληθεύειν
2684 805 2775 859 τὸν
2801 798 3252 872 ἐπερωτώμενον,
3279 795 3312 866 ἢ
3339 794 3399 846 τὸ
3418 794 3572 845 ἐναν-

2000 901 2112 956 τίον
2138 900 2197 953 τὸ
2220 899 2529 968 ψεύδεσθαι.
2574 898 2639 952 El
2681 895 2790 964 γὰρ
2820 891 3077 962 ἀληθεύει
3118 887 3368 957 συνήθως
3411 885 3439 938 ὁ
3470 884 3568 936 ἄν·

2004 992 2238 1064 θρωπος,
2271 992 2366 1044 καὶ
2393 990 2500 1062 πρὸ
2532 988 2625 1042 τοῦ
2653 988 2814 1057 ὅρκου
2849 984 3065 1045 πάντως
3104 976 3358 1049 ἀληθεύει
3378 990 3393 1006 ο
3425 974 3486 1064 εί
3508 970 3572 1064 δὲ

2002 1057 2239 1153 ψεύστης
2266 1082 2401 1144 ἐστὶ,
2433 1057 2527 1135 iul
2548 1077 2762 1149 ὀμνύων
2788 1075 3042 1146 ψεύδεται
3068 1069 3206 1144 (50).
3236 1067 3311 1124 Οὐ
3346 1062 3453 1139 χρὴ
3477 1057 3572 1116 οὖν

2003 1175 2163 1245 ὅρκον
2201 1174 2453 1229 ἀπαιτεῖν
2480 1172 2548 1227 δι’
2574 1168 2885 1240 ἀμφότερα.

2442 1460 2629 1527 ΡΝση.
2670 1487 2741 1501 ---
2774 1455 3136 1526 ΕΥΣΤΑΘΙῼ.

2532 1549 2673 1618 Περὶ
2703 1548 3034 1617 ἱερωσύνης

2091 1660 2231 1730 Ἐγὼ
2280 1662 2379 1733 μὲν
2402 1660 2502 1732 τὴν
2526 1659 2709 1730 βίϐλον
2745 1660 2811 1729 ἢν
2852 1658 3124 1727 ἐζήτησας
3163 1652 3451 1721 πέπομφα,
3478 1648 3579 1702 καὶ

2008 1751 2219 1821 καρπὸν
2246 1752 2305 1815 ἐξ
2338 1750 2507 1819 αὐτῆς
2533 1749 2621 1803 διὰ
2665 1748 2757 1801 σοῦ
2802 1746 3151 1818 περιέμενον,
3180 1742 3239 1805 ὃς
3278 1740 3389 1811 (51)
3423 1738 3580 1810 παρὰ

2011 1847 2224 1899 πάντων
2270 1844 2513 1914 συνήθως
2560 1842 2964 1911 εἰσπράττεται.
2998 1838 3071 1891 Οὐ
3111 1836 3219 1907 γὰρ
3261 1834 3409 1888 ἐστιν
3433 1874 3448 1899 ,
3477 1834 3582 1885 οὐκ

2011 1935 2125 1987 ἔστι
2161 1934 2375 2005 καρδία,
2406 1936 2472 2003 ἣν
2518 1932 2747 2002 ἐπῆλθεν
2794 1931 2827 2000 ἡ
2873 1929 3077 1998 ταύτης
3124 1927 3453 1993 ἀνάγνωσις,
3483 1922 3581 1975 καὶ

1984 2016 1987 2021 ’
2011 2024 2147 2093 πρὸς
2167 2025 2258 2078 τὸν
2275 2024 2421 2077 θεῖον
2443 2023 2613 2092 αὐτὴν
2630 2021 2729 2074 οὐκ
2754 2020 2990 2090 ἔτρωσεν
3017 2017 3194 2087 Ερωτα
3211 2032 3225 2045 ⁸
3255 2014 3455 2084 σεπτὴν
3481 2013 3584 2083 μὲν

2013 2114 2114 2184 τὴν
2152 2113 2447 2184 ἱερωσύνην
2475 2113 2572 2166 καὶ
2604 2110 2962 2183 δυσπρόσιτον
2990 2107 3231 2173 δείξασα,
3272 2105 3583 2176 ἀμέμπτως

2013 2207 2069 2260 δὲ
2101 2207 2267 2276 αὐτὴν
2301 2205 2658 2277 μετέρχεσθαι
2682 2202 2966 2267 διδάξασαο
2987 2203 3017 2254 ὁ
3043 2201 3151 2270 γὰρ
3186 2199 3291 2254 τῶν
3314 2196 3405 2250 τοῦ
3442 2192 3578 2248 Θεοῦ

2014 2299 2337 2368 ἀπορρήτων
2377 2294 2537 2363 σοφὸς
2579 2294 2859 2363 ὑποφήτης
2902 2291 3173 2359 Ἰωάννης,
3207 2291 3236 2341 ὁ
3260 2287 3360 2356 τῆς
3389 2288 3445 2338 ὲν
3478 2285 3583 2338 Βυ-

2015 2377 2224 2455 ζαντίῳ“
2245 2384 2567 2455 Ἐκκλησίας
2590 2383 2684 2437 καὶ
2703 2383 2882 2452 πάσης
2902 2379 3196 2450 ὀφθαλμὸς,
3218 2377 3390 2439 οὕτως
3413 2374 3582 2446 αὐτὴν

2011 2476 2219 2539 λεπτῶς
2249 2476 2341 2528 καὶ
2368 2474 2585 2536 πυκνῶς
2619 2471 3007 2541 ὲξηκρίδωσεν,
3040 2470 3182 2522 ὥστε
3224 2467 3431 2528 πάντας
3457 2465 3585 2527 τούς

2012 2584 2071 2620 τε
2095 2568 2233 2620 κατά
2262 2566 2392 2619 Θεὸν
2418 2562 2815 2635 ίερατεύοντας,
2845 2560 2971 2625 τούς
3004 2578 3063 2612 τε
3087 2557 3345 2629 ῥᾳθύμως
3384 2556 3588 2626 ἱερατι-

2015 2657 2115 2727 κὴν
2144 2656 2714 2726 μεταχειρίζοντας,ὲν
2757 2653 2928 2723 ταύτῃ
2968 2651 3035 2704 τά
3082 2650 3256 2702 οίκεία
3301 2647 3586 2717 εὑρίσκειν

2016 2747 2415 2821 κατορθώματα
2440 2764 2498 2799 τε
2527 2747 2621 2799 καὶ
2656 2744 2984 2814 σκώμματα.

353 2836 542 2895 genter
582 2838 635 2885 ct
677 2830 870 2901 ignave
920 2834 1310 2895 sacerdotalem
1376 2836 1691 2905 dignitatem
1779 2839 2177 2905 administrant,
2252 2839 2339 2894 hic
2378 2848 2432 2891 et
2513 2838 2741 2889 virtutes
2767 2848 2895 2890 suas
2939 2839 2992 2886 et
3041 2828 3362 2885 oll'eusiones
3426 2838 3588 2894 repe-

352 2926 519 2973 nant.

490 3031 690 3089 CLVII.
719 3064 789 3076 —-—
814 3034 1197 3091 PANSOPIIIO
1221 3036 1744 3098 ARCUIDIACONO.

798 3127 880 3180 Ad
949 3129 1239 3181 sacerdotes
1265 3144 1468 3182 avaros.

421 3238 478 3294 Si
523 3238 720 3295 Christi
769 3239 927 3295 altari
969 3241 1241 3296 ministras
1271 3283 1288 3307 ,
1319 3244 1383 3295 da
1432 3257 1648 3309 Operam
1695 3253 1752 3297 ut
1795 3256 1917 3296 eum

353 3331 519 3400 ipsius
542 3329 745 3398 legibus
778 3344 970 3383 munus
1004 3340 1149 3385 tuum
1175 3333 1551 3393 administres,
1585 3340 1918 3384 mansuetum

354 3417 603 3472 videlicet
639 3427 801 3485 atque
868 3419 1030 3472 corde
1100 3419 1352 3473 humilem
1394 3430 1449 3472 et
1490 3420 1814 3474 submissum
1869 3429 1922 3479 te

355 3507 621 3577 praebens.
669 3505 852 3573 Neque
879 3508 1019 3561 enim
1072 3508 1336 3563 forensem
1384 3511 1671 3576 quamdam
1727 3510 1919 3578 praefe-

360 3604 574 3651 cturam
605 3603 765 3664 atque
798 3594 1105 3663 imperium,
1128 3596 1265 3652 fastu
1294 3612 1358 3653 ac
1387 3613 1574 3667 pompa
1605 3608 1659 3654 et
1690 3599 1922 3653 insolen-

360 3686 432 3741 tia
464 3685 722 3741 tumidum
759 3694 993 3740 tractas:
1027 3701 1209 3742 verum
1246 3698 1494 3756 pacatum
1544 3704 1608 3744 ac
1660 3689 1920 3757 tranquil-

362 3778 470 3831 lum
516 3776 893 3832 ministerium.
938 3778 1086 3843 Quod
1127 3777 1170 3833 si
1204 3793 1333 3847 opes
1385 3778 1582 3846 iniquis
1626 3779 1919 3833 rationibus

358 3868 591 3929 cellech
620 3869 824 3925 animos
855 3869 951 3924 tibi
981 3870 1190 3935 lollunl,
1226 3871 1352 3936 ipsae
1374 3870 1586 3937 quidem
1639 3869 1916 3925 confestim

358 3969 692 4024 evomentur,
725 3969 785 4016 ut
814 3973 934 4028 qum
972 3969 1161 4021 natura
1206 3959 1343 4014 llius
1370 3970 1423 4013 et
1459 3960 1733 4014 instabiles
1762 3958 1868 4013 sint
1900 3974 1914 4012 :

2164 3035 2333 3087 PNZ'.
2359 3064 2428 3071 —
2456 3032 2795 3103 ΠΑΝΣΟΦΙῼ
2825 3026 3287 3096 ΑΡΧΙΔῙΑΚΟΝῼ
3306 3022 3438 3095 (55ὶ.

2212 3125 2367 3193 Πρὸς
2395 3123 2569 3192 ἱερεῖς
2610 3121 3010 3193 φιλαργυρίαν
3037 3117 3395 3183 νοσοῦντας.

2096 3236 2158 3287 El
2186 3233 2264 3303 τῷ
2294 3234 2529 3304 Χριστοῦ
2570 3234 2837 3294 διακονεῖς
2873 3230 3259 3301 θυσιαστηρίῳ,
3303 3226 3443 3298 μετὰ
3480 3227 3611 3282 τῶν

2025 3327 2188 3381 αὑτοῦ
2240 3326 2417 3395 νόμων
2480 3324 2715 3396 μετέρχῃ
2748 3325 2859 3395 (52)
2904 3324 3002 3395 τὴν
3053 3322 3391 3392 λειτουργίαν
3454 3324 3587 3388 σου’,

2025 3418 2195 3486 πρᾶος
2226 3417 2320 3469 καὶ
2368 3416 2619 3478 ταπεινὸς
2649 3416 2715 3483 τῇ
2760 3414 2957 3487 καρδίᾳ
2995 3414 3336 3484 φαινόμενος.
3371 3412 3446 3464 Οὐ
3482 3412 3595 3481 γὰρ

2025 3505 2305 3574 πολιτικήν
2327 3522 2446 3558 τινα
2471 3504 2728 3575 χειρίςεις
2750 3504 3062 3575 ἡγεμονίαν,
3086 3503 3241 3573 τύφῳ
3269 3503 3363 3557 καὶ
3392 3503 3596 3572 κόμπῳ

2027 3595 2486 3665 φλεγμαίνουσαν·
2525 3595 2660 3649 ἀλλά
2693 3594 2966 3649 διακονίαν
3016 3593 3298 3664 εἰρηνικὴν
3331 3594 3425 3648 καὶ
3460 3594 3597 3646 ἀτά-

2027 3699 2205 3754 ραχον.
2240 3683 2303 3735 Εἰ
2330 3683 2385 3735 δὲ
2414 3683 2638 3748 πλοῦτος
2666 3682 2845 3746 ἄδικος
2868 3682 3151 3753 συναχθεὶς
3189 3683 3475 3752 ὑπεραίρει
3506 3699 3591 3747 σε,

2024 3772 2183 3833 αὐτὸς
2226 3773 2323 3840 μὲν
2369 3771 2559 3826 θᾶττον
2592 3772 2999 3843 ὲξεμεθήσεται,
3034 3773 3266 3842 ῥευστὴν
3308 3772 3446 3840 ἔχων
3488 3772 3592 3841 τὴν

2024 3862 2184 3932 φύσιν
2205 3862 2300 3914 καὶ
2329 3862 2559 3915 ἄστατον
2574 3878 2589 3894 ο
2614 3864 2677 3915 σὺ
2699 3862 2755 3915 δὲ
2774 3862 2938 3915 πολὺν
2959 3861 3214 3931 ὀφλήσεις
3238 3862 3329 3913 τὸν
3351 3861 3594 3930 γέλωτα,

2023 3958 2133 4018 τοῖς
2166 3956 2597 4026 παρατρέχουσιν
2629 3955 2702 4020 ὠς
2742 3955 2938 4008 ἑστῶσι
2961 3953 3327 4025 προσθέμενος

361 4060 416 4105 tu
441 4066 569 4107 vero
591 4053 863 4123 ingentem
893 4051 970 4109 tui
1001 4053 1166 4109 risum
1195 4055 1478 4122 cxcitahis,
1510 4054 1601 4123 qui
1632 4051 2082 4121 praetereuntibus
2142 4053 2302 4105 rebus
2358 4062 2608 4119 tanquam
2687 4050 2860 4105 lirmis
2930 4064 2996 4104 ac
3037 4046 3317 4102 stabilihus
3347 4046 3593 4102 animum

360 4142 646 4199 addixeris.

637 4258 857 4314 CLVIII.
885 4290 955 4301 —
975 4260 1216 4318 PRISCO
1245 4262 1639 4318 CAPPADOCI.

433 4369 643 4425 Saevum
673 4385 727 4425 et
750 4371 1113 4440 importunum
1142 4382 1301 4440 atque
1325 4381 1664 4442 arrogantem
1697 4380 1747 4426 te
1776 4384 1914 4435 esse,

361 4461 745 4531 hominumque
800 4470 1049 4516 naturam
1101 4462 1443 4530 improbitate
1490 4474 1745 4530 superare
1798 4461 1922 4529 qui-

361 4552 483 4607 dam
510 4551 677 4607 aiunt.
716 4552 826 4623 Ego
854 4566 981 4607 vero
1014 4567 1133 4608 cum
1163 4552 1392 4608 absurda
1423 4552 1585 4606 multa
1624 4552 1689 4607 de
1743 4562 1793 4606 te
1837 4552 1923 4607 de-

497 4704 685 4761 Matth.
733 4721 785 4770 v,
820 4704 910 4760 '54.

2220 4256 2397 4308 PNH'.
2426 4286 2491 4294 —
2518 4256 2773 4323 ΠΡΙΣΚῼ
2806 4255 3231 4325 ΚΑΠΠΑΔΟΚῌ
3256 4254 3391 4324 (55).

2095 4367 2285 4419 Σκαιόν
2324 4366 2383 4419 σέ
2416 4368 2546 4435 φασί
2586 4384 2728 4428 τινες
2769 4369 2863 4419 καὶ
2907 4368 3142 4429 ἀλαζόνα
3187 4376 3282 4420 και
3324 4366 3591 4434 ὑπερσαί-

2024 4474 2181 4511 νοντα
2215 4458 2311 4528 τὴν
2346 4458 2505 4527 φύσιν
2541 4457 2966 4523 τῶνάνθρώπων
2998 4457 3311 4525 φαυλότητι.
3354 4456 3497 4523 Ἐγὼ
3531 4456 3590 4509 δὲ

2028 4549 2235 4603 πολλῶν
2272 4549 2399 4621 περὶ
2430 4549 2523 4601 σοῦ
2555 4548 2783 4619 ἀπηχῶν
2812 4547 3087 4620 ᾀδομένων
3115 4547 3216 4599 οὐκ
3244 4545 3353 4616 ἔχω
3378 4546 3441 4599 τὸ
3472 4546 3593 4599 πεί-

1449 4814 1683 4872 VARIAE
1729 4813 2112 4870 LEC‘I‘IONES
2160 4812 2249 4868 ET
2293 4813 2525 4870 NOTAE.

435 4972 546 5042 (50)
589 4970 832 5041 Suggerit
872 4971 993 5027 cod.
1039 4970 1147 5025 Alt.
1200 4968 1341 5042 unde
1390 4968 1672 5042 commode
1697 4966 1919 5042 expleas

362 5036 607 5095 lacunam
642 5036 900 5111 asterisco
926 5043 1227 5111 signatam;
1267 5037 1544 5092 interserit
1586 5036 1730 5091 enim
1759 5036 1919 5106 δῆλον

362 5124 485 5163 ante
505 5111 565 5179 οὐ
587 5111 713 5179 χρή.
744 5110 950 5179 Possm.

437 5178 549 5248 (51)
584 5174 737 5231 νοτε.
766 5178 817 5248 ‘2_
839 5194 934 5245 pro
971 5179 1028 5241 ὃς
1067 5178 1199 5248 Ιεεε
1230 5177 1288 5228 ὃν
1310 5218 1324 5242 ,
1357 5178 1401 5231 si
1440 5176 1661 5248 credere
1691 5174 1908 5248 dignum

365 5243 540 5317 putas
580 5248 750 5317 tribus
798 5243 963 5317 bonis
1004 5243 1340 5313 auctoribus,
1382 5246 1535 5301 codd.
1604 5243 1722 5297 Vat.
1783 5243 1909 5309 6.5.9,

370 5313 537 5373 Sion.
564 5326 615 5369 et
651 5316 757 5368 Alt.
798 5313 1003 5368 Possm.

439 5386 551 5455 (ΒΩ)
586 5384 739 5439 Vera.
772 5384 807 5436 2
836 5383 1217 5455 ρκ’-μετέρχῃ
1245 5383 1399 5438 codd.
1427 5381 1548 5435 Vat.
1584 5381 1688 5455 649
1723 5390 1778 5435 et
1808 5380 1915 5455 Alt.

439 5402 551 5455 (δῖ)
593 5402 739 5439 Υεΐθι
772 5402 807 5436 Ζ
836 5402 936 5451 pro
982 5402 1217 5506 μετεςχῃ
1245 5402 1399 5438 σοαπ.
1438 5402 1548 5435 vas.
1584 5402 1688 5436 '43
1723 5402 1778 5435 ει
1808 5402 1913 5434 ΒΗ.

368 5458 569 5511 habent
608 5455 894 5524 μιτέρχου.
928 5451 1077 5524 vers.
1173 5456 1333 5524 iidem
1362 5466 1457 5518 pro
1487 5450 1810 5524 φαινέμενος
1838 5452 1913 5505 le-

365 5534 502 5593 gunt
526 5519 959 5593 διάφαινὸμσνος.
994 5522 1142 5593 vers.
1180 5522 1232 5585 6,
1277 5520 1536 5593 ἀδικος-ἱιι
1571 5519 1766 5593 ἀδίκως
1792 5535 1919 5593 mu-

370 5587 527 5662 tant,
556 5587 940 5662 congruentius
981 5592 1046 5647 ad
1078 5590 1418 5646 sententiam.
1458 5587 1699 5656 Denique
1727 5591 1780 5643 lu
1814 5589 1918 5643 ﬁne

2026 4981 2055 5019 a
2101 4967 2496 5037 προσθέμενος,
2540 4965 2676 5020 tollit
2710 4983 2738 5019 σ
2780 4981 2917 5022 unus
2971 4965 3093 5021 Vat.
3129 4964 3236 5022 649
3260 5006 3277 5034 ,
3316 4965 3588 5032 scribens.

2024 5036 2376 5107 προθέμενος.
2408 5036 2614 5090 Possm.

2090 5106 2207 5186 (55}
2238 5105 2292 5158 In
2322 5105 2475 5184 titulo
2494 5104 2658 5186 hujus
2691 5102 2933 5186 epistola!
2955 5103 3279 5186 supplendas
3309 5103 3362 5156 in
3396 5103 3595 5183 Graeco

2018 5172 2274 5229 articulus
2310 5172 2388 5242 τῷ
2417 5185 2542 5228 ante
2581 5172 3044 5243 Καππαδόκῃην.
3165 5173 3491 5243 πράγματος
3533 5173 3591 5225 in

2013 5245 2294 5312 τάγματος
2330 5240 2476 5296 recte
2514 5253 2722 5312 mutant
2747 5242 2854 5312 duo
2878 5240 3033 5312 codd.
3071 5240 3331 5312 Vatis—649'
3366 5252 3422 5295 et
3447 5242 3584 5305 ML,

2017 5309 2178 5365 utl'et
2212 5313 2319 5365 Alt.
2367 5326 2507 5365 vers.
2540 5311 2571 5366 θ
2600 5309 2763 5380 ἑτέρα
2806 5310 2856 5380 in
2896 5309 3140 5380 θατέραη
3169 5311 3355 5380 lliatus
3390 5324 3580 5380 versus

2016 5381 2083 5433 12
2113 5383 2373 5436 asterisco
2416 5377 2704 5442 indicatus,
2730 5378 2977 5447 expletur
3012 5377 3064 5432 in
3105 5379 3224 5433 Vat.
3251 5378 3357 5431 649
3384 5377 3582 5447 etAlt.

2015 5450 2214 5514 addito,
2256 5452 2493 5510 πάντως.
2522 5447 2676 5502 Vers.
2706 5444 2822 5516 seq.
2861 5462 2893 5502 e
2929 5450 3148 5516 regione
3179 5444 3586 5517 vocis,,iv09th-

2017 5537 2146 5584 πους
2177 5519 2285 5575 Alt.
2314 5520 2368 5575 in
2405 5518 2645 5588 margine
2673 5518 2869 5585 signat,
2899 5517 3148 5588 πατέρας
3192 5516 3402 5571 Possm.
