3944 6138
347 248 447 312 εει)

1276 254 1807 317 EPISTULABUM
1840 254 1989 315 LIB.
2028 252 2081 312 Ι.
2120 276 2190 287 -
2227 251 2466 314 EPIST.
2500 257 2694 317 CLXI.

3473 263 3581 327 290

348 362 556 426 θεσθαι,
597 357 811 429 ἀγνοῶν
857 374 915 413 σε
987 359 1334 417 παντάπασιο
1384 367 1513 435 μίαν
1547 367 1604 420 δὲ
1651 365 1905 436 συγκατά·

2019 371 2321 433 cantentur,
2355 365 2423 421 iis
2456 375 2633 421 tamen
2684 364 2840 420 [idem
2875 366 3129 425 adhibere
3178 384 3407 441 nequeo,
3438 382 3580 445 quod

346 453 494 506 θεσιν
523 450 661 522 πρὸς
698 450 799 513 τὰς
837 450 1143 523 τραγῳδίας
1174 454 1565 525 τεκμαίρομαι,
1598 456 1657 509 τὸ
1679 457 1777 526 τῆς
1803 474 1909 509 πα-

345 544 527 615 τρίδος
575 540 888 599 ἀλλόκοτον.
943 543 1054 597 Καὶ
1097 543 1314 597 δέδοικα
1373 548 1447 616 μή
1498 564 1628 600 ποτε
1680 547 1910 619 θατέρου

348 634 669 704 πράγματος
717 634 982 705 ὑπάρχεις
1030 636 1413 691 Καππαδοκῶν
1454 639 1547 693 τοῦ
1603 642 1736 694 πᾶσι
1776 657 1911 693 κατ-

349 725 669 795 εστιγμένοι)
692 726 805 789 τοῖς
830 724 1228 796 ἐλαττώμασιν.
1256 730 1410 781 Ἔστι
1432 728 1540 801 γὰρ
1569 726 1724 794 αὖθις
1750 732 1913 801 ἑτέρα

353 818 511 887 μοῖρα
539 814 924 869 Καππαδοκῶν
952 816 1284 885 πανάριστος
1303 835 1317 849 ο
1363 818 1453 886 ἀφ’
1492 813 1561 886 ἦς
1586 821 1780 873 ἐκεῖνοι
1819 839 1912 890 γε·

350 906 588 974 γόνασιν,
625 908 673 958 οί
713 904 993 976 πανταχοῦ
1014 906 1093 977 τῷ
1122 909 1264 975 φωτὶ
1282 907 1382 977 τῆς
1403 908 1610 964 ἑαυτῶν
1640 912 1913 977 πολιτείας

349 997 443 1051 καὶ
479 996 763 1058 νουθεσίας
800 998 869 1051 τὰ
915 997 1015 1067 τῆς
1047 998 1151 1067 γῆς
1180 998 1608 1072 δᾳδουχήσαντες
1639 1004 1906 1074 τέρματα.

350 1086 569 1156 Ἐπειδὴ
620 1082 715 1140 οὖν
762 1087 856 1139 καὶ
919 1088 1216 1158 ἱερωσύνην
1270 1106 1352 1143 σοι
1399 1091 1598 1162 πράσις
1654 1093 1909 1162 ἐπέθηκε,

351 1180 615 1250 φοϐήθητι
655 1181 780 1243 τοὺς
810 1180 1101 1251 θεοφόρους
1144 1182 1385 1246 ἐκείνους
1435 1184 1772 1255 ἀνθρώπους,
1819 1185 1913 1238 καὶ

350 1273 499 1344 ἦτὴν
525 1273 706 1327 αὑτων
736 1272 1052 1343 προαίρεσιν
1093 1273 1353 1343 μίμησαι,
1393 1275 1425 1343 ἢ
1458 1274 1555 1345 τὴν
1592 1276 1769 1329 αὐτῶν
1805 1276 1914 1329 λει-

349 1364 603 1434 τουργίαν
630 1363 707 1434 μὴ
731 1362 941 1433 ὓδριζε.
972 1363 1037 1416 Εἰ
1054 1363 1161 1433 γὰρ
1190 1364 1253 1417 τὸ
1283 1364 1374 1417 ὑπ’
1392 1365 1572 1419 αὑτῶν
1594 1367 1911 1437 ἐλεγχθῆναι

351 1457 591 1527 συμϐαίη
623 1474 727 1523 σοι,
758 1456 881 1510 οὐδὲ
918 1455 983 1510 τὸ
1034 1456 1185 1527 παρὰ
1234 1456 1470 1528 Χριστοῦ
1511 1459 1910 1528 κατακριθῆναι

346 1545 672 1615 λελείψεται.

622 1742 795 1796 PNG'.
831 1769 903 1781 --
925 1740 1227 1811 ΛΕΟΝΤΙῼ
1259 1742 1629 1814 ΕΠῘΣΚΟΠῼ.

864 1831 1004 1899 Περὶ
1029 1832 1379 1899 ἱερωσύνης.

411 1941 597 2011 Μηδὲν
624 1940 733 2012 (54)
778 1941 1026 2011 ἐμποδὼν
1070 1941 1148 2011 τῷ
1194 1941 1287 1997 τοῦ
1338 1942 1543 2013 Κυρίου
1595 1944 1909 2015 Εὐαγγελίῳ

343 2030 596 2098 γινέσθω,
630 2029 763 2099 μηδὲ
800 2029 1184 2099 περισπασμὸς
1212 2032 1277 2100 τῇ
1317 2034 1655 2102 πνευματικῇ
1686 2033 1910 2085 ἀκολου-

345 2119 509 2173 θείτω
541 2118 881 2189 διδασκαλίᾳ,
918 2119 1050 2189 μηδὲ
1079 2119 1305 2189 θόρυϐος
1336 2124 1401 2190 τῇ
1441 2122 1712 2190 ἐπωφελεῖ
1736 2123 1907 2176 διαλέ-

342 2212 421 2277 ξει
458 2211 803 2282 μεαιτευέτω.
848 2208 984 2264 Οὔτε
1018 2212 1124 2281 γὰρ
1161 2212 1394 2283 Χριστὸς
1440 2214 1769 2284 ζητούμενος
1807 2214 1909 2268 ὑπὸ

339 2302 440 2371 τῆς
480 2298 714 2373 μητέρος
754 2303 848 2356 καὶ
882 2304 991 2355 τῶν
1033 2304 1297 2372 ἀδελφῶν,
1347 2305 1533 2358 αὐτῶν
1571 2305 1669 2375 τήν
1712 2306 1907 2375 κλῆσιν

341 2392 677 2461 προσήκατο,
719 2391 883 2461 ἡνίκα
925 2392 1209 2462 δογμάτων
1250 2395 1550 2464 ἀπήρξατο,
1593 2397 1685 2449 καὶ
1730 2413 1907 2466 σωτη-

344 2481 465 2549 ρίαν
514 2484 627 2545 τοίς
665 2482 959 2552 ἀκροαταῖς
1003 2484 1411 2553 κατειργάζετο,
1444 2485 1658 2549 δεικνὺς
1689 2487 1764 2549 ὡς
1802 2488 1907 2559 χρὴ

339 2571 447 2623 τῶν
487 2572 769 2642 σαρκικῶν
825 2569 964 2626 εἶναι
1011 2573 1079 2626 τὰ
1124 2574 1469 2643 πνευματικὰ
1513 2578 1903 2647 προτιμότερα.

341 2659 496 2714 Οὕτω
550 2664 646 2714 καὶ
684 2664 732 2715 oi
783 2663 947 2716 αὐτοῦ
1006 2663 1245 2733 μαθηταὶ
1292 2663 1401 2738 [τὰ]
1461 2666 1568 2719 τῶν
1621 2668 1907 2737 τραπεζῶν

338 2752 735 2822 παρῃτήσαντο
773 2752 870 2823 τὴν
920 2753 1215 2825 ἐπίσκεψιν·
1251 2756 1567 2824 ἀναγκαίαν
1604 2755 1773 2811 οὖσαν
1806 2758 1902 2812 διὰ

337 2842 463 2904 τοὺς
515 2841 775 2911 πένητας.

697 3041 817 3095 PE’.
860 3071 932 3083 -
963 3044 1253 3117 nemo
1291 3048 1559 3119 tum.

618 3130 763 3198 Περὶ
799 3132 904 3186 τοῦ
938 3133 1066 3189 δεῖν
1103 3135 1361 3190 πάντοτε
1393 3138 1634 3207 νήφειν.

401 3244 723 3314 Κρείττσνά
742 3262 802 3298 σε
827 3246 1027 3311 πάντες
1049 3249 1141 3301 τοῦ
1163 3251 1372 3317 γένους,
1407 3252 1500 3305 καὶ
1530 3252 1631 3322 τῆς
1651 3254 1909 3325 πατρίδος

336 3331 442 3406 [σε]
478 3335 724 3401 λέγουσι,
755 3340 849 3389 καὶ
881 3339 1115 3407 χρηστὸν
1134 3343 1247 3403 τοῖς
1278 3340 1463 3409 ἤθεσιν
1483 3344 1904 3413 ἀπαγγέλλουσι,

334 3422 432 3493 τὴν
457 3424 575 3477 τῶν
611 3424 753 3495 ὁρῶν
786 3426 1100 3497 τραχύτητα
1128 3431 1238 3499 (55)
1274 3432 1347 3503 μὴ
1377 3436 1745 3504 κρατήσαντα.
1775 3437 1907 3491 ἀλλὰ

336 3512 430 3567 τὸν
454 3514 674 3585 Θέκλης
708 3516 805 3587 τῆς
838 3520 1301 3591 πρωτομάρτυρος
1333 3523 1427 3576 καὶ
1458 3526 1655 3593 τρόπον
1688 3527 1781 3578 καὶ
1810 3544 1907 3597 ση-

334 3603 430 3657 κὸν
483 3606 873 3675 ἀγαπήσαντα.
918 3608 1030 3660 Καὶ
1080 3610 1350 3679 μακάριος
1396 3610 1447 3664 εί
1493 3614 1785 3684 πτωχεύων
1821 3616 1908 3687 [ὲκ

328 3692 563 3766 ψυχῆς]
603 3696 776 3750 Τοῦτο
809 3698 917 3769 γὰρ
958 3697 1067 3752 τῶν
1095 3699 1300 3753 πιστῶν
1346 3701 1653 3758 ἐπαινετόν.
1683 3707 1794 3760 Καὶ
1819 3706 1908 3759 εὕ-

326 3786 498 3856 χομαί
546 3804 608 3839 σε
651 3789 830 3857 μεῖναι
868 3788 1166 3859 ἄτρεπτον,
1214 3792 1400 3862 ἐπειδὴ
1438 3794 1591 3850 οὐδὲν
1631 3797 1905 3868 σταθερώ-

328 3890 489 3945 τερον
511 3876 735 3947 ἔχομεν,
754 3878 870 3931 ἀλλ’
894 3878 968 3942 ὡς
990 3880 1209 3951 ἀνέμοις
1233 3885 1352 3947 ταῖς
1375 3884 1601 3955 κούφαις
1624 3884 1773 3955 βοαῖς
1791 3889 1904 3961 (56)

327 3963 692 4037 ῥιπιζόμεθα.

722 4189 893 4245 ΡεΑο.
918 4221 989 4234 -
1012 4192 1201 4265 eam
1227 4196 1520 4255 KOMHTI.

389 4298 508 4354 Καὶ
541 4300 781 4371 γράφεις
822 4303 1110 4377 λαμπρῶς,
1156 4309 1249 4361 καὶ
1281 4311 1520 4380 πέμπεις
1555 4313 1755 4385 ἁϐρῶς.
1793 4316 1904 4371 Καὶ

321 4389 510 4460 μένοις
535 4394 784 4463 φαιδρῶς
813 4396 925 4467 (57)
954 4400 983 4451 ὁ
1014 4404 1124 4463 τοῖς
1147 4402 1279 4455 πᾶσι
1309 4405 1562 4475 χρηστός.

403 4653 429 4687 ⁸
457 4653 662 4716 Matth.
690 4670 793 4723 xu,
829 4657 920 4714 46.
995 4659 1016 4692 ⁸
1035 4661 1155 4716 Act.
1190 4678 1264 4727 vr,
1294 4664 1329 4718 2
1360 4679 1518 4736 seqq.

1936 1732 1989 1791 Β

2017 463 2069 507 ιε
2114 469 2334 522 prorsus
2407 457 2647 527 ignorem
2674 475 2689 512 :
2719 472 2882 512 unum
2929 459 3142 513 demum
3171 470 3287 528 est,
3320 467 3461 532 quod
3498 484 3585 523 me

2012 544 2076 599 ad
2131 546 2572 600 commodandam
2625 547 2707 602 his
2760 548 3037 619 tragoediis
3074 550 3229 606 ﬁdem
3272 556 3581 622 conjectura

2013 636 2243 700 quadam
2290 637 2458 701 ducit,
2490 637 2744 691 nimirum
2807 640 3108 709 prodigiosa
3156 646 3341 709 patria:
3380 646 3583 715 impro-

2011 722 2166 777 bitas.
2216 724 2291 779 Ac
2338 740 2531 779 vereor
2580 740 2647 781 ne
2686 736 2741 781 tu
2785 728 2927 785 illius
2982 731 3354 802 Cappadocum
3414 736 3583 805 partis

2011 814 2106 880 sis,
2138 829 2256 883 quae
2303 816 2451 869 omni
2501 817 2753 871 vitiorum
2804 835 3001 889 genere
3048 825 3222 878 inusta
3256 836 3359 881 est.
3395 826 3579 881 Altera

2009 906 2149 963 enim
2202 920 2413 959 rursum
2460 906 2837 978 Cappadocum
2869 927 2992 981 pars
3046 930 3205 983 quam
3236 916 3457 983 Optima,
3513 930 3577 970 ex

2012 1008 2118 1061 qua
2155 994 2228 1047 illi
2259 997 2604 1065 exstiterunt,
2641 1002 2730 1069 qui
2777 1002 2899 1056 vita:
2927 1018 3035 1057 sua:
3065 1021 3127 1058 ac
3165 1008 3578 1075 praeceptionum

2009 1082 2126 1136 luce
2166 1085 2314 1138 orbis
2344 1097 2501 1140 terra:
2532 1090 2724 1143 ﬁnibus
2760 1092 3139 1159 prmluxerunt.
3193 1094 3452 1161 Quoniam
3483 1098 3581 1167 igi-

2019 1182 2107 1225 tur
2152 1175 2513 1231 sacerdotium
2553 1194 2766 1249 quoque
2812 1186 3036 1250 pecunia
3099 1186 3189 1240 tibi
3242 1188 3579 1253 conciliasti,

2012 1262 2221 1317 divinos
2259 1264 2389 1321 illos-
2434 1267 2578 1323 viros
2625 1271 2979 1339 pertimesce,
3013 1282 3173 1343 atque
3239 1285 3331 1329 aut
3388 1290 3579 1330 eorum

2012 1353 2320 1409 institutum
2348 1371 2595 1427 sequere,
2628 1372 2722 1414 aut
2781 1376 2968 1416 eorum
3002 1365 3360 1419 ministerium
3395 1375 3583 1420 contu-

2013 1444 2171 1498 melis
2210 1460 2277 1499 ne
2304 1445 2476 1502 adice.
2508 1447 2642 1505 Nam
2681 1451 2725 1503 si
2754 1452 2822 1505 ab
2866 1453 2932 1507 iis
2963 1454 3208 1509 convinci
3242 1456 3335 1511 tibi
3372 1457 3582 1511 contin-

2011 1541 2102 1600 gat
2133 1576 2147 1599 ,
2182 1548 2248 1587 ne
2274 1535 2407 1589 illud
2435 1538 2653 1605 quidem
2685 1540 2779 1594 tibi
2822 1541 3135 1597 defuturum
3172 1555 3274 1610 est,
3304 1555 3363 1600 ut
3410 1561 3441 1600 a
3470 1545 3582 1602 Deo

2012 1623 2406 1678 condemneris.

2311 1736 2491 1793 CLIX.
2521 1769 2592 1780 ——
2623 1739 2914 1797 LEONTIO
2954 1742 3299 1802 EPISCOPO.

2606 1830 2684 1884 De
2736 1834 3043 1887 sacerdotio.

2084 1936 2294 1992 Nullum
2357 1941 2566 1994 Domini
2627 1940 2917 2010 Evangelio
2988 1946 3426 2015 impedimentum
3479 1954 3582 2011 ob.

2004 2027 2243 2097 jiciatur,
2294 2044 2393 2085 nec
2434 2032 2539 2084 ulla
2565 2032 2731 2085 animi
2765 2032 3046 2089 distractio
3113 2040 3445 2107 spiritualem
3482 2045 3580 2099 do-

1992 2119 2240 2171 'ctrinam
2272 2128 2548 2186 sequatur,
2586 2137 2685 2176 nec
2713 2122 2975 2178 tumultus
3007 2126 3120 2180 utili
3153 2130 3495 2198 disputationi
3523 2150 3584 2190 so

2010 2209 2333 2277 interponat.
2365 2209 2549 2279 Neque
2576 2213 2718 2266 enim
2754 2214 3030 2281 Christus,
3080 2233 3201 2271 cum
3237 2235 3273 2274 α’
3323 2232 3493 2279 matre
3526 2234 3583 2279 et

2009 2299 2266 2355 fratribus
2322 2312 2696 2370 quaereretur,
2762 2305 2999 2373 ipsorum
3064 2312 3400 2367 vocationem
3474 2316 3573 2368 ad-

2009 2390 2172 2454 misit,
2203 2406 2321 2443 cum
2374 2391 2595 2447 docendi
2636 2411 2828 2450 munus
2853 2400 3252 2469 auspicabatur,
3287 2414 3450 2472 atque
3486 2422 3584 2459 au-

2006 2478 2236 2533 ditorum
2270 2481 2429 2535 saluti
2461 2498 2677 2551 operam
2711 2487 2961 2542 dabat-'2
3000 2492 3123 2547 hinc
3153 2494 3408 2548 nimirum
3452 2496 3580 2551 illud

2006 2572 2320 2637 ostendens,
2352 2575 2649 2641 spiritualia
2680 2580 2894 2645 negotia
2922 2584 3231 2639 carnalibus
3265 2585 3573 2654 antiquiora

2007 2674 2135 2714 esse
2156 2663 2371 2719 debere.
2402 2665 2707 2736 “Atque
2730 2671 2801 2723 ad
2825 2672 2963 2726 hunc
2994 2674 3209 2728 modum
3255 2677 3419 2744 ipsius
3444 2692 3581 2747 quo-

2008 2767 2111 2819 que
2137 2754 2378 2822 discipuli
2416 2772 2721 2812 mensarum
2754 2760 3145 2830 intepet-tionem
3165 2774 3327 2834 atque
3371 2783 3579 2832 curam,

2009 2844 2259 2909 quanwis
2289 2845 2487 2915 alioqui
2534 2861 2759 2919 propter
2779 2860 3456 2926 pauperes-necessariam,
3490 2871 3580 2913 re-

2010 2932 2299 3001 pudiarunt
2333 2936 2373 2989 ⁸.

2344 3048 2590 3104 CLX.—
2634 3052 2936 3111 TARASlO
2980 3056 3257 3117 lSAURO‘.

2330 3139 2576 3208 O’porlere
2608 3160 2807 3212 semper
2838 3147 3069 3201 sobrium
3095 3167 3222 3204 esse.

2076 3248 2511 3308 Prmstantiorem
2560 3266 2610 3310 te
2642 3272 2762 3311 esse
2786 3297 2799 3320 ,
2837 3274 2997 3328 quam
3055 3272 3146 3316 aut
3175 3278 3342 3334 genus
3388 3272 3535 3319 tuum
3559 3305 3580 3334 ,

2007 3349 2101 3394 aut
2150 3344 2320 3410 patria
2371 3344 2526 3409 ferat,
2564 3362 2752 3402 omnes
2806 3349 2976 3413 aiunt.
3004 3367 3068 3406 ac
3099 3368 3306 3408 morum
3340 3357 3578 3424 probita-

2014 3442 2067 3485 te
2113 3434 2313 3502 pollere
2350 3445 2591 3503 narrant,
2632 3446 2689 3490 ut
2740 3442 2828 3510 qui
2870 3458 2975 3496 non
3013 3448 3369 3513 spectantium
3420 3463 3578 3518 aspe-

2008 3524 2219 3579 ritatem
2270 3531 2546 3594 tenueris,
2596 3546 2780 3587 verum
2829 3535 3013 3603 primae
3063 3539 3316 3608 martyris
3367 3537 3580 3592 Thecla:

2005 3623 2059 3669 et
2106 3630 2304 3682 mores,
2342 3626 2396 3672 et
2424 3621 2677 3691 templum
2715 3625 2998 3679 amaveris.
3034 3626 3110 3680 Ac
3143 3636 3191 3680 te
3226 3628 3458 3691 beatum,
3491 3638 3571 3681 nt-

2006 3713 2129 3772 pote
2175 3720 2243 3760 ex
2295 3709 2477 3764 animo
2531 3724 2902 3781 paupertatem
2951 3718 3233 3771 colentem.
3294 3717 3427 3771 Nam
3462 3719 3576 3773 haec

2004 3798 2218 3864 piorum
2260 3797 2376 3853 laus
2407 3809 2508 3855 est.
2546 3803 2723 3871 Atque
2755 3813 2811 3857 ut
2840 3807 2891 3857 in
2942 3808 3184 3860 instituta
3214 3807 3338 3861 vita:
3371 3808 3576 3863 ratione

2004 3896 2315 3942 constanter
2367 3905 2587 3946 maneas
2610 3932 2625 3957 ,
2662 3904 2817 3963 Opto,
2849 3897 3281 3964 quandoquidem
3324 3897 3453 3951 nihil
3487 3898 3577 3952 ad-

2003 3975 2221 4031 modum
2277 3979 2468 4035 stabile
2508 3981 2769 4037 habemus
2797 4023 2810 4048 ,
2841 4000 3033 4039 verum.
3069 3987 3274 4041 levibus
3322 3987 3572 4042 clamori-

2001 4064 2125 4131 bus,
2168 4080 2274 4121 non
2305 4082 2551 4125 secusac
2573 4074 2771 4133 ventis,
2806 4073 2910 4128 huc
2944 4085 3107 4144 atque
3135 4076 3258 4131 illuc
3281 4076 3568 4147 jactamur.

2355 4205 2535 4263 CLXI.
2554 4237 2625 4248 —
2647 4207 2904 4266 ΤΗΟΜᾹΞ
2938 4208 3191 4267 COMITI.

2077 4314 2143 4369 Et
2182 4315 2448 4373 luculente
2477 4322 2692 4388 scribis,
2726 4332 2779 4377 et
2805 4324 3019 4393 copiose
3048 4324 3237 4380 mittis.
3275 4323 3441 4378 Velim
3471 4323 3569 4394 igi-

1935 4387 1981 4444 D
2012 4415 2096 4461 tur
2134 4407 2191 4461 in
2219 4410 2380 4464 animi
2426 4411 2608 4467 laetitia
2634 4387 2689 4469 et
2721 4387 3002 4472 alacritate
3032 4426 3273 4485 perstas,
3307 4430 3427 4471 cum
3452 4429 3570 4470 om-

2013 4496 2168 4552 nibus
2206 4507 2316 4553 tam
2366 4501 2651 4573 benignum
2687 4516 2743 4562 et
2768 4509 3105 4565 commodum
3154 4517 3203 4563 te
3236 4508 3493 4579 praebeas.

1425 4816 1654 4873 ΥΑΒΙᾹΞ
1697 4819 2086 4881 LECTIONES
2128 4825 2217 4880 ET
2252 4827 2481 4886 NOT/E.

384 4963 523 5035 (54)
556 4964 748 5035 Μηδὲν
782 4965 836 5021 in
896 4967 1087 5035 μηδεὶς
1122 4978 1331 5024 mutant
1383 4971 1507 5025 Vat.
1561 4970 1665 5027 649
1698 4988 1750 5029 ει
1785 4977 1892 5031 Alt.

315 5032 484 5087 Versu
513 5032 653 5111 item
674 5033 710 5085 2
740 5050 836 5102 pro
869 5032 1320 5111 qusreponunt,
1360 5040 1569 5111 μηδείς.
1612 5041 1778 5100 Versu
1808 5061 1897 5101 au-

317 5112 421 5156 tem
453 5101 673 5165 penult.
697 5101 801 5154 art.
832 5104 902 5156 τὰ
925 5101 1198 5161 omittunt.
1234 5101 1443 5165 Poss'm'.

383 5118 421 5154 ll
526 5116 673 5155 nutt.
697 5116 801 5154 art.
832 5116 902 5156 τα
925 5116 1198 5161 omittunt.
1234 5116 1443 5165 Possm.

383 5116 522 5255 ςδὲῗ
723 5171 844 5224 τῶν
1078 5175 1173 5243 (al.
1223 5177 1901 5255 dpcbrtwr)_taxvzﬁm.

315 5238 465 5323 Alius
489 5241 671 5323 serti}
696 5238 1097 5323 ,_spe_ctdutiuni
1140 5238 1901 5323 asperitatem.'Conjicicbam

312 5307 609 5387 legendum
642 5308 888 5387 dﬁvlb.
918 5307 1273 5387 e._monti_uin.
1306 5316 1473 5373 Βιττ.

382 5378 735 5461 ς56)“βραῖς.
769 5378 900 5461 -Bill.
934 5382 1270 5461 clamoribus.
1301 5387 1514 5461 _B.Mc0d.
1565 5391 1728 5447 habet
1772 5392 1895 5461 βου-

308 5444 447 5509 λαῗς.
476 5444 640 5529 ’ρυιο
672 5457 877 5529 rectum
907 5452 1511 5529 εεεελβολαὶξςισιίριιι,
1542 5470 1596 5513 ut
1637 5444 1890 5529 etnps'nilo

310 5529 433 5571 ante
452 5517 673 5599 plenius
695 5517 748 5572 in
771 5516 810 5570 Β
832 5516 1166 5599 cod._legiiur
1186 5524 1338 5599 οὐδὲν
1357 5516 1583 5599 εὑρίπου
1611 5516 1885 5599 σταθερώξ

309 5586 465 5659 τερον
494 5586 701 5657 ἔχομεν
718 5601 839 5644 cum
868 5588 919 5643 in
948 5586 1121 5647 Paris.
1153 5593 1237 5646 ed.
1256 5596 1410 5651 absit.
1427 5586 1689 5669 ἐὺρίπου.
1715 5586 1879 5655 Βίττ.

2066 5009 2137 5053 τ-
2168 4979 2320 5053 Vers.
2367 4983 2402 5036 2
2446 4985 2575 5041 illud
2610 5008 2668 5043 σε
2696 4989 2905 5044 uncinis
2943 4991 3184 5046 clausum
3238 4994 3393 5049 codd.
3427 4994 3555 5053 Vat.

2002 5049 2125 5132 649‘,
2147 5060 2199 5132 et
2217 5052 2319 5132 Alt.
2344 5062 2551 5132 mutant
2567 5061 2615 5112 in
2638 5076 2749 5111 σου.
2770 5058 2921 5112 Vers.
2939 5074 3066 5132 pen.
3091 5076 3381 5132 suggerunt
3404 5049 3561 5121 iidem

2009 5121 2159 5203 unde.
2186 5121 2360 5176 hiatus
2394 5124 2462 5175 ibi
2509 5128 2751 5203 signatus
2785 5121 3051 5203 asterisco
3086 5121 3231 5203 recte
3262 5135 3560 5203 expleatur,

2011 5191 2088 5268 sic
2115 5188 2391 5268 eleganter
2422 5202 2474 5245 et
2501 5188 2745 5268 ex'fonte
2774 5197 3091 5268 primigenio
3124 5188 3431 5268 scriben'do,
3470 5188 3562 5257 6ῡὶ

2008 5257 2098 5311 δὲν
2130 5257 2358 5334 εὑρίπου
2393 5257 2830 5334 σταθερώτερον,
2859 5257 2987 5333 etet,
3044 5286 3143 5325 nec
3187 5273 3362 5325 minus
3403 5257 3562 5327 iidem

2002 5330 2284 5448 Icommode
2318 5344 2458 5384 vers.
2490 5330 2589 5386 ult.
2621 5330 2736 5388 voci
2768 5330 2917 5406 βοαῖς
2945 5330 3277 5395 substituunt
3323 5341 3561 5410 βουλαῖς.

2047 5412 2213 5448 ossm.

2047 5412 2213 5450 OSSIN.

2069 5467 2180 5552 (577)
2212 5467 2314 5552 [iro
2341 5469 2580 5540 φαιδρῶς
2607 5472 2762 5529 codd.
2797 5472 2920 5531 Vat.
2962 5477 3086 5545 649,
3118 5486 3172 5533 et
3197 5478 3305 5533 Alt.
3336 5479 3561 5552 φαιδρὸς

1997 5533 2198 5604 legunt.
2224 5533 2436 5593 Possm.
