3944 6138
311 230 409 300 εθι
1503 223 1566 283 s.
1605 217 1896 282 ISIDORI
1938 217 2376 282 PELUSIOTAI
3449 211 3555 281 es:

559 338 762 409 CLXII,
776 362 846 381 ι-
891 334 1167 394 HIERACI
1215 328 1649 390 CLARISSIMO.
1911 337 1956 394 Α

1911 337 1956 394 Α
2227 328 2392 383 Ρειισ.
2420 358 2491 399 έ-
2518 326 2753 383 lEPAKI
2804 310 3300 399 ΛΑιωΡοτΑπι.

844 449 920 504 De
944 446 1333 502 exercitatione.

2516 422 2658 489 Περὶ
2685 420 3025 488 ἀσκήσεως.

391 573 471 627 Ad
494 580 745 625 numeros
773 577 959 619 omnes
1007 560 1267 629 religiosae
1304 556 1429 611 vitae
1480 549 1840 607 absolvendos
1869 587 1887 612 ,

2056 532 2170 587 Οὐκ
2198 531 2357 603 ἀρκεῖ
2379 530 2491 603 (58)
2531 533 2564 602 ή
2598 530 2799 602 βρῶσις
2836 530 2932 584 καὶ
2975 530 3135 594 πόσις
3175 531 3267 585 καὶ
3296 526 3557 603 στρωμνὴ

319 661 545 716 Joannis
582 658 735 714 cibus
773 669 835 708 ac
874 661 1029 721 potus
1077 661 1129 706 et
1159 648 1333 704 cubile
1357 644 1579 701 minime
1607 638 1841 697 sulﬂcit"
1870 655 1876 692 :

1993 624 2234 679 Ἰωάννου
2275 624 2411 695 πρὸς
2441 623 2613 693 πέρας
2655 623 2961 692 ἀσκήσεως,
3001 623 3112 685 τοῖς
3154 620 3326 675 ταῦτα
3360 621 3550 689 ζητοῦ-

320 766 504 806 verum
547 749 610 802 ad
640 711 1026 815 perfectionem
1056 736 1454 808 adipiscendam
1499 730 1720 789 Joannis
1756 742 1877 799 quos

2002 734 2097 784 σιν,
2138 711 2183 772 ὧ
2221 717 2433 787 ἀριστε,
2485 714 2622 772 ἀλλά
2665 713 2822 785 χρεία
2860 713 2955 766 καὶ
2991 713 3090 783 τῆς
3114 712 3339 783 γνώμης
3374 713 3559 767 Ἰωάνε-

321 854 425 910 que
479 803 692 890 animus
740 832 1052 901 requiritur.
1116 803 1380 893 Quocirca
1432 822 1477 877 si
1532 818 1878 890 frugalitatem

2005 827 2083 863 μου
2119 808 2254 881 πρὸς
2299 808 2398 879 τὴν
2435 805 2735 860 τελείωσιν.
2794 805 2856 857 IL!
2889 804 3067 858 τοίνυν
3116 803 3274 874 ἡμῶν
3320 805 3562 866 ἐπαινεῖς

326 895 566 984 nostram
626 939 690 979 ac
739 895 910 976 victus
967 918 1278 973 tenuitatem
1326 915 1557 978 laudas,
1616 910 1883 964 lenitatem

2004 901 2089 972 τὴν
2113 898 2387 970 λιτότητα,
2420 896 2761 968 κατόρθωσον
2786 896 2919 966 ἡμῖν
2949 895 3046 967 τὴν
3075 895 3377 967 πραότητα,
3414 896 3561 965 ἥπερ

322 1015 580 1086 consequi
640 1013 815 1075 stude,
844 1024 961 1079 quae
996 1006 1390 1077 improbitatem
1426 1014 1638 1057 onmem
1670 1000 1823 1053 vitat.

1286 1013 1390 1058 tem
1426 1014 1638 1057 onmem
1670 1000 1823 1053 vitat.
1994 994 2177 1047 πᾶσαν
2216 990 2452 1045 ἐκκλίνει
2490 987 2843 1059 περπερείαν.

881 1118 1112 1175 CLXIII.
1135 1147 1204 1158 --
1224 1108 1433 1170 CYRO.

2528 1093 2692 1155 ΡΞΓι.
2718 1112 2789 1140 ι-
2818 1090 3025 1169 meo.

396 1238 704 1308 Sophistam
749 1233 1017 1304 profecto,
1046 1230 1207 1286 etiam
1235 1226 1501 1286 scribens,
1553 1223 1690 1293 agis,
1738 1229 1899 1288 atque

2069 1213 2415 1284 Σοφιστεύεις
2448 1213 2638 1276 ὅντως,
2674 1213 2769 1265 καὶ
2792 1211 3039 1283 γράφων,
3068 1212 3163 1264 καὶ
3196 1204 3365 1281 κάλλη
3399 1209 3568 1262 πλάτ-

330 1299 712 1384 ‘vocabulorutn
749 1299 1084 1391 elegantiam
1112 1315 1291 1388 lingis.
1342 1314 1503 1383 Atqui
1531 1312 1583 1367 in
1633 1311 1765 1380 ipsis
1794 1309 1887 1361 uti-

2012 1323 2112 1369 τεις
2139 1306 2437 1376 ὀνομάτων.
2487 1303 2608 1375 Χρὴ
2640 1302 2697 1356 δέ
2732 1302 2827 1355 καὶ
2862 1301 3115 1374 ἀφορμὰς
3149 1300 3260 1373 (59)
3305 1299 3569 1371 παρέχειν

328 1422 495 1475 litatis
547 1430 762 1487 quoque
800 1389 979 1469 rerum
1042 1412 1325 1466 materiam
1377 1408 1615 1479 praebere
1667 1409 1885 1473 oportet.

2014 1398 2057 1451 iv
2081 1395 2264 1458 αὐτοῖς
2305 1393 2570 1463 ὠφελείας
2603 1390 2960 1464 πραγμάτων.
3003 1391 3076 1443 Τὸ
3118 1391 3225 1461 γὰρ
3265 1390 3447 1452 καλῶς
3482 1389 3571 1442 λέ-

329 1510 542 1566 Etenim
564 1480 801 1577 pulchre
842 1503 1008 1573 loqui,
1035 1500 1282 1571 cymbalo
1304 1497 1479 1553 simile
1511 1504 1593 1549 est
1610 1494 1653 1545 ⁸.
1683 1491 1755 1545 At
1783 1505 1886 1559 pro-

2013 1502 2120 1555 γειν
2172 1484 2437 1555 κυμϐάλῳ
2477 1483 2759 1550 παρέοικε.
2802 1480 2875 1534 Τὸ
2920 1480 2977 1533 δὲ
3015 1481 3267 1551 χρηστῶς
3312 1481 3570 1551 πράττειν

330 1600 398 1655 be
437 1569 618 1669 agere,
651 1595 857 1667 angelis
887 1569 1126 1647 innatum
1166 1600 1269 1645 est.
1304 1588 1439 1642 Nam
1470 1586 1577 1641 illis
1605 1597 1726 1637 cum
1758 1588 1887 1634 mett

2015 1576 2256 1646 ἀγγέλοις
2304 1573 2682 1644 συμπέφυκεν.
2739 1569 2831 1636 Οἷς
2870 1573 2967 1626 καὶ
3004 1572 3241 1644 ἔμφοϐος
3282 1573 3378 1627 καὶ
3404 1573 3572 1645 ἀμέλδ

334 1661 619 1757 conjuncta
668 1661 998 1755 etvprompta
1034 1682 1338 1736 obedientia
1366 1717 1382 1743 ,
1420 1678 1563 1748 quod
1596 1672 1689 1729 Dei
1720 1670 1891 1725 volun-

2014 1668 2165 1738 λητος
2192 1663 2407 1736 ὑπακοὴ
2433 1663 2495 1717 τὸ
2528 1665 2701 1717 ποιεῖν
2728 1662 2799 1716 τὰ
2826 1661 3104 1735 θελήματα
3131 1663 3225 1719 τοῦ
3257 1662 3392 1717 Θεοῦ
3425 1680 3571 1734 μαρ-

338 1756 475 1835 tates
496 1778 879 1846 exsequantur,
922 1771 1283 1828 testimonium
1317 1769 1468 1823 dicit.
2000 1756 2173 1825 τυρεῖ.

718 1924 728 1931 .
778 1885 1004 1944 CLXIV.
1028 1913 1097 1924 -
1130 1880 1512 1939 maneto.
2456 1865 2617 1920 PEA'.
2640 1896 2714 1905 —
2740 1858 3117 1939 MAPTYPIQ.

977 1974 1052 2029 De
1088 1974 1368 2043 superbia»
1582 2054 1585 2057 Α
2481 1960 2534 2011 Π

2481 1956 2622 2025 Περὶ
2652 1957 3087 2027 ὑπερηφανίας.

408 2069 668 2142 Superbis
724 2067 864 2123 Deus
921 2064 1197 2120 resistit’:
1245 2062 1678 2134 quandoquidem
1738 2062 1903 2119 etiam

2084 2066 2488 2139 ’Υπερηφάνοις
2517 2068 2546 2120 ό
2573 2068 2705 2130 Θεὸς
2732 2069 3134 2135 ἀντιτάσσεται,
3162 2067 3347 2140 ἐπειδὴ
3374 2069 3469 2124 καὶ
3496 2061 3575 2143 τῷ

340 2165 576 2237 ipsorunt
611 2150 839 2231 principi
871 2156 938 2211 ab
964 2155 1117 2210 initio
1142 2169 1261 2209 sese
1305 2155 1574 2223 opposuit.
1607 2153 1897 2210 Considera

2017 2157 2223 2228 Ξρχοντι
2254 2157 2435 2212 αὐτῶν
2463 2159 2521 2225 ἐξ
2564 2158 2739 2229 ἀρχῆς
2771 2158 3118 2225 ἀντετάξατο.
3161 2160 3361 2214 Σκόπει
3394 2161 3574 2217 τοίνυν

341 2255 505 2327 igitur
542 2260 800 2322 quantum
823 2256 928 2314 est,
970 2256 1026 2301 et
1058 2238 1223 2300 Deum
1274 2245 1486 2300 hostem
1519 2256 1679 2315 atque
1705 2246 1898 2302 adver-

2017 2249 2130 2302 ΰσον
2161 2249 2276 2302 ἐστὶ
2310 2248 2407 2303 καὶ
2433 2248 2566 2303 Θεὸν
2590 2248 2733 2321 ἔχειν
2761 2250 3077 2331 ἀντίμαχον,
3112 2251 3209 2306 καὶ
3231 2250 3321 2304 τὸν
3341 2251 3574 2323 ἀρχαίαν

342 2341 544 2397 sarium
591 2338 811 2400 habere,
858 2342 913 2388 et
955 2342 1190 2388 veterem
1234 2332 1441 2387 hostem
1473 2335 1698 2388 socium.

1116 2348 1190 2387 em
1234 2332 1441 2387 hostem
1473 2335 1698 2388 socium.
2008 2338 2280 2411 ἀντάρτην
2311 2338 2673 2411 συμμέτοχον.

821 2445 1024 2504 CLXV.
1049 2474 1119 2487 -
1163 2443 1488 2501 AUSONIO.

2534 2452 2699 2507 st'.
2727 2445 3046 2521 ΔΥΣΟΝΙῼ.

414 2562 564 2619 Multi
595 2576 662 2617 ex
688 2561 814 2616 aliis
838 2556 1237 2629 magistratibus
1272 2556 1339 2610 ad
1362 2555 1497 2611 alios
1529 2555 1782 2626 migrant,
1809 2556 1912 2612 hoc

2080 2560 2273 2617 Πολλοὶ
2313 2561 2412 2634 μέν
2441 2563 2615 2635 ἀρχὰς
2642 2563 2701 2630 ἐξ
2733 2563 2917 2636 ἀρχῶν
2945 2565 3109 2628 άλλας
3137 2564 3477 2637 ἀμείϐουσιν,
3515 2570 3578 2623 ἐκ

344 2670 517 2716 estex
542 2652 839 2710 minoribus
869 2649 1101 2704 fortasse
1130 2648 1196 2702 ad
1232 2645 1463 2713 maiores
1488 2655 1542 2701 et
1568 2646 1901 2712 excelsiores,

2025 2651 2119 2705 τῶν
2164 2651 2406 2721 ἡσσόνων
2466 2653 2597 2715 ἴσως
2661 2652 2763 2717 τὰς
2791 2652 2900 2725 (60)
2953 2653 3191 2724 μείζους,
3234 2656 3285 2709 oi
3329 2659 3582 2727 χρηστῶς

346 2746 611 2819 siquidem
641 2742 761 2815 illos
795 2747 940 2795 recte
973 2737 1257 2809 gesserint.
1285 2733 1538 2791 Nonnulli
1570 2743 1748 2790 autem
1778 2750 1903 2790 con-

2024 2741 2216 2805 ταύτας
2255 2741 2545 2806 ίθύνοντες.
2574 2742 2730 2806 Τινὲς
2749 2743 2805 2796 δὲ
2828 2745 2887 2796 οὐ
2923 2744 3084 2815 μόνον
3106 2736 3214 2800 τῶν
3251 2748 3581 2817 κρειττόνων

352 2849 433 2892 tra
471 2850 577 2893 non
627 2831 785 2887 modo
836 2829 1068 2899 majores
1101 2840 1220 2881 cum
1273 2824 1573 2881 minoribus
1616 2833 1909 2880 commuta-

2029 2832 2112 2896 τάς
2138 2834 2335 2904 ἥττους
2387 2832 2709 2903 ⁴ἠλλάξαντο,
2760 2834 2897 2888 ἀλλά
2930 2837 3026 2889 καὶ
3063 2837 3297 2908 οἰκτρῶς
3332 2852 3586 2909 προσαπ-

351 2934 497 2991 runt,
545 2934 732 2976 verum
778 2918 941 2973 etiam
982 2916 1203 2984 insuper
1253 2912 1451 2969 misere
1480 2914 1842 2969 interierunt:
1878 2914 1908 2969 ii

2028 2922 2233 2977 ὤλοντο.
2271 2919 2365 2987 Οἷς
2396 2925 2496 2977 οὐκ
2524 2919 2591 2995 ἦν
2630 2924 2853 2995 βοήθεια
2881 2927 2914 2997 ἢ
2961 2926 3307 2999 κυϐέρνησις.
3335 2930 3407 2983 Σέ
3437 2929 3495 2984 δὲ
3519 2931 3585 2986 ἐκ

350 3020 602 3074 nimirum
649 3012 844 3082 quibus
881 3009 1083 3064 nullum
1114 3022 1144 3060 a
1174 3005 1339 3075 proba
1389 3004 1629 3058 muneris
1675 3002 1761 3057 sui
1820 3001 1907 3056 ad‘

2028 3013 2125 3067 τῶν
2156 3014 2360 3085 θρόνων
2396 3015 2496 3086 τῆς
2538 3014 2801 3085 εὐαρχίας
2828 3016 2885 3068 ai
2917 3016 3157 3087 οὐράνιοι
3194 3018 3585 3089 παραδέξονται

358 3105 756 3164 ministratione
793 3101 1052 3156 auxilium
1097 3098 1437 3166 suppetebat.
1464 3095 1533 3148 At
1558 3104 1609 3149 te
1651 3108 1717 3147 ex
1758 3092 1915 3162 probi

2029 3102 2222 3169 τάξεις,
2253 3098 2342 3166 αἷς
2372 3104 2563 3156 ἑαυτὸν
2593 3103 2898 3173 πεποίηκας
2928 3105 3220 3176 προσφιλῆ.
3242 3106 3339 3160 καὶ
3354 3109 3586 3180 πτωχῶν

352 3195 561 3268 imperii
593 3210 658 3249 ac
688 3192 1021 3263 praefecturae
1048 3188 1260 3244 thronis
1310 3185 1556 3240 caelestes
1583 3185 1803 3239 ordines
1825 3196 1909 3237 ac-

2030 3193 2284 3263 ριλοθέων
2313 3194 2634 3266 κηδόμενος,
2662 3195 2759 3249 καὶ
2794 3195 3027 3251 κατόπιν
3054 3195 3232 3251 πάντα
3251 3198 3346 3251 τοῦ
3374 3198 3587 3254 δικαίου

353 3282 800 3357 cipicnt,quibus
845 3290 898 3334 te
949 3280 1172 3333 charum
1216 3272 1517 3339 reddidisti,
1550 3272 1674 3326 dum
1706 3279 1760 3325 et
1799 3269 1917 3339 pio-
2017 3284 2320 3356 τιθέμενος,

356 3394 471 3433 rum
506 3387 802 3446 pauperum
852 3367 1152 3425 commodis
1185 3363 1443 3426 consulis.
1468 3372 1522 3417 et
1556 3362 1736 3417 omnia
1765 3374 1921 3431 aequo

356 3484 421 3523 ac
455 3474 604 3521 recto
637 3462 936 3533 posteriora
989 3457 1162 3512 ducis.

810 3575 1040 3634 CLXVI.
1068 3603 1140 3614 —
1166 3569 1549 3628 MARTIANO.

2460 3577 2637 3645 νεα-ι.
2670 3607 2735 3619 -
2762 3578 3139 3651 ΜΑΡΤΙΑΝῼ.

413 3692 514 3762 51
537 3690 980 3762 Sapientiaei‘ama
1009 3689 1174 3745 austri
1222 3689 1459 3759 reginam
1494 3683 1722 3755 impulit,
1764 3691 1821 3737 ut
1855 3679 1924 3738 ab

2091 3689 2204 3761 Τὴν
2246 3691 2345 3762 μὲν
2379 3690 2474 3764 τοῦ
2517 3691 2672 3745 νότου
2722 3691 3056 3762 βασίλισσαν,
3105 3692 3244 3765 ἀκοὴ
3290 3694 3484 3762 σοφίας
3526 3698 3591 3750 ἐκ

357 3784 617 3840 extremis
656 3782 804 3838 orbis
866 3783 1060 3837 ﬁnibus
1112 3780 1178 3834 ad
1215 3779 1555 3835 Salomonem
1610 3790 1669 3830 se
1710 3773 1914 3830 confer-

2033 3781 2130 3835 τῶν
2188 3784 2441 3854 περάτων
2515 3783 2616 3853 τῆς
2662 3783 2767 3853 γῆς
2812 3785 3049 3838 ἐκτεῖναι
3094 3785 3229 3855 πρὸς
3270 3785 3590 3857 Σολομῶντα

358 3885 440 3929 ret
459 3874 523 3927 ".
576 3871 654 3928 Te
682 3882 858 3927 autem
900 3871 1158 3926 Dominus
1191 3868 1500 3939 quotidiano
1545 3865 1782 3920 clamore
1824 3863 1915 3917 ad-

2031 3872 2367 3946 παρὼτρυνε.
2422 3874 2489 3927 Σὲ
2553 3874 2611 3927 δὲ
2656 3873 2861 3948 Κύριος
2914 3875 3034 3930 καθ’
3083 3873 3296 3949 ἡμέραν
3352 3878 3588 3949 ὲμϐοῶν,

358 3964 556 4018 ducere
607 3962 825 4016 minime
869 3960 1074 4032 potuit,
1119 3969 1177 4014 ut
1223 3959 1528 4029 resipisces,
1566 3965 1728 4025 atque
1772 3954 1838 4008 ad
1869 3954 1915 4008 id

2031 3965 2191 4034 νῆψαι
2237 3965 2333 4018 καὶ
2381 3964 2572 4034 βλέψαι
2619 3966 2756 4036 πρὸς
2803 3967 2865 4020 τὸ
2913 3967 3189 4039 συμφέρον
3236 3970 3337 4023 οὐκ
3382 3969 3588 4026 ἔπεισε.

360 4053 578 4121 quodin
630 4066 740 4105 rem
801 4061 944 4106 tuam
1002 4049 1239 4105 futurum
1291 4051 1399 4114 sit,
1430 4047 1613 4103 oculos
1641 4044 1917 4114 coniicias.

2034 4054 2268 4125 Πρόσεχε
2305 4054 2485 4108 τοίνυν
2508 4056 2582 4126 μὴ
2629 4057 2719 4110 ὑπ’
2769 4058 2984 4130 ἐκείνης
3020 4060 3215 4130 κριθῇς
3241 4061 3322 4115 ὅτι
3352 4062 3451 4133 τὴν
3491 4058 3591 4133 μὲν

364 4143 497 4199 Vide
525 4144 725 4212 itaque,
760 4156 829 4197 ne
861 4143 927 4197 ab
958 4142 1046 4196 illa
1078 4143 1476 4205 cendemneris,
1522 4139 1773 4209 quoniam
1803 4149 1921 4189 cum

2037 4144 2208 4215 φῆμαι
2237 4146 2333 4198 καὶ
2359 4145 2506 4214 λόγοι
2526 4146 2872 4217 ἐπτέρωσαν·
2909 4150 2970 4202 σὲ
2993 4150 3051 4203 δέ
3070 4151 3163 4204 καὶ
3187 4150 3311 4221 ὄψις
3337 4153 3432 4207 καὶ
3458 4155 3594 4223 πρᾶ-

360 4248 481 4288 eam
551 4247 795 4287 rumores
820 4247 885 4285 ac
914 4246 1187 4287 sermones
1212 4231 1358 4286 velut
1393 4229 1494 4284 alis
1521 4229 1715 4283 additis
1740 4239 1917 4280 erexe-

2036 4233 2111 4300 Ξις
2161 4233 2273 4288 τῶν
2326 4234 2421 4288 τοῦ
2488 4235 2724 4307 Χριστοῦ
2788 4238 3079 4309 ἐνεργειῶν
3134 4241 3386 4312 οὐδαμῶς
3440 4244 3593 4298 ἐθελ-

365 4324 493 4389 rint,
529 4332 581 4376 te
611 4331 823 4386 contra,
853 4336 953 4377 nec
1001 4332 1248 4390 aspectus
1276 4362 1292 4388 ,
1329 4338 1433 4377 nec
1481 4318 1685 4377 Christi
1734 4332 1926 4388 opera-
1955 4322 2001 4379 ι)
2026 4326 2250 4382 τίωσαν,

364 4411 537 4467 tiones
579 4410 683 4464 ulla
715 4425 781 4465 ex
814 4421 970 4481 parte
1017 4412 1292 4467 meliorem
1321 4410 1619 4468 eii‘ecerint.

745 4519 999 4577 CLXVII.
1016 4547 1084 4562 -
1103 4521 1330 4579 ESAIJE
1366 4520 1597 4577 MILITI.

2340 4526 2502 4583 PEZ'.
2537 4560 2608 4570 _
2636 4529 2843 4602 ΗΣΑΙᾼ
2875 4527 3279 4603 arentem.

435 4633 595 4699 Eunt,
627 4634 719 4705 qui
750 4634 943 4705 pugnis
968 4636 1183 4704 gaudet,
1216 4650 1280 4691 ac
1328 4634 1643 4690 tumultibus
1693 4631 1929 4687 delecta-

2099 4639 2204 4693 Τδν
2248 4639 2447 4711 μάχαις
2496 4641 2770 4713 χαίροντα,
2813 4643 2908 4697 καὶ
2957 4642 3209 4713 θορύϐοις
3242 4644 3597 4716 τερπόμενον,

367 4733 475 4791 tur,
514 4736 675 4797 atque
707 4726 760 4782 id
789 4727 971 4782 studet
995 4766 1012 4790 ,
1044 4736 1102 4781 ut
1129 4728 1377 4784 omnibus
1414 4728 1537 4783 odio
1569 4727 1660 4789 sit,
1698 4737 1924 4792 quonam

2043 4728 2128 4783 ιιαὶ
2158 4729 2359 4800 μᾶλλον
2385 4731 2659 4799 μισεῖσθαι
2687 4734 2840 4804 παρὰ
2872 4732 3092 4788 πάντων
3124 4734 3512 4802 σπουδάζοντα,
3546 4738 3600 4791 τί

434 4880 455 4911 '
489 4879 674 4935 Matth.
703 4895 786 4948 ιιι,
819 4880 875 4937 4.
947 4878 1015 4936 ⁸1
1045 4880 1173 4938 Cor.
1205 4897 1324 4949 xm,
1353 4883 1404 4938 l.
1480 4885 1502 4917 '
1538 4882 1656 4938 Jac.
1691 4898 1766 4949 tv,
1796 4882 1852 4939 6.
1927 4882 1971 4914 ¹⁶
2010 4881 2202 4937 Matth.
2234 4898 2331 4950 ιιι,
2362 4884 2455 4945 42.

1458 5011 1694 5071 VARIIE
1729 5011 2115 5070 LECTIONES
2152 5014 2241 5070 ET
2281 5012 2509 5071 NOTE.

439 5144 553 5216 (58)
580 5143 852 5216 Lacunam
908 5162 1094 5204 versus
1126 5147 1283 5216 primi
1311 5147 1583 5216 complent
1622 5146 1729 5200 duo
1768 5147 1926 5199 codd.

2043 5163 2131 5216 pro
2160 5146 2448 5211 ίθύνοντες,
2479 5147 2601 5202 cod.
2638 5145 2759 5200 Vat.
2790 5145 2899 5201 649
2924 5147 3082 5202 habet
3113 5147 3409 5213 ίθύναντες.
3442 5146 3600 5209 Vere.

368 5211 474 5269 Alt.
520 5211 573 5269 et
593 5211 752 5287 ᾔτει.-
772 5211 1220 5287 “apostemata!
1271 5211 1513 5272 addendo
1560 5216 1925 5287 nom._Versu

2046 5211 2070 5273 5
2103 5217 2261 5272 ambo
2296 5218 2455 5272 simul
2481 5233 2577 5283 pro
2605 5216 2826 5287 βοήθεια
2853 5218 3030 5287 legunt
3068 5216 3281 5287 βοηθὸς,
3311 5211 3404 5273 sed
3434 5232 3488 5275 et
3520 5238 3603 5278 se.

368 5293 546 5356 autem
587 5283 624 5337 2
676 5284 822 5338 solus
866 5284 975 5338 Alt.
1025 5283 1277 5355 ζητοῦσιν
1336 5294 1506 5340 mutat
1557 5283 1610 5340 in
1653 5283 1925 5356 ζήλοῦσιν.

2048 5283 2775 5356 ιυεηιειιιιιίςῑιιιιειὶνὰιιίἥρ
2820 5283 3104 5356 articulum
3144 5283 3370 5350 mutant,
3400 5291 3483 5344 sic
3527 5304 3605 5347 to-

369 5352 608 5431 Ροξξιιφι
918 5421 930 5431 .
1000 5348 1045 5431 ,ί
1078 5348 1091 5355 ’
1666 5348 1669 5349 ί
1708 5348 1722 5356 ⁷

2048 5348 2147 5409 [ιιιιι
2184 5348 2486 5431 scribentes
2518 5354 2691 5429 locum
2716 5348 2798 5419 οἷς
2836 5355 2937 5408 οὐκ
2958 5350 3027 5425 ἧν
3052 5348 3605 5431 Messanae”?

443 5422 554 5496 (59)
588 5423 731 5477 Loco
769 5421 1013 5477 asterisci
1053 5433 1257 5489 ponunt
1293 5440 1353 5475 cn
1384 5422 1541 5477 codd.
1572 5420 1697 5479 Vat.
1734 5422 1840 5478 649
1871 5430 1926 5476 et

2045 5441 2143 5486 σις.
2203 5424 2359 5496 νει·εὲ.
2401 5424 2673 5496 antepen.
2709 5433 2764 5478 et
2808 5441 2930 5495 pen.
2978 5420 3074 5496 pro
3129 5420 3398 5494 ἑριλοθέων
3439 5420 3602 5487 ἱῖάοὲη

371 5490 707 5564 Libyes-sm.
789 5560 811 5564 Α
1016 5558 1028 5564 ⁸
1186 5559 1198 5564 _
1300 5559 1313 5564 _

1269 5559 1313 5564 η
1385 5560 1398 5564 _
1454 5559 1470 5564 ,
1602 5560 1614 5564 _
1702 5558 1743 5564 μ
1896 5559 1927 5564 _
2036 5503 2239 5564 ponunt
2271 5490 2565 5563 φιλοθέωςξ
2590 5494 2795 5551 Possm.

446 5559 560 5626 (60)
595 5561 748 5617 Vers.
783 5560 819 5614 ‘3
853 5574 951 5629 pro
977 5558 1074 5622 τὰς
1102 5559 1219 5615 cod.
1254 5559 1357 5616 Alt.
1384 5559 1546 5617 habet
1570 5560 1666 5624 εἰς.
1702 5558 1856 5617 γει-ιι.
1896 5559 1931 5613 5

863 5574 951 5629 ί)Υο
977 5558 1074 5622 τὰς
1102 5559 1219 5615 εοά.
1254 5559 1357 5616 Alt.
1384 5559 1546 5617 habet
1570 5560 1666 5624 είς.
1702 5558 1856 5617 νοτε.
1896 5559 1931 5613 5
2037 5558 2054 5564 “
2282 5558 2294 5563 ·
2417 5626 2420 5629 Δ
