3944 6138
330 217 440 283 293

1284 209 1814 274 EPISTOLARUM
1849 208 1993 270 LIB.
2035 210 2084 270 ι.
2122 182 2191 245 έ-
2225 211 2465 274 EPIST.
2508 212 2725 274 CLXX.

3477 215 3584 279 294

339 325 403 378 ἄν
432 339 516 386 τις
539 318 812 392 ἁρμοδίως
842 319 1138 387 καλέσειεν,
1160 320 1194 391 ἢ
1220 319 1421 389 φαῦλον
1442 319 1692 389 δαίμονα,
1715 318 1779 371 ὲκ
1807 315 1905 386 τῆς

2016 329 2130 371 eum
2171 319 2390 373 nomine
2420 319 2598 388 aptius
2627 328 2680 373 et
2725 318 3060 375 commodius
3119 320 3403 389 quisquam
3432 327 3582 392 apel-

335 410 559 481 γνώμης
597 409 697 480 τὴν
737 411 898 478 φύσιν
941 409 1280 475 ἀλλάξαντα;
1323 409 1475 462 Ἐπεὶ
1520 404 1612 462 οὖν
1656 407 1750 461 καί⁵
1803 405 1908 475 πρὸ

335 497 528 568 καιροῦ
578 496 861 566 βασανίζει
904 498 1135 569 Χριστὸς
1183 498 1416 552 ἐνταῦθα
1454 498 1578 560 τοὺς
1622 496 1904 567 δαίμονας,

338 589 495 643 κάκεί
520 588 619 640 σὺν
642 586 719 657 τῷ
747 586 917 657 πατρῖ
941 586 1118 640 αὐτῶν
1149 586 1260 654 πῦρ
1285 586 1468 650 αὐτοῖς
1502 584 1715 637 αίώνιον
1738 587 1909 653 ἐπηγ-

337 680 580 748 γείλατοο
606 677 641 749 ἢ
669 675 876 732 παῦσαι
904 679 1266 749 φιλο-τάραχον
1300 678 1444 749 ζωὴν
1480 676 1899 748 μετερχόμενος,

338 772 627 843 ἢγίνωσκε
668 769 947 823 κάνταῦθα
980 769 1230 839 μάστιξιν
1270 768 1647 837 ὑποκείμενος,
1684 768 1906 820 κάκεῖσε

336 866 430 936 τὴν
452 864 667 935 ἄμυναν
697 865 759 919 οὐ
783 864 1098 935 λησόμενος.

613 1152 786 1208 Ρειιι.
820 1183 893 1193 -
928 1152 1129 1223 ΖΩΙΛῼ
1160 1143 1627 1220 ΠΡΕΣΒΥΤΕΡῼ.

413 1266 639 1338 Ἐπειδὴ
666 1266 911 1337 ἄμπελον
944 1264 1136 1320 ἑαυτὸν
1168 1265 1197 1317 ὁ
1229 1264 1434 1334 Κύριος
1469 1259 1902 1334 προσηγόρευσε,

331 1358 393 1412 τὸ
433 1358 687 1428 νόστιμον
720 1356 831 1428 (62)
884 1356 976 1409 καὶ
1032 1356 1259 1426 καρδίαν
1308 1356 1592 1426 εὐφραῖνον
1627 1352 1906 1422 παρασχό-

340 1464 495 1517 μενος
550 1448 850 1517 κήρυγμα,
909 1442 1049 1499 οἶνον
1106 1446 1420 1517 ἀναγκαίως
1485 1446 1638 1497 καλεῖ
1696 1445 1730 1513 ἡ
1786 1442 1904 1494 θεία

335 1537 375 1589 Γ
380 1536 526 1607 ραφὴ
555 1536 646 1589 τὸν
673 1535 849 1606 ἀληθῆ
890 1536 1039 1599 θείας
1081 1535 1331 1603 γνώσεως
1359 1535 1514 1604 λόγον
1534 1551 1547 1563 ⁸
1584 1534 1772 1587 τοῦτον
1809 1534 1904 1587 καὶ

2011 405 2103 473 let,
2141 421 2301 476 quam
2332 409 2377 463 si
2428 408 2600 478 ipsum
2654 425 2884 479 nequam
2930 420 3090 479 alque
3138 411 3439 480 improbum
3475 415 3583 468 da:-

2009 510 2221 552 monem
2256 508 2431 561 vocet.
2461 506 2518 552 ut
2557 499 2647 567 qui
2678 499 2954 554 voluntate
3012 501 3284 569 animique
3340 503 3582 556 instituto

2008 595 2253 640 naturam
2295 587 2559 643 mutarit?
2591 589 2854 655 Quoniam
2908 590 3069 661 igitur
3114 591 3361 645 Christus
3411 602 3462 643 et
3494 593 3582 646 hic

2012 684 2137 730 ante
2162 686 2374 747 tempus
2425 679 2695 734 daamones
2748 680 3041 749 torquet“,
3078 690 3131 734 et
3170 682 3220 733 in
3257 681 3426 735 altero
3467 696 3581 735 arvo

2007 771 2393 838 sempiternum
2438 770 2570 839 ipsis
2616 771 2792 840 ignem
2846 786 2950 825 una
3000 787 3122 826 cum
3154 771 3390 840 ipsorum
3427 785 3581 841 patre

2007 859 2473 927 promisit";,'aut
2503 862 2906 915 tumultuariam
2954 862 3128 914 vitam
3151 863 3449 917 consectari
3486 863 3579 916 de-

2005 947 2141 1015 sine,
2170 958 2260 1001 ant
2286 948 2411 1002 illud
2442 950 2597 1014 scito,
2633 958 2683 1004 te
2716 959 2771 1005 et
2800 951 2886 1004 hic
2914 949 3093 1019 ﬂagris
3119 951 3411 1005 obnoxium
3437 964 3578 1014 esse,

2005 1046 2061 1092 et
2102 1038 2211 1093 illic
2263 1038 2556 1093 vindictam
2611 1040 2831 1094 minime
2860 1041 3151 1093 vitaturum
3206 1054 3347 1095 esse.

2212 1148 2488 1206 CLXVIII.
2516 1181 2583 1192 —
2607 1149 2805 1206 ZOILO
2838 1150 3312 1207 PRESBYTERO.

2074 1259 2513 1331 Quandoquidem
2558 1262 2815 1317 Dominus
2852 1264 3011 1317 vitem
3058 1266 3293 1333 seipsum
3348 1267 3579 1336 appella-

2006 1353 2183 1418 vit“,
2245 1363 2303 1407 ut
2357 1356 2447 1423 qui
2493 1362 2681 1424 pectus
2738 1353 3139 1409 bumectautem
3192 1371 3256 1410 ac
3304 1357 3579 1423 voluptate

2002 1442 2322 1498 aﬂicientem
2368 1444 2803 1512 praedicationem
2850 1446 3159 1513 praebuerit,
3194 1447 3398 1501 idcirco
3430 1446 3573 1501 Scri-

2004 1544 2161 1603 ptura
2210 1535 2389 1588 divina
2434 1549 2616 1588 veram
2669 1534 2861 1588 divina:
2902 1537 3222 1604 cognitionis
3279 1537 3577 1591 doctrinam

336 1626 391 1678 ὲν
416 1626 656 1696 κρατῆρι
689 1627 721 1695 ἡ
744 1626 905 1694 σοφία
934 1626 1161 1690 ποτίζει,
1191 1626 1442 1695 κρατῆρα
1470 1626 1567 1695 τὴν
1587 1625 1677 1678 τοῦ
1701 1625 1902 1694 Κυρίου

2016 1625 2185 1679 vinum
2217 1625 2522 1679 necessario
2561 1624 2874 1693 appellat”.
2906 1625 3018 1680 Iluc
3040 1626 3089 1678 in
3124 1627 3314 1696 poculo
3359 1642 3577 1697 quoque

337 1715 581 1786 πλευρὰν
605 1715 967 1786 ὁνομάζουσα,
998 1715 1058 1780 ἐξ
1088 1711 1155 1787 ἦς
1177 1717 1308 1785 ἡμῖν
1333 1716 1369 1785 ἠ
1400 1714 1499 1783 τῆς
1529 1714 1673 1784 ζωῆς
1709 1715 1905 1784 εὐφρο-

341 1803 472 1879 σύνη
497 1805 795 1876 ἐπήγασεν.

816 1987 982 2042 rso.
1006 2016 1077 2029 —
1096 1987 1183 2057 To
1211 1986 1414 2057 ΑΥΤῼ.

495 2080 605 2144 Εις
631 2076 699 2132 τὸ
728 2077 1063 2147 εἰρημένον,
1101 2096 1121 2129 ι
1149 2080 1215 2131 Οί
1247 2077 1508 2145 κάπηλοι
1543 2091 1682 2133 σου.
1720 2093 1741 2129 ι

402 2190 516 2260 Τὴν
562 2190 658 2244 τοῦ
706 2190 851 2244 θείου
892 2190 1204 2261 [Ινεύματος
1240 2190 1582 2260 ὲπιφοίτησιν
1623 2190 1904 2261 δεξάμενοι

335 2282 384 2335 oi
404 2282 500 2337 τοῦ
532 2281 739 2353 Κυρίου
775 2281 1080 2347 ἀποστόλοι,
1117 2281 1377 2351 γλεύκους
1403 2279 1541 2335 εἶναι
1573 2280 1758 2352 μεστοὶ
1787 2283 1903 2335 ἑνο-

339 2373 641 2443 μίσθησαν,
682 2372 778 2425 καὶ
821 2374 901 2433 είς
942 2372 1121 2425 πάντα
1156 2373 1227 2427 τὰ
1266 2372 1395 2442 ἔθνη
1439 2372 1540 2442 τὴν
1584 2371 1758 2443 ἀληθῆ
1804 2372 1901 2425 καὶ

334 2463 618 2517 ἀνόθευτον
646 2462 804 2515 πόσιν
831 2462 942 2516 τῶν
984 2462 1297 2533 μυστηρίων
1329 2463 1610 2532 ἐκόμισαν.
1640 2463 1779 2525 Τοὺς
1795 2463 1905 2515 τοί-

334 2569 427 2606 νυν
465 2552 565 2623 τὴν
593 2551 744 2605 θείαν
779 2550 1303 2621 παραχαράσσοντας
1347 2553 1653 2615 παίδευσιν,
1686 2554 1781 2607 καὶ
1818 2554 1905 2606 νό-

333 2642 444 2706 θοις
472 2640 616 2715 [καη
661 2641 927 2711 ὲξιτήλοις
981 2641 1277 2712 ὲντὰλμασι
1324 2642 1393 2695 τὰ
1439 2644 1665 2713 οὐράνια
1719 2644 1904 2697 ἐπιθο-

331 2734 557 2797 λοῢντας
588 2732 911 2803 διδάγματα,
958 2732 1317 2802 Μανιχαίους,
1354 2732 1448 2785 καὶ
1490 2733 1758 2804 Σίμωνας,
1814 2736 1905 2788 καὶ

333 2825 663 2889 Μοντσινοὺς,
708 2824 801 2877 καὶ
846 2824 1150 2887 Ναυάτους,
1209 2823 1469 2896 Ἀρείους,
1515 2825 1610 2878 καὶ
1656 2825 1903 2878 Μακεδο-

336 2917 500 2979 νίους.
542 2914 841 2977 Φωτεινούς
890 2932 949 2968 τε
1003 2916 1096 2969 καὶ
1142 2916 1265 2979 τοὺς
1317 2915 1528 2981 τούτοις
1576 2916 1898 2987 ὁμόφρονας,

2008 1716 2283 1785 Sapientia
2324 1715 2612 1769 bibendum
2646 1716 2871 1786 porrigit
2894 1717 2967 1770 “z
3000 1730 3093 1786 per
3124 1719 3373 1786 poculum
3406 1719 3570 1772 nimi-

2007 1822 2125 1861 rum
2154 1806 2369 1861 Domini
2404 1804 2545 1860 latus
2588 1806 2916 1876 intelligens,
2965 1822 3029 1860 ex
3089 1823 3195 1876 quo
3247 1808 3404 1864 nobis
3456 1809 3581 1864 vita

1999 1898 2315 1967 iucunditas
2343 1906 2399 1952 et
2440 1896 2733 1952 oblectatio
2769 1898 3106 1966 protlu'xit“.

2526 1988 2756 2044 CLXIX.
2773 2017 2843 2029 --
2871 1990 3101 2044 EIDEM.

2425 2081 2494 2137 1η
2533 2082 2685 2146 illud,
2733 2081 3041 2149 «Caupones
3084 2084 3218 2137 tui.»

2079 2194 2293 2250 Domini
2359 2193 2624 2266 apostoli,
2660 2209 2780 2248 cum
2817 2196 2979 2250 divini
3017 2194 3250 2265 Spiritus
3291 2196 3579 2253 adventum

2009 2287 2409 2357 suscepissent,
2450 2295 2629 2341 musto
2661 2284 2800 2355 pleni
2854 2300 2977 2341 esse
3028 2288 3322 2344 existimati
3352 2299 3477 2344 sunt
3500 2289 3579 2357 ",

2006 2387 2170 2449 atque
2212 2379 2279 2433 ad
2338 2392 2527 2431 omnes
2564 2378 2814 2433 nationes
2836 2394 3016 2432 veram
3054 2379 3378 2449 minimeque
3426 2382 3576 2437 adul-

2010 2474 2235 2521 teratam
2288 2466 2673 2536 mysteriorum
2729 2466 2998 2535 potionem
3062 2468 3321 2527 tulerunt.
3367 2469 3572 2536 Quam-

2019 2551 2204 2605 obrem
2235 2564 2352 2615 eos,
2386 2553 2476 2621 qui
2511 2552 2749 2607 divinam
2794 2554 3095 2609 doctrinam
3149 2555 3477 2624 adulterant,
3517 2574 3582 2613 ac

2004 2640 2249 2696 caelestia
2308 2643 2627 2697 documenta
2678 2644 2876 2713 spuriis
2922 2654 2978 2699 et
3023 2646 3263 2701 evanidis
3314 2650 3585 2703 mandatis

2006 2730 2280 2796 inliciunt,
2312 2730 2415 2785 hoc
2438 2741 2559 2798 est,
2598 2731 2942 2802 Maniclueos,
2972 2733 3244 2802 Simones,
3273 2736 3579 2807 Montanos,

2004 2819 2259 2887 Novatus,
2299 2821 2477 2885 Arios,
2541 2823 2924 2890 Macedonios,
2977 2824 3272 2891 Photinos,
3327 2838 3582 2885 caeteros-

2006 2924 2110 2978 que
2141 2910 2384 2979 ejusdem
2417 2913 2610 2967 mentis
2653 2928 2717 2967 ac
2764 2917 3047 2970 sententiae
3090 2918 3378 2986 homines,
3437 2920 3580 2975 haud

335 3007 616 3076 καπήλους
645 3006 869 3070 εἰκότως
896 3006 1288 3077 προσαγορεύει
1325 3005 1619 3078 μιγνύντας
1646 3008 1737 3061 τὸν
1763 3003 1904 3060 οἶνον

2016 3000 2104 3055 abs
2139 3016 2198 3056 re
2242 3016 2513 3071 caupones
2553 3005 2785 3072 appellat
2834 3006 3117 3075 propheta,
3156 3021 3213 3063 ut
3258 3011 3347 3079 qui
3385 3026 3582 3080 aquam

338 3096 509 3163 ὕδατι,
560 3100 628 3168 τῇ
679 3097 972 3169 ἀκραιφνεῖ
1023 3096 1131 3150 τῶν
1185 3095 1343 3150 θείων
1391 3096 1563 3166 λόγων
1594 3096 1706 3169 (65)
1742 3097 1905 3169 σοφίᾳ

335 3185 458 3250 τοὺς
485 3186 722 3249 οίκεῐους
753 3184 1148 3255 σχετλιασμοὺς
1178 3184 1595 3252 ἐπεισάγοντας.

791 3364 915 3418 PO’.
939 3393 1010 3404 —
1033 3361 1452 3417 XAIPHMONI.

336 3455 472 3527 Περὶ
497 3454 619 3510 τῶν
637 3454 899 3521 ἀναξίως
926 3452 1045 3508 τῶν
1066 3456 1418 3524 μυστηρίων
1441 3454 1903 3510 κοινωνούντων.

400 3569 541 3622 Φασί
600 3567 663 3621 σέ
716 3584 860 3630 τινες
914 3565 1091 3619 πάντα
1124 3566 1222 3636 μὲν
1274 3566 1731 3638 ἀπηγορευμένα,
1787 3565 1910 3620 τινὰ

332 3658 393 3713 δὲ
429 3658 545 3729 (64)
574 3657 839 3728 πράττειν
867 3650 962 3710 καὶ
995 3656 1233 3726 ἄθεσμα,
1270 3659 1381 3721 τοῖς
1415 3657 1471 3709 δὲ
1502 3656 1664 3720 θείοις
1705 3673 1909 3727 μυστη-

335 3752 475 3822 ρίοις
498 3752 601 3812 τὰς
640 3750 832 3819 χεῖρας
878 3746 1179 3818 προτείνειν
1213 3746 1473 3817 συνεχῶς,
1518 3751 1611 3800 καὶ
1664 3747 1910 3818 μετέχειν

328 3846 629 3918 τολμηρῶς
661 3845 768 3898 τῶν
807 3844 1099 3913 ἀψαύστων
1148 3860 1252 3897 σοι.
1286 3844 1393 3896 Καί
1428 3860 1521 3913 μοι
1556 3841 1677 3895 λίαν
1709 3842 1909 3911 ἐπῆλθε

331 3939 622 4009 θαυμάσαι
657 3954 750 3990 σου
785 3936 885 4007 τὴν
914 3936 1209 3999 ἀναίδειαν,
1243 3935 1323 3988 ὃτι
1360 3937 1483 3997 ταῖς
1508 3933 1619 3989 τῶν
1644 3934 1911 4005 δαιμόνων

324 4031 640 4102 τραπέζαις
673 4031 751 4093 εἰς
783 4030 945 4099 κόρον
968 4026 1257 4091 κοινωνῶν,
1290 4027 1384 4080 καὶ
1408 4024 1687 4096 τραπέζης
1707 4025 1910 4096 Κυρίου

327 4124 592 4195 μετέχειν
628 4122 690 4175 ού
725 4120 886 4192 φοϐῇ.
906 4115 1054 4190 ’Δρα
1084 4114 1178 4171 οὖν
1217 4118 1290 4189 μή
1321 4117 1407 4181 τίς
1437 4134 1496 4170 σε
1527 4116 1718 4187 βρόχος
1744 4134 1911 4170 κατα-

323 4215 509 4288 λάϐῃ,
560 4213 641 4277 ὡς
686 4211 781 4266 τὸν
849 4209 1048 4264 Ἰούδαν
1094 4209 1188 4261 ἐπὶ
1247 4210 1315 4279 τῇ
1366 4208 1663 4278 προπετείᾳ
1720 4206 1912 4262 ἑαυτοῦ

2006 3092 2133 3145 vino
2181 3091 2517 3147 immisceant
2540 3093 2603 3156 ",
2634 3095 2737 3149 hoc
2784 3105 2890 3159 est,
2924 3096 3154 3153 miseros
3182 3114 3309 3155 suos
3343 3116 3579 3169 errores,

2014 3194 2165 3249 purae
2196 3194 2261 3235 ac
2305 3179 2540 3251 limpida:
2588 3184 2890 3239 divinorum
2945 3200 3253 3243 sermonum
3304 3195 3581 3262 sapientia:

2006 3270 2263 3327 inierant.

2431 3364 2638 3421 CLXX.
2664 3395 2733 3407 —
2760 3366 3210 3425 CIIASREMONI.

2165 3456 2245 3512 De
2271 3457 2337 3512 iis
2360 3460 2450 3527 qui
2482 3458 2695 3528 indigne
2747 3470 3078 3515 sacramenta
3111 3463 3415 3531 percipiunt.

2078 3568 2245 3624 Aiunt
2277 3568 2521 3622 nonnulli
2552 3577 2623 3633 te,
2654 3584 2773 3621 cum
2807 3570 3009 3631 omnia,
3048 3585 3165 3637 quae
3213 3570 3410 3627 divinis
3452 3571 3587 3643 legi-

2012 3659 2114 3714 bus
2142 3660 2431 3714 interdicta
2466 3670 2612 3723 sunt,
2648 3659 2847 3725 facere,
2876 3670 2985 3712 tum
3010 3662 3267 3714 llOltllllIIa
3298 3664 3459 3717 etiam
3489 3680 3582 3718 ne-

2010 3750 2147 3806 faria
2176 3761 2229 3804 et
2259 3751 2418 3818 impia
2450 3758 2782 3819 perpetrare,
2817 3760 2977 3818 atque
3004 3752 3219 3805 interim
3248 3761 3426 3807 tamen
3468 3769 3583 3807 ma-

2009 3860 2110 3899 nus
2140 3844 2206 3898 ad
2242 3843 2421 3896 divina
2451 3844 2706 3909 mysteria
2738 3841 3078 3895 continenter
3107 3843 3453 3911 protendere,
3486 3858 3583 3899 ea-

2009 3948 2135 4004 que,
2167 3947 2286 4003 quae
2328 3947 2355 3984 a
2385 3941 2436 3985 te
2465 3931 2653 4002 attingi
2697 3932 2847 3986 nefas
2880 3940 2984 3997 est,
3018 3932 3359 4003 impudenter
3404 3934 3584 4004 perci-

2010 4040 2157 4096 pere.
2204 4023 2281 4079 Ac
2313 4024 2440 4078 mihi
2491 4037 2621 4078 sane
2669 4023 3029 4078 temeritatem
3091 4034 3252 4092 atque
3298 4024 3582 4094 impuden-

2014 4116 2139 4170 tiam
2167 4114 2272 4184 52
2295 4123 2436 4167 tuam
2468 4113 2811 4168 vehementer
2833 4114 3086 4168 admirari
3114 4114 3298 4179 subiit,
3324 4117 3439 4185 qui,
3459 4130 3582 4171 cum

2014 4208 2313 4261 daemonum
2348 4204 2548 4259 mensis
2578 4205 2643 4259 ad
2676 4207 3014 4261 saturitatem
3063 4221 3233 4275 usque
3270 4208 3581 4263 communi-

320 4303 791 4377 ἀτωγνόντα,.καὶ
832 4303 933 4374 τὴν
978 4301 1269 4372 προδοσίαν
1297 4297 1638 4369 ἐνεργοῦντα,
1679 4299 1775 4352 καὶ
1808 4299 1904 4371 τὴν

2016 4316 2105 4356 ces
2146 4339 2161 4365 ,
2190 4298 2486 4353 Dominica:
2516 4311 2729 4366 quoque
2762 4312 2960 4353 mensae
2992 4301 3263 4367 particeps
3307 4300 3423 4354 ﬁeri
3479 4301 3583 4354 mi-

318 4398 625 4451 κοινωνίαν
646 4393 997 4448 ἀπαιτοῦντα.

2015 4391 2161 4445 nime
2192 4386 2468 4442 timeas".
2502 4387 2631 4442 Vide
2659 4387 2842 4456 igitur,
2888 4402 2955 4441 ne
2981 4389 3101 4457 quis
3132 4397 3185 4443 te
3214 4389 3433 4458 laqueus
3466 4405 3584 4444 cor-

320 4490 500 4561 ripiat
530 4526 548 4553 ,
584 4495 645 4541 ut
672 4484 867 4540 Judam
900 4487 988 4551 ὀ,
1035 4484 1104 4539 ob
1144 4482 1498 4537 temeritatem
1582 4497 1733 4536 suam
1788 4483 1840 4536 in
1889 4482 2316 4553 desperationem
2379 4478 2686 4549 prolapsum
2717 4516 2734 4543 ,
2784 4478 3049 4547 simulque
3122 4488 3176 4534 et
3229 4478 3585 4549 proditionem

319 4587 775 4654 perpetrantem,
818 4589 874 4633 et
900 4584 1302 4633 sacrosanctam
1335 4574 1767 4630 communionem
1810 4574 2186 4643 postulantem.

418 4732 468 4762 ιι
508 4726 705 4781 Matth.
733 4741 851 4786 vm,
889 4724 980 4778 29.
1077 4723 1122 4754 ¹²
1155 4721 1344 4774 Matth.
1374 4736 1499 4783 xxv,
1530 4721 1619 4775 41.

317 4801 363 4833 ³⁷
394 4800 531 4856 Act.
571 4812 636 4861 ιι,
664 4796 754 4848 15.
830 4794 874 4825 ¹⁸
900 4792 1004 4846 lsa.
1036 4790 1189 4858 1,22.
1268 4790 1346 4844 ¹Ἰ
1380 4790 1504 4845 Cor.
1536 4805 1591 4854 ι,
1620 4789 1711 4843 ‘21.

1729 4720 1771 4752 ’³
1803 4719 1957 4774 Joan.
1984 4736 2073 4784 xv,
2101 4720 2150 4773 I.

1787 4791 1830 4822 ὀ
1863 4788 2017 4844 Joan.
2076 4805 2195 4854 xm,
2243 4788 2352 4854 97;
2395 4792 2580 4852 Act.|,
2617 4787 2705 4841 18.

2255 4719 2295 4751 ’⁸
2321 4718 2477 4771 Prov.
2500 4733 2574 4781 Ix,
2605 4717 2657 4770 5.
2770 4717 2813 4748 "
2835 4715 2967 4771 Ibid.
3077 4715 3295 4770 “Joan.
3334 4734 3447 4782 xxx,
3492 4718 3585 4773 54.

1439 4906 1680 4963 VARIE
1719 4907 2102 4963 LECTIONES
2136 4908 2225 4961 ET
2268 4906 2497 4962 NOTAE.

393 5053 512 5126 (6|)
553 5050 712 5126 Hanc
751 5045 1032 5126 epistolam
1079 5044 1236 5126 co_dd.
1268 5041 1392 5126 Ἶρι.
1429 5040 1543 5123 ,ϐιξθ
1588 5051 1640 5094 et
1667 5040 1771 5121 Alt.
1797 5056 1902 5120 non
2010 5038 2198 5093 lestem
2249 5030 3116 5126 patriam“pudenef‘cjderamuf.
3147 5026 3341 5126 lotum
3372 5042 3482 5126 est!
3492 5036 3587 5126 1yd-

314 5109 636 5197 Μᾶρτὶανῷ
675 5109 1171 5197 δείλ’λξαρτινιανιῖ)
1203 5153 1219 5177 ,
1275 5112 1645 5197 Μανιίηὶαηο,
1705 5109 1899 5195 [ηερε-ᾖ-

312 5179 478 5251 bunt.
516 5179 695 5247 νει-ε.
740 5185 777 5238 2
817 5179 941 5239 tolle
972 5179 1289 5237 asteriscum
1330 5191 1383 5234 et
1414 5190 1557 5233 muta
1588 5180 1825 5251 εκτείναι
1852 5179 1903 5232 in

316 5249 643 5333 ἔκπτῆνιειο
695 5257 775 5333 sic
827 5264 1129 5333 monstrant
1166 5252 1324 5305 iidem
1368 5251 1498 5333 ιιιιοΔ
1518 5249 1672 5333 codd.
1699 5249 1817 5333 “qui,
1858 5257 1915 5302 et

313 5317 464 5391 vers.
492 5317 535 5388 ἓν)
568 5323 813 5399 Χρισεὺς
844 5338 939 5392 pro
956 5322 1161 5394 Κύριος
1183 5327 1409 5389 ponunt,
1447 5326 1501 5371 et
1529 5331 1673 5371 vers.
1697 5317 1729 5371 5
1753 5318 1911 5388 φήμη

315 5403 532 5476 ρτο-φῆ
542 5394 673 5476 εει.
713 5394 927 5476 Possm.

391 5458 652 5546 (sirm.
674 5466 1003 5546 νόστιμοίῗέ
1023 5458 1209 5546 “illitas.
1237 5458 1614 5546 (ἪΨῩῩῩΨἯ
1630 5464 1905 5546 Ϊῗῖῗθίίηὲλ

2018 5460 2245 5505 mutant.
2276 5458 2425 5503 Vers.
2467 5458 2494 5498 7
2530 5458 2629 5515 ὅρα
2681 5461 2752 5511 [ιι-ε

2017 5522 2103 5546 ι-ι
2131 5522 2194 5546 ,ει
2228 5520 2418 5546 μαι-ιι...
2449 5518 2535 5546 ιιι-..ι
2567 5514 2752 5546 ...κυημ-

314 5518 525 5612 tegi};
557 5518 781 5612 ἶνιβέιυι
812 5518 875 5584 τδ
918 5530 1126 5612 γέτιρνο.
1146 5530 1216 5581 At
1251 5524 1905 5612 γςδστιιξον-,ἥήιίτξϊξια,εε¹

2016 5522 2108 5575 ἐπὶ
2131 5522 2198 5590 τῇ
2227 5520 2423 5575 habent
2449 5518 2540 5569 ἐπὶ
2567 5518 2810 5586 τοιαύτῃ.

316 5595 484 5685 (ιῖῗοῖ
500 5595 754 5666 reditum
786 5598 1084 5666 conciliat,
1112 5598 1167 5653 in
1201 5605 1456 5653 azternam
1502 5595 1749 5649 videlicet
1796 5607 1909 5647 coc-

2011 5122 2204 5175 στιμον
2249 5098 2418 5177 ’ἦμαρ
2479 5105 2616 5170 apud
2663 5098 2999 5164 Homerum,
3044 5099 3091 5168 ·ή
3151 5100 3249 5168 τῆς
3316 5102 3576 5156 ἐπανόδου

2019 5177 2221 5247 ἡμέρα.
2260 5175 2426 5228 Ι-ἱιττ.

2090 5246 2200 5306 (65)
2231 5245 2400 5298 Codd.
2441 5240 2560 5293 Vat.
2584 5238 2687 5292 649
2712 5247 2767 5293 et
2786 5238 2920 5301 Alt.,
2949 5237 3166 5306 λογίων.
3198 5239 3391 5293 Possm

2112 5246 2180 5298 6'5
2231 5246 2400 5298 Codd.
2442 5246 2560 5293 Vat.
2584 5246 2687 5292 649
2712 5246 2920 5301 etAlt.,
2950 5246 3166 5306 λογίων.
3198 5246 3391 5293 Possm

2090 5246 2204 5383 imi
2245 5312 2417 5383 verba
2450 5311 2574 5383 τινὰ
2603 5308 2659 5383 δὲ
2699 5310 3024 5383 omittuntur
3059 5324 3089 5383 β
3123 5309 3280 5383 codd.
3308 5309 3430 5360 Vat.
3461 5309 3584 5383 σιξ),

2013 5392 2070 5437 et
2099 5376 2228 5434 'Al't.
2272 5380 2429 5434 Vers.
2469 5380 2501 5432 5
2540 5380 2662 5440 ταῖς
2711 5376 3014 5446 τραπέζαις
3060 5379 3112 5429 in
3160 5376 3260 5446 τῆς
3306 5378 3586 5446 τραπέζης

2018 5460 2245 5505 mutant.
2270 5450 2425 5503 Vers.
2467 5449 2496 5498 7
2530 5449 2629 5515 ὅρα
2681 5442 2778 5517 pro
2813 5442 2924 5517 ἆρα
2973 5447 3175 5514 legunt.
3209 5442 3358 5500 νοτε.
3393 5447 3424 5499 8
3448 5485 3469 5511 ,
3491 5442 3588 5517 pro

2894 5529 3065 5568 OSSIN.
