3944 6138
362 216 450 285 301
1252 227 1781 287 EPISTOLARUM
1813 227 1904 286 LII

2015 226 2055 287 ἱ.
2099 226 2427 287 -ΕΡΙΞΤ,
2477 228 2797 288 CLXXXV.
3494 232 3597 294 30:?

357 328 480 382 Θεὸν
506 332 799 400 γεγραςὼς
842 334 1243 405 ἀποφήνασθαι.
1303 340 1426 392 Ἐπὶ
1475 339 1655 411 μικρῷ
1685 339 1794 409 γὰρ
1825 341 1904 391 κα¹

2022 340 2113 409 qui
2132 342 2219 394 die
2236 338 2453 393 Sabbati
2480 340 2621 407 ligna
2639 341 2924 405 collegerat
2952 359 2963 393 :
2997 340 3161 393 Dcutu
3189 343 3433 398 vidi-licet
3459 348 3591 401 hanc.

359 418 555 489 μείζονι
584 421 615 489 ή
644 422 956 491 παράϐασις
978 427 1240 495 κρίνεται.
1290 429 1376 492 Ὡς
1401 432 1495 482 καὶ
1515 430 1565 481 οἱ
1596 430 1798 498 πρῶτοι
1822 430 1904 481 τοί

2025 431 2346 484 sententiam
2422 429 2605 483 tulisse
2688 430 2929 483 scribens
2958 430 3023 482 ".
3109 431 3382 498 Siquidem
3462 434 3595 503 legis

353 508 539 576 γένους
581 512 926 583 προπάτορες
980 516 1138 581 ξύλου
1196 518 1380 585 γεύσει
1426 521 1517 572 τὸν
1586 518 1904 573 πολυώδυνοπ

2028 517 2420 584 transgressio,
2450 525 2557 570 tam
2591 517 2642 571 in
2674 532 2838 585 parvo
2867 534 2930 573 ac
2967 519 3099 581 levi,
3133 537 3291 590 quam
3326 523 3376 574 in
3402 539 3596 593 magno

354 600 819 673 κατεδικάσθησαν
857 607 949 659 καὶ
976 607 1089 677 βίον
1115 610 1206 663 καὶ
1234 610 1487 667 θάνατον.

2025 620 2185 679 atque
2217 608 2384 661 atroci
2414 609 2641 662 crimine
2666 609 2958 678 judicatur.
2994 609 3125 662 Nam
3163 613 3402 679 profecto
3434 613 3594 681 primi

353 704 560 757 quoque
604 695 819 761 generis
849 700 1016 751 nostri
1053 710 1304 756 auctores
1351 704 1419 757 ob
1447 706 1657 758 arboris
1692 704 1925 758 fructum
1965 701 2302 769 degustatum
2328 740 2343 764 ,
2376 700 2757 767 acerbissima,
2822 712 2870 755 et
2918 702 3025 755 vita
3079 713 3132 757 et
3163 713 3337 757 wortc
3383 706 3592 761 initltati

352 792 471 835 sunt
487 783 555 836 ”.

510 896 759 951 PHB'.—
790 901 1190 979 ΗΡΑΚΛΕΙΔῌ
1221 908 1569 981 ΕΠΙΣΚΟΠῼ
1594 910 1728 983 (77).

2220 902 2523 959 CLXXXII.
2556 932 2627 943 ——
2656 902 3018 959 IIERACLIDI
3054 905 3401 960 EPISCOPO.

347 1004 448 1097 Διιξ
484 1006 802 1097 ςὶλέντεξαι
839 1016 886 1093 ῥ
925 1016 1138 1097 Κύριος
1163 1024 1548 1097 μαργαρίτης.
1591 1024 1685 1097 καί
1717 1022 1813 1097 διὰ
1859 1040 1904 1077 τι

2025 1017 2135 1072 Cur
2180 1018 2464 1084 margarita
2510 1016 2764 1069 Dominus
2802 1019 3028 1081 dicitur,
3082 1029 3131 1070 et
3179 1037 3275 1071 cur
3316 1027 3593 1071 mercator:

414 1075 651 1161 ςιιςτόρω
695 1078 961 1161 ζητοῦντι
1006 1075 1627 1161 κᾳὶοὖξραργαρίτας
1656 1094 1693 1161 ἡ
1731 1075 1904 1156 βασι·

2089 1075 2339 1151 qumreuii
2381 1087 2542 1138 bona;
2570 1089 2885 1154 margaritas
2926 1075 3136 1156 regnum
3174 1093 3415 1142 caelorum
3447 1102 3589 1141 com-

414 1147 550 1197 λεία
577 1148 697 1199 τῶν
729 1151 998 1221 οὐρανῶν
1028 1147 1404 1227 ἁπεικὶίᾶθή.’
1456 1147 1473 1159 ’
1604 1147 1619 1157 ’
1678 1147 1690 1161 1
1731 1147 1748 1156 ⁷

2091 1147 2332 1223 paratum
2366 1165 2463 1208 est.

428 1255 488 1308 '0
540 1258 632 1310 τὸν
672 1260 1033 1332 πολυτίμητον
1091 1268 1435 1339 μαργαρίτην
1482 1271 1759 1341 ζητήσας,
1825 1273 1904 1324 κα¹

2083 1268 2131 1322 ls
2169 1270 2257 1336 qui
2291 1270 2521 1335 ingentis
2559 1270 2716 1337 pretii
2750 1272 3094 1339 margaritam
3127 1273 3407 1341 ηιιςνείνίι,
3441 1290 3591 1327 eam-

347 1344 566 1400 πάντων
592 1350 741 1420 αὑτῷ
765 1352 872 1404 τῶν
920 1357 1229 1425 προσόντων
1264 1361 1522 1414 ἀντισταο
1533 1363 1718 1430 μίσας,
1741 1365 1770 1416 ὁ
1800 1365 1904 1426 νέος

2018 1374 2123 1425 que
2165 1362 2418 1413 onmilms
2470 1361 2581 1415 suis
2624 1360 2969 1417 facultatibus
3007 1366 3138 1417 emit
3166 1365 3210 1395 ³⁸
3239 1405 3253 1428 ,
3315 1382 3481 1420 novus
3509 1376 3595 1419 est

346 1434 463 1487 ἐστὶ
495 1435 589 1487 τοῦ
618 1440 823 1510 Κυρίου
854 1441 982 1506 λαὸς
1006 1486 1021 1509 ,
1076 1446 1176 1517 τῆς
1203 1450 1462 1520 πατρῴας
1489 1452 1582 1504 καὶ
1610 1454 1796 1515 οὐσίας
1826 1454 1904 1506 κα¹

2018 1448 2226 1501 Domini
2270 1451 2496 1518 populus
2520 1492 2535 1515 ,
2563 1451 2654 1519 qui
2692 1463 2967 1522 paternam
3010 1464 3064 1506 et
3104 1455 3462 1507 substantiam
3486 1496 3501 1518 ,
3536 1466 3587 1507 et

346 1522 645 1593 θρησκείας
695 1535 1047 1602 καταφρονῶν
1073 1575 1088 1599 ,
1129 1538 1225 1591 καὶ
1270 1541 1358 1593 τὸν
1385 1543 1589 1611 Κύριον
1627 1545 1725 1613 τῆς
1758 1544 1904 1613 δόξης

2023 1540 2335 1606 religionem
2372 1545 2700 1606 contemnit,
2748 1558 2813 1596 ac
2847 1542 3128 1597 Dominum
3158 1544 3338 1611 gloriae
3375 1547 3588 1612 qumit.

344 1616 545 1687 ζητῶν.
583 1622 943 1695 Μαργαρίτης
986 1627 1043 1679 δὲ
1089 1629 1389 1700 κέκληται,
1424 1634 1611 1704 ἐπειδὴ
1662 1636 1739 1703 τῷ
1772 1635 1904 1704 suos

2021 1628 2126 1697 55
2162 1629 2446 1698 Margarita
2493 1642 2670 1684 autem
2708 1632 2906 1685 idcirco
2953 1633 3267 1701 appellatur,
3299 1634 3422 1700 quia
3456 1634 3591 1687 divi-

342 1712 443 1780 τῆς
474 1711 723 1781 θεότητος
781 1716 1019 1784 ἥνωται,
1076 1723 1172 1774 καὶ
1210 1723 1392 1791 μόνοις
1423 1728 1536 1787 τοῖς
1578 1725 1789 1779 ἁλιεῦσι
1824 1728 1904 1781 καλ

2023 1720 2202 1772 uitatis
2235 1721 2498 1786 profundo
2530 1721 2807 1787 copulatus
2828 1733 2907 1777 est
2935 1761 2951 1786 ,
2978 1723 3213 1791 solisque
3236 1724 3593 1793 piscatoribus

342 1806 456 1866 τοῖς
481 1805 646 1858 αὐτοῦ
677 1807 985 1876 ὑποφήταις
1016 1811 1367 1883 ἐγνώρισται.

2022 1819 2183 1877 atque
2218 1810 2387 1878 ipsius
2437 1811 2816 1879 interpretibus
2865 1813 3131 1881 cognitus.

801 1902 972 1956 Pili".
1000 1935 1072 1944 --
1118 1906 1205 1977 Τῼ
1252 1908 1458 1979 arm.

409 2005 477 2057 Οί
509 2008 927 2075 καταϐαίνοντες
956 2015 1037 2077 εἰς
1062 2015 1337 2072 θάλασσαν
1363 2023 1422 2074 ὲν
1442 2021 1665 2087 πλοίοις,
1699 2023 1914 2078 ποιοῦν-

340 2111 431 2155 τες
455 2097 719 2166 ἐργασίαν
742 2102 796 2153 ὲν
827 2100 981 2155 ὕδασι
1009 2107 1243 2171 πολλοῖς,
1268 2112 1317 2162 οἱ
1344 2112 1437 2164 τοῦ
1475 2113 1678 2184 Κυρίου
1710 2117 1914 2184 τυγχά-

339 2201 490 2238 νουσι
519 2189 770 2259 θεοφόροι
793 2193 1099 2259 ἀπόστολοι,
1123 2200 1216 2251 καὶ
1249 2201 1312 2252 ἐκ
1341 2206 1435 2253 τοῦ
1471 2204 1737 2274 προτέρου
1758 2207 1917 2260 τοῦτο

337 2275 490 2367 ὄντες
520 2281 974 2352 ἐπιτηδεύματος,
1000 2289 1093 2340 καὶ
1120 2290 1185 2342 ἐκ
1215 2291 1314 2359 τῆς
1347 2293 1405 2346 ἐν
1434 2293 1512 2362 τῷ
1541 2294 1640 2363 βίῳ
1672 2297 1916 2367 ζωγρευ-

335 2366 496 2435 τικῆς
525 2369 810 2436 ἐργασίας.
854 2374 1067 2446 Ἐπειδὴ
1094 2378 1197 2448 γὰρ
1221 2379 1295 2444 ὡς
1328 2383 1586 2450 κυμάτων
1616 2366 1914 2439 ἐπανάστα-

340 2472 422 2522 σις
452 2460 775 2531 φλεγμαίνει
819 2467 915 2518 καὶ
955 2470 1346 2532 κατευνάζεται
1373 2472 1481 2524 τῶν
1513 2473 1816 2544 ἀνθρώπων
1846 2478 1913 2531 τὰ

336 2552 665 2621 πράγματα,
697 2556 923 2620 εἰκότως
946 2558 1221 2614 θάλασσαν
1247 2562 1343 2632 τὴν
1371 2563 1573 2617 τούτων
1601 2566 1912 2635 ἀνωμαλίαν

335 2642 384 2693 oi
418 2641 554 2694 θεῖοι
584 2643 809 2697 καλοῦσι
833 2651 1088 2719 χρησμοί.
1124 2653 1187 2703 Οἱ
1216 2652 1273 2704 δὲ
1306 2653 1510 2722 ταύτην
1547 2655 1915 2725 γαληνεύσαν-

333 2747 444 2795 τες,
476 2734 536 2785 ὲν
557 2732 715 2788 ὕδασι
742 2732 1308 2811 πολλοῖς⁶πεποιῆσοαι
1329 2742 1426 2813 τήν
1449 2743 1712 2816 ἐργασίαν
1744 2745 1911 2815 ἐρρή-

335 2821 511 2893 θησαν
549 2824 686 2894 (78).

834 3022 1003 3078 PIIA'.
1033 3053 1102 3062 —
1125 3024 1397 3098 ΖΩΣΙΜῼ.

400 3130 467 3184 Ei
511 3131 614 3201 τῆς
658 3133 857 3204 ἀνοχῆς
902 3135 997 3190 τοῦ
1030 3138 1188 3204 Θεοῦ,
1225 3140 1318 3193 καὶ
1369 3140 1469 3209 τῆς
1505 3140 1909 3212 μακροθυμίας,

330 3214 590 3285 ὧτάλας,
644 3229 1023 3294 καταφρονεῖς,
1072 3228 1176 3281 κᾶν
1225 3230 1295 3283 τά
1334 3231 1576 3300 παρόντα
1611 3233 1905 3303 αίδέσθητι.

332 3310 526 3363 Πολλοὶ
571 3311 683 3381 γὰρ
735 3313 867 3383 πρὸς
914 3316 980 3369 τὰ
1017 3317 1284 3386 μέλλοντα
1323 3321 1723 3387 ἀϐλεπτοῦντες
1769 3323 1906 3393 (79),

329 3402 427 3464 τὰς
452 3403 691 3457 ἐνταῦθα
723 3406 1027 3460 ἐκκλίνουσι
1058 3412 1371 3480 κωμῳδίας.
1422 3415 1485 3466 El
1535 3414 1591 3467 δὲ
1622 3418 1715 3468 καὶ
1739 3416 1908 3469 ταῦτα

316 3492 563 3544 κάκεῖνα
615 3500 992 3565 καταφρονεῖς,
1054 3500 1289 3554 ἐνταῦθα
1338 3504 1690 3577 γελασθήσῃ,
1749 3508 1908 3559 κάκεῖ

330 3579 674 3653 θοηννθήσῃ.

616 3688 787 3743 ΡΠΕ’.
814 3720 886 3731 --
923 3693 1209 3767 ΕΥΣΕΒΙῼ
1250 3699 1621 3773 ΕΠΙΣΚΟΠῼ.

407 3798 675 3853 Ἦδύνασο
698 3803 1010 3867 ἐπικουρεῖν
1040 3809 1148 3870 τοῖς
1174 3809 1424 3879 βοηθείας
1466 3814 1901 3885 προσδεομένοις,

325 3888 373 3940 εί
406 3889 484 3956 μὴ
523 3890 718 3945 σαυτὸν
772 3896 1185 3962 προκατέλυσας
1228 3902 1472 3971 αἰσχροῖς
1526 3904 1771 3973 λήμμασι
1812 3908 1904 3958 καὶ

324 3979 734 4049 προϐλήμασιν.
768 3986 828 4036 Οί
863 3986 972 4056 γὰρ
1000 3987 1233 4057 ὁρῶντές
1273 4008 1333 4043 σε
1381 3994 1686 4061 Πανσοφίου
1731 3997 1902 4065 ἡττώ-

2468 1920 2792 1977 CLXXXIII.
2822 1952 2891 1963 -—
2922 1923 3146 1978 EIDEII.

2086 2030 2186 2097 Qui
2238 2032 2572 2087 descendunt
2607 2050 2753 2088 mare
2788 2036 2839 2088 in
2876 2036 3098 2088 navibus
3125 2076 3139 2100 ,
3176 2036 3434 2091 facientes
3460 2053 3590 2106 opo-

2019 2118 2281 2169 rationem
2331 2120 2383 2171 in
2429 2123 2585 2187 aquis
2638 2123 2820 2176 multis
2852 2123 2919 2188 ³¹,
2963 2134 3087 2177 sunt
3138 2126 3322 2178 divino
3360 2125 3591 2180 Numine

2017 2206 2178 2261 aﬂlati
2214 2208 2421 2263 Domini
2474 2212 2757 2281 discipuli,
2810 2222 2869 2265 ut
2907 2216 2996 2280 qui
3036 2224 3089 2267 et
3130 2230 3193 2268 ex
3237 2218 3416 2283 priore
3469 2218 3589 2270 vita:

2017 2296 2261 2353 instituto
2288 2300 2339 2352 id
2378 2300 2576 2355 fuerint
2598 2341 2613 2366 ,
2645 2314 2698 2356 et
2726 2318 2788 2357 ex
2826 2306 3116 2372 piscatoria
3150 2307 3200 2358 in
3230 2308 3426 2361 mundo
3455 2323 3585 2375 ope-

2016 2388 2225 2442 ratione
2285 2393 2351 2443 ad
2414 2390 2749 2459 spiritualem
2787 2395 3088 2463 migrariut.
3142 2396 3406 2461 Quoniam
3441 2398 3585 2450 enim

2014 2493 2118 2530 non
2167 2495 2322 2533 secus
2357 2496 2422 2537 ac
2462 2484 2717 2538 Iluctuum
2770 2486 3036 2548 insultus.
3094 2488 3338 2541 humana:
3384 2504 3467 2541 res
3506 2488 3588 2541 in-

2014 2575 2317 2622 tumescunt
2359 2586 2423 2626 ac
2460 2574 2695 2628 vicissim
2729 2577 3011 2638 sedantur,
3044 2593 3225 2630 carum
3271 2579 3586 2632 inconstan-

2016 2659 2143 2711 tiam
2199 2662 2378 2716 divina
2418 2666 2636 2719 oracula
2696 2668 2834 2720 haud
2882 2671 2978 2722 abs
3045 2683 3104 2722 re
3157 2670 3322 2723 maris
3370 2669 3586 2723 nomine

2013 2751 2368 2818 appellarunt.
2404 2755 2502 2821 Qui
2536 2766 2714 2811 autem
2758 2758 2858 2812 hoc
2892 2776 3041 2813 mare
3071 2761 3415 2828 tranquillum
3463 2761 3590 2814 red-

2015 2839 2267 2893 diderunt
2302 2881 2318 2904 ,
2382 2841 2436 2895 in
2507 2845 2662 2912 aquis
2734 2844 2915 2900 multis
2974 2848 3341 2915 Operatiouem
3390 2846 3585 2901 fecisse

1939 2911 1982 2967 (ἶ
2017 2930 2141 2985 dicti
2183 2942 2328 2986 sunt.

2425 3043 2755 3103 CLXXXIV.
2784 3075 2854 3085 -—
2887 3045 3157 3101 ZOSIMU.

2077 3151 2133 3206 Si
2164 3153 2257 3208 Dei
2288 3153 2601 3223 patientiam
2647 3171 2711 3210 ac
2742 3155 3014 3211 lenitatem
3040 3156 3338 3211 contemnis
3362 3194 3379 3220 ,
3416 3170 3449 3211 ο
3483 3156 3584 3211 mi.

2011 3256 2136 3307 ser,
2184 3243 2374 3298 saltem
2403 3247 2684 3314 przesentia
2720 3257 2772 3301 te
2799 3256 3193 3301 commoveant.
3246 3245 3396 3300 Multi
3436 3248 3579 3301 enim

2010 3332 2078 3385 ad
2132 3333 2307 3386 futura
2352 3335 2732 3401 carcutieotes,
2786 3337 2946 3405 hujus
2996 3338 3118 3391 vita:
3179 3338 3582 3408 suggillationes

2008 3424 2196 3477 vitant.
2235 3424 2386 3489 Quod
2431 3425 2475 3479 si
2512 3434 2565 3479 et
2603 3426 2717 3481 lucc
2762 3437 2817 3482 et
2853 3428 2938 3483 illa
2973 3445 3068 3498 pro
3099 3431 3266 3484 nihilo
3291 3431 3442 3485 ducis
3467 3467 3483 3492 ,
3528 3439 3582 3485 et

2010 3514 2097 3567 hic:
2126 3516 2198 3568 tni
2232 3515 2392 3568 risum
2420 3555 2434 3579 ,
2477 3528 2529 3570 et
2561 3518 2667 3571 illic
2699 3518 2879 3572 fletum
2908 3521 3289 3576 commowbis.

2251 3713 2557 3770 CLXXXV.
2581 3747 2653 3756 ——
2683 3718 2974 3774 EUSEBIO
3002 3720 3345 3776 EPISCOPO.

2078 3826 2145 3879 lis
2170 3867 2185 3891 ,
2221 3828 2309 3895 qui
2347 3844 2445 3896 ope
2482 3838 2642 3895 atque
2687 3831 2886 3883 auxilio
2926 3848 3060 3899 opus
3090 3834 3385 3897 habebant,
3420 3848 3576 3902 opem

2005 3914 2143 3968 ferre
2180 3919 2443 3984 potuisses
2467 3958 2481 3980 ,
2517 3920 2616 3972 nisi
2649 3919 2875 3983 teipsum
2909 3920 3064 3973 Redis
3098 3923 3390 3989 qumstibus
3415 3934 3577 3991 atque

2002 4006 2359 4060 clectionilms
2400 4010 2547 4077 prius
2577 4012 2927 4065 conlecisses.
2978 4012 3109 4065 Nam
3159 4014 3246 4080 qui
3290 4022 3341 4068 te
3374 4013 3577 4069 Panso—

328 4084 513 4136 μενον,
569 4071 859 4173 ἀνθρώπου
901 4078 974 4145 μὴ
1040 4079 1199 4147 μόνον
1254 4080 1345 4132 τὸν
1389 4083 1533 4135 θεῖον
1585 4086 1901 4155 ὑϐρίσαντος

2015 4097 2131 4163 phio
2160 4098 2428 4150 addictum
2459 4112 2683 4154 cernunt
2710 4141 2725 4166 ,
2773 4103 2873 4155 hoc
2906 4114 2986 4156 est
3019 4104 3218 4156 homini
3244 4105 3319 4164 ei,
3350 4106 3437 4173 qui
3470 4122 3574 4158 non

323 4156 625 4225 Στέφανον,
663 4155 721 4214 οὗ
751 4164 849 4231 τὴν
874 4165 1213 4236 λειτουργίαν
1245 4171 1481 4241 ἀκρίτως
1511 4175 1744 4240 ἐδέξατο,
1765 4179 1899 4231 ἀλλὰ

2015 4186 2164 4237 modo
2213 4187 2395 4240 divino
2432 4188 2738 4255 Stephano,
2776 4190 2926 4258 cujus
2976 4210 3170 4247 munus
3226 4204 3426 4248 temere
3456 4212 3578 4249 sus-

323 4251 417 4300 ml.
449 4252 636 4303 πᾶσαν
663 4254 864 4325 ἀρετὴν
901 4257 964 4309 ἐκ
994 4258 1089 4311 τοῦ
1126 4262 1322 4330 σεμνοῦ
1353 4264 1513 4333 χοροῦ
1556 4269 1897 4337 προπηλακί-

2015 4276 2184 4342 cepit,
2238 4279 2618 4331 contumeliam
2666 4280 2879 4339 intulit.
2917 4297 3098 4334 verum
3130 4285 3290 4337 etiam
3322 4286 3572 4337 virtutem

322 4357 413 4391 σαι
440 4342 858 4409 σπουδάζοντος,
911 4348 1069 4413 ποίας
1102 4350 1167 4403 ἀν
1195 4368 1254 4403 σε
1283 4354 1446 4423 τιμῆς
1478 4354 1801 4421 ἀξιώσειαν;
1836 4360 1896 4412 ΕΞ

318 4428 373 4480 δὲ
396 4432 493 4482 καὶ
514 4431 700 4485 τοῦτον
728 4436 1048 4501 κωλύσειας,
1069 4443 1160 4493 καὶ
1181 4443 1376 4495 σαυτὸν
1394 4445 1743 4515 διορθώσειας
1760 4453 1894 4519 (80),

318 4521 412 4571 καὶ
436 4510 509 4572 τᾶ
540 4522 771 4576 ἐνταῦθα
807 4528 1023 4593 πάντως
1061 4533 1309 4598 φανεῖταί
1344 4551 1424 4587 σοι
1453 4540 1683 4607 χρηστὰ,
1715 4541 1807 4593 καὶ
1827 4542 1895 4594 τὰ

318 4609 536 4663 ἐκεῖθεν
558 4611 775 4677 πάντως
812 4618 1031 4673 ἀνεκτά.

2006 4382 2219 4419 onmem
2253 4384 2316 4421 ex
2353 4370 2577 4424 honesto
2608 4381 2662 4424 et
2702 4373 2847 4441 gravi
2875 4373 3039 4427 choro
3080 4376 3376 4442 propellere
3410 4387 3574 4442 atque

2002 4457 2251 4509 obterere
2287 4460 2462 4511 studet
2488 4498 2502 4517 .
2536 4477 2764 4527 quonam
2797 4465 3008 4517 tandem
3042 4466 3241 4519 honore
3275 4476 3325 4519 te
3359 4468 3572 4519 allicere

2002 4547 2198 4611 quoat?
2260 4548 2410 4613 Quod
2460 4550 2504 4603 si
2562 4563 2615 4604 et
2674 4553 2843 4619 ipsum
2896 4557 3222 4622 prohibeas,
3260 4558 3570 4622 etteipsum

2004 4638 2245 4705 Corrigas
2266 4678 2281 4700 ,
2318 4640 2422 4693 hoc
2456 4645 2801 4709 consequeris
2823 4685 2837 4705 ,
2878 4654 2935 4697 ut
2965 4655 3020 4699 et
3052 4645 3273 4715 hujusce
3309 4646 3432 4699 vita:
3460 4659 3567 4710 res,

319 4700 415 4754 tibi
456 4703 684 4757 omnino
735 4706 869 4762 betae
933 4722 1093 4779 atque
1146 4716 1441 4770 commoda;
1508 4719 1813 4784 exsistant,
1850 4732 1902 4776 et
1942 4740 2027 4779 res
2059 4728 2284 4782 alterius
2313 4730 2431 4784 vitae
2464 4734 2683 4786 omnino
2715 4734 3041 4789 tolerabiles.

390 4851 617 4907 "Num.
661 4872 750 4920 xv,
783 4859 853 4912 52
879 4874 1029 4929 seqq.
1106 4863 1151 4895 "’
1181 4864 1316 4918 Gen.
1362 4882 1445 4929 Ill,
1485 4868 1539 4921 ll
1571 4886 1723 4939 seqq.
1802 4874 1848 4905 ³⁶
1872 4875 1904 4927 Μ

2015 4880 2056 4931 It.
2097 4895 2213 4945 xui,
2248 4882 2337 4942 4’5,
2373 4882 2457 4935 46.
2537 4885 2577 4915 ³¹
2616 4884 2756 4941 I’sal.
2785 4888 2892 4950 cvi,
2917 4887 3007 4941 ‘25.

1417 5022 1651 5078 VARIzE
1684 5025 2066 5083 LEtl'I‘Ii)NES
2111 5030 2195 5084 ΕΤ
2237 5031 2466 5087 NOTAE.

394 5147 596 5225 (7711p
630 5154 786 5225 titulo
815 5154 974 5222 hujus
1009 5157 1247 5224 cpistola:
1276 5174 1372 5225 pro
1408 5163 1691 5225 ὲπισκόπῳ
1729 5167 1886 5221 ςοιΜ.

317 5215 443 5270 Vat.
469 5218 574 5273 649
596 5231 651 5275 et
687 5223 795 5300 A_lt.
833 5215 1410 5300 habent'rfpscGU-réptp
1434 5270 1447 5294 ,
1480 5215 1617 5285 vers.
1728 5215 1890 5287 item;

318 5302 477 5371 τξμσν
510 5305 606 5381 ηηο
652 5292 1039 5381 πολυτίμητον.
1076 5292 1266 5381 Versu‘
1286 5292 1506 5381 quoque
1534 5303 1567 5354 2
1596 5305 1756 5381 apto:
1788 5322 1884 5373 pro

318 5359 483 5421 αὐτῷ.
516 5359 582 5410 At
630 5375 774 5413 vers.
828 5359 1030 5429 penult.
1073 5365 1193 5417 cod.
1236 5359 1343 5420 Alt.
1387 5359 1534 5436 ponit
1575 5373 1754 5425 cubqu
1787 5359 1883 5431 pro

318 5423 500 5477 αὐτοῦ.
529 5426 736 5480 Possm.

419 5444 500 5477 ou.
529 5444 736 5483 rosam.

526 5498 630 5578 Alt.
669 5500 794 5578 legit
825 5498 1141 5578 ἐρρέθησαν
1163 5519 1265 5558 non
1306 5508 1633 5578 ἐρρήθησαν.
1666 5509 1739 5564 In.

415 5561 500 5631 79)
548 5569 652 5622 Alt.
702 5561 1298 5641 ιῖιιὺείἀὸλεποῦντες,
1337 5561 1443 5632 sed
1488 5561 1873 5653 melius—ivulg.

1998 5171 2414 5240 ἀϐλεπτοῦντες.
2450 5178 2589 5233 Duas
2619 5183 2780 5235 etiam
2815 5179 2949 5235 alias
2981 5182 3307 5238 variationes
3332 5184 3382 5237 in
3408 5201 3553 5242 vers.

1997 5244 2092 5294 ull.
2128 5261 2229 5295 non
2268 5248 2400 5298 tanti
2452 5250 2623 5314 iacio,
2663 5262 2718 5303 nt
2754 5250 2917 5303 editis
2964 5252 3279 5317 prteferam;
3316 5255 3563 5310 indicabo

1993 5321 2169 5363 tamen
2203 5331 2216 5365 :
2250 5331 2345 5380 pro
2387 5324 2746 5390 καταφρονεῖς
2793 5320 2949 5390 codd.
2982 5321 3098 5377 Vat.
3133 5322 3238 5374 649
3265 5332 3315 5373 et
3349 5325 3455 5376 Alt.
3488 5327 3563 5377 le-

1990 5390 2120 5461 girut
2171 5389 2514 5504 περῖφρονεῖς
2542 5388 2685 5457 οἰ)Γο
2728 5388 3040 5462 γελασθήσῃ
3082 5390 3228 5444 solus
3257 5392 3365 5444 Alt.
3402 5394 3561 5449 habet

1990 5463 2244 5504 γελωσαι.
2299 5470 2350 5504 n.

1989 5463 2244 5513 γελωσαι.
2274 5463 2350 5505 Ιῐ).

1989 5518 2327 5641 σαξὲθὶοῐδιο
2378 5522 2729 5594 septimm;
2779 5529 2899 5584 cod.
2956 5530 3064 5582 Alt.
3124 5526 3282 5581 habet
3335 5529 3559 5600 διορθώ-

1988 5601 2123 5640 σαιο.
2160 5601 2233 5643 ΙΙ).
