3944 6138
319 279 432 346 317

1272 290 1810 351 ΕΡΙΞΤΟΙΛΒΗΜ
1851 293 1998 354 LIB.
2042 294 2092 354 Ι.
2130 318 2203 329 ν-
2241 295 2477 356 EPIST.
2513 295 2753 358 CCXVI.

3482 290 3586 352 318

319 391 460 454 ποὺς
501 389 931 456 ἀναθάλλοντας·
968 391 1186 462 βλέπεις
1227 396 1335 448 τῶν
1372 397 1624 467 χρηστῶν
1664 414 1758 450 σου
1798 415 1905 450 rra-

2016 417 2152 468 rum,
2187 417 2321 471 quas
2344 404 2504 468 seris,
2537 403 2829 463 fruetus".
2866 401 3061 456 Cernis
3089 400 3432 473 egregiorum
3463 414 3586 454 tuo-

320 482 633 552 λαισμάτων
656 481 728 535 τὰ
753 483 993 536 ἐπινίκια
1011 501 1026 514 °
1056 485 1196 556 ὑπὲρ
1226 487 1322 556 μὲν
1347 489 1444 556 τῆς
1474 488 1724 540 ἑκουσίου
1752 505 1900 541 πτωρ

315 573 474 642 χείας
501 573 1034 629 ἑκατονταπλασίονὰ
1065 575 1196 648 [σοι]
1224 577 1500 630 κάνταῦθα
1532 579 1754 631 κάκεῖσε
1802 580 1904 632 ὑπ-

321 664 672 734 ισχνουμένου
723 665 904 734 ἀγαθὰ
920 667 1014 718 τοῦ
1048 668 1254 734 ἀγαθοῦ
1288 669 1543 739 ποιμένος
1582 670 1676 723 καὶ
1711 669 1901 740 Σωτῆ-

323 770 448 824 ρος’
479 755 620 826 ὑπὲρ
650 756 708 809 δὲ
736 757 844 809 τῶν
877 757 1014 829 πρὸς
1051 758 1120 810 τὰ
1145 758 1290 830 πάθη
1321 760 1565 828 ἀγώνων,
1600 760 1694 812 καὶ
1726 777 1901 830 σκαμ-

319 846 529 916 μάτων,
555 847 650 900 τὸν
678 847 960 918 ἄφθαρτόῦ
991 867 1073 902 σοι
1112 850 1374 919 στέφανον
1419 851 1712 915 πλέκοντος
1751 850 1902 905 Παύ-

315 935 434 1005 λου,
461 938 556 992 τοῦ
596 941 845 1010 γενναίου
874 940 1080 995 τούτων
1111 942 1407 996 παλαιστοῦ
1445 943 1540 996 καὶ
1581 944 1900 1016 νικηφόρου.

793 1159 934 1212 zu".
959 1188 1029 1205 ..-
1057 1158 1427 1230 summm.

388 1264 590 1342 Ἐσχες
628 1271 728 1343 μὲν
755 1271 950 1343 δεσμὸν
978 1273 1080 1344 τὴν
1125 1273 1451 1341 συνάφειαν·
1489 1273 1645 1327 ἔλυσε
1683 1273 1739 1329 δὲ
1765 1273 1901 1327 ταύ-

314 1378 418 1434 την
446 1367 475 1418 ὁ
515 1364 721 1435 Κύριος
767 1365 1152 1435 συμφερόντως
1199 1367 1294 1419 καὶ
1338 1365 1676 1435 ψυχωφελῶς
1702 1383 1716 1397 ο
1747 1366 1900 1420 οὐδὲν

313 1456 429 1526 γάρ
468 1456 618 1508 ἔστιν
646 1456 873 1526 ἀκερδὲς
908 1455 1016 1509 τῶν
1048 1456 1237 1511 αὐτοῦ.
1273 1457 1490 1528 Ἐπειδὴ
1521 1458 1700 1510 τοίνυν
1743 1457 1900 1528 μέρι-

317 1564 462 1618 μναν
503 1546 620 1616 ἔχει
673 1547 966 1616 κοσμικὴν,
1004 1547 1120 1599 ἀλλ’
1157 1548 1217 1600 οὑ
1253 1547 1464 1616 θεῖκὴν,
1501 1549 1534 1617 ἡ
1565 1548 1898 1617 συμϐίωσις,

313 1637 535 1690 λέλυσαι
589 1637 696 1690 ἀπὸ
737 1639 1028 1706 γυναικός;
1076 1638 1150 1709 μὴ
1193 1637 1343 1707 ζήτει
1387 1641 1656 1706 γυναῖκα,
1719 1641 1900 1709 μήπου

315 1746 377 1781 σε
414 1729 491 1791 Io;
535 1729 790 1798 γυναικὸς
819 1729 1206 1802 φαρμακεύσῃ,
1243 1730 1380 1800 πρὸς
1405 1729 1596 1801 ἑτέραν
1625 1729 1901 1800 γοητεύων

313 1822 627 1877 συνέλευσιν
650 1823 1003 1895 ἡδυπαθείας,
1029 1824 1122 1875 καὶ
1151 1823 1417 1892 σαρκικὰς
1445 1823 1711 1876 διδάσκων
1743 1823 1903 1876 κολα-

311 1915 507 1980 κείας,
552 1916 647 1968 καὶ
686 1916 980 1984 ἀνονήτους
1023 1915 1100 1984 (5)
1150 1914 1438 1985 φροντίδας
1489 1915 1582 1966 καὶ
1620 1916 1898 1977 ὑπονοίας.

325 2005 489 2058 Ἀλλὰ
518 2004 706 2070 σώζων
744 2006 885 2071 σῶζε
913 2005 1012 2076 τὴν
1050 2004 1277 2058 σεαυτοῦ
1312 2004 1488 2076 ψυχὴν
1518 2005 1652 2076 πρὸς
1675 2006 1735 2061 τὸ
1763 2006 1903 2077 ἡμέ-

309 2112 474 2168 τείην
509 2095 656 2168 ὅρος.

825 2397 963 2450 mn
987 2427 1057 2436 -
1085 2395 1381 2466 ΔΩΜΙΤΙῼ.

401 2488 507 2543 οτι
536 2486 743 2553 πάσης
765 2489 1046 2542 ἐπέκεινα
1084 2491 1331 2556 τόλμης,
1363 2489 1428 2541 τὸ
1457 2487 1825 2557 δογματίζειν

502 2557 765 2622 ἀναξίως
792 2557 904 2627 τῆς
940 2560 1197 2622 πίστεως
1224 2559 1366 2624 τοὺς
1385 2557 1697 2623 βιοῦντας.

380 2666 456 2718 οὐ
497 2667 698 2729 παντός
730 2667 902 2731 ἐστιν,
923 2661 968 2720 ὣ
997 2661 1172 2732 οὗτος,
1207 2668 1268 2720 τὸ
1298 2668 1642 2738 δογματίζειν
1662 2685 1676 2698 ·
1702 2669 1892 2738 ἐπειδὴ

306 2757 432 2811 οὐδὲ
472 2757 678 2820 πάντες
705 2757 1220 2829 ἁλουργοφοροῦσιν.
1247 2760 1456 2813 Οὐκοῦν
1485 2762 1534 2812 εἰ
1564 2761 1792 2822 ἐκείνοις
1829 2760 1891 2812 οὐ

309 2850 610 2918 κέχρηνται
660 2849 881 2914 πάντες,
922 2850 1015 2902 καὶ
1058 2850 1292 2919 μάλιστα
1337 2851 1561 2920 πτωχοὶ,
1593 2851 1668 2912 ὡς
1714 2853 1793 2913 είς
1833 2849 1895 2902 τὸ

307 2943 511 3011 κράτος
543 2940 888 3011 ὑϐρίζοντες,
925 2943 1018 2994 καὶ
1056 2944 1136 3006 είς
1171 2942 1445 2995 εὐτέλειαν
1475 2943 1572 3012 τὴν
1621 2941 1894 3012 ὑπεροχὴν

2010 513 2125 550 rum
2156 497 2512 552 certaminum
2547 498 2750 566 palmas
2781 513 2794 550 :
2821 512 3014 566 nempe
3043 506 3094 552 et
3129 514 3224 566 pro
3241 507 3429 566 sponte
3457 512 3585 552 sus-

2005 602 2160 658 cepta
2215 602 2562 661 paupertate,
2596 591 2851 660 centuplo
2881 591 3143 657 ampliora
3179 599 3290 644 tum
3332 590 3442 655 hic,
3470 599 3582 643 tum

2008 685 2117 740 illic
2145 685 2281 740 bona
2309 686 2596 755 pollicente
2629 687 2768 740 bono
2801 687 2890 740 illo
2915 687 3138 740 Pastore
3162 701 3224 740 ac
3249 684 3530 740 Salvatore
3562 700 3575 736 :

2004 791 2060 834 et
2097 795 2194 848 pro
2221 781 2416 834 subitis
2439 780 2698 834 adversus
2731 780 2856 832 vitia
2885 779 3299 839 certaminibus.
3323 792 3388 831 ac
3416 776 3581 847 palae-

2004 872 2156 938 stris,
2187 873 2554 940 corruptionis
2574 885 2852 939 expertem
2886 888 3144 926 corouant
3181 872 3276 925 tibi
3330 879 3585 926 uectente

2003 962 2190 1030 Paulo,
2206 979 2490 1034 generoso,
2520 966 2760 1034 inquam,
2780 965 2938 1022 illoin
2963 965 3270 1036 hujusmodi
3301 965 3463 1022 rebus
3483 978 3584 1035 pu-

2003 1056 2130 1128 gile,
2163 1072 2227 1113 ac
2257 1056 2479 1113 victore.

2420 1163 2646 1222 CCXIII.
2675 1195 2749 1207 —
2774 1163 3162 1222 SOSANDRO.

2076 1279 2402 1336 Matrimonii
2451 1279 2666 1334 vinculo
2715 1279 2974 1334 astrictus
3026 1277 3193 1333 fuisti.
3226 1276 3342 1333 Hoc
3392 1286 3575 1333 autem

2005 1374 2263 1430 Dominus
2293 1373 2731 1435 conducibiliter,
2767 1379 2930 1440 atque
2963 1373 3027 1425 ad
3064 1373 3258 1426 anima:
3293 1371 3584 1426 utilitatem

2003 1470 2409 1522 accommodate
2436 1466 2615 1521 solvit.
2647 1463 2833 1533 Neque
2864 1466 3007 1518 enim
3047 1466 3340 1534 quidquam
3370 1480 3586 1526 eorum.

2003 1575 2122 1628 qum
2150 1559 2220 1614 ab
2251 1574 2316 1614 eo
2346 1559 2497 1618 liuut.
2530 1556 2797 1610 commodi
2830 1573 2892 1610 ac
2923 1556 3057 1610 lucri
3087 1571 3282 1624 expers
3313 1565 3416 1609 est.
3450 1557 3588 1620 Quo-

2005 1653 2148 1707 niam
2187 1653 2350 1722 igitur
2379 1651 2733 1713 mundanam,
2768 1665 2832 1702 ac
2866 1664 2967 1702 non
3001 1648 3263 1712 divinam,
3323 1649 3582 1701 sollicitu-

1932 1759 1974 1813 Β
2002 1747 2181 1802 dinem
2217 1747 2378 1801 habet
2421 1745 2545 1798 vitae
2579 1744 2832 1805 societas,
2875 1761 2893 1791 ι
2930 1742 3137 1796 solutus
3163 1756 3222 1795 es
3244 1742 3323 1819 ab
3368 1742 3587 1796 uxore?

2003 1838 2109 1892 noli
2133 1854 2378 1906 qnaarere
2426 1837 2735 1901 uxorem“,
2771 1856 2788 1886 ι
2826 1853 2891 1890 ne
2935 1847 2984 1888 te
3017 1835 3270 1902 Lutulieris
3319 1849 3583 1888 venenum

1999 1941 2334 1998 corrumpat,
2393 1931 2460 1982 ad
2497 1929 2731 1982 alterum
2778 1929 3069 1994 voluptatis
3128 1941 3481 1996 congressum
3535 1935 3586 1980 te

2000 2035 2258 2094 tanquam
2309 2025 2597 2094 prmstigiis
2630 2024 2958 2092 quibusdam
3011 2020 3268 2082 illiciens,
3302 2017 3585 2072 carnales-

1999 2133 2105 2186 que
2151 2118 2467 2180 blanditias,
2503 2126 2666 2184 atque
2703 2114 2922 2168 inutiles
2956 2127 3116 2167 curas
3159 2119 3214 2165 ct
3252 2111 3586 2178 suspiciones

1998 2212 2218 2265 docens.
2249 2209 2447 2264 Verum
2486 2211 2553 2262 ad
2602 2218 2839 2262 montem
2873 2215 3140 2270 nostrum,
3172 2213 3231 2258 ιιι
3264 2204 3458 2257 animat
3482 2210 3590 2256 tuae

1996 2305 2158 2360 saluti
2185 2304 2456 2367 consulas,
2499 2312 2550 2355 te
2596 2300 2804 2355 confer.

2451 2393 2683 2451 CCXIV.
2707 2421 2778 2435 —-
2809 2388 3118 2447 DOMITIO.

1998 2491 2216 2548 Omnem
2249 2489 2534 2544 audaciam
2565 2503 2834 2557 superare,
2869 2503 2954 2538 eos
2987 2487 3074 2551 qui
3102 2481 3480 2553 indignmnﬁdc
3507 2481 3589 2533 vi-

2334 2570 2445 2612 tam
2479 2561 2696 2626 degunt,
2733 2561 3259 2624 dugnuuatracmre.

2066 2654 2183 2709 Non
2217 2652 2457 2722 cujusvis
2488 2658 2594 2712 est,
2626 2650 2759 2703 heus
2787 2649 2878 2700 tu!
2930 2645 3312 2711 dogtuatistem
3363 2658 3523 2712 agere
3566 2659 3581 2694 :

1995 2746 2430 2818 quandoquidem
2508 2757 2609 2796 nec
2677 2741 2920 2794 omnium
2999 2751 3292 2806 purpuram
3348 2745 3580 2803 gestare.

1994 2845 2256 2911 Quocitca
2285 2857 2405 2895 cunt
2439 2855 2543 2892 non
2587 2850 2776 2890 omnes
2799 2850 3036 2904 purpura
3070 2844 3310 2895 utantur,
3335 2847 3397 2885 ac
3432 2846 3578 2900 pra:-

1994 2936 2180 2990 sertim
2223 2946 2488 3002 pauperes
2537 2929 2620 2998 (ut
2667 2929 2758 2996 qui
2819 2928 3021 2995 alioqui
3069 2925 3430 2994 imperatoria
3466 2939 3583 2976 ma-

308 3032 750 3101 κατασύροντες,
797 3035 979 3101 φεῖσαι
1030 3033 1139 3084 τῶν
1181 3033 1447 3102 ἀπρεπῶν
1487 3035 1552 3102 τῇ
1594 3032 1893 3102 Ἐκκλησία

2007 3027 2174 3090 Lestati
2213 3021 2598 3080 contumeliam
2651 3020 2908 3083 inierant,
2943 3032 3164 3086 remque
3188 3015 3584 3085 praecellentem

307 3121 502 3191 λόγων,
532 3098 687 3176 οὐδὲν
725 3098 840 3186 τοῖς
870 3123 1168 3194 ἀκροαταῖς
1214 3098 1402 3193 κέρδος
1447 3098 1741 3194 φερόντων,
1777 3098 1894 3176 ἀλλ’

2007 3115 2160 3170 vilem
2184 3124 2238 3169 et
2264 3112 2529 3178 abiectam
2568 3108 2840 3168 reddant),
2875 3108 3154 3160 abstineas
3185 3104 3343 3158 velim
3377 3105 3446 3156 ab
3477 3103 3584 3156 Ec-

307 3215 388 3278 εἰς
419 3215 579 3286 ὓϐριν
606 3214 678 3268 τὰ
707 3217 808 3285 τῆς
837 3215 1132 3286 θρησκείας
1162 3216 1448 3278 ἑλκόντων,
1480 3217 1574 3268 καὶ
1603 3216 1728 3276 τοὺς
1764 3213 1892 3266 δυσ-

312 3309 494 3376 μενεῖς
541 3308 674 3376 ἡμῖν
723 3306 1076 3377 αίρεσιὼτας,
1111 3309 1172 3360 οὐ
1217 3307 1352 3379 πρὸς
1385 3311 1444 3359 σὲ
1489 3307 1582 3359 καὶ
1620 3307 1718 3374 τὴν
1750 3304 1893 3359 κατά

311 3397 408 3452 σοῦ
440 3398 778 3467 κατηγορίαν
807 3397 1120 3463 κλινόντων,
1145 3398 1281 3450 ἀλλὰ
1313 3397 1449 3466 «pb;
1493 3397 1762 3467 λοιδορίαν
1789 3397 1889 3466 τῆς

311 3491 594 3554 εὐσεϐείας
624 3491 997 3562 ἐρεθιζόντων.
1023 3490 1096 3543 Οὐ
1126 3490 1236 3561 γὰρ
1260 3489 1356 3560 τὴν
1385 3490 1484 3559 σὴν
1511 3489 1753 3558 ἀμαθίαν
1778 3505 1894 3541 συν-

314 3583 543 3652 ορῶσιν,
570 3583 688 3636 ἀλλ’
717 3583 935 3652 ἐκείνης
963 3581 1249 3644 ἀσθενείας
1281 3579 1676 3649 καταγελῶσιν.

1999 3203 2179 3260 οιθεὶω
2211 3201 2432 3256 minime
2467 3197 2898 3266 congruentibus
2931 3191 3410 3260 disputationibus,
3461 3205 3584 3258 qua

1999 3296 2201 3352 nullam
2236 3292 2576 3348 auditoribus
2608 3290 2896 3342 utilitatem
2943 3287 3199 3346 aﬂernnt,
3232 3299 3419 3339 verum
3457 3284 3583 3337 reli-

1996 3386 2210 3456 gionem
2238 3391 2486 3437 ttostram
2522 3380 2574 3433 in
2603 3376 2988 3430 contumeliam
3026 3375 3270 3439 trahunt,
3306 3372 3580 3426 infensos-

1999 3494 2105 3549 que
2138 3488 2299 3546 alque
2332 3473 2563 3528 infestos
2590 3472 2747 3526 nobis
2798 3469 3109 3528 haereticos.
3147 3483 3250 3520 non
3294 3466 3578 3517 adversum

2001 3582 2076 3637 te,
2100 3580 2263 3639 atque
2290 3567 2355 3621 ad
2383 3577 2433 3621 te
2457 3564 2820 3620 accusandum
2852 3572 2908 3614 et
2934 3560 3304 3616 insectandnm
3335 3557 3578 3618 ﬂectunt,

310 3649 416 3743 63
452 3689 640 3727 verum
676 3673 742 3726 ad
801 3649 1056 3742 pietatem
1082 3672 1344 3726 conviciis
1381 3681 1438 3724 et
1489 3669 1792 3724 maledictis
1853 3662 2226 3720 incessendam
2290 3657 2663 3712 exstimulant.
2703 3653 2819 3706 Non
2876 3653 3021 3706 enim
3087 3649 3359 3705 inscitiam
3423 3655 3570 3699 tuam

313 3769 643 3838 perspiciunt
671 3784 686 3821 :
725 3783 911 3822 verum
941 3768 1041 3836 pie
1087 3767 1348 3821 doctrinm
1378 3765 1804 3820 imbecillitatem
1838 3761 1967 3817 risui
2001 3773 2066 3814 ac
2084 3756 2317 3811 ludibrio
2342 3753 2561 3806 habent.

617 3881 759 3936 EIE'.
795 3912 865 3922 -—
893 3882 1184 3953 ΕΥΣΕΒΙῼ
1210 3882 1577 3952 ΕΠΙΣΚΟΠῼ.

483 3973 646 4042 Πρὸς
684 3972 859 4041 ἱερεῖς
891 3973 1295 4042 φιλαργυρίαι·
1331 3972 1691 4038 νοσοῦντας.

390 4087 480 4151 Ὠς
509 4071 826 4158 φιλοκόσμῳ
870 4087 1172 4156 εὐπρέπεια
1219 4086 1480 4157 ἱματίων,
1524 4085 1668 4138 οὕτω
1710 4085 1794 4139 σοὶ
1827 4085 1889 4139 τὸ

311 4179 601 4250 Ψαλμικδν
631 4177 958 4249 ἐφαρμόζει,
1001 4197 1018 4228 ι
1051 4178 1511 4248 Αἰσχυνθήτωσαν
1551 4178 1601 4230 οί
1632 4177 1892 4246 ἀνομοῧν-

310 4288 398 4334 τες
436 4271 710 4340 διακενῆς.
747 4289 765 4322 t
801 4269 981 4338 Θύρας
1018 4268 1125 4341 γὰρ
1159 4271 1253 4322 καὶ
1277 4269 1508 4340 τρόπους
1545 4268 1752 4338 κερδῶν
1783 4269 1886 4320 ὑπ-

2303 3882 2505 3939 CCXV.
2524 3910 2596 3921 -
2614 3877 2905 3934 EUSEBIO
2939 3873 3288 3931 EPISCOPO.

2464 3971 2544 4023 Ad
2571 3971 2868 4022 sarertlates
2911 3984 3119 4020 avaros.

2066 4088 2137 4143 Ut
2162 4094 2384 4142 ornatus
2418 4084 2724 4137 studiosum
2773 4081 3036 4148 elegantia
3092 4081 3323 4133 vestium
3376 4078 3525 4129 det-vt
3560 4119 3573 4136 .

1997 4180 2070 4235 ita
2105 4181 2156 4232 in
2190 4188 2239 4231 te
2290 4177 2416 4229 illud
2448 4175 2749 4228 Psahnisbe
2794 4174 3144 4224 accommnde
3195 4169 3425 4222 conferri
3478 4186 3575 4233 po-

1995 4280 2118 4332 test,
2146 4288 2162 4319 ι
2194 4267 2613 4322 Cunluntlantnr
2639 4263 2820 4330 inique
2842 4274 3081 4328 agentes.
3103 4276 3435 4328 supervacue
3455 4263 3520 4312 ⁸⁸.
3549 4279 3568 4310 ι

311 4363 549 4428 ανοίξας,
602 4363 668 4414 σὺ
715 4363 813 4432 μὲν
849 4362 949 4425 τὰς
990 4363 1074 4416 ἐπ’
1103 4362 1285 4425 αὐτοῖς
1326 4360 1604 4424 ἀποτίσεις
1635 4359 1885 4423 εὐθύνας,

2007 4360 2292 4414 Patefactis
2329 4359 2472 4409 enim
2518 4355 2696 4422 ianuis
2749 4369 2811 4404 ac
2862 4364 3164 4421 qua-stutum
3207 4351 3572 4404 faciendorum

311 4456 518 4525 ἑτέροις
569 4455 625 4508 δὲ
677 4454 1026 4525 θησαυρίζεις
1058 4456 1183 4516 τοὺς
1226 4455 1461 4523 πόρους,
1508 4445 1590 4516 οἷς
1640 4450 1890 4513 πλείονας

312 4547 405 4600 καὶ
461 4545 648 4615 σαυτῷ
688 4545 960 4616 τιμωρίας
1008 4544 1288 4615 σωρεύεις,
1341 4546 1404 4597 Εί
1450 4544 1632 4596 τοίνυν
1679 4542 1890 4613 βούλοιο

312 4639 598 4700 κάκείνους
639 4637 732 4690 καὶ
771 4638 962 4690 ἑαυτὸν
1005 4637 1098 4690 τοῦ
1143 4637 1310 4706 πυρὸς
1343 4635 1667 4702 ἀπαλλάξαι,
1703 4634 1889 4687 πολλοί

314 4745 371 4779 σε
417 4727 662 4798 Λάζαροι
705 4727 1031 4780 κυκλοῦσινο
1075 4731 1154 4790 εἰς
1200 4728 1397 4790 αὐτοὺς
1435 4726 1530 4796 τὴν
1576 4727 1749 4795 φλόγα
1778 4726 1889 4780 τῶν

314 4821 608 4888 χρημάτων
648 4819 953 4885 ὲκτίναξον,
981 4819 1076 4872 καὶ
1122 4822 1238 4889 μετ’
1269 4819 1449 4871 αὐτῶν
1481 4821 1659 4871 ἐκεῖσε
1693 4819 1889 4890 κληροο

317 4911 568 4980 νομήσεις
591 4909 878 4978 ἀνάψυξιν.

579 5105 719 5171 ΣκῖΙ
765 5135 838 5145 -
862 5107 1119 5160 ΖΗΝΩΝΙ
1150 5109 1618 5180 ΠΡΕΣΒΥΤΕΡῼ.

395 5221 725 5290 Ἐὼξάμεθα
756 5224 820 5276 τὸ
855 5223 1088 5292 ἱμάτιον,
1125 5227 1216 5277 καὶ
1265 5226 1468 5294 χιτῶνα
1495 5229 1883 5295 πεπόμφαμεν,

320 5311 404 5364 καί
437 5331 516 5366 σοι
552 5315 696 5368 πάνυ
724 5315 1223 5386 εὐχαριστήσαμεν,
1248 5318 1310 5370 τδ
1349 5317 1405 5372 ἒν
1450 5318 1604 5388 ἡμῶν
1648 5320 1885 5388 ἀπαιτή-

2001 4452 2319 4512 rationibus,
2343 4461 2394 4500 tu
2427 4450 2641 4515 quidem
2691 4447 2791 4498 hue
2838 4446 3054 4496 nomine
3090 4445 3327 4495 rationes
3363 4442 3574 4505 reddes,

1997 4544 2119 4599 aliis
2154 4553 2334 4596 autent
2370 4556 2501 4606 opes
2535 4539 2766 4609 aggeris,
2805 4535 3005 4604 quibus
3045 4536 3492 4602 queutadmmbnn
3523 4540 3578 4584 et

1999 4635 2092 4690 tibi
2124 4633 2306 4704 plures
2359 4631 2636 4683 cruciatus
2693 4629 3026 4682 accumulns.
3065 4625 3329 4691 Quocirca
3383 4624 3425 4676 si
3481 4623 3572 4674 tibi

1996 4726 2146 4782 cordi
2207 4733 2310 4787 est,
2347 4732 2401 4776 et
2429 4723 2575 4786 illos,
2607 4731 2661 4774 et
2703 4721 2932 4789 teipsmn
2971 4719 3076 4785 igni
3139 4717 3398 4775 eximere,
3426 4713 3573 4767 ttntlti

1995 4827 2048 4873 te
2081 4813 2721 4869 Lazari"circumdant:
2757 4814 2808 4864 itt
2868 4826 2960 4862 eos
3006 4808 3355 4876 pecuniarum
3413 4806 3562 4857 ﬂatus

1995 4923 2135 4960 mam
2161 4916 2355 4960 excute
2389 4923 2402 4959 :
2436 4916 2491 4958 et
2538 4922 2660 4958 cum
2707 4905 2790 4957 Itis
2838 4904 2944 4955 illic
2987 4899 3448 4968 refrigerationem
3506 4913 3572 4950 ac

1993 4996 2240 5051 solatium
2265 4997 2635 5063 consequeris.

2221 5109 2450 5164 CCXVI.
2484 5139 2554 5147 ——
2585 5105 2832 5161 ZENONI
2867 5101 3343 5158 PRESBYTERO.

2067 5227 2293 5286 Pallium
2319 5228 2647 5294 acet-pimus,
2683 5239 2744 5277 ac
2781 5226 3011 5277 tunicam
3057 5219 3570 5285 misimus.Tibique

1995 5320 2239 5388 ingentes
2295 5318 2495 5383 gratias
2555 5316 2838 5379 habemus,
2863 5316 2952 5385 qui
2996 5315 3365 5368 indumentum
3403 5323 3566 5362 unum

387 5445 429 5476 "
467 5446 655 5502 Matth.
707 5463 824 5512 XIX,
866 5447 955 5501 29.
1034 5449 1078 5479 ⁸⁸
1115 5447 1130 5500 l
1162 5449 1288 5506 Cor.
1317 5465 1414 5514 vn,
1442 5450 1532 5505 27.
1611 5453 1655 5483 "
1690 5455 1828 5506 I‘sal.
1873 5471 2020 5520 xxiv,
2051 5455 2106 5507 ὦ.
2182 5455 2227 5484 ’⁷ο
2255 5452 2380 5505 Luc.
2416 5469 2525 5517 xvn,
2553 5453 2644 5517 9.0,

1422 5587 1651 5644 VAIIIAE
1687 5588 2069 5644 LEC'I‘IONES
2104 5589 2192 5645 ΕΤ
2235 5588 2469 5644 NOTAE.

394 5715 464 5787 (3)
495 5716 598 5774 Pro
634 5719 930 5792 ἀνονήτους
962 5720 1116 5775 codd.
1152 5720 1274 5775 Vat.
1312 5723 1415 5778 649
1457 5733 1510 5777 ct
1543 5724 1648 5791 Alt.
1682 5725 1856 5791 legunt
1900 5724 1920 5776 ὁ

2007 5724 2179 5794 ﬁte-4;.
2215 5724 2396 5780 Lectio
2431 5724 2638 5793 vulgata
2665 5723 2875 5778 \idctur
2907 5722 3109 5778 melior.
3142 5721 3343 5775 l’ossm.
