3944 6138
237 231 328 299 39.1

1103 224 1642 288 EPISTULARUM
1697 222 1844 283 LIB.
1886 220 1934 280 Ι.
1978 245 2044 254 -
2085 217 2322 278 EPIST.
2364 216 2642 276 CCXXII.

3363 213 3467 275 3’22

238 339 380 413 σαρκὶ
405 304 702 408 ἀφρίστως
728 332 1115 403 συμπλίκοντα
1139 372 1155 398 ,
1200 336 1268 404 τῇ
1321 333 1417 385 νῦν
1460 332 1591 403 παρ’
1638 329 1796 400 ἡμῶν
1826 378 1832 392 ι

1924 326 2301 391 ira-stantiore,
2342 342 2462 378 cum
2494 338 2554 377 ea
2588 336 2752 376 carne
2791 321 3085 387 connectit,
3114 334 3235 391 qua:
3267 338 3406 379 nunc
3436 339 3467 377 a

237 427 504 500 ὲσθιομὲνῃ
529 466 544 491 ,
576 427 670 480 καὶ
700 425 799 496 τὴν
820 426 1015 494 ἄφεσιν
1055 424 1167 477 τῶν
1207 424 1394 477 κακῶν
1428 421 1789 493 ὲργαζομὲνῃ.

308 545 420 598 Σκν.
445 571 515 582 -
542 540 696 593 ΤοιΣ
720 540 813 593 EN
847 539 1193 608 ΠΗΛΟΥΣΙῼ
1219 537 1578 592 ΜυΝΑΧοιΣ
1604 535 1701 607 (8).

297 659 396 710 Οὐκ
423 654 589 718 ἔστιν,
641 651 860 721 ἀδελφοὶ
887 691 901 715 ,
938 654 1226 722 ἀσκήσεως
1258 648 1601 722 πληροφορία
1630 687 1646 712 ,
1675 647 1794 719 τρί-

237 749 386 811 6ωνος
403 746 495 799 καὶ
524 746 739 813 ὑπήνης
765 743 1043 808 ἐπίδειξις.
1067 743 1180 795 Οὐκ
1217 742 1363 794 ἔστιν
1395 740 1795 811 ἀναχωρήσεως

238 838 504 908 ἐπιθυμία,
544 837 579 905 ἡ
608 837 665 887 ὲν
698 833 885 887 πόλεσι
931 833 1026 885 καὶ
1070 832 1319 902 θορύϐοις
1343 831 1664 901 ἀνάφυρσις.
1701 828 1798 881 06-

234 932 337 994 δεὶς
362 928 455 999 τὴν
504 924 745 997 Χριστοῦ
789 923 1003 978 αὔλακα
1029 923 1255 993 τέμνει,
1288 922 1387 993 τὴν
1426 920 1797 990 ἁκανθοφόρον

236 1020 600 1088 ἀσπαζόμενος
634 1014 1010 1086 φάοπάθειαν.
1066 1015 1143 1067 Οὐ
1190 1012 1414 1066 δύναται
1449 1010 1796 1081 κατορθῶσαι

237 1112 559 1185 φιλοσοφίαν,
603 1111 632 1163 6
672 1106 1029 1177 λογομαχίαις
1086 1103 1648 1176 προσασχολούμενος.
1685 1102 1799 1153 Ούκ

236 1206 465 1275 ἀνέχεται
516 1199 858 1270 καθαρθῆναι
903 1198 971 1251 δι’
1007 1195 1356 1266 ἐγκρατείας,
1412 1195 1441 1247 6
1492 1192 1799 1265 βρωμάτων

237 1295 479 1359 καλλονὰς
527 1291 705 1364 ζητῶν
737 1290 833 1343 καὶ
866 1287 1195 1359 ἁϐρότητας.
1233 1287 1295 1339 Εἰ
1341 1286 1521 1339 τοίνυν
1551 1285 1799 1355 νομίμως

238 1387 474 1457 ἐθέλομεν
501 1383 706 1445 ἀθλεῖν,
739 1381 834 1434 καὶ
874 1381 1114 1450 σχήματι
1146 1379 1405 1449 ἁκόμπῳ,
1449 1378 1544 1430 καὶ
1573 1378 1799 1448 μονήρει

242 1478 409 1551 σχολῇ,
456 1475 555 1529 καὶ
598 1471 870 1536 ἀπαθείας
920 1472 1111 1541 ἀρετῇ,
1150 1470 1245 1524 καὶ
1287 1469 1519 1539 ἡσυχίας
1549 1468 1796 1539 φυλακῇ,

241 1573 324 1625 καὶ
348 1570 583 1639 λιτότητι
623 1566 863 1637 τροφῆς,
894 1563 987 1617 τὸν
1020 1560 1207 1631 ἀγῶνα
1244 1560 1337 1615 τὸν
1389 1560 1552 1615 καλὸν
1597 1562 1800 1627 ἀγωνι-

243 1660 470 1733 σώμεθα.

473 1857 645 1911 ΣΚΑθ.
672 1885 744 1897 -
769 1856 1031 1924 ΙΣΙΔΩΡῼ
1065 1852 1533 1922 ΠΡΕΣΒΥΤΕΡῼ.

246 1952 303 2008 τί
324 1951 509 2013 ἐστιν,
542 1967 561 1999 ι
597 1948 661 2002 El
691 1948 846 2012 ὅλως
870 1945 1071 2013 νεκροὶ
1096 1947 1207 1998 οὐκ
1238 1945 1590 2012 ἐγείρονται,
1613 1940 1672 1995 τί
1702 1938 1802 1994 καί

469 2017 859 2084 ,ϐαπτίζονται
898 2016 1051 2084 ὑπὲρ
1074 2014 1194 2069 τῶν
1213 2013 1484 2083 νεκρῶν;
1531 2032 1550 2065 ι

303 2154 362 2207 Εί
382 2152 519 2213 ὅλως
546 2151 726 2222 νεκροὶ
755 2150 854 2203 οὐκ
878 2149 1203 2219 ἐγείρονται,
1234 2148 1287 2199 τί
1317 2146 1411 2199 καὶ
1442 2142 1801 2211 βαπτίζονται

243 2246 371 2316 ὑπὲρ
410 2242 620 2308 αύτῶν;
666 2244 695 2296 6
743 2242 884 2304 θεῖος
910 2240 1013 2311 ἔφη
1050 2238 1399 2301 Ἀπόστολος.
1432 2237 1529 2307 τὴν
1560 2234 1668 2287 τῶν
1701 2252 1805 2287 σω-

244 2338 419 2409 μάτων
449 2335 611 2403 φύσιν
642 2332 784 2386 οὕτω
806 2331 986 2393 καλῶς
1011 2329 1111 2400 (9),
1143 2328 1577 2399 συγκρινομένην
1603 2325 1679 2396 τῷ
1702 2325 1799 2394 τῆς

242 2430 405 2499 ψυχῆς
436 2426 721 2496 ἀκηράτῳ.
763 2423 830 2476 Ἦ
862 2423 961 2495 μὲν
1001 2423 1112 2492 γὰρ
1152 2420 1506 2490 ἁτελεύτητος
1544 2418 1636 2471 καὶ
1675 2416 1808 2471 ἀθάο

242 2535 385 2580 νατος
408 2533 422 2546 ’
450 2518 485 2587 ἡ
514 2515 573 2568 δὲ
598 2514 770 2584 φθορᾷ
797 2514 891 2567 καὶ
930 2511 1213 2565 ἀλλοιώσει
1261 2510 1569 2563 ὑπόκειται.
1600 2509 1802 2560 ιιατττι-

246 2609 440 2680 ζόμεθα
469 2604 564 2660 οὖν
596 2606 732 2675 ὑπὲρ
764 2604 869 2657 τῶν
900 2604 1108 2674 νεκρῶν
1272 2602 1290 2674 ]
1326 2601 1483 2669 φύσει
1515 2600 1806 2669 σωμάτων,

245 2703 317 2763 είς
350 2697 667 2769 ἀφθαρσίαν
706 2697 845 2750 αὐτὰ
892 2693 1401 2765 μετασκευασθῆναι
1436 2690 1804 2752 πιστεύοντες.

244 2794 346 2847 Καὶ
384 2792 593 2861 ταύτην
637 2789 752 2859 ἔχει
780 2789 841 2841 τὸ
872 2786 1160 2857 εἰρημένον
1192 2786 1487 2855 σαφήνειαν
1510 2799 1523 2812 ·
1557 2783 1621 2835 El
1650 2782 1808 2844 ὅλως,

246 2887 391 2955 φησὶ,
417 2885 488 2936 τὰ
522 2881 751 2952 σώματα
780 2879 935 2949 ἡμῶν
978 2878 1077 2929 οὐκ
1109 2875 1414 2939 ἀνίσταται,
1446 2873 1495 2925 τί
1524 2872 1619 2925 καὶ
1646 2874 1705 2925 ὲν
1733 2869 1811 2942 τῷ

247 2974 638 3047 βαπτίζεσθαι,
706 2973 786 3035 εἰς
840 2968 1149 3040 ἀφθαρσίαν
1204 2967 1345 3022 αὐτὰ
1400 2963 1811 3037 μεταποιεῖσθαι

246 3069 567 3141 πιστεύομεν
583 3086 597 3101 ’

717 3352 889 3406 Σιωσ.
922 3382 993 3392 -
1018 3351 1106 3422 To
1131 3350 1335 3419 ΑΥΤῼ.

253 3447 374 3517 Πῶς
396 3445 612 3518 μέλλει
645 3442 876 3518 ζῶντας
909 3442 1306 3518 καίᾉνεκροὺς
1333 3440 1571 3518 ἔρίνειν
1615 3441 1651 3495 ὁ
1698 3439 1818 3493 K23-

644 3531 795 3583 ριος.
823 3514 978 3580 Πρὸς
1011 3514 1289 3581 Τιμόθεον
1310 3511 1393 3575 β’.

314 3650 387 3703 Τὸ
415 3644 701 3719 κρίνεσθαι
736 3644 944 3709 ζῶντας
981 3642 1075 3695 καὶ
1103 3643 1328 3714 νεκροὺς
1352 3681 1367 3704 ,
1404 3640 1560 3694 τοῦτό
1590 3642 1728 3703 ἐστι,
1759 3640 1822 3693 τὸ

253 3744 339 3795 καὶ
362 3738 541 3811 ψυχὴν
565 3737 661 3791 καλ⁸
705 3736 864 3807 σῶμα
900 3738 980 3799 είς
1005 3736 1186 3805 κρίσιν
1213 3733 1550 3796 ἐλεύσεσθαι,
1579 3733 1671 3785 καὶ
1698 3731 1820 3784 οὔτε

252 3833 306 3884 ἓν
348 3833 580 3902 θατέρου
626 3826 1054 3898 κεχωρισμένον,
1105 3824 1220 3878 ἀλλ’
1264 3824 1451 3893 ὥσπερ
1498 3824 1679 3890 κοινὴν
1724 3823 1822 3891 τὴν

252 3922 483 3978 ἐνταῦθα
509 3923 809 3987 συνάφειαν
836 3916 1341 3989 ἐποιήσαντο,οὖτω
1365 3917 1459 3969 καὶ
1484 3917 1582 3986 τὴν
1616 3916 1823 3967 ἐκεῖθεν

248 4013 401 4083 δίκην
444 4011 737 4082 ἠνωμένως
794 4008 1100 4076 ὑφέξουσιν.
1150 4004 1216 4057 Εί
1260 4006 1315 4057 δὲ
1364 4006 1457 4057 καὶ
1499 4006 1673 4066 ἄλλως
1713 4006 1822 4073 (l0)

254 4103 457 4174 ζητεῖς,
497 4102 641 4155 οὕτω
667 4118 680 4131 ’
717 4102 1000 4170 Διακρίναι
1034 4097 1263 4161 ζῶντας,
1286 4098 1408 4158 τοὺς
1440 4096 1666 4160 ἀείζωον
1711 4096 1824 4164 βίον

251 4198 341 4248 καὶ
388 4192 613 4263 θεοφιλῆ
676 4190 1033 4262 μετελθόντα-ς
1059 4229 1074 4254 ,
1145 4188 1241 4241 καὶ
1297 4186 1589 4241 ἀποδοῦναι
1644 4187 1826 4249 αὐτοῖς

252 4286 649 4356 ἀτελευτήτους
672 4281 907 4352 ἀμοιϐάς
927 4296 941 4311 ·
968 4281 1150 4347 κρῖναι
1172 4279 1299 4341 τοὺς
1322 4276 1691 4347 νεκρωθέντας
1711 4278 1825 4338 τοῖς

1896 417 2048 470 nobis
2078 418 2276 479 editur,
2305 416 2669 480 vitiorumque
2692 412 3062 466 remissionem
3094 410 3271 467 aﬂ‘ert.

2106 527 2315 584 CCXX.
2333 560 2403 568 —
2422 524 2823 583 PELUSIOTIS
2876 522 3252 580 MONACIHS.

1967 642 2254 711 Religiosae
2313 642 2434 694 vitae
2496 650 2704 695 certum
2761 649 3137 709 argumentum
3190 638 3329 692 haud
3363 647 3469 700 est,

1899 737 2114 799 fratres,
2140 735 2284 802 pallii
2320 749 2383 787 ac
2414 734 2692 803 promissae
2719 731 2903 786 barba:
2922 730 3239 786 ostentatio.
3268 730 3467 785 Seces-

1897 826 2063 880 si0uis
2098 824 2408 876 monasticae
2460 823 2727 891 cupiditas
2762 835 2866 875 non
2907 829 3013 882 est,
3043 820 3094 874 in
3152 820 3377 875 urbibus
3410 835 3473 874 ac

1899 917 2221 971 tumultilms
2254 915 2581 967 immoratio.
2622 912 2791 967 Nemo
2822 912 3025 967 Christi
3060 926 3248 965 arvum
3276 910 3472 974 sulcat,

1898 1008 2176 1075 Spinarnm
2204 1005 2435 1060 feracem
2478 1006 2809 1073 voluptatem
2851 1004 3189 1074 amplexans.
3227 1002 3470 1056 Philoso-

1899 1098 2080 1168 phiam
2110 1096 2366 1164 consequi
2392 1110 2496 1149 non
2534 1105 2729 1165 potest,
2751 1096 2840 1163 qui
2874 1095 2927 1149 in
2956 1097 3244 1149 verborum
3276 1095 3475 1162 pugnis

1898 1200 1949 1241 ct
1977 1187 2473 1242 concertationibus
2498 1201 2715 1254 operam
2740 1200 2891 1239 suam
2923 1186 3175 1240 collocat.
3211 1185 3319 1238 Per
3349 1200 3479 1238 con-

1902 1280 2179 1334 tinentiam
2211 1278 2427 1348 purgari
2485 1292 2590 1331 non
2631 1277 2884 1340 sustinet,
2926 1276 3016 1342 qui
3056 1276 3301 1331 ciborum
3351 1290 3480 1330 sua-

1900 1372 2097 1425 vitates
2128 1385 2189 1422 ac
2222 1370 2443 1422 delicias
2475 1369 2686 1437 quaerit.
2722 1368 3085 1433 Quamobrem
3134 1368 3178 1419 si
3234 1366 3476 1434 legitime

1901 1473 2113 1521 certare
2136 1460 2405 1523 volumus,
2425 1475 2519 1529 per
2551 1460 2793 1513 habitum
2814 1475 2842 1511 ιι
2868 1458 3005 1511 fastu
3035 1468 3087 1512 et
3111 1461 3479 1511 ostentatione

1902 1554 2137 1606 alienum
2191 1562 2244 1604 et
2288 1551 2647 1604 monasticnm
2713 1552 2905 1610 otimn,
2956 1557 3010 1601 et
3074 1548 3481 1618 tranquillit--tis

1832 1674 1873 1729 Β
1905 1645 2179 1707 virtutem,
2209 1642 2513 1711 quietisque
2559 1641 2885 1703 custodiam,
2910 1656 2973 1693 ac
3025 1642 3197 1695 victus
3244 1643 3479 1693 tenuita-

1908 1745 2034 1792 tem.
2062 1733 2260 1788 bonum
2302 1742 2575 1787 certamen
2618 1741 2888 1786 certemus
2917 1731 2985 1782 ⁷³.

2110 1837 2720 1894 CCXXL—lSlllOltO
2768 1836 3249 1892 PRESBYTERO.

1909 1930 2049 1999 Quid
2072 1933 2142 1986 si:
2172 1931 2338 1985 illud:
2361 1949 2379 1982 ι
2406 1931 2463 1985 Si
2491 1931 2685 1983 mortui
2712 1946 2812 1982 non
2846 1940 3145 1996 resurgunt,
3182 1947 3277 1984 cur
3305 1929 3473 1998 bapti-

2341 2013 2531 2054 zuulur
2560 2016 2654 2066 pro
2686 2000 3000 2052 mortuis“?
3023 2018 3041 2049 ι

1976 2135 2035 2191 Si
2068 2135 2262 2189 mortui
2295 2133 2514 2187 onmiuo
2566 2148 2669 2185 non
2719 2141 3032 2201 resurgunt,
3069 2130 3265 2199 ecquid
3318 2131 3484 2184 etiam

1911 2226 2157 2281 nonnulli
2192 2240 2288 2293 pro
2323 2223 2454 2291 ipsis
2486 2221 2873 2291 baptizantur?
2915 2223 2988 2275 ait
3016 2224 3230 2276 divinus
3256 2224 3487 2290 Aposto-

1913 2317 2015 2379 lus,
2044 2328 2204 2383 atque
2227 2312 2470 2382 corporis
2504 2320 2751 2365 naturam
2793 2321 2899 2363 tam
2933 2312 3188 2377 prae-lare
3216 2328 3337 2363 cum
3369 2311 3489 2363 aui-

1914 2425 2013 2464 ma:
2041 2406 2349 2475 integritate
2400 2402 2821 2472 comparamus?
2874 2403 2997 2457 llrec
3042 2405 3184 2457 enim
3233 2406 3353 2458 liuis
3391 2420 3488 2458 ex-

1914 2512 2039 2568 pers
2104 2506 2206 2556 est,
2271 2505 2325 2548 et
2383 2493 2703 2548 immortalis
2760 2512 2774 2546 :
2830 2494 2960 2547 illud
3020 2494 3352 2563 corruptiuui
3424 2511 3490 2549 ac

1914 2586 2198 2641 mutationi
2232 2584 2558 2653 subjectum.
2588 2584 2693 2637 Pro
2723 2585 3043 2653 corporibus
3077 2585 3259 2653 itaque
3291 2597 3484 2640 natura

1915 2678 2142 2733 mortuis
2171 2687 2226 2731 et
2252 2677 2532 2730 exstinctis
2584 2677 2941 2740 baptizamur.
2972 2691 3034 2728 ca
3080 2675 3132 2729 in
3169 2676 3491 2729 immortali-

1920 2780 2084 2824 tatem
2110 2787 2174 2822 ac
2197 2778 2398 2820 statum
2440 2784 2470 2820 ιι
2506 2769 2852 2835 corruptione
2876 2766 3109 2819 alienum
3143 2767 3341 2820 mutari
3366 2781 3487 2819 cre-

1916 2860 2126 2913 dentes.
2149 2858 2324 2926 Atque
2352 2859 2544 2911 horuut
2584 2858 2870 2910 verborum
2898 2856 3012 2908 haec
3054 2857 3327 2908 sententia
3361 2868 3445 2908 est
3474 2872 3487 2909 :

1917 2948 2381 3014 Omnino,inqnit,
2409 2947 2452 2999 si
2476 2962 2702 3015 corpora
2743 2956 2924 2999 nostra
2968 2945 3035 2999 ad
3065 2947 3229 2998 vitam
3270 2946 3493 3001 minime

1843 3029 1887 3089 Ο
1922 3041 2169 3101 redeunt,
2191 3036 2318 3105 quid
2344 3036 2525 3090 aﬂ'crri
2562 3046 2759 3105 potest,
2782 3037 3157 3105 quamobrem,
3176 3053 3295 3089 cum
3330 3038 3497 3105 bapti-

1921 3144 2132 3191 lantur,
2163 3143 2225 3182 ea
2279 3129 2331 3181 in
2389 3136 2588 3181 statum
2617 3128 2983 3196 corruptionis
3032 3137 3198 3198 atque
3239 3129 3496 3184 interitus

1921 3227 2200 3289 expertem
2228 3217 2423 3272 mutari
2452 3217 2719 3272 credimus
2743 3218 2766 3271 ?

2413 3328 2660 3385 CCXXII.
2703 3358 2751 3369 —
2769 3329 2999 3384 EIDI‘LM.

1923 3421 2198 3488 Quomodo
2241 3422 2379 3475 viros
2428 3432 2475 3475 et
2520 3421 3131 3521 mortuossjudicuturus
3183 3434 3261 3477 est
3308 3422 3492 3476 Domi-

2618 3507 2713 3544 nus
2740 3507 2805 3545 '"o

1995 3647 2099 3701 Per
2127 3648 2200 3709 id,
2244 3647 2385 3716 quod
2428 3648 2574 3701 rivos
2603 3662 2667 3700 ac
2712 3656 2958 3701 mortuos
3004 3647 3324 3715 jtttlicztntlos
3375 3664 3497 3703 esse

1922 3741 1998 3792 ait
2022 3736 2324 3805 Scriptura,
2346 3739 2474 3789 illud
2494 3738 2851 3806 signilimtur,
2880 3738 2993 3791 fore
3013 3749 3070 3790 ιιι
3092 3739 3272 3791 anima
3301 3750 3353 3792 et
3374 3754 3498 3792 cor-

1924 3846 2024 3901 pus
2076 3832 2239 3884 simul
2291 3832 2341 3882 itt
2391 3830 2655 3898 judicium
2721 3831 2953 3893 Veniant,
3000 3846 3098 3883 ttcc
3149 3831 3376 3883 alterum
3434 3834 3502 3885 alt

1926 3922 2097 3975 altero
2158 3920 2497 3989 sejungatur,
2537 3936 2721 3973 verum
2778 3920 3231 3987 quemadmodum
3288 3921 3340 3974 in
3399 3924 3501 3975 hac

1926 4015 2033 4066 vita
2054 4028 2391 4067 communem
2418 4011 2847 4079 conjunctiouem
2884 4012 3206 4077 habuerunt,
3232 4014 3309 4066 sic
3338 4014 3499 4067 etiam

1927 4108 2163 4160 futurum
2225 4104 2484 4173 judicium
2537 4104 2786 4157 subeant.
2835 4100 2987 4166 Quod
3034 4102 3079 4156 si
3128 4105 3234 4156 alio
3290 4119 3505 4173 quoque

1932 4199 2093 4252 modo
2131 4198 2275 4250 hunc
2301 4197 2475 4249 locutn
2510 4195 2602 4249 tibi
2631 4196 2886 4263 explicari
2914 4194 3134 4263 quat-ris,
3166 4197 3242 4249 sic
3269 4195 3500 4250 habeto:

1930 4289 2103 4351 vivos,
2139 4289 2238 4342 hoc
2268 4286 2564 4340 consectati
2612 4297 2759 4348 sunt,
2788 4298 3095 4345 secernere,
3129 4286 3366 4354 ipsisque
3395 4287 3498 4339 im-

249 4378 609 4449 ἁμαρτήμασι
632 4413 648 4437 ,
688 4373 781 4426 καὶ
816 4372 877 4425 τὸ
921 4370 1073 4423 δοθὲν
1114 4370 1298 4432 αὐτοῖς
1343 4368 1623 4433 τάλαντον,
1662 4368 1737 4430 ὡς
1769 4369 1827 4419 ἐν

1935 4376 2492 4443 mortalesmercedes
2521 4374 2827 4444 persolvere
2849 4390 2972 4429 :eos
2988 4385 3167 4428 autem
3194 4378 3283 4443 qui
3313 4391 3506 4443 pecca-

247 4471 403 4540 τάφῳ
454 4472 521 4538 τῇ
558 4464 770 4520 ἑαυτῶν
804 4461 1231 4533 καταχώσαντας
1264 4460 1526 4530 ῥαθυμίᾳ,
1566 4461 1659 4512 καὶ
1688 4459 1831 4529 ἀμύ-

250 4560 446 4611 νασθαι
497 4557 693 4619 αὐτοὺς
735 4557 997 4626 τιμωρίᾳ.
1030 4556 1093 4608 Εἰ
1127 4555 1183 4608 δὲ
1231 4556 1326 4608 καὶ
1372 4554 1581 4617 ἄλλως,
1620 4553 1791 4618 οὕτως
1817 4571 1828 4584 ’

1938 4469 2006 4523 tis
2043 4468 2318 4523 itnmortui
2365 4477 2510 4532 sunt,
2536 4467 2829 4536 datumque
2863 4468 2962 4520 sibi
3020 4466 3277 4520 talentum
3317 4466 3370 4519 in
3407 4483 3505 4521 sua

1937 4559 2190 4614 set-ordia
2249 4560 2472 4626 perinde
2520 4568 2681 4627 atque
2720 4558 2768 4609 in
2807 4556 3054 4624 sepulcro
3099 4557 3422 4609 defoderunt
3488 4596 3505 4610 .

250 4649 451 4718 Κρῖναι
492 4650 618 4712 τοὺς
648 4648 772 4701 τότε
802 4646 1014 4711 ζῶντας
1056 4645 1543 4715 καταλειφθέντας,
1572 4646 1665 4699 καὶ
1708 4648 1832 4712 τοὺς

1934 4648 2210 4715 judicare,
2256 4660 2417 4716 atque
2447 4650 2687 4701 cruciatu
2710 4646 2934 4699 allii-ere.
2966 4647 3115 4710 Quod
3148 4647 3190 4698 si
3222 4645 3379 4697 aliam
3414 4649 3510 4697 atl-

252 4739 354 4809 ᾗόη
389 4740 497 4810 πρὸ
520 4738 700 4793 αὐτῶν
724 4736 1109 4809 κοιμηθέντας.

1941 4742 2045 4793 huc
2101 4741 2516 4809 explicationem
2545 4741 2742 4809 poscis,
2776 4754 2839 4791 ca
2870 4740 2974 4790 erit
3011 4737 3317 4803 bnjustnodi
3342 4738 3507 4803 :judi-

258 4843 381 4881 care
437 4844 531 4884 eos
583 4830 676 4898 qui
728 4838 840 4882 ttttn
897 4827 1003 4881 vivi
1043 4827 1216 4882 relicti
1274 4825 1499 4891 fuerint,
1522 4836 1579 4882 et
1609 4843 1721 4892 eos,
1752 4829 1840 4898 qui
1877 4842 2002 4885 ante
2031 4833 2175 4901 ipsos
2210 4833 2372 4885 vitam
2404 4848 2523 4885 cuut
2551 4840 2723 4884 morte
2757 4828 3156 4883 conuuutarint.

327 4983 372 5015 ’³
392 4984 438 5039 ιι
474 4982 711 5039 Timotb.
750 4996 824 5048 tv,
860 4981 909 5035 7.
986 4980 1033 5012 “
1069 4980 1087 5036 l
1117 4982 1243 5037 Cor.
1273 4996 1361 5040 xv.
1402 4980 1493 5036 ‘29.
1570 4983 1614 5013 ⁷⁸
1640 4982 1682 5036 ll
1715 4983 1952 5039 Timoth.
1991 5003 2064 5045 tv,
2096 4986 2146 5040 l.

1362 5123 1599 5179 VARle
1640 5123 2023 5182 LECTIONES
2065 5128 2151 5182 ET
2192 5130 2419 5185 ΝΟΤᾹΞ.

330 5264 404 5333 (8)
434 5264 640 5318 Titulus
668 5264 720 5317 in
757 5261 915 5316 codd.
952 5262 1071 5315 Vat.
1111 5262 1214 5333 649
1246 5271 1300 5317 et
1342 5262 1446 5333 Alt.
1480 5261 1557 5333 sic
1590 5261 1782 5329 legitur
1815 5279 1829 5316 :

258 5330 380 5397 Tot;
403 5337 460 5387 ὲν
493 5334 779 5404 Πηλουσίῳ
798 5334 1048 5404 amvi;
1072 5332 1296 5404 Fabiae
1329 5330 1660 5404 πόλεμνεεω·
1692 5333 1832 5397 ιντο

256 5388 637 5475 ἁκαῖιθοφόρον
658 5388 810 5475 (ὶιιίΙ.’
828 5388 1167 5475 ΑΙιῘβένίιιῖι
1194 5388 1595 5475 ἆκξὶνθηφὸρον.
1628 5388 1838 5475 Possis.

330 5476 405 5542 (9)
442 5468 569 5527 Sine
612 5474 778 5527 dubio
817 5473 1078 5542 mendose
1103 5472 1187 5542 _in_
1209 5471 1382 5542 editis
1416 5472 1607 5542 legitur
1638 5468 1837 5533 καλῶς,

254 5539 359 5623 pro
388 5539 509 5623 quo
545 5554 689 5596 recte
732 5542 895 5596 codd.
942 5539 1059 5591 Vat.
1094 5539 1279 5623 (itaet
1324 5539 1705 5623 Altascribuut
1739 5555 1838 5623 κα-

261 5609 389 5667 λῶν.
413 5609 492 5669 Α]
530 5628 690 5684 quam
732 5626 917 5666 veram
948 5609 1377 5665 cumulationem
1414 5611 1491 5663 sic
1531 5610 1840 5677 rclingcnda

1945 5276 2026 5317 est
2058 5265 2429 5335 interpretatio
2477 5282 2490 5317 :
2528 5263 2598 5315 ait
2647 5264 2856 5315 divinus
2895 5267 3188 5332 Apostolus,
3240 5284 3516 5333 corporum

1945 5348 2187 5455 naturlum
2230 5338 2302 5387 sic
2338 5351 2523 5388 vocans
2566 5342 2921 5401 comparatam
2967 5336 3355 5389 inmortalitati
3397 5339 3514 5389 ani—-

1945 5420 2059 5455 mur.
2120 5422 2171 5455 ι).

1941 5420 2059 5458 mat.
2098 5420 2171 5460 ID.

2018 5475 2126 5541 (l0)
2158 5476 2293 5527 Ante
2325 5473 2499 5536 ἄλλως
2533 5475 2687 5528 codd.
2730 5476 2831 5527 Alt.
2869 5473 3007 5526 delet
3043 5476 3155 5528 καὶ.
3193 5474 3337 5528 Idem
3370 5488 3514 5527 vers.

1946 5555 2199 5611 antepen.
2235 5560 2331 5612 pro
2366 5543 2539 5607 οὕτως
2573 5546 2763 5600 scribit
2792 5544 2953 5597 οὓτω.
2986 5544 3061 5596 lo.
