  <div class='ocr_page' id='page_1' title='image "/cluster/home/n/w/nwhite01/storage/ocr_20150623/78/mdp.39015010334699/169.png"; bbox 0 0 3944 6138; ppageno 0'>
   <div class='ocr_carea' id='block_1_1' title="bbox 431 236 2492 315">
    <p class='ocr_par' dir='ltr' id='par_1_1' title="bbox 431 236 2492 315">
     <span class='ocr_line' id='line_1_1' title="bbox 431 236 2492 315; baseline 0 -19"><span class='ocrx_word' id='word_1_1' title='bbox 431 253 499 315; x_wconf 60' lang='lat'>23</span> <span class='ocrx_word' id='word_1_2' title='bbox 1619 238 1679 298; x_wconf 88' lang='lat' dir='ltr'><strong>s.</strong></span> <span class='ocrx_word' id='word_1_3' title='bbox 1719 237 2009 298; x_wconf 67' lang='lat'><strong>13100111</strong></span> <span class='ocrx_word' id='word_1_4' title='bbox 2054 236 2492 297; x_wconf 66' lang='lat' dir='ltr'><strong>PELUSIOTAE</strong></span> 
     </span>
    </p>
   </div>
   <div class='ocr_carea' id='block_1_2' title="bbox 395 344 2047 431">
    <p class='ocr_par' dir='ltr' id='par_1_2' title="bbox 395 344 2047 431">
     <span class='ocr_line' id='line_1_2' title="bbox 395 344 2047 431; baseline -0.01 -17"><span class='ocrx_word' id='word_1_5' title='bbox 395 358 504 431; x_wconf 80' lang='lat'><strong>65</strong></span> <span class='ocrx_word' id='word_1_6' title='bbox 536 351 1175 415; x_wconf 79' lang='lat' dir='ltr'><strong>CCXXIll.-—ZOSIMO,</strong></span> <span class='ocrx_word' id='word_1_7' title='bbox 1216 344 1631 412; x_wconf 79' lang='lat' dir='ltr'><strong>EUSTATIIIO,</strong></span> <span class='ocrx_word' id='word_1_8' title='bbox 1682 345 1970 400; x_wconf 71' lang='lat' dir='ltr'><strong>MARONI.</strong></span> <span class='ocrx_word' id='word_1_9' title='bbox 2001 357 2047 412; x_wconf 75' lang='grc' dir='ltr'>Α</span> 
     </span>
    </p>
   </div>
   <div class='ocr_carea' id='block_1_3' title="bbox 470 458 1968 535">
    <p class='ocr_par' dir='ltr' id='par_1_3' title="bbox 470 458 1968 535">
     <span class='ocr_line' id='line_1_3' title="bbox 470 458 1968 535; baseline -0.006 -13"><span class='ocrx_word' id='word_1_10' title='bbox 470 467 528 523; x_wconf 91' lang='lat' dir='ltr'><strong>Si</strong></span> <span class='ocrx_word' id='word_1_11' title='bbox 561 484 659 522; x_wconf 81' lang='lat' dir='ltr'><strong>nec</strong></span> <span class='ocrx_word' id='word_1_12' title='bbox 698 467 1038 535; x_wconf 63' lang='lat' dir='ltr'><strong>sempiterna!</strong></span> <span class='ocrx_word' id='word_1_13' title='bbox 1074 477 1196 516; x_wconf 92' lang='lat' dir='ltr'><strong>cum</strong></span> <span class='ocrx_word' id='word_1_14' title='bbox 1242 460 1457 515; x_wconf 87' lang='lat' dir='ltr'><strong>Christo</strong></span> <span class='ocrx_word' id='word_1_15' title='bbox 1506 458 1638 512; x_wconf 62' lang='lat' dir='ltr'><strong>Vita:</strong></span> <span class='ocrx_word' id='word_1_16' title='bbox 1675 459 1968 527; x_wconf 74' lang='lat' dir='ltr'><strong>cupiditate</strong></span> 
     </span>
    </p>
   </div>
   <div class='ocr_carea' id='block_1_4' title="bbox 401 550 1972 626">
    <p class='ocr_par' dir='ltr' id='par_1_4' title="bbox 401 550 1972 626">
     <span class='ocr_line' id='line_1_4' title="bbox 401 550 1972 626; baseline -0.01 -12"><span class='ocrx_word' id='word_1_17' title='bbox 401 559 660 626; x_wconf 63' lang='lat' dir='ltr'><strong>“auratis,</strong></span> <span class='ocrx_word' id='word_1_18' title='bbox 697 572 795 611; x_wconf 87' lang='lat' dir='ltr'><strong>nec</strong></span> <span class='ocrx_word' id='word_1_19' title='bbox 822 567 1037 609; x_wconf 60' lang='lat' dir='ltr'><strong>eterna:</strong></span> <span class='ocrx_word' id='word_1_20' title='bbox 1065 552 1291 605; x_wconf 76' lang='lat' dir='ltr'><strong>llatntna:</strong></span> <span class='ocrx_word' id='word_1_21' title='bbox 1312 550 1531 603; x_wconf 89' lang='lat' dir='ltr'><strong>multam</strong></span> <span class='ocrx_word' id='word_1_22' title='bbox 1555 560 1609 602; x_wconf 85' lang='lat' dir='ltr'><strong>et</strong></span> <span class='ocrx_word' id='word_1_23' title='bbox 1639 550 1972 602; x_wconf 77' lang='lat' dir='ltr'><strong>condemna-</strong></span> 
     </span>
    </p>
   </div>
   <div class='ocr_carea' id='block_1_5' title="bbox 405 637 1973 716">
    <p class='ocr_par' dir='ltr' id='par_1_5' title="bbox 405 637 1973 716">
     <span class='ocr_line' id='line_1_5' title="bbox 405 637 1973 716; baseline -0.01 -12"><span class='ocrx_word' id='word_1_24' title='bbox 405 652 605 704; x_wconf 83' lang='lat' dir='ltr'><strong>tionem</strong></span> <span class='ocrx_word' id='word_1_25' title='bbox 664 644 1069 716; x_wconf 88' lang='lat' dir='ltr'><strong>pertituescitis,</strong></span> <span class='ocrx_word' id='word_1_26' title='bbox 1107 652 1255 695; x_wconf 80' lang='lat' dir='ltr'><strong>certe</strong></span> <span class='ocrx_word' id='word_1_27' title='bbox 1300 648 1393 692; x_wconf 88' lang='lat' dir='ltr'><strong>attt</strong></span> <span class='ocrx_word' id='word_1_28' title='bbox 1421 654 1542 693; x_wconf 86' lang='lat' dir='ltr'><strong>cum</strong></span> <span class='ocrx_word' id='word_1_29' title='bbox 1574 637 1973 706; x_wconf 86' lang='lat' dir='ltr'><strong>contemptori-</strong></span> 
     </span>
    </p>
   </div>
   <div class='ocr_carea' id='block_1_6' title="bbox 3542 238 3645 301">
    <p class='ocr_par' dir='ltr' id='par_1_6' title="bbox 3542 238 3645 301">
     <span class='ocr_line' id='line_1_6' title="bbox 3542 238 3645 301; baseline -0.019 0"><span class='ocrx_word' id='word_1_30' title='bbox 3542 238 3645 301; x_wconf 61' lang='lat'><strong>39.1</strong></span> 
     </span>
    </p>
   </div>
   <div class='ocr_carea' id='block_1_7' title="bbox 2214 345 3510 418">
    <p class='ocr_par' dir='ltr' id='par_1_7' title="bbox 2214 345 3510 418">
     <span class='ocr_line' id='line_1_7' title="bbox 2214 345 3510 418; baseline 0.002 -19"><span class='ocrx_word' id='word_1_31' title='bbox 2214 347 2385 400; x_wconf 71' lang='lat' dir='ltr'><strong>2K1&quot;.</strong></span> <span class='ocrx_word' id='word_1_32' title='bbox 2416 376 2484 389; x_wconf 90' lang='lat'><strong>-—</strong></span> <span class='ocrx_word' id='word_1_33' title='bbox 2511 346 2784 418; x_wconf 82' lang='grc' dir='ltr'><strong>ΖΩΣΙΜῼ,</strong></span> <span class='ocrx_word' id='word_1_34' title='bbox 2820 345 3177 416; x_wconf 77' lang='grc' dir='ltr'><strong>ΕΥΣΤΑΘΙῼ,</strong></span> <span class='ocrx_word' id='word_1_35' title='bbox 3220 346 3510 401; x_wconf 70' lang='grc' dir='ltr'><strong>ΜΛΡΩΝῙ.</strong></span> 
     </span>
    </p>
   </div>
   <div class='ocr_carea' id='block_1_8' title="bbox 2149 457 3655 531">
    <p class='ocr_par' dir='ltr' id='par_1_8' title="bbox 2149 457 3655 531">
     <span class='ocr_line' id='line_1_8' title="bbox 2149 457 3655 531; baseline 0.005 -17"><span class='ocrx_word' id='word_1_36' title='bbox 2149 461 2213 514; x_wconf 79' lang='grc' dir='ltr'><strong>Εἰ</strong></span> <span class='ocrx_word' id='word_1_37' title='bbox 2256 460 2381 514; x_wconf 84' lang='grc' dir='ltr'>οῦτε</span> <span class='ocrx_word' id='word_1_38' title='bbox 2416 461 2515 531; x_wconf 79' lang='grc' dir='ltr'>τῆς</span> <span class='ocrx_word' id='word_1_39' title='bbox 2550 462 2646 514; x_wconf 82' lang='grc' dir='ltr'><strong>σὺν</strong></span> <span class='ocrx_word' id='word_1_40' title='bbox 2679 460 2901 531; x_wconf 80' lang='grc' dir='ltr'><strong>Χριστῷ</strong></span> <span class='ocrx_word' id='word_1_41' title='bbox 2922 458 3166 531; x_wconf 83' lang='grc' dir='ltr'>[αίωνίου</span> <span class='ocrx_word' id='word_1_42' title='bbox 3200 457 3353 530; x_wconf 76' lang='grc'><strong>(11)]</strong></span> <span class='ocrx_word' id='word_1_43' title='bbox 3379 459 3655 529; x_wconf 78' lang='grc' dir='ltr'><strong>διαγωγῆς</strong></span> 
     </span>
    </p>
   </div>
   <div class='ocr_carea' id='block_1_9' title="bbox 2075 550 3654 623">
    <p class='ocr_par' dir='ltr' id='par_1_9' title="bbox 2075 550 3654 623">
     <span class='ocr_line' id='line_1_9' title="bbox 2075 550 3654 623; baseline -0.002 -17"><span class='ocrx_word' id='word_1_44' title='bbox 2075 554 2409 623; x_wconf 79' lang='grc' dir='ltr'><strong>ἐπιθυμεῖτε,</strong></span> <span class='ocrx_word' id='word_1_45' title='bbox 2444 552 2568 606; x_wconf 78' lang='grc' dir='ltr'>οὕτε</span> <span class='ocrx_word' id='word_1_46' title='bbox 2596 553 2697 621; x_wconf 80' lang='grc' dir='ltr'>τῆς</span> <span class='ocrx_word' id='word_1_47' title='bbox 2726 552 2898 606; x_wconf 77' lang='grc' dir='ltr'><strong>ἀϊδίου</strong></span> <span class='ocrx_word' id='word_1_48' title='bbox 2928 552 3123 620; x_wconf 81' lang='grc' dir='ltr'>φλογὸς</span> <span class='ocrx_word' id='word_1_49' title='bbox 3168 550 3269 622; x_wconf 84' lang='grc' dir='ltr'>τὴν</span> <span class='ocrx_word' id='word_1_50' title='bbox 3326 552 3507 621; x_wconf 81' lang='grc' dir='ltr'>κρίσιν</span> <span class='ocrx_word' id='word_1_51' title='bbox 3544 552 3654 606; x_wconf 79' lang='grc' dir='ltr'>δει-</span> 
     </span>
    </p>
   </div>
   <div class='ocr_carea' id='block_1_10' title="bbox 2076 641 3658 715">
    <p class='ocr_par' dir='ltr' id='par_1_10' title="bbox 2076 641 3658 715">
     <span class='ocr_line' id='line_1_10' title="bbox 2076 641 3658 715; baseline 0.001 -21"><span class='ocrx_word' id='word_1_52' title='bbox 2076 643 2227 696; x_wconf 83' lang='grc' dir='ltr'>λιᾶτε</span> <span class='ocrx_word' id='word_1_53' title='bbox 2251 683 2265 705; x_wconf 92' lang='grc'><strong>,</strong></span> <span class='ocrx_word' id='word_1_54' title='bbox 2290 644 2323 715; x_wconf 81' lang='grc' dir='ltr'>ἦ</span> <span class='ocrx_word' id='word_1_55' title='bbox 2358 644 2494 714; x_wconf 77' lang='grc' dir='ltr'>πρὸς</span> <span class='ocrx_word' id='word_1_56' title='bbox 2525 644 2648 705; x_wconf 82' lang='grc' dir='ltr'>τοὺς</span> <span class='ocrx_word' id='word_1_57' title='bbox 2679 642 3096 712; x_wconf 72' lang='grc' dir='ltr'>καταφρονητάς</span> <span class='ocrx_word' id='word_1_58' title='bbox 3133 641 3395 711; x_wconf 87' lang='grc' dir='ltr'>δαίμονας</span> <span class='ocrx_word' id='word_1_59' title='bbox 3427 641 3658 710; x_wconf 82' lang='grc' dir='ltr'>ἁμιλλᾶ-</span> 
     </span>
    </p>
   </div>
   <div class='ocr_carea' id='block_1_11' title="bbox 405 729 1993 804">
    <p class='ocr_par' dir='ltr' id='par_1_11' title="bbox 405 729 1976 795">
     <span class='ocr_line' id='line_1_11' title="bbox 405 729 1976 795; baseline -0.008 0"><span class='ocrx_word' id='word_1_60' title='bbox 405 743 505 795; x_wconf 89' lang='lat' dir='ltr'><strong>bus</strong></span> <span class='ocrx_word' id='word_1_61' title='bbox 537 736 871 791; x_wconf 73' lang='lat' dir='ltr'><strong>daauooibus</strong></span> <span class='ocrx_word' id='word_1_62' title='bbox 914 733 1157 795; x_wconf 88' lang='lat' dir='ltr'><strong>certatis,</strong></span> <span class='ocrx_word' id='word_1_63' title='bbox 1203 741 1297 785; x_wconf 87' lang='lat' dir='ltr'><strong>aut</strong></span> <span class='ocrx_word' id='word_1_64' title='bbox 1348 731 1611 795; x_wconf 87' lang='lat' dir='ltr'><strong>inanitua,</strong></span> <span class='ocrx_word' id='word_1_65' title='bbox 1645 740 1697 784; x_wconf 89' lang='lat' dir='ltr'><strong>et</strong></span> <span class='ocrx_word' id='word_1_66' title='bbox 1749 729 1976 782; x_wconf 75' lang='lat' dir='ltr'><strong>rationis</strong></span> 
     </span>
    </p>
   </div>
   <div class='ocr_carea' id='block_1_12' title="bbox 2115 729 3658 804">
    <p class='ocr_par' dir='ltr' id='par_1_12' title="bbox 2116 733 3658 804">
     <span class='ocr_line' id='line_1_12' title="bbox 2116 733 3658 804; baseline 0 -18"><span class='ocrx_word' id='word_1_67' title='bbox 2116 734 2197 795; x_wconf 83' lang='grc' dir='ltr'>Οε,</span> <span class='ocrx_word' id='word_1_68' title='bbox 2232 736 2264 804; x_wconf 86' lang='grc' dir='ltr'>ἢ</span> <span class='ocrx_word' id='word_1_69' title='bbox 2308 734 2609 803; x_wconf 72' lang='grc' dir='ltr'>ἀνθρώπιον</span> <span class='ocrx_word' id='word_1_70' title='bbox 2659 734 2952 803; x_wconf 73' lang='grc' dir='ltr'><strong>ἰνδάλματα</strong></span> <span class='ocrx_word' id='word_1_71' title='bbox 2976 734 3277 801; x_wconf 81' lang='grc' dir='ltr'><strong>τυγχάνετε</strong></span> <span class='ocrx_word' id='word_1_72' title='bbox 3315 733 3529 804; x_wconf 73' lang='grc' dir='ltr'>ἄψυχα,</span> <span class='ocrx_word' id='word_1_73' title='bbox 3562 734 3658 786; x_wconf 78' lang='grc' dir='ltr'><strong>καὶ</strong></span> 
     </span>
    </p>
   </div>
   <div class='ocr_carea' id='block_1_13' title="bbox 400 821 1993 899">
    <p class='ocr_par' dir='ltr' id='par_1_13' title="bbox 400 821 1975 899">
     <span class='ocr_line' id='line_1_13' title="bbox 400 821 1975 899; baseline -0.007 -15"><span class='ocrx_word' id='word_1_74' title='bbox 400 828 665 899; x_wconf 76' lang='lat' dir='ltr'><strong>expertia,</strong></span> <span class='ocrx_word' id='word_1_75' title='bbox 698 843 798 882; x_wconf 89' lang='lat' dir='ltr'><strong>nec</strong></span> <span class='ocrx_word' id='word_1_76' title='bbox 832 826 939 880; x_wconf 89' lang='lat' dir='ltr'><strong>ullo</strong></span> <span class='ocrx_word' id='word_1_77' title='bbox 971 824 1179 879; x_wconf 85' lang='lat' dir='ltr'><strong>timoris</strong></span> <span class='ocrx_word' id='word_1_78' title='bbox 1222 838 1383 877; x_wconf 90' lang='lat' dir='ltr'><strong>sensu</strong></span> <span class='ocrx_word' id='word_1_79' title='bbox 1426 822 1651 892; x_wconf 71' lang='lat' dir='ltr'><strong>prtedita</strong></span> <span class='ocrx_word' id='word_1_80' title='bbox 1696 821 1975 875; x_wconf 84' lang='lat' dir='ltr'><strong>hominum</strong></span> 
     </span>
    </p>
   </div>
   <div class='ocr_carea' id='block_1_14' title="bbox 2115 821 3217 899">
    <p class='ocr_par' dir='ltr' id='par_1_14' title="bbox 2115 825 3217 897">
     <span class='ocr_line' id='line_1_14' title="bbox 2115 825 3217 897; baseline 0 -17"><span class='ocrx_word' id='word_1_81' title='bbox 2115 827 2239 895; x_wconf 77' lang='grc' dir='ltr'>όγου</span> <span class='ocrx_word' id='word_1_82' title='bbox 2269 827 2534 897; x_wconf 83' lang='grc' dir='ltr'>ἀμέτοχα,</span> <span class='ocrx_word' id='word_1_83' title='bbox 2570 826 2665 879; x_wconf 74' lang='grc' dir='ltr'><strong>καὶ</strong></span> <span class='ocrx_word' id='word_1_84' title='bbox 2694 827 2859 895; x_wconf 85' lang='grc' dir='ltr'>φόϐου</span> <span class='ocrx_word' id='word_1_85' title='bbox 2893 825 3217 895; x_wconf 81' lang='grc' dir='ltr'>ἀναίσθητα.</span> 
     </span>
    </p>
   </div>
   <div class='ocr_carea' id='block_1_15' title="bbox 400 919 864 978">
    <p class='ocr_par' dir='ltr' id='par_1_15' title="bbox 400 919 864 978">
     <span class='ocr_line' id='line_1_15' title="bbox 400 919 864 978; baseline -0.015 0"><span class='ocrx_word' id='word_1_86' title='bbox 400 920 686 978; x_wconf 75' lang='lat' dir='ltr'><strong>simulacra</strong></span> <span class='ocrx_word' id='word_1_87' title='bbox 714 919 864 973; x_wconf 84' lang='lat' dir='ltr'><strong>estis.</strong></span> 
     </span>
    </p>
   </div>
   <div class='ocr_carea' id='block_1_16' title="bbox 613 1060 1766 1135">
    <p class='ocr_par' dir='ltr' id='par_1_16' title="bbox 613 1060 1766 1135">
     <span class='ocr_line' id='line_1_16' title="bbox 613 1060 1766 1135; baseline -0.012 -6"><span class='ocrx_word' id='word_1_88' title='bbox 613 1063 1369 1135; x_wconf 74' lang='lat' dir='ltr'><strong>CCXXIV.——QUINTIANO</strong></span> <span class='ocrx_word' id='word_1_89' title='bbox 1415 1060 1766 1117; x_wconf 78' lang='lat' dir='ltr'><strong>MONACIIO.</strong></span> 
     </span>
    </p>
   </div>
   <div class='ocr_carea' id='block_1_17' title="bbox 474 1176 1981 1249">
    <p class='ocr_par' dir='ltr' id='par_1_17' title="bbox 474 1176 1981 1249">
     <span class='ocr_line' id='line_1_17' title="bbox 474 1176 1981 1249; baseline -0.014 -6"><span class='ocrx_word' id='word_1_90' title='bbox 474 1187 692 1243; x_wconf 74' lang='lat' dir='ltr'><strong>Mihiex</strong></span> <span class='ocrx_word' id='word_1_91' title='bbox 728 1184 892 1239; x_wconf 89' lang='lat' dir='ltr'><strong>animi</strong></span> <span class='ocrx_word' id='word_1_92' title='bbox 934 1183 1208 1237; x_wconf 88' lang='lat' dir='ltr'><strong>sententia</strong></span> <span class='ocrx_word' id='word_1_93' title='bbox 1261 1179 1586 1249; x_wconf 88' lang='lat' dir='ltr'><strong>procedebat</strong></span> <span class='ocrx_word' id='word_1_94' title='bbox 1626 1176 1850 1228; x_wconf 76' lang='lat' dir='ltr'><strong>adversa</strong></span> <span class='ocrx_word' id='word_1_95' title='bbox 1890 1187 1981 1223; x_wconf 77' lang='lat' dir='ltr'><strong>va-</strong></span> 
     </span>
    </p>
   </div>
   <div class='ocr_carea' id='block_1_18' title="bbox 2360 1059 3365 1133">
    <p class='ocr_par' dir='ltr' id='par_1_18' title="bbox 2360 1059 3365 1133">
     <span class='ocr_line' id='line_1_18' title="bbox 2360 1059 3365 1133; baseline -0.004 -18"><span class='ocrx_word' id='word_1_96' title='bbox 2360 1064 2529 1116; x_wconf 68' lang='lat' dir='ltr'><strong>EKA&#39;.</strong></span> <span class='ocrx_word' id='word_1_97' title='bbox 2560 1092 2629 1104; x_wconf 89' lang='lat'>—</span> <span class='ocrx_word' id='word_1_98' title='bbox 2655 1060 3018 1131; x_wconf 79' lang='grc' dir='ltr'><strong>ΚΥΝἸΊΔΝῼ</strong></span> <span class='ocrx_word' id='word_1_99' title='bbox 3050 1059 3365 1133; x_wconf 78' lang='grc' dir='ltr'><strong>ΜΟΝᾹΧῼ.</strong></span> 
     </span>
    </p>
   </div>
   <div class='ocr_carea' id='block_1_19' title="bbox 2168 1170 3664 1247">
    <p class='ocr_par' dir='ltr' id='par_1_19' title="bbox 2168 1170 3664 1247">
     <span class='ocr_line' id='line_1_19' title="bbox 2168 1170 3664 1247; baseline -0.003 -18"><span class='ocrx_word' id='word_1_100' title='bbox 2168 1176 2321 1244; x_wconf 71' lang='grc' dir='ltr'>Ἐμοὶ</span> <span class='ocrx_word' id='word_1_101' title='bbox 2349 1177 2488 1231; x_wconf 71' lang='grc' dir='ltr'>κατὰ</span> <span class='ocrx_word' id='word_1_102' title='bbox 2515 1176 2741 1247; x_wconf 77' lang='grc' dir='ltr'>γνώμην</span> <span class='ocrx_word' id='word_1_103' title='bbox 2784 1173 3092 1246; x_wconf 79' lang='grc' dir='ltr'>προύχώρει</span> <span class='ocrx_word' id='word_1_104' title='bbox 3134 1175 3168 1244; x_wconf 83' lang='grc' dir='ltr'>ἡ</span> <span class='ocrx_word' id='word_1_105' title='bbox 3202 1172 3479 1235; x_wconf 83' lang='grc' dir='ltr'>ἀσθένεια,</span> <span class='ocrx_word' id='word_1_106' title='bbox 3513 1170 3664 1225; x_wconf 72' lang='grc' dir='ltr'>κατὰ</span> 
     </span>
    </p>
   </div>
   <div class='ocr_carea' id='block_1_20' title="bbox 406 1260 1993 1347">
    <p class='ocr_par' dir='ltr' id='par_1_20' title="bbox 406 1272 1981 1347">
     <span class='ocr_line' id='line_1_20' title="bbox 406 1272 1981 1347; baseline -0.011 -12"><span class='ocrx_word' id='word_1_107' title='bbox 406 1279 609 1341; x_wconf 87' lang='lat' dir='ltr'><strong>letudo,</strong></span> <span class='ocrx_word' id='word_1_108' title='bbox 666 1276 923 1347; x_wconf 73' lang='lat' dir='ltr'><strong>paulatim</strong></span> <span class='ocrx_word' id='word_1_109' title='bbox 978 1273 1226 1327; x_wconf 71' lang='lat' dir='ltr'><strong>videlicet</strong></span> <span class='ocrx_word' id='word_1_110' title='bbox 1278 1286 1365 1324; x_wconf 90' lang='lat' dir='ltr'><strong>me</strong></span> <span class='ocrx_word' id='word_1_111' title='bbox 1419 1285 1485 1323; x_wconf 80' lang='lat' dir='ltr'><strong>ex</strong></span> <span class='ocrx_word' id='word_1_112' title='bbox 1546 1272 1867 1334; x_wconf 82' lang='lat' dir='ltr'><strong>tempestate</strong></span> <span class='ocrx_word' id='word_1_113' title='bbox 1918 1278 1981 1317; x_wconf 91' lang='lat' dir='ltr'><strong>ac</strong></span> 
     </span>
    </p>
   </div>
   <div class='ocr_carea' id='block_1_21' title="bbox 2115 1260 3666 1347">
    <p class='ocr_par' dir='ltr' id='par_1_21' title="bbox 2115 1260 3666 1339">
     <span class='ocr_line' id='line_1_21' title="bbox 2115 1260 3666 1339; baseline -0.005 -19"><span class='ocrx_word' id='word_1_114' title='bbox 2115 1267 2279 1338; x_wconf 62' lang='grc' dir='ltr'>μικρόν</span> <span class='ocrx_word' id='word_1_115' title='bbox 2316 1285 2383 1336; x_wconf 88' lang='grc' dir='ltr'><strong>με</strong></span> <span class='ocrx_word' id='word_1_116' title='bbox 2409 1269 2507 1339; x_wconf 81' lang='grc' dir='ltr'>τῆς</span> <span class='ocrx_word' id='word_1_117' title='bbox 2553 1266 2721 1336; x_wconf 77' lang='grc' dir='ltr'>ζάλης</span> <span class='ocrx_word' id='word_1_118' title='bbox 2752 1264 3121 1332; x_wconf 77' lang='grc' dir='ltr'>ὑπεξάγουσα.</span> <span class='ocrx_word' id='word_1_119' title='bbox 3165 1262 3307 1316; x_wconf 80' lang='grc' dir='ltr'>Ἀλλ’</span> <span class='ocrx_word' id='word_1_120' title='bbox 3336 1261 3523 1330; x_wconf 76' lang='grc' dir='ltr'>ἐπειδὴ</span> <span class='ocrx_word' id='word_1_121' title='bbox 3551 1260 3666 1314; x_wconf 81' lang='grc' dir='ltr'><strong>πά-</strong></span> 
     </span>
    </p>
   </div>
   <div class='ocr_carea' id='block_1_22' title="bbox 406 1360 1982 1439">
    <p class='ocr_par' dir='ltr' id='par_1_22' title="bbox 406 1360 1982 1439">
     <span class='ocr_line' id='line_1_22' title="bbox 406 1360 1982 1439; baseline -0.01 -16"><span class='ocrx_word' id='word_1_122' title='bbox 406 1368 665 1439; x_wconf 90' lang='lat' dir='ltr'><strong>procellis</strong></span> <span class='ocrx_word' id='word_1_123' title='bbox 694 1368 1021 1422; x_wconf 89' lang='lat' dir='ltr'><strong>subducens.</strong></span> <span class='ocrx_word' id='word_1_124' title='bbox 1058 1364 1325 1431; x_wconf 85' lang='lat' dir='ltr'><strong>Quoniam</strong></span> <span class='ocrx_word' id='word_1_125' title='bbox 1364 1374 1543 1414; x_wconf 89' lang='lat' dir='ltr'><strong>autem</strong></span> <span class='ocrx_word' id='word_1_126' title='bbox 1584 1360 1721 1412; x_wconf 87' lang='lat' dir='ltr'><strong>Deus</strong></span> <span class='ocrx_word' id='word_1_127' title='bbox 1749 1374 1832 1410; x_wconf 89' lang='lat' dir='ltr'><strong>me</strong></span> <span class='ocrx_word' id='word_1_128' title='bbox 1860 1371 1982 1409; x_wconf 85' lang='lat' dir='ltr'><strong>rur-</strong></span> 
     </span>
    </p>
   </div>
   <div class='ocr_carea' id='block_1_23' title="bbox 408 1451 1977 1523">
    <p class='ocr_par' dir='ltr' id='par_1_23' title="bbox 408 1451 1977 1523">
     <span class='ocr_line' id='line_1_23' title="bbox 408 1451 1977 1523; baseline -0.008 -9"><span class='ocrx_word' id='word_1_129' title='bbox 408 1476 527 1515; x_wconf 89' lang='lat' dir='ltr'><strong>sum</strong></span> <span class='ocrx_word' id='word_1_130' title='bbox 556 1461 700 1513; x_wconf 88' lang='lat' dir='ltr'><strong>inter</strong></span> <span class='ocrx_word' id='word_1_131' title='bbox 737 1458 932 1511; x_wconf 86' lang='lat' dir='ltr'><strong>ﬂuctus</strong></span> <span class='ocrx_word' id='word_1_132' title='bbox 959 1472 1179 1509; x_wconf 86' lang='lat' dir='ltr'><strong>manere</strong></span> <span class='ocrx_word' id='word_1_133' title='bbox 1213 1455 1398 1523; x_wconf 84' lang='lat' dir='ltr'><strong>jussit,</strong></span> <span class='ocrx_word' id='word_1_134' title='bbox 1422 1453 1673 1522; x_wconf 84' lang='lat' dir='ltr'><strong>precibus</strong></span> <span class='ocrx_word' id='word_1_135' title='bbox 1697 1451 1802 1503; x_wconf 80' lang='lat' dir='ltr'><strong>tuis</strong></span> <span class='ocrx_word' id='word_1_136' title='bbox 1826 1451 1977 1502; x_wconf 65' lang='lat' dir='ltr'><strong>navio</strong></span> 
     </span>
    </p>
   </div>
   <div class='ocr_carea' id='block_1_24' title="bbox 2080 1351 3665 1428">
    <p class='ocr_par' dir='ltr' id='par_1_24' title="bbox 2080 1351 3665 1428">
     <span class='ocr_line' id='line_1_24' title="bbox 2080 1351 3665 1428; baseline -0.011 -9"><span class='ocrx_word' id='word_1_137' title='bbox 2080 1367 2164 1421; x_wconf 87' lang='grc' dir='ltr'><strong>λιν</strong></span> <span class='ocrx_word' id='word_1_138' title='bbox 2220 1369 2248 1420; x_wconf 86' lang='grc' dir='ltr'>ὁ</span> <span class='ocrx_word' id='word_1_139' title='bbox 2304 1364 2433 1426; x_wconf 71' lang='grc' dir='ltr'>Θεὸς</span> <span class='ocrx_word' id='word_1_140' title='bbox 2486 1362 2620 1414; x_wconf 79' lang='grc' dir='ltr'>εἵσω</span> <span class='ocrx_word' id='word_1_141' title='bbox 2676 1360 2857 1428; x_wconf 80' lang='grc' dir='ltr'>μένειν</span> <span class='ocrx_word' id='word_1_142' title='bbox 2914 1356 3023 1408; x_wconf 82' lang='grc' dir='ltr'><strong>τῶν</strong></span> <span class='ocrx_word' id='word_1_143' title='bbox 3075 1354 3334 1422; x_wconf 86' lang='grc' dir='ltr'>κυμάτων</span> <span class='ocrx_word' id='word_1_144' title='bbox 3382 1351 3665 1414; x_wconf 79' lang='grc' dir='ltr'>ἐκέλευσε,</span> 
     </span>
    </p>
   </div>
   <div class='ocr_carea' id='block_1_25' title="bbox 2087 1440 3672 1531">
    <p class='ocr_par' dir='ltr' id='par_1_25' title="bbox 2087 1440 3672 1531">
     <span class='ocr_line' id='line_1_25' title="bbox 2087 1440 3672 1531; baseline -0.013 -17"><span class='ocrx_word' id='word_1_145' title='bbox 2087 1459 2267 1531; x_wconf 82' lang='grc' dir='ltr'>βοήθει</span> <span class='ocrx_word' id='word_1_146' title='bbox 2301 1455 2437 1529; x_wconf 79' lang='grc' dir='ltr'>πρὸς</span> <span class='ocrx_word' id='word_1_147' title='bbox 2475 1454 2563 1506; x_wconf 72' lang='grc' dir='ltr'>τὸν</span> <span class='ocrx_word' id='word_1_148' title='bbox 2609 1451 2776 1503; x_wconf 87' lang='grc' dir='ltr'>πλοῦν</span> <span class='ocrx_word' id='word_1_149' title='bbox 2824 1450 2943 1510; x_wconf 83' lang='grc' dir='ltr'>ταῖς</span> <span class='ocrx_word' id='word_1_150' title='bbox 2973 1445 3316 1516; x_wconf 81' lang='grc' dir='ltr'>πρεσϐείαις,</span> <span class='ocrx_word' id='word_1_151' title='bbox 3350 1443 3423 1514; x_wconf 72' lang='grc' dir='ltr'>μή</span> <span class='ocrx_word' id='word_1_152' title='bbox 3457 1460 3511 1496; x_wconf 84' lang='grc' dir='ltr'><strong>τι</strong></span> <span class='ocrx_word' id='word_1_153' title='bbox 3559 1440 3672 1495; x_wconf 81' lang='grc' dir='ltr'><strong>πά-</strong></span> 
     </span>
    </p>
   </div>
   <div class='ocr_carea' id='block_1_26' title="bbox 406 1535 1993 1623">
    <p class='ocr_par' dir='ltr' id='par_1_26' title="bbox 406 1540 1985 1623">
     <span class='ocr_line' id='line_1_26' title="bbox 406 1540 1985 1623; baseline -0.006 -20"><span class='ocrx_word' id='word_1_154' title='bbox 406 1552 679 1623; x_wconf 72' lang='lat' dir='ltr'><strong>gationem</strong></span> <span class='ocrx_word' id='word_1_155' title='bbox 730 1564 902 1603; x_wconf 87' lang='lat' dir='ltr'><strong>meam</strong></span> <span class='ocrx_word' id='word_1_156' title='bbox 940 1547 1091 1617; x_wconf 78' lang='lat' dir='ltr'><strong>jura,</strong></span> <span class='ocrx_word' id='word_1_157' title='bbox 1153 1558 1211 1600; x_wconf 91' lang='lat' dir='ltr'><strong>ut</strong></span> <span class='ocrx_word' id='word_1_158' title='bbox 1251 1562 1316 1599; x_wconf 86' lang='lat' dir='ltr'><strong>tte</strong></span> <span class='ocrx_word' id='word_1_159' title='bbox 1364 1544 1491 1614; x_wconf 90' lang='lat' dir='ltr'><strong>quid</strong></span> <span class='ocrx_word' id='word_1_160' title='bbox 1533 1560 1562 1595; x_wconf 90' lang='lat' dir='ltr'><strong>a</strong></span> <span class='ocrx_word' id='word_1_161' title='bbox 1596 1540 1985 1609; x_wconf 82' lang='lat' dir='ltr'><strong>tranquillitate</strong></span> 
     </span>
    </p>
   </div>
   <div class='ocr_carea' id='block_1_27' title="bbox 2115 1535 3130 1623">
    <p class='ocr_par' dir='ltr' id='par_1_27' title="bbox 2115 1535 3130 1616">
     <span class='ocr_line' id='line_1_27' title="bbox 2115 1535 3130 1616; baseline -0.011 -20"><span class='ocrx_word' id='word_1_162' title='bbox 2115 1559 2274 1616; x_wconf 73' lang='lat' dir='ltr'><strong>twpev</strong></span> <span class='ocrx_word' id='word_1_163' title='bbox 2302 1544 2414 1615; x_wconf 75' lang='lat'><strong>(12)</strong></span> <span class='ocrx_word' id='word_1_164' title='bbox 2442 1541 2719 1611; x_wconf 79' lang='grc' dir='ltr'>ἀλλότριον</span> <span class='ocrx_word' id='word_1_165' title='bbox 2743 1538 2842 1608; x_wconf 85' lang='grc' dir='ltr'>τῆς</span> <span class='ocrx_word' id='word_1_166' title='bbox 2869 1535 3130 1607; x_wconf 87' lang='grc' dir='ltr'>γαλήνης.</span> 
     </span>
    </p>
   </div>
   <div class='ocr_carea' id='block_1_28' title="bbox 406 1641 1071 1699">
    <p class='ocr_par' dir='ltr' id='par_1_28' title="bbox 406 1641 1071 1699">
     <span class='ocr_line' id='line_1_28' title="bbox 406 1641 1071 1699; baseline -0.011 -1"><span class='ocrx_word' id='word_1_167' title='bbox 406 1642 648 1699; x_wconf 79' lang='lat' dir='ltr'><strong>alienum</strong></span> <span class='ocrx_word' id='word_1_168' title='bbox 680 1641 811 1695; x_wconf 88' lang='lat' dir='ltr'><strong>mihi</strong></span> <span class='ocrx_word' id='word_1_169' title='bbox 839 1641 1071 1693; x_wconf 63' lang='lat' dir='ltr'><strong>arcidal.</strong></span> 
     </span>
    </p>
   </div>
   <div class='ocr_carea' id='block_1_29' title="bbox 830 1772 1632 1841">
    <p class='ocr_par' dir='ltr' id='par_1_29' title="bbox 830 1772 1632 1841">
     <span class='ocr_line' id='line_1_29' title="bbox 830 1772 1632 1841; baseline -0.009 -7"><span class='ocrx_word' id='word_1_170' title='bbox 830 1776 1085 1834; x_wconf 70' lang='lat' dir='ltr'><strong>CCXXV.</strong></span> <span class='ocrx_word' id='word_1_171' title='bbox 1105 1806 1174 1818; x_wconf 90' lang='lat'><strong>—</strong></span> <span class='ocrx_word' id='word_1_172' title='bbox 1201 1772 1561 1829; x_wconf 84' lang='lat' dir='ltr'><strong>SlMPLlCIO.</strong></span> <span class='ocrx_word' id='word_1_173' title='bbox 1626 1834 1632 1841; x_wconf 35' lang='lat'><em>.</em></span> 
     </span>
    </p>
   </div>
   <div class='ocr_carea' id='block_1_30' title="bbox 469 1885 1985 1963">
    <p class='ocr_par' dir='ltr' id='par_1_30' title="bbox 469 1885 1985 1963">
     <span class='ocr_line' id='line_1_30' title="bbox 469 1885 1985 1963; baseline -0.008 -16"><span class='ocrx_word' id='word_1_174' title='bbox 469 1892 547 1947; x_wconf 91' lang='lat' dir='ltr'><strong>De</strong></span> <span class='ocrx_word' id='word_1_175' title='bbox 589 1901 821 1963; x_wconf 74' lang='lat' dir='ltr'><strong>prtetnra</strong></span> <span class='ocrx_word' id='word_1_176' title='bbox 871 1903 957 1944; x_wconf 88' lang='lat' dir='ltr'><strong>tua</strong></span> <span class='ocrx_word' id='word_1_177' title='bbox 1002 1891 1118 1944; x_wconf 85' lang='lat' dir='ltr'><strong>urbi</strong></span> <span class='ocrx_word' id='word_1_178' title='bbox 1196 1888 1549 1959; x_wconf 79' lang='lat' dir='ltr'><strong>gratulamur,</strong></span> <span class='ocrx_word' id='word_1_179' title='bbox 1606 1885 1985 1955; x_wconf 77' lang='lat' dir='ltr'><strong>voluptathtte</strong></span> 
     </span>
    </p>
   </div>
   <div class='ocr_carea' id='block_1_31' title="bbox 2539 1757 3222 1827">
    <p class='ocr_par' dir='ltr' id='par_1_31' title="bbox 2539 1757 3222 1827">
     <span class='ocr_line' id='line_1_31' title="bbox 2539 1757 3222 1827; baseline -0.003 -9"><span class='ocrx_word' id='word_1_180' title='bbox 2539 1765 2711 1818; x_wconf 73' lang='lat' dir='ltr'><strong>zKE&#39;.</strong></span> <span class='ocrx_word' id='word_1_181' title='bbox 2741 1790 2807 1801; x_wconf 89' lang='lat'>—</span> <span class='ocrx_word' id='word_1_182' title='bbox 2840 1757 3222 1827; x_wconf 77' lang='grc' dir='ltr'><strong>ΣΙΜΠΛΙΚΙῼ.</strong></span> 
     </span>
    </p>
   </div>
   <div class='ocr_carea' id='block_1_32' title="bbox 2159 1865 3677 1951">
    <p class='ocr_par' dir='ltr' id='par_1_32' title="bbox 2159 1865 3677 1951">
     <span class='ocr_line' id='line_1_32' title="bbox 2159 1865 3677 1951; baseline -0.013 -15"><span class='ocrx_word' id='word_1_183' title='bbox 2159 1880 2534 1951; x_wconf 79' lang='grc' dir='ltr'>Συγχαίρομεν</span> <span class='ocrx_word' id='word_1_184' title='bbox 2561 1880 2627 1948; x_wconf 83' lang='grc' dir='ltr'>τῇ</span> <span class='ocrx_word' id='word_1_185' title='bbox 2660 1876 2811 1929; x_wconf 86' lang='grc' dir='ltr'>πόλει</span> <span class='ocrx_word' id='word_1_186' title='bbox 2852 1874 2952 1942; x_wconf 74' lang='grc' dir='ltr'>τῆς</span> <span class='ocrx_word' id='word_1_187' title='bbox 2992 1874 3166 1942; x_wconf 84' lang='grc' dir='ltr'>ἀρχῆς</span> <span class='ocrx_word' id='word_1_188' title='bbox 3200 1886 3295 1922; x_wconf 85' lang='grc' dir='ltr'><strong>σου</strong></span> <span class='ocrx_word' id='word_1_189' title='bbox 3315 1910 3329 1932; x_wconf 95' lang='grc'><strong>,</strong></span> <span class='ocrx_word' id='word_1_190' title='bbox 3359 1867 3455 1921; x_wconf 72' lang='grc' dir='ltr'>καὶ</span> <span class='ocrx_word' id='word_1_191' title='bbox 3482 1865 3677 1937; x_wconf 89' lang='grc' dir='ltr'>χαίρο-</span> 
     </span>
    </p>
   </div>
   <div class='ocr_carea' id='block_1_33' title="bbox 410 1960 1993 2051">
    <p class='ocr_par' dir='ltr' id='par_1_33' title="bbox 410 1978 1982 2051">
     <span class='ocr_line' id='line_1_33' title="bbox 410 1978 1982 2051; baseline -0.007 -13"><span class='ocrx_word' id='word_1_192' title='bbox 410 1984 675 2038; x_wconf 76' lang='lat' dir='ltr'><strong>allicimur</strong></span> <span class='ocrx_word' id='word_1_193' title='bbox 722 1998 862 2037; x_wconf 90' lang='lat' dir='ltr'><strong>nunc</strong></span> <span class='ocrx_word' id='word_1_194' title='bbox 899 1984 988 2051; x_wconf 86' lang='lat' dir='ltr'><strong>jus</strong></span> <span class='ocrx_word' id='word_1_195' title='bbox 1026 1991 1311 2035; x_wconf 86' lang='lat' dir='ltr'><strong>cernentes</strong></span> <span class='ocrx_word' id='word_1_196' title='bbox 1359 1996 1455 2049; x_wconf 88' lang='lat' dir='ltr'><strong>per</strong></span> <span class='ocrx_word' id='word_1_197' title='bbox 1499 1978 1731 2032; x_wconf 88' lang='lat' dir='ltr'><strong>mediam</strong></span> <span class='ocrx_word' id='word_1_198' title='bbox 1794 1978 1982 2029; x_wconf 85' lang='lat' dir='ltr'><strong>urbem</strong></span> 
     </span>
    </p>
   </div>
   <div class='ocr_carea' id='block_1_34' title="bbox 2115 1960 3677 2051">
    <p class='ocr_par' dir='ltr' id='par_1_34' title="bbox 2115 1960 3677 2039">
     <span class='ocr_line' id='line_1_34' title="bbox 2115 1960 3677 2039; baseline -0.01 -12"><span class='ocrx_word' id='word_1_199' title='bbox 2115 1991 2193 2027; x_wconf 85' lang='grc' dir='ltr'><strong>ιεν</strong></span> <span class='ocrx_word' id='word_1_200' title='bbox 2223 1974 2284 2026; x_wconf 74' lang='grc' dir='ltr'>τὸ</span> <span class='ocrx_word' id='word_1_201' title='bbox 2312 1972 2520 2025; x_wconf 84' lang='grc' dir='ltr'>δίκαιον</span> <span class='ocrx_word' id='word_1_202' title='bbox 2558 1969 2793 2039; x_wconf 83' lang='grc' dir='ltr'>ὁρῶντες</span> <span class='ocrx_word' id='word_1_203' title='bbox 2839 1967 2935 2020; x_wconf 85' lang='grc' dir='ltr'><strong>νῦν</strong></span> <span class='ocrx_word' id='word_1_204' title='bbox 2984 1966 3077 2018; x_wconf 76' lang='grc' dir='ltr'><strong>ἐπὶ</strong></span> <span class='ocrx_word' id='word_1_205' title='bbox 3123 1965 3296 2034; x_wconf 79' lang='grc' dir='ltr'>μέσης</span> <span class='ocrx_word' id='word_1_206' title='bbox 3331 1962 3545 2031; x_wconf 77' lang='grc' dir='ltr'>βαδίζον</span> <span class='ocrx_word' id='word_1_207' title='bbox 3575 1960 3677 2012; x_wconf 74' lang='grc' dir='ltr'><strong>καὶ</strong></span> 
     </span>
    </p>
   </div>
   <div class='ocr_carea' id='block_1_35' title="bbox 408 2052 1993 2140">
    <p class='ocr_par' dir='ltr' id='par_1_35' title="bbox 408 2065 1986 2140">
     <span class='ocr_line' id='line_1_35' title="bbox 408 2065 1986 2140; baseline -0.008 -11"><span class='ocrx_word' id='word_1_208' title='bbox 408 2073 663 2129; x_wconf 80' lang='lat' dir='ltr'><strong>incedens</strong></span> <span class='ocrx_word' id='word_1_209' title='bbox 697 2087 759 2125; x_wconf 88' lang='lat' dir='ltr'><strong>ac</strong></span> <span class='ocrx_word' id='word_1_210' title='bbox 814 2074 1045 2140; x_wconf 81' lang='lat' dir='ltr'><strong>palmam</strong></span> <span class='ocrx_word' id='word_1_211' title='bbox 1105 2072 1305 2125; x_wconf 76' lang='lat' dir='ltr'><strong>ferens.</strong></span> <span class='ocrx_word' id='word_1_212' title='bbox 1336 2070 1453 2135; x_wconf 91' lang='lat' dir='ltr'><strong>Quo</strong></span> <span class='ocrx_word' id='word_1_213' title='bbox 1497 2069 1713 2137; x_wconf 80' lang='lat' dir='ltr'><strong>quidem</strong></span> <span class='ocrx_word' id='word_1_214' title='bbox 1771 2065 1986 2119; x_wconf 86' lang='lat' dir='ltr'><strong>n0tnine</strong></span> 
     </span>
    </p>
   </div>
   <div class='ocr_carea' id='block_1_36' title="bbox 2115 2052 3678 2140">
    <p class='ocr_par' dir='ltr' id='par_1_36' title="bbox 2115 2052 3678 2137">
     <span class='ocr_line' id='line_1_36' title="bbox 2115 2052 3678 2137; baseline -0.01 -19"><span class='ocrx_word' id='word_1_215' title='bbox 2115 2064 2376 2137; x_wconf 73' lang='grc' dir='ltr'>ιραϐεῦον.</span> <span class='ocrx_word' id='word_1_216' title='bbox 2426 2064 2541 2131; x_wconf 83' lang='grc' dir='ltr'><strong>Ἐφ’</strong></span> <span class='ocrx_word' id='word_1_217' title='bbox 2573 2055 2617 2128; x_wconf 83' lang='grc' dir='ltr'>ᾧ</span> <span class='ocrx_word' id='word_1_218' title='bbox 2648 2060 2781 2112; x_wconf 74' lang='grc' dir='ltr'>Θεὸν</span> <span class='ocrx_word' id='word_1_219' title='bbox 2805 2058 2899 2112; x_wconf 57' lang='grc' dir='ltr'><strong>καὶ⁵</strong></span> <span class='ocrx_word' id='word_1_220' title='bbox 2925 2056 3118 2127; x_wconf 81' lang='grc' dir='ltr'>βοηθὸν</span> <span class='ocrx_word' id='word_1_221' title='bbox 3145 2056 3288 2119; x_wconf 71' lang='grc' dir='ltr'>ἕξεις</span> <span class='ocrx_word' id='word_1_222' title='bbox 3316 2054 3412 2106; x_wconf 58' lang='grc' dir='ltr'><strong>καὶ⁸</strong></span> <span class='ocrx_word' id='word_1_223' title='bbox 3446 2052 3678 2121; x_wconf 83' lang='grc' dir='ltr'>σύμμα-</span> 
     </span>
    </p>
   </div>
   <div class='ocr_carea' id='block_1_37' title="bbox 411 2158 1983 2233">
    <p class='ocr_par' dir='ltr' id='par_1_37' title="bbox 411 2158 1983 2233">
     <span class='ocr_line' id='line_1_37' title="bbox 411 2158 1983 2233; baseline -0.006 -15"><span class='ocrx_word' id='word_1_224' title='bbox 411 2163 578 2219; x_wconf 89' lang='lat' dir='ltr'><strong>Deum</strong></span> <span class='ocrx_word' id='word_1_225' title='bbox 601 2177 817 2233; x_wconf 85' lang='lat' dir='ltr'><strong>quoque</strong></span> <span class='ocrx_word' id='word_1_226' title='bbox 853 2164 1232 2231; x_wconf 88' lang='lat' dir='ltr'><strong>opitulatorem</strong></span> <span class='ocrx_word' id='word_1_227' title='bbox 1268 2176 1332 2214; x_wconf 88' lang='lat' dir='ltr'><strong>ac</strong></span> <span class='ocrx_word' id='word_1_228' title='bbox 1351 2160 1554 2214; x_wconf 88' lang='lat' dir='ltr'><strong>socittm</strong></span> <span class='ocrx_word' id='word_1_229' title='bbox 1588 2158 1871 2212; x_wconf 87' lang='lat' dir='ltr'><strong>habiturus</strong></span> <span class='ocrx_word' id='word_1_230' title='bbox 1901 2171 1983 2218; x_wconf 87' lang='lat' dir='ltr'><strong>es,</strong></span> 
     </span>
    </p>
   </div>
   <div class='ocr_carea' id='block_1_38' title="bbox 2092 2138 3680 2227">
    <p class='ocr_par' dir='ltr' id='par_1_38' title="bbox 2092 2138 3680 2227">
     <span class='ocr_line' id='line_1_38' title="bbox 2092 2138 3680 2227; baseline -0.011 -17"><span class='ocrx_word' id='word_1_231' title='bbox 2092 2174 2206 2227; x_wconf 89' lang='grc' dir='ltr'>χον,</span> <span class='ocrx_word' id='word_1_232' title='bbox 2234 2153 2358 2216; x_wconf 79' lang='grc' dir='ltr'>τούς</span> <span class='ocrx_word' id='word_1_233' title='bbox 2386 2171 2443 2206; x_wconf 85' lang='grc' dir='ltr'><strong>τε</strong></span> <span class='ocrx_word' id='word_1_234' title='bbox 2465 2153 2667 2213; x_wconf 69' lang='grc' dir='ltr'>κακοὺς</span> <span class='ocrx_word' id='word_1_235' title='bbox 2695 2148 3101 2211; x_wconf 78' lang='grc' dir='ltr'>ὑποδεικνύντα,</span> <span class='ocrx_word' id='word_1_236' title='bbox 3133 2144 3371 2205; x_wconf 74' lang='grc' dir='ltr'>καὶτοὺς</span> <span class='ocrx_word' id='word_1_237' title='bbox 3400 2138 3680 2213; x_wconf 78' lang='grc' dir='ltr'>χρηστούς</span> 
     </span>
    </p>
   </div>
   <div class='ocr_carea' id='block_1_39' title="bbox 414 2241 1993 2320">
    <p class='ocr_par' dir='ltr' id='par_1_39' title="bbox 414 2248 1987 2320">
     <span class='ocr_line' id='line_1_39' title="bbox 414 2248 1987 2320; baseline -0.004 -14"><span class='ocrx_word' id='word_1_238' title='bbox 414 2263 524 2306; x_wconf 89' lang='lat' dir='ltr'><strong>ttttn</strong></span> <span class='ocrx_word' id='word_1_239' title='bbox 563 2253 839 2320; x_wconf 87' lang='lat' dir='ltr'><strong>improbos</strong></span> <span class='ocrx_word' id='word_1_240' title='bbox 871 2251 1116 2305; x_wconf 83' lang='lat' dir='ltr'><strong>homines</strong></span> <span class='ocrx_word' id='word_1_241' title='bbox 1144 2251 1237 2304; x_wconf 83' lang='lat' dir='ltr'><strong>tibi</strong></span> <span class='ocrx_word' id='word_1_242' title='bbox 1277 2250 1628 2312; x_wconf 85' lang='lat' dir='ltr'><strong>indicantem,</strong></span> <span class='ocrx_word' id='word_1_243' title='bbox 1654 2258 1763 2301; x_wconf 89' lang='lat' dir='ltr'><strong>lunt</strong></span> <span class='ocrx_word' id='word_1_244' title='bbox 1791 2248 1987 2315; x_wconf 73' lang='lat' dir='ltr'><strong>probos</strong></span> 
     </span>
    </p>
   </div>
   <div class='ocr_carea' id='block_1_40' title="bbox 2115 2241 2573 2320">
    <p class='ocr_par' dir='ltr' id='par_1_40' title="bbox 2115 2241 2573 2314">
     <span class='ocr_line' id='line_1_40' title="bbox 2115 2241 2573 2314; baseline -0.009 -17"><span class='ocrx_word' id='word_1_245' title='bbox 2115 2262 2178 2298; x_wconf 72' lang='grc' dir='ltr'>τοι</span> <span class='ocrx_word' id='word_1_246' title='bbox 2211 2241 2573 2314; x_wconf 75' lang='grc' dir='ltr'><strong>φανεροῦντα⁴</strong></span> 
     </span>
    </p>
   </div>
   <div class='ocr_carea' id='block_1_41' title="bbox 413 2342 895 2398">
    <p class='ocr_par' dir='ltr' id='par_1_41' title="bbox 413 2342 895 2398">
     <span class='ocr_line' id='line_1_41' title="bbox 413 2342 895 2398; baseline -0.008 0"><span class='ocrx_word' id='word_1_247' title='bbox 413 2342 895 2398; x_wconf 84' lang='lat' dir='ltr'><strong>detnonstrantetn.</strong></span> 
     </span>
    </p>
   </div>
   <div class='ocr_carea' id='block_1_42' title="bbox 854 2449 1552 2509">
    <p class='ocr_par' dir='ltr' id='par_1_42' title="bbox 854 2449 1552 2509">
     <span class='ocr_line' id='line_1_42' title="bbox 854 2449 1552 2509; baseline -0.007 0"><span class='ocrx_word' id='word_1_248' title='bbox 854 2449 1552 2509; x_wconf 74' lang='lat' dir='ltr'><strong>CCXX\&#39;l.—SENATUI.</strong></span> 
     </span>
    </p>
   </div>
   <div class='ocr_carea' id='block_1_43' title="bbox 484 2581 1991 2641">
    <p class='ocr_par' dir='ltr' id='par_1_43' title="bbox 484 2581 1991 2641">
     <span class='ocr_line' id='line_1_43' title="bbox 484 2581 1991 2641; baseline -0.005 0"><span class='ocrx_word' id='word_1_249' title='bbox 484 2585 682 2641; x_wconf 78' lang='lat' dir='ltr'><strong>Pelusii</strong></span> <span class='ocrx_word' id='word_1_250' title='bbox 730 2586 1026 2639; x_wconf 78' lang='lat' dir='ltr'><strong>commodis</strong></span> <span class='ocrx_word' id='word_1_251' title='bbox 1079 2586 1222 2638; x_wconf 80' lang='lat' dir='ltr'><strong>Deus</strong></span> <span class='ocrx_word' id='word_1_252' title='bbox 1272 2585 1450 2639; x_wconf 85' lang='lat' dir='ltr'><strong>adhuc</strong></span> <span class='ocrx_word' id='word_1_253' title='bbox 1503 2581 1751 2636; x_wconf 88' lang='lat' dir='ltr'><strong>consulit.</strong></span> <span class='ocrx_word' id='word_1_254' title='bbox 1803 2582 1991 2634; x_wconf 83' lang='lat' dir='ltr'><strong>Adhuc</strong></span> 
     </span>
    </p>
   </div>
   <div class='ocr_carea' id='block_1_44' title="bbox 416 2672 1990 2731">
    <p class='ocr_par' dir='ltr' id='par_1_44' title="bbox 416 2672 1990 2731">
     <span class='ocr_line' id='line_1_44' title="bbox 416 2672 1990 2731; baseline -0.005 0"><span class='ocrx_word' id='word_1_255' title='bbox 416 2678 582 2731; x_wconf 80' lang='lat' dir='ltr'><strong>divini</strong></span> <span class='ocrx_word' id='word_1_256' title='bbox 632 2677 810 2730; x_wconf 85' lang='lat' dir='ltr'><strong>cultus</strong></span> <span class='ocrx_word' id='word_1_257' title='bbox 851 2691 1035 2729; x_wconf 87' lang='lat' dir='ltr'><strong>semen</strong></span> <span class='ocrx_word' id='word_1_258' title='bbox 1074 2677 1124 2728; x_wconf 91' lang='lat' dir='ltr'><strong>in</strong></span> <span class='ocrx_word' id='word_1_259' title='bbox 1162 2690 1224 2728; x_wconf 88' lang='lat' dir='ltr'><strong>ea</strong></span> <span class='ocrx_word' id='word_1_260' title='bbox 1269 2675 1503 2729; x_wconf 82' lang='lat' dir='ltr'><strong>exsistit.</strong></span> <span class='ocrx_word' id='word_1_261' title='bbox 1560 2672 1753 2727; x_wconf 82' lang='lat' dir='ltr'><strong>Adhuc</strong></span> <span class='ocrx_word' id='word_1_262' title='bbox 1805 2687 1990 2725; x_wconf 85' lang='lat' dir='ltr'><strong>curant</strong></span> 
     </span>
    </p>
   </div>
   <div class='ocr_carea' id='block_1_45' title="bbox 418 2763 1995 2837">
    <p class='ocr_par' dir='ltr' id='par_1_45' title="bbox 418 2763 1995 2837">
     <span class='ocr_line' id='line_1_45' title="bbox 418 2763 1995 2837; baseline -0.004 -14"><span class='ocrx_word' id='word_1_263' title='bbox 418 2769 630 2823; x_wconf 69' lang='lat' dir='ltr'><strong>miserae</strong></span> <span class='ocrx_word' id='word_1_264' title='bbox 657 2776 850 2836; x_wconf 77' lang='lat' dir='ltr'><strong>gerunt</strong></span> <span class='ocrx_word' id='word_1_265' title='bbox 877 2779 1147 2837; x_wconf 84' lang='lat' dir='ltr'><strong>martyres</strong></span> <span class='ocrx_word' id='word_1_266' title='bbox 1174 2767 1321 2821; x_wconf 87' lang='lat' dir='ltr'><strong>urbis</strong></span> <span class='ocrx_word' id='word_1_267' title='bbox 1362 2774 1791 2820; x_wconf 78' lang='lat' dir='ltr'><strong>cOnscrvatores.</strong></span> <span class='ocrx_word' id='word_1_268' title='bbox 1838 2763 1995 2817; x_wconf 81' lang='lat' dir='ltr'><strong>Venit</strong></span> 
     </span>
    </p>
   </div>
   <div class='ocr_carea' id='block_1_46' title="bbox 418 2855 1995 2927">
    <p class='ocr_par' dir='ltr' id='par_1_46' title="bbox 418 2855 1995 2927">
     <span class='ocr_line' id='line_1_46' title="bbox 418 2855 1995 2927; baseline -0.004 -16"><span class='ocrx_word' id='word_1_269' title='bbox 418 2859 502 2912; x_wconf 80' lang='lat' dir='ltr'><strong>vir</strong></span> <span class='ocrx_word' id='word_1_270' title='bbox 558 2858 756 2911; x_wconf 78' lang='lat' dir='ltr'><strong>eximia</strong></span> <span class='ocrx_word' id='word_1_271' title='bbox 811 2858 1011 2911; x_wconf 79' lang='lat' dir='ltr'><strong>virtute</strong></span> <span class='ocrx_word' id='word_1_272' title='bbox 1058 2857 1314 2927; x_wconf 79' lang='lat' dir='ltr'><strong>pra-ditus</strong></span> <span class='ocrx_word' id='word_1_273' title='bbox 1381 2855 1715 2923; x_wconf 90' lang='lat' dir='ltr'><strong>Simplicius,</strong></span> <span class='ocrx_word' id='word_1_274' title='bbox 1750 2866 1995 2922; x_wconf 66' lang='lat' dir='ltr'><strong>praetura:</strong></span> 
     </span>
    </p>
   </div>
   <div class='ocr_carea' id='block_1_47' title="bbox 417 2947 1995 3018">
    <p class='ocr_par' dir='ltr' id='par_1_47' title="bbox 417 2947 1995 3018">
     <span class='ocr_line' id='line_1_47' title="bbox 417 2947 1995 3018; baseline -0.001 -17"><span class='ocrx_word' id='word_1_275' title='bbox 417 2949 781 3018; x_wconf 78' lang='lat' dir='ltr'><strong>gubernacula</strong></span> <span class='ocrx_word' id='word_1_276' title='bbox 820 2958 1060 3003; x_wconf 84' lang='lat' dir='ltr'><strong>tractans</strong></span> <span class='ocrx_word' id='word_1_277' title='bbox 1100 2964 1164 3003; x_wconf 89' lang='lat' dir='ltr'><strong>ac</strong></span> <span class='ocrx_word' id='word_1_278' title='bbox 1198 2949 1505 3002; x_wconf 85' lang='lat' dir='ltr'><strong>moderans.</strong></span> <span class='ocrx_word' id='word_1_279' title='bbox 1538 2947 1710 3001; x_wconf 83' lang='lat' dir='ltr'><strong>Aliam</strong></span> <span class='ocrx_word' id='word_1_280' title='bbox 1738 2948 1891 3001; x_wconf 78' lang='lat' dir='ltr'><strong>vobis</strong></span> <span class='ocrx_word' id='word_1_281' title='bbox 1915 2947 1995 2999; x_wconf 81' lang='lat' dir='ltr'><strong>vi-</strong></span> 
     </span>
    </p>
   </div>
   <div class='ocr_carea' id='block_1_48' title="bbox 2412 2446 3359 2519">
    <p class='ocr_par' dir='ltr' id='par_1_48' title="bbox 2412 2446 3359 2519">
     <span class='ocr_line' id='line_1_48' title="bbox 2412 2446 3359 2519; baseline -0.005 -15"><span class='ocrx_word' id='word_1_282' title='bbox 2412 2452 2600 2519; x_wconf 70' lang='grc' dir='ltr'><strong>Σκςυ.</strong></span> <span class='ocrx_word' id='word_1_283' title='bbox 2638 2480 2704 2490; x_wconf 92' lang='lat'><strong>-—</strong></span> <span class='ocrx_word' id='word_1_284' title='bbox 2740 2449 2828 2518; x_wconf 84' lang='grc' dir='ltr'><strong>Τῼ</strong></span> <span class='ocrx_word' id='word_1_285' title='bbox 2853 2446 3359 2515; x_wconf 72' lang='grc' dir='ltr'><strong>ΒΟΥΑΕΥΤΗΡΙῼ.</strong></span> 
     </span>
    </p>
   </div>
   <div class='ocr_carea' id='block_1_49' title="bbox 2174 2579 3675 2657">
    <p class='ocr_par' dir='ltr' id='par_1_49' title="bbox 2174 2579 3675 2657">
     <span class='ocr_line' id='line_1_49' title="bbox 2174 2579 3675 2657; baseline -0.008 -16"><span class='ocrx_word' id='word_1_286' title='bbox 2174 2587 2294 2641; x_wconf 77' lang='grc' dir='ltr'>Ἔτι</span> <span class='ocrx_word' id='word_1_287' title='bbox 2326 2587 2545 2657; x_wconf 73' lang='grc' dir='ltr'>κήδεται</span> <span class='ocrx_word' id='word_1_288' title='bbox 2569 2586 2700 2648; x_wconf 73' lang='grc' dir='ltr'>Θεὸς</span> <span class='ocrx_word' id='word_1_289' title='bbox 2725 2582 3047 2654; x_wconf 73' lang='grc' dir='ltr'>Πηλουσίου.</span> <span class='ocrx_word' id='word_1_290' title='bbox 3079 2582 3203 2634; x_wconf 86' lang='grc' dir='ltr'>Ἔτι</span> <span class='ocrx_word' id='word_1_291' title='bbox 3240 2580 3461 2650; x_wconf 81' lang='grc' dir='ltr'>σπέρμα</span> <span class='ocrx_word' id='word_1_292' title='bbox 3488 2579 3675 2631; x_wconf 69' lang='lat' dir='ltr'><strong>0505c-</strong></span> 
     </span>
    </p>
   </div>
   <div class='ocr_carea' id='block_1_50' title="bbox 2100 2670 3685 2747">
    <p class='ocr_par' dir='ltr' id='par_1_50' title="bbox 2100 2670 3685 2747">
     <span class='ocr_line' id='line_1_50' title="bbox 2100 2670 3685 2747; baseline -0.007 -15"><span class='ocrx_word' id='word_1_293' title='bbox 2100 2680 2251 2741; x_wconf 83' lang='grc' dir='ltr'>6είας</span> <span class='ocrx_word' id='word_1_294' title='bbox 2305 2679 2415 2747; x_wconf 81' lang='lat' dir='ltr'><strong>(l5)</strong></span> <span class='ocrx_word' id='word_1_295' title='bbox 2462 2679 2521 2729; x_wconf 78' lang='grc' dir='ltr'>ἐν</span> <span class='ocrx_word' id='word_1_296' title='bbox 2569 2677 2707 2745; x_wconf 73' lang='grc' dir='ltr'>αὐτῇ</span> <span class='ocrx_word' id='word_1_297' title='bbox 2742 2673 3103 2746; x_wconf 74' lang='grc' dir='ltr'>χρηματίζει·</span> <span class='ocrx_word' id='word_1_298' title='bbox 3151 2672 3231 2723; x_wconf 81' lang='grc' dir='ltr'>ἔτι</span> <span class='ocrx_word' id='word_1_299' title='bbox 3276 2670 3596 2741; x_wconf 79' lang='grc' dir='ltr'>προνοοῦσιν</span> <span class='ocrx_word' id='word_1_300' title='bbox 3631 2671 3685 2723; x_wconf 73' lang='grc' dir='ltr'>οἱ</span> 
     </span>
    </p>
   </div>
   <div class='ocr_carea' id='block_1_51' title="bbox 2103 2760 3685 2841">
    <p class='ocr_par' dir='ltr' id='par_1_51' title="bbox 2103 2760 3685 2841">
     <span class='ocr_line' id='line_1_51' title="bbox 2103 2760 3685 2841; baseline -0.007 -19"><span class='ocrx_word' id='word_1_301' title='bbox 2103 2770 2383 2840; x_wconf 73' lang='grc' dir='ltr'>πολιοῦχοι</span> <span class='ocrx_word' id='word_1_302' title='bbox 2414 2772 2692 2841; x_wconf 84' lang='grc' dir='ltr'>μάρτυρες</span> <span class='ocrx_word' id='word_1_303' title='bbox 2717 2768 2815 2837; x_wconf 80' lang='grc' dir='ltr'><strong>τῆς</strong></span> <span class='ocrx_word' id='word_1_304' title='bbox 2842 2763 3296 2834; x_wconf 82' lang='grc' dir='ltr'>ταλαίνης.’Ήκει</span> <span class='ocrx_word' id='word_1_305' title='bbox 3316 2764 3343 2814; x_wconf 78' lang='grc' dir='ltr'>ὁ</span> <span class='ocrx_word' id='word_1_306' title='bbox 3363 2760 3685 2830; x_wconf 73' lang='grc' dir='ltr'>θαυμαστὸς</span> 
     </span>
    </p>
   </div>
   <div class='ocr_carea' id='block_1_52' title="bbox 2102 2852 3683 2932">
    <p class='ocr_par' dir='ltr' id='par_1_52' title="bbox 2102 2852 3683 2932">
     <span class='ocr_line' id='line_1_52' title="bbox 2102 2852 3683 2932; baseline -0.008 -18"><span class='ocrx_word' id='word_1_307' title='bbox 2102 2862 2423 2932; x_wconf 84' lang='grc' dir='ltr'>Σιμπλίκιος</span> <span class='ocrx_word' id='word_1_308' title='bbox 2486 2862 2584 2923; x_wconf 77' lang='grc' dir='ltr'>τὰς</span> <span class='ocrx_word' id='word_1_309' title='bbox 2640 2859 2795 2930; x_wconf 78' lang='grc' dir='ltr'>ἡνίας</span> <span class='ocrx_word' id='word_1_310' title='bbox 2857 2857 2956 2925; x_wconf 80' lang='grc' dir='ltr'>τῆς</span> <span class='ocrx_word' id='word_1_311' title='bbox 3011 2855 3184 2924; x_wconf 83' lang='grc' dir='ltr'>ἀρχῆς</span> <span class='ocrx_word' id='word_1_312' title='bbox 3257 2852 3683 2923; x_wconf 77' lang='grc' dir='ltr'>μεταχειρίζων.</span> 
     </span>
    </p>
   </div>
   <div class='ocr_carea' id='block_1_53' title="bbox 2106 2943 3688 3023">
    <p class='ocr_par' dir='ltr' id='par_1_53' title="bbox 2106 2943 3688 3023">
     <span class='ocr_line' id='line_1_53' title="bbox 2106 2943 3688 3023; baseline -0.007 -17"><span class='ocrx_word' id='word_1_313' title='bbox 2106 2956 2300 3007; x_wconf 73' lang='grc' dir='ltr'>Ἀλλον</span> <span class='ocrx_word' id='word_1_314' title='bbox 2330 2954 2472 3023; x_wconf 80' lang='grc' dir='ltr'>ὑμᾶς</span> <span class='ocrx_word' id='word_1_315' title='bbox 2504 2950 2921 3019; x_wconf 71' lang='grc' dir='ltr'>εὐαγγελίζομαι</span> <span class='ocrx_word' id='word_1_316' title='bbox 2959 2948 3357 3018; x_wconf 83' lang='grc' dir='ltr'>βίον.¹’Λσμενοι</span> <span class='ocrx_word' id='word_1_317' title='bbox 3386 2944 3477 2996; x_wconf 77' lang='grc' dir='ltr'><strong>τὸν</strong></span> <span class='ocrx_word' id='word_1_318' title='bbox 3510 2943 3688 3012; x_wconf 80' lang='grc' dir='ltr'>ἄνδρα</span> 
     </span>
    </p>
   </div>
   <div class='ocr_carea' id='block_1_54' title="bbox 420 3033 1993 3115">
    <p class='ocr_par' dir='ltr' id='par_1_54' title="bbox 420 3037 1993 3105">
     <span class='ocr_line' id='line_1_54' title="bbox 420 3037 1993 3105; baseline -0.003 -12"><span class='ocrx_word' id='word_1_319' title='bbox 420 3051 526 3096; x_wconf 90' lang='lat' dir='ltr'><strong>tam</strong></span> <span class='ocrx_word' id='word_1_320' title='bbox 567 3043 781 3094; x_wconf 88' lang='lat' dir='ltr'><strong>uuutio.</strong></span> <span class='ocrx_word' id='word_1_321' title='bbox 813 3040 1023 3095; x_wconf 85' lang='lat' dir='ltr'><strong>Libenti</strong></span> <span class='ocrx_word' id='word_1_322' title='bbox 1069 3040 1250 3093; x_wconf 89' lang='lat' dir='ltr'><strong>animo</strong></span> <span class='ocrx_word' id='word_1_323' title='bbox 1302 3040 1479 3093; x_wconf 80' lang='lat' dir='ltr'><strong>virum</strong></span> <span class='ocrx_word' id='word_1_324' title='bbox 1523 3037 1778 3105; x_wconf 75' lang='lat' dir='ltr'><strong>excipite,</strong></span> <span class='ocrx_word' id='word_1_325' title='bbox 1804 3051 1993 3091; x_wconf 89' lang='lat' dir='ltr'><strong>omnes</strong></span> 
     </span>
    </p>
   </div>
   <div class='ocr_carea' id='block_1_55' title="bbox 2115 3033 3687 3115">
    <p class='ocr_par' dir='ltr' id='par_1_55' title="bbox 2115 3033 3687 3115">
     <span class='ocr_line' id='line_1_55' title="bbox 2115 3033 3687 3115; baseline -0.008 -19"><span class='ocrx_word' id='word_1_326' title='bbox 2115 3043 2508 3115; x_wconf 77' lang='grc' dir='ltr'>προσδέξασοε,</span> <span class='ocrx_word' id='word_1_327' title='bbox 2559 3042 2737 3105; x_wconf 83' lang='grc' dir='ltr'>πάσας</span> <span class='ocrx_word' id='word_1_328' title='bbox 2785 3038 2931 3109; x_wconf 78' lang='grc' dir='ltr'>αῦτῷ</span> <span class='ocrx_word' id='word_1_329' title='bbox 2990 3036 3441 3107; x_wconf 83' lang='grc' dir='ltr'>ὲκτραγῳδήσατε</span> <span class='ocrx_word' id='word_1_330' title='bbox 3487 3033 3687 3101; x_wconf 74' lang='grc' dir='ltr'>δυσχε-</span> 
     </span>
    </p>
   </div>
   <div class='ocr_carea' id='block_1_56' title="bbox 418 3126 1993 3201">
    <p class='ocr_par' dir='ltr' id='par_1_56' title="bbox 418 3126 1993 3201">
     <span class='ocr_line' id='line_1_56' title="bbox 418 3126 1993 3201; baseline -0.005 -14"><span class='ocrx_word' id='word_1_331' title='bbox 418 3132 519 3201; x_wconf 89' lang='lat' dir='ltr'><strong>ipsi</strong></span> <span class='ocrx_word' id='word_1_332' title='bbox 554 3134 830 3188; x_wconf 86' lang='lat' dir='ltr'><strong>molestias</strong></span> <span class='ocrx_word' id='word_1_333' title='bbox 860 3145 1066 3187; x_wconf 85' lang='lat' dir='ltr'><strong>vestras</strong></span> <span class='ocrx_word' id='word_1_334' title='bbox 1104 3141 1158 3186; x_wconf 90' lang='lat' dir='ltr'><strong>et</strong></span> <span class='ocrx_word' id='word_1_335' title='bbox 1191 3131 1528 3185; x_wconf 79' lang='lat' dir='ltr'><strong>dillicnltates</strong></span> <span class='ocrx_word' id='word_1_336' title='bbox 1550 3127 1772 3197; x_wconf 81' lang='lat' dir='ltr'><strong>tragicis</strong></span> <span class='ocrx_word' id='word_1_337' title='bbox 1812 3126 1993 3180; x_wconf 79' lang='lat' dir='ltr'><strong>verbis</strong></span> 
     </span>
    </p>
   </div>
   <div class='ocr_carea' id='block_1_57' title="bbox 418 3218 1998 3293">
    <p class='ocr_par' dir='ltr' id='par_1_57' title="bbox 418 3218 1998 3293">
     <span class='ocr_line' id='line_1_57' title="bbox 418 3218 1998 3293; baseline -0.008 -13"><span class='ocrx_word' id='word_1_338' title='bbox 418 3226 693 3293; x_wconf 80' lang='lat' dir='ltr'><strong>exponite.</strong></span> <span class='ocrx_word' id='word_1_339' title='bbox 760 3222 928 3277; x_wconf 87' lang='lat' dir='ltr'><strong>liabet</strong></span> <span class='ocrx_word' id='word_1_340' title='bbox 985 3233 1041 3274; x_wconf 90' lang='lat' dir='ltr'><strong>et</strong></span> <span class='ocrx_word' id='word_1_341' title='bbox 1109 3221 1407 3290; x_wconf 87' lang='lat' dir='ltr'><strong>sapientem</strong></span> <span class='ocrx_word' id='word_1_342' title='bbox 1462 3228 1719 3283; x_wconf 87' lang='lat' dir='ltr'><strong>mentem,</strong></span> <span class='ocrx_word' id='word_1_343' title='bbox 1751 3225 1805 3269; x_wconf 90' lang='lat' dir='ltr'><strong>et</strong></span> <span class='ocrx_word' id='word_1_344' title='bbox 1854 3218 1998 3285; x_wconf 85' lang='lat' dir='ltr'><strong>piant</strong></span> 
     </span>
    </p>
   </div>
   <div class='ocr_carea' id='block_1_58' title="bbox 420 3304 1998 3377">
    <p class='ocr_par' dir='ltr' id='par_1_58' title="bbox 420 3304 1998 3377">
     <span class='ocr_line' id='line_1_58' title="bbox 420 3304 1998 3377; baseline -0.008 -9"><span class='ocrx_word' id='word_1_345' title='bbox 420 3314 799 3375; x_wconf 76' lang='lat' dir='ltr'><strong>voluntatem,</strong></span> <span class='ocrx_word' id='word_1_346' title='bbox 869 3312 1249 3377; x_wconf 87' lang='lat' dir='ltr'><strong>laboribusque</strong></span> <span class='ocrx_word' id='word_1_347' title='bbox 1314 3307 1670 3362; x_wconf 90' lang='lat' dir='ltr'><strong>mutationem</strong></span> <span class='ocrx_word' id='word_1_348' title='bbox 1730 3304 1897 3357; x_wconf 84' lang='lat' dir='ltr'><strong>dabit.</strong></span> <span class='ocrx_word' id='word_1_349' title='bbox 1956 3306 1998 3355; x_wconf 73' lang='grc' dir='ltr'>Α</span> 
     </span>
    </p>
   </div>
   <div class='ocr_carea' id='block_1_59' title="bbox 423 3398 1999 3468">
    <p class='ocr_par' dir='ltr' id='par_1_59' title="bbox 423 3398 1999 3468">
     <span class='ocr_line' id='line_1_59' title="bbox 423 3398 1999 3468; baseline -0.009 -7"><span class='ocrx_word' id='word_1_350' title='bbox 423 3406 534 3461; x_wconf 85' lang='lat' dir='ltr'><strong>Deo</strong></span> <span class='ocrx_word' id='word_1_351' title='bbox 563 3406 705 3460; x_wconf 90' lang='lat' dir='ltr'><strong>enim</strong></span> <span class='ocrx_word' id='word_1_352' title='bbox 731 3405 895 3457; x_wconf 89' lang='lat' dir='ltr'><strong>robur</strong></span> <span class='ocrx_word' id='word_1_353' title='bbox 928 3412 1122 3457; x_wconf 83' lang='lat' dir='ltr'><strong>nactus</strong></span> <span class='ocrx_word' id='word_1_354' title='bbox 1148 3410 1264 3453; x_wconf 83' lang='lat' dir='ltr'><strong>est:</strong></span> <span class='ocrx_word' id='word_1_355' title='bbox 1286 3415 1315 3452; x_wconf 86' lang='lat' dir='ltr'><strong>a</strong></span> <span class='ocrx_word' id='word_1_356' title='bbox 1337 3414 1443 3467; x_wconf 85' lang='lat' dir='ltr'><strong>quo</strong></span> <span class='ocrx_word' id='word_1_357' title='bbox 1475 3398 1769 3468; x_wconf 84' lang='lat' dir='ltr'><strong>plerisque,</strong></span> <span class='ocrx_word' id='word_1_358' title='bbox 1794 3407 1851 3449; x_wconf 92' lang='lat' dir='ltr'><strong>ut</strong></span> <span class='ocrx_word' id='word_1_359' title='bbox 1887 3410 1999 3449; x_wconf 90' lang='lat' dir='ltr'><strong>rem</strong></span> 
     </span>
    </p>
   </div>
   <div class='ocr_carea' id='block_1_60' title="bbox 425 3492 1517 3565">
    <p class='ocr_par' dir='ltr' id='par_1_60' title="bbox 425 3492 1517 3565">
     <span class='ocr_line' id='line_1_60' title="bbox 425 3492 1517 3565; baseline -0.007 -14"><span class='ocrx_word' id='word_1_360' title='bbox 425 3504 574 3552; x_wconf 77' lang='lat' dir='ltr'><strong>recte</strong></span> <span class='ocrx_word' id='word_1_361' title='bbox 594 3511 655 3550; x_wconf 90' lang='lat' dir='ltr'><strong>ac</strong></span> <span class='ocrx_word' id='word_1_362' title='bbox 677 3494 937 3565; x_wconf 76' lang='lat' dir='ltr'><strong>prteclare</strong></span> <span class='ocrx_word' id='word_1_363' title='bbox 966 3501 1183 3560; x_wconf 77' lang='lat' dir='ltr'><strong>gerant,</strong></span> <span class='ocrx_word' id='word_1_364' title='bbox 1216 3492 1485 3561; x_wconf 64' lang='lat' dir='ltr'><strong>praebetur</strong></span> <span class='ocrx_word' id='word_1_365' title='bbox 1505 3517 1517 3527; x_wconf 90' lang='lat'><strong><em>-</em></strong></span> 
     </span>
    </p>
   </div>
   <div class='ocr_carea' id='block_1_61' title="bbox 813 3620 1640 3688">
    <p class='ocr_par' dir='ltr' id='par_1_61' title="bbox 813 3620 1640 3688">
     <span class='ocr_line' id='line_1_61' title="bbox 813 3620 1640 3688; baseline -0.001 -12"><span class='ocrx_word' id='word_1_366' title='bbox 813 3620 1117 3688; x_wconf 77' lang='lat' dir='ltr'><strong>CCXXVII.</strong></span> <span class='ocrx_word' id='word_1_367' title='bbox 1141 3653 1207 3666; x_wconf 89' lang='lat'><strong>—</strong></span> <span class='ocrx_word' id='word_1_368' title='bbox 1228 3620 1640 3676; x_wconf 75' lang='lat' dir='ltr'><strong>FLORENTIO.</strong></span> 
     </span>
    </p>
   </div>
   <div class='ocr_carea' id='block_1_62' title="bbox 711 3712 1716 3783">
    <p class='ocr_par' dir='ltr' id='par_1_62' title="bbox 711 3712 1716 3783">
     <span class='ocr_line' id='line_1_62' title="bbox 711 3712 1716 3783; baseline -0.002 -14"><span class='ocrx_word' id='word_1_369' title='bbox 711 3715 785 3768; x_wconf 75' lang='lat' dir='ltr'><strong>De</strong></span> <span class='ocrx_word' id='word_1_370' title='bbox 807 3714 1119 3776; x_wconf 59' lang='lat' dir='ltr'><strong>vanitate,“</strong></span> <span class='ocrx_word' id='word_1_371' title='bbox 1151 3714 1472 3769; x_wconf 80' lang='lat' dir='ltr'><strong>continentia</strong></span> <span class='ocrx_word' id='word_1_372' title='bbox 1503 3712 1716 3783; x_wconf 80' lang='lat' dir='ltr'><strong>lingute.</strong></span> 
     </span>
    </p>
   </div>
   <div class='ocr_carea' id='block_1_63' title="bbox 484 3845 2001 3912">
    <p class='ocr_par' dir='ltr' id='par_1_63' title="bbox 484 3845 2001 3912">
     <span class='ocr_line' id='line_1_63' title="bbox 484 3845 2001 3912; baseline -0.003 -8"><span class='ocrx_word' id='word_1_373' title='bbox 484 3845 725 3904; x_wconf 78' lang='lat' dir='ltr'><strong>Athenas</strong></span> <span class='ocrx_word' id='word_1_374' title='bbox 756 3864 857 3901; x_wconf 91' lang='lat' dir='ltr'><strong>non</strong></span> <span class='ocrx_word' id='word_1_375' title='bbox 886 3856 1031 3902; x_wconf 88' lang='lat' dir='ltr'><strong>recte</strong></span> <span class='ocrx_word' id='word_1_376' title='bbox 1064 3846 1304 3909; x_wconf 82' lang='lat' dir='ltr'><strong>miraris,</strong></span> <span class='ocrx_word' id='word_1_377' title='bbox 1341 3857 1395 3900; x_wconf 90' lang='lat' dir='ltr'><strong>et</strong></span> <span class='ocrx_word' id='word_1_378' title='bbox 1420 3846 1715 3912; x_wconf 82' lang='lat' dir='ltr'><strong>Porticutn,</strong></span> <span class='ocrx_word' id='word_1_379' title='bbox 1749 3857 1802 3901; x_wconf 91' lang='lat' dir='ltr'><strong>et</strong></span> <span class='ocrx_word' id='word_1_380' title='bbox 1829 3848 2001 3901; x_wconf 88' lang='lat' dir='ltr'><strong>inant-</strong></span> 
     </span>
    </p>
   </div>
   <div class='ocr_carea' id='block_1_64' title="bbox 430 3941 2003 4011">
    <p class='ocr_par' dir='ltr' id='par_1_64' title="bbox 430 3941 2003 4011">
     <span class='ocr_line' id='line_1_64' title="bbox 430 3941 2003 4011; baseline -0.002 -15"><span class='ocrx_word' id='word_1_381' title='bbox 430 3942 781 4005; x_wconf 84' lang='lat' dir='ltr'><strong>bulationem,</strong></span> <span class='ocrx_word' id='word_1_382' title='bbox 811 3952 972 4009; x_wconf 79' lang='lat' dir='ltr'><strong>atque</strong></span> <span class='ocrx_word' id='word_1_383' title='bbox 1022 3941 1252 3993; x_wconf 77' lang='lat' dir='ltr'><strong>Atticam</strong></span> <span class='ocrx_word' id='word_1_384' title='bbox 1305 3956 1576 4009; x_wconf 86' lang='lat' dir='ltr'><strong>pompam,</strong></span> <span class='ocrx_word' id='word_1_385' title='bbox 1616 3941 1667 3995; x_wconf 88' lang='lat' dir='ltr'><strong>itt</strong></span> <span class='ocrx_word' id='word_1_386' title='bbox 1707 3943 1902 4011; x_wconf 79' lang='lat' dir='ltr'><strong>quibus</strong></span> <span class='ocrx_word' id='word_1_387' title='bbox 1934 3941 2003 3993; x_wconf 90' lang='lat' dir='ltr'><strong>oh</strong></span> 
     </span>
    </p>
   </div>
   <div class='ocr_carea' id='block_1_65' title="bbox 430 4030 2000 4100">
    <p class='ocr_par' dir='ltr' id='par_1_65' title="bbox 430 4030 2000 4100">
     <span class='ocr_line' id='line_1_65' title="bbox 430 4030 2000 4100; baseline -0.001 -16"><span class='ocrx_word' id='word_1_388' title='bbox 430 4047 693 4100; x_wconf 81' lang='lat' dir='ltr'><strong>nugarum</strong></span> <span class='ocrx_word' id='word_1_389' title='bbox 738 4032 975 4084; x_wconf 90' lang='lat' dir='ltr'><strong>studium</strong></span> <span class='ocrx_word' id='word_1_390' title='bbox 1016 4030 1143 4085; x_wconf 93' lang='lat' dir='ltr'><strong>olim</strong></span> <span class='ocrx_word' id='word_1_391' title='bbox 1193 4032 1448 4086; x_wconf 88' lang='lat' dir='ltr'><strong>assiduus</strong></span> <span class='ocrx_word' id='word_1_392' title='bbox 1491 4048 1635 4097; x_wconf 84' lang='lat' dir='ltr'><strong>eras,</strong></span> <span class='ocrx_word' id='word_1_393' title='bbox 1663 4043 1714 4083; x_wconf 93' lang='lat' dir='ltr'><strong>tu</strong></span> <span class='ocrx_word' id='word_1_394' title='bbox 1762 4033 2000 4099; x_wconf 78' lang='lat' dir='ltr'><strong>inquam,</strong></span> 
     </span>
    </p>
   </div>
   <div class='ocr_carea' id='block_1_66' title="bbox 429 4123 2001 4194">
    <p class='ocr_par' dir='ltr' id='par_1_66' title="bbox 429 4123 2001 4194">
     <span class='ocr_line' id='line_1_66' title="bbox 429 4123 2001 4194; baseline 0.003 -19"><span class='ocrx_word' id='word_1_395' title='bbox 429 4123 520 4191; x_wconf 89' lang='lat' dir='ltr'><strong>qui</strong></span> <span class='ocrx_word' id='word_1_396' title='bbox 552 4137 639 4175; x_wconf 90' lang='lat' dir='ltr'><strong>res</strong></span> <span class='ocrx_word' id='word_1_397' title='bbox 662 4131 906 4176; x_wconf 86' lang='lat' dir='ltr'><strong>terrenas</strong></span> <span class='ocrx_word' id='word_1_398' title='bbox 927 4125 1327 4191; x_wconf 88' lang='lat' dir='ltr'><strong>contempsisti,</strong></span> <span class='ocrx_word' id='word_1_399' title='bbox 1360 4140 1424 4177; x_wconf 90' lang='lat' dir='ltr'><strong>ac</strong></span> <span class='ocrx_word' id='word_1_400' title='bbox 1460 4124 1597 4177; x_wconf 88' lang='lat' dir='ltr'><strong>nihil</strong></span> <span class='ocrx_word' id='word_1_401' title='bbox 1636 4141 1845 4188; x_wconf 86' lang='lat' dir='ltr'><strong>corum,</strong></span> <span class='ocrx_word' id='word_1_402' title='bbox 1882 4143 2001 4194; x_wconf 77' lang='lat' dir='ltr'><strong>qua:</strong></span> 
     </span>
    </p>
   </div>
   <div class='ocr_carea' id='block_1_67' title="bbox 432 4210 2003 4279">
    <p class='ocr_par' dir='ltr' id='par_1_67' title="bbox 432 4210 2003 4279">
     <span class='ocr_line' id='line_1_67' title="bbox 432 4210 2003 4279; baseline 0.003 -15"><span class='ocrx_word' id='word_1_403' title='bbox 432 4210 523 4265; x_wconf 91' lang='lat' dir='ltr'><strong>hic</strong></span> <span class='ocrx_word' id='word_1_404' title='bbox 551 4222 697 4268; x_wconf 85' lang='lat' dir='ltr'><strong>sunt,</strong></span> <span class='ocrx_word' id='word_1_405' title='bbox 724 4228 907 4265; x_wconf 87' lang='lat' dir='ltr'><strong>amare</strong></span> <span class='ocrx_word' id='word_1_406' title='bbox 925 4212 1111 4279; x_wconf 79' lang='lat' dir='ltr'><strong>jussus</strong></span> <span class='ocrx_word' id='word_1_407' title='bbox 1140 4228 1216 4264; x_wconf 86' lang='lat' dir='ltr'><strong>es.</strong></span> <span class='ocrx_word' id='word_1_408' title='bbox 1248 4213 1511 4278; x_wconf 90' lang='lat' dir='ltr'><strong>Quocirca</strong></span> <span class='ocrx_word' id='word_1_409' title='bbox 1546 4214 1588 4266; x_wconf 87' lang='lat' dir='ltr'><strong>si</strong></span> <span class='ocrx_word' id='word_1_410' title='bbox 1632 4230 1751 4265; x_wconf 87' lang='lat' dir='ltr'><strong>cum</strong></span> <span class='ocrx_word' id='word_1_411' title='bbox 1782 4214 2003 4269; x_wconf 87' lang='lat' dir='ltr'><strong>Christo</strong></span> 
     </span>
    </p>
   </div>
   <div class='ocr_carea' id='block_1_68' title="bbox 432 4302 2002 4373">
    <p class='ocr_par' dir='ltr' id='par_1_68' title="bbox 432 4302 2002 4373">
     <span class='ocr_line' id='line_1_68' title="bbox 432 4302 2002 4373; baseline 0.002 -17"><span class='ocrx_word' id='word_1_412' title='bbox 432 4302 801 4363; x_wconf 79' lang='lat' dir='ltr'><strong>resut&#39;rexisti,</strong></span> <span class='ocrx_word' id='word_1_413' title='bbox 829 4318 947 4369; x_wconf 81' lang='lat' dir='ltr'><strong>qua:</strong></span> <span class='ocrx_word' id='word_1_414' title='bbox 1002 4317 1214 4354; x_wconf 86' lang='lat' dir='ltr'><strong>sursum</strong></span> <span class='ocrx_word' id='word_1_415' title='bbox 1260 4313 1408 4364; x_wconf 87' lang='lat' dir='ltr'><strong>sunt,</strong></span> <span class='ocrx_word' id='word_1_416' title='bbox 1448 4304 1627 4371; x_wconf 79' lang='lat' dir='ltr'><strong>sapias</strong></span> <span class='ocrx_word' id='word_1_417' title='bbox 1661 4305 1727 4369; x_wconf 84' lang='lat'><strong>&quot;,</strong></span> <span class='ocrx_word' id='word_1_418' title='bbox 1758 4305 1846 4357; x_wconf 80' lang='lat' dir='ltr'><strong>tibi</strong></span> <span class='ocrx_word' id='word_1_419' title='bbox 1889 4306 2002 4373; x_wconf 84' lang='lat' dir='ltr'><strong>ipse</strong></span> 
     </span>
    </p>
   </div>
   <div class='ocr_carea' id='block_1_69' title="bbox 2105 3122 3686 3209">
    <p class='ocr_par' dir='ltr' id='par_1_69' title="bbox 2105 3122 3686 3209">
     <span class='ocr_line' id='line_1_69' title="bbox 2105 3122 3686 3209; baseline -0.011 -19"><span class='ocrx_word' id='word_1_420' title='bbox 2105 3138 2279 3209; x_wconf 83' lang='grc' dir='ltr'>ρείας.</span> <span class='ocrx_word' id='word_1_421' title='bbox 2324 3137 2478 3205; x_wconf 83' lang='grc' dir='ltr'>Ἔχει</span> <span class='ocrx_word' id='word_1_422' title='bbox 2521 3134 2616 3188; x_wconf 78' lang='grc' dir='ltr'><strong>καὶ</strong></span> <span class='ocrx_word' id='word_1_423' title='bbox 2656 3134 2894 3187; x_wconf 83' lang='grc' dir='ltr'>διάνοιαν</span> <span class='ocrx_word' id='word_1_424' title='bbox 2932 3129 3123 3201; x_wconf 79' lang='grc' dir='ltr'>σοφὴν,</span> <span class='ocrx_word' id='word_1_425' title='bbox 3165 3132 3256 3181; x_wconf 74' lang='grc' dir='ltr'><strong>καὶ</strong></span> <span class='ocrx_word' id='word_1_426' title='bbox 3282 3125 3509 3195; x_wconf 79' lang='grc' dir='ltr'>γνώμην</span> <span class='ocrx_word' id='word_1_427' title='bbox 3558 3122 3686 3191; x_wconf 88' lang='grc' dir='ltr'>φιλ-</span> 
     </span>
    </p>
   </div>
   <div class='ocr_carea' id='block_1_70' title="bbox 2102 3214 3687 3293">
    <p class='ocr_par' dir='ltr' id='par_1_70' title="bbox 2102 3214 3687 3293">
     <span class='ocr_line' id='line_1_70' title="bbox 2102 3214 3687 3293; baseline -0.008 -15"><span class='ocrx_word' id='word_1_428' title='bbox 2102 3226 2320 3293; x_wconf 77' lang='grc' dir='ltr'>ευσεϐἧ,</span> <span class='ocrx_word' id='word_1_429' title='bbox 2373 3225 2468 3278; x_wconf 73' lang='grc' dir='ltr'>καὶ</span> <span class='ocrx_word' id='word_1_430' title='bbox 2506 3223 2667 3277; x_wconf 86' lang='grc' dir='ltr'>δώσει</span> <span class='ocrx_word' id='word_1_431' title='bbox 2711 3225 2824 3284; x_wconf 81' lang='grc' dir='ltr'>τοῖς</span> <span class='ocrx_word' id='word_1_432' title='bbox 2874 3222 3055 3282; x_wconf 81' lang='grc' dir='ltr'>πόνοις</span> <span class='ocrx_word' id='word_1_433' title='bbox 3103 3219 3421 3290; x_wconf 82' lang='grc' dir='ltr'>μεταϐολήν.</span> <span class='ocrx_word' id='word_1_434' title='bbox 3484 3214 3687 3283; x_wconf 72' lang='grc' dir='ltr'>’ἰσχύει</span> 
     </span>
    </p>
   </div>
   <div class='ocr_carea' id='block_1_71' title="bbox 2102 3302 3687 3387">
    <p class='ocr_par' dir='ltr' id='par_1_71' title="bbox 2102 3302 3687 3387">
     <span class='ocr_line' id='line_1_71' title="bbox 2102 3302 3687 3387; baseline -0.009 -17"><span class='ocrx_word' id='word_1_435' title='bbox 2102 3317 2210 3387; x_wconf 81' lang='grc' dir='ltr'><strong>γὰρ</strong></span> <span class='ocrx_word' id='word_1_436' title='bbox 2257 3316 2364 3370; x_wconf 82' lang='grc' dir='ltr'><strong>ἀπὸ</strong></span> <span class='ocrx_word' id='word_1_437' title='bbox 2408 3315 2566 3382; x_wconf 83' lang='grc' dir='ltr'>Θεοῦ,</span> <span class='ocrx_word' id='word_1_438' title='bbox 2615 3313 2745 3385; x_wconf 79' lang='grc' dir='ltr'>παρ’</span> <span class='ocrx_word' id='word_1_439' title='bbox 2780 3306 2841 3367; x_wconf 73' lang='grc' dir='ltr'><strong>οὗ</strong></span> <span class='ocrx_word' id='word_1_440' title='bbox 2882 3310 3095 3373; x_wconf 84' lang='grc' dir='ltr'>πολλοῖς</span> <span class='ocrx_word' id='word_1_441' title='bbox 3143 3308 3204 3361; x_wconf 85' lang='grc' dir='ltr'><strong>τὸ</strong></span> <span class='ocrx_word' id='word_1_442' title='bbox 3250 3304 3431 3369; x_wconf 82' lang='grc' dir='ltr'>καλῶς</span> <span class='ocrx_word' id='word_1_443' title='bbox 3474 3302 3687 3375; x_wconf 77' lang='grc' dir='ltr'>πράξαι</span> 
     </span>
    </p>
   </div>
   <div class='ocr_carea' id='block_1_72' title="bbox 2103 3408 2423 3477">
    <p class='ocr_par' dir='ltr' id='par_1_72' title="bbox 2103 3408 2423 3477">
     <span class='ocr_line' id='line_1_72' title="bbox 2103 3408 2423 3477; baseline 0 -17"><span class='ocrx_word' id='word_1_444' title='bbox 2103 3408 2423 3477; x_wconf 82' lang='grc' dir='ltr'>παρέχεται.</span> 
     </span>
    </p>
   </div>
   <div class='ocr_carea' id='block_1_73' title="bbox 2533 3621 3230 3691">
    <p class='ocr_par' dir='ltr' id='par_1_73' title="bbox 2533 3621 3230 3691">
     <span class='ocr_line' id='line_1_73' title="bbox 2533 3621 3230 3691; baseline -0.007 -13"><span class='ocrx_word' id='word_1_445' title='bbox 2533 3627 2703 3679; x_wconf 75' lang='grc' dir='ltr'><strong>ΣκΖν.</strong></span> <span class='ocrx_word' id='word_1_446' title='bbox 2731 3655 2791 3667; x_wconf 91' lang='grc'><strong><em>-</em></strong></span> <span class='ocrx_word' id='word_1_447' title='bbox 2826 3621 3230 3691; x_wconf 79' lang='grc' dir='ltr'><strong>ΦΛΩΡΕΝΤΙῼ.</strong></span> 
     </span>
    </p>
   </div>
   <div class='ocr_carea' id='block_1_74' title="bbox 2194 3706 3583 3785">
    <p class='ocr_par' dir='ltr' id='par_1_74' title="bbox 2194 3706 3583 3785">
     <span class='ocr_line' id='line_1_74' title="bbox 2194 3706 3583 3785; baseline -0.006 -15"><span class='ocrx_word' id='word_1_448' title='bbox 2194 3717 2331 3785; x_wconf 76' lang='grc' dir='ltr'>Περὶ</span> <span class='ocrx_word' id='word_1_449' title='bbox 2366 3715 2738 3781; x_wconf 80' lang='grc' dir='ltr'>κενοδοξίας,</span> <span class='ocrx_word' id='word_1_450' title='bbox 2769 3714 2866 3768; x_wconf 78' lang='grc' dir='ltr'>καὶ</span> <span class='ocrx_word' id='word_1_451' title='bbox 2895 3712 3243 3783; x_wconf 78' lang='grc' dir='ltr'>ἐγκρατείας</span> <span class='ocrx_word' id='word_1_452' title='bbox 3272 3706 3583 3779; x_wconf 71' lang='grc' dir='ltr'>γλώσσης.</span> 
     </span>
    </p>
   </div>
   <div class='ocr_carea' id='block_1_75' title="bbox 2174 3842 3688 3919">
    <p class='ocr_par' dir='ltr' id='par_1_75' title="bbox 2174 3842 3688 3919">
     <span class='ocr_line' id='line_1_75' title="bbox 2174 3842 3688 3919; baseline -0.005 -17"><span class='ocrx_word' id='word_1_453' title='bbox 2174 3849 2249 3902; x_wconf 82' lang='grc' dir='ltr'><strong>Οὐ</strong></span> <span class='ocrx_word' id='word_1_454' title='bbox 2283 3849 2462 3911; x_wconf 80' lang='grc' dir='ltr'>καλῶς</span> <span class='ocrx_word' id='word_1_455' title='bbox 2498 3849 2596 3911; x_wconf 84' lang='grc' dir='ltr'>τὰς</span> <span class='ocrx_word' id='word_1_456' title='bbox 2636 3848 2863 3919; x_wconf 79' lang='grc' dir='ltr'>Ἀθήνας</span> <span class='ocrx_word' id='word_1_457' title='bbox 2892 3846 3209 3915; x_wconf 72' lang='grc' dir='ltr'>Θαυμάξεις,</span> <span class='ocrx_word' id='word_1_458' title='bbox 3246 3844 3338 3896; x_wconf 65' lang='grc' dir='ltr'>καὶ</span> <span class='ocrx_word' id='word_1_459' title='bbox 3371 3842 3563 3903; x_wconf 82' lang='grc' dir='ltr'>Στοὰν,</span> <span class='ocrx_word' id='word_1_460' title='bbox 3588 3842 3688 3896; x_wconf 85' lang='grc' dir='ltr'>καὶ</span> 
     </span>
    </p>
   </div>
   <div class='ocr_carea' id='block_1_76' title="bbox 2103 3931 3680 4011">
    <p class='ocr_par' dir='ltr' id='par_1_76' title="bbox 2103 3931 3680 4011">
     <span class='ocr_line' id='line_1_76' title="bbox 2103 3931 3680 4011; baseline -0.007 -18"><span class='ocrx_word' id='word_1_461' title='bbox 2103 3941 2432 4011; x_wconf 85' lang='grc' dir='ltr'>Περίπατον,</span> <span class='ocrx_word' id='word_1_462' title='bbox 2460 3941 2553 3992; x_wconf 76' lang='grc' dir='ltr'><strong>καὶ</strong></span> <span class='ocrx_word' id='word_1_463' title='bbox 2590 3938 2838 4009; x_wconf 79' lang='grc' dir='ltr'>Ἀττικὴν</span> <span class='ocrx_word' id='word_1_464' title='bbox 2869 3937 3190 4005; x_wconf 79' lang='grc' dir='ltr'>φαντασίαν,</span> <span class='ocrx_word' id='word_1_465' title='bbox 3222 3931 3302 3996; x_wconf 72' lang='grc' dir='ltr'>οἷς</span> <span class='ocrx_word' id='word_1_466' title='bbox 3326 3934 3412 3987; x_wconf 74' lang='grc' dir='ltr'>διὰ</span> <span class='ocrx_word' id='word_1_467' title='bbox 3438 3932 3680 4004; x_wconf 77' lang='grc' dir='ltr'>μάθησιν</span> 
     </span>
    </p>
   </div>
   <div class='ocr_carea' id='block_1_77' title="bbox 2105 4028 3689 4101">
    <p class='ocr_par' dir='ltr' id='par_1_77' title="bbox 2105 4028 3689 4101">
     <span class='ocr_line' id='line_1_77' title="bbox 2105 4028 3689 4101; baseline -0.004 -18"><span class='ocrx_word' id='word_1_468' title='bbox 2105 4032 2370 4100; x_wconf 83' lang='grc' dir='ltr'>φλυαρίας</span> <span class='ocrx_word' id='word_1_469' title='bbox 2416 4032 2580 4085; x_wconf 81' lang='grc' dir='ltr'>πάλαι</span> <span class='ocrx_word' id='word_1_470' title='bbox 2629 4028 3111 4101; x_wconf 85' lang='grc' dir='ltr'>προσεκαρτέρεις,</span> <span class='ocrx_word' id='word_1_471' title='bbox 3158 4031 3185 4080; x_wconf 84' lang='grc' dir='ltr'><strong>ὁ</strong></span> <span class='ocrx_word' id='word_1_472' title='bbox 3218 4028 3287 4079; x_wconf 72' lang='grc' dir='ltr'><strong>τα</strong></span> <span class='ocrx_word' id='word_1_473' title='bbox 3315 4030 3479 4095; x_wconf 75' lang='grc' dir='ltr'>γήϊνα</span> <span class='ocrx_word' id='word_1_474' title='bbox 3524 4041 3689 4095; x_wconf 55' lang='grc' dir='ltr'>περι-</span> 
     </span>
    </p>
   </div>
   <div class='ocr_carea' id='block_1_78' title="bbox 2106 4116 3687 4194">
    <p class='ocr_par' dir='ltr' id='par_1_78' title="bbox 2106 4116 3687 4194">
     <span class='ocr_line' id='line_1_78' title="bbox 2106 4116 3687 4194; baseline -0.006 -18"><span class='ocrx_word' id='word_1_475' title='bbox 2106 4124 2381 4194; x_wconf 75' lang='grc' dir='ltr'>φρονήσας</span> <span class='ocrx_word' id='word_1_476' title='bbox 2405 4165 2419 4187; x_wconf 90' lang='grc'><strong>,</strong></span> <span class='ocrx_word' id='word_1_477' title='bbox 2452 4123 2546 4174; x_wconf 75' lang='grc' dir='ltr'><strong>καὶ</strong></span> <span class='ocrx_word' id='word_1_478' title='bbox 2575 4121 2739 4191; x_wconf 81' lang='grc' dir='ltr'>μηδὲν</span> <span class='ocrx_word' id='word_1_479' title='bbox 2764 4121 2984 4189; x_wconf 77' lang='grc' dir='ltr'>ἀγαπᾷν</span> <span class='ocrx_word' id='word_1_480' title='bbox 3008 4120 3117 4171; x_wconf 83' lang='grc' dir='ltr'><strong>τῶν</strong></span> <span class='ocrx_word' id='word_1_481' title='bbox 3147 4118 3380 4171; x_wconf 78' lang='grc' dir='ltr'>ἐνταῦθα</span> <span class='ocrx_word' id='word_1_482' title='bbox 3422 4116 3687 4170; x_wconf 83' lang='grc' dir='ltr'>κεκελευ-</span> 
     </span>
    </p>
   </div>
   <div class='ocr_carea' id='block_1_79' title="bbox 2112 4206 3690 4283">
    <p class='ocr_par' dir='ltr' id='par_1_79' title="bbox 2112 4206 3690 4283">
     <span class='ocr_line' id='line_1_79' title="bbox 2112 4206 3690 4283; baseline -0.003 -19"><span class='ocrx_word' id='word_1_483' title='bbox 2112 4215 2328 4283; x_wconf 82' lang='grc' dir='ltr'>σμένος.</span> <span class='ocrx_word' id='word_1_484' title='bbox 2387 4215 2450 4265; x_wconf 86' lang='grc' dir='ltr'>Εί</span> <span class='ocrx_word' id='word_1_485' title='bbox 2502 4212 2843 4281; x_wconf 81' lang='grc' dir='ltr'>συνηγέροης</span> <span class='ocrx_word' id='word_1_486' title='bbox 2888 4206 2982 4263; x_wconf 82' lang='grc' dir='ltr'>οὖν</span> <span class='ocrx_word' id='word_1_487' title='bbox 3025 4209 3103 4279; x_wconf 86' lang='grc' dir='ltr'><strong>τῷ</strong></span> <span class='ocrx_word' id='word_1_488' title='bbox 3145 4208 3400 4279; x_wconf 79' lang='grc' dir='ltr'>Χριστῷ,</span> <span class='ocrx_word' id='word_1_489' title='bbox 3450 4208 3519 4261; x_wconf 85' lang='grc' dir='ltr'>τὰ</span> <span class='ocrx_word' id='word_1_490' title='bbox 3574 4210 3690 4261; x_wconf 77' lang='grc' dir='ltr'>ἄνω</span> 
     </span>
    </p>
   </div>
   <div class='ocr_carea' id='block_1_80' title="bbox 2111 4298 3692 4375">
    <p class='ocr_par' dir='ltr' id='par_1_80' title="bbox 2111 4298 3692 4375">
     <span class='ocr_line' id='line_1_80' title="bbox 2111 4298 3692 4375; baseline -0.003 -19"><span class='ocrx_word' id='word_1_491' title='bbox 2111 4305 2319 4375; x_wconf 82' lang='grc' dir='ltr'>φρόνει,</span> <span class='ocrx_word' id='word_1_492' title='bbox 2371 4298 2431 4355; x_wconf 75' lang='grc' dir='ltr'>οὗ</span> <span class='ocrx_word' id='word_1_493' title='bbox 2477 4305 2623 4356; x_wconf 75' lang='grc' dir='ltr'>ἐστιν</span> <span class='ocrx_word' id='word_1_494' title='bbox 2666 4302 2847 4364; x_wconf 80' lang='grc' dir='ltr'>αὑτός.</span> <span class='ocrx_word' id='word_1_495' title='bbox 2890 4303 2953 4353; x_wconf 85' lang='grc' dir='ltr'><strong>Οἱ</strong></span> <span class='ocrx_word' id='word_1_496' title='bbox 2978 4301 3086 4371; x_wconf 80' lang='grc' dir='ltr'><strong>γὰρ</strong></span> <span class='ocrx_word' id='word_1_497' title='bbox 3120 4301 3219 4369; x_wconf 82' lang='grc' dir='ltr'>τὴν</span> <span class='ocrx_word' id='word_1_498' title='bbox 3262 4298 3454 4366; x_wconf 80' lang='grc' dir='ltr'>εὐτελῆ</span> <span class='ocrx_word' id='word_1_499' title='bbox 3483 4298 3692 4367; x_wconf 59' lang='grc' dir='ltr'>ἐσθῆτά.</span> 
     </span>
    </p>
   </div>
   <div class='ocr_carea' id='block_1_81' title="bbox 430 4387 1993 4464">
    <p class='ocr_par' dir='ltr' id='par_1_81' title="bbox 430 4389 1993 4464">
     <span class='ocr_line' id='line_1_81' title="bbox 430 4389 1993 4464; baseline 0.001 -19"><span class='ocrx_word' id='word_1_500' title='bbox 430 4402 535 4445; x_wconf 77' lang='lat' dir='ltr'><strong>est.</strong></span> <span class='ocrx_word' id='word_1_501' title='bbox 572 4390 703 4444; x_wconf 88' lang='lat' dir='ltr'><strong>Nam</strong></span> <span class='ocrx_word' id='word_1_502' title='bbox 738 4390 827 4459; x_wconf 93' lang='lat' dir='ltr'><strong>qui</strong></span> <span class='ocrx_word' id='word_1_503' title='bbox 861 4389 1019 4444; x_wconf 69' lang='lat' dir='ltr'><strong>vilem</strong></span> <span class='ocrx_word' id='word_1_504' title='bbox 1049 4402 1190 4444; x_wconf 91' lang='lat' dir='ltr'><strong>luam</strong></span> <span class='ocrx_word' id='word_1_505' title='bbox 1243 4404 1450 4445; x_wconf 82' lang='lat' dir='ltr'><strong>vestem</strong></span> <span class='ocrx_word' id='word_1_506' title='bbox 1492 4410 1555 4447; x_wconf 88' lang='lat' dir='ltr'><strong>ac</strong></span> <span class='ocrx_word' id='word_1_507' title='bbox 1612 4395 1993 4464; x_wconf 69' lang='lat' dir='ltr'><strong>philosotthiant</strong></span> 
     </span>
    </p>
   </div>
   <div class='ocr_carea' id='block_1_82' title="bbox 2115 4387 3687 4464">
    <p class='ocr_par' dir='ltr' id='par_1_82' title="bbox 2115 4387 3687 4464">
     <span class='ocr_line' id='line_1_82' title="bbox 2115 4387 3687 4464; baseline -0.004 -17"><span class='ocrx_word' id='word_1_508' title='bbox 2115 4412 2204 4447; x_wconf 90' lang='grc' dir='ltr'><strong>σου</strong></span> <span class='ocrx_word' id='word_1_509' title='bbox 2234 4394 2467 4464; x_wconf 79' lang='grc' dir='ltr'>ὁρῶντες</span> <span class='ocrx_word' id='word_1_510' title='bbox 2492 4434 2507 4459; x_wconf 94' lang='grc'><strong>,</strong></span> <span class='ocrx_word' id='word_1_511' title='bbox 2538 4394 2630 4446; x_wconf 72' lang='grc' dir='ltr'>καὶ</span> <span class='ocrx_word' id='word_1_512' title='bbox 2657 4392 2977 4461; x_wconf 80' lang='grc' dir='ltr'>φιλοσοφίαν</span> <span class='ocrx_word' id='word_1_513' title='bbox 3005 4394 3062 4445; x_wconf 74' lang='grc' dir='ltr'>ἐν</span> <span class='ocrx_word' id='word_1_514' title='bbox 3096 4392 3242 4460; x_wconf 80' lang='grc' dir='ltr'>μόνῳ</span> <span class='ocrx_word' id='word_1_515' title='bbox 3278 4391 3520 4460; x_wconf 78' lang='grc' dir='ltr'>σχήματί</span> <span class='ocrx_word' id='word_1_516' title='bbox 3553 4387 3687 4461; x_wconf 79' lang='grc' dir='ltr'>[σοι]</span> 
     </span>
    </p>
   </div>
   <div class='ocr_carea' id='block_1_83' title="bbox 432 4483 2003 4554">
    <p class='ocr_par' dir='ltr' id='par_1_83' title="bbox 432 4483 2003 4554">
     <span class='ocr_line' id='line_1_83' title="bbox 432 4483 2003 4554; baseline 0.002 -19"><span class='ocrx_word' id='word_1_517' title='bbox 432 4484 485 4536; x_wconf 92' lang='lat' dir='ltr'><strong>in</strong></span> <span class='ocrx_word' id='word_1_518' title='bbox 520 4484 635 4536; x_wconf 91' lang='lat' dir='ltr'><strong>solo</strong></span> <span class='ocrx_word' id='word_1_519' title='bbox 664 4484 845 4535; x_wconf 59' lang='lat' dir='ltr'><strong>habitu</strong></span> <span class='ocrx_word' id='word_1_520' title='bbox 875 4483 1032 4537; x_wconf 85' lang='lat' dir='ltr'><strong>sitam</strong></span> <span class='ocrx_word' id='word_1_521' title='bbox 1059 4484 1416 4549; x_wconf 72' lang='lat' dir='ltr'><strong>conspiciunt,</strong></span> <span class='ocrx_word' id='word_1_522' title='bbox 1439 4485 1633 4538; x_wconf 89' lang='lat' dir='ltr'><strong>mentis</strong></span> <span class='ocrx_word' id='word_1_523' title='bbox 1668 4496 1846 4539; x_wconf 90' lang='lat' dir='ltr'><strong>autem</strong></span> <span class='ocrx_word' id='word_1_524' title='bbox 1881 4502 2003 4554; x_wconf 66' lang='lat' dir='ltr'><strong>pero</strong></span> 
     </span>
    </p>
   </div>
   <div class='ocr_carea' id='block_1_84' title="bbox 434 4573 2000 4640">
    <p class='ocr_par' dir='ltr' id='par_1_84' title="bbox 434 4573 2000 4640">
     <span class='ocr_line' id='line_1_84' title="bbox 434 4573 2000 4640; baseline 0.001 -14"><span class='ocrx_word' id='word_1_525' title='bbox 434 4574 741 4627; x_wconf 71' lang='lat' dir='ltr'><strong>versilatetn</strong></span> <span class='ocrx_word' id='word_1_526' title='bbox 782 4590 845 4625; x_wconf 87' lang='lat' dir='ltr'><strong>ac</strong></span> <span class='ocrx_word' id='word_1_527' title='bbox 902 4573 1094 4640; x_wconf 78' lang='lat' dir='ltr'><strong>lingua:</strong></span> <span class='ocrx_word' id='word_1_528' title='bbox 1149 4574 1811 4639; x_wconf 84' lang='lat' dir='ltr'><strong>arrogantiam,adversus</strong></span> <span class='ocrx_word' id='word_1_529' title='bbox 1862 4575 2000 4628; x_wconf 68' lang='lat' dir='ltr'><strong>divi-</strong></span> 
     </span>
    </p>
   </div>
   <div class='ocr_carea' id='block_1_85' title="bbox 436 4664 1999 4735">
    <p class='ocr_par' dir='ltr' id='par_1_85' title="bbox 436 4664 1999 4735">
     <span class='ocr_line' id='line_1_85' title="bbox 436 4664 1999 4735; baseline 0.003 -18"><span class='ocrx_word' id='word_1_530' title='bbox 436 4667 715 4718; x_wconf 87' lang='lat' dir='ltr'><strong>nissimam</strong></span> <span class='ocrx_word' id='word_1_531' title='bbox 750 4664 1061 4735; x_wconf 77' lang='lat' dir='ltr'><strong>religionem</strong></span> <span class='ocrx_word' id='word_1_532' title='bbox 1092 4664 1285 4733; x_wconf 84' lang='lat' dir='ltr'><strong>impias</strong></span> <span class='ocrx_word' id='word_1_533' title='bbox 1308 4675 1361 4718; x_wconf 85' lang='lat' dir='ltr'><strong>et</strong></span> <span class='ocrx_word' id='word_1_534' title='bbox 1393 4666 1813 4721; x_wconf 82' lang='lat' dir='ltr'><strong>contumeliosus</strong></span> <span class='ocrx_word' id='word_1_535' title='bbox 1839 4681 1999 4721; x_wconf 85' lang='lat' dir='ltr'><strong>voces</strong></span> 
     </span>
    </p>
   </div>
   <div class='ocr_carea' id='block_1_86' title="bbox 426 4765 652 4823">
    <p class='ocr_par' dir='ltr' id='par_1_86' title="bbox 426 4765 652 4823">
     <span class='ocr_line' id='line_1_86' title="bbox 426 4765 652 4823; baseline 0 -16"><span class='ocrx_word' id='word_1_536' title='bbox 426 4765 652 4823; x_wconf 57' lang='lat' dir='ltr'><strong>tactam.</strong></span> 
     </span>
    </p>
   </div>
   <div class='ocr_carea' id='block_1_87' title="bbox 502 4933 981 5002">
    <p class='ocr_par' dir='ltr' id='par_1_87' title="bbox 502 4933 981 5002">
     <span class='ocr_line' id='line_1_87' title="bbox 502 4933 981 5002; baseline -0.01 -9"><span class='ocrx_word' id='word_1_537' title='bbox 502 4934 552 4969; x_wconf 83' lang='lat'>&quot;</span> <span class='ocrx_word' id='word_1_538' title='bbox 569 4933 779 4992; x_wconf 78' lang='lat' dir='ltr'><strong>Coloss.</strong></span> <span class='ocrx_word' id='word_1_539' title='bbox 814 4950 895 5002; x_wconf 89' lang='lat' dir='ltr'><strong>nt,</strong></span> <span class='ocrx_word' id='word_1_540' title='bbox 923 4934 981 4989; x_wconf 79' lang='lat'><strong>2.</strong></span> 
     </span>
    </p>
   </div>
   <div class='ocr_carea' id='block_1_88' title="bbox 2113 4480 3691 4555">
    <p class='ocr_par' dir='ltr' id='par_1_88' title="bbox 2113 4480 3691 4555">
     <span class='ocr_line' id='line_1_88' title="bbox 2113 4480 3691 4555; baseline -0.004 -16"><span class='ocrx_word' id='word_1_541' title='bbox 2113 4487 2442 4555; x_wconf 84' lang='grc' dir='ltr'>προσοῦσαν,</span> <span class='ocrx_word' id='word_1_542' title='bbox 2474 4485 2801 4555; x_wconf 87' lang='grc' dir='ltr'>περπερείαν</span> <span class='ocrx_word' id='word_1_543' title='bbox 2834 4483 2946 4550; x_wconf 74' lang='grc'><strong>(14)</strong></span> <span class='ocrx_word' id='word_1_544' title='bbox 2991 4483 3048 4535; x_wconf 80' lang='grc' dir='ltr'>δὲ</span> <span class='ocrx_word' id='word_1_545' title='bbox 3092 4480 3338 4552; x_wconf 78' lang='grc' dir='ltr'>γνώμης,</span> <span class='ocrx_word' id='word_1_546' title='bbox 3381 4484 3473 4533; x_wconf 69' lang='grc' dir='ltr'><strong>καὶ</strong></span> <span class='ocrx_word' id='word_1_547' title='bbox 3512 4481 3691 4549; x_wconf 84' lang='grc' dir='ltr'>γλώσ-</span> 
     </span>
    </p>
   </div>
   <div class='ocr_carea' id='block_1_89' title="bbox 2111 4573 3692 4647">
    <p class='ocr_par' dir='ltr' id='par_1_89' title="bbox 2111 4573 3692 4647">
     <span class='ocr_line' id='line_1_89' title="bbox 2111 4573 3692 4647; baseline -0.004 -17"><span class='ocrx_word' id='word_1_548' title='bbox 2111 4596 2207 4647; x_wconf 89' lang='grc' dir='ltr'><strong>σης</strong></span> <span class='ocrx_word' id='word_1_549' title='bbox 2272 4576 2625 4641; x_wconf 75' lang='grc' dir='ltr'>ἀλαζονείαν,</span> <span class='ocrx_word' id='word_1_550' title='bbox 2680 4575 2822 4629; x_wconf 80' lang='grc' dir='ltr'>κατὰ</span> <span class='ocrx_word' id='word_1_551' title='bbox 2882 4574 2982 4644; x_wconf 78' lang='grc' dir='ltr'><strong>τῆς</strong></span> <span class='ocrx_word' id='word_1_552' title='bbox 3044 4573 3337 4643; x_wconf 75' lang='grc' dir='ltr'>θειοτάτηςξ</span> <span class='ocrx_word' id='word_1_553' title='bbox 3390 4573 3692 4643; x_wconf 82' lang='grc' dir='ltr'>Ορησκείας</span> 
     </span>
    </p>
   </div>
   <div class='ocr_carea' id='block_1_90' title="bbox 2110 4668 2509 4739">
    <p class='ocr_par' dir='ltr' id='par_1_90' title="bbox 2110 4668 2509 4739">
     <span class='ocr_line' id='line_1_90' title="bbox 2110 4668 2509 4739; baseline -0.003 -17"><span class='ocrx_word' id='word_1_554' title='bbox 2110 4668 2509 4739; x_wconf 77' lang='grc' dir='ltr'>βλασφημοῦσι.</span> 
     </span>
    </p>
   </div>
   <div class='ocr_carea' id='block_1_91' title="bbox 1522 5067 2582 5129">
    <p class='ocr_par' dir='ltr' id='par_1_91' title="bbox 1522 5067 2582 5129">
     <span class='ocr_line' id='line_1_91' title="bbox 1522 5067 2582 5129; baseline -0.004 0"><span class='ocrx_word' id='word_1_555' title='bbox 1522 5071 1757 5129; x_wconf 59' lang='lat' dir='ltr'><strong>VARI!!!</strong></span> <span class='ocrx_word' id='word_1_556' title='bbox 1792 5068 2181 5126; x_wconf 73' lang='lat' dir='ltr'><strong>LECTIONES</strong></span> <span class='ocrx_word' id='word_1_557' title='bbox 2221 5068 2308 5124; x_wconf 81' lang='lat' dir='ltr'><strong>LT</strong></span> <span class='ocrx_word' id='word_1_558' title='bbox 2352 5067 2582 5125; x_wconf 69' lang='grc' dir='ltr'><strong>ΝΟΤᾸΞ.</strong></span> 
     </span>
    </p>
   </div>
   <div class='ocr_carea' id='block_1_92' title="bbox 506 5242 2001 5322">
    <p class='ocr_par' dir='ltr' id='par_1_92' title="bbox 506 5242 2001 5322">
     <span class='ocr_line' id='line_1_92' title="bbox 506 5242 2001 5322; baseline -0.008 -17"><span class='ocrx_word' id='word_1_559' title='bbox 506 5250 617 5322; x_wconf 80' lang='grc' dir='ltr'><strong>(Η)</strong></span> <span class='ocrx_word' id='word_1_560' title='bbox 656 5247 763 5303; x_wconf 85' lang='lat' dir='ltr'><strong>Pro</strong></span> <span class='ocrx_word' id='word_1_561' title='bbox 793 5263 1010 5322; x_wconf 63' lang='grc' dir='ltr'>αιωνιου</span> <span class='ocrx_word' id='word_1_562' title='bbox 1043 5248 1164 5322; x_wconf 82' lang='lat' dir='ltr'><strong>cod.</strong></span> <span class='ocrx_word' id='word_1_563' title='bbox 1210 5247 1326 5322; x_wconf 81' lang='lat' dir='ltr'><strong>Alt._</strong></span> <span class='ocrx_word' id='word_1_564' title='bbox 1346 5244 1532 5297; x_wconf 88' lang='lat' dir='ltr'><strong>scribit</strong></span> <span class='ocrx_word' id='word_1_565' title='bbox 1570 5243 1813 5322; x_wconf 65' lang='grc' dir='ltr'>αἰωνίας.</span> <span class='ocrx_word' id='word_1_566' title='bbox 1844 5242 2001 5322; x_wconf 48' lang='lat' dir='ltr'><strong>idem</strong></span> 
     </span>
    </p>
   </div>
   <div class='ocr_carea' id='block_1_93' title="bbox 431 5310 2002 5387">
    <p class='ocr_par' dir='ltr' id='par_1_93' title="bbox 431 5310 2002 5387">
     <span class='ocr_line' id='line_1_93' title="bbox 431 5310 2002 5387; baseline -0.007 -12"><span class='ocrx_word' id='word_1_567' title='bbox 431 5310 723 5387; x_wconf 51' lang='lat' dir='ltr'><strong>vers.&#39;seq.</strong></span> <span class='ocrx_word' id='word_1_568' title='bbox 761 5333 858 5387; x_wconf 89' lang='lat' dir='ltr'><strong>pro</strong></span> <span class='ocrx_word' id='word_1_569' title='bbox 904 5316 1127 5387; x_wconf 55' lang='lat' dir='ltr'><strong>obsedit</strong></span> <span class='ocrx_word' id='word_1_570' title='bbox 1164 5317 1403 5387; x_wconf 72' lang='lat' dir='ltr'><strong>margine</strong></span> <span class='ocrx_word' id='word_1_571' title='bbox 1457 5315 1606 5387; x_wconf 63' lang='lat' dir='ltr'><strong>ponit</strong></span> <span class='ocrx_word' id='word_1_572' title='bbox 1648 5315 1791 5387; x_wconf 58' lang='lat' dir='ltr'><strong>obes.</strong></span> <span class='ocrx_word' id='word_1_573' title='bbox 1844 5310 2002 5387; x_wconf 66' lang='lat' dir='ltr'><strong>Yers.</strong></span> 
     </span>
    </p>
   </div>
   <div class='ocr_carea' id='block_1_94' title="bbox 436 5334 2003 5459">
    <p class='ocr_par' dir='ltr' id='par_1_94' title="bbox 436 5334 2003 5459">
     <span class='ocr_line' id='line_1_94' title="bbox 436 5334 2002 5387; baseline -0.007 -12"><span class='ocrx_word' id='word_1_574' title='bbox 436 5337 576 5376; x_wconf 75' lang='lat' dir='ltr'><strong>vers.</strong></span> <span class='ocrx_word' id='word_1_575' title='bbox 612 5335 669 5375; x_wconf 88' lang='lat' dir='ltr'><strong>se</strong></span> <span class='ocrx_word' id='word_1_576' title='bbox 712 5358 723 5371; x_wconf 92' lang='lat'><strong>.</strong></span> <span class='ocrx_word' id='word_1_577' title='bbox 761 5334 858 5387; x_wconf 89' lang='lat' dir='ltr'><strong>pro</strong></span> <span class='ocrx_word' id='word_1_578' title='bbox 904 5334 1025 5368; x_wconf 80' lang='grc' dir='ltr'>ουτε</span> <span class='ocrx_word' id='word_1_579' title='bbox 1074 5334 1127 5369; x_wconf 89' lang='lat' dir='ltr'><strong>tn</strong></span> <span class='ocrx_word' id='word_1_580' title='bbox 1164 5334 1403 5383; x_wconf 68' lang='lat' dir='ltr'><strong>margine</strong></span> <span class='ocrx_word' id='word_1_581' title='bbox 1457 5334 1606 5380; x_wconf 83' lang='lat' dir='ltr'><strong>potnt</strong></span> <span class='ocrx_word' id='word_1_582' title='bbox 1648 5334 1791 5365; x_wconf 83' lang='grc' dir='ltr'>ουοε.</span> <span class='ocrx_word' id='word_1_583' title='bbox 1855 5334 2002 5364; x_wconf 78' lang='lat' dir='ltr'><strong>vers.</strong></span> 
     </span>
     <span class='ocr_line' id='line_1_95' title="bbox 436 5334 2003 5459; baseline -0.01 -14"><span class='ocrx_word' id='word_1_584' title='bbox 436 5393 532 5445; x_wconf 88' lang='lat' dir='ltr'><strong>ttlt.</strong></span> <span class='ocrx_word' id='word_1_585' title='bbox 568 5334 849 5459; x_wconf 47' lang='grc' dir='ltr'>ρνοίλὸγου</span> <span class='ocrx_word' id='word_1_586' title='bbox 879 5385 1126 5459; x_wconf 13' lang='grc' dir='ltr'>(ξι-,φόϐου</span> <span class='ocrx_word' id='word_1_587' title='bbox 1161 5388 1315 5439; x_wconf 89' lang='lat' dir='ltr'><strong>codd.</strong></span> <span class='ocrx_word' id='word_1_588' title='bbox 1351 5381 1471 5436; x_wconf 83' lang='lat' dir='ltr'><strong>Vat.</strong></span> <span class='ocrx_word' id='word_1_589' title='bbox 1507 5381 1610 5436; x_wconf 71' lang='grc'><strong>649</strong></span> <span class='ocrx_word' id='word_1_590' title='bbox 1638 5392 1691 5435; x_wconf 91' lang='lat' dir='ltr'><strong>ct</strong></span> <span class='ocrx_word' id='word_1_591' title='bbox 1723 5383 1830 5435; x_wconf 79' lang='lat' dir='ltr'><strong>Alt.</strong></span> <span class='ocrx_word' id='word_1_592' title='bbox 1857 5380 2003 5450; x_wconf 80' lang='grc' dir='ltr'>λόγῳ</span> 
     </span>
    </p>
   </div>
   <div class='ocr_carea' id='block_1_95' title="bbox 434 5454 1134 5529">
    <p class='ocr_par' dir='ltr' id='par_1_95' title="bbox 434 5454 1134 5529">
     <span class='ocr_line' id='line_1_96' title="bbox 434 5454 1134 5529; baseline -0.014 -13"><span class='ocrx_word' id='word_1_593' title='bbox 434 5472 488 5516; x_wconf 80' lang='lat' dir='ltr'><strong>et</strong></span> <span class='ocrx_word' id='word_1_594' title='bbox 513 5454 669 5529; x_wconf 47' lang='lat' dir='ltr'><strong>(966m</strong></span> <span class='ocrx_word' id='word_1_595' title='bbox 691 5454 893 5529; x_wconf 58' lang='lat' dir='ltr'><strong>legunt.</strong></span> <span class='ocrx_word' id='word_1_596' title='bbox 930 5454 1134 5508; x_wconf 69' lang='lat' dir='ltr'><strong>Possm.</strong></span> 
     </span>
    </p>
   </div>
   <div class='ocr_carea' id='block_1_96' title="bbox 506 5519 1999 5598">
    <p class='ocr_par' dir='ltr' id='par_1_96' title="bbox 506 5519 1999 5598">
     <span class='ocr_line' id='line_1_97' title="bbox 506 5519 1999 5598; baseline -0.004 -17"><span class='ocrx_word' id='word_1_597' title='bbox 506 5519 767 5598; x_wconf 44' lang='lat' dir='ltr'><strong>(Hd-Pro</strong></span> <span class='ocrx_word' id='word_1_598' title='bbox 797 5525 1055 5598; x_wconf 76' lang='grc' dir='ltr'>πάθωμεν</span> <span class='ocrx_word' id='word_1_599' title='bbox 1096 5524 1251 5580; x_wconf 81' lang='lat' dir='ltr'><strong>codd.</strong></span> <span class='ocrx_word' id='word_1_600' title='bbox 1287 5524 1405 5579; x_wconf 68' lang='lat' dir='ltr'><strong>Val.</strong></span> <span class='ocrx_word' id='word_1_601' title='bbox 1447 5519 1571 5586; x_wconf 66' lang='grc'><strong>649,</strong></span> <span class='ocrx_word' id='word_1_602' title='bbox 1600 5519 1707 5575; x_wconf 75' lang='lat' dir='ltr'><strong>Ait.</strong></span> <span class='ocrx_word' id='word_1_603' title='bbox 1747 5529 1803 5576; x_wconf 92' lang='lat' dir='ltr'><strong>et</strong></span> <span class='ocrx_word' id='word_1_604' title='bbox 1831 5520 1999 5576; x_wconf 82' lang='lat' dir='ltr'><strong>Sforl.</strong></span> 
     </span>
    </p>
   </div>
   <div class='ocr_carea' id='block_1_97' title="bbox 439 5595 912 5668">
    <p class='ocr_par' dir='ltr' id='par_1_97' title="bbox 439 5595 912 5668">
     <span class='ocr_line' id='line_1_98' title="bbox 439 5595 912 5668; baseline -0.004 -19"><span class='ocrx_word' id='word_1_605' title='bbox 439 5595 620 5668; x_wconf 73' lang='lat' dir='ltr'><strong>legunt</strong></span> <span class='ocrx_word' id='word_1_606' title='bbox 651 5595 823 5651; x_wconf 70' lang='grc' dir='ltr'>πάθω.</span> <span class='ocrx_word' id='word_1_607' title='bbox 861 5596 912 5648; x_wconf 83' lang='lat' dir='ltr'><strong>lo</strong></span> 
     </span>
    </p>
   </div>
   <div class='ocr_carea' id='block_1_98' title="bbox 2180 5238 3693 5309">
    <p class='ocr_par' dir='ltr' id='par_1_98' title="bbox 2180 5238 3693 5309">
     <span class='ocr_line' id='line_1_99' title="bbox 2180 5238 3693 5309; baseline 0.009 -18"><span class='ocrx_word' id='word_1_608' title='bbox 2180 5240 2290 5309; x_wconf 80' lang='grc' dir='ltr'><strong>(Ιῦ)</strong></span> <span class='ocrx_word' id='word_1_609' title='bbox 2322 5239 2639 5303; x_wconf 82' lang='grc' dir='ltr'>Θεοσεϐείας</span> <span class='ocrx_word' id='word_1_610' title='bbox 2661 5256 2711 5293; x_wconf 91' lang='lat' dir='ltr'><strong>Ill</strong></span> <span class='ocrx_word' id='word_1_611' title='bbox 2736 5238 2980 5305; x_wconf 79' lang='grc' dir='ltr'>θεοσεϐὲς</span> <span class='ocrx_word' id='word_1_612' title='bbox 3015 5252 3221 5295; x_wconf 83' lang='lat' dir='ltr'><strong>mutant</strong></span> <span class='ocrx_word' id='word_1_613' title='bbox 3246 5243 3401 5299; x_wconf 77' lang='lat' dir='ltr'><strong>codd.</strong></span> <span class='ocrx_word' id='word_1_614' title='bbox 3435 5244 3560 5301; x_wconf 82' lang='lat' dir='ltr'><strong>Vat.</strong></span> <span class='ocrx_word' id='word_1_615' title='bbox 3587 5246 3693 5304; x_wconf 66' lang='grc' dir='ltr'><strong>ϐω</strong></span> 
     </span>
    </p>
   </div>
   <div class='ocr_carea' id='block_1_99' title="bbox 2108 5310 3691 5382">
    <p class='ocr_par' dir='ltr' id='par_1_99' title="bbox 2108 5310 3691 5382">
     <span class='ocr_line' id='line_1_100' title="bbox 2108 5310 3691 5382; baseline 0.003 -19"><span class='ocrx_word' id='word_1_616' title='bbox 2108 5320 2160 5363; x_wconf 89' lang='lat' dir='ltr'><strong>et</strong></span> <span class='ocrx_word' id='word_1_617' title='bbox 2193 5312 2299 5382; x_wconf 80' lang='lat' dir='ltr'><strong>Alt.</strong></span> <span class='ocrx_word' id='word_1_618' title='bbox 2352 5310 2492 5361; x_wconf 83' lang='lat' dir='ltr'><strong>Idem</strong></span> <span class='ocrx_word' id='word_1_619' title='bbox 2523 5326 2662 5382; x_wconf 80' lang='lat' dir='ltr'><strong>vers.</strong></span> <span class='ocrx_word' id='word_1_620' title='bbox 2699 5312 2791 5363; x_wconf 91' lang='lat' dir='ltr'><strong>ult.</strong></span> <span class='ocrx_word' id='word_1_621' title='bbox 2832 5328 2938 5363; x_wconf 88' lang='lat' dir='ltr'><strong>non</strong></span> <span class='ocrx_word' id='word_1_622' title='bbox 2979 5313 3276 5382; x_wconf 79' lang='grc' dir='ltr'>παρέχεται</span> <span class='ocrx_word' id='word_1_623' title='bbox 3327 5315 3505 5381; x_wconf 70' lang='lat' dir='ltr'><strong>legunt</strong></span> <span class='ocrx_word' id='word_1_624' title='bbox 3531 5356 3547 5378; x_wconf 94' lang='lat'><strong>,</strong></span> <span class='ocrx_word' id='word_1_625' title='bbox 3596 5315 3691 5369; x_wconf 61' lang='lat' dir='ltr'><strong>seti</strong></span> 
     </span>
    </p>
   </div>
   <div class='ocr_carea' id='block_1_100' title="bbox 2108 5380 3690 5453">
    <p class='ocr_par' dir='ltr' id='par_1_100' title="bbox 2108 5380 3690 5453">
     <span class='ocr_line' id='line_1_101' title="bbox 2108 5380 3690 5453; baseline 0.005 -23"><span class='ocrx_word' id='word_1_626' title='bbox 2108 5380 2431 5453; x_wconf 80' lang='grc' dir='ltr'>παρέσχετο.</span> <span class='ocrx_word' id='word_1_627' title='bbox 2462 5380 2611 5444; x_wconf 90' lang='lat' dir='ltr'><strong>Quod</strong></span> <span class='ocrx_word' id='word_1_628' title='bbox 2643 5396 2770 5453; x_wconf 76' lang='lat' dir='ltr'><strong>vero</strong></span> <span class='ocrx_word' id='word_1_629' title='bbox 2797 5396 2950 5434; x_wconf 78' lang='lat' dir='ltr'><strong>versu</strong></span> <span class='ocrx_word' id='word_1_630' title='bbox 2976 5380 3101 5451; x_wconf 85' lang='lat' dir='ltr'><strong>pen.</strong></span> <span class='ocrx_word' id='word_1_631' title='bbox 3130 5380 3325 5453; x_wconf 77' lang='lat' dir='ltr'><strong>legitur</strong></span> <span class='ocrx_word' id='word_1_632' title='bbox 3359 5380 3603 5450; x_wconf 78' lang='grc' dir='ltr'>πολλοῖς,</span> <span class='ocrx_word' id='word_1_633' title='bbox 3638 5387 3690 5439; x_wconf 89' lang='lat' dir='ltr'><strong>itt</strong></span> 
     </span>
    </p>
   </div>
   <div class='ocr_carea' id='block_1_101' title="bbox 2106 5451 2795 5518">
    <p class='ocr_par' dir='ltr' id='par_1_101' title="bbox 2106 5451 2795 5518">
     <span class='ocr_line' id='line_1_102' title="bbox 2106 5451 2795 5518; baseline 0 -17"><span class='ocrx_word' id='word_1_634' title='bbox 2106 5451 2214 5502; x_wconf 84' lang='lat' dir='ltr'><strong>Alt.</strong></span> <span class='ocrx_word' id='word_1_635' title='bbox 2244 5458 2672 5518; x_wconf 67' lang='lat' dir='ltr'><strong>noneontparet.</strong></span> <span class='ocrx_word' id='word_1_636' title='bbox 2721 5451 2795 5503; x_wconf 82' lang='lat' dir='ltr'><strong>In-</strong></span> 
     </span>
    </p>
   </div>
   <div class='ocr_carea' id='block_1_102' title="bbox 2110 5516 3693 5657">
    <p class='ocr_par' dir='ltr' id='par_1_102' title="bbox 2110 5516 3693 5657">
     <span class='ocr_line' id='line_1_103' title="bbox 2110 5516 3693 5657; baseline 0.006 -89"><span class='ocrx_word' id='word_1_637' title='bbox 2110 5517 2308 5657; x_wconf 43' lang='grc' dir='ltr'>πεὲιίέζ</span> <span class='ocrx_word' id='word_1_638' title='bbox 2344 5516 2628 5640; x_wconf 41' lang='lat' dir='ltr'><strong>(domuit.</strong></span> <span class='ocrx_word' id='word_1_639' title='bbox 2682 5536 2803 5575; x_wconf 92' lang='lat' dir='ltr'><strong>cum</strong></span> <span class='ocrx_word' id='word_1_640' title='bbox 2854 5518 2984 5576; x_wconf 74' lang='grc' dir='ltr'>ίῶτα</span> <span class='ocrx_word' id='word_1_641' title='bbox 3026 5521 3256 5592; x_wconf 73' lang='grc' dir='ltr'>δὶιιιρίᾱιί</span> <span class='ocrx_word' id='word_1_642' title='bbox 3307 5522 3502 5578; x_wconf 86' lang='lat' dir='ltr'><strong>scribit</strong></span> <span class='ocrx_word' id='word_1_643' title='bbox 3557 5539 3693 5594; x_wconf 81' lang='grc' dir='ltr'>περ·</span> 
     </span>
    </p>
   </div>
  </div>
