  <div class='ocr_page' id='page_1' title='image "/cluster/home/n/w/nwhite01/storage/ocr_20150623/78/mdp.39015010334699/172.png"; bbox 0 0 3944 6138; ppageno 0'>
   <div class='ocr_carea' id='block_1_1' title="bbox 312 285 3542 364">
    <p class='ocr_par' dir='ltr' id='par_1_1' title="bbox 312 285 3542 364">
     <span class='ocr_line' id='line_1_1' title="bbox 312 285 3542 364; baseline -0.008 2"><span class='ocrx_word' id='word_1_1' title='bbox 312 296 407 364; x_wconf 73' lang='lat'><strong>329</strong></span> <span class='ocrx_word' id='word_1_2' title='bbox 1185 290 1720 363; x_wconf 81' lang='lat' dir='ltr'><strong>EPISTOLARUM</strong></span> <span class='ocrx_word' id='word_1_3' title='bbox 1758 290 1904 356; x_wconf 85' lang='lat' dir='ltr'><strong>LIB.</strong></span> <span class='ocrx_word' id='word_1_4' title='bbox 1943 293 1993 353; x_wconf 89' lang='grc' dir='ltr'><strong>Ι.</strong></span> <span class='ocrx_word' id='word_1_5' title='bbox 2024 317 2095 327; x_wconf 90' lang='grc'><strong>-</strong></span> <span class='ocrx_word' id='word_1_6' title='bbox 2131 291 2366 351; x_wconf 86' lang='lat' dir='ltr'><strong>EPIST.</strong></span> <span class='ocrx_word' id='word_1_7' title='bbox 2416 290 2686 349; x_wconf 71' lang='lat' dir='ltr'><strong>CCXLII.</strong></span> <span class='ocrx_word' id='word_1_8' title='bbox 3438 285 3542 351; x_wconf 83' lang='lat'><strong>330</strong></span> 
     </span>
    </p>
   </div>
   <div class='ocr_carea' id='block_1_2' title="bbox 637 398 2194 486">
    <p class='ocr_par' dir='ltr' id='par_1_2' title="bbox 637 414 1949 486">
     <span class='ocr_line' id='line_1_2' title="bbox 637 414 1949 486; baseline -0.002 -18"><span class='ocrx_word' id='word_1_9' title='bbox 637 415 796 470; x_wconf 85' lang='grc' dir='ltr'><strong>ΣΛΖ’.</strong></span> <span class='ocrx_word' id='word_1_10' title='bbox 827 444 900 457; x_wconf 93' lang='grc'><strong>--</strong></span> <span class='ocrx_word' id='word_1_11' title='bbox 931 417 1346 486; x_wconf 81' lang='grc' dir='ltr'><strong>ΗΡΜΟΚΙΑΝῼ</strong></span> <span class='ocrx_word' id='word_1_12' title='bbox 1386 414 1524 485; x_wconf 73' lang='grc'>(22).</span> <span class='ocrx_word' id='word_1_13' title='bbox 1904 423 1949 479; x_wconf 67' lang='grc' dir='ltr'><strong>Α</strong></span> 
     </span>
    </p>
   </div>
   <div class='ocr_carea' id='block_1_3' title="bbox 1673 398 3230 486">
    <p class='ocr_par' dir='ltr' id='par_1_3' title="bbox 1904 398 3230 479">
     <span class='ocr_line' id='line_1_3' title="bbox 1904 398 3230 479; baseline -0.008 -17"><span class='ocrx_word' id='word_1_14' title='bbox 1904 423 1949 479; x_wconf 64' lang='grc' dir='ltr'>Α</span> <span class='ocrx_word' id='word_1_15' title='bbox 2286 402 2638 460; x_wconf 73' lang='lat' dir='ltr'><strong>CGXXXVII.</strong></span> <span class='ocrx_word' id='word_1_16' title='bbox 2664 432 2735 446; x_wconf 86' lang='lat'><strong>-—</strong></span> <span class='ocrx_word' id='word_1_17' title='bbox 2764 398 3230 456; x_wconf 76' lang='lat' dir='ltr'><strong>IIERMOCIANO.</strong></span> 
     </span>
    </p>
   </div>
   <div class='ocr_carea' id='block_1_4' title="bbox 379 510 1936 600">
    <p class='ocr_par' dir='ltr' id='par_1_4' title="bbox 379 524 1870 600">
     <span class='ocr_line' id='line_1_4' title="bbox 379 524 1870 600; baseline -0.004 -19"><span class='ocrx_word' id='word_1_18' title='bbox 379 528 618 596; x_wconf 74' lang='grc' dir='ltr'>Ἀγνοεῖς</span> <span class='ocrx_word' id='word_1_19' title='bbox 656 528 757 599; x_wconf 82' lang='grc' dir='ltr'>μὲν</span> <span class='ocrx_word' id='word_1_20' title='bbox 782 530 883 600; x_wconf 82' lang='grc' dir='ltr'>τὴν</span> <span class='ocrx_word' id='word_1_21' title='bbox 907 529 1287 591; x_wconf 84' lang='grc' dir='ltr'>ἀνταπόδοσιν,</span> <span class='ocrx_word' id='word_1_22' title='bbox 1320 528 1395 591; x_wconf 86' lang='grc' dir='ltr'><strong>ὡς</strong></span> <span class='ocrx_word' id='word_1_23' title='bbox 1423 525 1709 579; x_wconf 78' lang='grc' dir='ltr'>ἀϐλεπτῶν</span> <span class='ocrx_word' id='word_1_24' title='bbox 1734 524 1870 594; x_wconf 75' lang='grc' dir='ltr'>πρὸς</span> 
     </span>
    </p>
   </div>
   <div class='ocr_carea' id='block_1_5' title="bbox 2007 510 3564 600">
    <p class='ocr_par' dir='ltr' id='par_1_5' title="bbox 2045 511 3564 585">
     <span class='ocr_line' id='line_1_5' title="bbox 2045 511 3564 585; baseline -0.003 -14"><span class='ocrx_word' id='word_1_25' title='bbox 2045 518 2346 573; x_wconf 83' lang='lat' dir='ltr'><strong>Mercedem</strong></span> <span class='ocrx_word' id='word_1_26' title='bbox 2402 518 2639 584; x_wconf 80' lang='lat' dir='ltr'><strong>ignoras,</strong></span> <span class='ocrx_word' id='word_1_27' title='bbox 2677 525 2736 569; x_wconf 92' lang='lat' dir='ltr'><strong>ut</strong></span> <span class='ocrx_word' id='word_1_28' title='bbox 2783 515 2873 585; x_wconf 89' lang='lat' dir='ltr'><strong>qui</strong></span> <span class='ocrx_word' id='word_1_29' title='bbox 2920 515 2986 569; x_wconf 88' lang='lat' dir='ltr'><strong>ad</strong></span> <span class='ocrx_word' id='word_1_30' title='bbox 3046 513 3228 567; x_wconf 78' lang='lat' dir='ltr'><strong>futura</strong></span> <span class='ocrx_word' id='word_1_31' title='bbox 3264 511 3564 567; x_wconf 39' lang='lat' dir='ltr'><strong>cmcutias.‘</strong></span> 
     </span>
    </p>
   </div>
   <div class='ocr_carea' id='block_1_6' title="bbox 305 603 1862 691">
    <p class='ocr_par' dir='ltr' id='par_1_6' title="bbox 305 618 1862 691">
     <span class='ocr_line' id='line_1_6' title="bbox 305 618 1862 691; baseline -0.003 -19"><span class='ocrx_word' id='word_1_32' title='bbox 305 620 365 674; x_wconf 75' lang='grc' dir='ltr'>τὰ</span> <span class='ocrx_word' id='word_1_33' title='bbox 388 620 671 691; x_wconf 84' lang='grc' dir='ltr'>μέλλοντα.</span> <span class='ocrx_word' id='word_1_34' title='bbox 704 622 781 675; x_wconf 82' lang='grc' dir='ltr'><strong>Οὐ</strong></span> <span class='ocrx_word' id='word_1_35' title='bbox 816 623 976 691; x_wconf 88' lang='grc' dir='ltr'>μόνον</span> <span class='ocrx_word' id='word_1_36' title='bbox 1005 622 1060 674; x_wconf 77' lang='grc' dir='ltr'>δὲ</span> <span class='ocrx_word' id='word_1_37' title='bbox 1102 623 1159 673; x_wconf 78' lang='grc' dir='ltr'>ὲν</span> <span class='ocrx_word' id='word_1_38' title='bbox 1188 621 1265 690; x_wconf 75' lang='grc' dir='ltr'>τῷ</span> <span class='ocrx_word' id='word_1_39' title='bbox 1299 620 1544 691; x_wconf 85' lang='grc' dir='ltr'>μέλλοντι</span> <span class='ocrx_word' id='word_1_40' title='bbox 1575 618 1862 688; x_wconf 77' lang='grc' dir='ltr'>κριτηρίῳ,</span> 
     </span>
    </p>
   </div>
   <div class='ocr_carea' id='block_1_7' title="bbox 1985 603 3542 691">
    <p class='ocr_par' dir='ltr' id='par_1_7' title="bbox 1985 603 3542 675">
     <span class='ocr_line' id='line_1_7' title="bbox 1985 603 3542 675; baseline -0.004 -12"><span class='ocrx_word' id='word_1_41' title='bbox 1985 609 2145 665; x_wconf 85' lang='lat' dir='ltr'><strong>Porro</strong></span> <span class='ocrx_word' id='word_1_42' title='bbox 2175 626 2280 663; x_wconf 91' lang='lat' dir='ltr'><strong>non</strong></span> <span class='ocrx_word' id='word_1_43' title='bbox 2318 609 2371 663; x_wconf 94' lang='lat' dir='ltr'><strong>in</strong></span> <span class='ocrx_word' id='word_1_44' title='bbox 2408 612 2588 663; x_wconf 80' lang='lat' dir='ltr'><strong>futuro</strong></span> <span class='ocrx_word' id='word_1_45' title='bbox 2618 609 2887 661; x_wconf 79' lang='lat' dir='ltr'><strong>duntaxat</strong></span> <span class='ocrx_word' id='word_1_46' title='bbox 2924 605 3130 675; x_wconf 84' lang='lat' dir='ltr'><strong>judicio</strong></span> <span class='ocrx_word' id='word_1_47' title='bbox 3161 620 3227 660; x_wconf 88' lang='lat' dir='ltr'><strong>ac</strong></span> <span class='ocrx_word' id='word_1_48' title='bbox 3270 603 3542 667; x_wconf 88' lang='lat' dir='ltr'><strong>tribunali,</strong></span> 
     </span>
    </p>
   </div>
   <div class='ocr_carea' id='block_1_8' title="bbox 303 695 1860 784">
    <p class='ocr_par' dir='ltr' id='par_1_8' title="bbox 303 709 1860 784">
     <span class='ocr_line' id='line_1_8' title="bbox 303 709 1860 784; baseline -0.005 -17"><span class='ocrx_word' id='word_1_49' title='bbox 303 714 429 767; x_wconf 82' lang='grc' dir='ltr'>ἀλλὰ</span> <span class='ocrx_word' id='word_1_50' title='bbox 462 715 560 767; x_wconf 80' lang='grc' dir='ltr'>καὶ</span> <span class='ocrx_word' id='word_1_51' title='bbox 588 715 648 767; x_wconf 84' lang='grc' dir='ltr'>ὲν</span> <span class='ocrx_word' id='word_1_52' title='bbox 688 714 768 784; x_wconf 83' lang='grc' dir='ltr'>τῷ</span> <span class='ocrx_word' id='word_1_53' title='bbox 796 715 1024 783; x_wconf 78' lang='grc' dir='ltr'><strong>παρόντι</strong></span> <span class='ocrx_word' id='word_1_54' title='bbox 1057 713 1157 783; x_wconf 86' lang='grc' dir='ltr'><strong>βίῳ</strong></span> <span class='ocrx_word' id='word_1_55' title='bbox 1192 713 1315 784; x_wconf 81' lang='grc' dir='ltr'><strong>[τὰς</strong></span> <span class='ocrx_word' id='word_1_56' title='bbox 1344 709 1635 781; x_wconf 80' lang='grc' dir='ltr'>ὲπαξίους]</span> <span class='ocrx_word' id='word_1_57' title='bbox 1666 709 1860 761; x_wconf 71' lang='grc' dir='ltr'>τίνουσι</span> 
     </span>
    </p>
   </div>
   <div class='ocr_carea' id='block_1_9' title="bbox 1992 695 3549 784">
    <p class='ocr_par' dir='ltr' id='par_1_9' title="bbox 1992 695 3549 766">
     <span class='ocr_line' id='line_1_9' title="bbox 1992 695 3549 766; baseline -0.004 -12"><span class='ocrx_word' id='word_1_58' title='bbox 1992 716 2163 756; x_wconf 75' lang='lat' dir='ltr'><strong>rerum</strong></span> <span class='ocrx_word' id='word_1_59' title='bbox 2193 702 2359 756; x_wconf 89' lang='lat' dir='ltr'><strong>etiam</strong></span> <span class='ocrx_word' id='word_1_60' title='bbox 2408 702 2459 755; x_wconf 91' lang='lat' dir='ltr'><strong>in</strong></span> <span class='ocrx_word' id='word_1_61' title='bbox 2506 702 2607 756; x_wconf 85' lang='lat' dir='ltr'><strong>hac</strong></span> <span class='ocrx_word' id='word_1_62' title='bbox 2660 702 2768 754; x_wconf 82' lang='lat' dir='ltr'><strong>vita</strong></span> <span class='ocrx_word' id='word_1_63' title='bbox 2812 699 3035 753; x_wconf 86' lang='lat' dir='ltr'><strong>meritas</strong></span> <span class='ocrx_word' id='word_1_64' title='bbox 3066 711 3256 766; x_wconf 72' lang='lat' dir='ltr'><strong>pmnas</strong></span> <span class='ocrx_word' id='word_1_65' title='bbox 3306 695 3549 766; x_wconf 77' lang='lat' dir='ltr'><strong>pendunt</strong></span> 
     </span>
    </p>
   </div>
   <div class='ocr_carea' id='block_1_10' title="bbox 303 786 1860 875">
    <p class='ocr_par' dir='ltr' id='par_1_10' title="bbox 303 797 1860 875">
     <span class='ocr_line' id='line_1_10' title="bbox 303 797 1860 875; baseline -0.004 -18"><span class='ocrx_word' id='word_1_66' title='bbox 303 804 445 867; x_wconf 80' lang='grc' dir='ltr'>δίκας</span> <span class='ocrx_word' id='word_1_67' title='bbox 482 808 530 858; x_wconf 79' lang='grc' dir='ltr'><strong>οξ</strong></span> <span class='ocrx_word' id='word_1_68' title='bbox 582 804 864 875; x_wconf 84' lang='grc' dir='ltr'>βάσκανοι.</span> <span class='ocrx_word' id='word_1_69' title='bbox 921 806 1032 858; x_wconf 76' lang='grc' dir='ltr'><strong>Καὶ</strong></span> <span class='ocrx_word' id='word_1_70' title='bbox 1071 805 1303 858; x_wconf 80' lang='grc' dir='ltr'><strong>πειθέτω</strong></span> <span class='ocrx_word' id='word_1_71' title='bbox 1345 822 1404 856; x_wconf 89' lang='grc' dir='ltr'><strong>σε</strong></span> <span class='ocrx_word' id='word_1_72' title='bbox 1453 806 1485 873; x_wconf 80' lang='grc' dir='ltr'>ἡ</span> <span class='ocrx_word' id='word_1_73' title='bbox 1530 802 1624 855; x_wconf 83' lang='grc' dir='ltr'><strong>τοῦ</strong></span> <span class='ocrx_word' id='word_1_74' title='bbox 1666 797 1860 870; x_wconf 71' lang='grc' dir='ltr'>Ἀχαὰῆ</span> 
     </span>
    </p>
   </div>
   <div class='ocr_carea' id='block_1_11' title="bbox 1988 786 3545 875">
    <p class='ocr_par' dir='ltr' id='par_1_11' title="bbox 1988 786 3545 863">
     <span class='ocr_line' id='line_1_11' title="bbox 1988 786 3545 863; baseline -0.007 -15"><span class='ocrx_word' id='word_1_75' title='bbox 1988 795 2064 863; x_wconf 64' lang='lat' dir='ltr'><strong>tui</strong></span> <span class='ocrx_word' id='word_1_76' title='bbox 2116 794 2318 847; x_wconf 85' lang='lat' dir='ltr'><strong>invidia</strong></span> <span class='ocrx_word' id='word_1_77' title='bbox 2367 793 2635 848; x_wconf 90' lang='lat' dir='ltr'><strong>laborant.</strong></span> <span class='ocrx_word' id='word_1_78' title='bbox 2689 792 2857 861; x_wconf 86' lang='lat' dir='ltr'><strong>Hujus</strong></span> <span class='ocrx_word' id='word_1_79' title='bbox 2909 791 2985 845; x_wconf 88' lang='lat' dir='ltr'><strong>rei</strong></span> <span class='ocrx_word' id='word_1_80' title='bbox 3030 790 3124 844; x_wconf 83' lang='lat' dir='ltr'><strong>tibi</strong></span> <span class='ocrx_word' id='word_1_81' title='bbox 3168 788 3327 843; x_wconf 84' lang='lat' dir='ltr'><strong>(Idem</strong></span> <span class='ocrx_word' id='word_1_82' title='bbox 3378 786 3545 841; x_wconf 78' lang='lat' dir='ltr'><strong>faciat</strong></span> 
     </span>
    </p>
   </div>
   <div class='ocr_carea' id='block_1_12' title="bbox 314 878 1871 967">
    <p class='ocr_par' dir='ltr' id='par_1_12' title="bbox 314 891 1866 967">
     <span class='ocr_line' id='line_1_12' title="bbox 314 891 1866 967; baseline -0.004 -19"><span class='ocrx_word' id='word_1_83' title='bbox 314 895 561 960; x_wconf 72' lang='grc' dir='ltr'>Ἰεζάϐελ,</span> <span class='ocrx_word' id='word_1_84' title='bbox 614 899 945 967; x_wconf 77' lang='grc' dir='ltr'><strong>ἐπιμανεῖσα</strong></span> <span class='ocrx_word' id='word_1_85' title='bbox 997 895 1076 966; x_wconf 83' lang='grc' dir='ltr'>τῷ</span> <span class='ocrx_word' id='word_1_86' title='bbox 1132 895 1225 949; x_wconf 84' lang='grc' dir='ltr'>τοῦ</span> <span class='ocrx_word' id='word_1_87' title='bbox 1266 894 1523 949; x_wconf 78' lang='grc' dir='ltr'>Ναϐουθὰ</span> <span class='ocrx_word' id='word_1_88' title='bbox 1563 891 1866 962; x_wconf 84' lang='grc' dir='ltr'>ἀμπελῶνι,</span> 
     </span>
    </p>
   </div>
   <div class='ocr_carea' id='block_1_13' title="bbox 1990 878 3547 967">
    <p class='ocr_par' dir='ltr' id='par_1_13' title="bbox 1990 878 3547 953">
     <span class='ocr_line' id='line_1_13' title="bbox 1990 878 3547 953; baseline -0.004 -16"><span class='ocrx_word' id='word_1_89' title='bbox 1990 884 2191 940; x_wconf 85' lang='lat' dir='ltr'><strong>Iezabel</strong></span> <span class='ocrx_word' id='word_1_90' title='bbox 2216 885 2304 938; x_wconf 90' lang='lat' dir='ltr'><strong>illa</strong></span> <span class='ocrx_word' id='word_1_91' title='bbox 2342 900 2481 939; x_wconf 81' lang='lat' dir='ltr'><strong>uxor</strong></span> <span class='ocrx_word' id='word_1_92' title='bbox 2506 884 2713 948; x_wconf 80' lang='lat' dir='ltr'><strong>Achab,</strong></span> <span class='ocrx_word' id='word_1_93' title='bbox 2741 898 2862 953; x_wconf 76' lang='lat' dir='ltr'><strong>qua:</strong></span> <span class='ocrx_word' id='word_1_94' title='bbox 2896 882 3085 936; x_wconf 90' lang='lat' dir='ltr'><strong>insana</strong></span> <span class='ocrx_word' id='word_1_95' title='bbox 3115 880 3349 948; x_wconf 89' lang='lat' dir='ltr'><strong>quadam</strong></span> <span class='ocrx_word' id='word_1_96' title='bbox 3375 878 3547 932; x_wconf 68' lang='lat' dir='ltr'><strong>vinem</strong></span> 
     </span>
    </p>
   </div>
   <div class='ocr_carea' id='block_1_14' title="bbox 303 976 1860 1059">
    <p class='ocr_par' dir='ltr' id='par_1_14' title="bbox 303 982 1860 1059">
     <span class='ocr_line' id='line_1_14' title="bbox 303 982 1860 1059; baseline -0.001 -21"><span class='ocrx_word' id='word_1_97' title='bbox 303 988 385 1038; x_wconf 70' lang='grc' dir='ltr'><strong>καὶ</strong></span> <span class='ocrx_word' id='word_1_98' title='bbox 412 988 508 1040; x_wconf 78' lang='grc' dir='ltr'>νῦν</span> <span class='ocrx_word' id='word_1_99' title='bbox 547 988 649 1057; x_wconf 84' lang='grc' dir='ltr'><strong>μὲν</strong></span> <span class='ocrx_word' id='word_1_100' title='bbox 678 989 813 1059; x_wconf 76' lang='grc' dir='ltr'>βορὰ</span> <span class='ocrx_word' id='word_1_101' title='bbox 865 989 991 1043; x_wconf 69' lang='grc' dir='ltr'>κυσὶ</span> <span class='ocrx_word' id='word_1_102' title='bbox 1023 989 1312 1059; x_wconf 81' lang='grc' dir='ltr'><strong>γενομένη,</strong></span> <span class='ocrx_word' id='word_1_103' title='bbox 1356 987 1493 1058; x_wconf 74' lang='grc' dir='ltr'>μετὰ</span> <span class='ocrx_word' id='word_1_104' title='bbox 1516 985 1686 1039; x_wconf 84' lang='grc' dir='ltr'>ταῦτα</span> <span class='ocrx_word' id='word_1_105' title='bbox 1712 983 1769 1036; x_wconf 78' lang='grc' dir='ltr'><strong>δὲ</strong></span> <span class='ocrx_word' id='word_1_106' title='bbox 1794 982 1860 1052; x_wconf 67' lang='grc' dir='ltr'>τῷ</span> 
     </span>
    </p>
   </div>
   <div class='ocr_carea' id='block_1_15' title="bbox 1994 976 3551 1059">
    <p class='ocr_par' dir='ltr' id='par_1_15' title="bbox 1994 976 3551 1044">
     <span class='ocr_line' id='line_1_15' title="bbox 1994 976 3551 1044; baseline -0.005 -14"><span class='ocrx_word' id='word_1_107' title='bbox 1994 976 2196 1030; x_wconf 74' lang='lat' dir='ltr'><strong>Naboth</strong></span> <span class='ocrx_word' id='word_1_108' title='bbox 2244 976 2542 1044; x_wconf 87' lang='lat' dir='ltr'><strong>cupiditate</strong></span> <span class='ocrx_word' id='word_1_109' title='bbox 2576 976 2808 1039; x_wconf 75' lang='lat' dir='ltr'><strong>exarsit,</strong></span> <span class='ocrx_word' id='word_1_110' title='bbox 2834 989 2897 1029; x_wconf 89' lang='lat' dir='ltr'><strong>ac</strong></span> <span class='ocrx_word' id='word_1_111' title='bbox 2951 983 3255 1044; x_wconf 80' lang='lat' dir='ltr'><strong>propterea,</strong></span> <span class='ocrx_word' id='word_1_112' title='bbox 3304 978 3359 1025; x_wconf 85' lang='lat' dir='ltr'><strong>et</strong></span> <span class='ocrx_word' id='word_1_113' title='bbox 3406 982 3551 1023; x_wconf 89' lang='lat' dir='ltr'><strong>nunc</strong></span> 
     </span>
    </p>
   </div>
   <div class='ocr_carea' id='block_1_16' title="bbox 300 1063 1857 1153">
    <p class='ocr_par' dir='ltr' id='par_1_16' title="bbox 300 1079 1031 1153">
     <span class='ocr_line' id='line_1_16' title="bbox 300 1079 1031 1153; baseline 0.007 -21"><span class='ocrx_word' id='word_1_114' title='bbox 300 1079 495 1150; x_wconf 81' lang='grc' dir='ltr'>αἰωνίῳ</span> <span class='ocrx_word' id='word_1_115' title='bbox 531 1082 670 1152; x_wconf 74' lang='grc' dir='ltr'>πυρὶ</span> <span class='ocrx_word' id='word_1_116' title='bbox 697 1082 1031 1153; x_wconf 83' lang='grc' dir='ltr'>τηρουμένη.</span> 
     </span>
    </p>
   </div>
   <div class='ocr_carea' id='block_1_17' title="bbox 1994 1063 3551 1153">
    <p class='ocr_par' dir='ltr' id='par_1_17' title="bbox 1994 1063 3551 1137">
     <span class='ocr_line' id='line_1_17' title="bbox 1994 1063 3551 1137; baseline -0.006 -16"><span class='ocrx_word' id='word_1_117' title='bbox 1994 1067 2196 1121; x_wconf 66' lang='lat' dir='ltr'><strong>mnibus</strong></span> <span class='ocrx_word' id='word_1_118' title='bbox 2248 1067 2430 1137; x_wconf 63' lang='lat' dir='ltr'><strong>prada</strong></span> <span class='ocrx_word' id='word_1_119' title='bbox 2482 1067 2601 1134; x_wconf 76' lang='lat' dir='ltr'><strong>fuit,</strong></span> <span class='ocrx_word' id='word_1_120' title='bbox 2642 1077 2697 1121; x_wconf 92' lang='lat' dir='ltr'><strong>et</strong></span> <span class='ocrx_word' id='word_1_121' title='bbox 2745 1073 2864 1136; x_wconf 89' lang='lat' dir='ltr'><strong>post</strong></span> <span class='ocrx_word' id='word_1_122' title='bbox 2906 1066 3015 1134; x_wconf 92' lang='lat' dir='ltr'><strong>igni</strong></span> <span class='ocrx_word' id='word_1_123' title='bbox 3059 1063 3390 1131; x_wconf 89' lang='lat' dir='ltr'><strong>sempiterno</strong></span> <span class='ocrx_word' id='word_1_124' title='bbox 3418 1074 3551 1114; x_wconf 84' lang='lat' dir='ltr'><strong>ser-</strong></span> 
     </span>
    </p>
   </div>
   <div class='ocr_carea' id='block_1_18' title="bbox 1973 1171 3347 1213">
    <p class='ocr_par' dir='ltr' id='par_1_18' title="bbox 1973 1171 3347 1213">
     <span class='ocr_line' id='line_1_18' title="bbox 1973 1171 3347 1213; baseline 0.013 -2"><span class='ocrx_word' id='word_1_125' title='bbox 1973 1171 2148 1213; x_wconf 87' lang='lat' dir='ltr'><strong>vatur.</strong></span> <span class='ocrx_word' id='word_1_126' title='bbox 3344 1173 3347 1177; x_wconf 80' lang='grc'><em>’</em></span> 
     </span>
    </p>
   </div>
   <div class='ocr_carea' id='block_1_19' title="bbox 786 1267 2343 1350">
    <p class='ocr_par' dir='ltr' id='par_1_19' title="bbox 786 1276 1386 1350">
     <span class='ocr_line' id='line_1_19' title="bbox 786 1276 1386 1350; baseline 0.003 -21"><span class='ocrx_word' id='word_1_127' title='bbox 786 1276 956 1332; x_wconf 73' lang='grc' dir='ltr'><strong>ΣΛΗν.</strong></span> <span class='ocrx_word' id='word_1_128' title='bbox 990 1309 1059 1320; x_wconf 90' lang='grc'><strong><em>-</em></strong></span> <span class='ocrx_word' id='word_1_129' title='bbox 1097 1277 1386 1350; x_wconf 79' lang='grc' dir='ltr'><strong>ΣΕΡΗΝῼ.</strong></span> 
     </span>
    </p>
   </div>
   <div class='ocr_carea' id='block_1_20' title="bbox 1595 1267 3152 1350">
    <p class='ocr_par' dir='ltr' id='par_1_20' title="bbox 2358 1267 3152 1327">
     <span class='ocr_line' id='line_1_20' title="bbox 2358 1267 3152 1327; baseline 0.001 -1"><span class='ocrx_word' id='word_1_130' title='bbox 2358 1269 2734 1327; x_wconf 80' lang='lat' dir='ltr'><strong>CCXXXVIII.</strong></span> <span class='ocrx_word' id='word_1_131' title='bbox 2760 1301 2827 1313; x_wconf 92' lang='lat'><strong>—-</strong></span> <span class='ocrx_word' id='word_1_132' title='bbox 2858 1267 3152 1327; x_wconf 81' lang='lat' dir='ltr'><strong>SERENO.</strong></span> 
     </span>
    </p>
   </div>
   <div class='ocr_carea' id='block_1_21' title="bbox 301 1350 1858 1438">
    <p class='ocr_par' dir='ltr' id='par_1_21' title="bbox 301 1365 1858 1438">
     <span class='ocr_line' id='line_1_21' title="bbox 301 1365 1858 1438; baseline 0.003 -17"><span class='ocrx_word' id='word_1_133' title='bbox 301 1367 393 1432; x_wconf 74' lang='grc' dir='ltr'><strong>Εἰς</strong></span> <span class='ocrx_word' id='word_1_134' title='bbox 442 1366 513 1419; x_wconf 78' lang='grc' dir='ltr'>τὸ</span> <span class='ocrx_word' id='word_1_135' title='bbox 555 1369 872 1436; x_wconf 72' lang='grc' dir='ltr'>εἰρημένον</span> <span class='ocrx_word' id='word_1_136' title='bbox 910 1372 1070 1437; x_wconf 75' lang='grc' dir='ltr'>παρὰ</span> <span class='ocrx_word' id='word_1_137' title='bbox 1114 1371 1221 1424; x_wconf 86' lang='grc' dir='ltr'>τοῦ</span> <span class='ocrx_word' id='word_1_138' title='bbox 1256 1369 1530 1437; x_wconf 70' lang='grc' dir='ltr'>Σωτῆρος</span> <span class='ocrx_word' id='word_1_139' title='bbox 1574 1366 1709 1438; x_wconf 75' lang='grc' dir='ltr'>περὶ</span> <span class='ocrx_word' id='word_1_140' title='bbox 1760 1365 1858 1438; x_wconf 74' lang='grc' dir='ltr'><strong>τῆς</strong></span> 
     </span>
    </p>
   </div>
   <div class='ocr_carea' id='block_1_22' title="bbox 1993 1350 3550 1438">
    <p class='ocr_par' dir='ltr' id='par_1_22' title="bbox 1993 1350 3550 1438">
     <span class='ocr_line' id='line_1_22' title="bbox 1993 1350 3550 1438; baseline -0.003 -23"><span class='ocrx_word' id='word_1_141' title='bbox 1993 1362 2036 1416; x_wconf 83' lang='lat' dir='ltr'><strong>’n</strong></span> <span class='ocrx_word' id='word_1_142' title='bbox 2062 1362 2195 1416; x_wconf 79' lang='lat' dir='ltr'><strong>illud</strong></span> <span class='ocrx_word' id='word_1_143' title='bbox 2224 1363 2423 1417; x_wconf 81' lang='lat' dir='ltr'><strong>dictum</strong></span> <span class='ocrx_word' id='word_1_144' title='bbox 2452 1381 2484 1418; x_wconf 89' lang='lat' dir='ltr'><strong>a</strong></span> <span class='ocrx_word' id='word_1_145' title='bbox 2517 1363 2824 1438; x_wconf 61' lang='lat' dir='ltr'><strong>Dominodg</strong></span> <span class='ocrx_word' id='word_1_146' title='bbox 2849 1350 3105 1426; x_wconf 61' lang='lat' dir='ltr'><strong>Ecclésia,</strong></span> <span class='ocrx_word' id='word_1_147' title='bbox 3141 1362 3281 1429; x_wconf 83' lang='lat' dir='ltr'><strong>quod</strong></span> <span class='ocrx_word' id='word_1_148' title='bbox 3316 1376 3336 1409; x_wconf 84' lang='grc'><em>‹</em></span> <span class='ocrx_word' id='word_1_149' title='bbox 3385 1364 3550 1427; x_wconf 75' lang='lat' dir='ltr'><strong>porta:</strong></span> 
     </span>
    </p>
   </div>
   <div class='ocr_carea' id='block_1_23' title="bbox 568 1433 2125 1507">
    <p class='ocr_par' dir='ltr' id='par_1_23' title="bbox 568 1433 1857 1507">
     <span class='ocr_line' id='line_1_23' title="bbox 568 1433 1857 1507; baseline 0.001 -18"><span class='ocrx_word' id='word_1_150' title='bbox 568 1433 946 1507; x_wconf 51' lang='lat' dir='ltr'><strong>’Exixnaiac,</strong></span> <span class='ocrx_word' id='word_1_151' title='bbox 971 1433 1059 1493; x_wconf 73' lang='grc' dir='ltr'>ὅτι</span> <span class='ocrx_word' id='word_1_152' title='bbox 1095 1460 1113 1491; x_wconf 77' lang='grc' dir='ltr'><strong>ι</strong></span> <span class='ocrx_word' id='word_1_153' title='bbox 1152 1442 1345 1495; x_wconf 77' lang='grc' dir='ltr'>Πύλαι</span> <span class='ocrx_word' id='word_1_154' title='bbox 1380 1433 1549 1506; x_wconf 62' lang='grc' dir='ltr'><strong>ᾄδοι).</strong></span> <span class='ocrx_word' id='word_1_155' title='bbox 1584 1458 1603 1490; x_wconf 76' lang='grc' dir='ltr'><strong>ι</strong></span> <span class='ocrx_word' id='word_1_156' title='bbox 1645 1433 1662 1438; x_wconf 54' lang='grc'>⁷</span> <span class='ocrx_word' id='word_1_157' title='bbox 1820 1433 1857 1438; x_wconf 36' lang='grc'><strong>’⁷</strong></span> 
     </span>
    </p>
   </div>
   <div class='ocr_carea' id='block_1_24' title="bbox 1290 1433 2847 1507">
    <p class='ocr_par' dir='ltr' id='par_1_24' title="bbox 1290 1433 2847 1506">
     <span class='ocr_line' id='line_1_24' title="bbox 1290 1433 2847 1506; baseline -0.004 -13"><span class='ocrx_word' id='word_1_158' title='bbox 1290 1457 1345 1493; x_wconf 87' lang='grc' dir='ltr'><strong>αι</strong></span> <span class='ocrx_word' id='word_1_159' title='bbox 1380 1433 1549 1506; x_wconf 70' lang='grc' dir='ltr'><strong>ᾅδοὺ.</strong></span> <span class='ocrx_word' id='word_1_160' title='bbox 1584 1458 1603 1490; x_wconf 76' lang='grc' dir='ltr'><strong>ι</strong></span> <span class='ocrx_word' id='word_1_161' title='bbox 1645 1433 1662 1438; x_wconf 51' lang='grc'>⁷</span> <span class='ocrx_word' id='word_1_162' title='bbox 1820 1433 1857 1438; x_wconf 36' lang='grc'><strong>’⁷</strong></span> <span class='ocrx_word' id='word_1_163' title='bbox 2604 1433 2760 1502; x_wconf 73' lang='lat' dir='ltr'><strong>inferi</strong></span> <span class='ocrx_word' id='word_1_164' title='bbox 2781 1433 2847 1487; x_wconf 82' lang='grc'><strong>⁸⁷.</strong></span> 
     </span>
    </p>
   </div>
   <div class='ocr_carea' id='block_1_25' title="bbox 361 1544 1918 1620">
    <p class='ocr_par' dir='ltr' id='par_1_25' title="bbox 361 1546 1869 1620">
     <span class='ocr_line' id='line_1_25' title="bbox 361 1546 1869 1620; baseline 0.003 -21"><span class='ocrx_word' id='word_1_165' title='bbox 361 1546 545 1611; x_wconf 80' lang='grc' dir='ltr'>Πύλας</span> <span class='ocrx_word' id='word_1_166' title='bbox 596 1550 721 1620; x_wconf 74' lang='grc' dir='ltr'>ᾅδου</span> <span class='ocrx_word' id='word_1_167' title='bbox 778 1554 806 1603; x_wconf 87' lang='grc' dir='ltr'>ὁ</span> <span class='ocrx_word' id='word_1_168' title='bbox 858 1551 999 1615; x_wconf 83' lang='grc' dir='ltr'>θεῖος</span> <span class='ocrx_word' id='word_1_169' title='bbox 1054 1552 1212 1620; x_wconf 81' lang='grc' dir='ltr'>λόγος</span> <span class='ocrx_word' id='word_1_170' title='bbox 1273 1552 1536 1618; x_wconf 77' lang='grc' dir='ltr'>ἐκάλεσε,</span> <span class='ocrx_word' id='word_1_171' title='bbox 1610 1551 1709 1614; x_wconf 83' lang='grc' dir='ltr'><strong>τὰς</strong></span> <span class='ocrx_word' id='word_1_172' title='bbox 1762 1551 1869 1603; x_wconf 83' lang='grc' dir='ltr'><strong>τῶν</strong></span> 
     </span>
    </p>
   </div>
   <div class='ocr_carea' id='block_1_26' title="bbox 1995 1544 3552 1620">
    <p class='ocr_par' dir='ltr' id='par_1_26' title="bbox 2044 1544 3552 1617">
     <span class='ocr_line' id='line_1_26' title="bbox 2044 1544 3552 1617; baseline -0.002 -17"><span class='ocrx_word' id='word_1_173' title='bbox 2044 1546 2148 1601; x_wconf 88' lang='lat' dir='ltr'><strong>Per</strong></span> <span class='ocrx_word' id='word_1_174' title='bbox 2185 1546 2340 1601; x_wconf 78' lang='lat' dir='ltr'><strong>inferi</strong></span> <span class='ocrx_word' id='word_1_175' title='bbox 2380 1557 2565 1617; x_wconf 86' lang='lat' dir='ltr'><strong>portas</strong></span> <span class='ocrx_word' id='word_1_176' title='bbox 2608 1547 2823 1601; x_wconf 87' lang='lat' dir='ltr'><strong>divinus</strong></span> <span class='ocrx_word' id='word_1_177' title='bbox 2855 1544 3045 1600; x_wconf 89' lang='lat' dir='ltr'><strong>Sermo</strong></span> <span class='ocrx_word' id='word_1_178' title='bbox 3068 1544 3355 1614; x_wconf 87' lang='lat' dir='ltr'><strong>impiorum</strong></span> <span class='ocrx_word' id='word_1_179' title='bbox 3384 1544 3552 1598; x_wconf 90' lang='lat' dir='ltr'><strong>homi-</strong></span> 
     </span>
    </p>
   </div>
   <div class='ocr_carea' id='block_1_27' title="bbox 298 1637 1855 1715">
    <p class='ocr_par' dir='ltr' id='par_1_27' title="bbox 298 1638 1855 1715">
     <span class='ocr_line' id='line_1_27' title="bbox 298 1638 1855 1715; baseline 0.004 -25"><span class='ocrx_word' id='word_1_180' title='bbox 298 1638 467 1692; x_wconf 85' lang='grc' dir='ltr'>ἀθέων</span> <span class='ocrx_word' id='word_1_181' title='bbox 496 1644 789 1713; x_wconf 83' lang='grc' dir='ltr'>τιμωρίας,</span> <span class='ocrx_word' id='word_1_182' title='bbox 813 1644 913 1707; x_wconf 81' lang='grc' dir='ltr'>τὰς</span> <span class='ocrx_word' id='word_1_183' title='bbox 931 1645 1038 1698; x_wconf 80' lang='grc' dir='ltr'><strong>τῶν</strong></span> <span class='ocrx_word' id='word_1_184' title='bbox 1063 1646 1325 1715; x_wconf 80' lang='grc' dir='ltr'><strong>αἱρέσεων</strong></span> <span class='ocrx_word' id='word_1_185' title='bbox 1350 1644 1721 1714; x_wconf 78' lang='grc' dir='ltr'><strong>βλασφημίας,</strong></span> <span class='ocrx_word' id='word_1_186' title='bbox 1754 1640 1855 1698; x_wconf 72' lang='grc' dir='ltr'><strong>αἷσ-</strong></span> 
     </span>
    </p>
   </div>
   <div class='ocr_carea' id='block_1_28' title="bbox 1990 1637 3547 1715">
    <p class='ocr_par' dir='ltr' id='par_1_28' title="bbox 1990 1637 3547 1710">
     <span class='ocr_line' id='line_1_28' title="bbox 1990 1637 3547 1710; baseline -0.001 -18"><span class='ocrx_word' id='word_1_187' title='bbox 1990 1655 2109 1693; x_wconf 80' lang='lat' dir='ltr'><strong>ium</strong></span> <span class='ocrx_word' id='word_1_188' title='bbox 2140 1649 2316 1695; x_wconf 78' lang='lat' dir='ltr'><strong>ccetus</strong></span> <span class='ocrx_word' id='word_1_189' title='bbox 2356 1650 2519 1710; x_wconf 89' lang='lat' dir='ltr'><strong>atque</strong></span> <span class='ocrx_word' id='word_1_190' title='bbox 2553 1640 2820 1694; x_wconf 71' lang='lat' dir='ltr'><strong>hmresum</strong></span> <span class='ocrx_word' id='word_1_191' title='bbox 2853 1638 3221 1707; x_wconf 85' lang='lat' dir='ltr'><strong>blasphemias</strong></span> <span class='ocrx_word' id='word_1_192' title='bbox 3252 1637 3503 1706; x_wconf 78' lang='lat' dir='ltr'><strong>intelligit</strong></span> <span class='ocrx_word' id='word_1_193' title='bbox 3532 1655 3547 1691; x_wconf 88' lang='lat'><strong>:</strong></span> 
     </span>
    </p>
   </div>
   <div class='ocr_carea' id='block_1_29' title="bbox 297 1729 1854 1806">
    <p class='ocr_par' dir='ltr' id='par_1_29' title="bbox 297 1732 1854 1806">
     <span class='ocr_line' id='line_1_29' title="bbox 297 1732 1854 1806; baseline 0.004 -25"><span class='ocrx_word' id='word_1_194' title='bbox 297 1740 399 1781; x_wconf 76' lang='grc' dir='ltr'>τισι</span> <span class='ocrx_word' id='word_1_195' title='bbox 431 1732 639 1795; x_wconf 80' lang='grc' dir='ltr'>πάσαις</span> <span class='ocrx_word' id='word_1_196' title='bbox 692 1734 1011 1789; x_wconf 80' lang='grc' dir='ltr'>ἀνθεστῶσα</span> <span class='ocrx_word' id='word_1_197' title='bbox 1038 1737 1072 1806; x_wconf 81' lang='grc' dir='ltr'>ἡ</span> <span class='ocrx_word' id='word_1_198' title='bbox 1105 1736 1199 1788; x_wconf 78' lang='grc' dir='ltr'><strong>τοῦ</strong></span> <span class='ocrx_word' id='word_1_199' title='bbox 1238 1736 1373 1788; x_wconf 82' lang='grc' dir='ltr'>Θεοῦ</span> <span class='ocrx_word' id='word_1_200' title='bbox 1419 1736 1737 1805; x_wconf 79' lang='grc' dir='ltr'>Ἐκκλησία,</span> <span class='ocrx_word' id='word_1_201' title='bbox 1770 1736 1854 1797; x_wconf 78' lang='grc' dir='ltr'><strong>τὰς</strong></span> 
     </span>
    </p>
   </div>
   <div class='ocr_carea' id='block_1_30' title="bbox 1993 1729 3550 1806">
    <p class='ocr_par' dir='ltr' id='par_1_30' title="bbox 1993 1729 3550 1800">
     <span class='ocr_line' id='line_1_30' title="bbox 1993 1729 3550 1800; baseline 0 -16"><span class='ocrx_word' id='word_1_202' title='bbox 1993 1731 2174 1798; x_wconf 70' lang='lat' dir='ltr'><strong>luibus</strong></span> <span class='ocrx_word' id='word_1_203' title='bbox 2205 1730 2455 1785; x_wconf 90' lang='lat' dir='ltr'><strong>omnibus</strong></span> <span class='ocrx_word' id='word_1_204' title='bbox 2484 1731 2757 1786; x_wconf 89' lang='lat' dir='ltr'><strong>obsistens</strong></span> <span class='ocrx_word' id='word_1_205' title='bbox 2785 1730 2875 1785; x_wconf 90' lang='lat' dir='ltr'><strong>Dei</strong></span> <span class='ocrx_word' id='word_1_206' title='bbox 2913 1729 3172 1794; x_wconf 85' lang='lat' dir='ltr'><strong>Ecclesia,</strong></span> <span class='ocrx_word' id='word_1_207' title='bbox 3205 1745 3300 1785; x_wconf 91' lang='lat' dir='ltr'><strong>eas</strong></span> <span class='ocrx_word' id='word_1_208' title='bbox 3330 1729 3550 1800; x_wconf 90' lang='lat' dir='ltr'><strong>quidem</strong></span> 
     </span>
    </p>
   </div>
   <div class='ocr_carea' id='block_1_31' title="bbox 298 1796 1855 1897">
    <p class='ocr_par' dir='ltr' id='par_1_31' title="bbox 298 1821 1855 1897">
     <span class='ocr_line' id='line_1_31' title="bbox 298 1821 1855 1897; baseline 0.004 -24"><span class='ocrx_word' id='word_1_209' title='bbox 298 1821 393 1891; x_wconf 82' lang='grc' dir='ltr'>μὲν</span> <span class='ocrx_word' id='word_1_210' title='bbox 423 1824 882 1892; x_wconf 79' lang='grc' dir='ltr'><strong>καταγωνίζεται,</strong></span> <span class='ocrx_word' id='word_1_211' title='bbox 915 1827 1019 1879; x_wconf 76' lang='grc' dir='ltr'>ὑπὸ</span> <span class='ocrx_word' id='word_1_212' title='bbox 1059 1828 1115 1880; x_wconf 81' lang='grc' dir='ltr'>δὲ</span> <span class='ocrx_word' id='word_1_213' title='bbox 1160 1827 1268 1879; x_wconf 84' lang='grc' dir='ltr'><strong>τῶν</strong></span> <span class='ocrx_word' id='word_1_214' title='bbox 1295 1827 1355 1879; x_wconf 88' lang='grc' dir='ltr'>ού</span> <span class='ocrx_word' id='word_1_215' title='bbox 1386 1826 1855 1897; x_wconf 48' lang='grc' dir='ltr'>κατακυριεύεταιι</span> 
     </span>
    </p>
   </div>
   <div class='ocr_carea' id='block_1_32' title="bbox 1989 1796 3546 1897">
    <p class='ocr_par' dir='ltr' id='par_1_32' title="bbox 1989 1796 3546 1892">
     <span class='ocr_line' id='line_1_32' title="bbox 1989 1796 3546 1892; baseline 0.002 -20"><span class='ocrx_word' id='word_1_216' title='bbox 1989 1796 2182 1892; x_wconf 56' lang='lat' dir='ltr'><strong>frangit</strong></span> <span class='ocrx_word' id='word_1_217' title='bbox 2204 1830 2259 1876; x_wconf 91' lang='lat' dir='ltr'><strong>et</strong></span> <span class='ocrx_word' id='word_1_218' title='bbox 2282 1830 2579 1892; x_wconf 79' lang='lat' dir='ltr'><strong>expugnat,</strong></span> <span class='ocrx_word' id='word_1_219' title='bbox 2612 1822 2681 1877; x_wconf 86' lang='lat' dir='ltr'><strong>ab</strong></span> <span class='ocrx_word' id='word_1_220' title='bbox 2720 1822 2785 1877; x_wconf 92' lang='lat' dir='ltr'><strong>iis</strong></span> <span class='ocrx_word' id='word_1_221' title='bbox 2818 1831 2998 1876; x_wconf 90' lang='lat' dir='ltr'><strong>autem</strong></span> <span class='ocrx_word' id='word_1_222' title='bbox 3037 1822 3178 1876; x_wconf 77' lang='lat' dir='ltr'><strong>vinci</strong></span> <span class='ocrx_word' id='word_1_223' title='bbox 3212 1837 3318 1875; x_wconf 88' lang='lat' dir='ltr'><strong>non</strong></span> <span class='ocrx_word' id='word_1_224' title='bbox 3349 1796 3546 1892; x_wconf 78' lang='lat' dir='ltr'><strong>potest.</strong></span> 
     </span>
    </p>
   </div>
   <div class='ocr_carea' id='block_1_33' title="bbox 559 1932 2116 2010">
    <p class='ocr_par' dir='ltr' id='par_1_33' title="bbox 559 1937 1597 2010">
     <span class='ocr_line' id='line_1_33' title="bbox 559 1937 1597 2010; baseline 0 -21"><span class='ocrx_word' id='word_1_225' title='bbox 559 1937 723 1992; x_wconf 85' lang='grc' dir='ltr'><strong>ΣΛΘ⁹.</strong></span> <span class='ocrx_word' id='word_1_226' title='bbox 760 1969 828 1978; x_wconf 95' lang='lat'><strong>—</strong></span> <span class='ocrx_word' id='word_1_227' title='bbox 856 1938 1103 2010; x_wconf 83' lang='grc' dir='ltr'><strong>ΛΛΦΕΙῼ</strong></span> <span class='ocrx_word' id='word_1_228' title='bbox 1130 1938 1597 2008; x_wconf 80' lang='grc' dir='ltr'><strong>ΠΡΕΣΒΥΤΕΡῼ.</strong></span> 
     </span>
    </p>
   </div>
   <div class='ocr_carea' id='block_1_34' title="bbox 1829 1932 3386 2010">
    <p class='ocr_par' dir='ltr' id='par_1_34' title="bbox 2133 1932 3386 1991">
     <span class='ocr_line' id='line_1_34' title="bbox 2133 1932 3386 1991; baseline 0.001 -3"><span class='ocrx_word' id='word_1_229' title='bbox 2133 1932 2467 1989; x_wconf 66' lang='lat' dir='ltr'><strong>CCXXXIII.</strong></span> <span class='ocrx_word' id='word_1_230' title='bbox 2496 1965 2568 1977; x_wconf 91' lang='lat'><strong>--</strong></span> <span class='ocrx_word' id='word_1_231' title='bbox 2592 1934 2849 1990; x_wconf 82' lang='lat' dir='ltr'><strong>ALPHIO</strong></span> <span class='ocrx_word' id='word_1_232' title='bbox 2900 1933 3386 1991; x_wconf 77' lang='lat' dir='ltr'><strong>PRESBYTERO.</strong></span> 
     </span>
    </p>
   </div>
   <div class='ocr_carea' id='block_1_35' title="bbox 370 2045 1927 2123">
    <p class='ocr_par' dir='ltr' id='par_1_35' title="bbox 370 2049 1869 2123">
     <span class='ocr_line' id='line_1_35' title="bbox 370 2049 1869 2123; baseline -0.005 -15"><span class='ocrx_word' id='word_1_233' title='bbox 370 2054 439 2108; x_wconf 85' lang='grc' dir='ltr'><strong><em>Ἥ</em></strong></span> <span class='ocrx_word' id='word_1_234' title='bbox 466 2056 525 2107; x_wconf 78' lang='grc' dir='ltr'>ὲν</span> <span class='ocrx_word' id='word_1_235' title='bbox 554 2053 631 2123; x_wconf 82' lang='grc' dir='ltr'>τῷ</span> <span class='ocrx_word' id='word_1_236' title='bbox 661 2053 777 2123; x_wconf 77' lang='grc' dir='ltr'>ὄρει</span> <span class='ocrx_word' id='word_1_237' title='bbox 818 2053 1238 2122; x_wconf 71' lang='grc' dir='ltr'>μεταμόρερωσις</span> <span class='ocrx_word' id='word_1_238' title='bbox 1268 2049 1361 2103; x_wconf 74' lang='grc' dir='ltr'><strong>τοῦ</strong></span> <span class='ocrx_word' id='word_1_239' title='bbox 1402 2049 1673 2102; x_wconf 75' lang='grc' dir='ltr'>Δεσπότου</span> <span class='ocrx_word' id='word_1_240' title='bbox 1716 2049 1869 2120; x_wconf 82' lang='grc' dir='ltr'>ὑμῶν</span> 
     </span>
    </p>
   </div>
   <div class='ocr_carea' id='block_1_36' title="bbox 1996 2045 3553 2123">
    <p class='ocr_par' dir='ltr' id='par_1_36' title="bbox 2049 2045 3553 2118">
     <span class='ocr_line' id='line_1_36' title="bbox 2049 2045 3553 2118; baseline 0.002 -19"><span class='ocrx_word' id='word_1_241' title='bbox 2049 2045 2262 2101; x_wconf 88' lang='lat' dir='ltr'><strong>Domini</strong></span> <span class='ocrx_word' id='word_1_242' title='bbox 2310 2062 2374 2102; x_wconf 91' lang='lat' dir='ltr'><strong>ac</strong></span> <span class='ocrx_word' id='word_1_243' title='bbox 2416 2047 2716 2102; x_wconf 86' lang='lat' dir='ltr'><strong>Salvatoris</strong></span> <span class='ocrx_word' id='word_1_244' title='bbox 2751 2051 2920 2103; x_wconf 90' lang='lat' dir='ltr'><strong>nostri</strong></span> <span class='ocrx_word' id='word_1_245' title='bbox 2960 2050 3012 2103; x_wconf 92' lang='lat' dir='ltr'><strong>in</strong></span> <span class='ocrx_word' id='word_1_246' title='bbox 3041 2058 3222 2103; x_wconf 91' lang='lat' dir='ltr'><strong>moute</strong></span> <span class='ocrx_word' id='word_1_247' title='bbox 3261 2050 3553 2118; x_wconf 86' lang='lat' dir='ltr'><strong>transligu-</strong></span> 
     </span>
    </p>
   </div>
   <div class='ocr_carea' id='block_1_37' title="bbox 295 2138 1852 2216">
    <p class='ocr_par' dir='ltr' id='par_1_37' title="bbox 295 2140 1852 2216">
     <span class='ocr_line' id='line_1_37' title="bbox 295 2140 1852 2216; baseline -0.006 -14"><span class='ocrx_word' id='word_1_248' title='bbox 295 2150 390 2202; x_wconf 73' lang='grc' dir='ltr'>καὶ</span> <span class='ocrx_word' id='word_1_249' title='bbox 445 2146 700 2216; x_wconf 77' lang='grc' dir='ltr'><strong>Σωτῆρος</strong></span> <span class='ocrx_word' id='word_1_250' title='bbox 727 2185 743 2210; x_wconf 94' lang='grc'>,</span> <span class='ocrx_word' id='word_1_251' title='bbox 794 2144 893 2215; x_wconf 86' lang='grc' dir='ltr'><strong>τὴν</strong></span> <span class='ocrx_word' id='word_1_252' title='bbox 940 2146 1005 2197; x_wconf 84' lang='grc' dir='ltr'>ὲκ</span> <span class='ocrx_word' id='word_1_253' title='bbox 1051 2144 1260 2211; x_wconf 83' lang='grc' dir='ltr'>νεκρῶν</span> <span class='ocrx_word' id='word_1_254' title='bbox 1305 2141 1664 2206; x_wconf 76' lang='grc' dir='ltr'><strong>ἐξανάστασιν</strong></span> <span class='ocrx_word' id='word_1_255' title='bbox 1712 2140 1852 2212; x_wconf 56' lang='grc' dir='ltr'><strong>ήμῶι</strong></span> 
     </span>
    </p>
   </div>
   <div class='ocr_carea' id='block_1_38' title="bbox 1993 2138 3550 2216">
    <p class='ocr_par' dir='ltr' id='par_1_38' title="bbox 1993 2138 3550 2195">
     <span class='ocr_line' id='line_1_38' title="bbox 1993 2138 3550 2195; baseline 0.001 -4"><span class='ocrx_word' id='word_1_256' title='bbox 1993 2140 2109 2193; x_wconf 71' lang='grc' dir='ltr'><strong>’81Ῐο</strong></span> <span class='ocrx_word' id='word_1_257' title='bbox 2132 2138 2177 2171; x_wconf 81' lang='grc'><strong>⁸⁸</strong></span> <span class='ocrx_word' id='word_1_258' title='bbox 2210 2149 2454 2194; x_wconf 90' lang='lat' dir='ltr'><strong>nostram</strong></span> <span class='ocrx_word' id='word_1_259' title='bbox 2513 2156 2543 2193; x_wconf 86' lang='lat' dir='ltr'><strong>a</strong></span> <span class='ocrx_word' id='word_1_260' title='bbox 2604 2150 2781 2195; x_wconf 90' lang='lat' dir='ltr'><strong>morte</strong></span> <span class='ocrx_word' id='word_1_261' title='bbox 2834 2142 2899 2195; x_wconf 88' lang='lat' dir='ltr'><strong>ad</strong></span> <span class='ocrx_word' id='word_1_262' title='bbox 2953 2141 3119 2194; x_wconf 80' lang='lat' dir='ltr'><strong>vitam</strong></span> <span class='ocrx_word' id='word_1_263' title='bbox 3167 2140 3550 2195; x_wconf 80' lang='lat' dir='ltr'><strong>excitationem</strong></span> 
     </span>
    </p>
   </div>
   <div class='ocr_carea' id='block_1_39' title="bbox 295 2230 1852 2310">
    <p class='ocr_par' dir='ltr' id='par_1_39' title="bbox 295 2232 1852 2310">
     <span class='ocr_line' id='line_1_39' title="bbox 295 2232 1852 2310; baseline -0.005 -19"><span class='ocrx_word' id='word_1_264' title='bbox 295 2239 611 2310; x_wconf 80' lang='grc' dir='ltr'><strong>προεδήλου,</strong></span> <span class='ocrx_word' id='word_1_265' title='bbox 645 2239 840 2308; x_wconf 72' lang='grc' dir='ltr'>ἥντινα</span> <span class='ocrx_word' id='word_1_266' title='bbox 871 2236 965 2289; x_wconf 75' lang='grc' dir='ltr'><strong>καὶ</strong></span> <span class='ocrx_word' id='word_1_267' title='bbox 998 2236 1284 2304; x_wconf 79' lang='grc' dir='ltr'>φυλάττειν</span> <span class='ocrx_word' id='word_1_268' title='bbox 1310 2236 1366 2287; x_wconf 86' lang='grc' dir='ltr'>ὲν</span> <span class='ocrx_word' id='word_1_269' title='bbox 1403 2234 1615 2295; x_wconf 78' lang='grc' dir='ltr'><strong>ἑαυτοῖς</strong></span> <span class='ocrx_word' id='word_1_270' title='bbox 1644 2232 1693 2285; x_wconf 82' lang='grc' dir='ltr'><strong>οἱ</strong></span> <span class='ocrx_word' id='word_1_271' title='bbox 1747 2232 1852 2285; x_wconf 83' lang='grc' dir='ltr'>Θεα·</span> 
     </span>
    </p>
   </div>
   <div class='ocr_carea' id='block_1_40' title="bbox 1993 2230 3550 2310">
    <p class='ocr_par' dir='ltr' id='par_1_40' title="bbox 1993 2230 3550 2302">
     <span class='ocr_line' id='line_1_40' title="bbox 1993 2230 3550 2302; baseline 0.001 -19"><span class='ocrx_word' id='word_1_272' title='bbox 1993 2230 2339 2301; x_wconf 76' lang='lat' dir='ltr'><strong>mnsignahat</strong></span> <span class='ocrx_word' id='word_1_273' title='bbox 2377 2249 2392 2284; x_wconf 90' lang='lat'>:</span> <span class='ocrx_word' id='word_1_274' title='bbox 2435 2246 2597 2300; x_wconf 90' lang='lat' dir='ltr'><strong>quam</strong></span> <span class='ocrx_word' id='word_1_275' title='bbox 2630 2232 2847 2302; x_wconf 88' lang='lat' dir='ltr'><strong>quidem</strong></span> <span class='ocrx_word' id='word_1_276' title='bbox 2875 2233 3037 2287; x_wconf 90' lang='lat' dir='ltr'><strong>etiam</strong></span> <span class='ocrx_word' id='word_1_277' title='bbox 3071 2246 3241 2301; x_wconf 82' lang='lat' dir='ltr'><strong>usque</strong></span> <span class='ocrx_word' id='word_1_278' title='bbox 3282 2232 3349 2286; x_wconf 88' lang='lat' dir='ltr'><strong>ad</strong></span> <span class='ocrx_word' id='word_1_279' title='bbox 3382 2231 3550 2300; x_wconf 84' lang='lat' dir='ltr'><strong>ipsius</strong></span> 
     </span>
    </p>
   </div>
   <div class='ocr_carea' id='block_1_41' title="bbox 293 2323 1850 2399">
    <p class='ocr_par' dir='ltr' id='par_1_41' title="bbox 293 2323 1845 2399">
     <span class='ocr_line' id='line_1_41' title="bbox 293 2323 1845 2399; baseline -0.005 -16"><span class='ocrx_word' id='word_1_280' title='bbox 293 2332 382 2384; x_wconf 77' lang='grc' dir='ltr'><strong>ταὶ</strong></span> <span class='ocrx_word' id='word_1_281' title='bbox 441 2329 875 2399; x_wconf 81' lang='grc' dir='ltr'>προσετάττοντο</span> <span class='ocrx_word' id='word_1_282' title='bbox 924 2327 1087 2398; x_wconf 86' lang='grc' dir='ltr'>μέχρι</span> <span class='ocrx_word' id='word_1_283' title='bbox 1138 2327 1237 2396; x_wconf 83' lang='grc' dir='ltr'><strong>τῆς</strong></span> <span class='ocrx_word' id='word_1_284' title='bbox 1284 2323 1451 2379; x_wconf 78' lang='grc' dir='ltr'>αὐτοῦ</span> <span class='ocrx_word' id='word_1_285' title='bbox 1496 2325 1845 2385; x_wconf 84' lang='grc' dir='ltr'>ἀναστάσεως</span> 
     </span>
    </p>
   </div>
   <div class='ocr_carea' id='block_1_42' title="bbox 1996 2323 3553 2399">
    <p class='ocr_par' dir='ltr' id='par_1_42' title="bbox 1996 2323 3553 2393">
     <span class='ocr_line' id='line_1_42' title="bbox 1996 2323 3553 2393; baseline 0.001 -17"><span class='ocrx_word' id='word_1_286' title='bbox 1996 2323 2444 2387; x_wconf 56' lang='grc' dir='ltr'>λοειιττεοιίοηεηι,</span> <span class='ocrx_word' id='word_1_287' title='bbox 2491 2324 2711 2378; x_wconf 83' lang='lat' dir='ltr'><strong>tacitam</strong></span> <span class='ocrx_word' id='word_1_288' title='bbox 2758 2324 2896 2393; x_wconf 84' lang='lat' dir='ltr'><strong>apud</strong></span> <span class='ocrx_word' id='word_1_289' title='bbox 2948 2337 3006 2378; x_wconf 86' lang='lat' dir='ltr'><strong>se</strong></span> <span class='ocrx_word' id='word_1_290' title='bbox 3052 2331 3239 2377; x_wconf 88' lang='lat' dir='ltr'><strong>tenere</strong></span> <span class='ocrx_word' id='word_1_291' title='bbox 3272 2331 3553 2391; x_wconf 86' lang='lat' dir='ltr'><strong>spectato-</strong></span> 
     </span>
    </p>
   </div>
   <div class='ocr_carea' id='block_1_43' title="bbox 293 2411 1850 2490">
    <p class='ocr_par' dir='ltr' id='par_1_43' title="bbox 293 2411 1850 2490">
     <span class='ocr_line' id='line_1_43' title="bbox 293 2411 1850 2490; baseline -0.004 -17"><span class='ocrx_word' id='word_1_292' title='bbox 293 2420 361 2484; x_wconf 81' lang='grc' dir='ltr'><strong>ὼς</strong></span> <span class='ocrx_word' id='word_1_293' title='bbox 413 2420 536 2474; x_wconf 85' lang='grc' dir='ltr'>τότε</span> <span class='ocrx_word' id='word_1_294' title='bbox 585 2419 780 2490; x_wconf 78' lang='grc' dir='ltr'>πιστὴν</span> <span class='ocrx_word' id='word_1_295' title='bbox 828 2419 938 2487; x_wconf 71' lang='lat'><strong>(25)</strong></span> <span class='ocrx_word' id='word_1_296' title='bbox 1000 2418 1420 2488; x_wconf 81' lang='grc' dir='ltr'>φανησομένην,</span> <span class='ocrx_word' id='word_1_297' title='bbox 1467 2411 1555 2469; x_wconf 73' lang='grc' dir='ltr'><strong>οἷα</strong></span> <span class='ocrx_word' id='word_1_298' title='bbox 1600 2414 1678 2486; x_wconf 82' lang='grc' dir='ltr'><strong>τῷ</strong></span> <span class='ocrx_word' id='word_1_299' title='bbox 1724 2414 1850 2485; x_wconf 64' lang='grc' dir='ltr'>ἐργιε</span> 
     </span>
    </p>
   </div>
   <div class='ocr_carea' id='block_1_44' title="bbox 1994 2411 3551 2490">
    <p class='ocr_par' dir='ltr' id='par_1_44' title="bbox 1994 2413 3551 2485">
     <span class='ocr_line' id='line_1_44' title="bbox 1994 2413 3551 2485; baseline -0.001 -18"><span class='ocrx_word' id='word_1_300' title='bbox 1994 2428 2057 2467; x_wconf 77' lang='lat' dir='ltr'><strong>&#39;es</strong></span> <span class='ocrx_word' id='word_1_301' title='bbox 2086 2413 2439 2483; x_wconf 86' lang='lat' dir='ltr'><strong>jubebantur,</strong></span> <span class='ocrx_word' id='word_1_302' title='bbox 2497 2423 2681 2485; x_wconf 86' lang='lat' dir='ltr'><strong>utpote</strong></span> <span class='ocrx_word' id='word_1_303' title='bbox 2732 2424 2844 2469; x_wconf 92' lang='lat' dir='ltr'><strong>tum</strong></span> <span class='ocrx_word' id='word_1_304' title='bbox 2898 2415 3055 2470; x_wconf 82' lang='lat' dir='ltr'><strong>tidem</strong></span> <span class='ocrx_word' id='word_1_305' title='bbox 3089 2415 3457 2475; x_wconf 82' lang='lat' dir='ltr'><strong>inventuram,</strong></span> <span class='ocrx_word' id='word_1_306' title='bbox 3492 2422 3551 2467; x_wconf 84' lang='lat' dir='ltr'><strong>ut</strong></span> 
     </span>
    </p>
   </div>
   <div class='ocr_carea' id='block_1_45' title="bbox 293 2498 1850 2584">
    <p class='ocr_par' dir='ltr' id='par_1_45' title="bbox 293 2506 1850 2584">
     <span class='ocr_line' id='line_1_45' title="bbox 293 2506 1850 2584; baseline -0.004 -20"><span class='ocrx_word' id='word_1_307' title='bbox 293 2513 602 2584; x_wconf 77' lang='grc' dir='ltr'><strong>ὁρωμένην.</strong></span> <span class='ocrx_word' id='word_1_308' title='bbox 645 2511 710 2568; x_wconf 70' lang='grc' dir='ltr'><strong>’Β</strong></span> <span class='ocrx_word' id='word_1_309' title='bbox 742 2511 801 2563; x_wconf 84' lang='grc' dir='ltr'><strong>δὲ</strong></span> <span class='ocrx_word' id='word_1_310' title='bbox 826 2509 1071 2573; x_wconf 82' lang='grc' dir='ltr'>Μωσέως</span> <span class='ocrx_word' id='word_1_311' title='bbox 1102 2509 1198 2561; x_wconf 74' lang='grc' dir='ltr'>καὶ</span> <span class='ocrx_word' id='word_1_312' title='bbox 1236 2508 1419 2561; x_wconf 80' lang='grc' dir='ltr'>Ἡλίου</span> <span class='ocrx_word' id='word_1_313' title='bbox 1451 2507 1748 2579; x_wconf 82' lang='grc' dir='ltr'><strong>παρουσία,</strong></span> <span class='ocrx_word' id='word_1_314' title='bbox 1772 2506 1850 2576; x_wconf 63' lang='grc' dir='ltr'><strong>τὴπ</strong></span> 
     </span>
    </p>
   </div>
   <div class='ocr_carea' id='block_1_46' title="bbox 1996 2498 3553 2584">
    <p class='ocr_par' dir='ltr' id='par_1_46' title="bbox 1996 2498 3553 2576">
     <span class='ocr_line' id='line_1_46' title="bbox 1996 2498 3553 2576; baseline 0.001 -20"><span class='ocrx_word' id='word_1_315' title='bbox 1996 2518 2089 2571; x_wconf 70' lang='lat' dir='ltr'><strong>lum</strong></span> <span class='ocrx_word' id='word_1_316' title='bbox 2101 2504 2210 2573; x_wconf 87' lang='lat' dir='ltr'><strong>jam</strong></span> <span class='ocrx_word' id='word_1_317' title='bbox 2248 2498 2423 2575; x_wconf 81' lang='lat' dir='ltr'><strong>reipsa</strong></span> <span class='ocrx_word' id='word_1_318' title='bbox 2448 2506 2866 2576; x_wconf 86' lang='lat' dir='ltr'><strong>perspiceretur.</strong></span> <span class='ocrx_word' id='word_1_319' title='bbox 2912 2506 3074 2562; x_wconf 83' lang='lat' dir='ltr'><strong>Mosis</strong></span> <span class='ocrx_word' id='word_1_320' title='bbox 3100 2517 3279 2560; x_wconf 89' lang='lat' dir='ltr'><strong>autem</strong></span> <span class='ocrx_word' id='word_1_321' title='bbox 3305 2514 3362 2560; x_wconf 83' lang='lat' dir='ltr'><strong>et</strong></span> <span class='ocrx_word' id='word_1_322' title='bbox 3387 2502 3553 2558; x_wconf 70' lang='lat' dir='ltr'><strong>Helia:</strong></span> 
     </span>
    </p>
   </div>
   <div class='ocr_carea' id='block_1_47' title="bbox 296 2595 1853 2673">
    <p class='ocr_par' dir='ltr' id='par_1_47' title="bbox 296 2597 1853 2673">
     <span class='ocr_line' id='line_1_47' title="bbox 296 2597 1853 2673; baseline -0.004 -16"><span class='ocrx_word' id='word_1_323' title='bbox 296 2601 513 2667; x_wconf 78' lang='grc' dir='ltr'>ζώντων</span> <span class='ocrx_word' id='word_1_324' title='bbox 546 2603 642 2656; x_wconf 78' lang='grc' dir='ltr'><strong>καὶ</strong></span> <span class='ocrx_word' id='word_1_325' title='bbox 669 2601 881 2673; x_wconf 84' lang='grc' dir='ltr'>νεκρῶν</span> <span class='ocrx_word' id='word_1_326' title='bbox 925 2600 1307 2672; x_wconf 79' lang='grc' dir='ltr'>ἐμαρτύρησεν</span> <span class='ocrx_word' id='word_1_327' title='bbox 1336 2597 1485 2668; x_wconf 82' lang='grc' dir='ltr'>αὐτῷ</span> <span class='ocrx_word' id='word_1_328' title='bbox 1528 2597 1853 2651; x_wconf 70' lang='grc' dir='ltr'>δεσποτείαν</span> 
     </span>
    </p>
   </div>
   <div class='ocr_carea' id='block_1_48' title="bbox 1995 2595 3552 2673">
    <p class='ocr_par' dir='ltr' id='par_1_48' title="bbox 1995 2595 3552 2662">
     <span class='ocr_line' id='line_1_48' title="bbox 1995 2595 3552 2662; baseline 0.001 -14"><span class='ocrx_word' id='word_1_329' title='bbox 1995 2597 2262 2650; x_wconf 68' lang='grc' dir='ltr'>ιτιεεθιιιὶα</span> <span class='ocrx_word' id='word_1_330' title='bbox 2308 2600 2411 2652; x_wconf 88' lang='lat' dir='ltr'><strong>hoc</strong></span> <span class='ocrx_word' id='word_1_331' title='bbox 2452 2597 2777 2662; x_wconf 86' lang='lat' dir='ltr'><strong>testabatur,</strong></span> <span class='ocrx_word' id='word_1_332' title='bbox 2811 2612 2937 2653; x_wconf 91' lang='lat' dir='ltr'><strong>eum</strong></span> <span class='ocrx_word' id='word_1_333' title='bbox 2964 2607 3020 2653; x_wconf 88' lang='lat' dir='ltr'><strong>et</strong></span> <span class='ocrx_word' id='word_1_334' title='bbox 3044 2598 3185 2652; x_wconf 85' lang='lat' dir='ltr'><strong>vivis</strong></span> <span class='ocrx_word' id='word_1_335' title='bbox 3228 2607 3284 2653; x_wconf 90' lang='lat' dir='ltr'><strong>et</strong></span> <span class='ocrx_word' id='word_1_336' title='bbox 3321 2595 3552 2652; x_wconf 85' lang='lat' dir='ltr'><strong>mortuis</strong></span> 
     </span>
    </p>
   </div>
   <div class='ocr_carea' id='block_1_49' title="bbox 1972 2686 2260 2742">
    <p class='ocr_par' dir='ltr' id='par_1_49' title="bbox 1972 2686 2260 2742">
     <span class='ocr_line' id='line_1_49' title="bbox 1972 2686 2260 2742; baseline 0.014 -4"><span class='ocrx_word' id='word_1_337' title='bbox 1972 2686 2260 2742; x_wconf 85' lang='lat' dir='ltr'><strong>dominari.</strong></span> 
     </span>
    </p>
   </div>
   <div class='ocr_carea' id='block_1_50' title="bbox 776 2799 2333 2872">
    <p class='ocr_par' dir='ltr' id='par_1_50' title="bbox 776 2799 1375 2872">
     <span class='ocr_line' id='line_1_50' title="bbox 776 2799 1375 2872; baseline 0.005 -19"><span class='ocrx_word' id='word_1_338' title='bbox 776 2800 909 2854; x_wconf 72' lang='grc' dir='ltr'><strong>ΣΜν.</strong></span> <span class='ocrx_word' id='word_1_339' title='bbox 940 2829 1009 2841; x_wconf 92' lang='grc'><strong><em>-</em></strong></span> <span class='ocrx_word' id='word_1_340' title='bbox 1041 2799 1375 2872; x_wconf 76' lang='grc' dir='ltr'><strong>ΚΥΡΗΝΙῼ.</strong></span> 
     </span>
    </p>
   </div>
   <div class='ocr_carea' id='block_1_51' title="bbox 1533 2799 3090 2872">
    <p class='ocr_par' dir='ltr' id='par_1_51' title="bbox 2430 2800 3090 2859">
     <span class='ocr_line' id='line_1_51' title="bbox 2430 2800 3090 2859; baseline 0.003 -4"><span class='ocrx_word' id='word_1_341' title='bbox 2430 2802 2629 2858; x_wconf 73' lang='lat' dir='ltr'><strong>CCXL.</strong></span> <span class='ocrx_word' id='word_1_342' title='bbox 2661 2832 2731 2843; x_wconf 93' lang='lat'><strong>—-</strong></span> <span class='ocrx_word' id='word_1_343' title='bbox 2764 2800 3090 2859; x_wconf 81' lang='lat' dir='ltr'><strong>CYRENIO.</strong></span> 
     </span>
    </p>
   </div>
   <div class='ocr_carea' id='block_1_52' title="bbox 420 2891 1977 2959">
    <p class='ocr_par' dir='ltr' id='par_1_52' title="bbox 420 2891 1742 2959">
     <span class='ocr_line' id='line_1_52' title="bbox 420 2891 1742 2959; baseline 0 -14"><span class='ocrx_word' id='word_1_344' title='bbox 420 2891 551 2945; x_wconf 74' lang='grc' dir='ltr'>Ὀτι</span> <span class='ocrx_word' id='word_1_345' title='bbox 577 2893 691 2946; x_wconf 82' lang='grc' dir='ltr'>οὐκ</span> <span class='ocrx_word' id='word_1_346' title='bbox 718 2892 889 2946; x_wconf 73' lang='grc' dir='ltr'>ἐστιν</span> <span class='ocrx_word' id='word_1_347' title='bbox 915 2892 1105 2958; x_wconf 78' lang='grc' dir='ltr'>αἴτιος</span> <span class='ocrx_word' id='word_1_348' title='bbox 1130 2891 1248 2945; x_wconf 80' lang='grc' dir='ltr'>τῶν</span> <span class='ocrx_word' id='word_1_349' title='bbox 1278 2891 1480 2949; x_wconf 75' lang='grc' dir='ltr'>κακῶν</span> <span class='ocrx_word' id='word_1_350' title='bbox 1509 2894 1540 2946; x_wconf 84' lang='grc'><em>6</em></span> <span class='ocrx_word' id='word_1_351' title='bbox 1575 2892 1742 2959; x_wconf 78' lang='grc' dir='ltr'><strong>Θεός.</strong></span> 
     </span>
    </p>
   </div>
   <div class='ocr_carea' id='block_1_53' title="bbox 1721 2891 3278 2959">
    <p class='ocr_par' dir='ltr' id='par_1_53' title="bbox 1721 2893 3278 2950">
     <span class='ocr_line' id='line_1_53' title="bbox 1721 2893 3278 2950; baseline 0.003 -4"><span class='ocrx_word' id='word_1_352' title='bbox 1721 2918 1742 2946; x_wconf 60' lang='grc' dir='ltr'>ι.</span> <span class='ocrx_word' id='word_1_353' title='bbox 2241 2893 2406 2947; x_wconf 80' lang='lat' dir='ltr'><strong>Deum</strong></span> <span class='ocrx_word' id='word_1_354' title='bbox 2436 2911 2539 2948; x_wconf 81' lang='lat' dir='ltr'><strong>non</strong></span> <span class='ocrx_word' id='word_1_355' title='bbox 2562 2911 2673 2950; x_wconf 80' lang='lat' dir='ltr'><strong>esse</strong></span> <span class='ocrx_word' id='word_1_356' title='bbox 2696 2895 2961 2949; x_wconf 83' lang='lat' dir='ltr'><strong>malorum</strong></span> <span class='ocrx_word' id='word_1_357' title='bbox 2990 2906 3278 2950; x_wconf 77' lang='lat' dir='ltr'><strong>auctorem.</strong></span> 
     </span>
    </p>
   </div>
   <div class='ocr_carea' id='block_1_54' title="bbox 356 3004 1913 3077">
    <p class='ocr_par' dir='ltr' id='par_1_54' title="bbox 356 3004 1871 3070">
     <span class='ocr_line' id='line_1_54' title="bbox 356 3004 1871 3070; baseline 0 -11"><span class='ocrx_word' id='word_1_358' title='bbox 356 3004 425 3059; x_wconf 86' lang='grc' dir='ltr'>Εί</span> <span class='ocrx_word' id='word_1_359' title='bbox 464 3005 577 3058; x_wconf 83' lang='grc' dir='ltr'><strong>τῶν</strong></span> <span class='ocrx_word' id='word_1_360' title='bbox 618 3005 805 3059; x_wconf 83' lang='grc' dir='ltr'>κακῶν</span> <span class='ocrx_word' id='word_1_361' title='bbox 852 3004 1023 3059; x_wconf 84' lang='grc' dir='ltr'>αῐτιόν</span> <span class='ocrx_word' id='word_1_362' title='bbox 1054 3006 1169 3059; x_wconf 73' lang='grc' dir='ltr'>ἐστι</span> <span class='ocrx_word' id='word_1_363' title='bbox 1215 3006 1276 3058; x_wconf 78' lang='grc' dir='ltr'><strong>τὸ</strong></span> <span class='ocrx_word' id='word_1_364' title='bbox 1318 3005 1505 3069; x_wconf 87' lang='grc' dir='ltr'><strong>Θείον,¹</strong></span> <span class='ocrx_word' id='word_1_365' title='bbox 1541 3006 1658 3070; x_wconf 84' lang='grc' dir='ltr'>πῶς</span> <span class='ocrx_word' id='word_1_366' title='bbox 1688 3006 1780 3060; x_wconf 71' lang='grc' dir='ltr'>ἐπὶ</span> <span class='ocrx_word' id='word_1_367' title='bbox 1810 3005 1871 3059; x_wconf 79' lang='grc' dir='ltr'>σὲ</span> 
     </span>
    </p>
   </div>
   <div class='ocr_carea' id='block_1_55' title="bbox 1999 3004 3556 3077">
    <p class='ocr_par' dir='ltr' id='par_1_55' title="bbox 2046 3006 3556 3077">
     <span class='ocr_line' id='line_1_55' title="bbox 2046 3006 3556 3077; baseline -0.001 -14"><span class='ocrx_word' id='word_1_368' title='bbox 2046 3006 2102 3063; x_wconf 90' lang='lat' dir='ltr'><strong>Si</strong></span> <span class='ocrx_word' id='word_1_369' title='bbox 2149 3007 2290 3063; x_wconf 88' lang='lat' dir='ltr'><strong>Deus</strong></span> <span class='ocrx_word' id='word_1_370' title='bbox 2324 3008 2587 3063; x_wconf 88' lang='lat' dir='ltr'><strong>malorum</strong></span> <span class='ocrx_word' id='word_1_371' title='bbox 2616 3016 2807 3062; x_wconf 88' lang='lat' dir='ltr'><strong>auctor</strong></span> <span class='ocrx_word' id='word_1_372' title='bbox 2854 3018 2955 3072; x_wconf 86' lang='lat' dir='ltr'><strong>est,</strong></span> <span class='ocrx_word' id='word_1_373' title='bbox 2992 3010 3080 3077; x_wconf 92' lang='lat' dir='ltr'><strong>qui</strong></span> <span class='ocrx_word' id='word_1_374' title='bbox 3135 3009 3195 3063; x_wconf 77' lang='lat' dir='ltr'><strong>fit</strong></span> <span class='ocrx_word' id='word_1_375' title='bbox 3228 3017 3285 3062; x_wconf 90' lang='lat' dir='ltr'><strong>ut</strong></span> <span class='ocrx_word' id='word_1_376' title='bbox 3311 3022 3473 3077; x_wconf 86' lang='lat' dir='ltr'><strong>super</strong></span> <span class='ocrx_word' id='word_1_377' title='bbox 3506 3019 3556 3063; x_wconf 87' lang='lat' dir='ltr'><strong>te</strong></span> 
     </span>
    </p>
   </div>
   <div class='ocr_carea' id='block_1_56' title="bbox 296 3090 1853 3195">
    <p class='ocr_par' dir='ltr' id='par_1_56' title="bbox 296 3090 1853 3165">
     <span class='ocr_line' id='line_1_56' title="bbox 296 3090 1853 3165; baseline 0.001 -18"><span class='ocrx_word' id='word_1_378' title='bbox 296 3090 372 3149; x_wconf 77' lang='grc' dir='ltr'><strong>ὕει</strong></span> <span class='ocrx_word' id='word_1_379' title='bbox 404 3137 420 3162; x_wconf 91' lang='grc'>,</span> <span class='ocrx_word' id='word_1_380' title='bbox 478 3096 576 3148; x_wconf 76' lang='grc' dir='ltr'><strong>καὶ</strong></span> <span class='ocrx_word' id='word_1_381' title='bbox 629 3095 782 3164; x_wconf 75' lang='grc' dir='ltr'>ἥλιον</span> <span class='ocrx_word' id='word_1_382' title='bbox 834 3095 1146 3160; x_wconf 80' lang='grc' dir='ltr'>ἀνατέλλει,</span> <span class='ocrx_word' id='word_1_383' title='bbox 1197 3095 1293 3148; x_wconf 68' lang='grc' dir='ltr'><strong>καὶ</strong></span> <span class='ocrx_word' id='word_1_384' title='bbox 1352 3097 1512 3165; x_wconf 84' lang='grc' dir='ltr'>μέχρι</span> <span class='ocrx_word' id='word_1_385' title='bbox 1568 3096 1750 3165; x_wconf 80' lang='grc' dir='ltr'>γήρως</span> <span class='ocrx_word' id='word_1_386' title='bbox 1810 3110 1853 3148; x_wconf 81' lang='grc' dir='ltr'>σε</span> 
     </span>
    </p>
   </div>
   <div class='ocr_carea' id='block_1_57' title="bbox 1997 3090 3554 3195">
    <p class='ocr_par' dir='ltr' id='par_1_57' title="bbox 1997 3098 3554 3168">
     <span class='ocr_line' id='line_1_57' title="bbox 1997 3098 3554 3168; baseline 0 -15"><span class='ocrx_word' id='word_1_387' title='bbox 1997 3098 2126 3153; x_wconf 71' lang='lat' dir='ltr'><strong>iluat</strong></span> <span class='ocrx_word' id='word_1_388' title='bbox 2178 3114 2242 3154; x_wconf 91' lang='lat' dir='ltr'><strong>ac</strong></span> <span class='ocrx_word' id='word_1_389' title='bbox 2300 3099 2468 3154; x_wconf 89' lang='lat' dir='ltr'><strong>solem</strong></span> <span class='ocrx_word' id='word_1_390' title='bbox 2526 3099 2657 3153; x_wconf 89' lang='lat' dir='ltr'><strong>oriri</strong></span> <span class='ocrx_word' id='word_1_391' title='bbox 2735 3098 2921 3163; x_wconf 78' lang='lat' dir='ltr'><strong>iaciat,</strong></span> <span class='ocrx_word' id='word_1_392' title='bbox 2965 3108 3128 3168; x_wconf 90' lang='lat' dir='ltr'><strong>atque</strong></span> <span class='ocrx_word' id='word_1_393' title='bbox 3200 3100 3265 3154; x_wconf 87' lang='lat' dir='ltr'><strong>ad</strong></span> <span class='ocrx_word' id='word_1_394' title='bbox 3322 3100 3554 3155; x_wconf 88' lang='lat' dir='ltr'><strong>senilem</strong></span> 
     </span>
    </p>
   </div>
   <div class='ocr_carea' id='block_1_58' title="bbox 295 3187 1852 3261">
    <p class='ocr_par' dir='ltr' id='par_1_58' title="bbox 295 3187 1848 3261">
     <span class='ocr_line' id='line_1_58' title="bbox 295 3187 1848 3261; baseline -0.001 -19"><span class='ocrx_word' id='word_1_395' title='bbox 295 3189 615 3261; x_wconf 77' lang='grc' dir='ltr'>παρέτεινεν</span> <span class='ocrx_word' id='word_1_396' title='bbox 646 3188 901 3253; x_wconf 77' lang='grc' dir='ltr'>ἐνταῦθα,</span> <span class='ocrx_word' id='word_1_397' title='bbox 921 3188 1130 3241; x_wconf 81' lang='grc' dir='ltr'>πολλῶν</span> <span class='ocrx_word' id='word_1_398' title='bbox 1151 3188 1248 3258; x_wconf 83' lang='grc' dir='ltr'>μὲν</span> <span class='ocrx_word' id='word_1_399' title='bbox 1276 3187 1426 3254; x_wconf 78' lang='grc' dir='ltr'>ἄξιον</span> <span class='ocrx_word' id='word_1_400' title='bbox 1445 3188 1574 3240; x_wconf 74' lang='grc' dir='ltr'>ὄντα</span> <span class='ocrx_word' id='word_1_401' title='bbox 1601 3187 1848 3241; x_wconf 83' lang='grc' dir='ltr'>θανάτων</span> 
     </span>
    </p>
   </div>
   <div class='ocr_carea' id='block_1_59' title="bbox 1996 3187 3553 3261">
    <p class='ocr_par' dir='ltr' id='par_1_59' title="bbox 1997 3188 3553 3259">
     <span class='ocr_line' id='line_1_59' title="bbox 1997 3188 3553 3259; baseline 0.002 -18"><span class='ocrx_word' id='word_1_402' title='bbox 1997 3204 2147 3258; x_wconf 74' lang='lat' dir='ltr'><strong>usque</strong></span> <span class='ocrx_word' id='word_1_403' title='bbox 2173 3198 2389 3243; x_wconf 65' lang='lat' dir='ltr'><strong>aetatem</strong></span> <span class='ocrx_word' id='word_1_404' title='bbox 2424 3188 2511 3243; x_wconf 90' lang='lat' dir='ltr'><strong>hic</strong></span> <span class='ocrx_word' id='word_1_405' title='bbox 2547 3188 2639 3243; x_wconf 90' lang='lat' dir='ltr'><strong>tibi</strong></span> <span class='ocrx_word' id='word_1_406' title='bbox 2668 3189 2833 3242; x_wconf 87' lang='lat' dir='ltr'><strong>vitam</strong></span> <span class='ocrx_word' id='word_1_407' title='bbox 2884 3190 3212 3258; x_wconf 84' lang='lat' dir='ltr'><strong>prorogarit,</strong></span> <span class='ocrx_word' id='word_1_408' title='bbox 3241 3189 3334 3259; x_wconf 91' lang='lat' dir='ltr'><strong>qui</strong></span> <span class='ocrx_word' id='word_1_409' title='bbox 3366 3189 3553 3244; x_wconf 86' lang='lat' dir='ltr'><strong>multis</strong></span> 
     </span>
    </p>
   </div>
   <div class='ocr_carea' id='block_1_60' title="bbox 295 3276 1852 3351">
    <p class='ocr_par' dir='ltr' id='par_1_60' title="bbox 295 3276 1852 3351">
     <span class='ocr_line' id='line_1_60' title="bbox 295 3276 1852 3351; baseline 0 -22"><span class='ocrx_word' id='word_1_410' title='bbox 295 3279 383 3330; x_wconf 74' lang='lat' dir='ltr'><strong>mi.</strong></span> <span class='ocrx_word' id='word_1_411' title='bbox 413 3279 523 3348; x_wconf 81' lang='grc' dir='ltr'><strong>πρὸ</strong></span> <span class='ocrx_word' id='word_1_412' title='bbox 552 3278 800 3342; x_wconf 87' lang='grc' dir='ltr'>πλείονος</span> <span class='ocrx_word' id='word_1_413' title='bbox 837 3280 1026 3351; x_wconf 83' lang='grc' dir='ltr'>χρόνου</span> <span class='ocrx_word' id='word_1_414' title='bbox 1049 3318 1064 3343; x_wconf 95' lang='grc'>,</span> <span class='ocrx_word' id='word_1_415' title='bbox 1098 3280 1165 3331; x_wconf 81' lang='grc' dir='ltr'><strong>δι’</strong></span> <span class='ocrx_word' id='word_1_416' title='bbox 1199 3278 1574 3347; x_wconf 82' lang='grc' dir='ltr'>εύσπλαγχίαν</span> <span class='ocrx_word' id='word_1_417' title='bbox 1622 3278 1677 3331; x_wconf 82' lang='grc' dir='ltr'><strong>δὲ</strong></span> <span class='ocrx_word' id='word_1_418' title='bbox 1708 3276 1852 3331; x_wconf 74' lang='grc' dir='ltr'>αὐτοί</span> 
     </span>
    </p>
   </div>
   <div class='ocr_carea' id='block_1_61' title="bbox 1997 3276 3554 3351">
    <p class='ocr_par' dir='ltr' id='par_1_61' title="bbox 1997 3280 3554 3351">
     <span class='ocr_line' id='line_1_61' title="bbox 1997 3280 3554 3351; baseline 0.001 -18"><span class='ocrx_word' id='word_1_419' title='bbox 1997 3282 2244 3335; x_wconf 88' lang='lat' dir='ltr'><strong>norlibus</strong></span> <span class='ocrx_word' id='word_1_420' title='bbox 2270 3281 2594 3348; x_wconf 82' lang='lat' dir='ltr'><strong>jampridem</strong></span> <span class='ocrx_word' id='word_1_421' title='bbox 2626 3280 2818 3349; x_wconf 87' lang='lat' dir='ltr'><strong>dignus</strong></span> <span class='ocrx_word' id='word_1_422' title='bbox 2854 3280 3017 3335; x_wconf 82' lang='lat' dir='ltr'><strong>eras?</strong></span> <span class='ocrx_word' id='word_1_423' title='bbox 3051 3281 3242 3335; x_wconf 84' lang='lat' dir='ltr'><strong>Verum</strong></span> <span class='ocrx_word' id='word_1_424' title='bbox 3280 3282 3350 3337; x_wconf 91' lang='lat' dir='ltr'><strong>ob</strong></span> <span class='ocrx_word' id='word_1_425' title='bbox 3383 3281 3554 3351; x_wconf 82' lang='lat' dir='ltr'><strong>ipsius</strong></span> 
     </span>
    </p>
   </div>
   <div class='ocr_carea' id='block_1_62' title="bbox 294 3368 1851 3442">
    <p class='ocr_par' dir='ltr' id='par_1_62' title="bbox 294 3368 1851 3442">
     <span class='ocr_line' id='line_1_62' title="bbox 294 3368 1851 3442; baseline 0.001 -21"><span class='ocrx_word' id='word_1_426' title='bbox 294 3368 635 3439; x_wconf 73' lang='grc' dir='ltr'>φυλαχθέντα</span> <span class='ocrx_word' id='word_1_427' title='bbox 678 3372 758 3434; x_wconf 82' lang='grc' dir='ltr'>είς</span> <span class='ocrx_word' id='word_1_428' title='bbox 788 3371 943 3423; x_wconf 79' lang='grc' dir='ltr'>τοῦτο</span> <span class='ocrx_word' id='word_1_429' title='bbox 976 3370 1187 3442; x_wconf 72' lang='grc' dir='ltr'>ἡλικίας</span> <span class='ocrx_word' id='word_1_430' title='bbox 1238 3371 1372 3441; x_wconf 83' lang='grc' dir='ltr'>πρὸς</span> <span class='ocrx_word' id='word_1_431' title='bbox 1409 3370 1748 3439; x_wconf 81' lang='grc' dir='ltr'>μετάγνωσιν</span> <span class='ocrx_word' id='word_1_432' title='bbox 1776 3373 1851 3423; x_wconf 83' lang='grc' dir='ltr'><strong>κα</strong></span> 
     </span>
    </p>
   </div>
   <div class='ocr_carea' id='block_1_63' title="bbox 1995 3368 3552 3442">
    <p class='ocr_par' dir='ltr' id='par_1_63' title="bbox 1995 3372 3552 3442">
     <span class='ocr_line' id='line_1_63' title="bbox 1995 3372 3552 3442; baseline 0.001 -16"><span class='ocrx_word' id='word_1_433' title='bbox 1995 3372 2407 3429; x_wconf 87' lang='lat' dir='ltr'><strong>nisericordiam</strong></span> <span class='ocrx_word' id='word_1_434' title='bbox 2438 3373 2505 3425; x_wconf 87' lang='lat' dir='ltr'><strong>ad</strong></span> <span class='ocrx_word' id='word_1_435' title='bbox 2534 3372 2636 3426; x_wconf 90' lang='lat' dir='ltr'><strong>hoc</strong></span> <span class='ocrx_word' id='word_1_436' title='bbox 2666 3387 2837 3440; x_wconf 86' lang='lat' dir='ltr'><strong>usque</strong></span> <span class='ocrx_word' id='word_1_437' title='bbox 2882 3373 3082 3439; x_wconf 81' lang='lat' dir='ltr'><strong>aetatis,</strong></span> <span class='ocrx_word' id='word_1_438' title='bbox 3124 3373 3457 3442; x_wconf 69' lang='lat' dir='ltr'><strong>pmnitentiae</strong></span> <span class='ocrx_word' id='word_1_439' title='bbox 3488 3388 3552 3428; x_wconf 86' lang='lat' dir='ltr'><strong>ac</strong></span> 
     </span>
    </p>
   </div>
   <div class='ocr_carea' id='block_1_64' title="bbox 295 3459 2971 3536">
    <p class='ocr_par' dir='ltr' id='par_1_64' title="bbox 295 3459 2971 3536">
     <span class='ocr_line' id='line_1_64' title="bbox 295 3459 2971 3536; baseline -0.004 -6"><span class='ocrx_word' id='word_1_440' title='bbox 295 3459 485 3530; x_wconf 62' lang='grc' dir='ltr'><strong>νῆψινὶ</strong></span> <span class='ocrx_word' id='word_1_441' title='bbox 1976 3465 2369 3536; x_wconf 66' lang='lat' dir='ltr'><strong>resipiscentiaa</strong></span> <span class='ocrx_word' id='word_1_442' title='bbox 2398 3479 2581 3531; x_wconf 87' lang='lat' dir='ltr'><strong>causa,</strong></span> <span class='ocrx_word' id='word_1_443' title='bbox 2615 3473 2864 3518; x_wconf 85' lang='lat' dir='ltr'><strong>servatus</strong></span> <span class='ocrx_word' id='word_1_444' title='bbox 2889 3480 2971 3519; x_wconf 86' lang='lat' dir='ltr'><strong>es.</strong></span> 
     </span>
    </p>
   </div>
   <div class='ocr_carea' id='block_1_65' title="bbox 756 3573 2313 3645">
    <p class='ocr_par' dir='ltr' id='par_1_65' title="bbox 756 3573 1385 3645">
     <span class='ocr_line' id='line_1_65' title="bbox 756 3573 1385 3645; baseline 0.006 -21"><span class='ocrx_word' id='word_1_445' title='bbox 756 3573 936 3629; x_wconf 69' lang='lat' dir='ltr'><strong>ZMA&#39;.</strong></span> <span class='ocrx_word' id='word_1_446' title='bbox 966 3604 1035 3614; x_wconf 91' lang='lat'><strong>—</strong></span> <span class='ocrx_word' id='word_1_447' title='bbox 1074 3575 1385 3645; x_wconf 79' lang='grc' dir='ltr'><strong>ΣΥΝΕΣΙῼ.</strong></span> 
     </span>
    </p>
   </div>
   <div class='ocr_carea' id='block_1_66' title="bbox 1533 3573 3090 3645">
    <p class='ocr_par' dir='ltr' id='par_1_66' title="bbox 2438 3574 3090 3633">
     <span class='ocr_line' id='line_1_66' title="bbox 2438 3574 3090 3633; baseline 0.003 -4"><span class='ocrx_word' id='word_1_448' title='bbox 2438 3576 2662 3632; x_wconf 80' lang='lat' dir='ltr'><strong>CCXLI.</strong></span> <span class='ocrx_word' id='word_1_449' title='bbox 2680 3607 2750 3617; x_wconf 91' lang='lat'>--</span> <span class='ocrx_word' id='word_1_450' title='bbox 2772 3574 3090 3633; x_wconf 78' lang='lat' dir='ltr'><strong>SYNESIO.</strong></span> 
     </span>
    </p>
   </div>
   <div class='ocr_carea' id='block_1_67' title="bbox 561 3663 2118 3734">
    <p class='ocr_par' dir='ltr' id='par_1_67' title="bbox 561 3663 1606 3734">
     <span class='ocr_line' id='line_1_67' title="bbox 561 3663 1606 3734; baseline 0.001 -16"><span class='ocrx_word' id='word_1_451' title='bbox 561 3664 705 3731; x_wconf 80' lang='grc' dir='ltr'>Περὶ</span> <span class='ocrx_word' id='word_1_452' title='bbox 741 3663 1048 3731; x_wconf 82' lang='grc' dir='ltr'><strong>Ἀρειανῶν</strong></span> <span class='ocrx_word' id='word_1_453' title='bbox 1077 3665 1175 3718; x_wconf 80' lang='grc' dir='ltr'>καὶ</span> <span class='ocrx_word' id='word_1_454' title='bbox 1203 3664 1606 3734; x_wconf 77' lang='grc' dir='ltr'>Εὑνομιανῶν.</span> 
     </span>
    </p>
   </div>
   <div class='ocr_carea' id='block_1_68' title="bbox 1600 3663 3157 3734">
    <p class='ocr_par' dir='ltr' id='par_1_68' title="bbox 1600 3668 3157 3724">
     <span class='ocr_line' id='line_1_68' title="bbox 1600 3668 3157 3724; baseline 0.003 -5"><span class='ocrx_word' id='word_1_455' title='bbox 1600 3706 1606 3719; x_wconf 86' lang='grc'><em>,</em></span> <span class='ocrx_word' id='word_1_456' title='bbox 2365 3668 2441 3724; x_wconf 84' lang='lat' dir='ltr'><strong>De</strong></span> <span class='ocrx_word' id='word_1_457' title='bbox 2468 3670 2681 3724; x_wconf 75' lang='lat' dir='ltr'><strong>Arionis</strong></span> <span class='ocrx_word' id='word_1_458' title='bbox 2708 3682 2754 3723; x_wconf 83' lang='lat' dir='ltr'><strong>et</strong></span> <span class='ocrx_word' id='word_1_459' title='bbox 2790 3668 3157 3724; x_wconf 74' lang='lat' dir='ltr'><strong>Eunomianis.</strong></span> 
     </span>
    </p>
   </div>
   <div class='ocr_carea' id='block_1_69' title="bbox 364 3775 1921 3850">
    <p class='ocr_par' dir='ltr' id='par_1_69' title="bbox 364 3775 1871 3850">
     <span class='ocr_line' id='line_1_69' title="bbox 364 3775 1871 3850; baseline 0.003 -22"><span class='ocrx_word' id='word_1_460' title='bbox 364 3778 435 3829; x_wconf 87' lang='grc' dir='ltr'>Ὀ</span> <span class='ocrx_word' id='word_1_461' title='bbox 495 3775 677 3845; x_wconf 85' lang='grc' dir='ltr'>βούλει</span> <span class='ocrx_word' id='word_1_462' title='bbox 745 3776 939 3847; x_wconf 85' lang='grc' dir='ltr'>μαθεῖν</span> <span class='ocrx_word' id='word_1_463' title='bbox 996 3778 1259 3848; x_wconf 86' lang='grc' dir='ltr'>σύντομόν</span> <span class='ocrx_word' id='word_1_464' title='bbox 1323 3780 1491 3843; x_wconf 80' lang='grc' dir='ltr'>ἐστιν,</span> <span class='ocrx_word' id='word_1_465' title='bbox 1550 3779 1665 3832; x_wconf 82' lang='grc' dir='ltr'>ἀλλ’</span> <span class='ocrx_word' id='word_1_466' title='bbox 1723 3780 1871 3850; x_wconf 82' lang='grc' dir='ltr'><strong>ὅμως</strong></span> 
     </span>
    </p>
   </div>
   <div class='ocr_carea' id='block_1_70' title="bbox 1995 3775 3552 3850">
    <p class='ocr_par' dir='ltr' id='par_1_70' title="bbox 2046 3779 3552 3846">
     <span class='ocr_line' id='line_1_70' title="bbox 2046 3779 3552 3846; baseline 0.002 -13"><span class='ocrx_word' id='word_1_467' title='bbox 2046 3779 2202 3846; x_wconf 86' lang='lat' dir='ltr'><strong>Quod</strong></span> <span class='ocrx_word' id='word_1_468' title='bbox 2256 3780 2398 3834; x_wconf 82' lang='lat' dir='ltr'><strong>scire</strong></span> <span class='ocrx_word' id='word_1_469' title='bbox 2433 3796 2583 3844; x_wconf 84' lang='lat' dir='ltr'><strong>aves,</strong></span> <span class='ocrx_word' id='word_1_470' title='bbox 2620 3783 2783 3835; x_wconf 82' lang='lat' dir='ltr'><strong>breve</strong></span> <span class='ocrx_word' id='word_1_471' title='bbox 2829 3790 2940 3843; x_wconf 91' lang='lat' dir='ltr'><strong>est,</strong></span> <span class='ocrx_word' id='word_1_472' title='bbox 2994 3789 3050 3833; x_wconf 90' lang='lat' dir='ltr'><strong>at</strong></span> <span class='ocrx_word' id='word_1_473' title='bbox 3090 3789 3295 3835; x_wconf 83' lang='lat' dir='ltr'><strong>certum</strong></span> <span class='ocrx_word' id='word_1_474' title='bbox 3347 3790 3552 3837; x_wconf 89' lang='lat' dir='ltr'><strong>tamen.</strong></span> 
     </span>
    </p>
   </div>
   <div class='ocr_carea' id='block_1_71' title="bbox 296 3865 1853 3942">
    <p class='ocr_par' dir='ltr' id='par_1_71' title="bbox 296 3865 1853 3939">
     <span class='ocr_line' id='line_1_71' title="bbox 296 3865 1853 3939; baseline 0.003 -21"><span class='ocrx_word' id='word_1_475' title='bbox 296 3865 553 3936; x_wconf 76' lang='grc' dir='ltr'>ἀσφαλές.</span> <span class='ocrx_word' id='word_1_476' title='bbox 600 3867 665 3920; x_wconf 79' lang='grc' dir='ltr'><strong>Εἰ</strong></span> <span class='ocrx_word' id='word_1_477' title='bbox 690 3868 776 3921; x_wconf 76' lang='grc' dir='ltr'>ἀεὶ</span> <span class='ocrx_word' id='word_1_478' title='bbox 805 3868 1065 3933; x_wconf 78' lang='grc' dir='ltr'>ὡσαύτως</span> <span class='ocrx_word' id='word_1_479' title='bbox 1094 3869 1204 3939; x_wconf 78' lang='grc' dir='ltr'>ἔχει</span> <span class='ocrx_word' id='word_1_480' title='bbox 1240 3870 1392 3933; x_wconf 87' lang='grc' dir='ltr'>Θεὸς,</span> <span class='ocrx_word' id='word_1_481' title='bbox 1424 3872 1473 3923; x_wconf 84' lang='grc' dir='ltr'><strong>εί</strong></span> <span class='ocrx_word' id='word_1_482' title='bbox 1507 3870 1670 3939; x_wconf 79' lang='grc' dir='ltr'>μηδὲν</span> <span class='ocrx_word' id='word_1_483' title='bbox 1699 3887 1853 3938; x_wconf 90' lang='grc' dir='ltr'>προσ-</span> 
     </span>
    </p>
   </div>
   <div class='ocr_carea' id='block_1_72' title="bbox 1995 3865 3552 3942">
    <p class='ocr_par' dir='ltr' id='par_1_72' title="bbox 1995 3872 3552 3942">
     <span class='ocr_line' id='line_1_72' title="bbox 1995 3872 3552 3942; baseline 0.001 -16"><span class='ocrx_word' id='word_1_484' title='bbox 1995 3872 2086 3942; x_wconf 72' lang='grc' dir='ltr'><strong>Βε</strong></span> <span class='ocrx_word' id='word_1_485' title='bbox 2116 3872 2172 3926; x_wconf 91' lang='lat' dir='ltr'><strong>Si</strong></span> <span class='ocrx_word' id='word_1_486' title='bbox 2221 3873 2360 3926; x_wconf 88' lang='lat' dir='ltr'><strong>Deus</strong></span> <span class='ocrx_word' id='word_1_487' title='bbox 2401 3872 2486 3925; x_wconf 92' lang='lat' dir='ltr'><strong>sui</strong></span> <span class='ocrx_word' id='word_1_488' title='bbox 2519 3887 2733 3940; x_wconf 90' lang='lat' dir='ltr'><strong>semper</strong></span> <span class='ocrx_word' id='word_1_489' title='bbox 2778 3872 2972 3925; x_wconf 87' lang='lat' dir='ltr'><strong>similis</strong></span> <span class='ocrx_word' id='word_1_490' title='bbox 2999 3880 3105 3935; x_wconf 89' lang='lat' dir='ltr'><strong>est,</strong></span> <span class='ocrx_word' id='word_1_491' title='bbox 3134 3886 3230 3925; x_wconf 90' lang='lat' dir='ltr'><strong>nec</strong></span> <span class='ocrx_word' id='word_1_492' title='bbox 3256 3873 3552 3942; x_wconf 84' lang='lat' dir='ltr'><strong>quidquam</strong></span> 
     </span>
    </p>
   </div>
   <div class='ocr_carea' id='block_1_73' title="bbox 295 3960 1852 4031">
    <p class='ocr_par' dir='ltr' id='par_1_73' title="bbox 295 3960 1850 4031">
     <span class='ocr_line' id='line_1_73' title="bbox 295 3960 1850 4031; baseline 0.002 -22"><span class='ocrx_word' id='word_1_493' title='bbox 295 3962 489 4013; x_wconf 83' lang='grc' dir='ltr'>κτᾶταί</span> <span class='ocrx_word' id='word_1_494' title='bbox 540 3976 693 4023; x_wconf 85' lang='grc' dir='ltr'>ποτε,</span> <span class='ocrx_word' id='word_1_495' title='bbox 731 3960 815 4012; x_wconf 86' lang='grc' dir='ltr'>ἀεί</span> <span class='ocrx_word' id='word_1_496' title='bbox 858 3962 973 4013; x_wconf 80' lang='grc' dir='ltr'>ἐστι</span> <span class='ocrx_word' id='word_1_497' title='bbox 1024 3963 1118 4014; x_wconf 79' lang='grc' dir='ltr'><strong>καὶ</strong></span> <span class='ocrx_word' id='word_1_498' title='bbox 1163 3962 1369 4031; x_wconf 77' lang='grc' dir='ltr'>Πατήρ.</span> <span class='ocrx_word' id='word_1_499' title='bbox 1415 3962 1476 4013; x_wconf 77' lang='lat' dir='ltr'><strong>Et</strong></span> <span class='ocrx_word' id='word_1_500' title='bbox 1522 3960 1580 4013; x_wconf 84' lang='grc' dir='ltr'><strong>δὲ</strong></span> <span class='ocrx_word' id='word_1_501' title='bbox 1627 3961 1711 4013; x_wconf 84' lang='grc' dir='ltr'>ἀεί</span> <span class='ocrx_word' id='word_1_502' title='bbox 1758 3964 1850 4013; x_wconf 84' lang='grc' dir='ltr'>ὲστ</span> 
     </span>
    </p>
   </div>
   <div class='ocr_carea' id='block_1_74' title="bbox 1994 3960 3551 4031">
    <p class='ocr_par' dir='ltr' id='par_1_74' title="bbox 1994 3962 3551 4031">
     <span class='ocr_line' id='line_1_74' title="bbox 1994 3962 3551 4031; baseline 0.002 -16"><span class='ocrx_word' id='word_1_503' title='bbox 1994 3975 2214 4031; x_wconf 85' lang='lat' dir='ltr'><strong>mquam</strong></span> <span class='ocrx_word' id='word_1_504' title='bbox 2264 3962 2368 4029; x_wconf 86' lang='lat' dir='ltr'><strong>ipsi</strong></span> <span class='ocrx_word' id='word_1_505' title='bbox 2398 3964 2633 4026; x_wconf 87' lang='lat' dir='ltr'><strong>accedit,</strong></span> <span class='ocrx_word' id='word_1_506' title='bbox 2666 3963 2830 4017; x_wconf 85' lang='lat' dir='ltr'><strong>Pater</strong></span> <span class='ocrx_word' id='word_1_507' title='bbox 2856 3978 3069 4030; x_wconf 85' lang='lat' dir='ltr'><strong>semper</strong></span> <span class='ocrx_word' id='word_1_508' title='bbox 3100 3964 3169 4017; x_wconf 89' lang='lat' dir='ltr'><strong>sit</strong></span> <span class='ocrx_word' id='word_1_509' title='bbox 3205 3977 3426 4018; x_wconf 82' lang='lat' dir='ltr'><strong>necesse</strong></span> <span class='ocrx_word' id='word_1_510' title='bbox 3449 3974 3551 4018; x_wconf 90' lang='lat' dir='ltr'><strong>est.</strong></span> 
     </span>
    </p>
   </div>
   <div class='ocr_carea' id='block_1_75' title="bbox 299 4051 1856 4123">
    <p class='ocr_par' dir='ltr' id='par_1_75' title="bbox 299 4051 1856 4123">
     <span class='ocr_line' id='line_1_75' title="bbox 299 4051 1856 4123; baseline 0.002 -21"><span class='ocrx_word' id='word_1_511' title='bbox 299 4051 507 4122; x_wconf 74' lang='grc' dir='ltr'>Πατὴρ,</span> <span class='ocrx_word' id='word_1_512' title='bbox 541 4052 630 4106; x_wconf 59' lang='grc' dir='ltr'><strong>ἀεὶ¹</strong></span> <span class='ocrx_word' id='word_1_513' title='bbox 660 4052 785 4122; x_wconf 77' lang='grc' dir='ltr'>ἔσχε</span> <span class='ocrx_word' id='word_1_514' title='bbox 815 4052 909 4105; x_wconf 82' lang='grc' dir='ltr'><strong>τὸν</strong></span> <span class='ocrx_word' id='word_1_515' title='bbox 938 4052 1086 4105; x_wconf 81' lang='grc' dir='ltr'>Υἱόν.</span> <span class='ocrx_word' id='word_1_516' title='bbox 1123 4053 1397 4116; x_wconf 79' lang='grc' dir='ltr'>Συναῖδιος</span> <span class='ocrx_word' id='word_1_517' title='bbox 1442 4054 1550 4123; x_wconf 78' lang='grc' dir='ltr'><strong>ἄρα</strong></span> <span class='ocrx_word' id='word_1_518' title='bbox 1579 4055 1607 4105; x_wconf 83' lang='grc' dir='ltr'>ὁ</span> <span class='ocrx_word' id='word_1_519' title='bbox 1643 4053 1769 4115; x_wconf 75' lang='grc' dir='ltr'>Υἱὸς</span> <span class='ocrx_word' id='word_1_520' title='bbox 1798 4051 1856 4123; x_wconf 70' lang='grc' dir='ltr'>τίξ</span> 
     </span>
    </p>
   </div>
   <div class='ocr_carea' id='block_1_76' title="bbox 1997 4051 3554 4123">
    <p class='ocr_par' dir='ltr' id='par_1_76' title="bbox 1997 4052 3554 4123">
     <span class='ocr_line' id='line_1_76' title="bbox 1997 4052 3554 4123; baseline 0.004 -22"><span class='ocrx_word' id='word_1_521' title='bbox 1997 4052 2128 4119; x_wconf 66' lang='lat' dir='ltr'><strong>luod</strong></span> <span class='ocrx_word' id='word_1_522' title='bbox 2153 4052 2196 4106; x_wconf 87' lang='lat' dir='ltr'><strong>si</strong></span> <span class='ocrx_word' id='word_1_523' title='bbox 2230 4066 2442 4121; x_wconf 88' lang='lat' dir='ltr'><strong>semper</strong></span> <span class='ocrx_word' id='word_1_524' title='bbox 2472 4052 2631 4106; x_wconf 86' lang='lat' dir='ltr'><strong>Pater</strong></span> <span class='ocrx_word' id='word_1_525' title='bbox 2664 4062 2771 4117; x_wconf 83' lang='lat' dir='ltr'><strong>est,</strong></span> <span class='ocrx_word' id='word_1_526' title='bbox 2804 4054 3050 4121; x_wconf 86' lang='lat' dir='ltr'><strong>sequitur</strong></span> <span class='ocrx_word' id='word_1_527' title='bbox 3085 4062 3136 4108; x_wconf 89' lang='lat' dir='ltr'><strong>ut</strong></span> <span class='ocrx_word' id='word_1_528' title='bbox 3176 4053 3375 4108; x_wconf 85' lang='lat' dir='ltr'><strong>Filium</strong></span> <span class='ocrx_word' id='word_1_529' title='bbox 3420 4069 3554 4123; x_wconf 86' lang='lat' dir='ltr'><strong>quo-</strong></span> 
     </span>
    </p>
   </div>
   <div class='ocr_carea' id='block_1_77' title="bbox 298 4143 3557 4217">
    <p class='ocr_par' dir='ltr' id='par_1_77' title="bbox 298 4143 3557 4217">
     <span class='ocr_line' id='line_1_77' title="bbox 298 4143 3557 4217; baseline 0.001 -20"><span class='ocrx_word' id='word_1_530' title='bbox 298 4143 489 4217; x_wconf 84' lang='grc' dir='ltr'>Πατρί.</span> <span class='ocrx_word' id='word_1_531' title='bbox 1977 4158 2082 4212; x_wconf 88' lang='lat' dir='ltr'><strong>que</strong></span> <span class='ocrx_word' id='word_1_532' title='bbox 2110 4157 2320 4214; x_wconf 85' lang='lat' dir='ltr'><strong>semper</strong></span> <span class='ocrx_word' id='word_1_533' title='bbox 2353 4144 2621 4198; x_wconf 87' lang='lat' dir='ltr'><strong>habuerit.</strong></span> <span class='ocrx_word' id='word_1_534' title='bbox 2660 4144 2736 4197; x_wconf 80' lang='lat' dir='ltr'><strong>Ex</strong></span> <span class='ocrx_word' id='word_1_535' title='bbox 2786 4161 2894 4214; x_wconf 88' lang='lat' dir='ltr'><strong>quo</strong></span> <span class='ocrx_word' id='word_1_536' title='bbox 2925 4146 3230 4213; x_wconf 80' lang='lat' dir='ltr'><strong>coniicitur,</strong></span> <span class='ocrx_word' id='word_1_537' title='bbox 3255 4162 3376 4201; x_wconf 88' lang='lat' dir='ltr'><strong>eum</strong></span> <span class='ocrx_word' id='word_1_538' title='bbox 3406 4160 3557 4201; x_wconf 80' lang='lat' dir='ltr'><strong>cam—</strong></span> 
     </span>
    </p>
   </div>
   <div class='ocr_carea' id='block_1_78' title="bbox 1977 4235 3084 4291">
    <p class='ocr_par' dir='ltr' id='par_1_78' title="bbox 1977 4235 3084 4291">
     <span class='ocr_line' id='line_1_78' title="bbox 1977 4235 3084 4291; baseline 0.002 -3"><span class='ocrx_word' id='word_1_539' title='bbox 1977 4235 2096 4288; x_wconf 75' lang='lat' dir='ltr'><strong>dem</strong></span> <span class='ocrx_word' id='word_1_540' title='bbox 2131 4250 2251 4289; x_wconf 91' lang='lat' dir='ltr'><strong>cum</strong></span> <span class='ocrx_word' id='word_1_541' title='bbox 2286 4236 2441 4289; x_wconf 86' lang='lat' dir='ltr'><strong>Patre</strong></span> <span class='ocrx_word' id='word_1_542' title='bbox 2468 4240 2827 4290; x_wconf 69' lang='lat' dir='ltr'><strong>aeternitatem</strong></span> <span class='ocrx_word' id='word_1_543' title='bbox 2866 4237 3084 4291; x_wconf 85' lang='lat' dir='ltr'><strong>habere.</strong></span> 
     </span>
    </p>
   </div>
   <div class='ocr_carea' id='block_1_79' title="bbox 639 4341 2196 4412">
    <p class='ocr_par' dir='ltr' id='par_1_79' title="bbox 639 4341 1523 4412">
     <span class='ocr_line' id='line_1_79' title="bbox 639 4341 1523 4412; baseline 0.001 -19"><span class='ocrx_word' id='word_1_544' title='bbox 639 4342 814 4395; x_wconf 68' lang='lat' dir='ltr'><strong>EMB’.</strong></span> <span class='ocrx_word' id='word_1_545' title='bbox 845 4370 916 4381; x_wconf 91' lang='lat'><strong>——</strong></span> <span class='ocrx_word' id='word_1_546' title='bbox 942 4341 1204 4412; x_wconf 83' lang='grc' dir='ltr'><strong>ΕΡΜΙΝῼ</strong></span> <span class='ocrx_word' id='word_1_547' title='bbox 1230 4342 1523 4394; x_wconf 83' lang='grc' dir='ltr'><strong>ΚΟΜΗΤΙ.</strong></span> 
     </span>
    </p>
   </div>
   <div class='ocr_carea' id='block_1_80' title="bbox 1695 4341 3252 4412">
    <p class='ocr_par' dir='ltr' id='par_1_80' title="bbox 2279 4346 3252 4407">
     <span class='ocr_line' id='line_1_80' title="bbox 2279 4346 3252 4407; baseline 0.002 -4"><span class='ocrx_word' id='word_1_548' title='bbox 2279 4346 2523 4403; x_wconf 83' lang='lat' dir='ltr'><strong>CCXLII.</strong></span> <span class='ocrx_word' id='word_1_549' title='bbox 2550 4379 2619 4389; x_wconf 90' lang='lat'>——</span> <span class='ocrx_word' id='word_1_550' title='bbox 2651 4349 2961 4406; x_wconf 80' lang='lat' dir='ltr'><strong>[IERMINO</strong></span> <span class='ocrx_word' id='word_1_551' title='bbox 2994 4350 3252 4407; x_wconf 82' lang='lat' dir='ltr'><strong>COMITI.</strong></span> 
     </span>
    </p>
   </div>
   <div class='ocr_carea' id='block_1_81' title="bbox 822 4430 2379 4539">
    <p class='ocr_par' dir='ltr' id='par_1_81' title="bbox 822 4430 1950 4539">
     <span class='ocr_line' id='line_1_81' title="bbox 822 4430 1950 4539; baseline 0.003 -55"><span class='ocrx_word' id='word_1_552' title='bbox 822 4430 963 4499; x_wconf 80' lang='grc' dir='ltr'>Περὶ</span> <span class='ocrx_word' id='word_1_553' title='bbox 992 4432 1324 4485; x_wconf 83' lang='grc' dir='ltr'><strong>Μοντανοῦ.</strong></span> <span class='ocrx_word' id='word_1_554' title='bbox 1908 4484 1950 4539; x_wconf 78' lang='lat' dir='ltr'>D</span> 
     </span>
    </p>
   </div>
   <div class='ocr_carea' id='block_1_82' title="bbox 1577 4430 3134 4539">
    <p class='ocr_par' dir='ltr' id='par_1_82' title="bbox 1908 4430 3134 4539">
     <span class='ocr_line' id='line_1_82' title="bbox 1908 4430 3134 4539; baseline 0.012 -55"><span class='ocrx_word' id='word_1_555' title='bbox 1908 4484 1950 4539; x_wconf 66' lang='grc' dir='ltr'><strong>Β</strong></span> <span class='ocrx_word' id='word_1_556' title='bbox 2594 4440 2669 4494; x_wconf 84' lang='lat' dir='ltr'><strong>De</strong></span> <span class='ocrx_word' id='word_1_557' title='bbox 2700 4440 2977 4497; x_wconf 80' lang='lat' dir='ltr'><strong>Montano.</strong></span> <span class='ocrx_word' id='word_1_558' title='bbox 3130 4430 3134 4435; x_wconf 20' lang='grc'><strong><em>4</em></strong></span> 
     </span>
    </p>
   </div>
   <div class='ocr_carea' id='block_1_83' title="bbox 365 4539 1922 4626">
    <p class='ocr_par' dir='ltr' id='par_1_83' title="bbox 365 4539 1872 4615">
     <span class='ocr_line' id='line_1_83' title="bbox 365 4539 1872 4615; baseline 0.001 -18"><span class='ocrx_word' id='word_1_559' title='bbox 365 4546 427 4598; x_wconf 76' lang='lat' dir='ltr'><strong>El</strong></span> <span class='ocrx_word' id='word_1_560' title='bbox 456 4544 551 4598; x_wconf 83' lang='grc' dir='ltr'><strong>καί</strong></span> <span class='ocrx_word' id='word_1_561' title='bbox 584 4561 668 4596; x_wconf 85' lang='grc' dir='ltr'><strong>σοι</strong></span> <span class='ocrx_word' id='word_1_562' title='bbox 693 4544 922 4613; x_wconf 82' lang='grc' dir='ltr'>ἀνήκοος</span> <span class='ocrx_word' id='word_1_563' title='bbox 945 4539 1012 4614; x_wconf 76' lang='grc' dir='ltr'>ἦν</span> <span class='ocrx_word' id='word_1_564' title='bbox 1043 4543 1203 4614; x_wconf 85' lang='grc' dir='ltr'>μέχρι</span> <span class='ocrx_word' id='word_1_565' title='bbox 1234 4542 1409 4612; x_wconf 81' lang='grc' dir='ltr'>δεῦρο,</span> <span class='ocrx_word' id='word_1_566' title='bbox 1442 4543 1513 4606; x_wconf 82' lang='grc' dir='ltr'><strong>ὡς</strong></span> <span class='ocrx_word' id='word_1_567' title='bbox 1541 4544 1806 4615; x_wconf 71' lang='grc' dir='ltr'>ἔγραψας,</span> <span class='ocrx_word' id='word_1_568' title='bbox 1840 4546 1872 4614; x_wconf 86' lang='grc' dir='ltr'><strong>ἠ</strong></span> 
     </span>
    </p>
   </div>
   <div class='ocr_carea' id='block_1_84' title="bbox 1997 4539 3554 4626">
    <p class='ocr_par' dir='ltr' id='par_1_84' title="bbox 2054 4548 3554 4626">
     <span class='ocr_line' id='line_1_84' title="bbox 2054 4548 3554 4626; baseline 0.008 -25"><span class='ocrx_word' id='word_1_569' title='bbox 2054 4548 2192 4603; x_wconf 86' lang='lat' dir='ltr'><strong>Etsi</strong></span> <span class='ocrx_word' id='word_1_570' title='bbox 2224 4548 2291 4604; x_wconf 86' lang='lat' dir='ltr'><strong>de</strong></span> <span class='ocrx_word' id='word_1_571' title='bbox 2329 4550 2566 4605; x_wconf 86' lang='lat' dir='ltr'><strong>Montani</strong></span> <span class='ocrx_word' id='word_1_572' title='bbox 2620 4552 2951 4623; x_wconf 85' lang='lat' dir='ltr'><strong>blasphemia</strong></span> <span class='ocrx_word' id='word_1_573' title='bbox 2991 4572 3263 4626; x_wconf 82' lang='lat' dir='ltr'><strong>nunquam</strong></span> <span class='ocrx_word' id='word_1_574' title='bbox 3299 4559 3365 4612; x_wconf 89' lang='lat' dir='ltr'><strong>ad</strong></span> <span class='ocrx_word' id='word_1_575' title='bbox 3409 4559 3554 4613; x_wconf 93' lang='lat' dir='ltr'><strong>hunc</strong></span> 
     </span>
    </p>
   </div>
   <div class='ocr_carea' id='block_1_85' title="bbox 301 4634 1858 4713">
    <p class='ocr_par' dir='ltr' id='par_1_85' title="bbox 301 4634 1858 4706">
     <span class='ocr_line' id='line_1_85' title="bbox 301 4634 1858 4706; baseline -0.001 -18"><span class='ocrx_word' id='word_1_576' title='bbox 301 4636 573 4688; x_wconf 75' lang='grc' dir='ltr'>Μοντανοῦ</span> <span class='ocrx_word' id='word_1_577' title='bbox 610 4634 959 4705; x_wconf 72' lang='grc' dir='ltr'>βλασφημία·</span> <span class='ocrx_word' id='word_1_578' title='bbox 1015 4635 1126 4687; x_wconf 84' lang='grc' dir='ltr'>ἀλλ’</span> <span class='ocrx_word' id='word_1_579' title='bbox 1157 4636 1359 4705; x_wconf 81' lang='grc' dir='ltr'>ἀρχαία</span> <span class='ocrx_word' id='word_1_580' title='bbox 1390 4635 1506 4686; x_wconf 80' lang='grc' dir='ltr'>ἐστὶ</span> <span class='ocrx_word' id='word_1_581' title='bbox 1537 4637 1629 4688; x_wconf 72' lang='grc' dir='ltr'>καὶ</span> <span class='ocrx_word' id='word_1_582' title='bbox 1662 4637 1858 4706; x_wconf 71' lang='grc' dir='ltr'>μακρὰ</span> 
     </span>
    </p>
   </div>
   <div class='ocr_carea' id='block_1_86' title="bbox 1996 4634 3553 4713">
    <p class='ocr_par' dir='ltr' id='par_1_86' title="bbox 1996 4641 3553 4713">
     <span class='ocr_line' id='line_1_86' title="bbox 1996 4641 3553 4713; baseline 0.008 -20"><span class='ocrx_word' id='word_1_583' title='bbox 1996 4655 2152 4709; x_wconf 74' lang='lat' dir='ltr'><strong>isque</strong></span> <span class='ocrx_word' id='word_1_584' title='bbox 2181 4641 2320 4696; x_wconf 88' lang='lat' dir='ltr'><strong>diem</strong></span> <span class='ocrx_word' id='word_1_585' title='bbox 2346 4645 2661 4713; x_wconf 84' lang='lat' dir='ltr'><strong>quidquam,</strong></span> <span class='ocrx_word' id='word_1_586' title='bbox 2694 4656 2751 4700; x_wconf 93' lang='lat' dir='ltr'><strong>ut</strong></span> <span class='ocrx_word' id='word_1_587' title='bbox 2789 4650 3005 4711; x_wconf 87' lang='lat' dir='ltr'><strong>scribis,</strong></span> <span class='ocrx_word' id='word_1_588' title='bbox 3046 4652 3319 4713; x_wconf 88' lang='lat' dir='ltr'><strong>audieras,</strong></span> <span class='ocrx_word' id='word_1_589' title='bbox 3375 4660 3553 4705; x_wconf 86' lang='lat' dir='ltr'><strong>tamen</strong></span> 
     </span>
    </p>
   </div>
   <div class='ocr_carea' id='block_1_87' title="bbox 305 4725 1862 4809">
    <p class='ocr_par' dir='ltr' id='par_1_87' title="bbox 305 4725 1862 4797">
     <span class='ocr_line' id='line_1_87' title="bbox 305 4725 1862 4797; baseline 0 -18"><span class='ocrx_word' id='word_1_590' title='bbox 305 4728 566 4797; x_wconf 72' lang='grc' dir='ltr'>σηπεδόνα</span> <span class='ocrx_word' id='word_1_591' title='bbox 608 4727 810 4797; x_wconf 76' lang='grc' dir='ltr'>πολλὴν</span> <span class='ocrx_word' id='word_1_592' title='bbox 862 4727 1211 4796; x_wconf 77' lang='grc' dir='ltr'>ἐργασαμένη</span> <span class='ocrx_word' id='word_1_593' title='bbox 1246 4725 1409 4796; x_wconf 81' lang='grc' dir='ltr'><strong>[καί]</strong></span> <span class='ocrx_word' id='word_1_594' title='bbox 1438 4726 1620 4796; x_wconf 76' lang='grc' dir='ltr'>λώϐην</span> <span class='ocrx_word' id='word_1_595' title='bbox 1650 4728 1745 4779; x_wconf 73' lang='grc' dir='ltr'><strong>καὶ</strong></span> <span class='ocrx_word' id='word_1_596' title='bbox 1775 4728 1862 4779; x_wconf 85' lang='grc' dir='ltr'>λύ-</span> 
     </span>
    </p>
   </div>
   <div class='ocr_carea' id='block_1_88' title="bbox 1995 4725 3552 4809">
    <p class='ocr_par' dir='ltr' id='par_1_88' title="bbox 1995 4733 3552 4809">
     <span class='ocr_line' id='line_1_88' title="bbox 1995 4733 3552 4809; baseline 0.007 -24"><span class='ocrx_word' id='word_1_597' title='bbox 1995 4746 2041 4785; x_wconf 70' lang='lat' dir='ltr'><strong>3a</strong></span> <span class='ocrx_word' id='word_1_598' title='bbox 2074 4738 2226 4786; x_wconf 87' lang='lat' dir='ltr'><strong>vetus</strong></span> <span class='ocrx_word' id='word_1_599' title='bbox 2258 4741 2314 4787; x_wconf 89' lang='lat' dir='ltr'><strong>et</strong></span> <span class='ocrx_word' id='word_1_600' title='bbox 2338 4733 2493 4802; x_wconf 80' lang='lat' dir='ltr'><strong>longa</strong></span> <span class='ocrx_word' id='word_1_601' title='bbox 2540 4747 2647 4800; x_wconf 87' lang='lat' dir='ltr'><strong>est,</strong></span> <span class='ocrx_word' id='word_1_602' title='bbox 2683 4748 2844 4807; x_wconf 89' lang='lat' dir='ltr'><strong>atque</strong></span> <span class='ocrx_word' id='word_1_603' title='bbox 2896 4741 3168 4808; x_wconf 79' lang='lat' dir='ltr'><strong>ingentem</strong></span> <span class='ocrx_word' id='word_1_604' title='bbox 3215 4742 3552 4809; x_wconf 86' lang='lat' dir='ltr'><strong>putredinem</strong></span> 
     </span>
    </p>
   </div>
   <div class='ocr_carea' id='block_1_89' title="bbox 308 4817 1865 4900">
    <p class='ocr_par' dir='ltr' id='par_1_89' title="bbox 308 4817 1865 4890">
     <span class='ocr_line' id='line_1_89' title="bbox 308 4817 1865 4890; baseline 0.003 -21"><span class='ocrx_word' id='word_1_605' title='bbox 308 4835 427 4889; x_wconf 89' lang='grc' dir='ltr'>μην.</span> <span class='ocrx_word' id='word_1_606' title='bbox 459 4818 582 4890; x_wconf 84' lang='grc' dir='ltr'>Χρὴ</span> <span class='ocrx_word' id='word_1_607' title='bbox 628 4817 687 4870; x_wconf 82' lang='grc' dir='ltr'><strong>δὲ</strong></span> <span class='ocrx_word' id='word_1_608' title='bbox 738 4817 1118 4888; x_wconf 76' lang='grc' dir='ltr'>προτροπάδην</span> <span class='ocrx_word' id='word_1_609' title='bbox 1160 4817 1328 4888; x_wconf 80' lang='grc' dir='ltr'>αὐτὴν</span> <span class='ocrx_word' id='word_1_610' title='bbox 1372 4820 1463 4870; x_wconf 76' lang='grc' dir='ltr'><strong>καὶ</strong></span> <span class='ocrx_word' id='word_1_611' title='bbox 1509 4820 1730 4887; x_wconf 77' lang='grc' dir='ltr'>φεύγειν</span> <span class='ocrx_word' id='word_1_612' title='bbox 1777 4821 1865 4873; x_wconf 59' lang='grc' dir='ltr'><strong>καὶ</strong></span> 
     </span>
    </p>
   </div>
   <div class='ocr_carea' id='block_1_90' title="bbox 1995 4817 3552 4900">
    <p class='ocr_par' dir='ltr' id='par_1_90' title="bbox 1995 4823 3552 4900">
     <span class='ocr_line' id='line_1_90' title="bbox 1995 4823 3552 4900; baseline 0.008 -27"><span class='ocrx_word' id='word_1_613' title='bbox 1995 4837 2041 4875; x_wconf 75' lang='grc' dir='ltr'><strong>ιο</strong></span> <span class='ocrx_word' id='word_1_614' title='bbox 2084 4823 2256 4876; x_wconf 86' lang='lat' dir='ltr'><strong>labem</strong></span> <span class='ocrx_word' id='word_1_615' title='bbox 2308 4832 2361 4878; x_wconf 90' lang='lat' dir='ltr'><strong>et</strong></span> <span class='ocrx_word' id='word_1_616' title='bbox 2418 4827 2711 4894; x_wconf 82' lang='lat' dir='ltr'><strong>perniciem</strong></span> <span class='ocrx_word' id='word_1_617' title='bbox 2759 4829 3013 4885; x_wconf 84' lang='lat' dir='ltr'><strong>conﬂavit</strong></span> <span class='ocrx_word' id='word_1_618' title='bbox 3044 4848 3058 4883; x_wconf 91' lang='lat'>:</span> <span class='ocrx_word' id='word_1_619' title='bbox 3095 4846 3229 4900; x_wconf 91' lang='lat' dir='ltr'><strong>opus</strong></span> <span class='ocrx_word' id='word_1_620' title='bbox 3266 4842 3347 4888; x_wconf 91' lang='lat' dir='ltr'><strong>est</strong></span> <span class='ocrx_word' id='word_1_621' title='bbox 3373 4843 3552 4889; x_wconf 85' lang='lat' dir='ltr'><strong>autem</strong></span> 
     </span>
    </p>
   </div>
   <div class='ocr_carea' id='block_1_91' title="bbox 305 4907 1862 4993">
    <p class='ocr_par' dir='ltr' id='par_1_91' title="bbox 305 4907 1862 4982">
     <span class='ocr_line' id='line_1_91' title="bbox 305 4907 1862 4982; baseline 0.004 -24"><span class='ocrx_word' id='word_1_622' title='bbox 305 4907 722 4979; x_wconf 78' lang='grc' dir='ltr'>ἀποπέμπεσθαι</span> <span class='ocrx_word' id='word_1_623' title='bbox 779 4908 916 4977; x_wconf 71' lang='grc'>(24),</span> <span class='ocrx_word' id='word_1_624' title='bbox 972 4908 1238 4978; x_wconf 83' lang='grc' dir='ltr'>τοσαύτην</span> <span class='ocrx_word' id='word_1_625' title='bbox 1289 4909 1492 4962; x_wconf 77' lang='grc' dir='ltr'>τίκτειν</span> <span class='ocrx_word' id='word_1_626' title='bbox 1545 4910 1747 4979; x_wconf 78' lang='grc' dir='ltr'>βλάϐην</span> <span class='ocrx_word' id='word_1_627' title='bbox 1802 4914 1862 4982; x_wconf 78' lang='grc' dir='ltr'>τῇ</span> 
     </span>
    </p>
   </div>
   <div class='ocr_carea' id='block_1_92' title="bbox 1997 4907 3554 4993">
    <p class='ocr_par' dir='ltr' id='par_1_92' title="bbox 1997 4914 3554 4993">
     <span class='ocr_line' id='line_1_92' title="bbox 1997 4914 3554 4993; baseline 0.006 -24"><span class='ocrx_word' id='word_1_628' title='bbox 1997 4929 2097 4969; x_wconf 71' lang='lat' dir='ltr'><strong>eam</strong></span> <span class='ocrx_word' id='word_1_629' title='bbox 2128 4914 2296 4970; x_wconf 81' lang='lat' dir='ltr'><strong>eﬂ&#39;uso</strong></span> <span class='ocrx_word' id='word_1_630' title='bbox 2327 4931 2488 4971; x_wconf 89' lang='lat' dir='ltr'><strong>cursu</strong></span> <span class='ocrx_word' id='word_1_631' title='bbox 2522 4917 2708 4989; x_wconf 76' lang='lat' dir='ltr'><strong>lugere</strong></span> <span class='ocrx_word' id='word_1_632' title='bbox 2740 4931 2901 4990; x_wconf 87' lang='lat' dir='ltr'><strong>atque</strong></span> <span class='ocrx_word' id='word_1_633' title='bbox 2928 4924 3166 4989; x_wconf 83' lang='lat' dir='ltr'><strong>amoliri,</strong></span> <span class='ocrx_word' id='word_1_634' title='bbox 3208 4934 3265 4978; x_wconf 92' lang='lat' dir='ltr'><strong>ut</strong></span> <span class='ocrx_word' id='word_1_635' title='bbox 3291 4940 3410 4993; x_wconf 72' lang='lat' dir='ltr'><strong>qua:</strong></span> <span class='ocrx_word' id='word_1_636' title='bbox 3442 4935 3554 4979; x_wconf 87' lang='lat' dir='ltr'><strong>tan-</strong></span> 
     </span>
    </p>
   </div>
   <div class='ocr_carea' id='block_1_93' title="bbox 305 4996 1862 5087">
    <p class='ocr_par' dir='ltr' id='par_1_93' title="bbox 305 4996 1862 5072">
     <span class='ocr_line' id='line_1_93' title="bbox 305 4996 1862 5072; baseline 0.001 -22"><span class='ocrx_word' id='word_1_637' title='bbox 305 4997 440 5070; x_wconf 64' lang='grc' dir='ltr'>ψυχῇ</span> <span class='ocrx_word' id='word_1_638' title='bbox 489 4997 835 5069; x_wconf 81' lang='grc' dir='ltr'>δυναμένην,</span> <span class='ocrx_word' id='word_1_639' title='bbox 896 4998 1027 5070; x_wconf 82' lang='grc' dir='ltr'>ὅσην</span> <span class='ocrx_word' id='word_1_640' title='bbox 1083 5001 1243 5063; x_wconf 76' lang='grc' dir='ltr'>αὐτὸς</span> <span class='ocrx_word' id='word_1_641' title='bbox 1306 4996 1463 5071; x_wconf 72' lang='grc' dir='ltr'>εὗρεν</span> <span class='ocrx_word' id='word_1_642' title='bbox 1514 5001 1611 5070; x_wconf 80' lang='grc' dir='ltr'><strong>τῆς</strong></span> <span class='ocrx_word' id='word_1_643' title='bbox 1667 5002 1862 5072; x_wconf 79' lang='grc' dir='ltr'>πλάνης</span> 
     </span>
    </p>
   </div>
   <div class='ocr_carea' id='block_1_94' title="bbox 1994 4996 3551 5087">
    <p class='ocr_par' dir='ltr' id='par_1_94' title="bbox 1994 5005 3551 5087">
     <span class='ocr_line' id='line_1_94' title="bbox 1994 5005 3551 5087; baseline 0.009 -30"><span class='ocrx_word' id='word_1_644' title='bbox 1994 5014 2095 5057; x_wconf 69' lang='lat' dir='ltr'><strong>tum</strong></span> <span class='ocrx_word' id='word_1_645' title='bbox 2126 5005 2319 5060; x_wconf 85' lang='lat' dir='ltr'><strong>animae</strong></span> <span class='ocrx_word' id='word_1_646' title='bbox 2343 5008 2722 5065; x_wconf 84' lang='lat' dir='ltr'><strong>detrimentum</strong></span> <span class='ocrx_word' id='word_1_647' title='bbox 2754 5028 3046 5081; x_wconf 85' lang='lat' dir='ltr'><strong>procreare</strong></span> <span class='ocrx_word' id='word_1_648' title='bbox 3073 5025 3255 5085; x_wconf 89' lang='lat' dir='ltr'><strong>queat,</strong></span> <span class='ocrx_word' id='word_1_649' title='bbox 3289 5027 3551 5087; x_wconf 89' lang='lat' dir='ltr'><strong>quantum</strong></span> 
     </span>
    </p>
   </div>
   <div class='ocr_carea' id='block_1_95' title="bbox 400 5156 1415 5226">
    <p class='ocr_par' dir='ltr' id='par_1_95' title="bbox 400 5156 1415 5226">
     <span class='ocr_line' id='line_1_95' title="bbox 400 5156 1415 5226; baseline -0.004 -12"><span class='ocrx_word' id='word_1_650' title='bbox 400 5158 439 5191; x_wconf 84' lang='grc'><strong>⁸⁷</strong></span> <span class='ocrx_word' id='word_1_651' title='bbox 460 5158 651 5215; x_wconf 79' lang='lat' dir='ltr'><strong>Matth.</strong></span> <span class='ocrx_word' id='word_1_652' title='bbox 683 5174 796 5226; x_wconf 75' lang='lat' dir='ltr'><strong>xw,</strong></span> <span class='ocrx_word' id='word_1_653' title='bbox 824 5159 912 5213; x_wconf 79' lang='grc'><strong>18.</strong></span> <span class='ocrx_word' id='word_1_654' title='bbox 988 5157 1034 5189; x_wconf 81' lang='grc'><strong>⁸⁸</strong></span> <span class='ocrx_word' id='word_1_655' title='bbox 1058 5156 1189 5213; x_wconf 87' lang='lat' dir='ltr'><strong>Luc.</strong></span> <span class='ocrx_word' id='word_1_656' title='bbox 1224 5172 1296 5225; x_wconf 85' lang='lat' dir='ltr'><strong>Ix,</strong></span> <span class='ocrx_word' id='word_1_657' title='bbox 1326 5156 1415 5213; x_wconf 74' lang='lat'><strong>29.</strong></span> 
     </span>
    </p>
   </div>
   <div class='ocr_carea' id='block_1_96' title="bbox 1401 5270 2463 5334">
    <p class='ocr_par' dir='ltr' id='par_1_96' title="bbox 1401 5270 2463 5334">
     <span class='ocr_line' id='line_1_96' title="bbox 1401 5270 2463 5334; baseline 0.009 -10"><span class='ocrx_word' id='word_1_658' title='bbox 1401 5270 1635 5324; x_wconf 67' lang='lat' dir='ltr'><strong>VARI/Ii</strong></span> <span class='ocrx_word' id='word_1_659' title='bbox 1687 5271 2073 5330; x_wconf 78' lang='lat' dir='ltr'><strong>LECTIONES</strong></span> <span class='ocrx_word' id='word_1_660' title='bbox 2112 5275 2200 5330; x_wconf 87' lang='grc' dir='ltr'><strong>ΕΤ</strong></span> <span class='ocrx_word' id='word_1_661' title='bbox 2230 5275 2463 5334; x_wconf 61' lang='lat' dir='ltr'><strong>NOTAE.</strong></span> 
     </span>
    </p>
   </div>
   <div class='ocr_carea' id='block_1_97' title="bbox 377 5423 1934 5505">
    <p class='ocr_par' dir='ltr' id='par_1_97' title="bbox 377 5423 1872 5505">
     <span class='ocr_line' id='line_1_97' title="bbox 377 5423 1872 5505; baseline -0.001 -22"><span class='ocrx_word' id='word_1_662' title='bbox 377 5428 479 5501; x_wconf 63' lang='grc' dir='ltr'>(ετ)</span> <span class='ocrx_word' id='word_1_663' title='bbox 505 5429 1030 5505; x_wconf 37' lang='grc' dir='ltr'>Νοηβιῖρμοκιανῷ,</span> <span class='ocrx_word' id='word_1_664' title='bbox 1055 5430 1147 5505; x_wconf 80' lang='lat' dir='ltr'><strong>sed</strong></span> <span class='ocrx_word' id='word_1_665' title='bbox 1186 5423 1521 5505; x_wconf 59' lang='lat' dir='ltr'><strong>&#39;Howvtqu‘),</strong></span> <span class='ocrx_word' id='word_1_666' title='bbox 1544 5427 1872 5505; x_wconf 29' lang='lat' dir='ltr'><strong>“II-eroniano,</strong></span> 
     </span>
    </p>
   </div>
   <div class='ocr_carea' id='block_1_98' title="bbox 2003 5423 3560 5505">
    <p class='ocr_par' dir='ltr' id='par_1_98' title="bbox 2049 5432 3560 5505">
     <span class='ocr_line' id='line_1_98' title="bbox 2049 5432 3560 5505; baseline 0.004 -21"><span class='ocrx_word' id='word_1_667' title='bbox 2049 5432 2161 5505; x_wconf 59' lang='grc' dir='ltr'><strong>(ἐξ)</strong></span> <span class='ocrx_word' id='word_1_668' title='bbox 2193 5433 2298 5505; x_wconf 77' lang='lat' dir='ltr'><strong>Pro</strong></span> <span class='ocrx_word' id='word_1_669' title='bbox 2331 5436 2527 5505; x_wconf 82' lang='grc' dir='ltr'>πιστὴν</span> <span class='ocrx_word' id='word_1_670' title='bbox 2572 5434 2727 5489; x_wconf 86' lang='lat' dir='ltr'><strong>codd.</strong></span> <span class='ocrx_word' id='word_1_671' title='bbox 2775 5433 2894 5491; x_wconf 84' lang='lat' dir='ltr'><strong>Vat.</strong></span> <span class='ocrx_word' id='word_1_672' title='bbox 2953 5436 3057 5490; x_wconf 68' lang='grc'><strong>649</strong></span> <span class='ocrx_word' id='word_1_673' title='bbox 3106 5447 3158 5491; x_wconf 88' lang='lat' dir='ltr'><strong>et</strong></span> <span class='ocrx_word' id='word_1_674' title='bbox 3208 5436 3314 5491; x_wconf 84' lang='lat' dir='ltr'><strong>Alt.</strong></span> <span class='ocrx_word' id='word_1_675' title='bbox 3361 5436 3560 5492; x_wconf 83' lang='lat' dir='ltr'><strong>habent</strong></span> 
     </span>
    </p>
   </div>
   <div class='ocr_carea' id='block_1_99' title="bbox 306 5496 2304 5569">
    <p class='ocr_par' dir='ltr' id='par_1_99' title="bbox 306 5496 2304 5569">
     <span class='ocr_line' id='line_1_99' title="bbox 306 5496 2304 5569; baseline 0.002 -16"><span class='ocrx_word' id='word_1_676' title='bbox 306 5496 419 5569; x_wconf 58' lang='lat' dir='ltr'><strong>haec</strong></span> <span class='ocrx_word' id='word_1_677' title='bbox 457 5496 681 5569; x_wconf 81' lang='lat' dir='ltr'><strong>epistola</strong></span> <span class='ocrx_word' id='word_1_678' title='bbox 726 5496 1045 5553; x_wconf 82' lang='lat' dir='ltr'><strong>inscribitur</strong></span> <span class='ocrx_word' id='word_1_679' title='bbox 1075 5501 1127 5553; x_wconf 92' lang='lat' dir='ltr'><strong>in</strong></span> <span class='ocrx_word' id='word_1_680' title='bbox 1158 5496 1340 5569; x_wconf 38' lang='lat' dir='ltr'><strong>codd,</strong></span> <span class='ocrx_word' id='word_1_681' title='bbox 1368 5496 1487 5569; x_wconf 71' lang='lat' dir='ltr'><strong>Val.</strong></span> <span class='ocrx_word' id='word_1_682' title='bbox 1538 5498 1640 5551; x_wconf 68' lang='grc' dir='ltr'><strong>διε)</strong></span> <span class='ocrx_word' id='word_1_683' title='bbox 1674 5510 1725 5552; x_wconf 81' lang='lat' dir='ltr'><strong>et</strong></span> <span class='ocrx_word' id='word_1_684' title='bbox 1766 5502 1871 5556; x_wconf 83' lang='lat' dir='ltr'><strong>Alt.</strong></span> <span class='ocrx_word' id='word_1_685' title='bbox 1979 5496 2203 5564; x_wconf 77' lang='grc' dir='ltr'>πιστῶς.</span> <span class='ocrx_word' id='word_1_686' title='bbox 2233 5503 2304 5557; x_wconf 88' lang='lat' dir='ltr'><strong>lo.</strong></span> 
     </span>
    </p>
   </div>
   <div class='ocr_carea' id='block_1_100' title="bbox 308 5566 1865 5643">
    <p class='ocr_par' dir='ltr' id='par_1_100' title="bbox 308 5566 1865 5643">
     <span class='ocr_line' id='line_1_100' title="bbox 308 5566 1865 5643; baseline 0 -21"><span class='ocrx_word' id='word_1_687' title='bbox 308 5566 738 5643; x_wconf 55' lang='lat' dir='ltr'><strong>Xers._antepen.</strong></span> <span class='ocrx_word' id='word_1_688' title='bbox 772 5579 828 5643; x_wconf 80' lang='lat' dir='ltr'><strong>et</strong></span> <span class='ocrx_word' id='word_1_689' title='bbox 856 5584 979 5635; x_wconf 86' lang='lat' dir='ltr'><strong>pen.</strong></span> <span class='ocrx_word' id='word_1_690' title='bbox 1018 5584 1112 5635; x_wconf 84' lang='lat' dir='ltr'><strong>pro</strong></span> <span class='ocrx_word' id='word_1_691' title='bbox 1134 5567 1546 5643; x_wconf 63' lang='lat' dir='ltr'><strong>Nab&#39;pUOdtcod.</strong></span> <span class='ocrx_word' id='word_1_692' title='bbox 1577 5569 1683 5621; x_wconf 86' lang='lat' dir='ltr'><strong>Alt.</strong></span> <span class='ocrx_word' id='word_1_693' title='bbox 1716 5571 1865 5643; x_wconf 76' lang='lat' dir='ltr'><strong>habel</strong></span> 
     </span>
    </p>
   </div>
   <div class='ocr_carea' id='block_1_101' title="bbox 1999 5566 3556 5643">
    <p class='ocr_par' dir='ltr' id='par_1_101' title="bbox 2050 5572 3556 5643">
     <span class='ocr_line' id='line_1_101' title="bbox 2050 5572 3556 5643; baseline 0.004 -21"><span class='ocrx_word' id='word_1_694' title='bbox 2050 5572 2161 5641; x_wconf 69' lang='grc'><strong>(2-4)</strong></span> <span class='ocrx_word' id='word_1_695' title='bbox 2215 5573 2315 5625; x_wconf 86' lang='lat' dir='ltr'><strong>Pro</strong></span> <span class='ocrx_word' id='word_1_696' title='bbox 2365 5574 2789 5643; x_wconf 77' lang='grc' dir='ltr'>ἀποπέμπεσθαι</span> <span class='ocrx_word' id='word_1_697' title='bbox 2838 5575 2995 5627; x_wconf 86' lang='lat' dir='ltr'><strong>codd.</strong></span> <span class='ocrx_word' id='word_1_698' title='bbox 3044 5573 3168 5629; x_wconf 74' lang='lat' dir='ltr'><strong>Vat.</strong></span> <span class='ocrx_word' id='word_1_699' title='bbox 3214 5576 3316 5631; x_wconf 67' lang='lat'><strong>659</strong></span> <span class='ocrx_word' id='word_1_700' title='bbox 3369 5586 3423 5629; x_wconf 83' lang='lat' dir='ltr'><strong>et</strong></span> <span class='ocrx_word' id='word_1_701' title='bbox 3450 5574 3556 5628; x_wconf 82' lang='lat' dir='ltr'><strong>Alt.</strong></span> 
     </span>
    </p>
   </div>
   <div class='ocr_carea' id='block_1_102' title="bbox 306 5633 1863 5715">
    <p class='ocr_par' dir='ltr' id='par_1_102' title="bbox 306 5633 1863 5715">
     <span class='ocr_line' id='line_1_102' title="bbox 306 5633 1863 5715; baseline 0.006 -30"><span class='ocrx_word' id='word_1_702' title='bbox 306 5633 511 5715; x_wconf 67' lang='grc' dir='ltr'>Ναερύς</span> <span class='ocrx_word' id='word_1_703' title='bbox 528 5633 629 5715; x_wconf 53' lang='lat'><strong>52:</strong></span> <span class='ocrx_word' id='word_1_704' title='bbox 662 5638 831 5692; x_wconf 83' lang='lat' dir='ltr'><strong>Paulo</strong></span> <span class='ocrx_word' id='word_1_705' title='bbox 857 5633 980 5707; x_wconf 81' lang='lat' dir='ltr'><strong>post</strong></span> <span class='ocrx_word' id='word_1_706' title='bbox 1018 5633 1114 5705; x_wconf 84' lang='lat' dir='ltr'><strong>pro</strong></span> <span class='ocrx_word' id='word_1_707' title='bbox 1146 5637 1270 5689; x_wconf 71' lang='grc' dir='ltr'>κυσὶ</span> <span class='ocrx_word' id='word_1_708' title='bbox 1318 5639 1436 5691; x_wconf 89' lang='lat' dir='ltr'><strong>cod.</strong></span> <span class='ocrx_word' id='word_1_709' title='bbox 1481 5649 1701 5707; x_wconf 85' lang='lat' dir='ltr'><strong>uterque</strong></span> <span class='ocrx_word' id='word_1_710' title='bbox 1750 5640 1863 5707; x_wconf 75' lang='lat' dir='ltr'><strong>legil</strong></span> 
     </span>
    </p>
   </div>
   <div class='ocr_carea' id='block_1_103' title="bbox 2002 5633 3559 5715">
    <p class='ocr_par' dir='ltr' id='par_1_103' title="bbox 2002 5633 3559 5715">
     <span class='ocr_line' id='line_1_103' title="bbox 2002 5633 3559 5715; baseline 0.001 -22"><span class='ocrx_word' id='word_1_711' title='bbox 2002 5633 2162 5708; x_wconf 57' lang='lat' dir='ltr'><strong>eg‘uui</strong></span> <span class='ocrx_word' id='word_1_712' title='bbox 2200 5633 2601 5715; x_wconf 68' lang='grc' dir='ltr'>ἐκπέμπεσθαι,</span> <span class='ocrx_word' id='word_1_713' title='bbox 2637 5654 2692 5697; x_wconf 80' lang='lat' dir='ltr'><strong>et</strong></span> <span class='ocrx_word' id='word_1_714' title='bbox 2732 5658 2871 5699; x_wconf 69' lang='lat' dir='ltr'><strong>vers.</strong></span> <span class='ocrx_word' id='word_1_715' title='bbox 2904 5653 3157 5714; x_wconf 84' lang='lat' dir='ltr'><strong>antepen.</strong></span> <span class='ocrx_word' id='word_1_716' title='bbox 3190 5661 3287 5715; x_wconf 91' lang='lat' dir='ltr'><strong>pro</strong></span> <span class='ocrx_word' id='word_1_717' title='bbox 3320 5644 3559 5701; x_wconf 78' lang='grc' dir='ltr'>συντίθε-</span> 
     </span>
    </p>
   </div>
   <div class='ocr_carea' id='block_1_104' title="bbox 308 5708 2591 5777">
    <p class='ocr_par' dir='ltr' id='par_1_104' title="bbox 308 5708 2591 5777">
     <span class='ocr_line' id='line_1_104' title="bbox 308 5708 2591 5777; baseline 0.004 -18"><span class='ocrx_word' id='word_1_718' title='bbox 308 5708 493 5764; x_wconf 74' lang='grc' dir='ltr'>κυνῶν.</span> <span class='ocrx_word' id='word_1_719' title='bbox 526 5708 735 5764; x_wconf 76' lang='lat' dir='ltr'><strong>Possm.</strong></span> <span class='ocrx_word' id='word_1_720' title='bbox 1978 5727 2086 5777; x_wconf 82' lang='grc' dir='ltr'>ται,</span> <span class='ocrx_word' id='word_1_721' title='bbox 2124 5708 2478 5766; x_wconf 76' lang='grc' dir='ltr'>συντέθειται.</span> <span class='ocrx_word' id='word_1_722' title='bbox 2522 5713 2591 5767; x_wconf 83' lang='grc' dir='ltr'><strong>Ιυ.</strong></span> 
     </span>
    </p>
   </div>
   <div class='ocr_carea' id='block_1_105' title="bbox 618 5798 2175 5866">
    <p class='ocr_par' dir='ltr' id='par_1_105' title="bbox 618 5798 1401 5866">
     <span class='ocr_line' id='line_1_105' title="bbox 618 5798 1401 5866; baseline -0.008 -1"><span class='ocrx_word' id='word_1_723' title='bbox 618 5804 870 5866; x_wconf 67' lang='grc' dir='ltr'>Ρλτῐιοι</span> <span class='ocrx_word' id='word_1_724' title='bbox 936 5802 1049 5862; x_wconf 74' lang='lat' dir='ltr'><strong>Gn.</strong></span> <span class='ocrx_word' id='word_1_725' title='bbox 1086 5798 1401 5861; x_wconf 74' lang='lat' dir='ltr'><strong>LXXVIII.</strong></span> 
     </span>
    </p>
   </div>
   <div class='ocr_carea' id='block_1_106' title="bbox 1632 5798 3189 5866">
    <p class='ocr_par' dir='ltr' id='par_1_106' title="bbox 3128 5806 3189 5866">
     <span class='ocr_line' id='line_1_106' title="bbox 3128 5806 3189 5866; baseline 0 0"><span class='ocrx_word' id='word_1_726' title='bbox 3128 5806 3189 5866; x_wconf 83' lang='grc'><strong>11</strong></span> 
     </span>
    </p>
   </div>
  </div>
