3944 6138
365 302 466 372 331

1558 300 1615 358 S-
1660 291 1942 359 ISIDOR‘
1981 294 2417 356 PELUSIOT/E

3500 292 3608 354 332

374 418 495 488 ipse
523 414 727 470 erroris
748 412 939 468 artifex
971 411 1193 467 invenit.
1220 409 1513 481 Prmstigiis
1534 411 1699 475 enim,
1729 418 1783 463 et
1810 422 1937 477 pue-

2063 406 2305 478 ἐχνίτης.
2340 402 2717 472 Μαγγανείαις
2744 403 2850 474 γὰρ
2901 402 2996 457 καὶ
3031 402 3450 467 παιδοκτονίαις,
3486 419 3603 473 μοι-

370 523 559 566 torum
606 505 843 561 caedibus
885 514 1045 574 atque
1096 502 1407 566 adulteriis,
1436 509 1491 555 et
1520 500 1933 555 simulacrorum

2063 501 2210 569 ίείαις
2255 514 2316 549 τε
2356 498 2449 549 καὶ
2477 495 2938 565 εἰδωλολατρείαις
2980 496 3315 549 συντίθεται·
3360 497 3455 548 καὶ
3490 497 3611 549 δαίς

372 599 608 655 cultibus
652 605 886 662 constat,
930 604 1096 664 atque
1145 610 1172 647 a
1222 592 1378 647 smvis
1419 591 1749 647 daemonibus
1784 604 1935 644 com-

2040 606 2165 659 μοσι
2209 589 2467 658 χαλεποῖς
2508 589 2917 657 συγκροτεῖται·
2950 581 3020 658 ἦς
3072 588 3334 657 μετέχων,
3385 588 3613 641 ἐκείνων

370 690 612 760 pingitur
662 705 675 742 :
714 686 867 755 cujus
912 686 1004 754 qui
1050 685 1319 754 particeps
1362 689 1467 748 est,
1505 681 1609 736 illis
1652 680 1935 736 confestim

2063 680 2199 745 ,ὑθὺς
2224 677 2657 749 ἀναπίμπλαται.

371 778 635 847 expletur.

848 882 1116 939 CCXLI“.
1145 912 1218 925 -—
1242 880 1473 938 ΕιυΕΜ.

1010 975 1087 1029 De
1109 976 1307 1028 eodem.

454 1094 723 1150 Prolixam
775 1091 990 1161 quidem
1038 1088 1337 1142 orationem
1377 1084 1668 1154 impietatis
1710 1082 1943 1138 declara-

358 1189 458 1241 ‘tio
486 1183 730 1254 requirit.
766 1181 837 1236 Ut
863 1190 1043 1233 autem
1072 1178 1259 1246 paucis
1300 1191 1411 1230 rem
1445 1173 1792 1243 complectar,
1815 1171 1940 1240 Spi-

378 1281 542 1331 ritum
575 1282 819 1330 sanctum
846 1271 911 1325 de
934 1269 1115 1323 medio
1148 1266 1336 1321 tollere
1370 1264 1611 1327 student,
1637 1278 1757 1317 eum
1783 1261 1945 1314 haud-

372 1380 644 1434 quaquam
678 1364 732 1417 in
780 1361 867 1415 die
916 1359 1269 1414 Pentecostes
1313 1355 1379 1409 ad
1428 1361 1802 1409 sacrosanctos
1824 1365 1943 1420 apo-

381 1456 549 1509 stolos
576 1451 791 1506 venisse
828 1454 1155 1511 asserentes,
1197 1456 1385 1498 verum
1430 1442 1590 1511 longo
1639 1449 1761 1510 post
1806 1449 1942 1493 tem-

381 1558 513 1613 pore
544 1539 781 1596 Montani
826 1550 991 1606 opera
1042 1534 1223 1589 datum
1269 1544 1411 1595 esse,
1462 1529 1697 1584 hominis
1745 1526 1835 1596 qui
1869 1524 1944 1578 nil

379 1635 595 1704 quidem
646 1645 834 1701 grave,
885 1636 945 1681 ut
986 1626 1085 1694 ipsi
1131 1623 1485 1687 contendunt,
1536 1619 1840 1683 admiserit,
1889 1624 1944 1669 at

381 1738 575 1779 revera
608 1723 662 1776 in
694 1719 960 1775 adulterio
1005 1714 1292 1785 perspicue
1330 1711 1695 1780 deprehensus
1733 1709 1823 1773 sit,
1854 1715 1939 1759 at-

382 1829 489 1883 que
520 1816 621 1868 hoc
660 1810 914 1881 praeclaro
958 1806 1197 1861 facinore
1233 1804 1470 1857 divinum
1502 1808 1841 1873 prospectum
1872 1798 1946 1866 ip-

381 1904 496 1960 sius
523 1902 645 1958 l‘tdei
676 1901 939 1956 creditum
968 1910 1088 1953 esse
1119 1893 1366 1949 aﬂirmet.

852 2006 1126 2066 CCXLIV.
1154 2036 1225 2048 —
1246 2004 1469 2060 EIDEM.

1008 2098 1087 2153 De
1111 2099 1313 2153 eodem.

381 2271 388 2279 .
452 2217 595 2275 Nihil
620 2232 736 2281 eos,
762 2215 853 2285 qui
887 2213 1035 2270 sanis
1065 2211 1295 2268 decretis
1327 2209 1567 2263 animum
1603 2208 1824 2263 minime
1848 2208 1946 2261 ad-

389 2311 602 2381 jiciunt,
620 2306 889 2376 jejunium
914 2305 1087 2374 juvat.
1112 2302 1325 2368 Quanto
1345 2299 1487 2354 enim
1512 2299 1692 2353 anima
1723 2311 1948 2367 corpore

376 2399 731 2472 praestantior
753 2404 858 2461 est,
905 2402 1055 2449 tanto
1082 2390 1526 2463 quoquepietatis
1553 2389 1801 2457 dogmata
1826 2389 1948 2443 vita:

384 2496 807 2559 anteponuntur.

873 2590 1119 2648 CCXLV.
1139 2620 1206 2630 —
1227 2587 1460 2643 EIDEM.

1020 2682 1097 2736 De
1120 2681 1317 2735 eodem.

462 2798 797 2854 Deteriorum
832 2808 959 2849 usus
989 2793 1091 2848 hoc
1134 2799 1378 2861 praestat,
1430 2797 1492 2842 ut
1533 2786 1754 2840 meliora
1790 2784 1946 2838 inve-

2516 874 2690 928 ΣΜΓν.
2719 905 2789 914 -
2817 873 2905 943 Τῼ
2933 869 3136 941 ann.

2356 965 2497 1033 Περὶ
2530 964 2715 1019 αὐτοῦ
2746 962 2899 1035 [περὶ
2922 962 3030 1016 τοῦ
3054 959 3288 1031 αὐτοῦ].

2115 1076 2322 1146 Πολλῆς
2350 1077 2446 1147 μὲν
2474 1076 2641 1129 δεῖται
2666 1072 3043 1145 μακρηγορίας
3062 1071 3172 1143 (‘25)
3204 1073 3238 1141 ἡ
3268 1070 3617 1139 παράστασις

2042 1169 2142 1238 τῆς
2171 1167 2508 1229 δυσσεϐείας.
2550 1166 2638 1228 Ὦς
2676 1166 2734 1217 ἐν
2765 1165 3014 1233 συντόμῳ
3043 1162 3099 1214 δὲ
3139 1163 3366 1232 φράσαι,
3403 1161 3616 1213 ἀνελεῖν

2047 1258 2406 1321 σπουδάζουσι
2444 1256 2505 1309 τὸ
2534 1256 2798 1323 πανάγιον
2827 1253 3073 1324 Πνεῦμα,
3111 1253 3211 1305 οὐκ
3246 1253 3303 1304 ὲν
3329 1254 3395 1321 τῇ
3427 1252 3616 1322 ἡμέρᾳ

2044 1353 2145 1420 τῆς
2174 1350 2549 1421 Πεντηκοστῆς
2588 1348 2937 1417 ὲπιφοιτῆσαι
2982 1345 3142 1399 τοῦτο
3169 1348 3280 1407 τοῖς
3329 1345 3493 1415 ἱεροῖς
3520 1343 3618 1396 λέ-

2046 1457 2235 1509 γοντες
2261 1439 2573 1501 ἀποστόλοις
2596 1480 2611 1505 ,
2663 1438 2779 1492 ἀλλ’
2806 1440 2863 1501 ὲς
2893 1436 3117 1507 ὕστερον
3150 1435 3365 1507 μακρῷ,
3397 1436 3617 1487 Μοντα-

2044 1532 2136 1586 νοῦ
2190 1531 2562 1594 διακονοῦντος
2625 1530 2900 1596 δεδόσθαι,
2958 1528 3249 1599 ἀνθρώπου
3308 1526 3460 1579 οὐδὲν
3517 1526 3620 1595 μὲν

2049 1622 2207 1693 βαρὺ,
2232 1622 2307 1683 ὡς
2336 1616 2477 1675 οὗτοί
2507 1638 2661 1689 φασι,
2686 1617 3047 1693 πεπραχότος,
3076 1614 3263 1686 μοιχοῦ
3286 1614 3343 1666 δὲ
3366 1611 3621 1682 φανερῶς

2047 1714 2345 1775 ἑαλωκότος
2367 1752 2383 1776 ,
2414 1712 2511 1765 καὶ¹
2558 1712 2636 1780 τῷ
2664 1709 3048 1781 κατορθώματι
3080 1706 3254 1776 τούτῳ
3298 1704 3622 1775 θεοφάνειαν

2043 1804 2289 1872 λέγοντος
2318 1800 2731 1856 πεπιστεῦσθαι.

2520 1996 2689 2050 ΣΜΔι.
2721 2025 2791 2036 -
2818 1996 2905 2066 Tn
2935 1993 3135 2065 ΑΥΤῼ.

2638 2087 2780 2157 Περὶ
2813 2085 3021 2142 αὐτοῦ.

2114 2202 2280 2261 Οὐδὲν
2320 2202 2525 2272 ὀνίνησι
2574 2199 2794 2271 νηστεία
2836 2199 2963 2261 τοὺς
2997 2198 3178 2267 ὑγιέσι
3213 2195 3288 2267 μὴ
3321 2193 3623 2268 προσέχον-

2045 2314 2144 2359 τας
2187 2297 2367 2367 ὅροις·
2412 2294 2526 2362 ὅσῳ
2552 2293 2660 2361 γὰρ
2707 2289 2801 2344 τοῦ
2846 2288 3096 2361 σώματος
3142 2290 3181 2358 ἡ
3225 2286 3372 2358 ψυχὴ
3418 2301 3623 2357 προτε-

2048 2387 2217 2459 ρεύει,
2248 2386 2502 2441 τοσοῦτον
2531 2382 2805 2445 πολιτείας
2831 2381 3079 2451 δόγματα
3110 2378 3222 2450 (26)
3258 2376 3621 2448 προκρίνεται

2046 2478 2346 2540 εὐσεϐείας.

2521 2587 2697 2642 mea
2724 2613 2795 2626 —
2823 2584 2911 2655 T9
2939 2581 3141 2651 ΑΥΤῼ.

2632 2676 2773 2744 Περὶ
2798 2673 3013 2727 αὑτοῦ.

2130 2794 2198 2846 Ἦ
2225 2793 2419 2864 χρῆσις
2442 2790 2551 2844 τῶν
2565 2788 2821 2860 χειρόνων
2840 2786 2949 2857 (27)
2970 2785 3070 2854 τὴν
3098 2781 3311 2853 εὕρεσιν
3340 2780 3486 2832 ποιεῖ
3510 2776 3623 2830 τῶν

390 2890 624 2945 niamus.
656 2886 727 2941 Ut
753 2886 895 2941 enim
920 2884 1059 2939 hanc
1089 2881 1421 2952 impietatem
1453 2880 1703 2944 vitemus,
1728 2884 1785 2931 et
1812 2876 1950 2931 lianc

2063 2880 2394 2952 κρειττόνων.
2428 2879 2545 2932 Ἵνα
2585 2878 2691 2947 γὰρ
2734 2875 2889 2946 τήνδε
2917 2874 3017 2942 τὴν
3063 2868 3413 2942 βλασφημίαν
3437 2865 3622 2919 ἐκκλί-

387 2978 898 3042 animadvertimus,
946 2983 999 3029 et
1056 2973 1200 3027 illam
1251 2969 1558 3040 eﬂugimus,
1609 2982 1671 3023 ac
1710 2982 1805 3037 per
1831 2979 1950 3020 eam

2063 2988 2253 3041 νωμεν,
2291 2972 2386 3023 καὶ
2430 2969 2587 3038 τήνδε
2631 2967 3081 3036 συνεωράκαμεν,
3121 2962 3379 3030 κάκείνην
3411 2960 3621 3027 πεφεύ-

389 3073 520 3123 item
548 3066 774 3121 alteram
805 3072 862 3119 et
905 3060 1137 3130 denique
1174 3074 1364 3129 puram
1399 3072 1463 3112 ac
1503 3056 1635 3110 labis
1674 3064 1947 3125 expertem

2063 3078 2260 3132 γαμεν,
2291 3060 2383 3113 καὶ
2411 3060 2476 3111 ὲκ
2502 3057 2703 3126 ταύτης
2735 3056 2926 3126 ἑτέραν
2963 3056 3054 3107 καὶ
3085 3053 3183 3124 τὴν
3212 3050 3440 3106 ἄσπιλον
3484 3066 3623 3101 κατ·

386 3156 697 3212 doctrinam
738 3150 1097 3223 percepimus.
1125 3145 1586 3215 Quemadmodum
1619 3143 1781 3213 igitur
1808 3141 1950 3196 Mun-

2063 3150 2585 3221 ειλήφαμεν.“Ωσπερ
2613 3145 2705 3201 οὖν
2726 3146 3000 3200 Μοντανδν
3023 3142 3424 3215 μυσαττόμεθα,
3443 3137 3621 3201 οὕτως

390 3253 575 3300 Ianum
638 3243 1057 3301 .exborremus,
1130 3235 1317 3290 eodem
1385 3232 1542 3286 modo
1599 3228 1949 3282 Manidweum

2063 3243 2146 3295 καὶ
2188 3241 2483 3310 Μανιχαῖον
2543 3240 2639 3293 τὸν
2686 3238 2973 3308 σύμφρονα
3022 3233 3186 3288 αὑτοῦ
3234 3229 3617 3303 βδελυξόμεθα.

391 3339 577 3400 etiam,
634 3332 726 3402 qui
771 3330 959 3385 eadem
1007 3341 1128 3396 qua:
1171 3324 1259 3379 ille
1292 3321 1480 3388 sentit,
1523 3318 1948 3374 exsecrabimur.

391 3424 691 3483 Gemellum
728 3422 873 3476 enim
909 3418 1111 3473 malum
1139 3425 1222 3470 est
1252 3414 1515 3484 gehennte
1554 3409 1950 3465 intermedium.

858 3548 1129 3606 CCXLVI.
1157 3574 1228 3587 —
1251 3543 1501 3601 ΕΙΒΕΜ..

779 3642 857 3697 De
888 3641 1101 3695 Ariani:
1116 3648 1163 3693 et
1197 3635 1565 3691 Eunomianis.

468 3757 612 3814 Inter
635 3755 826 3811 Arium
855 3761 910 3806 et
942 3751 1257 3806 Eunomium
1306 3764 1411 3802 non
1448 3749 1515 3802 de
1562 3760 1628 3800 eo
1668 3744 1952 3800 dissidium

396 3853 518 3917 fuit,
574 3858 694 3904 uter
743 3847 1023 3900 meliorem
1055 3841 1355 3897 doctrinam
1403 3838 1685 3908 profitetur
1718 3854 1733 3889 :
1766 3851 1952 3891 verum

394 3953 620 4009 uterque
649 3938 883 3993 alterum
918 3933 1206 4003 impietatis
1228 3930 1595 4000 magnitudine
1616 3938 1775 3996 atque
1800 3926 1954 3995 c0pia

396 4045 654 4101 superare
692 4026 917 4082 studuit.
980 4022 1073 4077 llle
1103 4023 1353 4075 nimirum
1381 4034 1501 4073 cum
1533 4017 1623 4070 Dei
1657 4015 1848 4070 Filium
1880 4015 1956 4069 fa-

394 4124 604 4178 ctitium
648 4118 903 4188 quiddam
954 4128 1079 4168 esse
1125 4112 1461 4180 impudenter
1497 4120 1745 4161 asserere
1791 4119 1957 4161 ausus

394 4221 517 4276 est;
572 4210 662 4263 hic
692 4217 870 4260 autem
914 4218 1036 4258 eum
1072 4216 1284 4255 servum
1318 4213 1439 4254 esse
1468 4197 1627 4264 impie
1651 4194 1953 4249 allimavit.

394 4301 659 4368 Quocirca
717 4296 970 4352 omnibus
1008 4291 1212 4346 viribus
1249 4291 1437 4343 ambos
1485 4286 1670 4355 fugere
1717 4293 1953 4354 oportet,

396 4400 581 4460 utpote
633 4398 876 4443 extrema
917 4384 1039 4439 labe
1093 4396 1157 4436 ac
1206 4378 1446 4445 pernicie
1499 4374 1787 4445 discipulos
1826 4389 1953 4430 suos
1982 4410 2029 4465 Β

392 4482 697 4552 implentes.

781 4587 893 4660 39
924 4582 1215 4641 cuan.
1246 4609 1312 4624 -
1341 4578 1568 4634 EIDEM.

886 4676 1080 4731 Contra
1115 4671 1463 4727 Sabelliauos.

464 4794 584 4847 Alia
625 4798 846 4844 narratu
887 4783 1121 4840 diﬂicilis
1146 4779 1462 4850 Charybdis,
1504 4791 1618 4843 eos,
1650 4790 1785 4845 quos
1812 4773 1949 4828 arri-

392 4885 527 4954 puit,
556 4883 607 4935 iu
643 4878 834 4935 inferni
863 4873 1183 4947 profundum
1200 4870 1498 4940 praecipites
1532 4882 1715 4936 agens,
1750 4865 1947 4920 Sabel-

392 4975 449 5028 lii
484 4987 637 5027 error
676 4979 796 5025 est:
830 4969 921 5038 qui
975 4980 1040 5021 ex
1090 4963 1278 5017 Africa
1323 4960 1597 5030 profectus
1640 4966 1742 5021 est,
1791 4967 1953 5025 atque

394 5067 461 5119 ad
498 5062 694 5117 multos
731 5057 1016 5129 perrepsit.
1056 5054 1334 5125 Siquidem
1364 5050 1691 5105 adorantlam
1729 5062 1792 5101 ac
1823 5046 1953 5100 bea-

2052 3328 2279 3397 Δίδυμον
2312 3327 2417 3399 γὰρ
2447 3326 2619 3380 κακὸν
2651 3324 2753 3395 τῆς
2780 3325 3001 3393 γεέννης
3033 3322 3375 3394 μεσαίτατον.

2514 3554 2705 3619 ΣΜεῖι.
2737 3581 2807 3593 -
2837 3552 2925 3623 Τῼ
2952 3551 3157 3621 arm.

2305 3644 2445 3712 Περὶ
2485 3642 2790 3711 Ἀρειανῶν
2818 3641 2914 3695 καί
2945 3637 3350 3709 Εὐνομίαν-ῶν.

2136 3755 2330 3827 ’Λρείῳ
2358 3755 2451 3808 καὶ
2478 3754 2727 3824 Εὐνομίῳ
2754 3754 2816 3806 οὐ
2844 3752 3033 3821 γέγονε
3060 3751 3291 3821 διαφορὰ
3320 3749 3459 3818 πρδς
3496 3749 3621 3820 βελ-

2054 3849 2259 3911 τίωσιν,
2293 3845 2428 3900 ἀλλὰ
2456 3846 2754 3915 ἀμφότεροι
2787 3844 3045 3913 ἀλλήλους
3095 3840 3443 3912 βλασφημίας
3472 3841 3627 3909 φιλο-

2053 3936 2212 4007 τιμίᾳ
2293 3934 2693 4004 ὑπερϐαλέσθαι
2752 3933 2863 4003 (28)
2934 3931 3375 4000 ἐφιλονείκησαν·
3432 3931 3461 3981 ό
3519 3928 3624 3999 μὲν

2056 4028 2268 4098 ποίημα
2314 4025 2404 4078 τὸν
2431 4023 2525 4077 τοῦ
2557 4022 2692 4075 Θεοῦ
2722 4023 2847 4075 Υίὸν
2891 4021 3125 4085 ἐξειπεῖν
3163 4019 3449 4090 τολμηρῶς
3487 4019 3625 4071 ἀνα·

2055 4118 2371 4190 θαρρήσας,
2421 4116 2449 4167 ὁ
2503 4114 2560 4169 δὲ
2616 4114 2709 4166 καὶ
2764 4112 2945 4165 δοῦλον
3021 4110 3236 4175 ἀσεϐῶς
3290 4111 3621 4180 ἀγορεύσας.

2010 4258 2011 4261 η
2055 4208 2225 4261 Παντὶ
2254 4206 2431 4259 τοίνυν
2462 4204 2636 4257 σθένει
2662 4200 3045 4274 [ἀμφοτέρους]
3080 4198 3363 4269 φευκτέον,
3386 4198 3623 4268 ἐσχάτης

2055 4297 2232 4368 λύμης
2255 4296 2379 4359 τοὺς
2405 4294 2609 4364 μύστας
2638 4292 3041 4364 ἐμπιπλῶντας.

2542 4568 2878 4636 ΣΜΖ’.-Τῼ
2910 4564 3113 4637 arm.

2513 4661 2671 4715 Κατὰ
2718 4656 3161 4712 Σαϐελλιανῶν.

2131 4765 2753 4841 Ἀλλη’δυσεξάγγελτος
2793 4762 3065 4834 Χάρυϐδις
3093 4763 3172 4823 είς
3206 4758 3456 4830 πυθμένα
3485 4759 3622 4831 ᾅδου

2058 4858 2571 4933 κατακρημνίζουσα
2600 4856 2723 4918 τοὺς
2766 4854 3011 4919 ἁλόντας,
3059 4854 3091 4923 ἡ
3139 4850 3429 4904 Σαϐελλίου
3460 4851 3626 4905 κακό-

2059 4970 2196 5015 νοια,
2221 4953 2284 5003 ὲκ
2308 4949 2514 5015 Λιϐύης
2536 4947 2817 5016 ἀπάρασα,
2849 4945 2930 5006 είς
2964 4942 3189 5004 πολλοὺς
3210 4941 3267 4993 δὲ
3294 4942 3623 5008 κωμάσασα.

2060 5044 2171 5113 Τὴν
2212 5038 2589 5111 προσκυνητὴν
2628 5036 2737 5107 γὰρ
2773 5035 2869 5088 καὶ
2904 5032 3182 5104 μακαρίαν
3215 5033 3455 5103 Τριὰδα,
3495 5032 3627 5103 μίαν

1470 5224 1705 5282 VARle
1734 5217 2118 5276 LECTIONES
2162 5217 2245 5270 ET
2287 5211 2518 5268 ΝΟΤᾸΞ.

467 5396 575 5521 323i)
611 5390 724 5446 Non
758 5385 1265 5459 μακρηγορίας,εει1
1288 5380 1619 5451 κατηγορίας
1644 5376 1799 5432 codtl.
1829 5374 1949 5428 Vat.

466 5472 477 5497 ‘
524 5476 576 5517 et
607 5462 710 5515 Alt.
738 5462 936 5521 legunt.
970 5457 1171 5508 Possm.
1346 5520 1351 5521 γ
1703 5515 1733 5521 __
1759 5512 1771 5521 .
1916 5515 1928 5521 _

395 5462 497 5521 649
524 5462 576 5517 et
607 5462 710 5515 Alt.
738 5462 936 5525 legunt.
970 5462 1171 5508 Possm.

469 5536 579 5602 (alii)
626 5532 810 5598 Δόγμα
844 5528 895 5579 in
922 5523 1173 5592 singulari
1206 5535 1310 5573 non
1338 5520 1579 5587 δόγματα
1611 5512 1800 5567 scribit
1833 5515 1952 5569 cod.

397 5604 866 5742 Alzégf'vutgalus
895 5666 928 5734 ὴ
966 5622 1159 5733 χρῆσις
1186 5658 1293 5712 τῶν
1334 5654 1611 5726 χειρόνων,
1661 5650 1798 5705 male
1842 5653 1957 5706 sine

2054 5371 2213 5425 dubio
2241 5368 2303 5422 ad
2333 5366 2432 5419 loci
2465 5363 2805 5417 sententiam.
2833 5362 2972 5432 Ergo
2994 5377 3061 5416 ne
3090 5362 3299 5432 dubites
3326 5364 3630 5420 rescribere

2057 5437 2364 5491 auctoribus
2395 5436 2550 5488 codd.
2583 5433 2698 5487 Vat.
2741 5432 2844 5485 649
2873 5430 2928 5485 et
2958 5432 3087 5497 Alt.,
3115 5432 3147 5501 ἡ
3180 5430 3491 5501 σύγκρισις,
3519 5444 3625 5489 etc.

2057 5508 2239 5642 ll‘28)
2301 5573 2403 5627 Pro
2450 5570 2846 5642 ὑπερϐαλέσθαι
2892 5571 3047 5627 codd.
3099 5570 3218 5625 Vat.
3274 5569 3380 5626 649
3421 5580 3476 5626 et
3516 5569 3625 5625 Αιι.

2058 5640 2257 5703 habent
2289 5640 2673 5696 ὑποϐαλέσθαι.
2699 5640 2777 5697 ID.
