3944 6138
313 317 411 380 333
1248 312 1780 373 EPISTOLARUM
1818 315 1944 371 LIII
2010 329 2033 371 ι
2087 338 2158 349 -·
2201 318 2408 373 EPIST
2473 313 2656 375 CCLI.
3450 318 3557 381 33"

316 431 431 488 τινὰ
461 428 850 501 τριπρόσωπον
884 426 1178 479 ὑπόστασιν
1205 425 1553 496 ἐξελήρησεν,
1588 427 1725 496 ὅπερ
1763 426 1873 478 ἐστὶ

2002 443 2094 480 aut
2156 424 2517 491 Trinitatem,
2553 443 2714 482 unam
2762 427 3052 497 quamdam
3088 428 3260 484 tribus
3307 430 3559 497 personis

314 524 415 577 τῶν
448 522 618 593 τριῶν
647 520 847 592 μᾶλλον
878 517 1187 589 ἀναιρέσεις
1216 518 1329 587 (29)
1353 534 1365 547 ·
1404 518 1502 587 μία
1535 518 1644 589 γάρ
1672 519 1819 570 ἐστιν
1850 518 1871 572 ’ί

1993 525 2325 573 constantem
2361 519 2670 589 hypostasin
2703 534 2825 575 esse
2854 519 3119 575 deliravit.
3150 520 3301 586 Quod
3332 520 3550 589 quidem

314 614 522 685 θεότης,
546 615 695 684 τρεῖς
728 611 786 664 δὲ
811 611 867 665 αί
900 609 1247 671 ὑποστάσεις.
1270 609 1486 671 Ταύτας
1512 610 1691 681 τήρει,
1713 608 1871 672 οὕτως

2003 621 2102 663 Lres
2135 608 2315 677 potius
2360 609 2540 663 delere
2574 618 2697 674 est;
2737 625 2840 664 una
2880 610 3023 664 enim
3073 618 3157 664 est
3200 610 3399 672 deitas,
3448 617 3560 662 tres

312 702 425 777 ἔχεο
465 706 540 776 μή
584 704 669 768 τίς
722 720 783 756 σε
833 702 1094 772 συστολὴν
1147 701 1532 765 ὑποστάσεως,
1580 701 1656 764 ὡς
1697 702 1869 761 οὐσίας

1999 709 2173 752 autent
2248 700 2581 769 hypostases.
2628 699 2737 755 llas
2779 702 2987 765 retine,
3032 710 3193 771 alque
3236 701 3309 755 ita
3357 702 3556 756 crede:

312 799 502 852 ἕνωσιν
528 793 734 866 διδάξῃ.

2003 804 2058 843 ne
2089 790 2211 858 quis
2255 799 2305 844 te
2327 791 2633 860 hypostasis
2674 793 3137 857 contractionem,
3182 801 3437 861 tanquam
3470 805 3560 846 es-

1991 882 2180 935 sentia:
2207 882 2676 949 conjunctionem,
2709 884 2921 937 doceat.

486 995 671 1050 [.MH'.
705 1022 776 1035 --
802 993 1196 1063 ΔΡΑΚΟΝΤΙῼ
1223 991 1689 1061 ΠΡΕΣΒΥΤΕΡῼ.

2095 989 2413 1045 CCXLVIII.
2447 1019 2514 1032 -η
2550 990 2942 1051 DRACONTIO
2973 994 3452 1050 PRESBYTERO.

314 1090 410 1157 Εῑς
437 1088 526 1152 τὸ,
578 1106 600 1138 ί
634 1086 1093 1162 Ὀδοποιήσατε-
1110 1081 1190 1147 τῷ
1228 1083 1602 1143 ἐπιϐεϐηκότι
1641 1081 1743 1135 ἐπὶ
1789 1081 1871 1134 δυ

966 1170 1159 1223 σμωνη.
1196 1171 1217 1204 ι

2008 1080 2059 1135 in
2086 1082 2219 1136 illud
2265 1100 2286 1137 :
2325 1102 2343 1135 ι
2387 1082 2537 1137 Viam
2583 1084 2837 1209 [αξᾶιιξιέ
2879 1090 2968 1206 qui
3017 1088 3247 1143 ascendit
3297 1089 3367 1144 ad
3410 1103 3565 1143 occa-

391 1265 693 1338 Ἆνατολὴν
738 1266 877 1337 ἔχων
910 1265 1083 1334 ὄνομα
1112 1263 1265 1328 Θεὸς,
1313 1262 1470 1331 ἔφης,
1518 1260 1613 1314 καὶ
1644 1260 1758 1331 φῶς
1791 1261 1893 1313 ύπ-

2063 1267 2273 1335 Quzeris
2302 1284 2534 1339 quonam
2565 1278 2744 1339 pacto,
2776 1286 2901 1325 cum
2932 1270 3073 1327 Deus
3106 1270 3301 1327 Oriens
3328 1270 3564 1342 appelle-

319 1365 501 1436 ἅρχων
552 1362 873 1432 ἀπρόσιτον,
931 1357 1049 1421 πῶς
1102 1356 1195 1410 ἐπὶ
1248 1355 1467 1423 δυσμῶν
1524 1354 1876 1423 ἐπιϐέϐηκεν;

2013 1375 2103 1425 .ur,
2141 1374 2205 1413 ac
2243 1360 2422 1413 lumen
2461 1360 2799 1415 inaccessum
2840 1361 2933 1425 sit,
2989 1375 3151 1431 super
3191 1376 3441 1417 occasum
3485 1370 3570 1415 ta-

332 1455 589 1523 ’Λνατολὴ
642 1451 791 1522 αὐτῷ
840 1451 1029 1519 ὄνομα,
1091 1451 1125 1519 ἡ
1168 1448 1401 1517 ἄναρχος
1438 1446 1649 1516 θεότης,
1701 1449 1734 1516 ἡ
1779 1444 1889 1513 φῶς

2012 1467 2118 1505 neu
2170 1451 2514 1507 ascenderit?
2558 1453 2877 1524 Respondeo
2903 1470 2916 1506 :
2943 1450 3137 1507 Oriens
3178 1464 3404 1507 vocatur
3432 1450 3569 1506 divi-

318 1546 453 1604 οὖσα
492 1547 685 1601 ἀΐδιον.
714 1544 778 1597 Ἢ
803 1543 859 1596 δὲ
889 1544 981 1595 ἐπὶ
1008 1540 1225 1611 δυσμῶν
1254 1538 1505 1599 ἐπίϐασις
1532 1579 1545 1601 ,
1580 1540 1612 1608 ἡ
1641 1537 1875 1591 κοινωνία

2011 1543 2140 1595 iitas
2181 1550 2335 1597 ortus
2374 1556 2598 1610 expers,
2653 1556 2773 1611 qua:
2808 1542 3198 1610 sempiternum
3241 1540 3421 1593 lumen
3463 1548 3568 1593 est.

319 1637 417 1707 τῆς
459 1632 810 1704 ἀνθρωπίνης
856 1629 1152 1697 πτωχείας,
1202 1627 1352 1689 δύσις
1397 1622 1554 1689 οὖσα,
1601 1627 1694 1679 καὶ
1741 1627 1876 1679 νυκτ

2014 1634 2267 1688 \scensus
2308 1642 2488 1688 autem
2532 1648 2695 1703 super
2724 1647 2998 1697 occasum,
3042 1641 3127 1687 est
3157 1632 3408 1686 humanae
3435 1644 3571 1700 pau-

314 1728 549 1788 ὲοικυῖα,
576 1726 623 1777 εί
656 1721 999 1792 συγκρίνοιτο
1032 1722 1099 1789 τῇ
1150 1719 1261 1773 ἀνω
1286 1718 1653 1789 λαμπρότητι.
1700 1718 1871 1785 Ἀσύγ·

2017 1723 2225 1777 tertatis
2266 1724 2577 1780 communio
2620 1740 2686 1779 ac
2725 1726 3003 1780 societas:
3035 1740 3156 1795 qua:
3190 1739 3421 1780 occasus
3466 1734 3574 1789 est,

320 1835 485 1888 κριτα
523 1817 633 1885 γὰρ
665 1812 883 1883 ὑπῆρχε
930 1810 1000 1864 τὰ
1040 1810 1345 1880 πράγματα
1381 1808 1513 1880 πρὶν
1709 1807 1875 1861 ἐνώσε

2020 1826 2065 1865 tc
2097 1812 2240 1866 nocti
2268 1812 2486 1880 similis,
2516 1814 2563 1868 si
2598 1828 2720 1868 cum
2756 1828 2992 1883 superno
3030 1814 3321 1885 splendore
3356 1827 3577 1882 compa-

321 1908 464 1962 αὐτὰ
490 1910 549 1960 ἐν
579 1904 760 1975 ἐαυτῷ
788 1906 817 1957 ό
847 1901 1121 1972 τεχνίτης.

2019 1912 2173 1956 retur.
2241 1903 2699 1973 Incomparahiles
2760 1905 2903 1960 enim
2964 1906 3046 1960 ba:
3098 1906 3216 1960 dua:
3273 1920 3361 1961 res
3418 1913 3576 1962 erant

2003 1994 2318 2063 priusquam
2340 2009 2434 2051 eas
2469 1994 2665 2051 artifex
2698 1996 2749 2051 in
2781 1998 2960 2067 seipso
2987 1999 3318 2068 copulasset.

695 2100 870 2155 me.
902 2129 972 2139 —
1000 2098 1358 2168 ΕΠΙΚΤΗΤῼ
1390 2097 1525 2168 (30).

2413 2108 2687 2165 CCXLIX.
2714 2140 2785 2153 --
2809 2109 3163 2167 EPICTETO.

395 2220 662 2288 Ποτὴριον
701 2214 962 2276 πτώσεως
987 2254 1001 2274 ,
1032 2212 1127 2265 καὶ
1176 2211 1334 2265 κόνδυ
1370 2210 1544 2281 θυμοῦ
1568 2252 1583 2274 ,
1635 2213 1901 2284 τιμωρίας

2073 2221 2443 2293 Prolapsionis
2479 2237 2544 2278 ac
2574 2224 2743 2277 ruina:
2789 2222 3037 2287 calicem,
3080 2230 3242 2293 atque
3282 2221 3576 2278 iracundis

326 2314 439 2375 τοῖς
464 2308 754 2362 πταίουσιν
794 2304 1010 2359 ἀπειλεί
1054 2304 1083 2355 ὁ
1130 2301 1262 2365 Θεὸς
1306 2304 1385 2366 είς
1431 2302 1736 2374 διόρθωσιν,
1773 2304 1883 2357 ποτί

2018 2314 2254 2379 >οουΙυιιι
2308 2313 2554 2384 supplicii
2590 2327 2754 2368 causa
2786 2313 2925 2368 Deus
2952 2313 3303 2382 peccantibus
3343 2313 3575 2368 commi-

329 2402 430 2471 μὲν
479 2397 865 2460 Βαϐυλωνίοις,
912 2394 1043 2447 ποτὲ
1090 2393 1149 2445 δὲ
1209 2393 1518 2465 Ἀσσυρίοις
1558 2394 1886 2466 ἐγχειρίζων

2023 2415 2188 2471 natur,
2224 2415 2281 2458 ut
2303 2419 2398 2460 eos
2436 2405 2504 2458 ad
2536 2404 2812 2459 meliorem
2842 2402 3049 2473 frugem
3084 2415 3405 2460 convertat:
3435 2419 3580 2459 nunc

326 2494 510 2564 ’Λπερ
538 2490 840 2545 ἐκποθέντα
867 2485 972 2540 ὑπὸ
1006 2483 1296 2554 Ἑϐραίων,
1328 2484 1525 2548 αὐτοὺς
1558 2487 1657 2556 μὲν
1688 2486 1883 2555 ἀπεμέ·

2019 2494 2255 2548 videlicet
2308 2492 2654 2564 Babyloniis,
2708 2506 2852 2547 nunc
2899 2493 3139 2563 Assyriis
3183 2507 3278 2546 eos
3331 2491 3576 2547 tradens.

331 2584 482 2649 θυσε,
509 2582 781 2653 βελτίονος
810 2578 869 2632 δὲ
900 2575 1046 2645 ζωῆς
1073 2576 1173 2627 οὐκ
1198 2574 1445 2643 ἠξίωσεν.
1466 2575 1561 2629 Ἓν
1589 2577 1646 2655 δέ
1673 2577 1888 2647 Χριστὸς

2021 2579 2136 2645 Quae
2163 2579 2379 2647 quidem
2413 2578 2482 2633 ab
2522 2578 2765 2634 Hebraeis
2803 2589 2981 2649 epota,
3017 2594 3112 2635 eos
3152 2580 3369 2651 quidem
3403 2588 3578 2634 temu-

327 2677 425 2729 ἐπὶ
466 2674 622 2739 ξύλου
651 2672 909 2743 ποτήριον
938 2665 1101 2731 πιὼν,
1134 2664 1234 2719 καὶ
1267 2666 1493 2737 πικρίαν
1524 2668 1794 2738 ίάτρευσε,
1814 2672 1884 2721 κα

2022 2671 2186 2724 lentos
2218 2669 2492 2723 reddidit:
2527 2669 2751 2724 meliore
2799 2680 2978 2726 autem
3021 2671 3130 2724 vita
3185 2686 3290 2724 non
3339 2670 3579 2728 donavit.

330 2765 674 2838 εὐφροσύνην
699 2765 999 2834 ἐπήγαγεν.

2023 2762 2079 2814 ιι
2118 2776 2244 2815 vero
2276 2761 2547 2826 Christus,
2576 2762 2839 2817 exhausto
2868 2776 2974 2816 uno
3004 2762 3057 2816 in
3080 2776 3245 2817 cruce
3276 2761 3493 2829 poculo,
3522 2768 3580 2817 et

2011 2852 2427 2907 amaritudinem
2459 2852 2692 2916 sanavit,
2730 2860 2785 2906 et
2816 2853 3148 2922 voluptatem
3179 2853 3406 2908 invexit.

649 2962 774 3018 ΣΝ.
806 2992 873 3007 --
907 2962 1198 3034 ΕΥΣΕΒῘῼ
1226 2958 1594 3031 ΕΠΙΣΚΟΠῼ.

2318 2963 2469 3018 CCL.
2500 2992 2569 3004 -—
2595 2962 2887 3021 EUSEBIO
2920 2963 3268 3020 EPISCOPO.

414 3077 482 3133 Ἦ
512 3076 811 3149 ἀχάριστος
857 3076 1018 3148 ἡμῶν
1064 3077 1158 3131 καὶ
1193 3075 1371 3145 φαύλη
1423 3074 1681 3139 διάθεσις,
1729 3075 1909 3127 πᾶσαν
1942 3104 1971 3162 c

2088 3075 2337 3146 Ingratus
2386 3084 2575 3131 noster
2617 3085 2782 3146 atque
2814 3075 3090 3146 improbus
3136 3076 3351 3132 animus
3402 3077 3584 3132 omnia

333 3168 469 3223 Θεοῦ
516 3169 727 3241 δωρεάν
777 3169 1013 3235 ἀναξίως
1046 3169 1282 3235 ἐδέξατο.
1336 3166 1562 3236 Πνεῦμα
1610 3165 1890 3237 είλήφαμει

2028 3167 2111 3221 Dei
2159 3166 2416 3223 beneﬁcia
2446 3166 2661 3236 indigne
2721 3167 2976 3237 suscepit.
3028 3167 3287 3238 Spiritum
3337 3176 3585 3224 sanctus.

337 3261 513 3328 ἅγιον,
559 3261 656 3314 καὶ
683 3259 945 3331 πράξεσιν
976 3258 1107 3314 αὐτὸ
1147 3258 1379 3328 φαύλαις
1414 3256 1724 3328 ὠθήσαμεν.
1770 3257 1894 3309 Θαυ‹

2029 3258 2324 3327 accepimus
2357 3275 2370 3310 :
2407 3272 2470 3313 ac
2512 3258 2757 3328 turpibus
2798 3259 3109 3314 actionibus
3144 3260 3317 3329 ipsum
3347 3258 3586 3329 propuli-

342 3352 527 3420 μάτων
553 3349 855 3419 ἐδεξάμεθα
887 3350 1154 3420 χάρισμα,
1179 3348 1273 3400 καὶ
1302 3348 1581 3412 ἀπιστίαις
1610 3346 1743 3400 αὐτὸ
1769 3363 1899 3418 παρ-

2031 3363 2162 3404 tuus.
2183 3349 2561 3404 Miraculorum
2590 3350 2788 3405 donum
2821 3352 3096 3407 consecuti
3130 3366 3316 3407 sumus
3343 3368 3355 3406 :
3384 3366 3447 3405 ac
3471 3364 3588 3420 per-

336 3442 622 3512 ωσάμεθα.
680 3441 1038 3495 Διδασκαλίαν
1105 3440 1199 3493 καί
1260 3438 1452 3508 σοφίαν
1513 3440 1541 3491 ό
1593 3438 1754 3508 δοτὴρ
1805 3437 1893 3491 τῶι

2030 3438 2147 3494 iidia
2178 3449 2361 3494 nostra
2391 3449 2444 3494 et
2471 3439 2849 3495 incredulitate
2881 3440 3012 3495 illud
3045 3440 3354 3510 rejecimus.
3386 3440 3587 3494 Doctri-

338 3532 594 3585 τοιούτων
628 3532 936 3596 ἐνέπνευσε,
969 3531 1063 3584 καὶ
1094 3530 1465 3600 βλασφημίαις
1490 3530 1661 3593 αὑτὰς
1686 3530 1895 3584 ἀπωσά-

2028 3544 2144 3583 nam
2174 3545 2238 3585 ac
2260 3532 2578 3600 sapientiam
2617 3532 2685 3597 is,
2712 3532 2801 3600 qui
2830 3531 3138 3602 hujusmodi
3169 3546 3451 3585 munerum
3485 3545 3585 3583 au-

345 3624 513 3693 μεθαο
574 3623 875 3693 ἱερωσύνην
914 3624 1014 3692 τὴν
1052 3622 1301 3692 οὐράνιον
1349 3620 1772 3692 ὲπιστεύθημεν,
1818 3620 1902 3674 καΊ

2032 3629 2135 3675 :tor
2176 3629 2278 3686 est,
2326 3621 2484 3677 nobis
2535 3622 2853 3691 inspiravit,
2901 3639 2964 3677 ac
3011 3638 3107 3692 per
3160 3621 3487 3691 impietates,
3532 3630 3589 3674 et

344 3715 515 3784 κρίσει
566 3716 738 3785 αὐτὴν
769 3714 1016 3784 σφαλερᾷ
1044 3713 1449 3781 διεφθείραμεν.
1478 3713 1539 3765 '0
1567 3712 1714 3765 δεῖνα
1754 3711 1901 3764 ἔλασε

2030 3713 2309 3780 sacrilegas
2379 3714 2684 3778 doctrinas,
2748 3729 2843 3769 eas
2899 3713 3291 3768 submovimus.
3352 3712 3587 3767 Cwleste

346 3806 527 3875 βιαίως
560 3807 887 3877 ἐπισκοπὴν,
914 3807 1011 3858 καὶ
1038 3805 1183 3873 γένει
1214 3803 1457 3874 φορτίζει
1487 3804 1557 3856 τὰ
1587 3804 1903 3874 πράγματα.

2031 3804 2378 3857 sacerdotium
2427 3804 2549 3858 lidei
2590 3814 2787 3858 nostra:
2828 3804 3175 3858 commissum
3224 3814 3349 3859 est:
3386 3818 3450 3857 ac
3492 3818 3588 3872 per

354 3898 410 3950 '0
447 3898 595 3950 δεῖνα
620 3899 914 3966 οἰκονομεῖ,
950 3898 1044 3950 καὶ
1074 3896 1315 3957 οἰκέταις
1344 3894 1490 3965 ὀχλεί
1517 3895 1579 3947 τὸ
1613 3895 1911 3963 θυσιαστή-

2027 3892 2279 3946 lubricum
2307 3903 2359 3946 et
2388 3894 2745 3962 periculosum
2764 3895 3041 3964 judicium,
3068 3895 3197 3948 illud
3225 3894 3584 3963 corrupimus.

348 4005 475 4059 ριον.
511 3984 680 4050 Οὗτος
713 3988 907 4058 ἐκείνῳ
935 3988 1227 4059 ᾡκείωται,
1264 3987 1357 4039 καὶ
1397 3986 1464 4039 τὰ
1498 3985 1750 4055 πτωχικὰ
1784 4002 1905 4053 σφε-

2030 3982 2114 4037 Ille
2157 3998 2253 4053 per
2297 3984 2403 4037 vim
2443 3985 2807 4055 episcopatum
2852 3987 3059 4054 accepit
3101 4004 3113 4038 :
3158 3996 3214 4041 et
3260 4000 3455 4054 genere
3485 4000 3587 4039 suo

345 4078 640 4149 τερίζεται.
684 4080 923 4141 Ἐκεῖνος
949 4078 1121 4149 τούτῳ
1148 4080 1352 4141 εὐνοεῖ,
1394 4076 1487 4129 καὶ
1514 4074 1768 4144 ἐντομίας
1801 4074 1902 4145 (51]

2032 4090 2197 4130 rerum
2245 4086 2442 4132 statum
2490 4088 2700 4133 onerat.
2748 4079 2839 4134 Ille
2879 4079 3309 4147 dispensatorem
3342 4079 3493 4148 agit:
3533 4086 3589 4130 et

346 4171 437 4221 καὶ
486 4170 781 4241 θηλυδρίας
839 4169 1146 4240 ἀνδράποδα
1204 4168 1379 4222 εἴρωνα
1434 4166 1751 4235 ἐπεισφέρει
1806 4167 1903 4229 τοῖς

2033 4161 2343 4219 famulorum
2388 4167 2641 4237 gregibus
2678 4167 2849 4221 altare
2891 4166 3165 4222 obturbat.
3210 4166 3308 4222 llic
3345 4168 3410 4220 ad
3442 4166 3590 4221 illius

350 4263 687 4333 ἀνακτόροις.
720 4262 912 4324 Βαϐαῖ,
948 4261 1139 4324 πόσαις
1164 4260 1346 4330 κηλῑσι
1372 4259 1432 4311 τὸ
1456 4258 1608 4310 Θεῖον
1637 4256 1907 4328 χραίνεται

2032 4255 2446 4311 lamiliaritatem
2482 4274 2541 4313 se
2568 4258 2812 4327 adjunxit
2851 4278 2866 4315 :
2898 4269 2952 4314 et
2996 4275 3293 4329 pauperum
3335 4260 3471 4313 bona
3505 4259 3589 4312 in-

352 4347 529 4419 βῆμαι
2025 4348 2288 4404 tcrvertit.
2322 4343 2414 4403 Ille
2459 4348 2583 4405 huic
2615 4348 2757 4404 favet
2786 4368 2798 4403 :
2832 4359 2888 4403 et
2921 4351 3187 4420 spadones
3233 4361 3397 4419 atque
3459 4348 3591 4403 επε-

353 4446 577 4499 ininatos
606 4455 769 4514 atque
800 4445 1007 4514 abiecta
1048 4443 1314 4512 mancipia
1354 4444 1404 4496 in
1434 4442 1691 4511 templum
1723 4441 1904 4497 infert.
1946 4441 2126 4511 Papae,
2172 4452 2303 4513 quot
2341 4443 2567 4497 maculis
2648 4443 2889 4497 divinum
2966 4444 3262 4499 sacrarium
3324 4439 3591 4497 contami-

354 4541 536 4592 natur!

660 4647 832 4699 ΣΝΑι.
870 4677 938 4687 -
968 4646 1259 4715 ΕΥΑΙῬΙῼ
1290 4645 1614 4711 ΔΙΑΚΟΝῼ.
1948 4628 1996 4685 Ι)

1948 4628 1996 4685 Ι)
2335 4647 2511 4701 cum.
2537 4678 2601 4688 -
2634 4648 2937 4705 EVAGRIO
2970 4646 3266 4702 nmcom.

836 4736 974 4804 Περὶ
1000 4735 1109 4805 τῆς
1148 4738 1426 4804 χλαίνης.

1378 4758 1426 4800 ςι
2681 4739 2755 4791 De
2784 4750 2935 4794 veste.

426 4854 488 4907 Ἠ
525 4854 718 4924 χλαῖνα
762 4850 875 4922 (3‘2)
916 4851 1017 4920 τῆς
1061 4850 1256 4920 χλεύης
1300 4851 1400 4919 τὴν
1440 4850 1680 4915 ἐπίγειον
1737 4851 1916 4901 πᾶσαν

2095 4849 2335 4903 Ludibrii
2386 4852 2549 4905 vestis
2593 4852 2660 4904 de
2707 4861 2919 4905 terreno
2950 4851 3092 4904 omni
3134 4850 3360 4920 imperio
3395 4851 3502 4921 70
3527 4865 3591 4904 ac

363 4942 515 5015 ἀρχὴν
543 4945 797 5013 παίγνιον
824 4938 988 4995 οὖσαν
1016 4940 1431 5011 ἐθριάμϐευσεν*
1456 4942 1590 4993 ἀλλὰ
1621 4942 1694 5009 τῷ
1727 4940 1915 5009 Κυρίῳ

2031 4944 2354 5011 principatu,
2403 4954 2658 5012 tanquam
2705 4943 2935 5007 ludicro,
2978 4944 3366 5011 triumphavit:
3406 4960 3588 5000 verum

421 5060 482 5092 ⁸³·
506 5060 647 5116 Psal.
678 5076 851 5125 van,
877 5060 929 5112 5.

506 5060 647 5116 Psal.
678 5076 851 5125 van,
877 5060 929 5112 5.

1433 5149 1669 5204 VARI/ﬁ
1714 5150 2094 5206 LECTIONES
2141 5151 2227 5205 ET
2270 5150 2501 5205 NOTAE.

420 5272 522 5343 (29)
560 5274 730 5328 Codd.
787 5270 957 5323 Vatic.
998 5266 1101 5321 649
1130 5279 1184 5321 et
1224 5268 1329 5321 Alt.
1387 5268 1565 5337 legunt
1607 5267 1906 5338 ἀναίρεσις.

868 5270 957 5323 tic.
998 5266 1101 5321 649
1130 5279 1184 5321 et
1224 5268 1329 5321 Alt.
1387 5268 1565 5337 legunt
1607 5267 1906 5338 ἀναίρεσις.
2017 5271 2312 5343 ὲπήγασεν.
2347 5272 2424 5326 In.

360 5336 547 5396 Possm.
901 5408 909 5410 Α
977 5407 1023 5410 ,ν
1104 5407 1113 5410 _
1190 5408 1198 5410 _
1367 5336 1457 5410 νζ
1595 5406 1606 5410 _

2098 5336 2207 5410 (51)
2242 5341 2345 5394 Pro
2375 5339 2627 5410 ὲντομίας
2656 5349 2800 5392 recte
2826 5339 3046 5409 corrigit
3074 5344 3228 5399 codd.
3258 5341 3375 5394 Vat.
3409 5338 3514 5394 649
3539 5347 3595 5395 et

422 5412 525 5481 (30)
562 5412 683 5465 Haec
714 5408 945 5481 epistola
976 5407 1058 5461 bis
1096 5407 1288 5481 _i_n_hac
1315 5406 1917 5481 editionedescribitur.
2024 5406 2129 5464 Alt.
2187 5410 2464 5481 ἐκτομίας.
2502 5406 2572 5462 In.

363 5475 529 5534 Exstat
550 5482 689 5536 enim
710 5475 938 5534 inferius
953 5492 1074 5546 pag.
1093 5477 1216 5549 ὅθί,
1243 5476 1537 5549 ιιιιιηηιὸϐ,
1564 5476 1653 5530 lib.
1685 5492 1758 5536 tv,
1780 5482 1920 5530 unde

2094 5481 2206 5549 (32)
2249 5475 2380 5532 Cod.
2416 5479 2535 5533 Vat.
2568 5478 2670 5531 649
2699 5493 2801 5549 non
2830 5477 3017 5545 χλαῖνα
3039 5480 3133 5535 sed
3160 5478 3354 5549 χλαίνῃ
3380 5479 3591 5549 scribit,

364 5549 420 5618 ah
444 5552 695 5605 alterutro
729 5552 851 5604 loco
874 5548 1230 5618 espnugenda
1255 5557 1357 5598 est.
1378 5546 1445 5618 In
1474 5561 1535 5618 ea
1565 5561 1703 5599 vers.
1737 5561 1920 5618 tvﬂpro
2025 5546 2356 5603 assentiente
2400 5549 2507 5601 Alt.
2553 5549 2732 5601 Amho
2782 5548 2942 5601 iidem
2992 5564 3132 5602 vers.
3161 5546 3379 5618 penu“.
3429 5548 3593 5618 μόνην

362 5616 651 5741 ἀπεδιέθυσε
680 5618 843 5674 codd.
892 5614 1075 5669 Vatic.
1116 5615 1219 5668 649
1268 5626 1322 5668 et
1363 5616 1470 5667 Alt.
1518 5615 1728 5678 legunt,
1777 5614 1915 5683 ἄλγη
2026 5618 2205 5673 lcount
2234 5633 2330 5689 pro
2359 5618 2552 5688 μόνων,
2592 5619 2735 5687 quod
2770 5618 2975 5672 videtur
3006 5614 3193 5674 tamen
3212 5618 3405 5691 aptius.
3434 5614 3515 5669 In.

364 5684 447 5741 ἐμὲ
484 5706 593 5741 υσε.
646 5688 800 5741 Vers.
844 5687 944 5741 ult.
991 5685 1111 5740 cod.
1156 5686 1262 5741 Αιι.
1307 5699 1401 5741 Dro
1440 5685 1713 5741 ἐπήγαγεν
1758 5686 1918 5740 habet

364 5684 593 5752 ὲμέθυσε.
646 5688 800 5748 Vers.
844 5687 944 5744 ult.
991 5685 1111 5740 cod.
1156 5686 1262 5741 Alt.
1306 5699 1401 5753 pro
1440 5685 1713 5753 ἐπήγαγεν
1758 5686 1918 5740 habet
