3944 6138
328 334 331 335 ⁷
345 332 452 395 335

1561 327 1620 386 S.
1652 324 1943 384 ISIDORI
1981 270 2415 382 PELUSIOTRS

3475 314 3582 376 336

348 441 578 495 Domino
624 438 895 506 imposita,
943 434 1109 490 robur
1152 448 1213 489 ac
1254 433 1397 486 vires
1426 432 1717 493 contraxit,
1749 439 1910 499 atque

2024 430 2394 501 περιαφθεῖσα,
2429 426 2488 478 τὸ
2522 423 2739 495 ίσχυρδν
2788 423 2881 476 καὶ
2927 422 3236 494 ἐρρωμένον
3287 421 3579 491 ἐκτήσατο,

343 531 410 584 ad
436 529 720 599 imperium
768 544 796 580 a
850 528 1190 581 successione
1218 525 1453 578 immune
1479 534 1763 591 progressa
1795 527 1900 574 est.

309 619 706 673 ~‘Conven'rebat
737 617 881 670 enim
906 630 1050 679 eam,
1074 629 1194 667 cum
1220 611 1301 667 vel
1322 611 1594 665 Christum
1644 609 1907 661 duntaxat

314 706 653 777 "contigisset
684 716 845 773 atque
873 705 1039 773 ipsius
1071 702 1283 757 ﬁmbria
1332 700 1651 759 exstitisset.
1691 698 1900 752 ﬁrmam

344 810 410 851 ac
442 796 688 852 stabilem
716 794 871 849 eiIici.

565 903 767 959 CCLII.
813 934 885 944 —
911 900 1163 957 ALPHIO
1202 899 1678 957 PBESBYTERO.

624 996 799 1060 Quare
822 994 1041 1048 scissum
1064 1002 1139 1046 est
1161 994 1335 1061 templi
1364 992 1529 1045 velum
1546 992 1618 1043 δν.

410 1108 520 1163 lter
550 1106 615 1160 ad
649 1115 853 1170 sancta,
891 1105 1032 1173 quod
1083 1105 1134 1157 in
1179 1103 1375 1172 templo
1404 1102 1806 1164 occultabatur,
1845 1116 1908 1155 ac

343 1198 466 1253 velo
490 1197 955 1265 intercipiebatur,
1003 1194 1133 1248 illud
1166 1193 1562 1259 subindicabat,
1594 1193 1909 1246 sanctiﬁca-

346 1292 545 1343 tionem
575 1289 812 1342 nondum
845 1288 1026 1340 datam
1057 1300 1198 1349 esse,
1225 1294 1284 1339 ut
1308 1299 1427 1353 qua:
1455 1285 1520 1338 ad
1560 1284 1769 1338 Domini
1809 1298 1907 1336 no-

342 1382 440 1433 stri
469 1379 760 1432 adventum
790 1391 853 1431 ac
885 1376 1229 1445 praesentiam
1274 1384 1585 1429 servaretur
1619 1392 1635 1429 :
1673 1390 1777 1445 quo
1805 1375 1909 1428 sci-

344 1471 468 1524 licet
489 1479 749 1537 tempore,
780 1482 903 1522 cum
942 1467 1118 1521 velum
1154 1466 1484 1536 inlregisset,
1521 1482 1584 1521 ac
1620 1466 1909 1520 sanctioris

345 1560 491 1628 adyti
524 1573 745 1621 arcana,
793 1572 911 1625 quae
956 1554 1182 1621 ludatis,
1227 1566 1285 1610 ut
1326 1557 1521 1627 ingrati
1568 1555 1733 1609 animi
1782 1565 1908 1610 nota

342 1649 743 1713 laborantibus,
776 1655 965 1716 operta
1028 1646 1261 1714 fuerant,
1298 1646 1589 1715 gentilibus
1624 1645 1907 1716 patefecise

343 1750 448 1805 set,
491 1740 558 1795 ad
595 1739 869 1795 ctelestem
916 1741 1291 1809 cognationem
1336 1737 1493 1792 nobis
1523 1737 1625 1791 iter
1656 1738 1901 1791 munivit.
1936 1764 1979 1818 Β

840 1847 1060 1903 CCLIII.
1088 1878 1159 1888 -
1186 1846 1419 1900 EIDEM.

402 1938 508 1993 Cur
532 1939 585 1992 in
606 1939 850 2009 passione
876 1938 1084 1992 Domini
1105 1938 1403 1990 inauimata
1431 1938 1858 2007 ﬂagellabanlur.

414 2116 629 2171 Acriter
667 2114 961 2185 Scriptura:
1008 2130 1197 2171 sensus
1246 2114 1446 2185 quaeris
1486 2130 1499 2164 :
1536 2122 1592 2168 et
1622 2114 1745 2181 quis
1776 2112 1911 2167 mul-

347 2207 490 2276 genti
526 2206 620 2260 tibi
648 2206 898 2271 suillciet,
943 2206 1044 2260 nisi
1092 2205 1233 2260 Deus
1279 2217 1583 2260 sermonem
1620 2220 1685 2260 ac
1713 2219 1912 2259 nervos

349 2298 630 2351 intentioni
681 2307 783 2350 tuae
826 2310 984 2365 pares
1022 2296 1303 2366 praebeat?
1336 2295 1488 2362 Quod
1533 2309 1702 2364 petae
1727 2297 1778 2349 in
1808 2295 1915 2349 Do-

348 2388 548 2442 minica
598 2387 848 2455 passione
884 2395 1155 2455 perrupta:
1196 2395 1339 2451 sunt,
1379 2395 1432 2440 et
1472 2394 1815 2440 monumenta
1845 2384 1911 2438 ad

350 2493 636 2547 corporum
660 2477 1031 2545 migrationem
1054 2486 1494 2531 contremuerunt
1516 2477 1606 2540 δ”,
1626 2475 1752 2529 hinc
1784 2474 1911 2528 illud

350 2568 778 2637 signiﬁcabatur,
823 2582 944 2621 eum
973 2566 1066 2635 qui
1091 2566 1261 2622 clavis
1288 2566 1685 2635 conﬁgebatur,
1727 2575 1781 2620 et
1808 2574 1913 2620 ter-

350 2673 627 2723 renorum,
647 2665 701 2711 et
731 2658 1207 2712 subterraneorum
1238 2654 1526 2712 Dominum
1557 2670 1702 2711 esse.

838 2767 1062 2823 CCLIV.
1094 2799 1165 2809 —
1194 2767 1422 2823 EIDEM.

418 2879 586 2947 Quam
627 2882 697 2937 ob
740 2897 983 2949 causam,
1029 2881 1230 2951 inquis,
1270 2895 1333 2936 ea
1382 2896 1499 2949 quae
1534 2881 1711 2935 anima
1752 2896 1909 2935 care-

346 2974 479 3029 bant
500 2973 943 3029 czedebantur"?
974 2972 1236 3028 Nimirum
1267 2982 1323 3026 ut
1358 2970 1665 3027 Iudaeorum
1702 2972 1911 3027 stolidi-

2010 520 2088 582 εἰς
2126 519 2403 588 ἀδιάδοχον
2434 517 2754 587 προκόψασα
2797 519 3020 588 κράτος.
3053 519 3302 586 Ἔπρεπε
3332 517 3443 588 γὰρ
3490 517 3581 569 αὑ-

2006 609 2106 679 τὴν
2161 608 2255 661 καὶ
2303 608 2461 677 μόνον
2500 607 2785 679 ἁψαμένην
2817 607 3077 677 Χριστοῦ,
3128 610 3223 661 καὶ
3271 607 3582 676 κράσπεδον

2007 700 2301 770 γενομένην
2328 698 2516 767 αὑτοῦ,
2545 700 2763 769 ἀσφαλῆ
2793 700 2888 753 καὶ
2918 699 3141 771 βεϐαίαν
3169 700 3444 768 γενέσθαι.

2278 897 2444 952 ΣΝΒ’.
2478 928 2544 936 —
2575 895 2820 966 ΑΛΦΕΙῼ
2844 894 3311 966 ΠΡΕΣΒΥΤΕΡῼ.

2166 1014 2262 1068 Διὸ
2287 1014 2547 1082 ἐσχίσθη
2572 1010 2676 1064 τοῦ
2697 1009 2847 1064 ναοῦ
2872 1009 2938 1061 τὸ
2969 1010 3415 1077 καταπέτασμα.

2091 1107 2155 1158 Ἣ
2188 1106 2293 1157 τῶν
2318 1100 2510 1172 ’ἁγίων
2553 1104 2670 1165 ὁδὸς
2703 1104 2758 1156 ὲν
2803 1101 2880 1171 τῷ
2926 1100 3035 1171 ναῷ
3068 1101 3415 1171 κρυπτομένη
3443 1142 3456 1161 ,
3487 1101 3586 1153 καὶ

2009 1182 2462 1264 καταπετάσματι
2528 1194 2872 1264 διειργομένη
2904 1232 2919 1256 ,
2985 1193 3152 1263 μήπω
3202 1191 3443 1244 δεδόσθαι
3490 1193 3582 1244 τὸν

2007 1287 2278 1357 ἁγιασμδν
2309 1285 2596 1338 ὑπεδείκνυ
2630 1288 2695 1355 τῇ
2741 1284 2834 1337 τοῦ
2877 1283 3081 1354 Κυρίου
3125 1283 3282 1355 ἡμῶν
3308 1283 3578 1350 φυλαττό-

2012 1392 2171 1445 μενον
2198 1374 2490 1445 παρουσίᾳ.
2526 1374 2717 1426 Ἡνίκα
2743 1372 3038 1444 διαρρήξας
3068 1372 3128 1424 τὸ
3156 1373 3578 1443 καταπέτασμα,

2009 1468 2105 1519 καὶ
2132 1465 2428 1536 γυμνώσας
2459 1468 2570 1528 τοῖς
2600 1464 2777 1518 ἔθνεσι
2811 1465 2878 1518 τὰ
2926 1464 3034 1517 τῶν
3066 1464 3238 1531 ἁγίων
3268 1466 3582 1536 ἀπόρρητα,

2009 1556 2395 1625 κεκαλυμμένα
2435 1555 2707 1618 Ἰουδαίοις
2749 1555 2824 1618 ὡς
2874 1553 3206 1624 ἀγνώμοσιν,
3240 1555 3583 1625 ὡδοποίησεν

2009 1650 2140 1718 ἡμῖν
2176 1647 2313 1718 πρὸς
2340 1646 2438 1719 τὴν
2471 1648 2582 1701 ἄνω
2617 1646 2956 1715 συγγένειαν.

2488 1850 2651 1902 ΣΝΓι.
2683 1880 2754 1889 -
2778 1850 2866 1920 Tt}
2897 1850 3099 1920 ΑΥΤῼ.

2010 1938 2114 1993 Διὰ
2159 1941 2217 1992 τί
2259 1940 2328 1992 ἐν
2378 1940 2459 2004 τῷ
2512 1940 2682 1994 πάθει
2727 1940 2834 1993 τοῦ
2877 1942 3182 1995 Δεσυτότου
3238 1939 3307 1993 τὰ
3365 1938 3579 2006 ἄψυχα

2607 2009 2967 2078 ἐμαστίζετο.

2042 2148 2045 2153 -
2082 2122 2328 2192 Δριμέως
2356 2121 2539 2192 ζητεῖς
2563 2121 2631 2174 τὰ
2664 2123 2931 2193 νοήματα.
2973 2123 3081 2176 Καὶ
3111 2122 3194 2185 τίς
3227 2138 3308 2175 σοι
3349 2123 3577 2195 ἀρκέσει

2011 2213 2341 2282 ἀμέλγοντι,
2394 2214 2442 2264 εἰ
2482 2212 2554 2282 μὴ
2593 2212 2724 2276 Θεὸς
2765 2214 3034 2283 παράσχοι
3084 2214 3197 2282 (55)
3241 2213 3399 2282 λόγον
3444 2212 3583 2285 [καὶ

2011 2302 2195 2373 τόνον]
2244 2301 2320 2371 τῷ
2357 2302 2543 2373 σκοπῷ
2593 2320 2684 2355 σου
2736 2304 3131 2374 συντρέχοντας
3178 2305 3243 2356 Αἱ
3277 2305 3474 2373 πέτραι
3524 2306 3585 2356 ἐν

2011 2391 2089 2460 τῷ
2114 2390 2275 2443 πάθει
2298 2390 2375 2460 τῷ
2396 2391 2662 2460 Κυριακῷ
2692 2381 3072 2462 διεθρὺϐησαν,
3101 2394 3194 2446 καὶ
3224 2392 3291 2445 τὰ
3325 2394 3584 2464 μνήματα

2013 2483 2152 2553 πρὸς
2192 2482 2475 2553 μεθοδείαν
2529 2484 2795 2552 σωμάτων
2836 2484 3157 2554 ἐτρόμαζον,
3184 2484 3292 2537 τῶν
3317 2486 3584 2553 ἐπιγείων

2013 2572 2108 2624 καὶ
2143 2571 2410 2641 ὑπογείων
2447 2573 2723 2643 Δεσπότην
2754 2573 3087 2644 σημαίνοντα
3128 2573 3219 2627 τὸν
3260 2573 3581 2644 ὴλούμενον.

2487 2774 2645 2829 ΣΝΔν.
2678 2740 2745 2815 4-
2775 2776 2860 2845 Τῼ
2888 2771 3092 2843 arm.

2082 2890 2239 2951 Τίνος
2282 2889 2461 2958 χάριν,
2509 2888 2665 2956 ἔφης,
2716 2904 2787 2941 τα
2831 2900 3015 2957 αψυχα
3054 2888 3406 2958 ἐμαστίζετο;
3469 2888 3583 2958 Τῆς

2026 2980 2312 3043 Ἰουδαίων,
2353 2980 2516 3048 φημὶ,
2558 2979 2963 3049 κατηγοροῦντα
2997 2978 3332 3050 ἠλιθιότητος
3352 2996 3365 3007 ·
3397 2981 3480 3032 ὅτι
3513 2980 3584 3033 τὰ

350 3071 513 3116 tatem
561 3076 624 3114 ac
677 3061 981 3117 vecordiam
1042 3069 1362 3117 accusarent
1401 3077 1413 3112 :
1460 3062 1600 3129 quod
1647 3075 1767 3114 cum
1848 3075 1909 3115 ea

2024 3071 2115 3138 μὲν
2155 3070 2304 3139 φόϐῳ
2355 3068 2724 3138 συνετρίϐετο,
2784 3069 2936 3122 αὐτοὶ
2979 3071 3036 3123 δὲ
3081 3072 3160 3133 εἰς
3209 3069 3372 3122 λίθων
3418 3069 3585 3135 φύσιν

349 3162 494 3209 metu
523 3152 921 3223 frangerentur,
962 3153 1015 3205 bi
1054 3162 1239 3207 contra
1277 3152 1329 3204 in
1371 3149 1609 3217 lapidum
1657 3160 1908 3204 naturam

2024 3161 2363 3230 μεθίσταντο,
2412 3160 2505 3212 καὶ
2550 3160 2684 3229 πρὸς
2731 3160 2895 3228 φόϐον
2938 3161 3273 3233 ἀναίσθητοι,
3308 3160 3399 3213 καὶ
3444 3161 3583 3231 πρὸς

348 3243 678 3313 migrabant,
711 3252 873 3312 atque
897 3251 951 3297 et
972 3243 1038 3297 ad
1068 3242 1275 3295 illatum
1302 3250 1561 3295 terrorem
1600 3241 1823 3310 stupidi,
1859 3249 1914 3295 et

347 3335 414 3388 ad
439 3333 759 3388 beneﬁcium
786 3332 979 3401 ingrati
1009 3340 1184 3385 erant.

854 3419 1053 3475 CCLV.
1104 3450 1151 3460 ——
1176 3418 1410 3473 EIDEM.

813 3531 892 3586 De
920 3531 1121 3585 duobus
1150 3530 1462 3585 latronibus.

426 3646 538 3699 Duo
572 3643 805 3698 latrones
828 3643 895 3675 ⁹⁰⁵
919 3643 1053 3697 duos
1077 3641 1302 3712 populos
1331 3641 1723 3695 adumbrabant
1760 3657 1775 3693 :
1825 3641 1915 3699 ille

350 3745 413 3790 et
443 3735 533 3804 qui
567 3733 635 3787 ad
671 3742 974 3787 extremum
1019 3745 1189 3801 usque
1232 3730 1479 3801 spiritum
1516 3730 1910 3799 improbitatem

352 3824 629 3893 animique
666 3823 1078 3894 perversitatem
1108 3839 1217 3893 [ιι-ω
1248 3839 1307 3879 se
1338 3823 1539 3887 tulerit,
1573 3838 1637 3877 ac
1686 3837 1755 3877 ne
1788 3823 1915 3877 ulti-

350 3930 496 3969 mam
529 3914 745 3982 quidem
789 3914 1179 3982 captivitatem,
1229 3929 1390 3982 quam
1429 3929 1457 3966 a
1502 3912 1758 3969 Romanis
1792 3930 1916 3985 per-

348 4018 547 4075 pessus
599 4014 702 4068 est,
762 4005 815 4057 in
863 4003 1309 4058 contumeliarum
1370 4003 1585 4058 Christo
1644 4004 1912 4058 illatarum

352 4108 568 4163 poenam
603 4104 763 4163 atque
792 4094 1050 4148 ultionem
1082 4106 1201 4148 sese
1230 4093 1460 4148 subiisse
1503 4093 1783 4149 confessus
1808 4097 1912 4162 sit;

352 4183 441 4236 hic
464 4192 668 4246 autem,
709 4191 767 4234 ut
804 4182 894 4250 qui
938 4181 994 4235 in
1029 4190 1269 4235 extremo
1304 4183 1426 4236 vitae
1474 4183 1664 4249 spiritu
1692 4182 1757 4236 de
1790 4197 1915 4251 pec-

2020 3250 2336 3322 εὑεργεσίαν
2366 3249 2517 3313 ὄντες
2546 3250 2849 3321 ἀχάριστοι.

2489 3418 2655 3475 ΣΝΕι.
2684 3448 2754 3460 -
2787 3421 2872 3491 Τῼ
2898 3422 3101 3492 ΑΥΤῼ.

2431 3530 2566 3598 Περὶ
2596 3530 2713 3584 τῶν
2748 3531 2857 3585 δύο
2888 3534 3151 3601 λῃστῶν.

2089 3644 2151 3697 Ol
2180 3640 2272 3696 δύο
2298 3641 2489 3713 λῃσταὶ
2518 3644 2642 3707 τοὺς
2680 3642 2772 3698 δύο
2807 3645 3122 3718 ὑπέγραφον
3171 3648 3333 3715 λαούς
3377 3652 3488 3725 (54)
3510 3670 3525 3686 ο
3556 3656 3588 3711 ὁ

2024 3734 2121 3804 μὲν
2158 3735 2316 3808 μέχρι
2354 3735 2613 3804 τελευτῆς
2656 3737 2716 3788 τὸ
2766 3739 3017 3807 ἄγνωμον
3049 3739 3438 3811 ἐνδειξάμενος,
3491 3747 3588 3801 καὶ

2019 3822 2138 3876 οὑδὲ
2176 3822 2273 3893 τὴν
2319 3823 2553 3893 ἐσχάτην
2602 3824 2997 3893 αἰχμαλωσίαν,
3040 3826 3107 3896 ἣν
3155 3828 3259 3880 ὑπὸ
3296 3829 3587 3899 Ῥωμαίων

2022 3913 2336 3982 ὑπέμεινεν,
2367 3915 2445 3976 είς
2480 3913 2693 3981 ἄμυναν
2718 3913 2826 3967 τῶν
2856 3915 2997 3967 κατὰ
3026 3917 3587 3989 Χριστοῦπαροινιῶν

2019 4004 2357 4076 ὁμολογήσας
2392 4004 2749 4070 ὑφίστασθαι·
2783 4008 2811 4058 ὁ
2844 4006 2921 4069 δὲ,
2973 4006 3106 4076 πρὸς
3147 4006 3293 4076 αὑτῷ
3321 4010 3398 4079 τῷ
3442 4011 3587 4064 τέλει

2024 4094 2099 4165 μὴ
2129 4096 2397 4162 ἀπογνοὺς
2423 4096 2519 4164 τῆς
2548 4096 2791 4162 ἀφέσεως
2811 4135 2825 4158 ,
2856 4097 2971 4149 ἀλλ’
3007 4099 3064 4149 ὲν
3108 4099 3257 4169 αὑτῷ
3286 4100 3379 4152 τὸν
3418 4102 3587 4172 ἑσμὸν

2020 4184 2128 4237 τῶν
2158 4185 2343 4238 κακῶν
2368 4184 2614 4254 θεολογίᾳ
2636 4186 3088 4257 διορθωσάμενος.

352 4282 596 4327 calorum
657 4271 972 4326 remissione
1040 4271 1260 4324 minime
1317 4272 1637 4341 desperarit,
1697 4287 1880 4327 verum
1950 4274 2213 4331 scelerum
2274 4291 2463 4344 agmen
2511 4276 2809 4331 divinitatis
2858 4282 3237 4346 praedicatione
3284 4284 3591 4338 correxerit

352 4373 407 4419 et
434 4364 680 4433 expiarit.

854 4435 1077 4491 CCLVI.
1106 4465 1174 4476 —
1198 4433 1426 4487 EIDEM.

979 4525 1055 4579 De
1083 4526 1282 4579 eodem.

424 4639 575 4705 Quod
629 4637 890 4694 Dominus
940 4638 1084 4694 inter
1134 4639 1269 4693 duos
1315 4637 1553 4693 latrones
1587 4640 1730 4694 cruci
1775 4640 1913 4710 attigi

352 4729 716 4793 sustinuerit,
758 4730 1117 4784 voluntariam
1172 4729 1340 4799 ipsius
1391 4729 1457 4782 ad
1508 4730 1640 4783 duos
1695 4732 1917 4799 papulos

351 4820 700 4886 praesentiam
732 4820 988 4888 patefecit
1024 4836 1039 4872 :
1090 4818 1156 4872 ad
1201 4832 1354 4887 quos,
1398 4828 1455 4873 ut
1493 4826 1778 4887 utrumque
1820 4834 1915 4887 per

2495 4438 2677 4505 ΣΝςι.
2711 4466 2777 4477 -
2806 4440 2891 4509 Τῼ
2924 4441 3127 4509 arm.

2606 4530 2746 4597 Περὶ
2780 4531 2987 4585 αὐτοῦ.

2090 4640 2163 4691 Τὸ
2210 4640 2373 4709 μέσον
2419 4643 2526 4695 τῶν
2568 4643 2778 4713 λῃστῶν
2828 4644 3158 4714 ἀνασχέσθαι
3209 4650 3587 4720 σταυρωθῆναι

2023 4732 2114 4785 τὸν
2144 4732 2370 4804 Κύριον,
2403 4736 2501 4806 τὴν
2528 4736 2773 4790 ἑκούσιον
2798 4736 2964 4790 αὑτοῦ
2996 4738 3130 4809 πρὸς
3160 4741 3284 4802 τοὺς
3306 4740 3401 4794 δύο
3425 4742 3588 4806 λαοὺς

2022 4822 2337 4893 ἀπεκάλυψε
2381 4825 2701 4894 παρουσίαν,
2751 4825 2886 4896 πρὸς
2921 4824 3014 4888 οὓς
3045 4825 3185 4880 ἑκὼν
3230 4828 3583 4897 παρεγένετο,

423 4932 470 4964 ⁸⁸
503 4931 697 4990 Matth.
722 4950 892 5003 xxv",
926 4936 1011 4991 5|.
1088 4936 1152 4967 '9'
1184 4934 1317 4991 ibid.
1349 4936 1439 5002 51,
1473 4936 1561 4990 52.
1637 4938 1682 4969 ’°
1708 4937 1838 4992 ibid.

2024 4939 2153 4997 Luc.
2187 4958 2344 5009 χχιιι,
2378 4943 2565 4997 59-45.

1455 5049 1685 5103 VARIJE
1732 5049 2115 5107 LECTIONES
2165 5052 2252 5106 ΕΤ
2294 5053 2527 5109 NOTAE.

423 5155 534 5239 (Τῷ)
566 5155 674 5239 Pro
701 5159 977 5239 ,παράσχοι
1020 5159 1338 5239 cod_d.AVaI_.
1373 5161 1557 5239 ϐάθει
1588 5162 1695 5214 Alt.
1728 5163 1933 5239 habent
2040 5163 2232 5239 inquit,
2266 5164 2549 5239 FiliusDei
2582 5166 2728 5239 cruci
2750 5206 2766 5230 ,
2800 5180 2956 5239 quem
2984 5168 3144 5222 etiam
3176 5169 3288 5238 ipse
3315 5179 3584 5239 gestant,

348 5224 605 5301 ⁸παρέχοι.
639 5224 804 5301 [idem
835 5224 954 5280 mox
993 5244 1089 5301 pro
1112 5229 1464 5301 διεθρόϐησαν
1493 5231 1918 5301 Ιεευιιιηδιετρί-

350 5295 545 5369 ϐησ-αν,
563 5306 624 5369 et
654 5296 706 5369 in
737 5295 839 5369 ﬁne
866 5312 960 5369 pro
994 5295 1316 5369 ἠλουμένον,
1349 5295 1652 5369 ’ήλωμένον.
1700 5295 1912 5365 Possim.

420 5365 530 5433 (54)
558 5363 725 5419 Paulo
753 5365 909 5418 aliter
934 5363 1039 5418 Leo
1066 5363 1146 5418 ΜΣ
1172 5383 1335 5421 serm.
1367 5363 1422 5430 4,
1454 5363 1516 5421 de
1540 5364 1777 5433 passione
1808 5370 1915 5422 Do-

348 5432 499 5495 mini,
529 5432 793 5499 videlicet,
817 5434 951 5487 duos
976 5434 1208 5489 latrones
1232 5453 1355 5490 cum
1384 5432 1600 5492 Christo
1626 5438 1911 5493 cruciﬁxus

350 5512 735 5574 repraesentare
782 5518 885 5556 non
915 5500 1215 5574 Judaeurum
1263 5516 1316 5558 et
1352 5507 1624 5574 gentilium
1668 5508 1912 5561 diversos

352 5568 594 5649 populos,
625 5574 908 5649 sed_totut_n
942 5586 1111 5649 genus
1142 5568 1513 5649 humanumjn
1549 5576 1908 5649 duo__agmina

349 5639 403 5692 in
450 5646 688 5693 extremo
720 5640 923 5708 judicio
964 5639 1329 5694 dividendum.
1379 5660 1397 5693 ι
1436 5640 1590 5697 .lesus
1622 5639 1906 5711 Christus,

2026 5232 2217 5289 aliixus
2261 5244 2386 5299 est,
2427 5235 2635 5289 duobus
2675 5232 2973 5289 latronibus
3028 5252 3135 5291 uno
3190 5232 3256 5292 ad
3309 5232 3584 5295 dexteram

2016 5302 2183 5371 ipsius
2211 5343 2225 5368 ,
2262 5302 2367 5356 alio
2414 5307 2480 5358 ad
2526 5306 2837 5368 sinistram,
2890 5305 3140 5360 similiter
3173 5310 3477 5372 cruciﬁxis.
3526 5323 3588 5363 ut

2012 5372 2171 5447 etiam
2194 5372 2392 5447 _i_n_ips_a
2432 5373 2662 5447 patibuli
2692 5375 2873 5447 specie
2901 5384 3293 5447 monstraretur
3318 5378 3428 5438 illa,
3461 5394 3585 5447 qua:

2012 5440 2063 5492 in
2110 5439 2313 5507 judicio
2354 5439 2519 5507 ipsius
2565 5439 2804 5496 facienda
2842 5451 2967 5507 est,
3019 5446 3257 5497 omnium
3307 5439 3583 5501 hominum

2011 5509 2305 5581 discretio,
2358 5526 2478 5581 cum
2509 5520 2564 5563 et
2590 5512 2975 5581 salvandorum
3021 5514 3247 5581 ﬁguram
3302 5513 3431 5567 ﬁdes
3464 5532 3587 5569 cne-

2010 5578 2184 5646 dentis
2207 5579 2429 5631 natronis
2453 5580 2796 5646 exprimeret,
2818 5591 2871 5634 et
2894 5578 3318 5635 damnandorum
3351 5582 3586 5638 formam

2013 5644 2436 5715 blasphemantis
2466 5644 2713 5717 impietas
2744 5644 3085 5718 prarnotarct.
3126 5669 3144 5701 ι
3189 5650 3353 5704 Rt'r'r.
