3944 6138
412 228 509 293 337

1308 244 1839 309 EPISTOLARUM
1869 251 2014 311 LIB.
2057 253 2104 312 Ι.
2148 278 2218 289 -
2253 254 2487 315 EPIST.
2529 258 2734 317 CCLX.

3530 264 3637 326 338
3688 286 3691 291 λ

407 341 745 439 ἀμιροτέρους
775 349 839 417 τῇ
871 348 1061 402 ἑαυτοῦ
1084 350 1364 422 βουληθεὶς
1389 356 1799 431 ἐνανθρωπήσει
1832 363 1935 416 ἀνα

2074 364 2506 420 incarnationem
2558 381 2712 421 suam
2768 374 3090 431 renovaret,
3142 366 3283 422 ultro
3335 383 3399 424 ac
3440 382 3634 439 sponte

407 435 707 490 νεώσασθαι
733 455 747 469 ’
775 440 822 491 εί
851 441 944 493 καὶ
971 443 1000 493 6
1026 444 1307 514 πρότερος,
1330 446 1406 510 ὡς
1438 450 1466 500 6
1494 443 1574 511 εἷς
1600 450 1707 503 τῶν
1730 452 1962 523 λῃστῶν,

406 530 795 598 παρῃτήσατο,
825 551 844 583 ί
875 534 991 587 Οὐκ
1036 534 1251 605 ἔχομεν,
1302 536 1495 607 λέγων,
1543 541 1770 610 βασιλέα
1797 546 1847 597 εί
1889 546 1965 616 μὴ

401 617 675 689 Καίσαρα.
707 639 727 672 ι
754 622 864 675 Καὶ
879 622 940 675 τὸ
963 620 1104 696 αἷμα
1130 627 1191 679 τὸ
1217 627 1391 681 ἀθῶον
1416 631 1509 683 ἐπὶ
1531 632 1629 702 τὴν
1654 635 1847 689 ἑαυτοῦ
1869 653 1963 689 κε-

398 708 570 778 φαλὴν
608 710 1005 782 ἐξαιτούμενος,
1050 718 1146 771 καὶ
1187 718 1262 783 ὡς
1308 719 1501 791 δικαίῳ
1563 724 1639 795 τῷ
1692 727 1836 797 φόνῳ
1880 730 1964 782 ὲν-

396 798 777 889 αϐρυνόμενος.
805 803 922 874 Ἀφ’
950 802 1025 861 ὧν
1052 810 1147 863 καὶ
1170 808 1313 867 οὗτοι
1334 814 1582 879 κάκεῖνος
1609 816 1721 887 (55)
1744 818 1841 889 τῆς
1865 818 1962 888 βα-

402 886 602 952 σιλείας
624 889 901 956 ἐξέπεσον.

878 1095 1042 1149 ΣΝΖο.
1064 1128 1135 1139 -
1161 1097 1474 1173 ΕΥΛΟῙἸῼ.

605 1181 747 1245 Περὶ
779 1180 888 1252 τῆς
916 1186 1025 1241 τοῦ
1056 1191 1352 1259 Ζαχαρίου
1380 1196 1754 1262 κωφεύσεως.

472 1288 873 1360 ’Δνατέλλοντος
914 1299 1108 1366 φωτὸς,
1134 1302 1163 1353 6
1195 1302 1389 1372 ὄρθρος
1435 1306 1728 1378 ὑποχωρεῖ.
1773 1310 1953 1363 Ἠλίου

388 1380 699 1452 ἀνίσχοντος
745 1385 1047 1459 λαμπρῶς,
1091 1391 1162 1444 τὰ
1204 1394 1313 1447 τῶν
1345 1396 1587 1467 ἀστέρων
1615 1399 1957 1470 ἀμαυροῦται

388 1473 721 1560 χορεύματα.
747 1476 874 1530 Ὀτε
904 1480 1111 1550 αἴθριος
1140 1482 1252 1553 (56)
1275 1485 1454 1555 ἡμέρα
1483 1489 1739 1559 ἐπιφανῇ,
1769 1490 1837 1543 τὰ
1858 1491 1955 1560 τῆς

387 1558 462 1612 ἕω
483 1560 741 1632 ἀπολήγει
766 1566 1094 1638 σκιάσματα.
1118 1572 1246 1625 Ὅτε
1270 1575 1302 1644 ἠ
1325 1574 1417 1627 τοῦ
1440 1558 1772 1645 Εὑαγγελίου
1796 1558 1956 1647 σοφία

2070 454 2319 519 accessit,
2360 457 2570 511 etiamsi
2616 457 2786 527 prior,
2834 459 3287 527 quemadmodum
3335 474 3402 512 ex
3469 462 3634 517 latru-

2070 544 2227 599 nibus
2260 561 2421 613 unus,
2450 548 2499 601 id
2527 547 2848 603 beneficium
2898 548 3194 617 repudiarit
3229 567 3247 600 ι
3286 548 3423 619 (Νοιι
3468 552 3633 607 habe-
3678 600 3710 608 ..

2068 647 2187 689 mus
2214 647 2417 702 regem,
2446 628 3381 709 inquiens,nisiCaesarem’HMum
3400 648 3454 693 et
3477 642 3633 695 inno-

2069 723 2217 777 xium
2253 724 2355 793 71
2402 726 2719 795 sanguinem
2761 728 2812 779 in
2851 727 3043 794 capitis
3089 728 3173 783 sui
3223 730 3514 796 perniciem
3562 734 3632 786 ad

2064 828 2249 868 necem
2276 816 2607 885 depoposcit,
2651 824 2706 870 et
2741 814 3043 884 huiusmodi
3077 818 3219 872 caade
3259 828 3513 888 tanquam
3543 821 3630 890 ju—

2063 913 2141 957 sta
2176 904 2437 972 gloriatus
2477 916 2580 961 est.
2624 900 2699 960 Ex
2747 922 2854 977 quo
2899 905 3150 962 eﬂ'ectum
3195 917 3299 976 est,
3352 920 3411 964 ut
3457 920 3510 964 et
3541 912 3630 965 hic

2063 994 2287 1062 populus
2312 1004 2367 1050 et
2400 994 2540 1049 latro
2570 996 2658 1049 ille
2692 1011 2858 1067 regno
2888 998 3211 1053 exciderint.

2493 1104 2736 1160 CCLVII.
2760 1135 2829 1147 —
2856 1107 2941 1163 EU
2953 1106 3179 1163 LOGIO.

2247 1196 2322 1250 De
2350 1213 2408 1250 eo
2438 1199 2575 1265 quod
2610 1196 2900 1252 Zacharias
2930 1210 3105 1254 mutus
3136 1199 3310 1268 factus
3336 1201 3425 1255 sit.

2130 1307 2417 1364 Exoriente
2439 1310 2556 1365 luce
2573 1310 2838 1365 matutina
2862 1311 3156 1366 diluculum
3181 1312 3439 1367 abscedit.
3462 1311 3623 1367 Claro

2038 1399 2168 1454 sole
2196 1401 2403 1455 oriente
2431 1402 2666 1457 siderum
2692 1404 2892 1458 chorus
2916 1404 3259 1458 obscuratur.
3289 1404 3423 1459 Cum
3454 1419 3624 1472 purus

2056 1504 2120 1543 ac
2152 1490 2385 1559 liquidus
2415 1493 2529 1547 dies
2564 1492 2761 1558 illuxit,
2808 1508 3016 1547 aurora:
3045 1494 3247 1548 ttinbrm
3282 1494 3444 1548 linem
3474 1496 3622 1549 acci-

2055 1580 2224 1649 piunt.
2259 1582 2391 1636 Cum
2431 1582 2703 1654 Evangelii
2749 1585 3019 1652 sapientia
3053 1584 3273 1649 eﬂulsit,
3312 1586 3443 1655 legis
3485 1601 3620 1655 pue-

340 1656 347 1659 ‘
386 1647 705 1756 ἐξέλαμψεν,
728 1655 761 1723 ἡ
788 1656 881 1708 τοῦ
902 1658 1067 1729 νόμου
1090 1662 1436 1731 παιδαγωγία
1460 1667 1765 1735 ἐσχόλασεν.
1800 1670 1944 1723 Οὕτω

2058 1670 2172 1725 rilis
2221 1672 2489 1727 institutio
2541 1689 2737 1729 munus
2794 1690 2949 1729 suum
2999 1690 3253 1729 exercere
3297 1677 3474 1729 desiit.
3530 1676 3622 1731 Sic

385 1739 621 1807 κωφεύει
646 1744 942 1818 Ζαχαρίας,
965 1750 1037 1804 τὰ
1059 1753 1154 1805 τοῦ
1178 1754 1299 1808 νέου
1332 1757 1425 1809 καὶ
1450 1759 1752 1828 παραδόξου
1781 1761 1953 1815 ἀσπα-

388 1827 524 1897 σμοῦ
554 1831 808 1903 ἀκηκοὼς
842 1838 1155 1907 εὐαγγέλια.

610 2053 787 2109 ΣΝΗυ.
815 2086 886 2097 -
911 2058 1137 2133 ΠΕΤΡῼ
1174 2065 1721 2144 ΑΡΧΙΜΑΝΔΡΙΤῌ.

449 2160 587 2258 Troi-1c
612 2165 723 2258 τίὲν
758 2172 1005 2242 μοναχῶν
1046 2182 1331 2247 νεοπαγετς
1367 2180 1490 2235 οὔτε
1522 2189 1942 2258 καταφορτίζειν

379 2245 457 2347 δεῖ
482 2250 686 2347 rapio?
732 2258 956 2322 κανόνος
1004 2260 1173 2332 ζυγῷ,
1219 2245 1304 2320 ίνα
1340 2270 1415 2339 μὴ
1450 2273 1613 2336 εὐθὺς
1654 2245 1712 2327 ὲν
1741 2245 1942 2347 ’προοι-

381 2340 486 2433 μίῳ
513 2342 628 2433 (57)
661 2345 998 2433 ἀπείπωσιν·
1030 2352 1153 2407 οὔτε
1185 2358 1529 2428 ἀδαμάστους
1576 2366 1671 2418 καὶ
1706 2340 1938 2433 ἀπόνους

378 2426 488 2497 ἔᾷν,
519 2431 607 2484 ἵνα
642 2430 715 2505 μῆ
759 2436 893 2506 πρὸς
940 2441 1210 2511 ρᾳθυμίαν
1251 2426 1582 2515 ἐμπέσωσιν,
1614 2453 1749 2508 ἀλλά
1800 2426 1943 2511 κατά

380 2515 544 2589 βραχὺ
573 2525 899 2609 προσαύξειν
918 2532 1096 2595 αὐτοῖς
1122 2533 1219 2604 τὴν
1239 2536 1522 2603 ἀνάϐασιν,
1543 2542 1629 2595 ἵνα
1649 2544 1723 2607 ὼς
1753 2547 1940 2601 Ἰσαὰκ

378 2609 753 2705 προϐαίνοντες
780 2618 1021 2686 μείζονες
1043 2624 1323 2690 γένωνται.
1355 2630 1418 2682 Ὂ
1447 2631 1556 2703 γὰρ
1584 2636 1940 2705 ὑπερϐάλλων

376 2700 543 2797 πόνος.
560 2709 719 2797 ποιεῖ,
750 2709 909 2762 τοῦτο
942 2715 1030 2765 καὶ
1060 2715 1226 2786 πολλὴ
1257 2718 1481 2787 ἀμέλεια
1513 2700 1712 2796 πληροί
1731 2744 1742 2756 ·
1777 2730 1805 2778 6
1836 2728 1934 2797 μὲν

376 2793 721 2849 καταϐάλλων
739 2839 753 2863 ,
782 2802 813 2869 ή
845 2801 901 2853 δὲ
927 2802 1209 2871 ἐκλύουσα.

2052 1776 2244 1830 nempe
2285 1764 2431 1818 vocis
2478 1779 2631 1819 usum
2676 1765 2876 1819 amittit
2921 1764 3237 1828 Zacharias,
3269 1774 3620 1833 posteaquam

2052 1868 2204 1907 nova:
2229 1863 2393 1923 atque
2423 1856 2756 1912 admiranda:
2782 1858 3124 1912 salutationis
3159 1857 3339 1911 laetum
3368 1856 3618 1911 nuntium

2049 1944 2359 1999 audivit’“.

2190 2072 2454 2128 CCLVIII.
2488 2106 2557 2116 —
2585 2075 2810 2131 PETRO
2847 2076 3462 2132 ARCHIMANDRITE.

2122 2184 2426 2241 Monasticze
2452 2188 2575 2241 vitae
2626 2189 2848 2254 tirones,
2888 2204 2987 2243 nec
3022 2190 3219 2259 regula:
3247 2188 3380 2258 jugo
3416 2190 3616 2247 immo-

2050 2276 2170 2331 dice
2212 2292 2439 2332 onerare
2480 2288 2715 2348 oportet,
2765 2297 2831 2333 ne
2875 2282 3053 2334 statim
3088 2282 3139 2333 in
3185 2282 3317 2349 ipsis
3346 2281 3618 2349 praeludiis

2049 2368 2245 2422 animis
2278 2369 2614 2439 frangantur,
2636 2387 2699 2424 ac
2724 2370 2976 2425 deﬁciant
3006 2389 3019 2425 :
3047 2387 3144 2426 nec
3172 2388 3359 2427 rursus
3387 2373 3616 2428 indomi-

2052 2467 2139 2510 tos
2172 2471 2235 2509 ac
2280 2454 2527 2511 laborum
2564 2466 2814 2525 expertes
2850 2460 3174 2527 relinquere,
3224 2474 3289 2513 ne
3321 2460 3372 2513 in
3425 2475 3613 2515 socor-

2048 2546 2189 2601 diam
2221 2557 2275 2601 et
2305 2547 2573 2615 ignaviam
2604 2549 2957 2617 prolabuntur
2991 2567 3005 2603 :
3040 2565 3223 2604 verum
3257 2551 3513 2619 paulatim
3546 2552 3615 2604 ad

2050 2639 2241 2691 altiora
2289 2639 2731 2707 pr0vehere:ul,
2778 2641 3226 2709 quemadmodum
3274 2642 3441 2705 Isaac,
3491 2655 3615 2696 senv

2046 2728 2144 2781 sim
2175 2727 2602 2798 progredientes,
2641 2730 2693 2782 in
2737 2729 2992 2796 majorem
3033 2731 3453 2800 magnitudinem
3484 2745 3613 2784 eva-

2044 2820 2190 2871 dant.
2228 2818 2359 2873 Nam
2398 2821 2539 2888 quod
2583 2820 2901 2875 immodicus
2928 2820 3079 2876 labor
3121 2822 3301 2883 eiiicit,
3335 2822 3439 2876 hoc
3467 2837 3603 2889 quo-

376 2898 477 2981 que
541 2888 729 2958 ingens
778 2895 1099 2965 negligentia
1150 2899 1465 2972 incuriaque
1518 2916 1733 2973 praestat
1785 2926 1798 2963 :
1844 2907 1931 2963 ille
1970 2909 2215 2965 videlicet
2286 2920 2653 2981 prosternens,
2686 2912 2798 2966 htec
2821 2922 2997 2968 autem
3057 2927 3327 2968 enervans
3355 2923 3410 2969 et
3434 2913 3610 2968 emol-

375 2973 524 3031 liens.

842 3098 1009 3155 ΣΝΘσ.
1032 3134 1100 3143 -
1130 3103 1466 3179 ΓιΓΑΝΤιο.

440 3201 613 3292 ᾼύτος
643 3206 742 3273 μὲν
774 3210 1151 3282 πᾶσαν⁹φεῦγε
1184 3216 1559 3287 βλασφημίανο
1594 3221 1703 3272 τῶν
1748 3221 1805 3273 δὲ
1839 3222 1935 3292 τῆς

372 3284 513 3380 θείας
573 3291 797 3364 Γραφῆς
877 3284 1279 3371 θεωρημάτων,
1336 3284 1555 3360 ἀπαίτει
1612 3312 1741 3380 παρ’
1781 3284 1934 3379 ἡμιῖίν

373 3378 665 3471 μρθοδικῶς
697 3385 795 3456 τὴν
829 3389 1093 3445 ἐπίλυσιν.
1121 3395 1233 3448 Οὐκ
1268 3391 1421 3465 οἶμαι
1454 3398 1544 3451 τὸν
1579 3378 1782 3469 κόσμον
1802 3378 1927 3471 Ϋχω-

371 3466 529 3563 ρῆσαι
556 3470 627 3524 τὰ
653 3477 973 3547 γραφόμενα
1004 3481 1180 3549 βιϐλία
1215 3486 1323 3538 τῶν
1367 3486 1460 3540 τοῦ
1498 3466 1700 3560 Κυρίου
1748 3466 1935 3563 θεοση-

371 3558 609 3652 μείων,ὀ
657 3566 1042 3643 εὑαγγελιστὴς
1092 3574 1425 3645 ἀπεφήνατο.
1463 3558 1681 3652 Ἐπειδὴ
1733 3558 1933 3652 κόσμος

368 3650 623 3722 σύντομος
650 3658 680 3708 6
708 3657 990 3730 ἄνθρωπός
1021 3666 1136 3719 ἐστι
1172 3670 1386 3723 πάντων
1419 3670 1570 3743 [τῶν]
1601 3674 1693 3727 τοῦ
1726 3676 1930 3745 κόσμου

369 3744 838 3830 συμπληρωτικιῖω
870 3755 1111 3825 μετέχων
1146 3761 1440 3830 στοιχείων.
1474 3765 1539 3816 Ἃ
1569 3766 1748 3819 τοίνυν
1774 3768 1801 3818 ὁ
1833 3744 1931 3821 γᾶν-

614 3837 876 3904 ἀπίθανος
905 3844 1014 3914 (58)
1046 3846 1141 3912 ὢν,
1169 3828 1340 3913 ὠςντά
1379 3852 1571 3918 πολλὰ,
1602 3856 1701 3907 οὐκ
1734 3857 1927 3928 ἐχώρει

367 3919 639 3993 θαύματα,
684 3929 759 3993 ὡς
792 3934 1043 4018 ὑπερρυῆ
1091 3940 1184 3991 καὶ
1234 3940 1383 4005 θεῖα,
1420 3942 1525 3995 τῶν
1573 3947 1666 3999 καὶ
1710 3946 1928 4006 πώποτε

366 4010 683 4107 (φθασάντων
704 4010 1008 4096 ὑψηλότερα
1048 4029 1142 4081 καὶ
1166 4032 1737 4107 μεγαλοπρεπέστερα,
1759 4038 1929 4093 ταῦτα

368 4101 439 4172 μὴ
466 4110 664 4177 χωρεῖν
690 4111 781 4164 τὸν
814 4114 1018 4186 κόσμον
1044 4120 1395 4189 ἐστοχάσατο.

669 4398 783 4453 ΣΞ’.
812 4431 880 4440 -
909 4404 1143 4476 ΛΟΥΚᾼ
1180 4409 1601 4467 MONAZONTL

889 4495 1028 4562 Περὶ
1065 4498 1361 4569 ὑποταγῆς
1377 4543 1387 4553 .

424 4618 601 4688 Βαρὺν
647 4621 884 4691 ὑπῆλθες
916 4624 1099 4695 ζυγὸν,
1141 4628 1493 4699 ἀπειρόζυγος
1524 4632 1617 4685 ὢν.
1664 4636 1770 4687 Καὶ
1801 4636 1916 4698 δέος

358 4704 465 4759 ἔστ).
499 4708 573 4779 μὴ
605 4710 740 4780 πρὸς
773 4713 871 4783 τὴν
916 4717 1146 4788 σμινύην
1183 4718 1277 4771 τοῦ
1318 4721 1460 4774 θείου
1495 4724 1761 4794 ἁτονήσῃς
1791 4727 1917 4794 ἀρό-

358 4811 499 4865 τρου,
530 4800 779 4854 κάκείνου
821 4808 993 4874 φανῇς
1042 4811 1299 4880 συνεργὸς
1340 4812 1433 4864 τοῦ
1474 4815 1679 4881 πύργον
1711 4816 1915 4868 οἰκοδο-

2467 3111 2691 3167 CCLIX.
2728 3138 2797 3153 α·-
2832 3112 3177 3168 GIGANTIO.

2113 3223 2190 3275 Tu
2216 3224 2429 3293 quidem
2478 3226 2865 3295 blasphemiam
2916 3241 3129 3282 omnem
3176 3226 3299 3297 iuge
3343 3246 3355 3281 :
3393 3229 3608 3286 theore-

2041 3321 2241 3367 matum
2267 3324 2443 3366 autem
2473 3315 2667 3368 divina:
2700 3314 2992 3384 Scriptum
3019 3314 3314 3370 solutiones
3346 3326 3400 3369 et
3433 3317 3605 3385 expli-

2038 3404 2283 3457 cationes
2330 3404 2729 3472 compendiaria
2793 3406 3003 3459 ratione
3049 3420 3076 3457 a
3143 3406 3297 3459 nobis
3348 3420 3598 3475 exposce.

2033 3491 2147 3545 Non
2194 3492 2429 3546 arbitror
2478 3494 2731 3547 mundum
2784 3507 2976 3563 capere
3024 3508 3185 3562 posse
3229 3510 3345 3557 eos,
3398 3496 3488 3563 qui
3535 3496 3602 3551 de

2038 3581 2235 3635 divinis
2252 3583 2523 3643 miraculis
2539 3583 2804 3637 conscribi
2836 3583 3066 3652 possint,
3099 3584 3265 3639 libros
3287 3586 3403 3649 “",
3438 3600 3601 3638 cvan-

2030 3671 2219 3739 gelista
2250 3674 2638 3742 pronuntiavit.
2671 3674 2933 3742 Quoniam
2964 3676 3144 3728 brevis
3187 3691 3250 3730 ac
3283 3684 3599 3730 contractus

2029 3764 2257 3817 mundus
2291 3763 2448 3817 homo
2479 3772 2580 3829 est,
2615 3772 2670 3817 ut
2699 3765 2787 3831 qui
2816 3764 3054 3818 omnium
3083 3765 3500 3830 elenienlorum,
3530 3782 3598 3821 ex

2027 3851 2222 3918 quibus
2249 3854 2475 3907 mundus
2502 3854 2645 3907 velut
2671 3853 2923 3907 omnibus
2964 3853 3076 3906 suis
3105 3854 3342 3907 nmneris
3381 3855 3597 3909 absolu-

2029 3947 2114 3992 tus
2152 3948 2272 3993 est:
2307 3941 2506 3994 idcirco
2537 3941 2795 3995 miracula
2838 3957 2921 4005 ea,
2954 3956 3092 4010 quae,
3142 3951 3198 3995 ut
3230 3954 3419 3996 natura
3458 3959 3596 4012 pra:-

2027 4030 2312 4093 stantiora,
2358 4041 2412 4085 et
2442 4033 2640 4096 divina,
2686 4043 2738 4086 et
2772 4032 2837 4087 iis
2887 4032 3157 4095 omnibus,
3192 4049 3309 4101 quae
3359 4049 3593 4104 unquam

2027 4122 2167 4173 edita
2212 4120 2441 4187 fuerant,
2474 4122 2810 4187 sublimiora,
2857 4124 3038 4184 homo,
3085 4134 3270 4191 utpote
3303 4140 3494 4195 magna
3526 4141 3594 4181 ex

2029 4219 2179 4277 parte
2237 4210 2438 4265 inscius
2489 4222 2543 4265 et
2595 4213 2899 4274 absurdus,
2962 4211 3182 4267 minime
3235 4215 3512 4283 capiebat,
3561 4231 3593 4267 ιι

2029 4300 2227 4354 mundo
2257 4301 2372 4369 capi
2405 4317 2508 4355 non
2542 4318 2700 4371 posse
2729 4304 2985 4373 conjecit.

2338 4410 2538 4467 CCLX.
2568 4445 2638 4454 —
2665 4413 2870 4470 LUCIE
2910 4416 3266 4472 MONACHO.

2578 4507 2653 4559 De
2693 4507 3032 4575 subjectione.

2093 4636 2269 4691 Grave
2302 4639 2486 4710 jugum
2526 4641 2758 4703 subiisti,
2786 4640 2896 4710 jugi
2932 4644 3106 4697 adhuc
3132 4657 3343 4712 expers.
3385 4644 3462 4695 Ac
3493 4655 3586 4709 pe-

2017 4726 2240 4779 riculum
2267 4736 2371 4794 est,
2402 4744 2467 4782 ne
2502 4732 2566 4781 ad
2609 4730 2775 4781 aratri
2812 4728 3074 4785 Dominici
3106 4731 3289 4799 jugum
3322 4731 3580 4799 elangue-

2012 4830 2131 4870 scas
2159 4832 2222 4871 ac
2259 4818 2499 4884 delicias,
2531 4819 2776 4889 illiusque
2808 4823 2984 4875 socius
3015 4838 3132 4877 esse
3172 4823 3429 4890 videaris,
3465 4824 3580 4891 qui,

363 4884 594 4983 poﬁwog,
621 4889 715 4944 καὶ
737 4890 838 4953 τὰς
862 4892 1116 4964 δυνάμεις
1149 4898 1222 4966 μὴ
1256 4898 1612 4969 προορῶντος.
1641 4902 1701 4953 Εἰ
1730 4903 1909 4955 τοίνυν

2052 4908 2216 4962 iribus
2254 4911 2367 4965 suis
2401 4926 2463 4963 ac
2492 4911 2836 4967 facultatibus
2882 4914 3100 4968 minime
3146 4925 3273 4967 ante
3302 4914 3581 4983 perpensis

361 4971 564 5045 δόκιμος
594 4977 771 5048 βούλει
796 4982 1046 5050 γενέσθαι
1081 4988 1330 5057 μοναχὸς,
1360 4989 1434 5059 μὴ
1466 4990 1787 5043 αὑτόϐουλον
1818 4993 1913 5044 καὶ

2052 5006 2069 5049 ι
2095 4999 2410 5067 exploratis,
2447 5002 2634 5053 turrim
2659 5001 3095 5056 exmdiiicandam
3121 5004 3367 5072 suscipit.
3402 5005 3579 5070 Quare

436 5154 476 5185 "
507 5154 663 5212 Joan.
706 5162 942 5226 15,15,
1018 5164 1086 5197 ⁹¹·
1120 5164 1247 5221 Luc.
1284 5183 1324 5230 ι,
1363 5170 1442 5222 15.
1520 5169 1781 5225 ⁹¹⁴⁶.Ιοιιη.
1813 5189 1922 5238 ΧΧΙ,
1954 5172 2044 5227 ‘23.

1441 5304 1669 5359 VARUE
1710 5307 2092 5364 LECTIONES
2136 5309 2213 5363 E'l
2272 5307 2500 5363 NOTAE.

573 5425 743 5506 Eadd.
770 5430 891 5506 Vat.
918 5434 1019 5506 6.59
1038 5438 1211 5506 etAlt.
1233 5441 1433 5496 addunt
1450 5443 1659 5506 κοινῶς.
1685 5443 1893 5498 Possm.

423 5491 528 5576 (fili)
558 5494 654 5547 Λίο
660 5514 778 5576 ριος
804 5501 1184 5576 adverbialiter
1199 5491 1207 5493 ἡ
1220 5491 1432 5575 ponunt

359 5565 406 5608 et
436 5561 535 5617 Alt.
569 5561 872 5639 scribendo,
904 5572 1144 5643 αἰθρίως.
1184 5561 1256 5631 ιιῖ.

2076 5447 2185 5515 (57)
2228 5446 2413 5500 Melius
2441 5447 2593 5501 codd.
2632 5444 2749 5500 Vat.
2780 5446 2881 5500 659
2921 5455 2972 5500 et
3006 5448 3109 5500 Alt.
3142 5449 3205 5499 ὲκ
3239 5447 3568 5520 προοιμίων.

2010 5516 2088 5568 In.

2077 5583 2186 5653 (58)
2228 5582 2392 5639 Codd.
2436 5582 2553 5639 Val.
2583 5582 2683 5639 δίο
2717 5591 2768 5639 Cl.
2799 5583 2902 5638 All.
2938 5584 3176 5647 ἄπιστος.
3209 5584 3282 5639 In.
