3944 6138
302 260 406 322 339

1497 260 1555 317 S.
1603 256 1894 316 ISIDOHI
1930 253 2367 315 PELUSIOT/E

3444 244 3554 310 340

301 374 351 428 si
383 373 581 442 probus
611 372 909 429 monachus
938 371 1053 426 ﬁeri
1093 371 1299 437 studes,
1334 384 1402 425 ne
1431 384 1551 424 eam
1592 368 1858 422 rationem

1986 366 2126 417 ιονότ
2135 381 2298 435 ροπον
2318 364 2609 435 ἀρέσκειαν
2639 360 2921 432 μετέρχου,
2943 358 3079 412 ἀλλὰ
3095 355 3274 410 κλῖνον
3298 355 3396 427 τὴν
3420 354 3558 425 γνῶ-

298 463 475 531 ineas,
522 471 579 518 ut
625 472 715 519 luo
761 463 927 532 ipsius
970 462 1193 517 arbitrio
1223 460 1392 526 vivas,
1433 473 1496 513 ac
1531 472 1709 512 mores
1745 468 1863 511 tuos

257 600 265 607 .
297 556 399 612 tibi
438 555 531 610 uni
576 555 826 625 probatos
873 568 993 609 esse
1023 553 1152 610 vells
1183 571 1196 607 :
1229 553 1356 621 quin
1388 552 1565 621 potius
1616 550 1684 605 iis
1715 564 1866 604 men-

271 627 411 702 .‘tem
454 657 596 700 tuam
638 654 692 700 et
736 645 1017 700 consilium
1061 644 1337 709 submitte,
1384 642 1476 712 qui
1527 651 1580 696 et
1629 641 1773 707 vita,
1810 650 1866 696 et

298 744 564 805 tempore,
598 744 653 789 et
682 734 864 789 labore
898 733 1133 793 divinam
1164 733 1377 787 vineam
1413 731 1524 800 jam
1554 743 1682 786 ante
1713 730 1863 785 fode-

293 835 428 885 runt
469 837 524 882 et
574 825 897 886 coluerunt:
943 840 973 881 a
1020 824 1213 894 quibus
1262 839 1457 878 munus
1508 824 1651 878 istud
1705 823 1867 879 facile

293 918 595 987 perdisces.
640 917 943 975 Ridiculum
974 919 1118 974 enim
1164 916 1323 988 plane
1369 925 1470 979 est,
1506 930 1652 983 cum,
1698 925 1759 970 ut
1787 915 1871 969 vi—

1976 476 2083 528 μην
2129 461 2239 521 τοῖς
2282 458 2380 527 βίῳ
2427 458 2521 511 καὶ
2565 457 2744 527 χρόνῳ
2783 455 2878 507 καὶ
2928 454 3079 523 πόνῳ
3128 451 3228 523 ήδη
3267 450 3360 503 τὸν
3408 450 3557 503 θεῖον

1974 549 2209 618 σκάψασι
2242 551 2336 603 καὶ
2368 548 2807 602 σκαπανεύσασιν
2833 544 3164 616 ἀμπελῶνα·
3205 544 3335 614 παρ’
3359 534 3435 596 ὧν
3464 542 3558 594 εύ-

1971 640 2143 702 κόλως
2169 640 2270 711 τὴν
2302 637 2562 710 ἐργασίαν
2600 638 2838 708 μαθήσῃ.
2871 636 3086 690 Γελοῖόν
3115 633 3224 705 γὰρ
3250 634 3344 686 καὶ
3379 649 3553 687 κατα-

1972 733 2255 802 γέλαστον,
2290 734 2557 804 βαναύσου
2606 733 2703 803 μὲν
2743 732 2942 803 τέχνης
2979 730 3284 800 πανταχόσε
3330 746 3557 801 περινο-

1974 827 2121 877 στεῖν
2166 824 2537 887 διδασκάλους,
2568 824 2666 895 τὴν
2696 823 2753 876 δὲ
2783 823 2935 876 Θείαν
2987 821 3322 892 φιλοσοφίαν,
3353 821 3432 885 ὡς
3464 820 3559 874 εὖ·

1978 918 2130 981 τελές
2161 935 2236 983 τι,
2267 919 2478 981 ἑαυτοῖς
2509 916 2845 987 ἐπιτρέπειν.

295 1010 429 1065 lium
462 1025 528 1066 ac
554 1011 989 1067 mechanicarum
1017 1008 1212 1065 artium
1290 1009 1577 1079 magistros
1643 1007 2041 1073 nanciscamur,
2101 1010 2211 1080 72
2246 1010 2350 1064 huc
2393 1019 2557 1079 atque
2631 1010 2759 1064 illuc
2804 1011 3141 1074 aberremus,
3187 1008 3422 1063 divinam
3469 1013 3557 1061 ta-

298 1114 427 1158 men
457 1101 878 1173 philosophiam,
923 1109 1177 1170 tanquam
1208 1100 1313 1155 vile
1343 1099 1545 1170 aliquid
1596 1113 1661 1155 ac
1706 1098 2117 1171 despicandum,
2153 1101 2308 1157 nobis
2331 1100 2467 1172 ipsis
2490 1103 2915 1155 committamus.

752 1212 983 1270 CCLXI.
1012 1244 1085 1256 -—
1112 1211 1410 1270 EUBULO.

917 1303 997 1358 De
1028 1302 1257 1357 malitia.

371 1395 525 1464 Quod
559 1409 782 1465 prorsus
830 1396 1035 1450 inutilis
1065 1395 1139 1450 sit
1176 1394 1496 1464 improbitas
1537 1402 1698 1463 atque
1730 1402 1786 1449 et
1814 1394 1867 1449 in

295 1502 538 1559 praesens
564 1486 705 1542 mala
742 1486 1161 1553 contubernalis,
1188 1498 1243 1541 et
1278 1487 1330 1540 in
1363 1486 1604 1557 futurum
1630 1486 1773 1540 acris
1804 1500 1868 1540 ac

294 1577 595 1632 vehemens
649 1576 988 1641 accusatrix,
1047 1591 1110 1631 ex
1163 1575 1345 1630 multis
1396 1574 1682 1640 intelliges.
1730 1572 1869 1638 Quid

296 1667 465 1738 igitur
488 1668 629 1722 hanc
660 1666 1002 1736 amplecteris
1032 1681 1095 1720 ac
1122 1665 1287 1730 foves,
1320 1680 1353 1719 ο
1385 1663 1654 1719 Cacobule
1685 1663 1864 1727 potius

297 1772 464 1828 quam
501 1757 748 1813 Eubule?
786 1757 956 1824 Quam
1003 1757 1047 1812 si
1081 1757 1274 1827 fugias,
1322 1765 1382 1812 ut
1424 1756 1579 1810 bonis
1619 1753 1867 1808 omnibus

296 1849 581 1904 inimicam
631 1856 687 1902 et
742 1847 1037 1910 infestam,
1081 1857 1137 1902 et
1183 1848 1320 1914 apud
1370 1845 1576 1910 Deum,
1628 1855 1683 1900 et
1726 1844 1868 1913 apud

273 1939 547 2017 homines
579 1938 760 1994 clarus
795 1954 860 1994 ac
887 1939 1116 1994 celebris
1149 1938 1402 1993 exsistes.

553 2048 797 2106 CCLXII.
825 2079 897 2090 —
920 2047 1221 2105 LEONTIO
1260 2046 1611 2103 EPISCOPO.

297 2139 428 2197 Non
493 2151 729 2210 oportere
781 2142 1148 2197 inexercitatos
1206 2141 1523 2195 monasteria
1572 2139 1868 2194 instituere.

370 2299 555 2354 Bonus
587 2296 676 2353 ille
699 2296 983 2363 Eusebius,
1010 2298 1173 2351 rebus
1193 2296 1443 2351 omnibus
1476 2294 1597 2350 aliis
1629 2304 1774 2349 recte
1803 2308 1868 2348 ac

296 2389 567 2459 prmclare
613 2390 957 2453 constitutis,
1008 2389 1064 2443 id
1108 2403 1323 2459 quoque
1374 2388 1588 2443 Pelusio
1635 2387 1867 2441 adventu

298 2494 401 2535 suo
444 2477 693 2549 praebuit,
733 2487 794 2533 ut
839 2479 1087 2535 bubulcis
1130 2478 1446 2548 quibusdam
1489 2486 1544 2532 et
1585 2477 1867 2546 caprariis,

268 2632 275 2637 ,
302 2584 366 2625 ac
397 2568 639 2639 fugitivis
665 2570 953 2640 mancipiis
978 2570 1090 2640 (qui
1118 2570 1389 2625 neminem
1418 2584 1655 2640 unquam
1705 2583 1771 2622 ex
1806 2568 1871 2624 iis

297 2660 392 2730 qui
437 2658 792 2715 monasticam
830 2659 995 2714 vitam
1041 2668 1135 2714 aut
1185 2659 1473 2724 coluerint,
1515 2666 1608 2712 aut
1649 2658 1869 2714 omnino

295 2759 508 2817 ament,
558 2752 877 2822 magistrum
927 2752 1256 2816 habuerunt,
1308 2766 1408 2806 nec
1452 2751 1617 2806 etiam
1656 2750 1723 2806 de
1769 2751 1872 2807 hac

292 2842 640 2915 philosophia
683 2843 979 2921 quidquam
1024 2859 1258 2914 unquam
1302 2842 1613 2909 audierunt,
1649 2851 1743 2896 aut
1776 2843 1870 2896 ha-

296 2937 416 2993 bitu
451 2948 607 2993 tenus
639 2936 991 3006 didicerunt),
1017 2934 1348 2992 monasticas
1382 2934 1661 3004 palzestras
1687 2933 1869 3003 oppri-

294 3028 525 3083 mendas
554 3040 620 3083 ac
653 3026 1024 3097 praelocandas
1068 3026 1449 3081 committeret.
1494 3023 1610 3092 Qua
1650 3023 1867 3093 quidem

293 3120 353 3175 in
377 3133 438 3174 rt.
466 3120 690 3189 perinde
720 3120 868 3187 fecit,
913 3129 973 3173 ut
1001 3118 1049 3175 si
1082 3119 1226 3189 quis,
1258 3132 1379 3173 cum
1413 3116 1597 3186 praelia
1629 3117 1872 3185 undique

296 3222 578 3285 urgeatur,
607 3228 671 3267 ac
710 3226 906 3281 magna
937 3211 1165 3266 telorum
1201 3210 1283 3265 vis
1308 3212 1610 3277 emittatur,
1641 3209 1866 3265 inermi-

2470 1211 2630 1266 ΣΞΑι.
2653 1242 2723 1253 --
2751 1212 3090 1283 ΕΥΒΟΥΛῼ.

2558 1303 2697 1371 Περὶ
2729 1304 2962 1370 κακίας.

2043 1385 2166 1447 Ὀτι
2196 1393 2542 1449 παντάπασιν
2565 1394 2799 1465 ἀκερδής
2822 1394 2977 1447 ἐστιν
3007 1395 3040 1464 ἡ
3067 1394 3257 1462 κακία,
3284 1392 3381 1446 καὶ
3415 1391 3557 1464 πρὸς

1969 1480 2040 1535 τὰ
2071 1483 2317 1553 παρόντα
2345 1483 2521 1553 φαύλη
2563 1483 2828 1549 σύνοικος,
2877 1484 2971 1536 καὶ
3000 1484 3139 1553 πρὸς
3170 1485 3240 1536 τὰ
3277 1483 3549 1554 μέλλοντα

1973 1574 2168 1646 ῑσχυρὰ
2191 1575 2516 1645 κατήγορος,
2548 1574 2780 1645 φήσουσί
2812 1592 2893 1628 σοι
2924 1574 3130 1629 πολλοί.
3153 1574 3216 1628 Τί
3244 1575 3427 1628 τοίνυν
3456 1575 3558 1627 αὐ-

1967 1664 2067 1735 τὴν
2096 1664 2317 1737 ἀσπάζῃ
2347 1666 2441 1718 καὶ
2483 1664 2784 1735 περιέπεις,
2810 1664 3122 1718 Κακόϐουλε
3155 1665 3411 1735 μᾶλλονῆ
3445 1663 3553 1717 Εὗ-

1973 1756 2167 1823 ϐουλε;
2204 1758 2306 1810 Ἦν
2345 1756 2559 1825 φεύγων
2582 1756 2693 1826 (59)
2722 1756 2796 1819 ὼς
2834 1757 2971 1810 πᾶσι
2997 1759 3111 1819 τοῖς
3159 1755 3346 1819 καλοῖς
3390 1754 3554 1809 πολε-

1974 1846 2123 1918 μίαν,
2157 1848 2252 1901 καὶ
2276 1846 2396 1918 Θεῷ
2425 1850 2641 1919 φανήσῃ
2671 1848 2764 1901 καὶ
2792 1846 3101 1917 ἀνθρώποις
3123 1846 3388 1916 ἀοίδιμος.

2271 2046 2417 2107 ΣΞΒ.
2440 2079 2510 2093 --
2537 2048 2836 2119 ΛΕΟΝΤΙῼ
2874 2046 3249 2117 ΕΠΙΣΚΟΠῼ.

1972 2140 2095 2194 ’Ότι
2122 2141 2195 2194 οὐ
2225 2138 2341 2208 χρὴ
2386 2138 2501 2206 τὴν·
2527 2138 2873 2206 ἐπισκοπὴν
2911 2135 3339 2205 ἀγυμνάστους
3361 2150 3555 2205 μονα-

2445 2208 2661 2276 στήρια
2701 2208 3074 2276 συγκροτεῖν.

2040 2299 2228 2355 Πάντα
2254 2298 2434 2361 καλῶς
2460 2300 2488 2351 6
2518 2298 2753 2369 χρηστὸς
2778 2297 2981 2360 διαθεὶς
3009 2296 3119 2368 (ΔΟ)
3146 2294 3430 2360 Εὐσέϐιος,
3458 2296 3558 2348 καὶ

1969 2390 2127 2445 τοῦτο
2160 2392 2226 2461 τῇ
2259 2388 2521 2461 παροικίᾳ
2568 2388 2864 2458 Πηλουσίου
2895 2388 3222 2458 παρέσχετο,
3268 2386 3559 2456 βουνόμοις

1969 2480 2081 2533 τισὶ
2110 2479 2203 2532 καὶ
2229 2478 2471 2541 αἰπόλοις
2509 2477 2605 2530 καὶ
2644 2477 2941 2548 δραπέταις
2967 2477 3207 2540 οἰκέταις
3237 2476 3553 2548 ἐπιτρέπων

1976 2569 2245 2641 μοναχικὰ
2280 2568 2702 2639 συμπήγνυσθαι
2735 2568 3127 2639 παλαιστήρια,
3161 2568 3334 2622 οὐδενὶ
3375 2567 3557 2637 μαθη-

1972 2660 2207 2719 τευθεῖσι
2234 2660 2333 2730 τὴν
2363 2659 2661 2729 μοναχικὴν
2690 2659 2722 2729 ἢ
2760 2658 3144 2728 μετελθόντων,
3178 2659 3210 2729 ἢ
3247 2658 3383 2721 ὅλως
3417 2659 3557 2726 ἁγα-

1975 2753 2223 2819 πώντων,
2253 2754 2377 2807 οὐδὲ
2422 2753 2559 2817 ὅλως
2602 2754 2700 2823 τῆς
2749 2753 3064 2824 φιλοσοφίας
3109 2754 3371 2825 ταύτηςῆ
3420 2755 3560 2824 ἀκη-

1975 2845 2181 2911 κοόσιν,
2215 2845 2249 2916 ἢ
2285 2844 2446 2916 μέχρι
2488 2846 2761 2922 σχήματος
2807 2846 3121 2914 διδαχθεῖσι.
3161 2846 3332 2899 Τοῦτο
3361 2847 3557 2911 ποιῶν,

1975 2934 2163 3007 ὥσπερ
2206 2935 2272 2989 ἂν
2317 2935 2484 2998 εἴτις,
2535 2936 2771 3006 πολέμου
2824 2935 3203 3007 περιεστῶτος,
3237 2936 3334 2990 καὶ
3384 2936 3559 3006 βελῶν

1979 3026 2222 3099 σφοδρῶς
2285 3028 2627 3099 ἀφιεμένων,
2677 3028 2897 3092 ἀόπλοις
2947 3028 3042 3082 καὶ
3094 3028 3565 3098 ἀπειροπολέμως

1976 3118 2263 3192 ἐπιτρέποι
2303 3119 2401 3191 τὴν
2448 3120 2585 3192 πρὸς
2612 3121 2796 3173 ἐκεῖνα
2834 3119 3159 3191 παράταξιν,
3192 3120 3286 3173 καὶ
3322 3118 3562 3190 προδιδιῖι

1976 3210 2099 3265 καθ’
2125 3208 2318 3264 ἑαυτοῦ
2352 3211 2615 3274 ἑκουσίως
2642 3213 2741 3283 τὴν
2769 3212 2948 3282 νίκην.

295 3302 402 3358 bus
439 3303 748 3359 hominibus
792 3318 855 3359 ac
886 3303 963 3358 rei
1008 3304 1260 3358 militaris
1290 3303 1557 3373 imperitis
1622 3302 1993 3359 instruendam
2033 3304 2294 3360 adversus
2361 3320 2425 3359 ea
2501 3305 2672 3360 aciem
2753 3305 2991 3368 mandet,
3023 3304 3422 3374 victoriamque
3459 3316 3557 3359 sua

294 3404 493 3465 sponte
522 3394 575 3449 in
607 3394 901 3463 perniciem
934 3409 1086 3450 suam
1114 3395 1327 3464 prodat.

533 3483 799 3542 CCLXIII.
830 3513 902 3525 —
930 3483 1272 3541 HERACLIO
1310 3484 1631 3542 DIACONO.

373 3601 512 3673 Apte
537 3609 700 3669 atque
726 3602 1130 3656 accommodate
1153 3613 1371 3665 omnes,
1397 3600 1487 3669 qui
1519 3608 1664 3654 tuam
1697 3608 1876 3655 muta-

274 3692 508 3777 itionem
541 3692 896 3767 perspiciunt,
930 3688 1058 3745 illud
1096 3688 1259 3745 divini
1302 3688 1600 3745 Psalmistae
1641 3689 1735 3743 tibi
1780 3704 1874 3744 ac-

301 3785 513 3851 cinunt,
539 3802 558 3838 ι
594 3781 867 3850 Transivi,
905 3792 959 3838 et
993 3796 1121 3837 ecce
1148 3796 1253 3835 non
1288 3790 1407 3835 erat
1436 3798 1449 3835 :
1480 3781 1705 3851 quaesivi
1726 3796 1871 3848 eum,

298 3883 357 3937 et
384 3889 489 3929 non
510 3884 593 3929 est
617 3874 865 3935 inventus
888 3872 1035 3928 locus
1070 3871 1186 3940 ejus
1211 3873 1278 3929 ".
1314 3890 1336 3926 ι
1371 3871 1503 3926 Nam
1532 3872 1622 3943 qui
1647 3873 1754 3928 vim
1772 3872 1874 3927 ali-

299 3980 465 4035 quam
498 3980 529 4019 a
560 3964 787 4021 Domino
828 3975 1173 4035 acceperunt,
1203 3978 1373 4033 eaque
1418 3980 1524 4018 non
1560 3965 1626 4019 ad
1665 3963 1873 4019 beneﬂ-

301 4057 448 4111 cium
486 4058 907 4125 rependendum,
954 4058 1050 4115 sed
1101 4056 1169 4112 ad
1206 4056 1574 4121 ulciscendum
1607 4057 1685 4110 usi
1721 4064 1867 4121 sunt,

302 4160 370 4200 eo
395 4145 609 4211 tandem
656 4146 991 4224 rediguntur,
1041 4157 1099 4200 ut
1128 4146 1236 4199 vim
1280 4145 1476 4211 nullam
1512 4144 1767 4211 habeant,
1807 4160 1872 4201 ac

216 4238 219 4239 ⁷
300 4236 563 4303 maleﬁca:
588 4237 843 4306 potentiae
874 4250 1062 4306 pcenas
1092 4244 1478 4307 exposcuntur.

761 4347 1031 4405 CCLXIV.
1065 4379 1135 4390 —
1162 4348 1411 4405 ORIONI.

372 4458 690 4515 Communis
716 4459 929 4528 quidem
970 4459 1211 4514 omnium
1244 4460 1415 4515 hostis
1465 4470 1547 4514 est
1574 4459 1861 4523 diabolus;

304 4553 581 4631 generalia
608 4561 787 4606 autem
817 4551 954 4606 bella
984 4552 1123 4621 gerit
1152 4552 1411 4606 adversus
1432 4567 1547 4617 eos,
1574 4554 1665 4622 qui
1704 4554 1873 4629 ipsius

301 4646 676 4718 voluptatibus
707 4646 909 4706 cultum
947 4646 1168 4711 minime
1198 4644 1475 4707 adhibent,
1513 4659 1611 4699 nec
1644 4659 1738 4714 per
1764 4660 1871 4698 ma-

300 4722 479 4795 lorum
521 4739 763 4803 radicem
797 4736 1075 4793 avaritiam
1122 4737 1298 4806 ipsum
1344 4738 1590 4791 adorant.
1635 4736 1873 4801 Quorum

302 4835 361 4887 in
415 4846 642 4887 numero
662 4873 684 4905 ,‘
718 4839 773 4884 et
794 4830 1011 4899 quidem
1063 4829 1202 4882 inter
1244 4835 1700 4896 propugnatores,
1752 4841 1875 4883 cum

303 4922 420 4993 ipse
453 4922 550 4987 sis,
576 4922 801 4992 spiritus
830 4906 1170 4979 armaturam
1204 4918 1413 4987 arripe.~

700 5032 946 5089 CCLXV.
976 5063 1047 5073 —
1073 5030 1471 5088 SYMMACHO.

373 5123 431 5179 Si
474 5124 544 5179 ob
582 5124 827 5192 corporis
872 5122 1247 5191 proceritatem
1278 5122 1517 5176 omnium
1563 5119 1873 5184 mortalium

371 5262 417 5294 "
451 5260 597 5317 Psal.
620 5273 806 5323 xxxw,
842 5257 928 5312 56.

2193 3484 2351 3540 ΣΞΓν.
2378 3515 2449 3527 σ-
2474 3487 2827 3557 ΗΡΑΚΛΕΙῼ
2867 3486 2979 3557 (ιι)
3018 3487 3342 3558 ΔΙΑΚΟΝῼ.

2052 3600 2369 3673 Πρόσφορον
2398 3602 2491 3657 καὶ
2522 3601 2786 3673 ἁρμοδίαν
2817 3620 2898 3656 σοι
2937 3604 3160 3667 πάντες,
3187 3604 3302 3657 ὅσοι
3330 3604 3430 3673 τὴν
3459 3604 3562 3674 σὴν

1980 3689 2179 3760 ὁρῶσιν
2225 3692 2527 3758 ἀλλοίωσιν,
2572 3694 2830 3765 ἐπᾴδουσι
2876 3694 3171 3763 θεόφαντον
3203 3695 3555 3765 ψαλμῳδίαν,

1980 3782 2062 3847 τὸ,
2093 3783 2399 3854 Παρῆλθον,
2432 3784 2528 3837 καὶ
2566 3784 2674 3838 ἰδοὺ
2703 3785 2803 3839 ούκ
2846 3781 2936 3856 ἦν,
2968 3786 3062 3839 καὶ
3097 3786 3338 3856 ἐζήτησα
3370 3787 3558 3847 αὑτὸν,

1982 3871 2076 3924 καὶ
2101 3872 2198 3942 ούχ
2226 3872 2422 3944 εὑρέθη
2451 3874 2479 3926 6
2507 3873 2672 3936 τόπος
2706 3873 2892 3928 αὐτοῦ.
2922 3876 2984 3928 Οἱ
3013 3876 3122 3947 γὰρ
3148 3874 3377 3945 δύναμιν
3404 3874 3564 3943 παρὰ

1980 3963 2189 4034 Κυρίου
2222 3964 2611 4035 λαμϐάνοντες,
2645 3967 2738 4021 καὶ
2765 3966 2938 4038 ταύτῃ
2966 3966 3066 4019 ούκ
3095 3967 3173 4029 είς
3204 3965 3437 4037 ἀμοιϐὴν
3467 3983 3561 4019 κε-

1982 4054 2279 4123 χρημένοι,
2328 4054 2443 4108 ἀλλ’
2483 4056 2717 4127 ἄμυναν,
2750 4057 2845 4111 καὶ
2883 4059 2964 4120 είς
2991 4056 3053 4109 τὸ
3099 4056 3267 4127 μηδὲν
3295 4055 3560 4109 δύνασθαι

1983 4144 2389 4215 περιίστανται,
2422 4147 2515 4200 καὶ
2546 4147 2645 4218 τῆς
2677 4146 2973 4201 κακοποιοῦ
3003 4147 3288 4219 δυνάμεως
3331 4147 3432 4213 τὰς
3464 4147 3560 4199 εύ-

1908 4238 1955 4301 ι)
1980 4233 2146 4299 Θύνας
2185 4236 2626 4308 εἰσπράττονται.

2513 4350 2668 4415 ΣΞΔἎ
2693 4379 2765 4393 -·
2790 4352 3037 4415 ΩΡΙΩΝΙ.

2052 4478 2246 4542 Κοινὸς
2285 4480 2384 4549 μὲν
2426 4481 2677 4537 ἁπάντων
2715 4486 2744 4537 6
2780 4485 2999 4556 ἐχθρὸς,
3038 4486 3309 4556 πολέμους
3349 4487 3407 4540 δὲ
3446 4487 3564 4557 ἔχει

1982 4570 2230 4635 γενικοὺς
2260 4571 2395 4641 πρὸς
2422 4573 2549 4636 τοὺς
2576 4576 2696 4634 ταῖς
2724 4575 2937 4645 ἡδοναῖς
2966 4576 3130 4629 αὑτοῦ
3164 4576 3239 4647 μὴ
3268 4577 3563 4648 λατρεύον-

1980 4674 2100 4722 τας,
2136 4658 2229 4712 καὶ
2271 4664 2337 4732 τῇ
2385 4663 2507 4732 ῥίζῃ
2541 4665 2648 4717 τῶν
2686 4666 2871 4719 κακῶν
2918 4667 3251 4739 φιλαργυρίᾳ
3297 4669 3447 4738 αύτῷ
3484 4670 3562 4740 μὴ

1982 4751 2438 4819 προσκυνοῦντας.
2466 4748 2565 4808 Ὦν
2591 4751 2671 4821 εἷς
2700 4757 2958 4828 ὑπάρχων
2988 4760 3084 4812 καὶ
3114 4761 3401 4829 πρόϐολος,
3434 4760 3561 4837 ἔχου

1981 4840 2077 4910 τῆς
2104 4842 2404 4907 πανοπλίας
2432 4845 2525 4898 τοῦ
2555 4848 2882 4919 πνεύματος.

2445 5044 2605 5098 Σεει.
2633 5072 2701 5084 -
2734 5046 3095 5117 ΣΥΜΜΑΧῼ.

2028 5129 2123 5195 Ἐί
2149 5130 2228 5202 τῷ
2258 5132 2383 5203 ὕψει
2409 5136 2503 5199 τοῦ
2535 5136 2806 5209 σώματος»,
2834 5140 2895 5192 τὸ
2931 5139 3134 5209 μείζων
3160 5133 3437 5195 εἶναιτῶν
3465 5143 3560 5195 άνν

1394 5328 1628 5385 γΑιιιΕ
1665 5329 2049 5387 LECTIONES
2087 5330 2175 5385 ET
2219 5331 2451 5388 NOTAE.

372 5446 484 5569 £59)
520 5447 620 5502 Pro
638 5446 853 5515 φεύγων
874 5445 1063 5532 φεῦγε,
1085 5459 1292 5503 etvers.
1316 5466 1430 5518 seq.
1453 5465 1550 5519 pro
1596 5449 1877 5520 πολεμίαν,

372 5545 375 5564 .
409 5519 561 5569 έμιον
610 5518 766 5569 codd.
799 5514 971 5569 Valte.
1004 5516 1109 5569 619
1137 5527 1191 5569 et
1215 5520 1322 5569 Alt.
1358 5520 1558 5569 legunt.
1595 5519 1800 5569 Possm.

305 5514 561 5587 πολέμιον
610 5514 766 5587 codd.
799 5514 971 5572 Vatic.
1004 5516 1109 5587 669
1137 5527 1191 5571 et
1215 5520 1322 5573 Alt.
1358 5514 1558 5587 legunt.
1595 5514 1800 5575 Possim.

378 5586 490 5661 (ίο)
525 5586 790 5649 Διατιθεὶς
814 5602 919 5661 pro
962 5586 1217 5661 διαϐελςι-
1252 5597 1306 5661 et
1342 5586 1480 5661 vers:
1515 5590 1547 5643 8
1584 5604 1683 5661 pro
1717 5608 1871 5661 περι-

307 5654 558 5723 εστῶτος,
595 5655 960 5726 παρεστῶτος,
988 5656 1121 5713 codt'
1175 5655 1347 5709 ναιίρ,
1383 5658 1485 5717 649
1516 5654 1871 5715 ειᾹΙιλθιηεὶε

1992 5450 2517 5589 l“(metirinigc'ribitur
2550 5522 2663 5575 haec
2700 5521 2923 5591 epistola
2963 5512 3015 5575 in
3058 5522 3243 5591 iisdem
3289 5522 3569 5588 ambobus

1983 5593 2139 5648 codd.
2174 5608 2278 5647 non
2318 5592 2619 5662 Ἡρακλείῳ
2653 5589 2745 5649 sed
2789 5592 3138 5664 Ἡρακλείτῳ.
3174 5589 3251 5655 In.
