3944 6138
346 244 447 312 341

1224 257 1754 320 EPISTOLARUM
1790 257 1936 318 LIB.
1979 256 2030 317 Ι.
2060 282 2133 294 -··
2170 259 2406 321 EPIST.
2452 263 2712 324 CCLXX.

3479 264 3612 331 342*

351 356 577 427 θρὼπων
596 360 958 429 πεφάντασαι,
978 365 1202 437 Νεὸρὼδ
1227 368 1256 420 ό
1283 370 1445 438 γίγας
1470 369 1647 440 πολλῷ
1671 388 1731 424 σε
1749 371 1918 442 ὑπερ-

2023 371 2316 427 maximum
2345 383 2397 427 te
2423 389 2547 429 esse
2582 373 2913 442 imaginaris,
2946 373 3095 445 gigas
3130 373 3397 429 Nembrod
3424 376 3581 447 longe

355 448 558 512 ίπτατο,
590 451 685 504 καὶ
712 455 762 506 οί
799 455 1076 526 Ἀσταρὼθ
1110 458 1222 528 (42)
1254 461 1528 529 γίγαντες,
1588 463 1681 516 καὶ
1722 462 1913 516 Γολιάθ

348 537 376 589 ό
398 535 709 606 ἀλλόφυλος,
742 543 836 595 καὶ
869 544 1041 599 Σαοὺλ
1068 548 1097 599 ὁ
1127 550 1326 612 παντὸς
1353 550 1447 603 τοῦ
1488 552 1703 621 Ἰσραὴλ
1747 552 1917 620 ὑπερ-

348 626 533 696 ὡμιος.
564 630 705 683 Ἀλλ’
731 633 883 688 οὐδὲν
910 636 1109 699 αὐτοὺς
1133 636 1311 708 ὢνησε
1336 640 1399 693 τὸ
1429 641 1624 712 μῆκος,
1647 642 1745 713 τῆς
1766 642 1915 708 θείας

350 720 641 786 επιεικείας
670 727 1046 797 φρονήσαντας
1076 728 1404 801 ὑψηλότερα.

815 920 990 989 nam.
1014 953 1085 965 -
1106 925 1431 999 ΚΡΑΤΙΝῼ.

866 1012 1009 1081 Περὶ
1043 1015 1372 1086 ὑποταγῆς.

417 1123 521 1177 Ἦν
548 1124 713 1189 αὑτός
746 1142 836 1195 μοι
867 1127 1059 1182 πεῦσιν
1110 1133 1485 1202 προσήγαγες,
1521 1136 1678 1200 ἄλλος
1720 1153 1805 1200 τις
1837 1137 1915 1209 τῷ

348 1215 563 1287 Κυρίῳ·
595 1216 626 1269 ό
660 1218 759 1286 μὲν
789 1218 1063 1288 εἰρηκὼς,
1093 1222 1159 1275 Τί
1192 1225 1423 1294 ποιήσας
1447 1264 1462 1289 ,
1508 1225 1651 1297 ζωὴν
1698 1229 1914 1283 αἰώνιον

348 1306 763 1377 κληρονομήσω;
807 1311 969 1374 αὐτὸς
999 1311 1057 1364 δὲ
1091 1313 1416 1385 γεγραφὼς,
1444 1316 1561 1369 Τίνι
1613 1320 1914 1390 μοναχικὴν

348 1395 707 1467 κατορθώσως
738 1399 877 1453 Ἀλλ’
908 1401 937 1454 ό
962 1401 1061 1472 μὲν
1089 1404 1226 1475 πρὸς
1268 1405 1360 1459 τὸν
1388 1406 1569 1476 νόμον,
1597 1408 1673 1472 ὡς
1704 1409 1913 1480 νηπιώ-

346 1485 471 1557 δης,
511 1488 817 1558 ἐπέμπετοο
864 1493 924 1545 σὲ
953 1493 1009 1546 δὲ
1050 1495 1184 1562 ἐγὼ,
1227 1496 1303 1560 ὠς
1337 1499 1555 1553 τελείων
1598 1501 1908 1571 ἐφιέμενον,

347 1576 477 1645 πρὸς
516 1577 650 1647 ὕψος
676 1583 999 1652 χειραγωγῶ
1026 1585 1360 1651 ἀναϐάσεως.
1393 1590 1659 1660 Ἀρνησαι
1689 1593 1907 1658 σαυτὸν,

346 1667 435 1722 καὶ
464 1663 597 1739 ἆρον
620 1670 712 1724 τὸν
742 1674 995 1745 σταυρὸν,
1024 1676 1120 1731 καὶ
1161 1677 1329 1747 φεῦγε
1358 1678 1434 1743 ὡς
1462 1680 1589 1750 ἐγώ.

751 1955 907 2011 ΣΞΖο.
925 1987 997 1996 -
1024 1959 1337 2032 ΚΥΡΗΝΙῼ
1376 1961 1508 2033 (ιδ).

406 2068 579 2133 Αὐτὸς
610 2070 709 2141 μὲν
735 2070 1043 2143 ἠρώτησας,
1071 2073 1228 2127 ποίαν
1260 2074 1370 2147 ἔχει
1403 2078 1435 2148 ἡ
1468 2076 1614 2150 ψυχὴ
1653 2080 1769 2132 ἐκεῖ
1809 2080 1909 2152 τὴν

344 2163 688 2225 κατάστασιν,
720 2164 752 2234 ἦ
786 2164 891 2217 τίνι
935 2165 1119 2236 τρόπῳ
1153 2168 1451 2239 συνέχεται.
1498 2170 1640 2237 Ἐγὼ
1671 2171 1729 2225 δέ
1767 2173 1909 2244 φημί

344 2268 440 2315 σοι,
454 2253 541 2304 ὅτι
578 2253 642 2305 Ἡ
676 2253 773 2321 μὲν
791 2252 1031 2322 βιώσασα
1046 2256 1315 2326 χρηστῶς,
1336 2259 1417 2322 είς
1437 2260 1730 2314 ἀνάστασιν
1758 2263 1908 2315 ἐλεύ-

344 2358 489 2396 σεται
518 2342 754 2413 ζωῆς·ή
787 2345 844 2396 δὲ
882 2345 1091 2414 ζήσασα
1121 2348 1325 2413 κακῶς,
1357 2351 1437 2413 είς
1465 2351 1680 2405 αἰώνιον
1713 2355 1908 2423 πορεύσ-

343 2450 488 2488 σεται
525 2435 729 2505 πυράν.
756 2437 969 2508 Ἤνπερ
999 2437 1218 2501 δεδιὼς,
1267 2440 1516 2512 φρόντιζε
1560 2443 1708 2507 ὅπως
1753 2445 1908 2515 εὐρε-

343 2525 471 2600 θήσῃ
504 2528 925 2596 ἀκατάγνωστος
949 2530 1045 2583 καὶ
1074 2530 1389 2596 ἀκόλαστος.

853 2785 1018 2842 ΣΞΗν.
1039 2816 1110 2829 -
1140 2788 1391 2862 ΠΑΥΛῼ.

405 2874 546 2943 Περὶ
589 2872 699 2942 τῆς
744 2874 1051 2945 δυνάμεως
1086 2879 1193 2933 τοῦ
1235 2882 1398 2936 θείου
1437 2886 1831 2955 κηρύγματος.

2016 470 2068 516 te
2098 463 2380 517 altitudine
2410 463 2679 529 vincebat,
2707 471 2762 516 et
2787 462 3030 533 gigantes
3069 464 3344 527 Astaroth,
3368 473 3422 518 et
3455 464 3581 518 bar-

2016 553 2177 608 barus
2204 553 2440 617 Goliath,
2470 564 2524 608 et
2554 553 2705 619 Saul,
2741 553 2832 623 qui
2864 554 3139 609 lsraelitas
3170 569 3363 610 omnes
3387 555 3578 609 hume-
3608 582 3665 604 .—

2015 640 2091 729 ris
2136 643 2443 710 superabat.
2496 643 2692 729 νοφηι
2749 642 2881 697 nihil
2931 657 3025 697 eos
3073 642 3376 699 sublimitas
3417 643 3603 713 iuvit,

2015 728 2192 783 divina
2242 730 2573 800 benignitate
2610 728 2673 787 ac
2722 731 2978 787 facilitate
3020 730 3184 787 altius
3233 732 3299 787 de
3345 747 3407 788 se
3457 747 3583 787 sen-

2017 817 2229 873 tientes.

2430 910 2699 968 CCLXVI.
2728 941 2800 953 -—
2824 911 3145 970 CRATINO.

2567 1003 2644 1059 De
2672 1005 3016 1075 subjectt'one.

2078 1114 2248 1180 Quam
2276 1123 2331 1169 tu
2357 1114 2485 1168 mihi
2508 1116 2861 1184 quaestionem
2886 1118 3147 1181 obtulisti,
3172 1119 3416 1174 eamdem
3443 1118 3595 1172 altus

2013 1208 2174 1261 etiam
2198 1207 2461 1276 quispiam
2480 1206 2705 1262 Domino
2724 1209 2915 1264 obtulit
2933 1228 2946 1264 :
2962 1210 3048 1265 ille
3065 1210 3343 1275 nimirum,
3362 1224 3483 1264 cum
3501 1208 3583 1262 di-

2014 1299 2109 1360 xit,
2129 1315 2147 1349 ι
2172 1297 2307 1364 Quid
2327 1297 2550 1362 faciens,
2570 1297 2675 1367 73
2693 1298 2855 1353 vitam
2868 1309 3123 1354 aaternam
3139 1299 3423 1370 possidebo
3438 1299 3506 1330 "'
3522 1298 3571 1351 'h

2014 1386 2092 1441 Tu
2132 1399 2309 1443 autem
2342 1404 2463 1443 cum
2495 1389 2754 1458 scripsisti
2796 1407 2810 1444 :
2848 1391 3091 1456 Quanam
3133 1391 3344 1446 ratione
3386 1404 3577 1445 omnes

2012 1482 2324 1535 monasticae
2363 1482 2485 1536 vitae
2529 1494 2782 1536 numeros
2821 1480 3087 1550 explebo?
3130 1479 3328 1535 Verum
3372 1481 3485 1546 ille,
3519 1489 3579 1533 ut

2010 1568 2204 1638 puerili
2238 1572 2422 1624 animo
2456 1570 2736 1639 praeditus,
2767 1570 2833 1624 ad
2877 1570 3046 1639 legem
3090 1570 3406 1625 mittebatur
3434 1586 3449 1621 :
3480 1582 3581 1637 ego

1940 1694 1986 1754 Β
2015 1672 2143 1712 vero
2187 1667 2261 1721 te,
2311 1667 2369 1712 ut
2410 1657 2761 1727 perfectionis
2805 1657 3086 1726 cupidum,
3133 1657 3200 1711 ad
3245 1655 3581 1712 ascensionis

2015 1748 2286 1818 fastigium
2346 1758 2593 1818 porrecta
2646 1764 2805 1802 manu
2852 1750 3011 1806 duco.
3061 1749 3277 1819 Abnega
3321 1748 3550 1817 teipsum

2012 1845 2067 1891 et
2097 1837 2222 1892 tolle
2255 1851 2473 1893 crucem
2506 1846 2674 1899 tuam,
2703 1852 2765 1891 ae
2795 1838 2900 1891 mei
2934 1838 3104 1893 instar
3135 1837 3277 1906 fuge.

2423 1946 2712 2003 CCLXVII.
2744 1976 2812 1988 —
2839 1946 3157 2003 CYRENIO.

2091 2058 2161 2113 I‘u
2190 2058 2406 2128 quidem
2444 2059 2750 2115 sciscitatus
2792 2076 2871 2127 es,
2919 2074 3206 2130 quemnam
3246 2058 3357 2114 illic
3399 2059 3591 2112 anima.

2010 2156 2210 2204 statum
2257 2151 2473 2216 habeat,
2523 2160 2614 2206 aut
2646 2165 2878 2220 quonam
2924 2152 3105 2215 modo,
3133 2149 3217 2205 vel
3252 2150 3372 2205 loco
3404 2151 3578 2204 conti-

2010 2251 2225 2301 neatur.
2263 2243 2373 2313 Ego
2405 2258 2533 2298 vero
2573 2244 2912 2313 respondeo:
2945 2244 3019 2298 Ea
3060 2258 3182 2313 qua:
3225 2251 3371 2298 recte
3410 2252 3576 2310 atque

2009 2333 2236 2389 honeste
2269 2335 2425 2398 vixit,
2460 2337 2526 2388 ad
2559 2336 2679 2389 vitae
2729 2334 3181 2391 resurrectionem
3212 2333 3430 2400 veniet;
3459 2348 3578 2402 quae

2008 2430 2185 2476 autem
2216 2422 2358 2477 male
2391 2431 2445 2478 et
2473 2423 2737 2493 ﬂagitiose
2764 2423 3086 2477 curriculum
3108 2421 3230 2479 vitae
3254 2420 3575 2483 confecerit,

2008 2513 2074 2568 ad
2102 2515 2489 2583 sempiternum
2518 2531 2704 2585 rogum
2738 2516 3128 2585 proficiscetur.
3164 2514 3316 2580 Quod
3341 2514 3558 2582 quidem

2008 2612 2063 2658 tu
2088 2618 2351 2670 metuens,
2377 2620 2561 2660 curam
2590 2621 2804 2660 onmem
2842 2606 3057 2671 adhibe,
3082 2614 3141 2659 ut
3165 2602 3575 2659 condemnatio-

2007 2700 2092 2757 nis
2117 2716 2181 2756 ac
2209 2713 2385 2769 ptenae
2410 2711 2602 2766 expers
2635 2698 2951 2752 inveniaris.

2437 2784 2755 2843 CCLXVIII.
2782 2816 2849 2826 —
2886 2785 3137 2843 PAULO.

2291 2880 2366 2934 De
2391 2879 2628 2949 potentia
2654 2878 2845 2931 divina:
2872 2876 3285 2946 praedicationis.

404 2986 563 3058 Αὐτῷ
600 2982 646 3055 ᾧ
681 2986 922 3059 νομίζεις
974 2990 1312 3062 ὲλαττώματι
1365 2992 1488 3066 [τῷ]
1535 2996 1771 3067 ἀκόμπῳ
1809 2998 1903 3051 καὶ

2082 2992 2193 3049 Ilae
2238 2993 2376 3062 ipsa,
2411 3006 2570 3060 quam
2610 3000 2664 3043 tu
2712 2989 2902 3043 vitium
2938 3005 3058 3045 esse
3100 2990 3404 3055 existimas,
3444 3002 3576 3042 san-

341 3077 691 3149 ἀγραμμάτῳ
737 3080 845 3133 τῶν
875 3080 1035 3151 ἱερῶν
1076 3084 1172 3135 τοῦ
1220 3084 1427 3153 Κυρίου
1480 3087 1735 3156 μαθητῶν
1772 3088 1906 3159 (44),

341 3166 592 3239 ὑπερέχει
624 3167 720 3221 τοῦ
762 3168 912 3223 θείου
942 3171 1276 3241 Εὑαγγελίου
1321 3176 1355 3244 ή
1394 3176 1641 3248 δύναμις,
1672 3179 1739 3231 δι’
1768 3181 1909 3234 ἐκεί⁶

341 3272 439 3311 νων
464 3260 811 3332 κρατήσασα,
840 3262 890 3317 δι
912 3257 987 3318 ὧν
1017 3263 1165 3319 ἄλλοι
1190 3266 1521 3339 ἡττήθησαν.

595 3551 759 3606 ΣεΘι.
785 3585 855 3596 -
880 3555 1142 3611 ΜΑΡοΝι
1178 3559 1645 3634 ΠΡΕΣΒΥΤΕΡῼ.

339 3640 486 3707 ιιρὸς
517 3642 719 3712 ἱερεῖς,
762 3645 895 3713 περὶ
942 3645 1053 3715 τῆς
1086 3645 1205 3702 τῶν
1234 3650 1510 3717 πενήτων
1549 3658 1905 3726 οἰκονομίας.

400 3755 462 3808 El
501 3758 600 3810 ml.
643 3756 926 3825 ἀλόγιστος
954 3754 1006 3812 εἷ
1048 3762 1142 3814 καὶ
1184 3763 1495 3832 ἀνάγωγοςυ
1532 3766 1648 3819 ἀλλ’
1671 3762 1764 3821 οὖν
1806 3769 1910 3823 κᾶν

336 3845 397 3898 ὲκ
442 3850 910 3919 παρακούσματος
960 3851 1136 3922 ἔχεις,
1177 3855 1257 3908 ὅτι
1293 3857 1460 3911 πάλαι
1498 3859 1547 3910 οί
1596 3859 1704 3913 τῶν
1756 3860 1911 3913 θείων

335 3935 652 3991 ἀποστόλων
696 3939 956 4009 μαθηταὶ,
994 3942 1064 3995 τὰ
1091 3945 1228 3998 οίκοι
1259 3947 1681 4016 πιπράσκοντες,
1715 3950 1780 4018 τῇ
1822 3950 1912 4002 ὲκ-

336 4026 528 4098 κλησίᾳ
570 4028 716 4098 ὑπὲρ
761 4031 990 4099 πτωχῶν
1024 4035 1436 4104 προσεκόμιζον.
1467 4038 1539 4090 Σὺ
1570 4037 1627 4090 δὲ
1659 4039 1764 4091 πᾶν
1790 4039 1911 4091 τού-

334 4118 539 4173 ναντίον
576 4117 769 4181 ποιῶν,
808 4120 870 4177 τὸ
910 4122 1010 4191 τῆς
1054 4124 1348 4193 ἐκκλησίας
1390 4128 1484 4180 καὶ
1528 4128 1636 4180 τῶν
1680 4129 1911 4198 πτωχῶν

333 4206 464 4258 (ῐκοι
494 4208 755 4275 συνάγεις
780 4210 1014 4274 ἀσεϐῶς.
1044 4213 1257 4268 Παῦσαι
1284 4217 1464 4268 τοίνυν
1491 4217 1592 4285 τῆς
1622 4218 1905 4282 ἀσεϐείας·

2009 3094 2218 3141 ctorum
2273 3083 2483 3138 Domini
2531 3081 2913 3149 discipulorum
2966 3080 3269 3135 humilitate
3318 3080 3385 3134 ab
3432 3079 3577 3134 omni

2011 3178 2149 3231 fastu
2180 3184 2235 3231 et
2266 3174 2630 3230 ostentatione
2664 3173 2861 3239 aliena,
2893 3173 3304 3243 litterarumque
3328 3171 3570 3238 inscitia,

2010 3267 2175 3323 divini
2218 3264 2489 3334 Evangelii
2527 3265 2607 3319 vis
2650 3280 2715 3318 ae
2755 3264 2990 3333 potentia
3042 3263 3301 3333 majorem
3350 3264 3400 3316 in
3457 3277 3578 3316 mo-

2010 3361 2135 3414 dum
2177 3360 2417 3414 eminet:
2445 3365 2502 3409 ut
2531 3371 2652 3423 qua:
2689 3369 2784 3425 per
2821 3371 2883 3410 ea
2916 3355 3197 3410 victoriam
3238 3354 3428 3423 adepta
3480 3354 3571 3418 sit,

2008 3465 2106 3521 per
2138 3465 2256 3519 qua:
2283 3449 2371 3503 alii
2404 3449 2531 3503 victi
2562 3458 2709 3504 sunt.

2200 3560 2476 3619 CCLXIX.
2504 3590 2577 3601 —
2606 3559 2866 3616 MARONI
2906 3558 3382 3617 PRESBYTERO.

2150 3654 2231 3708 Ad
2264 3653 2583 3717 sacerdotes,
2618 3656 2682 3706 de
2710 3667 2997 3720 pauperum
3025 3651 3431 3718 dispensatione.

2081 3766 2399 3834 Quanquam
2446 3770 2504 3817 tu
2550 3775 2743 3817 vecors
2789 3774 2849 3816 es
2883 3770 3045 3830 atque
3077 3771 3389 3826 contumax,
3439 3768 3579 3813 atta-

2012 3872 2136 3913 men
2176 3855 2258 3910 vel
2296 3853 2458 3909 fando
2490 3852 2618 3907 illud
2654 3852 2895 3915 audiisti,
2927 3851 3070 3921 quod
3099 3851 3227 3904 olim
3271 3852 3577 3905 divinorum

2011 3946 2380 4017 apostolorum
2436 3942 2686 4012 discipuli
2733 3942 2980 3997 venditas
3021 3956 3150 3997 suas
3189 3940 3475 3997 facultates
3509 3943 3577 3996 ad

2010 4037 2294 4096 ecclesiam
2322 4048 2616 4106 pauperum
2646 4046 2807 4088 causa
2836 4032 3168 4087 deferebant.
3196 4034 3262 4087 At
3298 4042 3351 4086 tu
3385 4044 3581 4087 contra

2010 4129 2232 4187 omnino
2276 4126 2502 4191 faciens,
2544 4123 2787 4179 ecclesiae
2831 4138 2895 4177 ac
2920 4138 3212 4191 pauperum
3244 4124 3382 4177 bona
3434 4124 3577 4177 domi

2014 4230 2119 4276 tuas
2146 4217 2308 4286 impie
2337 4230 2400 4270 ac
2431 4213 2640 4270 nefarie
2674 4212 2901 4282 colligis.
2936 4212 3072 4267 Huic
3118 4213 3282 4282 igitur
3312 4213 3577 4282 impietati

333 4295 615 4367 σξκονόμος
651 4298 762 4369 γὰρ
794 4301 1009 4370 εἴρηται
1043 4303 1194 4373 παρά
1225 4305 1284 4357 τὸ
1310 4308 1484 4358 οἰκεῖα
1513 4308 1691 4361 αὐτῶν
1724 4310 1907 4379 νέμειν

2020 4312 2177 4365 linem
2233 4308 2449 4377 impone
2478 4321 2493 4359 :
2520 4318 2834 4361 (economus
2873 4302 3017 4357 enim
3064 4304 3191 4358 hinc
3236 4304 3411 4358 dictus
3460 4312 3576 4367 est,

332 4388 437 4449 τοῖς
470 4388 729 4459 πένησιν.
774 4392 962 4446 Οίκεῖα
1003 4393 1058 4445 δὲ
1098 4395 1297 4462 αὐτῶν,
1336 4397 1560 4461 εἰκότως
1608 4399 1674 4455 τὰ
1705 4401 1904 4471 ἐκκλη·

334 4480 592 4535 ϐιαστικά
634 4480 768 4550 (45).

740 4593 855 4646 Συ’.
880 4623 950 4635 --
978 4595 1456 4652 ΑΓΑΘΟΔΑῘΜΟΝ
1460 4602 1499 4653 1.

860 4686 1021 4739 Κατὰ
1065 4687 1385 4755 Ἑλλήνων.

401 4792 623 4855 Ἔξεστί
658 4792 791 4864 [σοι]
826 4796 1081 4861 συνιδεῖν,
1104 4796 1315 4869 ἄριστε,
1350 4800 1414 4854 ἐκ
1446 4800 1552 4853 τῶν
1586 4805 1906 4872 συμϐάντων

398 4906 462 4939 ⁸³·
500 4908 645 4964 Luc.
675 4925 729 4975 ι,
757 4908 847 4969 25.

2015 4400 2157 4470 quod
2195 4397 2539 4468 pauperibus,
2584 4410 2703 4463 qua:
2729 4394 2969 4462 ipsorum
3003 4401 3149 4458 sunt,
3181 4393 3402 4447 tribuat.
3439 4394 3573 4446 Pro.

2014 4488 2128 4559 pria
2158 4496 2333 4540 autem
2366 4485 2602 4552 ipsorum
2630 4482 2823 4536 merito
2852 4492 2978 4536 sunt
3006 4482 3373 4537 ecclesiastica
3409 4484 3571 4537 bona.

2311 4592 2561 4650 CCLXX.
2588 4623 2660 4633 —
2685 4591 3273 4648 AGATIIOD/EMONI.

2560 4682 2755 4737 Contra
2794 4683 3029 4752 gentiles.

2084 4803 2296 4873 Optime
2335 4802 2437 4864 vir,
2484 4814 2553 4853 ex
2599 4799 2664 4853 iis
2705 4814 2825 4866 quae
2865 4807 3181 4863 evenerunt,
3236 4798 3435 4867 majora
3480 4797 3574 4850 tibi

1430 4988 1664 5043 VARl/E
1708 4989 2084 5049 LECTIONES
2122 4991 2209 5046 ET
2251 4986 2479 5044 NOTJE.

386 5093 510 5175 ,(Διλὶ)
542 5095 714 5175 Iidem
744 5096 851 5175 duo
887 5098 1046 5153 codd.
1088 5114 1193 5155 non
1241 5102 1537 5173 Ἀσταρώθ,
1566 5108 1659 5160 sed
1703 5108 1895 5160 Ἀστα-

340 5164 515 5237 ρώθῇιρι
545 5168 758 5237 legunt.
788 5166 997 5224 Possm.

402 5233 510 5305 (ιδ)
542 5235 868 5305 Inscribitur
896 5238 1013 5290 hanc
1033 5236 1256 5305 epistola
1285 5237 1342 5292 in
1363 5240 1517 5294 codd.
1544 5241 1732 5297 iisdem
1762 5246 1899 5297 Κου-

338 5303 532 5384 ρηνίῳ,
564 5303 959 5384 Curenio,_no_n
1001 5303 1261 5384 Ιςυρινίῳ.
1304 5306 1457 5363 Vers.
1487 5310 1522 5363 2
1560 5322 1676 5380 post
1715 5314 1901 5384 τρόπῳ

337 5370 797 5445 iitletninserunt,
827 5375 951 5445 ﬁfth
975 5370 1114 5438 πῶςζ
1144 5370 1218 5438 In.

542 5442 654 5519 ἰξξο
680 5439 942 5519 μαθητῶν
960 5448 1083 5519 eod.
1108 5446 1216 5519 Alt.
1249 5447 1409 5503 habet
1436 5448 1791 5519 μαθημάτων.
1822 5452 1897 5505 In.

402 5508 924 5587 (45)_Memorabilis
960 5515 1047 5587 hic
1083 5525 1165 5587 est
1196 5514 1375 5581 locus,
1421 5508 1485 5570 éx
1519 5508 1624 5587 quo
1656 5521 1900 5586 intelligi-

337 5590 483 5653 mus,
528 5582 673 5653 bona
718 5583 1080 5638 ecclesiastica
1128 5585 1262 5638 bona
1305 5582 1593 5653 pauperum
1626 5604 1761 5644 esse.
1807 5582 1900 5643 Sic

341 5660 421 5705 res
446 5649 709 5707 Ecclesia:
737 5666 858 5708 esse
884 5654 1201 5725 patrimonia
1239 5649 1530 5726 pauperum
1567 5660 1898 5732 scripserunt

2004 5119 2056 5161 et
2083 5106 2308 5161 Carolus
2329 5103 2551 5173 Magnus
2575 5110 2633 5173 et
2660 5099 2957 5173 bttdovieus
2979 5096 3307 5173 Pius_ir_npp.
3338 5099 3389 5153 in
3419 5100 3576 5170 Capi-

2011 5177 2132 5230 tulis
2153 5216 2166 5238 ,
2198 5189 2317 5234 cap.
2350 5168 2443 5234 85;
2487 5179 2541 5224 et
2573 5170 2633 5221 D.
2663 5170 3015 5236 Hieronymus
3065 5168 3129 5220 ad
3162 5169 3446 5239 Damasum
3478 5168 3574 5239 pa-

2005 5261 2128 5314 pam
2155 5244 2751 5314 scri_betis,_pattperum
2795 5251 2914 5289 esse
2948 5239 3039 5297 ait,
3084 5238 3347 5314 quidquid
3379 5239 3576 5314 habent

2007 5305 2208 5367 clerici.
2237 5312 2363 5376 Quae
2403 5305 2544 5362 dicta
2575 5308 2626 5358 in
2668 5307 2947 5358 Decretum
2984 5320 3196 5374 quoque
3232 5305 3271 5357 7a
3309 5305 3573 5376 Gratiano

2009 5383 2173 5436 relata
2215 5375 2392 5432 laudat
2426 5379 2513 5444 (et
2542 5376 2730 5427 merito
2753 5376 2964 5444 quidem
2992 5375 3008 5441 )
3039 5376 3288 5442 anacius
3325 5376 3377 5425 in
3414 5375 3573 5431 lieei-

2010 5451 2254 5503 tatiOnib.
2283 5449 2347 5499 ad
2378 5443 2673 5499 Decreuiles
2703 5446 2763 5497 ad
2793 5458 2911 5510 cap.
2938 5443 2993 5505 ‘2,
3025 5454 3134 5497 ext.
3170 5444 3241 5497 De
3272 5447 3570 5514 pt'mscript.

2009 5520 2174 5573 RITT.

2075 5619 2143 5627 —-
2178 5585 2327 5639 Vers.
2354 5584 2406 5645 5,
2429 5584 2487 5635 τὸ
2516 5584 2633 5651 τῆς,
2665 5584 2816 5635 codd.
2840 5580 2903 5632 V.
2926 5580 3028 5634 619
3056 5592 3109 5634 et
3140 5582 3202 5633 A.
3231 5581 3298 5633 τὰ
3321 5582 3438 5651 τῇς,
3467 5594 3569 5637 etc.

2009 5659 2156 5715 th‘s.
2195 5657 2226 5713 6
2258 5664 2310 5711 et
2340 5654 2392 5720 7,
2429 5654 2701 5721 ἀσεϐείας,
2740 5653 2899 5706 iidem
2929 5651 3082 5705 codd.
3121 5651 3324 5715 ἀθεΐας.
3356 5651 3566 5708 Possm.
