3944 6138
391 253 497 320 3ἐ3

1590 250 1650 313 S.
1703 247 1991 308 ISIDORI
2028 248 2457 313 PELUSIOTxE

3514 234 3608 301 3H

393 371 705 442 perspicere
748 368 894 424 licet.
924 364 1292 421 Ethnieismns
1336 364 1480 420 enim
1524 364 1704 419 multis
1729 371 1784 418 et
1825 376 1957 418 tem-

2103 368 2127 421 ὲ
2158 367 2397 437 μείζονα.
2438 366 2495 417 '0
2523 362 2632 433 γὰρ
2665 357 3012 429 Ἑλληνισμὸς
3042 355 3254 418 πολλοῖς
3274 344 3368 406 καῖ
3412 352 3612 422 χρόνοις

395 463 622 534 poribus
645 470 699 516 et
726 459 1021 522 laboribus,
1052 466 1107 513 et
1132 458 1343 525 opibus,
1375 465 1429 511 et
1456 456 1640 519 armis,
1670 464 1723 509 et
1747 469 1955 510 sermo-

2103 457 2154 508 αὶ
2185 456 2366 517 πόνοις
2401 453 2496 507 καὶ
2525 453 2709 521 πόροις
2734 449 2826 501 καὶ
2850 446 3031 508 ὅπλοις
3066 446 3157 497 καὶ
3181 442 3359 509 λόγοις
3391 457 3614 510 κρατυν-

400 553 561 609 nibus
586 552 966 607 corroboratus
986 563 1054 603 ex
1083 548 1253 602 oculis
1278 548 1519 601 evanuit.
1550 544 1746 600 Nostra
1775 554 1955 599 autem

2103 546 2206 609 εὶς,
2256 543 2549 615 ⁴ἡφανίοθη.
2594 541 2659 594 Ἢ
2694 540 2752 592 δὲ
2788 536 3030 607 ἡμετέρα
3075 531 3339 605 θρησκεία
3389 528 3614 593 ίδιώταις

399 646 589 714 religio
620 643 841 712 plebeiis
884 652 939 696 et
986 638 1300 703 illitteratis,
1345 646 1400 691 et
1439 637 1766 707 pauperibus
1796 646 1958 703 atque

2103 633 2152 685 αὶ
2192 629 2577 701 ἀγραμμάτοις
2616 627 2707 679 καὶ
2737 626 2967 694 πτωχοῖς
2998 624 3090 675 καὶ
3129 620 3407 677 εὐτελέσιν
3450 620 3615 688 ἐγχει-

401 736 633 806 abjectis
699 733 1010 788 hominibus
1069 730 1422 792 demandata,
1496 727 1642 781 brevi
1698 726 1960 793 temporis

404 828 581 896 spatio
622 825 864 895 fulgetra:
910 824 967 876 in
998 823 1214 876 modum
1246 833 1461 889 quoquo
1498 816 1735 886 gentium
1769 828 1958 883 perva-

402 919 494 981 sit,
535 931 640 971 non
669 914 853 970 oculos
882 913 1144 968 duntaxat
1172 918 1333 978 atque
1353 916 1651 978 aspectum,
1680 904 1774 959 sed
1800 904 1960 958 etiam

399 1017 615 1064 mentes
640 1005 970 1066 illuminans,
1025 1001 1279 1071 quoniam
1310 998 1561 1053 videlicet
1593 995 1683 1049 ille
1716 1009 1782 1046 ex
1812 1007 1963 1046 eont-

400 1097 665 1154 mentitiis
696 1094 893 1148 fabulis
929 1093 1213 1148 constabat
1243 1109 1255 1144 :
1285 1091 1399 1144 haec
1422 1097 1599 1143 autem
1633 1098 1698 1140 ex
1725 1082 1963 1140 ccelestiv

400 1187 507 1245 bus
528 1185 867 1259 dogmatibus
898 1192 1176 1252 compacta
1208 1191 1347 1236 erat.

813 1294 1086 1352 CCLXXI.
1119 1324 1186 1335 —
1214 1289 1555 1347 LEANDRO.

918 1386 994 1439 De
1021 1385 1184 1438 libero
1219 1383 1460 1436 arbitrio.

478 1499 722 1555 Humana
748 1508 963 1562 natura,
982 1498 1063 1550 vir
1084 1495 1301 1559 eximie,
1328 1510 1429 1549 nec
1463 1492 1723 1561 ejusmodi
1745 1490 1853 1561 74
1866 1496 1969 1553 est,

406 1606 528 1661 quae
559 1589 746 1645 vitium
774 1587 1059 1643 admittere
1095 1595 1324 1656 nequeat
1354 1604 1368 1640 :
1404 1600 1502 1640 nec
1532 1598 1743 1638 rursum
1785 1583 1835 1636 vi
1877 1597 1970 1636 na-

406 1694 544 1737 tura:
596 1681 723 1735 vitia
771 1679 953 1734 habet.
1010 1678 1203 1733 Verum
1247 1692 1397 1731 mens
1454 1690 1518 1730 ac
1564 1675 1812 1729 voluntas
1855 1674 1970 1728 haec

410 1771 724 1835 admittens,
756 1768 1155 1839 prolapsionem
1189 1782 1217 1821 a
1249 1766 1539 1820 virtutibus
1568 1765 1819 1819 sustinet.

862 1895 1164 1954 CCLXXII.
1193 1926 1257 1937 —-
1290 1894 1516 1955 EIDEM.

386 2084 388 2088 ν
483 2003 617 2088 illud
646 2007 786 2073 quod
832 2006 1048 2069 scribis,
1086 2006 1288 2072 primus
1318 2017 1532 2073 quoque
1572 2003 1730 2056 homo
1758 2014 1976 2071 perpes-

410 2088 508 2147 sus
534 2102 639 2156 est,
664 2107 848 2145 verum
895 2093 1161 2147 secundus
1196 2092 1427 2159 priorem
1462 2092 1687 2143 formam
1724 2088 1820 2154 ipsi
1850 2088 1975 2141 red-

410 2182 592 2236 didit:
625 2183 822 2252 quippe
869 2183 959 2252 qui
1007 2184 1059 2236 in
1100 2198 1162 2237 ea
1210 2182 1367 2236 modo
1412 2194 1715 2234 sermonem
1761 2176 1991 2233 omnem

413 2274 695 2340 superanti
741 2274 1033 2337 exstiterit,
1082 2287 1311 2341 eamque
1347 2273 1502 2326 modo
1537 2270 1804 2326 divinitati
1848 2284 1978 2322 con-

414 2373 676 2419 sentanea
700 2366 1017 2421 correxerit.

816 2474 1139 2532 CCLXXI“.
1168 2506 1237 2517 —
1257 2474 1576 2531 EUTONIO.

726 2582 745 2614 ι
782 2563 1135 2634 Magnificabo
1170 2563 1475 2631 Dominum,
1513 2584 1533 2617 ι
1571 2574 1674 2619 etc.

390 2772 394 2776 '
494 2715 515 2751 ι
554 2695 908 2765 Magniﬁcabo
944 2695 1226 2751 Dominum
1254 2698 1305 2750 in
1329 2697 1503 2760 laude,
1556 2707 1611 2751 et
1648 2699 1882 2764 placebit
1931 2701 1983 2755 ei

416 2802 584 2857 Super
604 2787 830 2841 vitulum
856 2800 1075 2854 novum,
1102 2806 1122 2839 ι
1156 2789 1379 2843 canebat
1408 2788 1655 2855 David”,
1677 2791 1983 2846 Judaeornm

416 2880 657 2941 ruinam,
686 2888 741 2931 et
772 2878 1014 2947 gentium
1044 2877 1440 2947 adjunctionem
1469 2880 1805 2950 signiﬁcans.
1841 2883 1985 2949 Quo-

417 2969 565 3024 niam
598 2969 762 3033 enim,
799 2968 994 3036 inquit,
1030 2969 1256 3039 populus
1298 2969 1404 3035 ille,
1436 2970 1589 3039 cujus
1619 2972 1740 3026 lidei
1780 2973 1986 3027 sacriﬁ-

2065 721 2308 792 ρισθεῖσα
2350 723 2406 773 ὲν
2444 720 2633 793 βραχεῖ
2665 715 2858 786 καιρῷ,
2906 714 3061 782 δίκην
3107 711 3396 781 ἀστραπῆς
3438 709 3614 779 διῆλθε

2064 810 2360 881 πανταχοῦ,
2390 812 2450 865 ού
2478 812 2573 871 τὰς
2598 808 2747 877 ὃψεις
2780 807 2957 876 μόνον,
2986 804 3119 858 ἀλλά
3152 804 3247 856 καὶ
3278 802 3374 864 τὰς
3401 801 3616 870 γνώμας

2066 901 2347 971 φωτίσασα
2369 917 2380 929 ·
2413 902 2493 953 ὅτι
2522 902 2549 952 6
2579 900 2675 969 μὲν
2705 897 2920 967 ψευδέσι
2958 894 3146 965 μύθοις
3176 893 3479 951 συνέκειτο·
3508 892 3541 960 ή
3566 889 3620 941 δὲ

2064 993 2327 1064 δόγμασιν
2356 991 2624 1062 οὐρανίοις
2655 990 2991 1061 συνήρμοστο
3024 985 3154 1056 (46).

2454 1302 2618 1357 ΣοΑι.
2650 1330 2709 1340 -
2735 1295 3073 1365 ΛΑΙΑΝΔΡῼ
3107 1292 3242 1361 (ιτ).

2560 1392 2700 1460 Περὶ
2741 1388 3155 1453 αὐτεξουσίου.

2152 1510 2217 1563 Ἥ
2249 1507 2408 1579 φύσις
2446 1509 2479 1575 ἡ
2517 1504 2862 1577 ἀνθρωπεία,
2913 1500 3215 1569 θαυμάσιε,
3266 1493 3388 1548 οὔτε
3446 1490 3629 1547 ἀνεπίσ-

2071 1604 2256 1665 δεκτός
2282 1603 2396 1654 ἐστι
2426 1597 2619 1659 κακοῦ,
2643 1596 2764 1649 οὔτε
2795 1592 3037 1661 φυσικῶς
3079 1591 3339 1659 κέκτηται
3369 1584 3437 1639 τά
3464 1581 3624 1637 κακά.

2086 1693 2245 1747 Ἀλλά
2281 1692 2472 1761 γνώμη
2530 1688 2703 1741 ταῦτα
2745 1683 3111 1757 προσιεμένη,
3154 1680 3253 1750 τὴν
3299 1677 3408 1731 τῶν
3455 1672 3629 1730 καλῶν

2075 1785 2334 1855 ὑπομένει
2361 1782 2695 1836 ἀπόπτωσιν.

2562 1911 2721 1963 ΣΟΒ’.
2746 1938 2815 1950 -
2842 1909 2928 1961 ΤΩ
2965 1906 3166 1959 ΑΥΤΩ-

2155 2028 2361 2079 Ἐκεῖνο
2390 2025 2417 2078 ὃ
2445 2025 2726 2092 γέγραφας
2772 2020 2906 2089 (48),
2954 2019 3045 2071 καὶ
3072 2019 3099 2069 ὁ
3130 2015 3344 2086 πρῶτος
3374 2011 3636 2065 πέπονθεν

2075 2119 2383 2188 ἄνθρωπος,
2428 2115 2540 2169 ἀλλ’
2567 2117 2593 2168 6
2620 2113 2868 2181 δεύτερος
2898 2108 3042 2178 αὐτῷ
3072 2108 3170 2177 τὴν
3202 2105 3471 2176 προτέραν
3507 2119 3634 2173 μορ-

2079 2210 2183 2280 φὴν
2208 2208 2565 2271 ἀποδέδωκεν,
2594 2206 2649 2257 ἐν
2678 2202 2861 2275 ἐκείνῃ
2884 2202 3176 2271 ἀφράστως
3206 2196 3519 2267 γενόμενος,
3548 2191 3637 2249 καὶ

2077 2299 2279 2368 ταύτην
2312 2296 2629 2368 θεοπρεπῶς
2658 2290 3114 2364 διορθωσάμενος,

2568 2470 2727 2543 soi".
2754 2519 2823 2530 —
2853 2449 3170 2556 ΕΥΤοικὶιῼ.

2239 2603 2257 2635 ι
2286 2580 2612 2652 Mamurri)
2650 2579 2754 2633 τὸν
2784 2579 3021 2646 Κύριον,
3055 2595 3072 2627 ι
3106 2575 3207 2629 καὶ
3234 2574 3305 2628 τὰ
3331 2572 3480 2641 ἑξῆς

2159 2740 2178 2773 ι
2205 2716 2506 2787 Μεγαλυνῶ
2525 2715 2616 2770 τὸν
2643 2714 2844 2785 Κύριον
2856 2716 2911 2767 ὲν
2930 2712 3150 2773 αἰνέσει,
3169 2710 3262 2763 καὶ
3286 2710 3476 2780 ἁρέσει
3506 2705 3648 2775 αὐτῷ

2086 2811 2222 2880 ὑπὲρ
2266 2808 2462 2880 μόσχον
2492 2806 2627 2869 νέον,
2663 2824 2681 2856 ι
2712 2802 2937 2872 ἔψαλλεν
2964 2802 2991 2854 6
3022 2799 3214 2865 Aa6‘t6,
3245 2798 3342 2868 τὴν
3381 2796 3649 2849 Ἰουδαίων

2085 2901 2360 2971 σημαίνων
2389 2898 2721 2957 ἀπόπτωσιν,
2748 2894 2839 2947 καὶ
2871 2892 2979 2944 τῶν
3017 2890 3185 2943 ὲθνῶν
3225 2890 3322 2958 τὴν
3354 2888 3645 2941 οίκείωσιν.

2100 2993 2313 3064 Ἐπειδὴ
2340 2991 2471 3062 γὰρ,
2492 2990 2675 3059 φησὶν,
2702 2989 2730 3039 ὁ
2747 2989 2843 3048 τὰς
2868 2984 3057 3046 θυσίας
3086 2982 3398 3043 πιστευθεὶς
3420 2980 3649 3049 ὴθέτησε

416 3059 503 3112 cia
548 3059 837 3114 commissa
881 3058 1116 3124 fuerant,
1161 3061 1324 3115 Deum
1366 3062 1572 3129 rejecit,
1622 3078 1723 3118 nec
1777 3066 1980 3120 cruorit

2103 3087 2233 3148 ιαὸς,
2264 3058 2363 3137 καί
2525 3081 2622 3150 οὺχ
2649 3078 2833 3148 ἥδεται
2866 3075 3092 3144 αἴμασιν
3133 3076 3161 3126 6
3190 3071 3321 3133 Θεὸς
3340 3112 3354 3137 ,
3400 3069 3513 3138 ἐγὼ
3556 3067 3650 3136 τὴν

414 3147 733 3218 prolusione
781 3149 925 3205 Deus
974 3150 1300 3216 oblectatur,
1346 3163 1627 3221 propterea
1677 3168 1780 3223 ego
1820 3156 1981 3221 spiri-

416 3238 619 3292 tualem
666 3238 867 3292 cultum
914 3239 1149 3293 adhibeo
1178 3257 1192 3293 :
1223 3255 1381 3309 quem
1430 3241 1544 3307 ipse
1577 3242 1745 3298 multo
1786 3243 1979 3313 pluris,

395 3342 581 3398 quam
615 3328 787 3395 illum,
818 3327 1056 3383 facturus
1089 3338 1193 3383 est.

838 3438 1161 3497 CCLXXIV.
1189 3468 1262 3481 —-
1287 3439 1559 3497 TllEONl.

490 3573 897 3630 Pnlchritudine
930 3584 1090 3641 atque
1112 3576 1322 3644 opibus,
1357 3586 1412 3631 ut
1444 3586 1685 3645 apparet,
1712 3578 1981 3649 gloriaris,

424 3664 687 3735 aliosque,
724 3666 917 3735 quibus
948 3667 1062 3722 huic
1092 3668 1303 3733 desunt,
1344 3682 1440 3739 pro
1485 3668 1652 3723 nihilo
1695 3670 1848 3724 ducis
1877 3687 1891 3723 :
1919 3671 1985 3724 il—

421 3758 515 3813 lud
539 3758 812 3828 ignorans,
839 3771 892 3815 te
920 3760 1043 3814 feno
1062 3774 1220 3829 quam
1248 3760 1502 3815 ocissime
1530 3770 1893 3815 marcescente
1916 3763 1984 3795 9"

424 3860 680 3904 ornatum
700 3864 838 3906 esse.
871 3853 1045 3920 Atque
1077 3852 1202 3906 item
1224 3850 1481 3921 pecunias
1508 3860 1760 3921 tanquam
1788 3866 1984 3921 aquam

424 3940 694 4006 contines,
734 3956 854 4009 quae
885 3941 1019 3996 alios
1053 3957 1119 3997 ex
1169 3942 1288 3998 aliis
1326 3942 1619 4006 humectat,
1663 3958 1727 3998 ac
1771 3958 1984 3998 rursum

427 4030 496 4083 ad
540 4030 676 4085 alios
718 4030 853 4085 ﬂuit.
906 4032 1264 4097 Quamobrem
1310 4040 1403 4085 aut
1448 4033 1512 4086 ad
1553 4032 1747 4087 inlidas
1800 4030 1985 4099 hujus-

425 4120 573 4176 modi
596 4135 747 4189 opes,
780 4121 1001 4188 perinde
1026 4132 1185 4190 atque
1211 4123 1277 4175 ad
1314 4123 1558 4176 umbram
1587 4134 1640 4177 et
1664 4123 1894 4190 l‘nmum,
1932 4134 1987 4178 et

424 4220 635 4293 ventos,
673 4212 908 4266 animum
938 4213 1109 4282 adjice
1138 4232 1151 4268 :
1181 4222 1274 4266 aut
1318 4214 1443 4267 illud
1475 4215 1632 4277 scito,
1660 4225 1711 4268 te
1758 4215 1985 4279 umbrae,

426 4308 484 4357 et
510 4298 677 4365 fumo,
710 4310 764 4355 et
804 4304 976 4357 ventis
1009 4304 1299 4358 conlidere.

549 4432 847 4489 CCLXXV.
878 4464 945 4473 —
971 4434 1231 4490 PELUSII
1273 4435 1850 4495 MAGISTRATIBUS.
1881 4400 1895 4414 ’

499 4545 764 4600 Praeclara
782 4545 1116 4602 educationis
1131 4550 1349 4617 praemia
1376 4549 1641 4604 Pelusium
1662 4553 1728 4604 ab
1744 4552 1985 4620 Aspiano

430 4637 617 4708 capit:
648 4638 957 4707 praeclaram
1000 4639 1086 4693 ille
1129 4640 1299 4694 vicem
1344 4655 1407 4694 ac
1455 4643 1753 4696 mercedem
1803 4644 1979 4697 altrici

501 4811 550 4869 9³
573 4810 720 4867 Psal.
750 4826 941 4877 vatn,
975 4811 1063 4866 51.
1138 4813 1206 4845 ⁹³⁴
1236 4811 1336 4867 lsa.
1414 4828 1501 4877 λι..
1535 4812 1588 4867 8.

2089 3177 2147 3229 ὲν
2177 3173 2445 3243 πνεύματι
2476 3170 2733 3240 προσάγω
2774 3164 3047 3237 λατρείαν,
3090 3164 3234 3234 ἥπερ
3263 3161 3481 3232 ἐκείνης
3510 3155 3654 3227 αύτῷ

2091 3265 2335 3333 φανεῖται
2364 3260 2656 3330 ἀξιωτέρα.

2543 3452 2699 3509 ΣοΔ’.
2727 3486 2795 3495 -
2824 3451 3024 3506 esum
3064 3448 3197 3519 (50).

2160 3588 2360 3644 Κάλολει
2411 3588 2503 3641 καὶ¹
2540 3587 2751 3657 πλούτῳ
2802 3586 3035 3654 ὲπαίρῃ,
3076 3582 3152 3644 ὡς
3196 3580 3371 3646 ἔοικε,
3409 3582 3505 3635 καὶ
3536 3579 3659 3641 τοὺς

2091 3680 2280 3742 ἄλλους
2308 3680 2671 3750 περιφρονεῖς,
2694 3672 2773 3738 οἷς
2800 3674 2970 3728 ταῦτα
2995 3674 3056 3727 ού
3081 3673 3368 3742 πρόσεστιν
3390 3688 3404 3701 ·
3426 3670 3656 3738 ἀγνοῶν.

2090 3773 2171 3825 ὅτι
2214 3770 2391 3841 χόρτῳ
2436 3768 2772 3838 κεκόσμησαι
2816 3767 2952 3834 ταχὺ
3004 3762 3405 3833 μαραινομὲνῳ.
3450 3761 3559 3813 Καὶ
3586 3759 3659 3820 ὡς

2093 3861 2237 3931 ὕδωρ
2260 3860 2501 3928 συνέχεις
2531 3858 2597 3910 τά
2626 3858 2901 3927 χρήματα,
2927 3853 3117 3913 ἄλλους
3140 3853 3198 3916 ἐξ
3229 3851 3402 3904 ἄλλων
3429 3849 3656 3911 νοτίζον,

2093 3954 2185 4006 καὶ⁵
2210 3952 2371 4003 πάλιν
2401 3950 2535 4019 πρὸς
2560 3948 2747 4010 ἄλλους
2775 3944 3085 4016 βλυστάνον.
3118 3944 3187 3995 Ἦ
3218 3941 3398 3995 τοίνυν
3429 3941 3505 4003 ὡς
3536 3938 3660 4006 σκιᾷ

2094 4044 2188 4096 καὶ
2217 4040 2426 4109 καπνῷ,
2456 4042 2549 4093 καὶ
2582 4040 2821 4109 ἀνέμοις,
2845 4040 2956 4099 τοῖς
2981 4035 3230 4095 ἀπίστοις
3252 4031 3465 4094 τούτοις
3499 4030 3661 4100 πρόσ-

2093 4148 2183 4200 εχε
2209 4131 2505 4200 κτήμασιν,
2534 4129 2567 4199 ἢ
2604 4128 2710 4182 ίσοι
2743 4129 2871 4198 σκιᾷ
2911 4126 3005 4180 καὶ⁵
3043 4123 3233 4194 καπνῷ
3261 4120 3542 4185 πεποιθὼς
3567 4119 3662 4175 καὶ

2094 4220 2331 4290 ἀνέμοις.

2267 4442 2683 4497 ΣΟΕ’.--ΤΟΙΣ
2720 4442 2878 4493 ΠΕΡΙ
2918 4441 3062 4493 ΤΗΝ
3099 4438 3313 4491 ΠΟΑΙΝ
3350 4437 3490 4509 (51).

2161 4552 2318 4605 Καλά
2357 4552 2619 4621 λαμϐάνει
2668 4553 2894 4621 τροφεῖα
2929 4550 3077 4620 παρά
3114 4547 3404 4602 Ἀσπιανοῦ
3444 4548 3507 4600 τό
3551 4546 3665 4616 Πη-

2088 4642 2329 4696 λούσιονο
2360 4643 2543 4706 καλοῖς
2582 4642 2790 4712 μισθοῖς
2821 4642 2917 4713 τὴν
2967 4639 3317 4713 θρεψαμένην
3345 4637 3661 4708 ἀμείϐεται.

1540 4880 1772 4935 VARUE
1808 4879 2192 4936 LECTIONES
2232 4880 2319 4936 ET
2358 4881 2591 4937 NOTIE.

507 5030 622 5103 (ιο)
659 5032 831 5103 ροᾱᾴ.
863 5033 983 5088 Vat.
1009 5033 1112 5088 649
1140 5042 1194 5088 et
1227 5032 1333 5103 Alt.
1371 5033 1751 5103 συνήρμοσται.
1780 5033 1987 5087 Possm.

511 5100 625 5171 (Π)
660 5100 869 5171 Titulus
895 5103 1052 5171 hujus
1083 5102 1319 5171 epistolae
1361 5104 1413 5154 in
1443 5100 1559 5157 cod.
1603 5102 1721 5157 Vat.
1758 5103 1859 5157 649
1896 5119 1991 5154 no-

439 5168 562 5241 ;nen
590 5168 816 5241 Leandri
840 5168 1025 5241 scribit
1041 5168 1156 5225 sine
1173 5170 1518 5240 diphthongo,
1537 5171 1806 5241 Λεάνδρῳ.
1829 5171 1993 5225 Porro

442 5238 559 5293 haec
596 5237 820 5309 epistola
869 5237 1532 5309 iterumﬂreponiturihoc
1576 5237 1793 5309 ipso'i'n
1834 5242 1995 5309 libro

442 5321 565 5377 pag.
598 5306 689 5385 _8l,
718 5316 996 5385 uulnerata
1027 5308 1135 5362 illic
1159 5308 1262 5362 503
1282 5347 1296 5371 ,
1327 5308 1419 5385 sed
1453 5308 1567 5385 illic
1595 5306 1799 5385 plenius
1831 5308 1996 5385 liabe-

444 5375 687 5447 tttr_plus_
714 5375 936 5429 dimidio
969 5384 1159 5447 aucta,
1187 5392 1355 5445 quare
1386 5377 1486 5447 hoc
1525 5375 1639 5445 ejus
1677 5378 1994 5447 principium

445 5457 509 5499 ex
542 5441 643 5512 hoc
676 5441 791 5497 loco
823 5441 1231 5512 expungendum
1262 5454 1424 5499 esset.
1458 5445 1536 5499 In.

519 5511 629 5579 (48)
663 5512 830 5586 Codd.
878 5511 1135 5575 “1.649
1161 5522 1211 5569 et
1260 5513 1389 5579 Alt.,
1433 5514 1485 5569 in
1527 5515 1695 5584 prima
1727 5529 1955 5586 persona

449 5578 717 5655 γέγραφα.
749 5579 823 5643 lo.

2171 5034 2281 5101 (49)
2311 5036 2420 5087 Καὶ
2448 5034 2715 5088 omittitur
2746 5035 2813 5089 ab
2842 5034 2947 5088 Alt.
2981 5034 3057 5090 In.

2172 5104 2281 5173 (50)
2311 5104 2431 5157 llzee
2457 5105 2677 5173 epistola
2708 5106 2758 5157 in
2785 5106 2939 5158 codd.
2970 5105 3094 5160 Vat.
3123 5104 3227 5161 649
3251 5116 3305 5161 et
3333 5104 3443 5158 Alt.
3470 5106 3671 5163 inscri-

2102 5170 2494 5242 bll‘lll‘iesﬂovottp
2514 5212 2527 5235 ,
2567 5171 2847 5242 Tlieonoio.
2877 5173 2953 5227 lu.

2176 5240 2284 5316 (51)
2305 5241 2381 5316 _ln
2409 5240 2560 5295 titulo
2590 5245 2744 5295 codd.
2775 5241 2904 5316 γαί.
2925 5244 3035 5316 ρί9
3069 5255 3120 5299 et
3145 5246 3253 5301 Alt.
3291 5254 3411 5316 post
3438 5245 3542 5316 τὴν
3574 5244 3671 5316 πός

2101 5306 2183 5388 λιν
2214 5306 2442 5388 addunt,
2491 5312 2887 5388 μοναστηρὶοις.
2925 5312 3079 5388 Yers.
3114 5318 3137 5369 1
3168 5356 3183 5381 ,
3228 5306 3325 5384 pro
3370 5306 3669 5388 Ἀστξιανοῦ

2100 5379 2260 5453 iidem
2296 5379 2518 5453 habent,
2574 5379 2892 5453 Ἀππιανοῦ.
2932 5382 3052 5437 Mox
3087 5401 3116 5439 e
3145 5379 3358 5453 regione
3399 5387 3551 5453 vocis
3576 5384 3669 5436 εύ-

2099 5446 2529 5588 Ξιέιὶξξᾏᾷοάὼμιι.
2568 5451 2716 5520 ponit
2753 5452 2804 5504 in
2843 5454 3082 5523 margine
3113 5446 3232 5511 [nec
3247 5454 3433 5521 verba,
3469 5452 3671 5519 ἄλλως,
