3944 6138
249 239 346 305 345
1113 250 1646 312 EPISTOLARUM
1675 252 1821 313 LIB.
1862 253 1912 312 Ι.
1947 278 2017 287 -
2042 252 2278 313 EPIST.
2321 252 2639 315 CCLXXX.
3381 257 3490 323 346

261 349 699 421 Ὑποψιθυρισίας
723 352 830 425 γὰρ
869 357 938 425 τῇ
970 355 1183 427 εὐηκόῳ
1212 359 1347 428 ἀκοῇ
1374 360 1465 411 τοῦ
1489 359 1799 429 κρατοῦντος

1915 374 2026 414 sua:
2066 360 2330 428 rependit.
2375 361 2732 431 Posteaquam
2766 359 2911 415 enim
2951 360 3003 416 in
3029 358 3245 432 patulas
3296 376 3362 419 ac
3404 366 3492 420 ni-

251 441 623 509 συκοφαντίαν,
672 443 833 496 ἔλαϐε
877 447 1006 515 παρ’
1045 448 1206 500 αὐτοῦ
1254 449 1360 502 τῶν
1404 450 1635 503 ἐνταῦθα
1683 469 1799 522 κην⁴

1915 453 2079 505 mium
2104 453 2354 507 credulas
2388 453 2733 522 imperatoris
2776 468 2937 508 aures
2978 453 3307 509 calumniam
3340 454 3491 511 insu-

251 531 502 599 σιτορίαν,
532 534 627 585 καὶ
668 535 937 589 τοσούτων
984 537 1171 591 κακῶν
1213 540 1271 591 ὲν
1318 540 1483 612 πείρᾳ
1516 528 1645 606 τοῦς
1677 560 1799 612 συμ·

1915 542 2170 607 surravit,
2215 543 2364 597 urbis
2396 543 2620 611 hujusce
2662 553 2991 615 quaesturam
3026 546 3093 599 ab
3122 560 3190 618 eo
3230 546 3486 618 accepit:

248 622 469 690 φυλέτας
521 627 874 698 κατέστησεν,
917 630 1055 683 ὅσων
1100 631 1195 683 καὶ
1249 632 1497 696 σύνοικος
1552 634 1799 706 κλέπτης.

1915 648 1973 688 ac
2003 633 2225 689 tribules
2256 650 2384 691 suos
2410 645 2488 690 tot
2520 637 2679 691 malis
2718 646 2879 706 atque
2915 616 3316 693 calamitatibus
3356 616 3489 693 δὴο-

244 709 475 800 ῌῦξασθε
498 716 672 769 τοίνυν
700 716 939 790 θερμῶς,
970 723 1182 792 μήποτε
1223 723 1608 795 Πηλουσιώτας
1654 726 1799 797 δυνη-

1915 724 2005 790 cit,
2036 736 2165 795 quot
2191 726 2354 781 etiam
2388 728 2474 781 l'ur
2501 729 2855 783 domesticus.
2887 730 3111 784 Ardenti
3135 745 3265 800 ergo
3306 731 3490 786 animo

246 798 393 869 θῆναι
423 802 459 856 ἃ
488 803 785 872 βούλονται.
818 810 987 863 Καλοὶ
1030 812 1139 882 γάρ
1168 814 1273 866 είσι
1318 813 1686 882 πτωχεύοντες
1716 815 1799 869 καῖ

1919 825 2038 869 vota
2070 815 2255 880 facite,
2303 824 2361 869 ut
2407 832 2473 870 ne
2520 832 2757 887 unquam
2798 818 3087 873 Pelusiotae.
3116 798 3324 873 tantum
3366 833 3491 888 pos-

246 896 673 965 συγκύπτοντες,
718 902 751 973 ἢ
796 906 966 977 μικρὰ
1024 906 1413 971 ἀνανεύοντες,
1462 907 1557 961 καὶ
1604 907 1799 980 σκιώδη

1915 907 2042 970 sint,
2091 918 2352 974 quantum
2411 907 2619 961 volunt.
2678 907 2928 963 Meliores
2984 910 3130 962 enim
3186 917 3311 962 sunt
3365 923 3489 963 cum

246 982 533 1052 ἰσχύοντες.
570 990 822 1060 Ἐχιδνῶν
856 996 1170 1065 γεννήματα
1209 997 1486 1063 φαίνονται
1532 998 1630 1068 τὴν
1668 999 1808 1070 κυή-

212 1120 217 1123 ν
246 1092 405 1131 σασαν
444 1081 641 1145 αὐτοὺς
667 1085 909 1155 γαστέρα
936 1087 1221 1152 ἐσθίοντες.

1914 998 2261 1051 mendicitate
2290 997 2563 1063 laborant,
2591 1008 2646 1052 et
2674 1000 2923 1067 angustia
2965 1008 3303 1068 premuntur,
3327 1012 3489 1067 quam

1915 1103 2035 1142 cum
2065 1088 2339 1157 paululum
2368 1098 2676 1159 emergunt,
2704 1098 2759 1145 et
2780 1090 3057 1144 umbratili
3082 1090 3323 1159 potentia
3353 1105 3489 1160 prac-

243 1165 329 1220 diti
399 1180 546 1226 sunt.
582 1172 901 1242 Viperarum
940 1179 1083 1232 enim
1145 1179 1415 1247 genimina
1456 1188 1585 1233 tunc
1635 1192 1756 1233 esse
1808 1176 2080 1245 videntur,
2114 1177 2208 1247 qui
2247 1186 2512 1245 ventrem,
2563 1194 2671 1249 quo
2726 1178 2823 1235 foli
2867 1180 3119 1249 editique'
3156 1189 3303 1246 sunt,
3362 1194 3488 1235 ero-

241 1255 380 1312 dunt.

580 1378 759 1446 xoq'.
783 1412 847 1421 -
881 1382 1275 1438 XAIPHMONI
1315 1385 1450 1455 (se).

331 1462 493 1531 Πρὸς
522 1467 665 1533 τοὺς
683 1470 918 1539 μεγάλα
942 1473 1013 1527 τὰ
1040 1474 1307 1543 παρόντα
1332 1477 1694 1546 νομίζοντας.

2243 1378 2466 1437 CCLXX
2482 1381 2567 1435 Vl.
2602 1412 2672 1422 —
2697 1383 3153 1441 CHIEREMONI.

2085 1469 2167 1522 Ad
2208 1487 2299 1553 eos~
2318 1472 2406 1540 qui
2434 1472 2712 1540 prwsentia
2756 1490 2947 1542 magna
2980 1476 3307 1532 existimant.

301 1575 568 1641 Ἀπιστος
596 1578 671 1631 ὢν
702 1582 793 1634 καὶ
822 1584 1097 1649 ἀϐέϐαιος.
1131 1587 1225 1642 καὶ
1250 1590 1349 1642 οὐκ
1378 1589 1517 1661 ἔχων
1565 1593 1654 1645 τὸν
1684 1590 1799 1645 νοῦν

1980 1578 2112 1632 Cum
2149 1579 2479 1635 infidelitatis
2506 1590 2669 1651 atque
2697 1582 3077 1639 inconstantiae
3111 1587 3244 1639 vitio
3270 1586 3376 1656 75
3406 1585 3479 1641 la-

239 1665 364 1734 πρδς
401 1669 475 1720 τὰ
526 1669 821 1737 μέλλοντα,
863 1676 1088 1740 εἰκότως
1118 1681 1229 1742 τοῖς
1272 1681 1506 1735 ἐνταῦθα
1534 1682 1799 1745 ἀϐεϐαίοις

1915 1667 2093 1732 bores,
2124 1684 2223 1724 nec
2247 1669 2425 1723 futura
2461 1671 2514 1724 in
2550 1680 2731 1727 mente
2772 1674 2995 1739 habeas,
3029 1691 3135 1729 non
3182 1677 3376 1729 mirum
3404 1687 3491 1732 est

240 1757 320 1809 καὶ
367 1758 619 1823 ἀπίστοις
653 1766 1027 1836 προστέτηκας
1051 1808 1065 1833 ,
1114 1769 1327 1841 πλούτῳ
1380 1773 1521 1842 φημὶ
1559 1773 1652 1825 καὶ
1683 1773 1807 1844 δόξῃ

238 1851 378 1918 κενῇ.
411 1851 483 1902 Ἦ
515 1853 695 1907 τοίνυν
727 1859 1040 1929 περιφρόνει
1073 1861 1264 1929 ταῦτα,
1293 1864 1369 1927 ὡς
1420 1867 1612 1934 γήϊναο
1645 1865 1677 1936 ἦ
1712 1882 1808 1934 γυ·

239 1937 497 2043 μνάσθητι
545 1944 683 2013 πρὸς
733 1950 1050 2021 καρτερίαν,
1100 1952 1166 2005 ἵν’
1220 1954 1366 2025 ἔχοις
1412 1957 1687 2028 ὑπομονὴν
1719 1959 1807 2011 ὅτε

235 2045 538 2099 φευγουσιν.

646 2235 806 2290 ΣοΖν.
846 2266 920 2279 .-
957 2239 1241 2313 ΙΙΑΙΟΝΙῼ
1280 2242 1414 2314 (55).

306 2345 370 2398 Ἦ
405 2346 607 2402 πλείων
633 2350 810 2412 πόσις,
833 2351 1031 2420 μᾶλλον
1062 2355 1297 2424 ὑπάρχει
1327 2356 1533 2420 πτῶσις
1568 2356 1662 2409 καὶ
1692 2359 1806 2421 τοῖς

236 2437 466 2506 σχήμασι
502 2440 599 2493 καὶ
647 2444 759 2504 τοῖς
808 2444 1117 2513 πράγμασι,
1155 2449 1248 2501 καὶ
1293 2448 1385 2501 τὸν
1418 2449 1543 2503 νοῦν
1574 2450 1801 2503 θολοῦσα

236 2528 426 2598 μᾶλλον
461 2532 556 2584 καὶ
584 2532 645 2584 τὸ
670 2533 827 2602 σῶμα
852 2536 1176 2605 βαρύνουσα.
1213 2540 1477 2611 Ἀπόσχου
1506 2543 1682 2595 τοίνυν
1704 2543 1804 2612 τῆς

234 2617 575 2691 ἁφειδ[ε]ίας,
602 2623 699 2675 καὶ
729 2624 928 2693 χρῆσαι
959 2630 1025 2697 τῇ
1060 2631 1393 2703 συμμετρίᾳ,
1422 2632 1456 2703 ἢ
1492 2633 1587 2686 καὶ
1620 2634 1803 2706 μήτηρ

236 2710 375 2763 ἐστὶν
403 2712 615 2780 ὑγείας,
650 2714 745 2767 καὶ
776 2716 989 2787 νήψεως
1019 2720 1189 2774 αἰτία.

682 2872 685 2877 ί
734 2910 919 2981 non.
942 2943 1015 2954 —
1050 2913 1295 2982 ΠΕΤΡῼ.

300 3042 589 3113 Ἀσκησις,
626 3038 672 3097 ὦ
698 3044 944 3116 φιλότης,
976 3050 1163 3102 πασῶν
1194 3050 1302 3104 τῶν
1338 3051 1542 3123 Κυρίου
1573 3052 1804 3105 ἐντολῶν

238 3136 460 3207 μίμησίς
506 3140 628 3191 ἐστι
678 3141 772 3193 καὶ
827 3141 1046 3212 δοχεῖον,
1116 3144 1429 3214 Ἀόργητος,
1466 3147 1801 3217 ὰπὲρπερος,

234 3224 449 3295 ἄτυφος,
484 3228 879 3300 ἀφιλάργυρος,
923 3234 1238 3301 άφίλαυτος,
1283 3236 1643 3306 ὑποτακτικὴ,
1688 3236 1804 3289 δια-

235 3319 455 3371 κονοῦσα
484 3322 671 3384 παντὶ,
690 3321 941 3393 ἀλλοτρία
970 3322 1221 3394 σώματος
1240 3326 1493 3392 καθόλου,
1518 3327 1663 3380 οίκία
1689 3327 1802 3398 (54)

234 3407 319 3459 τοῦ
349 3408 661 3478 πνεύματος
689 3408 924 3484 [μόνου,]
957 3413 1205 3480 γλῶσσαν
1235 3404 1555 3487 εὐχάριστον
1582 3418 1801 3487 ἔχουσα,

236 3500 535 3570 προσευχὴν
563 3502 1029 3572 χρησιμεύουσαν,
1064 3506 1199 3574 πρὸς
1230 3506 1495 3578 λοιδορίαν
1521 3509 1799 3580 ἀκίνητος,

234 3588 407 3641 πειθοῖ
437 3590 613 3642 πάντα
653 3593 988 3661 πράττουσα,
1024 3592 1163 3665 [καὶ]
1199 3594 1275 3665 τῷ
1306 3595 1398 3648 τοῦ
1428 3597 1649 3664 ἄγοντος
1679 3598 1804 3652 νεύ-

239 3693 382 3745 ματι,
421 3679 478 3732 ὃν
512 3681 607 3733 καὶ
638 3683 829 3751 χρόνος
862 3684 954 3736 καὶ
1005 3684 1183 3748 πόνος,
1217 3688 1311 3739 καὶ
1342 3687 1461 3740 θεία
1507 3689 1683 3759 ψῆφος
1712 3692 1806 3744 ἐπὶ

234 3767 334 3821 τῶν
365 3771 564 3826 οἰάκων
612 3772 711 3842 τῆς
762 3774 1099 3843 προστασίας
1141 3776 1383 3842 ἐκάθισε,
1430 3779 1541 3843 τὰς»
1568 3780 1805 3849 ἐμϐολάς

158 3894 169 3909 .
234 3857 335 3913 τῶν
373 3863 698 3934 πνευμάτων
738 3866 834 3919 καὶ
862 3865 1199 3936 γινώσκοντα
1236 3870 1329 3923 καὶ
1362 3871 1697 3927 ἐκκλίνοντα.

683 4149 844 4203 ΣΟΘ⁹.
895 4181 957 4191 —-
995 4152 1340 4225 ΚΛΕΑΡΧῼ.

1912 1768 1963 1815 te
1999 1763 2221 1818 incertis
2249 1773 2411 1833 atque
2445 1765 2627 1821 inﬁdis
2665 1767 2891 1835 hujusce
2921 1770 3043 1824 vita:
3077 1771 3236 1825 rebus
3268 1786 3489 1839 prorsus

1910 1853 2181 1908 addictum
2216 1870 2356 1921 esse,
2394 1857 2495 1912 hoc
2534 1867 2639 1924 est,
2673 1860 2868 1926 opibus
2899 1872 3063 1930 atque
3092 1864 3238 1917 inani
3281 1864 3486 1931 gloriae.

1909 1946 2271 2013 Quamobrem
2317 1959 2410 2003 aut
2444 1951 2568 2017 ista,
2612 1961 2672 2006 ut
2698 1964 2910 2009 terrena
2943 1963 3254 2017 contemne,
3294 1964 3388 2007 aut
3418 1956 3488 2009 ad

1912 2036 2258 2092 tolerantiam
2293 2050 2346 2094 te
2375 2055 2593 2108 exerce,
2626 2051 2706 2110 ut,
2735 2058 2855 2099 cum
2888 2042 3119 2113 fugient,
3163 2045 3483 2113 patientiam

1908 2127 2190 2183 adhibeas.

2307 2240 2652 2296 CCLXXVII.
2671 2272 2740 2282 —
2775 2241 3073 2297 ΡᾹΞΟΝΙΟ.

1975 2355 2150 2410 Nimia
2182 2356 2347 2426 potio,
2377 2358 2650 2425 prolapsio
2686 2358 2863 2425 potius
2893 2368 2996 2425 est,
3031 2367 3139 2412 tam
3182 2358 3235 2413 in
3263 2359 3478 2428 opibus,

1906 2458 2065 2515 quam
2100 2447 2150 2500 in
2187 2447 2459 2518 negotiis:
2500 2456 2558 2501 ut
2603 2463 2721 2517 qua:
2759 2459 2813 2503 et
2858 2459 3090 2503 mentem
3150 2451 3321 2515 magis
3361 2465 3486 2517 per-

1909 2538 2107 2603 turbet,
2144 2547 2199 2591 et
2229 2553 2426 2606 corpus
2455 2547 2685 2607 premat.
2715 2539 2866 2605 Quod
2897 2555 3018 2594 cum
3046 2541 3117 2593 ita
3162 2540 3251 2603 sit,
3284 2539 3351 2594 ab
3381 2540 3487 2593 im-

1908 2628 2185 2681 moderato
2203 2643 2299 2683 usu
2332 2628 2544 2681 abstine
2575 2669 2590 2693 ,
2625 2642 2689 2682 ac
2722 2629 3077 2685 moderationi
3127 2631 3303 2694 stude,
3357 2643 3478 2698 quae

1904 2725 1959 2770 et
1989 2719 2237 2772 sanitatis
2266 2727 2439 2772 mater
2469 2727 2573 2784 est,
2601 2728 2656 2772 et
2704 2718 3005 2786 prudentiae
3052 2734 3117 2774 ac
3172 2719 3485 2774 sobrietatis

1906 2821 2090 2861 causa.

2294 2918 2666 2973 CCLXXVIII.
2711 2950 2782 2961 —
2812 2920 3063 2977 PETRO.

1983 3048 2281 3105 Monastica
2309 3051 2442 3113 vita,
2464 3066 2498 3106 ο
2520 3053 2713 3118 amice,
2751 3054 2991 3108 omnium
3048 3053 3140 3108 Dei
3202 3054 3486 3108 mandato-

1905 3157 2023 3196 rum
2082 3142 2314 3195 imitatio
2344 3152 2429 3197 est
2456 3158 2520 3198 ac
2551 3146 2976 3215 receptaculum.
3031 3146 3245 3200 Etenim
3279 3148 3347 3201 ab
3380 3147 3483 3209 ira,

1906 3233 2269 3300 improbitate,
2315 3233 2477 3300 fastu,
2517 3236 2865 3303 pecuniarum
2913 3238 3112 3303 studio,
3177 3238 3259 3292 sui
3322 3238 3487 3306 ipsius

1905 3338 2113 3388 amore,
2140 3332 2343 3379 remota
2373 3333 2457 3379 est
2482 3343 2497 3393 ;
2523 3326 2886 3381 obedientiam
2916 3327 3066 3391 colit,
3127 3329 3379 3383 omnibus
3404 3328 3485 3382 in-

1905 3415 2093 3478 servit,
2130 3430 2173 3477 7a
2224 3430 2453 3484 corpore
2507 3418 2727 3471 omnino
2791 3419 2965 3473 aliena
3024 3429 3222 3483 est,ac
3258 3419 3485 3481 spiritus

1904 3506 2165 3559 duntaxat
2196 3506 2412 3575 propria
2442 3525 2456 3572 ;
2511 3507 2750 3578 linguam
2781 3510 2845 3563 ad
2872 3512 3168 3578 gratiarum
3214 3511 3484 3565 actionem

1906 3597 2221 3666 proclivem,
2266 3606 2428 3666 atque
2454 3600 2755 3654 orationem
2797 3602 2982 3655 utilem
3040 3602 3241 3668 habet;
3269 3604 3335 3656 ad
3366 3618 3484 3655 ma-

1904 3692 2153 3746 ledictum
2196 3691 2424 3746 immota
2446 3701 2529 3747 est
2555 3710 2569 3760 ;
2600 3695 2953 3761 persuasione
2974 3705 3027 3750 et
3049 3696 3313 3763 obsequio
3346 3711 3481 3749 eun-

1905 3792 1988 3836 cta
2011 3783 2158 3848 facit,
2196 3794 2359 3852 atque
2387 3786 2453 3838 ad
2484 3785 2845 3840 moderatoris
2875 3796 3064 3840 nutum
3085 3797 3140 3841 et
3160 3786 3477 3850 arbitrium,

1902 3888 2061 3941 quem
2095 3882 2149 3925 et
2178 3881 2408 3942 tempus,
2438 3883 2493 3928 et
2521 3874 2695 3936 labor,
2758 3885 2815 3929 et
2859 3876 3070 3930 divinus
3129 3876 3370 3930 calculus
3414 3876 3483 3928 ad

1904 3964 2151 4018 antistitii
2179 3964 2545 4034 gubernacula
2564 3966 2889 4029 collocavit,
2946 3976 3004 4020 ut
3050 3968 3144 4035 qui
3197 3976 3485 4021 ventorum

1904 4054 2138 4121 impetus
2172 4064 2226 4109 et
2259 4055 2505 4124 cegnitos
2532 4057 2749 4121 habent,
2776 4066 2829 4110 et
2858 4057 3012 4110 vitet.

2276 4164 2599 4221 CCLXXIX.
2628 4194 2700 4208 ——-
2731 4166 3115 4221 CLEARCIIO.

300 4259 580 4313 τοσούτων
633 4262 751 4313 ἐστὶ
804 4263 991 4315 κακῶν
1044 4264 1076 4333 ἡ
1123 4264 1260 4334 μέθη
1310 4265 1475 4328 αἰτία,
1528 4259 1573 4319 ὦ
1621 4260 1799 4331 οὗτος,

1984 4277 2087 4331 Tot
2123 4278 2381 4331 vitiorum
2433 4294 2594 4334 causa
2679 4289 2761 4335 est
2793 4282 3050 4344 ebrietas,
3098 4281 3231 4337 heus
3290 4290 3367 4344 tu,
3424 4290 3485 4335 ut

236 4351 308 4403 ὃτι
360 4353 391 4403 ό
433 4352 702 4423 ἀκροατὴς
750 4352 860 4406 τῶν
913 4357 968 4407 ὲν
1018 4356 1331 4427 παραδείσῳ
1369 4358 1645 4428 ἀρρήτων,
1700 4358 1805 4424 ἔξω

236 4440 327 4510 τῆς
372 4442 467 4493 τοῦ
499 4443 634 4497 Θεοῦ
671 4443 952 4512 βασιλείας
997 4446 1176 4515 ἵστησι
1224 4448 1445 4517 ταύτην.
1485 4451 1577 4520 Μὴ
1625 4450 1804 4503 τοίνυν

239 4531 306 4596 ὡς
344 4533 572 4605 βραχέος
604 4536 1020 4606 περιφρονῶμεν
1050 4537 1145 4590 τοῦ
1192 4539 1431 4608 μεγάλου
1476 4543 1799 4612 νοσήματος.

679 4736 800 4791 zn'.
843 4766 913 4777 -
963 4739 1353 4811 ΧΡΥΣΑΝΘῼ.

540 4828 680 4896 Περὶ
704 4830 1113 4897 μνησικακίας
1143 4832 1244 4883 καὶ
1281 4833 1492 4901 θυμοῦ.

324 4937 412 5001 Ὡς
455 4940 783 5010 μνησίκακόν
824 4958 883 4993 σε
920 4941 1117 4993 πολλοὶ·
1144 4942 1520 5011 κωμῳδοῦσιν,
1563 4944 1806 5013 ἀμυντη-

250 5028 347 5101 ρίῳ
392 5030 601 5102 πονηρῷ
629 5030 708 5101 τῷ
741 5031 897 5103 θυμῷ
931 5035 1290 5104 κεχρημένον,
1326 5035 1491 5104 ὅνπερ
1526 5037 1555 5087 ὁ
1597 5037 1805 5099 πλάσας

1907 4368 1973 4434 is,
2049 4367 2140 4435 qui
2233 4369 2467 4435 paradisi
2536 4384 2854 4424 arcanorum
2946 4372 3162 4424 auditor
3251 4371 3482 4435 exstitit,

1905 4474 2023 4513 eam
2053 4469 2207 4513 extra
2257 4460 2351 4514 Dei
2408 4475 2630 4529 regnum
2659 4462 2957 4516 collocarit.
3017 4462 3097 4516 Ac
3136 4462 3364 4529 proinde
3415 4476 3485 4516 ne

1904 4549 2174 4620 ingentem
2225 4550 2492 4615 morbum,
2543 4562 2798 4622 tanquam
2857 4553 3029 4607 levem
3094 4564 3149 4607 et
3205 4552 3480 4620 exiguum,

1909 4648 2336 4695 contemnamus.

2231 4750 2530 4806 CCLXXX.
2555 4784 2625 4793 —
2650 4753 3146 4808 CHRYSANTIIO.

2178 4842 2251 4896 De
2284 4843 2602 4912 injuriarum
2634 4847 2998 4898 recordatione
3019 4854 3068 4897 et
3088 4846 3193 4897 ira.

1985 4949 2134 5003 Multi
2163 4960 2211 5006 te
2238 4961 2295 5004 ut
2330 4953 2647 5021 injut‘iarmn
2690 4970 2984 5008 memorem
3023 4955 3329 5020 traducunl,
3363 4970 3481 5011 ma»-

1912 5038 1978 5094 lis
2003 5041 2192 5106 armis,
2224 5042 2325 5096 hoc
2352 5054 2428 5097 est
2460 5046 2758 5109 iracundia,
2798 5056 3060 5111 utentem,
3092 5061 3250 5115 quam
3298 5046 3468 5104 Crea-

1317 5208 1551 5263 VARIIE
1580 5209 1961 5269 LECTIONES
2000 5215 2088 5270 ET
2126 5216 2361 5272 NOTAS.

316 5357 444 5435 (ὃῖ)-
464 5360 663 5435 Nomen
697 5361 816 5435 ejus
842 5365 913 5418 ad
940 5377 1099 5435 quem
1123 5364 1394 5435 scribitur
1438 5366 1552 5420 haec
1581 5369 1804 5435 epistola

1914 5388 2109 5446 nomen
2149 5373 2263 5446 ejus
2297 5376 2362 5429 ad
2403 5391 2560 5446 quem
2605 5386 2686 5432 est
2728 5381 2907 5446 cpist.;
2956 5397 3077 5435 nam
3128 5384 3199 5437 ibi
3249 5385 3487 5439 habetur

250 5426 300 5517 ip
342 5431 499 5517 Icodd.
548 5432 668 5512 v31.
720 5426 824 5513 ἔξω
871 5426 1073 5517 eth-Alt.
1123 5432 1288 5517 habet
1333 5452 1367 5486 α
1414 5426 1636 5517 simplex}
1690 5440 1799 5517 sine

1915 5458 2013 5494 non
2052 5426 2301 5517 [latebam
2328 5426 2432 5517 seti
2448 5449 2667 5517 Πεοήνῳ
2688 5488 2701 5511 ,
2737 5426 2946 5504 pecuni).
2979 5452 3129 5515 Quod
3174 5468 3222 5504 ν.
3252 5458 3286 5504 2
3314 5456 3476 5509 habe-

249 5495 568 5574 diphtjiongo
590 5503 643 5554 in
671 5504 842 5574 prima
868 5502 1074 5572 syllaba
1092 5541 1108 5568 ,
1136 5503 1446 5574 Χαρήμονι,
1469 5495 1801 5572 ϐίιατειηοηὶ,

250 5567 700 5641 ηοῃρίαίρήμονῐ.
735 5567 947 5629 Possm.

323 5635 429 5704 (5'5)
461 5635 643 5699 Et'bic
669 5641 913 5725 inAtitulo
952 5642 1111 5700 aliter
1151 5643 1403 5701 scribitur
1447 5644 1497 5701 in
1532 5647 1647 5702 cod.
1696 5648 1797 5701 Alt.

1910 5521 2018 5575 tur,
2064 5514 2281 5581 μᾶλλον,
2326 5516 2477 5570 abest
2504 5532 2531 5568 a
2569 5514 2726 5571 codd.
2754 5520 2875 5573 Vat.
2911 5514 3017 5573 649
3035 5532 3088 5573 et
3113 5522 3219 5576 Alt.
3252 5524 3331 5576 In.

1906 5649 1958 5702 ID
1979 5582 2090 5652 (51)
2124 5582 2300 5641 Οἰκία,
2328 5584 2491 5642 Codd.
2524 5586 2643 5641 Vat.
2681 5590 2783 5643 649
2816 5600 2866 5645 et
2893 5591 2995 5643 Alt.
3032 5590 3247 5658 habent,
3275 5592 3471 5648 οίκεία.
