4042 6146
386 292 523 359 1133
639 338 644 344 ι
1268 297 1799 359 EPISTOLARUM
1837 298 1956 359 LIB

2059 299 2120 361 V.
2160 324 2230 335 —
2262 302 2497 363 EPIST.
2541 302 2789 366 LXXIV.
3493 296 3628 362 1134

384 403 571 473 σύνην.
629 402 1013 471 Ἀντεισήγαγε
1056 400 1163 472 γὰρ
1196 402 1393 475 λύτρον
1410 408 1503 459 τὸν
1538 407 1840 477 Μονογενῆ,
1866 407 1955 459 ἵνα

2059 409 2215 476 gnine
2259 424 2412 465 suam
2461 411 2770 469 ostenderet
2807 408 3096 477 justitiam.
3131 407 3435 463 Introduxit
3482 412 3627 465 enim

381 494 482 565 ἔχῃ
509 494 668 561 λόγον
699 495 732 563 ἡ
774 494 953 562 χάρις.
995 493 1093 545 Ἓν
1120 495 1231 564 γὰρ
1261 496 1400 566 ὑπὲρ
1439 496 1678 562 πάντων,
1706 498 1800 550 καὶ
1820 496 1956 565 ὑπὲρ

2061 500 2292 567 pretium
2322 503 2709 573 redemptionis
2742 503 3076 571 unigenitum
3105 502 3300 557 Filium
3340 518 3522 570 suum,
3571 514 3632 559 ut

384 588 480 645 τὴν
524 587 746 640 πάντων
772 585 929 650 ἀξίαν
961 586 1155 656 ἱερεῖον
1182 588 1496 657 δεξάμενος,
1527 589 1620 641 καὶ
1642 588 1741 658 τὴν
1760 587 1956 658 ἔχθραν

2061 588 2239 643 locum
2272 605 2337 649 ac
2366 592 2631 648 rationem
2661 591 2863 660 justam
2894 592 3120 647 haberet
3149 592 3324 662 gratia
3357 608 3423 648 ac
3447 594 3625 650 venia.

363 661 558 767 :uuos,
602 679 697 730 καὶ
737 676 833 746 τὴν
893 677 1193 746 καταδίκην
1237 679 1435 746 ἀφῆκε,
1462 679 1556 731 καὶ
1583 680 1663 741 εἰς
1689 678 1956 731 υἱοθεσίαν

2059 679 2230 734 Unica
2273 681 2416 736 enim
2453 696 2551 751 pro
2583 683 2835 738 omnibus
2885 691 3101 753 recepta
3131 661 3372 749 victima,
3402 698 3631 757 qumque

376 769 549 836 ἀνῆγε
578 766 716 837 (55),
748 767 841 819 καί⁸
881 767 1097 836 μυρίοις
1149 768 1372 834 ἀγαθοῖς
1422 768 1720 839 ἐκόσμησε.
1767 767 1848 821 Τὰ
1900 767 1959 821 δὲ

378 855 669 928 χερουσῳη
697 854 887 925 θρόνος
912 854 1041 907 ὄντα
1070 855 1163 907 καὶ
1186 853 1337 925 ἆρμα
1360 855 1455 908 τοῦ
1477 855 1611 907 Θεοῦ
1641 857 1698 925 (ι
1746 854 1803 909 ’0
1827 854 1961 909 καθ-

378 926 713 1015 ήμενοξγὰρ
747 943 839 997 ἐπὶ
874 943 980 997 τῶν
1017 945 1304 1014 χερουϐὶμ,
1336 944 1610 1014 ὲμφάνηθι
1644 945 1698 1014 ι)
1719 985 1735 1009 ,
1766 945 1956 1015 ἐδήλου

376 1035 469 1089 τὸν
488 1027 535 1102 ᾧ
560 1033 991 1087 κατεσκεύασται
1013 1034 1042 1087 ὁ
1089 1035 1233 1100 ναὸς,
1280 1036 1362 1088 ὅτι
1400 1034 1699 1105 άχώριστός
1727 1035 1840 1087 ἐστι
1865 1037 1958 1089 καὶ

378 1125 808 1196 ἀσχημάτιστος.
864 1125 977 1194 Τῆς
1020 1124 1079 1178 δὲ
1131 1124 1411 1195 βασιλείας
1458 1122 1625 1179 αὐτοῦ
1683 1123 1952 1193 σύμϐολον

378 1218 559 1270 ἔκειτο
593 1214 785 1271 ταῦτα.
844 1215 1062 1285 Ἐπειδὴ
1088 1214 1197 1285 γὰρ
1236 1216 1366 1270 ναοῦ
1393 1215 1551 1282 λόγος
1573 1214 1768 1277 οὐδεὶς,
1796 1214 1853 1269 ὃν
1880 1217 1956 1287 μὴ

381 1307 569 1377 στέφει
608 1307 860 1377 ἄγαλμα·
897 1305 928 1358 ό
972 1306 1031 1359 δὲ
1074 1306 1280 1360 τούτων
1321 1304 1545 1377 ἡγεμὼν
1595 1306 1690 1359 καὶ
1725 1306 1955 1377 ποιητὴς

380 1400 639 1452 ἐπέκεινα
678 1397 860 1468 πάσης
912 1396 1127 1465 φύσεώς
1152 1400 1269 1450 ἐστι
1324 1399 1420 1451 καὶ
1456 1397 1800 1467 ἀνθρωπίνης
1833 1398 1956 1451 ὲπι-

378 1489 548 1553 νοίας,
572 1488 657 1541 διὰ
678 1487 772 1539 τοῦ
798 1485 987 1557 θρόνου
1017 1487 1129 1559 (56)
1154 1486 1248 1539 τοῦ
1273 1486 1663 1557 παμϐασιλέως
1684 1487 1954 1540 Δεσπότου

378 1579 782 1651 ὲχαρακτήρισε
829 1579 968 1650 (57).
1024 1580 1099 1631 Τὸ
1143 1578 1201 1632 δὲ
1264 1580 1462 1649 μάννα,
1522 1580 1617 1633 καὶ
1672 1581 1707 1650 ὴ
1758 1578 1954 1650 ῥάϐδος

391 1670 603 1743 ’Δαρὼν
639 1674 673 1743 ἡ
714 1670 1096 1741 βλαστήσασα,
1147 1669 1361 1740 μηνύει,
1410 1670 1471 1723 τὸ
1508 1671 1628 1741 μὲν,
1670 1671 1752 1724 ὅτι
1801 1670 1953 1735 θείας

2056 770 2296 825 omnium
2324 771 2641 841 dignitatem
2687 787 2752 828 ac
2791 774 3021 843 pretium
3055 773 3213 843 longe
3248 784 3552 844 superaret,
3575 785 3633 832 et

2056 858 2396 915 inimicitiam
2433 862 2702 927 dissolvit,
2737 872 2793 918 et
2836 863 3342 919 condemnationem
3399 867 3627 929 remisit.

2055 948 2189 1002 etin
2215 948 2558 1019 adOptionem
2608 950 2840 1004 ﬁliorum
2893 965 2991 1005 nos
3042 952 3274 1015 reduxit,
3310 961 3364 1006 et
3402 953 3629 1009 inﬁnitis

2056 1037 2211 1093 bonis
2234 1039 2535 1094 exornavit.
2573 1039 2862 1094 Cherubim
2889 1055 3041 1105 vero,
3062 1055 3183 1110 quae
3209 1052 3367 1095 erant
3398 1044 3627 1097 thronus

2055 1138 2109 1181 et
2129 1143 2321 1185 currus
2349 1129 2443 1184 Dei
2468 1128 2749 1199 (scriptum
2773 1139 2856 1185 est
2876 1131 3020 1185 enim
3052 1148 3067 1184 :
3099 1149 3118 1182 ι
3153 1130 3254 1197 Qui
3288 1131 3446 1207 sedes
3466 1147 3633 1202 super

2053 1217 2356 1284 cherubim,
2382 1220 2732 1276 manifestare
2760 1220 2805 1252 '°
2845 1220 2917 1291 ι),
2965 1221 3112 1275 illum
3144 1222 3518 1290 ostendebant,
3542 1224 3629 1278 cui

2053 1308 2329 1364 conditum
2371 1320 2489 1364 erat
2517 1310 2799 1380 templum,
2835 1311 2976 1379 quod
3022 1312 3140 1367 loco
3176 1314 3296 1380 capi
3354 1321 3408 1367 et
3460 1314 3630 1384 ﬁgura

2052 1399 2282 1466 exprimi
2306 1414 2412 1453 non
2446 1401 2635 1468 possit.
2670 1400 2837 1470 Regni
2888 1409 3068 1455 autem
3116 1402 3283 1470 ipsius
3322 1402 3437 1458 h-rzc
3473 1414 3634 1459 erant

2053 1488 2226 1557 posita
2256 1490 2519 1560 symbola.
2549 1490 2684 1557 Quia
2717 1492 2858 1545 enim
2893 1491 3035 1545 nulla
3065 1492 3294 1547 habetur
3332 1494 3473 1547 ratio
3502 1494 3623 1562 ejus

2055 1576 2265 1648 templi,
2291 1577 2433 1647 quod
2458 1579 2660 1633 nullum
2700 1589 2920 1634 coronat
2963 1579 3309 1635 simulacrum
3341 1601 3354 1637 :
3385 1583 3473 1637 ille
3503 1599 3632 1639 vero

2055 1669 2247 1725 horum
2294 1685 2497 1739 praeses
2539 1679 2595 1725 et
2624 1670 2877 1725 conditor
2921 1670 3061 1724 ultra
3114 1685 3328 1725 onmem
3385 1682 3630 1726 naturam

378 1760 734 1825 ἀπολαύσεως
782 1777 841 1813 τε
889 1760 984 1813 καὶ
1033 1760 1240 1831 τροφῆς
1286 1760 1315 1812 ὁ
1364 1761 1474 1813 τῶν
1528 1760 1689 1814 θείων
1739 1760 1956 1832 θεσμῶν

2060 1760 2268 1830 positus
2307 1769 2413 1826 est,
2455 1775 2728 1832 supraque
2752 1775 2968 1816 omnem
3003 1761 3254 1815 humanae
3284 1763 3479 1817 mentis
3501 1776 3634 1817 con-

379 1851 559 1922 φύλαξ
582 1851 994 1921 κοινωνήσειενο
1028 1853 1062 1921 ἡ
1087 1851 1166 1916 δὲ,
1196 1850 1280 1903 ὅτι
1301 1851 1350 1903 οἱ
1379 1850 1809 1921 παραϐαίνοντες
1851 1852 1952 1905 αύ-

377 1946 528 2010 τοῦς,
566 1946 660 1998 καὶ
691 1945 738 1997 οἱ
778 1946 844 2015 τῇ
891 1943 1160 2016 ἱερωσύνῃ
1198 1942 1259 1996 ού
1302 1941 1530 2008 δεόντως
1550 1942 1947 2015 ἐπιπηδῶντες,

379 2036 937 2109 σωφρονισθήσονται.

2060 1860 2297 1921 ceptum,
2325 1866 2423 1922 per
2455 1852 2710 1907 thronum
2740 1853 2994 1909 omnibus
3038 1852 3395 1923 imperitantis
3423 1853 3633 1908 Domini

2054 1944 2229 2012 ipsum
2257 1950 2736 2013 r’epraesentarunt.
2762 1941 2957 1997 Manna
2985 1957 3136 2010 vero,
3157 1952 3212 1997 et
3234 1943 3383 2009 virga
3400 1944 3635 1999 Aaronis

2051 2048 2170 2103 quae
2196 2034 2546 2103 germinarat,
2575 2032 2866 2104 signiﬁcat,
2894 2032 3024 2087 illud
3072 2032 3290 2103 quidem
3315 2034 3458 2103 quod
3498 2035 3637 2089 divi-

381 2143 575 2184 narum
604 2129 781 2200 legum
834 2136 1020 2183 custos
1076 2126 1348 2197 particeps
1417 2126 1584 2181 etiam
1633 2125 1846 2181 futurus
1893 2128 1966 2181 sit
1997 2125 2209 2182 fructus
2281 2135 2336 2181 et
2373 2126 2614 2180 alimenti
2678 2125 2893 2181 divini:
2929 2126 3030 2181 ista
3059 2140 3206 2192 vero,
3237 2127 3380 2198 quod
3423 2134 3637 2183 eorum“

378 2218 505 2273 dem
536 2222 985 2287 transgressores,
1008 2214 1208 2283 quique
1232 2214 1285 2268 in
1310 2214 1674 2269 sacerdotium
1700 2229 1809 2270 non
1831 2215 2218 2271 convenienter
2246 2215 2522 2282 insiliunt,
2556 2215 2812 2285 puniendi
2846 2214 2972 2270 sint.

752 2328 871 2381 οΔο.
908 2354 977 2368 -
1005 2326 1204 2396 ΜΗΝᾼ
1246 2325 1569 2396 ΔΙΑΚΟΝῼ.

553 2434 693 2503 Περὶ
719 2434 830 2502 τῆς
864 2431 985 2487 τῶν
1010 2432 1319 2489 Ἰουδαίων
1338 2429 1773 2501 αἰχμαλωσίας.

461 2541 654 2595 Ἦνίκα
682 2541 774 2594 τὸν
806 2539 1244 2611 πολυθρύλλητον
1293 2541 1498 2593 ἐκεῖνον
1539 2538 1687 2606 ναὸν,
1722 2537 1819 2592 καὶ
1855 2536 1954 2608 τὴν

381 2632 706 2705 περιϐόητον
755 2632 851 2685 καὶ⁹
884 2631 1111 2695 πολλοὺς
1152 2630 1426 2702 πολέμους
1471 2629 1774 2701 ἀναιμάκτ)⁸
1798 2631 1955 2701 νική-

380 2741 555 2778 σασαν
586 2723 695 2775 τῶν
728 2721 992 2775 Ἰουδαίων
1013 2721 1343 2792 μητρόπολιν
1367 2720 1478 2790 πῦρ
1510 2718 1837 2790 Ῥωμαϊκὸν,
1868 2716 1958 2771 διὰ

378 2812 443 2863 τὸ
474 2809 841 2879 τετολμῆσθαι
866 2811 924 2863 ὲν
958 2810 1095 2880 αὐτῇ
1121 2811 1261 2863 κατὰ
1296 2809 1392 2862 τοῦ
1416 2807 1652 2879 Χριστοῦ
1686 2808 1755 2862 τὰ
1796 2807 1957 2863 ἀτόλ-

382 2918 552 2975 μητα,
628 2900 804 2953 ἔκλινε
824 2916 839 2930 ο
877 2902 998 2953 τότε
1033 2900 1097 2969 δὴ
1132 2900 1226 2953 καὶ
1253 2900 1405 2953 αὐτοὶ⁵
1443 2898 1716 2970 πανταχοῦ
1745 2899 1844 2970 τῆς
1877 2900 1958 2952 ol-

380 2989 654 3060 κουμένης
693 2987 1052 3058 αἰχμαλώτων
1092 2989 1293 3059 τρόπον
1342 2987 1737 3059 διεσπάρησαν.
1785 2986 1956 3040 Δυνά-

2395 2324 2628 2382 LXXIV.
2661 2356 2731 2368 —
2760 2325 2972 2382 ΜΕΝΑΞ
3002 2324 3319 2383 DIACONO.

2203 2431 2277 2485 De
2304 2431 2618 2486 Judazorum
2644 2431 2947 2499 captivitate
2977 2428 3050 2501 [et
3075 2427 3283 2484 excidio
3301 2424 3505 2501 ﬁnali].

2128 2540 2357 2608 Quando
2389 2541 2803 2597 celeberrimum
2837 2539 2967 2594 illud
3003 2538 3281 2609 templum,
3310 2547 3365 2593 et
3405 2536 3633 2608 famige-

2058 2632 2387 2686 ratissimam
2435 2629 2743 2687 Judaaorum
2799 2629 3164 2699 metropolim,
3208 2643 3331 2699 quae
3371 2627 3553 2683 multis
3582 2630 3634 2683 in

2066 2722 2223 2777 bellis
2254 2722 2458 2791 absque
2494 2722 2758 2791 sanguine
2806 2720 3003 2777 victrix
3059 2720 3188 2775 olim
3230 2719 3457 2784 exstitit,
3494 2720 3637 2787 ignis

2066 2810 2344 2865 Romanus
2372 2811 2441 2865 ad
2471 2819 2670 2864 terram
2705 2810 3005 2876 inclinavit,
3033 2809 3174 2878 quod
3206 2807 3258 2863 in
3302 2809 3415 2879 ipsa
3445 2818 3635 2866 contra

2060 2901 2335 2957 Chr’istum
2363 2900 2581 2956 infanda
2611 2901 2702 2955 illa
2724 2900 2927 2955 fuerint
2946 2909 3255 2970 perpetrata
3283 2917 3298 2953 :
3351 2909 3478 2971 tunc
3504 2915 3638 2956 sane

2062 3001 2117 3047 et
2150 2992 2250 3062 ipsi
2285 3006 2384 3061 per
2418 3000 2588 3046 totum
2639 2992 2827 3046 orbem
2885 3003 3151 3046 terrarum
3210 2992 3383 3047 instar
3427 2995 3637 3048 manci-

382 3101 545 3154 μενος
602 3081 710 3152 γὰρ
752 3082 949 3144 αὐτοὺς
991 3080 1198 3134 ἀνελεῖν
1226 3081 1386 3143 αὐτὸς
1427 3083 1455 3132 ὁ
1482 3078 1852 3150 παροινηθεὶς,
1877 3078 1956 3134 διὰ

2067 3083 2277 3153 piorum
2304 3081 2531 3152 dispersi
2554 3091 2701 3137 sunt.
2728 3080 2861 3137 Cum
2887 3082 3031 3136 enim
3053 3096 3147 3138 eos
3177 3083 3291 3152 ipse
3312 3082 3401 3151 qui
3438 3081 3635 3154 injuria

381 3173 557 3227 πολλὰ
581 3172 739 3226 τοῦτο
762 3173 823 3225 οὐ
854 3171 1125 3241 πεποίηκε
1142 3188 1155 3201 ·
1184 3172 1400 3244 πρῶτον
1425 3171 1528 3241 μὲν
1552 3171 1744 3242 καιρὸν
1774 3172 1958 3235 αὐτοῖς

385 3266 674 3336 μετανοίας
702 3263 881 3327 διδούς
906 3280 919 3292 ο
954 3263 1205 3334 δεύτερον
1234 3263 1291 3316 δὲ
1320 3263 1406 3317 ἵνα
1423 3263 1638 3327 καὶτὰς
1658 3263 1960 3332 ἀποφάσεις

383 3356 549 3411 αὐτοῦ
578 3357 691 3426 (38)
740 3357 918 3409 ἴδωσιν
956 3357 1036 3419 είς
1079 3356 1242 3428 ἔργον
1287 3354 1676 3426 ὲκϐεὗηκυίας.
1743 3355 1808 3408 Ἦ
1857 3355 1959 3426 μὲν

383 3448 494 3519 γὰρ
518 3442 603 3518 ἦν’
631 3469 649 3500 ι
684 3447 814 3501 Ἰδοὺ
848 3448 1065 3516 ἀφίεται
1090 3448 1120 3500 ὁ
1147 3443 1292 3511 οἶκος
1314 3446 1468 3518 ὑμῶν
1489 3446 1693 3518 ἔρημος
1713 3463 1727 3478 ·
1755 3464 1775 3499 ι
1804 3448 1837 3516 ἠ
1870 3447 1957 3515 δὲ,

389 3556 410 3592 ς
451 3539 528 3592 Ού
570 3538 647 3610 μὴ
680 3540 840 3611 μείνῃ
872 3538 1018 3602 λίθος
1060 3537 1156 3591 ἐπὶ
1186 3538 1354 3603 λίθον,
1396 3538 1455 3601 ὃς
1483 3537 1545 3591 ού
1584 3536 1957 3607 καταλυθήσε-

380 3646 504 3684 ται·
546 3648 567 3683 )
608 3632 813 3702 τρίτον,
856 3630 944 3684 ἵνα
980 3627 1254 3700 πανταχοῦ
1301 3628 1401 3699 τὴν
1437 3626 1600 3692 δόξαν
1634 3626 1799 3681 αὐτοῦ
1836 3627 1958 3681 δια-

380 3720 706 3792 λάμπουσαν
735 3720 1022 3792 θεώμενοι,
1062 3720 1526 3791 παρακνίζωνται,
1552 3718 1647 3771 καὶ
1671 3720 1960 3788 ἐννοήσαν-

381 3830 475 3877 τες
503 3814 586 3867 ὅτι
608 3813 700 3866 ἐπὶ
718 3812 827 3865 τῶν
864 3814 1146 3884 προγόνων
1172 3812 1267 3866 καὶ
1293 3807 1829 3881 είδωλολατροῦντες,
1861 3810 1959 3864 καὶ

381 3899 893 3968 παιδοκτονοῦντες,
942 3902 1038 3955 καὶ
1095 3901 1382 3973 προφήτας
1428 3898 1745 3969 σφάζοντες,
1807 3899 1959 3952 οὐδὲν

380 3992 626 4047 τοιοῦτον
659 3992 884 4057 ἔπαθον,
919 3992 1055 4046 ἀλλὰ
1077 3991 1557 4062 σωφρονιζόμενοι,
1592 3989 1751 4043 πάλιν
1778 3990 1959 4043 οἴκαδε

382 4087 725 4156 ἐπανήγοντο
745 4102 759 4114 ⁸
791 4085 887 4139 νῦν
922 4085 981 4137 δὲ
1010 4083 1390 4155 αἰχμαλωσίαν
1427 4082 1789 4152 ὑπομένουσιν
1822 4083 1958 4135 ἀνα-

382 4176 632 4247 κλήσεως
661 4175 889 4248 άμοιρον
909 4191 922 4205 °
958 4175 1054 4229 καὶ
1089 4175 1190 4245 τὴν
1215 4172 1471 4244 ἀλήθειαν
1504 4173 1793 4243 ὲπιγνοῖεν.
1820 4172 1883 4225 Et
1904 4171 1962 4225 δὲ

386 4267 466 4340 μὴ
491 4269 598 4322 ὑπὸ
626 4268 736 4321 τῶν
763 4266 1103 4339 πραγμάτων
1137 4262 1499 4328 παιδευθεῖεν,
1527 4262 1614 4316 διὰ
1650 4260 1757 4316 τῶν
1784 4263 1961 4315 ἐκεῖσε

380 4360 666 4431 τιμωριῶν
721 4359 815 4411 καὶ
860 4358 1085 4420 ἄκοντες
1130 4356 1590 4427 ὁμολογήσουσιν,
1631 4354 1721 4407 ὅτε
1774 4352 1961 4414 αὐτοῖς

381 4448 487 4517 τῆς
511 4448 903 4519 μεταγνώσεως
932 4445 1122 4517 ὄφελος
1151 4445 1324 4499 οὐδέν.

2065 3182 2172 3226 tam
2220 3172 2432 3227 enormi
2480 3170 2704 3227 affectus
2755 3170 2951 3237 fuerat,
2992 3170 3181 3226 tollere
3227 3172 3294 3227 de
3333 3173 3510 3227 medio
3539 3189 3635 3242 po-

2063 3263 2273 3326 tuisset,
2302 3261 2487 3319 multis
2533 3262 2601 3318 de
2628 3262 2810 3317 causis
2839 3262 2890 3315 id
2927 3276 3033 3318 non
3066 3260 3234 3316 fecit:
3267 3261 3428 3333 553
3459 3264 3635 3330 primo

2058 3353 2277 3424 quidem
2340 3362 2551 3423 tempus
2610 3355 2744 3423 ipsis
2796 3354 3101 3409 concedens
3145 3353 3213 3408 ad
3257 3354 3633 3423 paenitentiam

2059 3444 2365 3513 agendam;
2408 3442 2604 3499 deinde
2638 3457 2786 3509 vero,
2822 3453 2881 3498 ut
2938 3453 2993 3498 et
3046 3445 3424 3513 praedictiones
3458 3444 3636 3513 ipsius

2060 3533 2383 3589 viderentin
2408 3548 2545 3602 opus
2575 3532 2886 3602 productas.
2918 3531 3037 3585 Alia
3065 3531 3210 3586 enim
3239 3541 3358 3586 erat
3387 3548 3401 3584 :
3435 3550 3455 3584 ι
3495 3532 3638 3587 Ecce

2059 3620 2382 3692 relinquitur
2403 3622 2595 3677 domus
2620 3630 2798 3676 vestra
2828 3621 3040 3676 deserta
3059 3622 3127 3675 ".
3154 3638 3173 3672 ι
3205 3620 3323 3675 Alia
3342 3630 3460 3675 erat
3481 3620 3595 3676 haec
3614 3636 3633 3675 :

2066 3728 2086 3764 ι
2117 3710 2234 3767 Non
2275 3712 2510 3766 manebit
2550 3711 2689 3781 lapis
2734 3726 2899 3781 super
2950 3711 3203 3780 lapidem,
3249 3712 3341 3780 qui
3390 3726 3496 3764 non
3534 3711 3632 3765 de-

2061 3810 2303 3855 struetur
2349 3801 2415 3853 ⁸².
2454 3818 2474 3850 ι
2514 3798 2720 3864 Tertio,
2762 3809 2821 3852 ut
2865 3800 3063 3869 ubique
3112 3798 3352 3852 locorum
3405 3796 3632 3867 gloriam

2063 3891 2230 3961 ipsius
2269 3888 2560 3959 fulgentem
2604 3889 3023 3957 conspicientes,
3077 3899 3303 3943 urantur
3353 3898 3454 3943 :et
3507 3888 3634 3942 dum

2062 3982 2299 4052 cogitant
2332 3996 2416 4046 se,
2446 3981 2709 4051 majorum
2739 3995 2963 4036 suorum
3000 3980 3354 4049 temporibus,
3386 3980 3635 4048 quamvis

2062 4084 2118 4131 et
2140 4073 2504 4131 idololatriam
2536 4080 2879 4137 exercerent,
2910 4079 2964 4126 et
2991 4070 3189 4125 liberos
3216 4070 3463 4141 proprios
3490 4070 3637 4125 occi-

2062 4170 2272 4230 derent,
2297 4174 2354 4219 et
2396 4165 2685 4235 prophetas
2740 4169 3065 4225 mactarent,
3120 4159 3254 4215 nihil
3301 4159 3409 4215 tale
3456 4169 3635 4213 tamen

2061 4270 2251 4325 passos
2301 4268 2465 4310 esse:
2501 4255 2597 4311 sed
2643 4254 2959 4323 castigatos,
2995 4252 3213 4307 domum
3280 4250 3493 4305 tandem
3547 4264 3635 4303 re-

2062 4348 2253 4402 ductos
2277 4344 2485 4412 fuisse;
2538 4359 2682 4399 nunc
2727 4353 2907 4398 autem
2945 4342 3314 4411 captivitatem
3366 4339 3637 4395 sustinere

2064 4436 2422 4493 revocationis
2449 4449 2673 4507 prorsus
2695 4442 2975 4504 expertem
3007 4449 3023 4488 :
3050 4433 3188 4498 haec,
3231 4432 3474 4502 inquam,
3504 4431 3633 4486 dum

382 4538 527 4605 apud
570 4538 811 4591 animum
844 4545 1117 4605 reputant,
1148 4534 1510 4590 utveritatem
1537 4546 1754 4601 quoque
1794 4537 2115 4599 agnoscant.
2136 4526 2291 4593 Quod
2344 4526 2389 4583 si
2413 4527 2481 4581 ab
2542 4526 2674 4596 ipsis
2731 4540 2913 4580 rerum
2957 4522 3294 4594 argumentis
3331 4536 3451 4578 sese
3508 4535 3637 4576 eru-

386 4628 492 4683 diri
519 4644 624 4682 non
658 4628 955 4696 patiantur,
991 4625 1275 4680 tormentis
1295 4623 1682 4693 suppliciorum
1706 4622 1759 4675 in
1787 4620 1958 4675 altera
1993 4620 2103 4674 vita
2137 4616 2539 4688 propositorum
2597 4616 2678 4672 vel
2727 4615 2880 4671 inviti
2914 4614 2984 4669 ad
3054 4613 3446 4670 confessionem
3491 4611 3637 4667 veri-

389 4716 518 4771 tatis
570 4716 875 4786 adigentur,
929 4715 1145 4785 quando
1201 4711 1403 4769 nullam
1462 4711 1595 4781 ipsis
1649 4710 1968 4779 paenitentia
2004 4708 2290 4765 utilitatem
2315 4704 2523 4763 afferet.

470 4868 521 4903 '°
550 4869 691 4926 Psal.
721 4886 912 4938 Lxxtx,
938 4870 997 4925 2.
1077 4870 1122 4902 "
1153 4868 1291 4925 Luc.
1326 4882 1446 4933 xm,
1480 4868 1570 4922 35.
1640 4865 1687 4897 ⁸⁸
1720 4864 1851 4920 ibid.
1889 4864 1947 4919 2.

1466 5017 1702 5073 VARIIE
1740 5013 2125 5073 LEC‘I‘IONI‘JS
2163 5016 2249 5071 ET
2287 5015 2520 5073 NOTIE.

465 5186 575 5253 (35)
618 5184 761 5258 Idem
801 5183 923 5258 cod.
973 5180 1143 5258 άνῆγε
1190 5184 1360 5231 mutat
1388 5176 1456 5258 Ait-1
1481 5175 1747 5258 ἀνήγαγε.
1795 5172 1950 5228 Vers.

388 5245 509 5324 seq.
539 5245 637 5323 pro
663 5255 791 5324 όντα
824 5253 950 5318 legit
965 5245 1235 5304 ῶνζνετε.
1283 5256 1403 5324 post
1425 5245 1481 5309 5,
1512 5245 1814 5324 ἀχώριστος
1839 5258 1956 5324 mu:

391 5313 486 5377 tat'
505 5313 556 5375 in
584 5313 904 5392 ὰχώρητοςξ
921 5332 975 5374 et
1010 5334 1154 5392 vers.
1183 5313 1425 5392 secundo
1456 5324 1574 5392 post
1603 5313 1784 5392 στέφὲ
1810 5314 1958 5365 addit

384 5394 470 5447 τό.
499 5381 655 5446 Ἶρι-ἑξ
668 5381 785 5460 εὲίί.
809 5381 905 5459 pro
933 5388 1343 5460 τούτων,ὴκι)οι
1358 5381 1469 5460 τῶν
1493 5383 1728 5460 πάντων.
1743 5381 1953 5435 Possm.

463 5461 575 5530 (56)
604 5453 945 5531 Ροειθρόνου
980 5453 1577 5531 cod._\iat._addit:rljv,
1604 5462 1663 5531 et
1708 5466 1844 5531 mox.
1860 5464 1956 5515 pro

387 5520 651 5583 δεσπότου
682 5520 841 5584 habet
881 5528 1215 5580 δεσποτείαν.
1263 5523 1413 5577 Vers.
1449 5520 1572 5575 inde
1603 5520 1657 5585 2,
1693 5520 1956 5589 produro-

383 5600 631 5662 λαύσεως
677 5616 737 5651 τε
786 5600 900 5661 καὶ,
939 5600 1108 5652 solum
1167 5594 1315 5663 ponit
1358 5587 1745 5663 ἀπολαύσεται.
1797 5587 1949 5663 Vers.

382 5672 577 5725 eodem
605 5661 658 5723 et
687 5683 803 5737 seq.
841 5669 983 5737 quod
1012 5661 1190 5721 exstat
1214 5666 1266 5717 in
1295 5664 1439 5717 edito
1462 5661 1953 5729 κοινώνησενιιικει

2055 5189 2086 5227 a
2124 5174 2310 5228 codice
2344 5172 2518 5228 Vatic.
2556 5174 2681 5228 650.
2718 5174 2775 5227 In

2127 5242 2240 5312 (57)
2274 5245 2581 5297 Δεσπότου
2610 5244 3063 5312 ἐχαρακτήρισε.
3100 5244 3325 5299 Videtur
3368 5244 3421 5298 in
3459 5245 3637 5299 medio

2060 5314 2249 5367 deesse
2277 5313 2462 5383 αὑτὸν,
2492 5328 2571 5383 sc.
2607 5315 2698 5367 τὸν
2729 5315 2967 5383 ἡγεμόνα
2997 5314 3090 5366 καὶ
3120 5318 3367 5383 ποιητήν.
3407 5313 3472 5367 Et
3509 5315 3636 5383 ἔχα-

2066 5384 2386 5451 ρακτήρισε,
2432 5381 2674 5453 δηλονότι
2724 5381 2791 5435 τὰ
2837 5381 3127 5453 χερουβίμ,
3176 5381 3276 5438 niSi
3305 5381 3447 5450 ’quis
3485 5381 3637 5437 malit

2066 5457 2172 5519 leg.
2206 5451 2671 5525 ἐχαρακτηρίσοη.
2704 5453 2867 5507 RITT.
2908 5451 2964 5492 ὲ-
2995 5452 3100 5506 Sed
3137 5455 3256 5506 vide
3300 5453 3633 5519 superiorem

2062 5534 2265 5574 1101³111.

2059 5658 2099 5711 Ρ
2133 5590 2248 5711 (ὖῗὲ
2297 5591 2401 5645 Pro
2460 5590 2625 5644 αὐτοῦ
2682 5592 2799 5646 cod.
2859 5589 2977 5645 Vat.
3044 5590 3148 5645 650
3206 5590 3367 5647 habet
3428 5592 3632 5654 αὐτοῖς.

2103 5675 2190 5711 uss
2253 5698 2266 5711 .
2354 5674 2360 5680 '

2103 5674 2266 5712 USSIN.
2354 5674 2360 5680 ’
