4042 6146
449 269 586 339 n35
824 375 1030 460 LXXV.
1061 405 1130 418 —
1170 341 1642 429 nutamine.

1100 463 1166 518 In
1201 466 1355 520 idem.
1431 504 1433 506 -

516 585 573 640 Si
622 593 946 651 cognoscere
991 592 1120 633 aves
1165 579 1488 648 quibusnam
1557 578 1732 648 poenis
1775 573 2022 633 scelerati

442 675 634 742 Judaei,
659 673 750 741 qui
778 680 966 727 contra
992 669 1268 725 Christum
1302 670 1664 733 insanierunt,
1691 668 1868 722 allecti
1895 668 2024 735 sint,

445 771 497 823 in
534 779 728 822 manus
761 776 914 821 sume
945 760 1189 831 Josepbi,
1220 759 1390 816 Judaei
1419 761 1662 830 quidem,
1695 768 1754 814 at
1786 758 2037 814 veritatis-

446 858 674 916 studiosi
717 855 840 920 viri,
877 852 1156 907 historiam
1191 853 1258 907 de
1292 852 1523 918 excidio,
1564 861 1622 906 ut
1663 852 1846 906 videas
1877 850 2015 904 divi-

447 951 590 1005 nitus
618 955 796 1001 actam
831 941 1140 1007 historiam,
1167 941 1381 1010 qualem
1414 955 1515 996 nec
1547 949 1657 995 tota
1685 939 1858 995 series
1885 949 2022 993 tem-

446 1055 635 1113 porum
663 1037 817 1104 vidit,
842 1051 907 1090 ex
935 1049 1042 1106 quo
1065 1043 1120 1090 et
1146 1034 1382 1105 quandiu
1411 1033 1656 1089 homines
1677 1031 2025 1088 exstiterunt.

445 1132 581 1186 Nam
608 1144 676 1184 ne
703 1128 989 1198 quisquam
1019 1125 1310 1194 denegaret
1342 1123 1501 1178 iidem
1533 1124 1772 1192 ipsorum
1803 1121 2026 1176 calami-

445 1227 668 1290 tatibus,
697 1221 942 1293 quamvis
985 1229 1040 1275 et
1081 1219 1241 1275 fidem
1285 1226 1341 1274 et
1367 1216 1672 1287 exemplum
1705 1231 1770 1272 ac
1796 1229 2024 1271 consue-

446 1316 681 1369 tudinem
734 1325 947 1366 omnem
1000 1307 1406 1374 superantibus,
1447 1306 1650 1362 idcirco
1694 1320 1800 1360 non
1837 1313 2021 1359 extra-

445 1416 602 1454 nemu
637 1399 865 1466 aliquem
895 1396 1165 1462 (fortassis
1195 1396 1342 1448 enim
1372 1394 1452 1448 vel
1481 1394 1659 1464 potius
1687 1393 2020 1459 necessario,

444 1508 549 1547 non
579 1489 873 1544 invenisset
906 1487 1104 1556 fidem),
1123 1484 1215 1541 sed
1251 1485 1522 1540 hominem
1548 1498 1615 1539 ex
1643 1483 1832 1540 eadem
1863 1491 2038 1554 gente

1629 270 1708 329 ’S.
1751 268 2040 328 ISIDOR]
2083 269 2518 329 PELUSIOTJE

3569 267 3704 336 11353

2445 409 2452 416 .
2509 403 2512 407 .
2547 372 2666 428 OE'.
2708 405 2773 414 -
2815 375 3282 445 mammam.

2719 469 2824 532 Εἰς
2858 466 2923 520 τὸ
2949 466 3118 521 αὐτό.

2201 579 2264 631 Εἰ
2292 577 2359 633 τά
2384 579 2635 650 ἐπίχειρα
2655 578 2766 633 τῶν
2789 578 3087 650 ἀλιτηρίων
3119 576 3408 642 Ἰουδαίων,
3423 577 3535 631 τῶν
3561 581 3704 633 κατὰ

2130 665 2224 720 τοῦ
2258 665 2494 738 Χριστοῦ
2526 666 3023 738 ὲπιλυττησάντων,
3055 665 3260 734 γνῶναι
3293 664 3495 736 βούλει,
3519 665 3705 736 ἔντυχε

2131 759 2197 829 τῇ
2239 759 2524 829 Ἰωσήπου,
2559 758 2755 830 ἀνδρὸς
2806 757 3062 814 Ἰουδαίου
3095 758 3218 829 μὲν,
3252 756 3582 829 φιλαλήθους
3628 757 3704 821 δὲ,

2125 849 2255 921 περὶ
2275 851 2373 922 τῆς
2403 851 2658 914 ἁλώσεως
2687 850 2917 923 ἱστορίᾳ,
2975 851 3062 905 ἵνα
3115 850 3232 921 ἴδῃς
3265 849 3529 920 θεήλατον
3563 851 3705 902 ιστο-

2136 939 2256 1008 ρίαν
2286 939 2423 1010 (59),
2458 940 2578 994 υίαν
2606 940 2729 995 οὐδὲ
2771 943 2802 994 ὁ
2833 940 3060 1012 σύμπας
3099 935 3208 993 εἶδε
3251 939 3463 1012 χρόνος,
3500 939 3592 1009 ἀφ’
3644 931 3706 994 οὗ

2131 1025 2194 1098 δὴ
2228 1030 2321 1082 και
2359 1030 2444 1098 ἐφ’
2493 1030 2618 1084 ὅσον
2669 1030 2968 1102 ἄνθρωποι.
3032 1030 3151 1084 Ἵνα
3181 1029 3291 1101 γὰρ
3345 1030 3538 1101 μηδεὶς
3588 1032 3706 1094 ταῖς

2132 1121 2378 1185 ἀπίστοις
2423 1121 2602 1176 αὐτῶν
2649 1123 2746 1177 καὶ
2804 1121 3138 1195 παραλόγοις
3189 1122 3468 1194 ἀπιστήσῃ
3500 1139 3708 1193 συμφο-

2133 1209 2275 1280 ραῖς,
2303 1207 2404 1260 οὐκ
2441 1207 2606 1278 άλλόφ
2618 1208 2739 1265 υλόν
2768 1226 2891 1264 τινα
2927 1209 2948 1280 <
2981 1205 3018 1280 ἦ
3046 1209 3158 1279 γὰρ
3218 1207 3285 1262 ἄν
3321 1207 3474 1272 ἴσως,
3508 1208 3706 1280 μᾶλλον

2128 1297 2184 1351 δὲ
2208 1297 2520 1366 ἀναγκαίως
2551 1298 2888 1370 ἠπιστήθη),
2923 1299 3040 1354 ἀλλ’
3067 1299 3343 1372 ὁμόφυλον
3384 1298 3549 1354 αὐτὸν
3589 1299 3702 1370 (40)

2130 1390 2224 1443 καὶ
2267 1386 2513 1461 ζηλωτὴν
2555 1392 2972 1462 παρεσκεύασεν
2998 1393 3034 1463 ἠ
3082 1392 3313 1464 ἀλήθεια
3341 1391 3412 1446 τά
3444 1391 3707 1447 ἀλλόκοτα

2129 1485 2312 1538 ἐκεῖνα
2336 1483 2749 1556 ὲκτμιγῳδῆσαι
2780 1483 2950 1555 πάθη.

443 1581 727 1637 oriundum
758 1589 812 1634 et
841 1578 1205 1632 institutorum
1235 1574 1528 1645 patriorum
1565 1574 2029 1631 servautissimum
2067 1575 2276 1643 paravit
2305 1584 2360 1632 et
2407 1575 2662 1629 instruxit
2712 1575 2933 1638 veritas,
2980 1583 3040 1627 ut
3067 1573 3332 1644 stupenda
3403 1573 3492 1630 illa
3534 1581 3701 1662 gesta,

443 1685 565 1745 qua:
590 1674 788 1730 Judaeis
822 1681 1141 1733 evenerunt,
1177 1669 1382 1739 tragico
1404 1668 1542 1740 stylo
1567 1668 1916 1724 describeret.

657 1783 891 1841 LXXVI.
934 1814 1001 1822 —
1033 1780 1291 1836 ΠΕΠοΜ
1333 1779 1808 1836 PRESBYTERO.

447 1901 512 1955 In
541 1901 593 1953 id
621 1899 758 1968 quod
787 1897 982 1951 dictum
1008 1903 1106 1954 est,
1133 1892 1486 1968 {Siniithesl
1523 1909 1740 1964 regnum
1773 1893 2020 1951 caelorum

939 1980 1104 2034 grano
1134 1964 1336 2036 sinapis
1358 1964 1435 2018 ⁵⁸.
1473 1983 1492 2020 ι

514 2097 912 2158 Enuntiationis
963 2095 1040 2148 vis
1074 2111 1139 2150 ac
1180 2096 1441 2165 gravitas,
1499 2097 1551 2152 id
1606 2095 1750 2167 quod
1802 2095 2018 2155 dicitur,

443 2195 591 2248 velut
638 2192 707 2246 ob
754 2173 941 2244 oculos
974 2189 1122 2252 ponit
1167 2187 1489 2242 clarioribus
1531 2187 1854 2256 quibusdam
1883 2196 1938 2240 et
1971 2187 2024 2238 in

443 2285 629 2339 oculos
675 2283 1076 2337 incurrentibtts
1126 2279 1284 2334 rebus
1331 2278 1588 2333 adhibitis
1633 2295 1648 2331 :
1691 2293 1798 2347 quo
1842 2277 1902 2332 ﬁt
1965 2287 2023 2332 ut

443 2375 607 2430 etiam
655 2356 927 2428 auditores
962 2370 1116 2438 quasi
1162 2368 1438 2435 cujusdam
1472 2368 1602 2438 lyra:
1637 2382 1774 2423 sono
1818 2365 2020 2420 deliuiti

445 2468 836 2521 detineantur:
870 2471 923 2516 et
959 2460 1191 2514 maxime
1236 2459 1477 2527 quidem,
1522 2460 1736 2528 quando
1789 2457 2022 2512 institui-

445 2569 532 2612 tur
562 2555 810 2610 tractatio
858 2553 923 2607 de
972 2553 1134 2607 rebus
1179 2565 1298 2617 qua:
1337 2563 1512 2618 neque
1561 2548 1849 2602 admodum
1889 2562 2021 2602 cou-

445 2653 609 2700 suetae
656 2650 798 2707 sunt,
848 2656 1022 2710 neque
1067 2638 1229 2694 nimis
1276 2638 1711 2711 vulgarcsatque
1758 2635 2018 2706 protrita»,

443 2734 538 2788 sed
567 2734 727 2802 vulgo
763 2729 1039 2787 hominum
1069 2726 1282 2791 abditm,
1312 2736 1364 2782 et
1387 2741 1614 2795 quarum
1643 2725 1906 2795 sapientia
1938 2733 2020 2780 cst

447 2839 611 2896 penes
655 2838 748 2880 eos
799 2823 888 2892 qui
935 2822 1002 2877 de
1046 2822 1154 2876 illis
1193 2823 1355 2874 verba
1405 2819 1629 2886 faciunt,
1661 2833 1689 2872 a
1721 2833 1824 2888 qua
1855 2817 2016 2871 etiam

445 2915 775 2972 audientium
801 2915 1096 2970 vehemens
1132 2912 1345 2968 exsisut
1379 2911 1645 2983 cupiditas
1675 2925 1740 2966 ac
1781 2909 2017 2965 studium

444 3005 824 3077 cognoscendi.
872 3004 1152 3058 Alliciendi
1209 3017 1441 3071 namque
1489 3002 1596 3055 vim
1654 2999 1836 3065 habet,
1873 2999 2015 3070 quod

2408 1779 2546 1848 uq'.
2582 1809 2653 1822 —
2686 1780 2896 1836 nPoNt
2938 1780 3411 1865 ΠΡΕΣΒΥΤΕΡῼ.

2127 1895 2233 1960 Εἷς
2260 1893 2326 1948 τὸ
2359 1893 2704 1963 εἰρημένον,
2742 1911 2761 1945 ι
2803 1895 3007 1962 Ὅμοιά
3028 1894 3202 1949 ἐστὶν
3218 1895 3256 1963 ἡ
3274 1895 3568 1960 βασιλεία
3591 1893 3705 1949 τῶν

2445 1961 2720 2031 οὐρανῶν
2740 1961 2942 2030 κόκκῳ
2972 1961 3297 2032 σινάπεως.
3337 1985 3354 2016 ι

2208 2098 2275 2152 Ἥ
2302 2098 2566 2170 περιτὴν
2595 2096 2898 2170 ἑρμηνείαν
2936 2097 3181 2168 δεινότης
3211 2099 3486 2168 ἐμφάσεσι
3516 2115 3706 2170 τρανο-

2125 2191 2313 2260 τέραις
2335 2189 2637 2262 παρίστησι
2658 2189 2718 2244 τὸ
2739 2191 3054 2261 λεγόμενον,
3077 2191 3172 2246 καὶ
3190 2184 3300 2248 οἷον
3322 2191 3414 2246 ὑπ’
3440 2189 3563 2259 ὖψιν
3579 2190 3706 2258 ἄγει

2127 2282 2186 2336 τὸ
2214 2282 2480 2337 λανθάνον
2505 2281 2618 2354 (Μ)
2641 2299 2654 2312 ⁸
2685 2281 2752 2335 δι’
2783 2283 2850 2354 ἣν
2869 2281 2972 2336 “κα“ι
3005 2283 3056 2335 οἱ
3097 2283 3366 2354 ἀκροαταὶ
3392 2280 3582 2353 ὥσπερ
3604 2280 3707 2334 ὑπὸ

2125 2371 2294 2443 λύρας
2323 2371 2538 2443 ἔχονται
2565 2373 2704 2444 (ιε),
2735 2374 2828 2426 καὶ
2860 2373 3076 2444 μάλισθ’
3111 2375 3242 2426 ὅταν
3275 2373 3411 2445 μηδὲ
3443 2373 3576 2445 περὶ
3598 2373 3706 2426 τῶν

2131 2461 2435 2534 συνήθωνή
2477 2463 2735 2533 βάσανος,
2778 2463 2811 2534 ἢ
2863 2463 3000 2534 μηδὲ
3031 2464 3140 2517 τῶν
3186 2461 3706 2534 κατημαξευμένων,

2125 2551 2260 2607 ἀλλὰ
2288 2553 2394 2607 τῶν
2439 2556 2552 2617 τοῖς
2603 2554 2817 2618 πολλοῖς
2867 2555 3101 2626 ἀδήλων,
3159 2555 3251 2607 καὶ
3297 2556 3332 2625 ή
3392 2554 3555 2623 σοφία
3598 2554 3707 2607 τῶν

2127 2644 2462 2715 φραζόντων,
2509 2646 2602 2714 ἀφ’
2631 2640 2697 2718 ἧς
2745 2646 2838 2699 καὶ
2870 2647 2904 2717 ἡ
2936 2645 3202 2717 ἐπιθυμία
3240 2645 3348 2700 τῶν
3400 2645 3707 2699 ἀκουόντων

2124 2736 2364 2806 ἐναργής
2387 2750 2400 2766 ’
2423 2735 2671 2790 ἑλκτικὸν
2692 2737 2803 2808 γάρ
2825 2739 2886 2791 τδ
2917 2737 2992 2809 μὴ
3014 2738 3219 2809 σφόδρα
3241 2739 3490 2807 σύνηθες.
3522 2738 3706 2792 Ταῦτα

2122 2825 2176 2879 δὲ
2194 2825 2353 2896 ἔφην,
2379 2826 2676 2899 ἐπειδήπερ
2701 2830 3046 2898 μεμήνυκας’
3071 2828 3137 2882 Τί
3166 2831 3280 2882 ἐστι
3308 2830 3367 2882 τδ
3389 2827 3706 2900 ὠμοιῶσθαι

2121 2917 2220 2989 τὴν
2242 2917 2519 2988 βασιλείαν
2548 2917 2656 2972 τῶν
2679 2918 2924 2989 οὐρανῶν
2955 2920 3139 2990 κόκκῳ
3165 2920 3466 2987 σινάπεως;
3487 2920 3705 2992 Βραχὺς

2127 3009 2225 3080 μὲν
2274 3009 2391 3062 ἔστι
2424 3011 2782 3081 σπειρόμενος
2802 3013 2831 3065 ὁ
2855 3010 2950 3064 τοῦ
2979 3011 3124 3065 θείου
3150 3011 3506 3082 κηρύγματος
3525 3011 3704 3080 λόγος,

444 3118 549 3157 non
583 3101 740 3155 valde
789 3097 1053 3152 familiare
1089 3106 1188 3152 est.
1245 3096 1369 3152 Haec
1404 3105 1582 3151 autem
1615 3109 1678 3150 ea
1732 3097 2016 3152 occasione

2126 3101 2350 3156 καὶτῶν
2377 3102 2595 3155 πώποτε
2617 3102 2928 3172 λεγομένων
2961 3104 3113 3175 παρὰ
3167 3102 3276 3156 τῶν
3323 3102 3590 3167 δοξάντων
3621 3120 3703 3156 σο-

445 3193 578 3261 dixi,
612 3193 733 3262 quia
772 3191 1033 3258 scripsisti
1062 3190 1189 3244 mihi
1224 3207 1237 3243 :
1269 3188 1406 3255 Quid
1443 3189 1542 3243 sibi
1579 3188 1726 3254 velit,
1758 3189 1902 3258 quod
1931 3203 2017 3243 re-

446 3297 605 3350 gnum
653 3281 913 3334 caelorum
962 3293 1131 3348 grano
1176 3278 1378 3347 sinapis
1431 3286 1796 3347 comparetur.
1854 3277 2022 3334 Exilis

443 3372 657 3443 quidem
692 3379 794 3435 est,
824 3385 944 3424 cum
972 3372 1286 3433 seminatur,
1324 3368 1488 3422 divini
1537 3369 1791 3438 praeconii
1820 3384 2019 3436 sermo,

444 3465 486 3518 si
525 3478 645 3516 cum
670 3461 793 3516 illis
821 3459 1131 3514 conferatur
1165 3459 1524 3528 dogmatibus,
1558 3457 1724 3531 454
1773 3474 1893 3530 qua:
1919 3471 2026 3513 un-'

439 3570 604 3626 quant
640 3553 838 3606 tradita
870 3560 994 3605 sunt
1024 3549 1090 3603 ab
1119 3549 1185 3603 iis
1219 3550 1308 3618 qui
1334 3550 1612 3618 sapientiae
1643 3550 1785 3603 fama
1821 3557 1874 3604 et
1901 3550 2021 3620 opi-

443 3646 607 3699 nione
650 3644 890 3700 celebres
937 3641 1177 3707 fuerunt,
1212 3649 1267 3696 et
1297 3641 1632 3696 brevissimis
1664 3641 2022 3696 annuntiatur

440 3725 648 3802 verbis,
699 3751 800 3790 non
845 3733 1018 3789 solum
1061 3734 1129 3790 ob
1158 3733 1532 3804 compendium
1579 3733 1862 3798 orationis,
1927 3731 2019 3788 sed

438 3828 603 3883 etiam
627 3825 696 3881 ob
717 3825 983 3897 plebeium
1015 3839 1182 3894 genus
1211 3822 1442 3878 dicendi.
1477 3821 1533 3877 Si
1555 3839 1684 3879 vero
1717 3823 2019 3890 excolatur,

441 3918 640 3972 Crescit
669 3926 831 3986 atque
865 3914 1184 3971 diffunditur
1219 3915 1478 3969 latissime
1511 3922 1564 3978 et
1595 3917 1842 3984 superior
1871 3915 2021 3970 inve-

440 4001 587 4059 nitur
617 4004 870 4058 omnibus
899 4005 992 4072 qui
1032 4019 1268 4074 unquam
1301 4003 1354 4057 in
1385 4003 1742 4059 admiratione
1780 4004 2016 4070 fuerunt,

438 4095 818 4158 sermonibus;
877 4109 976 4149 nec
1025 4095 1293 4149 immerito
1326 4109 1340 4146 :
1369 4095 1567 4162 quippe
1597 4095 1686 4163 qui
1733 4096 2017 4150 veritatem

438 4185 637 4253 pariat,
670 4199 768 4238 nec
802 4185 854 4238 in
882 4184 1198 4239 exornando
1232 4183 1512 4238 mendacio
1560 4193 1872 4251 occupetur.
1916 4184 2019 4242 Ve-

441 4273 602 4328 ritate
653 4283 830 4327 autem
877 4274 1048 4342 majus
1080 4283 1162 4328 esl
1203 4273 1355 4327 nihil.
1388 4271 1543 4328 Unde
1575 4261 1736 4328 etiam
1767 4274 2017 4330 ell'ectum

437 4372 542 4425 est,
587 4369 643 4415 ut
680 4362 772 4430 qui
819 4361 1172 4432 philosophia:
1230 4374 1289 4414 se
1328 4361 1544 4416 nomine
1570 4361 1866 4432 iactabant,
1907 4368 2019 4421 suis

2127 3207 2242 3260 φων
2288 3190 2596 3261 δογμάτων,
2649 3191 2744 3244 καὶ¹
2800 3193 2860 3246 ὲν
2889 3189 3248 3262 βραχυτάτοις
3297 3190 3696 3260 ἐπαγγέλλεται

2127 3283 2386 3353 ῥήμασιν,
2421 3281 2482 3336 οὐ
2525 3282 2683 3353 μόνον
2709 3281 2800 3336 διὰ
2822 3281 2924 3353 τὴν
2967 3272 3284 3352 συντομίαν,
3307 3279 3443 3334 ἀλλὰ
3478 3281 3577 3334 καὶ
3611 3279 3700 3334 διὰ

2123 3373 2222 3443 τὴν
2276 3373 2548 3444 ίδιωτικὴν
2597 3373 2761 3439 λέξιν.
2795 3373 3218 3446 Γεωργούμενος
3269 3372 3317 3426 δ’
3372 3372 3552 3439 αὔξει,
3609 3372 3704 3425 καὶ

2125 3462 2478 3529 πλατύνεται,
2509 3465 2606 3518 καὶ
2636 3465 2778 3536 ὑπὲρ
2822 3465 3032 3534 πάντας
3069 3466 3195 3528 τοὺς
3226 3463 3450 3518 πώποτε
3485 3463 3701 3535 θαυμα-

2125 3551 2353 3617 σθέντας
2381 3552 2574 3622 λόγους
2606 3553 2944 3625 εὑρίσκεται,
2977 3553 3071 3607 ἆτε
3089 3553 3156 3625 δὴ
3188 3553 3454 3625 ἀλήθειαν
3475 3553 3699 3620 ὠδίνων,

2125 3643 2219 3697 καὶ
2247 3644 2308 3696 ού
2340 3644 2400 3698 τὸ
2431 3643 2628 3716 ψεῦδος
2655 3645 2900 3716 κοσμῶν.
2933 3645 3134 3710 Μεῖζον
3153 3644 3210 3699 δὲ
3237 3646 3496 3719 ἀληθείας
3527 3646 3698 3702 οὐδέν.

2123 3735 2213 3788 Διὸ
2240 3736 2333 3788 καὶ
2354 3737 2402 3788 οι
2432 3735 2510 3807 τῷ
2527 3737 2631 3808 τῆς
2657 3736 2978 3806 φιλοσοφίας
3007 3735 3426 3808 ἑναϐρυνόμενοι
3454 3737 3698 3809 ὀνόματι,

2121 3831 2241 3892 τοῖς.
2300 3829 2523 3893 οίκείοις
2579 3829 2816 3902 δόγμασι
2874 3830 3050 3885 πολλὰ
3109 3830 3324 3902 χαίρειν
3372 3832 3698 3904 φράσαντες,

2123 3920 2364 3988 ἐφίενται
2387 3920 2482 3991 τῆς
2514 3919 2608 3974 τοῦ
2636 3920 2772 3974 Θεοῦ
2798 3923 2978 3985 σκιᾶς,
3005 3921 3106 3976 καλ⁵
3135 3923 3541 3993 καταφεύγουσι
3568 3923 3701 3994 πρὸς

2122 4009 2292 4080 αὑτήν
2317 4009 2451 4082 (45).
2485 4011 2649 4065 Πόσοι
2675 4011 2782 4080 γὰρ
2807 4012 3167 4085 Πυθαγόρειοι
3202 4013 3372 4084 τύφου
3402 4015 3497 4069 καὶ
3533 4016 3703 4084 ὑπερ-

2126 4099 2282 4169 οψίας
2316 4102 2618 4173 πεφηνότες
2649 4102 2981 4171 διδάσκαλοι,
3029 4105 3283 4176 φοιτηταί
3326 4108 3584 4175 γεγόνασι
3608 4104 3700 4160 τοῦ

2122 4191 2310 4260 λόγουι
2344 4194 2500 4247 πόσοι
2529 4194 2586 4248 δὲ
2616 4195 2976 4263 Πλατωνικοὶ,
2998 4197 3098 4267 τὴν
3123 4197 3295 4269 ὀφρὺν
3325 4198 3426 4270 τὴν
3453 4198 3562 4251 άπδ
3603 4197 3703 4265 τῆς

2121 4281 2472 4348 καλλιεπείας
2506 4285 2984 4352 κατασπάσαντες,
3018 4286 3124 4340 ὑπὸ
3179 4286 3280 4357 τὴν
3332 4284 3491 4340 σκιὰν
3533 4283 3701 4339 αὐτοῦ

2123 4368 2478 4442 ἱδρύνθησανί
2509 4373 2667 4427 πόσοι
2726 4375 3150 4446 Ἀριστοτελικοι
3197 4377 3290 4430 καὶ
3321 4375 3558 4440 Στοϊκοὶ,
3604 4374 3703 4434 τὴν

445 4451 784 4520 dogmatibus
811 4450 1024 4521 longum
1056 4451 1436 4520 valerejussis,
1466 4453 1699 4508 divinam
1725 4455 1867 4510 illam
1899 4471 2018 4510 um-

2126 4460 2205 4530 ἐφ’
2235 4454 2269 4536 ᾖ
2303 4459 2678 4532 ἐσεμνύνοντο,
2742 4465 2934 4534 σοφίαν
2975 4466 3342 4536 ἀτιμάσαντες
3403 4464 3698 4537 ἠγάπησαν

437 4544 590 4596 bram
626 4550 904 4611 expetant,
929 4551 983 4596 ct
1013 4542 1080 4595 ad
1114 4542 1283 4611 ipsam
1311 4542 1644 4612 confugiant.
1669 4546 1838 4610 Quam
1865 4548 2017 4602 multi

2127 4551 2187 4604 ὲν
2217 4553 2330 4616 τοῖς
2355 4553 2621 4623 ὑπηκόοις
2654 4555 2942 4626 τετάχθαιι

441 4636 584 4690 enim
620 4636 962 4708 Pythagorei,
997 4651 1117 4692 cmn
1147 4646 1304 4692 antea
1354 4637 1526 4694 fastus
1569 4654 1632 4694 ac
1665 4641 2027 4711 despicientiae
2092 4645 2318 4702 fuissent
2345 4649 2614 4718 magistri,
2646 4649 2807 4720 bujus
2857 4651 3020 4706 divini
3081 4653 3228 4706 verbi
3276 4649 3405 4706 facti
3453 4657 3580 4706 sunt
3617 4648 3700 4703 di-

442 4725 679 4794 scipuli?
708 4726 878 4791 Quam
908 4727 1057 4779 multi
1094 4727 1220 4781 item
1244 4727 1504 4783 Platonici
1527 4730 1894 4798 supercilium,
1915 4733 2057 4796 quod
2097 4734 2227 4804 ipsis
2265 4736 2537 4792 extulerat
2563 4752 2720 4793 suum
2746 4750 2941 4796 ornate
2992 4741 3202 4797 dicendi
3233 4741 3491 4806 studium,
3515 4742 3703 4797 demit-

447 4828 625 4876 tentes
675 4822 1186 4892 contrahentcsquc,
1235 4823 1334 4877 sub
1395 4823 1537 4880 illius
1605 4825 1797 4879 umbra
1869 4830 2257 4900 consederunt?
2299 4831 2470 4899 Quam
2517 4833 2673 4888 multi.
2719 4835 2950 4910 denique
3019 4835 3343 4892 Aristotelici
3397 4845 3453 4892 et
3510 4833 3702 4898 Stoici,

503 4975 549 5006 ⁸³
582 4974 772 5031 Matth.
806 4992 929 5041 xm,
964 4975 1024 5028 5i
1085 4991 1239 5046 seqq.

980 5078 984 5082 ’
1528 5111 1758 5170 VARUE
1802 5111 2190 5171 LECTIONES
2216 5116 2304 5172 ET
2343 5117 2576 5173 Νοτιπ.
2664 5114 2676 5123 ·

638 5267 743 5350 Pro
763 5268 998 5350 ἱστορίαν
1022 5268 1160 5350 idem
1184 5266 1454 5350 cod.'legit
1481 5268 1768 5350 τιμωρίαν.
1789 5269 2003 5350 Possis.

2156 5272 2299 5350 7(41)
2335 5271 2484 5350 iimc,
2517 5278 2612 5330 καὶ
2653 5275 2834 5350 οἷον..,
2873 5281 3132 5337 λανθάνον
3160 5285 3363 5340 omittit
3399 5287 3489 5344 ed.
3521 5286 3697 5342 Paris.

508 5336 1005 5414 (40)_'0g_éyp.l_or
1050 5338 1276 5414 ιερτόρς..
1310 5336 1451 5406 Lege
1501 5336 1730 5414 qicdw,_
1755 5341 2007 5414 ct_int_el~

2126 5349 2167 5394 at
2196 5336 2517 5414 supplentur
2539 5362 2604 5400 ex
2644 5352 2766 5404 cod.
2794 5349 2966 5406 Vatic.
3005 5336 3168 5409 Eutr.

439 5407 564 5484 ligo,
589 5405 698 5491 τῷν
727 5405 1048 5491 Ἰουδαίων..
1069 5405 1374 5491 ῌΟιιὴιιιυεῃ
1395 5405 1468 5486 ex
1498 5409 1618 5491 ‘bae-
1646 5409 1873 5491 epistola
1920 5410 2014 5491 in:

2187 5405 2445 5491 Pro
2470 5415 2711 5491 ἔχονται,
2741 5422 2864 5491 cod.
2883 5405 3182 5491 rvatfie—g—i—t
3203 5423 3452 5489 ἄγονται.
3480 5424 3694 5480 Possm.

438 5475 1246 5563 i"§l‘.°_9598‘“.“,‘__’9?F|."3‘:-991
1272 5475 1707 5563 ίῑΞΡΗη-ίίὶνάθιὶι
1739 5477 2014 5563 ξ’σέτίιθιίεέ
2165 5475 2294 5563 ,(4⁵)
2330 5482 2433 5563 PE?
2458 5475 2647 5556 αδτὴνν
2690 5475 2840 5563 idem
2875 5475 3037 5563 habet
3064 5475 3703 5563 hobiavl'étiiioi"t36~t

438 5557 555 5622 qua;
583 5545 752 5622 prima
785 5545 866 5623 lex
897 5554 981 5598 est
1010 5544 1426 5630 iliSlOl'imz‘ES§c
1456 5549 1882 5630 namque‘AIebet
1908 5549 1996 5602 lux

2126 5544 2443 5610 τόὰοιέιόόὶι
2463 5544 2771 5628 τοιγαροῦν,
2803 5561 3059 5616 omittcns
3092 5544 3233 5630 γάρ.⁷
3252 5544 3329 5617 in.

441 5611 699 5676 "crinitis,
725 5613 872 5666 le‘s'lis
903 5623 1225 5680 tetnporum.
1255 5612 1452 5668 Confer
1480 5611 1638 5684 episi,
1669 5615 1793 5671 Ὦς,
1829 5618 1995 5675 “In.
2557 5611 2569 5623 '
2623 5611 2634 5628 '
2757 5611 2770 5624 '
3105 5611 3180 5632 ··-ι
