4042 6146
420 210 554 290 ινιτ
624 206 641 253 ι’

1214 229 1745 292 EPISTOLARUM
1778 233 1927 291 LIB.
1969 232 2064 291 IV.
2111 256 2179 265 -·-
2218 232 2454 293 EPIST.
2500 232 2819 295 LXXVIII.

417 344 613 409 Spreta-
648 342 756 409 illa,
800 356 905 411 qua
934 342 1081 411 prius
1114 338 1478 412 gloriabantur
1542 356 1593 404 et
1632 362 1691 403 se
1734 348 2017 419 magniﬁce
2083 345 2397 415 cﬂerebant,
2428 346 2717 415 sapientia,
2766 346 3020 416 praeclare
3062 361 3242 403 secum
3275 358 3449 403 aetum
3490 349 3675 404 existi-

416 444 654 503 marum,
687 436 733 493 si
768 437 910 491 inte‘r
940 437 1213 493 auditores
1236 440 1401 494 verbo
1428 440 1789 510 obsequentes
1823 442 2219 500 collocarentur
2247 442 2269 494 ?

737 549 856 603 oz'.
899 578 968 588 -
1005 548 1305 623 ΕΥΤΟΝΙῼ
1357 552 1676 625 ΔΙΛΚΟΝῼ.

818 639 958 707 Περὶ
983 639 1202 709 ἀρετῆς
1232 639 1338 695 τοῦ
1374 642 1608 724 Ἰωσήφ.

498 750 562 802 Ἦ
597 744 698 819 μὲν
726 750 1002 818 Αἰγυπτία
1027 752 1122 805 τοῦ
1148 754 1268 807 νέου
1295 730 1437 825 ἦραέ
1463 757 1492 809 6
1523 756 1578 810 δὲ
1614 755 1731 820 νέος
1760 756 1860 825 τῆς
1887 773 1989 809 σω-

2367 553 2623 610 LXXVII.
2651 586 2723 597 --
2748 554 3055 611 EUTONIO
3096 556 3410 612 DIACONO.

2574 647 2652 702 De
2670 674 2671 677 η
2686 649 2873 705 virtute
2901 647 3115 716 Joseplti
3135 648 3202 703 “".

2167 760 2416 831 [Egyptia
2466 760 2682 830 quidem
2738 758 2827 813 illa
2877 758 3067 812 mulier
3104 759 3355 827 juvenem
3401 750 3619 814 amabat
3657 782 3670 815 :

418 840 714 910 φροσύνης.
741 842 833 895 Διὸ
857 842 952 896 καὶ
980 845 1014 913 ή
1049 845 1147 912 μὲν
1170 844 1395 918 θηρῶσα
1423 846 1606 914 αὐτὸν,
1629 848 1728 900 οὐκ
1758 848 1988 917 ἐπέτυχε

2094 849 2305 919 juvenis
2344 858 2524 905 autem
2574 848 2885 920 (Iosephus)
2936 848 3139 917 majore
3190 850 3453 905 castitatis
3487 864 3671 906 amore

420 929 518 998 τῆς
550 928 745 1013 θήρας,
791 932 968 986 καίτοι
996 933 1174 988 πάντα
1206 936 1274 988 τὰ
1305 934 1427 990 λῖνα
1456 936 1554 1007 τῆς
1587 935 1758 1007 θήρας
1786 938 1989 989 ἀναπε-

2097 940 2378 1012 ﬂagrabat.
2411 939 2565 996 Unde
2593 940 2754 995 eliam
2788 939 2986 994 factum
3035 949 3093 994 ut
3120 940 3209 995 illa
3242 942 3457 1010 quidem
3498 942 3668 1010 ipsum

418 1021 666 1074 τάσασαο
714 1023 742 1075 6
782 1023 840 1077 δὲ
899 1025 1132 1097 ἐπέτυχε
1208 1026 1309 1098 τῆς
1359 1027 1554 1100 θήρας,
1608 1028 1826 1082 πάντων
1876 1028 1988 1099 (44)

2098 1042 2320 1101 captans
2350 1032 2525 1101 praida
2550 1040 2657 1085 non
2696 1030 2977 1099 potiretur,
3010 1031 3257 1099 quamvis
3291 1032 3472 1086 omnia
3506 1047 3667 1086 vena-

415 1111 649 1166 δικτύων
678 1113 892 1185 ἐκείνης
924 1116 1325 1189 ὑπερενεχθείς.
1355 1118 1435 1191 Τῇ
1465 1119 1564 1191 μὲν
1594 1122 1702 1191 γὰρ
1725 1122 1752 1174 ὁ
1772 1120 1987 1191 ἐχθρὸς,

416 1202 495 1273 τῷ
518 1203 577 1257 δὲ
603 1205 631 1257 6
665 1205 987 1275 νομοθέτης,
1020 1206 1121 1279 τῆς
1152 1209 1506 1282 σωφροσύνης
1530 1210 1828 1281 ἠγωνίζετο
1856 1211 1987 1283 (45).

2102 1132 2232 1176 tum
2282 1123 2413 1175 retia
2455 1120 2841 1190 explicuisset:
2872 1121 2973 1177 iste
3004 1135 3130 1177 vero
3162 1136 3381 1191 compos
3417 1124 3567 1177 lieret
3605 1137 3668 1178 co

2097 1212 2239 1281 quod
2283 1210 2395 1281 ipse
2436 1211 2754 1277 venabatur,
2799 1211 3049 1266 omnibus
3084 1212 3226 1268 illius
3272 1214 3475 1268 retibus
3512 1227 3669 1281 supe-
3730 1226 3733 1231 ‘

309 1322 314 1326 -
416 1295 531 1375 rior
550 1298 816 1367 evadens;
847 1315 1023 1370 neque
1053 1302 1104 1357 id
1132 1301 1613 1359 mirum.Cumilla
1632 1303 1773 1359 enim
1827 1304 2093 1360 castitatis
2123 1305 2317 1369 hostis,
2383 1319 2505 1360 cum
2574 1304 2677 1358 isto
2751 1311 2926 1358 autem
2970 1300 3208 1371 ejusdem
3278 1303 3553 1374 legislator
3586 1302 3669 1357 [ιι-

416 1390 613 1459 ciebat,
642 1401 697 1446 et
723 1395 1037 1451 certaminis
1070 1398 1277 1451 socium
1306 1412 1369 1453 se
1398 1396 1780 1469 coniungebat.

633 1487 764 1540 011'.
797 1518 863 1531 ~—
890 1488 1317 1563 ΑΡΣΕΝΟΥΦΙῼ
1346 1492 1777 1565 ΑΝΑΓΝΩΣΤῌ.

718 1577 859 1645 Περὶ
888 1579 997 1647 τῆς
1018 1580 1236 1650 ἀρετῆς
1286 1582 1391 1636 τοῦ
1433 1582 1673 1652 Ἰωσήφ,

486 1650 621 1741 νΛίαν
667 1687 864 1758 χαίρω,
902 1689 985 1742 ὅτι
1034 1690 1245 1760 χαίρεις
1302 1692 1415 1755 τοῖς
1464 1650 1729 1763 περὶτοῦ
1792 1693 2013 1764 Ἰωσὴφ

2279 1490 2555 1546 LXXVIII.
2585 1522 2651 1532 -—
2684 1489 3124 1548 ARSENUPHIO
3164 1489 3481 1546 LECTORI.

2508 1584 2710 1639 Iterum
2736 1586 2797 1638 de
2826 1584 3011 1638 virtute
3030 1582 3246 1652 Ioseph.

2166 1694 2523 1750 Vehementer
2572 1693 2745 1758 laztor,
2792 1701 2842 1747 te
2883 1693 3117 1764 gaudere
3168 1692 3565 1747 narrationibus
3600 1692 3667 1746 de

413 1776 764 1871 διηγήμασιν.
804 1780 864 1832 '0
907 1779 1018 1852 γάρ
1052 1782 1181 1845 τοὺς
1239 1782 1523 1853 σώφρονας
1573 1783 1986 1855 ἀνακηρύττων,

2091 1786 2343 1856 Josepho.
2379 1783 2513 1838 Nam
2561 1785 2653 1854 qui
2682 1794 2861 1839 castos
2902 1784 3145 1838 homines
3190 1797 3251 1837 ac
3304 1792 3665 1852 temperantes

412 1865 574 1934 δῆλός
620 1868 739 1921 ἐστι
784 1870 1139 1941 σωφροσύνης
1188 1871 1265 1927 ὣν
1302 1875 1563 1946 ἐραστής.
1626 1876 1837 1931 Ἐκεῖνα
1880 1878 1990 1945 γὰρ

418 1958 653 2026 μάλιστα
677 1959 746 2012 τὰ
766 1958 882 2029 εἴδη
922 1960 1022 2030 τῆς
1054 1962 1254 2032 ἀρετῆς
1278 1964 1520 2017 ἐπαινεῖν
1538 1963 1831 2034 εἰώθαμεν,
1864 1966 1992 2034 περὶ

410 2047 450 2100 ἃ
479 2049 714 2122 γνησίως
742 2048 980 2119 μάλιστα
1019 2050 1363 2121 διακείμεθα.
1391 2052 1461 2105 Σὺ
1485 2053 1542 2106 δὲ
1573 2053 1712 2123 μετὰ
1736 2052 1828 2106 τοῦ
1857 2054 1987 2123 ἐρα-

416 2139 547 2209 στὴς
577 2134 717 2193 εἶναι
762 2140 863 2210 τῆς
911 2141 1153 2208 ἁγνείας,
1204 2143 1427 2197 κάκεῖνο
1459 2144 1576 2209 θέα,
1626 2144 1777 2207 ὅπως
1803 2144 1915 2214 (46)
1954 2146 1988 2213 ἡ

412 2228 583 2299 ἀρετὴ
624 2229 851 2300 ἀρχικόν
903 2232 1020 2285 ἐστι
1074 2233 1287 2303 χρῆμα,
1311 2234 1463 2287 κᾶνό
1503 2234 1706 2304 ταύτης
1739 2234 1985 2304 ἀσκητὴς

411 2321 496 2384 είς
536 2320 778 2375 δουλείαν
816 2323 1130 2394 περιπέσῃ·
1164 2318 1302 2395 ἦρχε
1339 2324 1436 2394 μὲν
1465 2323 1576 2394 γὰρ
1611 2324 1719 2376 τῶν
1744 2322 1988 2393 ἀδελφῶν

409 2411 472 2464 ἐν
503 2414 568 2482 τῇ
602 2412 830 2484 πατρῴα
871 2414 1047 2484 ἐστίᾳ,
1105 2413 1185 2482 τῷ
1229 2414 1375 2485 ἔχειν
1413 2416 1505 2468 τὸν
1547 2416 1850 2485 γεννήτορα
1878 2415 1986 2468 τῶν

407 2501 626 2571 τρόπων
648 2505 885 2574 ἐραστήν
910 2519 923 2533 '
949 2502 1087 2575 ἦρχε
1102 2507 1199 2558 καὶ
1220 2509 1278 2560 ἐν
1301 2510 1368 2578 τῇ
1386 2510 1731 2580 Δίγυπτιακῇ
1749 2508 1982 2578 δουλείᾳ,

411 2586 588 2639 καίτοι
621 2589 883 2659 πραθείς·
920 2586 1037 2662 εἷχε
1069 2593 1179 2665 γὰρ
1207 2594 1301 2647 τοῦ
1330 2597 1632 2668 πριαμένου
1660 2598 1750 2651 διὰ
1769 2598 1985 2669 τρόπων

407 2675 745 2747 κοσμιότητα
786 2677 885 2749 τὴν
912 2681 1219 2750 εὐμένειαν,
1260 2684 1328 2754 ἢν
1364 2686 1399 2755 ἡ
1452 2685 1571 2740 θεία
1621 2687 1780 2758 χάρις
1836 2688 1985 2759 αὐτῴ

406 2767 641 2837 ἐνέχεεν.
680 2764 855 2841 Ἦρξε
899 2772 994 2825 καὶ⁹
1037 2772 1140 2843 τῆς
1179 2773 1486 2847 δεσποίνης,
1541 2778 1743 2849 μᾶλλον
1790 2777 1848 2831 δὲ
1881 2778 1980 2848 τῆς

403 2856 619 2928 ἡδονῆς,
666 2859 767 2930 τῆς
806 2861 1017 2917 πολλῶν
1067 2864 1204 2919 νέων
1260 2865 1557 2935 βασιλικῶς
1603 2869 1978 2941 κρατησάσης.

403 2944 575 3019 ἹΙρξε
613 2952 707 3004 καὶ
761 2954 819 3005 ἐν
867 2954 945 3023 τῷ
986 2954 1367 3028 δεσμωτηρίῳ,
1398 2958 1577 3011 καίτοι
1627 2960 1720 3010 ἐπὶ
1768 2960 1982 3031 μοιχεία

404 3041 669 3104 αἰτιαθείς
685 3058 699 3070 ο
722 3036 835 3113 εἶχε
852 3043 961 3114 γὰρ
971 3045 1068 3116 τὴν
1085 3046 1177 3099 τοῦ
1191 3047 1729 3119 ὰρχιδεσμοφύλακος
1744 3050 1978 3116 εὔνοιαν,

2095 1876 2376 1945 praeconiis
2400 1875 2575 1941 eﬂ'ert,
2607 1878 2653 1929 is
2690 1875 2790 1930 hoc
2822 1875 2938 1941 ipso
2987 1873 3225 1928 ostendit
3296 1888 3354 1927 se
3401 1871 3665 1927 castitatis

2093 1976 2389 2020 amatorem
2442 1978 2582 2020 esse.
2626 1964 2720 2019 illa
2769 1965 2912 2017 enim
2950 1962 3162 2017 virtutis
3205 1976 3403 2033 genera
3435 1961 3665 2015 maxime

2092 2053 2326 2108 solemus
2347 2051 2588 2116 laudare,
2619 2065 2746 2121 erga
2769 2064 2886 2119 qua:
2918 2050 3148 2104 maxime"
3174 2061 3433 2117 germano
3462 2062 3525 2100 ac
3551 2045 3663 2099 sin-

2092 2160 2216 2200 cero
2271 2159 2455 2199 amore
2501 2143 2767 2200 ducimur.
2816 2142 2895 2196 Tu
2945 2156 3072 2195 vero
3116 2149 3471 2208 praeterquam
3518 2138 3662 2207 quod

2091 2247 2301 2291 amator
2331 2251 2390 2290 es
2411 2233 2695 2299 castitatis,
2718 2235 2820 2288 hoc
2842 2245 3053 2301 quoque
3075 2229 3458 2297 contemplare,
3480 2228 3660 2291 sodes,

2088 2328 2356 2396 quomodo
2404 2327 2574 2381 virtus
2617 2323 2959 2394 imperatoria
3004 2320 3245 2389 quaadam
3275 2334 3360 2373 res
3410 2319 3503 2385 sit,
3542 2326 3663 2371 utut

2088 2416 2204 2484 ejus
2226 2416 2402 2471 cultor
2429 2415 2566 2470 forte
2610 2415 2664 2469 in
2707 2413 3020 2469 servitutem
3054 2411 3324 2466 inciderit.
3363 2409 3494 2463 Nam
3520 2418 3573 2464 et
3606 2408 3659 2463 in

2087 2507 2328 2575 paternis
2356 2503 2563 2559 laribus
2591 2504 2874 2573 imperium
2907 2501 2957 2555 in
2984 2499 3180 2554 fratres
3209 2496 3507 2563 obtinebat,
3533 2496 3659 2551 dum

2086 2604 2293 2665 patrem
2318 2610 2540 2650 suorum
2568 2609 2775 2648 morum
2804 2601 3098 2647 amatorem
3130 2590 3380 2647 habebat.
3416 2588 3658 2656 Impera-

2086 2687 2179 2741 bat
2226 2701 2442 2757 quoque
2482 2687 2535 2740 in
2572 2683 2890 2755 Egyptiaca
2931 2684 3211 2744 servitute,
3240 2680 3485 2750 quamvis
3517 2684 3671 2732 essct'

2084 2777 2333 2831 venditus
2361 2789 2459 2845 pro
2488 2774 2774 2843 mancipio.
2798 2770 3087 2827 Obtinebat
3130 2773 3272 2825 enim
3305 2768 3562 2838 emptoris
3603 2778 3657 2822 ct

2087 2867 2198 2922 heri
2224 2866 2309 2922 sui
2333 2865 2776 2929 benevolentiam,
2813 2880 2971 2932 quam
3003 2864 3181 2916 divina
3213 2864 3381 2933 gratia
3419 2862 3519 2931 ipsi
3574 2862 3656 2914 in-

2083 2958 2361 3013 fundebat.
2412 2956 2717 3027 lmperabat
2755 2957 2916 3011 etiam
2962 2955 3215 3018 dominm,
3248 2955 3353 3007 imo
3400 2953 3653 3021 voluptati

2085 3049 2274 3119 magis,
2315 3062 2434 3117 quae
2475 3047 2669 3101 mullos
2699 3046 2799 3101 sibi
2835 3046 3063 3113 juvenes
3115 3045 3315 3114 regium
3358 3043 3411 3097 in
3450 3058 3653 3097 morem

403 3132 870 3201 ἐπιτροπεύουσαν
921 3136 1042 3205 (47)
1098 3138 1249 3207 αὐτῷ
1290 3139 1391 3209 τὴν
1423 3142 1598 3211 ἀρχὴν
1642 3142 1751 3196 τῶν
1802 3144 1980 3196 ἐκεῖσε

2082 3140 2328 3209 subjecit.
2373 3137 2535 3210 455
2570 3137 2875 3207 imperabat
2918 3136 3080 3192 etiam
3117 3137 3169 3189 in
3197 3152 3434 3197 carcere,
3466 3151 3653 3203 quam-

404 3222 837 3296 καθειργμένων,
857 3223 938 3290 οίς
957 3229 1051 3281 καὶ
1075 3230 1257 3299 ίατρδν
1282 3225 1436 3301 οἶμαι
1458 3234 1636 3286 ἐκεῖσε
1657 3235 1977 3305 πεπέμφθαι

401 3310 514 3362 τῶν
542 3314 857 3384 συμφορῶν.
881 3315 1003 3378 Πῶς
1029 3317 1136 3386 γὰρ
1162 3320 1190 3369 6
1213 3318 1363 3387 ὠμὸς
1390 3322 1486 3373 καὶ
1514 3322 1849 3391 ἀμείλικτος,
1883 3325 1975 3377 καὶ

402 3400 502 3461 τὰς
527 3400 807 3472 ἀλλοτρίας
852 3407 1378 3477 πραγματευόμενος
1413 3411 1699 3482 συμφορὰς
1725 3412 1973 3483 (τοιοῦτοι

400 3488 511 3561 γὰρ
542 3492 725 3561 σχεδὸν
754 3493 954 3557 πάντες
975 3496 1025 3546 οἱ
1052 3496 1502 3569 δεσμοφύλακες),
1531 3499 1607 3570 τῷ
1636 3502 1973 3572 ήμερωτάτῳ

403 3580 496 3631 καὶ
529 3582 819 3652 πραοτάτῳ
841 3582 1214 3656 δεσμωτήριον
1234 3588 1525 3659 ἐπέτρεπε,
1553 3590 1631 3659 τῷ
1658 3591 1846 3662 κέρδος
1876 3592 1973 3661 μὲν

405 3667 571 3736 μηδὲν
623 3670 1067 3743 περιποιουμένῳ
1113 3675 1177 3726 ἐκ
1202 3674 1417 3738 τούτου,
1444 3674 1544 3737 τὰς
1572 3676 1630 3728 δὲ
1676 3676 1971 3745 ἀλγηδόνας

400 3755 512 3807 τῶν
559 3756 669 3808 εἴτε
718 3757 940 3821 δικαίως
980 3762 1090 3813 εἴτε
1153 3762 1352 3825 ἀδίκως
1395 3763 1775 3832 ἐμϐληθέντων
1829 3764 1970 3834 λόγῳ

398 3847 623 3918 χρηστῷ
656 3849 749 3901 καὶ
780 3852 1137 3921 παραινέσεσι
1191 3853 1476 3923 μειλιχίοις
1525 3854 1771 3927 ίωμένῳ;
1813 3858 1970 3910 ’Λλλά

397 3936 534 4010 δήλη
564 3940 841 3994 κάνταῦθα
865 3943 899 4012 ἡ
926 3942 1047 3996 θεία
1073 3944 1257 4014 χάρις,
1282 3945 1315 4013 ἡ
1341 3944 1439 4014 τὴν
1464 3945 1666 4017 ἀρετὴν
1695 3948 1969 4018 πανταχοῦ

397 4029 763 4097 στεφανοῦσα.
798 4027 1006 4101 Ἧρξεν
1038 4035 1095 4087 ἐν
1141 4035 1254 4098 τοῖς
1294 4034 1606 4104 βασιλείοις,
1658 4038 1748 4091 ὅτε
1792 4041 1820 4093 6
1873 4042 1969 4111 τῆς

394 4118 677 4188 Αἰγύπτου
707 4122 967 4193 τύραννος
986 4125 1085 4197 τὴν
1118 4126 1409 4196 τυραννίδα
1428 4128 1507 4192 είς
1532 4127 1807 4198 βασιλείαν
1834 4148 1967 4201 μετ-

395 4211 593 4280 έστησε
637 4212 783 4283 48)⁶
834 4215 1011 4269 πάντα
1053 4216 1162 4286 γὰρ
1218 4217 1368 4288 αύτῷ
1412 4220 1774 4291 παρεχώρησε
1830 4222 1967 4291 πλὴν

392 4302 679 4373 ὀνόματος.
707 4299 881 4373 Ἦρξε
915 4306 1009 4360 καὶ
1050 4308 1158 4363 τῶν
1185 4308 1429 4378 ἀδελφῶν
1459 4311 1731 4382 δεύτερον,
1754 4313 1841 4366 ὅτε
1873 4314 1966 4367 καὶ

393 4392 761 4464 ἀγνοούμενος
783 4397 858 4460 ῶς
891 4397 1139 4466 ἀδελφὸς,
1176 4401 1557 4471 προσεκυνήθη
1586 4403 1661 4467 ὡς
1686 4403 1960 4472 βασιλεύς.

2082 3230 2165 3284 vis
2200 3237 2343 3283 esset
2378 3230 2429 3282 in
2468 3229 2673 3282 crimen
2726 3238 2950 3282 vocatus
3001 3227 3277 3281 adulterii.
3320 3227 3652 3295 Adjunxcrat

2082 3322 2225 3375 enim
2250 3320 2351 3374 sibi
2374 3321 2798 3375 benevolentiam
2831 3320 3068 3387 praefecti
3098 3320 3335 3374 carceris
3369 3320 3481 3372 sive
3504 3332 3652 3371 com-

2083 3411 2474 3471 mentariensis.
2510 3426 2629 3479 qua:
2658 3410 2757 3479 ipsi
2793 3411 3065 3464 commisit
3114 3410 3397 3478 imperium
3458 3409 3507 3462 in
3556 3422 3648 3462 eos

2080 3504 2167 3573 qui
2191 3504 2261 3559 ibi
2286 3503 2476 3558 inclusi
2498 3503 2913 3558 detinebantur:
2940 3504 3134 3572 quibus
3161 3503 3323 3557 etiam
3351 3516 3471 3568 eum
3497 3501 3647 3570 quasi

2079 3596 2362 3664 quemdam
2424 3593 2690 3648 medicum
2752 3592 3117 3647 calamitatum
3160 3608 3379 3647 suarum
3426 3593 3645 3646 missum

2082 3686 2247 3741 fuisse
2287 3685 2544 3740 divinitus
2588 3684 2860 3739 existimo.
2894 3685 3173 3751 Quomodo
3222 3683 3364 3737 enim
3414 3683 3644 3751 alioquin

2080 3776 2193 3829 licri
2216 3776 2503 3844 potuisset,
2526 3782 2584 3828 ut
2612 3774 2845 3828 crudelis
2878 3783 3040 3843 atque
3071 3774 3293 3827 immitis
3316 3774 3423 3836 ille,
3448 3774 3645 3841 quique

2078 3880 2141 3917 ex
2202 3864 2391 3919 alienis
2455 3864 2853 3919 calamitatibus
2904 3873 3167 3934 quaestum
3213 3864 3393 3918 facere
3442 3863 3645 3918 solebat

2080 3955 2237 4026 (tales
2265 3954 2410 4009 enim
2436 3954 2552 4012 fere
2574 3968 2765 4010 onmes
2788 3963 2916 4009 sunt
2943 3955 3503 4023 commentarienses),
3524 3971 3644 4009 car-

2075 4048 2215 4101 ceris
2240 4061 2426 4102 curam
2469 4049 2516 4102 ei
2548 4049 2970 4113 commendaret,
2998 4047 3089 4116 qui
3136 4055 3279 4102 esset
3314 4046 3641 4100 mansuetis-

2075 4139 2243 4193 simus
2262 4148 2422 4208 atque
2448 4139 2783 4203 mitissimus,
2809 4140 3009 4208 quique
3032 4137 3235 4192 nullum
3257 4152 3322 4191 ex
3346 4140 3448 4193 hoc
3489 4153 3639 4207 qua:-

2074 4240 2217 4285 stum
2252 4230 2355 4285 sibi
2387 4239 2761 4298 compararet;
2794 4230 2886 4284 sed
2919 4228 3094 4298 potius
3132 4228 3183 4282 id
3231 4236 3437 4298 ageret,
3462 4238 3519 4280 ut
3548 4228 3642 4282 do-

2072 4318 2218 4373 lores
2246 4332 2432 4373 eorum
2467 4318 2556 4386 qui
2585 4318 2729 4383 illuc,
2761 4318 2871 4372 sive
2914 4316 3078 4382 juste,
3111 4314 3225 4369 sive
3260 4312 3477 4383 injuste,
3507 4328 3640 4366 con-

2068 4409 2197 4479 jecti
2254 4419 2459 4471 essent,
2513 4411 2758 4464 oratione
2820 4411 3100 4463 commoda
3162 4419 3216 4461 et
3270 4405 3641 4461 consolatione

390 4478 568 4555 Ἦρξε
599 4486 692 4539 καὶ
722 4487 824 4557 τῆς
842 4488 1119 4557 Αἰγύπτου
1143 4507 1156 4521 ·
1191 4492 1491 4561 μέλλουσαν
1530 4490 1639 4563 γάρ
1673 4493 1817 4563 λιμῷ
1844 4494 1961 4547 δια·
1994 4485 2002 4538 Ῑ

2082 4498 2264 4552 ιιίιηάα
2295 4500 2547 4554 sanaret?
2577 4498 2681 4553 Sed
2713 4499 3002 4568 conspicua
3037 4497 3134 4551 fuit
3171 4498 3255 4551 hic
3304 4510 3516 4565 quoque
3558 4494 3642 4547 di-

393 4574 733 4647 φθείρεσθαι,
766 4580 864 4651 τὴν
891 4581 999 4634 τῶν
1024 4583 1198 4636 ἄλλων
1230 4585 1425 4653 χωρῶν
1449 4586 1647 4656 τροφὸν
1678 4586 1809 4655 (49),
1842 4587 1962 4655 θεία

2068 4589 2192 4642 vina
2224 4589 2414 4657 gratia,
2447 4602 2565 4657 qua:
2598 4590 2851 4643 virtutem
2902 4591 3074 4644 ubivis
3105 4588 3343 4642 locorum
3376 4600 3638 4641 coronare

391 4668 706 4741 προμηθείᾳ
745 4671 1047 4742 διέθρεψεν.
1074 4669 1248 4744 ’Ἦρξε
1297 4677 1390 4729 καὶ
1425 4676 1586 4739 αὐτὸς
1630 4676 1825 4730 ἐαυτοῦ
1863 4678 1962 4749 τὴν

2082 4679 2233 4733 ιυιειῗ
2268 4680 2549 4748 imperium
2580 4696 2795 4748 quoque
2825 4678 3103 4733 obtinebat
3132 4678 3184 4731 in
3219 4677 3385 4741 regia,
3419 4676 3634 4744 quando

395 4758 659 4831 μεγίστην
710 4762 916 4833 ἀρχὴν,
957 4765 1016 4817 ἐν
1070 4765 1170 4834 μὲν
1236 4769 1346 4830 τοῖς
1415 4770 1690 4832 ταπεινοῖς
1757 4768 1960 4838 ὑψηλὸς

2082 4770 2309 4825 .itlelicct
2345 4769 2630 4840 {Egyptius
2657 4781 2917 4839 tyrannus
2946 4769 3281 4837 tyrannidem
3317 4766 3367 4819 in
3408 4781 3630 4834 regnum

463 4915 505 4945 "
530 4916 664 4971 Gen.
701 4932 849 4981 xxix,
892 4919 917 4971 1
944 4933 1096 4989 seqq.

1481 5034 1707 5089 vanum
1748 5035 2127 5092 LECTIONES
2165 5035 2253 5090 ET
2286 5036 2516 5106 nam.

460 5187 574 5255 (44)
600 5187 727 5243 Post
749 5189 969 5244 πάντων
994 5191 1115 5246 cod.
1143 5188 1265 5245 Vat.
1283 5187 1388 5243 650
1411 5189 1559 5244 addit
1580 5191 1709 5245 τῶν.
1732 5189 1947 5246 Possm.

459 5257 571 5330 (45)
599 5258 740 5330 Lege
770 5258 1185 5330 συνηγωνίζετο.
1218 5258 1382 5313 Rtrr.
1406 5260 1551 5313 —-Et
1575 5262 1650 5315 sic
1675 5261 1797 5315 cod.
1834 5260 1952 5315 Vat.

382 5342 474 5396 ap.
512 5325 822 5382 Possinum.

457 5396 732 5460 (46)Cod.
776 5398 900 5452 Vat.
951 5398 1056 5452 650
1095 5405 1265 5451 mutat
1307 5398 1453 5461 ὅπως
1500 5400 1551 5453 in
1605 5400 1742 5463 πῶς.
1796 5399 1947 5457 Vers.

388 5465 519 5539 inde
547 5465 601 5528 4,
630 5482 727 5539 pro
750 5467 982 5539 δουλείᾳ,
1012 5469 1150 5539 idem
1174 5467 1513 5539 ponit‘oixiq.
1536 5468 1688 5524 Vers.
1715 5485 1829 5539 seq.
1856 5484 1953 5537 pro

384 5534 625 5605 ἐνέχεεν,
660 5536 788 5605 legit
829 5534 969 5590 idem
1001 5534 1278 5605 κατέχεεν.
1317 5534 1526 5593 Possis.

465 5604 578 5673 (47)
605 5604 747 5661 ldctit
774 5608 894 5663 cod.
925 5604 1387 5673 ἐπιτροπεύουσαν
1410 5608 1619 5665 breviat
1646 5611 1700 5664 in
1733 5609 1946 5680 ἐπιτρέ-

2055 5209 2282 5246 πουσαν.
2319 5191 2393 5245 In.

2132 5261 2245 5346 (48)
2285 5260 2429 5346 idem
2477 5262 2630 5346 cod,
2676 5259 3097 5331 μετερρύθμισε.
3152 5259 3307 5317 Vers.
3356 5280 3468 5334 seq.
3506 5279 3630 5336 post

2062 5331 2200 5398 πλὴν
2235 5331 2380 5384 addit
2412 5331 2527 5386 τοῦ.
2554 5331 2633 5387 lu.
2937 5397 2946 5398 ί
3434 5331 3446 5334 ’
3506 5331 3521 5336 ’
3666 5354 3669 5355 ⁷

2131 5397 2241 5477 (ιιι)
2272 5399 2386 5467 Τὴν
2407 5400 2522 5477 τῶν
2559 5401 2772 5477 ἄλλως
2798 5397 3003 5477 χωρῶνζ
3026 5401 3266 5468 τροφόν.
3298 5401 3433 5459 llinc
3459 5406 3621 5477 {Egy-

2056 5478 2179 5592 Iplus
2204 5469 2339 5591 iRnter
2377 5471 2477 5525 tria
2519 5471 2697 5539 populi
2738 5471 2964 5525 Roxnani
2992 5470 3185 5526 horrea
3217 5478 3494 5533 numerari
3532 5469 3615 5534 B6—

2079 5550 2168 5592 tla.
2254 5555 2366 5592 nr.

2079 5550 2168 5593 Ila.
2205 5550 2366 5593 “ITT.

3538 236 3790 323 ηερε..
