4042 6146
385 279 524 346 1139

1585 279 1646 339 S.
1689 270 1982 338 ISIDORI
2020 272 2459 338 PELUSIOTA‘.r

3491 251 3637 318 ιιιθ

383 393 750 451 οοηιιιιυιονίι.
766 392 959 453 Omnia
989 393 1132 448 enim
1161 390 1263 459 ipsi
1292 390 1583 457 commisit,
1602 390 1718 446 solo
1735 400 1960 459 excepto

2068 390 2283 460 ὀφθεὶς,
2344 392 2403 443 ὲν
2447 387 2504 441 δὲ
2554 384 2667 447 τοῖς
2714 379 2941 451 ὑψηλοῖς
2984 372 3271 438 ταπεινόςο
3310 371 3408 425 καὶ
3437 371 3495 425 ἐν
3530 370 3633 441 μὶν

384 485 603 539 nomine
630 485 799 555 regio.
828 483 1132 553 Imperabat
1160 482 1351 537 deinde
1396 480 1653 537 fratribus
1701 481 1814 536 suis
1854 481 1955 534 ite-

386 582 528 639 rato,
571 576 784 643 quando
831 572 914 630 vel
957 572 1264 642 incognitus
1310 580 1370 627 ut
1414 570 1600 638 frater,
1632 571 1960 627 adorabatur

386 677 445 720 ut
492 681 606 720 rex.
647 665 950 735 lmperabat
999 678 1215 734 quoque
1255 662 1511 735 Egypto.
1553 662 1690 718 Nam
1733 677 1855 718 cum
1905 662 1958 717 in

387 770 454 810 eo
481 765 617 811 esset
655 765 712 809 ut
750 755 893 810 fame
923 765 1334 810 consumeretur
1361 769 1425 809 ea
1475 755 1644 823 regio,
1671 769 1791 824 qua:
1830 753 1960 808 alia-

387 858 507 897 rum
559 845 833 913 regionum
866 845 1045 898 nutris
1092 859 1213 899 esse
1259 844 1482 909 solebat,
1528 844 1708 899 divina
1744 842 1957 898 consilii

387 930 726 1001 providentia
754 947 872 988 eam
917 933 1051 987 aluit
1078 942 1132 988 et
1162 935 1520 989 conservavit.
1553 933 1843 1006 Imperavit
1870 936 1962 990 de-

388 1020 551 1090 nique
576 1030 631 1075 et
689 1022 917 1091 ipsemet
946 1022 1073 1088 sibi,
1101 1023 1243 1092 quod
1268 1034 1353 1079 est
1398 1023 1607 1093 imperii
1645 1039 1815 1095 genus
1841 1039 1960 1079 om-

390 1112 539 1166 nium
603 1114 920 1181 maximum,
947 1115 1160 1183 quando
1199 1123 1255 1169 et
1300 1114 1354 1171 in
1387 1115 1678 1171 humilibus
1715 1115 1962 1170 sublimis

388 1212 712 1274 conspectus
732 1213 839 1270 est,
859 1214 915 1261 et
942 1206 995 1262 in
1023 1205 1341 1261 sublimibus
1370 1206 1624 1262 humilis:
1651 1216 1707 1263 et
1727 1206 1781 1262 in
1803 1206 1962 1262 rebus

388 1295 608 1363 quidem
660 1295 988 1366 turpissimis
1034 1297 1311 1355 servitutis
1348 1311 1541 1366 expers
1588 1297 1853 1367 planeque
1892 1297 1958 1351 li-

388 1382 521 1449 her,
571 1384 625 1439 in
666 1386 878 1442 decoris
916 1395 1098 1442 autem
1145 1394 1201 1442 et
1241 1386 1481 1443 honestis
1527 1388 1962 1458 promptissimus

389 1484 551 1545 atque
582 1478 1003 1546 impigerrimus.
1048 1477 1184 1533 Nam
1220 1492 1393 1546 neque
1422 1478 1475 1533 in
1509 1488 1732 1549 paterna
1780 1479 1959 1545 domo,

390 1582 566 1635 neque
598 1568 652 1622 in
681 1568 997 1639 Egyptiaca
1044 1584 1278 1640 unquam
1328 1572 1502 1627 elatus
1548 1578 1632 1626 est
1687 1569 1960 1641 superbia,

389 1672 512 1711 cum
542 1670 601 1713 se
628 1660 696 1713 ab
723 1660 972 1715 omnibus
999 1660 1145 1731 diligi
1174 1661 1397 1715 videret.
1433 1659 1616 1731 Neque
1658 1660 1801 1717 illius
1846 1676 1961 1715 mu-

390 1746 539 1803 lieris
582 1750 855 1805 libidinem
895 1740 1193 1820 accusavit,
1225 1767 1348 1808 cum
1395 1753 1607 1821 quidem
1644 1752 1961 1822 locupletem

390 1839 613 1895 haberet
642 1849 829 1897 testem
870 1842 1122 1912 impudici
1161 1843 1361 1898 amoris
1388 1844 1659 1914 egregiam
1711 1845 1963 1909 formam,

389 1929 616 1987 haberet
643 1947 859 2003 quoque
880 1933 1308 1990 benevolentiam
1332 1933 1445 1990 heri
1464 1934 1561 1990 sibi
1590 1935 1963 1990 assistentem:

389 2021 507 2085 qui,
565 2036 689 2077 cum
721 2023 994 2080 accusatio
1046 2024 1202 2080 istius
1254 2024 1493 2080 criminis
1520 2038 1737 2094 pmnam
1775 2024 1968 2092 capitis

389 2111 603 2175 atterat,
629 2127 697 2167 ne
725 2114 938 2182 quidem
972 2114 1104 2170 loris
1139 2130 1337 2171 cassum
1370 2115 1423 2169 in
1454 2129 1725 2170 carcerem
1755 2124 1962 2170 tantum

389 2200 646 2266 coniecit.
681 2201 835 2268 Quod
869 2203 915 2257 si
955 2205 1077 2273 quis
1111 2203 1183 2257 sit
1216 2204 1304 2273 qui
1349 2202 1428 2258 sic
1464 2204 1756 2271 existimet,
1790 2203 1964 2273 ipsum

390 2290 542 2357 (talia
573 2306 883 2360 perpessum
902 2294 1069 2362 esse),
1095 2295 1349 2363 quoniam
1385 2309 1445 2350 se
1474 2294 1661 2349 ulcisci
1692 2310 1795 2350 non
1817 2305 1968 2364 pote-

390 2387 502 2442 rat,
534 2379 582 2435 is
613 2380 774 2435 velim
808 2381 1027 2450 cogitet,
1060 2397 1183 2436 eum
1224 2382 1577 2453 philosophiae
1604 2398 1823 2453 operam
1870 2387 1966 2439 de-

391 2468 560 2523 disse.
588 2470 790 2525 Deinde
825 2472 933 2540 jam
984 2474 1537 2548 regiam'potestatem
1588 2477 1834 2546 adeptus,
1873 2494 1968 2547 po-

394 2568 539 2614 terat
562 2569 713 2614 certe
747 2560 999 2630 iniuriam
1030 2562 1321 2618 vindicare.
1354 2562 1459 2617 Sed
1489 2578 1665 2633 neque
1686 2564 1968 2619 calumniis

390 2660 653 2720 gravatus
682 2650 983 2718 accusavit,
1012 2664 1185 2719 neque
1228 2652 1281 2705 in
1327 2653 1622 2708 custodiam
1668 2652 1964 2722 coniectus,

392 2741 623 2810 imperio
662 2741 764 2796 sibi
809 2742 862 2797 in
890 2741 1011 2797 illos
1040 2744 1132 2811 qui
1163 2742 1290 2797 inibi
1322 2745 1560 2800 conclusi
1596 2746 1971 2801 detinebantur

392 2832 704 2899 commisso,
733 2834 1054 2903 superbivit,
1085 2841 1139 2888 et
1174 2833 1308 2888 alios
1333 2836 1700 2902 coneulcavit;
1750 2837 1842 2892 sed
1874 2852 1963 2906 po-

393 2923 524 2989 tius,
546 2933 801 2991 quantum
827 2924 880 2979 in
907 2940 964 2979 se
986 2935 1126 2991 erat,
1144 2926 1382 2995 ipsorum
1408 2942 1545 2983 onus
1571 2930 1819 2983 mceroris
1842 2929 1968 2984 alle-

392 3016 561 3079 vavit,
592 3016 777 3085 procul
808 3017 989 3081 dubio.
1018 3019 1161 3088 quod
1207 3020 1323 3088 ipse
1369 3018 1568 3087 injuste
1598 3035 1663 3074 eo
1693 3021 1969 3090 conjectus
1995 3052 2039 3109 ο

391 3114 560 3174 esset,
586 3120 654 3162 ex
683 3107 797 3162 suis
839 3109 1045 3163 eventis
1073 3109 1437 3176 conjecturam
1481 3110 1685 3167 faciens
1708 3112 1870 3165 etiam
1904 3112 1971 3168 de

395 3195 636 3263 ipsorum
662 3195 899 3250 casibus.
943 3196 1126 3251 Solent
1157 3199 1298 3253 enim
1330 3198 1575 3267 plerique
1601 3215 1790 3255 omnes
1826 3216 1972 3256 mor-

396 3283 532 3338 tales
575 3298 642 3338 ex
686 3285 801 3340 suis
830 3285 990 3341 rebus
1020 3296 1181 3356 atque
1210 3290 1439 3355 eventis,
1494 3290 1562 3344 de
1598 3289 1721 3346 aliis
1754 3306 1972 3360 quoque

394 3374 720 3429 sententiam
771 3375 959 3431 ferre:
1002 3376 1162 3445 inque
1208 3380 1396 3448 primis
1440 3379 1493 3433 id
1538 3380 1668 3435 fecit
1712 3384 1847 3450 ipse,
1880 3385 1969 3451 qui

396 3464 596 3534 ubique
621 3465 880 3535 praeclara
932 3467 1150 3523 virtutis
1183 3470 1476 3537 specimina
1517 3469 1686 3537 dedit,
1721 3471 1887 3544 456
1915 3482 1971 3527 et

399 3565 656 3623 tanquam
705 3571 896 3611 aurum
954 3558 1005 3612 in
1060 3558 1182 3628 igne
1237 3560 1552 3629 exploratus
1609 3563 1973 3633 probatusque

398 3643 519 3706 fuit,
544 3658 764 3714 suaeque
787 3647 1056 3714 aequitatis
1085 3647 1249 3701 animi
1289 3649 1485 3703 indicia
1532 3650 1663 3705 satis
1691 3652 1971 3707 manifesta

398 3734 646 3803 pmbnit.
679 3733 743 3788 Et
771 3736 897 3803 quid
926 3736 1047 3791 dico
1078 3737 1129 3790 in
1164 3753 1383 3793 carcere
1418 3739 1548 3809 (non
1595 3739 1760 3795 fuisse
1782 3755 1971 3810 super-

400 3823 572 3893 bum),
602 3824 690 3879 ubi
720 3828 884 3880 etiam
933 3826 1039 3882 illis
1068 3842 1282 3898 quoque
1311 3828 1593 3885 humilitas
1625 3836 1682 3885 et
1711 3829 1973 3886 modestia

399 3914 672 3985 animique
730 3917 1021 3974 submissio
1074 3918 1255 3989 aliqua
1304 3919 1674 3991 ingeneratur,
1725 3922 1815 3993 qui
1866 3939 1972 3979 nou

398 4018 524 4060 sunt
559 4008 760 4078 alioqui
801 4009 955 4063 valde
1007 4010 1168 4064 alieni
1217 4026 1247 4065 a
1298 4012 1504 4079 dolore,
1548 4028 1721 4083 eaque
1768 4015 1852 4070 vel
1906 4030 1972 4069 ex

398 4098 753 4163 conscientia,
794 4099 873 4154 vel
916 4116 981 4153 ex
1009 4101 1176 4169 ipsius
1205 4100 1306 4156 loci
1337 4103 1590 4173 squalore
1634 4105 1800 4159 nata?
1836 4090 1971 4160 Cum

399 4202 577 4257 neque
609 4190 660 4242 iu
693 4191 809 4260 ipso
838 4207 1003 4262 regno
1031 4194 1433 4262 reprehensioni
1469 4194 1630 4250 fuerit
1662 4198 1929 4253 obnoxius
1956 4217 1971 4253 :

398 4279 497 4330 sed
526 4279 594 4331 ibi
622 4294 833 4349 quoque
866 4284 1111 4338 eamdem
1152 4286 1621 4339 mansuetudinem
1664 4287 1975 4357 declararit,

2056 484 2169 545 τοῖς
2187 481 2487 551 αἰσχίστοις
2515 474 2815 536 ἀδούλωτος
2846 470 2941 524 καὶ
2986 466 3293 535 ἐλεύθερος,
3322 462 3381 516 ἐν
3426 461 3486 515 δὲ
3516 462 3632 522 τοῖς

2059 571 2331 641 πρέπουσι
2370 566 2783 641 προθυμότατος
2815 562 2911 615 καὶ
2954 556 3301 617 ἀοκνότατος.
3342 551 3483 606 Οὔτε
3521 551 3635 621 γὰρ

2059 665 2118 716 ἐν
2152 664 2220 734 τῇ
2248 660 2499 731 πατρῴᾳ,
2531 659 2657 712 οὔτε
2692 658 2753 711 ἐν
2775 657 2844 726 τῇ
2885 650 3233 719 Αίγυπτιακῇ
3270 645 3442 717 οίκίᾳ,
3488 644 3633 715 ἤρθη

2062 756 2140 818 εἰς
2166 753 2525 819 ἀτασθαλίαν,
2561 751 2704 824 ὁρῶν
2730 747 2925 803 ἐαυτὸν
2951 744 3106 817 παρὰ
3148 742 3370 797 πάντων
3402 738 3633 809 ἀγαπιῖι-

2064 865 2222 921 μενον
2244 865 2258 879 ο
2306 847 2428 901 ούδέ
2458 846 2685 918 ἤλεγξεν
2706 841 2924 912 ἐκείνης
2962 839 3062 910 τὴν
3100 834 3378 905 λαγνείαν,
3413 832 3550 902 ἔχων
3572 830 3635 885 τὸ

2064 939 2163 1010 μὲν
2188 937 2384 1001 κάλλος
2403 936 2496 991 τοῦ
2528 935 2730 1007 ἔρωτος
2760 933 2979 1001 ἐκείνης
3008 928 3325 994 ἀξιόπιστον
3354 924 3631 995 μάρτυρα,

2060 1026 2158 1099 τὴν
2191 1028 2250 1081 δὲ
2284 1026 2496 1081 εὔνοιαν
2527 1026 2623 1080 τοῦ
2652 1024 2914 1079 δεσπότου
2944 1017 3477 1089 συναγωνιζομένην.
3534 1015 3633 1078 ’ος

2060 1117 2147 1188 δὴ,
2181 1117 2280 1186 τῆς
2305 1117 2643 1188 κατηγορίας
2677 1114 2895 1185 σφαγὴν
2920 1110 3240 1181 ὠδινούσης,
3274 1108 3396 1162 ούδέ
3440 1106 3634 1177 μαστί-

2064 1207 2163 1275 ξας
2185 1208 2262 1273 εἰς
2296 1209 2674 1280 δεσμωτήριον
2697 1204 2969 1260 ἐνέϐαλεν.
3003 1204 3066 1257 ΕΞ
3088 1201 3147 1256 δέ
3173 1217 3258 1264 τις
3293 1198 3524 1270 νομίζει,
3546 1195 3636 1249 διὰ

2060 1299 2123 1353 τὸ
2149 1298 2225 1371 μὴ
2245 1298 2564 1371 δεδυνῆσθαι
2613 1296 2949 1368 ἀμύνασθαι,
2997 1289 3496 1363 πεφιλοσοφηκέναι
3545 1289 3633 1341 ἐν-

2061 1390 2272 1454 νοείτω,
2316 1390 2400 1444 ὅτι
2441 1389 2563 1444 οὐδὲ
2604 1386 2930 1460 βασιλεύσας
2980 1384 3153 1456 αὐτὴν
3196 1382 3309 1455 (50)
3360 1380 3632 1451 ἠμύνατο.

2062 1479 2198 1535 Οὔτε
2227 1475 2321 1535 οῦν
2355 1480 2787 1552 συκοφαντηθείς
2808 1478 3057 1550 ήλεγξεν,
3083 1475 3210 1530 οὔτε
3238 1476 3319 1536 εἰς
3341 1474 3404 1527 τὸ
3429 1473 3635 1540 οἴκημα

2063 1572 2345 1643 ἐμπεσὼν,
2358 1571 2455 1628 καὶ
2468 1572 2569 1644 τὴν
2586 1570 2761 1643 ἀρχὴν
2781 1570 2889 1625 τῶν
2907 1572 3084 1623 ἐκεῖσε
3100 1565 3483 1638 ἐμπιστευθεὶς
3498 1564 3633 1635 (51),

2067 1662 2211 1733 μέγα
2245 1663 2537 1735 ἐφρόνησε,
2570 1664 2664 1717 καὶ
2692 1663 2818 1726 τοὺς
2853 1662 3043 1725 ἄλλους
3073 1655 3638 1727 κατεπάησενοάλλά

2065 1753 2161 1807 καὶ
2192 1753 2480 1823 ἐκούφισεν
2512 1753 2713 1816 αὐτῶν,
2760 1752 2837 1817 ὠς
2869 1751 3179 1820 ἐνεδέχετο,
3228 1748 3292 1802 τὸ
3325 1747 3424 1818 τῆς
3462 1744 3637 1815 λύπης

2064 1842 2251 1913 ἄχθος,
2275 1844 2339 1897 ἐκ
2357 1843 2469 1897 τῶν
2489 1842 2612 1896 καθ’
2641 1842 2834 1895 ἐαυτὸν
2857 1841 3009 1904 ἴσως,
3026 1841 3108 1893 ὅτι
3134 1838 3334 1901 ἀδίκως
3358 1834 3639 1905 ἐϐέϐλητο,

2065 1929 2162 1985 καὶ
2190 1930 2320 2002 περὶ
2340 1929 2564 1985 ἐκείνων
2592 1929 2971 2001 λογισάμενος.
3005 1926 3246 1982 Εἰώθασι
3271 1926 3379 1997 γὰρ
3402 1925 3640 1986 ἅπαντες

2067 2021 2133 2075 ἐκ
2165 2021 2274 2074 τῶν
2312 2020 2436 2074 καθ’
2472 2021 2721 2084 ἑαυτοὺς,
2747 2021 2841 2074 καί¹
2887 2020 3017 2090 περὶ
3051 2019 3160 2072 τῶν
3184 2017 3359 2072 ἄλλων
3397 2015 3496 2078 τὰς
3530 2014 3639 2084 ψή-

2068 2130 2204 2183 φους
2234 2113 2452 2184 φέρειν’
2482 2113 2717 2183 μάλιστα
2740 2113 2785 2166 δ’
2811 2112 3040 2175 ἐκεῖνος,
3075 2111 3103 2164 ό
3122 2106 3397 2179 πανταχοῦ
3422 2106 3641 2176 δοκίμια

2066 2204 2166 2273 τῆς
2193 2204 2395 2274 ἀρετῆς
2417 2202 2688 2268 δεδωκὼς,
2710 2202 2787 2266 ὠς
2807 2202 3009 2273 χρυσὸς
3037 2202 3095 2255 ἐν
3114 2200 3251 2271 πυρὶ
3274 2195 3640 2269 βασανισθεὶς.

2068 2294 2163 2348 καὶ
2193 2295 2295 2365 τῆς
2321 2294 2531 2359 οἰκείας
2573 2294 2755 2361 δείξας
2796 2294 2908 2365 (52)
2936 2292 3007 2346 τά
3038 2292 3416 2364 γνωρίσματα.
3450 2289 3561 2343 Καὶ
3586 2288 3641 2342 τί

2066 2383 2229 2453 λέγω,
2292 2387 2352 2438 ἐν
2393 2384 2471 2455 τῷ
2523 2383 2826 2454 οίκήματις
2882 2383 3052 2437 ’Ἔνθα
3097 2383 3193 2436 καὶ
3247 2382 3359 2441 τοῖς
3407 2377 3481 2449 μὴ
3521 2376 3643 2430 λίαν

2067 2476 2395 2546 ἀναλγήτοις
2444 2475 2692 2528 τίκτεται
2726 2492 2811 2539 τις
2835 2471 3310 2544 ταπεινοφροσύνη
3340 2472 3435 2525 καὶ
3472 2468 3644 2522 ἐπιεί-

2068 2584 2212 2633 κεια,
2244 2567 2278 2638 ἢ
2304 2568 2369 2620 ἐκ
2406 2564 2503 2619 τοῦ
2544 2565 2868 2629 συνειδότος,
2897 2566 2932 2635 ἢ
2969 2565 3036 2619 ἐκ
3057 2564 3152 2618 τοῦ
3178 2563 3343 2616 τόπου
3371 2561 3638 2630 φυομένη,

2075 2657 2241 2710 ὁπότε
2275 2655 2401 2710 οὗτε
2430 2658 2490 2711 ἐν
2513 2658 2581 2727 τῇ
2606 2656 2851 2726 βασιλείᾳ
2878 2654 3121 2726 ἠλέγχθη
3140 2671 3154 2686 ο
3184 2653 3321 2708 ἀλλά
3341 2653 3503 2707 κάκεῖ
3542 2650 3641 2720 τὴν

2069 2747 2239 2819 αὐτὴν
2256 2748 2540 2819 πραότητα
2570 2747 2682 2818 (55)
2713 2745 3048 2813 ἐπεδείξατο,
3069 2743 3289 2814 τρέφων
3350 2743 3451 2814 μὲν
3476 2742 3639 2809 Αίγυο

2069 2837 2276 2902 πτίους,
2306 2838 2401 2891 καὶ
2450 2840 2564 2902 τοῖς
2621 2836 2957 2908 πανταχόθεν
3017 2836 3213 2907 ἥκουσι
3262 2836 3419 2905 χεῖρα
3473 2846 3642 2900 σωτη-

2074 2930 2196 2999 ρίας
2228 2930 2339 3002 (54)
2381 2930 2622 3001 ὀρέγων·
2659 2930 2787 2992 τοὺς
2820 2928 2878 2982 δέ
2911 2927 3177 2997 ἀδελφοὺς
3216 2925 3280 2979 οὒ
3334 2924 3495 2996 μόνον
3544 2922 3642 2976 οὐκ

2070 3020 2433 3091 ἀμυνόμενος,
2474 3018 2610 3072 ἀλλά
2644 3019 2739 3072 καὶ
2782 3016 3110 3089 εὐεργετῶν.
3165 3016 3230 3068 Ὢ
3279 3014 3378 3084 τῆς
3420 3012 3639 3087 ἀρετῆς,

2071 3109 2167 3162 καὶ
2214 3108 2399 3162 δοῦλον
2440 3106 2820 3179 μεγαλόφρονα
2872 3104 3243 3174 ἐπιδειξάσης,
3294 3101 3390 3156 καί
3423 3099 3645 3172 βασιλέα

2068 3199 2502 3269 ταπεινόφροναι
2552 3198 2600 3253 ὣ
2647 3197 2761 3270 (55)
2828 3197 2929 3268 τῆς
2973 3194 3293 3265 ἁπανταχοῦ
3345 3194 3415 3247 τά
3469 3193 3642 3246 οίκεῖα

2069 3289 2346 3359 τεκμήρια
2378 3288 2806 3359 σημηναμένηςῐ
2855 3286 2901 3339 ὣ
2928 3287 3027 3357 τῆς
3061 3285 3438 3339 ἀταπεινώτου
3470 3285 3565 3356 μὲν
3587 3284 3644 3335 ἐν

2073 3381 2405 3449 συμφοραῖς,
2449 3379 2728 3442 ἐπιεικοῦς
2766 3379 2824 3431 δὲ
2848 3378 2907 3432 ἐν
2941 3379 3271 3448 ύπεροχαῖςί
3315 3378 3361 3429 ὣ
3383 3377 3481 3445 τῆς
3508 3376 3641 3446 μήτε

2069 3470 2136 3538 τῇ
2182 3466 2443 3539 ἀσελγείᾳ
2477 3468 2827 3539 ἠττηθείσης,
2880 3468 3018 3539 μήτε
3047 3467 3142 3520 ἐπὶ
3196 3468 3260 3537 τῇ
3312 3464 3643 3535 συκοφαντίᾳ

2071 3558 2513 3629 δυσχερανάσηςί
2553 3558 2599 3611 ὣ
2634 3560 2734 3631 τῆς
2787 3561 2924 3613 πᾶσι
2979 3558 3078 3629 μὲν
3122 3557 3438 3629 βασιλικῶς,
3488 3559 3554 3627 τῇ
3598 3556 3644 3609 δ’

2072 3651 2232 3721 ἡδονῇ
2262 3650 2604 3721 τυραννικῶς
2627 3650 3015 3722 χρησαμένηςι
3048 3649 3093 3702 ὣ
3112 3650 3213 3719 τῆς
3237 3650 3332 3702 καὶ
3372 3650 3454 3711 εἰς
3482 3647 3643 3714 ἀνάγ-

2073 3759 2177 3812 κην
2205 3742 2552 3813 ἐμπεσούσης
2584 3741 2951 3813 διηγήσασθαι
2992 3740 3063 3794 τὰ
3107 3740 3232 3794 καθ’
3283 3740 3507 3811 ἑαυτὴν,
3554 3740 3644 3792 καὶ

2073 3836 2474 3908 ἐρυθριασάσης
2515 3835 2614 3907 τὴν
2657 3835 2918 3907 ἀλήθειαν
2974 3835 3173 3899 εἰπεῖν,
3231 3834 3321 3888 ἵνα
3391 3833 3465 3903 μὴ
3518 3833 3643 3902 δόξῃ

2079 3928 2350 3996 στέφανον
2379 3927 2736 3998 σωφροσύνης
2770 3929 2936 3997 ἑαυτῇ
2963 3925 3333 3999 περιτιθέναιί
3366 3925 3504 3978 Ούτε
3541 3925 3648 3995 γὰρ

2073 4020 2185 4071 τῶν
2212 4018 2459 4088 ἀδελφῶν
2488 4018 2588 4089 τὴν
2614 4018 2906 4088 ἐπιϐουλὴν
2938 4017 3231 4087 ἐξέφηνεν,
3262 4015 3387 4069 οὔτε
3418 4016 3511 4070 τὸν
3548 4016 3645 4084 τῆς

2074 4110 2381 4179 Αἰγυπτίας
2427 4109 2635 4180 ἐρωταο
2681 4110 2796 4163 ἀλλ’
2828 4110 2966 4181 ἔφη’
3003 4127 3022 4161 ι
3072 4111 3264 4180 Κλοπῇ
3310 4110 3555 4180 ἐκλάπην
3584 4110 3646 4160 ἐκ

2075 4203 2179 4271 γῆς
2220 4200 2511 4268 Ἐϐραίων,
2560 4201 2654 4253 καὶ
2684 4194 2786 4254 ὦδε
2825 4200 3061 4270 ἐποίησα
3101 4200 3253 4253 οὐδὲν
3302 4199 3500 4252 κακόν·
3534 4198 3647 4251 ἀλλ’

2079 4293 2334 4347 ἐνέϐαλόν
2375 4310 2443 4363 με
2466 4293 2546 4355 εἰς
2578 4292 2671 4346 τὸν
2696 4292 2861 4346 τόπον
2898 4292 2994 4345 τοῦ
3026 4292 3229 4345 λάκκου
3271 4291 3481 4344 τούτου.
3515 4309 3534 4341 ι
3561 4290 3645 4341 Δι-

399 4368 526 4421 dum
557 4380 612 4423 et
639 4369 922 4441 [Egyptios
954 4373 1146 4434 aleret.
1179 4385 1232 4429 et
1276 4374 1343 4431 iis
1387 4377 1476 4445 qui
1508 4379 1676 4434 variis
1722 4393 1789 4433 ex
1842 4380 1967 4436 locis

2081 4382 2255 4443 καίως
2284 4382 2391 4452 ἄρα
2418 4384 2447 4435 ὁ
2479 4384 2578 4454 τῆς
2608 4383 2961 4455 σωφροσύνης
2997 4382 3293 4454 νομοθέτης
3322 4382 3414 4435 καὶ
3437 4380 3642 4451 πρύτα-

398 4459 778 4527 adveniebant,
804 4479 1021 4517 manum
1051 4466 1342 4519 salutarem
1370 4468 1664 4537 przeberet;
1696 4478 1753 4523 et
1781 4470 1832 4524 in
1865 4470 1974 4524 fra-

399 4564 514 4608 tres
553 4568 658 4607 non
701 4554 877 4608 solum
918 4571 1021 4610 non
1070 4558 1547 4620 animadverteret,
1579 4575 1763 4614 verum
1807 4562 1971 4616 etiam

2082 4492 2164 4536 νις
2193 4474 2526 4544 ἐϐράϐευσεν
2560 4475 2710 4545 αύτῷ
2759 4475 2852 4528 τὸν
2878 4476 3163 4543 στέφανον,
3190 4475 3527 4528 ἀπόϐλητον
3550 4470 3647 4542 μὲν

2077 4567 2191 4628 τοῖς
2220 4565 2408 4629 πάλαι,
2440 4564 2683 4634 ἀοίδιμον
2711 4564 2767 4617 δὲ
2803 4566 2917 4628 τοῖς
2939 4559 3084 4634 μετά
3124 4562 3298 4617 ταῦτα
3335 4564 3643 4634 ἀποφήνας,

396 4645 655 4701 beneficia
682 4647 973 4704 conferret.
997 4648 1041 4704 Ο
1064 4650 1431 4706 incredibilem
1455 4653 1668 4709 virtutis
1696 4653 1830 4708 vim!
1852 4670 1971 4724 qute
2000 4668 2057 4712 et
2103 4674 2317 4713 servum
2362 4658 2761 4729 magnanimum
2783 4659 3047 4723 exhibuit,
3075 4669 3126 4711 et
3188 4672 3367 4727 regem
3395 4656 3646 4711 humilem

397 4749 560 4808 atque
590 4738 915 4795 demissum!
949 4740 993 4796 0
1024 4741 1300 4808 virtutem,
1353 4758 1473 4812 quae
1520 4744 1696 4800 ubivis
1725 4745 1965 4801 locorum
1998 4748 2278 4805 manifesta
2350 4751 2433 4805 sui
2463 4751 2616 4819 signa
2641 4749 2837 4804 edidit!
2867 4750 2911 4803 Ο
2936 4750 3210 4813 virtutem,
3273 4763 3392 4818 quae
3425 4749 3477 4803 in
3504 4748 3646 4800 cala-

397 4829 678 4887 mitatibus
697 4832 912 4902 quidem
938 4834 1161 4890 minime
1191 4834 1456 4902 abiectam
1499 4850 1557 4891 se
1586 4837 1873 4906 praestitit;
1914 4840 1965 4893 iu
1999 4842 2291 4897 eminentia
2321 4857 2451 4898 vero
2484 4843 2669 4897 mitem
2736 4848 2792 4896 et
2819 4841 3211 4911 attimtequam!
3282 4839 3329 4895 Ο
3372 4839 3648 4903 virtutem,

1489 5006 1726 5063 VARUE
1767 5007 2154 5067 LECTIONES
2186 5011 2273 5067 ET
2310 5010 2543 5068 NOTAE.

468 5158 582 5233 (50)
615 5157 923 5233 Ed._Paris.
953 5160 1087 5213 ὅπου
1125 5159 1464 5233 δέᾼβασ-ιλεὺς
1503 5161 1763 5233 ἀμυνάτω
1800 5163 1961 5233 αὐτή.

398 5225 697 5295 Sequimur
728 5227 1009 5284 lectionem
1042 5225 1245 5285 codicis
1283 5225 1732 5287 VaticaniIEut'r.

468 5299 583 5368 (51)
613 5297 717 5351 Pro
742 5299 1124 5372 suntc‘reutid;
1178 5300 1317 5372 idem
1366 5302 1548 5372 habet_
1587 5300 1969 5372 ἐγχειρισθείς.

397 5366 703 5437 γοήμεθιι.
736 5366 1031 5437 ,ἐκούφισεν
1059 5377 1219 5437 auget
1263 5370 1313 5421 in
1356 5366 1714 5437 ἐπεκούφισεν
1742 5366 1796 5424 et
1826 5387 1971 5428 vers.

398 5435 581 5509 inde?
608 5451 708 5509 prq
731 5435 992 5509 ἐϐέϐλητο
1032 5435 1219 5509 scribit
1250 5435 1579 5509 ἐμϐέϐλητοζ
1612 5440 1825 5495 Possm.

472 5505 590 5577 (52)
630 5503 745 5577 Tﬁc
776 5503 999 5577 οἰκείας
1030 5506 1254 5572 δείξας.
1281 5503 1505 5561 Videtur
1533 5508 1749 5577 aliquod
1778 5525 1972 5564 nomen

402 5574 1024 5644 substantivumdeesse,
1048 5577 1132 5627 cui
1158 5574 1689 5644 adjiciaturoixeidg,
1710 5580 1809 5634 nisi
1835 5583 1975 5633 forte

403 5656 502 5708 pro
532 5656 598 5696 eu
632 5642 912 5710 legendum
954 5645 1270 5708 ἐπιεικείας.
1301 5646 1465 5701 Βιττ.
1493 5676 1561 5687 -
1594 5642 1737 5705 Inter
1765 5648 1972 5710 οἰκείας

2072 5177 2127 5222 et
2147 5168 2326 5232 δείξας
2356 5169 2478 5224 cod.
2508 5169 2629 5223 Vat.
2662 5169 2853 5226 inserit
2884 5169 3181 5233 εὐγενείας.
3210 5169 3426 5226 Possm.

2148 5238 2424 5311 (55)_Post
2454 5238 2737 5311 πραότητα
2764 5240 2887 5296 cod.
2937 5238 3061 5295 Vat.
3115 5241 3264 5295 addit
3306 5240 3399 5293 καὶ
3442 5238 3644 5309 ἡμερό-

2074 5323 2234 5376 τητα.
2261 5307 2470 5362 Possm.

2147 5377 2260 5446 (54)
2283 5378 2458 5444 Χεῖρα
2499 5378 2816 5446 σωτηρίας.
2848 5378 2910 5433 F.
2951 5377 3161 5444 legend.
3192 5378 3484 5446 cwrhptov.
3514 5376 3650 5429 Illud

2076 5445 2289 5516 manum
2322 5448 2513 5501 salulis
2563 5448 2793 5516 prwbere
2844 5449 3224 5502 Hebruismum
3262 5445 3421 5515 sapit.
3474 5445 3646 5500 Bt'rr.
3742 5468 3751 5479 ~

2148 5515 2262 5586 (55)
2297 5517 2429 5570 Cod.
2461 5516 2583 5570 Val.
2613 5516 2659 5568 ὢ
2696 5529 2865 5571 mutat
2902 5520 2951 5569 in
2979 5517 3075 5577 ὡς,
3098 5527 3309 5572 etvers.
3327 5531 3444 5586 seq.
3472 5531 3651 5586 σημη-

2083 5585 2321 5656 ναμένης
2353 5598 2511 5656 auget
2545 5588 2597 5641 in
2620 5604 2961 5659 κατασημην.
3008 5588 3220 5642 Possm.
