4042 6146
379 221 515 291 1141
1222 233 1759 328 EPISTOLARUM
1796 244 1925 305 LIB

2032 244 2081 307 γ.
2112 269 2182 282 -
2216 244 2454 308 EPIST.
2496 244 2755 310 LXXXI.
3496 249 3633 320 1142
3660 264 3663 269 ’
3691 310 3694 313 ,

374 352 500 436 quae
528 353 707 436 neque
732 338 953 436 libidine
984 354 1241 413 superata
1278 358 1386 417 est,
1429 368 1607 425 neque
1637 356 1962 411 calumniam
1996 356 2215 429 indigne
2243 358 2391 414 tulit!
2457 359 2503 416 0
2534 360 2964 432 virtutemque
3025 362 3236 420 caeteris
3267 363 3486 436 quidem
3514 381 3634 423 om-

374 428 536 528 nibus
564 431 770 500 regium
793 432 854 528 in
883 447 1112 528 morem,
1161 438 1277 495 sola
1318 450 1505 500 autem
1574 446 1848 517 voluptate
1935 428 2214 520 tyrannice
2254 464 2351 505 usa
2391 451 2504 506 esti
2537 450 2583 507 0
2644 428 2924 519 virtutem,
2991 467 3112 525 qua:
3147 428 3312 517 etiam
3347 465 3635 528 postquam

374 518 431 615 in
460 527 763 577 extremam
792 524 981 581 incidit
1011 528 1416 602 necessitatem,
1468 536 1689 593 erubuit
1730 553 1796 594 ea
1846 518 2272 596 commemorare
2326 555 2448 611 qua:
2501 541 2606 599 sibi
2680 518 3027 611 acciderunt,
3046 554 3211 615 atque
3243 547 3316 601 ita
3347 518 3636 604 veritatem

373 610 676 678 dicere,ne
711 627 970 671 coronam
1013 618 1253 677 castitati
1293 622 1531 681 debitam
1563 627 1667 685 sibi
1715 629 1819 699 ipsi
1866 631 2145 700 imponere
2209 610 2361 689 velle
2403 632 2684 689 videatur!
2749 633 2884 690 Nam
2921 649 3099 706 neque
3122 610 3360 693 iratrnm
3414 640 3638 697 insidias

371 705 661 774 exposuit:
682 722 858 779 neque
886 720 948 767 ut
969 725 1115 771 esset
1144 717 1213 772 ab
1233 717 1486 792 Egyptia
1517 721 1787 794 impudice
1806 733 2020 782 amatus
2049 739 2067 780 :
2103 727 2202 783 sed
2263 727 2367 783 hoc
2412 737 2621 784 tantum
2668 729 2843 785 dixit:
2873 747 2893 781 ι
2958 705 3128 785 Furto
3154 731 3444 801 subreptus
3514 748 3634 787 sum

369 811 439 896 ex
493 809 639 857 terra
689 801 1067 896 Hebraeorum,
1105 818 1162 866 et
1196 812 1287 868 hic
1326 827 1434 871 non
1489 815 1593 874 feci
1649 818 1943 890 quidquam
1982 818 2144 885 mali;
2175 821 2269 878 sed
2305 822 2658 892 coniecerunt
2716 837 2804 879 me
2833 824 2887 879 in
2916 823 3095 881 locum
3150 824 3302 881 lacus
3328 825 3495 896 hujus
3511 827 3580 879 ³⁸.
3607 845 3627 879 1

369 891 504 988 Qua
530 907 654 948 cum
685 894 764 951 ita
790 896 923 967 sint,
977 902 1246 960 castitatis
1283 904 1560 978 legislator
1585 918 1643 969 et
1668 926 1867 981 praeses
1888 926 1955 970 ac
1976 923 2373 978 remunerator,
2409 891 2416 892 ⁷
2432 916 2559 985 jure
2614 930 2680 972 ac
2728 917 2927 973 merito
3003 917 3104 987 ipsi
3147 917 3374 973 contulit
3400 891 3632 988 'przemii

372 983 495 1079 loco
520 1000 801 1053 coronam,
823 1003 944 1059 qua
963 1002 1019 1049 et
1047 994 1116 1052 iis
1140 997 1231 1067 qui
1255 996 1385 1055 olim
1410 1010 1536 1059 ante
1560 1018 1660 1060 nos
1675 1005 1950 1074 vixerunt,
1986 1005 2277 1076 conspicua
2316 983 2448 1073 fuit,
2463 1017 2521 1065 et
2538 1008 2646 1063 erit
2707 1007 2943 1065 celebris
2990 983 3153 1066 etiam
3186 1010 3255 1065 ad
3276 983 3494 1067 omnem
3511 1023 3634 1079 qua

369 1076 553 1133 futura
583 1088 667 1133 est
698 1082 1091 1149 posteritatem.

603 1190 685 1245 H'.
720 1220 790 1231 —
822 1195 1252 1271 ΑΡΣΕΝΟΥΦῙῼ
1276 1201 1711 1277 ΑΝΛΓΝΩΣἸᾘ.

369 1279 513 1348 Περὶ
544 1280 653 1335 τοῦ
694 1281 1095 1368 Ἁποστότιου,
1128 1289 1218 1368 ὕει
1256 1309 1275 1344 ι
1304 1294 1529 1361 Σκεῦας
1553 1294 1723 1368 suo;
1737 1296 1814 1367 ἧς
1845 1299 1953 1367 μοι

930 1356 1104 1412 ἐστιν
1128 1355 1329 1429 οὗτος.
1358 1381 1381 1417 1

447 1484 467 1518 ι
500 1463 700 1530 Σκεῢος
745 1467 976 1541 ἐκλογῆς
1002 1470 1095 1541 μοί
1123 1473 1271 1531 ἐστιν
1298 1467 1476 1545 οὗτος,
1514 1496 1534 1531 1
1565 1480 1698 1553 περὶ
1736 1481 1947 1537 Παύλου

369 1562 542 1631 φησὶν
591 1562 623 1615 ό
671 1563 929 1634 Χριστὸς,
982 1566 1074 1620 ὅτε
1126 1567 1188 1623 τὸ
1242 1570 1601 1631 ἁποστολικδν
1651 1576 1802 1649 αὐτῷ
1850 1579 1951 1651 κή-

369 1671 562 1744 ρυγμα
610 1654 722 1725 (56)
779 1656 1131 1744 ἐνεχείρισεν.
1186 1660 1260 1716 Οὐ
1310 1663 1422 1737 γὰρ
1468 1666 1557 1735 ἂν,
1589 1668 1729 1741 ὑπὲρ
1772 1664 1841 1744 ἧς
1888 1671 1950 1726 τὸ

365 1743 549 1813 τίμιον
591 1744 759 1798 αὑτοῦ
788 1741 931 1817 αἷμα
964 1747 1181 1820 ἐξέχεεν
1234 1751 1587 1826 Ἐκκλησίας,
1620 1741 1827 1831 ταύτην
1853 1761 1949 1830 φέ-

365 1850 479 1905 ρων
504 1835 851 1904 παραδέδωκε
873 1838 1180 1915 διδασκάλῳ
1220 1844 1299 1915 μὴ
1336 1845 1585 1915 μέλλοντι
1606 1848 1707 1920 τὴν
1746 1850 1948 1923 ἀρετὴν

361 1926 692 1998 ἀντίρροπον
728 1929 997 1986 συνοίσειν
1042 1935 1110 2006 τῇ
1158 1934 1380 2006 χάριτν
1424 1937 1541 1992 ἀλλ’
1576 1940 1700 1995 οὐδὲ
1741 1941 1948 2014 ταύτην

361 2014 601 2069 ἐποιεῖτο
631 2016 730 2089 τὴν
759 2020 1094 2093 μαρτυρίαν,
1124 2023 1200 2096 μὴ
1241 2026 1647 2097 συμϐαίνουσαν
1676 2030 1818 2103 όρῶν
1844 2032 1947 2085 αὐ-

360 2104 457 2159 τοῦ
485 2105 586 2178 τὴν
620 2108 934 2181 προθυμίαν
954 2111 1032 2183 τῷ
1064 2114 1286 2185 μεγέθει
1321 2118 1415 2172 τοῦ
1443 2119 1786 2192 πράγματος.
1811 2123 1949 2195 Τρέ-

360 2212 481 2265 χειν
518 2197 625 2271 γὰρ
653 2197 713 2251 τὸ
756 2200 1019 2273 κήρυγμα
1069 2206 1352 2278 πανταχοῦ
1378 2208 1649 2277 ἐϐούλετο,
1678 2211 1741 2265 οὐ
1781 2211 1943 2282 μόνον

358 2284 442 2356 τῷ
462 2285 628 2353 λόγῳ,
668 2288 806 2345 ἀλλὰ
832 2292 929 2345 καὶ
955 2294 1033 2363 τῷ
1055 2295 1243 2367 τρόπῳ
1268 2297 1378 2351 τῶν
1406 2300 1789 2370 κηρυττόντων
1821 2318 1943 2355 νευ-

362 2376 646 2448 ρούμενον.
687 2380 772 2435 Τὰ
810 2383 911 2453 μὲν
935 2383 1045 2458 γὰρ
1077 2389 1282 2457 σημεῖα
1311 2389 1407 2443 καὶ
1434 2390 1693 2445 ὑπόνοιαν
1719 2392 1941 2447 δύναται

355 2466 610 2533 δέξασθαι
637 2472 881 2544 πονηράν
924 2472 1057 2545 (57)·
1093 2475 1207 2546 βίος
1244 2478 1303 2533 δὲ
1324 2480 1503 2550 ὀρθὸς,
1527 2481 1622 2535 καὶ
1646 2482 1814 2537 αὐτοῦ
1844 2482 1939 2539 τοῦ

1976 1193 2024 1251 Α
2265 1209 2474 1267 Lxxx.
2507 1242 2575 1253 —
2609 1212 3056 1271 ARSENUPHIO
3095 1213 3417 1274 LECTORI.

2124 1303 2201 1358 De
2232 1302 2505 1373 Apostolo,
2537 1324 2556 1357 ι
2610 1303 2713 1361 Vas
2753 1305 3016 1363 electionis
3045 1308 3171 1363 mihi
3205 1318 3282 1366 est
3311 1311 3407 1366 istc
3426 1311 3492 1365 ⁸⁸.
3532 1329 3552 1363 1

2129 1508 2147 1540 ι
2178 1486 2281 1543 Vas
2310 1486 2591 1543 electionis
2616 1487 2691 1559 (id
2717 1496 2801 1545 est
2826 1487 3078 1559 electum)
3099 1488 3231 1544 mihi
3253 1498 3338 1546 est
3367 1491 3469 1546 iste
3491 1509 3539 1558 ,1
3561 1493 3630 1548 de

2050 1576 2218 1632 Paulo
2247 1577 2420 1648 inquit
2446 1576 2719 1646 Christus,
2745 1576 2963 1647 quando
2988 1576 3339 1646 apostolicum
3368 1578 3471 1648 ipsi
3491 1595 3628 1650 pra-

2048 1666 2263 1720 conium
2311 1665 2703 1721 committebat.
2754 1662 2941 1734 Neque
2985 1666 3132 1721 enim
3176 1664 3494 1734 Ecclesiam,
3529 1683 3629 1738 pro

2048 1772 2151 1827 qua
2179 1757 2470 1827 pretiosum
2497 1757 2815 1828 sanguinem
2860 1770 3019 1812 suum
3041 1755 3327 1825 elfuderat,
3363 1762 3626 1830 magistro

2049 1858 2252 1906 temere
2280 1849 2590 1906 tradidisset
2618 1848 2733 1917 tali,
2770 1849 2861 1919 qui
2908 1848 3162 1906 virtutem
3194 1849 3625 1921 industriamque

2048 1955 2199 1996 suam
2236 1955 2420 2010 parem
2447 1949 2502 1996 et
2534 1940 2945 2010 respondentem
2976 1941 3163 2013 gratia
3203 1940 3468 1999 allaturus
3512 1960 3618 2000 non

2044 2040 2189 2087 esset
2220 2047 2234 2084 :
2264 2031 2359 2087 sed
2403 2046 2576 2101 neque
2606 2032 2708 2087 hoc
2743 2033 3108 2088 testimonium
3138 2031 3187 2086 ei
3236 2032 3618 2102 perhibuisset,

2045 2119 2090 2175 si
2119 2133 2225 2174 non
2248 2120 2473 2176 vidisset
2494 2120 2714 2191 paribus
2735 2121 2882 2176 velut
2908 2121 3157 2189 passibus
3184 2123 3617 2194 progredientem

2044 2211 2213 2279 ipsius
2243 2210 2406 2265 animi
2434 2211 2910 2281 promptitudinem
2932 2227 3056 2267 cum
3088 2212 3201 2283 ipsa
3243 2213 3321 2267 rei
3352 2215 3622 2284 magnitu-

2042 2302 2187 2358 dine.
2212 2301 2426 2372 Ubique
2454 2302 2599 2357 enim
2629 2302 2871 2359 locorum
2912 2317 3134 2358 currere
3168 2302 3382 2359 volebat
3418 2318 3623 2374 praeco-

2041 2392 2215 2459 nium,
2247 2407 2351 2448 non
2386 2391 2562 2449 solum
2606 2406 2878 2458 sermone,
2909 2391 3003 2447 sed
3039 2402 3095 2447 et
3142 2392 3386 2448 moribus
3417 2407 3621 2462 praeco-

2042 2484 2191 2539 nium
2224 2483 2536 2539 facientium
2584 2482 2730 2538 velut
2793 2482 3115 2551 quibusdam
3163 2484 3347 2539 nervis
3398 2497 3619 2553 compa-

354 2556 608 2612 διαϐόλου
641 2561 946 2634 ἐμφράττει
1004 2566 1067 2619 τὸ
1107 2568 1305 2640 στόμα.
1356 2570 1452 2642 Μὴ
1501 2575 1687 2627 τοίνυν
1733 2576 1798 2629 ὲκ
1828 2576 1929 2629 τῶν

2040 2582 2210 2631 ctum.
2237 2573 2402 2647 457
2422 2572 2555 2629 Nam
2574 2550 2832 2629 miracula
2852 2573 3067 2643 quidem
3084 2574 3244 2631 etiam
3259 2550 3619 2644 suspicion—em

356 2650 600 2719 σημείων
618 2653 776 2723 μόνον
790 2657 1195 2727 νομιζέσθωσαν
1212 2662 1325 2732 (58)
1340 2665 1744 2738 κεκρατηκέναι
1762 2666 1824 2720 τὸ
1837 2667 1938 2738 κή-

356 2756 566 2810 ρυγμα,
590 2743 640 2795 οἱ
666 2745 939 2816 μηδεμίαν
971 2747 1087 2819 βίου
1128 2751 1291 2823 όρθοῦ
1320 2753 1638 2827 βουλόμενοι
1660 2757 1937 2812 ποιεῖσθαι

353 2830 636 2898 πρόνοιαν.
669 2834 1018 2907 Συνέπραττε
1046 2838 1156 2911 γὰρ
1194 2844 1306 2906 τοῖς
1326 2844 1633 2915 γινομένοις
1659 2847 1754 2899 καὶ
1782 2846 1937 2915 λεγο-

354 2918 539 2985 μένοις
563 2923 658 2975 καὶ
687 2925 716 2977 ό
743 2924 852 2978 τῶν
882 2930 1269 2997 κηρυττόντων
1288 2930 1425 3001 βίος,
1463 2934 1733 3005 μηδεμίαν
1764 2934 1934 3006 λαϐὴν

348 3011 546 3076 διδούς.
582 3015 645 3068 El
673 3015 851 3070 τοίνυν
880 3018 977 3071 καὶ
998 3018 1093 3073 νῦν
1115 3022 1144 3075 ό
1179 3021 1288 3076 τῶν
1310 3023 1608 3094 ὑφηγητιῖΝ
1638 3024 1750 3094 βίος
1770 3024 1930 3096 ήμιλ-

348 3101 484 3157 λᾶτο
510 3106 577 3176 τῇ
601 3107 934 3180 ἀποστολικῇ
983 3111 1255 3183 πολιτείᾳ,
1299 3114 1430 3177 ἴσως
1471 3115 1573 3185 μὲν
1596 3117 1690 3170 καὶ⁸
1727 3119 1929 3188 σημεῖα

348 3194 562 3263 ἐγίνετο
584 3198 671 3253 ἄν.
705 3199 769 3254 Ei
816 3201 873 3254 δὲ
918 3202 1012 3257 καὶ
1044 3205 1122 3275 μὴ
1166 3206 1401 3275 ὲγίνετο,
1452 3206 1614 3278 ἢρκει
1646 3206 1785 3280 πρὸς
1810 3226 1925 3279 φω-

346 3286 547 3356 τισμὸν
574 3288 680 3343 τῶν
704 3292 981 3361 ὁρώντων.

2040 2680 2261 2734 pravam
2292 2665 2534 2736 recipere
2559 2675 2790 2736 possunt
2819 2667 2997 2735 (quasi
3043 2665 3250 2722 scilicet
3294 2680 3323 2718 a
3374 2665 3619 2721 daemone

2040 2756 2221 2825 potius
2251 2771 2415 2825 quam
2441 2772 2470 2810 a
2502 2756 2609 2810 Deo
2635 2755 2961 2825 patrentur).
2988 2756 3108 2812 Vita
3134 2764 3314 2811 autem
3359 2764 3508 2811 recta
3537 2755 3617 2824 ip-

2037 2848 2152 2903 sius
2179 2848 2342 2903 etiam
2378 2846 2577 2902 diaboli
2632 2861 2694 2901 os
2742 2846 2982 2903 obturat.
3037 2847 3219 2915 Quare
3267 2847 3359 2917 qui
3410 2847 3615 2902 nullam

2037 2939 2161 2993 vita:
2222 2940 2405 3008 proba:
2426 2952 2611 2993 curam
2656 2939 2935 3007 suscipere
2970 2939 3185 3005 volunt,
3221 2956 3326 2995 non
3355 2949 3441 2995 est
3470 2941 3615 3010 quod

2036 3030 2370 3095 existiment,
2403 3044 2501 3100 per
2536 3031 2648 3086 sola
2688 3032 2826 3085 mira
2855 3031 3106 3087 effectum
3152 3030 3341 3096 fuisse,
3383 3042 3444 3088 ut
3486 3047 3611 3103 prae.-

2035 3120 2253 3175 conium
2310 3118 2638 3193 (Evangelii)
2680 3123 2972 3177 obtineret.
3018 3120 3425 3194 Cooperabatur
3468 3123 3612 3179 enim

2033 3210 2140 3266 illis
2179 3226 2299 3282 quae
2342 3210 2544 3267 fiebant
2573 3227 2639 3268 ac
2666 3213 3007 3282 dicebantur,
3039 3216 3204 3271 etiam
3251 3215 3359 3271 vita
3406 3229 3611 3285 praeco-

2032 3303 2181 3357 nium
2211 3302 2343 3357 illud
2373 3302 2713 3370 facientium,
2747 3305 2948 3361 nemini
2982 3305 3147 3361 ullam
3178 3306 3610 3377 reprehendendi

346 3390 537 3469 ansam
567 3380 832 3448 praebens.
871 3385 927 3439 Si
962 3386 1126 3457 igitur
1175 3389 1441 3461 hodieque
1472 3392 1582 3448 vita
1626 3395 1906 3451 doctorum
1947 3396 2204 3454 Ecclesiae
2253 3399 2605 3469 apostolicam
2660 3399 2808 3455 illam
2839 3400 3056 3456 vivendi
3137 3400 3405 3456 rationem
3446 3416 3609 3455 aemu-

345 3464 569 3532 laretur,
592 3470 830 3561 fortasse
865 3476 1120 3534 miracula
1148 3479 1313 3535 etiam
1345 3481 1557 3540 fierent.
1592 3484 1689 3541 Sin
1730 3496 1908 3543 autem
1947 3495 2003 3544 et
2040 3488 2182 3544 nulla
2225 3464 2439 3557 [ie-rent,
2496 3488 2764 3546 suilicerct
2836 3490 2905 3546 ad
2972 3490 3353 3547 illuminandos
3394 3501 3609 3561 specta-

345 3567 492 3615 tores
519 3560 599 3616 vel
628 3564 739 3618 sola
765 3565 894 3621 vita.

580 3672 711 3728 UA'.
750 3705 821 3715 —
857 3677 1163 3749 ΝΕΜΕΣΙῼ
1203 3681 1697 3757 ΜΑΓΙΣΤΡῙΑΝῼ.

340 3780 450 3845 Εἰς
474 3781 562 3846 τὸ,
596 3800 616 3834 ι
647 3783 871 3862 prima,
902 3786 1020 3862 όσα
1042 3784 1318 3862 ἄν’-εἷπεν
1344 3793 1377 3844 ό
1406 3792 1642 3859 Κύριος,
1675 3795 1924 3862 ποιήσο-

2207 3691 2445 3752 LXXXI.
2478 3725 2546 3736 -—
2581 3694 2885 3750 NEMESIO
2932 3694 3429 3757 MAGISTRIANO.

2030 3800 2098 3855 In
2123 3801 2254 3856 illud
2276 3818 2297 3858 :
2330 3820 2349 3854 ι
2388 3802 2584 3876 Omnia
2606 3820 2928 3876 qutrcunqtte
2968 3806 3104 3859 dixit
3144 3805 3419 3871 Dominus,
3437 3808 3605 3876 facie-

576 3852 673 3944 sagi
689 3854 1260 3944 ’t‘ixovvdpeois'(58').
1292 3879 1312 3913 1
1336 3852 1562 3944 Kaijlc
1590 3852 1681 3944 τό,
1715 3864 1777 3915 Ὀ
1799 3852 1924 3933 ’ψυ-

2032 3852 2050 3855 ⁷
2067 3852 2255 3944 "an;
2276 3852 2355 3926 ἐὶ
2395 3852 2997 3944 ἱιᾷἆέέῖηἷιὶῖῖίῗὶἧεὶ
3007 3852 3125 3927 ’ἐπ’δῇ
3144 3852 3397 3931 Hine?
3406 3852 3419 3871 ⁷
3437 3852 3603 3931 Ἰῖἇὶἷιε

412 3921 583 4001 ζιικιὸς
602 3921 1006 4001 ᾅνθρῳποςῗοὺ
1026 3921 1263 4001 δέχεται
1287 3932 1358 3983 τὰ
1377 3930 1484 4001 τοῦ
1503 3921 1861 4001 seminata}.
1899 3951 1918 3986 1

414 3990 524 4043 Καὶ
577 3994 663 4073 sic;
712 3990 819 4073 te,
857 3990 993 4073 «⁸⁷οὺ
1037 3990 1288 4073 διξῖθαται
1346 4000 1600 4069 δένδρον
1650 3990 1916 4073 Ξτονηρὸν

409 4061 679 4129 καρποὺς
705 4065 934 4132 καλοὺς
963 4069 1174 4123 ποιεῖν.
1218 4089 1237 4122 1

410 4185 483 4239 Σὺ
512 4187 612 4257 μὲν
643 4188 772 4255 ἴσως
805 4192 1092 4250 ἀλλόκοτον
1130 4196 1371 4267 νομίζεις
1405 4200 1503 4271 τὴν
1549 4201 1733 4272 φωνὴν
1756 4241 1771 4267 ,
1820 4203 1916 4257 ἆτε

337 4276 493 4346 παρὰ
547 4280 834 4349 Ἰουδαίων,
885 4286 992 4339 τῶν
1039 4288 1206 4358 μηδὲν
1250 4289 1409 4362 ὀρθὸν
1454 4292 1595 4363 μήτε
1648 4292 1915 4362 λεγόντων

337 4367 481 4436 μήτε
508 4372 876 4441 πραττόντων,
906 4376 1184 4447 ῥηθεῖσαν·
1221 4380 1332 4450 ἐγὼ
1368 4382 1458 4446 δὲ,
1483 4384 1673 4453 ἐπειδὴ
1701 4386 1729 4437 ό
1756 4402 1914 4455 νομο-

335 4457 504 4529 θέτης
540 4463 738 4529 αὐτοὺς
765 4466 845 4531 είς
884 4468 1043 4522 τοῦτο
1067 4472 1129 4523 οὐ
1174 4474 1569 4545 κατεμέμψατο
1589 4515 1604 4538 ,
1632 4477 1874 4547 ἠγοῦμαι
1894 4517 1909 4541 ,

333 4549 418 4603 ὅτι
446 4551 559 4625 (59)
588 4554 625 4608 ἃ
656 4556 761 4628 χρὴ
791 4559 1160 4627 μανθάνοντας
1194 4565 1476 4633 πράττειν,
1499 4566 1672 4622 ταῦτα
1700 4567 1787 4621 διὰ
1814 4568 1909 4622 τοῦ

2096 3941 2375 4016 άίςιιιηιελ
2417 3943 2993 4016 Animaiishomonon
3008 3945 3224 4016 percipit
3245 3962 3307 3998 ea
3338 3963 3456 4016 quae
3481 3958 3603 4000 sunt

2089 4011 2309 4079 spiritus
2329 4011 2395 4067 ⁸⁸.
2418 4029 2437 4063 1
2461 4010 2597 4065 Item
2616 4013 2675 4067 in
2689 4012 2821 4066 illud
2845 4010 3042 4066 Christi
3065 4029 3084 4069 :
3116 4030 3135 4064 ι
3152 4010 3295 4069 Non
3324 4010 3488 4070 natast
3507 4033 3599 4070 ar-

2091 4082 2186 4135 bor
2221 4081 2364 4136 mala
2384 4082 2591 4151 [ructus
2619 4084 2780 4138 bonos
2801 4082 2975 4152 facere
3000 4084 3069 4141 ⁸⁹.
3108 4100 3128 4134 1

2090 4206 2173 4264 Tu
2226 4210 2445 4280 quidem
2497 4210 2748 4268 fortassis
2798 4213 3089 4269 absurdam
3133 4216 3421 4272 exiStimas
3478 4231 3602 4273 esse

2018 4314 2229 4368 vocem,
2264 4310 2520 4373 tanquam
2567 4320 2597 4358 a
2637 4304 2857 4373 Judaeis,
2887 4305 3019 4362 nihil
3067 4308 3202 4365 recti
3233 4310 3480 4380 'sanique
3513 4312 3598 4366 vel

2019 4392 2324 4448 dicentibus
2360 4394 2444 4450 vel
2483 4395 2825 4463 facientibus,
2878 4399 3169 4468 prolatam.
3193 4404 3265 4457 At
3302 4417 3424 4473 ego,
3470 4403 3598 4473 quia
3679 4474 3683 4476 γ

2017 4482 2297 4550 legislator
2324 4484 2473 4555 ipsos
2498 4487 2551 4541 in
2580 4502 2647 4542 eo
2681 4503 2784 4543 non
2810 4489 3174 4559 reprehendit,
3203 4492 3284 4547 sic
3314 4493 3552 4551 arbitror
3580 4512 3593 4547 :

2018 4576 2275 4646 quoniam
2306 4592 2427 4646 quae
2456 4579 2713 4636 discendo
2759 4581 2939 4638 facere
2961 4592 3192 4652 oportet,
3231 4599 3294 4640 ca
3344 4585 3595 4641 faciendo

414 4726 462 4759 ⁸⁸
494 4729 629 4788 Gen.
668 4736 874 4801 31.,l5.
948 4740 995 4771 “
1016 4740 1136 4795 Act.
1171 4756 1244 4807 ιι,
1275 4743 1357 4799 l5.
1442 4746 1487 4777 ⁵⁷
1522 4746 1673 4800 Deut.
1704 4762 1756 4813 v,
1793 4749 1886 4802 27.
1970 4751 2016 4782 ⁸⁸
2046 4750 2061 4804 l
2092 4750 2219 4808 Cor.
2252 4768 2312 4818 11,
2349 4753 2437 4810 14.
2513 4756 2558 4787 ⁵³
2594 4755 2783 4811 Matth.
2810 4772 2906 4821 vn,
2938 4759 3026 4815 18.

1426 4897 1662 4955 VARUE
1700 4900 2082 4959 LECTIONES
2116 4904 2204 4960 ET
2244 4905 2473 4962 NOT/E.

407 5038 971 5138 ςίὶθὶεςοτκιήρυέτμα
1022 5049 1329 5138 idem-cod.
1354 5055 1507 5138 ,legit
1544 5057 1799 5138 ‘xdptg‘na
1843 5070 1899 5113 et

2036 5063 2294 5138 crstimle
2322 5064 2355 5138 ᾗ
2390 5073 2507 5138 post
2540 5065 2980 5138 μηδεμίαν-οάόὶι
3018 5069 3229 5138 μηδενί.
3260 5073 3472 5129 Possm.

330 5123 633 5188 vcr§.__post
665 5115 1049 5188 5_dtvripp‘ortov
1078 5122 1321 5176 mutatin
1343 5115 1654 5181 avri-nativa
1685 5115 1895 5183 Possm.

400 5181 517 5261 (57)
544 5181 660 5261 iac.
693 5181 945 5261 Cujaeius
981 5189 1127 5261 ade.
1158 5189 1247 5253 52,
1298 5190 1607 5261 Venerabili,
1642 5212 1704 5252 ex
1745 5181 1780 5251 ιζ
1822 5181 1899 5252 De

327 5253 505 5332 restiti.
531 5252 815 5332 distinguit
845 5258 985 5332 inter
1010 5260 1270 5332 miracula
1311 5271 1367 5315 et
1413 5265 1572 5331 mira,
1595 5252 1703 5319 'seu
1731 5270 1895 5321 mira-

325 5321 483 5403 liil-ia,
514 5322 833 5403 utilia-sint
873 5327 1044 5381 solius
1075 5328 1169 5381 Dei
1208 5346 1389 5397 opera,
1410 5321 1570 5403 quae
1593 5336 1678 5389 vel
1714 5352 1808 5403 per
1838 5352 1897 5391 se

326 5389 417 5469 vel
448 5404 542 5458 per
572 5392 819 5470 homines
870 5408 1059 5470 contra
1102 5389 1350 5470 naturam
1378 5389 1570 5470 'fa'cit;
1619 5389 1729 5459 ista.
1768 5389 1896 5460 vero

323 5460 496 5539 etiam
522 5473 555 5542 a
581 5460 824 5542 daemone
864 5474 956 5519 aut
1001 5467 1219 5522 homine
1263 5460 1652 5542 praestigiatore
1696 5478 1896 5541 patrari

326 5529 556 5597 possint.
589 5529 752 5585 Rt'r'r.

399 5597 516 5667 (53)
548 5600 692 5654 Idem
744 5604 932 5659 scribit
975 5604 1341 5672 νομιζέτωσαν
1387 5627 1483 5680 pro
1528 5614 1800 5682 νομιςέσθ.
1844 5625 1895 5671 ct

2076 5131 2212 5206 (58_‘)
2238 5133 2354 5206 Καὶ
2377 5131 2777 5201 ἀκουσόμεθα.
2803 5136 2985 5206 Neque
3008 5131 3061 5194 in
3081 5131 3327 5199 ilebrteis
3347 5145 3583 5200 fontibus

2008 5202 2110 5279 hoc
2162 5202 2413 5279 habetur,
2448 5202 2965 5279 ne_que_in_Latino
3024 5210 3344 5279 interprete.
3385 5215 3577 5279 Qualia

2003 5270 2154 5336 plura
2180 5271 2233 5324 in
2256 5271 2433 5326 Graec.
2465 5272 2602 5326 Bibl.
2631 5273 2862 5330 lectione
2901 5278 3104 5333 notavi.
3144 5270 3209 5335 Et
3247 5291 3330 5337 est
3369 5270 3579 5340 ilTustre

2001 5340 2317 5420 exemplum
2348 5342 2511 5420 et_ia_m
2543 5342 2806 5420 Proverb.
2832 5345 3052 5420 _Salom.
3086 5362 3137 5404 c.
3189 5366 3359 5418 xxvtt,
3396 5369 3450 5408 ν.
3487 5355 3575 5420 19,

2002 5411 2067 5463 de
2095 5425 2204 5477 quo
2230 5411 2352 5465 vide
2391 5411 2529 5465 infra
2556 5414 2715 5478 epist.
2750 5414 2873 5468 114.
2910 5415 3077 5472 Rtrr.

2068 5480 2177 5563 (592
2201 5481 2347 5563 Inter
2372 5482 2451 5535 ὅτι
2485 5491 2539 5563 et
2569 5481 2604 5536 ἃ
2636 5483 2740 5563 χρὴ
2765 5488 2885 5539 cod.
2924 5484 3180 5563 Vat._630
3218 5489 3411 5547 inserit
3433 5494 3575 5563 τάχα

1998 5550 2205 5627 ἐπειδή.
2238 5551 2391 5627 Vers.
2419 5561 2539 5618 post
2578 5550 3223 5627 qti‘int'o,_7rpoqyodpsv0t
3268 5573 3416 5619 recte
3450 5550 3576 5619 11ιῦ-

2000 5629 2077 5673 tat
2109 5620 2247 5674 idem
2281 5622 2332 5677 in
2370 5623 2752 5693 προῃρημένοι.
2786 5620 2991 5681 Possm.
