4042 6146
448 279 472 344 1
485 281 583 348 bid

1650 292 1710 350 S.
1753 289 2048 351 ISIDORI
2087 290 2523 352 PELUSIOT/E

3565 278 3737 341 1146'

444 392 738 459 discimus;
772 391 976 448 idcirco
1006 393 1363 450 benedictum
1396 408 1559 450 esse:
1595 413 1612 446 ι
1654 395 1845 450 Omnia
1867 411 2013 466 qua-

2128 398 2379 468 πράττειν
2400 396 2765 468 μανθάνομεν,
2793 393 2893 447 διὰ.
2906 392 3065 445 τοῦτο
3090 386 3148 445 εὖ
3168 388 3437 462 εἰρῆσθαι·
3466 407 3485 440 ι
3518 390 3703 444 Πάντα
3741 420 3746 431 ι

444 497 658 550 cunque
696 482 829 535 dixit
857 482 1033 548 Deus,
1076 482 1363 549 faciemus,
1396 493 1452 539 et
1482 472 1786 539 audiemus.
1830 504 1850 537 ι
1884 484 2019 540 Nam

448 575 521 628 illi
561 575 799 643 quidem,
831 576 923 643 qui
948 576 1110 631 aliam
1149 577 1465 647 quampiam
1493 591 1607 632 rem
1629 577 1865 644 discunt,
1896 592 2021 646 pro-

448 667 610 721 habili
645 667 849 722 ordinis
881 668 1091 723 ratione
1113 671 1265 737 prius
1296 668 1545 735 audiunt,
1566 670 1759 725 deinde
1797 670 2019 735 iaciunt;

446 760 537 828 qni
565 774 692 812 vero
720 758 900 815 divina
933 769 1200 829 prmcepta
1247 760 1301 815 in
1330 775 1469 829 opus
1509 769 1798 831 actumque
1828 762 2026 831 produ-

446 865 571 903 cere
598 849 841 914 student,
878 852 1079 920 ab'ipsa
1118 851 1329 905 actione
1359 851 1597 914 discunt.
1625 864 1730 905 non
1764 859 1871 905 tam
1897 864 2026 911 ora-

451 944 617 1007 tione,
637 956 795 1009 quatn
814 941 1026 997 actione
1036 950 1091 996 et
1106 954 1271 1010 opere
1286 940 1650 1009 cognitionem
1670 939 1933 1011 pariente.
1950 938 2030 994 Re

447 1032 596 1085 enim
623 1046 749 1086 vera
783 1031 996 1086 virtutis
1027 1030 1206 1085 cultor
1243 1044 1341 1100 per
1364 1031 1534 1099 ipsam
1586 1028 2029 1086 exercitationem

448 1124 750 1177 instituitur
769 1123 834 1177 ad
866 1123 1140 1187 virtutem,
1160 1131 1215 1178 et
1231 1121 1629 1193 quodammodo
1643 1121 1823 1184 discit,
1841 1136 1961 1175 eam
1978 1130 2033 1175 et

446 1228 497 1269 tu
508 1215 782 1269 ilissimam
795 1227 937 1279 esse,
951 1223 1005 1268 et
1016 1213 1451 1269 decentissitnam
1470 1213 2031 1282 honestissimamque,

444 1316 498 1358 et
522 1304 755 1359 maxime
777 1312 1187 1359 conservantem
1208 1313 1435 1368 naturae,
1460 1314 1515 1357 et
1535 1304 2028 1360 utilitersancilatu.

447 1396 619 1463 Atque
650 1397 747 1451 hac
788 1398 1005 1466 quidem
1047 1397 1113 1450 de
1149 1411 1208 1451 re
1248 1397 1505 1451 hactenus
1534 1397 1736 1451 dixisse
1782 1395 2029 1451 sttmciat.

438 1485 577 1540 Illud
596 1496 773 1541 autem
800 1506 813 1543 :
838 1507 857 1541 ι
889 1486 1003 1542 Νοιι
1022 1496 1195 1557 potest
1216 1485 1377 1541 arbor
1394 1485 1530 1540 mala
1550 1484 1756 1541 fructus
1770 1486 1939 1541 bonos
1956 1485 2034 1540 fa-

445 1589 590 1641 cere,
630 1593 650 1627 ι
686 1591 791 1630 non
825 1576 962 1631 tollit
989 1575 1401 1645 ptenitentiam;
1429 1577 1520 1630 sed
1563 1576 1839 1646 redarguit
1886 1591 2035 1631 com-

447 1668 801 1725 morationem
855 1670 911 1724 in
966 1668 1358 1726 consuetudine
1403 1667 1677 1723 vitiorum.
1724 1667 1859 1723 Nam
1902 1668 2033 1723 dum

2122 490 2221 543 ὅσα
2253 485 2374 543 εἷπε
2416 487 2651 559 Κύριος,
2698 486 2999 556 ποιήσομεν
3042 483 3141 536 καὶ
3167 468 3535 550 ἀκουσόμεθα.
3583 498 3604 530 ι
3636 481 3701 533 Οί

2125 582 2223 651 μιν
2252 580 2363 649 γὰρ
2390 579 2521 633 ἄλλο
2544 586 2601 632 τι
2634 577 2995 649 μανθάνοντες
3028 574 3256 634 εἰκότως
3281 572 3569 637 ἀκούουσι,
3608 572 3703 626 καὶ

2122 671 2243 726 τότε
2272 671 2532 725 ποιοῦσιν·
2565 670 2616 724 oi.
2641 670 2699 723 δὲ
2729 667 2831 732 τὰς
2870 666 3023 730 θείας
3050 664 3269 727 ἐντολάς
3292 665 3372 727 είς
3407 663 3571 733 ἔργον
3604 664 3698 732 φέ-
3736 694 3740 699 -

2128 778 2240 833 ραιν
2272 761 2695 833 προηγούμενα,
2725 760 2836 818 ἀπὸ
2884 760 2983 829 τῆς
3016 755 3271 827 πράξεως
3317 754 3697 824 μανθάνουσιν,

2123 854 2189 907 οὐ
2212 855 2306 909 τοῦ
2333 854 2492 923 λόγου
2521 853 2798 917 τοσοῦτον.
2819 852 2943 907 ὅσον
2968 850 3068 920 τῆς
3093 846 3346 918 πράξεως
3373 848 3475 917 τὴν
3501 845 3702 914 γνῶσιν
3736 878 3743 889 ι

2125 945 2415 1017 τικτούσης
2439 944 2579 1015 (60)-
2611 944 2702 1015 Τῷ
2731 944 2844 998 δντι
2875 941 2985 1013 γὰρ
3013 941 3045 994 ὁ
3068 942 3169 1010 τῆς
3211 937 3415 1009 ἀρετῆς
3440 937 3702 1007 ιάσκητὴς

2126 1038 2193 1093 δι’
2228 1038 2400 1109 αὐτῆς
2426 1038 2527 1109 τῆς
2551 1038 2843 1109 ἀσκήσεως
2873 1032 3188 1090 παιδεύεται
3227 1031 3329 1101 τὴν
3359 1029 3580 1100 άρετὴν,
3608 1028 3704 1082 καὶ
3734 1076 3735 1079 η

2128 1130 2328 1202 τρόπον
2348 1130 2470 1184 τινὰ
2498 1129 2760 1200 μανθάνει
2786 1171 2803 1196 ,
2835 1128 2918 1182 ὅτι
2946 1123 3337 1198 χρησιμωτάτη
3366 1122 3460 1176 καὶ
3482 1136 3703 1191 πρεπωο

2129 1219 2363 1290 δεστάτη
2395 1219 2490 1273 καὶ
2520 1215 2978 1289 φυλακτικωτάτη
3010 1213 3150 1277 ἐστὶ,
3188 1209 3283 1265 καὶ
3314 1208 3702 1279 συμφερόντως

2130 1309 2562 1381 νενομοθέτηται.
2596 1310 2707 1362 Kal.
2751 1307 2883 1378 περὶ
2935 1305 3034 1377 μὲν
3055 1306 3169 1375 (61)
3212 1304 3405 1359 τούτου
3438 1302 3577 1364 ἃλις.
3630 1299 3729 1367 Τὸἰ

2130 1401 2227 1465 δὲ,
2271 1418 2290 1451 ι
2321 1401 2396 1453 Οὐ
2429 1399 2652 1454 δύναται
2694 1399 2911 1471 δένδρον
2950 1396 3189 1467 πονηρὸν
3229 1395 3474 1463 καρποὺς
3508 1390 3703 1452 καλοὺς

2134 1492 2327 1557 ποιεῖν,
2357 1508 2375 1544 t
2409 1491 2470 1544 οὐ
2504 1489 2601 1561 τὴν
2635 1490 2923 1560 μετάνοιαν
2962 1488 3217 1558 ἀναιρεῖ,
3252 1484 3389 1539 ἀλλὰ
3413 1482 3511 1553 τὴν
3547 1482 3603 1533 ὲν
3634 1482 3699 1550 τῇ

2131 1579 2377 1652 διατριϐῇ
2398 1580 2498 1651 τῆς
2521 1577 2716 1645 κακίας
2738 1577 2997 1650 διαμονὴν
3020 1576 3131 1649 (62)
3156 1573 3430 1645 κωμῳδεῖ.
3462 1566 3702 1645 Πονηρρν
3730 1648 3731 1651 η

2132 1671 2241 1742 γὰρ
2274 1670 2355 1737 δν,
2388 1671 2449 1724 οὐ
2480 1670 2703 1724 δύναται
2742 1668 2989 1741 καρποὺς
3025 1667 3211 1740 φέρειν
3253 1663 3507 1735 ἀγαθούς·
3542 1678 3701 1732 μετα-

446 1758 587 1814 mala
612 1769 718 1823 est,
753 1775 859 1815 non
895 1768 1075 1829 poteSt
1122 1759 1332 1815 fructus
1363 1758 1509 1813 ferre
1539 1756 1709 1815 bonos
1735 1778 1747 1812 :
1771 1759 1858 1814 ubi
1894 1773 2019 1816 vero

2128 1760 2319 1831 ϐληθὲν
2344 1761 2403 1814 δὲ
2426 1763 2506 1824 είς
2531 1762 2752 1833 ἀρετὴν,
2784 1761 2941 1815 οἴσει.
2969 1759 3033 1813 El
3058 1760 3156 1829 μὲν
3186 1757 3294 1828 γὰρ
3320 1755 3450 1825 περὶ
3475 1751 3703 1823 δένδρων

453 1859 659 1905 mutata
710 1850 873 1907 fuerit
922 1860 1089 1922 atque
1140 1866 1399 1909 conversa
1450 1852 1517 1905 ad
1566 1853 1863 1916 virtutem,
1901 1860 2029 1910 tunc

447 1940 603 1997 iuret.
675 1942 732 1997 Si
762 1943 932 2013 {enim
990 1944 1055 2000 de
1105 1942 1392 2000 arboribus
1439 1941 1819 2013 (naturalibus)
1846 1957 2028 1999 sermo

446 2033 549 2088 fuit
573 2032 865 2100 Salvatori,
890 2044 981 2090 tua
1009 2037 1188 2091 vincat
1212 2034 1372 2091 ratio.
1398 2035 1493 2089 Sin
1530 2043 1709 2089 autem
1740 2035 1806 2090 de
1848 2034 2053 2089 homi-'

445 2127 603 2182 nibus
637 2127 896 2196 loquitur,
951 2144 1014 2181 ac
1052 2126 1301 2196 exemplo
1348 2126 1462 2182 sive
1518 2126 1870 2181 similitudine
1898 2142 2027 2183 usus

445 2228 530 2272 est
571 2224 721 2287 (nam
755 2222 898 2289 quod
941 2220 1228 2274 arboribus
1274 2228 1360 2273 est
1406 2229 1597 2271 natura
1621 2256 1637 2283 ,
1676 2219 1726 2271 id
1758 2217 1913 2274 nobis
1944 2228 2027 2272 est

444 2309 615 2363 lihera
664 2309 955 2364 voluntatis
984 2308 1204 2379 eiectio)
1241 2318 1552 2373 evertatur,
1584 2318 1639 2364 et
1680 2308 1902 2362 accedat
1935 2323 2025 2362 ve-

445 2401 617 2465 ritati,
648 2410 733 2454 tua
768 2400 1025 2469 suspicio.
1080 2399 1214 2454 Nam
1247 2402 1422 2468 qualis
1456 2400 1618 2454 arbor
1664 2414 1785 2455 esse
1822 2399 1915 2453 tibi
1947 2399 2025 2453 vi-

444 2491 603 2545 detur
653 2489 890 2544 Petrus?
948 2490 1121 2545 Bona.
1180 2491 1249 2543 At
1278 2491 1547 2560 quomodo
1577 2490 1896 2560 (Christum)
1929 2492 2023 2543 ah-

360 2656 365 2661 _
445 2582 701 2652 negavit?
746 2580 992 2635 Malane?
1012 2582 1080 2635 At
1112 2596 1220 2650 quo
1248 2590 1408 2651 pacto
1442 2582 1621 2636 omnis
1650 2592 1793 2638 terra
1822 2590 1877 2637 et
1905 2581 2022 2635 nul-

446 2672 553 2723 lum
598 2686 705 2725 non
751 2686 898 2725 mare
928 2671 1098 2740 ipsius
1134 2673 1433 2727 certamina
1480 2681 1535 2726 et
1587 2682 1785 2741 tropaea
1834 2671 2024 2727 cauit?

444 2762 631 2827 Qualis
658 2761 852 2817 deinde
904 2762 1066 2816 arbor
1116 2762 1211 2817 tibi
1252 2761 1462 2817 videtur
1494 2760 1706 2817 ludas?
1737 2761 1873 2816 Mala
1905 2762 2023 2817 ?At

443 2856 713 2917 quomodo
768 2854 1065 2924 apostolico
1116 2856 1319 2909 honore
1371 2856 1564 2925 dignus
1617 2864 1701 2909 est
1755 2856 1969 2911 habitus
1998 2858 2023 2910 ἲ

444 2943 592 2998 Bona
611 2946 636 2998 ἲ
665 2947 733 2999 At
757 2960 866 3027 quo
901 2955 1058 3016 pacto
1073 2944 1400 3018 (Christum)
1430 2945 1699 3017 prodidit?
1722 2945 1889 3019 458
1916 2945 2019 3000 Ve-

445 3050 562 3089 rum
598 3036 642 3090 si
672 3052 883 3102 omnes,
918 3054 1040 3108 qum
1071 3040 1123 3092 in
1160 3039 1470 3095 hominibus
1494 3039 1871 3109 contigerunt,
1903 3055 2018 3093 mn-

2127 1849 2197 1924 ἦν
2224 1855 2253 1907 ό
2289 1853 2446 1923 λόγος
2474 1853 2552 1925 τῷ
2579 1854 2791 1925 Σωτῆρι
2811 1892 2829 1920 ,
2862 1852 3134 1924 κρατείτω
3172 1851 3201 1903 ό
3232 1848 3325 1913 σδς
3369 1845 3544 1915 λόγος·
3574 1845 3620 1897 εἰ
3647 1842 3700 1896 δὲ

2129 1947 2259 2018 περὶ
2282 1947 2605 2020 ἀνθρώπων,
2634 1945 2996 2018 ὑποδείγματι
3024 1945 3081 1999 δὲ
3109 1943 3381 2014 ἐχρήσατο
3412 1940 3570 2008 (ὅπερ
3597 1935 3702 2007 γὰρ

2128 2039 2162 2107 ή
2198 2037 2359 2105 φύσις
2390 2038 2642 2105 ἐκείνοις,
2672 2037 2821 2093 τοῦθ’
2848 2038 2980 2109 ἡμῖν
3013 2037 3048 2106 ἠ
3078 2031 3454 2105 προαίρεσις),
3488 2030 3705 2098 άνατρε-
3806 2044 3809 2047 λ

2128 2127 2313 2181 πὲσθω
2338 2129 2372 2198 ἡ
2413 2128 2639 2183 ὑπόνοια
2671 2145 2685 2158 ·
2710 2130 2895 2182 ὁποῖον
2918 2127 3028 2196 γάρ
3056 2118 3195 2178 εἷναί
3228 2140 3310 2177 σοι
3334 2123 3481 2176 δοκεῖ
3497 2119 3707 2188 δένδρον

2126 2220 2155 2271 ό
2203 2218 2445 2289 Πέτρος;
2497 2218 2713 2286 Καλόν;
2768 2217 2881 2273 Καὶ
2946 2216 3066 2279 πῶς
3130 2216 3439 2286 ἠρνήσατο;
3492 2210 3702 2273 Κακόν;

2127 2307 2237 2359 Kal.
2261 2306 2378 2371 πῶς
2401 2308 2553 2361 πᾶσα
2584 2307 2658 2377 γῆ
2692 2324 2751 2360 τε
2781 2306 2876 2360 καὶ
2903 2306 3147 2360 θάλασσα
3174 2304 3302 2365 τοὺς
3328 2301 3523 2364 ἄθλους
3547 2298 3705 2352 αὐτοῦ

2126 2396 2240 2467 ᾅδει
2278 2400 2375 2452 καὶ
2406 2399 2476 2453 τὰ
2508 2399 2782 2469 τρόπαια;
2845 2398 3059 2451 Ὀποῖον
3098 2396 3156 2449 δὲ
3207 2393 3449 2459 ’,Ιούδαςς
3490 2390 3703 2454 Κακόν;

2126 2490 2237 2542 Kal.
2264 2490 2382 2555 πῶς
2401 2490 2499 2560 τῆς
2521 2490 2885 2561 άποστολικῆς
2906 2488 3018 2559 (65)
3041 2484 3248 2558 ⁴ἠξιώθη
3271 2485 3469 2556 τιμῆς;
3500 2481 3704 2547 Καλόνς

2124 2584 2234 2637 Καὶ
2255 2584 2374 2648 πῶς
2389 2584 2736 2655 προῦδωκεν,
2774 2583 2915 2639 Ἀλλ’
2938 2585 2987 2639 εί
3008 2582 3191 2645 πάσας
3212 2581 3313 2644 τὰς
3339 2576 3707 2649 γεγενημένας

2125 2675 2430 2744 μεταϐολὰς
2450 2676 2513 2732 ὲν
2536 2676 2843 2747 ἀνθρώποις
2863 2677 2943 2740 είς
2969 2675 3133 2747 μέσον
3155 2673 3422 2742 ἀγάγοιμι
3443 2712 3459 2737 ,
3488 2668 3703 2739 λάθοιμι

2122 2766 2326 2838 πλῆθος
2374 2766 2548 2837 λόγων
2582 2769 2990 2838 ἐπεισαγαγεῖν.
3026 2767 3226 2837 Διόπερ
3265 2762 3452 2819 ἐκεῖνά
3486 2779 3567 2815 σοι
3599 2760 3706 2832 (64)

2122 2857 2319 2927 παρεὶς
2338 2856 2699 2921 ἀναλέξασθαι
2717 2858 2900 2912 ἐκτῶν
2915 2856 3168 2928 Γραφῶν,
3187 2856 3281 2909 ἐπὶ
3302 2854 3399 2924 τὴν
3415 2851 3706 2924 ἑρμηνείαν

2119 2946 2214 3002 τοῦ
2240 2948 2599 3002 ἀποστολικοῦ
2634 2948 2802 3020 ῥητοῦ
2825 2950 3085 3020 χωρήσω
3115 2966 3133 3000 ι
3175 2946 3235 3001 ὐ
3265 2944 3519 3015 ψυχικὸς,
3550 2944 3597 2996 εἰ
3619 2941 3706 2995 καὶ

2124 3038 2198 3109 μὴ
2220 3039 2435 3109 δέχεται
2455 3039 2525 3092 τὰ
2546 3038 2641 3093 τοῦ
2670 3040 3002 3110 πνεύματος,
3029 3058 3048 3091 ι
3084 3038 3220 3094 ἀλλὰ
3240 3037 3457 3103 δέξεται
3478 3051 3491 3064 '
3516 3036 3577 3089 οὗ
3603 3034 3705 3103 γὰρ

447 3127 678 3183 taliones
734 3130 787 3182 in
842 3130 1077 3185 medium
1102 3130 1399 3197 producere
1449 3146 1656 3194 coner,
1709 3132 2020 3199 imprudens

2128 3125 2296 3183 εἶπενο
2328 3131 2401 3184 Οὐ
2429 3130 2677 3198 δέξεται,
2717 3130 2857 3194 ἀλλ’,
2907 3148 2926 3182 t
2956 3131 3033 3185 Οὐ
3065 3130 3298 3200 δέχεται.
3334 3146 3353 3181 ι
3384 3127 3496 3182 Καὶ
3518 3125 3699 3179 πάλιν

446 3234 696 3288 magnam
724 3220 987 3275 orationis
1018 3222 1227 3291 copiam
1276 3221 1600 3290 produxero.
1634 3222 1898 3287 Quocirca
1932 3221 2026 3275 tibi

445 3309 734 3379 (exempla)
791 3310 879 3364 illa
938 3310 1362 3381 (mutationum)
1414 3312 1721 3378 relinquens
1762 3324 1827 3363 ex
1856 3312 2029 3365 sacris

446 3400 666 3455 Litteris
698 3401 907 3469 privato
942 3400 1121 3457 studio
1154 3400 1451 3469 colligenda
1477 3440 1492 3463 ,
1523 3401 1589 3455 ad
1628 3400 2029 3469 interpretatio-

445 3505 567 3546 nem
584 3492 863 3559 apostolici
892 3491 1018 3546 dicti
1040 3506 1126 3547 me
1154 3492 1427 3545 conferam
1454 3509 1469 3546 :
1495 3509 1514 3541 ι
1542 3490 1805 3544 Anitnalis
1823 3488 2027 3562 (homo)

444 3583 694 3652 quamvis
766 3583 1233 3651 inprarsentiarum
1302 3583 1617 3651 (quatenus
1700 3583 1905 3635 scilicet
1973 3592 2029 3638 et

2139 3240 2157 3271 ι
2195 3222 2271 3274 Οὐ
2296 3219 2519 3275 δύναται
2546 3221 2771 3289 γνῶναιο
2800 3240 2817 3273 ι
2849 3221 2941 3276 καὶ
2965 3221 3065 3274 οὐκ
3091 3215 3268 3287 εἶπεν,
3298 3219 3373 3272 Οὐ
3401 3219 3703 3289 δυνήσεται.

2136 3312 2348 3382 Ὠσπερ
2376 3312 2484 3381 γὰρ
2509 3313 2561 3363 εἴ
2583 3329 2666 3375 τις
2688 3312 2908 3382 σίδηρον
2935 3310 3438 3382 πεπυρακτωμένον
3467 3308 3587 3371 ἴδοι,
3618 3306 3705 3361 καὶ

2134 3403 2300 3457 εἵπου
2333 3405 2409 3457 Οὐ
2435 3404 2657 3459 δύναται
2684 3405 2893 3475 ψυχρὸς
2926 3402 3099 3472 εῖναι,
3132 3406 3424 3474 δυνήσεται
3446 3403 3503 3456 δέ
3521 3420 3535 3433 ο
3568 3400 3705 3454 οὕτω

2134 3495 2230 3548 καὶ
2262 3497 2353 3548 ἐπὶ
2378 3495 2486 3547 τῶν
2516 3496 2843 3566 εἰρημένωνο
2879 3496 2942 3551 τὸ
2990 3496 3089 3569 μὲν
3131 3496 3241 3567 γὰρ
3273 3495 3565 3558 ὲνεστῶτός
3594 3494 3703 3547 sm

2134 3586 2350 3655 χρόνου,
2382 3586 2443 3637 τὸ
2469 3586 2526 3639 δὲ
2564 3586 2869 3655 μέλλοντος.

446 3674 687 3741 quandiu
714 3673 839 3728 talis
865 3673 1064 3744 manet)
1100 3689 1204 3728 non
1235 3675 1494 3744 percipiat
1524 3690 1584 3729 ea
1612 3690 1732 3744 qua:
1756 3686 1883 3730 sunt
1923 3676 2182 3744 spiritus;
2225 3696 2244 3729 ι
2313 3688 2365 3729 at
2430 3686 2581 3734 certe
2626 3678 2889 3747 percipiet
2918 3686 2923 3690 '
2951 3678 3106 3748 (tunc
3160 3678 3437 3742 nimirum,
3480 3677 3567 3731 ubi
3591 3676 3701 3729 ani-

446 3762 604 3817 malis
631 3778 754 3819 esse
798 3761 1062 3832 desierit).
1099 3764 1166 3818 Et
1201 3780 1413 3818 rursum
1448 3784 1460 3819 :
1494 3782 1513 3815 ‹
1548 3763 1664 3818 Non
1714 3773 1888 3833 potest
1932 3765 2253 3835 intelligere.
2293 3785 2311 3818 ι
2348 3766 2467 3822 Non
2534 3767 2703 3835 dixit,
2767 3766 2885 3823 Non
2953 3768 3175 3838 poterit.
3244 3765 3702 3835 Quemadmodum

445 3854 587 3909 enim
610 3856 654 3909 si
679 3856 802 3926 quis
840 3855 1041 3911 ferrum
1074 3856 1302 3928 ignitum
1351 3857 1565 3925 videat,
1594 3868 1650 3913 ct
1676 3859 1818 3913 dicat
1856 3857 2014 3912 :Non
2045 3866 2227 3929 potest
2282 3859 2539 3930 frigidum
2571 3874 2729 3925 esse;
2762 3859 2964 3931 poterit
3010 3868 3191 3914 autem
3252 3858 3503 3928 frigidum
3554 3855 3701 3916 ileri:

447 3949 526 4003 sic
551 3948 712 4003 etiam
752 3963 840 4004 res
891 3947 1055 4005 habet
1077 3949 1130 4004 in
1175 3950 1243 4007 iis
1276 3966 1393 4020 quae
1421 3952 1565 4006 dicta
1600 3962 1749 4007 sunt.
1781 3950 2027 4005 Alterum
2062 3952 2206 4007 enim
2242 3953 2522 4020 praesentis
2552 3961 2637 4007 est
2677 3953 2977 4021 temporis;
3014 3952 3243 4006 alterum
3290 3948 3475 4007 futuri.

820 4042 1081 4099 LXXXII.
1120 4075 1192 4085 —
1221 4044 1637 4102 ATHANASIO.

450 4131 573 4188 Non
605 4133 765 4201 fuisse
796 4151 861 4187 ea:
886 4152 999 4201 ,ιιειι
1037 4146 1214 4189 nostra
1234 4178 1248 4198 ,
1292 4138 1525 4188 omnium
1569 4151 1742 4190 rerum
1770 4137 2027 4205 cognitio-

989 4221 1102 4258 nem
1143 4223 1235 4259 nos
1278 4206 1488 4258 habere.

522 4312 779 4379 Equidem
830 4313 931 4366 hoc
982 4313 1154 4381 ipsum
1192 4326 1407 4380 quoque
1444 4312 1585 4381 quod
1630 4320 1686 4365 tu
1731 4312 2023 4366 absurdum

446 4417 568 4458 esse
597 4401 753 4466 dicis,
781 4417 987 4473 inagna:
1012 4414 1065 4459 et
1113 4404 1406 4472 singularis
1436 4402 1712 4471 cujusdam
1747 4403 2025 4472 sapientia:

447 4512 583 4567 opus
632 4510 755 4553 esse
785 4510 1003 4550 censeo.
1054 4494 1190 4551 Nam
1230 4495 1274 4552 si
1304 4495 1481 4551 omnia
1527 4493 1758 4550 fuissent
1786 4494 1935 4550 clara
1962 4509 2025 4550 ac

2594 4047 2722 4101 ne.
2761 4074 2833 4087 —
2870 4045 3234 4116 ΔΘΔΝΑΣΙῼ.

2134 4139 2263 4191 Ὅτι
2292 4140 2402 4192 οὐκ
2428 4138 2508 4207 ἦν
2533 4136 3012 4277 συμφέωνῆᾗῷν
3031 4137 3274 4189 πάντων
3299 4133 3526 4204 γνῶσιν
3548 4134 3705 4203 ἔχειν

2916 4226 3009 4274 ας.

2916 4226 3009 4274 ας.

2204 4313 2373 4382 Σοφὸν
2403 4312 2579 4381 ἔγωγε
2612 4313 2710 4366 καὶ
2750 4310 2898 4367 τοῦτ’
2941 4309 3081 4367 εἶναι
3122 4312 3398 4384 ἠγοῦμαι,
3427 4311 3457 4364 δ
3499 4301 3573 4363 aii
3604 4309 3706 4379 φὴς

2132 4404 2465 4475 παράλογον.
2493 4406 2556 4458 El.
2590 4405 2693 4475 μὲν
2726 4405 2837 4477 γάρ
2868 4404 3045 4460 πάντα
3069 4400 3138 4475 ἦν
3166 4403 3304 4473 δῆλα
3335 4401 3474 4473 (65),
3496 4400 3600 4454 ποῦ
3640 4402 3729 4469 τῇ

2136 4494 2351 4548 συνέσει
2407 4494 2799 4567 ἐχρησάμεθα,
2847 4495 2925 4567 μὴ
2969 4494 3137 4565 οῦσης
3180 4492 3500 4566 ζητήσεωςς
3550 4491 3613 4545 El
3652 4489 3707 4543 δδ

1534 4670 1773 4726 νΑιιυΕ
1812 4668 2198 4727 ιΕοτιυΝΕε
2236 4671 2326 4726 ΕΤ
2362 4670 2597 4727 NOTAE.

518 4836 629 4907 (60)
664 4834 781 4904 Τῆς
821 4833 1096 4907 πράξεως
1126 4833 1251 4907 ’τὴν
1279 4831 1504 4902 γνῶσιν
1535 4830 1878 4907 τικτούσης,
1921 4830 2025 4886 Eo-

447 4902 571 4961 dem
611 4902 779 4962 senSu
807 4902 970 4973 Greg.
1005 4902 1266 4958 Nazianz.
1300 4917 1521 4973 auream
1563 4902 1899 4973 hancnectit
1933 4916 2019 4956 ca~

446 4987 627 5031 tenam
690 4976 744 5030 in
798 4969 1045 5030 oratione
1082 4976 1186 5039 Εἰς
1229 4973 1337 5027 τὸν
1390 4971 1609 5041 μέγαν-ί
1639 4969 2024 5041 Ἁθανάσιοῂ·

444 5046 638 5116 Χρυσῆ
658 5045 827 5116 όντως
851 5044 1005 5116 carpi
1027 5043 1282 5116 ’πλέκεται
1310 5039 1440 5116 ὅταν
1460 5059 1540 5116 τις
1561 5040 1659 5109 βίῳ
1691 5041 1787 5116 μὲν
1821 5039 2021 5116 ὁᾷηγῷ,

448 5109 653 5197 θεξῴρία
666 5115 723 5167 δὲ
743 5109 997 5197 σφραγίδλι
1025 5113 1139 5197 βίου
1172 5114 1390 5197 χρῆται.
1423 5109 2025 5197 [deniqueld'h‘eologus

446 5178 575 5240 alibi
597 5183 699 5309 Ἦν
724 5178 931 5267 apage»
962 5178 1481 5267 θεωρίας’”πρόξενον
1511 5179 1766 5259 appellat.
1803 5178 1892 5234 Sic.
1919 5178 2021 5233 ha-

446 5258 538 5308 bet
562 5269 626 5308 or
665 5268 779 5309 om
804 5255 967 5309 rebus
1008 5254 1247 5309 divinis:
1285 5251 1612 5308 credendum
1659 5264 1830 5309 Dl‘luS.
1860 5257 1915 5304 et
1943 5247 2021 5301 fa-

446 5258 538 5308 bet
562 5247 699 5309 ordo
725 5247 785 5310 in
804 5247 967 5309 rebus
1008 5247 1205 5308 divinis
1233 5247 1612 5309 {credendum
1658 5249 1830 5319 prius,
1860 5257 1915 5304 et
1943 5247 2022 5301 fa-

448 5325 722 5447 ciendutﬂ,
778 5339 941 5394 quam
994 5323 1408 5395 intelligentiam
1450 5318 1848 5377 earum’liceat
1893 5332 2023 5373 con-

450 5409 624 5447 SBOIII.
709 5411 826 5447 Ιττ.

450 5409 624 5451 880111.
658 5409 826 5451 Πιττ.

658 5410 1142 5532 Ιᾶιᾟέείιυοιιιὶι).
1178 5462 1365 5533 confer
1385 5474 1472 5529 ep.
1499 5459 1579 5533 Δ’72
1607 5458 1695 5513 lib.
1736 5474 1799 5514 ιι.
1838 5457 1913 5511 In.

451 5599 492 5654 Ρ
522 5529 638 5599 (62⁷)
701 5534 807 5589 Pro
864 5529 1127 5604 διαμονὴν
1209 5532 1396 5587 scribit
1462 5530 1603 5584 idem
1672 5529 2020 5598 παραμονήν.

496 5616 659 5654 ossm.

496 5616 659 5655 OSSIN.

525 5670 637 5738 (63)
680 5672 1065 5741 ’Δποστολικῆς
1107 5680 1280 5727 mutat
1329 5671 1471 5726 idem
1520 5670 1575 5724 in
1621 5669 1921 5739 ἀποστολῆς
1968 5675 2023 5723 et

2132 4832 2254 4903 pest
2285 4833 2490 4903 ἠξιώθη
2519 4833 2723 4889 omittit
2749 4832 2937 4903 τιμῆς.
2973 4833 3051 4891 lo.

2205 4851 2254 4889 ει
2285 4851 2490 4903 ηξιωυη
2519 4851 2723 4889 οηιιιιιι
2749 4852 2802 4888 τι
2890 4852 2937 4897 ς.
2975 4851 3051 4891 ID.

2205 4905 2317 4974 (64)
2362 4903 2597 4959 Ἑκεῖνά
2627 4919 2749 4959 σοι.
2780 4851 2961 4958 halitu
2992 4904 3228 4967 ὲκείνας,
3262 4904 3364 4974 nisi
3406 4904 3529 4972 quis
3563 4903 3703 4957 dicat

2130 4972 2328 5029 saltum
2375 4974 2488 5027 iicri
2535 4988 2599 5026 ex
2652 4990 2775 5042 gen.
2812 4974 2940 5027 fetu.
2983 4974 3036 5027 in
3090 4983 3237 5029 neut.
3291 4972 3397 5042 sed
3451 4983 3705 5042 pncstare

2129 5044 2345 5098 videtur
2379 5044 2613 5105 ἐκείνας.
2653 5041 2709 5097 ιιι
2752 5042 3024 5112 referatur
3068 5045 3135 5097 ad
3184 5041 3505 5112 μεταϐολάς.
3536 5041 3737 5112 Βιττη

2199 5113 2313 5185 (65)
2341 5117 2411 5168 Ei
2433 5115 2550 5183 μὲν
2584 5116 2695 5181 τὰρ
2739 5112 2937 5167 πάντα
2952 5110 3053 5185 Δἦν·
3078 5110 3260 5185 δῆλαἐ
3303 5112 3381 5185 De
3419 5111 3705 5185 sapientis-

2127 5182 2267 5238 simo
2294 5182 2744 5251 'temperameuto
2784 5197 2893 5253 quo
2948 5182 3091 5239 Deus
3142 5184 3195 5237 in
3230 5183 3533 5253 Scripturis
3581 5184 3735 5233 usus'

2126 5254 2372 5315 est.dum
2405 5267 2582 5323 neque
2616 5251 2983 5323 omnia’plana
3003 5260 3165 5320 atque
3197 5252 3353 5306 obvia
3387 5251 3569 5323 cuivis
3588 5264 3704 5323 esse

2134 5323 2325 5389 voluit,
2354 5320 2531 5391 neque
2560 5338 2775 5378 rursum
2803 5320 2986 5376 omnia
3017 5336 3172 5391 aeque
3223 5323 3481 5391 obscura,
3510 5320 3703 5391 abdita

2132 5387 2607 5462 alque'abstrusa,
2647 5393 2906 5461 praeclare
2956 5387 3186 5462 monent
3218 5400 3270 5445 et
3318 5390 3425 5462 alii
3456 5389 3559 5443 SS.
3606 5387 3707 5441 Pa-

2133 5458 2267 5527 tres,
2308 5481 2372 5519 ex
2430 5458 2822 5532 quibus—nunc
2868 5460 3314 5532 laudareplacet
3364 5458 3702 5532 Clementem

2130 5525 2306 5602 Alex},
2333 5525 2524 5587 Joann.
2582 5532 3052 5602 Chrysostontum,
3073 5525 3473 5602 Augustinum,
3505 5537 3563 5584 et
3587 5525 3708 5596 ejus

2131 5600 2452 5673 discipulum
2487 5599 2811 5673 Prosperum
2833 5600 3233 5670 Aquitanicum.
3267 5599 3436 5654 Ri".
