4042 6146
399 260 531 323 Ill?

1482 294 1499 315 ρ
1616 251 1677 311 8.
1713 248 2003 312 ISIDORI
2042 244 2479 308 PELUSIOTAI.I

3502 229 3645 296 1148

397 365 691 421 imminuta:
714 361 1010 431 maiestatis
1027 359 1329 424 subierunt,
1356 374 1462 414 non
1493 357 1563 413 ob
1592 358 1756 415 verba
1783 358 1967 414 dieta-

2077 357 2185 420 θεὶς
2228 356 2347 418 ἑνὸς
2381 352 2587 425 πατρὸς
2622 350 2851 416 παῖδας,
2896 348 2990 403 τὸν
3038 345 3141 418 μὲν
3174 341 3536 409 ἀκούσαντα,
3565 343 3650 405 είς

396 474 521 527 que,
544 458 637 513 sed
676 456 745 509 ob
793 454 934 509 facta
980 454 1456 508 animadvertunt:
1498 451 1747 506 Christus
1783 459 1963 505 autem

395 566 523 606 cum
562 552 697 605 duos
730 549 889 605 unius
915 545 1085 617 patris
1131 545 1271 599 filios
1307 543 1698 612 proposuisset,
1733 556 1966 609 quorum

399 654 588 705 unum,
608 654 729 693 cum
758 638 1053 692 audivisset
1086 634 1420 704 (mandatum
1452 631 1759 699 paternum)
1790 632 1843 685 in
1886 630 1968 684 vi-

399 748 557 787 neam
603 733 931 797 abeundum,
977 739 1034 785 et
1080 728 1152 784 ibi
1186 742 1321 800 opus
1365 727 1670 781 faciendum
1701 739 1844 791 esse,
1874 723 1967 793 qui

400 823 725 894 promiserat
755 822 975 891 quidem
1003 836 1063 876 se
1093 821 1313 883 iturum,
1342 834 1448 873 non
1506 827 1684 873 tamen
1719 817 1836 883 ivit,
1881 831 1970 871 re-

399 913 684 983 prehendit
714 931 731 968 :
765 914 993 968 alterum
1025 924 1225 977 autem,
1250 910 1342 981 qui
1365 925 1471 965 non
1504 907 1845 978 promiserat,
1872 905 1967 962 sed

401 1015 579 1059 tamen
608 1018 743 1074 opus
762 1003 910 1070 fecit,
939 1001 1276 1072 approbavit.
1298 998 1417 1055 Non
1463 999 1607 1056 enim
1637 997 1817 1053 verbis
1853 1010 1967 1053 me-

399 1095 527 1161 lius,
559 1111 721 1166 quam
761 1095 919 1150 factis
948 1093 1229 1149 sententiae
1272 1092 1573 1146 animorum
1610 1090 1965 1146 aestimantur.

402 1186 563 1243 Verbi
592 1187 786 1257 gratia,
812 1187 980 1242 Deum
1003 1200 1123 1239 esse
1137 1183 1436 1239 confiteris.
1470 1182 1638 1237 Recte
1665 1190 1720 1235 tu
1748 1179 1966 1249 quidem

398 1276 608 1333 dixisti.
656 1277 752 1332 Est
776 1275 919 1331 enim
956 1289 1145 1329 revera
1186 1272 1346 1328 Deus.
1389 1272 1497 1326 Sed
1525 1270 1777 1341 exiguum
1803 1268 1965 1337 quid-

400 1367 524 1421 dam
557 1374 641 1421 est
689 1366 887 1431 oratio,
933 1364 1035 1418 nisi
1067 1363 1135 1418 ab
1181 1362 1434 1431 operibus
1473 1360 1697 1416 accedat
1726 1358 1969 1413 testimo-

399 1459 571 1513 nium.
633 1456 765 1512 Nam
805 1456 850 1511 si
898 1457 1062 1511 Deum
1111 1454 1294 1509 verbis
1342 1451 1638 1521 professus,
1681 1465 1744 1505 ea
1792 1458 1966 1504 tamen

400 1549 593 1614 facias,
628 1562 749 1617 quae
779 1547 901 1618 quis
927 1546 1134 1613 fecerit,
1169 1546 1258 1613 qui
1302 1544 1503 1613 cOgitet
1562 1544 1725 1595 Deum
1763 1540 1967 1594 nullum

2071 449 2163 502 τὸν
2204 446 2504 517 ἀμπελῶνα
2544 442 2823 505 ἀπελθεῖν,
2864 441 2958 494 καὶ
2998 437 3371 510 ἐργάσασθαι,
3414 432 3651 503 ὑποσχό-

2078 554 2239 609 μενον
2276 536 2393 606 μὲν,
2423 534 2500 606 μὴ
2519 530 2898 604 ἀπεληλυθότα
2915 529 2973 582 δὲ
2989 568 3005 593 ,
3027 524 3333 599 ἐμέμψατοο
3365 523 3459 576 τὸν
3487 522 3544 575 δὲ
3571 521 3647 592 μὴ

2072 628 2541 698 ἐπαγγειλάμενον
2578 625 2729 697 (75),
2778 619 3157 695 ἐργασάμενον
3190 616 3248 670 δὲ
3269 655 3284 679 ,
3329 615 3645 679 ἀπεδέξατο.

2072 722 2146 775 Οὐ
2181 719 2290 790 γὰρ
2317 718 2430 779 τοῖς
2468 717 2709 787 ῥήμασιν
2745 711 2803 765 αί
2830 709 3084 781 γνῶμαι,
3116 707 3229 767 τοῖς
3255 704 3323 790 δὲῗ
3343 703 3644 773 δρωμένοις

2071 789 2291 882 ἄμεινον
2323 806 2616 879 κρίνονται.
2650 800 2796 867 Οἷον,
2819 800 2953 855 Θεὸν
2972 797 3252 869 ὁμολογεῖς
3283 789 3445 849 εἶναι*
3470 791 3648 854 καλῶς

2075 902 2172 972 μὲν
2201 898 2336 967 ἔφης
2358 910 2373 926 ⁶
2403 895 2522 948 ἐστι
2551 893 2681 963 γάρ.
2724 891 2885 944 Ἀλλά
2925 887 3120 960 μικρὸν
3151 888 3181 939 6
3208 884 3367 951 λόγος
3388 920 3405 948 ,
3441 882 3519 953 μὴ
3546 883 3646 950 τῆς

2071 989 2181 1046 ἀπὸ
2228 988 2337 1043 τῶν
2390 986 2567 1057 ἔργων
2613 981 2922 1055 μαρτυρίας
2972 976 3302 1051 προσούσης.
3368 973 3496 1027 Ἐὰν
3538 972 3647 1041 γὰρ

2071 1077 2205 1132 Θεὸν
2244 1073 2520 1147 ὁμολογῶν
2563 1068 2736 1139 εῖναι,
2775 1069 3022 1143 πράττῃς
3060 1068 3205 1137 άπερ
3242 1064 3311 1120 ἄν
3345 1079 3430 1124 τις
3460 1057 3645 1135 πράξῃ

2072 1169 2269 1224 ἐννοῶν
2302 1168 2377 1237 μὴ
2423 1161 2564 1220 εἶναι
2595 1163 2751 1230 Θεὸν,
2787 1161 2906 1225 πῶς
2952 1158 3017 1214 ού
3063 1158 3124 1212 τὸ
3160 1156 3322 1227 ἔργον
3350 1150 3558 1221 ἐλέγξει

2075 1263 2249 1335 ῥῆμα,
2278 1235 2375 1314 κα).
2394 1260 2423 1311 6
2440 1256 2640 1329 τρόπος
2670 1251 3095 1325 παραγράφεται
3122 1247 3217 1335 τὸν
3243 1246 3437 1315 λόγον;
3571 1235 3647 1296 ὧν

2071 1333 2251 1405 τοίνυν
2304 1348 2589 1418 πράττεις,
2641 1343 2893 1414 ὁμολόγει
2930 1340 3062 1395 Θεὸν
3101 1334 3241 1393 εῖναι
3259 1352 3275 1367 ’
3312 1337 3408 1391 καὶ
3438 1336 3469 1388 6
3494 1333 3649 1402 λόγος

2074 1442 2168 1496 καὶ
2190 1442 2221 1493 6
2257 1440 2457 1511 τρόπος
2493 1434 2654 1490 τοῦτο
2676 1432 2957 1505 κηρύττῃ,
3000 1430 3096 1484 καὶ
3118 1431 3169 1483 οί
3203 1428 3495 1489 ἀκούοντες
3534 1422 3651 1476 πεί-

2075 1534 2294 1587 θωνταιο
2326 1530 2422 1583 ἐὰν
2459 1528 2516 1582 δὲ
2553 1526 2682 1597 ἄχρι
2713 1524 2806 1578 τοῦ
2850 1522 3008 1592 λόγου
3048 1520 3276 1591 σταίης,
3318 1516 3448 1587 περὶ
3488 1514 3546 1568 δὲ
3589 1514 3650 1567 τὸ

399 1654 543 1704 esse,
574 1607 862 1708 quomodo,
884 1652 1090 1707 quaeso,
1120 1607 1223 1690 non
1274 1607 1446 1704 ipsum
1497 1648 1631 1702 opus
1686 1631 1970 1699 redarguet

2077 1626 2336 1699 πράττειν
2360 1622 2421 1677 τὸ
2445 1621 2563 1676 δέον
2591 1620 2706 1690 (74)
2751 1613 3074 1687 ὀλιγωροίης
3097 1629 3123 1708 ’Δ
3163 1613 3229 1668 οὐ
3263 1610 3454 1708 χωρεῖιόΔ
3470 1607 3645 1708 λόγον,

398 1733 625 1796 dictum,
647 1740 703 1786 et
732 1745 929 1794 mores,
966 1728 1216 1783 falsitatis
1247 1727 1570 1782 convincent
1605 1724 1904 1780 orationem
1931 1721 1955 1775 ἲ

2077 1720 2218 1781 ὅστις
2236 1756 2251 1781 ,
2283 1715 2413 1769 ἄνευ
2440 1710 2537 1766 τοῦ
2567 1711 2740 1764 ποιεῖν
2769 1722 2832 1761 σε
2881 1705 2920 1761 δ.
2956 1703 3223 1776 προσήκει
3246 1743 3262 1768 ,
3290 1699 3649 1770 δυνηθήσεται

398 1821 577 1889 Quare
606 1836 701 1890 per
731 1835 795 1875 ea
824 1835 947 1890 quae
971 1819 1127 1884 facis,
1160 1819 1323 1873 Deum
1357 1830 1478 1873 esse
1506 1816 1782 1888 promere,
1827 1823 1890 1871 ut
1913 1821 1969 1868 et

2077 1810 2200 1872 τοὺς
2231 1804 2530 1867 ἀκούοντας
2562 1803 2771 1856 πεῖσαι.

400 1884 584 1974 sermo
606 1884 670 1972 et
700 1884 999 1971 moresltoc
1029 1914 1341 1982 praedicent,
1367 1921 1424 1969 et
1449 1884 1539 1982 qui
1557 1912 1804 1975 audiunt,
1867 1908 2315 1979 persuadeantur.
2350 1901 2502 1969 Quod
2530 1901 2575 1955 si
2631 1911 2801 1968 usque
2859 1896 2928 1951 ad
2980 1892 3293 1982 orationem,
3322 1884 3651 1982 constiteris.

400 2010 630 2067 actionis
667 2017 848 2064 autem
890 2019 944 2063 et
975 1980 1137 2062 officii
1181 2022 1401 2077 parvam
1444 1980 1684 2073 duxeris,
1711 2007 1959 2078 equidem
1998 2018 2104 2060 non
2132 2001 2290 2072 capio
2347 1997 2809 2065 orationem,qua
2830 1992 3036 2061 absque
3101 1994 3193 2042 tua
3223 1981 3510 2041 effectione
3533 1980 3651 2048 ejus

399 2104 543 2174 quod
567 2105 772 2166 deceat,
813 2102 1153 2159 auditoribus
1174 2102 1343 2172 possit
1365 2102 1715 2172 persuadere.

859 2237 1145 2294 LXXXVI.
1172 2266 1242 2281 —
1268 2236 1522 2295 PAULO.

401 2348 470 2404 In
497 2349 650 2417 illud,
678 2368 699 2403 ι
743 2349 967 2405 Oculum
988 2368 1082 2415 pro
1110 2352 1283 2417 oculo,
1316 2370 1335 2403 ι
1365 2361 1413 2405 et
1457 2367 1572 2421 qua:
1602 2349 1969 2422 sequuntur".

475 2530 650 2601 Prope
677 2537 782 2598 est,
816 2530 1129 2601 utignores,
1162 2530 1325 2585 etiam
1357 2531 1446 2585 illa
1475 2529 1608 2598 legis
1630 2532 1828 2599 capita,
1856 2543 1975 2597 qua:

298 2674 301 2678 Α
402 2621 742 2677 crudelitatis
765 2621 918 2691 plena
941 2635 1061 2677 esse
1086 2622 1357 2686 videntur,
1389 2621 1773 2676 humanitatem
1810 2628 1975 2688 atque

404 2713 877 2768 mansuetudinem
904 2714 1132 2782 spirare.
1160 2712 1293 2767 Nam
1317 2714 1458 2782 quod
1485 2712 1600 2781 lege
1626 2719 1842 2765 cautum
1868 2722 1972 2775 est,

403 2810 462 2856 ut
511 2802 699 2855 oculus
729 2816 826 2870 pro
864 2802 1022 2857 oculo
1072 2802 1413 2868 excludatur,
1471 2817 1575 2855 non
1612 2810 1696 2854 est
1732 2801 1972 2866 crudele,

403 2892 871 2961 ncqueimmane;
909 2893 1001 2948 sed
1025 2892 1291 2961 siquidem
1345 2892 1391 2945 is
1425 2906 1640 2954 sensus,
1670 2892 1761 2959 qui
1796 2890 1971 2963 prima

404 2982 582 3037 fronte
606 2995 847 3054 apparet,
879 2984 1210 3052 accipiatur,
1260 2983 1467 3054 iustitia
1515 2983 1730 3050 plenum
1782 2992 1899 3047 est;
1931 2980 1975 3034 si

405 3088 535 3129 vero
562 3076 785 3130 interior
805 3091 997 3131 sensus
1021 3077 1375 3146 expendatur,
1409 3076 1573 3129 etiam
1624 3074 1978 3138 humanitate,

408 3173 468 3218 ut
500 3166 735 3231 aiebam,
787 3165 1042 3220 refertum
1085 3176 1191 3220 est.
1222 3165 1356 3219 Nam
1401 3174 1458 3218 ut
1503 3180 1649 3239 eum,
1699 3164 1792 3234 qui
1823 3165 1979 3217 alteri

408 3256 537 3324 quid
595 3256 777 3324 inique
825 3254 1008 3310 facere
1036 3259 1347 3319 meditatur,
1376 3264 1690 3324 compescat
1721 3266 1865 3309 metu
1901 3254 1979 3309 si-

411 3346 555 3398 milis
606 3346 992 3414 perpessionis.
1047 3357 1102 3400 et
1142 3348 1214 3400 ita
1247 3347 1646 3415 improbitatem
1697 3347 1976 3416 reprimat,

410 3431 533 3486 ideo
558 3433 657 3487 hoc
682 3434 807 3503 jure
845 3434 1144 3502 meritoque
1173 3434 1244 3487 ita
1267 3433 1522 3491 sancivit.

743 3544 1049 3600 LXXXVII.
1076 3573 1144 3586 --
1179 3544 1637 3601 PANELLENIO.

2011 3477 2059 3539 C

2595 2226 2736 2294 [ις’.
2773 2253 2847 2265 -
2883 2222 3136 2295 mmo.

2068 2347 2172 2416 Εῖς
2203 2344 2291 2411 τὸ,
2337 2361 2357 2395 ι
2403 2339 2748 2412 Ὀφθαλμὸν
2777 2336 2924 2416 ﬁxa!
2968 2334 3319 2405 ὀφθαλμοῦ,
3370 2352 3390 2386 ι
3439 2330 3536 2387 καί
3583 2331 3653 2385 τὰ

2766 2406 2933 2476 ἐξῆςο

2144 2527 2489 2588 Κινδυνεύεις
2539 2522 2774 2590 ἀγνοεῖν,
2820 2520 2903 2573 ὅτι
2950 2518 3047 2571 καὶ
3088 2516 3158 2569 τά
3194 2511 3459 2569 δοκοῦντα
3512 2506 3647 2565 εἶναι

2075 2619 2419 2691 ἀπάνθρωπα
2459 2613 2554 2668 τοῦ
2586 2613 2774 2681 νόμου,
2806 2608 3122 2681 ἡμερότητα
3162 2607 3303 2659 πνεῖ·
3345 2603 3407 2657 τὸ
3434 2603 3540 2673 γὰρ
3568 2618 3651 2654 νε-

2076 2707 2492 2782 νομοθετῆσθαι·
2532 2725 2551 2757 ι
2609 2701 2916 2773 Ὀφθαλμὸν
2956 2700 3079 2754 ἀντὶ
3120 2696 3401 2767 ὀφθαλμοῦ
3449 2715 3467 2746 ι
3502 2698 3653 2748 ἐκκο-

2076 2798 2377 2855 λάπτεσθαι
2402 2794 2553 2867 (75),
2603 2794 2704 2846 οὐκ
2745 2791 2897 2862 ὠμὸν
2940 2790 3037 2845 καὶ
3086 2788 3474 2859 ἀπάνθρωπον,
3519 2786 3651 2839 ἀλλά

2076 2889 2417 2959 δικαιοσύνης
2449 2887 2548 2956 μὲν
2575 2885 2738 2954 γέμει
2776 2884 2841 2936 ὲκ
2869 2879 2964 2936 τοῦ
2989 2881 3281 2952 προχείρου
3308 2878 3653 2947 λαμϐανόμε-

2078 2998 2187 3037 νονο
2221 2979 2508 3050 νοούμενον
2536 2978 2613 3038 δὲ.
2644 2976 2736 3028 καὶ
2773 2970 3206 3042 φιλανθρωπίας,
3235 2969 3312 3031 ὡς
3341 2968 3499 3037 ἔφην,
3534 2967 3650 3018 Ἵνα

2079 3074 2190 3145 γὰρ
2216 3072 2293 3143 τῷ
2322 3071 2474 3143 φόϐῳ
2500 3068 2596 3123 τοῦ
2643 3067 2836 3121 παθεῖν
2865 3065 2955 3118 τὸν
2994 3063 3255 3134 μέλλοντα
3290 3062 3425 3132 δρᾷν
3453 3075 3656 3129 σωφρο-

2080 3163 2204 3234 νίσῃ
2221 3203 2236 3226 ,
2267 3162 2359 3215 καὶ
2386 3158 2680 3230 ἀναστείλῃ
2709 3156 2806 3229 τὴν
2836 3154 3034 3210 κακίαν
3059 3152 3198 3227 (76),
3226 3150 3395 3211 ,τοῦτο
3441 3150 3658 3212 εἰκότως

2084 3253 2459 3326 διηγόρευσεν.

2502 3544 2627 3601 nz'.
2670 3575 2737 3587 _
2774 3543 3252 3614 ΠΛΝΕΛΛΗΝΙῼ.

412 3657 496 3712 Er-
529 3656 619 3710 lib.
652 3660 741 3723 qui
770 3658 984 3712 Exodus
1016 3658 1360 3713 inscribitur:
1381 3676 1400 3709 ι
1436 3658 1586 3728 Petet
1623 3658 1975 3728 unusquisque

2089 3652 2501 3728 7179'5565015
2529 3672 2552 3728 ε
2572 3652 2910 3728 Αῑτήςασθε
2932 3651 3189 3728 ἕκαστος
3204 3647 3369 3728 azan
3384 3649 3489 3728 τοῦ
3515 3649 3659 3728 min-
3727 3626 3731 3629 l

588 3746 619 3780 a
648 3716 814 3783 uicino
846 3746 968 3783 vasa
998 3739 1243 3799 argentea
1282 3738 1330 3782 et
1358 3744 1518 3783 aurea
1541 3727 1610 3796 ",
1644 3746 1663 3781 ι
1704 3716 1807 3783 etc.
1888 3716 1900 3728 ’

2150 3716 2295 3779 Flor
2308 3716 2499 3791 σκεύη
2519 3716 2745 3793 ἀργυρᾶ
2764 3721 2861 3775 καὶ
2878 3719 3100 3791 χρυσᾶ,
3134 3738 3153 3772 ι
3170 3716 3280 3773 καὶ
3308 3718 3383 3772 τὰ
3402 3716 3607 3772 λοιπά.

483 3842 616 3898 Illud
650 3844 823 3913 ipsum
842 3858 1074 3913 quoque,
1105 3844 1245 3912 quod
1276 3842 1546 3910 obiectum
1572 3842 1653 3897 ais
1681 3843 1776 3897 tibi
1818 3842 1976 3895 fuisse

2161 3837 2270 3888 Καὶ
2292 3836 2444 3899 αἰτὸ,
2477 3834 2507 3888 ὃ
2541 3832 2643 3905 φὴς
2672 3831 3074 3905 προϐεϐλῆσθαι
3099 3831 3190 3885 τὸν
3223 3829 3363 3903 πρὸς
3392 3829 3453 3881 σε
3492 3828 3653 3882 διενε-

417 3932 485 3987 ab
516 3932 607 3987 illo
634 3933 723 4001 qui
755 3942 933 3987 tecum
963 3932 1277 4001 disputavit,
1308 3946 1575 3986 summam
1617 3933 1789 4001 spirat
1826 3932 1976 4001 justi«

2089 3927 2308 3997 χθέντα,
2349 3923 2695 3992 δικαιοσύνης
2734 3923 3047 3993 ἀκροτάτης
3088 3924 3231 3975 πνεῖ.
3302 3919 3523 3989 Ἐπειδὴ
3554 3917 3658 3986 γὰρ

418 4021 570 4075 tiam.
616 4021 754 4087 Quia
794 4021 937 4075 enim
970 4018 1207 4090 Egyptii
1255 4017 1492 4073 Hebraeis
1542 4018 1702 4087 longo
1746 4026 1976 4083 temporc

2086 4020 2199 4080 τοῖς
2228 4016 2500 4086 Ἑϐραίοις
2532 4015 2643 4085 (77)
2677 4014 2888 4085 μακρὸν
2924 4015 3275 4068 δουλεύσασιν
3296 4013 3346 4066 οῖ
3384 4010 3661 4080 Αἰγύπτιοι

417 4114 783 4167 servientibus
813 4113 1012 4166 nullam
1037 4111 1383 4165 reddiderunt
1426 4110 1754 4172 mercedem,
1785 4109 1976 4163 idcircc

2089 4110 2280 4181 χρόνον
2331 4108 2424 4161 τὸν
2469 4107 2661 4179 μισθὸν
2706 4107 2807 4160 οὐκ
2854 4106 3145 4172 ἀπέδοσαν,
3194 4106 3427 4167 ἄκοντας
3474 4101 3660 4160 αὐτοὺς

422 4202 543 4254 fons
584 4200 813 4269 justitizc
859 4200 1061 4264 effecit,
1122 4209 1277 4253 utea
1312 4201 1380 4253 ab
1429 4198 1613 4252 invitis
1658 4198 1976 4266 exigeretur.

2090 4199 2487 4275 εἰσπραχθῆναι
2510 4197 2922 4269 παρεσκεύασεν
2943 4198 2976 4267 ἡ
2999 4198 3097 4267 τῆς
3119 4193 3464 4265 δικαιοσύνης
3487 4190 3655 4261 πηγή.

427 4310 446 4342 ι
485 4289 797 4358 Propterea,
831 4291 1026 4359 inquit,
1051 4290 1419 4358 unusquisque
1447 4289 1793 4344 commodato
1813 4300 1976 4343 Slllltal

2092 4289 2193 4343 Διά
2217 4287 2382 4354 τοῦτ’,
2401 4287 2527 4358 ἔφη,
2552 4286 2851 4359 χρησάσθω
2872 4284 3103 4351 ἕκαστος
3130 4285 3283 4359 παρά
3305 4283 3409 4355 τῆς
3428 4280 3658 4353 γείτονος

500 4484 547 4517 ⁵⁸
572 4482 742 4538 Exod.
772 4500 888 4549 ut,
912 4484 998 4539 24.
1078 4483 1125 4515 ⁶¹
1154 4484 1325 4539 Exod.
1359 4499 1444 4549 Ill,
1483 4482 1577 4537 εἰ.

1511 4678 1747 4737 VARle
1783 4679 2167 4737 LECTIONES
2206 4679 2293 4735 ET
2333 4677 2563 4737 ΝΟΤᾹΞ.

2021 4888 2069 4948 ι)
2097 4878 2242 4934 inter
2269 4873 2409 4931 εἶναι
2440 4881 2495 4932 et
2518 4875 2783 4948 xqtidem
2818 4877 3009 4948 inserit
3040 4877 3158 4948 ἵνα.
3187 4875 3400 4936 Possm.

2166 4949 2279 5016 (74)
2313 4948 2455 5016 Idem
2488 4948 2550 5016 τὸ
2573 4946 2880 5016 δέονμνοτιίι
2919 4949 2973 5001 in
3006 4948 3076 4999 τὰ
3104 4947 3309 5004 δέοντα.
3343 4952 3423 5003 In.
3668 4956 3671 4969 ‘

2167 5014 2280 5087 (75)
2308 5015 2442 5087 Cod.
2497 5014 2612 5087 κίοι.
2653 5014 2763 5068 650
2803 5031 2899 5085 pro
2939 5017 3375 5087 ἐκκολάπτεσθαι
3429 5018 3665 5087 suggerit

2098 5084 2483 5155 ἐκκόπτεσθαι.
2517 5084 2885 5155 Vers._antcp.
2946 5086 3024 5155 τῷ
3077 5097 3249 5140 mutat
3290 5089 3341 5140 in
3382 5089 3463 5141 τό.
3492 5084 3564 5141 Ιιῖ.

2172 5157 2282 5219 (76)
2316 5154 2577 5224 Similiter
2601 5152 2790 5224 Isidor.
2817 5152 3005 5224 noster
3041 5170 3126 5224 ep.
3161 5157 3265 5211 I53
3291 5157 3386 5211 lib.
3422 5173 3457 5210 ιι
3483 5168 3536 5210 et
3574 5157 3665 5210 inf.

2098 5240 2184 5293 cp.
2216 5225 2347 5298 209,
2374 5225 2433 5275 ὲν
2471 5223 2550 5298 τῷ
2580 5222 2729 5298 φόϐῳ
2759 5223 2856 5298 τοῦ
2891 5223 2967 5294 μὴ
3004 5222 3087 5277 τά’
3111 5225 3253 5279 αύτά
3301 5226 3499 5280 παθεῖν
3549 5244 3670 5298 προ-

2098 5292 2441 5347 αναστέλλων
2466 5294 2527 5345 τὸ
2554 5294 2744 5346 κακόν.
2794 5292 2957 5347 tun.

2170 5364 2283 5434 (77)
2321 5361 2703 5434 Ἐπειδὴλγᾲρ
2740 5361 2865 5428 τοῖς
2900 5364 3207 5434 Ἑϐραίοις.
3241 5363 3445 5420 Confer
3478 5364 3667 5419 Isidor.

2100 5432 2193 5489 lib.
2227 5448 2245 5487 ι
2274 5436 2436 5499 epist.
2481 5432 2607 5486 196.
2639 5432 2731 5485 Sic
2767 5442 2824 5485 et
2863 5432 2955 5486 alii
2995 5433 3095 5485 SS.
3140 5433 3333 5489 Patres
3378 5443 3666 5494 excusant,

2100 5504 2207 5557 imo
2234 5504 2437 5573 justum
2469 5501 2818 5573 pronuntiant.
2854 5501 2981 5557 illttd
3010 5501 3236 5559 Hebraeo
3256 5519 3374 5559 rum
3404 5504 3476 5559 ab
3503 5501 3671 5573 Egy-

2100 5568 2487 5642 ptiis’ablatum
2513 5570 2762 5639 spolium.
2794 5568 2872 5625 In.

425 4887 526 4942 clis
552 4882 912 4941 committitur
936 4897 951 4935 :
978 4880 1139 4939 facta,
1168 4878 1410 4947 inquam,
1435 4879 1523 4935 bic
1544 4879 1859 4948 puniuntur,
1886 4895 1989 4934 non

424 4956 609 5011 verba.
660 4953 781 5009 Vid.
816 4953 852 5005 l.
891 4951 1066 5019 unica.
1094 4949 1154 5005 C.
1197 4950 1259 5004 Si
1298 4952 1414 5019 quis
1465 4950 1770 5019 imperatori
1819 4950 1989 5003 male-

424 5026 639 5080 dixerit.
680 5022 895 5077 Cornel.
939 5018 1157 5074 Tacitus
1193 5019 1285 5072 lib.
1312 5018 1334 5073 il
1369 5018 1562 5073 Annal.
1609 5020 1675 5073 de
1721 5018 1988 5073 Tiberio:

431 5115 450 5147 ι
486 5094 682 5164 Legem
710 5090 1006 5164 majestatis
1052 5090 1363 5164 reduxerat,
1395 5091 1479 5142 cui
1508 5104 1701 5164 nomen
1730 5090 1870 5164 apud
1903 5103 1994 5164 vc-

430 5156 592 5219 teres'
607 5163 745 5217 idem
773 5156 907 5227 {sed
934 5159 1036 5211 alia
1071 5160 1123 5211 in
1155 5156 1416 5224 judicium
1447 5156 1777 5219 veniebam,—
1793 5159 1838 5212 si
1871 5158 1993 5227 quis

430 5229 1075 5305 proditioneexercitum,
1124 5228 1449 5305 autplebcm
1501 5227 1875 5305 seditionibus,
1902 5229 1997 5281 de-

436 5296 597 5371 nique
641 5300 782 5355 male
822 5305 973 5421 $csta
1018 5298 1294 5366 republica
1322 5296 1658 5365 maiestatem
1686 5311 1811 5366 pop.
1838 5297 1998 5350 Rom.

438 5371 750 5421 minuisset.
858 5377 977 5421 aeta
1056 5367 1463 5421 arguebantur.
1548 5365 1695 5421 dicta
1776 5368 1997 5421 impune

438 5365 750 5432 minuisset,
830 5365 977 5422 facta
1056 5367 1463 5437 arguebantur,
1548 5365 1695 5421 dicta
1776 5368 1997 5436 impune

433 5448 607 5495 erant.
645 5458 665 5491 ι
702 5438 870 5490 Rt'r'r.

505 5506 619 5575 (T5)
651 5507 784 5561 Cod.
828 5504 951 5557 Vat.
984 5514 1108 5575 post
1160 5504 1829 5575 ἐπαγγειλάμενοςξοᾱύίι
1877 5506 1997 5575 μέν.

439 5573 744 5645 νει-εζροδι
770 5575 825 5637 5,
857 5574 1053 5643 μικρὸν
1073 5584 1245 5628 mutat
1267 5576 1318 5628 in
1354 5573 1567 5643 μικρός.
1603 5573 1753 5630 Vcrs.
1790 5573 1911 5630 inde
1946 5577 1999 5637 5,
