4042 6146
381 264 521 328 1149

1329 270 1862 337 EPISTOLARUM
1907 277 2053 340 LIB.
2091 279 2189 341 IV.
2229 305 2300 315 —
2344 280 2582 342 EPIST.
2610 282 2729 342 XC.

3488 284 3626 350 1159

377 373 545 429 αὐτοῦ
588 374 684 428 καὶ
728 375 890 427 συσκί
905 392 997 429 νου
1030 376 1197 448 σκεύη
1216 378 1438 451 ἀργυρᾶ
1467 383 1559 437 καὶ
1606 385 1805 453 χρυσᾶ.
1846 402 1865 435 ι
1890 385 1948 437 El

2054 401 2085 439 a
2102 387 2275 441 vicina
2299 403 2405 451 sua,
2439 398 2494 443 et
2521 389 2895 445 contubernali
2910 404 3035 445 vasa
3055 400 3309 461 argentea
3326 401 3378 448 et
3400 408 3583 450 aurea.
3597 414 3618 448 ι

379 466 482 537 μὲν
524 466 635 536 γὰρ
669 466 743 537 μὴ
782 467 1095 521 δουλεύσασι
1130 468 1290 523 τοῦτο
1330 473 1678 542 προσέταξεν,
1724 475 1854 538 ἴσως
1884 476 1952 530 ἀν

373 573 459 618 τις
484 556 669 611 ἄδικον
690 556 850 610 τοῦτο
876 558 1125 628 ἐνόμισεν
1147 556 1307 615 εῖναι.
1345 563 1408 615 Ei
1438 564 1495 615 δὲ
1524 566 1649 628 τοὺς
1680 565 1776 635 τὴν
1803 566 1952 619 ἐλευ-

373 645 565 716 θερίαν
591 646 953 718 ἀφελομένους
982 651 1260 722 χρήμασιν
1294 654 1607 721 ἀμύνασθαι
1640 656 1946 721 ἐκέλευσεν,

372 737 435 789 οὐ
474 736 633 807 μόνον
672 739 748 810 μὴ
791 739 1085 811 ⁴ηδικῆσθαι
1125 742 1367 807 ἐκείνους
1411 743 1478 797 ἀν
1535 745 1711 814 ἔγωγε
1757 747 1945 817 φαίην,

370 826 511 882 ἀλλά
545 827 681 899 μηδὲ
706 829 806 899 τὴν
837 831 959 901 τσην
995 833 1264 903 τιμωρίαν
1314 834 1651 906 ἀπητῆσθαι·
1691 835 1795 889 ποῦ
1839 837 1947 908 γὰρ

372 916 509 982 ἴσον,
536 916 834 987 χρημάτων
863 918 1139 991 στέρησις,
1162 922 1255 974 καὶ
1277 922 1609 994 ἐλευθερίας,
1633 924 1772 996 ὑπὲρ
1793 921 1860 998 ἧς
1884 925 1948 978 οὐ

374 1005 537 1076 μόνον
564 1007 664 1071 τὰς
706 1007 893 1072 οὐσίας
920 1011 1225 1082 προΐεσθαι,
1273 1012 1410 1068 ἀλλά
1459 1014 1555 1068 καὶ
1586 1016 1950 1088 ἀποθνήσκειν

371 1102 424 1154 οἱ
454 1099 550 1154 νῦν
575 1100 790 1171 ἔχοντες
823 1102 1137 1170 ἔθέλουσινς

2049 477 2186 531 Nam
2219 478 2264 533 si
2290 479 2508 547 quidem
2536 480 2587 533 id
2617 481 2962 550 pmcepisset
3006 482 3173 551 (Deus
3204 483 3469 554 llebrzeis)
3498 500 3622 539 cum

2050 584 2155 624 non
2188 570 2526 635 serviissent,
2556 570 2806 628 fortassis
2837 587 2949 628 rem
2992 573 3129 629 banc
3152 574 3405 644 injustam
3429 576 3624 645 aliquis

2047 660 2365 715 existimare
2410 662 2700 730 potuisset.
2756 663 2851 718 Sin
2899 674 3078 719 autem
3123 680 3217 719 eos
3252 667 3340 734 qui
3375 666 3625 719 libertate

2051 748 2267 817 spoliati
2317 749 2536 805 fuerant
2595 751 2756 820 jussit
2832 754 3109 809 vindicare
3164 756 3305 810 banc
3370 755 3620 823 injuriam

2053 841 2248 896 ablatis
2273 842 2544 911 pecuniis,
2571 845 2822 913 equidem
2853 845 2973 901 illos
3011 845 3350 917 (spoliatores
3398 846 3622 901 liberta-

2051 932 2141 1001 tis)
2165 948 2268 987 non
2293 933 2465 989 solum
2497 950 2600 990 non
2621 934 2817 1005 injuria
2850 936 2977 1004 ulla,
3006 938 3099 993 sed
3132 952 3198 993 ne
3224 938 3439 1007 quidem
3460 937 3628 1009 460

2053 1032 2135 1076 sat
2158 1024 2307 1094 gravi
2335 1026 2561 1093 parique
2594 1040 2750 1095 pmua
2777 1026 2999 1083 allectos
3022 1026 3192 1083 fuisse
3234 1029 3490 1083 dixerim.
3518 1027 3621 1091 Qui

2052 1114 2197 1168 enim
2231 1114 2372 1169 inter
2393 1129 2453 1170 se
2481 1117 2783 1185 comparari
2807 1120 3034 1188 possint,
3078 1120 3427 1187 pecuniarum
3471 1118 3624 1173 abla-

372 1194 473 1260 tio,
503 1203 559 1249 et
594 1194 859 1250 libertatis
884 1196 1173 1265 spoliatio?
1204 1211 1303 1267 pro
1352 1198 1509 1270 cujus
1535 1200 1949 1257 conservatione
1986 1201 2062 1259 illi
2116 1206 2312 1275 quibus
2345 1221 2441 1263 cor
2477 1208 2639 1277 sapit,
2703 1223 2811 1265 non
2877 1217 3085 1265 tantum
3136 1224 3290 1280 opes,
3318 1210 3412 1265 sed
3458 1208 3623 1264 etiam

372 1286 541 1342 vitam
564 1301 631 1342 ac
649 1287 966 1355 sanguinem
1003 1287 1331 1356 profundere
1361 1305 1465 1343 non
1489 1298 1771 1345 recusant.

663 1399 795 1455 ΙΙΗ⁹⁸
836 1428 906 1439 -
943 1401 1140 1472 ΖΩΙΛῼ
1179 1403 1648 1477 ΠΡΕΣΒΥΤΕΡῼ.

958 1490 1097 1560 Περὶ
1120 1490 1337 1561 λήθης.

446 1601 558 1656 Καὶ
581 1602 611 1655 ὁ
651 1599 932 1665 θεσπέσιος
962 1602 1171 1666 Παῦλος
1191 1642 1206 1666 ,
1234 1603 1415 1657 καίτοι
1438 1606 1826 1674 πνευματικοῖς
1859 1622 1947 1658 κο-

378 1693 496 1764 μῶν
528 1691 850 1763 χαρίσμασι,
879 1696 978 1764 τῆς
1007 1691 1362 1763 ἀναγνώσεως
1390 1696 1451 1748 οὐ
1480 1695 1684 1765 μικρὰν
1716 1698 1954 1749 ἐποιεῖτο
1985 1680 2029 1736 Β

376 1783 634 1853 σπουδήν.
660 1783 751 1837 Διὸ
778 1784 871 1837 καὶ
893 1783 971 1853 τῷ
994 1783 1270 1855 θρέμματι
1293 1786 1459 1839 αὐτοῦ
1490 1785 1569 1856 τῷ
1608 1786 1954 1857 περιδλέπτῳ

374 1874 605 1945 ETW-'98”
639 1893 657 1927 ι
688 1873 927 1945 Πρόσεχε
952 1877 1016 1945 τῇ
1050 1875 1376 1944 ἀναγνώσει.
1416 1897 1434 1928 ι
1460 1877 1643 1930 Δεινδν
1668 1878 1776 1947 γάρ
1800 1877 1954 1947 μάλι-

376 1978 479 2015 στα.
490 1961 564 2032 τῷ
578 1961 898 2033 γευσαμένῳ
916 1962 1011 2033 τῆς
1023 1963 1173 2027 θείας
1186 1965 1373 2033 σοφίας
1386 1966 1712 2038 ἐστερῆσθαι
1727 1966 1948 2036 ταύτης,

371 2054 435 2105 οὐ
463 2053 619 2122 μόνον
647 2053 744 2123 τῆς
765 2056 985 2125 μνήμης
1000 2054 1061 2107 οὐ
1091 2057 1544 2129 προσγινομένης,
1576 2058 1715 2114 ἀλλά
1743 2060 1833 2113 καὶ
1853 2060 1951 2129 τῆς

374 2144 725 2216 ὑπαρχούσης
772 2145 913 2217 λήθῃ
957 2145 1327 2218 διολλυμένης.
1374 2150 1523 2220 Αὓτη
1566 2151 1675 2221 γὰρ
1715 2151 1951 2222 μάλιστα

378 2237 407 2305 η
431 2235 677 2307 δύναμις,
710 2237 759 2288 εί
782 2235 858 2307 μὴ
887 2235 1010 2288 καθ’
1037 2236 1273 2307 ἑκάστην
1300 2237 1518 2308 ἡμέραν
1548 2238 1945 2310 θεραπεύηται,

371 2324 671 2394 ἀποφοιτᾷν
693 2323 949 2391 πέφυκεν,
971 2324 1166 2395 ἀργίας
1186 2326 1281 2378 καὶ
1298 2325 1569 2397 ῥᾳθυμίας
1591 2329 1682 2381 καὶ
1696 2328 1947 2400 σκήψεως

373 2414 451 2483 μὴ
476 2414 773 2485 ἀνεχομένη
802 2414 1116 2487 (78).”Οπερ
1138 2417 1188 2469 οἱ
1224 2418 1413 2470 πολλοὶ
1433 2419 1569 2487 (78')
1606 2418 1944 2487 ἀγνοοῦντες,

374 2505 576 2574 μᾶλλον
599 2505 656 2558 δὲ
682 2506 783 2576 τὴν
819 2507 1023 2562 οἰκείαν
1044 2508 1283 2577 ἀμαθίαν
1318 2510 1774 2580 περιστέλλοντες,
1794 2529 1945 2582 κωμ-

370 2595 569 2663 ῳδοῦσι
604 2596 731 2660 coit;
756 2597 1069 2666 φιλολόγους
1107 2600 1202 2653 καὶ
1256 2601 1484 2669 σοφοὺς,
1513 2602 1614 2655 οὐκ
1641 2602 1838 2667 εἰδότες
1860 2604 1943 2657 ὅτι

370 2687 405 2756 ὴ
442 2686 601 2756 σοφία
628 2689 813 2758 σοφοῖς
842 2692 1126 2761 φοιτηταῖς
1158 2692 1393 2762 μάλιστα
1422 2692 1625 2765 χαίρει.

795 2982 921 3038 ne'.
965 3014 1035 3025 -
1072 2984 1347 3058 omnes
1379 2987 1515 3056 (79).

379 3073 486 3141 Εις
524 3073 592 3128 τὸ
628 3075 1036 3146 γεγραμμένον
1058 3078 1129 3131 ἐν
1165 3078 1246 3142 τῷ
1281 3079 1462 3146 νόμῳ,
1504 3097 1523 3131 ι
1566 3078 1805 3148 Πένητα
1832 3081 1945 3136 οὐκ

806 3146 1085 3215 ἐλεήσεις
1116 3148 1185 3200 ἐν
1211 3148 1424 3215 κρίσει.
1460 3167 1478 3199 ι

446 3258 554 3311 Kal.
574 3259 671 3328 τῆς
703 3259 1017 3323 δυναστείας
1041 3260 1137 3331 τὴν
1167 3261 1489 3332 ἀπληστίαν,
1514 3262 1607 3317 καὶ
1631 3263 1731 3332 τῆς
1755 3263 1945 3327 πενίας

374 3350 475 3420 τὴν
526 3351 1038 3422 φιλοπραγμοσύνην
1084 3352 1328 3417 κολάζων
1376 3355 1405 3406 ὁ
1454 3354 1788 3425 νομοθέτης,
1827 3356 1945 3410 ὲθέ-

378 3458 556 3494 σπισε·
597 3459 617 3493 ι
647 3443 738 3512 Μὴ
766 3443 1007 3513 ὲλεήσεις
1045 3443 1248 3513 πένητα
1281 3444 1338 3497 ὲν
1370 3445 1568 3515 κρίσει·
1606 3464 1626 3496 ι
1653 3446 1753 3499 οὐκ
1770 3446 1947 3500 ἀπαν-

377 3530 621 3599 θρωπίαν
635 3532 920 3595 διδάσκων,
940 3532 1075 3585 ἀλλά
1095 3534 1191 3603 τὴν
1220 3536 1555 3605 κακουργίαν
1582 3536 1943 3603 ἀναστέλλων,

378 3625 466 3676 ἴνα
489 3623 563 3694 μὴ
579 3626 645 3694 τῇ
666 3625 913 3693 πενίᾳείς
937 3625 1451 3696 φιλοπραγμοσύνην
1468 3629 1946 3698 καταχρήσωνται.

377 3713 443 3765 El
466 3712 521 3765 δὲ
554 3712 644 3765 τὸν
676 3712 908 3782 πτωχὸν,
934 3713 1023 3765 τὸν
1042 3713 1118 3782 τῷ
1144 3714 1547 3784 δυσνουθετήτῳ
1576 3714 1748 3785 θηρίῳ
1781 3715 1946 3785 μαχό-

379 3821 540 3874 μενον
567 3808 634 3875 τῇ
668 3805 826 3876 πενίᾳ
848 3844 864 3869 ,
908 3806 1139 3858 ἀπεῖπεν
1182 3805 1448 3857 ἐλεεῖσθαι
1472 3846 1487 3870 ,
1524 3805 1703 3876 πολλῷ
1747 3807 1947 3877 μᾶλλον

374 3895 483 3949 τῶν
508 3896 777 3951 πλουσίων
803 3898 902 3967 τὴν
931 3896 1235 3968 ἀπληστίαν
1258 3896 1535 3951 ἐκόλασεν.

956 4196 988 4244 ’.
1033 4214 1103 4229 —-
1139 4189 1419 4244 ΑΛΥΠΙΩ.

956 4196 988 4244 ’.
1033 4214 1103 4229 —-
1139 4190 1350 4242 ΑΛΥΠΙ
1403 4228 1419 4244 .

379 4278 513 4348 Περὶ
546 4194 955 4359 ἀναγγὼοίεωὲ
976 4279 1135 4359 κατὰ
1167 4190 1501 4359 Ἐλλήῗωῃ
1536 4282 1676 4359 Περι
1703 4279 1813 4359 τῆς
1843 4280 1946 4359 xci:

2257 1404 2585 1465 LXXXVIII.
2604 1437 2675 1449 -—
2702 1406 2909 1463 Ζοιιο
2936 1408 3418 1466 PRESBYTERO.

2643 1496 2723 1553 De
2745 1497 3021 1553 oblivione.

2124 1605 2242 1676 ipse
2266 1624 2481 1679 quoque
2514 1609 2738 1678 Paulus,
2765 1611 2982 1666 divinus
3014 1611 3105 1667 ille
3132 1612 3238 1677 vir,
3269 1613 3622 1682 quantumvis

2053 1699 2423 1768 spiritualibus
2451 1702 2606 1756 donis
2628 1711 2856 1757 ornatus
2880 1712 3047 1769 esset,
3071 1702 3285 1758 lectioni
3310 1714 3485 1758 tamen
3511 1720 3618 1758 nou

2054 1804 2272 1857 parvam
2297 1792 2443 1847 dedit
2465 1807 2706 1861 operam.
2737 1793 3102 1860 Quamobrem
3135 1794 3298 1850 etiam
3327 1795 3624 1864 conspicuo

2055 1881 2128 1934 illi
2183 1883 2401 1937 alumno
2448 1898 2551 1938 suo
2594 1884 2813 1953 scripsit
2844 1902 2858 1939 ι
2893 1902 2913 1937 t
2966 1886 3196 1941 Attende
3246 1886 3461 1941 lectioni
3494 1885 3561 1941 ⁸³.
3596 1904 3617 1937 ι

2050 1972 2226 2028 Grave
2252 1975 2397 2029 enim
2445 1984 2609 2045 atque
2636 1977 2893 2031 acerbum
2930 1984 3014 2031 est
3047 1977 3096 2032 ei
3124 1977 3213 2046 qui
3242 1976 3481 2032 divinam
3526 1991 3620 2031 sa-

2050 2063 2305 2133 pientiam
2341 2066 2595 2135 gustavit,
2622 2066 2724 2121 hac
2767 2066 2992 2134 privari,
3026 2068 3286 2121 memoria
3316 2081 3419 2121 non
3446 2066 3620 2121 solum

2048 2154 2193 2208 nulla
2232 2169 2367 2207 nova
2391 2155 2705 2210 accessione
2730 2162 2913 2219 aucta,
2941 2155 3035 2210 sed
3068 2156 3231 2211 etiam
3257 2155 3344 2209 illa
3369 2169 3489 2223 qua:
3522 2153 3622 2207 fuit

2049 2258 2144 2313 per
2174 2244 2499 2300 oblivionem
2545 2246 2854 2301 oblitterata
2902 2260 2967 2301 ac
3000 2256 3280 2316 pereunte.
3323 2245 3447 2300 llaec
3474 2245 3619 2300 enim

2047 2335 2279 2391 facultas
2312 2335 2394 2392 vel
2428 2337 2662 2392 maxime
2696 2352 2805 2406 prae
2834 2337 3075 2401 caeteris,
3126 2336 3232 2391 nisi
3263 2336 3315 2390 in
3363 2338 3477 2391 dies
3508 2336 3622 2391 sin-

2046 2426 2199 2496 gulos
2244 2427 2541 2493 excolatur,
2594 2427 2746 2483 abire
2784 2426 2953 2491 solet,
2985 2426 3213 2498 ignavia:
3254 2434 3310 2481 et
3358 2424 3623 2481 socordiae

2044 2526 2209 2588 atque
2250 2518 2612 2573 cunctationis
2650 2518 2962 2589 impatiens.
3001 2517 3155 2585 Quod
3202 2532 3323 2572 cum
3370 2516 3623 2587 ignorent

2044 2607 2220 2674 nmlti,
2261 2622 2324 2662 ac
2365 2609 2542 2677 potius
2594 2622 2747 2665 suam
2785 2610 3074 2664 ruditatem
3110 2607 3349 2671 foveant,
3405 2607 3619 2661 littera—

2043 2711 2164 2750 rum
2194 2697 2466 2752 studiosos
2516 2713 2582 2752 ac
2619 2699 2889 2767 sapientes
2919 2698 3170 2753 derident
3208 2712 3272 2751 ac
3304 2696 3619 2759 traducunt,

2042 2787 2348 2843 nescientes
2376 2788 2708 2858 sapientiam.
2727 2787 3066 2858 sapientibus
3084 2785 3367 2857 discipulis
3388 2786 3623 2840 maxime

2043 2878 2297 2946 gaudere.

2461 2989 2745 3043 LXXXIX.
2803 3019 2849 3029 —
2888 2986 3230 3043 PHILITRO.

2053 3077 2118 3134 In
2162 3080 2217 3132 id
2259 3080 2398 3148 quod
2433 3082 2683 3160 scriptum
2724 3091 2810 3160 est.
2838 3081 2901 3160 in.
2933 3080 3061 3160 lege,
3105 3096 3146 3160 ,ι
3187 3077 3479 3160 Ραιιρετεηι
3522 3093 3624 3130 non

2439 3139 2762 3203 misereberis
2793 3150 2846 3201 in
2872 3139 3079 3217 judicio
3105 3150 3172 3199 “.
3209 3166 3230 3200 ι
3302 3139 3321 3166 ⁹

2118 3260 2183 3314 Ει
2208 3262 2457 3328 potentia:
2489 3260 2863 3331 inexplebilem
2900 3260 3251 3330 cupiditatem
3270 3298 3285 3323 ,
3312 3266 3366 3312 et
3391 3273 3624 3329 pauper-

2052 3351 2180 3405 tatis
2236 3353 2607 3407 curiositatem
2680 3352 2954 3422 castigans
3030 3350 3347 3420 lcgislator,
3404 3350 3620 3405 sanxit:

2057 3461 2078 3495 ι
2106 3441 2218 3498 Νοιι
2251 3444 2595 3497 misereberis
2622 3457 2913 3512 pauperem
2933 3440 3239 3509 injudicio;
3276 3460 3295 3493 ι
3333 3456 3438 3496 non
3469 3440 3624 3508 quasi

2052 3534 2143 3604 qui
2165 3534 2535 3590 crudelitatem
2571 3535 2781 3599 doceat,
2831 3535 2924 3589 sed
2956 3535 3045 3602 qui
3081 3531 3404 3587 maleﬁcium
3451 3532 3620 3600 repri-

2054 3635 2161 3679 mat
2184 3634 2237 3678 et
2260 3632 2528 3688 coerceat,
2564 3640 2631 3679 ne
2663 3625 2910 3679 homines
2938 3633 3259 3693 paupertate
3292 3626 3358 3677 ad
3393 3622 3624 3676 curiosi-

2054 3724 2217 3769 tatem
2251 3715 2567 3771 abutantur.
2598 3713 2655 3769 Si
2685 3724 2863 3768 autem
2888 3716 3133 3783 pauperi,
3163 3714 3252 3782 qui
3283 3730 3404 3769 cum
3445 3713 3620 3767 bellua

2052 3823 2160 3863 non
2191 3806 2350 3861 facile
2378 3806 2608 3861 rationis
2638 3806 2922 3874 imperium
2959 3815 3220 3873 sequente
3276 3804 3620 3868 colluctatur,

2053 3896 2479 3951 misericordiam
2515 3895 2856 3965 (injutlicio)
2894 3896 3055 3949 tribui
3092 3895 3367 3949 interdixit
3403 3913 3417 3948 :
3455 3894 3623 3948 multo

2053 3998 2199 4042 certe
2222 3989 2393 4058 magis
2433 3988 2658 4043 divitum
2692 3988 3026 4042 insatiabiles
3056 3986 3379 4056 cupiditates
3414 3987 3620 4054 (eodem

2052 4080 2344 4152 praecepto)
2370 4094 2717 4151 compescere
2742 4080 2929 4135 voluit.

2580 4191 2692 4247 XC.
2731 4220 2800 4233 —
2828 4190 3102 4246 ALYPIO.

2059 4279 2134 4334 De
2159 4280 2377 4361 lectione
2417 4280 2715 4361 (sacrarum
2751 4279 3114 4361 Litterarum),
3151 4289 3335 4361 contra
3365 4294 3619 4346 paganos.

444 4368 607 4417 ριτος
643 4349 759 4402 τῶν
801 4352 1217 4403 θεοπνεύστων
1256 4350 1531 4418 Γραφῶν,
1583 4349 1681 4402 καὶ
1719 4348 1829 4417 τῆς
1875 4349 1945 4413 ἐξ

2104 4350 2267 4401 —De
2297 4348 2467 4417 gratia
2493 4352 2746 4404 divinitus
2790 4352 3167 4416 inspiratarum
3199 4348 3623 4417 Scripturarum,

447 4419 646 4473 αὐτῶν
669 4419 979 4489 ὠφελείας.

450 4534 559 4586 Καὶ
585 4535 697 4596 τοῖς
724 4532 827 4595 ἓως
863 4532 972 4585 τῶν
1012 4533 1138 4603 τῇδε
1171 4532 1508 4603 ὁριζομένοις
1540 4527 1677 4585 εἶναι
1706 4532 1774 4585 τὰ
1803 4533 1945 4604 πρά-

380 4639 563 4692 γματα
582 4661 597 4686 ,
641 4623 980 4694 μετριωτέρα
1010 4624 1159 4693 (80),
1191 4620 1368 4692 οἶμαι,
1399 4624 1433 4692 ἡ
1458 4622 1551 4675 τοῦ
1577 4622 1691 4693 βίου
1717 4623 1944 4695 τελευτὴ

451 4775 495 4807 ⁸³
524 4776 540 4829 i
565 4775 705 4832 Tim.
742 4792 817 4840 tv,
859 4777 946 4832 15.
999 4777 1045 4808 ⁸⁸
1072 4776 1244 4833 Exod.
1271 4792 1429 4842 χχιιι,
1459 4776 1515 4832 3.

2119 4430 2165 4472 et
2189 4420 2253 4472 de
2279 4419 2508 4473 utilitate
2530 4436 2595 4473 ex
2624 4422 2730 4473 illis
2756 4421 3029 4488 capienda.

2125 4531 2296 4584 Etiam
2324 4531 2392 4585 ab
2421 4530 2507 4595 iis,
2536 4530 2627 4600 qui
2659 4531 2839 4586 omnia
2889 4531 3047 4601 hujus
3082 4530 3203 4583 vitae
3232 4528 3421 4596 spatiis
3455 4527 3623 4580 inclu-

2053 4624 2207 4691 dunt,
2235 4632 2290 4679 et
2314 4638 2435 4680 cum
2463 4638 2527 4679 ea
2563 4623 2838 4680 terminari
2875 4632 3100 4692 putant,
3136 4620 3469 4677 tolerabilior
3501 4618 3623 4671 vitae

1459 4929 1699 4986 VARIJE
1737 4928 2119 4988 LECTIONES
2159 4928 2249 4987 ET
2280 4929 2509 4987 NOT/E.

454 5081 564 5151 (78)
596 5080 895 5136 Praeclarus
925 5082 1075 5137 locus
1099 5082 1167 5135 de
1199 5082 1480 5148 memoria,
1511 5096 1631 5137 eam
1666 5082 1932 5151 quotidia-

381 5152 469 5222 nis
490 5151 763 5222 exercitiis
791 5151 1029 5222 indigere
1056 5154 1249 5222 quibus
1276 5152 1451 5222 alatur
1483 5162 1537 5222 et
1568 5154 1936 5217 eonlirtnetur,

380 5221 498 5274 sine
519 5221 711 5288 quibus
739 5220 1010 5289 perdatur.
1043 5220 1266 5287 Quintil.
1286 5221 1378 5274 lib.
1407 5237 1459 5274 XI
1502 5220 1712 5273 Orator.
1740 5222 1937 5282 iuuit,

379 5305 434 5345 ε.
456 5291 492 5342 2
517 5306 531 5343 :
565 5309 584 5341 ι
604 5290 660 5344 Si
686 5294 829 5358 quis,
855 5290 1048 5359 inquit.
1080 5306 1236 5343 unam
1267 5291 1659 5356 maximamque
1683 5306 1710 5341 a
1732 5306 1823 5359 me
1857 5306 1944 5343 ar-

381 5369 491 5415 tem
543 5363 815 5414 memoria:
865 5358 1090 5427 quaerat,
1136 5361 1454 5413 exercitatio
1501 5369 1608 5427 est,
1648 5370 1700 5427 et
1731 5358 1879 5411 labor
1922 5372 1937 5409 :

382 5430 547 5483 multa
588 5429 848 5491 ediscere,
882 5430 1047 5481 multa
1086 5429 1342 5495 cogitare,
1375 5440 1450 5491 et,
1499 5428 1542 5479 si
1584 5426 1697 5478 ﬁeri
1744 5436 1939 5494 potest,

381 5497 647 5568 quotidie,
702 5498 1043 5568 potissimum
1076 5507 1181 5550 est.
1215 5496 1361 5568 Nihil
1411 5514 1559 5568 tuque
1606 5495 1685 5547 vel
1718 5506 1941 5563 augetur

382 5567 538 5628 cura,
568 5567 650 5620 vel
681 5567 999 5635 negligentia
1034 5567 1324 5635 intercidit.
1362 5586 1379 5615 ι
1423 5567 1583 5620 lim.

458 5636 595 5705 (78')
625 5632 808 5703 Ὅπέρ
828 5632 884 5690 ξι
922 5635 1157 5689 πολλοί.
1206 5632 1279 5688 lta
1316 5635 1486 5691 Graeci
1534 5645 1723 5693 vocant
1757 5634 1943 5705 vulgus

2037 5082 2315 5136 hominum
2343 5099 2357 5137 :
2387 5082 2583 5151 quilms
2605 5081 2653 5132 oi
2683 5079 2965 5151 χαρίεντες
3006 5086 3376 5151 opponuntur,
3403 5079 3495 5146 qui
3541 5080 3626 5131 hic

2036 5151 2243 5206 Isidoro
2271 5147 2474 5206 sunt-oi
2509 5147 2789 5220 φιλολόγοι
2812 5150 2906 5220 καὶ.
2935 5148 3116 5220 σοφοί,
3142 5147 3219 5220 In.

2107 5222 2220 5291 (79)
2252 5215 2573 5291 inscribitur
2607 5215 2814 5291 incod.
2861 5216 2979 5291 Vat.
3025 5216 3128 5270 650
3174 5215 3452 5291 Φιλιτρίῳ,
3493 5216 3623 5267 Plii-

2043 5286 2209 5343 litrio.
2260 5288 2413 5345 Vers.
2462 5291 2609 5357 ὅθι).
2672 5288 2814 5343 idem
2878 5286 3086 5355 πένητα
3137 5286 3415 5340 mutat'in
3474 5301 3620 5338 πτω-

2044 5359 2157 5426 χόν.
2195 5360 2405 5413 Possm.

2117 5429 2227 5498 (80)
2257 5430 2385 5484 Cod.
2417 5430 2536 5483 Vat.
2568 5426 2912 5498 μετριωτέρα
2943 5433 3113 5498 mutat
3145 5424 3219 5498 in_
3247 5423 3620 5498 μετριώτερον

2042 5508 2099 5552 et
2124 5492 2261 5553 vers.
2290 5515 2400 5566 seq.
2433 5515 2526 5566 pro
2556 5492 2611 5549 ἐν
2635 5492 2700 5566 τῇ
2725 5492 3055 5568 ζωῇέοινὶιιίι
3078 5497 3135 5549 ἐν
3153 5492 3231 5563 τῷ
3254 5494 3374 5563 ζῇν,
3401 5502 3455 5547 cl
3491 5492 3614 5550 mox

2043 5578 2162 5638 post
2191 5570 2267 5632 εἰς
2295 5572 2439 5624 addit
2469 5569 2672 5638 atq/1;.
2704 5570 2777 5620 lD.
