4042 6146
470 284 603 349 1151
1679 290 1739 351 S.
1786 289 2083 351 ISIDORI
2132 284 2569 349 PELUSIOT/E
3584 273 3725 343 1152

459 396 638 451 exitus
658 394 906 458 habetur,
952 400 1012 447 ut
1036 392 1249 462 opinor,
1287 407 1449 463 quam
1490 393 1695 449 reditas
1743 409 1906 464 atque
1930 397 2032 450 im-

2153 395 2233 465 τῆς
2261 396 2320 446 ὲν
2343 396 2410 464 τῇ
2441 390 2554 463 ζ’ωῇ
2584 390 2843 461 ἀμαθίας.
2870 389 2931 444 El
2952 386 2996 442 δ’
3021 389 3272 454 ἐκείνοις,
3304 386 3487 456 πολλῷ
3523 386 3719 456 μᾶλλον

462 485 656 554 peritia
692 487 745 539 in
773 485 907 540 vita.
935 482 1089 550 Quod
1112 485 1157 540 si
1202 484 1330 550 illis,
1361 485 1527 538 multo
1562 486 1732 556 magis
1780 487 1936 543 nobis
1965 487 2039 541 ita

2153 486 2276 556 ἡμῖν
2306 485 2419 545 τοῖς
2446 484 2525 544 είς
2552 480 2724 534 αίῶνα
2758 480 2849 532 τὸν
2870 479 3070 532 σκοπὸν
3101 478 3306 548 ἔχουσι,
3341 476 3438 530 καὶ
3464 476 3563 544 τὴν
3595 476 3721 529 σύν-

461 575 631 630 videri
658 575 839 641 debet,
896 575 987 645 qui
1044 574 1102 629 in
1146 575 1503 630 aeternitatem
1528 585 1784 646 tauquam
1817 592 2040 645 scopum

2153 588 2259 624 εσιν
2304 570 2424 624 καθ’
2476 570 2712 639 ἑκάστην
2763 568 2979 639 ἡμέραν
3025 567 3229 638 ἁκονᾷν
3285 567 3350 620 ὲκ
3412 565 3528 617 τῶν
3561 564 3723 657 θείων

463 666 653 720 intenti
679 678 889 730 sumus,
943 676 998 721 et
1043 667 1385 735 prudentiam
1419 668 1473 722 in
1523 666 1642 721 dies
1677 667 1878 723 divinis
1912 683 2038 723 ora-

462 757 599 813 culis
631 772 829 813 acuere
852 758 1136 813 debemus.
1784 766 1787 767 '

740 887 877 944 XCI.
901 920 972 932 -—
991 886 1388 945 HARPOClUE
1420 889 1807 948 SOPHISTA‘I.

1062 980 1138 1034 De
1158 981 1338 1036 eadem
1362 999 1434 1036 re.

542 1116 700 1172 Varia
731 1131 797 1172 ac
835 1115 1154 1186 multiplicia
1198 1126 1327 1173 sunt.
1356 1118 1634 1172 hominum
1675 1119 1854 1174 studia
1876 1121 2041 1175 etiam

467 1209 616 1262 circa
644 1207 855 1261 dicendi
882 1221 1106 1274 genera.
1135 1206 1268 1261 Nam
1317 1206 1410 1266 alii
1457 1209 1673 1278 Quidem
1717 1211 2042 1266 adamarunt

466 1299 791 1353 atticismum
818 1307 1076 1364 veterem,
1098 1299 1186 1352 alii
1212 1314 1340 1353 vero
1366 1301 1703 1369 perspicuam
1736 1304 2040 1357 orationem

466 1389 737 1444 atticismo
760 1389 1023 1458 potiorem
1053 1390 1287 1443 ducunt.
1308 1389 1477 1444 Aiunt
1503 1390 1649 1446 enim
1675 1410 1691 1447 :
1727 1393 1865 1460 Quid
1891 1393 2039 1448 utili-

468 1482 595 1535 tatis
616 1480 771 1534 all‘ert
801 1479 981 1534 Attice
1011 1479 1262 1553 loquendi
1288 1481 1524 1537 studium
1551 1482 1708 1554 4,6],
1738 1486 1954 1553 quando
1976 1499 2038 1540 ea

471 1586 593 1639 qua:
634 1571 889 1624 dicuntur
926 1571 1066 1624 velut
1115 1572 1353 1627 tenebris
1397 1573 1763 1640 occultantur,
1803 1577 2036 1645 aliisque

470 1662 735 1731 indigent,
761 1660 850 1729 qui
885 1676 946 1715 ea
982 1662 1032 1715 in
1060 1661 1234 1716 lucem
1266 1663 1591 1733 proferant?
1617 1665 1721 1719 Alii
1756 1682 1885 1721 vero
1909 1682 2034 1737 epo-

2143 660 2339 729 λογίων
2366 659 2693 730 ὀφείλουσιν.

2509 884 2627 953 ιιΑσ.
2662 880 2997 952 ΑΡΠΟΚΡᾼ
3032 878 3347 952 meum.

2675 969 2816 1039 Περὶ
2846 968 2954 1025 τοῦ
2984 968 3194 1023 αὐτοῦ.

2211 1102 2547 1174 Πολύτροποι
2571 1101 2678 1156 τῶν
2702 1101 3004 1171 ἀνθρώπων
3030 1099 3125 1156 καλ⁵
3147 1101 3202 1154 αί
3218 1099 3348 1169 περὶ
3377 1099 3505 1164 τοὺς
3528 1099 3723 1168 λόγους

2143 1196 2448 1265 ἐπιθυμίαι.
2491 1196 2554 1249 Oi
2586 1194 2684 1264 μὲν
2722 1194 2830 1265 γὰρ
2873 1192 3057 1247 αὐτῶν
3084 1192 3342 1261 ἀγαπῶσι
3373 1191 3436 1245 τὺ
3477 1191 3721 1255 παλαιῶς

2156 1285 2497 1351 Ἀττικίζειν,
2534 1286 2584 1338 οί
2630 1284 2687 1337 δὲ
2732 1285 2795 1337 τὸ
2824 1281 3011 1352 σαφῶς
3034 1284 3208 1337 εἰπεῖν
3229 1280 3325 1336 τοῦ
3369 1280 3741 1352 ’Δττικισμοῦ-

2142 1379 2409 1450 πρότερον
2463 1378 2689 1446 ἄγουσι,
2740 1360 3010 1445 λέγοντεςο
3062 1376 3128 1429 Τί
3166 1375 3232 1429 τὸ
3274 1374 3469 1445 κέρδος
3520 1376 3587 1427 ὲκ
3626 1372 3723 1428 τοῦ

2157 1471 2498 1536 Ἀττικίζειν,
2553 1470 2682 1523 ὅταν
2744 1467 2814 1521 τὰ
2844 1466 3113 1537 λεγόμενα
3189 1466 3380 1537 ὥσπερ
3434 1467 3492 1519 έν
3545 1463 3725 1533 σκότῳ

2142 1562 2475 1634 κρύπτηται,
2533 1561 2628 1613 καὶ
2680 1558 2855 1613 ἄλλων
2901 1557 3090 1630 δέηται
3140 1557 3251 1610 τῶν
3282 1558 3362 1620 είς
3405 1556 3520 1626 φῶς
3580 1555 3723 1608 αῦτά

2142 1651 2408 1717 ἀξόντων;
2448 1650 2633 1704 Ἀλλοι
2671 1649 2729 1703 δὲ
2776 1647 3029 1720 χαίρουσι
3062 1651 3128 1719 τῇ
3162 1647 3418 1717 ὲποποιίᾳ
3440 1662 3455 1677 θ
3484 1647 3581 1700 καὶ
3610 1646 3725 1699 ἓτε-

470 1754 631 1820 poeia.
655 1752 707 1807 ld
746 1762 830 1808 est
861 1753 1083 1807 heroico
1112 1755 1370 1821 carmine,
1390 1755 1760 1820 delectantur;
1791 1759 1881 1813 alii
1910 1733 2038 1827 gra-

2153 1761 2227 1814 ροι
2262 1744 2362 1813 μὲν
2407 1745 2474 1813 τῇ
2525 1742 2816 1814 σεμνότητι
2849 1744 2948 1813 τῆς
2988 1740 3316 1813 τραγῳδίας,
3362 1739 3509 1794 ἄλλοι
3555 1737 3615 1791 δὲ
3656 1739 3723 1810 τῇ

481 1842 652 1897 vitate
701 1842 1012 1913 tragoediaz;
1074 1843 1162 1897 alii
1212 1844 1488 1901 blanditiis
1532 1863 1596 1902 ac
1632 1848 1915 1904 lenociniis
1947 1866 2039 1906 co-

2146 1835 2521 1906 στωμυλὸτητι
2545 1834 2643 1906 τῆς
2669 1834 2960 1905 κωμῳδίας
2989 1851 3005 1866 ’
3047 1834 3143 1888 καὶ
3177 1833 3328 1889 ἄλλοι
3362 1833 3428 1904 τῇ
3460 1831 3725 1903 ἁϐρότητι

471 1932 681 1986 mmtliac
720 1947 736 1994 ;
790 1932 880 1985 alii
918 1935 1069 2003 copia
1125 1935 1412 1990 rhetOricae
1454 1940 1764 2007 capiuntur.
1800 1938 1906 1996 Sed
1941 1957 2042 1997 nec

2153 1929 2243 1995 τῆς
2287 1927 2604 2001 ῥητορικῆς.
2657 1927 2796 1980 Ἀλλ’
2826 1926 2948 1980 οὐδὲ
2999 1918 3148 1979 οὗτοι
3195 1922 3609 1994 ωμὸαίνουσιν.
3663 1922 3725 1974 Οἱ

473 2021 525 2075 hi
564 2022 707 2076 inter
745 2036 804 2076 se
840 2025 1205 2079 consentiunt.
1242 2023 1382 2079 Sunt
1417 2027 1561 2082 enim
1607 2030 1696 2098 qui
1740 2031 2042 2086 sublimita-

475 2121 579 2165 tem
631 2111 873 2167 Platonis
918 2114 1358 2183 amplectuntur;
1399 2125 1529 2171 sunt
1575 2121 1665 2189 qui
1707 2118 2044 2193 Thucydidis

472 2203 836 2270 gravitatem;
891 2212 1030 2269 sunt,
1067 2206 1157 2272 qtti
1210 2204 1465 2261 Isocratis
1503 2210 1862 2276 tenuitatem;
1921 2221 2046 2267 sunt

473 2292 566 2361 qui
601 2295 975 2348 Demosthenis
1004 2296 1399 2351 vehementiam
1436 2297 1748 2365 prmierunt.
1780 2299 1871 2356 Sic
1900 2302 2042 2355 enim

473 2386 795 2439 existimant
849 2401 1039 2440 omnes
1089 2388 1298 2441 dicendi
1353 2400 1499 2444 artes
1552 2390 1723 2458 ipsum
1764 2391 2044 2461 depastum

474 2492 620 2540 esse,
644 2485 694 2529 et
732 2479 1019 2546 gravitate,
1052 2488 1107 2532 et
1133 2480 1457 2545 acerbitate,
1501 2492 1554 2536 et
1587 2482 1953 2546 vehementia,
1985 2492 2040 2538 et

484 2567 828 2619 contentione
866 2567 1205 2636 certaminis,
1257 2583 1446 2625 omnes
1488 2581 1755 2640 quotquot
1802 2589 2044 2643 unquam

474 2658 801 2711 exstiterunt
833 2674 1143 2727 superasse.
1177 2659 1412 2715 Rursum
1464 2664 1555 2718 alii
1605 2666 1823 2734 quidem
1865 2666 2044 2738 Lysiae

474 2763 645 2818 genus
687 2749 902 2805 dicendi
953 2762 1198 2819 apertum
1238 2761 1292 2808 et
1336 2756 1621 2824 protritum
1668 2766 1852 2813 amant
1889 2776 1903 2814 :
1957 2760 2049 2815 alii

474 2855 661 2899 contra
704 2845 818 2901 [seei
854 2848 1154 2901 orationem
1183 2886 1199 2913 ,
1251 2860 1371 2919 quat
1412 2850 1665 2906 Isocratis
1709 2852 1924 2922 quidem
1968 2853 2052 2909 di-

475 2939 658 2992 ctione
692 2938 1106 2993 couvenieutior
1131 2951 1216 2993 est
1263 2940 1506 3009 iudiciis,
1540 2945 1827 2999 sublimior
1864 2956 2046 2999 autem

481 3045 643 3098 quam
704 3031 900 3103 Lysiae.
936 3032 1043 3087 Alii
1097 3034 1333 3105 denique
1368 3034 1649 3093 Eschiuis
1705 3038 2048 3109 perspicuum

475 3131 532 3174 et
579 3124 865 3177 candidum
918 3124 1130 3179 dicendi
1180 3141 1350 3196 genus
1388 3130 1639 3196 probant.
1694 3129 1827 3183 Cum
1882 3130 2051 3199 igitur

479 3223 587 3265 tam
614 3212 778 3269 variae
797 3215 906 3266 sint
934 3230 998 3269 ac
1024 3215 1411 3271 dissentientes
1436 3216 1713 3271 hominum
1747 3217 2049 3286 opiniones,

388 3316 391 3317 '
476 3303 734 3372 equidem
766 3319 868 3357 non
899 3304 1074 3359 haheo
1106 3307 1287 3362 dicere
1311 3308 1402 3378 qui
1437 3308 1552 3361 lieri
1590 3311 1779 3376 possit,
1815 3319 1875 3363 ut
1916 3310 2054 3364 scri-

487 3405 611 3463 ptor
643 3394 839 3464 aliquis
881 3397 1130 3452 omnibus
1154 3399 1385 3467 placeat.
1412 3386 1597 3468 Itaque
1640 3400 1738 3466 illi,
1770 3409 1827 3454 ut
1859 3400 1950 3470 qui
1987 3400 2051 3453 ad

481 3483 710 3555 gloriant
777 3476 1092 3555 respiciant,
1129 3489 1372 3543 scribant
1404 3500 1462 3544 ut
1498 3491 1627 3560 ipsis
1671 3491 1822 3545 libet.
1858 3492 1929 3545 At
1962 3507 2051 3546 sa-

484 3591 576 3628 cra
606 3585 661 3629 et
690 3576 932 3630 coelestia
960 3578 1206 3642 oracula,
1234 3580 1492 3649 quoniam
1526 3582 1592 3635 ad
1617 3581 1858 3635 universi
1890 3596 2053 3652 gene-

484 3665 559 3719 ris
589 3666 806 3720 humani
835 3669 1121 3724 utilitatem
1155 3671 1505 3739 pronuntiata
1555 3673 1870 3743 scriptaque
1896 3683 2048 3737 sunt,

477 3759 862 3828 perspicuitate
909 3771 1037 3814 sunt
1068 3770 1391 3829 temperata.
1426 3762 1505 3815 Ex
1557 3763 1659 3817 hac
1704 3764 1849 3817 enim
1887 3772 1943 3819 et
1974 3763 2049 3818 illi

477 3849 569 3917 qui
629 3850 749 3903 aliis
795 3850 1094 3906 virtutibus
1142 3852 1458 3907 orationum
1517 3853 1863 3909 delectantur
1900 3854 2053 3927 (sunt

479 3950 665 3997 autem
696 3939 750 3995 hi
778 3956 1039 4011 perquam
1077 3943 1207 4015 rari)
1238 3944 1370 3998 nihil
1404 3946 1703 4015 quidquam
1732 3945 2049 4001 detrimenti

478 4027 782 4095 patiuntur,
811 4030 975 4083 semel
1022 4031 1383 4101 intelligentes
1415 4048 1477 4087 ea
1514 4049 1635 4101 qua:
1674 4035 1910 4091 oraculis
1941 4035 2048 4092 illis

477 4120 831 4174 continentur
867 4138 881 4173 :
914 4132 969 4174 et
1000 4136 1190 4176 omnes
1223 4123 1313 4190 qui
1353 4124 1701 4192 agriculturae
1740 4126 1871 4179 dant
1916 4139 2048 4195 ope-

478 4223 592 4261 ram
622 4216 675 4262 et
704 4209 950 4264 artiﬁciis
976 4221 1032 4264 et
1057 4209 1273 4267 caeteris
1304 4212 1752 4279 occupationibus
1777 4212 1903 4268 vita:
1934 4212 2050 4269 dis-

479 4301 739 4365 tinentur,
785 4301 1172 4368 perspicuitate
1218 4301 1509 4368 plurimum
1582 4304 1868 4373 iuvantur,
1919 4304 2047 4358 dum

2149 2020 2380 2091 μὲνγὰρ
2433 2019 2495 2073 τὸ
2533 2017 2666 2088 ὕψος
2715 2016 2811 2071 τοῦ
2867 2017 3155 2081 Πλάτωνος
3213 2014 3613 2086 ἀποδέχονται,
3676 2014 3725 2065 oi

2144 2111 2200 2163 δὲ
2225 2110 2321 2181 τὴν
2364 2108 2683 2164 Θουκυδίδου
2720 2108 3023 2179 σεμνότητα
3048 2106 3158 2178 (81)
3184 2122 3197 2135 ’
3256 2106 3354 2159 καὶ
3401 2107 3449 2158 οἱ
3502 2104 3605 2174 μὲν
3632 2102 3728 2174 τὴν

2160 2202 2504 2273 Ἰσοκράτους
2533 2201 2786 2273 λιτότητα
2818 2200 2953 2271 (8ἳ),
3002 2200 3048 2251 οἱ
3097 2197 3156 2252 δὲ
3190 2196 3291 2267 τὴν
3350 2195 3728 2267 Δημοσθένους

2147 2299 2445 2369 δεινότητα.
2484 2295 2672 2360 Πάσας
2719 2295 2828 2365 γάρ
2876 2294 3055 2348 αὐτῶν
3092 2292 3411 2362 σεσιτῆσθαι
3446 2291 3559 2361 (85)
3631 2289 3729 2352 τὰς

2147 2386 2256 2440 τῶν
2287 2388 2462 2456 λόγων
2511 2387 2706 2458 τέχνας
2760 2387 2988 2452 οἴονται,
3045 2385 3140 2439 καὶ
3187 2386 3245 2437 ὲν
3286 2383 3365 2454 τῷ
3428 2381 3591 2453 δεινῷ
3638 2384 3729 2434 καὶ

2150 2476 2332 2549 πικρῷ
2400 2477 2495 2531 καὶ
2529 2476 2818 2548 παθητικῷ
2865 2475 2961 2530 καί⁵
3008 2475 3289 2546 ἐναγωνίῳ
3317 2475 3524 2538 πάντας
3558 2475 3729 2543 ὑπερ-

2149 2569 2440 2623 ϐάλλεσθαι
2469 2566 2604 2638 (84).
2649 2568 2758 2621 Καὶ
2813 2569 2861 2621 oi
2921 2566 3019 2638 μὲν
3070 2566 3170 2638 τὴν
3224 2564 3425 2620 Λυσίου
3486 2566 3729 2637 φανερὰν

2151 2663 2322 2716 ἅπασι
2395 2660 2489 2714 καὶ
2536 2659 2909 2731 τετριμμένην
2960 2658 3106 2725 λέξιν
3172 2656 3499 2726 ἀγαπῶσιν*
3565 2657 3621 2709 oi
3674 2656 3730 2708 δὲ

2164 2752 2381 2816 Ἰσαίου,
2414 2744 2940 2821 τδδικανικώτερον
2985 2748 3087 2821 μὲν
3123 2748 3491 2818 Ἰσοκράτους,
3522 2747 3727 2817 ὑψηλό-

2151 2860 2308 2913 τερον
2365 2843 2424 2896 δὲ
2477 2841 2677 2895 Λυσίου
2711 2857 2726 2872 ⁶
2758 2842 2808 2894 oi
2838 2841 2895 2894 δὲ
2922 2839 3175 2911 Αἰσχίνου
3206 2839 3266 2892 τὸ
3313 2839 3483 2909 σαφὲς
3512 2841 3616 2893 καὶ
3662 2838 3722 2891 τὸ

2152 2931 2364 2985 λευκόν.
2402 2929 2681 2984 Τοσούτων
2696 2923 2790 2984 οὖν
2825 2929 2994 2983 ὄντων
3014 2929 3123 2981 τῶν
3151 2928 3589 2999 διαφερομένων,
3618 2926 3729 2990 πῶς

2153 3042 2237 3088 τις
2272 3022 2633 3093 συγγραφέων
2664 3023 2831 3075 πᾶσιν
2861 3019 3131 3093 ἀρέσειεν,
3155 3019 3255 3072 οὐκ
3277 3017 3385 3089 ἔχω
3426 3018 3633 3087 λέγειν.
3666 3019 3727 3071 Oi

2158 3118 2257 3191 μὲν
2299 3112 2397 3171 οὖν
2427 3116 2563 3188 πρὸς
2599 3115 2758 3181 δόξαν
2793 3106 3049 3187 ὁρῶντες,
3088 3112 3164 3177 ὡς
3208 3113 3490 3184 βούλονται
3518 3110 3728 3183 γραφέ-

2153 3227 2335 3264 τωσαν
2365 3226 2381 3241 ·
2432 3209 2482 3261 oi
2524 3208 2581 3262 δὲ
2615 3207 2751 3279 ἱεροὶ
2796 3206 2893 3260 καὶ
2937 3207 3182 3278 οὐράνιοι
3221 3203 3486 3277 χρησμοὶ,
3537 3202 3723 3272 ἐπειδὴ

2155 3304 2293 3368 πρὸς
2349 3299 2616 3370 ὠφέλειαν
2664 3299 2847 3369 πάσης
2900 3300 3000 3369 τῆς
3052 3295 3475 3367 ἀνθρωπότητος
3505 3294 3730 3366 ὲρρέθη-

2155 3408 2255 3445 σαν
2320 3388 2447 3444 καῖ’
2480 3389 2821 3461 ἐγράφησαν,
2904 3390 2975 3459 τῇ
3042 3386 3315 3459 σαφηνείᾳ
3390 3384 3725 3455 έκράθησαν.

2166 3482 2262 3536 Ἐκ
2324 3482 2423 3552 μὲν
2481 3472 2589 3552 γὰρ
2649 3479 2876 3550 ταύτης,
2937 3481 2986 3533 οἱ
3062 3482 3184 3544 ταῖς
3248 3477 3440 3541 ἄλλαις
3510 3476 3729 3546 ἀρεταῖς

2152 3572 2260 3626 τῶν
2301 3572 2475 3641 λόγων
2507 3571 2787 3641 χαίροντες
2837 3568 3027 3641 (ὀλίγοι
3055 3569 3100 3623 δ’
3150 3568 3288 3623 εἰσὶν
3345 3561 3544 3637 οὗτοι),
3583 3566 3728 3621 οὐδὲν

2153 3662 2654 3734 παρασλάπτονται,
2720 3659 2869 3725 ἅπαξ
2925 3659 3173 3724 νοοῦντες
3253 3661 3323 3713 τά
3384 3657 3725 3729 χρησθέντα·

2153 3755 2357 3818 πάντες
2385 3753 2431 3806 δ’
2463 3753 2514 3807 oi
2543 3753 2839 3824 γεωργίαις
2885 3752 2982 3805 καὶ
3011 3751 3229 3821 τέχναις
3258 3750 3352 3805 καὶ
3380 3754 3501 3812 ταῖς
3542 3748 3730 3810 ἄλλαις

2152 3848 2431 3920 ἀσχολίαις
2462 3845 2554 3899 τοῦ
2596 3844 2710 3915 βίου
2754 3843 3128 3914 σχολάζοντες,
3177 3841 3514 3912 ὠφελοῦνται
3542 3842 3610 3894 ὲκ
3636 3840 3729 3909 τῆς

2154 3938 2457 4009 σαφηνείας
2476 3953 2489 3967 ·
2519 3935 2615 3990 καὶ⁵
2664 3936 2726 3987 τὸ
2754 3934 2987 4005 πρέπον,
3044 3933 3141 3987 καὶ
3169 3932 3231 3985 τὸ
3278 3930 3511 3995 δίκαιον,
3542 3930 3639 3984 καὶ
3674 3926 3731 3980 τὸ

2153 4030 2435 4103 συμφέρον
2487 4031 2547 4085 ὲν
2594 4028 2860 4099 ἀκαριαίᾳ
2904 4026 3097 4101 καιροῦ
3156 4028 3295 4097 ῥοπῇ
3345 4023 3727 4095 μανθάνοντες.

2151 4125 2246 4189 Et;
2305 4120 2575 4192 τοσαύτην
2629 4122 2739 4190 γὰρ
2791 4119 3084 4189 συντομίαν
3128 4119 3162 4189 ἡ
3215 4116 3335 4171 θεία
3416 4111 3728 4184 συνετμήθη

2152 4214 2457 4280 παίδευσις,
2506 4212 2582 4276 ὡς
2635 4213 2696 4265 τὸ
2745 4211 2977 4265 ἑκάστου
3016 4209 3262 4279 βούλημα
3290 4208 3416 4278 ὅρον
3464 4202 3607 4259 εἶναι
3636 4205 3730 4272 τῆς

2150 4305 2355 4376 ἀρετῆς
2394 4303 2799 4375 ἀποφήνασθαι’
2836 4322 2856 4355 ι
2896 4302 3086 4357 Πάντα
3130 4301 3262 4372 γὰρ,
3305 4300 3494 4370 φησιν.
3528 4298 3632 4350 ὅσα
3663 4295 3730 4349 ἂν

476 4395 535 4439 et
564 4386 690 4454 quid
715 4387 925 4452 deceat,
963 4390 1168 4456 etquid
1202 4389 1401 4458 iustum
1446 4400 1500 4447 et
1536 4393 1663 4461 quid
1703 4394 1832 4448 utile
1862 4395 1953 4458 sit,
1995 4394 2046 4447 in

2155 4395 2346 4466 θέλητε
2398 4395 2485 4448 ἵνα
2536 4394 2764 4448 ποιῶσιν
2812 4395 2941 4464 ὑμῖν
2997 4395 3045 4446 oi
3089 4392 3384 4462 ἅνθρωποι,
3423 4389 3521 4442 καὶ
3575 4389 3730 4457 ὑμεῖς

477 4475 751 4533 momento
799 4481 1059 4547 temporis
1093 4481 1329 4535 discunt.
1374 4482 1432 4536 In
1476 4493 1685 4537 tantum
1714 4485 1860 4538 euiut
1894 4500 2045 4539 coin-

476 4567 729 4636 pendium
781 4567 958 4621 divina
1031 4570 1299 4624 inStitutio
1346 4582 1625 4627 contracta
1672 4584 1790 4637 est,
1863 4582 1922 4627 ut
1996 4574 2047 4628 id

474 4657 619 4726 quod
648 4661 877 4729 quisque
904 4662 1172 4728 voluerit,
1204 4663 1421 4721 virtutis
1449 4679 1570 4721 esse
1612 4668 1906 4721 terminum
1952 4668 2048 4722 de-

477 4748 699 4804 ﬁnierit.
746 4749 836 4805 Sic
863 4751 1005 4805 enim
1040 4752 1160 4807 ait:
1193 4772 1211 4802 ι
1246 4751 1439 4808 Omnia
1479 4771 1600 4825 quae
1666 4757 1948 4812 volueritis
1991 4767 2047 4811 ut

477 4837 681 4894 faciant
707 4841 860 4897 vobis
884 4842 1155 4910 homines,
1194 4853 1247 4898 et
1278 4860 1373 4900 vos
1406 4843 1567 4901 facite
1610 4847 1742 4917 ipsis
1771 4847 2042 4902 similiter.

2154 4488 2358 4540 ποιεῖτε
2382 4485 2563 4548 αὐτοῖς
2591 4484 2791 4554 ὁμοίως
2817 4500 2830 4514 ·
2862 4477 3019 4547 οὗτος
3047 4482 3158 4554 γάρ
3188 4483 3339 4535 ἐστιν
3372 4483 3401 4534 ὁ
3440 4478 3606 4548 νόμος
3642 4474 3730 4528 καὶ

2155 4580 2204 4632 οἱ
2240 4578 2538 4647 προφῆται.
2614 4594 2633 4628 ι
2688 4575 2754 4628 Τί
2802 4575 2940 4646 πρὸς
2986 4573 3193 4644 ταύτην
3241 4572 3341 4640 τὴν
3391 4568 3596 4641 ἀρετὴν
3641 4566 3731 4619 καὶ

2156 4657 2257 4740 τὴν
2313 4667 2603 4739 συντομίαν
2645 4667 2742 4720 καὶ
2786 4666 2887 4738 τὴν
2940 4667 3241 4737 σαφήνειαν
3288 4665 3338 4717 oi
3391 4658 3732 4717 Πλατωνικοὶ

2155 4759 2416 4827 διάλογοι,
2439 4759 2471 4829 ἢ
2498 4756 2577 4829 [ἡ]
2615 4756 2888 4827 Ὁμηρικὴ
2915 4755 3121 4817 δέλτος,
3156 4754 3190 4824 ἢ
3213 4754 3263 4806 οί
3284 4751 3395 4805 τῶν
3429 4748 3729 4821 νομοθετῶν

2155 4846 2403 4911 κώδικες,
2432 4846 2467 4915 ἢ
2501 4846 2558 4900 αί
2616 4844 2992 4915 Δημοσθένους
3036 4844 3239 4914 βίϐλοι,
3285 4842 3319 4912 ἢ
3354 4845 3386 4913 ἡ
3418 4840 3520 4911 τῆς
3561 4853 3731 4908 τραγ-

1524 5000 1527 5005 ’
1564 5020 1797 5077 VARIAS
1834 5020 2215 5078 LECTIONES
2247 5020 2335 5074 ET
2374 5018 2608 5074 norm.

549 5171 661 5243 (8|)
696 5173 812 5244 Τὴν
851 5173 1224 5229 Θουκυδίδου
1280 5176 1639 5244 σεμνότητα.
1672 5175 1908 5231 Suidas:
1944 5178 2055 5231 Χα-

476 5244 749 5313 ρακτῆρες
774 5243 945 5310 λόγων
989 5244 1324 5366 φξαστικῶν,
1367 5245 1590 5366 ὑψηλὸς,
1622 5247 1823 5316 ίσχνὸς,
1850 5246 2013 5317 μέσος
2037 5263 2051 5277 '

476 5316 504 5365 ό
548 5313 605 5364 δὲ
631 5312 959 5366 Θουκυδίδης
1004 5332 1032 5366 τ
1068 5332 1097 5366 ν
1144 5314 1347 5366 υώηλὸν
1384 5316 1444 5366 ἐξ
1484 5316 1676 5366 λωσεν.
1707 5317 1785 5366 ὡς
1821 5318 2051 5366 ποόσωο‹

475 5312 504 5365 δ
548 5313 605 5364 δὲ
631 5312 977 5398 ρουικυδίδης
1004 5312 1097 5366 τὸν
1114 5314 1347 5398 ιρψηλὸν
1384 5312 1785 5398 ὲζῇλωσεγ,
1821 5312 2055 5398 πρέσφο-

478 5383 2054 5524 ﬁliiﬁlii};.‘ié’ﬂii'viif’ié‘i'isﬁi‘a‘i'é‘ifﬁeﬂi‘é‘iié'ﬂi;

482 5534 698 5586 quoque
714 5522 941 5596 confert
992 5522 1401 5596 Ulpianuscum
1436 5524 1587 5589 alibi,
1620 5536 1731 5579 tum
1767 5527 1821 5579 in
1876 5528 2052 5596 prole-

483 5604 628 5663 gmn.
662 5590 726 5663 ad
755 5590 1097 5663 Olynthium:
1132 5602 1186 5646 et
1208 5593 1551 5660 Philippicas.
1587 5596 1653 5650 Et
1678 5596 1804 5663 quid
1854 5590 2049 5649 mirum

487 5656 901 5712 Demosthenem
955 5661 1123 5729 ipsius
1170 5656 1487 5730 gravitatem
1537 5656 1904 5734 ettpre'ssisse,
1960 5666 2051 5734 qui

2153 5176 2323 5247 octies
2350 5189 2485 5247 eum
2529 5188 2625 5228 sua
2668 5186 2840 5247 manu
2878 5165 3280 5247 descripserit:
3303 5164 3439 5224 Vidé
3462 5176 3521 5222 et
3544 5166 3733 5247 perne-

2158 5243 2672 5319 triu_n_t_Pltal_ereutn
2704 5240 3217 5319 Περὶ-ἑρμηνείας.
3244 5240 3415 5295 Βιττ.
3498 5308 3513 5319 _
3548 5240 3590 5319 '_
3680 5302 3692 5314 .

2225 5314 2339 5387 (82)
2379 5314 2514 5368 Cod.
2556 5312 2675 5387 V_at.
2701 5352 2716 5377 ,
2761 5308 3035 5383 λειότητα.
3092 5313 3419 5387 νοτεραῖς
3450 5308 3635 5375 αὐτῶν
3680 5308 3733 5357 in

2154 5384 2540 5452 αὐτδνηιιιιυι,
2579 5384 2789 5437 Possm.
2841 5450 2866 5452 ὼ
3088 5419 3115 5452 _.
3258 5384 3265 5387 ’
3330 5450 3338 5452 4
3387 5449 3398 5452 Α
3662 5400 3727 5452 ἐ

2224 5454 2366 5525 (85)-
2384 5451 2594 5507 Αὐτῶν
2653 5450 3031 5521 σεσιτῆσθαι.
3086 5450 3217 5522 Leg.
3280 5449 3447 5505 αὐτὸν
3509 5449 3727 5509 σεσιτή-

2159 5522 2303 5577 σθαι.
2339 5523 2506 5576 Rt'r'r.

2193 5593 2346 5716 ἔξω
2394 5591 2631 5715 μάντας
2690 5592 3191 5671 ὑπερεάηιλεσραι,
3241 5590 3417 5675 Malim
3493 5580 3730 5650 ὑπερῆπι·

2223 5680 2251 5716 σ
2289 5679 2363 5716 αι.
2416 5678 2468 5716 D.
2848 5692 2853 5695 λ
3051 5690 3061 5698 -
3524 5692 3538 5705 α

2158 5666 2363 5716 λέσθαι.
2394 5666 2468 5716 In.
2793 5666 2807 5671 '
2848 5692 2853 5695 λ
3051 5690 3061 5698 -
3330 5666 3341 5675 ⁸
3524 5692 3538 5705 α
