4042 6146
450 206 593 271 1153

1323 212 1858 277 EPISTOL'ARUM
1887 217 2033 278 LIB.
2081 219 2259 281 IV.-
2310 221 2549 284 EPIST.
2594 226 2808 288 XCIII.

3570 233 3704 301 1154

446 312 615 381 ῳδίας
656 311 998 383 περιπέτεια,
1047 313 1079 381 ἦ
1146 314 1178 383 ἡ
1240 314 1342 384 τῆς
1390 317 1682 388 κωμῳδίας
1735 320 2017 385 ὑπόθεσιςς

2136 322 2259 378 Hinc
2286 328 2429 380 enim
2457 338 2541 382 est
2589 330 2670 385 lex
2723 342 2777 385 et
2823 335 3097 404 prophetze
3126 337 3192 392 ⁸⁵.
3236 357 3255 391 ι
3298 339 3460 408 Quid,
3494 357 3699 412 qttzrso.

438 397 814 467 ,Kptvdtwtrav
854 399 1044 470 ,ὀρθῶς
1089 402 1138 452 οἱ
1196 401 1549 471 χλευάζοντες
1604 406 1705 477 τὴν
1760 408 2027 463 ίδιωτείαν

442 489 559 541 τῶν
615 482 898 560 ῥημάτων,
946 492 1039 544 καὶ
1080 490 1179 559 τὴν
1219 493 1402 562 ψῆφον
1459 496 1755 552 ἀδέκαστον
1797 502 2024 555 οτσουσι.

442 581 658 642 Πόσους
687 580 968 651 διαλόγους
990 584 1326 655 συνέγραψεν
1355 586 1385 639 ὁ
1426 586 1858 658 ἐλλογιμώτατος
1887 592 2028 656 Πλά-

447 688 578 733 των,
611 670 780 735 δεῖξαι
818 671 1037 734 ἐθέλων,
1062 673 1114 725 τί
1149 674 1210 725 τὸ
1247 674 1488 741 δίκαιον,
1530 679 1623 731 καὶ
1653 679 1819 749 μηδὲν
1853 681 2024 748 σαφὲς

449 762 686 833 φράσας,
740 762 875 833 μηδέ
906 763 1102 828 πείσας
1133 765 1306 831 τινας,
1358 765 1495 819 ἀλλά
1546 769 1641 821 xa‘t
1693 770 1868 840 αὐτῆς
1925 770 2027 841 τῆς

447 848 759 923 ἐλευθερίας
810 854 1061 909 ἐκπεσὼν
1109 855 1641 928 ἐτελεύτησεςΠόσα
1688 862 2026 934 συνέγραψεν

462 946 875 1019 Ἀριστοτέλης,
953 949 1371 1021 ἐναντιούμενος
1442 951 1725 1021 Πλάτωνι,
1803 956 1898 1009 καὶ
1956 957 2026 1011 τά

446 1038 695 1108 δόγματα
757 1038 922 1091 αὐτοῦ
976 1040 1296 1111 κωμῳδῶνς
1367 1041 1509 1096 Ἀλλ’
1564 1046 1685 1099 οὒδέ
1758 1046 1922 1111 αὑτός
1970 1065 2024 1101 τι

2130 427 2257 470 sunt
2290 417 2372 472 vel
2414 419 2676 476 Platonici
2731 424 2954 495 dialogi,
3000 430 3085 484 vel
3139 429 3438 489 llomericm
3481 434 3701 498 tabulae,

2128 508 2212 560 vel
2242 508 2613 578 Iegislatorum
2643 516 2881 582 codices,
2914 521 2996 573 vel
3028 522 3405 581 Demosthenis
3435 527 3580 590 libri.
3619 531 3701 581 vel

2122 603 2406 670 tragtedite
2428 606 2566 659 varii
2600 616 2761 677 atque
2796 611 3057 678 inopinati
3095 629 3274 681 casus,
3310 616 3388 670 vel
3414 619 3698 672 coma-dim

2127 703 2530 762 argumentum,
2574 698 2619 752 si
2667 700 2734 754 ad
2784 701 2923 756 hanc
2974 704 3229 759 virtutem
3277 716 3331 760 et
3376 708 3694 762 brevitatem

2129 786 2684 856 porspicuitatemque
2738 794 3128 848 conferantur?
3182 796 3346 851 Recte
3404 786 3691 867 judicent,

2126 875 2218 942 qui
2254 876 2656 946 simplicitatem
2689 882 2979 939 verborum
3015 885 3067 939 in
3096 885 3389 941 ludibrium
3423 888 3685 944 trahunt:

2126 974 2182 1020 et
2230 966 2495 1024 calculum
2554 972 2928 1042 incorruptum
2995 974 3192 1031 ferent.
3245 978 3387 1044 Quot
3451 979 3698 1052 dialogos

2132 1058 2460 1129 conscripsit
2498 1062 2903 1118 eruditissimus
2948 1065 3123 1133 Plato,
3157 1069 3284 1122 dum
3328 1078 3557 1124 conatur
3608 1075 3702 1131 de-

446 1122 645 1199 ὤνησε,
707 1128 846 1200 πλὴν
888 1128 982 1184 τοῦ
1042 1131 1222 1203 μάχην
1268 1132 1443 1199 λόγων
1486 1132 1563 1204 τῷ
1602 1135 1703 1207 βίῳ
1743 1139 2017 1208 γεννῆσαι.

2125 1158 2455 1216 monstrare,
2493 1154 2622 1222 quid
2647 1155 2719 1208 sit
2756 1155 3008 1223 iustitia?
3049 1173 3147 1213 nec
3180 1168 3360 1213 tamen
3400 1162 3694 1230 quidquam

450 1222 598 1274 Πόσα
617 1222 667 1274 ot
691 1222 902 1275 Στοῖκοὶ
936 1222 1076 1293 πρὸς
1117 1224 1495 1295 Ἀριστοτέλην
1519 1227 1862 1299 φραξάμενοι
1884 1229 2017 1300 (85)¹

2126 1239 2305 1308 potuit
2333 1242 2577 1309 proferre
2604 1249 2745 1315 quod
2764 1222 2916 1303 esset
2946 1251 3311 1319 perspicuum,
3344 1222 3434 1305 aut
3469 1268 3698 1321 persua-

448 1311 826 1382 συνέγραψαν;
872 1311 1014 1366 Ἀλλ’
1062 1313 1297 1384 ἐσϐέσθη
1350 1316 1617 1371 κάκείνων
1649 1317 1721 1371 τὰ
1756 1318 2017 1391 δόγματα.

2127 1330 2253 1383 dere
2293 1311 2671 1399 quibusdam-z
2703 1342 2832 1406 quin
2887 1311 3212 1410 etiam-ipsa
3268 1311 3519 1397 libertate
3571 1359 3697 1399 cum

446 1403 896 1475 Συγκρινέτωσαν
952 1403 1133 1459 τοίνυν
1182 1408 1295 1467 τοῖς
1337 1404 1651 1479 λεγομένοις
1694 1412 1878 1480 σοφοῖς
1923 1412 2017 1485 τὴν

2124 1419 2436 1490 excidisset,
2473 1423 2583 1477 vita
2613 1428 2869 1483 excessit.
2898 1430 3071 1496 Quam
3110 1432 3280 1487 multa
3313 1435 3534 1503 scripsit
3570 1416 3698 1489 Art;

444 1492 556 1545 τῶν
579 1492 738 1546 θείων
765 1492 964 1561 λογίων
994 1495 1317 1564 σαφήνειαν,
1342 1498 1438 1549 καὶ
1470 1498 1831 1575 παυέσθωσαν
1856 1500 2017 1570 φλυα-

2127 1511 2373 1578 Stnteles,
2431 1513 2640 1570 Platoni
2697 1532 2756 1572 se
2811 1492 3113 1588 Opponens,
3164 1522 3390 1592 ejusque
3428 1492 3691 1594 Idogmata

449 1584 690 1652 ροῦντες,
716 1586 813 1638 καὶ
836 1584 933 1655 τὴν
958 1584 1108 1638 Θείαν
1144 1586 1254 1640 τῶν
1295 1588 1563 1659 χρησμῶν
1598 1592 1799 1661 φράσιν
1825 1592 2017 1645 ἀποδε-

2128 1599 2419 1657 traducens
2451 1606 2595 1660 velut
2634 1607 2687 1661 in
2734 1584 3044 1665 com-tedia?
3079 1584 3331 1669 Sed'ttee
3374 1616 3489 1685 ipse
3512 1584 3692 1683 vquid-

443 1675 752 1745 χέσθωσαν,
783 1679 843 1731 οὐ
874 1678 1011 1748 πρὸς
1051 1680 1383 1752 φιλοτιμίαν,
1418 1682 1556 1738 ἀλλὰ
1586 1684 1725 1757 πρὸς
1751 1686 2017 1756 ὠφέλειαν

2123 1705 2281 1761 quam
2310 1694 2562 1751 utilitatis
2596 1700 2847 1767 contulit,
2881 1703 2984 1757 nisi
3027 1705 3168 1771 quod
3218 1667 3451 1775 pugua'm
3497 1667 3695 1761 verbo-

443 1767 553 1820 τῶν
584 1767 890 1822 ἀκουόντων
925 1768 1218 1839 βλέψασαν.

2128 1797 2245 1836 rum
2279 1785 2399 1840 vita:
2450 1788 2697 1846 humanae
2736 1794 3039 1862 generavit.
3088 1795 3260 1862 Quam
3312 1798 3477 1851 multa
3521 1798 3693 1853 Stoici

443 1860 707 1914 adversus
733 1859 1078 1914 Aristotelem
1101 1863 1294 1917 armati
1328 1865 1824 1934 conscripserunt?
1852 1866 2014 1940 462
2056 1869 2163 1926 Sed
2194 1874 2383 1929 horum
2437 1866 2659 1948 quoque
2718 1859 2987 1938 exstincta
3048 1859 3175 1940 sunt
3217 1890 3489 1956 dogmata.
3532 1890 3695 1944 Cum-

443 1965 634 2024 parent
670 1954 834 2020 igitur
873 1969 995 2010 cum
1055 1955 1127 2011 iis
1177 1956 1270 2027 qui
1317 1958 1588 2027 sapientes
1666 1961 2041 2030 perhibentur,
2082 1965 2389 2022 divinorum
2435 1973 2777 2030 oraculorum
2830 1954 3378 2047 perspicuitatetn,‘et
3446 1982 3696 2038 desinant

446 2046 657 2116 nugari,
704 2048 1051 2115 divinamque
1117 2050 1461 2107 oraculorum
1492 2050 1785 2108 dictionem
1821 2055 2242 2127 amplectantur,
2305 2078 2425 2131 qua:
2455 2081 2562 2123 non
2623 2068 2692 2123 ad
2747 2046 3116 2139 ambitionem,
3148 2074 3242 2129 sed
3277 2075 3343 2129 ad
3408 2076 3694 2133 utilitatem

447 2137 780 2193 audientium
810 2137 1069 2206 respexit.

972 2256 1087 2323 ιιΒι.
1124 2286 1196 2299 -
1238 2258 1486 2333 ΠΕΤΡῼ.

2635 2272 2795 2329 XCII.
2828 2306 2897 2319 —-
2930 2275 3181 2334 PETRO.

512 2387 605 2459 Μὴ
635 2390 929 2459 σκιαμάχει
951 2388 1085 2461 (86),
1119 2384 1165 2446 ὦ
1195 2391 1380 2460 φίλος·
1438 2391 1574 2463 μηδέ
1600 2392 1730 2465 περὶ
1759 2394 1873 2465 (87)
1909 2394 2017 2449 τῶν

2196 2393 2339 2462 Noli,
2364 2398 2434 2451 mi
2462 2399 2658 2467 amice,
2686 2415 2809 2456 cum
2836 2402 3041 2458 umbris
3072 2404 3350 2474 digladiari
3374 2425 3389 2473 ;
3418 2406 3545 2473 noli,
3569 2409 3694 2463 dum

440 2480 711 2549 τυχόντων
745 2480 1084 2549 φιλονεικῶν,
1121 2484 1178 2537 ἐν
1206 2485 1318 2547 τοῖς
1354 2484 1631 2555 μεγίστοις
1656 2485 1753 2539 καὶ
1782 2487 2017 2559 καιρίοις

2124 2485 2191 2540 de
2216 2489 2374 2542 rebus
2414 2487 2655 2545 futilibus
2684 2493 3063 2549 contentiones
3095 2496 3323 2562 excitas,
3370 2499 3598 2569 teipsmn
3640 2503 3691 2553 in

444 2569 639 2623 σαυτὸν
690 2570 1036 2625 κατάϐλαπτε
1060 2588 1075 2606 ο
1115 2574 1250 2643 μηδέ
1279 2572 1442 2645 ζήλου
1466 2576 1593 2639 τοὺς
1625 2575 1722 2647 τὴν
1764 2578 2015 2649 κάμηλον

2123 2578 2374 2633 maximis
2418 2591 2473 2634 et
2512 2581 2833 2651 capitalibus
2876 2584 3073 2642 laedere
3105 2605 3117 2639 :
3154 2589 3261 2643 noli
3313 2590 3544 2661 denique
3572 2607 3690 2655 cos,

442 2658 859 2725 καταπίνοντας,
884 2661 979 2714 καὶ
1004 2661 1097 2715 τὸν
1128 2663 1366 2718 κώνωπα
1395 2665 1744 2730 διυλίζοντας.

650 2874 765 2941 ιιιν.
800 2905 870 2915 -
897 2877 1155 2931 ΔΑΝΙΗΛ
1193 2878 1643 2951 ΠΡΕΣΒΥΤΕΡῼ
1668 2836 1799 2951 (88).

2120 2670 2210 2738 qui
2263 2672 2524 2725 camelttm
2574 2674 2908 2745 deglutiunt,
2965 2688 3021 2735 et
3092 2680 3317 2737 culicem
3370 2683 3693 2763 percolant,

2121 2761 2390 2816 aemulari.

2351 2871 2533 2928 XCIII.
2566 2904 2635 2915 -—
2674 2874 2948 2932 DANIELI
2980 2878 3464 2939 PRESBYTERU.

444 2968 547 3032 Εἰς
574 2968 638 3020 τὸ
662 3009 678 3035 ,
713 2985 732 3019 ι
771 2969 1063 3045 Μᾳκρρ-ιοί
1085 2970 1245 3037 ἐστε,
1270 2970 1416 3045 ὅταν
1453 2971 1838 3045 όιςεξιὸςίσωσιν
1860 2973 2014 3045 ὑμᾶς

2123 2959 2367 3027 lnillud,
2400 2980 2418 3013 ι
2457 2960 2610 3017 Beati
2645 2968 2788 3045 estis,
2826 2983 2947 3045 cur}!
2976 2969 3167 3036 probra
3208 2971 3348 3026 vobis
3380 2974 3689 3041 ingesserint

799 3041 854 3092 οἱ
881 3038 1199 3108 ἅνθρωποι,
1238 3060 1257 3092 ι
1288 3040 1386 3095 καί
1409 3041 1481 3095 τὰ
1504 3041 1671 3111 ἑξῆς.

512 3173 762 3227 Μάλιστα
822 3175 923 3245 μὲν
973 3177 1147 3231 πᾶσαι
1217 3178 1272 3231 αἱ
1322 3177 1507 3249 ὕϐρεις
1554 3178 1614 3231 οὐ
1638 3177 1749 3249 (89)
1792 3178 1880 3234 διὰ
1926 3182 2019 3233 τὸν

441 3264 673 3335 Χριστὸν
689 3266 951 3333 γίνονται,
975 3266 1091 3321 ἀλλ’
1126 3266 1273 3321 ἐστιν
1294 3268 1383 3322 ὅτε
1404 3269 1500 3323 καὶ
1528 3269 1594 3323 δι’
1616 3271 1764 3341 ἡμᾶς
1795 3258 2015 3337 αὐτοὺς,

442 3354 477 3424 ἢ
512 3354 831 3419 ἀδικοῦντας
882 3356 916 3426 ἢ
965 3356 1095 3411 ἄλλο
1132 3374 1186 3410 τι
1228 3357 1490 3428 δρῶντας.
1528 3360 1767 3413 Ἔστιδέ
1802 3360 1892 3414 ὅτε
1925 3360 2019 3415 καὶ

440 3445 510 3499 δι’
551 3448 711 3502 αὐτὸν
764 3449 864 3518 μὲν
917 3450 1157 3518 γίνονται
1185 3468 1199 3481 °
1260 3453 1481 3524 ἀληθεῖς
1526 3452 1583 3506 δέ
1637 3454 1763 3519 είσι,
1805 3456 1901 3508 καὶ
1955 3456 2015 3509 οὐ

442 3538 843 3609 πεπλασμέναι.
904 3540 1009 3594 Δύο
1056 3541 1233 3595 τοίνυν
1279 3540 1433 3614 ζητεῖ
1480 3543 1509 3595 ὁ
1557 3544 1865 3614 ἀκρότατος
1912 3546 2012 3615 τῆς

442 3627 845 3701 εὐδοκιμήσεως
878 3631 1024 3701 ὅρος,
1047 3632 1141 3684 καὶ
1181 3632 1241 3686 τὸ
1268 3632 1484 3698 ψευδεῖς
1516 3628 1655 3687 εἷναι
1682 3633 2015 3707 τὰςῦὅρεις,

441 3722 537 3773 καὶ
580 3723 641 3776 τὸ
695 3724 763 3776 δι’
806 3725 967 3777 αὑτὸν
1014 3725 1283 3793 γίνεσθαι.
1343 3724 1407 3778 Et
1436 3725 1493 3779 δὲ
1527 3725 1753 3797 θάτερον
1797 3726 2017 3779 ἀπολει-

442 3812 605 3884 φθείη
634 3815 771 3883 (90),
831 3815 1057 3886 θάτερον
1112 3817 1213 3869 οὐκ
1259 3815 1683 3886 ἀναιρεθήσεται
1728 3816 1851 3886 μὲν,
1906 3817 2017 3870 οὐδ’

438 3902 675 3971 ἀργήσει
702 3917 716 3930 ·
754 3903 955 3957 ἄτοπον
992 3904 1101 3975 γὰρ
1135 3903 1329 3956 τοῦτο⁹
1363 3904 1443 3968 είς
1470 3903 1528 3958 δὲ
1575 3903 1671 3975 τὴν
1711 3905 2018 3976 ἀκροτάτην

444 3991 822 4061 μακαριότητα
866 3992 929 4044 οὐ
975 3990 1291 4061 καταλήξει.
1356 3993 1420 4046 Et
1481 3992 1581 4063 μὲν
1625 3994 1736 4065 γὰρ
1796 3993 1884 4047 διὰ
1927 3995 2019 4047 τὸν

441 4083 678 4152 Χριστὸν
714 4083 1126 4155 λοιδορούμεθα,
1169 4082 1390 4153 ἀληθεῖς
1424 4084 1656 4137 δέείσιν
1700 4087 1758 4138 αἱ
1803 4084 2011 4156 ὕϐρεις,

440 4176 803 4246 ὑποτέμνεται
844 4176 873 4227 ὁ
917 4176 1127 4245 μισθός.
1180 4177 1242 4229 Et
1280 4176 1338 4229 δὲ
1388 4176 1464 4246 μὴ
1494 4176 1582 4230 διά
1630 4177 1866 4246 Χριστὸν
1895 4178 2016 4248 μὲν,

2645 3034 2878 3089 homines
2904 3034 2985 3102 ⁸⁸,
3006 3056 3027 3089 ›
3068 3046 3169 3092 etc.

2192 3166 2432 3222 Primum
2464 3168 2682 3237 quidem
2727 3185 2836 3224 non
2878 3185 3070 3228 omnes
3098 3178 3441 3234 contumeliae
3471 3194 3690 3251 propter

2120 3256 2393 3313 Christum
2430 3258 2757 3324 inferuntur,
2794 3262 2889 3315 sed
2934 3264 3230 3332 aliquando
3263 3269 3427 3322 etiam
3471 3282 3693 3341 prnpter

2120 3349 2512 3418 nosmetipsos,
2548 3351 2633 3405 vel
2665 3352 2851 3421 inique
2876 3366 3121 3424 agentes,
3162 3358 3243 3409 vel
3275 3360 3402 3427 quid
3436 3361 3582 3415 aliud
3613 3363 3693 3415 fa-

2119 3442 2347 3496 cientes.
2396 3440 2668 3498 Interdum
2719 3460 2851 3499 vere
2884 3456 3105 3516 propter
3147 3449 3429 3505 Christum
3475 3455 3690 3522 quidem

2120 3533 2427 3588 inferuntur
2452 3535 2683 3603 probra;
2722 3538 2816 3591 sed
2858 3546 3041 3593 tamen
3075 3554 3201 3593 vera
3228 3552 3373 3607 sunt,
3405 3557 3509 3597 non
3544 3559 3679 3598 con-

2121 3624 2266 3681 ficta.
2321 3625 2435 3680 Duo
2488 3626 2655 3695 igitur
2697 3628 3074 3700 (eoujunetim)
3119 3634 3347 3702 requirit
3406 3650 3692 3704 supremus

2120 3715 2393 3771 beatitatis
2425 3726 2481 3772 et
2523 3717 2711 3785 gloriae
2744 3720 3035 3787 terminus,
3083 3737 3277 3793 nempe
3323 3734 3381 3779 ut
3445 3734 3499 3780 et
3546 3727 3693 3782 falsae

2120 3811 2230 3865 sint
2259 3810 2620 3876 contumeliae,
2652 3820 2707 3865 ct
2748 3822 2968 3882 propter
3001 3816 3174 3883 ipsum
3229 3816 3375 3871 fiant.
3414 3816 3509 3872 Siti
3556 3835 3686 3873 vero

2120 3901 2440 3957 alterutrum
2494 3903 2690 3959 horum
2734 3907 2892 3969 desit,
2938 3908 3167 3963 alterum
3223 3926 3328 3965 non
3392 3913 3695 3968 adnlebitur

2123 4006 2277 4055 sane,
2307 4007 2481 4061 neque
2507 3994 2741 4048 otiosum
2772 3999 2876 4050 erit
2896 3997 3210 4069 (absurdum
3240 4002 3384 4056 enim
3410 4003 3512 4057 hoc
3552 4003 3686 4075 sit):

2121 4091 2495 4137 verumtamen
2529 4086 2595 4139 ad
2630 4101 2936 4155 supremam
2986 4090 3373 4147 beatitudinem
3412 4110 3516 4150 non
3561 4111 3689 4165 per-

2127 4174 2317 4243 tinget.
2365 4172 2502 4229 Nam
2534 4176 2579 4230 si
2628 4177 2849 4245 quidem
2890 4188 3109 4249 propter
3138 4180 3412 4237 Christum
3448 4188 3690 4241 convicia

438 4263 653 4335 ψευδεῖς
690 4264 735 4317 δ’
766 4266 893 4329 εἰσὶ,
927 4266 1090 4319 πάλιν
1145 4269 1174 4321 ὁ
1225 4266 1417 4338 μισθὸς
1463 4267 1524 4320 οὐ
1569 4270 2015 4340 κορυφαιότατος.

2123 4266 2380 4333 patimur,
2416 4268 2511 4321 sed
2544 4282 2671 4322 vera
2718 4278 2895 4324 tamen
2944 4282 3071 4325 sunt
3098 4274 3333 4342 probra,
3356 4291 3562 4333 merces
3606 4294 3691 4334 rc-

449 4355 604 4423 Ἐχει
640 4356 736 4424 μὲν
776 4355 885 4425 γὰρ
923 4356 1183 4426 ἐκάτερον
1224 4356 1435 4427 μισθὸν,
1465 4356 1578 4409 ἀλλ’
1621 4358 1682 4411 οὐ
1730 4360 2006 4421 τοσοῦτον,

440 4447 563 4525 ὅσον
586 4446 635 4497 εί
654 4445 948 4517 συναφθείη
978 4447 1305 4518 ἀμφότερον.
1328 4446 1402 4499 Τὸ
1420 4447 1497 4513 δέ,
1519 4448 1774 4500 «Ἕνεκεν
1805 4448 1960 4519 ἐμοῦ,
1989 4468 2006 4499 δ

440 4536 636 4605 λέγων,
677 4536 738 4590 οὐ
780 4536 1016 4591 ταπεινά
1067 4537 1198 4606 περ).
1240 4537 1434 4591 ἐαυτοῦ
1491 4537 1787 4609 παρίστησι
1839 4542 2003 4602 νοεῖν,

509 4716 552 4747 ἐδ
582 4713 769 4770 Matth.
799 4731 894 4782 vti,
938 4716 1027 4768 I2.
1106 4715 1151 4747 “
1174 4713 1363 4770 Matth.
1391 4729 1444 4783 ν,
1479 4715 1565 4770 Η.

2125 4365 2344 4412 secatur
2376 4377 2390 4413 :
2418 4360 2502 4414 sin
2533 4368 2711 4415 autem
2738 4377 2843 4417 non
2880 4362 3081 4419 Christi
3117 4366 3333 4434 quidem
3380 4381 3564 4432 causa,
3594 4371 3689 4423 sed

2125 4457 2303 4504 tamen
2344 4448 2478 4503 falsa
2530 4460 2658 4506 sunt
2706 4467 2825 4521 qua:
2871 4454 3025 4509 nobis
3069 4455 3428 4523 objiciuntur,
3471 4473 3686 4513 rursum

2124 4554 2231 4595 non
2277 4540 2385 4596 erit
2422 4555 2672 4611 suprema
2703 4559 2937 4602 merces.
2968 4545 3305 4603 Alterutrum
3338 4549 3482 4603 enim
3519 4548 3586 4618 (si
3618 4549 3688 4605 sit

1521 4870 1759 4927 VARUE
1801 4870 2187 4931 LECTIONES
2226 4874 2315 4929 ET
2348 4874 2569 4945 NOTIE.

514 5033 626 5102 (85)
674 5033 831 5101 Πρὸς
894 5032 1308 5101 Ἀριστοτέλην
1376 5032 1762 5100 φραξάμενοι.
1823 5033 2020 5088 Confer

445 5102 621 5181 locum
672 5106 835 5181 plane
878 5104 1149 5169 geminum
1187 5105 1345 5171 epist.
1374 5103 1409 5156 5
1452 5104 1542 5156 lilt.
1580 5120 1615 5157 tt
1648 5114 1703 5158 et
1744 5118 1830 5173 ep.
1864 5104 1931 5157 55
1962 5105 2016 5159 h.

442 5172 1136 5311 Ἰόίκιαμάχει.
1176 5240 1564 5311 Demosthenes
1597 5249 1842 5295 extrema
1890 5257 2017 5294 nra-

444 5308 703 5379 ιῑοιιθτιὶε
744 5323 916 5379 paceu.‘
941 5308 1169 5378 Ἐῠηθες
1206 5311 1300 5361 καὶ
1349 5310 1542 5379 κομιδῇ
1584 5312 1826 5378 σχέτλιον
1880 5312 2017 5375 πρὸς

443 5376 691 5460 ἅπαντας
714 5376 841 5450 napi.
861 5378 961 5447 τῆς
982 5381 1041 5431 ἐν
1063 5376 1291 5460 Δελφοῖς
1313 5376 1482 5460 ,σκιᾶς
1518 5376 1649 5460 ἆτολέ
1661 5380 1852 5460 μῆσαι.
1873 5379 2017 5460 _Iiitl_e

442 5447 858 5518 explicationem
922 5449 1246 5518 proverbii:
1304 5447 1379 5502 De
1450 5447 2011 5517 umbra’digladiari.

444 5515 627 5652 mgf)
661 5584 791 5640 Cod.
820 5586 940 5641 Vat.
970 5627 983 5647 .
1018 5585 1156 5655 ὑπὲρ
1186 5598 1237 5637 et
1270 5601 1403 5641 vers.
1445 5587 1475 5641 5
1513 5602 1607 5656 pro
1638 5588 2011 5653 κατάϐλαπτε,

2125 5035 2464 5089 κατάϐλεπτε
2486 5037 2638 5106 legit.
2673 5036 2883 5091 Possm.

2194 5106 2310 5172 (88)
2346 5107 2545 5159 Confer
2574 5107 2734 5173 epist.
2766 5108 2882 5171 199,
2912 5107 3069 5162 infra.
3113 5109 3285 5169 Rt'r'r.

2197 5175 2307 5257 (89)
2345 5174 2554 5257 Versal
2590 5176 2747 5257 epist.
2782 5178 2843 5229 οὐ
2883 5177 3022 5257 quod
3058 5191 3173 5257 erat
3201 5193 3323 5250 post
3340 5185 3535 5257 (ὕϐρεις
3570 5190 3692 5243 end.

2123 5243 2244 5315 Vat.
2277 5243 2553 5315 transfert,
2584 5246 2851 5299 collocatis
2883 5243 3021 5300 inter
3050 5249 3150 5315 μὲν
3176 5243 3227 5304 οὶ
3271 5243 3460 5309 πᾶσαὶ.
3490 5243 3691 5310 Ιῖοεεικ.

2196 5313 2307 5384 (90)
2346 5313 2493 5411 Iden;
2513 5316 2633 5369 cod.
2687 5313 3199 5411 post\dtfo).st¢|05in
3244 5323 3690 5411 atltlit'Oar‘éPou.

2128 5383 2281 5437 Vers.
2311 5394 2428 5456 post
2458 5384 2513 5446 2,
2553 5400 2648 5450 pro
2680 5385 2969 5456 καταλήξει
2999 5386 3159 5440 habet
3189 5383 3502 5456 κατατάξει.
3537 5383 3689 5451 V’et-s.

2124 5467 2241 5535 seq.
2267 5455 2413 5575 IEIG'W
2440 5464 2605 5507 mutat
2627 5457 2679 5508 in
2705 5450 3015 5509 (Batv'ittox
3037 5472 3135 5522 pro
3154 5462 3259 5512 εἰσι
3284 5450 3469 5520 scribit
3496 5466 3687 5521 iterum

2124 5538 2238 5575 ωσι.
2291 5538 2339 5574 ι).

2121 5538 2238 5575 ωσι.
2267 5538 2339 5575 ID.
