  <div class='ocr_page' id='page_1' title='image "/cluster/home/n/w/nwhite01/storage/ocr_20150623/78/mdp.39015010334699/585.png"; bbox 0 0 4042 6146; ppageno 0'>
   <div class='ocr_carea' id='block_1_1' title="bbox 407 136 1997 250">
    <p class='ocr_par' dir='ltr' id='par_1_1' title="bbox 407 188 1981 250">
     <span class='ocr_line' id='line_1_1' title="bbox 407 188 1981 250; baseline 0.001 -3"><span class='ocrx_word' id='word_1_1' title='bbox 407 188 544 250; x_wconf 79' lang='grc'><strong>1155</strong></span> <span class='ocrx_word' id='word_1_2' title='bbox 1581 190 1641 248; x_wconf 83' lang='grc'><strong>8.</strong></span> <span class='ocrx_word' id='word_1_3' title='bbox 1687 189 1981 250; x_wconf 83' lang='lat' dir='ltr'><strong>ISIDORI</strong></span> 
     </span>
    </p>
   </div>
   <div class='ocr_carea' id='block_1_2' title="bbox 2100 136 3641 250">
    <p class='ocr_par' dir='ltr' id='par_1_2' title="bbox 2100 174 3641 247">
     <span class='ocr_line' id='line_1_2' title="bbox 2100 174 3641 247; baseline -0.004 0"><span class='ocrx_word' id='word_1_4' title='bbox 2100 179 2459 247; x_wconf 69' lang='lat' dir='ltr'><strong>iLUSIOT/E</strong></span> <span class='ocrx_word' id='word_1_5' title='bbox 3507 174 3527 238; x_wconf 82' lang='lat' dir='ltr'><strong>i</strong></span> <span class='ocrx_word' id='word_1_6' title='bbox 3544 174 3641 241; x_wconf 73' lang='lat'><strong>156</strong></span> 
     </span>
    </p>
   </div>
   <div class='ocr_carea' id='block_1_3' title="bbox 406 286 1997 369">
    <p class='ocr_par' dir='ltr' id='par_1_3' title="bbox 406 295 1971 369">
     <span class='ocr_line' id='line_1_3' title="bbox 406 295 1971 369; baseline 0.002 -19"><span class='ocrx_word' id='word_1_7' title='bbox 406 297 607 369; x_wconf 86' lang='lat' dir='ltr'><strong>solum)</strong></span> <span class='ocrx_word' id='word_1_8' title='bbox 659 295 883 351; x_wconf 88' lang='lat' dir='ltr'><strong>habebit</strong></span> <span class='ocrx_word' id='word_1_9' title='bbox 935 296 1239 352; x_wconf 86' lang='lat' dir='ltr'><strong>mercedem</strong></span> <span class='ocrx_word' id='word_1_10' title='bbox 1271 334 1289 363; x_wconf 89' lang='lat'><strong>,</strong></span> <span class='ocrx_word' id='word_1_11' title='bbox 1351 312 1456 351; x_wconf 86' lang='lat' dir='ltr'><strong>non</strong></span> <span class='ocrx_word' id='word_1_12' title='bbox 1507 307 1686 353; x_wconf 89' lang='lat' dir='ltr'><strong>tamen</strong></span> <span class='ocrx_word' id='word_1_13' title='bbox 1743 308 1971 362; x_wconf 86' lang='lat' dir='ltr'><strong>tantam,</strong></span> 
     </span>
    </p>
   </div>
   <div class='ocr_carea' id='block_1_4' title="bbox 2100 286 3645 369">
    <p class='ocr_par' dir='ltr' id='par_1_4' title="bbox 2100 286 3645 364">
     <span class='ocr_line' id='line_1_4' title="bbox 2100 286 3645 364; baseline -0.001 -20"><span class='ocrx_word' id='word_1_14' title='bbox 2100 297 2195 351; x_wconf 75' lang='grc' dir='ltr'><strong>,ὐδὲ</strong></span> <span class='ocrx_word' id='word_1_15' title='bbox 2265 296 2402 357; x_wconf 82' lang='grc' dir='ltr'><strong>ὅλως</strong></span> <span class='ocrx_word' id='word_1_16' title='bbox 2472 293 2672 364; x_wconf 86' lang='grc' dir='ltr'><strong>μέτρια</strong></span> <span class='ocrx_word' id='word_1_17' title='bbox 2693 329 2709 354; x_wconf 93' lang='grc'><strong>,</strong></span> <span class='ocrx_word' id='word_1_18' title='bbox 2780 289 2875 345; x_wconf 74' lang='grc' dir='ltr'><strong>καὶ</strong></span> <span class='ocrx_word' id='word_1_19' title='bbox 2938 286 3166 352; x_wconf 77' lang='grc' dir='ltr'><strong>κτίσεως</strong></span> <span class='ocrx_word' id='word_1_20' title='bbox 3205 286 3364 354; x_wconf 80' lang='grc' dir='ltr'><strong>ἀξίαν</strong></span> <span class='ocrx_word' id='word_1_21' title='bbox 3417 288 3604 358; x_wconf 72' lang='grc' dir='ltr'><strong>ἔχοντα</strong></span> <span class='ocrx_word' id='word_1_22' title='bbox 3626 306 3645 321; x_wconf 76' lang='grc' dir='ltr'><strong>ο</strong></span> 
     </span>
    </p>
   </div>
   <div class='ocr_carea' id='block_1_5' title="bbox 405 377 1997 458">
    <p class='ocr_par' dir='ltr' id='par_1_5' title="bbox 405 387 1973 457">
     <span class='ocr_line' id='line_1_5' title="bbox 405 387 1973 457; baseline 0 -14"><span class='ocrx_word' id='word_1_23' title='bbox 405 398 607 457; x_wconf 86' lang='lat' dir='ltr'><strong>quanta</strong></span> <span class='ocrx_word' id='word_1_24' title='bbox 639 388 793 451; x_wconf 80' lang='lat' dir='ltr'><strong>foret,</strong></span> <span class='ocrx_word' id='word_1_25' title='bbox 830 388 874 443; x_wconf 88' lang='lat' dir='ltr'><strong>si</strong></span> <span class='ocrx_word' id='word_1_26' title='bbox 900 397 1191 457; x_wconf 87' lang='lat' dir='ltr'><strong>utrumque</strong></span> <span class='ocrx_word' id='word_1_27' title='bbox 1224 387 1662 457; x_wconf 72' lang='lat' dir='ltr'><strong>coniungeretur.</strong></span> <span class='ocrx_word' id='word_1_28' title='bbox 1703 387 1836 442; x_wconf 90' lang='lat' dir='ltr'><strong>Dum</strong></span> <span class='ocrx_word' id='word_1_29' title='bbox 1878 405 1973 443; x_wconf 87' lang='lat' dir='ltr'><strong>au-</strong></span> 
     </span>
    </p>
   </div>
   <div class='ocr_carea' id='block_1_6' title="bbox 2100 377 3653 458">
    <p class='ocr_par' dir='ltr' id='par_1_6' title="bbox 2100 377 3653 458">
     <span class='ocr_line' id='line_1_6' title="bbox 2100 377 3653 458; baseline -0.005 -18"><span class='ocrx_word' id='word_1_30' title='bbox 2100 386 2386 458; x_wconf 70' lang='lat' dir='ltr'><strong>inépoattov</strong></span> <span class='ocrx_word' id='word_1_31' title='bbox 2426 384 2557 454; x_wconf 89' lang='grc' dir='ltr'><strong>γάρ,</strong></span> <span class='ocrx_word' id='word_1_32' title='bbox 2594 384 2709 447; x_wconf 86' lang='grc' dir='ltr'><strong>τοῖς</strong></span> <span class='ocrx_word' id='word_1_33' title='bbox 2757 380 3021 443; x_wconf 82' lang='grc' dir='ltr'><strong>τοιούτοις</strong></span> <span class='ocrx_word' id='word_1_34' title='bbox 3066 380 3239 434; x_wconf 75' lang='grc' dir='ltr'><strong>ἃπασι</strong></span> <span class='ocrx_word' id='word_1_35' title='bbox 3290 377 3354 431; x_wconf 83' lang='grc' dir='ltr'><strong>τὸ</strong></span> <span class='ocrx_word' id='word_1_36' title='bbox 3402 379 3480 449; x_wconf 79' lang='grc' dir='ltr'><strong>μὴ</strong></span> <span class='ocrx_word' id='word_1_37' title='bbox 3519 378 3653 432; x_wconf 76' lang='grc' dir='ltr'><strong>θεὸν</strong></span> 
     </span>
    </p>
   </div>
   <div class='ocr_carea' id='block_1_7' title="bbox 407 469 1997 549">
    <p class='ocr_par' dir='ltr' id='par_1_7' title="bbox 407 478 1973 549">
     <span class='ocr_line' id='line_1_7' title="bbox 407 478 1973 549; baseline 0.001 -17"><span class='ocrx_word' id='word_1_38' title='bbox 407 490 514 533; x_wconf 89' lang='lat' dir='ltr'><strong>tem</strong></span> <span class='ocrx_word' id='word_1_39' title='bbox 548 479 625 531; x_wconf 90' lang='lat' dir='ltr'><strong>ait</strong></span> <span class='ocrx_word' id='word_1_40' title='bbox 656 496 671 531; x_wconf 94' lang='lat'>:</span> <span class='ocrx_word' id='word_1_41' title='bbox 702 496 722 528; x_wconf 76' lang='grc' dir='ltr'><strong>ι</strong></span> <span class='ocrx_word' id='word_1_42' title='bbox 763 478 876 531; x_wconf 82' lang='lat' dir='ltr'><strong>Mea</strong></span> <span class='ocrx_word' id='word_1_43' title='bbox 908 492 1094 541; x_wconf 84' lang='lat' dir='ltr'><strong>causa,</strong></span> <span class='ocrx_word' id='word_1_44' title='bbox 1130 496 1149 531; x_wconf 75' lang='grc' dir='ltr'><strong>ι</strong></span> <span class='ocrx_word' id='word_1_45' title='bbox 1182 478 1250 532; x_wconf 84' lang='lat' dir='ltr'><strong>de</strong></span> <span class='ocrx_word' id='word_1_46' title='bbox 1290 494 1350 533; x_wconf 87' lang='lat' dir='ltr'><strong>se</strong></span> <span class='ocrx_word' id='word_1_47' title='bbox 1384 494 1488 532; x_wconf 88' lang='lat' dir='ltr'><strong>non</strong></span> <span class='ocrx_word' id='word_1_48' title='bbox 1523 479 1741 533; x_wconf 83' lang='lat' dir='ltr'><strong>humilia</strong></span> <span class='ocrx_word' id='word_1_49' title='bbox 1774 493 1973 549; x_wconf 78' lang='lat' dir='ltr'><strong>propo-</strong></span> 
     </span>
    </p>
   </div>
   <div class='ocr_carea' id='block_1_8' title="bbox 2100 469 3650 549">
    <p class='ocr_par' dir='ltr' id='par_1_8' title="bbox 2100 469 3650 549">
     <span class='ocr_line' id='line_1_8' title="bbox 2100 469 3650 549; baseline -0.006 -18"><span class='ocrx_word' id='word_1_50' title='bbox 2100 476 2440 549; x_wconf 80' lang='grc' dir='ltr'><strong>τροτίθεσθαι</strong></span> <span class='ocrx_word' id='word_1_51' title='bbox 2488 475 2713 539; x_wconf 76' lang='grc' dir='ltr'><strong>σκοπὸν,</strong></span> <span class='ocrx_word' id='word_1_52' title='bbox 2757 473 2894 528; x_wconf 86' lang='grc' dir='ltr'><strong>ἀλλά</strong></span> <span class='ocrx_word' id='word_1_53' title='bbox 2944 472 3014 525; x_wconf 84' lang='grc' dir='ltr'><strong>δι’</strong></span> <span class='ocrx_word' id='word_1_54' title='bbox 3060 471 3281 534; x_wconf 77' lang='grc' dir='ltr'><strong>αὐτοὺς,</strong></span> <span class='ocrx_word' id='word_1_55' title='bbox 3312 470 3390 533; x_wconf 79' lang='grc' dir='ltr'><strong>ὡς</strong></span> <span class='ocrx_word' id='word_1_56' title='bbox 3436 471 3533 523; x_wconf 76' lang='grc' dir='ltr'><strong>κα)⁸</strong></span> <span class='ocrx_word' id='word_1_57' title='bbox 3581 469 3650 522; x_wconf 77' lang='grc' dir='ltr'><strong>δι’</strong></span> 
     </span>
    </p>
   </div>
   <div class='ocr_carea' id='block_1_9' title="bbox 408 559 1997 637">
    <p class='ocr_par' dir='ltr' id='par_1_9' title="bbox 408 568 1975 637">
     <span class='ocr_line' id='line_1_9' title="bbox 408 568 1975 637; baseline 0.002 -16"><span class='ocrx_word' id='word_1_58' title='bbox 408 568 800 631; x_wconf 83' lang='lat' dir='ltr'><strong>nitsentienda,</strong></span> <span class='ocrx_word' id='word_1_59' title='bbox 830 583 1004 637; x_wconf 89' lang='lat' dir='ltr'><strong>neque</strong></span> <span class='ocrx_word' id='word_1_60' title='bbox 1025 569 1247 623; x_wconf 86' lang='lat' dir='ltr'><strong>omnino</strong></span> <span class='ocrx_word' id='word_1_61' title='bbox 1281 570 1589 634; x_wconf 81' lang='lat' dir='ltr'><strong>mediocria,</strong></span> <span class='ocrx_word' id='word_1_62' title='bbox 1626 578 1680 624; x_wconf 85' lang='lat' dir='ltr'><strong>et</strong></span> <span class='ocrx_word' id='word_1_63' title='bbox 1708 581 1975 625; x_wconf 67' lang='lat' dir='ltr'><strong>creatura:</strong></span> 
     </span>
    </p>
   </div>
   <div class='ocr_carea' id='block_1_10' title="bbox 2100 559 3653 637">
    <p class='ocr_par' dir='ltr' id='par_1_10' title="bbox 2100 559 3653 637">
     <span class='ocr_line' id='line_1_10' title="bbox 2100 559 3653 637; baseline -0.007 -16"><span class='ocrx_word' id='word_1_64' title='bbox 2100 568 2307 637; x_wconf 76' lang='grc' dir='ltr'><strong>ὶγώνων</strong></span> <span class='ocrx_word' id='word_1_65' title='bbox 2342 566 2616 637; x_wconf 83' lang='grc' dir='ltr'><strong>μεγίστων</strong></span> <span class='ocrx_word' id='word_1_66' title='bbox 2662 564 2758 618; x_wconf 74' lang='grc' dir='ltr'><strong>καὶ</strong></span> <span class='ocrx_word' id='word_1_67' title='bbox 2779 561 3024 634; x_wconf 77' lang='grc' dir='ltr'><strong>ἐσχάτων</strong></span> <span class='ocrx_word' id='word_1_68' title='bbox 3069 560 3332 615; x_wconf 83' lang='grc' dir='ltr'><strong>κινδύνων</strong></span> <span class='ocrx_word' id='word_1_69' title='bbox 3355 559 3653 627; x_wconf 82' lang='grc' dir='ltr'><strong>ἀξιοσπου-</strong></span> 
     </span>
    </p>
   </div>
   <div class='ocr_carea' id='block_1_11' title="bbox 410 657 2329 727">
    <p class='ocr_par' dir='ltr' id='par_1_11' title="bbox 410 657 2329 727">
     <span class='ocr_line' id='line_1_11' title="bbox 410 657 2329 727; baseline -0.001 -15"><span class='ocrx_word' id='word_1_70' title='bbox 410 658 659 712; x_wconf 85' lang='lat' dir='ltr'><strong>habentia</strong></span> <span class='ocrx_word' id='word_1_71' title='bbox 687 659 1024 726; x_wconf 80' lang='lat' dir='ltr'><strong>dignitatem.</strong></span> <span class='ocrx_word' id='word_1_72' title='bbox 1062 657 1168 712; x_wconf 84' lang='lat' dir='ltr'><strong>Res</strong></span> <span class='ocrx_word' id='word_1_73' title='bbox 1222 659 1367 712; x_wconf 92' lang='lat' dir='ltr'><strong>enim</strong></span> <span class='ocrx_word' id='word_1_74' title='bbox 1408 659 1685 727; x_wconf 73' lang='lat' dir='ltr'><strong>despectui</strong></span> <span class='ocrx_word' id='word_1_75' title='bbox 1730 660 1974 714; x_wconf 89' lang='lat' dir='ltr'><strong>habenda</strong></span> <span class='ocrx_word' id='word_1_76' title='bbox 2079 658 2329 721; x_wconf 85' lang='grc' dir='ltr'><strong>δάστους.</strong></span> 
     </span>
    </p>
   </div>
   <div class='ocr_carea' id='block_1_12' title="bbox 406 739 3658 821">
    <p class='ocr_par' dir='ltr' id='par_1_12' title="bbox 406 739 3658 821">
     <span class='ocr_line' id='line_1_12' title="bbox 406 739 3658 821; baseline -0.002 -18"><span class='ocrx_word' id='word_1_77' title='bbox 406 758 509 815; x_wconf 87' lang='lat' dir='ltr'><strong>est,</strong></span> <span class='ocrx_word' id='word_1_78' title='bbox 539 749 735 803; x_wconf 89' lang='lat' dir='ltr'><strong>talibus</strong></span> <span class='ocrx_word' id='word_1_79' title='bbox 763 748 1017 805; x_wconf 88' lang='lat' dir='ltr'><strong>omnibus</strong></span> <span class='ocrx_word' id='word_1_80' title='bbox 1068 764 1175 805; x_wconf 89' lang='lat' dir='ltr'><strong>non</strong></span> <span class='ocrx_word' id='word_1_81' title='bbox 1222 750 1395 819; x_wconf 87' lang='lat' dir='ltr'><strong>ipsum</strong></span> <span class='ocrx_word' id='word_1_82' title='bbox 1445 752 1613 805; x_wconf 89' lang='lat' dir='ltr'><strong>Deum</strong></span> <span class='ocrx_word' id='word_1_83' title='bbox 1660 764 1964 821; x_wconf 83' lang='lat' dir='ltr'><strong>proponere</strong></span> <span class='ocrx_word' id='word_1_84' title='bbox 2026 759 2285 819; x_wconf 86' lang='lat' dir='ltr'><strong>tanquam</strong></span> <span class='ocrx_word' id='word_1_85' title='bbox 2333 763 2577 818; x_wconf 88' lang='lat' dir='ltr'><strong>scopum,</strong></span> <span class='ocrx_word' id='word_1_86' title='bbox 2646 745 2739 803; x_wconf 87' lang='lat' dir='ltr'><strong>sed</strong></span> <span class='ocrx_word' id='word_1_87' title='bbox 2788 752 3007 816; x_wconf 75' lang='lat' dir='ltr'><strong>propter</strong></span> <span class='ocrx_word' id='word_1_88' title='bbox 3082 743 3229 813; x_wconf 90' lang='lat' dir='ltr'><strong>ipsos</strong></span> <span class='ocrx_word' id='word_1_89' title='bbox 3282 740 3408 796; x_wconf 88' lang='lat' dir='ltr'><strong>talia</strong></span> <span class='ocrx_word' id='word_1_90' title='bbox 3456 739 3658 807; x_wconf 80' lang='lat' dir='ltr'><strong>facere,</strong></span> 
     </span>
    </p>
   </div>
   <div class='ocr_carea' id='block_1_13' title="bbox 407 837 2682 913">
    <p class='ocr_par' dir='ltr' id='par_1_13' title="bbox 407 837 2682 913">
     <span class='ocr_line' id='line_1_13' title="bbox 407 837 2682 913; baseline -0.001 -19"><span class='ocrx_word' id='word_1_91' title='bbox 407 840 562 912; x_wconf 89' lang='lat' dir='ltr'><strong>quasi</strong></span> <span class='ocrx_word' id='word_1_92' title='bbox 610 841 700 911; x_wconf 92' lang='lat' dir='ltr'><strong>qui</strong></span> <span class='ocrx_word' id='word_1_93' title='bbox 736 854 834 912; x_wconf 86' lang='lat' dir='ltr'><strong>per</strong></span> <span class='ocrx_word' id='word_1_94' title='bbox 862 841 1094 895; x_wconf 83' lang='lat' dir='ltr'><strong>maxima</strong></span> <span class='ocrx_word' id='word_1_95' title='bbox 1137 843 1436 896; x_wconf 87' lang='lat' dir='ltr'><strong>certamina</strong></span> <span class='ocrx_word' id='word_1_96' title='bbox 1485 850 1841 912; x_wconf 76' lang='lat' dir='ltr'><strong>extremaque</strong></span> <span class='ocrx_word' id='word_1_97' title='bbox 1882 840 2124 913; x_wconf 86' lang='lat' dir='ltr'><strong>pericula</strong></span> <span class='ocrx_word' id='word_1_98' title='bbox 2154 840 2333 896; x_wconf 89' lang='lat' dir='ltr'><strong>studio</strong></span> <span class='ocrx_word' id='word_1_99' title='bbox 2368 837 2515 908; x_wconf 89' lang='lat' dir='ltr'><strong>digni</strong></span> <span class='ocrx_word' id='word_1_100' title='bbox 2551 837 2682 893; x_wconf 89' lang='lat' dir='ltr'><strong>sint.</strong></span> 
     </span>
    </p>
   </div>
   <div class='ocr_carea' id='block_1_14' title="bbox 742 951 1637 1011">
    <p class='ocr_par' dir='ltr' id='par_1_14' title="bbox 742 951 1637 1011">
     <span class='ocr_line' id='line_1_14' title="bbox 742 951 1637 1011; baseline -0.002 0"><span class='ocrx_word' id='word_1_101' title='bbox 742 954 925 1011; x_wconf 83' lang='lat' dir='ltr'><strong>XCIV.</strong></span> <span class='ocrx_word' id='word_1_102' title='bbox 955 985 1027 997; x_wconf 89' lang='lat'><strong>-—</strong></span> <span class='ocrx_word' id='word_1_103' title='bbox 1058 952 1289 1010; x_wconf 71' lang='lat' dir='ltr'><strong>HELLE</strong></span> <span class='ocrx_word' id='word_1_104' title='bbox 1319 951 1637 1010; x_wconf 83' lang='lat' dir='ltr'><strong>DlACONO.</strong></span> 
     </span>
    </p>
   </div>
   <div class='ocr_carea' id='block_1_15' title="bbox 412 1066 1984 1140">
    <p class='ocr_par' dir='ltr' id='par_1_15' title="bbox 412 1066 1984 1140">
     <span class='ocr_line' id='line_1_15' title="bbox 412 1066 1984 1140; baseline -0.004 -15"><span class='ocrx_word' id='word_1_105' title='bbox 412 1068 480 1125; x_wconf 83' lang='lat' dir='ltr'><strong>In</strong></span> <span class='ocrx_word' id='word_1_106' title='bbox 511 1069 646 1123; x_wconf 80' lang='lat' dir='ltr'><strong>illud</strong></span> <span class='ocrx_word' id='word_1_107' title='bbox 677 1067 858 1140; x_wconf 85' lang='lat' dir='ltr'><strong>(Pauli</strong></span> <span class='ocrx_word' id='word_1_108' title='bbox 887 1068 1131 1140; x_wconf 79' lang='lat' dir='ltr'><strong>dictum),</strong></span> <span class='ocrx_word' id='word_1_109' title='bbox 1171 1087 1189 1121; x_wconf 80' lang='grc' dir='ltr'><strong>ι</strong></span> <span class='ocrx_word' id='word_1_110' title='bbox 1233 1068 1415 1140; x_wconf 76' lang='lat' dir='ltr'><strong>Itaque</strong></span> <span class='ocrx_word' id='word_1_111' title='bbox 1442 1066 1603 1120; x_wconf 80' lang='lat' dir='ltr'><strong>nolite</strong></span> <span class='ocrx_word' id='word_1_112' title='bbox 1635 1074 1755 1119; x_wconf 89' lang='lat' dir='ltr'><strong>ante</strong></span> <span class='ocrx_word' id='word_1_113' title='bbox 1785 1074 1984 1134; x_wconf 79' lang='lat' dir='ltr'><strong>tempus</strong></span> 
     </span>
    </p>
   </div>
   <div class='ocr_carea' id='block_1_16' title="bbox 985 1137 1384 1209">
    <p class='ocr_par' dir='ltr' id='par_1_16' title="bbox 985 1137 1384 1209">
     <span class='ocr_line' id='line_1_16' title="bbox 985 1137 1384 1209; baseline -0.005 -18"><span class='ocrx_word' id='word_1_114' title='bbox 985 1137 1243 1209; x_wconf 74' lang='lat' dir='ltr'><strong>judicare</strong></span> <span class='ocrx_word' id='word_1_115' title='bbox 1268 1137 1334 1191; x_wconf 83' lang='grc'><strong>⁸⁷.</strong></span> <span class='ocrx_word' id='word_1_116' title='bbox 1365 1156 1384 1189; x_wconf 76' lang='grc' dir='ltr'><strong>ι</strong></span> 
     </span>
    </p>
   </div>
   <div class='ocr_carea' id='block_1_17' title="bbox 487 1249 1983 1321">
    <p class='ocr_par' dir='ltr' id='par_1_17' title="bbox 487 1249 1983 1321">
     <span class='ocr_line' id='line_1_17' title="bbox 487 1249 1983 1321; baseline -0.001 -17"><span class='ocrx_word' id='word_1_117' title='bbox 487 1250 618 1304; x_wconf 84' lang='lat' dir='ltr'><strong>Novi</strong></span> <span class='ocrx_word' id='word_1_118' title='bbox 651 1264 753 1319; x_wconf 89' lang='lat' dir='ltr'><strong>ego</strong></span> <span class='ocrx_word' id='word_1_119' title='bbox 781 1251 1089 1320; x_wconf 90' lang='lat' dir='ltr'><strong>quosdam,</strong></span> <span class='ocrx_word' id='word_1_120' title='bbox 1126 1252 1217 1321; x_wconf 88' lang='lat' dir='ltr'><strong>qui</strong></span> <span class='ocrx_word' id='word_1_121' title='bbox 1270 1249 1572 1321; x_wconf 85' lang='lat' dir='ltr'><strong>cupiditate</strong></span> <span class='ocrx_word' id='word_1_122' title='bbox 1619 1250 1841 1305; x_wconf 84' lang='lat' dir='ltr'><strong>alterius</strong></span> <span class='ocrx_word' id='word_1_123' title='bbox 1884 1264 1983 1304; x_wconf 89' lang='lat' dir='ltr'><strong>cu-</strong></span> 
     </span>
    </p>
   </div>
   <div class='ocr_carea' id='block_1_18' title="bbox 410 1341 1987 1412">
    <p class='ocr_par' dir='ltr' id='par_1_18' title="bbox 410 1341 1987 1412">
     <span class='ocr_line' id='line_1_18' title="bbox 410 1341 1987 1412; baseline -0.001 -17"><span class='ocrx_word' id='word_1_124' title='bbox 410 1342 622 1412; x_wconf 87' lang='lat' dir='ltr'><strong>jusdam</strong></span> <span class='ocrx_word' id='word_1_125' title='bbox 680 1341 974 1397; x_wconf 72' lang='lat' dir='ltr'><strong>luxuriosae</strong></span> <span class='ocrx_word' id='word_1_126' title='bbox 1022 1342 1321 1410; x_wconf 86' lang='lat' dir='ltr'><strong>voluptatis</strong></span> <span class='ocrx_word' id='word_1_127' title='bbox 1388 1345 1760 1411; x_wconf 69' lang='lat' dir='ltr'><strong>temperantia:</strong></span> <span class='ocrx_word' id='word_1_128' title='bbox 1801 1341 1987 1395; x_wconf 87' lang='lat' dir='ltr'><strong>stude-</strong></span> 
     </span>
    </p>
   </div>
   <div class='ocr_carea' id='block_1_19' title="bbox 415 1431 1983 1502">
    <p class='ocr_par' dir='ltr' id='par_1_19' title="bbox 415 1431 1983 1502">
     <span class='ocr_line' id='line_1_19' title="bbox 415 1431 1983 1502; baseline -0.001 -17"><span class='ocrx_word' id='word_1_129' title='bbox 415 1440 579 1498; x_wconf 90' lang='lat' dir='ltr'><strong>rent;</strong></span> <span class='ocrx_word' id='word_1_130' title='bbox 615 1431 752 1487; x_wconf 89' lang='lat' dir='ltr'><strong>alios</strong></span> <span class='ocrx_word' id='word_1_131' title='bbox 796 1440 1000 1500; x_wconf 87' lang='lat' dir='ltr'><strong>autem,</strong></span> <span class='ocrx_word' id='word_1_132' title='bbox 1038 1432 1129 1502; x_wconf 92' lang='lat' dir='ltr'><strong>qui</strong></span> <span class='ocrx_word' id='word_1_133' title='bbox 1185 1431 1349 1486; x_wconf 88' lang='lat' dir='ltr'><strong>insita</strong></span> <span class='ocrx_word' id='word_1_134' title='bbox 1390 1440 1597 1486; x_wconf 68' lang='lat' dir='ltr'><strong>natura:</strong></span> <span class='ocrx_word' id='word_1_135' title='bbox 1637 1431 1689 1486; x_wconf 85' lang='lat' dir='ltr'><strong>vi</strong></span> <span class='ocrx_word' id='word_1_136' title='bbox 1743 1432 1809 1485; x_wconf 90' lang='lat' dir='ltr'><strong>ad</strong></span> <span class='ocrx_word' id='word_1_137' title='bbox 1860 1444 1983 1484; x_wconf 89' lang='lat' dir='ltr'><strong>eam</strong></span> 
     </span>
    </p>
   </div>
   <div class='ocr_carea' id='block_1_20' title="bbox 414 1521 1983 1591">
    <p class='ocr_par' dir='ltr' id='par_1_20' title="bbox 414 1521 1983 1591">
     <span class='ocr_line' id='line_1_20' title="bbox 414 1521 1983 1591; baseline 0 -16"><span class='ocrx_word' id='word_1_138' title='bbox 414 1531 626 1591; x_wconf 87' lang='lat' dir='ltr'><strong>partem</strong></span> <span class='ocrx_word' id='word_1_139' title='bbox 664 1521 1027 1591; x_wconf 74' lang='lat' dir='ltr'><strong>cogitationes</strong></span> <span class='ocrx_word' id='word_1_140' title='bbox 1059 1536 1188 1578; x_wconf 90' lang='lat' dir='ltr'><strong>suas</strong></span> <span class='ocrx_word' id='word_1_141' title='bbox 1210 1522 1557 1578; x_wconf 89' lang='lat' dir='ltr'><strong>inclinarent.</strong></span> <span class='ocrx_word' id='word_1_142' title='bbox 1587 1524 1654 1577; x_wconf 88' lang='lat' dir='ltr'><strong>Et</strong></span> <span class='ocrx_word' id='word_1_143' title='bbox 1695 1522 1831 1579; x_wconf 88' lang='lat' dir='ltr'><strong>alios</strong></span> <span class='ocrx_word' id='word_1_144' title='bbox 1863 1522 1983 1591; x_wconf 85' lang='lat' dir='ltr'><strong>qui-</strong></span> 
     </span>
    </p>
   </div>
   <div class='ocr_carea' id='block_1_21' title="bbox 416 1612 1987 1684">
    <p class='ocr_par' dir='ltr' id='par_1_21' title="bbox 416 1612 1987 1684">
     <span class='ocr_line' id='line_1_21' title="bbox 416 1612 1987 1684; baseline 0.001 -17"><span class='ocrx_word' id='word_1_145' title='bbox 416 1612 562 1680; x_wconf 85' lang='lat' dir='ltr'><strong>dem,</strong></span> <span class='ocrx_word' id='word_1_146' title='bbox 609 1613 707 1683; x_wconf 86' lang='lat' dir='ltr'><strong>qui</strong></span> <span class='ocrx_word' id='word_1_147' title='bbox 756 1613 926 1683; x_wconf 66' lang='lat' dir='ltr'><strong>copiae</strong></span> <span class='ocrx_word' id='word_1_148' title='bbox 984 1628 1164 1668; x_wconf 88' lang='lat' dir='ltr'><strong>rerum</strong></span> <span class='ocrx_word' id='word_1_149' title='bbox 1201 1613 1591 1680; x_wconf 79' lang='lat' dir='ltr'><strong>felicitatisque</strong></span> <span class='ocrx_word' id='word_1_150' title='bbox 1634 1613 1987 1684; x_wconf 80' lang='lat' dir='ltr'><strong>impetrandae</strong></span> 
     </span>
    </p>
   </div>
   <div class='ocr_carea' id='block_1_22' title="bbox 416 1706 1989 1776">
    <p class='ocr_par' dir='ltr' id='par_1_22' title="bbox 416 1706 1989 1776">
     <span class='ocr_line' id='line_1_22' title="bbox 416 1706 1989 1776; baseline -0.001 -15"><span class='ocrx_word' id='word_1_151' title='bbox 416 1720 587 1761; x_wconf 88' lang='lat' dir='ltr'><strong>causa</strong></span> <span class='ocrx_word' id='word_1_152' title='bbox 620 1706 787 1760; x_wconf 90' lang='lat' dir='ltr'><strong>Deum</strong></span> <span class='ocrx_word' id='word_1_153' title='bbox 821 1706 1139 1761; x_wconf 89' lang='lat' dir='ltr'><strong>invocarent</strong></span> <span class='ocrx_word' id='word_1_154' title='bbox 1171 1723 1187 1760; x_wconf 87' lang='lat'><strong>:</strong></span> <span class='ocrx_word' id='word_1_155' title='bbox 1220 1706 1360 1763; x_wconf 88' lang='lat' dir='ltr'><strong>alios</strong></span> <span class='ocrx_word' id='word_1_156' title='bbox 1389 1721 1522 1762; x_wconf 84' lang='lat' dir='ltr'><strong>vero</strong></span> <span class='ocrx_word' id='word_1_157' title='bbox 1548 1706 1641 1776; x_wconf 89' lang='lat' dir='ltr'><strong>qui</strong></span> <span class='ocrx_word' id='word_1_158' title='bbox 1672 1706 1843 1761; x_wconf 89' lang='lat' dir='ltr'><strong>solius</strong></span> <span class='ocrx_word' id='word_1_159' title='bbox 1875 1706 1989 1774; x_wconf 84' lang='lat' dir='ltr'><strong>pie-</strong></span> 
     </span>
    </p>
   </div>
   <div class='ocr_carea' id='block_1_23' title="bbox 420 1798 1984 1869">
    <p class='ocr_par' dir='ltr' id='par_1_23' title="bbox 420 1798 1984 1869">
     <span class='ocr_line' id='line_1_23' title="bbox 420 1798 1984 1869; baseline 0 -18"><span class='ocrx_word' id='word_1_160' title='bbox 420 1798 547 1853; x_wconf 86' lang='lat' dir='ltr'><strong>tatis</strong></span> <span class='ocrx_word' id='word_1_161' title='bbox 574 1812 706 1868; x_wconf 89' lang='lat' dir='ltr'><strong>ergo</strong></span> <span class='ocrx_word' id='word_1_162' title='bbox 739 1798 1158 1853; x_wconf 87' lang='lat' dir='ltr'><strong>sanctimoniam</strong></span> <span class='ocrx_word' id='word_1_163' title='bbox 1189 1798 1455 1855; x_wconf 88' lang='lat' dir='ltr'><strong>colerent.</strong></span> <span class='ocrx_word' id='word_1_164' title='bbox 1481 1799 1548 1852; x_wconf 87' lang='lat' dir='ltr'><strong>Et</strong></span> <span class='ocrx_word' id='word_1_165' title='bbox 1576 1799 1711 1854; x_wconf 89' lang='lat' dir='ltr'><strong>alios</strong></span> <span class='ocrx_word' id='word_1_166' title='bbox 1744 1798 1984 1869; x_wconf 82' lang='lat' dir='ltr'><strong>quidem,</strong></span> 
     </span>
    </p>
   </div>
   <div class='ocr_carea' id='block_1_24' title="bbox 418 1887 1986 1959">
    <p class='ocr_par' dir='ltr' id='par_1_24' title="bbox 418 1887 1986 1959">
     <span class='ocr_line' id='line_1_24' title="bbox 418 1887 1986 1959; baseline 0.001 -18"><span class='ocrx_word' id='word_1_167' title='bbox 418 1889 511 1959; x_wconf 91' lang='lat' dir='ltr'><strong>qui</strong></span> <span class='ocrx_word' id='word_1_168' title='bbox 546 1888 795 1957; x_wconf 81' lang='lat' dir='ltr'><strong>quamvis</strong></span> <span class='ocrx_word' id='word_1_169' title='bbox 837 1890 903 1944; x_wconf 93' lang='lat' dir='ltr'><strong>ad</strong></span> <span class='ocrx_word' id='word_1_170' title='bbox 951 1887 1277 1958; x_wconf 79' lang='lat' dir='ltr'><strong>iniustitiam</strong></span> <span class='ocrx_word' id='word_1_171' title='bbox 1328 1898 1511 1945; x_wconf 88' lang='lat' dir='ltr'><strong>essent</strong></span> <span class='ocrx_word' id='word_1_172' title='bbox 1561 1890 1780 1955; x_wconf 86' lang='lat' dir='ltr'><strong>intenti,</strong></span> <span class='ocrx_word' id='word_1_173' title='bbox 1810 1900 1986 1944; x_wconf 89' lang='lat' dir='ltr'><strong>tamen</strong></span> 
     </span>
    </p>
   </div>
   <div class='ocr_carea' id='block_1_25' title="bbox 423 1972 1991 2053">
    <p class='ocr_par' dir='ltr' id='par_1_25' title="bbox 423 1972 1991 2053">
     <span class='ocr_line' id='line_1_25' title="bbox 423 1972 1991 2053; baseline 0.002 -19"><span class='ocrx_word' id='word_1_174' title='bbox 423 1981 698 2051; x_wconf 85' lang='lat' dir='ltr'><strong>justitiam</strong></span> <span class='ocrx_word' id='word_1_175' title='bbox 732 1989 987 2051; x_wconf 86' lang='lat' dir='ltr'><strong>tanquam</strong></span> <span class='ocrx_word' id='word_1_176' title='bbox 1025 1981 1200 2036; x_wconf 85' lang='lat' dir='ltr'><strong>velum</strong></span> <span class='ocrx_word' id='word_1_177' title='bbox 1250 1972 1522 2052; x_wconf 80' lang='lat' dir='ltr'><strong>quoddam</strong></span> <span class='ocrx_word' id='word_1_178' title='bbox 1570 1982 1842 2053; x_wconf 85' lang='lat' dir='ltr'><strong>iniquitati</strong></span> <span class='ocrx_word' id='word_1_179' title='bbox 1894 1983 1991 2037; x_wconf 86' lang='lat' dir='ltr'><strong>ob-</strong></span> 
     </span>
    </p>
   </div>
   <div class='ocr_carea' id='block_1_26' title="bbox 418 2073 1989 2144">
    <p class='ocr_par' dir='ltr' id='par_1_26' title="bbox 418 2073 1989 2144">
     <span class='ocr_line' id='line_1_26' title="bbox 418 2073 1989 2144; baseline 0.001 -18"><span class='ocrx_word' id='word_1_180' title='bbox 418 2077 685 2129; x_wconf 89' lang='lat' dir='ltr'><strong>ducerent</strong></span> <span class='ocrx_word' id='word_1_181' title='bbox 718 2090 734 2141; x_wconf 88' lang='lat'><strong>;</strong></span> <span class='ocrx_word' id='word_1_182' title='bbox 766 2073 901 2129; x_wconf 91' lang='lat' dir='ltr'><strong>alios</strong></span> <span class='ocrx_word' id='word_1_183' title='bbox 928 2088 1079 2140; x_wconf 86' lang='lat' dir='ltr'><strong>vero,</strong></span> <span class='ocrx_word' id='word_1_184' title='bbox 1110 2074 1202 2144; x_wconf 90' lang='lat' dir='ltr'><strong>qui</strong></span> <span class='ocrx_word' id='word_1_185' title='bbox 1238 2075 1575 2130; x_wconf 88' lang='lat' dir='ltr'><strong>inclinationi</strong></span> <span class='ocrx_word' id='word_1_186' title='bbox 1613 2074 1989 2144; x_wconf 88' lang='lat' dir='ltr'><strong>propensioni-</strong></span> 
     </span>
    </p>
   </div>
   <div class='ocr_carea' id='block_1_27' title="bbox 421 2165 1993 2238">
    <p class='ocr_par' dir='ltr' id='par_1_27' title="bbox 421 2165 1993 2238">
     <span class='ocr_line' id='line_1_27' title="bbox 421 2165 1993 2238; baseline 0.001 -20"><span class='ocrx_word' id='word_1_187' title='bbox 421 2178 528 2234; x_wconf 91' lang='lat' dir='ltr'><strong>que</strong></span> <span class='ocrx_word' id='word_1_188' title='bbox 577 2166 644 2220; x_wconf 89' lang='lat' dir='ltr'><strong>ad</strong></span> <span class='ocrx_word' id='word_1_189' title='bbox 688 2165 960 2235; x_wconf 86' lang='lat' dir='ltr'><strong>justitiam</strong></span> <span class='ocrx_word' id='word_1_190' title='bbox 1005 2166 1197 2221; x_wconf 90' lang='lat' dir='ltr'><strong>ducem</strong></span> <span class='ocrx_word' id='word_1_191' title='bbox 1234 2167 1573 2235; x_wconf 64' lang='lat' dir='ltr'><strong>praeﬁcerem</strong></span> <span class='ocrx_word' id='word_1_192' title='bbox 1617 2166 1779 2238; x_wconf 60' lang='lat'><strong>563</strong></span> <span class='ocrx_word' id='word_1_193' title='bbox 1826 2167 1993 2221; x_wconf 88' lang='lat' dir='ltr'><strong>ratio-</strong></span> 
     </span>
    </p>
   </div>
   <div class='ocr_carea' id='block_1_28' title="bbox 423 2255 1993 2328">
    <p class='ocr_par' dir='ltr' id='par_1_28' title="bbox 423 2255 1993 2328">
     <span class='ocr_line' id='line_1_28' title="bbox 423 2255 1993 2328; baseline 0.001 -19"><span class='ocrx_word' id='word_1_194' title='bbox 423 2269 569 2310; x_wconf 91' lang='lat' dir='ltr'><strong>nem.</strong></span> <span class='ocrx_word' id='word_1_195' title='bbox 600 2256 656 2310; x_wconf 89' lang='lat' dir='ltr'><strong>Si</strong></span> <span class='ocrx_word' id='word_1_196' title='bbox 690 2255 854 2325; x_wconf 78' lang='lat' dir='ltr'><strong>igitur</strong></span> <span class='ocrx_word' id='word_1_197' title='bbox 882 2270 1003 2324; x_wconf 87' lang='lat' dir='ltr'><strong>ego,</strong></span> <span class='ocrx_word' id='word_1_198' title='bbox 1030 2271 1153 2310; x_wconf 87' lang='lat' dir='ltr'><strong>cum</strong></span> <span class='ocrx_word' id='word_1_199' title='bbox 1188 2258 1288 2311; x_wconf 91' lang='lat' dir='ltr'><strong>sim</strong></span> <span class='ocrx_word' id='word_1_200' title='bbox 1323 2270 1425 2328; x_wconf 86' lang='lat' dir='ltr'><strong>ego</strong></span> <span class='ocrx_word' id='word_1_201' title='bbox 1461 2258 1604 2323; x_wconf 84' lang='lat' dir='ltr'><strong>vilis,</strong></span> <span class='ocrx_word' id='word_1_202' title='bbox 1639 2268 1695 2313; x_wconf 90' lang='lat' dir='ltr'><strong>et</strong></span> <span class='ocrx_word' id='word_1_203' title='bbox 1722 2259 1789 2312; x_wconf 90' lang='lat' dir='ltr'><strong>ad</strong></span> <span class='ocrx_word' id='word_1_204' title='bbox 1830 2257 1993 2312; x_wconf 87' lang='lat' dir='ltr'><strong>intel-</strong></span> 
     </span>
    </p>
   </div>
   <div class='ocr_carea' id='block_1_29' title="bbox 362 2343 1992 2419">
    <p class='ocr_par' dir='ltr' id='par_1_29' title="bbox 362 2343 1992 2419">
     <span class='ocr_line' id='line_1_29' title="bbox 362 2343 1992 2419; baseline 0.002 -22"><span class='ocrx_word' id='word_1_205' title='bbox 362 2396 393 2413; x_wconf 67' lang='grc'><strong>,,</strong></span> <span class='ocrx_word' id='word_1_206' title='bbox 423 2343 702 2414; x_wconf 81' lang='lat' dir='ltr'><strong>ligentiam</strong></span> <span class='ocrx_word' id='word_1_207' title='bbox 738 2346 942 2410; x_wconf 91' lang='lat' dir='ltr'><strong>tardus,</strong></span> <span class='ocrx_word' id='word_1_208' title='bbox 994 2348 1141 2415; x_wconf 88' lang='lat' dir='ltr'><strong>potui</strong></span> <span class='ocrx_word' id='word_1_209' title='bbox 1176 2348 1611 2411; x_wconf 83' lang='lat' dir='ltr'><strong>animadvertere</strong></span> <span class='ocrx_word' id='word_1_210' title='bbox 1655 2352 1798 2419; x_wconf 89' lang='lat' dir='ltr'><strong>quod</strong></span> <span class='ocrx_word' id='word_1_211' title='bbox 1840 2346 1992 2402; x_wconf 89' lang='lat' dir='ltr'><strong>multi</strong></span> 
     </span>
    </p>
   </div>
   <div class='ocr_carea' id='block_1_30' title="bbox 387 2426 1991 2502">
    <p class='ocr_par' dir='ltr' id='par_1_30' title="bbox 387 2426 1991 2502">
     <span class='ocr_line' id='line_1_30' title="bbox 387 2426 1991 2502; baseline 0.002 -15"><span class='ocrx_word' id='word_1_212' title='bbox 387 2426 392 2431; x_wconf 76' lang='grc'><strong>’</strong></span> <span class='ocrx_word' id='word_1_213' title='bbox 425 2433 684 2487; x_wconf 85' lang='lat' dir='ltr'><strong>mortales</strong></span> <span class='ocrx_word' id='word_1_214' title='bbox 716 2434 1015 2489; x_wconf 86' lang='lat' dir='ltr'><strong>honestatis</strong></span> <span class='ocrx_word' id='word_1_215' title='bbox 1049 2434 1257 2489; x_wconf 86' lang='lat' dir='ltr'><strong>radices</strong></span> <span class='ocrx_word' id='word_1_216' title='bbox 1291 2451 1395 2490; x_wconf 89' lang='lat' dir='ltr'><strong>non</strong></span> <span class='ocrx_word' id='word_1_217' title='bbox 1429 2436 1482 2490; x_wconf 93' lang='lat' dir='ltr'><strong>in</strong></span> <span class='ocrx_word' id='word_1_218' title='bbox 1507 2436 1707 2491; x_wconf 89' lang='lat' dir='ltr'><strong>virtute</strong></span> <span class='ocrx_word' id='word_1_219' title='bbox 1736 2436 1991 2502; x_wconf 78' lang='lat' dir='ltr'><strong>ﬁxerunt,</strong></span> 
     </span>
    </p>
   </div>
   <div class='ocr_carea' id='block_1_31' title="bbox 425 2522 1993 2595">
    <p class='ocr_par' dir='ltr' id='par_1_31' title="bbox 425 2522 1993 2595">
     <span class='ocr_line' id='line_1_31' title="bbox 425 2522 1993 2595; baseline 0.002 -17"><span class='ocrx_word' id='word_1_220' title='bbox 425 2523 521 2578; x_wconf 88' lang='lat' dir='ltr'><strong>sed</strong></span> <span class='ocrx_word' id='word_1_221' title='bbox 544 2522 609 2577; x_wconf 92' lang='lat' dir='ltr'><strong>ad</strong></span> <span class='ocrx_word' id='word_1_222' title='bbox 640 2522 785 2576; x_wconf 88' lang='lat' dir='ltr'><strong>aliud</strong></span> <span class='ocrx_word' id='word_1_223' title='bbox 807 2523 1080 2592; x_wconf 83' lang='lat' dir='ltr'><strong>quippiam</strong></span> <span class='ocrx_word' id='word_1_224' title='bbox 1119 2525 1493 2595; x_wconf 90' lang='lat' dir='ltr'><strong>respicientes,</strong></span> <span class='ocrx_word' id='word_1_225' title='bbox 1526 2528 1869 2581; x_wconf 87' lang='lat' dir='ltr'><strong>honestatem</strong></span> <span class='ocrx_word' id='word_1_226' title='bbox 1897 2540 1993 2581; x_wconf 87' lang='lat' dir='ltr'><strong>co-</strong></span> 
     </span>
    </p>
   </div>
   <div class='ocr_carea' id='block_1_32' title="bbox 428 2615 1994 2688">
    <p class='ocr_par' dir='ltr' id='par_1_32' title="bbox 428 2615 1994 2688">
     <span class='ocr_line' id='line_1_32' title="bbox 428 2615 1994 2688; baseline 0.001 -18"><span class='ocrx_word' id='word_1_227' title='bbox 428 2615 687 2670; x_wconf 88' lang='lat' dir='ltr'><strong>luerunt:</strong></span> <span class='ocrx_word' id='word_1_228' title='bbox 736 2616 863 2684; x_wconf 92' lang='lat' dir='ltr'><strong>quid</strong></span> <span class='ocrx_word' id='word_1_229' title='bbox 906 2616 974 2670; x_wconf 91' lang='lat' dir='ltr'><strong>de</strong></span> <span class='ocrx_word' id='word_1_230' title='bbox 1019 2615 1109 2671; x_wconf 91' lang='lat' dir='ltr'><strong>illa</strong></span> <span class='ocrx_word' id='word_1_231' title='bbox 1149 2617 1407 2673; x_wconf 83' lang='lat' dir='ltr'><strong>inell&#39;ahili</strong></span> <span class='ocrx_word' id='word_1_232' title='bbox 1459 2619 1727 2687; x_wconf 87' lang='lat' dir='ltr'><strong>sapientia</strong></span> <span class='ocrx_word' id='word_1_233' title='bbox 1768 2617 1994 2688; x_wconf 89' lang='lat' dir='ltr'><strong>(divina)</strong></span> 
     </span>
    </p>
   </div>
   <div class='ocr_carea' id='block_1_33' title="bbox 425 2705 1991 2779">
    <p class='ocr_par' dir='ltr' id='par_1_33' title="bbox 425 2705 1991 2779">
     <span class='ocr_line' id='line_1_33' title="bbox 425 2705 1991 2779; baseline 0 -18"><span class='ocrx_word' id='word_1_234' title='bbox 425 2705 1077 2762; x_wconf 74' lang='lat' dir='ltr'><strong>existimabimus?Num</strong></span> <span class='ocrx_word' id='word_1_235' title='bbox 1126 2707 1217 2763; x_wconf 88' lang='lat' dir='ltr'><strong>illa</strong></span> <span class='ocrx_word' id='word_1_236' title='bbox 1267 2707 1563 2764; x_wconf 88' lang='lat' dir='ltr'><strong>indicibilis</strong></span> <span class='ocrx_word' id='word_1_237' title='bbox 1616 2708 1991 2779; x_wconf 82' lang='lat' dir='ltr'><strong>intelligentia,</strong></span> 
     </span>
    </p>
   </div>
   <div class='ocr_carea' id='block_1_34' title="bbox 425 2796 1996 2866">
    <p class='ocr_par' dir='ltr' id='par_1_34' title="bbox 425 2796 1996 2866">
     <span class='ocr_line' id='line_1_34' title="bbox 425 2796 1996 2866; baseline 0.001 -17"><span class='ocrx_word' id='word_1_238' title='bbox 425 2810 548 2864; x_wconf 65' lang='lat' dir='ltr'><strong>quae</strong></span> <span class='ocrx_word' id='word_1_239' title='bbox 580 2809 771 2850; x_wconf 89' lang='lat' dir='ltr'><strong>omnes</strong></span> <span class='ocrx_word' id='word_1_240' title='bbox 812 2809 899 2850; x_wconf 90' lang='lat' dir='ltr'><strong>res</strong></span> <span class='ocrx_word' id='word_1_241' title='bbox 926 2796 1075 2850; x_wconf 87' lang='lat' dir='ltr'><strong>novit</strong></span> <span class='ocrx_word' id='word_1_242' title='bbox 1112 2806 1398 2866; x_wconf 88' lang='lat' dir='ltr'><strong>antequam</strong></span> <span class='ocrx_word' id='word_1_243' title='bbox 1442 2798 1728 2863; x_wconf 80' lang='lat' dir='ltr'><strong>exsistant,</strong></span> <span class='ocrx_word' id='word_1_244' title='bbox 1757 2798 1996 2853; x_wconf 88' lang='lat' dir='ltr'><strong>sustine-</strong></span> 
     </span>
    </p>
   </div>
   <div class='ocr_carea' id='block_1_35' title="bbox 428 2883 2059 2984">
    <p class='ocr_par' dir='ltr' id='par_1_35' title="bbox 428 2883 2059 2984">
     <span class='ocr_line' id='line_1_35' title="bbox 428 2883 2059 2984; baseline 0 -44"><span class='ocrx_word' id='word_1_245' title='bbox 428 2884 512 2940; x_wconf 87' lang='lat' dir='ltr'><strong>bit</strong></span> <span class='ocrx_word' id='word_1_246' title='bbox 540 2883 774 2940; x_wconf 88' lang='lat' dir='ltr'><strong>calculos</strong></span> <span class='ocrx_word' id='word_1_247' title='bbox 821 2883 966 2940; x_wconf 88' lang='lat' dir='ltr'><strong>l&#39;erre</strong></span> <span class='ocrx_word' id='word_1_248' title='bbox 997 2899 1064 2940; x_wconf 84' lang='lat' dir='ltr'><strong>ex</strong></span> <span class='ocrx_word' id='word_1_249' title='bbox 1100 2885 1267 2941; x_wconf 89' lang='lat' dir='ltr'><strong>ramis</strong></span> <span class='ocrx_word' id='word_1_250' title='bbox 1292 2894 1521 2952; x_wconf 85' lang='lat' dir='ltr'><strong>tantum,</strong></span> <span class='ocrx_word' id='word_1_251' title='bbox 1555 2886 1736 2941; x_wconf 90' lang='lat' dir='ltr'><strong>radice</strong></span> <span class='ocrx_word' id='word_1_252' title='bbox 1775 2895 1991 2941; x_wconf 89' lang='lat' dir='ltr'><strong>contra-</strong></span> <span class='ocrx_word' id='word_1_253' title='bbox 2017 2926 2059 2984; x_wconf 64' lang='grc' dir='ltr'>Ο</span> 
     </span>
    </p>
   </div>
   <div class='ocr_carea' id='block_1_36' title="bbox 428 2974 1989 3047">
    <p class='ocr_par' dir='ltr' id='par_1_36' title="bbox 428 2974 1989 3047">
     <span class='ocr_line' id='line_1_36' title="bbox 428 2974 1989 3047; baseline 0.001 -18"><span class='ocrx_word' id='word_1_254' title='bbox 428 2976 569 3029; x_wconf 88' lang='lat' dir='ltr'><strong>rium</strong></span> <span class='ocrx_word' id='word_1_255' title='bbox 600 2977 654 3030; x_wconf 92' lang='lat' dir='ltr'><strong>in</strong></span> <span class='ocrx_word' id='word_1_256' title='bbox 684 2976 900 3030; x_wconf 90' lang='lat' dir='ltr'><strong>modum</strong></span> <span class='ocrx_word' id='word_1_257' title='bbox 926 2974 1159 3031; x_wconf 78' lang='lat' dir='ltr'><strong>affecta?</strong></span> <span class='ocrx_word' id='word_1_258' title='bbox 1182 2976 1443 3047; x_wconf 85' lang='lat' dir='ltr'><strong>Equidem</strong></span> <span class='ocrx_word' id='word_1_259' title='bbox 1481 2992 1587 3033; x_wconf 91' lang='lat' dir='ltr'><strong>non</strong></span> <span class='ocrx_word' id='word_1_260' title='bbox 1613 2980 1692 3034; x_wconf 91' lang='lat' dir='ltr'><strong>sic</strong></span> <span class='ocrx_word' id='word_1_261' title='bbox 1712 2979 1989 3046; x_wconf 82' lang='lat' dir='ltr'><strong>existimo;</strong></span> 
     </span>
    </p>
   </div>
   <div class='ocr_carea' id='block_1_37' title="bbox 427 3063 1996 3139">
    <p class='ocr_par' dir='ltr' id='par_1_37' title="bbox 427 3063 1996 3139">
     <span class='ocr_line' id='line_1_37' title="bbox 427 3063 1996 3139; baseline 0.004 -20"><span class='ocrx_word' id='word_1_262' title='bbox 427 3063 525 3119; x_wconf 83' lang='lat' dir='ltr'><strong>sed</strong></span> <span class='ocrx_word' id='word_1_263' title='bbox 577 3072 631 3119; x_wconf 91' lang='lat' dir='ltr'><strong>et</strong></span> <span class='ocrx_word' id='word_1_264' title='bbox 671 3064 908 3129; x_wconf 88' lang='lat' dir='ltr'><strong>radices,</strong></span> <span class='ocrx_word' id='word_1_265' title='bbox 948 3075 1005 3120; x_wconf 88' lang='lat' dir='ltr'><strong>et</strong></span> <span class='ocrx_word' id='word_1_266' title='bbox 1032 3067 1301 3137; x_wconf 87' lang='lat' dir='ltr'><strong>primitias</strong></span> <span class='ocrx_word' id='word_1_267' title='bbox 1336 3067 1626 3135; x_wconf 80' lang='lat' dir='ltr'><strong>fructuum,</strong></span> <span class='ocrx_word' id='word_1_268' title='bbox 1672 3077 1727 3123; x_wconf 91' lang='lat' dir='ltr'><strong>et</strong></span> <span class='ocrx_word' id='word_1_269' title='bbox 1764 3070 1996 3139; x_wconf 85' lang='lat' dir='ltr'><strong>impetus</strong></span> 
     </span>
    </p>
   </div>
   <div class='ocr_carea' id='block_1_38' title="bbox 437 3156 1989 3226">
    <p class='ocr_par' dir='ltr' id='par_1_38' title="bbox 437 3156 1989 3226">
     <span class='ocr_line' id='line_1_38' title="bbox 437 3156 1989 3226; baseline 0.003 -16"><span class='ocrx_word' id='word_1_270' title='bbox 437 3166 723 3226; x_wconf 86' lang='lat' dir='ltr'><strong>motusque</strong></span> <span class='ocrx_word' id='word_1_271' title='bbox 751 3165 807 3213; x_wconf 84' lang='lat' dir='ltr'><strong>et</strong></span> <span class='ocrx_word' id='word_1_272' title='bbox 831 3156 1211 3213; x_wconf 89' lang='lat' dir='ltr'><strong>inclinationes</strong></span> <span class='ocrx_word' id='word_1_273' title='bbox 1238 3160 1541 3214; x_wconf 88' lang='lat' dir='ltr'><strong>animorum</strong></span> <span class='ocrx_word' id='word_1_274' title='bbox 1576 3160 1643 3213; x_wconf 91' lang='lat' dir='ltr'><strong>ad</strong></span> <span class='ocrx_word' id='word_1_275' title='bbox 1672 3170 1989 3214; x_wconf 88' lang='lat' dir='ltr'><strong>accuratum</strong></span> 
     </span>
    </p>
   </div>
   <div class='ocr_carea' id='block_1_39' title="bbox 430 3245 1991 3317">
    <p class='ocr_par' dir='ltr' id='par_1_39' title="bbox 430 3245 1991 3317">
     <span class='ocr_line' id='line_1_39' title="bbox 430 3245 1991 3317; baseline 0.001 -17"><span class='ocrx_word' id='word_1_276' title='bbox 430 3245 712 3300; x_wconf 84' lang='lat' dir='ltr'><strong>adducens</strong></span> <span class='ocrx_word' id='word_1_277' title='bbox 739 3260 993 3310; x_wconf 84' lang='lat' dir='ltr'><strong>examen,</strong></span> <span class='ocrx_word' id='word_1_278' title='bbox 1034 3262 1098 3301; x_wconf 84' lang='lat' dir='ltr'><strong>ex</strong></span> <span class='ocrx_word' id='word_1_279' title='bbox 1129 3249 1350 3316; x_wconf 87' lang='lat' dir='ltr'><strong>proprio</strong></span> <span class='ocrx_word' id='word_1_280' title='bbox 1377 3263 1497 3312; x_wconf 89' lang='lat' dir='ltr'><strong>suo,</strong></span> <span class='ocrx_word' id='word_1_281' title='bbox 1529 3262 1700 3317; x_wconf 89' lang='lat' dir='ltr'><strong>eoque</strong></span> <span class='ocrx_word' id='word_1_282' title='bbox 1740 3249 1991 3302; x_wconf 90' lang='lat' dir='ltr'><strong>incorru-</strong></span> 
     </span>
    </p>
   </div>
   <div class='ocr_carea' id='block_1_40' title="bbox 435 3333 2000 3406">
    <p class='ocr_par' dir='ltr' id='par_1_40' title="bbox 435 3333 2000 3406">
     <span class='ocr_line' id='line_1_40' title="bbox 435 3333 2000 3406; baseline 0.001 -18"><span class='ocrx_word' id='word_1_283' title='bbox 435 3343 563 3405; x_wconf 87' lang='lat' dir='ltr'><strong>pto,</strong></span> <span class='ocrx_word' id='word_1_284' title='bbox 592 3333 799 3401; x_wconf 82' lang='lat' dir='ltr'><strong>judicio</strong></span> <span class='ocrx_word' id='word_1_285' title='bbox 824 3334 1088 3389; x_wconf 86' lang='lat' dir='ltr'><strong>calculum</strong></span> <span class='ocrx_word' id='word_1_286' title='bbox 1117 3334 1273 3390; x_wconf 82' lang='lat' dir='ltr'><strong>feret.</strong></span> <span class='ocrx_word' id='word_1_287' title='bbox 1295 3334 1412 3389; x_wconf 81' lang='lat' dir='ltr'><strong>Jam</strong></span> <span class='ocrx_word' id='word_1_288' title='bbox 1442 3338 1747 3406; x_wconf 79' lang='lat' dir='ltr'><strong>expositum</strong></span> <span class='ocrx_word' id='word_1_289' title='bbox 1783 3336 1876 3390; x_wconf 91' lang='lat' dir='ltr'><strong>tibi</strong></span> <span class='ocrx_word' id='word_1_290' title='bbox 1911 3350 2000 3390; x_wconf 74' lang='lat' dir='ltr'><strong>sa-</strong></span> 
     </span>
    </p>
   </div>
   <div class='ocr_carea' id='block_1_41' title="bbox 431 3424 1997 3497">
    <p class='ocr_par' dir='ltr' id='par_1_41' title="bbox 431 3424 1997 3497">
     <span class='ocr_line' id='line_1_41' title="bbox 431 3424 1997 3497; baseline 0.001 -18"><span class='ocrx_word' id='word_1_291' title='bbox 431 3426 504 3480; x_wconf 89' lang='lat' dir='ltr'><strong>tis</strong></span> <span class='ocrx_word' id='word_1_292' title='bbox 538 3424 774 3480; x_wconf 88' lang='lat' dir='ltr'><strong>arbitror</strong></span> <span class='ocrx_word' id='word_1_293' title='bbox 805 3425 1162 3495; x_wconf 88' lang='lat' dir='ltr'><strong>apostolicum</strong></span> <span class='ocrx_word' id='word_1_294' title='bbox 1218 3427 1367 3481; x_wconf 83' lang='lat' dir='ltr'><strong>Illum</strong></span> <span class='ocrx_word' id='word_1_295' title='bbox 1423 3427 1519 3481; x_wconf 89' lang='lat' dir='ltr'><strong>abs</strong></span> <span class='ocrx_word' id='word_1_296' title='bbox 1566 3437 1620 3481; x_wconf 90' lang='lat' dir='ltr'><strong>te</strong></span> <span class='ocrx_word' id='word_1_297' title='bbox 1666 3429 1997 3497; x_wconf 88' lang='lat' dir='ltr'><strong>propositum</strong></span> 
     </span>
    </p>
   </div>
   <div class='ocr_carea' id='block_1_42' title="bbox 433 3516 2000 3587">
    <p class='ocr_par' dir='ltr' id='par_1_42' title="bbox 433 3516 2000 3587">
     <span class='ocr_line' id='line_1_42' title="bbox 433 3516 2000 3587; baseline 0.001 -16"><span class='ocrx_word' id='word_1_298' title='bbox 433 3516 610 3571; x_wconf 87' lang='lat' dir='ltr'><strong>locum</strong></span> <span class='ocrx_word' id='word_1_299' title='bbox 642 3534 658 3570; x_wconf 87' lang='lat'><strong>:</strong></span> <span class='ocrx_word' id='word_1_300' title='bbox 697 3535 716 3569; x_wconf 81' lang='grc' dir='ltr'><strong>ι</strong></span> <span class='ocrx_word' id='word_1_301' title='bbox 749 3519 936 3587; x_wconf 85' lang='lat' dir='ltr'><strong>Itaque</strong></span> <span class='ocrx_word' id='word_1_302' title='bbox 961 3517 1128 3572; x_wconf 87' lang='lat' dir='ltr'><strong>nolite</strong></span> <span class='ocrx_word' id='word_1_303' title='bbox 1162 3529 1289 3571; x_wconf 85' lang='lat' dir='ltr'><strong>ante</strong></span> <span class='ocrx_word' id='word_1_304' title='bbox 1320 3528 1531 3587; x_wconf 89' lang='lat' dir='ltr'><strong>tempus</strong></span> <span class='ocrx_word' id='word_1_305' title='bbox 1554 3517 1818 3587; x_wconf 87' lang='lat' dir='ltr'><strong>judicare.</strong></span> <span class='ocrx_word' id='word_1_306' title='bbox 1864 3537 1883 3570; x_wconf 75' lang='grc' dir='ltr'><strong>ι</strong></span> <span class='ocrx_word' id='word_1_307' title='bbox 1918 3518 2000 3573; x_wconf 85' lang='lat' dir='ltr'><strong>ln-</strong></span> 
     </span>
    </p>
   </div>
   <div class='ocr_carea' id='block_1_43' title="bbox 434 3607 1999 3680">
    <p class='ocr_par' dir='ltr' id='par_1_43' title="bbox 434 3607 1999 3680">
     <span class='ocr_line' id='line_1_43' title="bbox 434 3607 1999 3680; baseline 0.003 -18"><span class='ocrx_word' id='word_1_308' title='bbox 434 3607 637 3677; x_wconf 85' lang='lat' dir='ltr'><strong>tellige,</strong></span> <span class='ocrx_word' id='word_1_309' title='bbox 669 3618 764 3663; x_wconf 88' lang='lat' dir='ltr'><strong>aut</strong></span> <span class='ocrx_word' id='word_1_310' title='bbox 792 3608 861 3663; x_wconf 86' lang='lat' dir='ltr'><strong>de</strong></span> <span class='ocrx_word' id='word_1_311' title='bbox 890 3608 1054 3663; x_wconf 86' lang='lat' dir='ltr'><strong>rebus</strong></span> <span class='ocrx_word' id='word_1_312' title='bbox 1088 3609 1337 3663; x_wconf 85' lang='lat' dir='ltr'><strong>obscuris</strong></span> <span class='ocrx_word' id='word_1_313' title='bbox 1357 3647 1373 3673; x_wconf 95' lang='lat'><strong>,</strong></span> <span class='ocrx_word' id='word_1_314' title='bbox 1404 3624 1525 3678; x_wconf 63' lang='lat' dir='ltr'><strong>quae</strong></span> <span class='ocrx_word' id='word_1_315' title='bbox 1554 3624 1651 3664; x_wconf 91' lang='lat' dir='ltr'><strong>nec</strong></span> <span class='ocrx_word' id='word_1_316' title='bbox 1684 3609 1843 3664; x_wconf 63' lang='lat' dir='ltr'><strong>facile</strong></span> <span class='ocrx_word' id='word_1_317' title='bbox 1872 3626 1999 3680; x_wconf 89' lang='lat' dir='ltr'><strong>pos-</strong></span> 
     </span>
    </p>
   </div>
   <div class='ocr_carea' id='block_1_44' title="bbox 431 3698 1997 3772">
    <p class='ocr_par' dir='ltr' id='par_1_44' title="bbox 431 3698 1997 3772">
     <span class='ocr_line' id='line_1_44' title="bbox 431 3698 1997 3772; baseline 0.001 -14"><span class='ocrx_word' id='word_1_318' title='bbox 431 3709 562 3761; x_wconf 81' lang='lat' dir='ltr'><strong>sunt</strong></span> <span class='ocrx_word' id='word_1_319' title='bbox 593 3702 931 3772; x_wconf 88' lang='lat' dir='ltr'><strong>investigari,</strong></span> <span class='ocrx_word' id='word_1_320' title='bbox 960 3709 1056 3756; x_wconf 87' lang='lat' dir='ltr'><strong>aut</strong></span> <span class='ocrx_word' id='word_1_321' title='bbox 1094 3700 1163 3755; x_wconf 90' lang='lat' dir='ltr'><strong>de</strong></span> <span class='ocrx_word' id='word_1_322' title='bbox 1198 3702 1359 3756; x_wconf 88' lang='lat' dir='ltr'><strong>rebus</strong></span> <span class='ocrx_word' id='word_1_323' title='bbox 1383 3698 1831 3765; x_wconf 77' lang='lat' dir='ltr'><strong>indill&#39;erentious,</strong></span> <span class='ocrx_word' id='word_1_324' title='bbox 1850 3704 1997 3759; x_wconf 89' lang='lat' dir='ltr'><strong>verbi</strong></span> 
     </span>
    </p>
   </div>
   <div class='ocr_carea' id='block_1_45' title="bbox 431 3792 1996 3863">
    <p class='ocr_par' dir='ltr' id='par_1_45' title="bbox 431 3792 1996 3863">
     <span class='ocr_line' id='line_1_45' title="bbox 431 3792 1996 3863; baseline 0.005 -19"><span class='ocrx_word' id='word_1_325' title='bbox 431 3793 605 3862; x_wconf 85' lang='lat' dir='ltr'><strong>gratia</strong></span> <span class='ocrx_word' id='word_1_326' title='bbox 635 3792 817 3847; x_wconf 86' lang='lat' dir='ltr'><strong>cibis:</strong></span> <span class='ocrx_word' id='word_1_327' title='bbox 871 3792 939 3847; x_wconf 91' lang='lat' dir='ltr'><strong>de</strong></span> <span class='ocrx_word' id='word_1_328' title='bbox 982 3792 1183 3862; x_wconf 85' lang='lat' dir='ltr'><strong>quibus</strong></span> <span class='ocrx_word' id='word_1_329' title='bbox 1210 3794 1376 3847; x_wconf 89' lang='lat' dir='ltr'><strong>etiam</strong></span> <span class='ocrx_word' id='word_1_330' title='bbox 1432 3792 1690 3850; x_wconf 78' lang='lat' dir='ltr'><strong>Romanis</strong></span> <span class='ocrx_word' id='word_1_331' title='bbox 1733 3798 1996 3863; x_wconf 86' lang='lat' dir='ltr'><strong>scribens,</strong></span> 
     </span>
    </p>
   </div>
   <div class='ocr_carea' id='block_1_46' title="bbox 433 3883 2001 3945">
    <p class='ocr_par' dir='ltr' id='par_1_46' title="bbox 433 3883 2001 3945">
     <span class='ocr_line' id='line_1_46' title="bbox 433 3883 2001 3945; baseline 0.004 -6"><span class='ocrx_word' id='word_1_332' title='bbox 433 3885 662 3939; x_wconf 90' lang='lat' dir='ltr'><strong>multum</strong></span> <span class='ocrx_word' id='word_1_333' title='bbox 697 3884 984 3940; x_wconf 86' lang='lat' dir='ltr'><strong>verborum</strong></span> <span class='ocrx_word' id='word_1_334' title='bbox 1018 3884 1164 3941; x_wconf 81' lang='lat' dir='ltr'><strong>fecit.</strong></span> <span class='ocrx_word' id='word_1_335' title='bbox 1196 3883 1331 3939; x_wconf 86' lang='lat' dir='ltr'><strong>Nam</strong></span> <span class='ocrx_word' id='word_1_336' title='bbox 1380 3887 1449 3941; x_wconf 89' lang='lat' dir='ltr'><strong>de</strong></span> <span class='ocrx_word' id='word_1_337' title='bbox 1491 3886 1651 3942; x_wconf 90' lang='lat' dir='ltr'><strong>rebus</strong></span> <span class='ocrx_word' id='word_1_338' title='bbox 1699 3889 2001 3945; x_wconf 80' lang='lat' dir='ltr'><strong>manifestis</strong></span> 
     </span>
    </p>
   </div>
   <div class='ocr_carea' id='block_1_47' title="bbox 434 3975 1997 4052">
    <p class='ocr_par' dir='ltr' id='par_1_47' title="bbox 434 3975 1997 4052">
     <span class='ocr_line' id='line_1_47' title="bbox 434 3975 1997 4052; baseline 0.004 -20"><span class='ocrx_word' id='word_1_339' title='bbox 434 3985 491 4032; x_wconf 88' lang='lat' dir='ltr'><strong>et</strong></span> <span class='ocrx_word' id='word_1_340' title='bbox 512 3976 780 4047; x_wconf 85' lang='lat' dir='ltr'><strong>judicavit</strong></span> <span class='ocrx_word' id='word_1_341' title='bbox 817 3975 1097 4049; x_wconf 87' lang='lat' dir='ltr'><strong>(Paulus),</strong></span> <span class='ocrx_word' id='word_1_342' title='bbox 1133 3988 1190 4034; x_wconf 88' lang='lat' dir='ltr'><strong>et</strong></span> <span class='ocrx_word' id='word_1_343' title='bbox 1236 3977 1483 4048; x_wconf 88' lang='lat' dir='ltr'><strong>judicare</strong></span> <span class='ocrx_word' id='word_1_344' title='bbox 1517 3980 1674 4035; x_wconf 89' lang='lat' dir='ltr'><strong>nobis</strong></span> <span class='ocrx_word' id='word_1_345' title='bbox 1701 3983 1997 4052; x_wconf 57' lang='lat' dir='ltr'><strong>praecepit;</strong></span> 
     </span>
    </p>
   </div>
   <div class='ocr_carea' id='block_1_48' title="bbox 505 4153 925 4222">
    <p class='ocr_par' dir='ltr' id='par_1_48' title="bbox 505 4153 925 4222">
     <span class='ocr_line' id='line_1_48' title="bbox 505 4153 925 4222; baseline 0.01 -13"><span class='ocrx_word' id='word_1_346' title='bbox 505 4154 550 4185; x_wconf 83' lang='grc'><strong>⁸⁷</strong></span> <span class='ocrx_word' id='word_1_347' title='bbox 579 4153 743 4214; x_wconf 89' lang='lat' dir='ltr'><strong>lCor.</strong></span> <span class='ocrx_word' id='word_1_348' title='bbox 768 4168 842 4222; x_wconf 77' lang='lat' dir='ltr'><strong>tv,</strong></span> <span class='ocrx_word' id='word_1_349' title='bbox 871 4156 925 4213; x_wconf 83' lang='lat'><strong>5.</strong></span> 
     </span>
    </p>
   </div>
   <div class='ocr_carea' id='block_1_49' title="bbox 2438 946 3300 1019">
    <p class='ocr_par' dir='ltr' id='par_1_49' title="bbox 2438 946 3300 1019">
     <span class='ocr_line' id='line_1_49' title="bbox 2438 946 3300 1019; baseline -0.002 -16"><span class='ocrx_word' id='word_1_350' title='bbox 2438 951 2556 1003; x_wconf 87' lang='lat' dir='ltr'><strong>PA&#39;.</strong></span> <span class='ocrx_word' id='word_1_351' title='bbox 2622 980 2692 993; x_wconf 90' lang='lat'><strong>—-</strong></span> <span class='ocrx_word' id='word_1_352' title='bbox 2752 947 2921 1019; x_wconf 77' lang='grc' dir='ltr'>ΠΛΙᾼ</span> <span class='ocrx_word' id='word_1_353' title='bbox 2977 946 3300 1018; x_wconf 77' lang='grc' dir='ltr'><strong>ΔΙΑΚΟΝῼ.</strong></span> 
     </span>
    </p>
   </div>
   <div class='ocr_carea' id='block_1_50' title="bbox 2188 1036 3545 1130">
    <p class='ocr_par' dir='ltr' id='par_1_50' title="bbox 2188 1036 3545 1130">
     <span class='ocr_line' id='line_1_50' title="bbox 2188 1036 3545 1130; baseline -0.005 -13"><span class='ocrx_word' id='word_1_354' title='bbox 2188 1064 2291 1128; x_wconf 85' lang='grc' dir='ltr'><strong>Είς</strong></span> <span class='ocrx_word' id='word_1_355' title='bbox 2319 1063 2383 1117; x_wconf 80' lang='grc' dir='ltr'><strong>τὸ</strong></span> <span class='ocrx_word' id='word_1_356' title='bbox 2407 1102 2422 1128; x_wconf 93' lang='grc'><strong>,</strong></span> <span class='ocrx_word' id='word_1_357' title='bbox 2460 1080 2478 1113; x_wconf 84' lang='grc' dir='ltr'><strong>ι</strong></span> <span class='ocrx_word' id='word_1_358' title='bbox 2518 1061 2696 1115; x_wconf 83' lang='grc' dir='ltr'><strong>Ὥστε</strong></span> <span class='ocrx_word' id='word_1_359' title='bbox 2720 1060 2807 1130; x_wconf 78' lang='grc' dir='ltr'><strong>μὴ</strong></span> <span class='ocrx_word' id='word_1_360' title='bbox 2834 1036 2948 1129; x_wconf 72' lang='grc' dir='ltr'><strong>πρὸ</strong></span> <span class='ocrx_word' id='word_1_361' title='bbox 2990 1057 3196 1127; x_wconf 79' lang='grc' dir='ltr'><strong>καιροῦ</strong></span> <span class='ocrx_word' id='word_1_362' title='bbox 3232 1058 3487 1127; x_wconf 79' lang='grc' dir='ltr'><strong>κρίνετε.</strong></span> <span class='ocrx_word' id='word_1_363' title='bbox 3524 1076 3545 1110; x_wconf 73' lang='grc' dir='ltr'><strong>ι</strong></span> 
     </span>
    </p>
   </div>
   <div class='ocr_carea' id='block_1_51' title="bbox 2162 1239 3660 1315">
    <p class='ocr_par' dir='ltr' id='par_1_51' title="bbox 2162 1239 3660 1315">
     <span class='ocr_line' id='line_1_51' title="bbox 2162 1239 3660 1315; baseline -0.001 -16"><span class='ocrx_word' id='word_1_364' title='bbox 2162 1239 2292 1299; x_wconf 72' lang='grc' dir='ltr'><strong>Οἶδα</strong></span> <span class='ocrx_word' id='word_1_365' title='bbox 2331 1244 2442 1314; x_wconf 88' lang='grc' dir='ltr'><strong>ἐγὼ</strong></span> <span class='ocrx_word' id='word_1_366' title='bbox 2476 1244 2628 1307; x_wconf 73' lang='grc' dir='ltr'><strong>τινας</strong></span> <span class='ocrx_word' id='word_1_367' title='bbox 2675 1242 2775 1314; x_wconf 73' lang='grc' dir='ltr'><strong>μὲν</strong></span> <span class='ocrx_word' id='word_1_368' title='bbox 2822 1242 3116 1307; x_wconf 80' lang='grc' dir='ltr'><strong>ἀκολασίας</strong></span> <span class='ocrx_word' id='word_1_369' title='bbox 3160 1243 3352 1315; x_wconf 83' lang='grc' dir='ltr'><strong>ἑτέρας</strong></span> <span class='ocrx_word' id='word_1_370' title='bbox 3390 1244 3660 1315; x_wconf 78' lang='grc' dir='ltr'><strong>ἐπιθυμίᾳ</strong></span> 
     </span>
    </p>
   </div>
   <div class='ocr_carea' id='block_1_52' title="bbox 2093 1335 3660 1408">
    <p class='ocr_par' dir='ltr' id='par_1_52' title="bbox 2093 1335 3660 1408">
     <span class='ocr_line' id='line_1_52' title="bbox 2093 1335 3660 1408; baseline 0 -18"><span class='ocrx_word' id='word_1_371' title='bbox 2093 1337 2434 1408; x_wconf 83' lang='grc' dir='ltr'><strong>μελετῶντας</strong></span> <span class='ocrx_word' id='word_1_372' title='bbox 2498 1340 2797 1407; x_wconf 79' lang='grc' dir='ltr'><strong>σωφρονεῖν</strong></span> <span class='ocrx_word' id='word_1_373' title='bbox 2840 1335 2976 1406; x_wconf 85' lang='grc'><strong>(91)·</strong></span> <span class='ocrx_word' id='word_1_374' title='bbox 3042 1335 3194 1400; x_wconf 81' lang='grc' dir='ltr'><strong>τινὰς</strong></span> <span class='ocrx_word' id='word_1_375' title='bbox 3232 1336 3309 1401; x_wconf 85' lang='grc' dir='ltr'><strong>δέ,</strong></span> <span class='ocrx_word' id='word_1_376' title='bbox 3370 1338 3660 1407; x_wconf 80' lang='grc' dir='ltr'><strong>αὐτοφυεῖς</strong></span> 
     </span>
    </p>
   </div>
   <div class='ocr_carea' id='block_1_53' title="bbox 2090 1426 3662 1501">
    <p class='ocr_par' dir='ltr' id='par_1_53' title="bbox 2090 1426 3662 1501">
     <span class='ocr_line' id='line_1_53' title="bbox 2090 1426 3662 1501; baseline -0.001 -19"><span class='ocrx_word' id='word_1_377' title='bbox 2090 1429 2227 1501; x_wconf 81' lang='grc' dir='ltr'><strong>πρὸς</strong></span> <span class='ocrx_word' id='word_1_378' title='bbox 2271 1428 2370 1499; x_wconf 81' lang='grc' dir='ltr'><strong>τὴν</strong></span> <span class='ocrx_word' id='word_1_379' title='bbox 2405 1427 2597 1481; x_wconf 79' lang='grc' dir='ltr'><strong>τούτου</strong></span> <span class='ocrx_word' id='word_1_380' title='bbox 2644 1426 2818 1497; x_wconf 85' lang='grc' dir='ltr'><strong>ῥοπὴν</strong></span> <span class='ocrx_word' id='word_1_381' title='bbox 2852 1426 2964 1497; x_wconf 77' lang='lat'><strong>(92)</strong></span> <span class='ocrx_word' id='word_1_382' title='bbox 3016 1428 3144 1489; x_wconf 78' lang='grc' dir='ltr'><strong>τοὺς</strong></span> <span class='ocrx_word' id='word_1_383' title='bbox 3197 1427 3488 1498; x_wconf 75' lang='grc' dir='ltr'><strong>λογισμοὺς</strong></span> <span class='ocrx_word' id='word_1_384' title='bbox 3542 1432 3662 1481; x_wconf 85' lang='grc' dir='ltr'><strong>ἐπι-</strong></span> 
     </span>
    </p>
   </div>
   <div class='ocr_carea' id='block_1_54' title="bbox 2090 1518 3663 1589">
    <p class='ocr_par' dir='ltr' id='par_1_54' title="bbox 2090 1518 3663 1589">
     <span class='ocr_line' id='line_1_54' title="bbox 2090 1518 3663 1589; baseline -0.001 -16"><span class='ocrx_word' id='word_1_385' title='bbox 2090 1520 2412 1583; x_wconf 89' lang='grc' dir='ltr'><strong>κλίναντας·</strong></span> <span class='ocrx_word' id='word_1_386' title='bbox 2455 1518 2549 1571; x_wconf 89' lang='grc' dir='ltr'><strong>καί</strong></span> <span class='ocrx_word' id='word_1_387' title='bbox 2588 1535 2741 1580; x_wconf 88' lang='grc' dir='ltr'><strong>τινας</strong></span> <span class='ocrx_word' id='word_1_388' title='bbox 2772 1518 2891 1587; x_wconf 84' lang='grc' dir='ltr'><strong>μὲν,</strong></span> <span class='ocrx_word' id='word_1_389' title='bbox 2931 1518 3233 1587; x_wconf 81' lang='grc' dir='ltr'><strong>εὐημερίας</strong></span> <span class='ocrx_word' id='word_1_390' title='bbox 3269 1519 3427 1588; x_wconf 81' lang='grc' dir='ltr'><strong>χάριν</strong></span> <span class='ocrx_word' id='word_1_391' title='bbox 3470 1520 3663 1589; x_wconf 86' lang='grc' dir='ltr'><strong>δεομέ-</strong></span> 
     </span>
    </p>
   </div>
   <div class='ocr_carea' id='block_1_55' title="bbox 2087 1609 3661 1683">
    <p class='ocr_par' dir='ltr' id='par_1_55' title="bbox 2087 1609 3661 1683">
     <span class='ocr_line' id='line_1_55' title="bbox 2087 1609 3661 1683; baseline -0.001 -18"><span class='ocrx_word' id='word_1_392' title='bbox 2087 1628 2210 1674; x_wconf 92' lang='grc' dir='ltr'><strong>νους</strong></span> <span class='ocrx_word' id='word_1_393' title='bbox 2237 1611 2347 1681; x_wconf 76' lang='grc'><strong>(95)</strong></span> <span class='ocrx_word' id='word_1_394' title='bbox 2367 1610 2427 1663; x_wconf 83' lang='grc' dir='ltr'><strong>τὸ</strong></span> <span class='ocrx_word' id='word_1_395' title='bbox 2458 1609 2643 1663; x_wconf 82' lang='grc' dir='ltr'><strong>Θείον⁶</strong></span> <span class='ocrx_word' id='word_1_396' title='bbox 2671 1609 2823 1674; x_wconf 74' lang='grc' dir='ltr'><strong>τινὰς</strong></span> <span class='ocrx_word' id='word_1_397' title='bbox 2846 1609 2923 1674; x_wconf 85' lang='grc' dir='ltr'><strong>δὲ,</strong></span> <span class='ocrx_word' id='word_1_398' title='bbox 2964 1609 3248 1674; x_wconf 79' lang='grc' dir='ltr'><strong>εὐσεϐείας</strong></span> <span class='ocrx_word' id='word_1_399' title='bbox 3290 1610 3454 1665; x_wconf 75' lang='grc' dir='ltr'><strong>ἕνεκα</strong></span> <span class='ocrx_word' id='word_1_400' title='bbox 3493 1612 3661 1683; x_wconf 85' lang='grc' dir='ltr'><strong>μόνης</strong></span> 
     </span>
    </p>
   </div>
   <div class='ocr_carea' id='block_1_56' title="bbox 2088 1698 3662 1769">
    <p class='ocr_par' dir='ltr' id='par_1_56' title="bbox 2088 1698 3662 1769">
     <span class='ocr_line' id='line_1_56' title="bbox 2088 1698 3662 1769; baseline 0.001 -18"><span class='ocrx_word' id='word_1_401' title='bbox 2088 1698 2150 1751; x_wconf 83' lang='grc' dir='ltr'><strong>τδ</strong></span> <span class='ocrx_word' id='word_1_402' title='bbox 2175 1698 2341 1768; x_wconf 83' lang='grc' dir='ltr'><strong>ἀγνδν</strong></span> <span class='ocrx_word' id='word_1_403' title='bbox 2372 1698 2804 1769; x_wconf 81' lang='grc' dir='ltr'><strong>μετερχομένους</strong></span> <span class='ocrx_word' id='word_1_404' title='bbox 2824 1714 2839 1727; x_wconf 87' lang='grc'><strong>·</strong></span> <span class='ocrx_word' id='word_1_405' title='bbox 2889 1698 2981 1751; x_wconf 89' lang='grc' dir='ltr'><strong>καί</strong></span> <span class='ocrx_word' id='word_1_406' title='bbox 3006 1716 3157 1764; x_wconf 86' lang='grc' dir='ltr'><strong>τινας</strong></span> <span class='ocrx_word' id='word_1_407' title='bbox 3196 1700 3295 1769; x_wconf 86' lang='grc' dir='ltr'><strong>μὲν</strong></span> <span class='ocrx_word' id='word_1_408' title='bbox 3337 1702 3416 1764; x_wconf 89' lang='grc' dir='ltr'><strong>εἱς</strong></span> <span class='ocrx_word' id='word_1_409' title='bbox 3448 1701 3662 1754; x_wconf 79' lang='grc' dir='ltr'><strong>ἀδικίαν</strong></span> 
     </span>
    </p>
   </div>
   <div class='ocr_carea' id='block_1_57' title="bbox 2090 1789 3662 1864">
    <p class='ocr_par' dir='ltr' id='par_1_57' title="bbox 2090 1789 3662 1864">
     <span class='ocr_line' id='line_1_57' title="bbox 2090 1789 3662 1864; baseline 0.002 -21"><span class='ocrx_word' id='word_1_410' title='bbox 2090 1790 2409 1862; x_wconf 80' lang='grc' dir='ltr'><strong>βλέποντας,</strong></span> <span class='ocrx_word' id='word_1_411' title='bbox 2433 1790 2808 1861; x_wconf 81' lang='grc' dir='ltr'><strong>προκάλυμμα</strong></span> <span class='ocrx_word' id='word_1_412' title='bbox 2835 1789 2934 1860; x_wconf 79' lang='grc' dir='ltr'><strong>τῆς</strong></span> <span class='ocrx_word' id='word_1_413' title='bbox 2960 1790 3172 1854; x_wconf 82' lang='grc' dir='ltr'><strong>ἀδικίας</strong></span> <span class='ocrx_word' id='word_1_414' title='bbox 3196 1792 3294 1864; x_wconf 80' lang='grc' dir='ltr'><strong>τὴν</strong></span> <span class='ocrx_word' id='word_1_415' title='bbox 3320 1790 3662 1863; x_wconf 80' lang='grc' dir='ltr'><strong>δικαιοσύνην</strong></span> 
     </span>
    </p>
   </div>
   <div class='ocr_carea' id='block_1_58' title="bbox 2088 1881 3663 1954">
    <p class='ocr_par' dir='ltr' id='par_1_58' title="bbox 2088 1881 3663 1954">
     <span class='ocr_line' id='line_1_58' title="bbox 2088 1881 3663 1954; baseline 0.001 -18"><span class='ocrx_word' id='word_1_416' title='bbox 2088 1881 2574 1954; x_wconf 80' lang='grc' dir='ltr'><strong>ἐπανῃρημένους·</strong></span> <span class='ocrx_word' id='word_1_417' title='bbox 2608 1882 2761 1945; x_wconf 86' lang='grc' dir='ltr'><strong>τινάς</strong></span> <span class='ocrx_word' id='word_1_418' title='bbox 2797 1882 2874 1947; x_wconf 85' lang='grc' dir='ltr'><strong>δὲ,</strong></span> <span class='ocrx_word' id='word_1_419' title='bbox 2910 1883 3009 1952; x_wconf 86' lang='grc' dir='ltr'><strong>τῆς</strong></span> <span class='ocrx_word' id='word_1_420' title='bbox 3036 1883 3129 1936; x_wconf 80' lang='grc' dir='ltr'><strong>ἐπὶ</strong></span> <span class='ocrx_word' id='word_1_421' title='bbox 3153 1883 3213 1936; x_wconf 84' lang='grc' dir='ltr'><strong>τὸ</strong></span> <span class='ocrx_word' id='word_1_422' title='bbox 3241 1882 3450 1937; x_wconf 91' lang='grc' dir='ltr'><strong>δίκαιον</strong></span> <span class='ocrx_word' id='word_1_423' title='bbox 3493 1888 3663 1954; x_wconf 80' lang='grc' dir='ltr'><strong>φορᾶς</strong></span> 
     </span>
    </p>
   </div>
   <div class='ocr_carea' id='block_1_59' title="bbox 2089 1972 3664 2048">
    <p class='ocr_par' dir='ltr' id='par_1_59' title="bbox 2089 1972 3664 2048">
     <span class='ocr_line' id='line_1_59' title="bbox 2089 1972 3664 2048; baseline 0.002 -22"><span class='ocrx_word' id='word_1_424' title='bbox 2089 1973 2332 2045; x_wconf 76' lang='grc' dir='ltr'><strong>ἡγεμόνα</strong></span> <span class='ocrx_word' id='word_1_425' title='bbox 2361 1974 2460 2045; x_wconf 78' lang='grc' dir='ltr'><strong>τὴν</strong></span> <span class='ocrx_word' id='word_1_426' title='bbox 2483 1972 2709 2046; x_wconf 84' lang='grc' dir='ltr'><strong>γνώμην</strong></span> <span class='ocrx_word' id='word_1_427' title='bbox 2731 1973 2969 2044; x_wconf 77' lang='grc' dir='ltr'><strong>ἔχοντας.</strong></span> <span class='ocrx_word' id='word_1_428' title='bbox 2996 1976 3059 2028; x_wconf 77' lang='lat' dir='ltr'><strong>Ei</strong></span> <span class='ocrx_word' id='word_1_429' title='bbox 3082 1975 3263 2029; x_wconf 82' lang='grc' dir='ltr'><strong>τοίνυν</strong></span> <span class='ocrx_word' id='word_1_430' title='bbox 3294 1975 3428 2044; x_wconf 85' lang='grc' dir='ltr'><strong>ἐγὼ,</strong></span> <span class='ocrx_word' id='word_1_431' title='bbox 3458 1976 3664 2048; x_wconf 82' lang='grc' dir='ltr'><strong>ἀνθρω-</strong></span> 
     </span>
    </p>
   </div>
   <div class='ocr_carea' id='block_1_60' title="bbox 2091 2066 3663 2139">
    <p class='ocr_par' dir='ltr' id='par_1_60' title="bbox 2091 2066 3663 2139">
     <span class='ocr_line' id='line_1_60' title="bbox 2091 2066 3663 2139; baseline 0.001 -20"><span class='ocrx_word' id='word_1_432' title='bbox 2091 2084 2191 2130; x_wconf 86' lang='grc' dir='ltr'><strong>πος</strong></span> <span class='ocrx_word' id='word_1_433' title='bbox 2224 2066 2301 2120; x_wconf 82' lang='grc' dir='ltr'><strong>ὢν</strong></span> <span class='ocrx_word' id='word_1_434' title='bbox 2336 2066 2596 2138; x_wconf 79' lang='grc' dir='ltr'><strong>εὐτελὴς,</strong></span> <span class='ocrx_word' id='word_1_435' title='bbox 2650 2068 2746 2120; x_wconf 73' lang='grc' dir='ltr'><strong>καὶ</strong></span> <span class='ocrx_word' id='word_1_436' title='bbox 2773 2067 2909 2138; x_wconf 80' lang='grc' dir='ltr'><strong>πρὸς</strong></span> <span class='ocrx_word' id='word_1_437' title='bbox 2941 2066 3156 2122; x_wconf 86' lang='grc' dir='ltr'><strong>σύνεσιν</strong></span> <span class='ocrx_word' id='word_1_438' title='bbox 3210 2067 3443 2138; x_wconf 82' lang='grc' dir='ltr'><strong>βραδὺς,</strong></span> <span class='ocrx_word' id='word_1_439' title='bbox 3475 2071 3663 2139; x_wconf 80' lang='grc' dir='ltr'><strong>ἐδυνή-</strong></span> 
     </span>
    </p>
   </div>
   <div class='ocr_carea' id='block_1_61' title="bbox 2092 2158 3666 2232">
    <p class='ocr_par' dir='ltr' id='par_1_61' title="bbox 2092 2158 3666 2232">
     <span class='ocr_line' id='line_1_61' title="bbox 2092 2158 3666 2232; baseline 0.001 -21"><span class='ocrx_word' id='word_1_440' title='bbox 2092 2158 2192 2227; x_wconf 79' lang='grc' dir='ltr'><strong>οην</strong></span> <span class='ocrx_word' id='word_1_441' title='bbox 2215 2158 2327 2228; x_wconf 73' lang='grc'><strong>(94)</strong></span> <span class='ocrx_word' id='word_1_442' title='bbox 2362 2158 2711 2225; x_wconf 78' lang='grc' dir='ltr'><strong>καταλαόείν,</strong></span> <span class='ocrx_word' id='word_1_443' title='bbox 2735 2159 2818 2212; x_wconf 83' lang='grc' dir='ltr'><strong>ὅτι</strong></span> <span class='ocrx_word' id='word_1_444' title='bbox 2854 2158 3038 2212; x_wconf 76' lang='grc' dir='ltr'><strong>πολλοὶ</strong></span> <span class='ocrx_word' id='word_1_445' title='bbox 3064 2158 3159 2212; x_wconf 81' lang='grc' dir='ltr'><strong>τοῦ</strong></span> <span class='ocrx_word' id='word_1_446' title='bbox 3189 2159 3357 2213; x_wconf 88' lang='grc' dir='ltr'><strong>καλοῦ</strong></span> <span class='ocrx_word' id='word_1_447' title='bbox 3389 2160 3487 2223; x_wconf 80' lang='grc' dir='ltr'><strong>τὰς</strong></span> <span class='ocrx_word' id='word_1_448' title='bbox 3514 2161 3666 2232; x_wconf 78' lang='grc' dir='ltr'><strong>ῥίζας</strong></span> 
     </span>
    </p>
   </div>
   <div class='ocr_carea' id='block_1_62' title="bbox 2091 2249 3665 2322">
    <p class='ocr_par' dir='ltr' id='par_1_62' title="bbox 2091 2249 3665 2322">
     <span class='ocr_line' id='line_1_62' title="bbox 2091 2249 3665 2322; baseline 0.001 -19"><span class='ocrx_word' id='word_1_449' title='bbox 2091 2250 2191 2303; x_wconf 93' lang='grc' dir='ltr'><strong>οὐκ</strong></span> <span class='ocrx_word' id='word_1_450' title='bbox 2213 2249 2320 2303; x_wconf 79' lang='grc' dir='ltr'><strong>ἀπὸ</strong></span> <span class='ocrx_word' id='word_1_451' title='bbox 2346 2250 2546 2321; x_wconf 80' lang='grc' dir='ltr'><strong>ἀρετῆς</strong></span> <span class='ocrx_word' id='word_1_452' title='bbox 2589 2249 2880 2321; x_wconf 78' lang='grc' dir='ltr'><strong>ἐπήξαντο,</strong></span> <span class='ocrx_word' id='word_1_453' title='bbox 2923 2249 3062 2305; x_wconf 86' lang='grc' dir='ltr'><strong>ἀλλὰ</strong></span> <span class='ocrx_word' id='word_1_454' title='bbox 3102 2251 3238 2322; x_wconf 89' lang='grc' dir='ltr'><strong>πρός</strong></span> <span class='ocrx_word' id='word_1_455' title='bbox 3285 2270 3340 2305; x_wconf 90' lang='grc' dir='ltr'><strong>τι</strong></span> <span class='ocrx_word' id='word_1_456' title='bbox 3376 2252 3665 2322; x_wconf 83' lang='grc' dir='ltr'><strong>βλέποντες</strong></span> 
     </span>
    </p>
   </div>
   <div class='ocr_carea' id='block_1_63' title="bbox 2092 2341 3666 2416">
    <p class='ocr_par' dir='ltr' id='par_1_63' title="bbox 2092 2341 3666 2416">
     <span class='ocr_line' id='line_1_63' title="bbox 2092 2341 3666 2416; baseline 0.003 -22"><span class='ocrx_word' id='word_1_457' title='bbox 2092 2342 2301 2413; x_wconf 73' lang='grc' dir='ltr'><strong>ἕτερον,</strong></span> <span class='ocrx_word' id='word_1_458' title='bbox 2357 2342 2418 2394; x_wconf 85' lang='grc' dir='ltr'><strong>τὸ</strong></span> <span class='ocrx_word' id='word_1_459' title='bbox 2464 2341 2629 2396; x_wconf 84' lang='grc' dir='ltr'><strong>καλὸν</strong></span> <span class='ocrx_word' id='word_1_460' title='bbox 2685 2342 2988 2413; x_wconf 83' lang='grc' dir='ltr'><strong>ἐτίμησαν·</strong></span> <span class='ocrx_word' id='word_1_461' title='bbox 3039 2344 3073 2412; x_wconf 86' lang='grc' dir='ltr'><strong>ή</strong></span> <span class='ocrx_word' id='word_1_462' title='bbox 3122 2344 3362 2415; x_wconf 83' lang='grc' dir='ltr'><strong>ἀρῥητος</strong></span> <span class='ocrx_word' id='word_1_463' title='bbox 3404 2346 3589 2414; x_wconf 75' lang='grc' dir='ltr'><strong>σοφία,</strong></span> <span class='ocrx_word' id='word_1_464' title='bbox 3632 2347 3666 2416; x_wconf 88' lang='grc' dir='ltr'><strong>ή</strong></span> 
     </span>
    </p>
   </div>
   <div class='ocr_carea' id='block_1_64' title="bbox 2092 2433 3667 2508">
    <p class='ocr_par' dir='ltr' id='par_1_64' title="bbox 2092 2433 3667 2508">
     <span class='ocr_line' id='line_1_64' title="bbox 2092 2433 3667 2508; baseline 0.001 -19"><span class='ocrx_word' id='word_1_465' title='bbox 2092 2434 2371 2505; x_wconf 76' lang='grc' dir='ltr'><strong>ἄφραστος</strong></span> <span class='ocrx_word' id='word_1_466' title='bbox 2410 2433 2646 2497; x_wconf 87' lang='grc' dir='ltr'><strong>σύνεσις,</strong></span> <span class='ocrx_word' id='word_1_467' title='bbox 2688 2436 2722 2504; x_wconf 91' lang='grc' dir='ltr'><strong>ή</strong></span> <span class='ocrx_word' id='word_1_468' title='bbox 2756 2435 3093 2506; x_wconf 69' lang='grc' dir='ltr'><strong>ἐπισταμένη</strong></span> <span class='ocrx_word' id='word_1_469' title='bbox 3125 2436 3305 2491; x_wconf 86' lang='grc' dir='ltr'><strong>πάντα</strong></span> <span class='ocrx_word' id='word_1_470' title='bbox 3353 2437 3484 2508; x_wconf 75' lang='grc' dir='ltr'><strong>πρὶν</strong></span> <span class='ocrx_word' id='word_1_471' title='bbox 3512 2438 3667 2506; x_wconf 83' lang='grc' dir='ltr'><strong>γενέ-</strong></span> 
     </span>
    </p>
   </div>
   <div class='ocr_carea' id='block_1_65' title="bbox 2095 2525 3665 2601">
    <p class='ocr_par' dir='ltr' id='par_1_65' title="bbox 2095 2525 3665 2601">
     <span class='ocr_line' id='line_1_65' title="bbox 2095 2525 3665 2601; baseline 0.002 -23"><span class='ocrx_word' id='word_1_472' title='bbox 2095 2543 2261 2592; x_wconf 87' lang='grc' dir='ltr'><strong>σεως,</strong></span> <span class='ocrx_word' id='word_1_473' title='bbox 2292 2525 2540 2590; x_wconf 82' lang='grc' dir='ltr'><strong>ἀνέξεται</strong></span> <span class='ocrx_word' id='word_1_474' title='bbox 2578 2526 2685 2579; x_wconf 82' lang='grc' dir='ltr'><strong>ἀπὸ</strong></span> <span class='ocrx_word' id='word_1_475' title='bbox 2711 2526 2818 2579; x_wconf 84' lang='grc' dir='ltr'><strong>τῶν</strong></span> <span class='ocrx_word' id='word_1_476' title='bbox 2841 2525 3050 2581; x_wconf 84' lang='grc' dir='ltr'><strong>κλάδων</strong></span> <span class='ocrx_word' id='word_1_477' title='bbox 3072 2528 3293 2596; x_wconf 79' lang='grc' dir='ltr'><strong>ἐνέγκαι</strong></span> <span class='ocrx_word' id='word_1_478' title='bbox 3314 2529 3411 2592; x_wconf 78' lang='grc' dir='ltr'><strong>τὰς</strong></span> <span class='ocrx_word' id='word_1_479' title='bbox 3432 2529 3665 2601; x_wconf 75' lang='grc' dir='ltr'><strong>ψήφους,</strong></span> 
     </span>
    </p>
   </div>
   <div class='ocr_carea' id='block_1_66' title="bbox 2092 2614 3664 2691">
    <p class='ocr_par' dir='ltr' id='par_1_66' title="bbox 2092 2614 3664 2691">
     <span class='ocr_line' id='line_1_66' title="bbox 2092 2614 3664 2691; baseline 0.003 -23"><span class='ocrx_word' id='word_1_480' title='bbox 2092 2618 2191 2685; x_wconf 81' lang='grc' dir='ltr'><strong>τῆς</strong></span> <span class='ocrx_word' id='word_1_481' title='bbox 2212 2614 2369 2686; x_wconf 73' lang='grc' dir='ltr'><strong>ῥίζης</strong></span> <span class='ocrx_word' id='word_1_482' title='bbox 2395 2615 2652 2680; x_wconf 82' lang='grc' dir='ltr'><strong>ἐναντίως</strong></span> <span class='ocrx_word' id='word_1_483' title='bbox 2694 2616 3081 2688; x_wconf 88' lang='grc' dir='ltr'><strong>διακειμένης;</strong></span> <span class='ocrx_word' id='word_1_484' title='bbox 3130 2619 3243 2672; x_wconf 89' lang='grc' dir='ltr'><strong>Οὐκ</strong></span> <span class='ocrx_word' id='word_1_485' title='bbox 3272 2618 3448 2688; x_wconf 81' lang='grc' dir='ltr'><strong>ἔγωγε</strong></span> <span class='ocrx_word' id='word_1_486' title='bbox 3488 2620 3664 2691; x_wconf 79' lang='grc' dir='ltr'><strong>οἶμαι,</strong></span> 
     </span>
    </p>
   </div>
   <div class='ocr_carea' id='block_1_67' title="bbox 2094 2707 3670 2783">
    <p class='ocr_par' dir='ltr' id='par_1_67' title="bbox 2094 2707 3670 2783">
     <span class='ocr_line' id='line_1_67' title="bbox 2094 2707 3670 2783; baseline 0.003 -22"><span class='ocrx_word' id='word_1_487' title='bbox 2094 2707 2229 2761; x_wconf 88' lang='grc' dir='ltr'><strong>ἀλλά</strong></span> <span class='ocrx_word' id='word_1_488' title='bbox 2252 2708 2348 2761; x_wconf 76' lang='grc' dir='ltr'><strong>καὶ</strong></span> <span class='ocrx_word' id='word_1_489' title='bbox 2378 2708 2478 2771; x_wconf 75' lang='grc' dir='ltr'><strong>τὰς</strong></span> <span class='ocrx_word' id='word_1_490' title='bbox 2508 2707 2665 2779; x_wconf 78' lang='grc' dir='ltr'><strong>ῥίζας</strong></span> <span class='ocrx_word' id='word_1_491' title='bbox 2706 2708 2922 2772; x_wconf 79' lang='grc' dir='ltr'><strong>καὶτὰς</strong></span> <span class='ocrx_word' id='word_1_492' title='bbox 2944 2710 3200 2780; x_wconf 84' lang='grc' dir='ltr'><strong>ἀπαρχὰς</strong></span> <span class='ocrx_word' id='word_1_493' title='bbox 3230 2712 3325 2764; x_wconf 80' lang='grc' dir='ltr'><strong>καὶ</strong></span> <span class='ocrx_word' id='word_1_494' title='bbox 3363 2713 3459 2776; x_wconf 81' lang='grc' dir='ltr'><strong>τὰς</strong></span> <span class='ocrx_word' id='word_1_495' title='bbox 3498 2713 3670 2783; x_wconf 88' lang='grc' dir='ltr'><strong>ῥοπάς</strong></span> 
     </span>
    </p>
   </div>
   <div class='ocr_carea' id='block_1_68' title="bbox 2094 2800 3671 2874">
    <p class='ocr_par' dir='ltr' id='par_1_68' title="bbox 2094 2800 3671 2874">
     <span class='ocr_line' id='line_1_68' title="bbox 2094 2800 3671 2874; baseline 0.004 -21"><span class='ocrx_word' id='word_1_496' title='bbox 2094 2801 2189 2854; x_wconf 78' lang='grc' dir='ltr'><strong>καὶ</strong></span> <span class='ocrx_word' id='word_1_497' title='bbox 2219 2802 2317 2864; x_wconf 80' lang='grc' dir='ltr'><strong>τὰς</strong></span> <span class='ocrx_word' id='word_1_498' title='bbox 2346 2800 2524 2871; x_wconf 82' lang='grc' dir='ltr'><strong>ὁρμὰς</strong></span> <span class='ocrx_word' id='word_1_499' title='bbox 2562 2801 2663 2870; x_wconf 86' lang='grc' dir='ltr'><strong>τῆς</strong></span> <span class='ocrx_word' id='word_1_500' title='bbox 2698 2800 2876 2871; x_wconf 77' lang='grc' dir='ltr'><strong>ψυχῆς</strong></span> <span class='ocrx_word' id='word_1_501' title='bbox 2920 2802 3001 2865; x_wconf 86' lang='grc' dir='ltr'><strong>είς</strong></span> <span class='ocrx_word' id='word_1_502' title='bbox 3032 2802 3234 2873; x_wconf 80' lang='grc' dir='ltr'><strong>ακριὸῆ</strong></span> <span class='ocrx_word' id='word_1_503' title='bbox 3268 2803 3502 2873; x_wconf 85' lang='grc' dir='ltr'><strong>βάσανον</strong></span> <span class='ocrx_word' id='word_1_504' title='bbox 3533 2823 3671 2874; x_wconf 81' lang='grc' dir='ltr'><strong>παρ-</strong></span> 
     </span>
    </p>
   </div>
   <div class='ocr_carea' id='block_1_69' title="bbox 2097 2891 3670 2967">
    <p class='ocr_par' dir='ltr' id='par_1_69' title="bbox 2097 2891 3670 2967">
     <span class='ocr_line' id='line_1_69' title="bbox 2097 2891 3670 2967; baseline 0.003 -22"><span class='ocrx_word' id='word_1_505' title='bbox 2097 2891 2327 2959; x_wconf 84' lang='grc' dir='ltr'><strong>ἀγουσα,</strong></span> <span class='ocrx_word' id='word_1_506' title='bbox 2358 2894 2422 2946; x_wconf 89' lang='grc' dir='ltr'><strong>ἐκ</strong></span> <span class='ocrx_word' id='word_1_507' title='bbox 2440 2892 2541 2962; x_wconf 83' lang='grc' dir='ltr'><strong>τῆς</strong></span> <span class='ocrx_word' id='word_1_508' title='bbox 2560 2892 2765 2956; x_wconf 88' lang='grc' dir='ltr'><strong>οίκείας</strong></span> <span class='ocrx_word' id='word_1_509' title='bbox 2812 2893 3047 2965; x_wconf 86' lang='grc' dir='ltr'><strong>κρίσεως</strong></span> <span class='ocrx_word' id='word_1_510' title='bbox 3105 2895 3203 2964; x_wconf 83' lang='grc' dir='ltr'><strong>τῆς</strong></span> <span class='ocrx_word' id='word_1_511' title='bbox 3244 2896 3545 2952; x_wconf 75' lang='grc' dir='ltr'><strong>ἀδεκάστου</strong></span> <span class='ocrx_word' id='word_1_512' title='bbox 3574 2898 3670 2967; x_wconf 79' lang='grc' dir='ltr'><strong>τὴν</strong></span> 
     </span>
    </p>
   </div>
   <div class='ocr_carea' id='block_1_70' title="bbox 2094 2980 3668 3061">
    <p class='ocr_par' dir='ltr' id='par_1_70' title="bbox 2094 2980 3668 3061">
     <span class='ocr_line' id='line_1_70' title="bbox 2094 2980 3668 3061; baseline 0.003 -24"><span class='ocrx_word' id='word_1_513' title='bbox 2094 2982 2272 3054; x_wconf 78' lang='grc' dir='ltr'><strong>ψῆφον</strong></span> <span class='ocrx_word' id='word_1_514' title='bbox 2298 2983 2455 3039; x_wconf 82' lang='grc' dir='ltr'><strong>οίσει.</strong></span> <span class='ocrx_word' id='word_1_515' title='bbox 2477 2983 2591 3056; x_wconf 87' lang='grc'><strong>(95)</strong></span> <span class='ocrx_word' id='word_1_516' title='bbox 2636 2980 2804 3056; x_wconf 76' lang='grc' dir='ltr'><strong>Οἶμαι</strong></span> <span class='ocrx_word' id='word_1_517' title='bbox 2850 2986 3246 3057; x_wconf 82' lang='grc' dir='ltr'><strong>σεσαφηνίσθαι</strong></span> <span class='ocrx_word' id='word_1_518' title='bbox 3276 2988 3337 3041; x_wconf 85' lang='grc' dir='ltr'><strong>τὸ</strong></span> <span class='ocrx_word' id='word_1_519' title='bbox 3369 2991 3521 3061; x_wconf 80' lang='grc' dir='ltr'><strong>παρὰ</strong></span> <span class='ocrx_word' id='word_1_520' title='bbox 3574 2987 3668 3042; x_wconf 82' lang='grc' dir='ltr'><strong>σοῦ</strong></span> 
     </span>
    </p>
   </div>
   <div class='ocr_carea' id='block_1_71' title="bbox 2095 3076 3673 3154">
    <p class='ocr_par' dir='ltr' id='par_1_71' title="bbox 2095 3076 3673 3154">
     <span class='ocr_line' id='line_1_71' title="bbox 2095 3076 3673 3154; baseline 0.004 -25"><span class='ocrx_word' id='word_1_521' title='bbox 2095 3076 2403 3147; x_wconf 81' lang='grc' dir='ltr'><strong>προϐληθὲν</strong></span> <span class='ocrx_word' id='word_1_522' title='bbox 2432 3076 2791 3131; x_wconf 86' lang='grc' dir='ltr'><strong>ἀποστολικὸν</strong></span> <span class='ocrx_word' id='word_1_523' title='bbox 2820 3078 3039 3151; x_wconf 86' lang='grc' dir='ltr'><strong>χωρίον,</strong></span> <span class='ocrx_word' id='word_1_524' title='bbox 3072 3098 3091 3131; x_wconf 82' lang='grc' dir='ltr'><strong>ι</strong></span> <span class='ocrx_word' id='word_1_525' title='bbox 3128 3081 3290 3134; x_wconf 83' lang='grc' dir='ltr'><strong>Ὥστε</strong></span> <span class='ocrx_word' id='word_1_526' title='bbox 3320 3081 3395 3153; x_wconf 78' lang='grc' dir='ltr'><strong>μὴ</strong></span> <span class='ocrx_word' id='word_1_527' title='bbox 3421 3083 3528 3154; x_wconf 76' lang='grc' dir='ltr'><strong>πρὸ</strong></span> <span class='ocrx_word' id='word_1_528' title='bbox 3553 3099 3673 3136; x_wconf 86' lang='grc' dir='ltr'><strong>και-</strong></span> 
     </span>
    </p>
   </div>
   <div class='ocr_carea' id='block_1_72' title="bbox 2098 3168 3668 3245">
    <p class='ocr_par' dir='ltr' id='par_1_72' title="bbox 2098 3168 3668 3245">
     <span class='ocr_line' id='line_1_72' title="bbox 2098 3168 3668 3245; baseline 0.003 -25"><span class='ocrx_word' id='word_1_529' title='bbox 2098 3168 2193 3238; x_wconf 83' lang='grc' dir='ltr'><strong>ροῦ</strong></span> <span class='ocrx_word' id='word_1_530' title='bbox 2228 3184 2281 3221; x_wconf 87' lang='grc' dir='ltr'><strong>τι</strong></span> <span class='ocrx_word' id='word_1_531' title='bbox 2313 3168 2550 3239; x_wconf 81' lang='grc' dir='ltr'><strong>κρίνετε.</strong></span> <span class='ocrx_word' id='word_1_532' title='bbox 2576 3188 2596 3223; x_wconf 68' lang='grc' dir='ltr'><strong>ι</strong></span> <span class='ocrx_word' id='word_1_533' title='bbox 2632 3170 2801 3240; x_wconf 80' lang='grc' dir='ltr'><strong>Δῆλον</strong></span> <span class='ocrx_word' id='word_1_534' title='bbox 2819 3170 2898 3235; x_wconf 81' lang='grc' dir='ltr'><strong>δέ,</strong></span> <span class='ocrx_word' id='word_1_535' title='bbox 2925 3171 3008 3223; x_wconf 85' lang='grc' dir='ltr'><strong>ὄτι</strong></span> <span class='ocrx_word' id='word_1_536' title='bbox 3054 3171 3087 3242; x_wconf 77' lang='grc' dir='ltr'>ἢ</span> <span class='ocrx_word' id='word_1_537' title='bbox 3129 3173 3257 3243; x_wconf 75' lang='grc' dir='ltr'><strong>περὶ</strong></span> <span class='ocrx_word' id='word_1_538' title='bbox 3310 3173 3418 3226; x_wconf 83' lang='grc' dir='ltr'><strong>τῶν</strong></span> <span class='ocrx_word' id='word_1_539' title='bbox 3440 3174 3668 3245; x_wconf 86' lang='grc' dir='ltr'><strong>ἀδήλων,</strong></span> 
     </span>
    </p>
   </div>
   <div class='ocr_carea' id='block_1_73' title="bbox 2099 3257 3672 3335">
    <p class='ocr_par' dir='ltr' id='par_1_73' title="bbox 2099 3257 3672 3335">
     <span class='ocr_line' id='line_1_73' title="bbox 2099 3257 3672 3335; baseline 0.005 -26"><span class='ocrx_word' id='word_1_540' title='bbox 2099 3259 2194 3310; x_wconf 70' lang='grc' dir='ltr'><strong>καὶ</strong></span> <span class='ocrx_word' id='word_1_541' title='bbox 2252 3257 2328 3330; x_wconf 84' lang='grc' dir='ltr'><strong>μὴ</strong></span> <span class='ocrx_word' id='word_1_542' title='bbox 2392 3259 2590 3329; x_wconf 81' lang='grc' dir='ltr'><strong>ῥᾳδίως</strong></span> <span class='ocrx_word' id='word_1_543' title='bbox 2633 3260 3066 3332; x_wconf 84' lang='grc' dir='ltr'><strong>ἀνιχνευομένων</strong></span> <span class='ocrx_word' id='word_1_544' title='bbox 3102 3262 3234 3333; x_wconf 87' lang='grc'><strong>(96),</strong></span> <span class='ocrx_word' id='word_1_545' title='bbox 3295 3264 3329 3335; x_wconf 83' lang='grc' dir='ltr'>ἢ</span> <span class='ocrx_word' id='word_1_546' title='bbox 3388 3265 3517 3335; x_wconf 78' lang='grc' dir='ltr'><strong>περὶ</strong></span> <span class='ocrx_word' id='word_1_547' title='bbox 3563 3264 3672 3317; x_wconf 85' lang='grc' dir='ltr'><strong>τῶν</strong></span> 
     </span>
    </p>
   </div>
   <div class='ocr_carea' id='block_1_74' title="bbox 2100 3348 3672 3427">
    <p class='ocr_par' dir='ltr' id='par_1_74' title="bbox 2100 3348 3672 3427">
     <span class='ocr_line' id='line_1_74' title="bbox 2100 3348 3672 3427; baseline 0.005 -27"><span class='ocrx_word' id='word_1_548' title='bbox 2100 3348 2410 3419; x_wconf 79' lang='grc' dir='ltr'><strong>ἀδιαφόρων</strong></span> <span class='ocrx_word' id='word_1_549' title='bbox 2441 3350 2749 3420; x_wconf 82' lang='grc' dir='ltr'><strong>βρωμάτων</strong></span> <span class='ocrx_word' id='word_1_550' title='bbox 2782 3353 2918 3422; x_wconf 86' lang='grc'><strong>(97),</strong></span> <span class='ocrx_word' id='word_1_551' title='bbox 2961 3354 3092 3424; x_wconf 73' lang='grc' dir='ltr'><strong>περὶ</strong></span> <span class='ocrx_word' id='word_1_552' title='bbox 3130 3348 3206 3409; x_wconf 81' lang='grc' dir='ltr'><strong>ὧν</strong></span> <span class='ocrx_word' id='word_1_553' title='bbox 3242 3358 3340 3410; x_wconf 73' lang='grc' dir='ltr'><strong>καὶ</strong></span> <span class='ocrx_word' id='word_1_554' title='bbox 3379 3355 3672 3427; x_wconf 86' lang='grc' dir='ltr'><strong>Ῥωμαίοις</strong></span> 
     </span>
    </p>
   </div>
   <div class='ocr_carea' id='block_1_75' title="bbox 2101 3439 3671 3519">
    <p class='ocr_par' dir='ltr' id='par_1_75' title="bbox 2101 3439 3671 3519">
     <span class='ocr_line' id='line_1_75' title="bbox 2101 3439 3671 3519; baseline 0.005 -28"><span class='ocrx_word' id='word_1_555' title='bbox 2101 3439 2433 3495; x_wconf 80' lang='grc' dir='ltr'><strong>ἐπιστέλλων</strong></span> <span class='ocrx_word' id='word_1_556' title='bbox 2488 3442 2657 3495; x_wconf 80' lang='grc' dir='ltr'><strong>πολὺν</strong></span> <span class='ocrx_word' id='word_1_557' title='bbox 2702 3445 2949 3499; x_wconf 84' lang='grc' dir='ltr'><strong>ἀνάλωσε</strong></span> <span class='ocrx_word' id='word_1_558' title='bbox 3001 3446 3179 3515; x_wconf 84' lang='grc' dir='ltr'><strong>λόγον.</strong></span> <span class='ocrx_word' id='word_1_559' title='bbox 3228 3449 3363 3519; x_wconf 79' lang='grc' dir='ltr'><strong>Περὶ</strong></span> <span class='ocrx_word' id='word_1_560' title='bbox 3403 3448 3512 3519; x_wconf 83' lang='grc' dir='ltr'><strong>γὰρ</strong></span> <span class='ocrx_word' id='word_1_561' title='bbox 3565 3449 3671 3501; x_wconf 84' lang='grc' dir='ltr'><strong>τῶν</strong></span> 
     </span>
    </p>
   </div>
   <div class='ocr_carea' id='block_1_76' title="bbox 2099 3531 3671 3607">
    <p class='ocr_par' dir='ltr' id='par_1_76' title="bbox 2099 3531 3671 3607">
     <span class='ocr_line' id='line_1_76' title="bbox 2099 3531 3671 3607; baseline 0.006 -25"><span class='ocrx_word' id='word_1_562' title='bbox 2099 3531 2277 3601; x_wconf 90' lang='grc' dir='ltr'><strong>δήλων</strong></span> <span class='ocrx_word' id='word_1_563' title='bbox 2314 3532 2407 3584; x_wconf 75' lang='grc' dir='ltr'><strong>καὶ</strong></span> <span class='ocrx_word' id='word_1_564' title='bbox 2433 3531 2615 3603; x_wconf 78' lang='grc' dir='ltr'><strong>ἔκρινε</strong></span> <span class='ocrx_word' id='word_1_565' title='bbox 2641 3536 2736 3588; x_wconf 73' lang='grc' dir='ltr'><strong>καὶ</strong></span> <span class='ocrx_word' id='word_1_566' title='bbox 2760 3535 2966 3607; x_wconf 88' lang='grc' dir='ltr'><strong>κρίνειν</strong></span> <span class='ocrx_word' id='word_1_567' title='bbox 2994 3537 3315 3607; x_wconf 83' lang='grc' dir='ltr'><strong>προσέταξε,</strong></span> <span class='ocrx_word' id='word_1_568' title='bbox 3354 3538 3447 3591; x_wconf 78' lang='grc' dir='ltr'><strong>καὶ</strong></span> <span class='ocrx_word' id='word_1_569' title='bbox 3482 3539 3671 3605; x_wconf 75' lang='grc' dir='ltr'><strong>ἐξέϐα-</strong></span> 
     </span>
    </p>
   </div>
   <div class='ocr_carea' id='block_1_77' title="bbox 2105 3621 3671 3701">
    <p class='ocr_par' dir='ltr' id='par_1_77' title="bbox 2105 3621 3671 3701">
     <span class='ocr_line' id='line_1_77' title="bbox 2105 3621 3671 3701; baseline 0.005 -27"><span class='ocrx_word' id='word_1_570' title='bbox 2105 3621 2195 3688; x_wconf 85' lang='grc' dir='ltr'><strong>λε,</strong></span> <span class='ocrx_word' id='word_1_571' title='bbox 2235 3622 2329 3676; x_wconf 76' lang='grc' dir='ltr'><strong>καὶ</strong></span> <span class='ocrx_word' id='word_1_572' title='bbox 2366 3623 2650 3679; x_wconf 77' lang='grc' dir='ltr'><strong>ἐκϐάλλειν</strong></span> <span class='ocrx_word' id='word_1_573' title='bbox 2694 3627 2795 3697; x_wconf 81' lang='grc' dir='ltr'><strong>τῆς</strong></span> <span class='ocrx_word' id='word_1_574' title='bbox 2847 3628 3171 3700; x_wconf 86' lang='grc' dir='ltr'><strong>Ἐκκλησίας</strong></span> <span class='ocrx_word' id='word_1_575' title='bbox 3215 3629 3500 3684; x_wconf 81' lang='grc' dir='ltr'><strong>ἐκέλευσε’</strong></span> <span class='ocrx_word' id='word_1_576' title='bbox 3546 3632 3671 3701; x_wconf 80' lang='grc' dir='ltr'><strong>περὶ</strong></span> 
     </span>
    </p>
   </div>
   <div class='ocr_carea' id='block_1_78' title="bbox 2104 3711 3674 3791">
    <p class='ocr_par' dir='ltr' id='par_1_78' title="bbox 2104 3711 3674 3791">
     <span class='ocr_line' id='line_1_78' title="bbox 2104 3711 3674 3791; baseline 0.007 -27"><span class='ocrx_word' id='word_1_577' title='bbox 2104 3711 2162 3765; x_wconf 85' lang='grc' dir='ltr'><strong>δὲ</strong></span> <span class='ocrx_word' id='word_1_578' title='bbox 2200 3712 2309 3765; x_wconf 76' lang='grc' dir='ltr'><strong>τῶν</strong></span> <span class='ocrx_word' id='word_1_579' title='bbox 2359 3713 2569 3785; x_wconf 82' lang='grc' dir='ltr'><strong>ἀδήλων</strong></span> <span class='ocrx_word' id='word_1_580' title='bbox 2621 3717 2912 3789; x_wconf 85' lang='grc' dir='ltr'><strong>ἀναμένειν</strong></span> <span class='ocrx_word' id='word_1_581' title='bbox 2962 3720 3422 3791; x_wconf 83' lang='grc' dir='ltr'><strong>παρεκελεύσατο,</strong></span> <span class='ocrx_word' id='word_1_582' title='bbox 3463 3721 3566 3786; x_wconf 73' lang='grc' dir='ltr'><strong>ἕως</strong></span> <span class='ocrx_word' id='word_1_583' title='bbox 3608 3723 3674 3775; x_wconf 86' lang='grc' dir='ltr'><strong>ἂν</strong></span> 
     </span>
    </p>
   </div>
   <div class='ocr_carea' id='block_1_79' title="bbox 2106 3801 3672 3885">
    <p class='ocr_par' dir='ltr' id='par_1_79' title="bbox 2106 3801 3672 3885">
     <span class='ocr_line' id='line_1_79' title="bbox 2106 3801 3672 3885; baseline 0.007 -31"><span class='ocrx_word' id='word_1_584' title='bbox 2106 3801 2237 3877; x_wconf 76' lang='grc' dir='ltr'><strong>ἔλθῃ</strong></span> <span class='ocrx_word' id='word_1_585' title='bbox 2269 3805 2298 3856; x_wconf 87' lang='grc' dir='ltr'><strong>ό</strong></span> <span class='ocrx_word' id='word_1_586' title='bbox 2338 3804 2574 3877; x_wconf 83' lang='grc' dir='ltr'><strong>Κύριος·</strong></span> <span class='ocrx_word' id='word_1_587' title='bbox 2617 3808 2819 3863; x_wconf 76' lang='grc' dir='ltr'><strong>ἄτοπον</strong></span> <span class='ocrx_word' id='word_1_588' title='bbox 2862 3811 2992 3884; x_wconf 80' lang='grc' dir='ltr'><strong>γάρ,</strong></span> <span class='ocrx_word' id='word_1_589' title='bbox 3042 3812 3311 3884; x_wconf 80' lang='grc' dir='ltr'><strong>ἁρπάζειν</strong></span> <span class='ocrx_word' id='word_1_590' title='bbox 3350 3813 3445 3867; x_wconf 83' lang='grc' dir='ltr'><strong>τοῦ</strong></span> <span class='ocrx_word' id='word_1_591' title='bbox 3485 3812 3672 3885; x_wconf 79' lang='grc' dir='ltr'><strong>κριτοῦ</strong></span> 
     </span>
    </p>
   </div>
   <div class='ocr_carea' id='block_1_80' title="bbox 2106 3895 3789 3977">
    <p class='ocr_par' dir='ltr' id='par_1_80' title="bbox 2106 3895 3789 3977">
     <span class='ocr_line' id='line_1_80' title="bbox 2106 3895 3789 3977; baseline 0.01 -31"><span class='ocrx_word' id='word_1_592' title='bbox 2106 3895 2206 3965; x_wconf 85' lang='grc' dir='ltr'><strong>τήν</strong></span> <span class='ocrx_word' id='word_1_593' title='bbox 2225 3896 2404 3963; x_wconf 77' lang='grc' dir='ltr'><strong>ἀξίαν,</strong></span> <span class='ocrx_word' id='word_1_594' title='bbox 2426 3899 2522 3952; x_wconf 74' lang='grc' dir='ltr'><strong>καὶ</strong></span> <span class='ocrx_word' id='word_1_595' title='bbox 2568 3900 2669 3972; x_wconf 79' lang='grc' dir='ltr'><strong>τὴν</strong></span> <span class='ocrx_word' id='word_1_596' title='bbox 2700 3902 2879 3973; x_wconf 77' lang='grc' dir='ltr'><strong>ψῆφον</strong></span> <span class='ocrx_word' id='word_1_597' title='bbox 2921 3904 3161 3976; x_wconf 89' lang='grc' dir='ltr'><strong>ἀκρίτως</strong></span> <span class='ocrx_word' id='word_1_598' title='bbox 3206 3907 3416 3977; x_wconf 83' lang='grc' dir='ltr'><strong>φέρειν,</strong></span> <span class='ocrx_word' id='word_1_599' title='bbox 3467 3907 3560 3959; x_wconf 77' lang='grc' dir='ltr'><strong>καὶ</strong></span> <span class='ocrx_word' id='word_1_600' title='bbox 3599 3906 3673 3977; x_wconf 79' lang='grc' dir='ltr'><strong>μή</strong></span> <span class='ocrx_word' id='word_1_601' title='bbox 3786 3976 3789 3977; x_wconf 18' lang='grc' dir='ltr'><em>ν</em></span> 
     </span>
    </p>
   </div>
   <div class='ocr_carea' id='block_1_81' title="bbox 2105 3987 3557 4070">
    <p class='ocr_par' dir='ltr' id='par_1_81' title="bbox 2105 3987 3557 4070">
     <span class='ocr_line' id='line_1_81' title="bbox 2105 3987 3557 4070; baseline 0.009 -30"><span class='ocrx_word' id='word_1_602' title='bbox 2105 3987 2423 4060; x_wconf 83' lang='grc' dir='ltr'><strong>ἐπιτρέπειν</strong></span> <span class='ocrx_word' id='word_1_603' title='bbox 2453 3989 2661 4064; x_wconf 83' lang='grc' dir='ltr'><strong>ταύτην</strong></span> <span class='ocrx_word' id='word_1_604' title='bbox 2689 3993 2767 4066; x_wconf 83' lang='grc' dir='ltr'><strong>τῷ</strong></span> <span class='ocrx_word' id='word_1_605' title='bbox 2804 3997 2986 4051; x_wconf 86' lang='grc' dir='ltr'><strong>κανόνι</strong></span> <span class='ocrx_word' id='word_1_606' title='bbox 3019 3998 3118 4069; x_wconf 86' lang='grc' dir='ltr'><strong>τῆς</strong></span> <span class='ocrx_word' id='word_1_607' title='bbox 3145 3997 3401 4070; x_wconf 83' lang='grc' dir='ltr'><strong>ἀληθείας</strong></span> <span class='ocrx_word' id='word_1_608' title='bbox 3424 3998 3557 4069; x_wconf 88' lang='grc'><strong>(98).</strong></span> 
     </span>
    </p>
   </div>
   <div class='ocr_carea' id='block_1_82' title="bbox 1536 4291 2554 4361">
    <p class='ocr_par' dir='ltr' id='par_1_82' title="bbox 1536 4291 2554 4361">
     <span class='ocr_line' id='line_1_82' title="bbox 1536 4291 2554 4361; baseline 0.014 -13"><span class='ocrx_word' id='word_1_609' title='bbox 1536 4291 1762 4349; x_wconf 60' lang='grc' dir='ltr'><strong>νΑιιιέΕ</strong></span> <span class='ocrx_word' id='word_1_610' title='bbox 1804 4293 2185 4359; x_wconf 84' lang='lat' dir='ltr'><strong>LECTIONES</strong></span> <span class='ocrx_word' id='word_1_611' title='bbox 2219 4304 2309 4359; x_wconf 88' lang='lat' dir='ltr'><strong>ET</strong></span> <span class='ocrx_word' id='word_1_612' title='bbox 2345 4304 2554 4361; x_wconf 68' lang='lat' dir='ltr'><strong>NOTAE</strong></span> 
     </span>
    </p>
   </div>
   <div class='ocr_carea' id='block_1_83' title="bbox 509 4439 1997 4528">
    <p class='ocr_par' dir='ltr' id='par_1_83' title="bbox 509 4439 1997 4528">
     <span class='ocr_line' id='line_1_83' title="bbox 509 4439 1997 4528; baseline 0.006 -31"><span class='ocrx_word' id='word_1_613' title='bbox 509 4439 780 4528; x_wconf 50' lang='grc' dir='ltr'><strong>(91)Ριό.</strong></span> <span class='ocrx_word' id='word_1_614' title='bbox 802 4446 1097 4528; x_wconf 67' lang='grc' dir='ltr'><strong>σωφρονεῖν</strong></span> <span class='ocrx_word' id='word_1_615' title='bbox 1124 4444 1255 4528; x_wconf 54' lang='lat' dir='ltr'><strong>cod.</strong></span> <span class='ocrx_word' id='word_1_616' title='bbox 1290 4443 1408 4528; x_wconf 56' lang='lat' dir='ltr'><strong>Yat.</strong></span> <span class='ocrx_word' id='word_1_617' title='bbox 1458 4446 1624 4528; x_wconf 60' lang='lat' dir='ltr'><strong>habet</strong></span> <span class='ocrx_word' id='word_1_618' title='bbox 1665 4449 1728 4502; x_wconf 87' lang='grc' dir='ltr'><strong>τδ</strong></span> <span class='ocrx_word' id='word_1_619' title='bbox 1772 4467 1997 4523; x_wconf 82' lang='grc' dir='ltr'><strong>σωφρον.</strong></span> 
     </span>
    </p>
   </div>
   <div class='ocr_carea' id='block_1_84' title="bbox 2100 4439 3678 4528">
    <p class='ocr_par' dir='ltr' id='par_1_84' title="bbox 2118 4456 3678 4528">
     <span class='ocr_line' id='line_1_84' title="bbox 2118 4456 3678 4528; baseline 0.012 -19"><span class='ocrx_word' id='word_1_620' title='bbox 2118 4456 2256 4510; x_wconf 91' lang='lat' dir='ltr'><strong>rium</strong></span> <span class='ocrx_word' id='word_1_621' title='bbox 2283 4467 2367 4513; x_wconf 90' lang='lat' dir='ltr'><strong>est</strong></span> <span class='ocrx_word' id='word_1_622' title='bbox 2390 4457 2656 4528; x_wconf 89' lang='lat' dir='ltr'><strong>judicare,</strong></span> <span class='ocrx_word' id='word_1_623' title='bbox 2697 4463 2931 4518; x_wconf 81' lang='lat' dir='ltr'><strong>maxime</strong></span> <span class='ocrx_word' id='word_1_624' title='bbox 2971 4472 3029 4518; x_wconf 91' lang='lat' dir='ltr'><strong>ut</strong></span> <span class='ocrx_word' id='word_1_625' title='bbox 3066 4465 3505 4525; x_wconf 88' lang='lat' dir='ltr'><strong>condemnemus.</strong></span> <span class='ocrx_word' id='word_1_626' title='bbox 3553 4489 3573 4523; x_wconf 73' lang='grc' dir='ltr'><strong>ι</strong></span> <span class='ocrx_word' id='word_1_627' title='bbox 3614 4472 3678 4527; x_wconf 83' lang='lat' dir='ltr'><strong>Et</strong></span> 
     </span>
    </p>
   </div>
   <div class='ocr_carea' id='block_1_85' title="bbox 440 4510 1788 4584">
    <p class='ocr_par' dir='ltr' id='par_1_85' title="bbox 440 4510 1788 4584">
     <span class='ocr_line' id='line_1_85' title="bbox 440 4510 1788 4584; baseline 0.006 -18"><span class='ocrx_word' id='word_1_628' title='bbox 440 4510 562 4584; x_wconf 58' lang='lat' dir='ltr'><strong>Ilo;</strong></span> <span class='ocrx_word' id='word_1_629' title='bbox 579 4510 696 4584; x_wconf 27' lang='lat' dir='ltr'><strong>Apro</strong></span> <span class='ocrx_word' id='word_1_630' title='bbox 721 4510 1010 4584; x_wconf 75' lang='grc' dir='ltr'><strong>αὐτοφυεῖς</strong></span> <span class='ocrx_word' id='word_1_631' title='bbox 1030 4514 1219 4569; x_wconf 84' lang='lat' dir='ltr'><strong>scribit</strong></span> <span class='ocrx_word' id='word_1_632' title='bbox 1245 4515 1550 4584; x_wconf 83' lang='grc' dir='ltr'><strong>αὐτοφυῶς.</strong></span> <span class='ocrx_word' id='word_1_633' title='bbox 1577 4518 1788 4575; x_wconf 75' lang='lat' dir='ltr'><strong>Possm.</strong></span> 
     </span>
    </p>
   </div>
   <div class='ocr_carea' id='block_1_86' title="bbox 512 4581 2011 4661">
    <p class='ocr_par' dir='ltr' id='par_1_86' title="bbox 512 4581 2011 4661">
     <span class='ocr_line' id='line_1_86' title="bbox 512 4581 2011 4661; baseline 0.006 -26"><span class='ocrx_word' id='word_1_634' title='bbox 512 4581 625 4661; x_wconf 57' lang='lat'><strong>(9?)</strong></span> <span class='ocrx_word' id='word_1_635' title='bbox 689 4582 806 4650; x_wconf 78' lang='grc' dir='ltr'><strong>Τὴν</strong></span> <span class='ocrx_word' id='word_1_636' title='bbox 858 4581 1074 4637; x_wconf 69' lang='grc' dir='ltr'><strong>τούτου</strong></span> <span class='ocrx_word' id='word_1_637' title='bbox 1129 4584 1351 4652; x_wconf 80' lang='grc' dir='ltr'><strong>ῥοπήν.</strong></span> <span class='ocrx_word' id='word_1_638' title='bbox 1391 4581 1594 4641; x_wconf 66' lang='grc' dir='ltr'><strong>’Μηιίηι</strong></span> <span class='ocrx_word' id='word_1_639' title='bbox 1658 4588 1762 4661; x_wconf 57' lang='grc' dir='ltr'><strong>τὴν</strong></span> <span class='ocrx_word' id='word_1_640' title='bbox 1826 4589 2011 4644; x_wconf 86' lang='grc' dir='ltr'><strong>τοιαύ-</strong></span> 
     </span>
    </p>
   </div>
   <div class='ocr_carea' id='block_1_87' title="bbox 439 4654 2011 4800">
    <p class='ocr_par' dir='ltr' id='par_1_87' title="bbox 439 4654 2011 4800">
     <span class='ocr_line' id='line_1_87' title="bbox 439 4654 2011 4800; baseline 0.004 -23"><span class='ocrx_word' id='word_1_641' title='bbox 660 4722 955 4800; x_wconf 84' lang='grc' dir='ltr'><strong>Δεομένους</strong></span> <span class='ocrx_word' id='word_1_642' title='bbox 1005 4722 1143 4800; x_wconf 80' lang='lat' dir='ltr'><strong>idem</strong></span> <span class='ocrx_word' id='word_1_643' title='bbox 1190 4724 1310 4777; x_wconf 86' lang='lat' dir='ltr'><strong>cod.</strong></span> <span class='ocrx_word' id='word_1_644' title='bbox 1336 4734 1516 4800; x_wconf 68' lang='lat' dir='ltr'><strong>mutat</strong></span> <span class='ocrx_word' id='word_1_645' title='bbox 1554 4727 1606 4781; x_wconf 92' lang='lat' dir='ltr'><strong>in</strong></span> <span class='ocrx_word' id='word_1_646' title='bbox 1650 4728 2011 4800; x_wconf 80' lang='grc' dir='ltr'><strong>ίλεουμένους.</strong></span> 
     </span>
    </p>
   </div>
   <div class='ocr_carea' id='block_1_88' title="bbox 446 4790 2010 4868">
    <p class='ocr_par' dir='ltr' id='par_1_88' title="bbox 446 4790 2010 4868">
     <span class='ocr_line' id='line_1_88' title="bbox 446 4790 2010 4868; baseline 0.005 -23"><span class='ocrx_word' id='word_1_647' title='bbox 446 4790 739 4868; x_wconf 42' lang='grc' dir='ltr'><strong>νει-θέρει).</strong></span> <span class='ocrx_word' id='word_1_648' title='bbox 764 4790 865 4861; x_wconf 83' lang='lat' dir='ltr'><strong>pro</strong></span> <span class='ocrx_word' id='word_1_649' title='bbox 886 4793 1182 4868; x_wconf 54' lang='lat' dir='ltr'><strong>abﬁvvov,</strong></span> <span class='ocrx_word' id='word_1_650' title='bbox 1226 4795 1461 4868; x_wconf 55' lang='lat' dir='ltr'><strong>ponitfrb</strong></span> <span class='ocrx_word' id='word_1_651' title='bbox 1491 4796 1656 4868; x_wconf 80' lang='grc' dir='ltr'><strong>ὅσιον.</strong></span> <span class='ocrx_word' id='word_1_652' title='bbox 1712 4790 1864 4854; x_wconf 58' lang='lat' dir='ltr'><strong>Veis.</strong></span> <span class='ocrx_word' id='word_1_653' title='bbox 1893 4790 2010 4868; x_wconf 80' lang='lat' dir='ltr'><strong>seq.</strong></span> 
     </span>
    </p>
   </div>
   <div class='ocr_carea' id='block_1_89' title="bbox 445 4861 1728 4933">
    <p class='ocr_par' dir='ltr' id='par_1_89' title="bbox 445 4861 1728 4933">
     <span class='ocr_line' id='line_1_89' title="bbox 445 4861 1728 4933; baseline 0.007 -21"><span class='ocrx_word' id='word_1_654' title='bbox 445 4861 785 4933; x_wconf 38' lang='lat' dir='ltr'><strong>prodenda;</strong></span> <span class='ocrx_word' id='word_1_655' title='bbox 818 4863 1097 4933; x_wconf 84' lang='lat' dir='ltr'><strong>substituit</strong></span> <span class='ocrx_word' id='word_1_656' title='bbox 1122 4861 1484 4933; x_wconf 88' lang='grc' dir='ltr'><strong>παρανομίας.</strong></span> <span class='ocrx_word' id='word_1_657' title='bbox 1521 4865 1728 4921; x_wconf 72' lang='lat' dir='ltr'><strong>l&#39;ossuv.</strong></span> 
     </span>
    </p>
   </div>
   <div class='ocr_carea' id='block_1_90' title="bbox 518 4928 2011 5001">
    <p class='ocr_par' dir='ltr' id='par_1_90' title="bbox 518 4928 2011 5001">
     <span class='ocr_line' id='line_1_90' title="bbox 518 4928 2011 5001; baseline 0.007 -20"><span class='ocrx_word' id='word_1_658' title='bbox 518 4928 648 5001; x_wconf 71' lang='grc'><strong>(94)</strong></span> <span class='ocrx_word' id='word_1_659' title='bbox 670 4930 773 4986; x_wconf 81' lang='lat' dir='ltr'><strong>Pro</strong></span> <span class='ocrx_word' id='word_1_660' title='bbox 814 4932 1082 5001; x_wconf 81' lang='grc' dir='ltr'><strong>ἐδυνήθην</strong></span> <span class='ocrx_word' id='word_1_661' title='bbox 1124 4928 1493 4987; x_wconf 56' lang='grc' dir='ltr'><strong>εειῖἰιήιῖιιοιιι</strong></span> <span class='ocrx_word' id='word_1_662' title='bbox 1546 4939 1668 4990; x_wconf 92' lang='lat' dir='ltr'><strong>cod.</strong></span> <span class='ocrx_word' id='word_1_663' title='bbox 1705 4936 1875 4992; x_wconf 82' lang='lat' dir='ltr'><strong>Valic.</strong></span> <span class='ocrx_word' id='word_1_664' title='bbox 1908 4937 2011 4992; x_wconf 77' lang='lat'><strong>650</strong></span> 
     </span>
    </p>
   </div>
   <div class='ocr_carea' id='block_1_91' title="bbox 444 4996 2012 5121">
    <p class='ocr_par' dir='ltr' id='par_1_91' title="bbox 444 4996 2012 5121">
     <span class='ocr_line' id='line_1_91' title="bbox 444 4996 2012 5076; baseline 0.008 -29"><span class='ocrx_word' id='word_1_665' title='bbox 444 4996 746 5069; x_wconf 77' lang='grc' dir='ltr'><strong>ήδωρήθην.</strong></span> <span class='ocrx_word' id='word_1_666' title='bbox 783 5000 936 5054; x_wconf 83' lang='lat' dir='ltr'><strong>Vers.</strong></span> <span class='ocrx_word' id='word_1_667' title='bbox 965 4996 1093 5057; x_wconf 80' lang='lat' dir='ltr'><strong>inde</strong></span> <span class='ocrx_word' id='word_1_668' title='bbox 1126 5002 1178 5067; x_wconf 72' lang='grc'><strong>4,</strong></span> <span class='ocrx_word' id='word_1_669' title='bbox 1210 5004 1352 5057; x_wconf 84' lang='lat' dir='ltr'><strong>inter</strong></span> <span class='ocrx_word' id='word_1_670' title='bbox 1396 5004 1572 5058; x_wconf 86' lang='grc' dir='ltr'><strong>πάντα</strong></span> <span class='ocrx_word' id='word_1_671' title='bbox 1600 5015 1655 5059; x_wconf 89' lang='lat' dir='ltr'><strong>et</strong></span> <span class='ocrx_word' id='word_1_672' title='bbox 1690 5006 1820 5076; x_wconf 72' lang='grc' dir='ltr'><strong>πρὶν</strong></span> <span class='ocrx_word' id='word_1_673' title='bbox 1866 5007 2012 5060; x_wconf 88' lang='lat' dir='ltr'><strong>inse-</strong></span> 
     </span>
     <span class='ocr_line' id='line_1_92' title="bbox 448 5068 905 5121; baseline 0.007 -2"><span class='ocrx_word' id='word_1_674' title='bbox 448 5070 518 5119; x_wconf 85' lang='lat' dir='ltr'><strong>rit</strong></span> <span class='ocrx_word' id='word_1_675' title='bbox 550 5069 660 5120; x_wconf 77' lang='grc' dir='ltr'><strong>καί.</strong></span> <span class='ocrx_word' id='word_1_676' title='bbox 698 5068 905 5121; x_wconf 77' lang='lat' dir='ltr'><strong>Possm.</strong></span> 
     </span>
    </p>
   </div>
   <div class='ocr_carea' id='block_1_92' title="bbox 448 5082 905 5123">
    <p class='ocr_par' dir='ltr' id='par_1_92' title="bbox 448 5082 905 5123">
     <span class='ocr_line' id='line_1_93' title="bbox 448 5082 905 5123; baseline 0.009 -4"><span class='ocrx_word' id='word_1_677' title='bbox 448 5082 518 5119; x_wconf 80' lang='lat' dir='ltr'><strong>I&#39;ll</strong></span> <span class='ocrx_word' id='word_1_678' title='bbox 550 5082 660 5120; x_wconf 78' lang='grc' dir='ltr'><strong>και.</strong></span> <span class='ocrx_word' id='word_1_679' title='bbox 698 5082 905 5123; x_wconf 69' lang='lat' dir='ltr'><strong>I&#39;OSSIN.</strong></span> 
     </span>
    </p>
   </div>
   <div class='ocr_carea' id='block_1_93' title="bbox 518 5135 2012 5214">
    <p class='ocr_par' dir='ltr' id='par_1_93' title="bbox 518 5135 2012 5214">
     <span class='ocr_line' id='line_1_94' title="bbox 518 5135 2012 5214; baseline 0.006 -26"><span class='ocrx_word' id='word_1_680' title='bbox 518 5135 631 5214; x_wconf 55' lang='lat'><strong>(95)</strong></span> <span class='ocrx_word' id='word_1_681' title='bbox 660 5136 805 5214; x_wconf 62' lang='lat' dir='ltr'><strong>inter</strong></span> <span class='ocrx_word' id='word_1_682' title='bbox 828 5140 964 5214; x_wconf 74' lang='grc' dir='ltr'><strong>οἴσει</strong></span> <span class='ocrx_word' id='word_1_683' title='bbox 993 5149 1048 5214; x_wconf 81' lang='lat' dir='ltr'><strong>et</strong></span> <span class='ocrx_word' id='word_1_684' title='bbox 1083 5135 1235 5211; x_wconf 73' lang='grc' dir='ltr'><strong>οἶμαι</strong></span> <span class='ocrx_word' id='word_1_685' title='bbox 1266 5140 1457 5197; x_wconf 85' lang='lat' dir='ltr'><strong>inserit</strong></span> <span class='ocrx_word' id='word_1_686' title='bbox 1507 5144 1646 5197; x_wconf 89' lang='lat' dir='ltr'><strong>idem</strong></span> <span class='ocrx_word' id='word_1_687' title='bbox 1684 5144 1809 5198; x_wconf 88' lang='lat' dir='ltr'><strong>cod.</strong></span> <span class='ocrx_word' id='word_1_688' title='bbox 1856 5143 1918 5195; x_wconf 79' lang='lat' dir='ltr'><strong>Et</strong></span> <span class='ocrx_word' id='word_1_689' title='bbox 1946 5143 2012 5214; x_wconf 76' lang='grc' dir='ltr'><strong>δὴ</strong></span> 
     </span>
    </p>
   </div>
   <div class='ocr_carea' id='block_1_94' title="bbox 448 5204 1899 5277">
    <p class='ocr_par' dir='ltr' id='par_1_94' title="bbox 448 5204 1899 5277">
     <span class='ocr_line' id='line_1_95' title="bbox 448 5204 1899 5277; baseline 0.007 -20"><span class='ocrx_word' id='word_1_690' title='bbox 448 5204 800 5270; x_wconf 76' lang='grc' dir='ltr'><strong>ταῦθ”οὐτως</strong></span> <span class='ocrx_word' id='word_1_691' title='bbox 827 5208 957 5277; x_wconf 75' lang='grc' dir='ltr'><strong>ἔχει.</strong></span> <span class='ocrx_word' id='word_1_692' title='bbox 996 5210 1072 5263; x_wconf 85' lang='lat' dir='ltr'><strong>lo.</strong></span> <span class='ocrx_word' id='word_1_693' title='bbox 1139 5204 1153 5211; x_wconf 76' lang='grc'><em>’</em></span> <span class='ocrx_word' id='word_1_694' title='bbox 1896 5262 1899 5267; x_wconf 89' lang='grc'><em>.</em></span> 
     </span>
    </p>
   </div>
   <div class='ocr_carea' id='block_1_95' title="bbox 522 5276 2013 5350">
    <p class='ocr_par' dir='ltr' id='par_1_95' title="bbox 522 5276 2013 5350">
     <span class='ocr_line' id='line_1_96' title="bbox 522 5276 2013 5350; baseline 0.006 -23"><span class='ocrx_word' id='word_1_695' title='bbox 522 5276 635 5344; x_wconf 80' lang='lat'><strong>(96)</strong></span> <span class='ocrx_word' id='word_1_696' title='bbox 653 5277 860 5350; x_wconf 72' lang='lat' dir='ltr'><strong>&#39;H_.rtepi</strong></span> <span class='ocrx_word' id='word_1_697' title='bbox 874 5276 990 5330; x_wconf 84' lang='grc' dir='ltr'><strong>τῶν</strong></span> <span class='ocrx_word' id='word_1_698' title='bbox 1002 5278 1263 5350; x_wconf 77' lang='grc' dir='ltr'><strong>ἀδήλων,</strong></span> <span class='ocrx_word' id='word_1_699' title='bbox 1281 5280 1378 5333; x_wconf 75' lang='grc' dir='ltr'><strong>καί</strong></span> <span class='ocrx_word' id='word_1_700' title='bbox 1389 5280 1696 5349; x_wconf 79' lang='grc' dir='ltr'><strong>μὴρᾳὄίως</strong></span> <span class='ocrx_word' id='word_1_701' title='bbox 1706 5282 1799 5335; x_wconf 78' lang='grc' dir='ltr'><strong>ἀνι</strong></span> <span class='ocrx_word' id='word_1_702' title='bbox 1807 5299 2013 5350; x_wconf 83' lang='grc' dir='ltr'><strong>χνευο-</strong></span> 
     </span>
    </p>
   </div>
   <div class='ocr_carea' id='block_1_96' title="bbox 448 5342 2017 5421">
    <p class='ocr_par' dir='ltr' id='par_1_96' title="bbox 448 5342 2017 5421">
     <span class='ocr_line' id='line_1_97' title="bbox 448 5342 2017 5421; baseline 0.008 -27"><span class='ocrx_word' id='word_1_703' title='bbox 448 5342 673 5421; x_wconf 39' lang='grc' dir='ltr'><strong>μένων-ἶ</strong></span> <span class='ocrx_word' id='word_1_704' title='bbox 710 5342 1326 5421; x_wconf 53' lang='lat' dir='ltr'><strong>De&#39;teuierariisatque</strong></span> <span class='ocrx_word' id='word_1_705' title='bbox 1372 5342 1760 5421; x_wconf 70' lang='lat' dir='ltr'><strong>intempestivis</strong></span> <span class='ocrx_word' id='word_1_706' title='bbox 1800 5342 2017 5421; x_wconf 74' lang='lat' dir='ltr'><strong>iudiciis</strong></span> 
     </span>
    </p>
   </div>
   <div class='ocr_carea' id='block_1_97' title="bbox 453 5415 2012 5489">
    <p class='ocr_par' dir='ltr' id='par_1_97' title="bbox 453 5415 2012 5489">
     <span class='ocr_line' id='line_1_98' title="bbox 453 5415 2012 5489; baseline 0.006 -26"><span class='ocrx_word' id='word_1_707' title='bbox 453 5416 704 5489; x_wconf 70' lang='lat' dir='ltr'><strong>cavendis</strong></span> <span class='ocrx_word' id='word_1_708' title='bbox 732 5415 1023 5489; x_wconf 67' lang='lat' dir='ltr'><strong>praeclare</strong></span> <span class='ocrx_word' id='word_1_709' title='bbox 1050 5415 1188 5471; x_wconf 88' lang='lat' dir='ltr'><strong>Beda</strong></span> <span class='ocrx_word' id='word_1_710' title='bbox 1236 5415 1255 5470; x_wconf 78' lang='grc' dir='ltr'>Ξ</span> <span class='ocrx_word' id='word_1_711' title='bbox 1306 5438 1324 5469; x_wconf 82' lang='grc' dir='ltr'><strong>ι</strong></span> <span class='ocrx_word' id='word_1_712' title='bbox 1366 5420 1505 5473; x_wconf 87' lang='lat' dir='ltr'><strong>Sunt</strong></span> <span class='ocrx_word' id='word_1_713' title='bbox 1541 5415 2012 5489; x_wconf 22' lang='lat' dir='ltr'><strong>&#39;autemAq&#39;uaedani</strong></span> 
     </span>
    </p>
   </div>
   <div class='ocr_carea' id='block_1_98' title="bbox 458 5478 2015 5558">
    <p class='ocr_par' dir='ltr' id='par_1_98' title="bbox 458 5478 2015 5558">
     <span class='ocr_line' id='line_1_99' title="bbox 458 5478 2015 5558; baseline 0.01 -29"><span class='ocrx_word' id='word_1_714' title='bbox 458 5478 595 5558; x_wconf 70' lang='lat' dir='ltr'><strong>facta</strong></span> <span class='ocrx_word' id='word_1_715' title='bbox 627 5478 825 5548; x_wconf 77' lang='lat' dir='ltr'><strong>media,</strong></span> <span class='ocrx_word' id='word_1_716' title='bbox 852 5499 972 5558; x_wconf 59' lang='lat' dir='ltr'><strong>quas</strong></span> <span class='ocrx_word' id='word_1_717' title='bbox 1000 5485 1341 5558; x_wconf 74' lang='lat' dir='ltr'><strong>ignoramus,</strong></span> <span class='ocrx_word' id='word_1_718' title='bbox 1374 5503 1480 5556; x_wconf 88' lang='lat' dir='ltr'><strong>quo</strong></span> <span class='ocrx_word' id='word_1_719' title='bbox 1521 5490 1702 5542; x_wconf 88' lang='lat' dir='ltr'><strong>animo</strong></span> <span class='ocrx_word' id='word_1_720' title='bbox 1732 5478 1865 5543; x_wconf 72' lang='lat' dir='ltr'><strong>[iant</strong></span> <span class='ocrx_word' id='word_1_721' title='bbox 1894 5504 2015 5558; x_wconf 67' lang='lat' dir='ltr'><strong>qua:</strong></span> 
     </span>
    </p>
   </div>
   <div class='ocr_carea' id='block_1_99' title="bbox 458 5549 2013 5627">
    <p class='ocr_par' dir='ltr' id='par_1_99' title="bbox 458 5549 2013 5627">
     <span class='ocr_line' id='line_1_100' title="bbox 458 5549 2013 5627; baseline 0.008 -28"><span class='ocrx_word' id='word_1_722' title='bbox 458 5554 513 5599; x_wconf 71' lang='lat' dir='ltr'><strong>et</strong></span> <span class='ocrx_word' id='word_1_723' title='bbox 540 5549 677 5604; x_wconf 87' lang='lat' dir='ltr'><strong>bono</strong></span> <span class='ocrx_word' id='word_1_724' title='bbox 714 5561 769 5607; x_wconf 87' lang='lat' dir='ltr'><strong>et</strong></span> <span class='ocrx_word' id='word_1_725' title='bbox 808 5549 948 5607; x_wconf 77' lang='lat' dir='ltr'><strong>malo</strong></span> <span class='ocrx_word' id='word_1_726' title='bbox 992 5549 1104 5609; x_wconf 77' lang='lat' dir='ltr'><strong>tiéri</strong></span> <span class='ocrx_word' id='word_1_727' title='bbox 1137 5549 1406 5624; x_wconf 56' lang='lat' dir='ltr'><strong>possuntz&#39;</strong></span> <span class='ocrx_word' id='word_1_728' title='bbox 1444 5559 1510 5612; x_wconf 92' lang='lat' dir='ltr'><strong>de</strong></span> <span class='ocrx_word' id='word_1_729' title='bbox 1557 5560 1750 5627; x_wconf 85' lang='lat' dir='ltr'><strong>quibus</strong></span> <span class='ocrx_word' id='word_1_730' title='bbox 1782 5549 2013 5613; x_wconf 48' lang='lat' dir='ltr'><strong>teme-ra-</strong></span> 
     </span>
    </p>
   </div>
   <div class='ocr_carea' id='block_1_100' title="bbox 2120 4531 3676 4608">
    <p class='ocr_par' dir='ltr' id='par_1_100' title="bbox 2120 4531 3676 4608">
     <span class='ocr_line' id='line_1_101' title="bbox 2120 4531 3676 4608; baseline 0.01 -30"><span class='ocrx_word' id='word_1_731' title='bbox 2120 4540 2284 4608; x_wconf 64' lang='lat' dir='ltr'><strong>mea:</strong></span> <span class='ocrx_word' id='word_1_732' title='bbox 2323 4546 2342 4579; x_wconf 83' lang='grc' dir='ltr'><strong>ι</strong></span> <span class='ocrx_word' id='word_1_733' title='bbox 2380 4531 2491 4583; x_wconf 89' lang='lat' dir='ltr'><strong>Duo</strong></span> <span class='ocrx_word' id='word_1_734' title='bbox 2514 4540 2647 4608; x_wconf 73' lang='lat' dir='ltr'><strong>sunt</strong></span> <span class='ocrx_word' id='word_1_735' title='bbox 2684 4542 2862 4587; x_wconf 86' lang='lat' dir='ltr'><strong>autem</strong></span> <span class='ocrx_word' id='word_1_736' title='bbox 2907 4534 2959 4587; x_wconf 90' lang='lat' dir='ltr'><strong>in</strong></span> <span class='ocrx_word' id='word_1_737' title='bbox 2991 4537 3186 4608; x_wconf 84' lang='lat' dir='ltr'><strong>quibus</strong></span> <span class='ocrx_word' id='word_1_738' title='bbox 3224 4542 3565 4594; x_wconf 86' lang='lat' dir='ltr'><strong>temerarium</strong></span> <span class='ocrx_word' id='word_1_739' title='bbox 3594 4541 3676 4608; x_wconf 83' lang='lat' dir='ltr'><strong>ju-</strong></span> 
     </span>
    </p>
   </div>
   <div class='ocr_carea' id='block_1_101' title="bbox 2119 4595 3677 4682">
    <p class='ocr_par' dir='ltr' id='par_1_101' title="bbox 2119 4595 3677 4682">
     <span class='ocr_line' id='line_1_102' title="bbox 2119 4595 3677 4682; baseline 0.008 -32"><span class='ocrx_word' id='word_1_740' title='bbox 2119 4595 2323 4679; x_wconf 39' lang='lat' dir='ltr'><strong>dicium.</strong></span> <span class='ocrx_word' id='word_1_741' title='bbox 2346 4611 2537 4682; x_wconf 70' lang='lat' dir='ltr'><strong>cavere</strong></span> <span class='ocrx_word' id='word_1_742' title='bbox 2565 4601 2822 4682; x_wconf 78' lang='lat' dir='ltr'><strong>debemus</strong></span> <span class='ocrx_word' id='word_1_743' title='bbox 2846 4617 2860 4653; x_wconf 88' lang='lat'><strong>:</strong></span> <span class='ocrx_word' id='word_1_744' title='bbox 2889 4595 3298 4682; x_wconf 65' lang='lat' dir='ltr'><strong>cnm&#39;incertum</strong></span> <span class='ocrx_word' id='word_1_745' title='bbox 3332 4618 3416 4662; x_wconf 90' lang='lat' dir='ltr'><strong>est</strong></span> <span class='ocrx_word' id='word_1_746' title='bbox 3444 4625 3551 4677; x_wconf 91' lang='lat' dir='ltr'><strong>quo</strong></span> <span class='ocrx_word' id='word_1_747' title='bbox 3571 4595 3677 4663; x_wconf 60' lang='lat' dir='ltr'><strong>a&#39;ni-</strong></span> 
     </span>
    </p>
   </div>
   <div class='ocr_carea' id='block_1_102' title="bbox 2119 4667 3677 4816">
    <p class='ocr_par' dir='ltr' id='par_1_102' title="bbox 2119 4667 3677 4816">
     <span class='ocr_line' id='line_1_103' title="bbox 2119 4667 3676 4747; baseline 0.01 -30"><span class='ocrx_word' id='word_1_748' title='bbox 2119 4679 2210 4718; x_wconf 90' lang='lat' dir='ltr'><strong>mo</strong></span> <span class='ocrx_word' id='word_1_749' title='bbox 2235 4667 2468 4735; x_wconf 90' lang='lat' dir='ltr'><strong>quidque</strong></span> <span class='ocrx_word' id='word_1_750' title='bbox 2498 4668 2696 4724; x_wconf 81' lang='lat' dir='ltr'><strong>factum</strong></span> <span class='ocrx_word' id='word_1_751' title='bbox 2730 4672 2822 4735; x_wconf 85' lang='lat' dir='ltr'><strong>sit,</strong></span> <span class='ocrx_word' id='word_1_752' title='bbox 2848 4672 2930 4725; x_wconf 90' lang='lat' dir='ltr'><strong>vel</strong></span> <span class='ocrx_word' id='word_1_753' title='bbox 2965 4687 3086 4726; x_wconf 92' lang='lat' dir='ltr'><strong>cum</strong></span> <span class='ocrx_word' id='word_1_754' title='bbox 3117 4676 3378 4730; x_wconf 88' lang='lat' dir='ltr'><strong>incertum</strong></span> <span class='ocrx_word' id='word_1_755' title='bbox 3408 4667 3511 4743; x_wconf 59' lang='lat' dir='ltr'><strong>es&#39;t,</strong></span> <span class='ocrx_word' id='word_1_756' title='bbox 3548 4696 3676 4747; x_wconf 84' lang='lat' dir='ltr'><strong>qua-</strong></span> 
     </span>
     <span class='ocr_line' id='line_1_104' title="bbox 2120 4732 3677 4816; baseline 0.01 -31"><span class='ocrx_word' id='word_1_757' title='bbox 2120 4732 2195 4816; x_wconf 80' lang='lat' dir='ltr'><strong>lis</strong></span> <span class='ocrx_word' id='word_1_758' title='bbox 2214 4732 2426 4816; x_wconf 77' lang='lat' dir='ltr'><strong>futurus</strong></span> <span class='ocrx_word' id='word_1_759' title='bbox 2455 4738 2849 4816; x_wconf 82' lang='lat' dir='ltr'><strong>sit_,_qui_nunc</strong></span> <span class='ocrx_word' id='word_1_760' title='bbox 2876 4742 2958 4795; x_wconf 89' lang='lat' dir='ltr'><strong>vel</strong></span> <span class='ocrx_word' id='word_1_761' title='bbox 2988 4744 3157 4816; x_wconf 85' lang='lat' dir='ltr'><strong>bonus</strong></span> <span class='ocrx_word' id='word_1_762' title='bbox 3192 4746 3272 4799; x_wconf 86' lang='lat' dir='ltr'><strong>vel</strong></span> <span class='ocrx_word' id='word_1_763' title='bbox 3311 4747 3484 4801; x_wconf 88' lang='lat' dir='ltr'><strong>malus</strong></span> <span class='ocrx_word' id='word_1_764' title='bbox 3517 4763 3677 4816; x_wconf 83' lang='lat' dir='ltr'><strong>appa-</strong></span> 
     </span>
    </p>
   </div>
   <div class='ocr_carea' id='block_1_103' title="bbox 2121 4805 3677 4876">
    <p class='ocr_par' dir='ltr' id='par_1_103' title="bbox 2121 4805 3677 4876">
     <span class='ocr_line' id='line_1_105' title="bbox 2121 4805 3677 4876; baseline 0.008 -19"><span class='ocrx_word' id='word_1_765' title='bbox 2121 4812 2222 4858; x_wconf 89' lang='lat' dir='ltr'><strong>ret.</strong></span> <span class='ocrx_word' id='word_1_766' title='bbox 2248 4822 2280 4876; x_wconf 64' lang='grc' dir='ltr'><strong>Δι</strong></span> <span class='ocrx_word' id='word_1_767' title='bbox 2305 4805 2633 4873; x_wconf 83' lang='lat' dir='ltr'><strong>Admonitio,</strong></span> <span class='ocrx_word' id='word_1_768' title='bbox 2662 4808 2705 4862; x_wconf 91' lang='lat' dir='ltr'><strong>si</strong></span> <span class='ocrx_word' id='word_1_769' title='bbox 2742 4823 2999 4876; x_wconf 90' lang='lat' dir='ltr'><strong>unquam,</strong></span> <span class='ocrx_word' id='word_1_770' title='bbox 3044 4811 3144 4866; x_wconf 90' lang='lat' dir='ltr'><strong>hoc</strong></span> <span class='ocrx_word' id='word_1_771' title='bbox 3184 4824 3332 4869; x_wconf 92' lang='lat' dir='ltr'><strong>certe</strong></span> <span class='ocrx_word' id='word_1_772' title='bbox 3372 4805 3677 4870; x_wconf 46' lang='lat' dir='ltr'><strong>saeculo&#39;vel</strong></span> 
     </span>
    </p>
   </div>
   <div class='ocr_carea' id='block_1_104' title="bbox 2118 4873 3675 4955">
    <p class='ocr_par' dir='ltr' id='par_1_104' title="bbox 2118 4873 3675 4955">
     <span class='ocr_line' id='line_1_106' title="bbox 2118 4873 3675 4955; baseline 0.008 -30"><span class='ocrx_word' id='word_1_773' title='bbox 2118 4873 2353 4955; x_wconf 57' lang='lat' dir='ltr'><strong>maxime</strong></span> <span class='ocrx_word' id='word_1_774' title='bbox 2401 4879 2745 4955; x_wconf 80' lang='lat' dir='ltr'><strong>_uecessaria.</strong></span> <span class='ocrx_word' id='word_1_775' title='bbox 2808 4873 3017 4933; x_wconf 79' lang='lat' dir='ltr'><strong>Similia</strong></span> <span class='ocrx_word' id='word_1_776' title='bbox 3080 4881 3199 4938; x_wconf 85' lang='lat' dir='ltr'><strong>vide</strong></span> <span class='ocrx_word' id='word_1_777' title='bbox 3249 4885 3390 4953; x_wconf 88' lang='lat' dir='ltr'><strong>apud</strong></span> <span class='ocrx_word' id='word_1_778' title='bbox 3449 4886 3675 4955; x_wconf 82' lang='lat' dir='ltr'><strong>Gregnr.</strong></span> 
     </span>
    </p>
   </div>
   <div class='ocr_carea' id='block_1_105' title="bbox 2116 4940 2563 4999">
    <p class='ocr_par' dir='ltr' id='par_1_105' title="bbox 2116 4940 2563 4999">
     <span class='ocr_line' id='line_1_107' title="bbox 2116 4940 2563 4999; baseline 0.009 -4"><span class='ocrx_word' id='word_1_779' title='bbox 2116 4940 2372 4996; x_wconf 84' lang='lat' dir='ltr'><strong>Nazianz.</strong></span> <span class='ocrx_word' id='word_1_780' title='bbox 2401 4942 2563 4999; x_wconf 71' lang='lat' dir='ltr'><strong>lti&#39;r&#39;r.</strong></span> 
     </span>
    </p>
   </div>
   <div class='ocr_carea' id='block_1_106' title="bbox 2191 5012 3683 5093">
    <p class='ocr_par' dir='ltr' id='par_1_106' title="bbox 2191 5012 3683 5093">
     <span class='ocr_line' id='line_1_108' title="bbox 2191 5012 3683 5093; baseline 0.011 -30"><span class='ocrx_word' id='word_1_781' title='bbox 2191 5012 2304 5093; x_wconf 78' lang='lat'><strong>(97)</strong></span> <span class='ocrx_word' id='word_1_782' title='bbox 2347 5014 3409 5093; x_wconf 17' lang='grc' dir='ltr'><strong>Ἀδιαφόριιννρρωμμάτων.ρθςρηάιιηὶί</strong></span> <span class='ocrx_word' id='word_1_783' title='bbox 3451 5023 3589 5079; x_wconf 75' lang='lat' dir='ltr'><strong>forte</strong></span> <span class='ocrx_word' id='word_1_784' title='bbox 3627 5032 3683 5079; x_wconf 88' lang='lat' dir='ltr'><strong>et</strong></span> 
     </span>
    </p>
   </div>
   <div class='ocr_carea' id='block_1_107' title="bbox 2117 5080 3472 5161">
    <p class='ocr_par' dir='ltr' id='par_1_107' title="bbox 2117 5080 3472 5161">
     <span class='ocr_line' id='line_1_109' title="bbox 2117 5080 3472 5161; baseline 0.01 -28"><span class='ocrx_word' id='word_1_785' title='bbox 2117 5080 2547 5161; x_wconf 34' lang='lat' dir='ltr'><strong>dis;t‘iugtt§utlttiii</strong></span> <span class='ocrx_word' id='word_1_786' title='bbox 2573 5080 2671 5161; x_wconf 76' lang='lat' dir='ltr'><strong>ita,</strong></span> <span class='ocrx_word' id='word_1_787' title='bbox 2700 5080 3024 5161; x_wconf 63' lang='grc' dir='ltr'><strong>ἀδιαῲόρων,</strong></span> <span class='ocrx_word' id='word_1_788' title='bbox 3051 5080 3367 5161; x_wconf 31' lang='grc' dir='ltr'><strong>οἷοννβ-ρωμ.</strong></span> <span class='ocrx_word' id='word_1_789' title='bbox 3393 5092 3472 5147; x_wconf 80' lang='lat' dir='ltr'><strong>In.</strong></span> 
     </span>
    </p>
   </div>
   <div class='ocr_carea' id='block_1_108' title="bbox 2190 5149 3680 5230">
    <p class='ocr_par' dir='ltr' id='par_1_108' title="bbox 2190 5149 3680 5230">
     <span class='ocr_line' id='line_1_110' title="bbox 2190 5149 3680 5230; baseline 0.007 -22"><span class='ocrx_word' id='word_1_790' title='bbox 2190 5149 2302 5219; x_wconf 84' lang='grc'><strong>(98)</strong></span> <span class='ocrx_word' id='word_1_791' title='bbox 2347 5150 2666 5230; x_wconf 45' lang='grc' dir='ltr'><strong>Τῷλιανόνι</strong></span> <span class='ocrx_word' id='word_1_792' title='bbox 2713 5149 3469 5230; x_wconf 45' lang='grc' dir='ltr'><strong>τῆς-⁷ᾄλῃθείαςξίηιὸηἰείι</strong></span> <span class='ocrx_word' id='word_1_793' title='bbox 3522 5162 3680 5217; x_wconf 87' lang='lat' dir='ltr'><strong>Chri-</strong></span> 
     </span>
    </p>
   </div>
   <div class='ocr_carea' id='block_1_109' title="bbox 2118 5220 3685 5300">
    <p class='ocr_par' dir='ltr' id='par_1_109' title="bbox 2118 5220 3685 5300">
     <span class='ocr_line' id='line_1_111' title="bbox 2118 5220 3685 5300; baseline 0.01 -29"><span class='ocrx_word' id='word_1_794' title='bbox 2118 5230 2283 5298; x_wconf 83' lang='lat' dir='ltr'><strong>stum,</strong></span> <span class='ocrx_word' id='word_1_795' title='bbox 2311 5222 2397 5300; x_wconf 80' lang='lat' dir='ltr'><strong>cui</strong></span> <span class='ocrx_word' id='word_1_796' title='bbox 2423 5220 2585 5276; x_wconf 86' lang='lat' dir='ltr'><strong>Pater</strong></span> <span class='ocrx_word' id='word_1_797' title='bbox 2613 5220 3051 5300; x_wconf 22' lang='lat' dir='ltr'><strong>onlne’judicium</strong></span> <span class='ocrx_word' id='word_1_798' title='bbox 3081 5220 3300 5300; x_wconf 77' lang='lat' dir='ltr'><strong>tradidit</strong></span> <span class='ocrx_word' id='word_1_799' title='bbox 3328 5248 3341 5300; x_wconf 68' lang='grc' dir='ltr'><strong><em>ς</em></strong></span> <span class='ocrx_word' id='word_1_800' title='bbox 3373 5220 3572 5300; x_wconf 73' lang='grc' dir='ltr'><strong>(ι”ιιίῳιε</strong></span> <span class='ocrx_word' id='word_1_801' title='bbox 3601 5241 3685 5286; x_wconf 90' lang='lat' dir='ltr'><strong>est</strong></span> 
     </span>
    </p>
   </div>
   <div class='ocr_carea' id='block_1_110' title="bbox 2114 5293 3685 5364">
    <p class='ocr_par' dir='ltr' id='par_1_110' title="bbox 2114 5293 3685 5364">
     <span class='ocr_line' id='line_1_112' title="bbox 2114 5293 3685 5364; baseline 0.01 -24"><span class='ocrx_word' id='word_1_802' title='bbox 2114 5294 2219 5352; x_wconf 89' lang='lat' dir='ltr'><strong>via,</strong></span> <span class='ocrx_word' id='word_1_803' title='bbox 2261 5293 2459 5364; x_wconf 81' lang='lat' dir='ltr'><strong>veritas</strong></span> <span class='ocrx_word' id='word_1_804' title='bbox 2504 5303 2559 5346; x_wconf 89' lang='lat' dir='ltr'><strong>et</strong></span> <span class='ocrx_word' id='word_1_805' title='bbox 2601 5293 2728 5345; x_wconf 89' lang='lat' dir='ltr'><strong>vita.</strong></span> <span class='ocrx_word' id='word_1_806' title='bbox 2774 5295 2912 5348; x_wconf 82' lang='lat' dir='ltr'><strong>Alibi</strong></span> <span class='ocrx_word' id='word_1_807' title='bbox 2959 5310 3168 5349; x_wconf 85' lang='lat' dir='ltr'><strong>sacram</strong></span> <span class='ocrx_word' id='word_1_808' title='bbox 3221 5293 3555 5364; x_wconf 74' lang='lat' dir='ltr'><strong>Scripiurain</strong></span> <span class='ocrx_word' id='word_1_809' title='bbox 3606 5302 3685 5355; x_wconf 91' lang='lat' dir='ltr'><strong>sic</strong></span> 
     </span>
    </p>
   </div>
   <div class='ocr_carea' id='block_1_111' title="bbox 2114 5360 3682 5430">
    <p class='ocr_par' dir='ltr' id='par_1_111' title="bbox 2114 5360 3682 5430">
     <span class='ocr_line' id='line_1_113' title="bbox 2114 5360 3682 5430; baseline 0.008 -22"><span class='ocrx_word' id='word_1_810' title='bbox 2114 5366 2288 5422; x_wconf 87' lang='lat' dir='ltr'><strong>vocat,</strong></span> <span class='ocrx_word' id='word_1_811' title='bbox 2323 5360 2572 5414; x_wconf 89' lang='lat' dir='ltr'><strong>nimirum</strong></span> <span class='ocrx_word' id='word_1_812' title='bbox 2622 5364 2746 5430; x_wconf 87' lang='lat' dir='ltr'><strong>quia</strong></span> <span class='ocrx_word' id='word_1_813' title='bbox 2796 5364 2909 5418; x_wconf 71' lang='lat' dir='ltr'><strong>haec</strong></span> <span class='ocrx_word' id='word_1_814' title='bbox 2940 5368 3005 5419; x_wconf 90' lang='lat' dir='ltr'><strong>de</strong></span> <span class='ocrx_word' id='word_1_815' title='bbox 3043 5364 3261 5419; x_wconf 88' lang='lat' dir='ltr'><strong>Christo</strong></span> <span class='ocrx_word' id='word_1_816' title='bbox 3316 5360 3682 5423; x_wconf 81' lang='lat' dir='ltr'><strong>testimonium</strong></span> 
     </span>
    </p>
   </div>
   <div class='ocr_carea' id='block_1_112' title="bbox 2114 5430 3686 5504">
    <p class='ocr_par' dir='ltr' id='par_1_112' title="bbox 2114 5430 3686 5504">
     <span class='ocr_line' id='line_1_114' title="bbox 2114 5430 3686 5504; baseline 0.009 -26"><span class='ocrx_word' id='word_1_817' title='bbox 2114 5430 2361 5504; x_wconf 75' lang='lat' dir='ltr'><strong>perbibet</strong></span> <span class='ocrx_word' id='word_1_818' title='bbox 2388 5444 2448 5483; x_wconf 89' lang='lat' dir='ltr'><strong>ac</strong></span> <span class='ocrx_word' id='word_1_819' title='bbox 2474 5433 2665 5504; x_wconf 76' lang='lat' dir='ltr'><strong>salutis</strong></span> <span class='ocrx_word' id='word_1_820' title='bbox 2698 5447 2793 5501; x_wconf 87' lang='lat' dir='ltr'><strong>per</strong></span> <span class='ocrx_word' id='word_1_821' title='bbox 2830 5434 3000 5502; x_wconf 88' lang='lat' dir='ltr'><strong>ipsum</strong></span> <span class='ocrx_word' id='word_1_822' title='bbox 3028 5438 3421 5504; x_wconf 78' lang='lat' dir='ltr'><strong>consequenda:</strong></span> <span class='ocrx_word' id='word_1_823' title='bbox 3445 5438 3587 5492; x_wconf 84' lang='lat' dir='ltr'><strong>viam</strong></span> <span class='ocrx_word' id='word_1_824' title='bbox 3622 5452 3686 5492; x_wconf 81' lang='lat' dir='ltr'><strong>ac</strong></span> 
     </span>
    </p>
   </div>
   <div class='ocr_carea' id='block_1_113' title="bbox 2116 5498 2695 5555">
    <p class='ocr_par' dir='ltr' id='par_1_113' title="bbox 2116 5498 2695 5555">
     <span class='ocr_line' id='line_1_115' title="bbox 2116 5498 2695 5555; baseline 0.012 -7"><span class='ocrx_word' id='word_1_825' title='bbox 2116 5498 2374 5553; x_wconf 85' lang='lat' dir='ltr'><strong>rationem</strong></span> <span class='ocrx_word' id='word_1_826' title='bbox 2400 5503 2583 5555; x_wconf 85' lang='lat' dir='ltr'><strong>tradit.</strong></span> <span class='ocrx_word' id='word_1_827' title='bbox 2621 5500 2695 5555; x_wconf 83' lang='lat' dir='ltr'><strong>In.</strong></span> 
     </span>
    </p>
   </div>
  </div>
