4042 6146
458 252 587 319 115⁵1

1402 252 1935 313 EPISTOLARUM
1966 251 2113 313 LIB.
2159 250 2258 312 IV.
2301 272 2370 282 —
2396 249 2631 308 EPIST.
2678 247 2865 311 XCVI.

3562 251 3698 317 1158

441 373 497 417 et
524 360 686 431 ejecit
710 374 773 416 ex
807 360 1071 425 Ecclesia,
1101 372 1153 417 et
1184 362 1385 432 ejicere
1417 366 1711 420 mandavit.
1737 367 1807 419 At
1852 365 1919 419 de
1975 363 2136 418 rebus
2184 361 2420 418 occultis
2464 361 2982 428 exspectarejussit.
3018 362 3203 427 'quoad
3261 365 3466 417 venerit
3517 365 3694 419 Domi'

443 466 569 505 nus.
610 451 919 506 Absurdum
953 452 1097 506 enim
1138 463 1225 509 est
1278 455 1476 524 judicis
1500 456 1814 524 dignitatem
1882 470 1947 510 ac
2006 469 2205 508 munus
2279 453 2523 521 arripere
2577 459 2740 519 atque
2803 452 3057 504 invadere
3120 454 3276 519 velle,
3326 464 3379 507 et
3429 454 3692 509 calculum

440 545 648 615 absque
674 544 878 613 judicio
912 545 1091 609 ferre,
1143 557 1200 601 et
1240 563 1348 602 non
1396 550 1716 616 permittere
1749 564 1870 605 eum
1923 548 2121 618 regulae
2146 547 2410 601 veritatis.

725 657 850 712 PE'.
883 687 954 700 —
986 660 1221 731 ΠΑΥΛῼ
1266 661 1738 732 ΠΡΕΣΒΥΤΕΡῼ.

528 751 636 816 Εἰς
666 749 756 818 τὸ,
789 769 809 803 ι
852 750 957 806 Διὰ
984 752 1041 806 τί
1071 754 1208 820 οὐχὶ
1234 752 1478 835 μᾶλλον
1509 752 1851 815 ἀδικεῖσθε;
1888 770 1909 804 ι

511 923 577 976 Εἰ
615 922 709 977 καί
745 941 851 989 τις,
890 923 967 988 ὡς
1023 925 1326 997 γέγραφας,
1377 927 1478 997 τὴν
1526 926 1706 997 ψυχὴν
1753 926 2018 998 ἐπιθυμίᾳ

2403 634 2568 690 XCV.
2595 667 2664 678 —
2686 633 2916 691 PAULO
2939 633 3408 691 PRESBYTERO.
3514 650 3515 653 ‘

2115 726 2182 781 In
2215 727 2349 781 illud
2375 726 2533 780 Pauli
2570 727 2794 791 dictum,
2842 726 3080 798 «Quare
3110 743 3214 780 non
3238 729 3405 798 magis
3432 728 3687 796 injuriam

2699 796 2947 865 patimini
2979 796 3063 849 “?
3099 815 3118 848 ι

2195 923 2540 991 Quanquam,
2573 932 2631 978 ut
2676 925 2963 994 scripsisti,
3008 926 3227 995 quidam
3266 937 3369 993 est,
3412 929 3503 997 qui
3553 931 3673 984 ani-

439 1016 550 1070 τῶν
568 1015 863 1087 ἀλλοτρίων
910 1016 989 1079 είς
1023 1017 1283 1071 ἀπόνοιαν
1327 1017 1717 1091 ἐρεθίζει(99),
1761 1019 1822 1071 οὐ
1860 1019 2002 1089 μόνοι

2127 1029 2276 1067 mum
2304 1028 2460 1067 suum
2492 1014 2785 1083 cupiditate
2822 1031 3002 1070 rerum
3046 1017 3343 1071 alienarum
3382 1021 3448 1074 ad
3492 1034 3687 1076 vecor-

438 1109 663 1173 ἀδικεῖν,
688 1108 822 1161 ἀλλὰ
854 1109 950 1162 καὶ
996 1107 1256 1180 φλυαρεῖν
1296 1107 1605 1177 διεγνωκώς
1627 1126 1641 1140 ·
1678 1109 2013 1178 Γέγραπται·

445 1215 467 1251 ι
499 1198 598 1252 Διὰ
627 1198 681 1250 τί
723 1198 845 1269 οὐχὶ
902 1198 1102 1269 μᾶλλον
1158 1198 1471 1264 ἀδικεῖσθε;
1530 1217 1549 1251 ι
1587 1199 1850 1265 ἀκουέτω,
1876 1197 1930 1251 sl!
1949 1215 2014 1267 γε

437 1282 552 1342 ὦτα
583 1288 718 1359 ἔχει,
742 1291 836 1342 κα)⁸
877 1289 951 1360 μὴ
975 1288 1146 1343 ταῦτα
1173 1290 1208 1356 ὴ
1249 1288 1650 1361 φιλοχρηματία
1678 1288 2010 1361 ἀπέφραξεν,

436 1378 521 1432 ὅτι
548 1379 611 1431 Εί
660 1378 932 1432 καὶτοῦτο
965 1379 1090 1450 ἐμοὶ
1115 1379 1446 1450 γέγραπται,
1470 1380 1551 1431 σοὶ
1590 1378 1651 1431 οὐ
1698 1378 2010 1449 γέγραπται

435 1470 779 1541 ἀποστερεῖν.
812 1469 905 1541 Μὴ
935 1470 1114 1525 τοίνυν
1141 1489 1224 1524 σοι
1249 1470 1480 1540 γινέσθω
1523 1468 1833 1534 πλεονεξίας
1875 1470 2014 1541 πρό-

436 1580 600 1632 φασις
638 1564 671 1632 ὴ
704 1562 1035 1633 ἀποστολικὴ
1065 1562 1386 1633 παραίνεσις
1416 1578 1432 1595 ο
1473 1560 1596 1631 μηδ’
1643 1560 1833 1629 ἐπειδὴ
1866 1577 2013 1630 παρ-

434 1652 627 1723 ῄνεσεν
649 1653 773 1723 ἐμοὶ
797 1652 1236 1723 ἀποστερεῖσθαι,
1262 1652 1343 1705 σοὶ
1363 1650 1547 1723 χώραν
1568 1651 1753 1723 νόμιζε
1769 1650 2013 1704 δεδόσθαι

433 1743 531 1797 τοῦ
569 1743 773 1797 ἀδικεῖν
796 1758 811 1775 ο
849 1744 971 1813 ἐμοὶ⁵
1001 1742 1110 1814 γάρ
1138 1743 1409 1815 σωτηρίαν
1438 1742 1498 1795 τὸ
1547 1741 1851 1796 ἀδικεῖσθαι
1875 1782 1890 1808 ,
1928 1742 2012 1795 σοὶ⁸

433 1833 493 1888 δὲ
525 1833 791 1904 τιμωρίαν
819 1834 880 1887 τὸ
904 1835 1247 1906 ἀποστερεῖν,
1284 1834 1541 1906 φέρει[ν].

2121 1105 2264 1158 diam
2299 1104 2520 1170 titillat,
2568 1121 2674 1158 non
2719 1106 2891 1160 solum
2930 1108 3113 1176 inique
3156 1124 3317 1174 agere
3355 1124 3419 1164 ac
3467 1110 3686 1166 defrau-

2118 1195 2250 1249 dare
2290 1194 2445 1260 alios,
2482 1210 2669 1250 verum
2696 1197 2858 1251 etiam
2887 1198 2974 1268 (ad
3002 1198 3368 1254 defensionem
3393 1199 3522 1256 facti
3545 1203 3685 1273 ejus)

2116 1285 2306 1353 nugari
2356 1295 2561 1341 certum
2592 1302 2655 1340 ac
2703 1287 3057 1343 deliberatum
3104 1290 3353 1345 habens:
3406 1291 3681 1363 Scriptum

2122 1384 2214 1430 est
2243 1376 2465 1447 (inquit)
2509 1396 2523 1431 :
2567 1395 2587 1429 ι
2624 1376 2805 1443 Quare
2858 1392 2962 1433 non
3017 1382 3188 1450 magis
3245 1382 3498 1452 injuriam
3543 1385 3685 1453 pati-

2120 1466 2291 1520 mini?
2347 1485 2367 1519 ι
2416 1476 2595 1522 tamen
2644 1469 2858 1533 audiat,
2902 1470 3061 1523 modo
3105 1486 3264 1525 aures
3312 1472 3544 1540 habeat,
3584 1487 3685 1527 nec

2130 1557 2228 1612 has
2260 1558 2487 1611 avaritia
2513 1558 2806 1613 obstruxit.
2836 1559 3094 1624 Quamvis
3122 1562 3263 1614 enim
3299 1562 3400 1617 hoc
3424 1564 3683 1631 scriptum

2124 1648 2218 1715 sit,
2244 1656 2301 1701 at
2329 1647 2425 1702 tibi
2457 1663 2562 1703 non
2585 1658 2669 1703 est
2701 1650 2960 1719 scriptum
2994 1660 3089 1704 aut
3124 1663 3477 1721 praaceptum,
3507 1665 3568 1708 ut
3598 1670 3686 1710 me

2116 1737 2296 1810 (alios)
2329 1752 2388 1791 re
2412 1738 2728 1794 defraudes.
2766 1739 2947 1805 Quare
2974 1755 3042 1794 ne
3075 1741 3168 1797 tibi
3199 1743 3503 1811 iniquitatis
3539 1760 3676 1813 prae-

2116 1841 2293 1887 textus
2326 1832 2418 1885 fiat
2460 1830 2757 1901 apostolica
2783 1831 3082 1888 admonitio
3109 1851 3123 1888 :
3169 1849 3344 1904 neque
3379 1836 3523 1903 ideo,
3556 1836 3682 1904 quia

438 1931 570 1985 mihi
624 1940 811 1985 auctor
862 1930 963 1984 fuit
1021 1941 1100 1997 ut,
1142 1946 1299 2000 aequo
1346 1932 1528 1985 animo
1564 1940 1781 2001 paterer
1822 1942 1909 1982 me
1947 1926 2278 1992 defraudari,
2342 1935 2397 1981 tu
2453 1925 2553 1980 tibi
2617 1926 2793 1979 locum
2824 1940 2945 1981 esse
2999 1930 3184 1981 datum
3239 1929 3423 1999 inique
3490 1930 3682 2001 agendi

435 2024 710 2097 existima.
738 2025 869 2079 Nam
896 2035 955 2079 ut
980 2025 1110 2080 mihi
1136 2026 1363 2081 salutem
1393 2024 1549 2079 affert
1603 2022 1853 2093 injuriam
1912 2036 2068 2092 aequo
2099 2021 2280 2077 animo
2332 2020 2608 2086 tolerare,
2678 2019 2750 2074 ita
2796 2033 2828 2074 e
2861 2023 3135 2076 contrario
3184 2019 3275 2076 tibi
3344 2021 3682 2077 defraudatio

435 2120 751 2188 supplicium
780 2119 945 2189 parit.

610 2235 739 2301 ιιςι.
776 2264 845 2274 -
864 2234 1222 2304 ΜΑΡΤΙΑΝῼ
1253 2233 1329 2304 (l)
1362 2233 1835 2303 ΠΡΕΣΒΥΤΕΡῼ.

431 2324 573 2395 Περὶ
621 2324 878 2393 Ἡρώδου
905 2324 1040 2395 ,τοῦ
1066 2394 1069 2395 ν
1093 2325 1446 2395 τετράρχου,
1471 2327 1571 2386 καὶ
1608 2325 1717 2381 τοῦ
1792 2327 2009 2381 Barru-

780 2393 952 2460 σ’τοῦ,
980 2394 1079 2454 καί
1114 2393 1226 2463 τῆς
1260 2393 1624 2464 Ἡρωδιάδος.

503 2506 617 2561 Οὐκ
671 2506 847 2575 ὀλίγα,
899 2507 1020 2560 οὐδὲ
1080 2508 1271 2578 μικρὰ.
1327 2508 1462 2563 ἀλλά
1507 2510 1602 2563 καὶ
1662 2511 1856 2574 πολλὰ,
1910 2511 2007 2565 καὶ

433 2598 666 2669 μεγάλα,
699 2596 777 2669 (2)
854 2598 934 2668 τῷ
972 2599 1251 2672 τετράρχῃ
1329 2599 1779 2670 πεπλημμέλητο.
1839 2602 2006 2671 Ὢμοῦ

430 2689 543 2760 γὰρ
569 2688 778 2753 λέοντος
823 2685 890 2760 ἦν
921 2689 1175 2758 δυσγενὲς
1224 2690 1510 2761 βλάστημα
1530 2691 1627 2759 (5).
1653 2693 1862 2763 Ὥσπερ
1898 2693 2007 2763 γὰρ

432 2784 464 2835 ὁ
487 2780 671 2840 δεδιὼς
710 2779 785 2851 μὴ
806 2780 956 2843 νόθος
977 2781 1093 2845 υίὸς
1112 2780 1203 2834 τοῦ
1233 2781 1434 2834 οἰκείου
1467 2781 1672 2852 πατρὸς
1699 2783 2004 2854 νομισθείη,

431 2872 529 2926 τοῦ
557 2872 624 2925 τὰ
667 2871 838 2942 βρέφη
885 2872 954 2925 τά
1002 2874 1060 2925 ἐν
1104 2872 1349 2943 Βηθλεὲμ
1389 2873 1688 2940 ἀνελόντος,
1747 2875 2006 2946 τοιαύτην

433 2960 624 3026 ἔπλεξε
654 2962 979 3033 τραγῳδίαν,
1028 2961 1103 3025 ὡς
1165 2961 1232 3015 ἂν
1260 2962 1528 3034 ἀμιλληθῇ
1584 2963 1768 3032 σχεδὸν
1794 2962 1872 3034 τῷ
1915 2981 2005 3016 τε-

442 3052 614 3117 κόντι,
643 3052 736 3105 καὶ
764 3047 919 3121 οῐμαι
957 3051 1265 3123 τετράρχης
1301 3054 1396 3105 καὶ
1422 3052 1511 3105 διὰ
1534 3052 1691 3106 τοῦτο
1732 3052 2003 3122 λελέχθαι,

430 3141 530 3211 οὐχ
545 3142 628 3194 ὅτι
642 3141 909 3210 τετάρτην
936 3142 1130 3212 μοῖραν
1157 3142 1257 3211 τῆς
1276 3140 1534 3210 πατρῴας
1557 3139 1829 3209 βασιλείας
1847 3140 2006 3209 μόνον

431 3230 658 3293 διεῖπεν,
708 3228 823 3283 ἀλλ’
869 3229 950 3282 ὅτι
997 3229 1092 3281 καὶ
1130 3228 1234 3280 ὑπὸ
1282 3227 1391 3280 τῶν
1446 3228 1728 3299 τεσσάρων
1769 3227 2005 3296 γενικῶν

434 3320 591 3373 είδῶν
619 3320 722 3390 τῆς
758 3319 956 3382 κακίας
993 3317 1189 3389 ἧρχθη.
1244 3316 1469 3389 Πρῶτον
1500 3318 1599 3387 μὲν
1631 3317 1738 3389 γὰρ
1767 3318 2005 3389 παρανό-

438 3427 554 3481 μως
581 3411 768 3479 ἄγεται
818 3410 916 3479 τὴν
965 3407 1305 3480 Ἦρωδιάδα’
1360 3401 1480 3459 εἶτα
1544 3408 1819 3478 ἐλεγχθεὶς
1855 3408 2004 3481 παρά

432 3499 531 3553 τοῦ
576 3500 901 3567 Βαπτιστοῦ,
945 3499 1061 3553 δέον
1104 3497 1567 3570 σωφρονισθῆναι,
1594 3498 1675 3561 είς
1723 3498 2004 3568 δεσμωτή-

2289 2227 2476 2284 XCVI.
2510 2258 2579 2269 —
2620 2226 2981 2285 MARTIANO
3021 2230 3499 2289 PRESBYTERO.

2113 2320 2190 2376 De
2241 2319 2451 2375 Herode
2483 2321 2845 2443 tetrarchaget
2865 2308 3403 2443 (ςιοῧηηεψαριὶὗα,
3427 2336 3476 2379 et
3508 2324 3680 2380 Hero-

2810 2410 2859 2443 ια
2902 2409 2928 2443 ε
3014 2431 3027 2443 .

2810 2409 2928 2445 ιααε
2961 2409 3027 2445 "'-

2181 2502 2367 2573 Neque
2397 2518 2589 2573 pauca,
2622 2518 2797 2574 neque
2830 2507 3048 2574 exigua,
3073 2505 3168 2560 sed
3201 2514 3256 2561 et
3281 2505 3448 2561 multa
3481 2515 3535 2561 et
3564 2522 3678 2562 ma-

2110 2610 2213 2662 gna
2266 2596 2479 2651 scelera
2515 2597 2794 2651 couunisit
2816 2599 3090 2652 tetrarcha
3124 2597 3435 2668 (Herodes).
3466 2598 3677 2659 Crude-

2109 2686 2177 2740 lis
2210 2687 2355 2741 enim
2391 2686 2564 2741 leonis
2599 2688 2841 2755 ignobile
2867 2702 3089 2757 germen
3121 2697 3259 2742 erat.
3289 2688 3420 2742 Nam
3451 2691 3678 2757 proinde

2106 2776 2265 2844 quasi
2331 2785 2646 2841 metueret,
2695 2791 2761 2831 ne
2827 2780 3060 2847 degener
3110 2792 3173 2831 ac
3232 2794 3419 2847 parum
3473 2780 3677 2847 genui-

2107 2880 2209 2919 nus
2270 2865 2352 2920 sui
2409 2866 2583 2935 patris
2645 2867 2789 2921 filius
2842 2882 2963 2921 esse
3016 2878 3317 2937 putaretur,
3363 2868 3479 2933 ejus
3531 2870 3674 2936 dico,

2108 2956 2203 3025 qui
2251 2956 2489 3011 infantes
2518 2956 2956 3013 Bethleemiticos
2999 2959 3241 3025 sustulit,
3294 2961 3457 3013 talem
3506 2963 3675 3015 texuit

2109 3048 2455 3117 tragoediam,
2490 3056 2552 3103 ut
2579 3039 2748 3104 ferme
2771 3058 3007 3104 certaret
3037 3065 3160 3104 cum
3188 3064 3286 3105 suo
3313 3058 3464 3117 patre
3494 3051 3560 3104 de
3586 3052 3668 3103 fa-

2105 3138 2350 3193 cinorum
2383 3141 2692 3205 atrocitate,
2724 3156 2957 3208 meaque
2986 3141 3243 3210 opinione
3288 3143 3430 3194 illam
3458 3156 3675 3210 quoque

2105 3226 2176 3282 ob
2226 3241 2451 3282 causam
2499 3230 2773 3284 tetrarcha
2820 3228 2984 3300 464
3027 3230 3320 3296 diceretur,
3340 3232 3449 3286 non
3500 3232 3673 3286 solum

2104 3318 2243 3386 quod
2289 3328 2540 3388 quartam
2587 3321 2740 3390 regni
2787 3321 3090 3389 portionem
3131 3322 3434 3388 obtineret,
3482 3338 3670 3377 verum

2104 3410 2269 3464 etiam
2295 3410 2437 3478 quod
2467 3426 2496 3464 a
2529 3421 2768 3481 quatuor
2792 3413 3136 3483 generalibus
3165 3429 3231 3469 ac
3262 3414 3547 3484 ρνωοίριιίε
3589 3417 3670 3469 vi-

2110 3499 2307 3553 tiorum
2360 3501 2546 3555 formis
2594 3516 2890 3571 regeretur.
2938 3504 3072 3560 Nam
3121 3508 3296 3576 primo
3337 3508 3551 3577 quidem
3584 3509 3669 3562 in-

436 3608 555 3662 ριον
591 3591 849 3663 ἐμϐάλλει
894 3591 956 3645 οὐ
997 3589 1437 3663 παρανομοῦντα,
1482 3588 1618 3644 ἀλλὰ
1661 3591 2000 3662 παρανομίαν

2109 3590 2247 3660 iuste
2281 3600 2336 3648 et
2367 3602 2559 3649 contra
2602 3593 2747 3665 leges
2774 3597 2923 3650 ducit
2955 3596 3309 3652 Herodiadem
3341 3615 3355 3651 :
3410 3596 3611 3651 Deinde
3637 3613 3668 3652 a

434 3683 743 3754 ἐλέγχοντα.
789 3684 1038 3747 Ἔπειτα,
1082 3681 1402 3752 βουλόμενος
1444 3682 1784 3747 ἀποκτεῖναι,
1815 3683 1998 3747 φοϐεῖ-

433 3793 524 3830 ται
546 3777 638 3830 τὸν
665 3775 838 3847 δχλον,
872 3775 965 3828 τὸν
988 3773 1285 3828 ἀδέκαστον
1312 3772 1589 3841 ὀφθαλμὸν
1624 3771 1700 3842 μὴ
1721 3772 1997 3843 φοϐηθείς.

433 3862 572 3921 Εἶτα
605 3865 1021 3938 ἀπερισκέπτως
1055 3865 1148 3918 καὶ
1177 3864 1445 3934 ἀορίστως
1482 3860 1694 3932 ὀμνύει,
1721 3864 1788 3933 τῇ
1827 3862 1999 3933 θυγα-

432 3958 527 4029 τρὶ
550 3957 649 4028 τῆς
674 3958 735 4013 τὸ
759 3958 943 4029 δρᾶμα
970 3954 1315 4025 συνθησάσης
1332 3952 1432 4023 (ὁ),
1468 3953 1563 4008 κα)⁸
1604 3952 1731 4020 ἀξια
1755 3954 1825 4009 τά
1855 3955 1998 4026 μέρη

430 4047 529 4101 τοῦ
571 4047 749 4117 γάμου
789 4044 1207 4117 παρασκευάσαι
1246 4042 1548 4115 οἰηθείσης,
1596 4045 1706 4097 πᾶν
1760 4043 1895 4113 ὅπερ
1933 4044 2000 4097 ἂν

435 4136 761 4208 αἰτήσηται,
801 4137 1104 4208 παρασχεῖν
1132 4148 1147 4162 ⁶
1204 4134 1263 4187 τὸ
1299 4134 1356 4186 δὲ
1396 4134 1531 4205 όρθά
1563 4133 1657 4186 καὶ
1695 4132 1877 4188 δίκαια
1900 4132 2002 4186 δώ-

434 4242 571 4293 σειν,
616 4226 676 4278 οὐ
718 4224 1107 4297 προσδιώρισεν
1131 4239 1144 4254 ⁸
1194 4224 1309 4279 ἀλλ’
1352 4221 1524 4288 οὕτως
1569 4222 1999 4294 ἀπροϐούλευτον

432 4314 549 4387 εχει
580 4316 674 4370 τὸν
704 4315 983 4386 λογισμὸν,
1033 4316 1109 4379 ὡς
1141 4315 1237 4369 καὶ
1286 4314 1349 4367 τὸ
1388 4315 1561 4386 ἥμισυ
1590 4314 1692 4384 τῆς
1723 4314 2000 4385 βασιλείας

429 4406 858 4476 ἐπαγγείλασθαι
884 4423 899 4438 ο
948 4406 1009 4459 ού
1050 4405 1423 4475 λογισάμενος,
1469 4405 1553 4457 ὅτι
1586 4404 1998 4475 ἀργαλεώτερόν

428 4499 547 4555 ἐστι
580 4498 922 4570 δικαιοσύνης
966 4499 1222 4551 ἐκπεσεῖν
1271 4496 1305 4567 ἢ
1347 4495 1642 4565 βασιλείας.
1689 4491 1820 4548 Εἶτα
1851 4496 2002 4567 εὐορ-

426 4590 557 4654 κίας
608 4593 963 4663 προσχήματι
1032 4586 1214 4644 πᾶσαν
1284 4589 1572 4659 ἐπιορκίαν
1661 4586 1996 4658 ὑπερϐαίνει.

500 4725 586 4781 ⁸⁸1
618 4726 744 4783 Cor.
776 4742 852 4793 vr,
886 4728 939 4782 7.
1018 4727 1061 4759 ⁸⁸
1089 4726 1256 4782 Marc.
1287 4743 1359 4795 Vl,
1390 4727 1578 4783 17-29.

2103 3679 2313 3736 Joanne
2335 3680 2578 3752 Baptista
2627 3685 3017 3755 reprehensus,
3048 3701 3176 3755 eum
3222 3695 3496 3758 Oporteret
3543 3698 3667 3743 eum

2104 3771 2327 3841 corrigi,
2376 3773 2428 3826 in
2466 3788 2743 3829 carcerem
2776 3777 2996 3844 conjieit
3046 3764 3170 3834 ‘non
3221 3788 3531 3848 peccantem
3574 3786 3670 3833 aut

2103 3862 2399 3929 quidquam
2433 3862 2634 3932 injuste
2658 3872 2931 3933 agentem,
2963 3867 3056 3922 sed
3104 3882 3251 3931 eum,
3282 3869 3372 3936 qui
3412 3868 3671 3937 iniquita-

2108 3958 2217 4005 tem
2252 3950 2638 4022 redarguebat.
2681 3952 2981 4021 Praeterea,
3028 3972 3150 4011 cum
3184 3958 3340 4012 vellet
3377 3974 3497 4013 eum
3526 3959 3669 4015 oeci-

2103 4040 2252 4105 dere,
2286 4041 2439 4096 timet
2479 4042 2710 4111 plebem,
2748 4046 2840 4114 qui
2891 4055 3067 4102 tamen
3102 4050 3472 4117 incorruptum
3519 4051 3666 4105 illum

2105 4131 2323 4187 oculum
2369 4134 2507 4188 nihil
2544 4145 2833 4191 metuerat.
2897 4138 2977 4192 Ad
3017 4140 3134 4195 hzec
3176 4141 3475 4210 improvide
3504 4150 3669 4210 atque

2104 4223 2387 4279 indefinite
2408 4224 2559 4295 jurat
2591 4226 2714 4282 filia:
2742 4229 2859 4299 ejus
2886 4228 3123 4300 feminae,
3155 4248 3276 4303 qua:
3305 4233 3492 4288 infelix
3536 4232 3666 4287 illud

2104 4310 2292 4367 drama
2323 4315 2703 4382 adornaverat,
2732 4332 2958 4389 quaeque
2992 4321 3155 4391 digna
3188 4321 3517 4379 matrimonii
3545 4322 3667 4393 ejus

2108 4404 2331 4474 praemia
2356 4421 2415 4461 se
2441 4408 2817 4465 conciliavisse
2843 4412 3087 4480 putabat,
3116 4415 3371 4485 quidquid
3402 4415 3664 4484 petiisset,

2106 4508 2165 4549 se
2195 4494 2545 4563 praebiturum
2588 4518 2603 4554 ι
2641 4515 2743 4555 ηοη
2774 4512 2951 4557 autem
2981 4503 3263 4560 addiderat
3297 4507 3435 4560 hanc
3470 4506 3667 4560 limita~

2106 4586 2335 4658 tionem,
2369 4602 2515 4646 recta
2540 4606 2598 4647 se
2616 4592 2869 4663 justaque
2888 4597 3087 4664 petenti
3105 4597 3354 4653 daturum
3378 4615 3392 4653 :
3417 4596 3512 4653 sed
3533 4596 3665 4651 adeo

1530 4858 1763 4915 VARI/ﬁ
1797 4858 2176 4916 LECTIONES
2198 4861 2287 4915 ET
2309 4863 2537 4922 NOTAE.

504 5002 617 5073 (99)
656 4998 927 5073 Ἑρεθίζει
963 4999 1085 5073 cod.
1120 4997 1267 5073 Yat._
1289 4996 1391 5073 6350
1425 5006 1595 5049 mutat
1626 4997 1678 5049 in
1700 4994 1999 5073 Δἐρεθίζων,

2184 4996 2261 5067 (2)
2292 4997 2413 5073 Καὶ-
2443 5001 2643 5053 πολλὰ
2689 5001 2788 5053 καὶ
2832 5001 3088 5069 μεγάλα.
3141 4999 3267 5052 lllud
3314 5000 3408 5051 καὶ
3458 5003 3666 5071 μεγάλα

426 5083 482 5127 et
507 5063 646 5149 vers.
681 5063 731 5124 δ’
754 5063 958 5149 ἀδικεῖν
1002 5068 1055 5121 iu
1123 5067 1389 5149 ἀπειλεῖν,
1424 5080 1652 5135 tuosque
1695 5063 2001 5131 διεγνωκὼς

424 5145 480 5197 iu
511 5142 827 5207 διέγνωκας.
865 5138 1068 5191 Possm.
1302 5144 1303 5149 ‘

459 5210 572 5282 __(l)
601 5209 668 5282 ln_
687 5207 1011 5282 c_od._Vatic.
1034 5203 1503 5282 inscriptiohujus
1535 5215 1636 5282 ep...
1656 5201 1996 5282 nihilnhabet

421 5270 568 5333 aliud
618 5278 719 5332 nisi
766 5275 1069 5347 Μαρκιανῷ
1114 5270 1250 5347 sine
1278 5270 1550 5347 adjuncto.
1602 5270 1750 5347 Ve_rs.
1792 5271 1827 5323 2
1875 5279 1994 5338 post

418 5347 695 5418 τετράρχῃ
738 5340 979 5418 adjuhgit
1012 5340 1151 5418 idem
1178 5341 1424 5418 _'llpd)6n.
1454 5340 1689 5418 Ivers.“5
1729 5349 1847 5418 post
1899 5354 1993 5407 ap-

424 5408 860 5485 paret'i'n"_ediio
892 5408 1148 5485 δυσγενὲς
1176 5408 1316 5485 idem
1348 5408 1579 5485 omittit.
1614 5408 1831 5485 Ver-$1-6
1866 5418 1990 5485 post

418 5477 498 5548 ὧς
515 5484 652 5538 tollit
678 5483 744 5537 ἂν
772 5492 825 5536 et
838 5477 1387 5550 numennomen
1411 5478 1611 5542 addito,
1626 5477 1734 5550 vat.
1754 5477 1907 5531 Vers.
1936 5478 1987 5543 7,

410 5546 722 5622 τετράρχης
746 5552 801 5605 in
833 5546 1345 5619 quartuiu"inﬂectit
1385 5562 1567 5603 casum
1612 5546 1855 5602 scribens
1898 5563 1987 5599 τε-

416 5625 683 5692 τράρχην.
717 5622 791 5675 lu.

2103 5078 2215 5182 gon
2250 5077 2363 5119 erat
2402 5068 2451 5121 in
2490 5084 2628 5133 ms.;
2680 5068 3042 5125 necessariqu
3090 5078 3300 5132 tamen,
3337 5078 3396 5123 ut
3434 5068 3663 5127 videtur.

2156 5149 2343 5182 ITTER.

2156 5149 2486 5276 Ιῖὦεᾶειηῃε
2526 5204 2737 5273 vulpes,
2794 5216 2851 5260 ut
2897 5206 3140 5260 Christus
3186 5220 3307 5259 eum
3356 5210 3662 5276 appellavit.

2094 5268 2271 5346 1ξὀιικ)
2302 5274 2365 5326 de
2384 5268 2538 5346 poena
2567 5268 2824 5346 divinitus
2854 5277 2976 5346 huic
3015 5276 3207 5346 Herodi
3228 5275 3301 5329 ob
3323 5268 3662 5346 interfectum

2098 5338 2358 5413 Ligaunem
2386 5338 2683 5413 Baptistam
2717 5345 2959 5397 immissa
3011 5345 3269 5413 videndus
3291 5355 3375 5399 est
3398 5344 3667 5413 Iosephus

2102 5407 2219 5479 lib.
2248 5426 2376 5465 xvut
2409 5407 2759 5479 Arclueolog.,
2782 5427 2902 5479 cap.
2940 5412 2989 5464 7.
3024 5410 3102 5464 lu.

2174 5478 2251 5546 (4)
2284 5480 2384 5555 Pro
2409 5481 2752 5555 συνθησάσης
2793 5478 2931 5555 idem
2981 5482 3102 5555 'c_od.
3138 5481 3317 5555 liabet
3354 5484 3664 5555 συνθείσης.

2098 5542 2257 5615 γει-ε’.
2291 5550 2411 5605 itide
2438 5550 2493 5618 4,
2529 5542 2641 5621 ἔχει
2676 5542 2847 5605 ώιιιει
2876 5551 2930 5605 in
2962 5546 3101 5621 εἶχε.
3132 5546 3343 5608 Possm.
