4042 6146
448 234 581 305 1159

1648 238 1709 297 S.
1741 235 2033 298 ISIDORI
2066 233 2504 295 PELUSIOT/E

3546 236 3713 301 ’1160

442 341 903 405 inconsideratum
928 356 986 404 et
1006 346 1521 417 incircumspectum
1543 332 1707 402 habet
1732 344 2012 414 judicium1

2129 344 2388 412 ’Ἄμεινον
2415 346 2524 413 γὰρ
2553 344 2611 396 ἐν
2630 345 2743 406 τοῖς
2770 343 2986 412 ἐναγέσι
3007 342 3078 398 τὰ
3103 342 3290 408 κακῶς
3306 343 3712 413 ἐπαγγελθέντα

440 450 502 493 ut
555 439 721 495 etiam
754 440 906 510 regni
951 439 1183 494 mediam
1222 447 1431 507 partem
1486 436 1591 506 ipsi
1638 437 2019 507 promitteret:

441 544 548 584 non
589 531 866 600 cogitans,
903 529 1122 601 gravius
1147 544 1268 585 esse
1289 529 1524 598 justitia,
1547 543 1707 598 quam
1734 543 1898 597 regno
1927 542 2024 581 ex-

439 618 640 673 cidere.
698 619 927 688 Insuper
984 619 1086 672 sub
1126 617 1313 688 liquidi
1353 615 1709 687 jurisjurandi
1754 624 2021 687 praetextu

438 722 630 763 omnes
678 708 904 779 perjurii
942 708 1204 763 terminos
1232 709 1468 763 excedit.
1516 707 1747 764 Praestat
1780 708 1924 764 enim
1971 709 2025 765 in

441 799 530 865 iis,
560 815 682 869 qua:
711 801 919 855 habent
939 800 1285 856 atrocitatem
1317 799 1599 865 facinoris,
1626 798 1764 853 male
1790 800 2024 866 promis-

445 907 506 948 sa
544 894 684 947 bene
731 894 1066 960 rescindere,
1094 908 1259 963 quam
1302 891 1443 947 male
1489 892 1665 947 videri
1712 899 2023 946 servantem

438 996 561 1039 esse
589 984 973 1055 jurisjurandi.
1009 984 1139 1039 Erat
1180 992 1363 1039 autem
1399 984 1501 1039 hoc
1542 983 1714 1053 magis
1747 982 2023 1037 velamen-

440 1084 554 1130 tum
588 1078 860 1147 quoddam
920 1075 1133 1131 timoris
1178 1090 1287 1144 quo
1338 1083 1459 1128 erat
1504 1074 1848 1144 praepeditus.
1886 1072 2023 1127 Nam

438 1166 584 1223 sicut
645 1165 878 1222 famulus
935 1165 1216 1235 improbus
1264 1166 1490 1221 herilem
1553 1164 2023 1233 reprehensionem

439 1264 712 1321 metuens,
748 1257 823 1310 ita
865 1257 955 1313 hic
988 1271 1205 1327 quoque
1235 1255 1533 1326 Baptistam
1585 1255 1880 1310 metuebat.
1913 1253 2023 1309 Ve-

447 1361 542 1400 rus
578 1348 723 1401 enim
752 1348 797 1401 is
823 1357 907 1403 est
940 1346 1219 1413 dominus,
1250 1348 1342 1416 qui
1377 1345 1609 1401 oﬂicium
1650 1348 1799 1412 facit,
1842 1362 1949 1401 non
1977 1346 2023 1402 is

437 1437 531 1504 qui
560 1430 857 1505 purpuram
906 1445 1107 1507 gestat,
1138 1445 1193 1489 et
1233 1451 1508 1489 armorum
1538 1436 1733 1490 robore
1763 1437 2024 1506 praeditus

436 1537 542 1582 est.
568 1527 704 1583 Cum
756 1529 919 1597 igitur
949 1528 1126 1583 timori
1177 1543 1277 1582 suo
1308 1528 1464 1597 quasi
1514 1528 1785 1596 quoddam
1842 1527 2021 1583 velum

436 1620 774 1675 obtendisset
802 1618 1161 1688 jurisjurandi
1190 1618 1530 1690 religionem,
1565 1632 1784 1685 suaeque
1821 1616 2023 1688 impro-

2116 1343 2408 1415 ποιήκασι,
2463 1342 2797 1413 προύθηκεν,
2860 1342 2981 1396 ούδέ
3036 1343 3378 1414 κατηγόρους

2118 1432 2245 1497 ούδέ
2278 1433 2563 1507 μάρτυρας
2616 1434 2980 1505 ἐμισθώσατο’
3013 1434 3131 1507 ᾔδει
3178 1435 3303 1511 γὰρ
3332 1434 3575 1498 κολάζων
3608 1438 3709 1501 οὐκ

2112 1523 2439 1589 ἀδικοῦντα,
2479 1525 2594 1578 ἀλλ’
2625 1524 2837 1580 ἀδικίαν
2911 1523 3314 1594 στηλιτεύοντα.
3377 1524 3516 1576 Ἀλλ’
3555 1526 3583 1578 6
3610 1526 3709 1595 μὲν

2128 433 2275 486 λύειν
2307 434 2507 498 καλῶς,
2541 434 2575 504 ἢ
2607 434 2671 487 τὸ
2690 434 2866 488 δοκεῖν
2895 436 3144 503 εὐορκεῖν
3164 435 3470 506 κακῶς(5)ο
3509 439 3711 506 μᾶλλον

2125 526 2183 580 δέ
2207 527 2369 579 τοῦτο
2380 527 2577 596 σκῆψις
2602 522 2671 597 ἦν
2683 525 2779 579 τόῢ
2808 526 2998 596 φόϐου.
3027 529 3239 598 Ὥσπερ
3253 527 3364 599 γάρ
3380 530 3597 600 οἰκέτης
3614 546 3710 583 πο-

2128 618 2291 688 νηρὸς
2319 617 2506 675 δεδιὼς
2529 618 2624 671 τὸν
2649 618 2969 672 δεσποτικὸν
3000 619 3243 688 ἔλεγχον,
3265 619 3409 673 οὕτω
3437 622 3533 673 καὶ
3558 616 3711 683 οὗτος

2126 705 2383 759 ἐδεδοίκει
2440 705 2532 760 τὸν
2570 708 2908 779 Βαπτιστήν.
2947 708 3179 780 Ἀληθὴς
3208 709 3317 779 γὰρ
3364 710 3652 778 δεσπότης,
3684 714 3710 765 6

2126 795 2194 850 τὰ
2222 795 2409 852 δέοντα
2449 797 2706 869 πράττων
2758 816 2819 852 τε
2854 800 2950 852 καὶ
2990 800 3365 871 προστάττων,
3397 801 3495 872 οὐχ
3520 804 3572 864 ⁵ὁ
3613 804 3711 872 τὴν

2127 886 2422 960 ἁλουργίδα
2463 889 2868 960 περικείμενος,
2899 890 2991 943 καὶ
3025 890 3131 943 τῶν
3174 891 3355 945 ὅπλων
3404 893 3464 945 τὸ
3509 895 3711 964 κράτος

2127 978 2285 1049 ἔχων.
2326 980 2742 1051 Παραπέτασμα
2779 975 2872 1035 οὖν
2915 981 3009 1035 τοῦ
3054 982 3219 1052 φόϐου
3248 982 3341 1036 τὸν
3374 983 3539 1054 ὅρκον
3583 1001 3711 1055 προ-

2114 1070 2475 1142 ¹ϐαλλόμενος,
2526 1073 2622 1125 καὶ
2659 1074 2998 1144 ἐπιτειχίσας
3051 1076 3117 1145 τῇ
3170 1075 3491 1145 προαιρέσει
3524 1076 3617 1129 τὸν
3646 1078 3709 1149 ἐκ

2125 1160 2219 1213 τοῦ
2249 1160 2424 1215 δοκεῖν
2451 1164 2728 1234 ἐπιορκεῖν
2759 1163 3023 1229 κίνδυνον,
3052 1165 3147 1216 ἐπὶ
3189 1165 3283 1217 τὸν
3332 1166 3493 1234 φόνον
3518 1164 3709 1238 ὥρμη-

2127 1268 2240 1305 σεν.
2283 1252 2417 1305 Οὐδὲ
2468 1254 2577 1324 γὰρ
2606 1255 2794 1324 σχῆμα
2837 1254 3212 1331 δικαστηρίου,
3267 1249 3356 1309 οἷα
3397 1256 3584 1309 πολλοὶ
3609 1274 3711 1310 πε-

3453 1344 3704 1413 ἔστησεν,

2125 1614 2202 1680 ὡς
2236 1615 2463 1688 κρύψων
2505 1616 2598 1669 τὸν
2652 1616 2894 1686 ἔλεγχον,
2943 1615 3185 1687 ἀκρίτως
3226 1615 3291 1669 τὸ
3347 1616 3477 1682 ἄγος
3507 1617 3707 1688 εἰργά-

436 1710 522 1765 ba:
564 1692 828 1766 voluntati
881 1710 1284 1781 prmstruxisset
1333 1710 1632 1781 periculum
1659 1712 1802 1780 quod
1848 1725 1914 1767 ex
1954 1724 2012 1764 eo

2122 1723 2275 1761 σατο.
2347 1707 2406 1760 '0
2455 1707 2512 1761 δὲ
2557 1709 2660 1761 οὐκ
2720 1707 3027 1779 ἐσιωπήθη,
3097 1706 3241 1761 ἀλλά
3308 1707 3707 1781 λαμπροτέρως

438 1803 802 1871 impenderet,
837 1803 881 1856 si
910 1801 1209 1872 perjurium
1241 1801 1583 1857 committere
1622 1801 1919 1868 videretur,
1956 1800 2022 1856 ad

436 1896 637 1949 eadem
668 1896 956 1964 processit.
984 1890 1175 1962 Neque
1208 1893 1356 1948 enim
1389 1892 1616 1961 figurant
1647 1906 1712 1945 ac
1734 1893 2019 1963 strepitum

436 1985 652 2055 judicii,
684 1986 829 2041 sicut
862 1999 893 2039 a
925 1985 1111 2040 multis
1137 1986 1218 2052 (in
1247 1997 1411 2039 causa
1446 1982 1633 2053 simili)
1667 1982 1869 2038 factum
1915 1992 2019 2046 est,

440 2076 766 2147 proposuit;
830 2090 1008 2146 neque
1061 2082 1414 2131 accusatores
1461 2075 1780 2140 constituit;
1845 2088 2021 2144 neque

441 2177 611 2223 testes
670 2167 924 2223 mercede
977 2167 1259 2232 conduxit,
1304 2174 1399 2220 aut
1458 2167 1797 2220 subornavit.
1850 2163 2020 2219 Norat

433 2259 579 2312 enim
632 2272 692 2312 se
720 2271 826 2311 non
849 2272 972 2312 eum
1009 2256 1282 2311 hominem
1323 2255 1517 2325 punire
1548 2257 1640 2324 qui
1670 2255 1856 2325 inique
1888 2268 2015 2322 age-

440 2360 546 2415 rel,
577 2350 671 2404 sed
711 2351 803 2418 qui
844 2348 1167 2417 injustitiam
1217 2349 1603 2402 insectaretur.
1636 2350 1707 2401 At
1751 2351 1864 2419 ipse
1899 2349 2020 2419 qui-

436 2441 559 2494 dem
591 2454 657 2494 eo
682 2441 809 2505 fine,
838 2450 895 2492 ut
935 2438 1411 2507 reprehensionem
1463 2438 1785 2503 occultaret,
1820 2440 2019 2509 impro-

437 2531 561 2586 vide
605 2541 660 2586 et
717 2532 923 2601 absque
965 2529 1172 2599 judicio
1213 2530 1394 2586 scelus
1448 2530 1577 2585 illud
1632 2534 2008 2601 perpetravit:

435 2623 670 2681 Joannes
702 2636 883 2680 autem
937 2640 1041 2679 non
1070 2625 1259 2689 tacuit,
1297 2623 1389 2678 sed
1423 2624 1626 2678 clarius
1662 2625 1833 2678 multo
1871 2640 2013 2694 prae-

434 2723 600 2777 dicat.
632 2720 767 2775 Nam
810 2721 1097 2790 hodieque,
1129 2738 1226 2791 per
1256 2736 1467 2776 omnem
1502 2731 1771 2773 terrarum
1799 2721 2012 2788 orbem,

433 2814 738 2881 ubicunque
786 2811 865 2867 sul
906 2812 1200 2881 Splendet,
1239 2812 1481 2868 clamat:
1519 2830 1537 2864 ι
1577 2810 1697 2866 Non
1747 2811 1874 2867 licet
1915 2813 2011 2868 tibi

432 2903 633 2958 habere
658 2919 885 2957 uxorem
929 2902 1162 2975 Philippi
1214 2903 1402 2958 fratris
1438 2902 1604 2958 tui".
1631 2916 1664 2956 ἰ
1698 2904 1833 2971 Quia
1884 2919 2015 2960 vero

434 3010 656 3048 causam
711 2996 863 3063 cupis
920 3011 1251 3066 cognoscere
1298 2995 1606 3065 (multiplex
1666 3005 1850 3050 autem
1890 3012 2011 3051 esse

436 3085 799 3159 perhibetur).
831 3086 936 3140 Alii
976 3088 1193 3156 quidem
1226 3102 1349 3142 eum
1392 3085 1543 3140 aiunt
1573 3085 1889 3155 profanasse
1931 3087 1999 3140 le-

434 3194 556 3247 gem
601 3178 786 3232 Mosis.
818 3180 951 3230 Cum
985 3178 1133 3233 enim
1160 3179 1327 3233 frater
1356 3192 1487 3232 suus
1518 3192 1705 3231 semen
1735 3178 1875 3248 (sive
1919 3193 2008 3231 so-

432 3268 637 3339 bolem)
682 3268 953 3333 haberet,
1009 3270 1292 3339 conjugem
1341 3268 1458 3336 ejus
1504 3269 1658 3322 duxit
1690 3286 1703 3322 :
1735 3269 1881 3337 quod
1928 3270 2011 3323 fus

434 3374 542 3412 non
590 3367 730 3412 erat.
770 3358 904 3411 Nam
942 3359 985 3412 si
1039 3360 1206 3413 frater
1261 3360 1382 3414 sine
1427 3358 1613 3413 liberis
1666 3359 2008 3422 decessisset,

432 3449 783 3518 permittebat
813 3449 899 3503 lex
937 3448 1090 3504 fratri
1134 3449 1253 3519 ejus
1299 3464 1526 3503 uxorem
1563 3447 1783 3513 ducere,
1831 3449 2009 3519 quead

437 3555 621 3594 semen
671 3541 997 3594 suscitasset
1030 3541 1289 3595 defuncto
1318 3540 1363 3570 ⁷¹
1395 3558 1407 3593 :
1440 3555 1563 3594 cum
1588 3539 1797 3594 orbitas
1838 3541 2010 3593 maxi-

441 3647 586 3685 mum
642 3632 843 3685 malum
906 3647 1031 3688 esse
1080 3634 1396 3701 duceretur,
1458 3643 1649 3703 utpote
1696 3647 1793 3701 per
1847 3647 2008 3701 quam

434 3722 692 3775 memoria
744 3722 1124 3777 defunctorum
1179 3725 1396 3794 penitus
1457 3723 1791 3779 aboleretur.
1829 3785 1832 3789 ,
1864 3719 2010 3788 Quo—

432 3814 588 3867 modo
660 3824 841 3868 autem
916 3814 1080 3870 etiam
1156 3810 1264 3869 filia
1298 3818 1542 3886 genitore
1603 3831 1703 3871 suo
1768 3814 2007 3882 relicto,

430 3917 487 3961 et
551 3922 677 3961 cum
738 3907 987 3963 adultero
1034 3918 1090 3963 et
1146 3908 1391 3964 adultera
1448 3909 1713 3974 vivebat,
1776 3918 1833 3965 et
1892 3923 2010 3964 ser-

2131 1800 2487 1870 κηρύσσεται.
2520 1800 2679 1855 Κατά
2704 1803 2884 1854 πᾶσαν
2906 1801 3016 1869 γὰρ
3042 1801 3141 1872 τὴν
3171 1801 3260 1869 ὑφ’
3301 1800 3454 1871 ἥλιον
3492 1800 3574 1853 ἐτι
3613 1802 3710 1855 καὶ

2123 1888 2216 1942 νῦν
2270 1888 2404 1961 βοᾷ·
2451 1910 2469 1942 ι
2537 1892 2652 1944 Οὐκ
2715 1891 2909 1960 ⁵ἔξεστί
2966 1909 3053 1945 σοι
3107 1891 3256 1963 ἐχειν
3302 1892 3402 1962 τὴν
3472 1895 3709 1962 γυναῖκα

2121 1982 2390 2035 Φιλίππου
2415 1981 2511 2035 τοῦ
2548 1982 2779 2051 ἀδελφοῦ
2824 2000 2941 2037 σου.
2980 2002 2998 2034 ι
3045 1983 3263 2054 Ἐπειδὴ
3299 1984 3357 2036 δὲ
3390 1983 3489 2055 τὴν
3527 1985 3707 2037 αἰτίαν

2121 2075 2327 2137 ἐθέλεις
2358 2073 2550 2145 μαθεῖν
2605 2074 2965 2146 (πολύτροπος
2999 2074 3057 2128 δέ
3081 2069 3221 2128 εἶναι
3259 2075 3523 2143 λέγεται),
3546 2075 3707 2145 δῆλον

2119 2166 2203 2219 ὅτι
2233 2166 2285 2217 οἱ
2314 2166 2415 2236 μὲν
2445 2165 2537 2220 τὸν
2566 2165 2809 2229 Μωσέως
2834 2166 2968 2234 φασὶ
3004 2164 3373 2236 βεδηλωκέναι
3404 2164 3482 2235 (6)
3514 2165 3703 2235 νόμον.

2124 2258 2384 2329 Ἔχοντος
2420 2259 2530 2329 γὰρ
2592 2257 2687 2312 τοῦ
2724 2257 2955 2328 ἀδελφοῦ
2998 2256 3166 2311 αὑτοῦ
3204 2256 3449 2329 σπέρμα,
3476 2258 3576 2327 τὴν
3607 2274 3705 2324 γυ-

2120 2350 2286 2403 ναῖκα
2327 2349 2491 2403 αὑτοῦ
2549 2349 2810 2420 ἠγάγετο,
2873 2349 3011 2420 ὅπερ
3059 2349 3160 2401 οὐκ
3221 2347 3375 2418 ἐξῆν.
3449 2348 3704 2400 ’Δτέκνου

2118 2442 2226 2512 γὰρ
2247 2442 2422 2506 ὄντος,
2450 2441 2749 2511 ἐπέτρεψεν
2782 2442 2811 2494 6
2843 2441 3008 2511 νόμος
3029 2439 3237 2506 λαϐεῖν,
3279 2440 3385 2504 ἐως
3408 2439 3704 2511 ἀναστήσει

2120 2534 2342 2603 σπέρμα
2381 2532 2460 2603 τῷ
2517 2534 2959 2602 τετελευτηκότι·
2995 2532 3183 2603 ἐπειδὴ
3228 2532 3336 2601 γὰρ
3389 2532 3423 2601 ἠ
3477 2530 3702 2584 ἀτεκνία

2120 2622 2376 2692 μέγιστον
2403 2623 2570 2675 κακὸν
2614 2618 2753 2675 εἶναι
2787 2622 3091 2693 ἐνομίζετο,
3125 2620 3199 2686 ὡς
3232 2619 3511 2683 παντελῶς
3544 2620 3700 2674 σ6εν-

2116 2713 2356 2783 νυμένης
2386 2712 2485 2781 τῆς
2521 2711 2741 2783 μνήμης
2768 2712 2877 2766 τῶν
2916 2710 3258 2766 τεθνεώτων.
3305 2712 3428 2777 Πῶς
3456 2712 3513 2765 δὲ
3541 2712 3635 2764 καὶ
3665 2713 3699 2782 ἡ

2115 2804 2362 2876 θυγάτηρ
2419 2804 2514 2857 τδν
2576 2805 2877 2875 γεννήτορα
2952 2805 3175 2875 ἀφεῖσαν
3229 2806 3323 2859 καὶ
3387 2803 3464 2875 τῷ
3522 2798 3696 2874 μοιχῷ

2114 2897 2210 2950 καὶ
2248 2899 2315 2967 τῇ
2393 2897 2662 2968 μοιχαλίδι
2731 2898 2920 2967 συνῆν,
2970 2896 3063 2951 καὶ
3104 2897 3197 2950 τὸν
3272 2896 3415 2968 ὑπὲρ
3472 2896 3565 2949 τοῦ
3611 2914 3695 2949 τε·

2115 2989 2302 3052 κόντος
2334 2990 2493 3057 λόγον
2546 2989 2920 3060 πεποιημένον
2974 2989 3184 3043 ἀνελεῖν
3250 2989 3553 3055 ἐσπούδαζε
3580 2989 3693 3061 (7);

2113 3081 2357 3135 Δεδόσθω
2385 3082 2514 3150 γὰρ,
2561 3082 2638 3144 ὡς
2670 3080 2747 3153 (8)
2788 3082 2969 3155 μήτηρ
3002 3080 3079 3151 τῷ
3112 3080 3264 3149 πόθῳ
3291 3080 3490 3152 ἐμέθυε
3523 3096 3537 3110 ·
3578 3080 3697 3144 πῶς

2116 3174 2210 3226 καὶ
2242 3174 2276 3244 ή
2311 3174 2558 3245 θυγάτηρ
2603 3175 3081 3243 συγκατεσκεύαζε
3125 3174 3184 3227 τὺ
3226 3174 3452 3244 δρᾶμα;
3486 3175 3548 3227 Οί
3598 3174 3688 3241 δέζ,

2115 3255 2191 3317 ὧν
2223 3263 2341 3316 ἐστι
2394 3264 2491 3317 καὶ
2536 3263 2842 3336 Ἰώσηπος,
2895 3264 3145 3334 λέγουσιν
3183 3264 3290 3328 ὅτι,
3349 3264 3553 3328 ζῶντος
3599 3263 3695 3319 τοῦ

2114 3353 2335 3424 ἀνδρὸς,
2365 3356 2458 3408 καὶ
2501 3355 2792 3426 θυγάτριον
2836 3353 3051 3425 ἔχοντος
3071 3394 3097 3418 ,,
3116 3355 3241 3426 ἔσχε
3271 3355 3373 3424 τὴν
3424 3356 3691 3423 γυναῖκα·

2111 3446 2258 3515 λέγει
2282 3445 2413 3513 γοῦν
2438 3447 2466 3499 6
2502 3445 2783 3518 Ἰώσηπος,
2817 3448 2874 3500 ἐν
2898 3448 2964 3516 τῇ
2991 3445 3438 3519 ὀκτωκαιδεκάτῃ
3462 3448 3692 3518 ίστορίᾳ,

2111 3539 2192 3591 ὅτι
2215 3537 2354 3608 μετὰ
2378 3535 2643 3608 Σαλώμης
2664 3537 2826 3606 γονὰς
2858 3538 3129 3608 Ἡρωδιὰς
3159 3536 3253 3591 ἐπὶ
3283 3538 3543 3609 συγχύσει
3564 3555 3693 3609 (ppo-

2117 3629 2331 3698 νήσασα
2360 3627 2469 3681 τῶν
2502 3628 2765 3699 πατρίων,
2808 3628 3023 3700 Ἡρώδῃ
3053 3630 3353 3700 γαμεῖται,
3387 3629 3464 3701 τῷ
3487 3631 3692 3701 ὁμοπα-

2116 3721 2252 3793 τρίῳ
2278 3719 2492 3791 ἀδελφῷ
2531 3718 2969 3785 διαστασιάζοντι
3000 3715 3044 3789 ᾧ
3074 3720 3390 3788 ἀπαντῆσαί
3416 3739 3501 3785 τις
3532 3721 3692 3775 δύνα-

2114 3808 2224 3874 ται,
2263 3810 2437 3879 λέγων
2459 3827 2472 3841 ο
2508 3809 2632 3874 Πῶς
2664 3805 2757 3862 οὖν
2794 3809 2893 3879 οὐχ
2921 3809 2997 3872 ὠς
3027 3809 3223 3880 μοιχῷ,
3263 3810 3377 3864 ἀλλ’
3412 3810 3485 3875 ὡς
3510 3828 3690 3883 παρα-

2110 3901 2291 3972 νόμως
2332 3902 2573 3972 γήμαντι
2605 3900 2849 3955 ἐνεκάλει
2896 3901 2925 3953 ὁ
2970 3901 3263 3974 Ἰωάννης;
3304 3903 3450 3973 Πρὸς
3494 3903 3554 3956 ὄν
3605 3921 3688 3966 τις

430 4014 646 4053 monem
711 4000 779 4055 de
841 4011 996 4071 patre
1064 4001 1356 4057 eonfictum
1415 4002 1607 4056 tollere
1678 4002 2011 4073 satagebat?

2118 3992 2331 4047 δύναται
2359 3994 2667 4064 ἀπαντῆσαι
2701 3993 3072 4062 λέγων-Ἴσως
3095 3994 3184 4048 διὰ
3218 3994 3423 4065 βιϐλίον
3450 3996 3688 4049 ἀποστα-

426 4089 588 4163 565
627 4090 965 4146 Concedatur
993 4093 1323 4162 enim,quod
1362 4102 1533 4147 mater
1590 4092 1869 4162 (adulteri)
1906 4094 2001 4147 de-

427 4182 627 4235 siderio
676 4178 1082 4250 cupiditateque
1152 4182 1303 4236 ebria
1380 4182 1541 4236 fuerit
1592 4197 1607 4234 :

428 4271 592 4353 etiam
621 4273 726 4325 filia
778 4274 989 4328 facinus
1023 4273 1273 4341 adjuvit?
1332 4272 1437 4327 Alii
1470 4282 1651 4328 autem
1684 4272 1939 4343 (quorum
1970 4289 2001 4328 e

2110 4084 2226 4139 σίου
2256 4079 2326 4155 ἦν
2354 4085 2660 4139 ἀποστᾶσα.
2704 4084 2865 4138 Ἀλλά
2890 4084 2984 4139 καὶ
3006 4086 3169 4140 πάλιν
3199 4088 3524 4157 ἀπαντήσειο
3564 4086 3687 4161 Πῶς

1678 4196 1786 4250 quo
1847 4191 2008 4252 pacto
2106 4171 2199 4229 οὖν
2237 4174 2297 4228 τὸ
2331 4175 2436 4228 ὑπὸ
2475 4173 2570 4229 τοῦ
2616 4176 2781 4246 νόμου
2817 4179 3330 4251 συγκεχωρημένον,
3368 4180 3685 4250 παράνομον

2108 4266 2265 4319 καλεῖ
2298 4265 2373 4337 (9)
2417 4268 2446 4319 6
2486 4266 2774 4338 Ἰωάννης;
2814 4269 3036 4322 Οὐδέπω
3063 4269 3172 4341 γὰρ
3214 4265 3283 4341 ἦν
3313 4273 3341 4324 ὁ
3378 4270 3472 4324 τοῦ
3512 4272 3681 4339 Euax-

429 4377 655 4416 numero
687 4362 951 4432 Josephus
981 4378 1196 4433 quoque
1262 4362 1365 4430 est)
1412 4363 1620 4426 dicunt,
1688 4365 1831 4433 quod
1877 4364 2001 4419 vivo

2118 4357 2287 4427 γελίου
2331 4357 2576 4428 χρησμὸς
2609 4358 2784 4423 δοθεὶς
2810 4400 2826 4424 ,
2869 4362 2898 4412 6
2939 4360 3037 4432 τὴν
3083 4361 3338 4432 τοιαύτην
3390 4362 3682 4431 συνάφειαν

428 4452 591 4507 etiam
659 4453 797 4517 viro,
864 4465 918 4508 et
974 4454 1137 4508 ﬁliam
1211 4455 1465 4521 habente,
1514 4454 1754 4512 IIerodes
1781 4472 2003 4511 uxorem

431 4542 551 4611 ejus
592 4543 864 4598 habuerit.
898 4543 989 4598 Ait
1049 4543 1213 4612 igitur
1251 4542 1520 4613 Joseplius
1561 4554 1753 4604 octavo
1792 4545 2005 4600 decimo

429 4632 675 4688 historia:
704 4649 818 4688 sua:
850 4633 1012 4699 libro,
1044 4634 1187 4703 quod
1218 4642 1341 4703 post
1365 4634 1561 4691 editam
1613 4634 1871 4690 Salomon
1897 4634 2003 4691 lle-

495 4812 544 4844 "
575 4812 742 4867 Marc.
773 4828 845 4877 vi,
876 4812 964 4867 I8.
1039 4812 1084 4844 “
1115 4812 1273 4869 Deut.
1309 4828 1433 4881 xxv,
1462 4813 1519 4868 5.

2117 4450 2360 4525 μοιχείαν
2388 4451 2725 4520 ἀποφαίνων.
2754 4454 2818 4505 Οί
2849 4452 2907 4505 δέ
2943 4471 3129 4523 φασιν,
3175 4456 3257 4508 ὅτι
3297 4454 3562 4524 φονεύσας
3593 4452 3681 4506 τὸν

2110 4543 2339 4612 ἀδελφὸν
2385 4544 2452 4629 διῖ
2500 4544 2799 4614 ἐπιθυμίαν
2831 4550 2929 4616 τῆς
2964 4547 3271 4617 βασιλείας,
3315 4549 3410 4602 καὶ
3451 4546 3547 4618 τήν
3582 4564 3680 4614 γυ-

2111 4638 2273 4689 ναῖκα
2325 4637 2469 4708 (ἤρα
2506 4637 2615 4709 γὰρ
2662 4639 2832 4710 αὐτῆς
2879 4640 2945 4693 ἐκ
2978 4630 3215 4711 πολλοῦ)
3246 4639 3639 4710 προσαφείλετο
3663 4655 3680 4672 ·

1506 4959 1742 5017 ΥΑΒΙᾹΞ
1779 4959 2158 5020 LECTIONES
2193 4961 2282 5017 ET
2319 4962 2542 5020 NOTA-I

495 5126 572 5195 (5)
608 5123 769 5195 Multa
797 5120 1155 5195 SS.__Patrum
1180 5121 1346 5195 Adicta
1382 5122 1445 5195 in
1486 5124 2007 5195 hancsenlentiant

2173 5122 2251 5194 (6)
2297 5122 2401 5194 [iro
2456 5120 2824 5192 βεδηλωκέναι
2854 5092 2989 5177 erud.
3039 5120 3162 5178 Vat.
3187 5120 3316 5192 legit
3364 5118 3683 5192 παραϐεϐη-

422 5190 687 5252 exstant:
725 5193 777 5247 iu
818 5191 976 5246 malis
1022 5190 1326 5262 promissis,
1375 5193 1590 5247 etiamsi
1637 5193 1993 5262 jurejurando
2101 5190 2280 5247 κέναι.
2315 5190 2532 5247 Possis.

426 5265 618 5318 vallata
656 5265 784 5326 sint,
810 5270 1067 5330 praestare
1104 5261 1283 5331 fidem,
1310 5261 1650 5321 rescindere.
1697 5278 1856 5331 quam
1894 5264 1995 5316 im-

424 5339 593 5404 plere,
645 5329 822 5399 neque
852 5332 966 5404 hoe
1003 5344 1123 5385 esse
1168 5329 1488 5404 periurium.
1554 5331 1684 5404 Vide
1717 5329 1992 5396 ‘Amsium,

422 5398 802 5473 Augustinum,
852 5400 1114 5473 Isidorum
1168 5398 1828 5473 I‘Iispalensem,illedam,
1862 5413 1991 5467 ete.,

422 5469 622 5526 relatos
651 5486 678 5523 a
721 5470 980 5523 Gratiano
998 5484 1161 5523 causa
1191 5469 1295 5533 ‘22,
1324 5479 1516 5537 qnznst.
1563 5472 1617 5535 4,
1658 5472 1710 5524 in
1755 5487 1792 5524 ιι
1852 5483 1989 5540 part.

426 5542 648 5594 Dccrctt'.
681 5540 744 5593 Et
775 5541 909 5594 ratio
946 5548 1048 5600 est,
1083 5540 1211 5603 quia
1258 5541 1635 5608 jusjurandum
1678 5558 1784 5595 non
1835 5543 1994 5596 debet

424 5624 545 5663 esse
575 5609 840 5661 vinculum
869 5608 1186 5675 iniquitatis.
1224 5608 1389 5663 R111“.

2174 5264 2252 5332 (7)
2285 5263 2427 5316 Idem
2456 5260 2755 5325 ἐσπούδαζε
2797 5269 2970 5316 mutat
2992 5262 3046 5315 in
3076 5260 3400 5332 ἐσπούδασε.
3429 5260 3503 5315 In.

2174 5266 2229 5332 (7
2285 5266 2427 5316 Idem
2456 5266 2755 5325 ἐσπούδαζε
2797 5269 2970 5316 mutat
2992 5266 3046 5315 in
3076 5266 3400 5313 ἐσπούδασε.
3429 5266 3503 5315 In.

2174 5266 2252 5404 (si
2280 5333 2425 5386 Idem
2455 5333 2657 5404 omittit
2698 5332 2773 5404 ᾡς
2807 5340 2929 5404 post
2968 5333 3099 5401 γάρ.
3150 5329 3305 5404 vers.
3345 5340 3570 5404 postea
3600 5342 3683 5404 s_e-

2096 5398 2284 5471 ptiino,
2323 5417 2421 5470 pro
2449 5398 2884 5465 διαστασιάζοντι
2916 5398 3100 5467 habet,
3132 5398 3226 5453 τοῦ
3272 5399 3463 5469 ἀνδρὸς
3512 5399 3679 5465 αὐτῆς

2097 5471 2589 5534 διαστασιάζοντος.

2171 5540 2708 5611 (9)7Pr0xa1eiidem
2737 5540 2859 5611 cod.
2888 5540 3041 5611 ponit
3066 5537 3277 5604 ἐκάλει,
3309 5547 3364 5593 et
3393 5552 3535 5593 vers.
3556 5551 3677 5601 seq.

2098 5610 2364 5672 διαδοθεὶς
2396 5625 2492 5679 pro
2521 5610 2713 5673 δοθείς.
2748 5610 2826 5663 Ib.
