  <div class='ocr_page' id='page_1' title='image "/cluster/home/n/w/nwhite01/storage/ocr_20150623/78/mdp.39015010334699/588.png"; bbox 0 0 4042 6146; ppageno 0'>
   <div class='ocr_carea' id='block_1_1' title="bbox 408 307 539 377">
    <p class='ocr_par' dir='ltr' id='par_1_1' title="bbox 408 307 539 377">
     <span class='ocr_line' id='line_1_1' title="bbox 408 307 539 377; baseline -0.023 0"><span class='ocrx_word' id='word_1_1' title='bbox 408 307 539 377; x_wconf 84' lang='grc'><strong>1161</strong></span> 
     </span>
    </p>
   </div>
   <div class='ocr_carea' id='block_1_2' title="bbox 1276 296 2777 365">
    <p class='ocr_par' dir='ltr' id='par_1_2' title="bbox 1276 296 2777 365">
     <span class='ocr_line' id='line_1_2' title="bbox 1276 296 2777 365; baseline 0 -1"><span class='ocrx_word' id='word_1_2' title='bbox 1276 302 1805 364; x_wconf 83' lang='lat' dir='ltr'><strong>EPISTOLARUM</strong></span> <span class='ocrx_word' id='word_1_3' title='bbox 1847 302 1992 362; x_wconf 68' lang='lat' dir='ltr'><strong>Lm.</strong></span> <span class='ocrx_word' id='word_1_4' title='bbox 2034 302 2131 361; x_wconf 85' lang='lat' dir='ltr'><strong>IV.</strong></span> <span class='ocrx_word' id='word_1_5' title='bbox 2164 296 2244 337; x_wconf 83' lang='grc'><strong>’--</strong></span> <span class='ocrx_word' id='word_1_6' title='bbox 2282 302 2516 362; x_wconf 84' lang='lat' dir='ltr'><strong>EPIST.</strong></span> <span class='ocrx_word' id='word_1_7' title='bbox 2538 301 2777 365; x_wconf 83' lang='lat' dir='ltr'><strong>XCVII.</strong></span> 
     </span>
    </p>
   </div>
   <div class='ocr_carea' id='block_1_3' title="bbox 3475 301 3629 367">
    <p class='ocr_par' dir='ltr' id='par_1_3' title="bbox 3475 301 3629 367">
     <span class='ocr_line' id='line_1_3' title="bbox 3475 301 3629 367; baseline 0.013 -2"><span class='ocrx_word' id='word_1_8' title='bbox 3475 301 3629 367; x_wconf 25' lang='lat'><strong>1162.</strong></span> 
     </span>
    </p>
   </div>
   <div class='ocr_carea' id='block_1_4' title="bbox 401 407 1962 493">
    <p class='ocr_par' dir='ltr' id='par_1_4' title="bbox 401 407 1960 493">
     <span class='ocr_line' id='line_1_4' title="bbox 401 407 1960 493; baseline -0.01 -15"><span class='ocrx_word' id='word_1_9' title='bbox 401 420 484 488; x_wconf 72' lang='grc' dir='ltr'>οἷς</span> <span class='ocrx_word' id='word_1_10' title='bbox 507 420 773 493; x_wconf 79' lang='grc' dir='ltr'>εὐτρεπὴς</span> <span class='ocrx_word' id='word_1_11' title='bbox 792 419 822 471; x_wconf 91' lang='lat'><strong>6</strong></span> <span class='ocrx_word' id='word_1_12' title='bbox 847 416 1063 486; x_wconf 79' lang='grc' dir='ltr'>ἔλεγχος</span> <span class='ocrx_word' id='word_1_13' title='bbox 1094 413 1549 485; x_wconf 75' lang='grc' dir='ltr'>προδεδλήσεται·</span> <span class='ocrx_word' id='word_1_14' title='bbox 1572 413 1694 475; x_wconf 82' lang='grc' dir='ltr'><strong>Πῶς</strong></span> <span class='ocrx_word' id='word_1_15' title='bbox 1722 412 1835 479; x_wconf 72' lang='lat' dir='ltr'><strong>(Mil</strong></span> <span class='ocrx_word' id='word_1_16' title='bbox 1868 407 1960 464; x_wconf 79' lang='grc' dir='ltr'><strong>οὖν</strong></span> 
     </span>
    </p>
   </div>
   <div class='ocr_carea' id='block_1_5' title="bbox 2067 407 3617 493">
    <p class='ocr_par' dir='ltr' id='par_1_5' title="bbox 2067 410 3617 488">
     <span class='ocr_line' id='line_1_5' title="bbox 2067 410 3617 488; baseline 0.008 -23"><span class='ocrx_word' id='word_1_17' title='bbox 2067 413 2245 467; x_wconf 83' lang='lat' dir='ltr'><strong>radias</strong></span> <span class='ocrx_word' id='word_1_18' title='bbox 2278 414 2533 468; x_wconf 84' lang='lat' dir='ltr'><strong>meditata</strong></span> <span class='ocrx_word' id='word_1_19' title='bbox 2560 412 2935 468; x_wconf 88' lang='lat' dir='ltr'><strong>confusionem</strong></span> <span class='ocrx_word' id='word_1_20' title='bbox 2971 410 3112 479; x_wconf 78' lang='lat' dir='ltr'><strong>juris</strong></span> <span class='ocrx_word' id='word_1_21' title='bbox 3139 416 3346 482; x_wconf 83' lang='lat' dir='ltr'><strong>paterni</strong></span> <span class='ocrx_word' id='word_1_22' title='bbox 3374 424 3617 488; x_wconf 82' lang='lat' dir='ltr'><strong>nupserit</strong></span> 
     </span>
    </p>
   </div>
   <div class='ocr_carea' id='block_1_6' title="bbox 400 500 1960 581">
    <p class='ocr_par' dir='ltr' id='par_1_6' title="bbox 400 500 1960 581">
     <span class='ocr_line' id='line_1_6' title="bbox 400 500 1960 581; baseline -0.01 -13"><span class='ocrx_word' id='word_1_23' title='bbox 400 516 492 568; x_wconf 76' lang='grc' dir='ltr'><strong>τὸν</strong></span> <span class='ocrx_word' id='word_1_24' title='bbox 527 512 686 581; x_wconf 89' lang='grc' dir='ltr'>φόνον</span> <span class='ocrx_word' id='word_1_25' title='bbox 710 508 858 578; x_wconf 81' lang='grc' dir='ltr'>αὐτῷ</span> <span class='ocrx_word' id='word_1_26' title='bbox 885 509 984 561; x_wconf 74' lang='grc' dir='ltr'><strong>οὐκ</strong></span> <span class='ocrx_word' id='word_1_27' title='bbox 1022 507 1297 559; x_wconf 83' lang='grc' dir='ltr'>ὠνείδισεν</span> <span class='ocrx_word' id='word_1_28' title='bbox 1322 509 1350 558; x_wconf 97' lang='lat'><strong>6</strong></span> <span class='ocrx_word' id='word_1_29' title='bbox 1382 504 1689 573; x_wconf 83' lang='grc' dir='ltr'>Βοιπτιστής</span> <span class='ocrx_word' id='word_1_30' title='bbox 1714 520 1728 568; x_wconf 90' lang='lat'><strong>;</strong></span> <span class='ocrx_word' id='word_1_31' title='bbox 1759 500 1960 553; x_wconf 75' lang='grc' dir='ltr'>Τοσοῦ-</span> 
     </span>
    </p>
   </div>
   <div class='ocr_carea' id='block_1_7' title="bbox 398 591 1946 671">
    <p class='ocr_par' dir='ltr' id='par_1_7' title="bbox 398 591 1946 671">
     <span class='ocr_line' id='line_1_7' title="bbox 398 591 1946 671; baseline -0.01 -14"><span class='ocrx_word' id='word_1_32' title='bbox 398 620 493 657; x_wconf 84' lang='grc' dir='ltr'><strong>τον</strong></span> <span class='ocrx_word' id='word_1_33' title='bbox 520 602 627 670; x_wconf 85' lang='grc' dir='ltr'>γὰρ</span> <span class='ocrx_word' id='word_1_34' title='bbox 665 597 1037 671; x_wconf 83' lang='grc' dir='ltr'>χαλεπώτερον</span> <span class='ocrx_word' id='word_1_35' title='bbox 1076 593 1215 650; x_wconf 81' lang='grc' dir='ltr'>εἶναι</span> <span class='ocrx_word' id='word_1_36' title='bbox 1250 597 1414 659; x_wconf 82' lang='grc' dir='ltr'>δοκεῖ,</span> <span class='ocrx_word' id='word_1_37' title='bbox 1450 596 1559 664; x_wconf 85' lang='grc' dir='ltr'><strong>ὅσῳ</strong></span> <span class='ocrx_word' id='word_1_38' title='bbox 1593 594 1688 646; x_wconf 74' lang='grc' dir='ltr'><strong>καὶ</strong></span> <span class='ocrx_word' id='word_1_39' title='bbox 1721 591 1946 658; x_wconf 86' lang='grc' dir='ltr'>ἀδελφο-</span> 
     </span>
    </p>
   </div>
   <div class='ocr_carea' id='block_1_8' title="bbox 400 678 1964 759">
    <p class='ocr_par' dir='ltr' id='par_1_8' title="bbox 400 678 1964 759">
     <span class='ocr_line' id='line_1_8' title="bbox 400 678 1964 759; baseline -0.01 -14"><span class='ocrx_word' id='word_1_40' title='bbox 400 692 589 759; x_wconf 80' lang='grc' dir='ltr'>κτονία</span> <span class='ocrx_word' id='word_1_41' title='bbox 628 690 786 759; x_wconf 84' lang='grc' dir='ltr'>φόνου</span> <span class='ocrx_word' id='word_1_42' title='bbox 818 687 1165 757; x_wconf 79' lang='grc' dir='ltr'>ὲναγεστὲρα.</span> <span class='ocrx_word' id='word_1_43' title='bbox 1199 686 1320 739; x_wconf 76' lang='grc' dir='ltr'>Εἴτε</span> <span class='ocrx_word' id='word_1_44' title='bbox 1357 680 1449 738; x_wconf 82' lang='grc' dir='ltr'><strong>οὖν</strong></span> <span class='ocrx_word' id='word_1_45' title='bbox 1474 684 1571 754; x_wconf 76' lang='grc' dir='ltr'>τὴν</span> <span class='ocrx_word' id='word_1_46' title='bbox 1605 679 1846 751; x_wconf 84' lang='grc' dir='ltr'>πρώτην,</span> <span class='ocrx_word' id='word_1_47' title='bbox 1887 678 1964 741; x_wconf 79' lang='grc' dir='ltr'>ὡς</span> 
     </span>
    </p>
   </div>
   <div class='ocr_carea' id='block_1_9' title="bbox 400 768 1964 847">
    <p class='ocr_par' dir='ltr' id='par_1_9' title="bbox 400 768 1964 847">
     <span class='ocr_line' id='line_1_9' title="bbox 400 768 1964 847; baseline -0.01 -14"><span class='ocrx_word' id='word_1_48' title='bbox 400 779 575 847; x_wconf 78' lang='grc' dir='ltr'>ἔγωγε</span> <span class='ocrx_word' id='word_1_49' title='bbox 604 774 775 847; x_wconf 77' lang='grc' dir='ltr'>οἶμαι,</span> <span class='ocrx_word' id='word_1_50' title='bbox 817 776 927 828; x_wconf 74' lang='grc' dir='ltr'>εἴτε</span> <span class='ocrx_word' id='word_1_51' title='bbox 957 778 1055 846; x_wconf 86' lang='grc' dir='ltr'>τὴν</span> <span class='ocrx_word' id='word_1_52' title='bbox 1083 775 1358 845; x_wconf 77' lang='grc' dir='ltr'><strong>δευτέραν,</strong></span> <span class='ocrx_word' id='word_1_53' title='bbox 1411 773 1520 825; x_wconf 75' lang='grc' dir='ltr'>εἴτε</span> <span class='ocrx_word' id='word_1_54' title='bbox 1543 771 1640 840; x_wconf 76' lang='grc' dir='ltr'>τὴν</span> <span class='ocrx_word' id='word_1_55' title='bbox 1662 771 1855 839; x_wconf 83' lang='grc' dir='ltr'>τρίτην</span> <span class='ocrx_word' id='word_1_56' title='bbox 1881 768 1964 820; x_wconf 73' lang='lat' dir='ltr'><strong>ati-</strong></span> 
     </span>
    </p>
   </div>
   <div class='ocr_carea' id='block_1_10' title="bbox 398 857 1961 937">
    <p class='ocr_par' dir='ltr' id='par_1_10' title="bbox 398 857 1961 937">
     <span class='ocr_line' id='line_1_10' title="bbox 398 857 1961 937; baseline -0.009 -14"><span class='ocrx_word' id='word_1_57' title='bbox 398 857 522 923; x_wconf 74' lang='grc' dir='ltr'><strong>⁴ιῖίαν</strong></span> <span class='ocrx_word' id='word_1_58' title='bbox 559 864 701 937; x_wconf 72' lang='grc' dir='ltr'>εἶχεν</span> <span class='ocrx_word' id='word_1_59' title='bbox 744 868 773 920; x_wconf 89' lang='lat'><strong>6</strong></span> <span class='ocrx_word' id='word_1_60' title='bbox 814 865 1053 934; x_wconf 75' lang='grc' dir='ltr'>ἐλεγχος,</span> <span class='ocrx_word' id='word_1_61' title='bbox 1091 867 1119 917; x_wconf 88' lang='lat'><strong>6</strong></span> <span class='ocrx_word' id='word_1_62' title='bbox 1166 865 1406 934; x_wconf 77' lang='grc' dir='ltr'>ἀνδρεῖος</span> <span class='ocrx_word' id='word_1_63' title='bbox 1436 862 1531 916; x_wconf 74' lang='grc' dir='ltr'>καὶ</span> <span class='ocrx_word' id='word_1_64' title='bbox 1564 862 1810 928; x_wconf 78' lang='grc' dir='ltr'><strong>γενναῖος</strong></span> <span class='ocrx_word' id='word_1_65' title='bbox 1851 858 1961 928; x_wconf 77' lang='lat' dir='ltr'><strong>(ll)</strong></span> 
     </span>
    </p>
   </div>
   <div class='ocr_carea' id='block_1_11' title="bbox 400 949 1965 1025">
    <p class='ocr_par' dir='ltr' id='par_1_11' title="bbox 400 949 1965 1025">
     <span class='ocr_line' id='line_1_11' title="bbox 400 949 1965 1025; baseline -0.007 -15"><span class='ocrx_word' id='word_1_66' title='bbox 400 961 496 1012; x_wconf 81' lang='grc' dir='ltr'>καὶ</span> <span class='ocrx_word' id='word_1_67' title='bbox 538 954 760 1025; x_wconf 73' lang='grc' dir='ltr'>ἐλέγξας</span> <span class='ocrx_word' id='word_1_68' title='bbox 805 956 899 1008; x_wconf 73' lang='grc' dir='ltr'><strong>καὶ</strong></span> <span class='ocrx_word' id='word_1_69' title='bbox 948 954 1253 1017; x_wconf 76' lang='grc' dir='ltr'>ἀποθανὼν,</span> <span class='ocrx_word' id='word_1_70' title='bbox 1299 954 1374 1016; x_wconf 82' lang='grc' dir='ltr'>ὡς</span> <span class='ocrx_word' id='word_1_71' title='bbox 1417 954 1528 1015; x_wconf 79' lang='grc' dir='ltr'>τοῖς</span> <span class='ocrx_word' id='word_1_72' title='bbox 1574 950 1741 1012; x_wconf 84' lang='grc' dir='ltr'>θείοις</span> <span class='ocrx_word' id='word_1_73' title='bbox 1778 949 1965 1017; x_wconf 84' lang='grc' dir='ltr'>νόμοις</span> 
     </span>
    </p>
   </div>
   <div class='ocr_carea' id='block_1_12' title="bbox 402 1033 1963 1115">
    <p class='ocr_par' dir='ltr' id='par_1_12' title="bbox 402 1033 1963 1115">
     <span class='ocr_line' id='line_1_12' title="bbox 402 1033 1963 1115; baseline -0.006 -17"><span class='ocrx_word' id='word_1_74' title='bbox 402 1045 780 1115; x_wconf 78' lang='grc' dir='ltr'><strong>συνηγορήσας</strong></span> <span class='ocrx_word' id='word_1_75' title='bbox 801 1085 816 1108; x_wconf 97' lang='grc'><strong>,</strong></span> <span class='ocrx_word' id='word_1_76' title='bbox 862 1043 1088 1113; x_wconf 79' lang='grc' dir='ltr'>ᾀδέσθω.</span> <span class='ocrx_word' id='word_1_77' title='bbox 1119 1045 1180 1095; x_wconf 73' lang='lat' dir='ltr'><strong>Ei</strong></span> <span class='ocrx_word' id='word_1_78' title='bbox 1212 1042 1269 1095; x_wconf 80' lang='grc' dir='ltr'><strong>δέ</strong></span> <span class='ocrx_word' id='word_1_79' title='bbox 1300 1059 1383 1103; x_wconf 90' lang='grc' dir='ltr'><strong>τις</strong></span> <span class='ocrx_word' id='word_1_80' title='bbox 1434 1039 1568 1108; x_wconf 86' lang='grc' dir='ltr'>φαίη</span> <span class='ocrx_word' id='word_1_81' title='bbox 1595 1055 1610 1068; x_wconf 90' lang='grc'><strong>·</strong></span> <span class='ocrx_word' id='word_1_82' title='bbox 1643 1037 1743 1091; x_wconf 83' lang='grc' dir='ltr'>Διά</span> <span class='ocrx_word' id='word_1_83' title='bbox 1772 1037 1825 1089; x_wconf 87' lang='grc' dir='ltr'><strong>τί</strong></span> <span class='ocrx_word' id='word_1_84' title='bbox 1871 1033 1963 1089; x_wconf 79' lang='grc' dir='ltr'>οὖν</span> 
     </span>
    </p>
   </div>
   <div class='ocr_carea' id='block_1_13' title="bbox 405 1128 1963 1207">
    <p class='ocr_par' dir='ltr' id='par_1_13' title="bbox 405 1128 1963 1207">
     <span class='ocr_line' id='line_1_13' title="bbox 405 1128 1963 1207; baseline -0.004 -17"><span class='ocrx_word' id='word_1_85' title='bbox 405 1136 753 1207; x_wconf 81' lang='grc' dir='ltr'><strong>συνεχωρήθη</strong></span> <span class='ocrx_word' id='word_1_86' title='bbox 776 1135 932 1187; x_wconf 85' lang='grc' dir='ltr'>τοῦτο</span> <span class='ocrx_word' id='word_1_87' title='bbox 962 1136 1189 1201; x_wconf 78' lang='grc' dir='ltr'>παθεῖνς</span> <span class='ocrx_word' id='word_1_88' title='bbox 1226 1136 1511 1204; x_wconf 76' lang='grc' dir='ltr'>φήσαιμι,</span> <span class='ocrx_word' id='word_1_89' title='bbox 1545 1130 1626 1185; x_wconf 80' lang='grc' dir='ltr'>ὅτι</span> <span class='ocrx_word' id='word_1_90' title='bbox 1675 1128 1836 1191; x_wconf 79' lang='grc' dir='ltr'>αὐτὸς</span> <span class='ocrx_word' id='word_1_91' title='bbox 1863 1128 1963 1197; x_wconf 83' lang='grc' dir='ltr'><strong>μὲν</strong></span> 
     </span>
    </p>
   </div>
   <div class='ocr_carea' id='block_1_14' title="bbox 402 1218 1962 1295">
    <p class='ocr_par' dir='ltr' id='par_1_14' title="bbox 402 1218 1962 1295">
     <span class='ocr_line' id='line_1_14' title="bbox 402 1218 1962 1295; baseline -0.006 -15"><span class='ocrx_word' id='word_1_92' title='bbox 402 1225 606 1295; x_wconf 68' lang='grc' dir='ltr'>ἐϐλάϐη</span> <span class='ocrx_word' id='word_1_93' title='bbox 654 1224 824 1279; x_wconf 75' lang='grc' dir='ltr'>οὐδέν.</span> <span class='ocrx_word' id='word_1_94' title='bbox 863 1224 926 1277; x_wconf 79' lang='lat' dir='ltr'><strong>Ei</strong></span> <span class='ocrx_word' id='word_1_95' title='bbox 969 1224 1074 1295; x_wconf 74' lang='grc' dir='ltr'>γὰρ</span> <span class='ocrx_word' id='word_1_96' title='bbox 1113 1224 1331 1285; x_wconf 85' lang='grc' dir='ltr'>πάντως</span> <span class='ocrx_word' id='word_1_97' title='bbox 1371 1222 1485 1292; x_wconf 76' lang='grc' dir='ltr'>χρὴ</span> <span class='ocrx_word' id='word_1_98' title='bbox 1531 1221 1624 1273; x_wconf 80' lang='grc' dir='ltr'><strong>τὸν</strong></span> <span class='ocrx_word' id='word_1_99' title='bbox 1663 1219 1775 1289; x_wconf 88' lang='grc' dir='ltr'>βίον</span> <span class='ocrx_word' id='word_1_100' title='bbox 1812 1218 1962 1282; x_wconf 74' lang='grc' dir='ltr'>ἐξελ-</span> 
     </span>
    </p>
   </div>
   <div class='ocr_carea' id='block_1_15' title="bbox 404 1309 1964 1386">
    <p class='ocr_par' dir='ltr' id='par_1_15' title="bbox 404 1309 1964 1386">
     <span class='ocr_line' id='line_1_15' title="bbox 404 1309 1964 1386; baseline -0.007 -16"><span class='ocrx_word' id='word_1_101' title='bbox 404 1317 519 1370; x_wconf 76' lang='grc' dir='ltr'>θεῖν</span> <span class='ocrx_word' id='word_1_102' title='bbox 546 1315 657 1386; x_wconf 69' lang='grc' dir='ltr'><strong>(Ιῖ)</strong></span> <span class='ocrx_word' id='word_1_103' title='bbox 689 1356 704 1379; x_wconf 91' lang='grc'><strong>,</strong></span> <span class='ocrx_word' id='word_1_104' title='bbox 732 1316 759 1367; x_wconf 90' lang='lat'><strong>6</strong></span> <span class='ocrx_word' id='word_1_105' title='bbox 786 1315 1051 1384; x_wconf 82' lang='grc' dir='ltr'>λαμπρῶς</span> <span class='ocrx_word' id='word_1_106' title='bbox 1081 1313 1291 1378; x_wconf 82' lang='grc' dir='ltr'>διεξιὼν</span> <span class='ocrx_word' id='word_1_107' title='bbox 1333 1314 1466 1379; x_wconf 82' lang='lat' dir='ltr'><strong>(l5),</strong></span> <span class='ocrx_word' id='word_1_108' title='bbox 1504 1309 1964 1381; x_wconf 83' lang='grc' dir='ltr'>μακαριστότερος</span> 
     </span>
    </p>
   </div>
   <div class='ocr_carea' id='block_1_16' title="bbox 405 1400 1963 1477">
    <p class='ocr_par' dir='ltr' id='par_1_16' title="bbox 405 1400 1963 1477">
     <span class='ocr_line' id='line_1_16' title="bbox 405 1400 1963 1477; baseline -0.008 -16"><span class='ocrx_word' id='word_1_109' title='bbox 405 1408 473 1461; x_wconf 80' lang='grc' dir='ltr'><strong>ἂν</strong></span> <span class='ocrx_word' id='word_1_110' title='bbox 504 1406 611 1477; x_wconf 68' lang='grc' dir='ltr'>εἴη.</span> <span class='ocrx_word' id='word_1_111' title='bbox 645 1404 858 1458; x_wconf 77' lang='grc' dir='ltr'>Ἔπειθ’</span> <span class='ocrx_word' id='word_1_112' title='bbox 886 1407 965 1457; x_wconf 83' lang='grc' dir='ltr'>ὅτι</span> <span class='ocrx_word' id='word_1_113' title='bbox 998 1407 1030 1475; x_wconf 81' lang='grc' dir='ltr'>ἡ</span> <span class='ocrx_word' id='word_1_114' title='bbox 1065 1404 1183 1457; x_wconf 84' lang='grc' dir='ltr'>θεία</span> <span class='ocrx_word' id='word_1_115' title='bbox 1217 1404 1328 1472; x_wconf 72' lang='grc'><strong>(14)</strong></span> <span class='ocrx_word' id='word_1_116' title='bbox 1371 1402 1614 1457; x_wconf 70' lang='grc' dir='ltr'>ἐνδίδωσι</span> <span class='ocrx_word' id='word_1_117' title='bbox 1644 1403 1755 1463; x_wconf 78' lang='grc' dir='ltr'>τοῖς</span> <span class='ocrx_word' id='word_1_118' title='bbox 1780 1400 1963 1468; x_wconf 84' lang='grc' dir='ltr'>πλημ-</span> 
     </span>
    </p>
   </div>
   <div class='ocr_carea' id='block_1_17' title="bbox 408 1490 1964 1566">
    <p class='ocr_par' dir='ltr' id='par_1_17' title="bbox 408 1490 1964 1566">
     <span class='ocr_line' id='line_1_17' title="bbox 408 1490 1964 1566; baseline -0.006 -17"><span class='ocrx_word' id='word_1_119' title='bbox 408 1495 630 1566; x_wconf 81' lang='grc' dir='ltr'>μελοῦσι</span> <span class='ocrx_word' id='word_1_120' title='bbox 665 1495 853 1565; x_wconf 82' lang='grc' dir='ltr'>καιρὸν</span> <span class='ocrx_word' id='word_1_121' title='bbox 899 1494 1202 1564; x_wconf 79' lang='grc' dir='ltr'>μετανοίας.</span> <span class='ocrx_word' id='word_1_122' title='bbox 1241 1494 1302 1546; x_wconf 79' lang='grc' dir='ltr'><strong>Εἰ</strong></span> <span class='ocrx_word' id='word_1_123' title='bbox 1334 1493 1391 1545; x_wconf 85' lang='grc' dir='ltr'>δὲ</span> <span class='ocrx_word' id='word_1_124' title='bbox 1440 1491 1563 1561; x_wconf 74' lang='grc' dir='ltr'>μηδ’</span> <span class='ocrx_word' id='word_1_125' title='bbox 1591 1490 1765 1553; x_wconf 73' lang='grc' dir='ltr'>οὕτως</span> <span class='ocrx_word' id='word_1_126' title='bbox 1802 1505 1964 1559; x_wconf 57' lang='grc' dir='ltr'>μετα.</span> 
     </span>
    </p>
   </div>
   <div class='ocr_carea' id='block_1_18' title="bbox 404 1579 1960 1657">
    <p class='ocr_par' dir='ltr' id='par_1_18' title="bbox 404 1579 1960 1657">
     <span class='ocr_line' id='line_1_18' title="bbox 404 1579 1960 1657; baseline -0.006 -16"><span class='ocrx_word' id='word_1_127' title='bbox 404 1589 677 1657; x_wconf 84' lang='grc' dir='ltr'>νοήσαιεν,</span> <span class='ocrx_word' id='word_1_128' title='bbox 707 1586 1086 1657; x_wconf 82' lang='grc' dir='ltr'>χαλεπωτέρας</span> <span class='ocrx_word' id='word_1_129' title='bbox 1113 1586 1253 1655; x_wconf 82' lang='grc' dir='ltr'>όριεῖ</span> <span class='ocrx_word' id='word_1_130' title='bbox 1269 1584 1365 1646; x_wconf 85' lang='grc' dir='ltr'>τὰς</span> <span class='ocrx_word' id='word_1_131' title='bbox 1389 1582 1659 1652; x_wconf 78' lang='grc' dir='ltr'>τιμωρίας</span> <span class='ocrx_word' id='word_1_132' title='bbox 1678 1598 1693 1613; x_wconf 78' lang='grc' dir='ltr'><strong>ο</strong></span> <span class='ocrx_word' id='word_1_133' title='bbox 1716 1579 1960 1647; x_wconf 78' lang='grc' dir='ltr'>καὶγὰρ,</span> 
     </span>
    </p>
   </div>
   <div class='ocr_carea' id='block_1_19' title="bbox 410 1672 1966 1746">
    <p class='ocr_par' dir='ltr' id='par_1_19' title="bbox 410 1672 1966 1746">
     <span class='ocr_line' id='line_1_19' title="bbox 410 1672 1966 1746; baseline -0.006 -15"><span class='ocrx_word' id='word_1_134' title='bbox 410 1676 487 1741; x_wconf 82' lang='grc' dir='ltr'>ὥς</span> <span class='ocrx_word' id='word_1_135' title='bbox 524 1677 655 1746; x_wconf 80' lang='grc' dir='ltr'>φασί</span> <span class='ocrx_word' id='word_1_136' title='bbox 681 1693 843 1741; x_wconf 89' lang='grc' dir='ltr'>τινες,</span> <span class='ocrx_word' id='word_1_137' title='bbox 876 1676 910 1745; x_wconf 82' lang='grc' dir='ltr'>ἡ</span> <span class='ocrx_word' id='word_1_138' title='bbox 936 1675 1099 1727; x_wconf 87' lang='grc' dir='ltr'>κακία</span> <span class='ocrx_word' id='word_1_139' title='bbox 1125 1676 1181 1728; x_wconf 83' lang='grc' dir='ltr'><strong>ἐν</strong></span> <span class='ocrx_word' id='word_1_140' title='bbox 1216 1674 1404 1743; x_wconf 83' lang='grc' dir='ltr'>κόσμῳ</span> <span class='ocrx_word' id='word_1_141' title='bbox 1436 1672 1792 1742; x_wconf 77' lang='grc' dir='ltr'>βασιλεύουσα</span> <span class='ocrx_word' id='word_1_142' title='bbox 1820 1673 1966 1723; x_wconf 84' lang='grc' dir='ltr'>ἀντι-</span> 
     </span>
    </p>
   </div>
   <div class='ocr_carea' id='block_1_20' title="bbox 2066 500 3613 572">
    <p class='ocr_par' dir='ltr' id='par_1_20' title="bbox 2066 500 3613 572">
     <span class='ocr_line' id='line_1_20' title="bbox 2066 500 3613 572; baseline 0.01 -18"><span class='ocrx_word' id='word_1_143' title='bbox 2066 500 2285 563; x_wconf 81' lang='lat' dir='ltr'><strong>Herodi,</strong></span> <span class='ocrx_word' id='word_1_144' title='bbox 2316 502 2560 570; x_wconf 88' lang='lat' dir='ltr'><strong>quicum</strong></span> <span class='ocrx_word' id='word_1_145' title='bbox 2603 502 2773 557; x_wconf 86' lang='lat' dir='ltr'><strong>fratre</strong></span> <span class='ocrx_word' id='word_1_146' title='bbox 2822 503 3068 557; x_wconf 86' lang='lat' dir='ltr'><strong>eumdem</strong></span> <span class='ocrx_word' id='word_1_147' title='bbox 3116 512 3324 572; x_wconf 80' lang='lat' dir='ltr'><strong>patrem</strong></span> <span class='ocrx_word' id='word_1_148' title='bbox 3381 509 3613 569; x_wconf 86' lang='lat' dir='ltr'><strong>habente</strong></span> 
     </span>
    </p>
   </div>
   <div class='ocr_carea' id='block_1_21' title="bbox 2064 590 3615 664">
    <p class='ocr_par' dir='ltr' id='par_1_21' title="bbox 2064 590 3615 664">
     <span class='ocr_line' id='line_1_21' title="bbox 2064 590 3615 664; baseline 0.01 -22"><span class='ocrx_word' id='word_1_149' title='bbox 2064 590 2375 645; x_wconf 81' lang='lat' dir='ltr'><strong>inimicitias</strong></span> <span class='ocrx_word' id='word_1_150' title='bbox 2398 592 2592 645; x_wconf 88' lang='lat' dir='ltr'><strong>alebat.</strong></span> <span class='ocrx_word' id='word_1_151' title='bbox 2615 591 2712 645; x_wconf 89' lang='lat' dir='ltr'><strong>Cui</strong></span> <span class='ocrx_word' id='word_1_152' title='bbox 2742 593 2863 659; x_wconf 88' lang='lat' dir='ltr'><strong>quis</strong></span> <span class='ocrx_word' id='word_1_153' title='bbox 2884 607 3171 648; x_wconf 87' lang='lat' dir='ltr'><strong>occurrere</strong></span> <span class='ocrx_word' id='word_1_154' title='bbox 3192 606 3387 664; x_wconf 88' lang='lat' dir='ltr'><strong>potest,</strong></span> <span class='ocrx_word' id='word_1_155' title='bbox 3412 601 3615 657; x_wconf 88' lang='lat' dir='ltr'><strong>dicens:</strong></span> 
     </span>
    </p>
   </div>
   <div class='ocr_carea' id='block_1_22' title="bbox 2064 680 3614 757">
    <p class='ocr_par' dir='ltr' id='par_1_22' title="bbox 2064 680 3614 757">
     <span class='ocr_line' id='line_1_22' title="bbox 2064 680 3614 757; baseline 0.009 -24"><span class='ocrx_word' id='word_1_156' title='bbox 2064 680 2339 746; x_wconf 83' lang='lat' dir='ltr'><strong>Quomodo</strong></span> <span class='ocrx_word' id='word_1_157' title='bbox 2390 681 2627 738; x_wconf 84' lang='lat' dir='ltr'><strong>Joannes</strong></span> <span class='ocrx_word' id='word_1_158' title='bbox 2676 700 2782 738; x_wconf 89' lang='lat' dir='ltr'><strong>non</strong></span> <span class='ocrx_word' id='word_1_159' title='bbox 2845 694 3099 755; x_wconf 82' lang='lat' dir='ltr'><strong>tanquam</strong></span> <span class='ocrx_word' id='word_1_160' title='bbox 3145 689 3470 757; x_wconf 90' lang='lat' dir='ltr'><strong>adulterum,</strong></span> <span class='ocrx_word' id='word_1_161' title='bbox 3521 694 3614 749; x_wconf 87' lang='lat' dir='ltr'><strong>sed</strong></span> 
     </span>
    </p>
   </div>
   <div class='ocr_carea' id='block_1_23' title="bbox 2066 772 3618 843">
    <p class='ocr_par' dir='ltr' id='par_1_23' title="bbox 2066 772 3618 843">
     <span class='ocr_line' id='line_1_23' title="bbox 2066 772 3618 843; baseline 0.007 -21"><span class='ocrx_word' id='word_1_162' title='bbox 2066 779 2325 839; x_wconf 79' lang='lat' dir='ltr'><strong>tanquam</strong></span> <span class='ocrx_word' id='word_1_163' title='bbox 2341 772 2580 839; x_wconf 85' lang='lat' dir='ltr'><strong>eutn.qui</strong></span> <span class='ocrx_word' id='word_1_164' title='bbox 2614 781 2801 826; x_wconf 87' lang='lat' dir='ltr'><strong>contra</strong></span> <span class='ocrx_word' id='word_1_165' title='bbox 2831 773 2998 839; x_wconf 85' lang='lat' dir='ltr'><strong>legem</strong></span> <span class='ocrx_word' id='word_1_166' title='bbox 3021 775 3287 843; x_wconf 79' lang='lat' dir='ltr'><strong>duxisset,</strong></span> <span class='ocrx_word' id='word_1_167' title='bbox 3315 781 3618 835; x_wconf 79' lang='lat' dir='ltr'><strong>accusavit?</strong></span> 
     </span>
    </p>
   </div>
   <div class='ocr_carea' id='block_1_24' title="bbox 2060 860 3616 936">
    <p class='ocr_par' dir='ltr' id='par_1_24' title="bbox 2060 860 3616 936">
     <span class='ocr_line' id='line_1_24' title="bbox 2060 860 3616 936; baseline 0.006 -21"><span class='ocrx_word' id='word_1_168' title='bbox 2060 860 2163 915; x_wconf 87' lang='lat' dir='ltr'><strong>Cui</strong></span> <span class='ocrx_word' id='word_1_169' title='bbox 2187 876 2253 916; x_wconf 84' lang='lat' dir='ltr'><strong>ex</strong></span> <span class='ocrx_word' id='word_1_170' title='bbox 2284 860 2457 915; x_wconf 81' lang='lat' dir='ltr'><strong>altera</strong></span> <span class='ocrx_word' id='word_1_171' title='bbox 2476 871 2628 929; x_wconf 86' lang='lat' dir='ltr'><strong>parte</strong></span> <span class='ocrx_word' id='word_1_172' title='bbox 2658 873 2838 932; x_wconf 85' lang='lat' dir='ltr'><strong>potest</strong></span> <span class='ocrx_word' id='word_1_173' title='bbox 2863 865 2987 932; x_wconf 86' lang='lat' dir='ltr'><strong>quis</strong></span> <span class='ocrx_word' id='word_1_174' title='bbox 3020 868 3369 936; x_wconf 88' lang='lat' dir='ltr'><strong>respondere,</strong></span> <span class='ocrx_word' id='word_1_175' title='bbox 3400 870 3616 925; x_wconf 85' lang='lat' dir='ltr'><strong>dicens:</strong></span> 
     </span>
    </p>
   </div>
   <div class='ocr_carea' id='block_1_25' title="bbox 2063 949 3616 1022">
    <p class='ocr_par' dir='ltr' id='par_1_25' title="bbox 2063 949 3616 1022">
     <span class='ocr_line' id='line_1_25' title="bbox 2063 949 3616 1022; baseline 0.008 -20"><span class='ocrx_word' id='word_1_176' title='bbox 2063 949 2318 1004; x_wconf 72' lang='lat' dir='ltr'><strong>Fortasse</strong></span> <span class='ocrx_word' id='word_1_177' title='bbox 2343 965 2437 1018; x_wconf 89' lang='lat' dir='ltr'><strong>per</strong></span> <span class='ocrx_word' id='word_1_178' title='bbox 2466 951 2702 1009; x_wconf 84' lang='lat' dir='ltr'><strong>libellum</strong></span> <span class='ocrx_word' id='word_1_179' title='bbox 2734 954 2953 1022; x_wconf 89' lang='lat' dir='ltr'><strong>repudii</strong></span> <span class='ocrx_word' id='word_1_180' title='bbox 2975 970 3005 1007; x_wconf 86' lang='lat' dir='ltr'><strong>a</strong></span> <span class='ocrx_word' id='word_1_181' title='bbox 3036 957 3229 1011; x_wconf 90' lang='lat' dir='ltr'><strong>marito</strong></span> <span class='ocrx_word' id='word_1_182' title='bbox 3271 957 3616 1015; x_wconf 80' lang='lat' dir='ltr'><strong>discesserat.</strong></span> 
     </span>
    </p>
   </div>
   <div class='ocr_carea' id='block_1_26' title="bbox 2066 1040 3620 1115">
    <p class='ocr_par' dir='ltr' id='par_1_26' title="bbox 2066 1040 3620 1115">
     <span class='ocr_line' id='line_1_26' title="bbox 2066 1040 3620 1115; baseline 0.006 -20"><span class='ocrx_word' id='word_1_183' title='bbox 2066 1040 2247 1096; x_wconf 84' lang='lat' dir='ltr'><strong>Sedet</strong></span> <span class='ocrx_word' id='word_1_184' title='bbox 2275 1041 2361 1094; x_wconf 83' lang='lat' dir='ltr'><strong>hic</strong></span> <span class='ocrx_word' id='word_1_185' title='bbox 2389 1043 2507 1096; x_wconf 89' lang='lat' dir='ltr'><strong>vice</strong></span> <span class='ocrx_word' id='word_1_186' title='bbox 2535 1056 2693 1096; x_wconf 85' lang='lat' dir='ltr'><strong>versa</strong></span> <span class='ocrx_word' id='word_1_187' title='bbox 2720 1054 2983 1109; x_wconf 69' lang='lat' dir='ltr'><strong>,occurret</strong></span> <span class='ocrx_word' id='word_1_188' title='bbox 3044 1046 3345 1115; x_wconf 85' lang='lat' dir='ltr'><strong>quispiam:</strong></span> <span class='ocrx_word' id='word_1_189' title='bbox 3378 1046 3620 1113; x_wconf 81' lang='lat' dir='ltr'><strong>Quanam</strong></span> 
     </span>
    </p>
   </div>
   <div class='ocr_carea' id='block_1_27' title="bbox 2064 1131 3622 1206">
    <p class='ocr_par' dir='ltr' id='par_1_27' title="bbox 2064 1131 3622 1206">
     <span class='ocr_line' id='line_1_27' title="bbox 2064 1131 3622 1206; baseline 0.006 -22"><span class='ocrx_word' id='word_1_190' title='bbox 2064 1131 2229 1201; x_wconf 87' lang='lat' dir='ltr'><strong>igitur</strong></span> <span class='ocrx_word' id='word_1_191' title='bbox 2257 1133 2469 1187; x_wconf 84' lang='lat' dir='ltr'><strong>ratione</strong></span> <span class='ocrx_word' id='word_1_192' title='bbox 2490 1134 2542 1186; x_wconf 91' lang='lat' dir='ltr'><strong>id</strong></span> <span class='ocrx_word' id='word_1_193' title='bbox 2572 1134 2715 1202; x_wconf 82' lang='lat' dir='ltr'><strong>quod</strong></span> <span class='ocrx_word' id='word_1_194' title='bbox 2737 1150 2764 1187; x_wconf 91' lang='lat' dir='ltr'><strong>a</strong></span> <span class='ocrx_word' id='word_1_195' title='bbox 2795 1134 2909 1204; x_wconf 91' lang='lat' dir='ltr'><strong>lege</strong></span> <span class='ocrx_word' id='word_1_196' title='bbox 2944 1150 3258 1191; x_wconf 88' lang='lat' dir='ltr'><strong>concessum</strong></span> <span class='ocrx_word' id='word_1_197' title='bbox 3288 1148 3429 1206; x_wconf 90' lang='lat' dir='ltr'><strong>erat,</strong></span> <span class='ocrx_word' id='word_1_198' title='bbox 3461 1138 3622 1194; x_wconf 89' lang='lat' dir='ltr'><strong>Joan-</strong></span> 
     </span>
    </p>
   </div>
   <div class='ocr_carea' id='block_1_28' title="bbox 2065 1224 3619 1295">
    <p class='ocr_par' dir='ltr' id='par_1_28' title="bbox 2065 1224 3619 1295">
     <span class='ocr_line' id='line_1_28' title="bbox 2065 1224 3619 1295; baseline 0.004 -18"><span class='ocrx_word' id='word_1_199' title='bbox 2065 1238 2161 1279; x_wconf 81' lang='lat' dir='ltr'><strong>nes</strong></span> <span class='ocrx_word' id='word_1_200' title='bbox 2187 1225 2318 1278; x_wconf 87' lang='lat' dir='ltr'><strong>dicit</strong></span> <span class='ocrx_word' id='word_1_201' title='bbox 2356 1231 2543 1279; x_wconf 85' lang='lat' dir='ltr'><strong>contra</strong></span> <span class='ocrx_word' id='word_1_202' title='bbox 2595 1226 2771 1295; x_wconf 86' lang='lat' dir='ltr'><strong>legem</strong></span> <span class='ocrx_word' id='word_1_203' title='bbox 2807 1225 2964 1279; x_wconf 82' lang='lat' dir='ltr'><strong>fieri?</strong></span> <span class='ocrx_word' id='word_1_204' title='bbox 3000 1224 3243 1280; x_wconf 82' lang='lat' dir='ltr'><strong>Nondum</strong></span> <span class='ocrx_word' id='word_1_205' title='bbox 3270 1229 3414 1282; x_wconf 90' lang='lat' dir='ltr'><strong>enim</strong></span> <span class='ocrx_word' id='word_1_206' title='bbox 3438 1230 3619 1283; x_wconf 88' lang='lat' dir='ltr'><strong>datum</strong></span> 
     </span>
    </p>
   </div>
   <div class='ocr_carea' id='block_1_29' title="bbox 2064 1312 3622 1383">
    <p class='ocr_par' dir='ltr' id='par_1_29' title="bbox 2064 1312 3622 1383">
     <span class='ocr_line' id='line_1_29' title="bbox 2064 1312 3622 1383; baseline 0.002 -15"><span class='ocrx_word' id='word_1_207' title='bbox 2064 1322 2181 1368; x_wconf 84' lang='lat' dir='ltr'><strong>erat</strong></span> <span class='ocrx_word' id='word_1_208' title='bbox 2203 1312 2479 1368; x_wconf 89' lang='lat' dir='ltr'><strong>oraculum</strong></span> <span class='ocrx_word' id='word_1_209' title='bbox 2511 1312 2813 1382; x_wconf 85' lang='lat' dir='ltr'><strong>Evangelii,</strong></span> <span class='ocrx_word' id='word_1_210' title='bbox 2835 1315 2976 1382; x_wconf 87' lang='lat' dir='ltr'><strong>quod</strong></span> <span class='ocrx_word' id='word_1_211' title='bbox 3004 1314 3162 1368; x_wconf 87' lang='lat' dir='ltr'><strong>talem</strong></span> <span class='ocrx_word' id='word_1_212' title='bbox 3189 1314 3622 1383; x_wconf 85' lang='lat' dir='ltr'><strong>conjunctionem</strong></span> 
     </span>
    </p>
   </div>
   <div class='ocr_carea' id='block_1_30' title="bbox 2065 1403 3621 1473">
    <p class='ocr_par' dir='ltr' id='par_1_30' title="bbox 2065 1403 3621 1473">
     <span class='ocr_line' id='line_1_30' title="bbox 2065 1403 3621 1473; baseline 0.003 -18"><span class='ocrx_word' id='word_1_213' title='bbox 2065 1403 2377 1472; x_wconf 87' lang='lat' dir='ltr'><strong>pronuntiat</strong></span> <span class='ocrx_word' id='word_1_214' title='bbox 2434 1418 2556 1458; x_wconf 88' lang='lat' dir='ltr'><strong>esse</strong></span> <span class='ocrx_word' id='word_1_215' title='bbox 2608 1403 2955 1458; x_wconf 85' lang='lat' dir='ltr'><strong>adulterium.</strong></span> <span class='ocrx_word' id='word_1_216' title='bbox 3016 1404 3119 1458; x_wconf 81' lang='lat' dir='ltr'><strong>Alii</strong></span> <span class='ocrx_word' id='word_1_217' title='bbox 3178 1415 3358 1459; x_wconf 90' lang='lat' dir='ltr'><strong>autem</strong></span> <span class='ocrx_word' id='word_1_218' title='bbox 3410 1406 3621 1473; x_wconf 89' lang='lat' dir='ltr'><strong>dicunt,</strong></span> 
     </span>
    </p>
   </div>
   <div class='ocr_carea' id='block_1_31' title="bbox 2065 1494 3622 1567">
    <p class='ocr_par' dir='ltr' id='par_1_31' title="bbox 2065 1494 3622 1567">
     <span class='ocr_line' id='line_1_31' title="bbox 2065 1494 3622 1567; baseline 0.001 -20"><span class='ocrx_word' id='word_1_219' title='bbox 2065 1495 2207 1564; x_wconf 90' lang='lat' dir='ltr'><strong>quod</strong></span> <span class='ocrx_word' id='word_1_220' title='bbox 2234 1494 2498 1559; x_wconf 80' lang='lat' dir='ltr'><strong>Herodes,</strong></span> <span class='ocrx_word' id='word_1_221' title='bbox 2529 1495 2711 1550; x_wconf 87' lang='lat' dir='ltr'><strong>occiso</strong></span> <span class='ocrx_word' id='word_1_222' title='bbox 2733 1494 2902 1550; x_wconf 89' lang='lat' dir='ltr'><strong>fratre</strong></span> <span class='ocrx_word' id='word_1_223' title='bbox 2932 1509 3029 1564; x_wconf 84' lang='lat' dir='ltr'><strong>per</strong></span> <span class='ocrx_word' id='word_1_224' title='bbox 3076 1495 3423 1564; x_wconf 88' lang='lat' dir='ltr'><strong>cupiditatem</strong></span> <span class='ocrx_word' id='word_1_225' title='bbox 3449 1498 3622 1567; x_wconf 89' lang='lat' dir='ltr'><strong>regni,</strong></span> 
     </span>
    </p>
   </div>
   <div class='ocr_carea' id='block_1_32' title="bbox 2065 1587 3629 1664">
    <p class='ocr_par' dir='ltr' id='par_1_32' title="bbox 2065 1587 3629 1664">
     <span class='ocr_line' id='line_1_32' title="bbox 2065 1587 3629 1664; baseline 0.001 -25"><span class='ocrx_word' id='word_1_226' title='bbox 2065 1600 2286 1639; x_wconf 80' lang='lat' dir='ltr'><strong>uxorem</strong></span> <span class='ocrx_word' id='word_1_227' title='bbox 2318 1600 2533 1664; x_wconf 84' lang='lat' dir='ltr'><strong>quoque</strong></span> <span class='ocrx_word' id='word_1_228' title='bbox 2564 1587 2684 1655; x_wconf 83' lang='lat' dir='ltr'><strong>ejus</strong></span> <span class='ocrx_word' id='word_1_229' title='bbox 2748 1587 2830 1656; x_wconf 90' lang='lat' dir='ltr'><strong>(ut</strong></span> <span class='ocrx_word' id='word_1_230' title='bbox 2878 1601 3040 1656; x_wconf 90' lang='lat' dir='ltr'><strong>quam</strong></span> <span class='ocrx_word' id='word_1_231' title='bbox 3088 1587 3247 1657; x_wconf 85' lang='lat' dir='ltr'><strong>loug&#39;o</strong></span> <span class='ocrx_word' id='word_1_232' title='bbox 3281 1597 3522 1657; x_wconf 81' lang='lat' dir='ltr'><strong>tempore</strong></span> <span class='ocrx_word' id='word_1_233' title='bbox 3566 1603 3629 1641; x_wconf 91' lang='lat' dir='ltr'><strong>a-</strong></span> 
     </span>
    </p>
   </div>
   <div class='ocr_carea' id='block_1_33' title="bbox 2066 1676 3629 1749">
    <p class='ocr_par' dir='ltr' id='par_1_33' title="bbox 2066 1676 3629 1749">
     <span class='ocr_line' id='line_1_33' title="bbox 2066 1676 3629 1749; baseline 0.003 -18"><span class='ocrx_word' id='word_1_234' title='bbox 2066 1676 2288 1748; x_wconf 88' lang='lat' dir='ltr'><strong>masset)</strong></span> <span class='ocrx_word' id='word_1_235' title='bbox 2325 1677 2631 1733; x_wconf 82' lang='lat' dir='ltr'><strong>abduxerit.</strong></span> <span class='ocrx_word' id='word_1_236' title='bbox 2677 1678 2884 1745; x_wconf 84' lang='lat' dir='ltr'><strong>Quibus</strong></span> <span class='ocrx_word' id='word_1_237' title='bbox 2919 1679 2971 1732; x_wconf 92' lang='lat' dir='ltr'><strong>in</strong></span> <span class='ocrx_word' id='word_1_238' title='bbox 2998 1687 3246 1747; x_wconf 90' lang='lat' dir='ltr'><strong>promptu</strong></span> <span class='ocrx_word' id='word_1_239' title='bbox 3275 1689 3360 1733; x_wconf 88' lang='lat' dir='ltr'><strong>est</strong></span> <span class='ocrx_word' id='word_1_240' title='bbox 3392 1694 3511 1749; x_wconf 76' lang='lat' dir='ltr'><strong>qua:</strong></span> <span class='ocrx_word' id='word_1_241' title='bbox 3533 1680 3629 1735; x_wconf 92' lang='lat' dir='ltr'><strong>ob-</strong></span> 
     </span>
    </p>
   </div>
   <div class='ocr_carea' id='block_1_34' title="bbox 405 1763 1962 1837">
    <p class='ocr_par' dir='ltr' id='par_1_34' title="bbox 405 1764 1955 1837">
     <span class='ocr_line' id='line_1_34' title="bbox 405 1764 1955 1837; baseline -0.006 -14"><span class='ocrx_word' id='word_1_242' title='bbox 405 1769 725 1823; x_wconf 78' lang='grc' dir='ltr'>καθίσταται</span> <span class='ocrx_word' id='word_1_243' title='bbox 760 1767 892 1837; x_wconf 83' lang='grc' dir='ltr'>πρὸς</span> <span class='ocrx_word' id='word_1_244' title='bbox 930 1768 990 1819; x_wconf 83' lang='grc' dir='ltr'><strong>τὸ</strong></span> <span class='ocrx_word' id='word_1_245' title='bbox 1020 1767 1245 1835; x_wconf 79' lang='grc' dir='ltr'>ἀγαθὸν,</span> <span class='ocrx_word' id='word_1_246' title='bbox 1284 1766 1470 1835; x_wconf 80' lang='grc' dir='ltr'>φέρειν</span> <span class='ocrx_word' id='word_1_247' title='bbox 1510 1764 1608 1835; x_wconf 82' lang='grc' dir='ltr'>τὴν</span> <span class='ocrx_word' id='word_1_248' title='bbox 1638 1764 1955 1832; x_wconf 77' lang='grc' dir='ltr'>ἐπιφάνειαν</span> 
     </span>
    </p>
   </div>
   <div class='ocr_carea' id='block_1_35' title="bbox 2067 1763 3626 1837">
    <p class='ocr_par' dir='ltr' id='par_1_35' title="bbox 2067 1764 3626 1837">
     <span class='ocr_line' id='line_1_35' title="bbox 2067 1764 3626 1837; baseline 0.003 -20"><span class='ocrx_word' id='word_1_249' title='bbox 2067 1764 2273 1828; x_wconf 86' lang='lat' dir='ltr'><strong>iiciatur</strong></span> <span class='ocrx_word' id='word_1_250' title='bbox 2299 1765 2595 1821; x_wconf 86' lang='lat' dir='ltr'><strong>refutatio:</strong></span> <span class='ocrx_word' id='word_1_251' title='bbox 2621 1768 2911 1833; x_wconf 83' lang='lat' dir='ltr'><strong>Quomodo</strong></span> <span class='ocrx_word' id='word_1_252' title='bbox 2945 1768 3110 1837; x_wconf 77' lang='lat' dir='ltr'><strong>igitur</strong></span> <span class='ocrx_word' id='word_1_253' title='bbox 3154 1767 3397 1837; x_wconf 84' lang='lat' dir='ltr'><strong>Baptista</strong></span> <span class='ocrx_word' id='word_1_254' title='bbox 3428 1769 3626 1823; x_wconf 70' lang='lat' dir='ltr'><strong>caedem</strong></span> 
     </span>
    </p>
   </div>
   <div class='ocr_carea' id='block_1_36' title="bbox 403 1851 1958 1928">
    <p class='ocr_par' dir='ltr' id='par_1_36' title="bbox 403 1851 1958 1928">
     <span class='ocr_line' id='line_1_36' title="bbox 403 1851 1958 1928; baseline -0.004 -19"><span class='ocrx_word' id='word_1_255' title='bbox 403 1855 851 1928; x_wconf 81' lang='grc' dir='ltr'>όνειροπολοῦσα·</span> <span class='ocrx_word' id='word_1_256' title='bbox 908 1856 989 1908; x_wconf 87' lang='grc' dir='ltr'><strong>διὸ</strong></span> <span class='ocrx_word' id='word_1_257' title='bbox 1053 1854 1257 1926; x_wconf 82' lang='grc' dir='ltr'>ἀρίστῳ</span> <span class='ocrx_word' id='word_1_258' title='bbox 1317 1853 1473 1923; x_wconf 58' lang='grc' dir='ltr'><strong>ιῑινδρὶ¹</strong></span> <span class='ocrx_word' id='word_1_259' title='bbox 1529 1852 1730 1922; x_wconf 83' lang='grc' dir='ltr'>φαῦλος</span> <span class='ocrx_word' id='word_1_260' title='bbox 1802 1851 1958 1904; x_wconf 82' lang='grc' dir='ltr'>πολε-</span> 
     </span>
    </p>
   </div>
   <div class='ocr_carea' id='block_1_37' title="bbox 409 1941 1967 2018">
    <p class='ocr_par' dir='ltr' id='par_1_37' title="bbox 409 1941 1967 2018">
     <span class='ocr_line' id='line_1_37' title="bbox 409 1941 1967 2018; baseline -0.003 -19"><span class='ocrx_word' id='word_1_261' title='bbox 409 1950 501 2018; x_wconf 80' lang='grc' dir='ltr'><strong>μεῖ</strong></span> <span class='ocrx_word' id='word_1_262' title='bbox 530 1986 547 2011; x_wconf 88' lang='grc'><strong>,</strong></span> <span class='ocrx_word' id='word_1_263' title='bbox 582 1947 716 2000; x_wconf 86' lang='grc' dir='ltr'><strong>ἀλλά</strong></span> <span class='ocrx_word' id='word_1_264' title='bbox 770 1947 965 2017; x_wconf 67' lang='grc' dir='ltr'>ῥαδίως</span> <span class='ocrx_word' id='word_1_265' title='bbox 1027 1946 1332 1999; x_wconf 85' lang='grc' dir='ltr'>ἁλίσκεται.</span> <span class='ocrx_word' id='word_1_266' title='bbox 1385 1945 1502 1997; x_wconf 86' lang='grc' dir='ltr'>Ἵνα</span> <span class='ocrx_word' id='word_1_267' title='bbox 1550 1943 1656 2013; x_wconf 85' lang='grc' dir='ltr'>γὰρ</span> <span class='ocrx_word' id='word_1_268' title='bbox 1715 1941 1785 1994; x_wconf 84' lang='grc' dir='ltr'><strong>τά</strong></span> <span class='ocrx_word' id='word_1_269' title='bbox 1827 1942 1967 2010; x_wconf 87' lang='grc' dir='ltr'>λαμ-</span> 
     </span>
    </p>
   </div>
   <div class='ocr_carea' id='block_1_38' title="bbox 407 2032 1961 2110">
    <p class='ocr_par' dir='ltr' id='par_1_38' title="bbox 407 2032 1961 2110">
     <span class='ocr_line' id='line_1_38' title="bbox 407 2032 1961 2110; baseline -0.005 -18"><span class='ocrx_word' id='word_1_270' title='bbox 407 2038 523 2110; x_wconf 84' lang='grc' dir='ltr'>πρὰ</span> <span class='ocrx_word' id='word_1_271' title='bbox 554 2038 699 2109; x_wconf 84' lang='lat' dir='ltr'><strong>(l5),</strong></span> <span class='ocrx_word' id='word_1_272' title='bbox 728 2037 804 2100; x_wconf 87' lang='grc' dir='ltr'>ὡς</span> <span class='ocrx_word' id='word_1_273' title='bbox 836 2037 902 2089; x_wconf 82' lang='grc' dir='ltr'>δι’</span> <span class='ocrx_word' id='word_1_274' title='bbox 932 2037 1049 2099; x_wconf 77' lang='grc' dir='ltr'>ἐνὸς</span> <span class='ocrx_word' id='word_1_275' title='bbox 1090 2037 1305 2090; x_wconf 77' lang='grc' dir='ltr'>ἅπαντα</span> <span class='ocrx_word' id='word_1_276' title='bbox 1345 2034 1588 2105; x_wconf 83' lang='grc' dir='ltr'>μηνύσω,</span> <span class='ocrx_word' id='word_1_277' title='bbox 1627 2032 1704 2103; x_wconf 58' lang='grc' dir='ltr'>τῷ</span> <span class='ocrx_word' id='word_1_278' title='bbox 1732 2034 1841 2102; x_wconf 80' lang='grc' dir='ltr'>γὰρ</span> <span class='ocrx_word' id='word_1_279' title='bbox 1869 2032 1961 2102; x_wconf 81' lang='grc' dir='ltr'><strong>βα-</strong></span> 
     </span>
    </p>
   </div>
   <div class='ocr_carea' id='block_1_39' title="bbox 408 2124 1965 2201">
    <p class='ocr_par' dir='ltr' id='par_1_39' title="bbox 408 2124 1965 2201">
     <span class='ocr_line' id='line_1_39' title="bbox 408 2124 1965 2201; baseline -0.004 -20"><span class='ocrx_word' id='word_1_280' title='bbox 408 2129 545 2181; x_wconf 83' lang='grc' dir='ltr'>σιλεῖ</span> <span class='ocrx_word' id='word_1_281' title='bbox 575 2129 683 2201; x_wconf 86' lang='grc'><strong>(16)</strong></span> <span class='ocrx_word' id='word_1_282' title='bbox 711 2132 811 2200; x_wconf 82' lang='grc' dir='ltr'>τῆς</span> <span class='ocrx_word' id='word_1_283' title='bbox 850 2129 1197 2200; x_wconf 82' lang='grc' dir='ltr'>δικαιοσύνης</span> <span class='ocrx_word' id='word_1_284' title='bbox 1242 2126 1388 2198; x_wconf 80' lang='grc' dir='ltr'>δεῦρ’</span> <span class='ocrx_word' id='word_1_285' title='bbox 1438 2124 1754 2195; x_wconf 66' lang='grc' dir='ltr'>ἐπιφανέντι</span> <span class='ocrx_word' id='word_1_286' title='bbox 1796 2142 1965 2195; x_wconf 80' lang='grc' dir='ltr'>προσ-</span> 
     </span>
    </p>
   </div>
   <div class='ocr_carea' id='block_1_40' title="bbox 406 2215 1965 2291">
    <p class='ocr_par' dir='ltr' id='par_1_40' title="bbox 406 2215 1965 2291">
     <span class='ocr_line' id='line_1_40' title="bbox 406 2215 1965 2291; baseline -0.003 -20"><span class='ocrx_word' id='word_1_287' title='bbox 406 2219 749 2291; x_wconf 69' lang='grc' dir='ltr'>επολέμησαν</span> <span class='ocrx_word' id='word_1_288' title='bbox 800 2222 851 2272; x_wconf 76' lang='grc' dir='ltr'>οἱ</span> <span class='ocrx_word' id='word_1_289' title='bbox 892 2220 989 2288; x_wconf 79' lang='grc' dir='ltr'>τῆς</span> <span class='ocrx_word' id='word_1_290' title='bbox 1030 2220 1243 2282; x_wconf 83' lang='grc' dir='ltr'>ἀδικίας</span> <span class='ocrx_word' id='word_1_291' title='bbox 1278 2217 1643 2272; x_wconf 73' lang='grc' dir='ltr'>ὑπασπισταίο</span> <span class='ocrx_word' id='word_1_292' title='bbox 1678 2215 1812 2269; x_wconf 77' lang='grc' dir='ltr'>ἀλλὰ</span> <span class='ocrx_word' id='word_1_293' title='bbox 1857 2215 1965 2285; x_wconf 87' lang='grc' dir='ltr'>γὰρ</span> 
     </span>
    </p>
   </div>
   <div class='ocr_carea' id='block_1_41' title="bbox 406 2306 1964 2378">
    <p class='ocr_par' dir='ltr' id='par_1_41' title="bbox 406 2306 1964 2378">
     <span class='ocr_line' id='line_1_41' title="bbox 406 2306 1964 2378; baseline -0.004 -15"><span class='ocrx_word' id='word_1_294' title='bbox 406 2309 659 2363; x_wconf 81' lang='grc' dir='ltr'>τοσοῦτον</span> <span class='ocrx_word' id='word_1_295' title='bbox 688 2311 928 2364; x_wconf 76' lang='grc' dir='ltr'>ἑάλωσαν</span> <span class='ocrx_word' id='word_1_296' title='bbox 977 2310 1071 2363; x_wconf 73' lang='grc' dir='ltr'>καὶ</span> <span class='ocrx_word' id='word_1_297' title='bbox 1115 2309 1483 2378; x_wconf 79' lang='grc' dir='ltr'>ὲσϐἐσθησαν,</span> <span class='ocrx_word' id='word_1_298' title='bbox 1519 2308 1594 2370; x_wconf 86' lang='grc' dir='ltr'>ὡς</span> <span class='ocrx_word' id='word_1_299' title='bbox 1624 2308 1830 2360; x_wconf 76' lang='grc' dir='ltr'>ἐκεῖνον</span> <span class='ocrx_word' id='word_1_300' title='bbox 1869 2306 1964 2375; x_wconf 83' lang='grc' dir='ltr'>μὲν</span> 
     </span>
    </p>
   </div>
   <div class='ocr_carea' id='block_1_42' title="bbox 407 2392 1966 2468">
    <p class='ocr_par' dir='ltr' id='par_1_42' title="bbox 407 2392 1966 2468">
     <span class='ocr_line' id='line_1_42' title="bbox 407 2392 1966 2468; baseline -0.005 -16"><span class='ocrx_word' id='word_1_301' title='bbox 407 2398 681 2468; x_wconf 81' lang='grc' dir='ltr'>πανταχοῦ</span> <span class='ocrx_word' id='word_1_302' title='bbox 752 2397 1105 2468; x_wconf 86' lang='grc' dir='ltr'>ἀνυμνεῖσθαι</span> <span class='ocrx_word' id='word_1_303' title='bbox 1134 2413 1149 2428; x_wconf 77' lang='grc' dir='ltr'><strong><em>ο</em></strong></span> <span class='ocrx_word' id='word_1_304' title='bbox 1210 2397 1336 2459; x_wconf 78' lang='grc' dir='ltr'>τοὺς</span> <span class='ocrx_word' id='word_1_305' title='bbox 1385 2395 1442 2447; x_wconf 76' lang='grc' dir='ltr'>δὲ</span> <span class='ocrx_word' id='word_1_306' title='bbox 1494 2394 1822 2464; x_wconf 77' lang='grc' dir='ltr'>νομίσαντας</span> <span class='ocrx_word' id='word_1_307' title='bbox 1870 2392 1966 2463; x_wconf 78' lang='grc' dir='ltr'><strong>τὴν</strong></span> 
     </span>
    </p>
   </div>
   <div class='ocr_carea' id='block_1_43' title="bbox 410 2482 1967 2557">
    <p class='ocr_par' dir='ltr' id='par_1_43' title="bbox 410 2482 1967 2557">
     <span class='ocr_line' id='line_1_43' title="bbox 410 2482 1967 2557; baseline -0.004 -18"><span class='ocrx_word' id='word_1_308' title='bbox 410 2485 555 2557; x_wconf 77' lang='grc' dir='ltr'>ζωὴν</span> <span class='ocrx_word' id='word_1_309' title='bbox 597 2487 875 2557; x_wconf 74' lang='grc' dir='ltr'>ἄπρακτον</span> <span class='ocrx_word' id='word_1_310' title='bbox 923 2482 1080 2551; x_wconf 74' lang='grc' dir='ltr'>εἶναι,</span> <span class='ocrx_word' id='word_1_311' title='bbox 1129 2486 1330 2547; x_wconf 81' lang='grc' dir='ltr'>πάσαις</span> <span class='ocrx_word' id='word_1_312' title='bbox 1379 2484 1500 2546; x_wconf 85' lang='grc' dir='ltr'>ταῖς</span> <span class='ocrx_word' id='word_1_313' title='bbox 1555 2482 1755 2551; x_wconf 72' lang='grc' dir='ltr'>ψήφοις</span> <span class='ocrx_word' id='word_1_314' title='bbox 1800 2482 1967 2552; x_wconf 72' lang='grc' dir='ltr'>ήττᾶο</span> 
     </span>
    </p>
   </div>
   <div class='ocr_carea' id='block_1_44' title="bbox 411 2576 560 2629">
    <p class='ocr_par' dir='ltr' id='par_1_44' title="bbox 411 2576 560 2629">
     <span class='ocr_line' id='line_1_44' title="bbox 411 2576 560 2629; baseline -0.007 0"><span class='ocrx_word' id='word_1_315' title='bbox 411 2576 560 2629; x_wconf 74' lang='grc' dir='ltr'>σθαι.</span> 
     </span>
    </p>
   </div>
   <div class='ocr_carea' id='block_1_45' title="bbox 2067 1855 3630 1927">
    <p class='ocr_par' dir='ltr' id='par_1_45' title="bbox 2067 1855 3630 1927">
     <span class='ocr_line' id='line_1_45' title="bbox 2067 1855 3630 1927; baseline 0.004 -18"><span class='ocrx_word' id='word_1_316' title='bbox 2067 1855 2169 1923; x_wconf 87' lang='lat' dir='ltr'><strong>ipsi</strong></span> <span class='ocrx_word' id='word_1_317' title='bbox 2205 1871 2307 1909; x_wconf 88' lang='lat' dir='ltr'><strong>non</strong></span> <span class='ocrx_word' id='word_1_318' title='bbox 2337 1858 2737 1924; x_wconf 83' lang='lat' dir='ltr'><strong>exprobravit?</strong></span> <span class='ocrx_word' id='word_1_319' title='bbox 2760 1858 2933 1913; x_wconf 89' lang='lat' dir='ltr'><strong>Tanto</strong></span> <span class='ocrx_word' id='word_1_320' title='bbox 2963 1858 3107 1912; x_wconf 90' lang='lat' dir='ltr'><strong>enim</strong></span> <span class='ocrx_word' id='word_1_321' title='bbox 3134 1860 3351 1927; x_wconf 86' lang='lat' dir='ltr'><strong>gravior</strong></span> <span class='ocrx_word' id='word_1_322' title='bbox 3396 1874 3458 1914; x_wconf 91' lang='lat' dir='ltr'><strong>ea</strong></span> <span class='ocrx_word' id='word_1_323' title='bbox 3507 1873 3630 1915; x_wconf 81' lang='lat' dir='ltr'><strong>esse</strong></span> 
     </span>
    </p>
   </div>
   <div class='ocr_carea' id='block_1_46' title="bbox 2066 1945 3632 2015">
    <p class='ocr_par' dir='ltr' id='par_1_46' title="bbox 2066 1945 3632 2015">
     <span class='ocr_line' id='line_1_46' title="bbox 2066 1945 3632 2015; baseline 0.003 -18"><span class='ocrx_word' id='word_1_324' title='bbox 2066 1945 2295 2010; x_wconf 89' lang='lat' dir='ltr'><strong>videtur,</strong></span> <span class='ocrx_word' id='word_1_325' title='bbox 2315 1957 2516 2013; x_wconf 87' lang='lat' dir='ltr'><strong>quanto</strong></span> <span class='ocrx_word' id='word_1_326' title='bbox 2556 1950 2729 2015; x_wconf 86' lang='lat' dir='ltr'><strong>magis</strong></span> <span class='ocrx_word' id='word_1_327' title='bbox 2758 1957 2841 2001; x_wconf 90' lang='lat' dir='ltr'><strong>est</strong></span> <span class='ocrx_word' id='word_1_328' title='bbox 2873 1946 3136 2001; x_wconf 86' lang='lat' dir='ltr'><strong>nefarium</strong></span> <span class='ocrx_word' id='word_1_329' title='bbox 3188 1949 3533 2015; x_wconf 88' lang='lat' dir='ltr'><strong>parricidium</strong></span> <span class='ocrx_word' id='word_1_330' title='bbox 3565 1949 3632 2002; x_wconf 19' lang='lat' dir='ltr'><strong>in:</strong></span> 
     </span>
    </p>
   </div>
   <div class='ocr_carea' id='block_1_47' title="bbox 2068 2034 3629 2108">
    <p class='ocr_par' dir='ltr' id='par_1_47' title="bbox 2068 2034 3629 2108">
     <span class='ocr_line' id='line_1_47' title="bbox 2068 2034 3629 2108; baseline 0.003 -21"><span class='ocrx_word' id='word_1_331' title='bbox 2068 2034 2236 2088; x_wconf 84' lang='lat' dir='ltr'><strong>fratre</strong></span> <span class='ocrx_word' id='word_1_332' title='bbox 2258 2038 2632 2102; x_wconf 86' lang='lat' dir='ltr'><strong>commissum,</strong></span> <span class='ocrx_word' id='word_1_333' title='bbox 2654 2053 2820 2106; x_wconf 87' lang='lat' dir='ltr'><strong>quam</strong></span> <span class='ocrx_word' id='word_1_334' title='bbox 2855 2037 3090 2108; x_wconf 86' lang='lat' dir='ltr'><strong>vulgaris</strong></span> <span class='ocrx_word' id='word_1_335' title='bbox 3112 2038 3305 2093; x_wconf 69' lang='lat' dir='ltr'><strong>caedes.</strong></span> <span class='ocrx_word' id='word_1_336' title='bbox 3359 2037 3485 2092; x_wconf 84' lang='lat' dir='ltr'><strong>Sive</strong></span> <span class='ocrx_word' id='word_1_337' title='bbox 3526 2038 3629 2106; x_wconf 85' lang='lat' dir='ltr'><strong>igi-</strong></span> 
     </span>
    </p>
   </div>
   <div class='ocr_carea' id='block_1_48' title="bbox 2069 2126 3630 2197">
    <p class='ocr_par' dir='ltr' id='par_1_48' title="bbox 2069 2126 3630 2197">
     <span class='ocr_line' id='line_1_48' title="bbox 2069 2126 3630 2197; baseline 0.003 -20"><span class='ocrx_word' id='word_1_338' title='bbox 2069 2133 2156 2179; x_wconf 89' lang='lat' dir='ltr'><strong>tur</strong></span> <span class='ocrx_word' id='word_1_339' title='bbox 2190 2129 2442 2195; x_wconf 90' lang='lat' dir='ltr'><strong>primam,</strong></span> <span class='ocrx_word' id='word_1_340' title='bbox 2476 2137 2534 2181; x_wconf 91' lang='lat' dir='ltr'><strong>ut</strong></span> <span class='ocrx_word' id='word_1_341' title='bbox 2559 2142 2660 2197; x_wconf 87' lang='lat' dir='ltr'><strong>ego</strong></span> <span class='ocrx_word' id='word_1_342' title='bbox 2688 2128 2948 2192; x_wconf 88' lang='lat' dir='ltr'><strong>arbitror,</strong></span> <span class='ocrx_word' id='word_1_343' title='bbox 2982 2130 3095 2183; x_wconf 88' lang='lat' dir='ltr'><strong>sive</strong></span> <span class='ocrx_word' id='word_1_344' title='bbox 3145 2128 3457 2192; x_wconf 89' lang='lat' dir='ltr'><strong>secundam,</strong></span> <span class='ocrx_word' id='word_1_345' title='bbox 3515 2126 3630 2181; x_wconf 85' lang='lat' dir='ltr'><strong>sive</strong></span> 
     </span>
    </p>
   </div>
   <div class='ocr_carea' id='block_1_49' title="bbox 2070 2217 3629 2287">
    <p class='ocr_par' dir='ltr' id='par_1_49' title="bbox 2070 2217 3629 2287">
     <span class='ocr_line' id='line_1_49' title="bbox 2070 2217 3629 2287; baseline 0.003 -21"><span class='ocrx_word' id='word_1_346' title='bbox 2070 2217 2284 2269; x_wconf 88' lang='lat' dir='ltr'><strong>tertiam</strong></span> <span class='ocrx_word' id='word_1_347' title='bbox 2319 2232 2536 2271; x_wconf 87' lang='lat' dir='ltr'><strong>causam</strong></span> <span class='ocrx_word' id='word_1_348' title='bbox 2560 2218 2750 2271; x_wconf 82' lang='lat' dir='ltr'><strong>habuit</strong></span> <span class='ocrx_word' id='word_1_349' title='bbox 2793 2233 2855 2272; x_wconf 92' lang='lat' dir='ltr'><strong>ea</strong></span> <span class='ocrx_word' id='word_1_350' title='bbox 2896 2218 3286 2287; x_wconf 87' lang='lat' dir='ltr'><strong>reprehensio:</strong></span> <span class='ocrx_word' id='word_1_351' title='bbox 3320 2218 3540 2272; x_wconf 89' lang='lat' dir='ltr'><strong>omnino</strong></span> <span class='ocrx_word' id='word_1_352' title='bbox 3582 2219 3629 2270; x_wconf 91' lang='lat' dir='ltr'><strong>is</strong></span> 
     </span>
    </p>
   </div>
   <div class='ocr_carea' id='block_1_50' title="bbox 2068 2303 3630 2377">
    <p class='ocr_par' dir='ltr' id='par_1_50' title="bbox 2068 2303 3630 2377">
     <span class='ocr_line' id='line_1_50' title="bbox 2068 2303 3630 2377; baseline 0.002 -21"><span class='ocrx_word' id='word_1_353' title='bbox 2068 2303 2405 2372; x_wconf 87' lang='lat' dir='ltr'><strong>qui‘fortiter</strong></span> <span class='ocrx_word' id='word_1_354' title='bbox 2437 2321 2500 2359; x_wconf 90' lang='lat' dir='ltr'><strong>ac</strong></span> <span class='ocrx_word' id='word_1_355' title='bbox 2530 2321 2789 2375; x_wconf 86' lang='lat' dir='ltr'><strong>generose</strong></span> <span class='ocrx_word' id='word_1_356' title='bbox 2814 2315 2925 2360; x_wconf 86' lang='lat' dir='ltr'><strong>tum</strong></span> <span class='ocrx_word' id='word_1_357' title='bbox 2950 2308 3225 2377; x_wconf 85' lang='lat' dir='ltr'><strong>redarguit</strong></span> <span class='ocrx_word' id='word_1_358' title='bbox 3279 2321 3481 2376; x_wconf 86' lang='lat' dir='ltr'><strong>regem,</strong></span> <span class='ocrx_word' id='word_1_359' title='bbox 3513 2315 3630 2360; x_wconf 82' lang='lat' dir='ltr'><strong>tum</strong></span> 
     </span>
    </p>
   </div>
   <div class='ocr_carea' id='block_1_51' title="bbox 2072 2395 3633 2463">
    <p class='ocr_par' dir='ltr' id='par_1_51' title="bbox 2072 2395 3633 2463">
     <span class='ocr_line' id='line_1_51' title="bbox 2072 2395 3633 2463; baseline 0.001 -17"><span class='ocrx_word' id='word_1_360' title='bbox 2072 2403 2301 2447; x_wconf 88' lang='lat' dir='ltr'><strong>mortem</strong></span> <span class='ocrx_word' id='word_1_361' title='bbox 2334 2395 2581 2462; x_wconf 89' lang='lat' dir='ltr'><strong>oppetiit,</strong></span> <span class='ocrx_word' id='word_1_362' title='bbox 2614 2395 2686 2448; x_wconf 87' lang='lat' dir='ltr'><strong>ita</strong></span> <span class='ocrx_word' id='word_1_363' title='bbox 2719 2395 3043 2460; x_wconf 86' lang='lat' dir='ltr'><strong>celebretur,</strong></span> <span class='ocrx_word' id='word_1_364' title='bbox 3076 2405 3134 2449; x_wconf 91' lang='lat' dir='ltr'><strong>ut</strong></span> <span class='ocrx_word' id='word_1_365' title='bbox 3166 2410 3265 2463; x_wconf 90' lang='lat' dir='ltr'><strong>par</strong></span> <span class='ocrx_word' id='word_1_366' title='bbox 3290 2404 3374 2449; x_wconf 89' lang='lat' dir='ltr'><strong>est</strong></span> <span class='ocrx_word' id='word_1_367' title='bbox 3394 2407 3517 2447; x_wconf 90' lang='lat' dir='ltr'><strong>eum</strong></span> <span class='ocrx_word' id='word_1_368' title='bbox 3542 2408 3633 2447; x_wconf 83' lang='lat' dir='ltr'><strong>ce-</strong></span> 
     </span>
    </p>
   </div>
   <div class='ocr_carea' id='block_1_52' title="bbox 2071 2479 3633 2554">
    <p class='ocr_par' dir='ltr' id='par_1_52' title="bbox 2071 2479 3633 2554">
     <span class='ocr_line' id='line_1_52' title="bbox 2071 2479 3633 2554; baseline -0.001 -18"><span class='ocrx_word' id='word_1_369' title='bbox 2071 2481 2291 2547; x_wconf 87' lang='lat' dir='ltr'><strong>lebrari,</strong></span> <span class='ocrx_word' id='word_1_370' title='bbox 2320 2484 2411 2550; x_wconf 90' lang='lat' dir='ltr'><strong>qui</strong></span> <span class='ocrx_word' id='word_1_371' title='bbox 2446 2483 2749 2536; x_wconf 82' lang='lat' dir='ltr'><strong>divinarum</strong></span> <span class='ocrx_word' id='word_1_372' title='bbox 2770 2483 2946 2554; x_wconf 88' lang='lat' dir='ltr'><strong>legum</strong></span> <span class='ocrx_word' id='word_1_373' title='bbox 2974 2483 3328 2552; x_wconf 85' lang='lat' dir='ltr'><strong>patrocinium</strong></span> <span class='ocrx_word' id='word_1_374' title='bbox 3361 2479 3633 2537; x_wconf 75' lang='lat' dir='ltr'><strong>defensio-</strong></span> 
     </span>
    </p>
   </div>
   <div class='ocr_carea' id='block_1_53' title="bbox 2072 2570 3633 2640">
    <p class='ocr_par' dir='ltr' id='par_1_53' title="bbox 2072 2570 3633 2640">
     <span class='ocr_line' id='line_1_53' title="bbox 2072 2570 3633 2640; baseline -0.001 -16"><span class='ocrx_word' id='word_1_375' title='bbox 2072 2585 2304 2639; x_wconf 90' lang='lat' dir='ltr'><strong>nemque</strong></span> <span class='ocrx_word' id='word_1_376' title='bbox 2326 2571 2582 2638; x_wconf 86' lang='lat' dir='ltr'><strong>suscepit.</strong></span> <span class='ocrx_word' id='word_1_377' title='bbox 2623 2573 2776 2637; x_wconf 85' lang='lat' dir='ltr'><strong>Quod</strong></span> <span class='ocrx_word' id='word_1_378' title='bbox 2808 2573 2852 2625; x_wconf 92' lang='lat' dir='ltr'><strong>si</strong></span> <span class='ocrx_word' id='word_1_379' title='bbox 2892 2572 3014 2640; x_wconf 89' lang='lat' dir='ltr'><strong>quis</strong></span> <span class='ocrx_word' id='word_1_380' title='bbox 3069 2572 3254 2625; x_wconf 88' lang='lat' dir='ltr'><strong>dicat:</strong></span> <span class='ocrx_word' id='word_1_381' title='bbox 3303 2570 3416 2625; x_wconf 88' lang='lat' dir='ltr'><strong>Cur</strong></span> <span class='ocrx_word' id='word_1_382' title='bbox 3470 2571 3633 2639; x_wconf 81' lang='lat' dir='ltr'><strong>igitur</strong></span> 
     </span>
    </p>
   </div>
   <div class='ocr_carea' id='block_1_54' title="bbox 412 2660 3634 2749">
    <p class='ocr_par' dir='ltr' id='par_1_54' title="bbox 412 2660 3634 2749">
     <span class='ocr_line' id='line_1_54' title="bbox 412 2660 3634 2749; baseline -0.002 -27"><span class='ocrx_word' id='word_1_383' title='bbox 412 2667 853 2736; x_wconf 70' lang='lat' dir='ltr'><strong>hoc-permissum</strong></span> <span class='ocrx_word' id='word_1_384' title='bbox 879 2677 980 2735; x_wconf 90' lang='lat' dir='ltr'><strong>est,</strong></span> <span class='ocrx_word' id='word_1_385' title='bbox 1050 2677 1108 2722; x_wconf 92' lang='lat' dir='ltr'><strong>ut</strong></span> <span class='ocrx_word' id='word_1_386' title='bbox 1159 2667 1468 2743; x_wconf 64' lang='lat' dir='ltr'><strong>pateretur?</strong></span> <span class='ocrx_word' id='word_1_387' title='bbox 1523 2664 1657 2718; x_wconf 90' lang='lat' dir='ltr'><strong>lluic</strong></span> <span class='ocrx_word' id='word_1_388' title='bbox 1700 2678 1799 2735; x_wconf 88' lang='lat' dir='ltr'><strong>ego</strong></span> <span class='ocrx_word' id='word_1_389' title='bbox 1853 2664 2260 2733; x_wconf 82' lang='lat' dir='ltr'><strong>responderim:</strong></span> <span class='ocrx_word' id='word_1_390' title='bbox 2293 2665 2396 2733; x_wconf 89' lang='lat' dir='ltr'><strong>lpsi</strong></span> <span class='ocrx_word' id='word_1_391' title='bbox 2422 2664 2639 2733; x_wconf 90' lang='lat' dir='ltr'><strong>quidem</strong></span> <span class='ocrx_word' id='word_1_392' title='bbox 2706 2666 2840 2719; x_wconf 89' lang='lat' dir='ltr'><strong>nihil</strong></span> <span class='ocrx_word' id='word_1_393' title='bbox 2863 2680 2926 2719; x_wconf 88' lang='lat' dir='ltr'><strong>ea</strong></span> <span class='ocrx_word' id='word_1_394' title='bbox 2954 2678 3041 2749; x_wconf 51' lang='lat' dir='ltr'><strong>‘re</strong></span> <span class='ocrx_word' id='word_1_395' title='bbox 3068 2665 3308 2717; x_wconf 90' lang='lat' dir='ltr'><strong>nocitum</strong></span> <span class='ocrx_word' id='word_1_396' title='bbox 3382 2676 3525 2716; x_wconf 89' lang='lat' dir='ltr'><strong>esse.</strong></span> <span class='ocrx_word' id='word_1_397' title='bbox 3572 2660 3634 2733; x_wconf 61' lang='lat' dir='ltr'><strong>Si</strong></span> 
     </span>
    </p>
   </div>
   <div class='ocr_carea' id='block_1_55' title="bbox 411 2751 3633 2823">
    <p class='ocr_par' dir='ltr' id='par_1_55' title="bbox 411 2751 3633 2823">
     <span class='ocr_line' id='line_1_55' title="bbox 411 2751 3633 2823; baseline -0.002 -10"><span class='ocrx_word' id='word_1_398' title='bbox 411 2759 553 2813; x_wconf 89' lang='lat' dir='ltr'><strong>enim</strong></span> <span class='ocrx_word' id='word_1_399' title='bbox 573 2759 791 2814; x_wconf 76' lang='lat' dir='ltr'><strong>omnino</strong></span> <span class='ocrx_word' id='word_1_400' title='bbox 816 2774 848 2813; x_wconf 89' lang='lat' dir='ltr'><strong>e</strong></span> <span class='ocrx_word' id='word_1_401' title='bbox 876 2759 983 2813; x_wconf 88' lang='lat' dir='ltr'><strong>vita</strong></span> <span class='ocrx_word' id='word_1_402' title='bbox 1010 2758 1375 2814; x_wconf 77' lang='lat' dir='ltr'><strong>excedendum</strong></span> <span class='ocrx_word' id='word_1_403' title='bbox 1404 2765 1509 2818; x_wconf 85' lang='lat' dir='ltr'><strong>est,</strong></span> <span class='ocrx_word' id='word_1_404' title='bbox 1544 2756 1609 2818; x_wconf 87' lang='lat' dir='ltr'><strong>is,</strong></span> <span class='ocrx_word' id='word_1_405' title='bbox 1646 2755 1739 2822; x_wconf 78' lang='lat' dir='ltr'><strong>qui</strong></span> <span class='ocrx_word' id='word_1_406' title='bbox 1776 2753 2007 2822; x_wconf 86' lang='lat' dir='ltr'><strong>gloriosa</strong></span> <span class='ocrx_word' id='word_1_407' title='bbox 2041 2767 2107 2807; x_wconf 91' lang='lat' dir='ltr'><strong>ac</strong></span> <span class='ocrx_word' id='word_1_408' title='bbox 2139 2753 2416 2823; x_wconf 87' lang='lat' dir='ltr'><strong>splendida</strong></span> <span class='ocrx_word' id='word_1_409' title='bbox 2476 2761 2647 2807; x_wconf 83' lang='lat' dir='ltr'><strong>morte</strong></span> <span class='ocrx_word' id='word_1_410' title='bbox 2671 2754 2923 2818; x_wconf 86' lang='lat' dir='ltr'><strong>decessit,</strong></span> <span class='ocrx_word' id='word_1_411' title='bbox 2958 2754 3170 2807; x_wconf 83' lang='lat' dir='ltr'><strong>beatior</strong></span> <span class='ocrx_word' id='word_1_412' title='bbox 3210 2751 3421 2806; x_wconf 75' lang='lat' dir='ltr'><strong>caeteris</strong></span> <span class='ocrx_word' id='word_1_413' title='bbox 3440 2752 3633 2807; x_wconf 75' lang='lat' dir='ltr'><strong>existi-</strong></span> 
     </span>
    </p>
   </div>
   <div class='ocr_carea' id='block_1_56' title="bbox 412 2843 3630 2914">
    <p class='ocr_par' dir='ltr' id='par_1_56' title="bbox 412 2843 3630 2914">
     <span class='ocr_line' id='line_1_56' title="bbox 412 2843 3630 2914; baseline -0.002 -10"><span class='ocrx_word' id='word_1_414' title='bbox 412 2850 638 2904; x_wconf 84' lang='lat' dir='ltr'><strong>mandus</strong></span> <span class='ocrx_word' id='word_1_415' title='bbox 696 2850 816 2904; x_wconf 83' lang='lat' dir='ltr'><strong>erit.</strong></span> <span class='ocrx_word' id='word_1_416' title='bbox 871 2849 1070 2903; x_wconf 87' lang='lat' dir='ltr'><strong>Deinde</strong></span> <span class='ocrx_word' id='word_1_417' title='bbox 1101 2848 1280 2905; x_wconf 84' lang='lat' dir='ltr'><strong>divina</strong></span> <span class='ocrx_word' id='word_1_418' title='bbox 1349 2846 1560 2900; x_wconf 86' lang='lat' dir='ltr'><strong>bonitas</strong></span> <span class='ocrx_word' id='word_1_419' title='bbox 1610 2845 1962 2913; x_wconf 89' lang='lat' dir='ltr'><strong>peccantibus</strong></span> <span class='ocrx_word' id='word_1_420' title='bbox 2000 2855 2213 2914; x_wconf 87' lang='lat' dir='ltr'><strong>tempus</strong></span> <span class='ocrx_word' id='word_1_421' title='bbox 2235 2844 2622 2911; x_wconf 78' lang='lat' dir='ltr'><strong>resipiscentiae</strong></span> <span class='ocrx_word' id='word_1_422' title='bbox 2682 2844 2949 2901; x_wconf 87' lang='lat' dir='ltr'><strong>concedit.</strong></span> <span class='ocrx_word' id='word_1_423' title='bbox 2983 2843 3135 2909; x_wconf 88' lang='lat' dir='ltr'><strong>Quod</strong></span> <span class='ocrx_word' id='word_1_424' title='bbox 3178 2843 3328 2897; x_wconf 90' lang='lat' dir='ltr'><strong>sine</strong></span> <span class='ocrx_word' id='word_1_425' title='bbox 3367 2843 3451 2898; x_wconf 87' lang='lat' dir='ltr'><strong>sic</strong></span> <span class='ocrx_word' id='word_1_426' title='bbox 3506 2844 3630 2913; x_wconf 85' lang='lat' dir='ltr'><strong>qui-</strong></span> 
     </span>
    </p>
   </div>
   <div class='ocr_carea' id='block_1_57' title="bbox 411 2933 3631 3010">
    <p class='ocr_par' dir='ltr' id='par_1_57' title="bbox 411 2933 3631 3010">
     <span class='ocr_line' id='line_1_57' title="bbox 411 2933 3631 3010; baseline -0.002 -15"><span class='ocrx_word' id='word_1_427' title='bbox 411 2941 530 2995; x_wconf 86' lang='lat' dir='ltr'><strong>dem</strong></span> <span class='ocrx_word' id='word_1_428' title='bbox 562 2942 900 3009; x_wconf 86' lang='lat' dir='ltr'><strong>resipuerint,</strong></span> <span class='ocrx_word' id='word_1_429' title='bbox 936 2940 1182 3010; x_wconf 81' lang='lat' dir='ltr'><strong>graviora</strong></span> <span class='ocrx_word' id='word_1_430' title='bbox 1214 2936 1348 3005; x_wconf 85' lang='lat' dir='ltr'><strong>ipsis</strong></span> <span class='ocrx_word' id='word_1_431' title='bbox 1376 2935 1633 3005; x_wconf 85' lang='lat' dir='ltr'><strong>irrogabit</strong></span> <span class='ocrx_word' id='word_1_432' title='bbox 1667 2935 1950 3003; x_wconf 86' lang='lat' dir='ltr'><strong>supplicia.</strong></span> <span class='ocrx_word' id='word_1_433' title='bbox 1993 2934 2155 3000; x_wconf 85' lang='lat' dir='ltr'><strong>Nam,</strong></span> <span class='ocrx_word' id='word_1_434' title='bbox 2195 2944 2253 2987; x_wconf 92' lang='lat' dir='ltr'><strong>ut</strong></span> <span class='ocrx_word' id='word_1_435' title='bbox 2276 2934 2493 3003; x_wconf 86' lang='lat' dir='ltr'><strong>quidam</strong></span> <span class='ocrx_word' id='word_1_436' title='bbox 2526 2935 2694 3000; x_wconf 89' lang='lat' dir='ltr'><strong>aiunt,</strong></span> <span class='ocrx_word' id='word_1_437' title='bbox 2721 2933 3036 3002; x_wconf 86' lang='lat' dir='ltr'><strong>improbitas</strong></span> <span class='ocrx_word' id='word_1_438' title='bbox 3062 2935 3114 2987; x_wconf 89' lang='lat' dir='ltr'><strong>in</strong></span> <span class='ocrx_word' id='word_1_439' title='bbox 3177 2935 3377 2989; x_wconf 92' lang='lat' dir='ltr'><strong>mundo</strong></span> <span class='ocrx_word' id='word_1_440' title='bbox 3406 2949 3631 3004; x_wconf 86' lang='lat' dir='ltr'><strong>regnum</strong></span> 
     </span>
    </p>
   </div>
   <div class='ocr_carea' id='block_1_58' title="bbox 409 3024 3634 3097">
    <p class='ocr_par' dir='ltr' id='par_1_58' title="bbox 409 3024 3634 3097">
     <span class='ocr_line' id='line_1_58' title="bbox 409 3024 3634 3097; baseline -0.002 -9"><span class='ocrx_word' id='word_1_441' title='bbox 409 3033 660 3088; x_wconf 89' lang='lat' dir='ltr'><strong>obtinens</strong></span> <span class='ocrx_word' id='word_1_442' title='bbox 691 3031 896 3085; x_wconf 85' lang='lat' dir='ltr'><strong>resistit</strong></span> <span class='ocrx_word' id='word_1_443' title='bbox 924 3029 1088 3094; x_wconf 86' lang='lat' dir='ltr'><strong>bono,</strong></span> <span class='ocrx_word' id='word_1_444' title='bbox 1127 3043 1401 3097; x_wconf 88' lang='lat' dir='ltr'><strong>nunquam</strong></span> <span class='ocrx_word' id='word_1_445' title='bbox 1443 3028 1496 3081; x_wconf 90' lang='lat' dir='ltr'><strong>id</strong></span> <span class='ocrx_word' id='word_1_446' title='bbox 1520 3043 1685 3081; x_wconf 90' lang='lat' dir='ltr'><strong>unum</strong></span> <span class='ocrx_word' id='word_1_447' title='bbox 1719 3043 1822 3084; x_wconf 88' lang='lat' dir='ltr'><strong>non</strong></span> <span class='ocrx_word' id='word_1_448' title='bbox 1851 3028 2062 3095; x_wconf 85' lang='lat' dir='ltr'><strong>agitans</strong></span> <span class='ocrx_word' id='word_1_449' title='bbox 2098 3027 2238 3096; x_wconf 89' lang='lat' dir='ltr'><strong>apud</strong></span> <span class='ocrx_word' id='word_1_450' title='bbox 2270 3041 2367 3091; x_wconf 70' lang='lat' dir='ltr'><strong>se,</strong></span> <span class='ocrx_word' id='word_1_451' title='bbox 2410 3033 2469 3079; x_wconf 92' lang='lat' dir='ltr'><strong>ut</strong></span> <span class='ocrx_word' id='word_1_452' title='bbox 2536 3026 2740 3093; x_wconf 86' lang='lat' dir='ltr'><strong>primas</strong></span> <span class='ocrx_word' id='word_1_453' title='bbox 2796 3024 2937 3078; x_wconf 88' lang='lat' dir='ltr'><strong>ferat</strong></span> <span class='ocrx_word' id='word_1_454' title='bbox 3000 3040 3063 3078; x_wconf 87' lang='lat' dir='ltr'><strong>ac</strong></span> <span class='ocrx_word' id='word_1_455' title='bbox 3118 3033 3449 3094; x_wconf 89' lang='lat' dir='ltr'><strong>supernatet.</strong></span> <span class='ocrx_word' id='word_1_456' title='bbox 3505 3025 3634 3092; x_wconf 69' lang='lat' dir='ltr'><strong>Quae</strong></span> 
     </span>
    </p>
   </div>
   <div class='ocr_carea' id='block_1_59' title="bbox 412 3119 3635 3190">
    <p class='ocr_par' dir='ltr' id='par_1_59' title="bbox 412 3119 3635 3190">
     <span class='ocr_line' id='line_1_59' title="bbox 412 3119 3635 3190; baseline -0.001 -12"><span class='ocrx_word' id='word_1_457' title='bbox 412 3139 578 3179; x_wconf 88' lang='lat' dir='ltr'><strong>causa</strong></span> <span class='ocrx_word' id='word_1_458' title='bbox 609 3132 691 3177; x_wconf 90' lang='lat' dir='ltr'><strong>est</strong></span> <span class='ocrx_word' id='word_1_459' title='bbox 738 3139 835 3177; x_wconf 91' lang='lat' dir='ltr'><strong>cur</strong></span> <span class='ocrx_word' id='word_1_460' title='bbox 861 3124 1066 3190; x_wconf 91' lang='lat' dir='ltr'><strong>optimo</strong></span> <span class='ocrx_word' id='word_1_461' title='bbox 1081 3122 1198 3175; x_wconf 86' lang='lat' dir='ltr'><strong>viro</strong></span> <span class='ocrx_word' id='word_1_462' title='bbox 1222 3122 1306 3174; x_wconf 89' lang='lat' dir='ltr'><strong>vir</strong></span> <span class='ocrx_word' id='word_1_463' title='bbox 1330 3120 1608 3189; x_wconf 85' lang='lat' dir='ltr'><strong>improbus</strong></span> <span class='ocrx_word' id='word_1_464' title='bbox 1632 3121 1828 3177; x_wconf 88' lang='lat' dir='ltr'><strong>bellqu</strong></span> <span class='ocrx_word' id='word_1_465' title='bbox 1861 3130 2073 3178; x_wconf 88' lang='lat' dir='ltr'><strong>moveat</strong></span> <span class='ocrx_word' id='word_1_466' title='bbox 2110 3129 2164 3175; x_wconf 92' lang='lat' dir='ltr'><strong>et</strong></span> <span class='ocrx_word' id='word_1_467' title='bbox 2186 3122 2535 3182; x_wconf 85' lang='lat' dir='ltr'><strong>adversetur;</strong></span> <span class='ocrx_word' id='word_1_468' title='bbox 2575 3120 2668 3174; x_wconf 87' lang='lat' dir='ltr'><strong>sed</strong></span> <span class='ocrx_word' id='word_1_469' title='bbox 2735 3119 2844 3173; x_wconf 86' lang='lat' dir='ltr'><strong>cito</strong></span> <span class='ocrx_word' id='word_1_470' title='bbox 2871 3134 2934 3171; x_wconf 91' lang='lat' dir='ltr'><strong>ac</strong></span> <span class='ocrx_word' id='word_1_471' title='bbox 2995 3119 3149 3173; x_wconf 85' lang='lat' dir='ltr'><strong>facile</strong></span> <span class='ocrx_word' id='word_1_472' title='bbox 3181 3120 3447 3187; x_wconf 88' lang='lat' dir='ltr'><strong>capiatur.</strong></span> <span class='ocrx_word' id='word_1_473' title='bbox 3502 3120 3635 3174; x_wconf 79' lang='lat' dir='ltr'><strong>Nam</strong></span> 
     </span>
    </p>
   </div>
   <div class='ocr_carea' id='block_1_60' title="bbox 413 3210 3636 3284">
    <p class='ocr_par' dir='ltr' id='par_1_60' title="bbox 413 3210 3636 3284">
     <span class='ocr_line' id='line_1_60' title="bbox 413 3210 3636 3284; baseline -0.001 -14"><span class='ocrx_word' id='word_1_474' title='bbox 413 3225 495 3280; x_wconf 89' lang='lat' dir='ltr'><strong>ut,</strong></span> <span class='ocrx_word' id='word_1_475' title='bbox 522 3230 638 3284; x_wconf 69' lang='lat' dir='ltr'><strong>quae</strong></span> <span class='ocrx_word' id='word_1_476' title='bbox 659 3215 835 3268; x_wconf 90' lang='lat' dir='ltr'><strong>omnia</strong></span> <span class='ocrx_word' id='word_1_477' title='bbox 867 3228 961 3282; x_wconf 90' lang='lat' dir='ltr'><strong>per</strong></span> <span class='ocrx_word' id='word_1_478' title='bbox 994 3228 1054 3267; x_wconf 91' lang='lat' dir='ltr'><strong>se</strong></span> <span class='ocrx_word' id='word_1_479' title='bbox 1080 3211 1363 3266; x_wconf 85' lang='lat' dir='ltr'><strong>manifesta</strong></span> <span class='ocrx_word' id='word_1_480' title='bbox 1389 3220 1535 3273; x_wconf 86' lang='lat' dir='ltr'><strong>sunt.</strong></span> <span class='ocrx_word' id='word_1_481' title='bbox 1568 3213 1725 3265; x_wconf 89' lang='lat' dir='ltr'><strong>unico</strong></span> <span class='ocrx_word' id='word_1_482' title='bbox 1758 3222 1965 3266; x_wconf 89' lang='lat' dir='ltr'><strong>tantum</strong></span> <span class='ocrx_word' id='word_1_483' title='bbox 2007 3212 2253 3281; x_wconf 78' lang='lat' dir='ltr'><strong>exemplo</strong></span> <span class='ocrx_word' id='word_1_484' title='bbox 2289 3211 2579 3277; x_wconf 87' lang='lat' dir='ltr'><strong>declarem,</strong></span> <span class='ocrx_word' id='word_1_485' title='bbox 2642 3210 2789 3280; x_wconf 80' lang='lat' dir='ltr'><strong>Regi</strong></span> <span class='ocrx_word' id='word_1_486' title='bbox 2818 3211 3041 3280; x_wconf 75' lang='lat' dir='ltr'><strong>justitiae</strong></span> <span class='ocrx_word' id='word_1_487' title='bbox 3103 3210 3367 3282; x_wconf 87' lang='lat' dir='ltr'><strong>(Christo)</strong></span> <span class='ocrx_word' id='word_1_488' title='bbox 3402 3227 3521 3267; x_wconf 92' lang='lat' dir='ltr'><strong>cum</strong></span> <span class='ocrx_word' id='word_1_489' title='bbox 3582 3213 3636 3266; x_wconf 88' lang='lat' dir='ltr'><strong>in</strong></span> 
     </span>
    </p>
   </div>
   <div class='ocr_carea' id='block_1_61' title="bbox 416 3302 3637 3374">
    <p class='ocr_par' dir='ltr' id='par_1_61' title="bbox 416 3302 3637 3374">
     <span class='ocr_line' id='line_1_61' title="bbox 416 3302 3637 3374; baseline -0 -16"><span class='ocrx_word' id='word_1_490' title='bbox 416 3306 574 3360; x_wconf 90' lang='lat' dir='ltr'><strong>terris</strong></span> <span class='ocrx_word' id='word_1_491' title='bbox 603 3305 954 3373; x_wconf 76' lang='lat' dir='ltr'><strong>appamissct,</strong></span> <span class='ocrx_word' id='word_1_492' title='bbox 1012 3303 1287 3372; x_wconf 74' lang='lat' dir='ltr'><strong>injustitite</strong></span> <span class='ocrx_word' id='word_1_493' title='bbox 1377 3303 1639 3357; x_wconf 86' lang='lat' dir='ltr'><strong>satellites</strong></span> <span class='ocrx_word' id='word_1_494' title='bbox 1707 3318 1769 3357; x_wconf 88' lang='lat' dir='ltr'><strong>ac</strong></span> <span class='ocrx_word' id='word_1_495' title='bbox 1861 3314 2287 3373; x_wconf 85' lang='lat' dir='ltr'><strong>propugnatores</strong></span> <span class='ocrx_word' id='word_1_496' title='bbox 2354 3302 2564 3373; x_wconf 79' lang='lat' dir='ltr'><strong>(Judaei)</strong></span> <span class='ocrx_word' id='word_1_497' title='bbox 2597 3313 2726 3357; x_wconf 90' lang='lat' dir='ltr'><strong>sunt</strong></span> <span class='ocrx_word' id='word_1_498' title='bbox 2782 3304 3089 3357; x_wconf 89' lang='lat' dir='ltr'><strong>adversati.</strong></span> <span class='ocrx_word' id='word_1_499' title='bbox 3155 3302 3259 3358; x_wconf 90' lang='lat' dir='ltr'><strong>Sed</strong></span> <span class='ocrx_word' id='word_1_500' title='bbox 3304 3305 3441 3359; x_wconf 90' lang='lat' dir='ltr'><strong>adeo</strong></span> <span class='ocrx_word' id='word_1_501' title='bbox 3493 3305 3637 3374; x_wconf 87' lang='lat' dir='ltr'><strong>capti</strong></span> 
     </span>
    </p>
   </div>
   <div class='ocr_carea' id='block_1_62' title="bbox 413 3393 3639 3465">
    <p class='ocr_par' dir='ltr' id='par_1_62' title="bbox 413 3393 3639 3465">
     <span class='ocr_line' id='line_1_62' title="bbox 413 3393 3639 3465; baseline 0.001 -14"><span class='ocrx_word' id='word_1_502' title='bbox 413 3396 772 3465; x_wconf 77' lang='lat' dir='ltr'><strong>exstinctique</strong></span> <span class='ocrx_word' id='word_1_503' title='bbox 801 3405 1027 3459; x_wconf 82' lang='lat' dir='ltr'><strong>suut,ut</strong></span> <span class='ocrx_word' id='word_1_504' title='bbox 1057 3395 1174 3461; x_wconf 92' lang='lat' dir='ltr'><strong>ipse</strong></span> <span class='ocrx_word' id='word_1_505' title='bbox 1202 3393 1417 3460; x_wconf 86' lang='lat' dir='ltr'><strong>quidem</strong></span> <span class='ocrx_word' id='word_1_506' title='bbox 1469 3393 1643 3446; x_wconf 82' lang='lat' dir='ltr'><strong>ubivis</strong></span> <span class='ocrx_word' id='word_1_507' title='bbox 1716 3404 1982 3446; x_wconf 85' lang='lat' dir='ltr'><strong>terrarum</strong></span> <span class='ocrx_word' id='word_1_508' title='bbox 2054 3395 2362 3448; x_wconf 88' lang='lat' dir='ltr'><strong>celebretur</strong></span> <span class='ocrx_word' id='word_1_509' title='bbox 2389 3403 2443 3448; x_wconf 91' lang='lat' dir='ltr'><strong>et</strong></span> <span class='ocrx_word' id='word_1_510' title='bbox 2472 3403 2759 3448; x_wconf 85' lang='lat' dir='ltr'><strong>cantetur:</strong></span> <span class='ocrx_word' id='word_1_511' title='bbox 2845 3394 2923 3446; x_wconf 91' lang='lat' dir='ltr'><strong>illi</strong></span> <span class='ocrx_word' id='word_1_512' title='bbox 2972 3406 3120 3457; x_wconf 83' lang='lat' dir='ltr'><strong>vero,</strong></span> <span class='ocrx_word' id='word_1_513' title='bbox 3172 3395 3263 3463; x_wconf 91' lang='lat' dir='ltr'><strong>qui</strong></span> <span class='ocrx_word' id='word_1_514' title='bbox 3310 3397 3476 3452; x_wconf 87' lang='lat' dir='ltr'><strong>vitam</strong></span> <span class='ocrx_word' id='word_1_515' title='bbox 3524 3395 3639 3464; x_wconf 80' lang='lat' dir='ltr'><strong>ejus</strong></span> 
     </span>
    </p>
   </div>
   <div class='ocr_carea' id='block_1_63' title="bbox 415 3474 3610 3554">
    <p class='ocr_par' dir='ltr' id='par_1_63' title="bbox 415 3474 3610 3554">
     <span class='ocr_line' id='line_1_63' title="bbox 415 3474 3610 3554; baseline -0 -12"><span class='ocrx_word' id='word_1_516' title='bbox 415 3488 642 3542; x_wconf 73' lang='lat' dir='ltr'><strong>otiosam</strong></span> <span class='ocrx_word' id='word_1_517' title='bbox 672 3501 737 3540; x_wconf 90' lang='lat' dir='ltr'><strong>ac</strong></span> <span class='ocrx_word' id='word_1_518' title='bbox 767 3486 913 3538; x_wconf 89' lang='lat' dir='ltr'><strong>nihili</strong></span> <span class='ocrx_word' id='word_1_519' title='bbox 949 3500 1069 3539; x_wconf 79' lang='lat' dir='ltr'><strong>esse</strong></span> <span class='ocrx_word' id='word_1_520' title='bbox 1107 3486 1383 3548; x_wconf 86' lang='lat' dir='ltr'><strong>rebantur,</strong></span> <span class='ocrx_word' id='word_1_521' title='bbox 1436 3484 1687 3538; x_wconf 91' lang='lat' dir='ltr'><strong>omnibus</strong></span> <span class='ocrx_word' id='word_1_522' title='bbox 1731 3483 1953 3538; x_wconf 89' lang='lat' dir='ltr'><strong>calculis</strong></span> <span class='ocrx_word' id='word_1_523' title='bbox 1993 3494 2157 3554; x_wconf 90' lang='lat' dir='ltr'><strong>atque</strong></span> <span class='ocrx_word' id='word_1_524' title='bbox 2194 3484 2465 3549; x_wconf 78' lang='lat' dir='ltr'><strong>suffragiis</strong></span> <span class='ocrx_word' id='word_1_525' title='bbox 2493 3486 2873 3539; x_wconf 87' lang='lat' dir='ltr'><strong>succumbant.</strong></span> <span class='ocrx_word' id='word_1_526' title='bbox 3362 3536 3367 3541; x_wconf 89' lang='lat'><strong>.</strong></span> <span class='ocrx_word' id='word_1_527' title='bbox 3606 3474 3610 3477; x_wconf 31' lang='grc'>⁷</span> 
     </span>
    </p>
   </div>
   <div class='ocr_carea' id='block_1_64' title="bbox 556 3573 1962 3647">
    <p class='ocr_par' dir='ltr' id='par_1_64' title="bbox 556 3573 1811 3645">
     <span class='ocr_line' id='line_1_64' title="bbox 556 3573 1811 3645; baseline -0.001 -15"><span class='ocrx_word' id='word_1_528' title='bbox 556 3579 667 3643; x_wconf 59' lang='grc' dir='ltr'>ιιΖν.</span> <span class='ocrx_word' id='word_1_529' title='bbox 699 3607 766 3617; x_wconf 87' lang='grc'><strong><em>-</em></strong></span> <span class='ocrx_word' id='word_1_530' title='bbox 792 3573 1146 3645; x_wconf 80' lang='grc' dir='ltr'><strong>ΜΑΡΤΙΛΝῼ</strong></span> <span class='ocrx_word' id='word_1_531' title='bbox 1190 3575 1633 3645; x_wconf 83' lang='grc' dir='ltr'><strong>ΠΡΕΣΒΥΤΕΡῼ</strong></span> <span class='ocrx_word' id='word_1_532' title='bbox 1655 3574 1811 3645; x_wconf 70' lang='grc' dir='ltr'><strong>(ιδ’).</strong></span> 
     </span>
    </p>
   </div>
   <div class='ocr_carea' id='block_1_65' title="bbox 2067 3573 3566 3647">
    <p class='ocr_par' dir='ltr' id='par_1_65' title="bbox 2152 3574 3566 3647">
     <span class='ocr_line' id='line_1_65' title="bbox 2152 3574 3566 3647; baseline 0.008 -21"><span class='ocrx_word' id='word_1_533' title='bbox 2152 3574 2317 3647; x_wconf 60' lang='grc'><strong>466</strong></span> <span class='ocrx_word' id='word_1_534' title='bbox 2343 3574 2549 3630; x_wconf 79' lang='lat' dir='ltr'><strong>XCVII.</strong></span> <span class='ocrx_word' id='word_1_535' title='bbox 2577 3604 2646 3615; x_wconf 89' lang='lat'>—</span> <span class='ocrx_word' id='word_1_536' title='bbox 2681 3574 3034 3631; x_wconf 81' lang='lat' dir='ltr'><strong>MARTIANO</strong></span> <span class='ocrx_word' id='word_1_537' title='bbox 3089 3576 3566 3637; x_wconf 78' lang='lat' dir='ltr'><strong>PRESBYTERO.</strong></span> 
     </span>
    </p>
   </div>
   <div class='ocr_carea' id='block_1_66' title="bbox 416 3664 1962 3733">
    <p class='ocr_par' dir='ltr' id='par_1_66' title="bbox 416 3664 1962 3732">
     <span class='ocr_line' id='line_1_66' title="bbox 416 3664 1962 3732; baseline -0.003 -11"><span class='ocrx_word' id='word_1_538' title='bbox 416 3668 518 3721; x_wconf 85' lang='grc' dir='ltr'><strong>Διὰ</strong></span> <span class='ocrx_word' id='word_1_539' title='bbox 547 3684 599 3720; x_wconf 81' lang='grc' dir='ltr'><strong>τι</strong></span> <span class='ocrx_word' id='word_1_540' title='bbox 627 3666 723 3720; x_wconf 75' lang='grc' dir='ltr'><strong>ἐπὶ</strong></span> <span class='ocrx_word' id='word_1_541' title='bbox 750 3665 857 3718; x_wconf 76' lang='grc' dir='ltr'><strong>τὸν</strong></span> <span class='ocrx_word' id='word_1_542' title='bbox 893 3667 1155 3732; x_wconf 75' lang='grc' dir='ltr'>σταυρὸν</span> <span class='ocrx_word' id='word_1_543' title='bbox 1182 3665 1501 3732; x_wconf 78' lang='grc' dir='ltr'>ἐρχόμενος</span> <span class='ocrx_word' id='word_1_544' title='bbox 1523 3669 1555 3717; x_wconf 86' lang='grc' dir='ltr'><strong>ό</strong></span> <span class='ocrx_word' id='word_1_545' title='bbox 1579 3666 1831 3731; x_wconf 82' lang='grc' dir='ltr'>Χριστὸς</span> <span class='ocrx_word' id='word_1_546' title='bbox 1847 3664 1962 3729; x_wconf 74' lang='grc' dir='ltr'>ταῖς</span> 
     </span>
    </p>
   </div>
   <div class='ocr_carea' id='block_1_67' title="bbox 2067 3664 3640 3733">
    <p class='ocr_par' dir='ltr' id='par_1_67' title="bbox 2080 3665 3640 3733">
     <span class='ocr_line' id='line_1_67' title="bbox 2080 3665 3640 3733; baseline 0.006 -15"><span class='ocrx_word' id='word_1_547' title='bbox 2080 3665 2257 3731; x_wconf 82' lang='lat' dir='ltr'><strong>Quare</strong></span> <span class='ocrx_word' id='word_1_548' title='bbox 2302 3670 2369 3718; x_wconf 84' lang='lat' dir='ltr'><strong>ad</strong></span> <span class='ocrx_word' id='word_1_549' title='bbox 2419 3682 2621 3719; x_wconf 88' lang='lat' dir='ltr'><strong>crucem</strong></span> <span class='ocrx_word' id='word_1_550' title='bbox 2672 3667 3026 3733; x_wconf 79' lang='lat' dir='ltr'><strong>proﬁciscens,</strong></span> <span class='ocrx_word' id='word_1_551' title='bbox 3088 3667 3331 3723; x_wconf 80' lang='lat' dir='ltr'><strong>Christus</strong></span> <span class='ocrx_word' id='word_1_552' title='bbox 3397 3671 3640 3727; x_wconf 76' lang='lat' dir='ltr'><strong>mulieres</strong></span> 
     </span>
    </p>
   </div>
   <div class='ocr_carea' id='block_1_68' title="bbox 643 3733 1962 3805">
    <p class='ocr_par' dir='ltr' id='par_1_68' title="bbox 643 3733 1741 3804">
     <span class='ocr_line' id='line_1_68' title="bbox 643 3733 1741 3804; baseline -0.001 -15"><span class='ocrx_word' id='word_1_553' title='bbox 643 3733 1033 3804; x_wconf 73' lang='grc' dir='ltr'>κοπτομέναις</span> <span class='ocrx_word' id='word_1_554' title='bbox 1054 3736 1329 3802; x_wconf 74' lang='grc' dir='ltr'><strong>γυναιξὶν</strong></span> <span class='ocrx_word' id='word_1_555' title='bbox 1360 3734 1741 3800; x_wconf 75' lang='grc' dir='ltr'>ἐπετίμησεν.</span> 
     </span>
    </p>
   </div>
   <div class='ocr_carea' id='block_1_69' title="bbox 2067 3733 3195 3805">
    <p class='ocr_par' dir='ltr' id='par_1_69' title="bbox 2546 3736 3195 3805">
     <span class='ocr_line' id='line_1_69' title="bbox 2546 3736 3195 3805; baseline 0.006 -18"><span class='ocrx_word' id='word_1_556' title='bbox 2546 3737 2780 3804; x_wconf 74' lang='lat' dir='ltr'><strong>lugentes</strong></span> <span class='ocrx_word' id='word_1_557' title='bbox 2806 3736 3101 3805; x_wconf 72' lang='lat' dir='ltr'><strong>objurgarit</strong></span> <span class='ocrx_word' id='word_1_558' title='bbox 3126 3740 3195 3791; x_wconf 71' lang='grc' dir='ltr'><strong>τ’.</strong></span> 
     </span>
    </p>
   </div>
   <div class='ocr_carea' id='block_1_70' title="bbox 501 3822 1962 3899">
    <p class='ocr_par' dir='ltr' id='par_1_70' title="bbox 501 3822 1962 3896">
     <span class='ocr_line' id='line_1_70' title="bbox 501 3822 1962 3896; baseline -0.003 -16"><span class='ocrx_word' id='word_1_559' title='bbox 501 3825 716 3896; x_wconf 82' lang='grc' dir='ltr'>Ἐπειδὴ</span> <span class='ocrx_word' id='word_1_560' title='bbox 734 3826 1032 3895; x_wconf 80' lang='grc' dir='ltr'>γέγραφας,</span> <span class='ocrx_word' id='word_1_561' title='bbox 1062 3822 1131 3877; x_wconf 87' lang='grc' dir='ltr'>δι’</span> <span class='ocrx_word' id='word_1_562' title='bbox 1162 3825 1227 3892; x_wconf 80' lang='grc' dir='ltr'>ἣν</span> <span class='ocrx_word' id='word_1_563' title='bbox 1254 3823 1431 3878; x_wconf 78' lang='grc' dir='ltr'>αἰτίαν</span> <span class='ocrx_word' id='word_1_564' title='bbox 1459 3826 1486 3875; x_wconf 91' lang='lat'><strong>6</strong></span> <span class='ocrx_word' id='word_1_565' title='bbox 1506 3823 1743 3893; x_wconf 81' lang='grc' dir='ltr'>Χριστὸς</span> <span class='ocrx_word' id='word_1_566' title='bbox 1767 3823 1859 3875; x_wconf 68' lang='grc' dir='ltr'>ἐπὶ</span> <span class='ocrx_word' id='word_1_567' title='bbox 1885 3822 1962 3877; x_wconf 47' lang='grc' dir='ltr'>τὸς</span> 
     </span>
    </p>
   </div>
   <div class='ocr_carea' id='block_1_71' title="bbox 2067 3822 3646 3899">
    <p class='ocr_par' dir='ltr' id='par_1_71' title="bbox 2145 3826 3646 3899">
     <span class='ocr_line' id='line_1_71' title="bbox 2145 3826 3646 3899; baseline 0.007 -21"><span class='ocrx_word' id='word_1_568' title='bbox 2145 3826 2408 3891; x_wconf 87' lang='lat' dir='ltr'><strong>Quoniam</strong></span> <span class='ocrx_word' id='word_1_569' title='bbox 2456 3842 2551 3894; x_wconf 85' lang='lat' dir='ltr'><strong>per</strong></span> <span class='ocrx_word' id='word_1_570' title='bbox 2606 3827 2813 3883; x_wconf 87' lang='lat' dir='ltr'><strong>litteras</strong></span> <span class='ocrx_word' id='word_1_571' title='bbox 2844 3831 3160 3898; x_wconf 66' lang='lat' dir='ltr'><strong>qumsivisti,</strong></span> <span class='ocrx_word' id='word_1_572' title='bbox 3206 3848 3367 3899; x_wconf 88' lang='lat' dir='ltr'><strong>quam</strong></span> <span class='ocrx_word' id='word_1_573' title='bbox 3402 3834 3477 3888; x_wconf 92' lang='lat' dir='ltr'><strong>ob</strong></span> <span class='ocrx_word' id='word_1_574' title='bbox 3515 3849 3646 3889; x_wconf 87' lang='lat' dir='ltr'><strong>cau-</strong></span> 
     </span>
    </p>
   </div>
   <div class='ocr_carea' id='block_1_72' title="bbox 420 3913 1962 3988">
    <p class='ocr_par' dir='ltr' id='par_1_72' title="bbox 420 3913 1962 3987">
     <span class='ocr_line' id='line_1_72' title="bbox 420 3913 1962 3987; baseline -0.003 -17"><span class='ocrx_word' id='word_1_575' title='bbox 420 3916 649 3987; x_wconf 73' lang='grc' dir='ltr'>σταυρὸν</span> <span class='ocrx_word' id='word_1_576' title='bbox 695 3916 988 3987; x_wconf 74' lang='grc' dir='ltr'>ἐρχόμενος</span> <span class='ocrx_word' id='word_1_577' title='bbox 1030 3916 1064 3985; x_wconf 87' lang='grc' dir='ltr'>ἢ</span> <span class='ocrx_word' id='word_1_578' title='bbox 1111 3914 1456 3983; x_wconf 84' lang='grc' dir='ltr'>ἀπαγόμενος</span> <span class='ocrx_word' id='word_1_579' title='bbox 1480 3951 1495 3975; x_wconf 91' lang='grc'><strong>,</strong></span> <span class='ocrx_word' id='word_1_580' title='bbox 1528 3913 1826 3982; x_wconf 71' lang='grc' dir='ltr'>ἐπετίμησε</span> <span class='ocrx_word' id='word_1_581' title='bbox 1857 3916 1962 3976; x_wconf 78' lang='grc' dir='ltr'>ταῖς</span> 
     </span>
    </p>
   </div>
   <div class='ocr_carea' id='block_1_73' title="bbox 2067 3913 3642 3988">
    <p class='ocr_par' dir='ltr' id='par_1_73' title="bbox 2075 3916 3642 3988">
     <span class='ocr_line' id='line_1_73' title="bbox 2075 3916 3642 3988; baseline 0.004 -17"><span class='ocrx_word' id='word_1_582' title='bbox 2075 3932 2190 3971; x_wconf 86' lang='lat' dir='ltr'><strong>sam</strong></span> <span class='ocrx_word' id='word_1_583' title='bbox 2214 3916 2468 3971; x_wconf 86' lang='lat' dir='ltr'><strong>Christus</strong></span> <span class='ocrx_word' id='word_1_584' title='bbox 2493 3917 2561 3972; x_wconf 87' lang='lat' dir='ltr'><strong>ad</strong></span> <span class='ocrx_word' id='word_1_585' title='bbox 2585 3932 2803 3972; x_wconf 86' lang='lat' dir='ltr'><strong>crucem</strong></span> <span class='ocrx_word' id='word_1_586' title='bbox 2832 3920 3202 3988; x_wconf 79' lang='lat' dir='ltr'><strong>proficiscens,</strong></span> <span class='ocrx_word' id='word_1_587' title='bbox 3230 3933 3322 3976; x_wconf 89' lang='lat' dir='ltr'><strong>aut</strong></span> <span class='ocrx_word' id='word_1_588' title='bbox 3348 3924 3642 3987; x_wconf 81' lang='lat' dir='ltr'><strong>abductus,</strong></span> 
     </span>
    </p>
   </div>
   <div class='ocr_carea' id='block_1_74' title="bbox 418 4002 1962 4086">
    <p class='ocr_par' dir='ltr' id='par_1_74' title="bbox 418 4002 1962 4076">
     <span class='ocr_line' id='line_1_74' title="bbox 418 4002 1962 4076; baseline -0.005 -14"><span class='ocrx_word' id='word_1_589' title='bbox 418 4006 778 4076; x_wconf 85' lang='grc' dir='ltr'>κοπτομέναις</span> <span class='ocrx_word' id='word_1_590' title='bbox 806 4006 966 4059; x_wconf 79' lang='grc' dir='ltr'>αὐτὸν</span> <span class='ocrx_word' id='word_1_591' title='bbox 1000 4004 1244 4073; x_wconf 80' lang='grc' dir='ltr'>γυναιξίν</span> <span class='ocrx_word' id='word_1_592' title='bbox 1295 4003 1364 4072; x_wconf 84' lang='grc' dir='ltr'><strong>(εἰ</strong></span> <span class='ocrx_word' id='word_1_593' title='bbox 1391 4003 1498 4073; x_wconf 86' lang='grc' dir='ltr'>γὰρ</span> <span class='ocrx_word' id='word_1_594' title='bbox 1528 4002 1621 4055; x_wconf 58' lang='grc' dir='ltr'><strong>καὶ⁹</strong></span> <span class='ocrx_word' id='word_1_595' title='bbox 1667 4003 1889 4069; x_wconf 82' lang='grc' dir='ltr'>ἀγνοίας</span> <span class='ocrx_word' id='word_1_596' title='bbox 1918 4003 1962 4055; x_wconf 75' lang='grc' dir='ltr'>τέ</span> 
     </span>
    </p>
   </div>
   <div class='ocr_carea' id='block_1_75' title="bbox 2067 4002 3645 4086">
    <p class='ocr_par' dir='ltr' id='par_1_75' title="bbox 2076 4008 3645 4086">
     <span class='ocr_line' id='line_1_75' title="bbox 2076 4008 3645 4086; baseline 0.004 -24"><span class='ocrx_word' id='word_1_597' title='bbox 2076 4008 2484 4075; x_wconf 76' lang='lat' dir='ltr'><strong>mulieres,qute</strong></span> <span class='ocrx_word' id='word_1_598' title='bbox 2533 4008 2709 4078; x_wconf 89' lang='lat' dir='ltr'><strong>ipsum</strong></span> <span class='ocrx_word' id='word_1_599' title='bbox 2760 4009 3036 4081; x_wconf 87' lang='lat' dir='ltr'><strong>lugebant,</strong></span> <span class='ocrx_word' id='word_1_600' title='bbox 3107 4013 3403 4083; x_wconf 87' lang='lat' dir='ltr'><strong>objurgarit</strong></span> <span class='ocrx_word' id='word_1_601' title='bbox 3439 4014 3645 4086; x_wconf 90' lang='lat' dir='ltr'><strong>(aiebas</strong></span> 
     </span>
    </p>
   </div>
   <div class='ocr_carea' id='block_1_76' title="bbox 420 4088 1962 4171">
    <p class='ocr_par' dir='ltr' id='par_1_76' title="bbox 420 4088 1962 4167">
     <span class='ocr_line' id='line_1_76' title="bbox 420 4088 1962 4167; baseline -0.003 -18"><span class='ocrx_word' id='word_1_602' title='bbox 420 4098 651 4167; x_wconf 81' lang='grc' dir='ltr'>πρᾶγμα</span> <span class='ocrx_word' id='word_1_603' title='bbox 682 4094 768 4167; x_wconf 75' lang='grc' dir='ltr'>ἦν,</span> <span class='ocrx_word' id='word_1_604' title='bbox 805 4096 919 4148; x_wconf 81' lang='grc' dir='ltr'>ἀλλ’</span> <span class='ocrx_word' id='word_1_605' title='bbox 940 4092 1037 4149; x_wconf 79' lang='grc' dir='ltr'><strong>οὖν</strong></span> <span class='ocrx_word' id='word_1_606' title='bbox 1057 4112 1120 4163; x_wconf 93' lang='grc' dir='ltr'><strong>γε</strong></span> <span class='ocrx_word' id='word_1_607' title='bbox 1144 4096 1239 4148; x_wconf 61' lang='grc' dir='ltr'><strong>καὶ⁹</strong></span> <span class='ocrx_word' id='word_1_608' title='bbox 1268 4094 1476 4155; x_wconf 75' lang='grc' dir='ltr'>ἑννοίας</span> <span class='ocrx_word' id='word_1_609' title='bbox 1499 4088 1613 4161; x_wconf 71' lang='grc' dir='ltr'>εἶχε</span> <span class='ocrx_word' id='word_1_610' title='bbox 1645 4090 1962 4162; x_wconf 68' lang='grc' dir='ltr'>γνώρισμα)</span> 
     </span>
    </p>
   </div>
   <div class='ocr_carea' id='block_1_77' title="bbox 2067 4088 3646 4171">
    <p class='ocr_par' dir='ltr' id='par_1_77' title="bbox 2081 4100 3646 4171">
     <span class='ocr_line' id='line_1_77' title="bbox 2081 4100 3646 4171; baseline 0.006 -19"><span class='ocrx_word' id='word_1_611' title='bbox 2081 4101 2247 4161; x_wconf 85' lang='lat' dir='ltr'><strong>enim,</strong></span> <span class='ocrx_word' id='word_1_612' title='bbox 2282 4100 2494 4153; x_wconf 87' lang='lat' dir='ltr'><strong>tametsi</strong></span> <span class='ocrx_word' id='word_1_613' title='bbox 2521 4100 2880 4169; x_wconf 86' lang='lat' dir='ltr'><strong>ignorantiam</strong></span> <span class='ocrx_word' id='word_1_614' title='bbox 2913 4104 3198 4171; x_wconf 91' lang='lat' dir='ltr'><strong>quamdam</strong></span> <span class='ocrx_word' id='word_1_615' title='bbox 3242 4106 3292 4160; x_wconf 90' lang='lat' dir='ltr'><strong>in</strong></span> <span class='ocrx_word' id='word_1_616' title='bbox 3328 4121 3387 4159; x_wconf 91' lang='lat' dir='ltr'><strong>se</strong></span> <span class='ocrx_word' id='word_1_617' title='bbox 3416 4106 3505 4160; x_wconf 91' lang='lat' dir='ltr'><strong>illa</strong></span> <span class='ocrx_word' id='word_1_618' title='bbox 3557 4121 3646 4161; x_wconf 88' lang='lat' dir='ltr'><strong>res</strong></span> 
     </span>
    </p>
   </div>
   <div class='ocr_carea' id='block_1_78' title="bbox 418 4177 1962 4262">
    <p class='ocr_par' dir='ltr' id='par_1_78' title="bbox 418 4177 1962 4254">
     <span class='ocr_line' id='line_1_78' title="bbox 418 4177 1962 4254; baseline -0.001 -18"><span class='ocrx_word' id='word_1_619' title='bbox 418 4185 583 4254; x_wconf 80' lang='grc' dir='ltr'>φημὶ,</span> <span class='ocrx_word' id='word_1_620' title='bbox 623 4186 705 4238; x_wconf 84' lang='grc' dir='ltr'><strong>ὅτι</strong></span> <span class='ocrx_word' id='word_1_621' title='bbox 740 4185 923 4254; x_wconf 81' lang='grc' dir='ltr'>ἐπειδὴ</span> <span class='ocrx_word' id='word_1_622' title='bbox 967 4185 1039 4254; x_wconf 79' lang='grc' dir='ltr'>μὴ</span> <span class='ocrx_word' id='word_1_623' title='bbox 1091 4184 1345 4235; x_wconf 85' lang='grc' dir='ltr'>ἀκούσιον</span> <span class='ocrx_word' id='word_1_624' title='bbox 1404 4181 1530 4251; x_wconf 86' lang='grc' dir='ltr'>μηδ’</span> <span class='ocrx_word' id='word_1_625' title='bbox 1587 4180 1883 4251; x_wconf 77' lang='grc' dir='ltr'>ἀϐούλητον</span> <span class='ocrx_word' id='word_1_626' title='bbox 1906 4177 1962 4251; x_wconf 56' lang='grc' dir='ltr'>ἦη</span> 
     </span>
    </p>
   </div>
   <div class='ocr_carea' id='block_1_79' title="bbox 2067 4177 3641 4262">
    <p class='ocr_par' dir='ltr' id='par_1_79' title="bbox 2082 4185 3641 4262">
     <span class='ocr_line' id='line_1_79' title="bbox 2082 4185 3641 4262; baseline 0.006 -23"><span class='ocrx_word' id='word_1_627' title='bbox 2082 4185 2354 4249; x_wconf 88' lang='lat' dir='ltr'><strong>habuerit,</strong></span> <span class='ocrx_word' id='word_1_628' title='bbox 2388 4195 2566 4241; x_wconf 86' lang='lat' dir='ltr'><strong>tamen</strong></span> <span class='ocrx_word' id='word_1_629' title='bbox 2611 4197 2758 4243; x_wconf 91' lang='lat' dir='ltr'><strong>certe</strong></span> <span class='ocrx_word' id='word_1_630' title='bbox 2804 4187 3191 4247; x_wconf 78' lang='lat' dir='ltr'><strong>benevolentiae</strong></span> <span class='ocrx_word' id='word_1_631' title='bbox 3231 4193 3521 4262; x_wconf 84' lang='lat' dir='ltr'><strong>singularis</strong></span> <span class='ocrx_word' id='word_1_632' title='bbox 3562 4195 3641 4248; x_wconf 90' lang='lat' dir='ltr'><strong>si-</strong></span> 
     </span>
    </p>
   </div>
   <div class='ocr_carea' id='block_1_80' title="bbox 418 4268 1962 4351">
    <p class='ocr_par' dir='ltr' id='par_1_80' title="bbox 418 4268 1962 4345">
     <span class='ocr_line' id='line_1_80' title="bbox 418 4268 1962 4345; baseline -0.004 -17"><span class='ocrx_word' id='word_1_633' title='bbox 418 4275 566 4345; x_wconf 84' lang='grc' dir='ltr'>αὐτῷ</span> <span class='ocrx_word' id='word_1_634' title='bbox 592 4276 653 4327; x_wconf 82' lang='grc' dir='ltr'><strong>τὸ</strong></span> <span class='ocrx_word' id='word_1_635' title='bbox 682 4275 870 4337; x_wconf 88' lang='grc' dir='ltr'>πάθος,</span> <span class='ocrx_word' id='word_1_636' title='bbox 908 4274 1118 4344; x_wconf 74' lang='grc' dir='ltr'>ὕϐρεως</span> <span class='ocrx_word' id='word_1_637' title='bbox 1148 4273 1298 4343; x_wconf 81' lang='grc' dir='ltr'>αὐτῷ</span> <span class='ocrx_word' id='word_1_638' title='bbox 1328 4268 1469 4325; x_wconf 85' lang='grc' dir='ltr'>εἶναι</span> <span class='ocrx_word' id='word_1_639' title='bbox 1502 4272 1726 4335; x_wconf 83' lang='grc' dir='ltr'>εἰκότως</span> <span class='ocrx_word' id='word_1_640' title='bbox 1754 4271 1815 4324; x_wconf 87' lang='grc' dir='ltr'><strong>τὸ</strong></span> <span class='ocrx_word' id='word_1_641' title='bbox 1840 4289 1962 4341; x_wconf 85' lang='grc' dir='ltr'>συμ-</span> 
     </span>
    </p>
   </div>
   <div class='ocr_carea' id='block_1_81' title="bbox 2067 4268 3645 4351">
    <p class='ocr_par' dir='ltr' id='par_1_81' title="bbox 2082 4273 3645 4351">
     <span class='ocr_line' id='line_1_81' title="bbox 2082 4273 3645 4351; baseline 0.006 -25"><span class='ocrx_word' id='word_1_642' title='bbox 2082 4287 2242 4339; x_wconf 86' lang='lat' dir='ltr'><strong>gnum</strong></span> <span class='ocrx_word' id='word_1_643' title='bbox 2270 4273 2863 4344; x_wconf 84' lang='lat' dir='ltr'><strong>fuisse);respondeo:</strong></span> <span class='ocrx_word' id='word_1_644' title='bbox 2919 4278 3056 4343; x_wconf 89' lang='lat' dir='ltr'><strong>Quia</strong></span> <span class='ocrx_word' id='word_1_645' title='bbox 3090 4295 3196 4333; x_wconf 92' lang='lat' dir='ltr'><strong>non</strong></span> <span class='ocrx_word' id='word_1_646' title='bbox 3256 4280 3424 4335; x_wconf 91' lang='lat' dir='ltr'><strong>invito</strong></span> <span class='ocrx_word' id='word_1_647' title='bbox 3482 4290 3645 4351; x_wconf 89' lang='lat' dir='ltr'><strong>atque</strong></span> 
     </span>
    </p>
   </div>
   <div class='ocr_carea' id='block_1_82' title="bbox 420 4361 1962 4440">
    <p class='ocr_par' dir='ltr' id='par_1_82' title="bbox 420 4361 1962 4434">
     <span class='ocr_line' id='line_1_82' title="bbox 420 4361 1962 4434; baseline -0.003 -17"><span class='ocrx_word' id='word_1_648' title='bbox 420 4364 592 4425; x_wconf 84' lang='grc' dir='ltr'>παθὲς</span> <span class='ocrx_word' id='word_1_649' title='bbox 613 4363 810 4429; x_wconf 69' lang='grc' dir='ltr'>ἔδοξεν.</span> <span class='ocrx_word' id='word_1_650' title='bbox 852 4364 962 4432; x_wconf 79' lang='grc' dir='ltr'>Οὐχ</span> <span class='ocrx_word' id='word_1_651' title='bbox 999 4364 1094 4432; x_wconf 84' lang='grc' dir='ltr'><strong>ήδὺ</strong></span> <span class='ocrx_word' id='word_1_652' title='bbox 1118 4363 1246 4434; x_wconf 82' lang='grc' dir='ltr'>γὰρ,</span> <span class='ocrx_word' id='word_1_653' title='bbox 1283 4363 1393 4415; x_wconf 77' lang='grc' dir='ltr'>οὐδ’</span> <span class='ocrx_word' id='word_1_654' title='bbox 1425 4362 1691 4432; x_wconf 78' lang='grc' dir='ltr'>ἀποδοχῆς</span> <span class='ocrx_word' id='word_1_655' title='bbox 1728 4361 1877 4428; x_wconf 79' lang='grc' dir='ltr'>ἄξιον</span> <span class='ocrx_word' id='word_1_656' title='bbox 1918 4363 1962 4414; x_wconf 63' lang='grc' dir='ltr'><strong>τί</strong></span> 
     </span>
    </p>
   </div>
   <div class='ocr_carea' id='block_1_83' title="bbox 2067 4361 3645 4440">
    <p class='ocr_par' dir='ltr' id='par_1_83' title="bbox 2084 4363 3645 4440">
     <span class='ocr_line' id='line_1_83' title="bbox 2084 4363 3645 4440; baseline 0.004 -22"><span class='ocrx_word' id='word_1_657' title='bbox 2084 4363 2287 4418; x_wconf 91' lang='lat' dir='ltr'><strong>nolenti</strong></span> <span class='ocrx_word' id='word_1_658' title='bbox 2308 4365 2607 4434; x_wconf 86' lang='lat' dir='ltr'><strong>ipsipassio</strong></span> <span class='ocrx_word' id='word_1_659' title='bbox 2632 4369 2997 4438; x_wconf 82' lang='lat' dir='ltr'><strong>contingebat.</strong></span> <span class='ocrx_word' id='word_1_660' title='bbox 3018 4370 3137 4423; x_wconf 91' lang='lat' dir='ltr'><strong>ideo</strong></span> <span class='ocrx_word' id='word_1_661' title='bbox 3167 4370 3419 4439; x_wconf 78' lang='lat' dir='ltr'><strong>iniuriam</strong></span> <span class='ocrx_word' id='word_1_662' title='bbox 3450 4386 3645 4440; x_wconf 91' lang='lat' dir='ltr'><strong>quam-</strong></span> 
     </span>
    </p>
   </div>
   <div class='ocr_carea' id='block_1_84' title="bbox 422 4446 1962 4528">
    <p class='ocr_par' dir='ltr' id='par_1_84' title="bbox 422 4446 1696 4523">
     <span class='ocr_line' id='line_1_84' title="bbox 422 4446 1696 4523; baseline -0.001 -18"><span class='ocrx_word' id='word_1_663' title='bbox 422 4453 719 4523; x_wconf 83' lang='grc' dir='ltr'>συμπαθὲς,</span> <span class='ocrx_word' id='word_1_664' title='bbox 748 4446 790 4523; x_wconf 79' lang='grc' dir='ltr'>ᾧ</span> <span class='ocrx_word' id='word_1_665' title='bbox 818 4453 891 4523; x_wconf 86' lang='grc' dir='ltr'>μὴ</span> <span class='ocrx_word' id='word_1_666' title='bbox 914 4454 1081 4516; x_wconf 74' lang='grc' dir='ltr'>πάθος</span> <span class='ocrx_word' id='word_1_667' title='bbox 1110 4453 1405 4523; x_wconf 70' lang='grc' dir='ltr'>ἀϐούλητον</span> <span class='ocrx_word' id='word_1_668' title='bbox 1422 4453 1481 4506; x_wconf 77' lang='grc' dir='ltr'>τὸ</span> <span class='ocrx_word' id='word_1_669' title='bbox 1506 4453 1696 4515; x_wconf 86' lang='grc' dir='ltr'>πάθος.</span> 
     </span>
    </p>
   </div>
   <div class='ocr_carea' id='block_1_85' title="bbox 2067 4446 3647 4528">
    <p class='ocr_par' dir='ltr' id='par_1_85' title="bbox 2086 4454 3647 4528">
     <span class='ocr_line' id='line_1_85' title="bbox 2086 4454 3647 4528; baseline 0.006 -22"><span class='ocrx_word' id='word_1_670' title='bbox 2086 4454 2210 4507; x_wconf 88' lang='lat' dir='ltr'><strong>dam</strong></span> <span class='ocrx_word' id='word_1_671' title='bbox 2242 4454 2343 4523; x_wconf 88' lang='lat' dir='ltr'><strong>ipsi</strong></span> <span class='ocrx_word' id='word_1_672' title='bbox 2380 4455 2581 4510; x_wconf 89' lang='lat' dir='ltr'><strong>inferre</strong></span> <span class='ocrx_word' id='word_1_673' title='bbox 2621 4457 2958 4521; x_wconf 90' lang='lat' dir='ltr'><strong>videbantur,</strong></span> <span class='ocrx_word' id='word_1_674' title='bbox 2989 4460 3132 4526; x_wconf 90' lang='lat' dir='ltr'><strong>quod</strong></span> <span class='ocrx_word' id='word_1_675' title='bbox 3165 4460 3346 4527; x_wconf 28' lang='lat' dir='ltr'><strong>vicem.</strong></span> <span class='ocrx_word' id='word_1_676' title='bbox 3386 4461 3502 4528; x_wconf 85' lang='lat' dir='ltr'><strong>ejus</strong></span> <span class='ocrx_word' id='word_1_677' title='bbox 3550 4461 3647 4515; x_wconf 89' lang='lat' dir='ltr'><strong>do-</strong></span> 
     </span>
    </p>
   </div>
   <div class='ocr_carea' id='block_1_86' title="bbox 420 4544 3646 4616">
    <p class='ocr_par' dir='ltr' id='par_1_86' title="bbox 420 4544 3646 4616">
     <span class='ocr_line' id='line_1_86' title="bbox 420 4544 3646 4616; baseline 0.001 -14"><span class='ocrx_word' id='word_1_678' title='bbox 420 4548 619 4603; x_wconf 86' lang='lat' dir='ltr'><strong>lebant.</strong></span> <span class='ocrx_word' id='word_1_679' title='bbox 652 4545 782 4600; x_wconf 87' lang='lat' dir='ltr'><strong>Nam</strong></span> <span class='ocrx_word' id='word_1_680' title='bbox 817 4546 932 4614; x_wconf 87' lang='lat' dir='ltr'><strong>ejus</strong></span> <span class='ocrx_word' id='word_1_681' title='bbox 960 4547 1141 4601; x_wconf 85' lang='lat' dir='ltr'><strong>dolere</strong></span> <span class='ocrx_word' id='word_1_682' title='bbox 1164 4545 1357 4611; x_wconf 92' lang='lat' dir='ltr'><strong>vicem,</strong></span> <span class='ocrx_word' id='word_1_683' title='bbox 1391 4546 1479 4600; x_wconf 84' lang='lat' dir='ltr'><strong>cui</strong></span> <span class='ocrx_word' id='word_1_684' title='bbox 1530 4545 1582 4598; x_wconf 92' lang='lat' dir='ltr'><strong>id</strong></span> <span class='ocrx_word' id='word_1_685' title='bbox 1606 4545 1747 4613; x_wconf 90' lang='lat' dir='ltr'><strong>quod</strong></span> <span class='ocrx_word' id='word_1_686' title='bbox 1813 4544 2016 4612; x_wconf 87' lang='lat' dir='ltr'><strong>patitur</strong></span> <span class='ocrx_word' id='word_1_687' title='bbox 2055 4559 2161 4599; x_wconf 90' lang='lat' dir='ltr'><strong>non</strong></span> <span class='ocrx_word' id='word_1_688' title='bbox 2232 4555 2432 4614; x_wconf 74' lang='lat' dir='ltr'><strong>przeter</strong></span> <span class='ocrx_word' id='word_1_689' title='bbox 2486 4555 2745 4603; x_wconf 90' lang='lat' dir='ltr'><strong>contrave</strong></span> <span class='ocrx_word' id='word_1_690' title='bbox 2806 4550 3128 4604; x_wconf 84' lang='lat' dir='ltr'><strong>voluntatem</strong></span> <span class='ocrx_word' id='word_1_691' title='bbox 3174 4551 3373 4616; x_wconf 86' lang='lat' dir='ltr'><strong>evenit,</strong></span> <span class='ocrx_word' id='word_1_692' title='bbox 3414 4565 3518 4605; x_wconf 88' lang='lat' dir='ltr'><strong>non</strong></span> <span class='ocrx_word' id='word_1_693' title='bbox 3560 4560 3646 4605; x_wconf 84' lang='lat' dir='ltr'><strong>est</strong></span> 
     </span>
    </p>
   </div>
   <div class='ocr_carea' id='block_1_87' title="bbox 420 4622 3163 4709">
    <p class='ocr_par' dir='ltr' id='par_1_87' title="bbox 420 4622 3163 4709">
     <span class='ocr_line' id='line_1_87' title="bbox 420 4622 3163 4709; baseline -0.001 -16"><span class='ocrx_word' id='word_1_694' title='bbox 420 4655 511 4694; x_wconf 88' lang='lat' dir='ltr'><strong>res</strong></span> <span class='ocrx_word' id='word_1_695' title='bbox 540 4639 612 4692; x_wconf 91' lang='lat' dir='ltr'><strong>illi</strong></span> <span class='ocrx_word' id='word_1_696' title='bbox 634 4640 893 4706; x_wconf 86' lang='lat' dir='ltr'><strong>jucunda,</strong></span> <span class='ocrx_word' id='word_1_697' title='bbox 923 4654 1097 4709; x_wconf 90' lang='lat' dir='ltr'><strong>neque</strong></span> <span class='ocrx_word' id='word_1_698' title='bbox 1128 4647 1371 4708; x_wconf 88' lang='lat' dir='ltr'><strong>accepta.</strong></span> <span class='ocrx_word' id='word_1_699' title='bbox 3156 4622 3163 4624; x_wconf 6' lang='lat'><strong>6</strong></span> 
     </span>
    </p>
   </div>
   <div class='ocr_carea' id='block_1_88' title="bbox 498 4749 1011 4817">
    <p class='ocr_par' dir='ltr' id='par_1_88' title="bbox 498 4749 1011 4817">
     <span class='ocr_line' id='line_1_88' title="bbox 498 4749 1011 4817; baseline -0.008 -8"><span class='ocrx_word' id='word_1_700' title='bbox 498 4749 541 4784; x_wconf 82' lang='grc'>⁷³</span> <span class='ocrx_word' id='word_1_701' title='bbox 570 4751 699 4809; x_wconf 86' lang='lat' dir='ltr'><strong>Luc.</strong></span> <span class='ocrx_word' id='word_1_702' title='bbox 741 4766 895 4817; x_wconf 69' lang='grc' dir='ltr'>χχιιι,</span> <span class='ocrx_word' id='word_1_703' title='bbox 923 4751 1011 4806; x_wconf 73' lang='lat'><strong>28.</strong></span> 
     </span>
    </p>
   </div>
   <div class='ocr_carea' id='block_1_89' title="bbox 1488 4864 2539 4935">
    <p class='ocr_par' dir='ltr' id='par_1_89' title="bbox 1488 4864 2539 4935">
     <span class='ocr_line' id='line_1_89' title="bbox 1488 4864 2539 4935; baseline 0.007 -17"><span class='ocrx_word' id='word_1_704' title='bbox 1488 4865 1723 4922; x_wconf 78' lang='lat' dir='ltr'><strong>VARUE</strong></span> <span class='ocrx_word' id='word_1_705' title='bbox 1764 4864 2145 4923; x_wconf 84' lang='lat' dir='ltr'><strong>LECTIONES</strong></span> <span class='ocrx_word' id='word_1_706' title='bbox 2181 4866 2271 4921; x_wconf 88' lang='lat' dir='ltr'><strong>ET</strong></span> <span class='ocrx_word' id='word_1_707' title='bbox 2309 4866 2539 4935; x_wconf 69' lang='grc' dir='ltr'><strong>ΝΟΤᾸΞ.</strong></span> 
     </span>
    </p>
   </div>
   <div class='ocr_carea' id='block_1_90' title="bbox 499 5019 1976 5093">
    <p class='ocr_par' dir='ltr' id='par_1_90' title="bbox 499 5019 1976 5093">
     <span class='ocr_line' id='line_1_90' title="bbox 499 5019 1976 5093; baseline -0.001 -16"><span class='ocrx_word' id='word_1_708' title='bbox 499 5023 601 5093; x_wconf 76' lang='grc' dir='ltr'><strong>μθ)</strong></span> <span class='ocrx_word' id='word_1_709' title='bbox 632 5024 755 5093; x_wconf 85' lang='grc' dir='ltr'>Πῶς</span> <span class='ocrx_word' id='word_1_710' title='bbox 788 5032 961 5077; x_wconf 84' lang='lat' dir='ltr'><strong>mutat</strong></span> <span class='ocrx_word' id='word_1_711' title='bbox 982 5022 1037 5076; x_wconf 89' lang='lat' dir='ltr'><strong>in</strong></span> <span class='ocrx_word' id='word_1_712' title='bbox 1059 5023 1189 5076; x_wconf 89' lang='grc' dir='ltr'>διότι</span> <span class='ocrx_word' id='word_1_713' title='bbox 1211 5033 1266 5076; x_wconf 84' lang='lat' dir='ltr'><strong>et</strong></span> <span class='ocrx_word' id='word_1_714' title='bbox 1297 5035 1437 5076; x_wconf 79' lang='lat' dir='ltr'><strong>vers.</strong></span> <span class='ocrx_word' id='word_1_715' title='bbox 1465 5035 1578 5090; x_wconf 87' lang='lat' dir='ltr'><strong>seq.</strong></span> <span class='ocrx_word' id='word_1_716' title='bbox 1597 5019 1976 5092; x_wconf 83' lang='grc' dir='ltr'>χαλεπώτερον</span> 
     </span>
    </p>
   </div>
   <div class='ocr_carea' id='block_1_91' title="bbox 2153 5018 3643 5089">
    <p class='ocr_par' dir='ltr' id='par_1_91' title="bbox 2153 5018 3643 5089">
     <span class='ocr_line' id='line_1_91' title="bbox 2153 5018 3643 5089; baseline -0.001 -15"><span class='ocrx_word' id='word_1_717' title='bbox 2153 5020 2267 5089; x_wconf 68' lang='grc'><strong>(14)</strong></span> <span class='ocrx_word' id='word_1_718' title='bbox 2288 5021 2418 5074; x_wconf 76' lang='grc' dir='ltr'>’Ὅτι</span> <span class='ocrx_word' id='word_1_719' title='bbox 2436 5021 2475 5086; x_wconf 78' lang='grc' dir='ltr'><strong>ή</strong></span> <span class='ocrx_word' id='word_1_720' title='bbox 2500 5019 2884 5076; x_wconf 62' lang='grc' dir='ltr'>θείαΝἰόθιυι·</span> <span class='ocrx_word' id='word_1_721' title='bbox 2914 5022 3103 5077; x_wconf 82' lang='lat' dir='ltr'><strong>deesse</strong></span> <span class='ocrx_word' id='word_1_722' title='bbox 3122 5020 3366 5087; x_wconf 85' lang='grc' dir='ltr'>πρόνοια,</span> <span class='ocrx_word' id='word_1_723' title='bbox 3394 5018 3643 5089; x_wconf 15' lang='grc' dir='ltr'>νεινάγα-</span> 
     </span>
    </p>
   </div>
   <div class='ocr_carea' id='block_1_92' title="bbox 418 5092 1136 5163">
    <p class='ocr_par' dir='ltr' id='par_1_92' title="bbox 418 5092 1136 5163">
     <span class='ocr_line' id='line_1_92' title="bbox 418 5092 1136 5163; baseline -0.008 -13"><span class='ocrx_word' id='word_1_724' title='bbox 418 5096 472 5150; x_wconf 91' lang='lat' dir='ltr'><strong>in</strong></span> <span class='ocrx_word' id='word_1_725' title='bbox 505 5092 915 5163; x_wconf 43' lang='grc' dir='ltr'>χαλεπώτεροςη</span> <span class='ocrx_word' id='word_1_726' title='bbox 934 5092 1136 5163; x_wconf 70' lang='lat' dir='ltr'><strong>Possm.</strong></span> 
     </span>
    </p>
   </div>
   <div class='ocr_carea' id='block_1_93' title="bbox 2082 5088 3645 5159">
    <p class='ocr_par' dir='ltr' id='par_1_93' title="bbox 2082 5088 3645 5159">
     <span class='ocr_line' id='line_1_93' title="bbox 2082 5088 3645 5159; baseline 0.001 -19"><span class='ocrx_word' id='word_1_727' title='bbox 2082 5088 2377 5159; x_wconf 54' lang='lat' dir='ltr'><strong>061116;,vel</strong></span> <span class='ocrx_word' id='word_1_728' title='bbox 2413 5089 2806 5159; x_wconf 82' lang='grc' dir='ltr'>φιλανθρωπία,</span> <span class='ocrx_word' id='word_1_729' title='bbox 2852 5091 2933 5142; x_wconf 88' lang='lat' dir='ltr'><strong>vel</strong></span> <span class='ocrx_word' id='word_1_730' title='bbox 2983 5090 3111 5158; x_wconf 89' lang='lat' dir='ltr'><strong>quid</strong></span> <span class='ocrx_word' id='word_1_731' title='bbox 3157 5090 3351 5153; x_wconf 87' lang='lat' dir='ltr'><strong>simile,</strong></span> <span class='ocrx_word' id='word_1_732' title='bbox 3394 5088 3494 5143; x_wconf 88' lang='lat' dir='ltr'><strong>nisi</strong></span> <span class='ocrx_word' id='word_1_733' title='bbox 3524 5090 3645 5157; x_wconf 88' lang='lat' dir='ltr'><strong>quis</strong></span> 
     </span>
    </p>
   </div>
   <div class='ocr_carea' id='block_1_94' title="bbox 492 5158 1962 5231">
    <p class='ocr_par' dir='ltr' id='par_1_94' title="bbox 492 5158 1962 5231">
     <span class='ocr_line' id='line_1_94' title="bbox 492 5158 1962 5231; baseline -0.001 -16"><span class='ocrx_word' id='word_1_734' title='bbox 492 5158 539 5229; x_wconf 73' lang='grc' dir='ltr'><strong>(ἶ</strong></span> <span class='ocrx_word' id='word_1_735' title='bbox 550 5164 599 5229; x_wconf 82' lang='grc'><strong>1)</strong></span> <span class='ocrx_word' id='word_1_736' title='bbox 628 5163 691 5213; x_wconf 82' lang='lat'><strong>&#39;0</strong></span> <span class='ocrx_word' id='word_1_737' title='bbox 718 5158 988 5229; x_wconf 66' lang='grc' dir='ltr'>ἀνίδρεῖος</span> <span class='ocrx_word' id='word_1_738' title='bbox 1022 5160 1123 5216; x_wconf 79' lang='grc' dir='ltr'><strong>καὶ</strong></span> <span class='ocrx_word' id='word_1_739' title='bbox 1144 5158 1436 5230; x_wconf 73' lang='grc' dir='ltr'>γενναῖος.</span> <span class='ocrx_word' id='word_1_740' title='bbox 1458 5160 1520 5214; x_wconf 85' lang='lat' dir='ltr'><strong>F.</strong></span> <span class='ocrx_word' id='word_1_741' title='bbox 1544 5161 1647 5230; x_wconf 86' lang='lat' dir='ltr'><strong>leg.</strong></span> <span class='ocrx_word' id='word_1_742' title='bbox 1676 5159 1962 5231; x_wconf 79' lang='grc' dir='ltr'>ὁάνδρείως</span> 
     </span>
    </p>
   </div>
   <div class='ocr_carea' id='block_1_95' title="bbox 2067 5158 2917 5231">
    <p class='ocr_par' dir='ltr' id='par_1_95' title="bbox 2082 5158 2917 5231">
     <span class='ocr_line' id='line_1_95' title="bbox 2082 5158 2917 5231; baseline 0 -20"><span class='ocrx_word' id='word_1_743' title='bbox 2082 5160 2241 5231; x_wconf 72' lang='lat' dir='ltr'><strong>malit</strong></span> <span class='ocrx_word' id='word_1_744' title='bbox 2263 5158 2515 5231; x_wconf 57' lang='lat' dir='ltr'><strong>legerejb</strong></span> <span class='ocrx_word' id='word_1_745' title='bbox 2547 5159 2719 5231; x_wconf 82' lang='grc' dir='ltr'>Θείον.</span> <span class='ocrx_word' id='word_1_746' title='bbox 2745 5158 2917 5231; x_wconf 72' lang='grc' dir='ltr'>Βιττ.</span> 
     </span>
    </p>
   </div>
   <div class='ocr_carea' id='block_1_96' title="bbox 416 5223 1962 5297">
    <p class='ocr_par' dir='ltr' id='par_1_96' title="bbox 416 5223 1830 5297">
     <span class='ocr_line' id='line_1_96' title="bbox 416 5223 1830 5297; baseline -0.004 -11"><span class='ocrx_word' id='word_1_747' title='bbox 416 5223 515 5286; x_wconf 60' lang='grc' dir='ltr'>καὶ</span> <span class='ocrx_word' id='word_1_748' title='bbox 541 5223 932 5297; x_wconf 51' lang='grc' dir='ltr'>γὲνναίωςξιι).</span> <span class='ocrx_word' id='word_1_749' title='bbox 964 5223 977 5226; x_wconf 58' lang='grc'>⁷</span> <span class='ocrx_word' id='word_1_750' title='bbox 1151 5223 1163 5230; x_wconf 84' lang='grc'><em>’</em></span> <span class='ocrx_word' id='word_1_751' title='bbox 1316 5295 1341 5297; x_wconf 24' lang='grc' dir='ltr'><strong><em>ᾉ</em></strong></span> <span class='ocrx_word' id='word_1_752' title='bbox 1393 5223 1403 5225; x_wconf 51' lang='grc'><em>’</em></span> <span class='ocrx_word' id='word_1_753' title='bbox 1597 5223 1624 5230; x_wconf 61' lang='grc'><em>“</em></span> <span class='ocrx_word' id='word_1_754' title='bbox 1819 5223 1830 5231; x_wconf 84' lang='grc'><em>’</em></span> 
     </span>
    </p>
   </div>
   <div class='ocr_carea' id='block_1_97' title="bbox 2067 5223 3647 5297">
    <p class='ocr_par' dir='ltr' id='par_1_97' title="bbox 2154 5223 3647 5297">
     <span class='ocr_line' id='line_1_97' title="bbox 2154 5223 3647 5297; baseline -0.002 -17"><span class='ocrx_word' id='word_1_755' title='bbox 2154 5228 2265 5297; x_wconf 82' lang='grc'><strong>(15)</strong></span> <span class='ocrx_word' id='word_1_756' title='bbox 2290 5227 2421 5297; x_wconf 83' lang='lat' dir='ltr'><strong>Cod.</strong></span> <span class='ocrx_word' id='word_1_757' title='bbox 2443 5226 2561 5281; x_wconf 78' lang='lat' dir='ltr'><strong>Vat.</strong></span> <span class='ocrx_word' id='word_1_758' title='bbox 2581 5230 2781 5297; x_wconf 69' lang='lat' dir='ltr'><strong>omittit</strong></span> <span class='ocrx_word' id='word_1_759' title='bbox 2798 5242 2982 5281; x_wconf 89' lang='lat' dir='ltr'><strong>vocem</strong></span> <span class='ocrx_word' id='word_1_760' title='bbox 3012 5224 3261 5294; x_wconf 78' lang='grc' dir='ltr'>λαμπρὰ,</span> <span class='ocrx_word' id='word_1_761' title='bbox 3290 5240 3387 5294; x_wconf 91' lang='lat' dir='ltr'><strong>pro</strong></span> <span class='ocrx_word' id='word_1_762' title='bbox 3410 5224 3495 5277; x_wconf 89' lang='lat' dir='ltr'><strong>illa</strong></span> <span class='ocrx_word' id='word_1_763' title='bbox 3520 5223 3647 5277; x_wconf 85' lang='lat' dir='ltr'><strong>sub-</strong></span> 
     </span>
    </p>
   </div>
   <div class='ocr_carea' id='block_1_98' title="bbox 491 5290 1962 5372">
    <p class='ocr_par' dir='ltr' id='par_1_98' title="bbox 491 5290 1962 5372">
     <span class='ocr_line' id='line_1_98' title="bbox 491 5290 1962 5372; baseline -0.001 -19"><span class='ocrx_word' id='word_1_764' title='bbox 491 5290 601 5372; x_wconf 57' lang='grc'>(12)</span> <span class='ocrx_word' id='word_1_765' title='bbox 636 5301 745 5353; x_wconf 80' lang='grc' dir='ltr'><strong>Τὸν</strong></span> <span class='ocrx_word' id='word_1_766' title='bbox 782 5290 927 5363; x_wconf 68' lang='grc' dir='ltr'>βίον</span> <span class='ocrx_word' id='word_1_767' title='bbox 973 5299 1261 5372; x_wconf 59' lang='grc' dir='ltr'><strong>ἐξελθεῖν.</strong></span> <span class='ocrx_word' id='word_1_768' title='bbox 1304 5295 1465 5372; x_wconf 64' lang='lat' dir='ltr'><strong>Forte</strong></span> <span class='ocrx_word' id='word_1_769' title='bbox 1499 5299 1779 5372; x_wconf 32' lang='grc' dir='ltr'>τού-βίου.</span> <span class='ocrx_word' id='word_1_770' title='bbox 1802 5298 1962 5372; x_wconf 81' lang='lat' dir='ltr'><strong>_Po_rr(</strong></span> 
     </span>
    </p>
   </div>
   <div class='ocr_carea' id='block_1_99' title="bbox 2067 5290 3641 5372">
    <p class='ocr_par' dir='ltr' id='par_1_99' title="bbox 2079 5290 3641 5372">
     <span class='ocr_line' id='line_1_99' title="bbox 2079 5290 3641 5372; baseline -0.003 -23"><span class='ocrx_word' id='word_1_771' title='bbox 2079 5290 2307 5372; x_wconf 60' lang='lat' dir='ltr'><strong>stitueiis</strong></span> <span class='ocrx_word' id='word_1_772' title='bbox 2347 5295 2483 5348; x_wconf 79' lang='grc' dir='ltr'>ἄλλα</span> <span class='ocrx_word' id='word_1_773' title='bbox 2509 5295 2689 5372; x_wconf 74' lang='grc' dir='ltr'>παρῶ.</span> <span class='ocrx_word' id='word_1_774' title='bbox 2726 5290 3130 5372; x_wconf 32' lang='lat' dir='ltr'><strong>Vers.._p_eu._et</strong></span> <span class='ocrx_word' id='word_1_775' title='bbox 3156 5290 3254 5348; x_wconf 67' lang='lat' dir='ltr'><strong>an.</strong></span> <span class='ocrx_word' id='word_1_776' title='bbox 3274 5290 3413 5372; x_wconf 38' lang='lat' dir='ltr'><strong>.pag.</strong></span> <span class='ocrx_word' id='word_1_777' title='bbox 3457 5302 3526 5372; x_wconf 41' lang='lat' dir='ltr'><strong>et.</strong></span> <span class='ocrx_word' id='word_1_778' title='bbox 3557 5307 3641 5358; x_wconf 88' lang='lat' dir='ltr'><strong>ep.</strong></span> 
     </span>
    </p>
   </div>
   <div class='ocr_carea' id='block_1_100' title="bbox 415 5361 1962 5435">
    <p class='ocr_par' dir='ltr' id='par_1_100' title="bbox 415 5361 1962 5435">
     <span class='ocr_line' id='line_1_100' title="bbox 415 5361 1962 5435; baseline 0 -12"><span class='ocrx_word' id='word_1_779' title='bbox 415 5361 615 5424; x_wconf 75' lang='lat' dir='ltr'><strong>similis</strong></span> <span class='ocrx_word' id='word_1_780' title='bbox 652 5379 735 5422; x_wconf 88' lang='lat' dir='ltr'><strong>est</strong></span> <span class='ocrx_word' id='word_1_781' title='bbox 776 5361 1041 5423; x_wconf 67' lang='lat' dir='ltr'><strong>sententia</strong></span> <span class='ocrx_word' id='word_1_782' title='bbox 1078 5369 1355 5422; x_wconf 84' lang='lat' dir='ltr'><strong>Ciceronis</strong></span> <span class='ocrx_word' id='word_1_783' title='bbox 1394 5368 1447 5421; x_wconf 93' lang='lat' dir='ltr'><strong>iu</strong></span> <span class='ocrx_word' id='word_1_784' title='bbox 1488 5361 1768 5435; x_wconf 65' lang='lat' dir='ltr'><strong>Pltilt&#39;ppic.</strong></span> <span class='ocrx_word' id='word_1_785' title='bbox 1799 5369 1962 5423; x_wconf 29' lang='lat' dir='ltr'><strong>imitat</strong></span> 
     </span>
    </p>
   </div>
   <div class='ocr_carea' id='block_1_101' title="bbox 2067 5361 3641 5435">
    <p class='ocr_par' dir='ltr' id='par_1_101' title="bbox 2078 5361 3641 5435">
     <span class='ocr_line' id='line_1_101' title="bbox 2078 5361 3641 5435; baseline -0.003 -19"><span class='ocrx_word' id='word_1_786' title='bbox 2078 5380 2176 5435; x_wconf 84' lang='lat' dir='ltr'><strong>pro</strong></span> <span class='ocrx_word' id='word_1_787' title='bbox 2232 5366 2511 5435; x_wconf 77' lang='grc' dir='ltr'>ἄπρακτον</span> <span class='ocrx_word' id='word_1_788' title='bbox 2578 5361 2714 5418; x_wconf 64' lang='lat' dir='ltr'><strong>sive:</strong></span> <span class='ocrx_word' id='word_1_789' title='bbox 2788 5361 2977 5420; x_wconf 83' lang='lat' dir='ltr'><strong>scribit</strong></span> <span class='ocrx_word' id='word_1_790' title='bbox 3048 5365 3188 5417; x_wconf 90' lang='lat' dir='ltr'><strong>idem</strong></span> <span class='ocrx_word' id='word_1_791' title='bbox 3263 5361 3641 5415; x_wconf 80' lang='grc' dir='ltr'>ἀπεκτονέναι.</span> 
     </span>
    </p>
   </div>
   <div class='ocr_carea' id='block_1_102' title="bbox 417 5437 2289 5502">
    <p class='ocr_par' dir='ltr' id='par_1_102' title="bbox 417 5437 2289 5502">
     <span class='ocr_line' id='line_1_102' title="bbox 417 5437 2289 5502; baseline -0.003 -9"><span class='ocrx_word' id='word_1_792' title='bbox 417 5440 565 5493; x_wconf 88' lang='lat' dir='ltr'><strong>tione</strong></span> <span class='ocrx_word' id='word_1_793' title='bbox 599 5438 967 5491; x_wconf 83' lang='lat' dir='ltr'><strong>Demosthenis</strong></span> <span class='ocrx_word' id='word_1_794' title='bbox 993 5438 1216 5502; x_wconf 86' lang='lat' dir='ltr'><strong>prolata.</strong></span> <span class='ocrx_word' id='word_1_795' title='bbox 1252 5437 1414 5491; x_wconf 73' lang='lat' dir='ltr'><strong>lli&#39;rr.</strong></span> <span class='ocrx_word' id='word_1_796' title='bbox 2081 5437 2289 5488; x_wconf 79' lang='lat' dir='ltr'><strong>Possm.</strong></span> 
     </span>
    </p>
   </div>
   <div class='ocr_carea' id='block_1_103' title="bbox 488 5497 1962 5575">
    <p class='ocr_par' dir='ltr' id='par_1_103' title="bbox 488 5497 1959 5575">
     <span class='ocr_line' id='line_1_103' title="bbox 488 5497 1959 5575; baseline 0 -17"><span class='ocrx_word' id='word_1_797' title='bbox 488 5506 601 5575; x_wconf 77' lang='grc'><strong>(15)</strong></span> <span class='ocrx_word' id='word_1_798' title='bbox 630 5507 761 5560; x_wconf 83' lang='lat' dir='ltr'><strong>Cod.</strong></span> <span class='ocrx_word' id='word_1_799' title='bbox 808 5504 923 5558; x_wconf 83' lang='lat' dir='ltr'><strong>Vat.</strong></span> <span class='ocrx_word' id='word_1_800' title='bbox 964 5497 1171 5571; x_wconf 72' lang='grc' dir='ltr'>διεξιὼν</span> <span class='ocrx_word' id='word_1_801' title='bbox 1208 5506 1368 5557; x_wconf 88' lang='lat' dir='ltr'><strong>vertit</strong></span> <span class='ocrx_word' id='word_1_802' title='bbox 1398 5504 1803 5575; x_wconf 14' lang='grc' dir='ltr'>ἰηγὲξελθὼνῄοι</span> <span class='ocrx_word' id='word_1_803' title='bbox 1836 5520 1959 5558; x_wconf 89' lang='lat' dir='ltr'><strong>vers</strong></span> 
     </span>
    </p>
   </div>
   <div class='ocr_carea' id='block_1_104' title="bbox 2067 5497 3641 5575">
    <p class='ocr_par' dir='ltr' id='par_1_104' title="bbox 2154 5497 3641 5575">
     <span class='ocr_line' id='line_1_104' title="bbox 2154 5497 3641 5575; baseline -0.003 -21"><span class='ocrx_word' id='word_1_804' title='bbox 2154 5503 2275 5575; x_wconf 57' lang='lat' dir='ltr'><strong>(lii)</strong></span> <span class='ocrx_word' id='word_1_805' title='bbox 2302 5502 2384 5575; x_wconf 53' lang='lat' dir='ltr'><strong>T51)</strong></span> <span class='ocrx_word' id='word_1_806' title='bbox 2410 5501 2519 5571; x_wconf 76' lang='grc' dir='ltr'>γὰρ</span> <span class='ocrx_word' id='word_1_807' title='bbox 2547 5501 3000 5575; x_wconf 43' lang='grc' dir='ltr'>βασιλεῖηιῖοτῑε</span> <span class='ocrx_word' id='word_1_808' title='bbox 3019 5498 3298 5575; x_wconf 56' lang='lat' dir='ltr'><strong>redundat</strong></span> <span class='ocrx_word' id='word_1_809' title='bbox 3322 5498 3450 5567; x_wconf 81' lang='grc' dir='ltr'>γάρ.</span> <span class='ocrx_word' id='word_1_810' title='bbox 3477 5497 3641 5575; x_wconf 54' lang='grc' dir='ltr'>ΒιτῙ.</span> 
     </span>
    </p>
   </div>
   <div class='ocr_carea' id='block_1_105' title="bbox 416 5567 1962 5645">
    <p class='ocr_par' dir='ltr' id='par_1_105' title="bbox 416 5567 1955 5645">
     <span class='ocr_line' id='line_1_105' title="bbox 416 5567 1955 5645; baseline -0.003 -16"><span class='ocrx_word' id='word_1_811' title='bbox 416 5567 537 5643; x_wconf 76' lang='lat' dir='ltr'><strong>seq.</strong></span> <span class='ocrx_word' id='word_1_812' title='bbox 585 5567 1136 5645; x_wconf 69' lang='grc' dir='ltr'>μακαριστότερος’ἱη</span> <span class='ocrx_word' id='word_1_813' title='bbox 1172 5567 1654 5642; x_wconf 77' lang='grc' dir='ltr'>μακαριστότατος.</span> <span class='ocrx_word' id='word_1_814' title='bbox 1691 5572 1844 5629; x_wconf 85' lang='lat' dir='ltr'><strong>Vers.</strong></span> <span class='ocrx_word' id='word_1_815' title='bbox 1863 5589 1955 5640; x_wconf 89' lang='lat' dir='ltr'><strong>seq</strong></span> 
     </span>
    </p>
   </div>
   <div class='ocr_carea' id='block_1_106' title="bbox 2067 5567 3643 5645">
    <p class='ocr_par' dir='ltr' id='par_1_106' title="bbox 2083 5567 3643 5645">
     <span class='ocr_line' id='line_1_106' title="bbox 2083 5567 3643 5645; baseline -0.002 -22"><span class='ocrx_word' id='word_1_816' title='bbox 2083 5642 2094 5645; x_wconf 90' lang='lat'><em>_</em></span> <span class='ocrx_word' id='word_1_817' title='bbox 2150 5567 2450 5645; x_wconf 33' lang='lat' dir='ltr'><strong>‘(lﬁ‘lcum</strong></span> <span class='ocrx_word' id='word_1_818' title='bbox 2471 5567 2599 5645; x_wconf 43' lang='lat'><strong>1129</strong></span> <span class='ocrx_word' id='word_1_819' title='bbox 2644 5569 3146 5645; x_wconf 30' lang='lat' dir='ltr'><strong>epistolahcoul&#39;ernri</strong></span> <span class='ocrx_word' id='word_1_820' title='bbox 3177 5569 3336 5645; x_wconf 72' lang='lat' dir='ltr'><strong>debet</strong></span> <span class='ocrx_word' id='word_1_821' title='bbox 3375 5584 3462 5645; x_wconf 81' lang='lat' dir='ltr'><strong>ep.</strong></span> <span class='ocrx_word' id='word_1_822' title='bbox 3516 5567 3643 5632; x_wconf 77' lang='grc'><strong>218,</strong></span> 
     </span>
    </p>
   </div>
   <div class='ocr_carea' id='block_1_107' title="bbox 414 5636 1962 5716">
    <p class='ocr_par' dir='ltr' id='par_1_107' title="bbox 414 5636 1957 5716">
     <span class='ocr_line' id='line_1_107' title="bbox 414 5636 1957 5716; baseline -0.008 -17"><span class='ocrx_word' id='word_1_823' title='bbox 414 5636 519 5716; x_wconf 77' lang='lat' dir='ltr'><strong>pro</strong></span> <span class='ocrx_word' id='word_1_824' title='bbox 570 5636 968 5714; x_wconf 74' lang='grc' dir='ltr'>μετανοήσαιεν’</span> <span class='ocrx_word' id='word_1_825' title='bbox 1011 5636 1183 5695; x_wconf 61' lang='lat' dir='ltr'><strong>habet</strong></span> <span class='ocrx_word' id='word_1_826' title='bbox 1216 5636 1713 5710; x_wconf 66' lang='grc' dir='ltr'>γνωσιμαχήσαιεν,</span> <span class='ocrx_word' id='word_1_827' title='bbox 1771 5636 1957 5697; x_wconf 69' lang='lat' dir='ltr'><strong>Possui</strong></span> 
     </span>
    </p>
   </div>
   <div class='ocr_carea' id='block_1_108' title="bbox 2067 5636 3488 5716">
    <p class='ocr_par' dir='ltr' id='par_1_108' title="bbox 2082 5636 3488 5711">
     <span class='ocr_line' id='line_1_108' title="bbox 2082 5636 3488 5711; baseline -0.004 -15"><span class='ocrx_word' id='word_1_828' title='bbox 2082 5636 2246 5707; x_wconf 79' lang='lat' dir='ltr'><strong>infra,</strong></span> <span class='ocrx_word' id='word_1_829' title='bbox 2268 5636 2447 5711; x_wconf 58' lang='lat' dir='ltr'><strong>&#39;bujus</strong></span> <span class='ocrx_word' id='word_1_830' title='bbox 2470 5640 2591 5694; x_wconf 87' lang='lat' dir='ltr'><strong>libri</strong></span> <span class='ocrx_word' id='word_1_831' title='bbox 2613 5636 2691 5706; x_wconf 72' lang='lat' dir='ltr'><strong>tv,</strong></span> <span class='ocrx_word' id='word_1_832' title='bbox 2716 5656 2802 5710; x_wconf 89' lang='lat' dir='ltr'><strong>ep.</strong></span> <span class='ocrx_word' id='word_1_833' title='bbox 2831 5640 2933 5696; x_wconf 78' lang='grc'>166</span> <span class='ocrx_word' id='word_1_834' title='bbox 2965 5649 3020 5696; x_wconf 88' lang='lat' dir='ltr'><strong>et</strong></span> <span class='ocrx_word' id='word_1_835' title='bbox 3042 5637 3149 5692; x_wconf 71' lang='lat'><strong>285</strong></span> <span class='ocrx_word' id='word_1_836' title='bbox 3185 5637 3277 5690; x_wconf 91' lang='lat' dir='ltr'><strong>lib.</strong></span> <span class='ocrx_word' id='word_1_837' title='bbox 3317 5652 3379 5692; x_wconf 88' lang='lat' dir='ltr'><strong>ll.</strong></span> <span class='ocrx_word' id='word_1_838' title='bbox 3408 5636 3488 5691; x_wconf 73' lang='lat' dir='ltr'><strong>In.</strong></span> 
     </span>
    </p>
   </div>
   <div class='ocr_carea' id='block_1_109' title="bbox 792 5727 1962 5796">
    <p class='ocr_par' dir='ltr' id='par_1_109' title="bbox 792 5732 1578 5796">
     <span class='ocr_line' id='line_1_109' title="bbox 792 5732 1578 5796; baseline -0.003 0"><span class='ocrx_word' id='word_1_839' title='bbox 792 5734 1064 5796; x_wconf 70' lang='grc' dir='ltr'>Ριτειοι..</span> <span class='ocrx_word' id='word_1_840' title='bbox 1103 5733 1221 5792; x_wconf 82' lang='lat' dir='ltr'><strong>Gn.</strong></span> <span class='ocrx_word' id='word_1_841' title='bbox 1261 5732 1578 5794; x_wconf 82' lang='lat' dir='ltr'><strong>LXXVlll.</strong></span> 
     </span>
    </p>
   </div>
   <div class='ocr_carea' id='block_1_110' title="bbox 2067 5727 3291 5796">
    <p class='ocr_par' dir='ltr' id='par_1_110' title="bbox 3220 5727 3291 5785">
     <span class='ocr_line' id='line_1_110' title="bbox 3220 5727 3291 5785; baseline 0 0"><span class='ocrx_word' id='word_1_842' title='bbox 3220 5727 3291 5785; x_wconf 90' lang='lat'><strong>37</strong></span> 
     </span>
    </p>
   </div>
  </div>
