4042 6146
455 295 592 361 1165

1352 295 1885 359 EPISTOLARUM
1915 294 2060 354 LIB.
2101 293 2201 353 IV.
2242 316 2312 326 -
2348 289 2584 351 EPIST.
2625 287 2720 347 CI.

3540 279 3676 343 11ὓῦ

379 389 387 397 ’
448 408 747 479 λαμϐάνειν
789 407 890 471 τὰς
934 406 1270 471 ἀποδείξεις*
1310 410 1406 461 καὶ
1440 411 1505 479 τῇ
1543 407 1673 478 ἀγίᾳ
1711 408 1913 477 συνόδῳ
1946 408 2009 474 τῇ

2115 416 2237 455 esse
2256 401 2653 462 deﬁniverunt;
2684 405 2738 450 et
2766 393 2855 447 alii
2878 392 3096 462 quidem
3124 390 3363 446 divinum
3410 389 3670 459 Spiritum

449 497 879 569 συγκροτηθείσῃ
899 498 1040 550 κατά
1062 496 1623 565 Νικαίανλάκολουθεῖν
1638 537 1651 555 ,
1677 498 1813 566 μήτε
1841 510 2010 563 προσ-

445 587 722 650 τιθέντας,
797 588 939 657 μήτε
991 586 1385 657 ἀφαιροῦντας.
1426 586 1641 656 Ἐκείνη
1678 584 1788 654 γὰρ
1827 582 2012 636 θεόθεν

444 674 866 744 ἐμπνευσοεῖσα,
897 676 1131 746 τάληθὲς
1150 675 1521 751 ἐδογμάτισεν.

2118 506 2226 546 non
2258 490 2426 544 Deum
2455 486 2824 547 confitentur;
2857 483 2946 536 alii
2976 496 3103 536 vero
3141 479 3590 533 minisuatorium
3617 487 3676 531 et

2116 580 2459 636 sanctiﬁcum
2497 577 2786 646 appellant.
2814 574 2929 627 Non
2954 580 3165 640 oportet
3195 571 3508 638 eorum,qui
3533 584 3678 622 mor-

2120 670 2191 725 bo
2216 670 2487 731 laborant,
2522 666 2675 735 sequi
2702 662 2987 732 suﬁ‘ragia;
3012 663 3104 716 sed
3137 676 3201 714 ex
3218 660 3426 728 judicio
3464 670 3682 714 sancto-

443 781 622 826 torum
650 766 931 821 hominum
956 769 1442 823 demustrationes
1475 779 1731 830 mutuari,
1786 773 1842 820 et
1906 772 2103 818 sanctae
2163 764 2388 833 synodo,
2448 776 2566 830 qua:
2611 760 2801 814 Nicaeae
2840 758 3018 813 habita
3072 756 3191 819 fuit,
3254 756 3549 821 adhaerere,
3588 771 3680 808 ue-

444 870 552 927 que
573 855 832 909 addentes
858 856 907 910 ei
938 856 1249 926 quidquam,
1284 872 1457 927 neque
1486 858 1851 913 detrahentes.
1894 852 1986 907 Ila
2025 854 2167 907 enim
2228 851 2485 907 divinitus
2548 851 2828 919 inspirata,
2878 851 3159 905 veritatem
3210 851 3519 916 dogmatutn
3568 857 3678 901 tra-

445 946 603 1002 didit.

760 1063 841 1118 ρο.
864 1093 935 1105 -
962 1063 1223 1136 ιΣιΔιιΡῼ
1250 1062 1362 1134 (26)
1399 1056 1719 1134 ΔιΑιςυΝᾳ.

451 1152 516 1207 Τί
538 1153 728 1218 ἐστιν,
759 1171 779 1205 ‹
809 1156 915 1220 Εἰς
935 1154 1194 1218 ἔνδειξιν
1213 1153 1321 1223 τῆς
1348 1154 1735 1220 δικαιοσύνης
1755 1143 1961 1206 αὐτοῦ.
1991 1168 2011 1203 ι

530 1265 746 1333 Ἐπειδὴ
788 1268 1110 1336 γέγραφας,
1142 1262 1209 1320 Τί
1231 1268 1415 1336 ζέστιν,
1466 1283 1485 1317 ι
1527 1266 1621 1328 Εἰς
1658 1264 1883 1331 ἔνδειξιν
1916 1263 2020 1333 τῆς

438 1353 791 1423 δικαιοσύνης
814 1353 1000 1419 αὐτοῦζ
1030 1372 1049 1405 ι
1067 1355 1227 1424 φημὶ,
1250 1355 1330 1407 ὅτι
1352 1353 1536 1424 ἐπειδὴ
1551 1355 1637 1407 ὅτε
1657 1356 1691 1425 ή
1707 1353 2018 1424 ἀνθρωπεία

446 1444 609 1512 φύσις
636 1445 831 1515 ἐμάνη,
860 1445 955 1497 καὶ
978 1443 1299 1507 ἀνύποιστος
1324 1441 1392 1515 ἦν
1408 1444 1515 1497 τῶν
1539 1443 1952 1514 ἁμαρτημάτων
1979 1444 2013 1512 ή

446 1531 731 1602 τυραννὶς,
768 1533 865 1584 καὶ
926 1532 1116 1602 καιρὸς
1174 1533 1499 1600 ἀποφάσεως
1541 1528 1628 1602 ἦν,
1679 1531 2012 1602 πανολεθρίᾳ

442 1621 915 1693 ’καταδικαζούσης
942 1623 1002 1674 τὸ
1036 1623 1191 1689 γένος
1237 1623 1371 1695 (πᾶς
1409 1623 1518 1694 γὰρ
1550 1625 1787 1695 ἰατρείας
1828 1622 2013 1692 ἐξηλέ-

441 1711 587 1781 γχθη
614 1712 835 1782 τρόπος,
865 1712 956 1764 καί
982 1710 1106 1765 οὔτε
1129 1714 1310 1781 νόμος,
1344 1709 1467 1764 οὔτε
1492 1711 1828 1783 προφητικὸς
1857 1711 2012 1778 λόγος

448 1796 540 1853 τὸν
572 1801 980 1856 ἐπιπολάσαντα
1008 1803 1193 1873 λοιμὸν
1222 1801 1489 1858 ἀπελάσαι
1520 1803 1725 1873 ἴσχυεν)
1752 1821 1765 1834 ο
1795 1802 1917 1854 τότε
1948 1802 2012 1871 δὴ

448 1887 644 1964 λύτρον
688 1893 779 1946 τὸν
806 1893 1088 1964 Μονογενῆ
1117 1896 1507 1964 ἐπεισήγαγεν,
1552 1894 1617 1947 ἵν’
1653 1893 1751 1963 ἔχῃ
1790 1892 1947 1961 λόγον
1974 1894 2011 1960 ἡ

446 1982 607 2052 χάρις
628 1998 644 2015 ⁸
679 1981 768 2035 διὰ
803 1980 944 2034 τοῦτ’
973 1980 1078 2053 ἔφη
1120 1984 1149 2035 ὀ
1204 1982 1521 2046 Ἀπόστολος
1546 1998 1561 2013 ·
1598 2000 1619 2034 ι
1662 1983 1758 2043 Εἰς
1793 1979 2015 2043 ἔνδειξιν

446 2068 549 2138 τῆς
574 2063 925 2141 δικαιοσύνης
955 2069 1140 2123 αὑτοῦ.
1172 2089 1191 2123 ι
1229 2064 1443 2141 Ἰερείον
1465 2071 1571 2140 γὰρ
1595 2069 2015 2141 προσηνέχθηέν

449 2160 589 2231 ὑπὲρ
635 2160 869 2223 πάντων,
918 2161 1013 2213 καί
1059 2161 1199 2232 ὑπὲρ
1238 2162 1336 2232 τὴν
1381 2158 1635 2217 ἀπάντων
1681 2161 1857 2226 ἀξίαν.
1900 2162 2009 2215 Καὶ

444 2250 571 2303 τότε
600 2251 633 2320 ὴ
665 2250 803 2320 ὀργὴ
853 2245 1015 2320 ἐλύθη
1033 2289 1051 2313 ,
1077 2248 1228 2322 καὶή
1269 2252 1578 2322 καταλλαγὴ
1603 2251 1824 2320 γέγονε,
1850 2251 1942 2306 καὶ
1974 2253 2006 2322 η

443 2337 618 2408 ἔχθρα
636 2339 715 2402 εἰς
746 2332 924 2407 φιλίαν
961 2336 1427 2410 μετερῤυθμίσθη,
1459 2340 1555 2392 καὶ
1592 2341 1715 2393 ἀντί
1746 2341 1845 2409 τῆς
1875 2341 2009 2393 ἀπθ-

448 2428 686 2497 φάσεως,
714 2428 774 2481 τὸ
804 2424 1078 2499 ὑπερφυὲς
1104 2426 1202 2498 τῆς
1226 2430 1500 2494 υἱοθεσίας
1538 2430 1692 2500 ἐδόθη
1726 2432 2007 2501 χάρισμα,

450 2519 545 2571 καὶ
561 2516 888 2588 μυρίαῖδῶρα
918 2517 1171 2589 ἐχόρευσε
1196 2519 1503 2588 κοσμοῦντα
1528 2519 1625 2589 τὴν
1658 2520 2006 2589 Ἐκκλησίαν,

452 2608 517 2663 ἵν’
554 2607 688 2678 ὁμοῦ
722 2607 817 2661 καὶ
847 2610 881 2677 ἡ
919 2608 1233 2680 δικαιοσύνη
1276 2606 1461 2681 δειχθῇ
1485 2649 1501 2673 ,
1539 2609 1686 2680 κα.ὶή
1718 2610 2006 2682 περιουσία

446 2698 552 2768 ’τῆς
578 2698 913 2769 ἀγαθότητος
937 2698 1174 2771 δηλωθῇ.

2490 1053 2553 1112 C.
2578 1085 2646 1096 -—
2668 1049 2945 1111 ISlDORO
2984 1049 3302 1109 DIACONO.

2220 1140 2362 1213 Quid
2389 1145 2480 1213 sit,
2518 1164 2537 1198 ι
2570 1146 2653 1199 Ad
2693 1145 3035 1200 ostensionem
3053 1144 3283 1212 iustitia:
3314 1158 3426 1197 sua:
3446 1142 3516 1198 ".
3540 1160 3561 1195 ι

2183 1261 2447 1327 Quoniam
2488 1274 2585 1328 per
2618 1259 2828 1314 litteras
2869 1258 3191 1327 quaesivisti,
3250 1258 3378 1327 quid
3418 1258 3487 1313 sit
3529 1258 3674 1328 quod

2124 1352 2323 1407 Paulus
2354 1352 2529 1406 dixit:
2564 1353 2675 1406 «Ad
2691 1350 3055 1406 ostensionem
3079 1350 3303 1419 justitite
3327 1366 3477 1406 sure:
3510 1369 3530 1403 ι
3580 1363 3671 1404 re-

2121 1445 2403 1512 spondeo;
2441 1461 2461 1494 »
2495 1441 2631 1508 Quia
2657 1450 3001 1511 posteaquam
3037 1441 3266 1494 humana
3308 1449 3498 1494 natura
3520 1440 3668 1493 insa-

2120 1533 2259 1587 nivit
2292 1533 2549 1587 adversus
2577 1533 2764 1593 Deum.
2804 1541 2859 1584 et
2889 1541 3236 1599 peccatorum
3255 1531 3500 1599 tyrannis
3523 1529 3673 1585 into-

2116 1622 2359 1687 lerabilis
2397 1623 2539 1677 facta
2561 1629 2700 1683 erat.
2731 1630 2785 1676 et
2815 1630 3027 1687 tempus
3062 1621 3250 1674 aderat
3289 1620 3525 1673 ferendae
3545 1633 3672 1673 seu-

2117 1714 2320 1776 tentiaa,
2348 1727 2468 1782 qua:
2490 1712 2659 1768 exitio
2678 1711 2979 1766 universali
3041 1710 3324 1763 damnaret
3370 1716 3539 1762 totum
3572 1722 3671 1777 ge-

2110 1818 2214 1859 nus
2239 1804 2535 1859 humanum
2565 1803 2774 1874 (omnis
2811 1802 2954 1857 enim
2980 1800 3120 1854 ratio
3146 1798 3520 1855 medicationis
3566 1799 3664 1852 de-

2108 1895 2379 1965 prehensa
2445 1894 2625 1949 fuerat
2679 1892 2856 1947 inanis
2889 1890 3158 1956 etmiltili,
3208 1903 3277 1943 ac
3324 1902 3509 1956 neque
3559 1886 3668 1950 lex,

2111 2000 2287 2055 neque
2314 1985 2662 2055 propheticus
2684 1997 2867 2039 sermo
2898 1981 3237 2049 pestilentem
3273 1978 3538 2041 morbum,
3572 1976 3668 2045 qui

2111 2075 2294 2128 omnia
2323 2082 2639 2142 occuparat,
2686 2071 2955 2141 depellere
3012 2069 3282 2136 valebat);
3339 2075 3467 2121 tunc
3522 2065 3665 2120 Deus

2107 2163 2347 2233 pretium
2387 2163 2777 2232 redemptionis
2808 2159 3105 2214 introduxit
3134 2157 3467 2226 unigenitum
3506 2169 3668 2210 suum

2110 2252 2334 2319 Filium,
2362 2262 2422 2308 ut
2447 2252 2596 2307 locus
2622 2266 2746 2307 esse
2769 2257 2949 2320 posset
2974 2249 3163 2319 gratiae
3211 2262 3275 2301 ac
3298 2247 3468 2301 venite
3504 2266 3520 2299 :
3550 2258 3673 2300 eam

2112 2345 2183 2398 ob
2215 2358 2325 2397 rem
2360 2342 2464 2397 hoc
2490 2342 2629 2395 dixit
2653 2340 2947 2410 Apostolus
2980 2356 2994 2392 :
3039 2355 3060 2389 ι
3090 2337 3170 2390 Ad
3192 2333 3668 2402 ostensionemju-

2106 2432 2270 2488 stitia:
2293 2446 2426 2486 sure.
2458 2450 2479 2484 ι
2515 2411 2750 2485 Victima
2788 2430 2934 2483 enim
2961 2421 3140 2480 dblata
3169 2435 3252 2480 est
3286 2439 3393 2479 una
3425 2438 3522 2494 pro
3545 2437 3666 2477 om-

2107 2523 2288 2588 nibus,
2320 2536 2548 2592 quaeque
2573 2520 2827 2576 omnibus
2880 2519 3140 2588 dignitate
3193 2531 3258 2570 ac
3292 2517 3473 2587 pretio
3505 2528 3673 2580 supe-

2106 2612 2220 2667 rior
2247 2621 2416 2667 esset.
2445 2613 2524 2665 Ac
2552 2619 2681 2666 tunc
2721 2610 2898 2665 soluta
2930 2618 3015 2663 est
3042 2609 3146 2673 ira,
3172 2616 3227 2662 et
3289 2605 3668 2661 reconciliatio

2102 2701 2246 2758 facta
2274 2711 2378 2767 est,
2421 2702 2894 2770 redintegrataque
2945 2699 3142 2768 gratia,
3199 2710 3525 2751 conversum
3583 2704 3670 2751 est

456 2794 642 2846 odium
673 2792 725 2845 in
752 2793 1091 2847 amicitiam:
1122 2804 1177 2849 et
1202 2809 1303 2864 pro
1346 2799 1610 2851 sententia
1651 2795 1869 2867 capitali
1936 2794 2292 2850 abdicationis
2355 2796 2537 2849 datum
2602 2802 2687 2847 est
2743 2791 3016 2846 excellens
3065 2790 3197 2843 iilnd
3253 2788 3564 2858 adoptionis
3613 2790 3670 2844 in

453 2880 592 2937 ﬁlios
618 2880 838 2947 donum,
864 2895 917 2939 et
949 2885 1158 2939 inlinita
1181 2900 1527 2943 accesserunt
1577 2890 1737 2955 dona,
1799 2886 1996 2957 quibus
2034 2894 2392 2943 exornaretur
2420 2883 2703 2939 Ecclesia:
2766 2891 2824 2935 ut
2848 2882 2924 2935 ita
2978 2879 3144 2935 simul
3168 2878 3454 2948 etjustitia
3484 2889 3670 2935 osten-

450 2977 689 3037 deretur,
733 2981 787 3026 et
808 2973 1134 3028 abundantia
1166 2975 1421 3031 bonitatis
1444 2977 1831 3032 declararetur.

600 3085 724 3142 PA’.
760 3115 833 3125 —
860 3086 1209 3158 ΜΑΡΤΥΡΙῼ
1237 3089 1679 3160 ΠΡΕΣΒΥΤΕΡῼ
1716 3089 1847 3158 (27).

452 3176 558 3243 Εἰς
582 3176 649 3230 τὸ
673 3215 688 3243 ,
720 3193 742 3228 ι
780 3175 1045 3231 Aetium
1070 3176 1273 3249 αύζοῖς
1301 3181 1334 3231 d
1376 3180 1519 3245 Θεὸς
1545 3180 1781 3249 πνεῦμα
1827 3193 2008 3233 κατα-

1081 3244 1326 3313 νύξεως.
1368 3264 1386 3298 ι

538 3354 755 3427 Ἐπειδὴ
781 3357 863 3419 τὸ,
897 3374 917 3408 ι
952 3357 1190 3411 Δέδωκεν
1229 3360 1411 3424 αὐτοῖς
1438 3357 1617 3422 ὀΘεὺς
1657 3357 1873 3428 πνεῦμα
1906 3376 2006 3413 κα-

452 3445 743 3510 τανύξεως,
772 3445 1081 3516 ὀφθαλμοὺς
1110 3445 1205 3499 τοῦ
1249 3449 1323 3513 μὴ
1362 3446 1599 3515 βλέπειν,
1641 3448 1739 3502 καί.
1773 3442 1887 3503 ὦτα
1912 3448 2008 3501 τοῦ

458 3535 536 3604 μὴ
560 3533 797 3598 ἀκούειν,
829 3534 931 3597 ἐως
958 3534 1055 3603 τῆς
1094 3538 1335 3605 σήμερον
1374 3534 1623 3605 ἡμέρας,
1679 3553 1701 3586 ι
1759 3553 2009 3606 σαφηνι-

456 3624 647 3695 σθῆναί
676 3640 757 3678 σοι
809 3624 1069 3694 ἠξίωσας,
1097 3625 1283 3678 ἀκονε’
1311 3625 1404 3689 Τὸ,
1428 3625 1632 3689 ἔδωκε,
1665 3628 1758 3679 καὶ
1786 3628 1846 3680 τὸ
1864 3643 2011 3695 παρ-

454 3716 666 3782 έδωκε,
691 3716 831 3770 κατά
858 3719 981 3779 τοὺς
1025 3717 1124 3786 τῆς
1158 3718 1311 3786 ἰερᾶς
1341 3717 1560 3787 Γραφῆς
1587 3718 1784 3787 νόμους
1817 3720 1912 3771 καὶ
1940 3719 2010 3772 τὰ

460 3807 741 3878 ἰδιώματα,
769 3806 1001 3876 ἀφῆκεν
1015 3809 1118 3861 εἰσὶ
1147 3807 1259 3877 (28)
1289 3807 1382 3859 καὶ
1403 3807 1848 3875 συνεχώρησεν.
1870 3809 1933 3861 Εἰ
1952 3808 2010 3860 δὲ

453 3900 515 3952 ού
542 3900 830 3971 καταδέχῃ,
859 3900 925 3952 δι’
945 3898 1269 3964 ἀποδείξεως
1296 3898 1326 3951 ό
1355 3898 1511 3965 λόγος
1542 3898 1821 3965 βαδιεῖταιο
1844 3900 2010 3969 (Mdv

454 3992 483 4042 ὁ
512 3989 719 4053 Παῦλος
749 3991 876 4060 περὶ
900 3989 1008 4043 τῶν
1043 3989 1104 4045 τὸ
1135 3989 1275 4041 θεῖον
1303 3987 1468 4053 σέϐας
1495 3989 1605 4057 (29)
1634 3988 1870 4051 εἰδώλοις
1889 3990 2010 4041 ἐπι-

454 4098 529 4149 φη
538 4082 830 4149 μισάντων·
851 4098 870 4131 ι
898 4080 1217 4150 Παρέδωκεν
1232 4080 1426 4143 αὐτοὺς
1454 4080 1533 4141 εἰς
1551 4078 1694 4150 πάθη
1717 4080 1959 4149 ἀτιμίας
1984 4098 2004 4131 ι

450 4173 751 4233 τουτέστιν,
788 4169 1017 4238 ἀφῆκεν,
1062 4170 1410 4237 ἐγκατέλιπε.
1443 4168 1567 4233 Πῶς
1587 4169 1695 4240 γὰρ
1725 4171 1822 4222 οὐκ
1847 4170 2009 4239 ἐμελ-

451 4260 544 4311 λον
578 4261 671 4312 καί
700 4259 796 4329 τὴν
825 4258 985 4326 φύσιν
1015 4260 1228 4327 ἀγνοεῖν
1262 4260 1358 4312 καὶ
1408 4259 1720 4331 ὑπερορίοις
1755 4259 2014 4327 ἐγκαλινο

2354 3085 2448 3141 (ιι.
2474 3110 2546 3125 -
2573 3082 2933 3140 MARTYRIO
2964 3082 3432 3140 PRESBYTERO.

2110 3175 2177 3230 In
2198 3176 2330 3230 illud
2360 3175 2650 3231 Paulinum
2677 3176 2873 3229 dictum
2901 3191 2921 3229 :
2954 3194 2973 3226 ι
3021 3175 3174 3246 Dedit
3217 3177 3345 3244 ipsis
3382 3177 3523 3230 Deus
3558 3177 3664 3246 spi-

2515 3248 2676 3299 ritum
2702 3246 3110 3315 t'tmtpttnctionis
3140 3245 3207 3298 ’⁸,
3241 3263 3260 3295 ι

2178 3355 2445 3422 Quoniam
2478 3372 2506 3409 a
2534 3372 2623 3412 me
2671 3355 2897 3425 petiisti,
2925 3366 2983 3410 ιιι
3012 3357 3104 3411 tibi
3129 3370 3457 3424 exponerem
3490 3358 3618 3413 illud
3646 3377 3661 3414 :

2113 3466 2133 3500 ι
2168 3448 2324 3503 Dedit
2346 3448 2451 3502 illis
2479 3448 2622 3503 Deus
2659 3450 2907 3518 spiritum
2932 3451 3396 3518 compunctionis:
3456 3450 3667 3515 oculos,

2109 3549 2166 3592 ut
2192 3551 2298 3593 non
2328 3539 2585 3593 videant:
2611 3550 2665 3594 et
2702 3555 2879 3603 aures,
2908 3548 2966 3593 ut
2989 3555 3093 3594 non
3118 3544 3358 3606 audiant,
3416 3557 3585 3610 usque
3612 3541 3667 3596 itt
3752 3598 3755 3599 ν

2110 3630 2431 3685 hodiernum
2469 3629 2643 3693 diem;
2683 3648 2704 3680 ι
2734 3630 2996 3684 ausculta.
3068 3628 3160 3683 Illa
3200 3632 3387 3695 verba,
3433 3631 3574 3685 dedit
3615 3642 3671 3686 et

2111 3720 2350 3782 tradidit,
2377 3718 2675 3772 secundum
2706 3718 2852 3787 leges
2882 3728 2937 3772 et
2964 3720 3324 3786 proprietates
3369 3722 3667 3789 modosque

2110 3809 2416 3879 peculiares
2446 3809 2695 3875 loquendi
2762 3822 2929 3862 sacra:
2979 3807 3293 3877 Scriptum,
3340 3808 3663 3879 signiﬁcant,

2109 3898 2320 3966 reliquit
2353 3896 2438 3950 vel
2460 3898 2715 3964 permisit.
2750 3897 2903 3961 Quod
2931 3900 2975 3950 si
3005 3898 3105 3952 hoc
3154 3912 3258 3951 non
3327 3900 3543 3967 recipis,
3573 3916 3668 3968 per

2111 3987 2898 4056 demonstrationemprocedet
2959 3987 3155 4041 oratio.
3210 3989 3300 4041 Ait
3360 3988 3559 4042 Paulus
3601 3991 3667 4044 de

2112 4077 2233 4143 illis,
2263 4078 2353 4146 qui
2391 4077 2729 4133 divinitatem
2763 4078 2922 4133 idolis
2976 4079 3325 4134 tribuebant:
3363 4100 3380 4132 ι
3420 4080 3670 4137 Tradidit

2121 4182 2216 4222 eos
2241 4167 2427 4238 (Deus)
2459 4168 2511 4220 in
2545 4166 2771 4222 all'ectus
2804 4168 3112 4237 ignominia:
3148 4170 3234 4237 "‘;
3273 4190 3291 4221 ι
3328 4172 3427 4226 ltoc
3443 4181 3551 4235 est,
3578 4188 3667 4226 re-

2111 4257 2288 4327 liquit,
2319 4258 2543 4313 dimisit.
2602 4257 2720 4323 Quo
2756 4259 2917 4313 modo
2965 4276 3197 4329 namque
3240 4262 3354 4316 ﬁeri
3409 4274 3664 4333 poterat,

449 4350 657 4403 δεῖσθαι
686 4350 1042 4420 πταίσμασιν,
1073 4351 1123 4401 οἰ
1153 4350 1252 4420 τὴν
1282 4353 1460 4403 κτίσιν
1492 4350 1640 4419 παρὰ
1665 4349 1755 4401 τδν
1783 4348 2008 4419 κτίστην

2112 4359 2172 4403 ιιι
2228 4365 2333 4405 non
2380 4352 2695 4421 ignorarent
2746 4362 3015 4418 naturam,
3065 4364 3121 4408 et
3170 4356 3549 4413 volutarentur
3612 4359 3665 4412 in

2036 4400 2086 4459 Ι.)

449 4440 965 4507 προσκυνήσαντες;
1000 4438 1110 4491 Καὶ
1148 4439 1343 4491 πάλιν·
1388 4459 1406 4491 ι
1443 4439 1763 4509 Παρέδωκεν
1812 4439 2007 4500 αὐτοὺς

2112 4437 2410 4493 sceleribus
2441 4450 2648 4494 natura:
2685 4442 2941 4496 terminos
2975 4445 3393 4509 excedentibus,
3440 4448 3541 4514 illi,
3575 4449 3669 4515 qui

449 4530 533 4589 εἰς
562 4529 816 4598 ἀδόκιμον
842 4527 986 4593 νοῦν,
1018 4531 1191 4580 ποιεῖν
1223 4529 1292 4582 τά
1324 4528 1399 4598 μὴ
1434 4528 1767 4599 καθήκοντα.
1807 4546 1826 4578 ι
1869 4524 2006 4580 Εἶτα

450 4617 643 4669 ἐαυτὸν
695 4618 1011 4687 ἑρμηνεύων
1057 4616 1161 4688 ἔφη
1189 4633 1204 4649 θ
1254 4634 1274 4667 ι
1335 4617 1809 4688 Πεπληρωμένους
1857 4617 2007 4688 πάσῃ

447 4707 651 4778 ἀδικίᾳ,
676 4710 862 4780 κακίᾳ,
896 4708 1203 4778 πλεονεξίᾳ.
1237 4726 1255 4759 ι
1285 4706 1349 4761 Εἰ
1376 4709 1556 4761 τοίνυν
1583 4708 2005 4777 πεπληρωμένοι

445 4792 609 4866 ἦσαν,
646 4798 763 4861 πῶς
794 4800 1077 4868 παρέδωκε
1102 4816 1116 4866 ;
1159 4798 1267 4851 Θέα
1293 4800 1393 4869 τῇς
1418 4797 1700 4866 ἀκριόεἰας
1725 4796 1858 4867 (50).
1892 4797 2005 4850 Οὐκ

522 4970 568 5003 ’⁸
598 4972 753 5028 Rom.
785 4987 868 5038 ttt,
897 4972 989 5027 25.
1060 4973 1105 5004 "
1138 4971 1296 5028 Rom.
1334 4986 1411 5038 ιιι,
1438 4970 1491 5026 8.

2111 4532 2943 4599 creaturam,omissoﬁlreatore,
2980 4534 3390 4588 adnrabant‘tEt
3427 4536 3619 4589 iterum
3650 4554 3667 4587 :

2119 4638 2139 4671 ι
2184 4619 2432 4675 Tradidit
2466 4625 2951 4692 eosin'rcprobum
3005 4639 3259 4689 sensum,
3319 4634 3379 4678 ut
3433 4627 3671 4681 facerent

2113 4722 2232 4776 qua:
2255 4724 2371 4763 non
2391 4710 2673 4764 decent".
2713 4730 2734 4763 ι
2772 4710 2978 4765 Deinde
3026 4713 3261 4780 seipsunt
3286 4713 3667 4780 interpretans,

2111 4798 2290 4855 dicit:
2341 4817 2359 4852 ι
2400 4798 2654 4870 Repletos
2692 4803 2839 4855 omni
2901 4801 3209 4868 iniquitate,
3248 4801 3498 4868 {tnalitia,
3543 4817 3670 4857 ava-

1588 4971 1634 5003 ⁷⁶
1666 4971 1822 5027 Rom.
1855 4986 1897 5036 ι,
1928 4971 2018 5027 26.
2096 4974 2140 5005 ⁷⁷
2174 4973 2303 5029 ibid.
2333 4974 2422 5030 28.

1528 5121 1760 5177 VARLE
1795 5121 2177 5179 LECTIONES
2214 5124 2304 5179 ET
2340 5125 2572 5182 NOTE.

523 5276 635 5345 (26)
664 5277 793 5331 Cod.
823 5276 946 5330 Vat.
974 5277 1079 5331 650
1123 5275 1406 5341 lsidorum,
1441 5275 1527 5330 cui
1558 5275 1673 5345 haec
1702 5276 2012 5331 inscribitur

445 5348 697 5414 epistola,
756 5347 1063 5414 episcopum
1118 5346 1265 5407 facit,
1334 5361 1430 5412 pro
1482 5344 1708 5412 διακόνῳ
1770 5346 2011 5414 scribens

444 5412 751 5483 ἐπισκόπῳ.
780 5412 1002 5468 νοιςίὸ
1029 5430 1115 5483 cp.
1158 5429 1254 5482 pro
1278 5414 1458 5483 ἰσχυεν
1487 5414 1625 5483 idem
1665 5414 1824 5483 liabet
1856 5412 2012 5482 ἰσχυ-

447 5500 564 5546 σεν,
589 5495 642 5536 et
666 5480 811 5538 vers.
838 5483 873 5536 4
902 5498 930 5535 a
955 5480 1176 5551 liue'pro
1202 5480 1416 5551 ἐχόρευε
1447 5482 1654 5546 scribit,
1686 5480 1825 5535 haud
1853 5480 2011 5549 paulo

448 5554 648 5621 aptius,
678 5553 1001 5621 ἐχορήγησε.
1037 5550 1245 5621 Possm.

522 5620 635 5691 (27)
665 5616 945 5690 Inscriptio
978 5620 1208 5675 sumitur
1240 5632 1301 5673 ex
1339 5618 1460 5673 cod.
1493 5616 1663 5674 Vatic.
1693 5616 1816 5682 650,
1845 5617 2005 5676 Εοιτ.

2178 5279 2290 5419 Ῠὸ)
2321 5281 2444 5335 Εἰσὶ
2469 5282 2586 5336 cod.
2612 5281 2733 5337 Vat.
2763 5291 2934 5337 mutat
2961 5283 3012 5336 in
3045 5284 3179 5338 ἐστί.
3210 5283 3423 5341 Possm.

2204 5350 2295 5419 29)
2333 5353 2440 5404 Vox
2475 5352 2653 5415 σέΰας,
2682 5369 2799 5418 quae
2831 5353 2883 5405 in
2926 5352 3055 5407 edit.
3097 5352 3268 5409 Paris.
3299 5357 3423 5411 deer

2204 5350 2295 5419 29)
2333 5353 2440 5404 Vox
2475 5352 2883 5428 a-é6tz'g,_qute_in
2926 5352 3055 5407 edit.
3097 5352 3268 5409 Paris.
3299 5357 3508 5427 deerat,
3542 5373 3671 5428 sup.

2107 5417 2286 5487 pietur
2313 5434 2378 5472 ex
2413 5423 2535 5472 cod.
2570 5417 2740 5473 Vatic.
2776 5422 2934 5475 EDIT.

2180 5470 2290 5557 (30)
2320 5470 2740 5568 Ϊῆςὰκειεείσῐξ
2771 5470 3046 5547 dom-Vat.
3081 5501 3253 5549 mutat
3294 5495 3350 5551 in
3382 5496 3479 5568 τὴν
3511 5470 3670 5568 ἀκρί-

2109 5554 2278 5611 ϐειαν.
2318 5554 2563 5613 Possm?
