4042 6146
444 275 574 341 1167

1630 277 1689 336 S.
1741 272 2030 337 ISIDORI
2057 272 2489 337 PRLUSIOTE

3518 271 3649 337 1168

439 388 564 442 ritia
588 384 636 418 ⁷⁸
661 426 677 450 ,
704 402 723 436 ι
745 390 845 439 etc.
864 378 1043 455 “5.68
1058 382 1300 452 Sil-igitur
1322 389 1479 438 erant
1508 382 1723 450 repleti,
1772 396 2001 451 quomo-

2112 379 2244 436 εἷπε·
2274 385 2566 454 Παρέδωκε
2591 381 3136 453 πληρωθησομένους,
3172 380 3288 436 ἀλλ’
3314 380 3397 434 ὅτι
3442 383 3648 452 πεπλη-

439 477 507 531 do
523 477 752 532 tradidit
776 475 902 529 eos?
936 475 1241 543 Videquam
1264 483 1518 529 accurate
1562 474 1835 541 loquatur.
1871 472 1989 531 Non

439 566 615 621 dixit:
650 564 895 618 Tradidit
926 563 1246 631 replendos,
1282 563 1376 618 sed
1414 563 1526 629 jam
1578 563 1815 630 repletos
1862 563 1991 619 reli-

439 658 557 726 quit
583 665 743 725 atque
766 653 1013 709 destituit
1037 670 1051 707 :
1079 653 1220 707 haud
1254 652 1412 706 aliter
1435 667 1500 707 ac
1555 653 1599 709 si
1631 652 1753 721 quis
1808 661 1993 718 pastor

438 744 612 798 bonus
640 755 770 796 oves
795 740 1145 809 pestilentiali
1176 740 1263 796 lue
1292 750 1569 810 correptas
1600 750 1753 796 extra
1776 754 1992 810 gregem

441 834 613 896 abire,
638 842 691 885 et
726 830 1120 900 quodammodo
1178 830 1316 898 lupis
1356 831 1566 885 tradere
1601 831 1943 887 consueverit
1974 848 1990 887 :

442 938 546 977 non
572 922 712 991 quod
734 935 825 974 eas
851 921 911 973 in
928 919 1109 973 fauces
1135 919 1378 988 luporum
1393 919 1659 988 projiciat,
1714 922 1818 975 sed
1851 921 1996 988 quod

440 1028 538 1069 sua
558 1027 688 1067 cura
712 1025 781 1066 ac
801 1011 1050 1080 praesidio
1081 1024 1173 1065 eas
1206 1011 1520 1066 denudetac
1548 1011 1824 1066 destituat.
1857 1010 1989 1064 Illud

442 1101 887 1172 itaqueverbum,
919 1100 1082 1164 dedit,
1115 1100 1274 1153 talem
1300 1100 1461 1155 habet
1482 1113 1720 1154 sensum.
1767 1097 2000 1168 Spiritus

434 1199 619 1246 autem
653 1189 1105 1258 compunctionis,
1139 1189 1276 1242 nihil
1304 1188 1449 1243 aliud
1491 1197 1595 1253 est,
1622 1203 1780 1257 quam
1809 1196 1996 1256 stupo-

2099 474 2381 543 ρωμένους
2426 475 2670 543 ἀφῆκεν
2709 472 2896 543 ὥσπερ
2923 474 2989 526 ἂν
3020 474 3072 528 ετ
3106 490 3190 536 τις
3214 472 3419 542 ποιμὴν
3447 472 3649 539 ἀγαθὸς

2094 565 2341 635 πρόϐατα
2371 565 2589 635 λοιμικῇ
2630 564 2768 633 νόσῳ
2816 564 3092 617 ἐαλωκότα
3112 602 3127 626 ,
3164 562 3271 627 ἐξω
3311 564 3413 632 τῆς
3451 561 3649 631 ἀγέλης

2094 655 2404 719 ἀπελάσειε,
2429 655 2523 707 καὶ
2541 655 2738 725 τρόπον
2761 653 2883 707 τινὰ
2901 655 3011 717 τοῖς
3036 653 3219 715 λύκοις
3255 652 3523 723 παραδοίη
3545 691 3560 714 ,
3590 653 3649 703 οὐ

2093 743 2171 815 τῷ
2198 746 2278 806 εἰς
2303 744 2372 798 τά
2415 743 2523 798 τῶν
2568 743 2746 797 λύκων
2789 743 3037 796 ἐκϐαλεῖν
3084 743 3365 813 στόματα,
3410 741 3549 795 ἀλλὰ
3575 742 3650 810 τῷ

2095 834 2381 904 γυμνῶσαι
2418 833 2517 902 τῆς
2557 834 2759 895 οἰκείας
2808 832 3125 901 ἐπιμελείας
3156 832 3252 885 καὶ
3292 830 3643 900 προστασίας.

2095 928 2171 980 Τὸ
2204 927 2301 996 μέν
2341 921 2455 988 οὖν,
2483 924 2699 987 ἔδωκε,
2732 924 2985 994 τοιαύτην
3023 922 3136 991 ἔχει
3166 921 3265 991 τὴν
3303 921 3533 973 ἔννοιαν.
3578 919 3649 972 Τὸ

2096 1016 2154 1068 δὲ
2200 1016 2417 1085 πνεῦμα
2454 1015 2553 1084 τῆς
2590 1012 2952 1078 κατανύξεως,
2989 1011 3377 1080 καταπλήξεως
3415 1009 3527 1079 (5|)
3556 1010 3646 1062 καὶ

2097 1106 2510 1177 κατατρώσεως.
2546 1106 2620 1159 Τὸ
2652 1104 2758 1176 γὰρ
2788 1104 3017 1166 νύττειν,
3049 1100 3370 1172 τιτρώσκειν
3413 1101 3533 1153 ἐστί
3553 1101 3647 1154 καὶ

2098 1192 2390 1262 πλήττειν,
2438 1192 2580 1246 κατὰ
2600 1192 2698 1257 το,
2754 1211 2772 1243 ι
2841 1192 3071 1256 Ἔνυξαν
3124 1191 3221 1261 τὴν
3259 1189 3500 1260 πλευρὰν
3556 1189 3647 1243 τοῦ

433 1282 520 1336 ris
538 1289 593 1335 et
615 1279 1002 1349 percussionis.
1038 1278 1170 1332 Nam
1203 1291 1564 1346 compungere
1592 1289 1675 1331 est
1698 1278 1836 1332 idem
1856 1277 1999 1347 quod

438 1370 742 1424 vulnerare
765 1383 828 1424 ac
860 1378 1163 1436 percutere,
1188 1368 1481 1423 secundum
1505 1368 1557 1422 id
1578 1370 1719 1437 quod
1752 1368 1804 1421 in
1827 1366 2001 1421 Evan-

2099 1282 2333 1349 Χριστοῦ
2363 1283 2427 1352 τῇ
2451 1282 2636 1354 λόγχῃ.
2653 1300 2670 1334 ι
2690 1280 2843 1334 Ἐπεὶ
2868 1277 2960 1335 οῦν
2982 1280 3210 1349 πλῆξαι
3226 1280 3343 1332 ἐστὶ
3362 1281 3425 1333 τὸ
3456 1281 3648 1348 νύξαι,

2099 1371 2161 1423 τὸ
2187 1371 2597 1443 κατατρωθῆναι
2630 1373 2722 1425 καὶ
2752 1372 3128 1442 κατανυγῆναι
3160 1370 3384 1433 εἰκότως
3417 1370 3648 1440 εἴρηται.

443 1461 581 1532 gelio
608 1461 848 1513 dicitur:
880 1476 899 1509 ι
945 1457 1392 1524 Contpunxerunt
1443 1456 1585 1512 latus
1624 1457 1824 1512 Christi
1880 1456 2001 1510 lan-

2112 1455 2233 1513 Εῖτα
2262 1461 2579 1531 ἑρμηνεύων
2601 1462 2761 1525 αὐτὸς
2789 1462 2850 1513 τὸ
2887 1459 3234 1524 κατένυξεν,
3253 1456 3337 1511 ὅτι
3354 1456 3655 1526 κατέπλη-

443 1547 629 1603 εειιτθ.
674 1565 694 1598 ι
725 1548 861 1613 Quia
887 1546 1050 1615 igitur
1092 1562 1434 1615 compungam
1472 1547 1743 1617 signiticat
1770 1559 2004 1615 percute-

2112 1549 2210 1614 ξεν
2233 1552 2400 1616 ἐστὶν,
2451 1551 2555 1621 ἔφη
2575 1569 2589 1583 ·
2634 1571 2652 1603 t
2673 1551 3010 1620 Ὀφθαλμοὺς
3047 1549 3139 1604 τοῦ
3193 1551 3267 1620 μή
3298 1549 3531 1618 βλέπειν,
3562 1552 3655 1603 atat

443 1655 533 1702 re,
582 1648 728 1692 recte
790 1647 951 1705 atque
989 1637 1177 1691 ordine
1250 1635 1449 1691 factum
1486 1647 1589 1703 est,
1635 1638 1777 1706 quod
1833 1639 1995 1691 etiam

2112 1634 2218 1695 ὦτα
2246 1642 2337 1694 τοῦ
2373 1642 2446 1712 μὴ
2487 1643 2723 1696 ἀκούειν.
2756 1661 2774 1694 ι
2805 1642 2975 1695 Τοῦτο
2997 1643 3105 1713 γάρ
3142 1640 3462 1711 συμϐαίνειν
3498 1640 3652 1695 εῐωθε

430 1700 831 1795 ικατανυγῆναι,
864 1700 976 1780 hoc
1008 1735 1094 1779 est
1152 1727 1463 1796 compungi,
1520 1700 1720 1781 dictum
1779 1733 1863 1782 est
1906 1741 2003 1795 pro

2112 1735 2215 1795 τοῖς
2242 1700 2789 1801 καταπληττομένοις.
2821 1731 2950 1783 "Are:
2978 1700 3089 1799 y'dp
3116 1700 3224 1783 τοῦ,
3238 1729 3328 1783 νοῦ
3359 1730 3653 1802 ταραχθὲν-

445 1822 839 1877 convulnerari.
866 1821 1067 1875 Deinde
1096 1821 1209 1890 ipse
1266 1835 1542 1889 exponens
1586 1821 1807 1876 verbum
1860 1836 1999 1874 com-

2112 1838 2217 1885 τος,
2250 1820 2306 1873 αἰ
2342 1820 2618 1892 αἰσθήσεις
2651 1820 2747 1883 τὰς
2798 1819 2998 1882 οἰκείας
3027 1820 3307 1891 ἐνεργείας
3346 1820 3652 1891 ἀρνοῦνται,

444 1911 727 1983 pangendi,
759 1911 899 1980 quod
939 1910 1077 1964 idem
1122 1912 1192 1964 sit
1222 1924 1345 1965 cum
1375 1912 1543 1965 verbo
1589 1909 2001 1980 obstupefacien-

2112 1910 2309 1964 Ὀτιδέ
2336 1910 2492 1981 τοῦτο
2521 1910 2736 1981 μηνύει,
2774 1909 2937 1963 ἄκουε
2958 1910 3056 1981 τῆς
3084 1911 3328 1981 Γραφῆς,
3360 1910 3655 1983 λεγούσηςο

444 2002 522 2068 di,
554 2002 727 2055 dixit:
755 2018 788 2052 ἰ
825 1999 1039 2065 Oculos,
1066 2008 1121 2053 ut
1177 2014 1282 2053 non
1335 2000 1577 2064 videant,
1623 2009 1677 2054 et
1718 2014 1899 2063 aures,
1945 2008 2006 2053 ut

2112 2018 2131 2052 ι
2166 1984 2537 2071 Μακάριοςῶς
2558 2000 2617 2052 ού
2643 2000 2918 2071 κατενύγη
2932 2002 2989 2053 ἐν
3004 2000 3147 2070 λύπῃ
3167 2000 3441 2071 ἁμαρτίας
3458 2001 3592 2071 (52).
3628 2019 3649 2052 ι

447 2106 553 2145 non
579 2091 804 2145 audiant
843 2090 911 2144 “.
951 2108 970 2141 ι
1012 2089 1122 2143 lloc
1159 2090 1299 2143 enim
1323 2105 1423 2146 usu
1449 2091 1634 2145 venire
1664 2090 1799 2145 solet
1824 2093 1890 2146 iis
1915 2090 2004 2160 qui

2112 2090 2215 2143 Kal
2243 2091 2347 2162 μὴν
2373 2092 2407 2161 ή
2447 2091 2589 2144 κατὰ
2638 2089 2767 2143 Θεὸν
2794 2089 2937 2161 λύπη
2968 2090 3252 2161 μετάνοιαν
3284 2092 3365 2154 εἰς
3387 2091 3655 2162 σωτηρίαν

448 2190 668 2249 stupore
692 2189 817 2233 sunt
843 2179 1095 2248 correpti.
1124 2178 1259 2232 Nam
1301 2194 1421 2234 cum
1479 2194 1628 2236 mens
1685 2181 1997 2250 perturbata

2112 2182 2514 2251 ἀμεταμέλητον
2535 2181 2949 2251 κατεργάζεται.
2992 2181 3056 2233 Τί
3078 2177 3170 2234 οὖν
3192 2182 3307 2235 ἐστι
3334 2181 3362 2235 ὃ
3379 2199 3569 2252 φησιν;
3594 2181 3657 2236 Εἰ

444 2270 541 2331 sit,
568 2283 756 2322 sensus
782 2266 954 2320 oﬂlcia
1006 2276 1059 2320 et
1084 2268 1323 2321 actiones
1356 2282 1483 2322 suas
1517 2269 1807 2339 abnegant.
1844 2268 1997 2335 Quod

2112 2270 2209 2339 μὲν
2251 2265 2342 2321 οὖν
2372 2270 2641 2340 εἴποιμεν,
2669 2270 2742 2333 ὡς
2777 2269 2977 2323 οἴονταί
3026 2286 3195 2335 τινες,
3236 2270 3329 2324 τὸν
3380 2271 3500 2341 μηδ’
3528 2272 3659 2334 ὅλως

452 2368 633 2411 autem
659 2357 758 2410 hoc
788 2357 959 2423 ipsum
985 2357 1196 2416 innuat,
1222 2356 1344 2409 audi
1400 2358 1763 2425 Scripturam,
1813 2359 2002 2413 dicen-

2112 2358 2502 2428 ἁμαρτήσαντα
2526 2356 2920 2428 μακαρίζεσθαι
2954 2357 3357 2428 ἐνταῦθα,τάχα
3384 2359 3555 2421 οὐδεὶς
3567 2358 3657 2411 τοῦ

456 2453 597 2499 tem:
635 2461 654 2495 ι
690 2442 906 2507 Beatus,
935 2444 1024 2512 qui
1057 2460 1160 2498 non
1217 2454 1299 2498 est
1342 2446 1646 2501 stimulatus
1689 2446 1802 2501 sive
1859 2462 2006 2502 com-

455 2543 686 2603 punctus
709 2532 762 2587 in
788 2534 1004 2587 tristitia
1030 2534 1211 2588 delicti
1243 2535 1310 2589 ⁸⁸.
1358 2552 1377 2586 ι
1432 2536 1592 2605 Atqui
1645 2536 1864 2589 tristitia
1916 2550 2005 2591 se-

457 2625 687 2677 cundum
716 2623 882 2677 Deum
902 2626 1271 2692 paenitentiam
1314 2627 1367 2679 in
1420 2627 1647 2681 salutem
1683 2642 1786 2680 non
1834 2628 2008 2697 paeni-

456 2716 669 2769 tentiam
709 2726 981 2783 operatur.
1024 2715 1160 2782 Quid
1192 2726 1421 2785 estergo
1445 2718 1586 2786 quod
1615 2718 1724 2771 ait?
1756 2717 1811 2772 Si
1846 2719 2008 2785 igitur

457 2821 520 2860 ex
549 2808 902 2876 quorumdam
932 2807 1187 2875 Opinione
1220 2808 1515 2862 dixerimus
1542 2825 1557 2874 ;
1605 2822 1731 2861 eum
1764 2808 1851 2877 qui
1872 2823 2009 2862 nun-

457 2912 616 2967 quam
637 2898 859 2952 omnino
881 2897 1137 2966 peccarit,
1174 2898 1262 2952 hic
1304 2897 1517 2952 beatum
1566 2898 1869 2966 praedicari,
1902 2897 2012 2953 for-

2114 2448 2465 2519 μακαρισμοῦ
2489 2448 2676 2502 τούτου
2691 2448 3040 2503 ἀπολαύσειε.
3056 2448 3260 2511 Πάντες
3281 2449 3388 2518 γὰρ
3414 2450 3471 2502 ἐν
3495 2451 3661 2503 ἐπιτι-

2112 2539 2254 2607 μίοις
2295 2539 2478 2608 ἐσμέν.
2519 2540 2616 2602 Τίς
2655 2538 2760 2610 γὰρ
2790 2538 3140 2609 καυχήσεται,
3190 2539 3358 2610 ἁγνὴν
3387 2539 3531 2609 ἔχειν
3564 2540 3660 2609 τὴν

2107 2627 2367 2698 καρδίαν;
2402 2628 2435 2699 ἢ
2475 2630 2558 2692 τίς
2596 2631 3029 2700 παρῤησιάσεται
3081 2628 3318 2699 καθαρὸς
3360 2626 3498 2683 εἶναι
3557 2630 3663 2684 ἀπὸ

2108 2715 2425 2785 ἁμαρτίας;
2468 2716 2533 2769 Εἰ
2587 2716 2641 2768 δὲ
2696 2717 2956 2787 φαίημεν,
3010 2717 3092 2770 ὃτι
3134 2717 3424 2788 μακαρίζει
3470 2718 3529 2770 οὐ
3573 2718 3661 2769 τὸν

2114 2803 2189 2873 μὴ
2230 2802 2341 2874 (55)
2363 2802 2690 2874 λυπηθέντα,
2726 2803 2862 2857 ἀλλὰ
2883 2805 2972 2858 τὸν
2998 2805 3072 2876 μὴ
3099 2804 3521 2873 καταπληγέντα
3550 2803 3661 2875 (51)

2112 2893 2218 2947 ὑπὸ
2240 2894 2339 2964 τῆς
2370 2892 2567 2963 λύπης,
2602 2893 2697 2947 καὶ
2729 2893 3107 2963 προδεδωκότα
3136 2894 3232 2964 τὴν
3264 2893 3470 2947 οἰκείαν
3492 2910 3662 2964 σωτη-

461 2996 602 3042 tasse
628 3001 785 3041 nemo
814 2987 1260 3041 haebeatitudine
1318 2986 1547 3041 fruetur.
1603 2986 1805 3045 Omnes
1862 2989 2006 3043 enim

2117 2985 2257 3055 ρίαν,
2280 2980 2388 3037 οἷον
2411 2983 2609 3039 ἔπαθεν
2641 2984 2841 3047 Ἰούδας
2860 3025 2876 3051 ,
2908 2984 3115 3055 ἀγχόνῃ
3148 2984 3337 3038 ἑαυτὸν
3368 2984 3609 3053 ἀνελὼν(
3636 2983 3664 3036 ὃ

457 3079 632 3149 poenis
685 3078 901 3133 obnoxii
951 3092 1155 3131 sumus.
1211 3076 1342 3131 Nam
1394 3078 1517 3146 quis
1567 3077 1900 3147 gloriabitur,
1953 3095 2011 3147 se

2117 3076 2211 3128 καὶ
2242 3074 2427 3137 δεδιὼς
2449 3077 2476 3128 ό
2516 3074 2799 3137 θεσπέσιος
2830 3074 3040 3137 Παῦλος
3079 3075 3154 3146 μὴ
3198 3075 3293 3127 καὶ
3321 3076 3349 3128 ό
3375 3092 3664 3145 πεπορνευ-

459 3184 652 3238 purum
689 3183 783 3221 cor
816 3168 1055 3222 habere?
1092 3167 1199 3220 Aut
1222 3167 1344 3235 quis
1385 3167 1553 3223 libere
1594 3168 1869 3237 loquetur,
1895 3184 1957 3225 se
1984 3185 2013 3225 a

460 3266 679 3326 peccato
702 3257 957 3309 mundum
982 3256 1132 3309 esse?
1156 3255 1249 3309 Sin
1279 3265 1455 3310 autem
1500 3256 1817 3323 dixerimus,
1869 3260 2015 3326 quod

463 3358 568 3399 non
604 3359 733 3399 eum
773 3344 860 3410 qui
894 3356 998 3396 non
1022 3344 1092 3396 sit
1122 3342 1352 3398 allectus
1386 3342 1601 3396 tristitia
1640 3342 1853 3398 beatum
1885 3359 2020 3413 prae-

463 3434 623 3496 dicet,
647 3433 739 3491 sed
765 3446 887 3486 eum
922 3432 1013 3500 qui
1044 3447 1150 3487 non
1207 3433 1277 3487 sit
1332 3433 1386 3487 in
1439 3442 1711 3502 stuporem
1778 3436 1937 3490 datus
1982 3451 2013 3490 a

464 3534 716 3583 maerore,
749 3535 921 3589 neque
955 3537 1106 3575 suam
1133 3522 1362 3577 salutem
1386 3524 1684 3592 prodiderit
1721 3542 1734 3578 :
1791 3525 1845 3580 id
1868 3526 2010 3593 quod

465 3606 614 3661 Iuda:
633 3609 850 3671 accidit,
874 3609 963 3678 qui
999 3609 1291 3679 suspendio
1313 3611 1412 3666 sibi
1437 3611 1602 3664 vitam
1633 3612 1829 3681 eripuit
1848 3611 2010 3681 (quod

466 3697 627 3750 etiam
664 3706 907 3755 metuens
934 3697 1136 3753 Paulus
1186 3714 1253 3754 ne
1308 3699 1578 3754 accideret
1618 3699 1693 3754 illi
1745 3701 1835 3769 qui
1876 3702 2014 3771 apud

466 3786 779 3842 Corinthios
800 3798 1045 3856 stuprum
1098 3789 1416 3854 admiserat,
1450 3790 1802 3858 praecipiebat
1841 3791 2016 3860 ipsum

466 3886 586 3932 acta
606 3878 715 3948 jam
740 3880 1076 3947 poenitentia,
1102 3881 1276 3936 deuuo
1300 3879 1352 3932 in
1377 3889 1573 3935 ctetum
1605 3878 1841 3936 ﬁdelium
1879 3879 2019 3935 reci-

465 3969 550 4036 pi,
581 3981 649 4022 ne
694 3968 1044 4024 immoderato
1072 3982 1303 4025 mterore
1332 3968 1451 4024 talis
1473 3969 1854 4024 absorberetur
1879 3967 1959 4037 ⁸³)
2002 3986 2017 4025 ;

464 4067 577 4111 tum
608 4056 855 4119 fortassis
897 4072 1082 4114 verum
1112 4072 1328 4115 sensum
1358 4058 1487 4113 dicti
1536 4060 1884 4129 attingemus.
1920 4059 2020 4115 Mi-

2115 3164 2225 3227 κὼς
2245 3164 2393 3235 παρὰ
2416 3164 2722 3233 Κορινθίοις
2743 3163 2925 3227 πάθοι,
2951 3164 3132 3232 ἔλεγεν
3154 3179 3171 3196 ·
3189 3163 3486 3233 προσέσθαι
3507 3164 3664 3232 αὑτὸν

2115 3257 2543 3325 μετανοήσαντα,
2574 3255 2649 3325 μή
2682 3272 2797 3318 πως
2821 3258 2886 3324 τῇ
2920 3255 3282 3325 περισσοτέρᾳ
3311 3254 3454 3326 λύπῃ
3496 3273 3664 3309 κατα-

2112 3344 2251 3414 ποθῇ
2295 3346 2324 3397 ὁ
2358 3344 2632 3413 τοιοῦτος)
2659 3360 2674 3375 ’
2707 3345 2846 3414 τάχα
2865 3361 2983 3408 πως
3004 3345 3104 3415 τῆς
3134 3344 3390 3414 ἀληθείας
3424 3346 3663 3415 άψόμεθα

2112 3434 2208 3487 τοῦ
2233 3432 2420 3505 ῥητοῦ.
2448 3434 2591 3487 Εἰδέ
2614 3434 2708 3486 καὶ
2736 3434 2831 3486 ἐπὶ
2870 3434 3037 3489 καλοῦ
3062 3435 3271 3503 γίνεται
3299 3437 3332 3505 ὴ
3359 3435 3663 3499 κατάνυξις,

2118 3522 2441 3593 θαυμαζέτω
2470 3523 2657 3592 μηδείς
2675 3536 2691 3554 ο
2715 3525 2879 3576 κάκεῖ
2897 3524 3009 3594 γάρ
3044 3524 3105 3577 τὸ
3132 3524 3406 3597 τρωθῆναι
3426 3526 3539 3587 τοῖς
3572 3542 3668 3577 και

2116 3610 2229 3673 λοῖς
2265 3609 2588 3681 ἑρμηνεύειο
2631 3611 2707 3675 ὡς
2754 3612 2849 3665 καὶ
2888 3614 2922 3683 ή
2958 3613 3049 3667 τὸν
3082 3612 3225 3666 θεῖον
3261 3613 3439 3684 ἔρωτα
3493 3614 3669 3684 ἐρῶσα

2114 3696 2261 3768 ψυχὴ
2293 3698 2456 3753 ἐϐόα·
2493 3716 2511 3750 ι
2556 3699 2678 3752 Ὀτι
2728 3701 3040 3771 τετρωμένη
3076 3701 3293 3771 ἀγάπης
3335 3702 3468 3770 ἐγώ.
3507 3721 3525 3754 ι
3552 3701 3670 3771 Χρὴ

2115 3787 2173 3841 δὲ
2209 3788 2445 3854 εἰδέναι,
2480 3788 2563 3842 ὅτι
2608 3788 2667 3842 οὐ
2712 3789 2925 3853 πάντως
2970 3791 3041 3845 τὰ
3069 3792 3207 3845 αὐτὰ
3246 3791 3483 3862 ὀνόματα
3520 3791 3552 3860 ἢ
3585 3792 3671 3860 ῥή-

2120 3896 2266 3949 ματα
2307 3880 2369 3933 τὸ
2396 3879 2532 3933 αὐτὸ
2551 3882 2845 3952 παρίστησι
2871 3881 3065 3951 νόημα.
3105 3882 3325 3952 Ἐπειδὴ
3353 3882 3447 3935 καὶ
3465 3883 3493 3934 ό
3516 3879 3671 3934 Δαϐἰδ

2119 3968 2301 4037 ἔλεγεν
2325 3986 2340 4002 ο
2369 3989 2387 4022 ι
2421 3971 2608 4034 Ὅπως
2639 3972 2704 4025 ἂν
2730 3971 2875 4044 ψάλῃ
2904 3988 2986 4024 σοι
3014 3973 3047 4042 ή
3071 3971 3204 4036 δόξα
3240 3989 3362 4042 μου,
3388 3971 3483 4025 καὶ
3502 3971 3562 4023 οὐ
3596 3969 3669 4037 μὴ

2119 4060 2441 4129 κατανυγῶ,
2472 4062 2647 4133 ὅπερ,
2683 4058 2869 4133 οἶμαι,
2906 4062 3102 4131 δηλοῦν
3146 4062 3241 4128 τὸ,
3290 4063 3367 4116 Οὐ
3408 4061 3482 4133 μὴ
3511 4076 3671 4115 κατα-

537 4228 578 4259 ”
600 4226 751 4283 ltom.
784 4243 824 4291 t,
844 4227 933 4284 ΞΩ.
989 4231 1034 4262 ⁷⁹
1064 4229 1218 4285 Joan.
1256 4246 1367 4296 nx,
1391 4232 1480 4287 54.
1550 4232 1597 4264 ⁸ο
1622 4232 1778 4288 Rom.
1814 4249 1887 4299 xl,
1915 4234 1971 4289 8.

2112 4234 2273 4289 Eccli.
2317 4250 2429 4302 xiv,
2460 4238 2515 4290 1.
2587 4236 2632 4270 ⁸³
2661 4236 2701 4291 ll
2721 4234 2848 4293 Cor.
2883 4252 2945 4303 tt,
2980 4237 3031 4300 7,
3054 4238 3109 4292 8.

1551 4382 1785 4438 YARIE
1821 4381 2206 4442 LECTIONES
2243 4382 2330 4439 ET
2370 4384 2599 4442 NOTIE.

464 4553 652 4676 ἢ)σέιέ
685 4550 815 4607 Post
866 4552 1251 4623 καταπλήξεως
1306 4554 1446 4609 idem
1502 4555 1625 4611 cod.
1694 4555 1844 4609 addit
1885 4557 2020 4610 ἐστι.

545 4638 569 4673 s
604 4639 615 4675 I
660 4658 674 4673 .

508 4636 674 4676 OSSIN.

538 4689 648 4761 (δὲ)
680 4688 997 4761 Μακάριος,
1033 4688 1100 4755 ὃς
1129 4691 1520 4761 οὐίκατενύγη
1546 4692 1615 4745 ἐν
1653 4694 1816 4761 λύπῃ
1848 4693 2029 4760 ἁμαρ-

465 4758 863 4829 τίαςζδίινιοιιί
882 4768 973 4829 est
987 4760 1251 4829 sententia
1283 4776 1331 4814 c.
1358 4758 1467 4822 xw,
1500 4776 1551 4814 ν.
1579 4762 1630 4824 1,
1656 4758 1902 4829 quamvis
1932 4758 2030 4814 Sa-

466 4827 665 4879 lontoni
695 4827 761 4879 ab
778 4826 896 4879 aliis
912 4827 1174 4879 tribuatur
1195 4844 1208 4879 :
1226 4837 1280 4880 ttt
1300 4830 1534 4882 incertus
1551 4826 1881 4883 facitauctor
1909 4829 2029 4881 Ἀν-

466 4893 810 4963 τικειμένων
872 4910 908 4947 ι.
964 4895 1239 4958 Quomodo
1289 4897 1537 4951 Salomon
1595 4898 1757 4964 dicat,
1810 4898 2025 4964 Beatus,

464 4965 553 5028 qui
584 4979 684 5015 non
730 4974 803 5016 est
838 4974 1171 5032 compunctus
1232 4967 1449 5018 tristitia
1483 4967 1678 5032 delicti,
1714 4982 1835 5021 cum
1865 4963 2023 5019 Jaco-

465 5032 565 5084 bus
595 5032 911 5103 praecipiat:
946 5031 1126 5085 Miseri
1169 5043 1348 5093 estote,
1381 5044 1428 5085 et
1460 5031 1727 5103 lugete,'et
1777 5034 2021 5102 plorata;

465 5103 800 5170 respondet»:
841 5098 1060 5170 Beatum
1111 5102 1293 5170 utique
1326 5103 1468 5154 illmn
1517 5098 1650 5155 dicit
1692 5098 1786 5170 qui
1817 5103 2017 5155 nullum

465 5167 644 5238 attigit
676 5167 946 5238 delictum,
978 5168 1129 5236 cujus
1159 5167 1332 5223 delicti
1385 5172 1592 5222 tristitia
1643 5167 2026 5238 coinpnngct‘e-

466 5244 574 5287 tur.
599 5235 782 5288 Potest
811 5237 946 5300 ﬁeri,
979 5235 1305 5292 ut’nonnulli
1340 5238 1494 5291 beate
1514 5235 1899 5292 viventes'non
1927 5240 2024 5290 tri-

466 5304 611 5356 stitia
633 5302 977 5374 ﬂagitiorum,
1009 5307 1101 5358 sed
1127 5316 1445 5358 aeternorum
1476 5308 1739 5360 desiderio
1762 5320 1990 5374 compun
2008 5336 2022 5347 -

467 5380 681 5443 gantur.
718 5373 825 5426 Hoc
856 5383 1041 5427 autem
1082 5375 1220 5441 quod
1254 5374 1483 5429 Jacohus
1510 5374 1792 5443 lugendum
1829 5373 2025 5441 etplo-

467 5441 693 5511 randum
743 5444 1015 5511 praecepit.
1070 5444 1121 5494 in
1168 5453 1451 5511 utrumque
1493 5441 1893 5511 accfipipotest,
1930 5456 2021 5496 seu

469 5506 524 5584 in
566 5506 648 5584 his
677 5508 767 5575 qui
796 5506 935 5584 _mal_a
976 5524 1070 5562 sua
1090 5506 1400 5584 deplorani,
1443 5525 1540 5584 seu
1575 5506 1626 5564 in
1658 5506 1783 5584 illis.
1816 5511 1903 5577 qui
1934 5526 2024 5567 so-

458 5575 581 5639 .ium
613 5575 676 5627 de
704 5576 943 5631 cmlestis
966 5578 1151 5645 patria:
1171 5575 1311 5637 ’τινα
1331 5592 1358 5635 ε
1388 5575 1685 5647 suspirant.
1719 5575 1879 5633 ltrr'r.

2190 4556 2308 4632 (215)-
2334 4555 2448 4632 V9;
2492 4556 2934 4632 pi;_additur_ex
2980 4561 3099 4615 cod.
3133 4557 3280 4629 γει,
3311 4576 3469 4632 quam
3513 4563 3671 4617 etiam

2124 4624 2336 4691 conjitiit
2369 4624 2780 4681 Rittershusius.
2821 4627 2977 4683 Ευιτ.

2193 4696 2303 4760 (54)
2338 4697 2421 4767 ρύ
2440 4694 2935 4767 τὸν-λυπηθέντα,
2959 4698 3119 4767 ἀλλὰ
3138 4697 3223 4767 μὴ
3247 4698 3354 4753 τὸν
3377 4702 3674 4765 καταπλη-

2123 4763 2318 4837 τέντα.
2354 4762 2834 4837 Ροιιεωίεεειιάυιη
2875 4766 2937 4817 οὺ
2981 4766 3071 4819 τὸν
3105 4762 3179 4837 μξὴ
3213 4762 3370 4835 λυπ.,
3410 4768 3543 4821 ἀλλὰ
3586 4762 3674 4837 τόν

2129 4830 2202 4901 μὴ
2229 4831 2461 4883 καταπλ.
2496 4830 2836 4887 Observanda
2878 4846 2963 4888 est
2997 4851 3062 4888 ex
3106 4830 3213 4889 hac
3252 4830 3407 4901 epist.
3451 4835 3675 4899 insignis

2127 4901 2512 4971 sententia,_in
2562 4902 3002 4971 interpretatione
3048 4919 3214 4957 sacrae
3254 4903 3541 4971 Scriptum
3590 4914 3671 4956 at-

2127 4970 2268 5041 tendi
2292 4983 2323 5041 a_
2368 4969 2518 5041 nobis
2552 4969 2908 5041 debere}on
2930 4971 3027 5040 τῆς
3060 4971 3209 5041 ίερᾶς
3239 4972 3277 5022 Γ
3283 4969 3456 5041 ραςρῆς
3483 4971 3676 5041 νόμονς

2126 5037 2222 5105 καὶ
2271 5036 2337 5089 τὰ
2396 5036 2675 5105 ἰδιώματα.
2734 5039 2823 5092 Sic
2876 5038 2937 5091 Β.
2985 5036 3232 5093 ἸΙίΙ.ιί’ἱυε
3283 5036 3383 5092 lih.
3415 5036 3558 5092 'utt’
3603 5037 3677 5090 De

2129 5104 2317 5158 Trinit.
2346 5121 2365 5160 :
2406 5122 2424 5156 ι
2460 5104 2571 5159 Non
2606 5115 2689 5159 est
2729 5107 2960 5160 humano
2992 5118 3082 5161 aut
3112 5108 3291 5161 smculi
3319 5122 3475 5161 sensu
3512 5108 3563 5160 in
3588 5106 3675 5159 Dei

2122 5174 2282 5226 rebus
2314 5173 2651 5241 lnqueudum,
2705 5189 2875 5244 neque
2904 5190 3001 5244 per
3048 5176 3329 5229 violentam
3372 5185 3531 5242 atque
3580 5175 3677 5227 itu-

2122 5243 2431 5313 prudeutetn
2473 5242 2917 5313 praedicationem
2952 5244 3249 5298 cmlesdutn
3283 5245 3547 5297 dictorum
3586 5256 3675 5313 sa-

2123 5310 2273 5361 nitati
2308 5308 2495 5379 aliena}.
2523 5319 2681 5379 atque
2709 5312 2881 5379 impia:
2921 5313 3283 5377 intelligentia:
3307 5308 3677 5379 extorquenda

2120 5378 2443 5449 peruersitas
2462 5388 2564 5449 est.
2596 5376 2901 5449 ildenﬂib.
2932 5397 2967 5435 ιι
3001 5376 3238 5449 ejuSdem
3253 5379 3431 5449 operis
3462 5376 3533 5432 ;“‹
3561 5378 3677 5431 Non

2121 5446 2332 5518 cst__iste
2358 5446 2534 5500 saeculi
2573 5460 2784 5518 sermo,
2816 5448 2940 5518 quia
2971 5446 3043 5504 tle'
3075 5462 3182 5517 quo
3211 5448 3408 5515 agitur,
3440 5463 3542 5502 nou
3574 5461 3678 5503 sar.-

2120 5514 2222 5568 culi
2265 5528 2347 5569 res
2375 5524 2473 5570 est.
2514 5532 2533 5565 ι
2570 5514 2733 5570 Itin.
