4042 6146
472 295 609 362 1169

1352 290 1881 351 EPISTOLARUM
1925 291 2071 351 LIB.
2107 290 2206 351 ιν.
2245 314 2314 326 --
2343 285 2580 347 EPIST.
2616 283 2773 343 CIII.

3559 274 3723 340 1170³»

470 402 662 471 πλαγῶ
693 400 804 469 (35)
846 398 965 451 οὐδὲ
1004 393 1253 466 μεταστῶ
1305 396 1385 457 είς
1425 396 1483 448 τὺ
1520 395 1713 465 μηκέτι
1766 396 1976 464 ὑμνεῖν.
2010 414 2026 447 ι

2138 395 2247 448 rari
2272 405 2450 450 autem
2484 407 2643 447 nemo
2677 391 2852 454 debet,
2885 388 2929 444 si
2962 387 3125 443 etiam
3157 386 3209 442 in
3240 387 3437 442 bonam
3486 396 3691 455 partem

479 496 757 564 Ἐπήγαγε
775 489 881 559 γάρ
903 504 915 517 ·
957 506 975 538 ι
1010 485 1214 556 Κύριος
1244 487 1272 538 ὁ
1299 484 1431 547 Θεός
1457 498 1579 554 μου,
1620 486 1700 547 εις
1732 484 1823 538 τὸν
1856 484 2027 539 αἰῶνα

467 577 937 652 ἐξομολογησομαί
974 594 1077 629 σοι.
1139 595 1158 627 ι
1186 575 1297 627 Καὶ
1317 576 1365 627 οἱ
1392 576 1519 644 περὶ
1562 574 1825 645 Συμεῶνα
1845 575 1901 628 δὲ
1927 577 2019 628 καὶ

465 672 617 733 Λευῒ,
645 670 781 741 μετὰ
808 668 870 720 τὸ
900 666 1221 737 ὑϐρισθῆναι
1252 666 1332 727 εἰς
1354 666 1522 736 αὐτὴν
1551 665 1649 735 τὴν
1675 665 2026 735 σωφροσύνην

466 762 562 830 τὴν
595 757 847 827 ἀδελφὴν,
876 756 1272 823 κατενύγησαν,
1303 754 1567 817 τουτέστι,
1591 754 2015 824 κατεπλάγησαν

468 852 563 905 καὶ
597 846 1028 917 κατετρώθησαν
1080 845 1185 897 ὑπὸ
1219 844 1383 914 ζήλου
1404 861 1420 877 ο
1461 845 1556 896 κα)⁵
1576 843 1751 907 οὕτως
1790 846 1869 907 είς
1888 846 2023 914 ἀμε-

465 942 690 996 τάθετον
724 939 990 1003 ἐξέπεσαν
1028 936 1223 1007 ὀργὴν,
1247 935 1323 999 ὡς
1354 936 1450 989 καὶ
1478 936 1614 1006 δόλῳ
1652 936 1712 988 ού
1754 935 1913 1005 μόνον
1938 934 2029 988 τὸν

467 1032 749 1103 ὑϐριστὴν,
795 1030 930 1084 ἀλλὰ
963 1029 1061 1085 καὶ
1091 1030 1271 1083 πᾶσαν
1306 1026 1472 1082 αὑτοῦ
1499 1026 1598 1097 τὴν
1640 1026 1796 1079 πόλιν
1831 1026 2030 1099 ἡϐηδὸν

469 1123 833 1191 κατασφάξαι.

2133 486 2367 542 sumitur
2396 481 2830 553 compnnetionis
2888 480 3131 534 verbum.
3172 478 3307 531 Nam
3360 477 3435 530 ibi
3480 492 3693 545 quoque

2131 576 2419 645 signiﬁcat,
2449 576 2788 629 vulneratum
2822 586 2941 625 esse
2968 570 3126 624 rebus
3155 569 3311 623 bonis
3343 585 3357 621 :
3386 568 3535 622 verbi
3570 583 3694 637 gra-

2134 666 2229 732 tia,
2259 679 2380 719 cum
2409 665 2573 718 etiam
2601 663 2781 717 divino
2805 665 3007 729 {amore
3058 668 3305 727 correpta
3357 657 3534 710 anima
3580 657 3715 711 clam

2126 765 2280 810 mat:
2318 773 2338 807 ι
2386 754 2524 821 Quia
2564 753 2854 808 dilectione
2915 750 3193 805 vulnerata
3235 764 3352 803 sum
3425 763 3524 817 ego
3567 748 3631 802 ⁸⁸.
3667 766 3709 797 »η

2126 847 2422 905 Sciendum
2446 855 2529 900 est
2554 855 2757 907 autem,
2808 859 2912 897 non
2965 842 3185 896 omnino
3237 841 3425 894 eadem
3474 839 3692 893 nomina

2126 946 2220 993 aut
2246 937 2409 991 verba
2441 936 2690 991 eumdem
2736 949 2952 1003 semper
3014 932 3345 987 intellectum
3402 931 3678 998 praebere.

2125 1027 2260 1081 Nam
2285 1026 2453 1081 David
2482 1038 2698 1094 quoque
2718 1025 2889 1078 dixit:
2925 1041 2944 1075 ι
2975 1021 3044 1077 Ut
3105 1032 3288 1075 cantet
3346 1019 3444 1074 tibi
3508 1018 3676 1088 gloria

2129 1133 2270 1182 mea,
2291 1129 2466 1172 etnon
2496 1131 2825 1186 eompungar
2851 1115 2923 1181 ⁸⁸,
2993 1116 3094 1169 hoc
3115 1124 3218 1178 est,
3256 1121 3314 1167 ut
3343 1120 3495 1182 puto,
3531 1125 3599 1165 ne
3625 1124 3703 1163 eo

471 1214 700 1283 redigar,
731 1222 789 1267 ut
823 1228 927 1268 non
980 1211 1207 1281 amplius
1256 1222 1450 1264 canant
1492 1206 1737 1276 hymnos.
1776 1226 1794 1260 ι
1826 1207 2047 1262 Addidit
2084 1210 2229 1264 enim
2263 1227 2277 1263 :
2317 1226 2337 1260 ι
2376 1211 2598 1263 Domine
2647 1210 2786 1262 Deus
2841 1222 3014 1270 meus,
3066 1208 3125 1261 in
3170 1213 3431 1260 aeternum
3462 1202 3688 1257 conlite-
3740 1274 3751 1283 ἡ

472 1302 567 1356 hor
589 1304 681 1357 tibi
710 1300 780 1359 ⁸⁸.
809 1322 827 1355 ι
862 1302 967 1358 Sed
997 1313 1051 1358 et
1075 1302 1166 1371 qui
1201 1301 1345 1354 circa
1403 1298 1708 1353 Simeonem
1761 1310 1817 1353 et
1876 1298 2001 1353 Levi
2041 1310 2218 1367 erant,
2242 1310 2363 1368 post
2397 1301 2648 1355 violatam
2721 1314 2833 1355 suae
2902 1300 3103 1353 sororis
3149 1298 3480 1367 pudicitiam,
3546 1309 3690 1350 com-

470 1394 651 1462 puncti
683 1401 826 1459 sunt,
864 1394 965 1448 hoc
992 1392 1149 1448 estin
1202 1399 1474 1458 stuporem
1512 1388 1638 1451 acti,
1693 1396 1747 1443 et
1778 1389 2149 1444 convulnerati
2181 1400 2308 1445 sunt
2373 1391 2473 1444 zeli
2542 1400 2597 1445 et
2657 1390 3043 1458 indignationis
3100 1387 3482 1442 vehementia:
3521 1390 3687 1454 atque

471 1484 543 1536 ita
600 1483 654 1537 in
702 1483 1031 1552 pertinacem
1089 1481 1225 1533 iram
1298 1479 1623 1541 inciderunt,
1677 1487 1735 1530 ut
1780 1477 1964 1533 dolose
2019 1494 2235 1549 quoque
2296 1495 2402 1534 non
2431 1480 2597 1551 469
2664 1479 2835 1533 solum
2908 1478 3081 1547 ipsum
3143 1476 3354 1545 injuriae
3411 1483 3696 1531 auctorem

471 1572 711 1638 Sichem,
740 1573 833 1628 sed
861 1587 963 1626 una
985 1570 1143 1625 etiam
1181 1578 1345 1624 totam
1369 1569 1536 1640 ipsius
1565 1568 1841 1623 civitatem
1892 1582 1923 1621 a
1963 1570 2134 1638 prima
2164 1570 2445 1637 pubertate
2469 1576 2788 1624 mactarent.

896 1687 909 1701 '
945 1703 1069 1758 PB'.
1112 1732 1184 1749 —
1211 1703 1553 1773 ΦΙΛΗΤΡΙῼ.

551 1816 763 1884 Ἐπειδὴ
815 1815 1115 1885 γέγραφας
1158 1816 1219 1869 Ei
1263 1815 1679 1869 συνεϐούλευσεν
1727 1818 1755 1869 ὁ
1783 1817 1991 1877 Παῦλος
2014 1832 2029 1847 ·

477 1928 498 1960 ι
536 1907 720 1971 Θέλεις
747 1908 805 1959 δὲ
859 1906 935 1977 μὴ
975 1905 1257 1974 φοϐεῖσθαι
1301 1906 1401 1975 τὴν
1430 1907 1699 1973 ἐξουσίαν,
1739 1906 1801 1960 τὸ
1833 1906 2033 1974 ἀγαθὸν

472 1997 637 2062 ποίει,
662 1998 758 2052 καὶ
778 1998 921 2063 ἕξεις
947 1998 1169 2050 ἔπαινον
1202 1996 1261 2060 ἐξ
1286 1998 1453 2068 αὐτῆς
1473 2015 1487 2029 ο
1527 2017 1545 2049 ι
1577 1998 1694 2061 πῶς
1733 1998 1868 2069 μετὰ
1899 1998 2033 2068 βρα-

468 2088 571 2160 χέα
613 2089 804 2157 φησίνο
858 2106 878 2140 r
936 2087 1184 2139 Ἀπόδοτε
1209 2086 1285 2156 τῷ
1310 2087 1401 2140 τὸν
1433 2087 1618 2157 φόϐον,
1646 2088 1735 2142 τὸν
1768 2088 1963 2156 φόϐονς
2008 2106 2027 2138 ι

468 2176 644 2249 οἶμαι,
677 2181 759 2232 ὅτι
788 2180 837 2231 εί
873 2178 948 2247 μὴ
983 2175 1224 2246 περὶτοῦ
1262 2176 1398 2228 Θεοῦ
1421 2194 1564 2240 τινες
1590 2178 1721 2231 αὐτὸ
1757 2178 2032 2246 βούλονται

469 2269 724 2340 εἰρῆσθαι
752 2269 770 2339 (
802 2269 1109 2338 γέγραπται
1138 2268 1246 2336 γάρ
1266 2285 1280 2297 ’
1316 2285 1335 2317 ι
1387 2268 1533 2336 Τίμα
1565 2267 1655 2320 τὸν
1686 2267 1908 2336 Κύριον,
1940 2266 2032 2319 καὶ

473 2360 712 2428 ίσχύσεις
735 2376 749 2390 ι
778 2359 917 2428 πλὴν
946 2358 1003 2411 δὲ
1035 2358 1199 2410 αὐτοῦ
1229 2356 1303 2428 μὴ
1342 2357 1507 2426 φοϐοῦ
1556 2358 1716 2411 ἄλλον
1750 2359 1794 2428 ι)
1817 2374 1830 2389 ·
1856 2360 2034 2410 ἐκεῖνο

474 2449 575 2516 μὲν
605 2445 748 2512 εἶπε,
789 2448 868 2517 τῷ
900 2447 990 2500 τὸν
1019 2446 1182 2515 φόϐον
1228 2445 1337 2500 ἀπὸ
1375 2446 1470 2499 τοῦ
1498 2446 1684 2517 ξίφους
1711 2450 1825 2511 τοῖς
1853 2448 2035 2519 πλημ-

471 2538 722 2607 μελοῦσιν
759 2538 1141 2608 ἐπηρτημένον
1170 2537 1566 2608 διαδιδράσκειν
1596 2539 1686 2592 τὸν
1722 2540 2029 2609 φιλάρετον,

469 2630 565 2682 καὶ
601 2630 695 2681 τοῦ
718 2630 1038 2698 ἀρχοντικοῦ
1072 2629 1290 2682 ἐπαίνου
1326 2628 1610 2699 τυγχάνειν
1630 2646 1644 2659 ·
1677 2629 1833 2682 τοῦτο
1856 2630 1911 2682 δὲ
1939 2627 2031 2681 τὸν

467 2720 532 2771 ἑκ
571 2720 667 2790 τῆς
701 2719 988 2789 συντυχίας
1017 2719 1109 2772 καὶ
1136 2721 1237 2790 τῆς
1285 2720 1464 2783 αἰδοῦς
1488 2720 1703 2789 καὶτῆς
1744 2721 1909 2790 τιμῆς
1934 2720 2030 2788 τῆς

469 2809 958 2880 κεχρεωστημένης
1004 2815 1116 2874 τοῖς
1160 2811 1488 2882 ἡγουμένοις
1519 2814 1811 2881 χρεωστεῖν
1846 2810 2027 2879 φόϐον.

469 2900 604 2952 Οὐδὲ
637 2901 744 2972 γάρ
770 2902 919 2954 ἐστιν
960 2902 1156 2972 ἀτελὴς
1184 2902 1399 2967 τούτου,
1422 2901 1516 2954 τοῦ
1545 2901 1709 2971 μηδὲν
1731 2901 1894 2955 αὐτὸν
1922 2921 2028 2957 πα-

2580 1698 2687 1755 CII.
2728 1729 2801 1740 -—
2841 1697 3228 1754 PIIILETRiO.

2200 1813 2460 1881 Quoniam
2503 1828 2598 1880 per
2626 1813 2836 1868 litteras
2882 1815 3173 1883 qumsivisti
3226 1827 3331 1883 quo
3362 1821 3518 1882 pacto
3549 1810 3697 1866 Pati-

2133 1905 2237 1971 lus,
2262 1906 2305 1959 si
2334 1905 2617 1959 consilium
2647 1905 2793 1959 dedit
2821 1906 2903 1959 his
2936 1906 3115 1960 verbis
3143 1918 3157 1954 :
3206 1922 3224 1955 ι
3259 1903 3350 1958 Vis
3373 1913 3550 1958 autem
3584 1919 3689 1957 non

2135 1996 2323 2051 timere
2363 2003 2701 2063 potestatem,
2745 1993 2829 2049 l'ac
2875 1996 3073 2049 bonum
3113 2004 3168 2049 et
3218 1993 3438 2048 habebis
3481 1994 3692 2047 laudem

2132 2086 2198 2139 ab
2233 2100 2297 2139 ea
2324 2085 2399 2150 3‘;
2436 2102 2457 2138 ι
2500 2084 2660 2154 paulo
2696 2094 2815 2153 post
2864 2085 3009 2140 dicat
3044 2103 3059 2139 :
3099 2104 3117 2137 ‹
3150 2084 3380 2140 Reddite
3421 2084 3467 2138 ei
3512 2084 3596 2137 cui
3629 2082 3694 2137 ti-

2133 2192 2336 2231 morem
2388 2175 2636 2247 (debetis)
2696 2176 2945 2229 timorem
2976 2175 3019 2207 ⁸⁷
3058 2193 3073 2229 :
3120 2192 3142 2229 ι
3185 2174 3263 2229 sic
3309 2173 3581 2229 existimo.
3635 2172 3694 2228 Si

2133 2268 2221 2336 qui
2252 2268 2422 2321 nolint
2460 2268 2595 2321 forte
2632 2266 2759 2319 illud
2790 2267 2993 2321 dictum
3024 2279 3143 2320 esse
3172 2265 3241 2320 de
3270 2265 3378 2320 Deo
3410 2264 3692 2336 (scriptum

2133 2368 2216 2414 est
2238 2359 2430 2412 enim:
2481 2375 2501 2409 ι
2561 2356 2775 2413 Honora
2828 2359 3132 2423 Dominum,
3189 2366 3243 2411 et
3298 2366 3486 2425 potens
3540 2356 3649 2411 eris
3675 2372 3705 2410 :-

2134 2458 2327 2518 praeter
2369 2449 2540 2517 ipsum
2583 2464 2712 2503 vero
2758 2464 2863 2503 non
2898 2447 3113 2503 timebis
3155 2447 3318 2502 alium
3343 2447 3420 2514 ⁸⁸;
3459 2445 3516 2517 ι)
3565 2445 3693 2500 illud

2131 2541 2345 2607 quidem
2395 2539 2544 2608 prius
2594 2539 2793 2594 dixisse
2845 2537 3068 2593 Paulum
3118 2540 3256 2603 ideo,
3302 2537 3431 2607 quia
3479 2536 3692 2590 virtutis

2130 2628 2405 2682 studiosus
2458 2628 2707 2681 timorem
2739 2627 2912 2691 illum,
2963 2629 3104 2695 quia
3148 2627 3324 2695 gladio
3370 2626 3711 2681 facinorosis.

2132 2717 2422 2787 impendet,
2470 2716 2708 2787 effugiat,
2750 2723 2808 2770 et
2856 2717 3064 2771 laudem
3114 2720 3461 2786 magistratus
3500 2730 3692 2770 conse-

2129 2821 2324 2880 quatur
2350 2828 2365 2863 :
2401 2811 2503 2866 hoc
2531 2820 2707 2865 autem
2736 2812 3001 2879 posterius
3026 2811 3340 2879 (protulisse
3366 2812 3511 2878 eum)
3542 2810 3687 2874 ideo,

2131 2902 2255 2968 quia
2300 2901 2461 2953 etiam
2511 2907 2682 2954 metus
2723 2901 2940 2968 quidam
2981 2902 3241 2955 debeatur
3290 2898 3701 2967 magisitratibus

471 2990 890 3058 ραϐλάπτοντος,
917 2990 1053 3043 ἀλλὰ
1086 2990 1179 3044 καὶ
1211 2988 1627 3060 αἱδεσιμώτερον
1653 2992 1745 3043 καὶ
1780 2990 2026 3061 λαμπρό-

2133 3004 2196 3044 ex
2235 2989 2529 3043 reverentia
2581 3000 2637 3043 et
2678 2989 2881 3044 honore
2911 2991 3065 3058 ipsis,
3114 2991 3327 3060 quando
3380 2989 3532 3044 nobis
3568 3002 3691 3042 eum

466 3096 623 3149 τερον
652 3080 1065 3149 ἀποφαίνοντος.
1096 3082 1278 3133 Εἵκειν
1321 3080 1430 3150 γὰρ
1472 3080 1577 3150 χρὴ
1619 3082 1782 3133 παντὶ
1825 3081 2021 3145 σθένει,

468 3172 524 3223 ὲν
552 3164 632 3233 οἷς
666 3172 790 3241 μήτ’
816 3171 1064 3227 εὐσέϐεια
1105 3171 1233 3242 μήθ’
1277 3174 1311 3241 ὴ
1353 3173 1523 3242 ἁρετὴ
1563 3172 2023 3236 καταϐλάπτεται,

467 3260 600 3313 ἀλλὰ
622 3262 712 3314 καὶ
742 3261 1143 3331 βασιλικωτέρα
1162 3264 1255 3315 καὶ
1286 3262 1683 3331 ἐπιφανεστέρα
1710 3265 1772 3316 ὲκ
1797 3262 1893 3331 τῆς
1920 3263 2023 3315 τῶν

471 3352 759 3419 μετιόντων
793 3352 1091 3414 ἐπιεικείας
1111 3352 1485 3421 ἀναφαίνεται.

2131 3080 2237 3134 illis
2264 3080 2527 3149 agendum
2556 3091 2658 3143 est,
2687 3080 2887 3136 debito.
2927 3081 3109 3150 Neque
3131 3082 3271 3135 enim
3312 3081 3362 3134 is
3390 3080 3479 3148 qui
3510 3079 3689 3133 virtuti

2134 3172 2225 3224 dat
2251 3184 2492 3236 operam,
2538 3171 2797 3225 immunis
2824 3181 2909 3226 est
2944 3188 2971 3225 a
3008 3172 3130 3225 talis
3163 3171 3372 3225 timoris
3397 3172 3479 3239 (ut
3506 3170 3584 3224 sic
3616 3169 3689 3224 Io-

2133 3258 2304 3328 quar)
2359 3260 2732 3313 reverentialis
2799 3261 3177 3328 praestatione,
3234 3260 3327 3327 qui
3387 3257 3689 3313 nullatenus

2135 3350 2306 3417 ipsum
2338 3348 2499 3410 laedit,
2552 3350 2680 3418 quin
2712 3352 2887 3417 potius
2938 3350 3382 3403 venerabiliorem
3425 3357 3587 3416 atque
3626 3346 3676 3401 iI-

472 3440 773 3494 lustriorem
803 3441 1057 3495 declarat.
1108 3441 1311 3496 Cedere
1364 3442 1505 3496 enim
1560 3450 1770 3510 oportet
1836 3440 2220 3511 (magistratui)
2280 3441 2528 3493 omnibus
2609 3441 2835 3504 viribus,
2887 3442 2939 3494 in
2990 3441 3095 3495 illis
3142 3443 3324 3508 rebus,
3398 3442 3451 3495 in
3502 3440 3688 3507 quibus

472 3548 643 3601 neque
685 3535 891 3603 pietati,
914 3538 1114 3603 {neque
1147 3536 1329 3589 virtuti
1381 3535 1543 3589 ullum
1594 3536 1814 3589 affertur
1858 3536 2262 3601 detrimentum,
2330 3534 2438 3587 imo
2505 3532 2668 3586 etiam
2709 3535 3052 3602 praestantior
3113 3544 3275 3605 atque
3336 3534 3596 3603 insignior
3625 3548 3687 3589 ex

472 3628 729 3683 cultorum
768 3645 987 3684 suorum
1026 3631 1393 3685 moderatione
1424 3634 1849 3686 demonstratur.

712 3760 831 3815 Pl".
872 3790 933 3798 —
961 3761 1271 3830 ΕΠΙΜΑΧῼ
1317 3762 1750 3831 ΔΝΑΓΝΩΣΤῌ.

626 3868 730 3935 Εἰς
756 3870 853 3923 τὸο
890 3888 908 3921 ι
950 3869 1144 3937 Ὑμεῖς
1179 3871 1319 3923 ἐστε
1336 3869 1506 3938 σῶμα
1540 3870 1816 3937 Χριστοῦ.
1864 3890 1883 3922 ι

549 4000 762 4072 Ἐπειδὴ
790 4003 1088 4072 γέγραφας·
1130 4002 1194 4054 Τί
1234 4003 1381 4054 ἐστιν
1403 4018 1419 4035 ·
1459 4021 1478 4054 ι
1518 4002 1703 4072 Ὑμεῖς
1730 4004 1849 4055 ἐστε
1876 4003 2033 4073 σῶμα

467 4095 724 4163 Χριστοῦ,
755 4097 848 4148 καὶ
881 4096 1016 4165 μέλη
1048 4096 1109 4147 ὲκ
1140 4095 1371 4165 μέρους;
1399 4114 1417 4146 ι
1454 4089 1628 4164 οἶμαι,
1658 4096 1738 4147 ὅτι
1771 4096 1955 4164 ἐπειδὴ
1982 4097 2032 4147 ot

471 4183 567 4249 μὲν
594 4182 902 4251 ἁπανταχοῦ
936 4185 1034 4252 τῆς
1057 4185 1145 4252 ὑφ’
1171 4184 1303 4253 ἡλίῳ
1343 4182 1667 4251 Ἐκκλησίας
1692 4182 1849 4251 σῶμα
1887 4184 2023 4252 Χρι-

470 4269 617 4331 στοῦ,
649 4270 920 4338 Κορίνθιοι
946 4271 1002 4321 δὲ
1034 4271 1195 4339 μέρος
1222 4267 1359 4336 ἦσαν
1397 4270 1587 4322 τούτου
1625 4269 1719 4322 τοῦ
1747 4269 2020 4337 σώματος,

2436 3764 2568 3819 CIII.
2600 3794 2671 3805 -—
2696 3765 3040 3819 EPIMACIIO
3068 3764 3386 3819 LECTORI.

2304 3872 2371 3924 In
2404 3873 2556 3939 illud,
2594 3892 2611 3924 ι
2675 3873 2775 3926 Vos
2801 3876 2926 3927 estis
2954 3892 3140 3943 corpus
3167 3875 3361 3928 Christi
3393 3876 3459 3928 ⁸³.
3492 3895 3523 3927 »τ

2200 4000 2463 4067 Quoniam
2512 4018 2611 4072 per
2662 4002 2872 4057 litteras
2899 4005 3220 4072 quaesivisti,
3269 4005 3397 4073 quid
3434 4006 3535 4060 sibi
3568 4007 3684 4060 veli‘

2132 4092 2259 4146 illud
2298 4111 2311 4146 :
2349 4109 2368 4144 ι
2417 4091 2524 4146 Vos
2570 4095 2704 4147 estis
2742 4108 2937 4162 corpus
2981 4094 3213 4158 Christi,
3248 4104 3304 4150 et
3353 4096 3588 4151 membra
3626 4112 3693 4153 οι

2126 4192 2305 4250 parte;
2338 4201 2355 4232 ι
2387 4183 2641 4245 arbitror,
2672 4184 3280 4254 quiaquotquotubique
3315 4186 3687 4241 vivunthomi-i.

2127 4286 2242 4335 nes,
2272 4272 2523 4326 Ecclesia:
2560 4273 2881 4328 universalis
2902 4276 3004 4327 sub
3025 4275 3135 4328 sole
3166 4288 3260 4343 per
3304 4285 3474 4330 totum
3505 4278 3685 4331 orbem

465 4359 551 4412 διὰ
574 4360 733 4412 τοῦτο
751 4360 965 4428 ἔφησενο
993 4380 1013 4410 ι
1052 4362 1143 4412 Ἐκ
1176 4360 1391 4428 μέρουςο
1424 4378 1441 4411 ι
1469 4354 1598 4422 οἷον,
1621 4359 1796 4423 Melo;
1813 4361 1959 4413 ἐστὶν
1991 4363 2022 4431 ή

2129 4362 2381 4429 dispersa:
2421 4377 2617 4430 corpus
2659 4364 2989 4416 constituunt
3009 4363 3243 4429 Christi;
3275 4366 3537 4419 Corinthii
3566 4382 3682 4421 vert

468 4452 597 4519 παρ’
636 4450 763 4518 ὑμῖν
804 4450 1100 4519 Ἐκκλησία
1130 4451 1227 4520 τῆς
1268 4449 1598 4519 ἁπανταχοῦ.
1634 4450 1795 4502 Ὥστε
1825 4451 2024 4504 δίκαιοι

466 4534 531 4587 ἂν
588 4538 734 4606 εἴητε
772 4537 832 4589 οὺ
870 4538 1030 4606 μόνον
1067 4539 1201 4607 πρὸς
1247 4540 1471 4599 ἑαυτοὺς
1500 4537 1837 4605 (ἐστασίαζον
1868 4541 2020 4609 γὰρ),

466 4626 719 4681 ἀλλὰκαὶ
773 4630 910 4701 πρὸς
958 4629 1165 4691 πάντας
1216 4630 1338 4691 τοὺς
1393 4630 1534 4683 κατὰ
1558 4629 1656 4699 τὴν
1697 4631 2023 4702 οἰκουμένην

464 4717 790 4784 ὁμοπίστους
810 4721 1072 4788 ὁμονοεῖν,
1106 4720 1280 4772 πᾶσαν
1302 4718 1563 4788 διχόνοιαν
1584 4720 1649 4772 ἐκ
1678 4719 1852 4772 ποδῶν
1870 4736 2024 4792 ποιη-

465 4820 709 4876 σαμενοι.

2121 4468 2247 4521 pars
2274 4462 2427 4506 erant
2454 4453 2613 4523 hujus
2632 4454 2903 4522 corporis,
2929 4455 3045 4508 ideo
3070 4454 3293 4508 Paulum
3322 4456 3651 4510 hocdixisse
3677 4474 3685 4485 '

2127 4559 2145 4591 ι
2178 4540 2255 4593 Ex
2297 4550 2466 4609 parte.
2508 4560 2528 4593 ι
2570 4542 2732 4607 Quasi
2774 4543 2976 4597 diceret
3023 4561 3036 4596 :
3087 4544 3323 4599 Ecclesia
3381 4561 3499 4613 qua:
3554 4548 3706 4612 aput?

2121 4646 2217 4684 vos
2244 4641 2348 4695 est,
2398 4632 2697 4684 membrum
2726 4641 2809 4685 est
2842 4632 3093 4686 Ecclesia:
3138 4634 3461 4687 universalis
3492 4633 3708 4700 ubique

2121 4703 2357 4776 locorum
2386 4721 2604 4775 dilfusaz.
2640 4720 3001 4787 Quamobrem
3031 4737 3240 4788 aequum
3267 4732 3432 4785 esset,
3464 4737 3556 4775 vos
3588 4739 3691 4775 non

2120 4814 2289 4867 solum
2318 4814 2456 4867 inter
2482 4814 2832 4880 vosmetipsos
2870 4813 3186 4884 (discordias
3214 4814 3356 4868 enim
3396 4813 3690 4885 fovebant),

466 4900 825 4950 \ernmeiiznn
850 4913 968 4949 Cllltt
992 4897 1240 4950 onmibus
1288 4912 1381 4966 per
1434 4898 1617 4952 orbem
1650 4905 1914 4952 terrarum
1946 4899 2259 4969 degentibus
2296 4902 2499 4972 passim
2525 4900 2647 4955 lidei
2689 4901 2850 4955 sociis
2901 4902 3242 4957 concordiam
3316 4901 3512 4970 colere,
3545 4904 3701 4957 omni.

466 4982 735 5039 discordia
765 4984 950 5052 procul
982 4976 1236 5051 relegata‘.

524 5166 569 5244 ξε
598 5166 755 5244 gani.
777 5180 850 5228 ιν,
883 5166 950 5244 εξ
1019 5166 1066 5198 ⁸⁸
1090 5165 1237 5220 ‘Psal.
1271 5180 1420 5231 xxix,
1452 5166 1536 5221 l5.
1611 5169 1655 5200 ⁸⁵
1687 5168 1834 5224 Psal.
1860 5185 2026 5234 cxvn,

2129 5211 2142 5225 .
2230 5172 2275 5204 ⁸⁸
2302 5173 2588 5240 Romanu,
2622 5174 2675 5229 5.
2761 5175 2803 5207 ⁸⁷
2838 5174 2965 5229 ibid.
2991 5178 3042 5232 7.
3119 5175 3164 5207 ⁸⁸
3193 5175 3355 5233 Prov.
3388 5189 3474 5244 ιιι,
3504 5178 3560 5243 9,
3592 5174 3695 5229 ωδ,

461 5235 555 5291 "l
596 5235 722 5292 Cor.
762 5251 853 5301 xv,
880 5236 970 5289 27.

1558 5388 1785 5444 VARl/E
1819 5392 2198 5451 LECTIONES
2236 5395 2324 5450 ΕΤ
2362 5396 2593 5453 NOTAE.

535 5547 646 5613 (35)
698 5547 841 5612 Hmc,
887 5549 1058 5618 ὅπερ,
1106 5543 1260 5616 οἶμαι
1311 5561 1479 5615 usque
1532 5548 1598 5618 ad
1656 5548 2018 5617 καταπλαγῶ,

465 5618 748 5672 omittebat
781 5620 867 5673 ed.
914 5616 1107 5683 Paris,
1140 5628 1193 5670 et
1239 5625 1383 5671 recte
1434 5616 1745 5687 supplentur
1777 5634 1806 5671 a
1838 5616 2017 5674 codice

2130 5552 2387 5610 Vaticano
2416 5553 2541 5610 650.
2567 5554 2727 5610 Eutr.
