4042 6146
475 206 615 272 1175

1660 207 1718 265 S.
1764 204 2053 264 ISIDORI
2090 198 2524 261 PELUSIOTIE

3571 181 3697 246 1176

474 315 543 367 ad
579 313 941 368 Abrahamum
984 334 998 368 :
1044 332 1063 363 ι
1107 312 1393 379 ingredere
1438 310 1504 364 ad
1551 311 1798 375 ancillam
1841 327 2034 375 meam,

2146 325 2268 377 μου,
2299 308 2394 359 καὶ
2440 302 2825 379 τεχνοποίησον
2854 298 2914 364 ἐξ
2950 296 3147 365 αὐτῆς.
3187 312 3207 344 ι
3250 292 3323 344 Τὸ
3365 291 3408 343 δ’
3443 290 3695 360 ἅψασθαι,

472 412 529 457 et
555 403 748 458 liberos
797 420 863 456 cx
896 418 957 457 ea
988 417 1211 471 procrea
1252 403 1319 455 ".
1359 422 1379 453 ι
1431 402 1705 468 Tangendi
1747 409 1924 454 autem
1969 402 2035 454 de

475 493 756 558 basiando,
800 502 892 546 aut
937 492 1352 546 eontrectando.
1402 491 1720 559 Quanquam
1751 492 1892 545 enim
1933 491 2033 543 ista

472 585 516 638 si
556 599 677 638 cum
710 585 852 637 coitu
894 582 1263 647 conferantur,
1292 594 1509 650 peccata
1550 597 1669 636 esse
1708 595 1817 635 non
1851 582 2036 635 viden-

473 681 560 724 tur
585 709 600 732 ,
657 681 1027 723 verumtamen
1068 671 1306 725 Veritate
1340 671 1618 739 judicante
1661 672 1774 738 ipsa
1823 685 2035 738 quoque

470 763 664 816 merito
712 761 890 829 iapsus
939 762 1154 830 quidam
1200 762 1469 816 censenda
1513 761 1732 815 fuerint.
1783 759 1919 813 Nam
1981 761 2027 813 si

471 852 680 906 curiosa
724 852 1102 920 contemplatio
1139 851 1460 904 adulterium
1510 865 1632 904 esse
1667 849 1908 916 judicata
1947 860 2032 903 est

471 942 539 1011 (a
584 941 860 1012 Christo.)
913 941 1265 995 contrectatio
1296 949 1445 994 certe
1493 941 1661 994 multo
1714 940 1885 1007 magis
1936 954 2034 1007 pro

471 1032 737 1085 adulterio
765 1033 1112 1101 judicabitur.
1143 1030 1603 1096 Quemadmodum
1637 1030 1778 1083 enim
1819 1031 1869 1083 in
1902 1032 2035 1083 ima-

470 1119 685 1185 ginibus
718 1120 941 1188 depictis
962 1120 1111 1175 color
1130 1120 1300 1188 magis
1326 1120 1489 1173 allicit
1519 1130 1850 1187 spectatores
1876 1135 2031 1188 quam

471 1209 611 1261 nuda
640 1210 985 1274 lineamenta,
1044 1210 1124 1264 sic
1162 1210 1323 1264 etiam
1365 1209 1417 1261 iu
1455 1212 1770 1277 corporibus
1816 1226 2033 1278 compa-

2142 395 2236 447 ἐπὶ
2273 393 2366 446 τοῦ
2401 392 2594 461 φιλεῖν,
2624 391 2659 459 ἢ
2695 385 3007 458 ἐφάψασθαι
3040 382 3173 453 (47).
3215 382 3280 434 Εἰ
3327 380 3436 451 γὰρ
3464 380 3559 432 καὶ
3602 397 3696 432 πα-

2145 485 2520 555 ραϐαλλόμενα
2542 484 2609 552 τῇ
2645 480 2873 549 συνόδῳ,
2897 478 2959 529 οὐ
2984 476 3129 528 δοκεί
3144 476 3517 545 ἁμαρτήματα
3546 467 3697 535 εἶναι,

2139 576 2277 631 ἀλλά
2312 592 2376 643 γε
2406 574 2664 642 ἀληθείας
2692 568 3019 638 δικαζούσης
3070 567 3387 635 πταίσματα
3427 565 3521 617 καὶ
3567 562 3700 616 αὐτὰ

2140 668 2361 729 είκότως
2389 666 2456 719 ἂν
2477 665 2583 735 εἴη.
2612 665 2673 717 Εἰ
2696 664 2806 731 γὰρ
2826 663 2861 732 ή
2887 660 3174 730 περίεργος
3199 659 3295 711 Θέα
3329 657 3542 727 μοιχεία
3566 651 3697 708 εἶναι

2142 758 2415 828 κέκριται,
2446 758 2479 826 ή
2524 756 2634 825 ἁφὴ
2679 753 2858 823 πολλῷ
2908 752 3067 805 πλέον
3112 750 3450 821 κριθήσεται.
3498 748 3699 817 Ὥσπερ

2142 849 2253 918 γὰρ
2282 848 2373 900 ἐπὶ
2396 847 2505 898 τῶν
2534 846 2756 898 εἰκόνων
2784 842 2980 912 χρῶμα
2999 842 3259 911 γραμμῆς
3284 839 3699 909 κινητικώτερόν

2135 942 2318 992 ἐστιν’
2366 937 2509 991 οὕτω
2548 936 2642 989 καὶ
2679 936 2772 987 ἐπὶ
2803 934 2912 985 τῶν
2959 933 3073 1001 (48)
3115 931 3381 1000 σωμάτων
3418 931 3530 1001 ἁφὴ
3576 929 3697 991 Θέας

2137 1028 2578 1099 κινητικώτερον.
2611 1027 2673 1079 Εί
2718 1025 2900 1078 τοίνυν
2943 1026 2979 1094 ὴ
2999 1024 3096 1076 θέα
3132 1023 3428 1093 λεπτοτέρα
3448 1018 3581 1075 οὖσα
3604 1038 3698 1073 κα-

2136 1104 2476 1190 τακέκριται,
2510 1120 2545 1188 ή
2596 1116 2707 1187 ἁφὴ
2763 1116 3047 1185 παχυτέρα
3079 1110 3217 1169 οὖσα
3247 1114 3563 1177 ἀπόλαυσις,
3598 1111 3697 1165 οὐκ

2136 1213 2440 1273 ἀπεικότως
2465 1208 2859 1279 ἀπηγόρευται.

470 1308 647 1353 ratum
686 1308 788 1362 est,
821 1313 878 1355 ιιι
903 1311 1076 1354 tactus
1144 1314 1307 1368 quam
1338 1301 1497 1363 ,visus
1544 1300 1798 1367 majorem
1845 1303 2090 1357 movendi
2132 1305 2237 1356 vim
2307 1303 2520 1358 habeat.
2564 1303 2619 1357 Si
2660 1296 3413 1369 igiturlaspectus'quamvis
3458 1293 3699 1349 subtilior

468 1404 660 1445 sensus
706 1393 778 1445 sit
808 1407 873 1446 ac
906 1392 1111 1459 purior,
1144 1391 1531 1445 condemnatus
1570 1400 1654 1447 est
1690 1402 1891 1457 tamen,
1929 1408 2032 1447 non
2074 1393 2343 1449 immerito
2371 1401 2569 1459 tactus,
2598 1402 2657 1445 ut
2688 1390 2779 1461 qui
2809 1390 2918 1461 gsit
2976 1388 3215 1443 crassior
3246 1397 3410 1457 atque
3444 1383 3697 1455 impurior

448 1476 687 1547 'sensus,
720 1483 1022 1550 prohibitus
1049 1490 1153 1537 est.

786 1590 899 1647 CX.
930 1623 1001 1634 —-
1032 1593 1331 1650 LEONTIO
1371 1594 1721 1653 EPISCOPO.

2436 1602 2539 1656 Pl'.
2572 1600 2655 1640 -·
2680 1596 2977 1666 ΛΕΟΝἸΊῼ
3014 1594 3382 1666 ΕΠΙΣΚΟΠῼ.

472 1683 613 1749 Quid
638 1684 707 1738 sit
734 1682 866 1737 illud
892 1699 909 1736 :
949 1701 969 1735 ι
1008 1686 1076 1739 Et
1106 1697 1256 1738 erunt
1300 1688 1354 1739 in
1380 1687 1638 1741 montibus
1670 1697 1728 1740 ut
1783 1688 2034 1744 columba:

2141 1694 2205 1747 Τί
2226 1692 2385 1746 ἐστι’
2427 1710 2446 1742 ι
2487 1690 2594 1745 Καὶ
2628 1690 2872 1749 ἔσονται
2920 1685 3159 1739 ἐπὶτῶν
3203 1684 3388 1750 ὀρέων
3414 1685 3495 1750 ὡς
3540 1699 3699 1753 περι-

1076 1756 1381 1809 meditames
1420 1757 1487 1810 ’⁷.
1516 1773 1540 1807 ι

539 1863 801 1929 Quoniam
851 1872 948 1933 per
994 1864 1200 1918 litteras
1248 1865 1569 1932 Qumsivisti,
1611 1866 1739 1935 quid
1773 1868 1861 1937 :sit
1905 1869 2034 1925 illud

469 1954 613 2023 quod
634 1954 702 2007 ab
732 1953 1013 2008 Ezechiele
1040 1954 1297 2020 scriptum
1323 1964 1407 2007 est
1436 1972 1448 2007 :
1477 1972 1495 2004 ι
1525 1955 1591 2008 Ει
1620 1967 1780 2009 erunt
1802 1956 1853 2010 in
1878 1972 2036 2011 mon-

471 2048 614 2101 tibus
640 2055 697 2099 nt
720 2046 986 2101 columba:
1022 2044 1378 2108 meditantes;
1412 2063 1432 2096 ι
1474 2046 1793 2113 reSpondeo,
1820 2049 2032 2101 tametsi

471 2137 663 2189 multis
710 2136 894 2189 verbis
945 2134 1181 2203 indigeat
1220 2133 1341 2202 ejus
1410 2135 1806 2203 interpretatio,
1836 2152 1920 2191 me
1952 2146 2036 2192 ta-

466 2238 587 2277 men
638 2239 797 2291 quam
842 2232 1029 2291 potero
1086 2224 1619 2291 compendiosissime
1663 2227 1714 2281 id
1758 2228 2035 2295 expositu-

464 2328 607 2367 rum.
644 2313 719 2367 De
751 2312 855 2365 illis
887 2322 1005 2366 erat
1036 2327 1216 2366 sermo
1255 2316 1548 2382 prophetm,
1580 2317 1670 2382 qui
1710 2326 1767 2369 ut
1800 2332 1828 2367 a
1857 2317 2024 2384 Baby-

464 2402 595 2454 lonii
630 2400 819 2471 (regis)
844 2400 1124 2454 invasione
1154 2402 1251 2455 tuti
1286 2412 1489 2467 essent,
1518 2403 1570 2455 in
1598 2414 1807 2457 montes
1832 2403 2025 2459 conl'u-

461 2500 650 2558 gerant
672 2508 686 2543 :
707 2502 839 2555 quos
858 2490 953 2552 ait,
967 2491 1215 2558 quamvis
1236 2490 1417 2543 hostes
1434 2492 1684 2559 eﬂ'ngisse
1702 2493 2030 2556 viderentur,

464 2590 642 2634 tamen
685 2579 908 2647 iustitiae
944 2581 1137 2635 divinae
1181 2582 1704 2637 animadversionem
1759 2600 1861 2637 non
1909 2600 2033 2638 eva-

460 2681 638 2721 suros.
677 2665 810 2721 Nam
843 2670 1061 2737 quando
1095 2670 1149 2723 in
1183 2670 1442 2724 solitariis
1475 2672 1604 2725 locis
1631 2685 2032 2729 commorantes

459 2765 615 2809 extra
643 2771 855 2812 onmem
889 2758 1195 2826 telijaetum
1218 2774 1277 2813 se
1299 2760 1623 2817 constitutos
1650 2778 1772 2817 esse
1798 2766 2030 2818 arbitra-

459 2846 680 2909 buntur,
714 2855 839 2900 tunc
863 2858 918 2901 et
951 2862 1148 2902 uxores
1197 2863 1324 2902 suas
1358 2859 1411 2904 et
1450 2850 1668 2917 liberos,
1711 2864 1767 2908 et
1802 2864 2028 2909 caztero-

2551 1759 2753 1827 στεραί
2781 1754 3159 1825 ﬂammma!
3177 1769 3199 1817 ;
3235 1772 3254 1805 ι

2202 1869 2420 1940 Ἐπειδὴ
2464 1868 2776 1938 γέγραφας·
2806 1867 2872 1919 Τί
2915 1867 3032 1919 ἐστι
3070 1864 3131 1918 τὸ
3161 1865 3373 1935 γραφὲν
3407 1862 3559 1933 παρὰ
3603 1862 3700 1915 τοῦ

2143 1959 2405 2028 Ἶεζεκιήλ
2428 1977 2443 1993 ο
2491 1978 2509 2010 ι
2552 1959 2664 2012 Καὶ
2712 1957 2925 2010 ἔσονται
2962 1955 3056 2008 ἐπὶ
3087 1954 3194 2007 τῶν
3219 1955 3391 2023 όρὲων
3434 1952 3513 2014 ὡς
3540 1968 3699 2021 περι-

2136 2052 2324 2121 στεραὶ
2343 2049 2690 2120 μελετητικαί
2713 2064 2728 2111 ;
2755 2066 2773 2098 ι
2808 2064 2880 2116 φη
2891 2046 2971 2115 μὶ,
3001 2048 3082 2099 δτι
3109 2043 3550 2110 πολυεπείας’μὲν
3568 2042 3701 2112 χρῄ·

2136 2140 2215 2203 ζει
2240 2143 2273 2210 ή
2302 2139 2567 2209 ἑρμηνεία
2588 2153 2601 2168 ·
2632 2137 2800 2208 ὅμως,
2845 2136 2921 2195 ὡς
2975 2135 3041 2189 ἂν
3070 2131 3180 2199 οἷός
3217 2152 3276 2188 τε
3320 2130 3384 2198 ὧ,
3418 2131 3700 2211 συντεμὼν

2134 2230 2326 2300 φράσω
2348 2247 2363 2263 ο
2398 2230 2532 2300 Περὶ
2565 2227 2674 2281 τῶν
2718 2230 2775 2280 ὲν
2805 2228 2871 2296 τῇ
2908 2224 3250 2278 Βαϐυλωνίου
3282 2224 3459 2294 ἐφόδῳ
3484 2224 3699 2275 ἀνασω-

2134 2319 2334 2372 θέντων
2372 2320 2452 2380 είς
2482 2318 2550 2371 τὰ
2570 2318 2693 2388 ὅρη,
2734 2313 2803 2387 ἦν
2833 2316 2911 2387 τῷ
2939 2317 3195 2387 προφήτῃ
3217 2317 3244 2367 ὁ
3283 2316 3459 2382 λόγος,
3490 2313 3695 2366 ὃτιοίῶ⁹

2134 2404 2200 2456 ἂν
2228 2404 2419 2467 δόξωσι
2443 2396 2865 2471 διαπεφευγέναι
2892 2405 3017 2466 τοὺς
3056 2402 3369 2472 πολεμίους,
3395 2400 3701 2469 διαφεύξον-

2130 2509 2221 2544 ται
2244 2492 2341 2561 τὴν
2362 2493 2537 2560 δίκην.
2576 2494 2742 2545 Ὅταν
2772 2492 2881 2562 γὰρ
2920 2492 3018 2555 τὰς
3044 2492 3284 2561 ἐρήμους
3319 2490 3698 2559 κατειληφότες

2133 2582 2237 2646 ἔξω
2269 2582 2375 2634 τῶν
2425 2582 2614 2635 δεινῶν
2658 2578 2796 2635 εἶναι
2831 2584 3164 2653 ἡγήσωνται,
3192 2583 3308 2635 τότε
3344 2581 3605 2649 γυναῖκάς
3636 2596 3697 2631 τε

2132 2676 2227 2727 καὶ
2273 2674 2470 2737 παῖδας
2494 2675 2588 2727 καὶ
2615 2675 2724 2729 τῶν
2758 2675 2933 2729 ἄλλων
2958 2675 3174 2729 οἰκείων
3195 2676 3287 2737 τὸν
3323 2674 3544 2744 ὄλεθρον
3567 2673 3700 2743 θρη-

2133 2766 2351 2827 νοῦντες
2399 2766 2736 2819 διατελοῦσιο
2778 2765 2856 2835 τῷ
2896 2766 2956 2818 δὲ
2992 2766 3101 2818 τῶν
3138 2764 3477 2834 περιστερῶν
3518 2778 3697 2832 παρα-

2131 2855 2385 2925 δείγματι
2417 2856 2477 2908 τὸ
2512 2855 2841 2924 περιώδυνον
2875 2857 2981 2909 τῶν
3001 2855 3189 2925 ψυχῶν
3230 2854 3596 2924 παρέστησεν.
3635 2852 3699 2905 Ol

456 2949 577 2989 rum
613 2937 1030 3004 propinquorum
1056 2938 1280 2991 exitium
1328 2941 1601 3007 perpetuis
1632 2943 1919 3009 gemitibus
1965 2960 2029 2998 ac

2133 2908 2379 3014 azJ'yap
2434 2908 2662 3012 βοῶντες
2713 2908 2807 2997 κει
2854 2908 3167 3013 me.
3199 2908 3366 3005 πέλας
3420 2908 3482 2996 τὲ
3534 2942 3697 3004 πάθος

458 3022 935 3081 lamentationibus
972 3036 1387 3094 prosequentur.
1432 3029 1812 3085 Columbarum
1851 3045 2027 3087 autem

2133 3030 2448 3100 ἐκφέροντες
2474 3030 2533 3082 οὐ
2568 3029 2767 3099 μικράν
2790 3029 3129 3099 λαμϐάνουσι
3154 3030 3248 3081 τοῦ
3274 3029 3481 3090 πάθους
3515 3045 3695 3098 παρα-

454 3114 556 3167 sub
621 3115 853 3184 imagine
885 3118 1184 3173 acerrimus
1260 3121 1562 3173 animorum
1629 3125 1902 3176 cruciatus
1961 3128 2030 3180 ob

2133 3120 2345 3187 μυϐίαν.
2379 3119 2716 3188 Κουφίζεται
2745 3120 2854 3188 γὰρ
2877 3120 3076 3190 τρόπον
3103 3120 3223 3173 τινὰ
3252 3122 3317 3189 τῇ
3346 3119 3598 3189 διηγήσει
3630 3118 3694 3172 τὰ

454 3204 640 3258 oculos
662 3206 956 3273 prepositit.
977 3206 1077 3271 Qui
1100 3210 1241 3261 enim
1265 3212 1522 3271 clamant,
1545 3218 1599 3262 et
1619 3226 1847 3280 angores
1864 3212 2028 3284 472

2133 3208 2270 3280 πάθη
2310 3210 2420 3279 (49)
2450 3226 2464 3236 ’
2493 3212 2541 3263 οί
2586 3210 2629 3262 δ’
2685 3209 2789 3262 ὑπὸ
2820 3208 2990 3273 δέους.
3042 3210 3074 3280 ἢ
3122 3210 3289 3280 ἄλλης
3331 3210 3476 3273 τινὸς
3519 3208 3696 3270 αἰτίας

455 3294 622 3347 animi
656 3296 736 3347 sui
774 3294 839 3347 ad
869 3296 1145 3362 proximos
1179 3296 1433 3363 ederunt,
1475 3316 1578 3355 non
1614 3303 1867 3369 exiguum
1902 3319 2027 3370 per-

2133 3303 2253 3370 σιγῇ
2289 3301 2389 3362 τὰς
2444 3300 2730 3370 συμφορὰς
2786 3300 3281 3371 κατακρύπτοντες,
3323 3301 3469 3370 μόνῳ
3512 3301 3569 3352 δὲ
3616 3299 3698 3368 τῷ

454 3384 660 3452 cipiunt
702 3386 904 3440 doloris
933 3387 1184 3440 solatium
1215 3398 1269 3442 et
1320 3390 1701 3444 levamentum.
1732 3393 1863 3446 Nam
1891 3410 2027 3462 quo-

2137 3391 2424 3460 στεναγμῷ
2441 3390 2539 3459 τὴν
2564 3391 2755 3458 ὀδύνην
2774 3392 3148 3460 ἐμφαίνοντες,
3172 3392 3496 3444 ἀνύποιστον
3516 3390 3695 3459 ἔχουσι

455 3472 741 3527 dammodo
769 3474 970 3529 leviora
1002 3475 1140 3530 fiunt
1178 3480 1449 3533 narrando
1496 3483 1631 3533 mala
1664 3481 1747 3551 (ea
1779 3498 1898 3549 quae
1929 3498 2026 3537 nos

2133 3481 2223 3532 τοῦ
2284 3479 2455 3533 κακοῦ
2501 3479 2598 3550 τὴν
2645 3479 2852 3548 ἔφοδον,
2888 3480 2981 3533 ἅτε
3024 3482 3105 3542 εἰς
3155 3481 3452 3551 Θεραπείαν
3494 3481 3591 3550 μὲν
3620 3478 3698 3547 μὴ

454 3564 746 3634 cruciant).
776 3566 878 3632 Qui
914 3581 1044 3621 vero
1068 3578 1342 3624 aut-metu
1385 3580 1479 3624 aut
1516 3572 1675 3626 aliam
1716 3574 2024 3642 quampiam

2133 3571 2409 3634 νεύουσαν,
2459 3572 2538 3633 είς
2568 3571 2816 3623 ἐπίτασιν
2854 3571 2911 3623 δὲ
2962 3570 3283 3639 βλέπουσαν.
3321 3572 3570 3639 Δηλῶσαι
3605 3565 3695 3622 οὖν

455 3654 528 3709 ob
554 3671 769 3712 causam
794 3658 1009 3714 silentio
1032 3660 1365 3716 calamitates
1389 3677 1517 3717 suas
1551 3663 1829 3718 involvunt
1865 3672 2027 3733 atque

2133 3660 2447 3728 βουλόμενος
2481 3659 2592 3729 (50)
2622 3658 2721 3728 τῆς
2763 3659 3031 3728 τιμωρίας
3055 3659 3116 3711 τὸ
3143 3659 3392 3727 μέγεθος,
3435 3657 3572 3711 ἀλλὰ
3604 3655 3697 3709 καὶ

455 3749 729 3812 occulunt,
765 3753 858 3803 sed
892 3751 1010 3805 solo
1045 3754 1281 3821 suspirio
1309 3752 1609 3808 cruciatum
1659 3754 2023 3819 subindicaut,

454 3836 529 3890 illi
602 3839 994 3895 intolerabilem
1060 3845 1411 3913 experiuntur
1469 3844 1594 3899 mali
1666 3845 2021 3909 iuvasiouem,

451 3931 650 3998 quippe
675 3947 794 3999 quae
817 3934 883 3987 ad
912 3934 1252 3988 sanationem
1309 3951 1415 3989 non
1450 3934 1691 3999 inclinet,
1723 3936 1815 3989 sed
1843 3936 2023 4003 potius

2122 3752 2215 3804 τοῦ
2235 3751 2387 3812 δέους
2411 3749 2506 3820 τὴν
2534 3749 2855 3819 ὑπερϐολὴν,
2884 3749 2996 3816 εἴγε
3024 3749 3158 3819 μηδὲ
3180 3749 3375 3818 έκῦοᾷν
3387 3748 3692 3818 τολμῶμεν,

2121 3840 2218 3910 τῆς
2249 3840 2487 3909 ὑποψίας
2509 3840 2597 3892 ἀεὶ
2626 3841 2724 3909 τὴν
2753 3839 2941 3908 ἔφοδον
2970 3839 3081 3891 τῶν
3110 3838 3385 3909 πολεμίων
3412 3839 3691 3908 ὀνειροπο-

2118 3932 2337 4002 λούσης,
2367 3934 2432 4002 τῇ
2463 3931 2686 4002 τοιαύτῃ
2717 3931 2883 3983 είκόνι
2920 3932 3210 4001 ἐχρήσατο.

452 4020 518 4073 ad
564 4032 906 4086 augmentum
937 4033 991 4077 et
1017 4025 1376 4078 intensiouem
1411 4034 1637 4091 spectet.
1682 4024 1815 4077 Cum
1882 4024 2046 4093 igitur
2123 4020 2541 4089 magnitudinem
2599 4020 2760 4073 vellet
2816 4020 3057 4074 iudicare
3102 4018 3369 4088 supplicii,
3412 4030 3586 4085 neque
3634 4012 3689 4067 id

450 4110 620 4165 solum
678 4127 865 4167 verum
906 4096 1069 4166 etiam
1122 4114 1660 4168 vehementissimam
1712 4094 1776 4168 ἐι
1836 4115 2157 4168 acerrimum
2198 4122 2423 4175 metum,
2484 4111 2747 4179 siquidem
2794 4125 2968 4179 neque
3031 4109 3339 4165 exclamare
3408 4109 3694 4183 audemus.

448 4202 753 4268 suspicione
782 4217 994 4271 semper
1034 4204 1283 4257 hostilem
1328 4203 1741 4271 impressionem
1811 4205 1955 4259 velut
1983 4205 2036 4257 in
2074 4219 2265 4259 somno
2323 4203 2709 4257 obversantem
2766 4217 2830 4256 ac
2883 4210 3325 4271 repraesentatam
3402 4199 3692 4269 cogitante.

449 4296 682 4365 imagine
706 4296 965 4364 ejusmodi
995 4313 1125 4352 usus
1153 4307 1254 4351 est.

758 4388 898 4442 CXI.
916 4419 987 4427 ——
1004 4389 1351 4445 LAMPETIO
1379 4389 1696 4446 DIACONO.

626 4476 755 4532 Cum
786 4478 1033 4533 obtulerit
1056 4496 1243 4534 munus
1267 4491 1412 4534 tuum
1438 4482 1506 4535 ad
1533 4483 1705 4534 altare
1722 4481 1787 4534 ’⁸.
1818 4501 1836 4532 ι

516 4658 763 4715 Maximae
786 4674 929 4715 cura:
958 4670 1084 4715 sunt
1112 4658 1219 4715 Deo
1276 4659 1452 4715 Verbo
1481 4661 1759 4714 hominum
1787 4662 1928 4713 inter
1953 4675 2014 4714 se

2393 4387 2543 4443 PlA’.
2589 4417 2660 4429 -—
2690 4387 3048 4455 ΛΑΜΠΕΤῙῼ
3084 4383 3411 4455 ΔΙΔΚΟΝῼ.

2130 4499 2149 4530 ι
2199 4477 2342 4531 Ἐὰν
2384 4478 2731 4545 προσφέρῃς
2768 4477 2841 4559 τὸ,
2867 4473 3060 4541 δῶρόν
3107 4490 3224 4527 σου
3256 4473 3355 4525 ἐπὶ
3384 4472 3449 4525 to
3479 4475 3691 4526 θυσιαο

2728 4560 2997 4611 amator.
3039 4562 3062 4594 ι

2194 4658 2463 4727 Μέγιστον
2493 4657 2604 4729 (Si)
2649 4656 2728 4726 τῷ
2771 4654 2891 4726 Θεῷ
2939 4654 3097 4725 Λόγῳ
3145 4656 3174 4708 ὁ
3226 4654 3355 4724 περὶ
3396 4651 3507 4706 τῶν
3554 4649 3691 4721 πρὶς

514 4815 561 4850 ⁸⁸
590 4816 728 4871 Gen.
756 4831 865 4881 xvr,
893 4815 950 4870 2.
1014 4816 1060 4848 ⁸⁷
1095 4815 1293 4869 Ezech.
1325 4829 1423 4878 vn,
1454 4815 1541 4868 16.
1624 4814 1671 4845 9³
1702 4812 1891 4868 Matth.
1955 4828 2009 4876 v,
2037 4811 2129 4866 25.

1570 4967 1799 5024 VARIAE
1837 4967 2219 5024 LECTIONES
2256 4966 2344 5022 ET
2378 4963 2611 5021 ΝΟἸῈ.

517 5129 633 5201 (47)
696 5130 801 5184 Pro
853 5130 1163 5198 ἐφάψασθαι
1212 5129 1349 5184 idem
1404 5129 1523 5182 cod.
1567 5129 1752 5182 scribit
1797 5130 2011 5197 ὲπαφᾶο

445 5198 588 5255 σθαι.
609 5198 824 5255 Possm.

514 5272 623 5341 (58)
654 5272 755 5323 Pro
772 5271 883 5341 _his,
908 5270 1002 5323 καὶ
1028 5270 1119 5322 ἐπὶ
1164 5269 1293 5334 τῶν,
1329 5269 1468 5323 idem
1494 5270 1614 5323 cod.
1644 5268 1815 5322 solum
1850 5268 2011 5322 habet

440 5341 579 5391 κάπὶ
598 5339 727 5392 τῶν.
771 5339 846 5391 In.

514 5410 624 5479 (49)
655 5408 769 5461 Non
800 5409 971 5462 solum
1007 5408 1188 5475 igitur,
1221 5417 1277 5462 ut
1303 5407 1378 5459 ait
1409 5406 1588 5467 0vid.,

590 5541 847 5609 Expletur
874 5542 1119 5609 lacrgmis
1154 5544 1479 5611 egeriturque
1505 5541 1678 5607 dolor,

2119 5126 2212 5179 sed
2242 5125 2403 5179 etiam
2432 5119 2671 5190 querulis
2705 5118 3103 5190 narrationibus
3143 5119 3195 5171 in
3244 5117 3489 5190 aliorum,
3511 5117 3683 5190 sinam

2118 5188 2465 5247 cxoueratur.
2520 5190 2719 5243 Confer
2755 5191 2927 5240 locum
2961 5188 3192 5241 simiietn
3239 5190 3378 5256 apud
3428 5188 3686 5241 Isidorutn

2120 5272 2359 5317 nostrum
2404 5260 2493 5313 lib.
2533 5275 2595 5312 ιη
2630 5274 2714 5324 ep.
2744 5261 2795 5311 8.
2833 5258 2990 5310 lit'r'r.

2188 5332 2298 5399 (50)
2354 5323 2745 5410 Bo_zr.idusroc.
2791 5324 3457 5410 Pustﬁoulo'psvoaputo
3489 5323 3685 5378 adden-

2115 5396 2443 5467 dum,'quod
2490 5400 2542 5467 in
2590 5413 2690 5449 ms.
2741 5396 3363 5467 omittitur,_o}'a_pov6v.
3393 5396 3499 5467 rlu.

2190 5469 2301 5538 (51)
2322 5462 2438 5521 Ῥνο
2458 5466 2708 5538 μέγιστον
2733 5465 2850 5538 cod.
2880 5462 3008 5538 Vat;
3028 5463 3130 5515 650
3156 5464 3309 5520 habet
3337 5466 3609 5535 μέγιστος,
3630 5468 3683 5515 et

2118 5532 2340 5595 vers.'2
2368 5532 2489 5591 ante
2518 5535 2673 5603 λόγος
2703 5534 2850 5588 addit
2875 5535 2924 5586 ό.
2973 5532 3185 5587 Possm.
