4042 6146
340 256 472 319 1177

1194 264 1730 326 EPISTOLABUM
1769 271 1915 331 LIB.
1957 273 2034 330 IV
2114 299 2181 309 -η
2214 275 2448 334 EPIST.
2488 276 2667 339 CXII.

3431 276 3560 335 1178

336 367 598 436 ἀλλήλους
652 366 1005 434 καταλλαγίῖη
1053 366 1229 436 λόγος.
1278 371 1337 426 ’0
1365 372 1473 442 γὰρ
1514 374 1800 440 διαλλάξας
1833 379 1900 431 τὰ

2018 382 2488 437 econciliationes.
2514 382 2645 435 Nam
2690 381 2830 435 idem
2858 381 2967 443 ille,
2992 381 3091 447 ttn'r
3113 380 3406 435 emicatium
3438 392 3558 434 cum

338 455 566 527 οὐράνια
592 458 705 517 τοῖς
728 456 1005 522 ἐπιγείοις,
1034 452 1187 522 οὗτος
1220 462 1317 513 καὶ
1357 461 1454 523 τὰς
1498 464 1696 534 ἑχθρας
1722 484 1901 536 παρα-

336 544 478 606 λύει,
517 547 654 615 μήτε
695 546 856 614 φῦναι
893 548 1210 619 συγχωρῶν,
1250 552 1344 604 καὶ
1381 552 1759 625 βλαπησάσας
1796 558 1905 610 ἀπὸ

337 634 448 684 τῶν
476 632 644 702 ριᾷῶν
689 634 856 697 αὐτὰς
887 637 1227 690 κατασείων
1275 640 1424 707 λέγει
1451 642 1548 710 μὲν
1585 646 1722 713 γάρ’
1758 664 1777 695 t
1812 646 1904 716 Μὴ

338 722 558 789 ὀργίζου
586 722 663 790 τῷ
689 722 903 793 ἀδελφῷ
926 741 1019 778 σου
1062 727 1206 796 εἰκῆ.
1251 747 1270 780 ι
1314 729 1531 802 Ἐπειδὴ
1562 732 1617 785 δὲ
1645 730 1753 786 οἶδε
1806 736 1904 805 τὴν

340 811 689 881 ἀνθρωπίνην
718 813 1001 868 ἀσθένειαν
1045 814 1450 871 ὀλισθαίνουσαν
1474 820 1607 890 (52),
1642 822 1734 874 καὶ
1768 824 1905 891 μετά

338 905 403 956 τὸ
434 904 685 970 γενέσθαι
717 906 922 963 διαλύει
962 907 1072 978 (55)
1130 909 1229 972 τὰς
1265 911 1440 980 ῥίζας,
1490 915 1669 968 καὶτὸ
1709 918 1905 971 οἰκεῖον

340 995 513 1065 δῶρον
539 996 721 1066 μένειν
758 998 1043 1052 ἀτέλεστον
1067 1000 1334 1069 ἀνέχεται,
1368 1002 1475 1065 ἓως
1509 1006 1575 1058 ἂν
1606 1006 1742 1077 πρὸς
1780 1009 1908 1059 satu-

344 1090 473 1150 τοὺς
498 1088 879 1159 σπεισώμεθα·
906 1091 1019 1160 ἔχει
1055 1092 1155 1161 μὲν
1176 1088 1267 1146 οὖν
1302 1094 1711 1166 φιλανθρωπίαν
1742 1100 1906 1169 ἀκρο-

343 1178 518 1248 τάτην
550 1178 611 1232 τδ
641 1179 863 1249 λεχθένο
894 1183 995 1235 οὐκ
1048 1185 1269 1255 ἀμοιρεῖ
1296 1186 1351 1238 δὲ
1392 1187 1486 1239 καὶ
1532 1187 1791 1258 λογισμοῦ
1824 1190 1905 1242 δι-

347 1268 525 1322 καίου.
556 1270 629 1323 Σὺ
664 1271 761 1340 μὲν
788 1271 916 1341 γὰρ,
943 1274 1096 1344 φησὶ,
1120 1275 1524 1345 φιλανθρωπίαν
1554 1278 1735 1347 ζητεῖς
1756 1296 1770 1309 ο
1789 1279 1906 1332 ἀλλ’

343 1359 374 1408 ὁ
400 1357 720 1428 ἠδικημένος
775 1360 1073 1430 ἐκδίκησιν.
1123 1363 1195 1415 Σὺ
1248 1362 1345 1431 μὲν
1384 1362 1568 1426 καλεῖς
1613 1364 1724 1434 (54)
1753 1365 1909 1436 ἐλεή-

351 1465 485 1516 μονα
509 1466 521 1479 ·
554 1449 669 1500 ἀλλ’
712 1450 917 1512 ἐκεῖνος
958 1451 1185 1505 δίκαιον.
1232 1454 1303 1504 Σὺ
1347 1453 1676 1523 συγγνώμην
1715 1456 1905 1520 αίτεῖς,

347 1537 462 1589 ἀλλ’
493 1538 700 1601 ἐκεῖνος
735 1538 810 1608 μὴ
841 1539 1125 1610 βοηθηθεὶς
1152 1542 1411 1614 καταὸοᾷ.
1442 1543 1658 1597 Παῦσον
1704 1547 1908 1601 ἐκεῖνον

348 1624 571 1689 δικαίως
619 1628 993 1692 καταδοῶντα,
1024 1631 1119 1683 καὶ
1146 1631 1246 1684 οὐκ
1283 1633 1609 1702 ἁμοιρήσεις
1637 1633 1733 1703 τῆς
1768 1636 1909 1705 ἐμῆς

2012 470 2358 525 terrestribus
2380 472 2609 540 gratiam
2637 470 3042 538 redintegravit,
3074 470 3193 523 odia
3225 483 3439 537 quoque
3462 470 3561 522 ho—

2010 558 2211 613 minuat
2236 562 2699 630 dissolvit,neque
2741 562 2920 616 enasci
2979 575 3043 614 ea
3087 563 3422 630 permittens,
3455 562 3556 614 etsi

2010 646 2150 701 forte
2176 650 2619 718 germinaverint,
2644 650 2907 705 radicitus
2932 651 3021 704 illa
3054 650 3370 704 concutiens
3401 659 3566 717 atque

2009 736 2259 791 evelleus.
2291 738 2377 790 Ait
2405 739 2547 793 enim
2583 756 2597 792 :
2635 757 2655 791 ι
2691 738 2807 792 Noli
2858 739 3017 792 irasci
3060 738 3215 791 fratri
3243 748 3335 791 tuo
3397 746 3561 792 teme-

2010 840 2069 879 re
2092 826 2182 881 '3'.
2220 845 2240 877 ι
2270 826 2402 893 Quia
2429 843 2556 882 vero
2584 829 2748 896 probe
2770 831 3037 899 cognitam
3063 828 3218 882 habet
3275 830 3567 881 humanam

2012 914 2398 979 infirmitatem,
2427 933 2545 985 qua:
2568 918 2668 971 levi
2696 928 2967 973 momento
2994 919 3058 970 ad
3085 918 3285 985 lapsum
3319 917 3554 985 impelli-

2012 1011 2118 1067 tur,
2146 1003 2306 1056 etiam
2331 1005 2533 1058 exortis
2558 1005 2855 1060 inimicitiis
2889 1005 3133 1059 dissolvit
3189 1020 3373 1058 earum
3407 1006 3556 1058 radi-

2010 1105 2121 1156 ces,
2150 1093 2387 1161 adeoque
2406 1095 2677 1162 proprium
2708 1111 2899 1150 munus
2945 1095 3314 1164 imperfectum
3342 1110 3565 1150 manere

2010 1195 2163 1248 aequo
2188 1183 2366 1237 animo
2392 1186 2512 1248 fert,
2540 1184 2716 1251 quoad
2749 1200 2916 1253 usque
2942 1186 3082 1239 inter
3110 1199 3210 1238 nos
3242 1185 3296 1238 in
3335 1198 3565 1239 concor-

2014 1269 2156 1322 diam
2192 1274 2494 1327 redeamus.
2527 1272 2658 1326 Cum
2710 1273 2873 1340 igitur
2916 1274 2966 1327 id
3006 1274 3147 1341 quod
3206 1272 3409 1327 dictum
3459 1282 3562 1337 est,

2014 1375 2278 1414 summam
2335 1361 2388 1415 in
2448 1377 2509 1417 se
2565 1364 2953 1417 humanitatem
2990 1365 3421 1433 complectatur:
3457 1376 3564 1417 tmn

2013 1451 2172 1504 etiam
2203 1453 2564 1521 rationejusta
2597 1469 2699 1507 non
2732 1454 3060 1509 destituitur.
3088 1455 3219 1509 Nam
3243 1466 3295 1508 tu
3330 1457 3567 1523 quidem,

2014 1542 2208 1608 inquit,
2228 1542 2608 1598 humanitatem
2633 1544 3123 1611 benignitatemque
3150 1550 3290 1612 apud
3321 1559 3404 1598 tne
3422 1560 3569 1612 quae.-

2015 1632 2120 1692 ris;
2156 1640 2210 1684 at
2240 1632 2286 1685 is
2321 1632 2409 1699 qui
2438 1634 2535 1685 ahs
2569 1642 2619 1686 te
2668 1631 2861 1699 injuria
2917 1631 3142 1686 allectus
3186 1642 3290 1695 eat,
3313 1633 3571 1686 ultionem

350 1716 635 1785 εὐμενείας
655 1734 668 1748 ·
692 1717 970 1784 διάλλαξον
989 1721 1169 1789 σαυτῷ
1189 1721 1280 1773 τὸν
1305 1721 1648 1792 ἀδικηθέντα,
1681 1727 1773 1778 καὶ
1786 1727 1907 1779 τότε

2018 1720 2200 1789 poscit.
2230 1719 2309 1773 Tu
2334 1720 2547 1788 quidem
2594 1714 2998 1774 misericordem
3030 1735 3113 1772 me
3144 1734 3304 1774 vocas
3339 1737 3352 1772 :
3391 1728 3446 1772 at
3476 1720 3568 1773 ille

354 1804 457 1874 ἐμὲ
522 1803 874 1876 διαλλαγῆναί
923 1824 1006 1861 σοι
1066 1808 1433 1878 ἁντιϐόλησον.
1482 1812 1557 1864 Οὐ
1616 1813 1913 1881 πιπράσκω

353 1892 511 1963 δώρῳ
558 1893 842 1966 ἀλλοτρίας
872 1897 1205 1967 ἐκδικήσεως
1250 1898 1474 1953 δίκαιον.
1503 1901 1575 1952 Οὐ
1618 1902 1820 1955 νοθεύω
1853 1902 1914 1955 τὸ

356 1982 651 2037 ἀδέκαστον
701 1986 979 2056 κριτήριον
1025 1987 1178 2054 (55)·
1228 1989 1288 2041 οὐ
1338 1990 1667 2060 μεταδίδωμί
1720 2009 1802 2044 σοι
1839 1992 1916 2063 τῷ

356 2069 674 2140 ἀδικήσαντι
712 2073 809 2142 τῆς
860 2074 971 2143 (56)
1003 2074 1307 2144 εὐμενείας,
1335 2077 1439 2139 ἕως
1489 2077 1555 2130 ἂν
1583 2081 1611 2131 ὁ
1642 2079 1919 2149 ἀδικηθεὶς

356 2156 722 2230 ὀλοφύρηται·
771 2163 947 2215 ἐκεῖνὸ
1002 2181 1083 2216 σοι
1137 2164 1443 2236 δωροῦμαι,
1489 2167 1550 2219 οὐ
1598 2171 1790 2239 μικρὸν
1833 2171 1914 2237 ὃν,

357 2249 492 2303 ἀλλά
526 2252 621 2303 καὶ
654 2252 845 2323 κομιδῇ
879 2253 1133 2322 μέγιστον
1156 2271 1170 2285 °
1200 2255 1531 2326 ὐπερτίθημι
1556 2258 1655 2327 τὴν
1686 2260 1917 2326 διάγνω-

360 2355 479 2392 (ιίν⁶
518 2343 619 2394 οὐκ
649 2343 866 2413 ἐκφέρω
892 2344 1053 2407 εὐθὺς
1083 2345 1341 2413 αὐτοτελῆ
1374 2348 1669 2416 ἀπόφασιν.
1715 2351 1917 2422 Δίδωμί

359 2444 447 2480 σοι
476 2430 665 2501 καιρὸν
693 2432 1129 2501 ἀπολογήσασθαι
1159 2434 1238 2503 τῷ
1260 2435 1588 2504 ἀδικηθέντι.

2013 1813 2235 1879 justum.
2273 1808 2350 1863 Tu
2389 1811 2595 1864 veniam
2624 1809 2861 1879 postulas
2899 1826 2912 1862 :
2949 1817 3003 1862 at
3025 1809 3113 1862 ille
3146 1810 3382 1864 nandum
3414 1810 3566 1877 adjuo

2021 1913 2105 1955 tus
2134 1903 2408 1955 reclamat.
2437 1901 2749 1970 Tranquilla
2785 1901 2935 1953 illum
2989 1902 3081 1970 qui
3119 1900 3263 1967 justo
3316 1900 3574 1962 reclamat

2021 1991 2130 2062 (ne
2170 1993 2262 2046 tibi
2286 1993 2497 2046 veniant
2530 1990 2880 2058 concedam),
2904 1999 2959 2044 et
3015 2000 3140 2044 tunc
3194 2005 3310 2044 mea
3343 1989 3435 2042 tibi
3466 2004 3571 2044 non

2014 2082 2186 2136 deerit
2218 2082 2606 2137 benevolentia.
2629 2081 2934 2135 Reconcilia
2964 2081 3114 2149 prius
3146 2080 3238 2133 tibi
3268 2094 3392 2133 eum
3411 2094 3569 2145 quem

2015 2171 2196 2226 laesisti
2227 2188 2245 2237 ;
2274 2180 2328 2226 et
2362 2183 2487 2225 tunc
2523 2171 2676 2234 mihi,
2708 2181 2762 2223 ut
2798 2170 2891 2223 tihi
2945 2168 3281 2230 reconcilier,
3308 2168 3569 2235 snpplica.

2013 2260 2127 2315 Non
2152 2264 2322 2316 vendo
2362 2260 2691 2326 munercjus
2718 2261 2906 2314 alienae
2957 2260 3177 2313 ultionis
3210 2277 3223 2311 :
3260 2274 3365 2311 non
3421 2257 3575 2309 adul-

2015 2361 2133 2407 tero
2184 2353 2549 2421 incorruptum
2579 2352 2840 2418 judicium
2891 2365 3065 2404 meum
3099 2368 3112 2402 :
3149 2366 3251 2401 non
3306 2349 3446 2401 facio
3500 2357 3574 2411 te,

2013 2444 2103 2510 qui
2141 2442 2364 2497 alterum
2393 2442 2583 2510 injuria
2616 2440 2865 2504 all'ecisti,
2923 2454 3053 2493 rue-.2
3096 2439 3404 2507 participem
3457 2454 3581 2504 gra-

360 2518 471 2581 liae,
503 2534 662 2587 quam
685 2519 997 2586 diuinjuria
1037 2520 1283 2588 aﬂ'ectus,
1318 2524 1444 2576 mihi
1492 2524 1562 2579 de
1632 2534 1682 2579 te
1744 2529 2112 2595 conqueritur.
2169 2529 2302 2584 Illud
2353 2530 2446 2583 tibi
2508 2528 2727 2600 largior,
2794 2531 2937 2596 quod
2994 2529 3206 2596 quidem
3262 2529 3577 2596 neutiquam

356 2608 632 2677 exiguum,
667 2611 759 2664 sed
820 2610 973 2679 longe
1020 2612 1308 2665 maximum
1333 2622 1417 2667 est
1447 2631 1462 2668 :
1492 2614 1698 2681 protelp
1731 2630 1907 2669 causa:
1945 2618 2380 2683 dijudicationem
2414 2637 2427 2673 :
2462 2635 2566 2672 non
2632 2619 2815 2673 statim
2868 2619 3153 2685 perfectam
3206 2630 3268 2670 ac
3339 2617 3577 2671 definiti-

356 2712 481 2750 vam
536 2697 824 2765 pronuntio
865 2699 1213 2752 sententiam.
1249 2697 1495 2756 Concedo
1533 2702 1624 2755 tibi
1653 2703 1882 2772 spatium
1921 2707 1988 2759 ad
2016 2707 2452 2763 satisfaciendum
2484 2708 2532 2760 ei
2564 2723 2723 2775 quem
2762 2707 2958 2775 injuria
2995 2703 3237 2759 affecisti.

869 2787 1011 2840 PIB'.
1046 2817 1117 2828 —
1147 2789 1392 2841 ΩΡΙΩΝῙ.

353 2877 609 2951 Περὶῌῼι)
652 2877 997 2951 συντάξεως
1041 2879 1154 2951 τοῦΔ
1187 2880 1593 2935 ἀποστολικοῦ
1614 2882 1880 2950 ῥήματος
1899 2923 1916 2951 ,

495 2946 639 2999 ἔνθα
669 2947 821 3014 φησι
840 2962 854 2976 ο
892 2965 910 2996 ι
948 2948 1311 3001 κωλυόντων
1340 2951 1549 3017 ταμεῖν
1579 2946 1715 3020 (57).
1751 2970 1771 3003 ›

440 3037 685 3105 Ἐπειδὴ,
714 3037 766 3089 τί
792 3039 907 3089 ἐστι
945 3038 1004 3091 τὸ
1032 3040 1320 3108 είρημένον
1348 3040 1425 3109 τῷ
1465 3041 1691 3110 Παύλῳ,
1735 3061 1753 3093 ι
1794 3044 1919 3094 Κωσ-

353 3127 588 3180 λυόντων
627 3130 855 3196 γαμεῖν·
904 3128 997 3182 καὶ
1025 3128 1320 3198 ἀπέχεσθαι
1358 3130 1696 3200 βρωμάτων,
1740 3151 1759 3183 ι
1789 3131 1918 3202 ήθέ-

2441 2796 2603 2867 473
2631 2794 2786 2851 CXII.
2815 2825 2883 2835 -—
2909 2794 3162 2850 OlilOA'l.

2022 2888 2100 2943 De
2130 2889 2515 2942 constructione
2553 2886 2827 2951 apostolici
2853 2887 2999 2950 dicti,
3028 2887 3114 2937 ubi
3153 2887 3230 2936 ait
3263 2899 3282 2937 :
3316 2903 3336 2935 ι
3384 2885 3580 2939 Prohi-

2233 2959 2458 3010 bentium
2490 2956 2878 3008 matrimonium
2894 2956 3194 3007 contra/tere
3215 2956 3324 3012 ον’,
3350 2971 3368 3005 ι

2097 3046 2357 3112 Quoniam
2377 3046 2503 3114 quid
2528 3045 2597 3098 sit
2613 3044 2749 3112 quod
2770 3046 2907 3111 apud
2924 3044 3143 3096 Paulum
3167 3044 3424 3109 dicitur,‘i
3446 3038 3585 3097 Pro-

2028 3137 2323 3193 bibentium
2367 3136 2589 3199 nubere,
2623 3143 2678 3189 et
2733 3134 3005 3188 abstinere
3050 3148 3081 3186 a
3109 3134 3262 3199 cibis,
3304 3152 3324 3184 ι
3376 3133 3587 3188 discere

354 3217 525 3288 λησας
562 3218 751 3286 μαθεῖν
775 3257 789 3281 ,
840 3218 969 3283 ῐσθι,
1010 3220 1091 3272 ὅτι
1119 3220 1262 3282 τινὲς
1309 3221 1435 3290 μὲν,
1469 3223 1913 3293 προσποιούμενοι

2026 3226 2264 3287 voluisti,
2300 3226 2441 3279 scire
2466 3225 2628 3278 debes
2667 3223 2925 3292 quosdam
2954 3223 3269 3278 simulantes
3294 3237 3354 3277 se
3376 3223 3588 3276 nescire

354 3311 570 3376 ἀγνοεῖν
601 3311 682 3361 ὅτι
706 3310 947 3379 χάρισμα
974 3309 1228 3377 γνώσεως
1254 3312 1345 3363 καὶ
1372 3312 1561 3381 σοφίας
1582 3313 1797 3384 εἴληφε,
1833 3315 1913 3366 καΊ

2022 3315 2162 3383 quod
2190 3314 2387 3368 donum
2410 3314 2656 3367 scientia:
2677 3320 2728 3366 et
2752 3312 3027 3381 sapientia:
3056 3319 3395 3375 consecutus,
3418 3313 3590 3379 quod-

354 3401 441 3452 ὃτι
487 3399 689 3469 Ἐρμῆς
722 3399 857 3453 εἶναι
909 3402 1202 3472 ἐνομίσθη,
1240 3403 1372 3470 φασὶ
1405 3403 1478 3474 μὴ
1521 3404 1913 3475 κεκρατηκέναι

2026 3420 2130 3474 que
2158 3406 2225 3459 ob
2249 3405 2301 3458 id
2323 3405 2482 3458 etiam
2503 3405 2801 3458 Mercurius
2822 3404 3155 3457 existimatus
3182 3404 3251 3457 sit
3275 3402 3585 3471 Apostolus,

354 3490 450 3543 τὸν
477 3489 793 3545 Ἀπόστολον
812 3492 912 3561 τῆς
944 3492 1211 3562 φράσεως,
1235 3494 1349 3546 ἀλλ’
1383 3497 1465 3557 εἰς
1496 3496 1804 3549 τούναντίον
1834 3513 1913 3548 πε·

2026 3495 2207 3549 dicere
2269 3510 2371 3548 non
2420 3509 2666 3549 servasse
2708 3509 2830 3548 eum
2864 3493 3114 3563 loquendi
3158 3494 3444 3557 rationem,
3492 3491 3590 3545 sed

362 3580 722 3651 ριενεχθῆναι.
760 3583 832 3635 Τὸ
856 3582 985 3653 γὰρ,
1032 3603 1050 3635 ι
1093 3585 1429 3639 κωλυόντων
1464 3589 1693 3656 γαμεῖν,
1733 3605 1752 3639 ι
1791 3586 1913 3640 κατέ

2029 3588 2082 3642 in
2124 3588 2451 3641 contrarium
2502 3586 2739 3640 delatum
2793 3598 2931 3640 esse.
2982 3586 3116 3639 Cum
3154 3583 3296 3637 enim
3338 3582 3588 3647 dixisset,

466 3714 746 3775 “'Malth.
780 3736 832 3786 ν,
869 3721 961 3776 22.
1030 3722 1158 3775 ¹⁹⁸⁶⁹Ι
1191 3722 1328 3776 Tim.
1361 3737 1432 3789 tv,
1458 3725 1514 3777 5.

1468 3834 1703 3888 VARIIE
1743 3832 2127 3889 LECTIONES
2161 3831 2251 3885 ET
2287 3829 2518 3885 ΝΟΤᾸΞ.

434 3981 714 4052 (52)(ίΤὴκ
744 3982 1123 4049 ἀνθρωπίνην
1173 3983 1489 4037 ἀσθένειαν
1544 3981 1925 4052 ὀλισθαίνου-

363 4049 643 4122 dcta-{Sic
687 4051 1123 4122 Qltrysostomus,
1165 4054 1395 4122 πρᾶγμα
1441 4052 1713 4105 εὐόλισθον
1758 4049 1918 4118 φύσει

363 4120 665 4188 ἅνθρωπος.
709 4119 869 4173 Rt'r'r.

439 4188 549 4258 (55)
595 4188 809 4240 Διαλύει
860 4198 1026 4242 mutat
1071 4189 1209 4242 idem
1250 4190 1371 4242 cod.
1416 4189 1466 4241 in
1501 4188 1843 4258 διασαλεύει,
1874 4197 1929 4242 et

364 4257 511 4327 vers.
536 4266 658 4327 post
692 4258 871 4327 tertio,
901 4258 1206 4327 ἀκροτάτην
1238 4260 1288 4311 in
1320 4257 1576 4327 ἄκρατον.
1606 4257 1813 4311 Possm.

441 4277 511 4310 I'S.
543 4277 658 4323 P031
692 4277 871 4319 lerllo,
901 4277 1135 4326 ακροτατ
1179 4277 1206 4309 ν
1238 4277 1288 4311 Ill
1320 4277 1576 4327 ακρατον.
1606 4277 1813 4311 I’USSIN.

440 4324 551 4395 (54)
580 4325 663 4377 Σὺ
701 4325 818 4392 μὲν
854 4327 1076 4395 καλεῖς.
1125 4277 1346 4381 ᾂὶἀοιιιι·
1382 4330 1568 4381 deesse
1606 4343 1694 4395 με,
1726 4334 1816 4379 aut
1850 4324 1927 4378 ita

364 4394 466 4462 pro
536 4395 591 4447 ἐν
625 4397 1006 4461 reponendum.
1043 4394 1205 4449 Rt'r'r.
1612 4394 1615 4395 ⁷

429 4412 549 4532 ,(55)
585 4464 680 4532 Oi:
703 4465 926 4516 νοθεύω
966 4464 1030 4517 τὸ
1073 4461 1757 4532 ἀδεκὰστῳγάδέκαστον
1800 4477 1922 4528 κρι-

365 4529 592 4601 τήριον.
641 4529 791 4583 Fort.
824 4533 1034 4601 legend.
1065 4534 1124 4584 οὐ
1161 4549 1210 4585 ν.
1239 4531 1487 4601 τηάδίκῳ
1525 4530 1585 4583 τὸ
1631 4531 1922 4583 ἀδέκαστον

364 4616 459 4668 κρ.
496 4600 567 4651 Ita
599 4610 747 4668 certe
789 4600 980 4655 senSus
1017 4602 1267 4668 postulat.
1295 4600 1503 4654 Possm.

366 4667 744 4787 ἐρειφιιιιιεῐ
777 4669 874 4737 τῆς
918 4679 973 4723 et
1019 4667 1302 4738 εὐμενείας
1366 4670 1503 4722 idem
1556 4669 1676 4721 cod.
1730 4667 1922 4721 Inserit

404 4753 527 4787 unc.
583 4753 637 4787 ι).

404 4753 733 4873 “(Erizam
762 4804 1043 4873 epistolam
1075 4820 1180 4858 non
1206 4805 1338 4859 satis
1370 4806 1646 4858 commode
1678 4818 1776 4857 nec
1808 4803 1928 4858 sine

370 4871 686 4940 difficultate
711 4871 898 4940 magna
922 4874 1169 4927 Latinam
1193 4874 1258 4925 ab
1288 4874 1576 4940 interprete
1608 4875 1719 4926 fieri
1745 4887 1923 4939 posse,

370 4938 527 4993 facile
575 4942 703 4994 mihi
752 4938 1095 5006 aSsentietur,
1140 4941 1233 5008 qui
1291 4938 1459 4994 velata
1507 4942 1773 5009 paulisper
1808 4956 1926 4993 mea

372 5009 615 5064 versione
652 5012 874 5064 tentarit
919 5025 1111 5064 novam
1144 5026 1209 5065 ac
1247 5008 1541 5078 pr0priatn.
1584 5011 1759 5064 Causa
1790 5008 1930 5063 dilli-

2023 3982 2234 4035 eultatis
2262 3991 2313 4035 et
2336 3979 2770 4048 confragositatis
2803 3992 2908 4031 non
2944 3991 3043 4029 una
3076 3986 3179 4048 est,
3222 3992 3382 4045 quam
3409 3977 3590 4045 quivis

2023 4051 2192 4105 lector
2228 4051 2438 4102 facilius
2488 4047 2601 4114 ipse
2646 4061 2742 4115 per
2772 4063 2831 4101 se
2876 4047 3259 4115 deprehendet,
3294 4062 3452 4114 quam
3489 4062 3595 4115 ego

2023 4134 2245 4175 necesse
2289 4120 2511 4171 habeant
2546 4114 2786 4185 pluribus
2835 4131 3123 4183 exponere.
3172 4114 3246 4167 Ea
3285 4131 3369 4168 me
3406 4131 3433 4167 ει
3468 4114 3595 4167 ν’θΓ-ι

2025 4190 2184 4242 tendo
2211 4203 2345 4254 pene
2384 4190 2763 4239 deterruerat:
2796 4196 2944 4238 certe
2981 4184 3396 4254 atl_extretnum
3453 4186 3598 4254 hanc-

2024 4251 2289 4310 rcservari
2322 4256 2504 4323 jussit,
2550 4272 2613 4305 ne
2645 4256 2818 4307 dicam
2843 4253 3037 4321 coegit.
3069 4251 3297 4323 Tetttavi
3341 4262 3451 4305 tum
3494 4252 3597 4304 alia

2033 4327 2181 4392 quid.
2216 4322 2335 4379 Sed
2354 4339 2437 4377 me
2470 4324 2667 4390 ubique
2707 4337 2924 4376 sensum
2973 4322 3254 4392 scriptoris
3284 4333 3597 4375 assecutum

2034 4390 2172 4456 esse,
2205 4393 2256 4446 id
2283 4408 2405 4447 vero
2434 4408 2536 4446 non
2572 4394 2748 4459 ausint
2786 4393 3004 4444 dicere:
3041 4390 3148 4442 imo
3172 4405 3367 4459 negare
3400 4404 3600 4457 propa-

2029 4462 2134 4514 lam
2168 4477 2269 4514 non
2305 4476 2513 4515 vereor.
2539 4458 2649 4513 Nec
2675 4470 2933 4528 praestare
2960 4459 3205 4528 lectionis
3230 4458 3594 4528 integritatem

2030 4532 2170 4591 volo,
2212 4530 2421 4584 tametsi
2457 4532 2701 4597 qu:edam
2734 4529 3061 4581 correxeritn
3096 4527 3463 4594 probabiliter.
3493 4527 3593 4597 _Do-

2028 4601 2229 4653 ctiores
2260 4600 2384 4652 dent
2438 4595 2679 4657 meliora,
2731 4609 2787 4651 et
2826 4598 3071 4663 inprimis
3105 4597 3389 4649 ostendant
3420 4595 3594 4663 nobis,

2023 4678 2133 4721 tum
2167 4683 2274 4736 quo
2301 4677 2458 4735 pacto
2492 4669 2638 4719 varia
2661 4666 2802 4718 dicta
2827 4660 3121 4732 Scriptum
3153 4664 3206 4736 in
3239 4665 3338 4715 hac
3367 4660 3596 4729 epistola

2021 4732 2349 4798 cohaereant,
2385 4748 2546 4803 atque
2582 4737 2647 4787 ad
2677 4749 2838 4786 unum
2866 4747 3085 4803 sc0pnm
3113 4732 3598 4803 refcranturttuut

2021 4807 2148 4874 quid
2177 4805 2276 4859 sibi
2306 4804 2359 4857 in
2382 4800 2804 4874 uniuscujusque
2828 4802 3148 4874 allegatione
3173 4808 3227 4851 et
3252 4800 3593 4874 expositione

2024 4864 2257 4927 l'sidorus
2288 4874 2435 4933 velit,
2467 4864 2627 4940 quod'
2643 4864 2890 4940 equidem
2927 4864 3029 4940 non
3057 4869 3253 4940 ultique
3282 4868 3458 4934 capio.
3482 4864 3596 4919 Cur

2025 4943 2168 4997 enim
2202 4942 2299 5012 τὴν
2334 4937 3085 5010 ἀμϐλύωπίανδιεδὶιιιιιιειιιἸ
3119 4937 3283 4989 ιιιττ.

446 5161 523 5232 (a)
561 5163 837 5218 Eruditam
874 5179 1005 5219 sane
1035 5175 1087 5218 et
1136 5164 1319 5218 utilem
1374 5164 1543 5217 sancti
1574 5162 1765 5217 lsidori
1814 5161 2089 5230 epistolam
2141 5158 2289 5232 novis
2338 5155 2571 5224 adjicere
2619 5152 2819 5232 idcirco
2864 5146 3600 5232 placuit,(quoduinterptfs

367 5215 698 5291 Germanus.
712 5215 1218 5292 ’ééieiie'ru'dnus.
1246 5215 1338 5285 vel
1377 5215 1550 5300 ipsius
1573 5215 1932 5291 confessione,
1954 5244 2181 5300 sensum
2202 5215 2504 5300 tnlnus__'est
2553 5215 2998 5300 assecutusﬂitio
3035 5216 3224 5300 scripti
3250 5215 3601 5300 “expilatio-lis—

368 5284 662 5369 Bavaraci.
682 5284 827 5354 Nam
846 5284 1049 5355 insitis
1069 5284 1227 5354 "codd.
1257 5284 1423 5354 abbas
1450 5284 1633 5369 Billins
1666 5284 1777 5353 non
1804 5284 2017 5367 reperit.
2052 5297 2309 5369 Equidem
2338 5291 2651 5369 allaboravi,
2681 5287 3075 5369 Vaticanliucml.
3094 5300 3214 5353 ope,
3245 5293 3300 5335 ut
3333 5284 3437 5369 logi
3451 5297 3613 5369 nunc

369 5368 676 5439 et‘itttelligi
712 5371 901 5439 melius
924 5381 1087 5438 queat
1113 5370 1332 5439 epistola
1360 5385 1527 5423 sicne
1558 5368 1849 5439 Srriptura:
1865 5356 2202 5439 illustrandae
2242 5363 2547 5439 peridonea,
2585 5360 2829 5439 viamque
2860 5356 3005 5439 aliis,
3028 5356 3111 5439 his:
3133 5360 3615 5439 ,εοιιιιιιοιιειι-ιιιιὲτλ

371 5437 529 5508 Initio
558 5422 684 5491 vero
711 5422 956 5491 Paulum.
982 5422 1159 5508 Iconii'
1187 5422 1517 5492 Mercurium
1551 5422 1874 5508 eloquentia:
1909 5436 2076 5508 gratia
2098 5422 2438 5508 _appellatuttt
2470 5429 2648 5508 discas
2695 5422 2875 5508 Act-or.
2923 5438 3029 5508 ειν,
3092 5422 3179 5508 ll,
3212 5422 3617 5508 .cujt‘tszot'tluf

370 5490 811 5628 proxingaoepist.
832 5490 949 5561 7115
996 5490 1200 5562 Urania
1225 5490 1451 5561 diacono
1490 5490 1913 5561 missa'commen

374 5592 554 5628 οιεντιν
588 5594 616 5628 γ
654 5594 730 5628 αι.

2028 5512 2063 5557 I.
2096 5490 2200 5557 rio'
2225 5498 2643 5571 ¹περιενεχθῆναι
2688 5505 2805 5549 erat
2848 5495 2899 5546 in
2945 5491 3098 5545 llont.
3129 5490 3247 5545 cod.
3280 5490 3468 5557 script.
3501 5498 3616 5545 ’πε-Ι

372 5592 730 5649 ριενηνεχυαι.
