4042 6146
503 264 642 344 1183

1691 286 1752 344 S.
1796 283 2091 343 ISIDORI
2128 278 2557 342 PELUSIO'I‘JE

3592 257 3729 321 1154

497 396 559 440 ut
601 385 815 453 quidam
869 392 1078 452 putant,
1124 384 1215 438 sed
1258 384 1395 439 dixit
1444 390 1712 451 κατοικεῖ,
1770 398 1827 441 ιιι
1880 387 2060 441 ἱΗιιιΙι

2180 403 2285 453 ριος
2323 384 2577 453 βασιλεὺς
2618 373 2699 441 Et;
2737 379 2826 430 τὸν
2863 374 3052 428 αίῶνα.
3101 390 3120 424 ι
3172 368 3413 437 Ἐλέγχει
3451 365 3495 418 δ’
3529 365 3727 427 αὐτοὺς

498 476 813 534 Κατοικίζει
842 475 1058 543 στεῖραν
1092 475 1149 524 ὲν
1181 474 1337 544 οἴκῳ,
1375 475 1473 529 hoc
1503 487 1607 541 est,
1653 496 1672 528 ι
1713 476 1959 531 habitare
1989 474 2068 527 ta-

500 569 576 627 cit
604 567 839 635 ste'rilem
892 566 943 617 iu
978 566 1135 618 domo
1165 567 1204 618 ³.
1254 585 1273 618 ι
1324 568 1390 619 Ει
1435 570 1534 621 hoc
1569 587 1582 621 :
1632 569 1835 638 Κύριος
1878 584 2069 622 κατοι-

501 658 640 721 κίζει
671 655 1029 724 μονοτρόπους
1056 657 1113 706 ὲν
1142 655 1274 725 οἴκῳ
1310 672 1323 684 '
1360 659 1461 710 hoc
1491 666 1592 719 est,
1630 676 1647 708 ι
1693 659 1953 712 Dominus
1979 659 2067 710 in-

504 747 747 800 habitare
802 745 931 798 facit
982 748 1140 798 unius
1182 748 1351 799 moris
1403 747 1455 799 in
1509 751 1669 801 domo
1708 748 1749 800 ⁸.
1799 747 1933 809 ιΕι,
1966 748 2062 808 Σὺ,

505 835 697 906 Κύριε,
743 834 1051 902 καταμόνας
1088 836 1175 886 ἐπ’
1207 837 1382 888 ὲλπίδι
1422 836 1727 905 κατῴκισάς
1760 853 1828 905 με
1854 852 1868 867 ·
1921 837 2065 890 aliud

506 925 647 978 enim
674 934 755 977 est
800 924 1021 976 οἰκίσαι.
1076 924 1301 989 Qui-dam
1339 939 1466 977 vero
1507 926 1557 977 id
1586 924 1811 979 fortasse
1840 940 1944 978 non
1986 927 2067 977 iu-

508 1012 806 1081 telligeules
817 1015 1146 1081 scripserunt
1166 1013 1348 1083 πεσῇ,
1367 1014 1475 1067 Καὶ
1491 1014 1755 1067 καθιεῖται
1769 1014 1959 1084 κύριος
1979 1014 2070 1083 βα-

511 1102 690 1165 σιλεὺς
717 1106 797 1166 είς
823 1104 914 1156 τὸν
933 1102 1123 1166 αἰῶνα,
1149 1103 1248 1155 hoc
1270 1113 1355 1158 est
1379 1121 1392 1155 :
1422 1120 1439 1153 ι
1478 1103 1546 1157 Ει
1572 1105 1780 1157 sedebit
1816 1105 2069 1157 Domiqu

512 1208 608 1246 rex
646 1194 696 1245 in
720 1193 968 1246 saeculum
1000 1194 1042 1259 Ρ.
1085 1210 1104 1242 ι
1136 1191 1240 1245 Sed
1294 1192 1542 1245 refellunt
1571 1193 1716 1259 ipsos
1765 1193 2067 1246 acrosticlia

513 1283 626 1333 sive
648 1282 796 1333 initia
824 1296 1097 1344 versuum,
1122 1295 1240 1347 quae
1268 1295 1297 1333 a
1330 1282 1564 1335 dictione
1602 1282 1824 1351 Κύριος,
1853 1280 1957 1333 hoc
1988 1288 2071 1333 est

514 1373 797 1433 Dominus,
829 1374 1089 1441 incipiunt
1118 1390 1132 1426 :
1173 1392 1193 1424 ι
1232 1373 1489 1425 Dominus
1517 1388 1611 1425 rex
1644 1374 1693 1425 in
1732 1372 2005 1426 saeculum.
2048 1390 2066 1421 ι

513 1460 603 1525 Et,
629 1462 935 1531 «Inominus
952 1464 1201 1516 virtutem
1220 1462 1416 1530 populo
1437 1462 1603 1515 dabit.
1630 1462 1885 1515 Dominus
1906 1462 2070 1515 bene-

515 1552 653 1605 dicet
680 1551 927 1619 populum
953 1566 1109 1604 suum
1129 1552 1179 1604 in
1199 1566 1328 1620 pace
1350 1552 1391 1602 ⁸.
1426 1570 1444 1601 ι
1472 1551 1539 1604 Ει
1558 1554 1610 1603 iu
1632 1551 1867 1604 Canticis
1896 1550 2073 1604 canti-

515 1656 738 1696 corum:
774 1660 793 1693 ι
819 1641 1070 1710 Adjuravi
1091 1657 1203 1705 vos,
1226 1641 1344 1693 tiliae
1362 1640 1681 1702 Jerusalem,
1712 1642 1762 1694 in
1781 1640 2071 1692 virtutibus

2168 475 2238 527 τὰ
2271 475 2608 545 ἁκρόστιχα,
2653 470 2760 522 ἀπὸ
2798 465 2893 519 τοῦ
2933 466 3144 530 Κύριος
3179 460 3277 529 τὴν
3306 457 3480 526 ἀρχὴν
3515 455 3722 524 ἔχοντα.

2174 584 2193 617 ι
2228 566 2429 635 Κύριος
2471 562 2722 631 βασιλεὺς
2750 559 2829 619 είς
2856 555 2948 608 τὸν
2984 553 3173 607 αίῶνα.
3209 569 3228 602 ι
3263 549 3411 602 Καί·
3466 564 3485 596 ι
3531 545 3728 635 Κύριος

2173 633 2329 722 ἰσχὺν
2370 650 2446 717 τῷ
2488 648 2604 717 λαῷ
2644 645 2808 701 αὐτοῦ
2849 642 3031 696 δώσει.
3079 638 3281 707 Κύριος
3319 635 3604 704 εὐλογήσει
3639 633 3728 686 τὸν

2169 743 2292 795 λαὸν
2330 739 2494 794 αὐτοῦ
2529 741 2586 792 ὲν
2631 737 2841 806 εἰρήνῃ.
2906 752 2925 784 ι
2967 732 3077 784 Καὶ
3113 730 3192 790 είς
3224 727 3294 779 τὰ
3338 725 3595 801 ’ᾼσματα
3622 722 3729 775 τῶν

2166 830 2459 903 ᾀσμάτων·
2496 847 2515 880 ι
2556 828 2790 895 Ὥρκισα
2822 823 2985 892 ὑμᾶς,
3018 817 3314 886 θυγατέρες
3356 810 3729 903 Ἰερουσαλὴμ,

2166 900 2233 977 ἐν’
2250 924 2372 982 ταῖς
2403 918 2659 988 δυνάμεσι
2688 916 2781 969 καὶ
2809 916 2868 966 ἐν
2886 915 3004 973 ταῖς
3031 908 3271 979 ἰσχύσεσι
3304 904 3397 958 τοῦ
3418 901 3611 988 ἀγροῦ,
3637 900 3729 956 ἐὰν

2168 1010 2446 1082 ἐγείρεσθε
2488 984 2584 1060 καὶ
2610 1002 2950 1074 ἐξεγείρεσθε
2988 1001 3087 1067 τὴν
3117 996 3390 1066 ἀγάπησιν
3418 993 3522 1054 ἓως
3556 984 3621 1082 οὗΔ
3642 988 3729 1082 θε-

2170 1079 2327 1172 λήσει
2347 1117 2360 1132 ⁸
2395 1120 2413 1151 ι
2450 1098 2572 1152 ἀντὶ
2596 1095 2691 1148 τοῦ
2708 1137 2723 1161 ,
2753 1092 3106 1161 Συγχωρῆσαι
3132 1089 3231 1156 τὴν
3260 1086 3477 1153 ἀγάπην
3497 1083 3575 1144 είς
3599 1079 3729 1148 ὕψος

2168 1171 2261 1255 οὒς
2282 1192 2347 1244 ἂν
2375 1188 2663 1260 βουληθείη
2689 1184 3015 1251 ἀναπτῆναι.
3049 1180 3121 1231 Τὸ
3142 1178 3219 1239 δὲ,
3241 1176 3368 1237 ἐὰν,
3405 1173 3479 1243 μὴ
3508 1171 3727 1240 νοήσαν-

2167 1298 2259 1344 τες
2292 1282 2372 1333 ὅτι
2418 1274 2846 1347 συγχωρήσατε
2898 1271 3054 1335 ἐστὶ,
3102 1264 3483 1339 μετέγραψαν,
3530 1278 3550 1311 t
3606 1260 3733 1347 Ἐξν

2171 1370 2418 1439 ὲγείρητε
2458 1345 2555 1420 καὶ
2583 1366 2892 1433 ἐξεγείρητε
2933 1360 3032 1430 τὴν
3063 1360 3304 1427 ἀγάπην.
3352 1374 3369 1407 ι
3418 1352 3614 1421 Ἐχρῆν
3642 1345 3733 1439 οὖν

2171 1438 2571 1530 προστεθῆναι,
2618 1454 2745 1507 Ἐὰν
2783 1453 3064 1521 ὲγείρητε,
3115 1447 3234 1500 τόδε
3270 1445 3596 1530 γενήσεται,
3641 1438 3734 1530 καὶ

2176 1524 2249 1618 μη
2277 1524 2561 1617 μετέωρον
2592 1545 2722 1597 αὐτὸ
2761 1542 2998 1610 ἀφιέναι.
3047 1537 3187 1590 Ἀλλ’
3218 1536 3306 1588 ἵνα
3341 1534 3412 1601 μὴ
3455 1529 3611 1584 πλέον
3640 1524 3734 1618 τοῦ

2172 1617 2383 1699 δέοντος
2412 1636 2635 1705 μηκύνω
2666 1634 2763 1703 τὴν
2794 1630 3097 1701 ἐπιστολὴν,
3137 1626 3309 1681 ταῦτα
3345 1622 3533 1686 εἰπὼν,
3572 1618 3608 1673 ἃ
3643 1617 3735 1670 τὸν

516 1739 573 1784 et
595 1730 837 1798 vestigiis
865 1704 999 1796 agri,
1036 1731 1122 1784 ubi
1153 1704 1544 1793 eicitabimini,
1574 1738 1630 1783 et
1656 1728 1956 1782 excitabitis
1986 1726 2068 1780 di-

2180 1728 2295 1783 νοῦν
2330 1704 2436 1780 τῶν
2482 1725 2713 1793 Γραφῶν
2741 1724 2802 1776 οὐ
2834 1725 2988 1793 μόνον
3020 1720 3078 1772 οὐ
3112 1716 3449 1787 λυμαίνεται,
3479 1709 3613 1763 ἀλλὰ.
3642 1707 3737 1798 καὶ

515 1821 823 1884 lectionem,
854 1821 1028 1888 quoad
1058 1834 1225 1887 usque
1255 1819 1473 1882 volet';
1522 1836 1541 1868 ι
1578 1834 1674 1887 pro
1697 1832 1762 1871 eo
1791 1817 1930 1886 quod
1963 1825 2069 1880 est,

518 1919 577 1962 ut
608 1924 711 1960 una
740 1908 790 1961 in
827 1909 995 1961 altqu
1025 1907 1372 1972 contendant,
1399 1922 1533 1973 quos
1578 1920 1795 1960 sursum
1848 1905 2077 1958 voluerit

521 1998 755 2051 evolare.
788 1998 918 2051 Cum
947 2007 1125 2050 autem
1152 2012 1253 2050 non
1276 1996 1637 2065 intelligerent
1664 1997 1768 2050 vim
1805 1995 2077 2064 particula!

517 2086 636 2148 ἐὰν,
668 2088 809 2153 quod
843 2089 944 2140 hoc
971 2087 1087 2141 loco
1119 2096 1261 2140 esset
1285 2086 1575 2140 excitantis
1613 2087 1678 2138 ad
1719 2100 1822 2137 una
1856 2093 2080 2138 conten-

516 2176 747 2241 dendum
777 2177 829 2229 in
866 2176 1052 2240 altum,
1100 2176 1251 2243 quasi
1289 2176 1516 2240 dixisset
1562 2175 1854 2247 imperandi
1892 2174 2068 2237 modo,

517 2265 959 2334 Συγχωρήσατε’
1040 2265 1359 2331 scripturam
1429 2264 1498 2315 ita
1557 2264 1955 2315 immutarunt:
2020 2272 2074 2313 ut

520 2356 677 2405 modo
706 2354 1045 2421 conjunctivo
1080 2363 1358 2419 ponerent,
1400 2350 1523 2404 Ἐὰν
1550 2353 1800 2421 ἐγείρητε
1835 2352 1929 2404 καὶ
1990 2351 2075 2415 s5-

2176 1818 2473 1885 συνίστησι,
2506 1814 2721 1883 βέϐαιόν
2764 1830 2823 1865 τε
2851 1813 2945 1865 καὶ
2969 1810 3163 1876 πάγιον
3189 1803 3497 1873 ἀποφαίνει,
3519 1798 3613 1851 καὶ
3641 1795 3741 1864 τὴν

2176 1905 2439 1959 δοκοῦσαν
2467 1903 2738 1970 ἀσάφειαν
2772 1900 2997 1963 διαλύει,
3030 1894 3387 1954 καταπαύσω,
3423 1891 3534 1950 τοῖς
3566 1888 3741 1937 ἐντευ-

2183 1995 2430 2065 ξομένοις
2460 1992 2761 2061 παραινῶν,
2795 1992 2923 2045 ἄνευ
2958 1986 3289 2057 φιλονεικίας
3325 1981 3437 2051 (62)
3472 1975 3737 2065 συνιδεῖνῖ

2185 2060 2278 2137 καὶ
2306 2084 2355 2135 εἰ
2389 2082 2486 2153 μὲν
2510 2060 2683 2151 ὀρθῶς
2717 2081 2951 2150 εἴρηται,
2982 2076 3059 2146 τῷ
3085 2075 3201 2144 Θεῷ
3234 2074 3394 2143 χάριν
3426 2068 3649 2122 εἰδέναιο
3690 2060 3742 2114 εῑ

2173 2176 2229 2227 δὲ
2251 2175 2347 2243 μὴ,
2376 2172 2454 2242 τῷ
2481 2171 2775 2241 γεγραφότι
2806 2168 3130 2238 συγγνώμην
3157 2168 3358 2233 νεῖμαι,
3383 2161 3460 2231 τῷ
3494 2158 3568 2228 μὴ
3597 2158 3735 2243 ἁπο-

2178 2242 2491 2331 φηναμένῳ,
2530 2260 2667 2312 ἀλλὰ
2698 2262 2809 2320 τοῖς
2836 2255 3231 2325 ἐντευξομένοις
3260 2248 3611 2321 ὲπιτρέψαντι
3644 2242 3744 2310 τὴν

2185 2352 2387 2420 ψῆφον.

519 2441 767 2510 ογείρητε
817 2443 915 2509 τὴν
960 2442 1199 2508 ἀγάπην,
1256 2440 1354 2493 hoc
1412 2450 1513 2504 est,
1558 2441 1612 2492 Si
1675 2436 2020 2493 surrexeritis
2079 2474 2080 2478 η

2206 2437 2665 2492 exsuscitaverttis
2732 2434 3093 2488 dilectionem.
3174 2430 3508 2500 Oportuisset
3582 2424 3748 2492 igitur

527 2531 761 2598 adiungi,
847 2531 901 2583 Si
979 2531 1367 2593 excitaveritis,
1422 2529 1520 2582 hoc
1577 2532 1720 2585 ﬁet:
1789 2545 1966 2597 neque
2010 2531 2064 2583 in
2136 2544 2398 2597 suspenso
2451 2528 2752 2594 relinquere
2802 2526 3121 2578 orationem.
3186 2522 3290 2575 Sed
3354 2533 3421 2573 ne
3464 2514 3742 2584 epistolam

516 2624 665 2688 justo
696 2623 903 2690 longius
932 2623 1240 2689 producam,
1278 2631 1621 2688 posteaquam
1648 2623 1758 2675 haec
1800 2622 1933 2684 dixi,
1993 2636 2111 2687 quze
2186 2620 2586 2687 Scripturaruni
2651 2627 2887 2670 mentem
2938 2629 3040 2668 non
3093 2614 3264 2667 solum
3312 2610 3456 2664 nullo
3503 2606 3743 2661 alliciunt

523 2711 864 2774 detrimento,
924 2725 1105 2764 verum
1171 2711 1331 2763 etiam
1404 2710 1714 2773 stabiliunt,
1780 2720 1833 2763 et
1907 2712 2117 2763 ﬁrmam
2162 2709 2429 2777 ﬁxamque
2491 2708 2784 2771 declarant,
2820 2719 3045 2772 eamque
3089 2704 3490 2763 obscuritatem,
3528 2712 3646 2766 qua:
3684 2694 3739 2749 ei

530 2798 855 2852 circumfusa
880 2799 1180 2860 videbatur,
1207 2798 1472 2865 dissipant
1494 2813 1556 2850 ac
1576 2798 1893 2860 dissolvunt,
1931 2801 2087 2851 tinem
2130 2798 2232 2850 hoc
2266 2799 2381 2851 loco
2428 2798 2641 2860 faciam,
2672 2797 2715 2849 si
2748 2795 2894 2864 prius
2929 2794 3156 2848 lectores
3194 2786 3491 2845 obtestatus
3554 2787 3725 2847 fuero,

528 2891 681 2943 utad
712 2891 833 2954 ista,
858 2904 977 2955 quae
1045 2888 1219 2952 attuli,
1272 2898 1480 2940 remoto
1515 2889 1878 2942 contentionis
1945 2897 2001 2941 et
2068 2887 2465 2942 contradicendi
2500 2887 2699 2951 studio,
2751 2882 3033 2937 attendant

3090 2901 3105 2935 :
3154 2892 3209 2936 et
3267 2880 3531 2949 siquidem
3590 2886 3739 2931 recte

525 2983 666 3038 dicta
694 2991 838 3042 sunt,
871 2979 979 3033 Deo
1017 2979 1241 3047 gratiam
1269 2978 1537 3045 habeant;
1569 2980 1652 3035 sin
1704 2981 1903 3045 minus,
1973 2979 2223 3046 scriptori
2257 2979 2467 3037 veniant
2536 2976 2793 3041 tribuant,
2826 2975 2917 3045 qui
2953 2973 3086 3029 nibil
3141 2971 3420 3043 praefracte
3480 2969 3745 3025 deﬁnivit:

528 3078 625 3130 sed
662 3072 882 3127 lecturis
911 3072 1099 3124 calculi
1133 3066 1404 3140 et'judicii
1460 3071 1763 3126 libertatem
1813 3075 2081 3143 permisit.

845 3180 1027 3234 CXlll.
1060 3209 1131 3219 —
1166 3179 1423 3235 URANIO
1452 3180 1755 3237 DIACUNO.

532 3273 604 3329 In
650 3271 785 3324 illud
848 3270 1005 3322 Pauli
1054 3272 1272 3333 dictum,
1328 3290 1346 3321 ι
1412 3271 1800 3326 Testamentum
1850 3274 1983 3326 enim
2031 3277 2087 3327 in

1008 3341 1226 3392 mortuis
1251 3341 1457 3407 ﬁrmum
1492 3340 1535 3392 ⁸.
1578 3360 1595 3392 ι

599 3428 863 3494 Quoniam
925 3430 1212 3497 scripsisti,
1272 3442 1465 3497 putans
1514 3430 1735 3484 Paulum
1770 3433 1825 3485 in
1863 3443 2085 3499 contra-

532 3523 663 3574 riam
702 3520 970 3587 prtcdictze
1001 3521 1282 3573 sententia:
1316 3535 1637 3573 conversum
1672 3535 1810 3587 esse,
1840 3522 1967 3589 quid
2017 3521 2087 3574 sit

532 3607 673 3676 quod
718 3607 794 3659 ait
824 3624 839 3661 :
882 3624 901 3657 ι
931 3606 1334 3661 Testamentum
1376 3609 1518 3661 enim
1556 3608 1608 3662 itt
1641 3610 1866 3663 mortuis
1889 3610 2085 3663 conﬁr-

533 3708 730 3749 matum
771 3705 852 3750 est
888 3713 901 3748 :
944 3696 1142 3763 alioqui
1187 3696 1419 3749 nondum
1458 3696 1619 3762 valet,
1667 3699 1789 3752 dum
1820 3699 1950 3751 vivit
1994 3699 2084 3768 qui

534 3785 757 3843 testatus
785 3796 887 3851 est,
921 3806 940 3839 ι
979 3786 1215 3841 rescribo
1242 3788 1555 3856 particulam
1589 3791 1661 3861 μή
1689 3808 1818 3843 ποτε
1850 3790 1990 3860 (quae
2032 3793 2084 3845 in

530 3878 720 3932 Graeco
750 3887 897 3931 textu
936 3878 1007 3931 ibi
1060 3878 1296 3947 legitur),
1331 3878 1510 3933 valere
1574 3880 1711 3934 idem
1752 3882 1892 3948 quod
1941 3880 2084 3945 τότε,

534 3969 685 4022 idest
711 3978 859 4034 tunc,
894 3984 1001 4021 uno
1056 3969 1301 4023 fortassis
1349 3971 1500 4038 apice
1536 3971 1626 4023 uni
1666 3971 1857 4024 litterae
1883 3971 1950 4025 ab
1984 3970 2085 4023 ali-

533 4058 730 4125 quibus
775 4059 1026 4126 imperite
1078 4060 1278 4113 addito.
1310 4058 1440 4112 Nam
1484 4062 1553 4113 ita
1599 4061 1776 4114 inveni
1822 4062 1983 4114 etiam
2030 4060 2085 4114 in

535 4148 771 4214 antiquis
802 4148 1218 4215 exemplaribus.
1250 4148 1365 4200 Non
1399 4150 1542 4201 enim
1580 4151 1660 4203 sic
1687 4152 1755 4204 de
1776 4149 1943 4204 Paulo
1972 4153 2086 4204 exi-

534 4235 861 4287 stimandum
896 4245 1001 4299 est,
1027 4251 1146 4289 eum
1180 4237 1231 4289 in
1264 4238 1583 4289 sententiam
1623 4238 1788 4305 priori
1818 4255 1848 4293 e
1879 4240 2083 4293 diame-

614 4384 935 4443 ’Psal.cxu.
970 4386 1025 4439 9.
1088 4387 1110 4416 ’⁵
1144 4386 1286 4440 Psal.
1312 4403 1476 4450 uvu,
1514 4386 1564 4440 7.
1652 4388 1671 4418 ⁵
1703 4387 1841 4441 l’sal.
1874 4405 2062 4455 xxviii,
2096 4390 2181 4443 10.
2260 4392 2280 4421 ⁶
2313 4390 2441 4445 ibid.
2486 4391 2569 4445 ll.

2494 3184 2638 3237 PII".
2676 3213 2745 3222 —
2778 3183 3075 3252 ΟΥΡΑΝΙῼ
3110 3182 3426 3251 ΔΙΑΚΟΝῼ.

2255 3278 2359 3340 Εἰς
2386 3273 2450 3327 τὸ
2471 3313 2486 3338 ,
2525 3294 2543 3325 ι
2580 3274 2835 3341 Διαϐήκη
2864 3274 2973 3342 γὰρ
3000 3274 3095 3326 ἐπὶ
3125 3272 3357 3340 νεκροῖς
3380 3270 3614 3335 βεϐαία.
3650 3288 3670 3322 ι

2266 3430 2487 3501 Ἐπειδὴ
2504 3430 2806 3501 γέγραφας,
2834 3430 3039 3500 νομίζω
3074 3430 3209 3499 (65),
3238 3430 3317 3491 είς
3349 3426 3653 3481 τούναντίον
3679 3420 3741 3479 οὗ

2183 3521 2503 3591 προείρηται
2530 3517 2684 3573 εἷπον
2711 3520 2820 3591 (64)
2852 3520 3272 3589 περιτετράφθαι
3302 3519 3393 3571 τὸν
3428 3519 3657 3580 Παῦλον,
3682 3515 3749 3569 Τί

2184 3614 2323 3676 ἐστι,
2356 3631 2374 3662 ι
2413 3612 2654 3683 Διαθήκη
2691 3612 2798 3681 γὰρ
2844 3613 2936 3663 ἐπὶ
2976 3615 3189 3681 νεκροῖς
3233 3610 3462 3679 βεδαία’
3505 3609 3629 3660 ἐπεὶ
3672 3608 3749 3676 μή

2190 3721 2319 3756 ποτε
2353 3704 2520 3772 ἰσχύει
2541 3704 2625 3755 ὅτε
2656 3703 2721 3772 ζῇ
2757 3704 2783 3755 ὁ
2808 3702 3151 3771 διαθέμενος;
3176 3720 3194 3752 ι
3220 3700 3640 3761 ἀντεπιστέλλω,
3669 3699 3752 3750 ὅτι

2191 3792 2250 3845 τὸ
2285 3793 2369 3861 μή
2398 3809 2560 3856 ποτε,
2596 3793 2717 3845 τότε
2746 3792 2884 3854 ἐστὶ,
2926 3794 3054 3860 μιᾶς
3086 3791 3310 3860 κεραίας
3349 3789 3428 3841 ἑνὶ
3464 3787 3707 3856 στοιχείῳ
3731 3825 3748 3848 ,

2192 3883 2296 3934 ὑπό
2334 3898 2489 3935 τινων
2526 3883 2654 3944 ἴσως
2701 3880 2928 3950 ἀμαθῶς
2978 3878 3368 3949 προστεθείσης
3393 3892 3406 3906 ⁸
3456 3876 3598 3929 οὓτω
3641 3875 3751 3944 γὰρ

2186 3967 2343 4040 εῦρον
2378 3973 2469 4026 κα)⁵
2501 3975 2556 4025 ὲν
2588 3971 2833 4033 παλαιοῖς
2868 3971 3242 4039 ἀντιγράφοις.
3276 3969 3350 4022 Οὐ
3379 3969 3487 4036 γὰρ
3526 3968 3591 4019 ἂν
3620 3964 3749 4033 θείῳ

2184 4062 2453 4131 πνεύματι
2485 4061 2801 4131 κοσμηθεὶς,
2833 4061 2928 4113 κα)⁸
2970 4060 3175 4129 Ἐρμῆς
3206 4056 3343 4111 εἶναι
3374 4056 3748 4127 νομιζόμενος,

2182 4156 2261 4214 είς
2282 4154 2587 4206 τούναντίον
2613 4151 2975 4224 περιετράπηο
3008 4167 3027 4199 ι
3070 4150 3285 4219 Ἐπειδὴ
3311 4151 3387 4218 μή
3415 4164 3543 4201 ποτε
3575 4145 3747 4215 ἰσχύει

2180 4240 2269 4291 ὅτε
2297 4240 2361 4309 ζῇ
2389 4241 2417 4291 ό
2445 4238 2784 4309 διαθέμενος,
2821 4237 2960 4307 μετὰ
2997 4237 3223 4291 θάνατον
3250 4236 3584 4307 βεϐαιοῦται.
3627 4254 3646 4286 ι
3682 4234 3748 4286 ει

2663 4392 2685 4423 ⁷
2710 4392 2866 4447 Cant.
2899 4407 2978 4457 ιιι,
3014 4393 3067 4446 5.
3152 4392 3181 4441 ,⁸
3207 4391 3373 4447 Hebr.
3415 4408 3491 4457 ιι,
3531 4391 3619 4446 l7.

1618 4543 1840 4599 VARlIE
1877 4545 2256 4601 LECTlONES
2289 4547 2375 4601 ET
2409 4547 2637 4605 ΝΟΤᾸΞ.

524 4736 525 4741 η
606 4702 718 4772 (62)
762 4700 1003 4755 Notanda
1049 4701 1241 4772 iterum
1293 4700 1522 4772 insignis
1569 4703 1827 4756 modestia
1878 4704 2087 4767 lsidori,

534 4771 655 4825 cum
691 4772 804 4839 pari
839 4772 1036 4840 pietate
1067 4771 1369 4838 conjuncta,
1408 4771 1527 4823 vide
1564 4780 1618 4823 et
1658 4787 1776 4839 sup.
1816 4788 1900 4840 ep.
1936 4772 2005 4826 60
2039 4782 2092 4825 et

535 4842 674 4893 intra
718 4855 805 4905 ep,
841 4840 937 4893 Ml
986 4840 1039 4892 lt.
1082 4840 1174 4891 lib.
1205 4855 1256 4891 ιν
1302 4849 1357 4891 et
1400 4854 1487 4905 ep.
1510 4840 1581 4894 85
1609 4841 1700 4893 lib.
1733 4858 1789 4894 ιι.
1832 4843 1922 4895 Sic
1952 4843 2089 4895 idem

537 4907 771 4979 Isidorus
801 4910 890 4963 lib.
935 4923 995 4970 ιι,
1036 4924 1119 4976 cp.
1168 4909 1259 4979 85.
1296 4908 1371 4959 Οὐ
1422 4911 1527 4979 γὰρ
1557 4909 1911 4979 διατείνομαι,
1959 4910 2094 4963 ἀλλὰ

536 4975 762 5044 γνώμην
791 4975 1180 5046 ἀποφαίνομαι,
1214 4978 1265 5030 id
1297 4984 1400 5041 est,
1426 4975 1537 5029 Non
1587 4975 1932 5045 pertinaciter
1960 4994 2091 5032 con-

538 5047 723 5106 tendo,
776 5047 869 5100 sed
909 5046 1227 5098 sententiam
1278 5060 1449 5098 meam
1496 5049 1636 5106 dico,
1686 5048 1812 5114 quid
1856 5048 1982 5099 mihi
2015 5049 2093 5100 vi-

541 5116 755 5183 deatur.
803 5115 971 5167 Simili
1016 5114 1221 5183 affectu,
1258 5116 1680 5169 mansuetudinis
1718 5126 1770 5168 et
1819 5131 2084 5183 τροποφο-

546 5180 664 5248 ρίας
689 5184 943 5249 prmditus
970 5193 1085 5236 erat
1105 5182 1167 5236 D.
1199 5182 1517 5250 Cyprianus,
1551 5199 1670 5237 cum
1709 5186 1809 5238 ista
1836 5180 2087 5249 praefare-

544 5259 633 5302 tur
667 5251 719 5303 in
762 5252 992 5306 concilio
1020 5251 1452 5319 Carthagiueusi,
1480 5266 1671 5319 rogans
1698 5253 2091 5320 episcoporum,

541 5328 673 5381 ctc.,
709 5320 1048 5389 sententias:
1082 5338 1101 5370 ι
1141 5322 1417 5388 Superest,
1446 5322 1639 5386 inquit,
1665 5332 1719 5374 ut
1747 5323 1813 5375 de
1851 5323 1952 5374 hac
1980 5322 2093 5389 ipsa

546 5388 773 5462 re__quid
822 5389 1016 5455 singuli
1064 5390 1382 5462 sentiamus,
1426 5390 1780 5462 proferamus,
1829 5388 2093 5462 nemip’cgm

541 5454 840 5518 iudicantes
889 5454 983 5509 aut
1018 5470 1047 5509 a
1080 5457 1201 5522 jure
1229 5454 1618 5511 communionis
1655 5458 1909 5525 aliquem.
1943 5460 1987 5512 si
2018 5459 2097 5512 di-

546 5535 758 5576 versum
787 5526 1040 5594 senserit,
1070 5536 1398 5580 amoventes.
1428 5525 1608 5591 Neque
1638 5528 1776 5579 cnim
1815 5529 2094 5594 quisquam

550 5598 790 5644 nostrum
820 5592 881 5646 E.
912 5593 949 5645 f.
990 5608 1039 5647 e.
1070 5608 1117 5647 c.
1163 5604 1249 5647 aut
1294 5594 1570 5662 tyranuico
1616 5592 1910 5649 terrore—ad
1940 5592 2095 5650 obse-

2192 4704 2393 4774 quendi
2427 4704 2799 4759 necessitatem
2829 4705 3061 4774 collegas
3091 4719 3218 4760 suos
3258 4704 3457 4773 adegit.
3495 4721 3515 4757 ι
3550 4704 3753 4759 Eadem

2191 4773 2624 4843 interdumgapud
2657 4773 3013 4843 Augustinum
3032 4776 3305 4843 reperias.
3338 4774 3503 4829 er'r.

2259 4841 2369 4911 (65)
2397 4841 2726 4911 Férpagmc,
2751 4841 2979 4911 νομίζω.
3010 4841 3169 4911 Forte
3191 4844 3552 4911 legend.,una
3574 4843 3751 4911 littera

2190 4908 2418 4983 genus,
2469 4908 2702 4983 νομίζων
2755 4910 2870 4983 [Sic
2915 4912 3034 4983 cod.
3104 4908 3365 4983 Vati—ap.
3423 4908 3749 4983 Porcinam].

2190 4977 2364 5049 Etiam
2402 4981 2453 5031 in
2491 4977 2591 5049 hac
2619 4977 2843 5046 epistola
2891 4981 3019 5033 mihi
3052 4994 3156 5034 non
3211 4980 3381 5049 liquet
3422 4982 3579 5047 satis,
3623 4977 3755 5049 quid

2190 5045 2424 5099 Isidorus
2460 5048 2602 5100 velit.
2639 5045 2798 5100 llrr'r.

2259 5115 2510 5197 (_64)ul’ro
2554 5117 2876 5197 προείρηται
2928 5112 3121 5197 εἶπον,
3162 5117 3619 5197 ιθβὶιιπροῂρητο
3670 5120 3751 5197 εί-

2190 5185 2332 5235 πεῖν.
2369 5183 2519 5237 Vers.
2553 5183 2676 5237 inde
2703 5183 2756 5245 5,
2783 5201 2880 5253 pro
2905 5202 3039 5253 me
3062 5185 3183 5253 τότε
3214 5183 3330 5238 ἐστὶ
3355 5183 3431 5240 sic
3455 5183 3592 5241 idem
3620 5192 3757 5243 scri-

2196 5254 2271 5304 Illl
2335 5268 2476 5324 ποτε
2516 5254 2609 5324 μὴ,
2642 5252 2789 5324 τότε
2814 5254 2978 5307 ἐστίν.
3032 5252 3189 5310 Vers.
3224 5270 3337 5322 seq.
3384 5271 3481 5323 pro
3524 5258 3754 5324 ἀμαθῶς

2195 5330 2337 5373 recte
2372 5321 2561 5395 scribit
2590 5321 2835 5395 ἁμαοῶῃ
2873 5324 3023 5377 Vers.
3056 5333 3176 5392 post
3203 5326 3362 5395 tertio
3385 5321 3754 5395 :vptLtC6pavoe

2196 5398 2359 5463 mutat
2388 5390 2441 5463 in_
2460 5388 2753 5463 νομισθείς.
2776 5388 2942 5463 _Vers_.
2976 5388 3090 5463 seq.
3135 5407 3232 5463 pro
3259 5388 3478 5445 ἐπειδὰν
3509 5388 3603 5463 μὴ’
3622 5411 3752 5447 ποτε

2191 5458 2701 5532 substituit,__t:rra_t6~h
2727 5459 2836 5532 γαρ
2878 5458 3308 5532 μὴ-τότε.ίνβι“ε.
3344 5458 3597 5532 ρειιηῷ.
3635 5471 3753 5529 post

2193 5526 2383 5587 κέοιτο.
2405 5528 2555 5597 addit
2575 5526 2699 5582 οὐκ.
2739 5526 2890 5582 νοτε.
2922 5526 3015 5581 ult.
3046 5544 3110 5581 ex
3140 5529 3214 5597 μή
3248 5526 3379 5581 ποτε
3412 5526 3755 5597 ιυιΙὶι”ιιῆ,ει

2195 5604 2310 5660 post
2337 5596 2596 5664 μηδαμῶς
2630 5598 2839 5666 supplet
2869 5597 2901 5667 ᾖ
2931 5598 3117 5668 νοηθῆ.
3145 5598 3351 5653 Possm.
