4042 6146
536 264 673 330 1187

1727 270 1788 329 S.
1832 264 2124 331 ISIDORI
2160 266 2595 329 PELUSIOT/E

3637 268 3756 336 1188

528 379 725 449 ptura?
755 397 776 432 ι
815 379 967 436 Sicut
997 362 1106 436 non
1137 390 1265 437 sunt
1294 378 1497 437 similes
1530 378 1700 436 facies
1729 380 1986 444 faciebus,
2018 381 2089 433 ita

2194 380 2329 431 πᾶσι
2346 377 2659 448 χαρακτὴρ,
2677 375 2794 429 ικαὶ
2822 376 2880 428 ὲν
2902 374 3143 446 τοσαύτῃ
3168 374 3372 446 πληθύῖ
3392 375 3627 448 διαφορὰ
3650 381 3752 450 (70)

531 483 709 538 neque
736 470 899 524 corda
924 470 1223 524 hominum.
1253 486 1273 521 ι
1302 469 1347 525 Ο
1375 484 1489 524 rem
1516 468 1924 524 admirandam!
1952 482 2091 523 unus

533 559 781 627 idemque
809 559 949 613 inest
975 559 1223 617 omnibus
1259 561 1588 615 character:
1628 568 1684 613 et
1716 559 1771 612 in
1817 568 1959 612 tanta
1992 558 2092 612 ho-

531 650 730 703 minum
745 647 1089 703 multitudine
1103 649 1324 704 omnino
1343 649 1485 705 inest
1503 648 1802 704 differentia
1828 647 2089 712 vultuum,

530 746 591 790 ut
618 737 685 791 iis
705 737 796 804 qui
827 737 1011 792 vident
1033 737 1235 808 agnitio
1261 737 1597 793 confusionis
1624 751 1818 805 expers
1841 744 2091 791 constare

528 824 717 893 possit.
749 826 1066 897 Quanquam
1100 828 1244 882 enim
1268 828 1535 883 interdum
1562 830 1613 883 in
1642 828 1909 898 aliquibus
1938 828 2099 882 'simi-

530 913 701 970 litudo
727 915 906 971 inesse
939 912 1173 982 videtur,
1198 926 1378 973 tamen
1409 920 1630 973 omnino
1680 918 1958 987 quidpiam
2007 918 2093 971 in-

530 1005 776 1060 venietur
808 1005 862 1060 in
895 1005 1084 1062 iisdem
1121 1010 1264 1077 quod
1296 1023 1391 1064 eos
1431 1008 1789 1063 discriminet.
1825 1007 1961 1061 Nam
1992 1007 2095 1063 etsi

532 1095 772 1165 pulchris
808 1097 979 1153 oculis
1009 1099 1217 1168 praediti
1244 1100 1352 1155 sint
1385 1100 1558 1166 multi,
1591 1108 1791 1164 tamen,
1818 1101 1957 1154 inter
1992 1100 2091 1154 hos

533 1202 746 1257 quoque
772 1198 858 1243 est
886 1187 1207 1244 dilferentia.
1236 1190 1340 1244 Alii
1386 1190 1532 1245 enim
1573 1190 1748 1245 caesiis
1776 1189 1971 1255 oculis,
2001 1190 2093 1244 alii

532 1291 760 1330 uvarum
786 1276 1019 1333 colorem
1048 1292 1109 1332 ac
1137 1279 1375 1346 speciem
1407 1278 1786 1343 referentibus,
1815 1278 1906 1331 alii
1940 1278 2099 1348 nigri-

527 1361 782 1417 cantibus
812 1363 1199 1431 reperiuntur:
1242 1364 1333 1417 alii
1371 1364 1536 1418 etiam
1574 1364 1949 1418 albicantibus.
1991 1364 2097 1418 Sed

529 1464 592 1508 et
618 1453 671 1507 in
697 1453 907 1522 capillis
926 1454 1176 1523 quiddam
1202 1454 1340 1508 inest
1368 1454 1657 1521 peculiare.
1688 1454 1838 1522 Quod
1866 1456 1909 1509 si
1929 1454 2096 1509 etiam

535 1540 659 1598 sifni
687 1551 811 1597 sunt
841 1543 1050 1612 aliqui;
1091 1553 1149 1598 at
1180 1557 1283 1599 non
1331 1557 1517 1599 omnes
1559 1544 1749 1599 eodem
1800 1545 1978 1610 modo,
2004 1546 2099 1600 sed

538 1631 627 1687 hic
654 1632 812 1695 istud,
841 1632 929 1687 ille
969 1633 1101 1687 illud
1133 1635 1436 1689 membrum
1483 1635 1645 1690 habet
1681 1633 1989 1689 formosius.
2031 1635 2101 1690 Et

2192 469 2409 529 πάντως
2437 467 2612 519 ἔνεστι
2642 465 2967 534 προσώπων,
3004 466 3077 527 ὡς
3099 466 3410 534 ἀσύγχυτῠν
3431 469 3544 529 τοῖς
3565 470 3754 538 ὁρῶσιν

2190 552 2329 609 εἶναι
2357 557 2457 623 τὴν
2496 554 2715 622 γνῶσιν.
2750 554 2815 605 Εἰ
2849 553 2955 623 γὰρ
2986 554 3078 606 καί
3118 570 3249 607 ποτε
3284 553 3342 605 ἐν
3380 570 3524 607 τισιν
3568 558 3757 612 ἐνεῖναι

2189 645 2327 710 δόξει
2352 644 2624 714 ὁμοιότης,
2659 642 2774 695 ἀλλ’
2809 642 3160 712 εὑρεθήσεται
3188 659 3241 695 τι
3266 643 3486 707 πάντως
3508 646 3571 698 τὸ
3598 647 3759 719 διορί-

2191 733 2370 797 ζον.Εί
2386 733 2493 801 γὰρ
2514 735 2607 785 καὶ
2617 731 2946 801 εὐόφθαλμοί
2964 733 3069 815 εισι
3081 731 3423 795 πολλοὶ,ἀλλὰ
3439 736 3546 788 κάν
3559 737 3761 802 τούτοις

2190 823 2308 875 ἐστὶ
2334 823 2583 893 διαφορά.
2612 822 2674 876 Οἱ
2711 823 2808 891 μὲν
2828 820 2937 891 γὰρ
2969 821 3081 892 (71)
3102 825 3332 892 χαροποὶ
3354 862 3370 888 ,
3396 827 3447 877 oi
3470 825 3514 877 δ’
3542 828 3760 891 οἰνίζον-

2190 928 2302 974 τες,
2330 913 2382 964 οί
2404 912 2459 964 δὲ
2483 911 2882 981 μελανόμματοι
2904 910 3268 981 εὑρίσκονται,
3294 913 3343 964 οἱ
3364 913 3418 966 δὲ
3442 916 3535 967 κα).
3563 916 3759 974 λευκοί.

2205 1000 2366 1056 Ἀλλά
2389 1002 2484 1056 καὶ
2509 1003 2565 1054 ὲν
2582 1001 2754 1071 θριξὶν
2785 1001 2982 1070 ίδιότης
2997 1002 3166 1055 ἐστίν·
3196 1000 3321 1055 εἰδὲ
3342 1005 3435 1056 καὶ
3460 1006 3632 1075 σιμοὶ,
3650 1007 3761 1060 ἀλλ’

2193 1092 2255 1145 οὐ
2277 1093 2476 1155 πάντες
2499 1090 2905 1161 ὁμοίωςοζάλλίὁ
2927 1091 3027 1160 μὲν
3054 1090 3233 1155 τοῦτο,
3260 1095 3290 1146 ό
3307 1093 3364 1146 δὲ
3390 1096 3566 1147 ἐκεῖνο
3590 1097 3651 1148 τὸ
3678 1098 3765 1166 μὲ-

2192 1182 2284 1244 λος
2310 1182 2535 1235 κάλλιον
2561 1182 2695 1250 ἔχει·
2730 1181 2826 1234 καὶ
2863 1182 2892 1234 ό
2922 1180 3020 1251 μὲν
3043 1180 3255 1244 λευκὸς,
3295 1184 3323 1233 ὁ
3364 1181 3421 1234 δὲ
3450 1183 3640 1252 μέλας·
3668 1186 3761 1237 καὶ

2195 1269 2410 1331 πάντως
2445 1270 2563 1323 ἐστὶ
2589 1271 2651 1321 τὸ
2672 1269 2923 1340 διορίζον.
2956 1270 3031 1322 Οὐ
3058 1271 3169 1340 γὰρ
3193 1270 3371 1323 πάντα
3399 1264 3511 1324 οἷον
3543 1274 3654 1343 (72)
3684 1278 3763 1327 εἰ-

2194 1362 2338 1413 πεῖν·
2372 1357 2513 1413 οὕτω
2554 1360 2648 1413 καὶ
2676 1362 2732 1413 αἱ
2777 1359 2996 1431 καρδίαι
3038 1360 3148 1415 τῶν
3182 1359 3505 1435 ἁνθρώπωνζ
3552 1366 3613 1417 οὐ
3656 1352 3772 1435 γὰρ⁴

2197 1453 2331 1504 πᾶσι
2355 1450 2424 1504 τὰ
2453 1450 2591 1505 αὐτὰ
2619 1451 2860 1522 ἀρέσκει·
2897 1449 3033 1503 ἀλλά
3068 1450 3181 1513 τοῖς
3205 1449 3305 1520 μὲν
3335 1432 3542 1517 ταῦτα,
3580 1432 3693 1518 τοῖς

2196 1542 2398 1595 ἐκεῖνα.
2422 1541 2533 1595 Καὶ
2550 1541 2704 1613 αὐτοὶ
2722 1540 2779 1594 δὲ
2799 1541 2849 1593 οἱ
2872 1540 2980 1593 τῶν
3001 1539 3181 1595 αὐτῶν
3200 1540 3424 1610 ἐρασταὶ
3441 1544 3539 1613 οὐχ
3564 1545 3760 1615 ὁμοίως

2198 1630 2328 1701 περὶ
2360 1630 2428 1683 τὰ
2458 1630 2734 1699 ὲπέραστα
2759 1628 2991 1697 ἔχουσινο
3035 1628 3152 1681 ἀλλ’
3180 1629 3229 1680 οἱ
3264 1628 3362 1698 μὲν
3397 1632 3676 1700 μειζόνων,
3710 1635 3759 1686 oi

534 1718 675 1774 alius
689 1719 903 1788 quidem
928 1720 1187 1777 candidus
1212 1731 1316 1786 est,
1339 1721 1476 1776 alius
1495 1730 1674 1777 autem
1696 1722 1850 1791 niger
1878 1739 1893 1776 :
1920 1724 2096 1778 omni-

2196 1718 2252 1771 δὲ
2307 1717 2543 1788 μετρίων
2574 1715 2684 1787 (73)
2740 1718 3003 1785 ἐφίενται.
3052 1716 3222 1769 Πόσοι
3265 1716 3539 1788 σώφρονές
3585 1714 3755 1773 εἰσιν)

537 1823 713 1879 noque
741 1818 824 1865 est
843 1811 1067 1881 aliquid,
1092 1813 1237 1881 quod
1267 1813 1558 1868 discrimen
1593 1813 1735 1867 inter
1760 1829 1855 1868 eos
1904 1813 2091 1869 faciat.

537 1901 722 1972 Neque
750 1903 893 1956 enim
946 1903 1125 1958 omnia
1156 1904 1335 1959 verbis
1378 1903 1604 1972 exprimi
1635 1913 1875 1972 possunt.
1911 1903 2004 1959 Sic
2043 1912 2099 1959 et

535 1993 701 2049 corda
749 1993 1022 2047 hominum
1064 2001 1189 2047 sunt
1213 2004 1543 2061 comparata.
1592 1991 1731 2048 Nam
1770 2008 1874 2049 non
1908 1995 2096 2051 eadem

535 2085 786 2140 oinnihus
818 2084 1028 2154 placent
1064 2085 1200 2140 :sed
1228 2084 1348 2139 aliis
1382 2084 1599 2153 quidem
1638 2085 1772 2151 haec,
1812 2086 1932 2142 aliis
1969 2102 2098 2144 vero

540 2175 649 2229 illa.
672 2175 809 2242 Quid
832 2175 976 2245 quod
1006 2176 1079 2231 illi
1100 2176 1220 2245 ipsi,
1249 2177 1340 2246 qui
1367 2177 1681 2232 earumdem
1704 2193 1883 2232 rerum
1912 2192 2098 2234 amore

540 2272 812 2328 tenentur,
845 2277 954 2319 non
986 2266 1176 2320 eodem
1203 2266 1360 2321 modo
1382 2280 1508 2334 erga
1549 2281 1638 2321 res
1678 2276 1886 2321 amatas
1918 2266 2098 2323 affecti

538 2364 685 2418 sunt,
712 2356 806 2409 sed
829 2356 922 2409 alii
948 2357 1344 2421 vehementius,
1373 2357 1464 2410 alii
1491 2358 1820 2412 moderatius
1843 2372 1937 2412 eas
1968 2372 2097 2412 con-

537 2442 858 2512 cupiscunt?
878 2443 1048 2509 Quam
1083 2446 1235 2500 multi
1270 2455 1395 2501 sunt
1417 2446 1588 2501 sobrii
1613 2460 1677 2499 ac
1699 2448 2099 2515 temperantes?

536 2534 611 2587 At
636 2532 988 2588 dissimiliter.
1020 2533 1124 2588 Alii
1162 2549 1395 2603 namque
1417 2535 1819 2603 virginitatem,
1846 2536 1936 2590 alii
1966 2551 2131 2611 conn

541 2622 847 2685 tinentiam,
882 2622 974 2677 alii
1005 2623 1237 2694 denique
1269 2624 1589 2681 honorabile
1616 2625 1922 2697 coniugium
1967 2638 2094 2684 sunt

2195 1808 2312 1863 ἀλλ’
2370 1809 2469 1879 οὐχ
2511 1808 2731 1879 ὁμοίως.
2790 1805 2855 1861 Οἱ
2899 1806 2999 1877 μὲν
3050 1806 3158 1877 γὰρ
3196 1808 3295 1877 τὴν
3350 1809 3666 1878 παρθενίαν,
3710 1814 3757 1865 0i

2194 1899 2253 1953 δὲ
2277 1900 2376 1970 τὴν
2404 1900 2749 1970 ἐγκράτειαν,
2787 1898 2835 1950 οἱ
2863 1897 2921 1951 δὲ
2960 1897 3052 1951 τὸν
3098 1897 3317 1968 ἔντιμον
3354 1898 3532 1968 γάμον
3580 1901 3758 1969 ἠσπά-

2197 2005 2379 2043 σαντο.
2419 1990 2581 2043 Πόσοι
2627 1988 2946 2060 ὲλεήμονεςῐ
2997 1986 3117 2042 ἀλλ’
3153 1988 3364 2043 ἑαυτῶν
3422 1990 3756 2062 διαφέρουσι.

2194 2080 2360 2133 Πόσοι
2386 2079 2609 2133 δίκαιοι)
2644 2078 2780 2132 ἀλλὰ
2806 2078 3224 2132 διαλλάττουσιν.
3257 2079 3332 2132 Οὐ
3359 2079 3519 2150 μόνον
3540 2081 3630 2133 ἐπὶ
3654 2081 3759 2134 τῶν

2194 2171 2407 2242 ἀρετῶν
2430 2169 2566 2241 (74),
2588 2169 2725 2223 ἀλλὰ
2752 2170 2845 2223 κα).
2880 2169 2975 2223 ἐπὶ
2992 2169 3099 2223 τῶν
3121 2169 3333 2224 κακιῶν
3350 2170 3412 2223 τὸ
3441 2171 3574 2224 αὐτὸ
3614 2170 3759 2225 ἔστιν

2199 2263 2348 2319 ἰδεῖν.
2402 2262 2567 2316 Πόσοι
2612 2263 2718 2315 εἰσ).
2761 2263 3042 2335 κάκιστοι)
3088 2262 3223 2315 ἀλλὰ
3262 2246 3523 2333 διορισμῷ
3560 2263 3759 2333 γνωρί-

2197 2352 2401 2417 ζονται.
2452 2353 2616 2405 Πόσοι
2657 2351 2880 2421 λάγνοιι
2926 2351 3042 2406 ἀλλ’
3072 2354 3135 2406 οὐ
3179 2354 3377 2417 πάντες
3413 2356 3524 2416 τοῖς
3576 2355 3758 2417 αὐτοῖς

2196 2441 2460 2495 ἑάλωσαν.
2513 2442 2578 2494 Εί
2627 2441 2685 2495 δὲ
2723 2442 2817 2495 καὶ
2859 2443 2972 2505 τοῖς
3035 2442 3219 2505 αὐτοῖς
3270 2441 3467 2504 ἁλοῖεν,
3529 2441 3644 2495 ἀλλ’
3699 2444 3755 2495 οὐ

2195 2533 2397 2595 πάντες
2427 2532 2627 2601 ὁμοίως
2670 2531 2988 2586 διάκεινταιο
3035 2530 3176 2584 ἀλλὰ
3225 2532 3276 2583 οἱ
3310 2530 3410 2601 μὲν
3451 2531 3593 2599 ταῖςε
3619 2531 3757 2584 κατά

2196 2621 2378 2691 φύσιν,
2406 2623 2456 2675 οἱ
2485 2622 2542 2675 δὲ
2566 2624 2691 2684 ταῖς
2719 2621 3035 2694 ύπερορίαις
3061 2620 3177 2692 (75)
3204 2621 3494 2692 τέρπονται
3523 2623 3752 2692 ἡδοναῖς·

532 2710 795 2780 amplexi.
831 2709 1001 2777 Quam
1030 2711 1181 2766 multi
1211 2721 1332 2768 sunt
1376 2713 1790 2769 misericordes?
1819 2717 1923 2771 Sed
1957 2716 2097 2773 inter

532 2813 601 2855 se
629 2798 899 2855 differunt.
937 2799 1110 2867 Quam
1157 2801 1310 2856 multi
1352 2811 1480 2857 sunt
1520 2802 1691 2872 justi?
1731 2804 1840 2859 Sed
1866 2805 2093 2862 variant.

2192 2715 2242 2767 οἱ
2297 2714 2407 2784 μὲνξ
2436 2714 2517 2774 εἰς
2561 2713 2659 2785 τὴν
2694 2712 2915 2784 ἔννομον
2961 2716 3122 2784 φύσιν
3168 2713 3551 2783 παροινοῦσινο
3607 2715 3657 2765 0i
3702 2712 3757 2765 δὲ

2196 2802 2291 2856 καὶ
2329 2802 2428 2873 τὴν
2480 2803 2833 2874 ὲδραστήριον
2857 2802 2968 2874 (76)
2998 2802 3327 2873 ὑϐρίζουσιν.
3354 2802 3418 2855 Οἱ
3450 2802 3549 2871 μὲν
3593 2801 3758 2871 ψοφο-

536 2889 655 2946 Νοιι
681 2890 853 2946 solum
888 2900 1066 2946 autem
1098 2891 1151 2945 in
1201 2892 1517 2957 virtutibus,
1551 2894 1647 2949 sed
1680 2895 1735 2949 in
1783 2895 1926 2950 vitiis
1956 2911 2094 2965 quo-

2194 2893 2336 2956 δεεῖς
2354 2893 2467 2963 (77)
2502 2881 2660 2946 ειᾶινσ
2684 2895 2731 2947 0i
2758 2893 2815 2946 δὲ
2845 2892 3221 2964 ριψοκίνδυνοι.
3245 2894 3307 2946 Oi
3336 2892 3437 2962 μὲν
3473 2893 3720 2961 φειδωλοὶ
3738 2909 3753 2924 ο

529 2996 647 3052 que
671 2981 812 3037 idem
839 2981 1022 3038 videre
1048 2990 1132 3036 est
1153 2983 1464 3038 discrimen.
1495 2984 1666 3051 Quam
1702 2985 1851 3040 multi
1874 2988 2091 3056 pessimi

2194 2983 2323 3036 oras
2343 2983 2559 3039 ἄσωτοι.
2584 2982 2648 3034 Οἱ
2667 2981 2765 3051 μὲν
2782 2982 2901 3035 οὐδὲ
2926 2981 3083 3049 λόγου
3109 2979 3337 3033 ἀκοῦσαι
3351 2979 3621 3033 δύνανται’
3641 2980 3757 3033 οίδὶ

539 3072 977 3142 vitiosissimique
1020 3073 1181 3128 sunt?
1212 3072 1589 3130 Verumtamen
1624 3075 1925 3133 differentia
1956 3092 2091 3145 qua-

2194 3076 2314 3130 οὑδὲ
2338 3076 2438 3140 τὰς
2458 3076 2726 3146 τιμωρίας
2774 3076 3104 3145 φρίττουσιν.
3130 3076 3194 3127 Οί
3225 3073 3323 3144 μὲν
3347 3074 3573 3137 κόλακές
3598 3076 3751 3128 είσινο

536 3163 659 3217 dam
688 3161 1144 3218 internascuntur.
1193 3162 1363 3229 Quam
1422 3164 1572 3218 multi
1630 3174 1758 3221 sunt
1786 3165 2096 3222 ilbidinibus

2194 3167 2240 3219 οἱ
2269 3167 2326 3219 δὲ
2351 3166 2741 3220 κολακεύεσθαι
2770 3165 3067 3237 βούλονται.
3114 3168 3178 3219 Oi
3214 3166 3313 3236 μὲν
3345 3166 3483 3237 μέθῃ
3510 3166 3751 3235 ἧδονται’

536 3250 741 3307 dediti?
769 3251 837 3303 At
864 3264 968 3305 non
1021 3265 1210 3307 omnes
1264 3253 1452 3307 iisdem
1502 3257 1647 3323 capti
1673 3263 1818 3308 sunt.
1856 3254 2012 3320 Quod
2048 3254 2096 3310 si

2194 3258 2241 3309 oi
2269 3257 2325 3309 δὲ
2355 3256 2523 3320 Θέαις.
2550 3258 2614 3310 Oi
2652 3257 2751 3327 μὲν
2782 3257 2947 3327 ᾠδαῖς
2968 3294 2985 3322 ,
3013 3257 3063 3309 οι
3098 3256 3156 3310 δὲ
3187 3256 3404 3328 θρήνοις
3423 3274 3437 3288 ο
3470 3259 3517 3309 οἱ
3564 3256 3663 3326 μὲν
3697 3258 3754 3309 ὲν

528 3340 701 3395 etiam
728 3339 915 3395 iisdem
942 3355 1157 3411 quoque
1180 3342 1495 3413 capiantur;
1529 3352 1585 3397 at
1609 3358 1713 3398 non
1736 3358 1923 3399 omnes
1946 3345 2096 3399 simi-

2197 3348 2316 3409 ταῖς
2348 3347 2574 3416 ἐρήμοις
2594 3385 2609 3411 ,
2650 3347 2701 3399 0i
2728 3345 2784 3399 δὲ
2813 3348 2871 3399 ἐν
2898 3349 3020 3409 ταῖς
3052 3346 3239 3399 πόλεσι
3275 3345 3642 3417 λῃστεύουσιν.
3694 3348 3754 3400 Οἱ

532 3431 660 3487 liter
686 3431 862 3486 affecti
889 3441 1045 3499 sunt;
1080 3448 1263 3488 verum
1292 3432 1383 3487 alii
1407 3433 1768 3501 voluptatibus
1798 3435 2092 3489 secundum

2201 3435 2302 3505 μὲν
2340 3435 2604 3504 φονῶσινο
2647 3437 2697 3489 οἱ
2729 3435 2785 3489 δὲ
2830 3436 2949 3489 οὐδὲ
2994 3435 3185 3503 ἄλογον
3228 3436 3595 3505 σφαττόμενον
3628 3437 3754 3489 ίδεῖν

536 3532 808 3589 naturam,
834 3522 923 3578 alii
957 3524 1323 3592 voluptatibus
1362 3539 1392 3577 a
1444 3532 1637 3578 natura
1678 3523 2095 3580 abhorrentibus

2197 3526 2579 3595 ὑπομένουσιν.
2605 3527 2666 3580 Oi
2689 3526 2790 3595 μὲν
2810 3526 2972 3581 δειλοί
2992 3529 3149 3581 εἰσιν⁹
3179 3527 3231 3579 οἱ
3256 3526 3312 3579 δὲ
3334 3526 3574 3597 θρασεῖς.
3616 3527 3751 3579 Ἀλλ’

537 3610 893 3666 delectantur.
921 3611 1026 3667 Alii
1058 3613 1273 3682 quidem
1300 3613 1354 3668 in
1380 3613 1673 3682 legitimam
1697 3621 1939 3667 naturam
1966 3627 2096 3683 pec-

2194 3618 2244 3669 εί
2285 3616 2461 3669 πάντα
2491 3616 2560 3670 τὰ
2606 3617 2978 3689 ἁμαρτήματα
3009 3617 3519 3689 καταριθμήσασθαι
3551 3620 3753 3687 ἐπιχει-

494 3748 501 3753 .
534 3708 742 3755 cantet
767 3701 1147 3767 libidinantur;
1196 3700 1287 3755 alii
1315 3715 1442 3756 vero
1480 3702 1640 3756 etiam
1674 3701 1936 3771 posticam
1967 3715 2091 3756 cor-

2195 3706 2442 3776 ρήσαιμι,
2471 3705 2581 3759 οὐδ’
2606 3708 2656 3760 εί
2679 3688 2989 3762 παύσασθαι
3016 3688 3326 3779 βουλοίμην,
3351 3707 3635 3778 δυναίμην.
3667 3708 3755 3760 Διὸ

533 3791 680 3859 poris
718 3802 928 3861 partem
970 3791 1296 3847 contumelia
1333 3791 1596 3849 afficiunt.
1639 3792 1744 3847 Alii
1791 3792 2092 3848 meticulosi

2194 3794 2480 3859 ἐκθειάσας
2503 3795 2601 3860 τὰς
2631 3796 2781 3865 ἱερὰς
2811 3798 2905 3851 καὶ
2938 3797 3085 3860 θείας
3110 3796 3363 3867 Γραφάς,
3397 3795 3753 3854 καταπαύσω.

532 3893 598 3934 ac
622 3880 794 3935 timidi
826 3891 985 3945 sunt;
1028 3880 1122 3935 alii
1148 3881 1383 3936 audaces
1416 3889 1471 3937 et
1500 3882 1857 3951 praeﬁdentes.
1887 3881 1991 3936 Alii
2024 3891 2242 3939 tenaces
2273 3898 2337 3938 ac
2367 3885 2554 3953 parci;
2591 3886 2679 3941 alii
2712 3885 2919 3955 profusi
2969 3901 3034 3941 ac
3090 3898 3330 3955 nep0tes.
3362 3886 3467 3940 Alii
3522 3902 3588 3939 ne
3636 3891 3756 3940 ver;

530 3969 658 4024 bum
689 3970 902 4040 quidem
927 3971 1114 4026 audire
1142 3980 1366 4041 possunt
1399 3970 1721 4038 acrius;alii
1742 3980 1933 4026 contra
1996 3980 2125 4026 sunt
2157 3972 2249 4041 qui
2278 3987 2345 4027 ne
2373 3973 2632 4044 supplicia
2659 3974 2825 4046 476
2849 3976 3063 4047 quidem
3111 3976 3355 4032 horrent.
3420 3975 3523 4029 Alii
3566 3975 3756 4029 adula-

532 4070 678 4118 tores
700 4072 853 4129 sunt;
886 4064 974 4117 alii
1007 4078 1134 4118 vero
1162 4080 1225 4119 se
1254 4064 1462 4118 adulari
1498 4062 1700 4118 volunt.
1744 4063 1851 4116 Alii
1892 4062 2156 4119 ebrietate
2181 4065 2432 4134 gaudent,
2497 4066 2588 4121 alii
2657 4066 3008 4137 spectaculis;
3063 4066 3157 4122 alii
3189 4066 3460 4133 cantibus,
3532 4064 3622 4118 alii
3674 4064 3754 4118 la-

528 4154 965 4210 mentationibus.
994 4155 1097 4209 Alii
1146 4157 1201 4209 in
1245 4157 1499 4220 desertis,
1530 4155 1623 4209 alii
1654 4157 1708 4209 in
1740 4156 1963 4210 urbibus
2027 4157 2310 4214 latrocinia
2371 4167 2647 4216 exercent.
2693 4161 2797 4215 Alii
2864 4163 3037 4216 caedes
3084 4161 3293 4230 spirant
3331 4170 3386 4213 et
3449 4168 3753 4236 appetunt;

531 4244 618 4297 alii
650 4257 716 4297 ne
756 4244 967 4297 brutum
993 4245 1209 4312 quidem
1251 4243 1452 4298 animal
1496 4251 1787 4298 mactatum
1841 4245 2080 4313 aspicere
2117 4262 2273 4315 aequo
2299 4247 2481 4302 animo
2510 4256 2753 4318 possunt.
2781 4247 2886 4303 Alii
2951 4247 3148 4317 ignavi,
3182 4246 3271 4300 alii
3347 4244 3558 4300 feroces
3597 4255 3748 4298 sunt.

531 4332 639 4387 Sed
669 4332 712 4385 si
737 4333 915 4386 omnia
955 4332 1233 4388 hominum
1274 4342 1495 4403 peccata
1537 4346 1855 4388 enumerare
1898 4346 2083 4399 coner,
2124 4349 2192 4389 ne
2234 4334 2281 4389 si
2340 4333 2504 4390 velim
2542 4335 2758 4405 quidem
2790 4336 2993 4389 exitum
3059 4332 3305 4389 invenire
3354 4346 3421 4389 ac
3477 4332 3748 4396 desinere,

531 4422 754 4491 possim.
800 4421 1136 4492 Quapropter
1192 4430 1481 4479 veneratus
1528 4437 1711 4478 sacras
1760 4438 1824 4478 ac
1885 4423 2094 4480 divinas
2133 4423 2462 4494 Scripturas,
2497 4425 2588 4482 hic
2622 4425 2782 4481 ﬁnem
2821 4425 3035 4482 faciam.

1627 4598 1861 4655 VARIE
1900 4597 2283 4656 LECTIONES
2317 4598 2405 4655 ET
2439 4599 2670 4656 NOTIE.

522 4768 881 4840 prospiciunt,
919 4770 1043 4840 dum
1073 4783 1177 4823 non
1211 4767 1385 4823 solum
1443 4768 1496 4822 in
1528 4767 1758 4832 actione,
1790 4766 1884 4821 sed
1916 4768 2080 4823 etiam

2219 4838 2229 4840 _
2254 4768 2365 4839 (75)
2384 4768 2521 4840 _Cod.
2551 4769 2673 4825 Vat.
2699 4769 2811 4840 650
2842 4782 2939 4837 pro
2970 4767 3233 4840 μειζόνῳν
3268 4774 3326 4840 e_t_
3350 4766 3589 4838 μετρίων
3614 4767 3753 4840 scri-

522 4836 575 4920 in
628 4836 967 4920 cogitatione
1004 4838 1301 4920 fmditatem
1349 4852 1503 4920 suam
1582 4847 2071 4920 recognoscunt.)

2194 4836 2543 4920 δίῐμείζόνιυς
2571 4845 2626 4893 et
2648 4836 2919 4920 μετρίαις,
2952 4836 3055 4892 lion
3088 4836 3249 4891 male.
3287 4836 3439 4891 vers.
3456 4836 3580 4905 seq.
3611 4836 3755 4888 ἐντι-

522 4906 796 4962 ιιιττί-
831 4906 1099 4975 Quidquid
1129 4906 1223 4969 sit.
1262 4906 1527 4960 luculenta
1557 4914 1642 4959 est
1686 4914 1741 4957 et
1772 4906 2081 4972 pererudita

521 4977 696 5055 super
718 4976 818 5055 h_oc
847 4976 991 5055 dicto
1019 4975 1207 5055 Isidori
1232 4974 1633 5055 commentatio.
1654 4972 1838 5055 IED!;I'._
1894 5042 1907 5054 ο
2040 5042 2076 5055 ,Δ

2194 4923 2281 4976 μον
2313 4917 2485 4961 mutat
2523 4909 2575 4961 in
2607 4906 2808 4976 τίμιον.
2850 4909 2929 4960 In.

2252 4975 2363 5045 (74)
2391 4978 2471 5029 Οὐ
2498 4977 2692 5055 μόνον
2724 4977 2825 5055 ἐπεὶ
2847 4975 2987 5055 ,τῶν
3029 4974 3131 5042 ἀρ.
3154 4973 3285 5029 Post
3309 4974 3370 5028 οὐ
3413 4973 3577 5044 μόνον
3611 4976 3754 5030 vide-

591 5041 703 5113 (70)
737 5044 884 5098 Inter
925 5044 1158 5115 διαφορὰ
1196 5054 1282 5121 οιΑ
1308 5044 1523 5121 πάντῳς
1552 5045 1691 5121 _cod.
1716 5041 1863 5121 ‘iLat.
1894 5042 2084 5121 inserit

2194 5041 2700 5121 ,υῇ-ερεεοιῂῖεευιη
2735 5046 2814 5121 δέ.
2846 5043 3014 5121 R_r_r'r.

517 5109 763 5184 πάντῶν,
798 5122 855 5166 et
903 5109 1044 5184 vers.
1086 5109 1203 5184 post
1251 5113 1306 5176 2,
1330 5127 1426 5183 pro
1463 5114 1661 5164 ἐνεῖναι
1711 5109 1852 5175 δόξει
1887 5111 2080 5166 scribit

2254 5112 2367 5181 (75)
2398 5111 2853 5184 Probarspopiat;
2886 5114 3025 5166 idem
3056 5111 3179 5184 cod.
3226 5111 3390 5167 habet
3418 5111 3751 5184 ’ὑπερορίοις

515 5186 657 5241 idem
678 5182 878 5251 δόξειεν
907 5177 1348 5251 εῖναι.Ῥοεειιι.’
1407 5250 1419 5251 γ
1545 5249 1555 5251 _
1694 5248 1705 5251 _
1802 5250 1807 5251 γ
1914 5247 1957 5251 __

2194 5191 2236 5235 at
2260 5177 2558 5251 versuinde
2581 5177 2655 5245 4,’
2677 5177 2962 5251 ἀνέχονται
2997 5197 3094 5251 pro
3117 5181 3387 5234 δύνανται.
3418 5177 3499 5234 In.

584 5252 699 5325 (71)
720 5250 1001 5325 Ιηιετχὰρ
1021 5262 1076 5305 et
1108 5252 1339 5321 χαροποὶ
1371 5250 1513 5325 idem
1544 5248 1735 5325 inserit
1765 5250 1891 5303 εἱσι.
1914 5247 2069 5302 Vers.

2244 5249 2358 5325 (76)
2414 5247 3151 5325 'Eﬁgaa'niptof._lntelligit
3197 5266 3356 5302 anum
3395 5264 3426 5325 :_
3449 5259 3505 5303 et
3548 5248 3747 5303 indicat

513 5322 551 5377 4
581 5317 695 5389 seq.
734 5317 1139 5389 μελανόμματοι
1162 5317 1331 5389 mutat
1371 5321 1422 5389 in
1444 5317 1937 5389 μεγαλονόμματοι,
1970 5332 2077 5389 non

2194 5317 2349 5371 scelus
2387 5319 2532 5389 quod
2567 5334 2671 5375 non
2689 5317 2912 5389 prolicit
2949 5317 3110 5386 scire,
3158 5329 3220 5372 ut
3241 5332 3365 5372 cum
3414 5318 3748 5386 imperatore

514 5336 551 5377 4
581 5337 695 5389 seq.
725 5336 1136 5443 μελανόμματοι
1162 5336 1331 5373 mutat
1371 5336 1422 5371 In
1451 5336 1937 5388 μεγαΑονομματοι,
1970 5336 2077 5370 non
2175 5336 2349 5371 scelus
2387 5336 2495 5386 quo

514 5399 683 5445 recte.
771 5402 876 5441 ers.
920 5403 1037 5455 seq.
1074 5398 1194 5455 post
1224 5388 1409 5441 λευκοὶ
1442 5388 1556 5441 haec
1596 5397 1742 5441 recte
1779 5388 1942 5455 _addit
1970 5386 2075 5455 κᾲν
2176 5386 2381 5454 loquar.
2418 5388 2496 5441 In.

515 5457 726 5537 τούτοις
786 5457 948 5510 πάλιν
1000 5451 1267 5528 ἐναλλαγή
1290 5473 1303 5486 ’
1354 5458 1401 5509 oi
1467 5455 1524 5508 δὲ
1597 5456 1693 5508 καὶ
1746 5451 1891 5507 οὖλοι
1914 5471 1927 5484 ·
1984 5453 2074 5507 ἀλ.

2246 5451 2358 5536 (77)
2396 5455 2572 5537 Gloss.
2617 5465 2724 5511 vet.
2756 5455 3044 5526 ψοφοδεὴς,
3076 5470 3382 5537 concretus.
3418 5454 3516 5537 Est
3562 5464 3743 5537 autem

514 5526 697 5657 ¹¹>(72)
726 5591 869 5647 Edit.
897 5592 1097 5661 Paris.,
1128 5593 1191 5647 οὐ
1237 5592 1347 5662 γὰρ
1388 5594 1638 5647 παντοῖον
1674 5593 1865 5647 είπεῖν.
1914 5591 2071 5647 Eutr.

2194 5539 2224 5599 ys
2254 5526 2345 5594 qui
2369 5526 2594 5583 minimo
2623 5540 2837 5597 quoque
2862 5540 2996 5583 sono
3022 5533 3116 5582 aut
3142 5526 3382 5596 strepitu
3405 5532 3741 5580 exterretur.

2201 5607 2259 5647 ι.

855 5631 869 5647 0
897 5624 1097 5661 Idll’o'
1128 5624 1191 5647 νυ
1388 5624 1637 5647 νηνενιυινν
1674 5624 1865 5647 ιιιιςιγ.
1914 5624 2071 5647 ιιι-ἰιι
2176 5624 2259 5647 Ι..
