4042 6146
385 262 537 339 ’1189

849 375 997 431 PIE'.
1045 405 1115 415 —
1150 376 1496 449 ΕΠΙΦΑΝΙῼ.

378 460 503 543 ίΕις
538 465 603 519 τὸ
629 462 1173 543 συγξιριτικὸνιςξερί
1195 465 1465 543 έιοίχείας
1500 464 1599 543 καὶ
1619 459 1853 533 κλοπῆς
1871 480 1963 531 τε·

378 540 379 543 η
477 528 495 534 ⁷
548 528 901 602 rpapﬁéi'or-
949 550 968 583 ι
1016 528 1157 584 Ἐὰν
1178 528 1450 598 ηᾶλῷ⁷τις⁷
1479 533 1767 586 κλέπτων.

456 620 686 686 νΕοικας
719 623 954 689 ἀγνοεῖν,
984 622 1064 674 ὅτι
1115 622 1206 673 ἐπὶ
1239 622 1347 675 τῶν
1378 623 1656 693 ὁμογενῶν
1684 622 1819 691 (78),
1865 621 1965 674 οὒκ

392 715 485 769 ἐπὶ
513 714 622 766 τῶν
651 711 980 781 ἑτερογενῶν
1018 714 1046 765 ὁ
1076 711 1429 783 συγκριτικός
1451 712 1736 783 χαρακτὴρ
1756 712 1966 775 λαμὸάε-

393 821 561 859 νεται,
583 802 684 855 οὐκ
711 805 792 865 εἰς
814 802 912 872 τὴν
942 800 1189 856 ἐναντίαν
1218 804 1370 868 τάξιν
1402 800 1616 870 ἐξωθῶν
1641 804 1709 854 τὰ
1742 817 1968 870 συγκρι-

392 896 611 965 νόμεναο
662 892 779 946 ἀλλ’
841 892 1139 946 ἐλάττωσιν
1188 893 1467 964 ἐμφαίνων
1520 892 1615 945 καὶ
1665 892 1957 961 ὑπεροχήν.

384 981 609 1055 ””Ωσπερ
648 985 756 1055 γὰρ
784 987 841 1037 ἐν
862 986 975 1047 τοῖς
1001 986 1307 1055 πταίσμασι
1334 984 1394 1038 τὸ
1424 985 1524 1055 μὲν
1548 983 1661 1037 ἐστι
1694 983 1879 1049 κακὸν,
1906 984 1966 1035 τδ

392 1073 449 1129 δὲ
477 1077 686 1139 κάκιον,
725 1074 785 1127 τὸ
814 1074 871 1127 δὲ
908 1074 1166 1127 κάκιστον
1204 1074 1395 1144 (κακὸν
1430 1074 1528 1144 μὲν
1553 1077 1661 1143 γάρ
1696 1075 1729 1143 ἡ
1767 1073 1963 1142 κλοπήο

394 1166 583 1220 κάκιον
608 1165 665 1218 δέ
695 1166 729 1234 ἡ
768 1164 1016 1232 πορνεία·
1044 1163 1298 1217 κάκιστον
1328 1164 1385 1217 δὲ
1420 1166 1454 1231 ἡ
1490 1163 1725 1234 μοιχεία)
1745 1178 1759 1192 ·
1796 1161 1968 1227 οὕτως

394 1257 497 1310 κάν
532 1257 645 1316 τοῖς
673 1252 1095 1324 κατορθώμασι,
1124 1252 1186 1306 τὸ
1218 1254 1317 1324 μὲν
1341 1254 1526 1319 καλὸν,
1552 1253 1613 1306 τὸ
1635 1253 1690 1306 δὲ
1726 1252 1966 1317 κάλλιον,

392 1345 454 1397 τὸ
473 1344 529 1396 δὲ
561 1342 867 1396 κάλλιστον’
912 1342 1077 1395 καλὸν
1116 1343 1215 1413 μὲν
1248 1343 1357 1413 γὰρ
1389 1345 1418 1396 ό
1443 1343 1638 1412 γάμος’
1668 1342 1882 1397 κάλλιον
1910 1340 1969 1394 δὲ

394 1436 429 1505 ἡ
458 1434 771 1505 ἐγκράτεια,
805 1431 1090 1485 κάλλιπον
1117 1432 1173 1485 δὲ
1204 1435 1237 1503 ἡ
1288 1431 1549 1503 παρθενία
1583 1430 1719 1503 (7⁷9).
1763 1432 1837 1483 Τὸ
1875 1425 1968 1484 οὖν

393 1525 488 1577 τοῦ
517 1522 801 1577 καλλίστου
833 1521 1073 1585 ἔλαττον,
1107 1522 1205 1575 οὐκ
1234 1523 1312 1585 είς
1344 1519 1442 1592 τὴν
1480 1521 1728 1575 ἐναντίαν
1757 1520 1970 1585 ἐξωθεῖ-

394 1632 484 1669 ται
512 1614 685 1679 τάξιν,
716 1612 831 1666 ἀλλ’
869 1613 949 1675 είς
985 1611 1084 1683 τὴν
1117 1613 1371 1667 ἐλάττονα
1410 1612 1528 1683 μὲν,
1571 1612 1667 1682 τὴν
1696 1612 1862 1682 αὐτὴν
1887 1611 1967 1665 δέ.

1271 266 1799 332 EPISTOLARUM
1838 266 1984 329 LIB.
2026 268 2124 329 IV.
2166 291 2235 303 -
2263 268 2502 329 EPIST.
2542 266 2739 330 CXVI.

3490 271 3622 339 1190

2504 379 2662 437 CXV.
2695 408 2766 419 —
2798 376 3168 435 EPIPHANIO

2062 465 2130 521 In
2160 470 2601 549 comparationem
2649 471 2715 549 de
2763 470 3025 549 adulterio
3066 481 3117 524 et
3147 472 3618 549 furto__scriptam,

2277 535 2295 588 ι
2335 535 2396 591 Si
2418 539 2533 608 quis
2562 539 2616 591 in
2645 539 2788 607 furto
2810 535 3158 607 deprehensus
3196 543 3264 594 sit
3303 542 3365 595 η.
3401 562 3421 593 ι

2134 623 2350 681 Videris
2380 627 2650 697 ignorare,
2683 629 2826 696 quod
2855 630 2908 683 in
2950 628 3054 683 illis
3087 644 3206 699 quae
3232 631 3470 697 ejusdem
3498 644 3625 689 sunt

2062 716 2302 784 generis,
2334 730 2438 769 non
2468 716 2519 768 in
2554 717 2619 770 iis
2645 732 2772 786 quae
2793 727 2919 772 sunt
2960 720 3184 785 diversi,
3206 724 3623 791 comparationis

2066 816 2190 858 nota
2221 805 2394 859 locum
2424 807 2638 873 habeat,
2661 823 2764 862 non
2804 809 2859 863 in
2888 810 3220 864 contrarium
3249 813 3492 866 ordinem
3528 829 3621 870 ve-

2066 894 2142 948 lut
2174 894 2447 965 expellens
2472 910 2533 950 ea
2559 913 2785 965 quorum
2818 899 3119 954 instituitur
3138 903 3499 969 comparatio;
3529 905 3623 960 sed

2070 984 2151 1037 vel
2186 985 2504 1041 deteriorem
2541 988 2624 1041 vel
2673 991 3103 1058 praestantiorem
3150 990 3393 1047 indicans
3440 994 3624 1047 condi-

2066 1072 2289 1126 tionem.
2314 1074 2450 1128 Nam
2492 1085 2549 1128 ut
2581 1076 2637 1129 in
2688 1078 2837 1132 vitiis
2866 1090 2923 1133 et
2952 1078 3186 1149 lapsibus
3227 1082 3374 1135 aliud
3409 1085 3624 1152 quidem

2070 1171 2154 1217 cst
2178 1164 2402 1230 malum,
2431 1164 2575 1219 aliud
2609 1181 2735 1221 vero
2788 1169 2965 1237 pejus,
2995 1170 3139 1224 aliud
3196 1171 3426 1240 denique
3453 1173 3625 1241 pessi-

2067 1268 2210 1307 tnum
2249 1259 2399 1323 (nam
2445 1254 2641 1308 malmn
2672 1256 2887 1325 quidem
2917 1266 3001 1313 est
3044 1258 3267 1327 furtum,
3318 1260 3467 1329 pejor
3500 1276 3626 1315 vero

2064 1342 2352 1408 scortatio;
2377 1344 2667 1412 pessimum
2696 1357 2873 1400 autem
2898 1349 3266 1420 adulterium),
3285 1350 3365 1405 sic
3389 1351 3552 1404 etiam
3572 1350 3625 1403 in

2066 1432 2353 1487 virtutibus
2383 1444 2442 1487 et
2486 1443 2631 1488 recte
2691 1435 2866 1500 factis,
2902 1437 3046 1492 aliud
3106 1439 3301 1492 bonum
3353 1448 3455 1501 est,
3483 1439 3626 1493 aliud

2069 1524 2278 1591 melius,
2309 1525 2451 1578 aliud
2475 1528 2757 1594 optimum.
2784 1528 2944 1583 Verbi
2968 1531 3161 1598 gratia,
3187 1531 3382 1583 bonum
3411 1531 3625 1597 quidem

2075 1622 2157 1668 est
2220 1614 2670 1684 conjugium,sed
2732 1618 3071 1686 prtestantior
3119 1628 3201 1672 est
3263 1618 3623 1685 continentia;

396 1707 473 1759 Οὐ
507 1705 616 1775 γὰρ
661 1704 727 1758 ἀν
773 1700 875 1768 τις
905 1703 1195 1774 σωφρονῶν
1235 1707 1303 1775 τῇ
1355 1703 1581 1774 πορνείᾳ
1618 1704 1717 1774 τὴν
1763 1701 1968 1773 παρθε-

2071 1706 2509 1773 praestantissima
2547 1721 2673 1762 vero
2717 1718 2876 1777 atque
2901 1708 3104 1777 optima
3157 1707 3453 1777 virginitas.
3494 1707 3625 1760 lllud

396 1795 516 1849 νίαν
546 1792 655 1864 (80)
690 1792 1045 1863 παραϐάλλοι,
1076 1792 1213 1846 ἀλλά
1241 1793 1340 1863 τὴν
1379 1794 1702 1863 ἐγκράτειαν
1754 1793 1849 1846 καὶ
1877 1791 1966 1844 τὸν

396 1888 578 1957 τίμιον
622 1885 820 1955 γάμον.
849 1884 957 1937 Καὶ
984 1886 1016 1956 ἡ
1044 1883 1235 1956 Γραφὴ
1270 1884 1328 1937 δέ
1374 1885 1580 1954 κλοπῆς
1606 1886 1698 1938 καὶ
1728 1884 1967 1954 μοιχείας

400 1978 688 2048 σύγκρισιν
707 1975 1026 2047 ποιουμένη,
1057 1976 1183 2046 ἐφηο
1220 1994 1239 2028 ι
1279 1976 1353 2029 Οὐ
1379 1976 1707 2046 θαυμαστὸν,
1736 1976 1829 2030 ἐὰν
1857 1974 1968 2045 ἁλῷ

398 2085 483 2131 τις
520 2067 786 2121 κλέπτωνο
816 2065 1037 2120 κλέπτει
1061 2066 1190 2137 γάρ,
1225 2066 1309 2119 ἵνα
1355 2067 1605 2138 ἐκπλησῃ
1638 2066 1747 2137 (81)
1786 2066 1967 2136 ψυχὴν

398 2157 691 2211 πεινῶσαν.
728 2157 789 2209 '0
813 2155 869 2208 δὲ
896 2155 1079 2226 μοιχὸς
1109 2155 1177 2209 δι’
1218 2154 1422 2210 ἔνδειαν
1459 2156 1672 2226 φρενῶν
1695 2155 1968 2209 ἀπώλειαν

398 2252 468 2320 τῇ
500 2247 692 2303 ἐαυτοῦ
716 2247 859 2317 ψυχῇ
902 2248 1287 2316 περιποιεῖται.
1325 2265 1343 2299 ι
1385 2248 1458 2300 Οὐ
1488 2248 1596 2319 γὰρ
1641 2245 1967 2316 συγγνώμην

400 2339 715 2409 παρέχουσα
743 2338 824 2408 τῷ
858 2337 1139 2389 κλέπτοντι
1163 2378 1179 2403 ,
1206 2338 1300 2389 καὶ
1339 2337 1648 2391 ἀπολύουσα
1673 2336 1833 2390 αὑτὸν
1862 2337 1969 2390 τῶν

399 2430 778 2499 ἐγκλημάτων,
808 2427 964 2480 τοῦτο
1003 2427 1128 2498 ἔφη’
1174 2427 1310 2480 ἀλλά
1348 2429 1413 2498 τῇ
1457 2426 1703 2497 μοιχείᾳ,
1737 2425 1967 2497 κακίστη

398 2520 556 2591 abun,
577 2521 677 2591 τὴν
699 2519 904 2590 κλοπὴν
926 2536 1001 2571 πα
1011 2518 1370 2589 ραὸάλλουσα,
1404 2518 1766 2589 ὴμερωτέραν
1796 2517 1967 2587 αὐτὴν

398 2612 507 2681 ἔφη
551 2607 689 2665 εἶναι
730 2612 822 2664 καὶ
852 2610 1204 2680 κουφοτέραν,
1251 2610 1345 2663 καὶ
1384 2608 1620 2680 μάλιστα
1677 2609 1806 2663 ὅταν
1862 2607 1969 2660 ὑπὸ

397 2702 588 2766 πενίας
619 2703 893 2772 τίκτηται.

2074 1795 2254 1864 igitur,
2287 1794 2428 1863 quod
2460 1795 2662 1863 optimo
2682 1806 2769 1851 est
2796 1796 3044 1862 inferius,
3078 1814 3182 1852 non
3223 1799 3273 1852 in
3304 1799 3626 1853 contrariam

2066 1881 2369 1937 extruditur
2392 1881 2607 1949 seriem,
2636 1884 2727 1939 sed
2756 1896 2933 1938 manet
2962 1885 3013 1939 iu
3047 1888 3232 1939 eadem
3254 1886 3413 1951 serie,
3439 1896 3630 1939 tamet-

2077 1972 2123 2025 si
2177 1970 2446 2027 inferiore.
2484 1972 2648 2028 Nemo
2670 1976 2812 2029 enim
2857 1974 2947 2045 qtti
2977 1991 3120 2031 sana:
3181 1977 3375 2031 mentis
3401 1978 3491 2039 sit,
3518 1974 3630 2029 for-

2074 2061 2398 2116 nicationem
2428 2077 2549 2117 cum
2586 2063 2890 2133 virginitate
2939 2067 3242 2131 contulerit,
3304 2067 3396 2121 sed
3451 2065 3629 2136 potius

2070 2153 2454 2206 continentiam
2506 2163 2558 2206 ct
2618 2154 2926 2210 honorabile
2976 2156 3301 2226 coniugium.
3355 2155 3626 2224 Scriptura

2074 2256 2287 2310 quoque
2316 2240 2445 2297 furti
2474 2252 2527 2298 et
2556 2244 2802 2298 adulterii
2835 2247 3295 2315 comparationem
3321 2246 3626 2312 instituens,

2072 2333 2146 2386 ait
2176 2351 2191 2387 :
2225 2350 2246 2385 ι
2278 2332 2393 2387 Non
2418 2334 2489 2388 sit
2520 2336 2736 2399 mirum,
2765 2336 2808 2389 si
2854 2338 3099 2406 capiatur
3132 2338 3325 2408 aliquis
3361 2340 3450 2408 qui
3482 2338 3630 2391 fura-

2073 2433 2181 2483 tur.
2214 2424 2447 2479 Furatur
2474 2425 2639 2489 enim,
2666 2435 2723 2479 ut
2756 2427 2973 2496 impleat
2999 2430 3233 2485 animam
3281 2431 3627 2484 esurientem.

2071 2516 2143 2570 At
2170 2516 2413 2571 moechus
2462 2526 2679 2585 prapter
2717 2517 2949 2587 inpiam
2987 2521 3203 2584 mentis,
3271 2522 3627 2590 perditionem

2072 2608 2265 2661 aninue
2287 2621 2396 2661 sua:
2423 2607 2676 2675 acquirit.
2711 2626 2731 2660 ι
2765 2608 2881 2663 Νοιι
2903 2610 3043 2663 enim
3073 2627 3136 2664 eo
3164 2626 3321 2666 sensu
3352 2611 3451 2665 hoc
3472 2611 3626 2674 dixit,

2072 2696 2225 2763 quasi
2253 2695 2463 2748 veniam
2496 2697 2650 2751 daret
2684 2698 2819 2765 furi,
2858 2713 3088 2767 eumque
3135 2701 3352 2754 omnino
3383 2700 3629 2754 absolve-

388 2804 487 2849 ret
511 2796 579 2850 ab
613 2795 758 2849 omni
798 2793 1046 2859 crimine,
1074 2792 1167 2849 sed
1213 2808 1334 2848 cum
1360 2793 1645 2859 adulterio,
1676 2791 1817 2861 quod
1877 2788 2167 2860 pessimum
2236 2789 2579 2854 estﬁscelus,
2620 2789 2821 2845 furtum
2880 2807 3221 2863 comparans,
3299 2793 3470 2850 levius
3527 2794 3629 2850 hoc

388 2898 566 2953 atque
615 2883 951 2939 tolerabilius
995 2898 1116 2938 esse
1162 2883 1549 2952 pronuntiavit,
1596 2884 1955 2950 maximeque,
1995 2878 2261 2947 quandoa
2293 2888 2612 2947 paupertate
2649 2890 2964 2948 generatur.

708 2973 869 3041 PIG".
906 3002 971 3014 —
1012 2972 1309 3042 ΕΥΤΟΝῘῼ
1347 2971 1665 3040 ΔΙΑΚΟΝῼ.

678 3062 819 3131 Περὶ
838 3059 1101 3130 Λαζάρου
1131 3061 1229 3114 καὶ
1250 3059 1360 3113 τοῦ
1374 3062 1693 3112 πλουσίου.

466 3153 695 3217 1Ἔοικας
728 3151 1159 3223 τεθορυὸἧσθαι,
1187 3149 1274 3202 δια
1321 3149 1380 3201 τὸ
1414 3146 1732 3216 ἀκηκοέναι,
1770 3144 1849 3197 ὅτι
1888 3142 1974 3196 ἐν-

396 3244 575 3300 ⁴ταῖίθα
600 3245 697 3299 καὶ
722 3246 751 3297 ό
778 3244 1027 3313 Λάζαρος
1055 3241 1124 3294 τὰ
1157 3239 1475 3308 πταίσματα
1494 3280 1509 3305 ,
1544 3238 1639 3292 καὶ
1664 3239 1692 3291 ό
1720 3235 1974 3298 πλούσιος

394 3336 474 3390 ’τὰ
521 3333 918 3405 κατορθώματα
952 3331 1251 3401 ἀπείληφεν
1271 3346 1286 3360 ·
1320 3328 1435 3383 ἀλλ’
1473 3329 1523 3381 εί
1584 3329 1867 3398 προσεῖχες
1898 3326 1974 3395 τῷ

390 3425 697 3497 τερημένῳ,
725 3424 826 3476 οὐκ
851 3422 917 3476 ἂν
951 3420 1171 3484 ἔπαθες.
1196 3420 1268 3473 Τὸ
1295 3420 1402 3491 γὰρ
1426 3417 1501 3490 μὴ
1524 3419 1716 3481 εἰπεῖν,
1761 3416 1971 3479 ἔλαϐες,

390 3514 527 3573 ’ἀλλῗ
574 3513 869 3578 ἀπέλαϐες
913 3510 1014 3581 (τὸ
1061 3510 1161 3581 μὲν
1189 3509 1295 3579 γὰρ
1329 3510 1490 3579 χάριν
1543 3506 1774 3578 μηνύει,
1812 3505 1874 3558 τὸ
1918 3505 1975 3559 δὲ

389 3601 682 3673 ιάμοιὸὴν),
710 3602 889 3654 πᾶσαν
919 3597 1200 3669 σαφηνίζει
1217 3598 1311 3651 καὶ
1337 3597 1598 3664 ἐγγυᾶται
1625 3596 1721 3665 τὴν
1747 3593 1971 3658 ἔννοιαν,

389 3691 502 3761 τὴν
540 3691 667 3762 παρ’
712 3690 870 3761 ἡμῶν
905 3688 1217 3760 εἰρημένην.
1263 3688 1386 3741 Ὅτι
1421 3688 1476 3740 δέ
1521 3688 1579 3739 ού
1625 3686 1783 3755 μόνον
1813 3683 1862 3736 οἱ
1894 3683 1972 3745 είς

404 3782 575 3851 ἄκρον
594 3782 796 3852 ἀρετῆς
819 3779 1140 3851 ἐληλακότες
1164 3778 1379 3849 ἔχουσιν
1399 3776 1734 3848 ἀνθρώπινόν
1748 3791 1800 3827 τι
1821 3774 1975 3826 πταῖ-

406 3887 522 3942 σμα
546 3870 565 3940 (
591 3871 752 3941 μόνον
788 3870 897 3938 γὰρ
928 3869 987 3922 τὸ
1014 3868 1166 3922 Θεῖον
1189 3864 1614 3937 ἀναμάρτητον),
1646 3861 1781 3916 ἀλλά
1805 3863 1899 3915 καὶ
1925 3863 1974 3914 οἱ

404 3963 488 4024 εἰς
517 3961 609 4014 τὸν
655 3960 905 4029 πυθμένα
936 3961 1033 4031 τῆς
1068 3958 1264 4021 κακίας
1302 3956 1755 4026 ἐμπεπτωκότες,
1792 3950 1975 4023 έχουσι

402 4066 462 4103 τι
508 4048 870 4119 κατόρθωμα,
920 4050 955 4119 ἡ
1004 4047 1125 4116 ἱερὰ
1165 4046 1425 4116 κηρύττει
1464 4043 1677 4114 Γραφή’
1710 4041 1837 4111 περ).
1876 4040 1975 4109 μὲν

406 4138 633 4192 ἐκείνων
665 4138 915 4205 λέγουσαο
953 4156 971 4188 ι
1000 4137 1095 4199 Τίς
1123 4136 1478 4205 καυχήσεται,
1512 4132 1678 4203 ἁγνὴν
1709 4133 1849 4200 ἔχειν
1874 4131 1975 4201 τὴν

408 4228 670 4298 καρδίανς
719 4228 753 4299 ἢ
802 4227 885 4290 τίς
912 4224 1388 4297 παρῤησιάσεται,
1433 4222 1669 4293 καθαρὸς
1702 4216 1840 4274 εἶναι
1868 4219 1975 4273 ἀπὸ

2380 2964 2563 3020 CXVI.
2590 2995 2659 3005 —
2684 2962 2982 3021 EUTONIO
3010 2967 3322 3025 DIALONO.

2525 3054 2604 3108 De
2628 3054 2830 3109 Lazaro
2857 3067 2905 3109 et
2928 3058 3088 3111 divite
3107 3059 3168 3112 ⁸³.

2146 3143 2355 3198 Videris
2384 3147 2729 3214 perturbatus
2770 3161 2913 3210 esse,
2949 3149 3088 3217 quod
3120 3149 3410 3216 audiveris,
3451 3152 3500 3205 iu
3528 3151 3631 3206 hoc

2072 3232 2269 3287 saeculo
2300 3242 2355 3287 et
2386 3232 2652 3288 Lazarum
2688 3234 2932 3305 lapsuum
2971 3251 3191 3292 suorum
3218 3253 3426 3308 poenas,
3463 3252 3515 3296 et
3547 3244 3630 3296 di-

2075 3324 2235 3377 vitem
2273 3333 2420 3378 recte
2448 3324 2515 3377 ab
2570 3340 2629 3379 se
2694 3325 2953 3381 factorum
3007 3330 3225 3397 praemia
3258 3331 3545 3402 recepisse.
3574 3331 3629 3386 Si

2073 3422 2203 3463 vero
2236 3410 2303 3463 ad
2336 3410 2389 3464 id
2411 3411 2554 3479 quod
2591 3412 2793 3467 dictum
2827 3420 2929 3479 est,
2968 3416 3333 3482 attendisses,‘
3370 3432 3475 3472 non
3528 3419 3629 3473 hoc

2076 3497 2169 3552 tibi
2200 3499 2534 3568 contigisset.
2562 3500 2698 3556 Nam
2756 3505 2898 3573 quod
2955 3520 3060 3558 non
3094 3505 3192 3573 ait,
3229 3507 3506 3577 accepisti,
3534 3513 3627 3564 sed

2073 3590 2315 3659 recepisti
2340 3590 2495 3659 (illud
2534 3593 2678 3647 enim
2721 3594 2925 3649 indicat
2960 3595 3214 3664 gratiam,
3255 3599 3358 3652 hoc
3396 3613 3519 3653 vero
3546 3612 3631 3652 re-

2077 3679 2448 3748 tributionem)
2484 3702 2498 3734 :
2530 3682 2581 3735 id
2607 3698 2820 3738 omnem
2850 3684 3086 3739 declarat
3106 3700 3169 3739 ac
3198 3687 3459 3755 promittit
3484 3688 3628 3742 illum

2071 3784 2309 3838 sensum,
2339 3786 2500 3838 quem
2549 3787 2647 3827 nos
2690 3774 2945 3829 diximus.
2992 3774 3153 3845 477
3180 3775 3298 3830 Jam
3344 3779 3487 3845 quod
3521 3793 3627 3832 non

2071 3859 2240 3913 solum
2275 3860 2308 3912 ii
2349 3860 2440 3926 qui
2474 3862 2541 3914 ad
2594 3877 2904 3930 supremum
2939 3864 3164 3919 virtutis
3203 3865 3475 3936 fastigium
3507 3883 3630 3937 per-

2071 3959 2352 4013 venerunt,
2387 3950 2620 4005 habeant
2655 3953 2869 4021 aliquod
2905 3956 3199 4009 humanum
3236 3969 3476 4013 erratum
3516 3960 3627 4029 (cui

2076 4037 2186 4091 sint
2241 4048 2334 4092 aut
2387 4040 2674 4109 aliquando
2744 4042 2950 4100 fuerint
2994 4043 3259 4117 obnoxii).
3294 4048 3451 4103 Solus
3483 4052 3627 4105 enim

2072 4126 2211 4181 Deus
2241 4130 2420 4184 omnis
2443 4139 2525 4185 est
2556 4134 2766 4200 peccati
2797 4149 2994 4204 expers
3026 4151 3039 4189 :
3067 4138 3159 4191 sed
3182 4138 3342 4192 etiam
3374 4139 3410 4193 ii
3447 4141 3536 4208 qui
3570 4142 3624 4194 in

2072 4216 2393 4284 profundum
2456 4222 2708 4276 vitiorum
2772 4224 3098 4290 inciderunt,
3165 4229 3384 4297 aliquod
3448 4240 3625 4286 tamen

406 4318 726 4388 ἁμαρτιῶν;
761 4335 780 4370 ι
803 4318 931 4388 περὶ
958 4317 1015 4369 δὲ
1034 4316 1255 4379 τούτων,
1286 4317 1366 4368 ὅτι
1405 4315 1462 4366 ὐ
1483 4313 1672 4384 κριτὴς
1692 4311 1921 4373 ἀδικίας,
1942 4310 1968 4362 ὁ

2075 4318 2221 4361 recte
2252 4308 2449 4363 factum
2504 4326 2655 4366 sacra
2685 4312 2962 4383 Scriptura
2993 4331 3204 4386 quoque
3231 4327 3473 4385 testatur,
3504 4321 3627 4374 dum

414 4409 551 4478 μήτε
571 4408 703 4461 Θεὸν
725 4405 888 4476 φοὸού
896 4424 1073 4476 μενος,
1102 4405 1238 4476 μήτε
1258 4405 1541 4474 ἄνθρωπον
1559 4402 1971 4470 ἐντρεπόμενος,

399 4497 636 4562 ,ἐποίησέ
665 4514 718 4549 τι
756 4497 1012 4566 χρηστὸν,
1059 4496 1157 4566 τὴν
1192 4494 1429 4564 συνεχῶς
1470 4491 1798 4562 προσιοῦσαν
1825 4489 1973 4557 αύτῷ

409 4590 584 4658 χήραν
634 4587 889 4657 ἐλεήσας,
932 4588 1026 4640 καὶ
1067 4585 1368 4652 ἐπεξελθὼν
1420 4586 1532 4644 τοῖς
1573 4579 1865 4634 ἀδικοῦσιν.
1910 4580 1974 4631 Εἰ

408 4679 589 4733 τοίνυν
622 4679 714 4733 καὶ
743 4680 800 4731 ἐν
826 4680 938 4741 τοῖς
968 4678 1087 4731 λίαν
1114 4678 1353 4748 ἀρίστοις
1378 4670 1691 4743 εὑρίσκεταί
1724 4685 1808 4731 τις
1830 4668 1973 4738 μέμ-

489 4833 530 4866 “
555 4832 715 4889 Prov.
749 4848 818 4899 ιιι,
850 4831 1041 4886 50-52.
1118 4831 1160 4862 ¹³
1190 4829 1324 4883 Luc.
1349 4841 1459 4893 xvi,
1496 4828 1516 4880 l
1558 4839 1711 4894 seqq.

2077 4393 2144 4448 de
2172 4395 2338 4463 priori
2371 4396 2585 4466 quidem
2629 4400 2906 4455 hominum
2949 4416 3145 4472 genere
3179 4406 3253 4459 ait
3285 4423 3299 4459 :
3342 4423 3361 4456 ι
3405 4406 3632 4476 Quisja-

2078 4486 2244 4539 ctabit
2278 4497 2484 4541 castum
2537 4489 2734 4544 habere
2774 4492 2907 4545 cor?
2957 4502 3051 4547 aut
3100 4496 3219 4562 quis
3270 4495 3437 4549 libere
3486 4497 3627 4550 dicet

2076 4591 2135 4631 se
2162 4592 2352 4645 purum
2386 4593 2505 4633 esse
2534 4593 2566 4633 a
2594 4583 2828 4650 pecvatis
2860 4582 2943 4636 “‘2
2975 4601 2994 4633 ι
3041 4564 3108 4638 de
3136 4585 3417 4651 posteriori
3452 4596 3629 4640 autem

2084 4666 2238 4730 dicit,
2296 4665 2531 4736 judicent
2576 4671 2725 4726 illum
2768 4672 3090 4743 iniquitatis,
3117 4674 3206 4741 qui
3257 4690 3428 4744 neque
3469 4676 3628 4730 Deum

1793 4821 1836 4853 ”
1869 4820 2025 4875 Prov.
2050 4835 2142 4883 xx,
2181 4820 2233 4873 9.

1471 4958 1705 5017 VARIAS
1738 4952 2123 5011 LECTIONES
2162 4949 2250 5005 ΕΤ
2290 4950 2527 5006 NOTAE.

482 5128 593 5202 (78)
645 5129 767 5181 ἐπὶ
798 5122 1271 5202 τῶνβμογενίῖξν-
1298 5114 1966 5202 ίὲεπξάςπῑι.,¹·εἲε,υ¹³ιῑ¹ἒ,.ῑῖ⁴ἲῖ

414 5181 999 5262 ςιιὲήέοηιβιιηιὶοιιῑέ
1022 5181 1162 5260 saepe
1199 5189 1434 5262 inculcat
1473 5181 1724 5262 Isidorus.
1769 5181 1966 5236 Confer

413 5254 826 5338 epist.153lil_t.
859 5280 895 5317 ιι
929 5273 982 5338 et
1014 5254 1168 5338 epist.
1195 5261 1293 5314 551
1331 5258 1537 5338 lili._ttt.
1576 5254 1738 5338 ΒΗΤ..
1772 5319 1806 5338 ,7
1837 5316 1938 5338 ΝΔ

487 5319 598 5406 (79)
640 5319 838 5406 Καλὸν
872 5332 987 5402 μὲν
1003 5319 1061 5406 pf
1084 5329 1288 5406 γᾴμος,
1314 5325 1585 5406 Δκάτιλιοχ
1605 5322 1673 5406 δέ
1698 5322 1735 5389 ἠ
1761 5319 1972 5406 emaci:

412 5388 937 5479 rsiai'tsézumér
992 5400 1060 5452 δέ
1092 5388 1484 5479 vimus-m-
1512 5388 1970 5479 ,C9_'1“=.T-.,li"-.."

415 5456 574 5543 ἐριζιζ
607 5456 727 5532 tas.
762 5481 816 5526 et
851 5470 950 5549 ub.
977 5484 1036 5523 ιιι
1070 5456 1226 5548 epist.
1258 5456 1395 5544 351,.
1417 5473 1470 5517 et
1512 5461 1645 5513 inl'ra
1681 5460 1734 5537 ιι.
1764 5456 1855 5536 l_ih.
1884 5469 1969 5521 ep.

418 5544 543 5606 £92,
577 5543 664 5595 ubi
698 5543 853 5611 docet
888 5538 1264 5611 virginitatem
1288 5541 1545 5611 antistare
1578 5538 1972 5611 cotijugtoiquaa

418 5593 475 5668 et
493 5593 729 5681 apostoli
774 5607 920 5663 Pauli
968 5593 1025 5663 οἳ
1069 5604 1307 5661 onmium
1331 5609 1571 5658 veterum
1603 5594 1854 5651 Ecclesia:
1887 5593 1975 5647 do-

2072 5118 2302 5172 ctorum,
2332 5119 2386 5164 et
2434 5108 2597 5175 ipsius
2626 5110 2759 5165 adeo
2805 5112 3006 5166 Christi
3054 5117 3316 5168 sententia
3362 5118 3633 5172 unanimis

2074 5191 2179 5259 est,
2204 5188 2259 5297 οἳ
2294 5178 2548 5242 dentirer,
2586 5191 2824 5248 repertos
2867 5183 3032 5236 fuisse
3062 5184 3153 5250 qui
3196 5186 3481 5240 dissentire
3526 5188 3633 5241 sint

2074 5262 2201 5297 ausr.
2262 5263 2313 5297 ι).

2068 5262 2201 5300 ausr.
2242 5262 2313 5298 ID.

2143 5316 2379 5393 (80)]17'
2411 5316 2805 5393 πορνείᾳ-τὴν
2850 5320 3194 5385 παρθενίαν.
3242 5321 3303 5375 F.
3345 5322 3454 5392 Τὴν
3500 5340 3633 5393 πορ-

2068 5383 2214 5437 νείαν
2241 5386 2305 5453 τῇ
2345 5383 2629 5454 παρθενίᾳ.
2671 5386 2748 5438 ll.

2141 5454 2252 5529 (δι)
2294 5453 2432 5529 Ἵνα
2480 5453 2781 5529 ammon.
2829 5456 3254 5529 Ιεςηέμπλήσῃ,
3295 5468 3352 5513 υι
3393 5458 3445 5512 ἱιι
3500 5460 3633 5515 Bibl.

2069 5520 2577 5645 grmcislscriplum
2607 5534 2707 5591 est,
2740 5520 2907 5582 Prov:
2953 5520 3249 5583 suum"?
3274 5544 3324 5583 c.
3365 5544 3413 5582 vt
3468 5543 3637 5599 prope

2110 5604 2251 5645 nem.
2303 5605 2355 5645 ι).

2110 5604 2251 5645 nem.
2278 5604 2355 5645 ID.
