4042 6146
456 176 604 304 "11.91
1662 222 1724 282 s.
1764 220 2055 281 ISIDORI
2092 219 2527 279 PELUSIOT/E
3564 211 3701 278 1-192

463 332 757 397 metuebat,
791 343 963 398 neque
986 329 1256 382 hominem
1276 325 1644 389 reverebatur,
1675 322 1797 380 boni
1836 335 2015 379 tamen
2049 340 2062 386 λ

2166 343 2213 387 ις
2240 366 2253 389 ,
2283 326 2377 377 καὶ
2403 326 2459 377 ὲν
2492 325 2606 387 τοῖς
2632 322 2912 383 κακίστοις
2943 320 3054 393 (89.)
3082 321 3283 397 ἀρετή·
3310 320 3364 375 τί
3388 320 3703 391 θαυμάζεις,

466 424 747 495 quidpiam
782 419 1000 483 fecisse,
1039 418 1163 470 dum
1214 416 1427 469 viduam
1486 416 1656 478 illam,
1695 431 1815 485 quae
1853 416 2031 469 conti-

2166 418 2174 468 ί
2201 415 2433 469 ἐνταῦθα
2473 414 2854 485 διαλυσάμενοι
2884 415 3152 485 ἑκάτεροι,
3187 416 3366 468 ἐκεῖσε
3399 412 3708 485 ἀπηνέχθη-

465 523 656 569 neuter
682 512 857 578 ipsum
894 508 1095 571 adibat,
1145 505 1517 560 misericordia
1573 513 1892 573 prosecutus
1924 515 2028 568 est,

2166 524 2248 567 αν,
2280 508 2309 559 6
2341 506 2438 576 μὲν
2475 507 2680 577 γυμνὸς
2715 507 3154 575 ἁμαρτημάτων,
3188 505 3217 557 6
3269 504 3325 557 δὲ
3356 504 3565 575 ἔρημος
3603 522 3704 557 κα-

465 614 521 656 et
548 607 860 672 persecutus
890 597 1092 649 ultione
1118 611 1210 650 eos
1239 595 1331 663 qui
1379 595 1548 663 ipsam
1583 592 1779 659 injuria
1821 592 2026 647 afﬁcie-

2166 594 2496 665 ορθωμάτων
2521 612 2535 660 ;
2568 595 2660 647 Διὸ
2684 597 2711 648 6
2737 595 2834 663 μὲν
2884 594 3130 663 καθαράν
3157 594 3365 662 ἐτρύγα
3386 595 3484 662 τὴν
3519 595 3715 664 εὐφρο·

466 690 679 746 bant".
707 688 761 742 Si
798 688 959 755 igitur
980 695 1065 754 ,et
1097 687 1148 738 in
1176 685 1281 738 illis
1309 686 1397 753 qui
1433 694 1559 739 sunt
1587 685 1797 752 optimi,
1827 685 2029 753 aliquid

2167 685 2314 754 ύνην·
2344 687 2371 737 6
2408 686 2463 738 δὲ
2492 685 2921 755 ἀπαραμύθητον
2961 684 3197 753 ὑπέμενε
3223 684 3322 753 τὴν
3348 684 3644 752 τιμωρίαν.

474 782 742 847 reperitur
763 780 979 847 dignum
1025 777 1465 845 reprehensione,
1490 787 1544 830 et
1588 786 1776 830 contra
1826 776 1879 829 in
1919 776 2024 831 illis
2062 790 2279 846 quoque
2310 778 2399 847 qui
2437 787 2564 832 sunt
2614 776 2853 849 pessimi,
2920 776 3098 843 aliqua
3167 775 3342 829 virtus
3373 775 3551 829 inest:
3583 771 3711 843 quid

472 870 711 933 miraris,
745 869 791 925 si
825 870 877 921 in
931 869 1037 921 vita
1072 868 1229 920 ambo
1279 867 1438 922 soluti
1477 867 1861 933 discesserunt,
1896 868 2031 922 alter
2070 869 2286 936 quidem
2339 869 2510 923 nudus
2571 868 2828 938 peccatis,
2854 866 2990 920 alter
3022 880 3149 920 vero
3184 865 3430 920 desertus
3474 880 3503 918 a
3536 865 3709 918 virtu-

476 961 644 1019 tibus?
670 963 837 1029 Quam
863 961 930 1015 ob
960 975 1174 1015 causam
1208 961 1345 1015 alter
1371 962 1582 1029 quidem
1617 977 1805 1031 puram
1879 962 2121 1031 percepit
2194 960 2460 1029 laetitiam,
2487 961 2625 1016 alter
2688 970 2867 1015 autem
2905 960 3083 1015 omnis
3129 973 3324 1027 expers
3369 958 3549 1014 solatii
3597 975 3718 1017 sus-

477 1059 638 1111 tinuit
663 1055 1011 1124 supplicium.

600 1166 804 1225 CXV".
846 1196 918 1206 —-
950 1164 1392 1222 VALENTIANO
1434 1163 1911 1221 PRESBYTERO.

2238 1166 2384 1221 PlZ'.
2420 1197 2487 1210 —
2517 1166 3000 1236 ΟΥΑΛΕΝΤΙΑΝῼ
3038 1165 3152 1236 (85)
3183 1164 3648 1238 ΠΡΕΣΒΥΤΕΡῼ.

475 1262 653 1329 Quare
710 1260 814 1322 lex,
881 1258 1022 1325 lepra
1083 1271 1173 1313 aut
1229 1258 1351 1312 aliis
1429 1258 1625 1329 morbis
1682 1258 2047 1311 involantariis

2166 1257 2259 1315 Διά
2288 1258 2346 1329 τι
2385 1257 2419 1312 ὁ
2450 1258 2631 1329 νόμος
2652 1256 2810 1329 ,τοὺς
2841 1253 3206 1329 λεπρῷντιις,
3336 1254 3577 1329 ἐτέρους
3624 1273 3725 1329 γρ.

546 1331 866 1391 laborantes,
906 1324 1055 1380 extra
1085 1345 1239 1382 sacra
1274 1338 1455 1381 castra
1481 1327 1765 1381 consistere
1796 1343 2050 1396 prwcepe-

2223 1327 2465 1394 σήματα
2514 1324 2771 1380 ἀκούσια
2830 1324 3356 1396 νοσοῦντας-,ἐξω
3392 1325 3548 1382 εῖναι
3606 1326 3728 1380 τῶν

550 1402 619 1452 rit
656 1402 723 1453 “.
1800 1394 1803 1395 ⁷
1965 1394 1973 1396 “
2227 1396 2401 1464 ιερῶν
2428 1397 2759 1463 περιϐόλων
2784 1394 3158 1463 προσέταξεν
3184 1394 3315 1464 (84).

550 1511 764 1567 Videris
802 1512 929 1566 mihi
983 1526 1088 1565 non
1124 1511 1353 1578 probare
1391 1523 1505 1574 eos,
1535 1507 1626 1576 qui
1673 1506 1907 1561 lectores
1934 1506 2047 1575 (sa-

2226 1510 2447 1572 Ἔοικας
2466 1509 2565 1562 οὐκ
2584 1506 2939 1577 ἀποδέχεσθαι
2961 1505 3085 1569 τοὺς
3120 1507 3212 1559 ἐπὶ
3232 1507 3329 1572 τὰς
3358 1506 3588 1577 θεωρίας
3609 1507 3724 1577 (85)

482 1614 694 1653 erarum
745 1596 1094 1666 Litterarum)
1152 1596 1219 1649 ad
1261 1594 1770 1663 contemplationem
1821 1608 1883 1649 ac
1936 1604 2049 1647 stu-

2166 1599 2279 1662 ιοὺς
2336 1598 2806 1667 ἀναγινώσκοντας
2856 1596 3326 1668 παρακαλοῦντας.
3375 1598 3729 1669 Σοφωτέρους

483 1690 628 1743 dium
683 1691 1059 1758 allegoriarum
1122 1686 1615 1754 investigandarnm
1674 1684 2046 1739 exhortantur.

2166 1689 2285 1759 γὰρ,
2316 1689 2391 1752 ὠς
2421 1688 2577 1759 ἔφης,
2625 1688 2733 1742 τῶν
2765 1688 2998 1758 Γραφῶν
3036 1687 3261 1748 ἑαυτοὺς
3291 1686 3604 1758 ⁴ἡγούμενοι,
3644 1691 3728 1753 εἰς

488 1783 622 1835 Dum
650 1782 818 1843 enim,
848 1790 906 1834 ut
930 1781 1133 1843 aiebas,
1176 1781 1493 1847 semctipsos
1520 1775 1813 1847 Scripturis
1839 1775 2052 1844 sapien-

2166 1782 2296 1851 ἱπερ
2320 1779 2594 1850 βούλονται
2627 1778 3079 1852 μετακομίζοντες
3105 1778 3176 1831 τά
3198 1778 3315 1831 θεῖα
3342 1779 3535 1847 Λόγια,
3558 1780 3732 1834 πολλὰ

2084 1567 2125 1621 Β

488 1872 655 1926 tiores
681 1887 801 1927 esse
828 1871 1161 1930 existimant,
1204 1868 1326 1923 hinc
1363 1870 1419 1920 tit
1441 1878 1500 1921 ut
1532 1868 1709 1921 divina
1741 1866 1957 1921 oracula
1995 1866 2046 1918 in

491 1977 842 2030 quascunque
873 1962 1004 2029 ipsis
1054 1961 1274 2014 libuerit
1316 1960 1513 2031 ﬁguras
1558 1958 1967 2020 transfortnent,
1998 1964 2051 2012 et.

488 2052 766 2107 auditores
789 2052 971 2106 multis
1007 2053 1179 2105 modis
1211 2050 1415 2103 fallant.
1458 2049 1528 2103 At
1570 2064 1668 2117 ego
1698 2063 1871 2117 neque
1910 2046 2050 2112 illos,

488 2142 533 2197 si
564 2145 689 2211 quid
734 2144 948 2211 sapiens
995 2151 1157 2208 atque
1202 2141 1468 2193 eruditum
1514 2140 1758 2199 invenire
1800 2138 2055 2208 pollicen-

490 2242 599 2297 tnr,
630 2232 980 2301 culpaverim,
1014 2246 1186 2300 neque
1226 2239 1278 2283 te
1318 2228 1591 2283 nolentem
1646 2241 1700 2284 et
1726 2231 1948 2284 invitum
1989 2230 2055 2283 ad

489 2325 776 2393 allegorias
808 2324 1114 2375 tractandas
1140 2322 1434 2390 coegerim,
1461 2324 1555 2376 sed
1584 2331 1725 2375 recta
1762 2322 1828 2374 ad
1866 2321 2057 2375 defen~

492 2416 701 2469 sionem
740 2428 825 2467 me
865 2413 1161 2482 accingam.
1204 2414 1505 2478 Quaesiviin
1536 2413 1677 2466 enim
1711 2431 1726 2467 :
1760 2413 1935 2479 Quare
1982 2413 2057 2466 le-

494 2505 718 2575 gislator
747 2504 986 2572 leprosos
1016 2513 1069 2556 et
1104 2503 1224 2555 aliis
1256 2504 1458 2557 morbis
1493 2502 1874 2556 involuntariis
1901 2503 2057 2556 labo-

498 2605 683 2649 rantes
707 2610 733 2645 a
765 2595 936 2646 sacris
962 2594 1191 2646 coetibus
1213 2593 1460 2647 exclusos
1492 2602 1654 2660 atque
1685 2600 1919 2645 remotos
1940 2605 2061 2646 esse

497 2683 773 2740 sanxerit?
805 2682 1060 2737 Ausculta
1105 2683 1268 2748 igitur
1295 2684 1670 2751 compendiose
1699 2692 1762 2735 ac
1803 2682 2058 2747 breviter,

500 2783 731 2827 mentem
772 2782 915 2832 tuam
956 2772 1007 2824 in
1052 2770 1279 2824 collecto
1308 2772 1533 2841 habens.
1569 2769 1773 2841 (Neque
1804 2770 1948 2824 enim
1982 2770 2063 2824 l’as

498 2876 583 2921 est
636 2874 840 2919 naturae
891 2880 1108 2928 arcana,
1154 2881 1273 2932 quae
1311 2863 1426 2930 ipsa
1482 2864 1660 2916 abdita
1712 2877 1832 2917 esse
1874 2862 2062 2927 voluit,

502 2956 814 3025 divulgare.)
860 2956 985 3009 Ideo
1026 2956 1125 3008 hoc
1170 2954 1242 3007 ita
1292 2954 1435 3007 cavit
1485 2963 1543 3006 ut
1589 2962 1872 3021 parentum
1912 2952 2069 3006 luxu-

503 3050 639 3101 riam
681 3057 1063 3114 compesceret,
1106 3052 1159 3099 et
1199 3043 1564 3114 voluptatibus
1622 3039 1805 3094 frenos
1871 3035 2063 3105 impo~

505 3149 697 3202 neret,
744 3148 799 3189 et
847 3139 1031 3189 modos
1081 3150 1142 3187 ac
1195 3134 1326 3187 fines
1378 3129 1749 3186 consuetudini
1803 3125 2067 3197 coniugali

506 3234 785 3283 Statueret.
824 3224 956 3277 Nam
999 3225 1124 3293 quia
1172 3222 1323 3276 multi
1365 3231 1492 3274 tunc
1520 3220 1735 3289 quando
1780 3216 1930 3272 nefas
1964 3227 2067 3283 est,

508 3318 559 3372 in
587 3328 781 3372 enatum
824 3315 1169 3377 conveniunt,
1202 3324 1255 3370 et
1315 3329 1378 3367 ex
1419 3312 1792 3379 intempestiva
1839 3310 2069 3365 cummi-

507 3410 684 3464 stione
720 3408 927 3477 impura
960 3416 1013 3461 et
1044 3404 1300 3461 deformia
1342 3417 1567 3470 corpora
1603 3409 1950 3469 procreantur
1981 3400 2069 3467 (li-

509 3490 950 3563 beroruin),neid
972 3495 1142 3559 ﬁeret,
1165 3506 1346 3546 curam
1371 3492 1785 3559 eantionemque
1807 3488 2069 3542 adhibuit.

507 3588 659 3653 Quod
710 3596 883 3639 autem
928 3586 1041 3638 haec
1074 3598 1161 3637 res
1204 3597 1309 3635 non
1362 3592 1467 3635 tam
1504 3580 1609 3635 illis
1654 3580 1743 3650 qui
1791 3578 1917 3632 inde
1945 3592 2072 3647 pro-

506 3677 651 3746 gnati
676 3687 820 3738 sunt,
849 3690 1004 3742 quam
1035 3672 1346 3741 parentibus
1370 3672 1520 3739 ipsis,
1550 3672 1838 3725 maximam
1872 3670 2070 3724 afferat

507 3781 742 3834 pinnam,
784 3780 964 3828 nemo,
999 3772 1056 3816 ut
1096 3765 1308 3832 opinor,
1351 3761 1579 3833 ignorat.
1629 3761 1739 3815 Etsi
1787 3760 1929 3814 enim
1962 3761 2065 3813 ista

508 3872 595 3912 res
664 3857 933 3925 aliquibus
986 3854 1215 3909 fortasse
1279 3868 1344 3908 ne
1395 3853 1605 3922 quidem
1656 3852 1864 3908 videtur
1916 3850 2075 3907 ullam

505 3945 782 3999 continere
841 3959 1101 4013 poenam,
1166 3946 1310 4013 quod
1375 3946 1706 4000 consuetudo
1768 3945 2075 4014 opinionem

507 4048 677 4101 pmnte
728 4036 1010 4088 destruat:
1045 4042 1222 4087 tamen
1273 4034 1514 4103 plerique
1557 4048 1748 4089 omnes
1796 4044 2069 4101 parentes,

2159 1872 2450 1940 σφάλλουσι
2496 1874 2624 1936 τοὺς
2677 1872 2993 1936 ἀκούοντας.
3057 1869 3199 1939 Ἐγὼ
3246 1870 3291 1923 δ’
3342 1870 3456 1931 οὔτ’
3488 1873 3733 1936 ἐκείνους

2158 1963 2535 2033 αἰτιασαίμην,
2582 1963 2630 2016 εί
2684 1963 2845 2031 σοφόν
2892 1979 2945 2016 τι
2988 1960 3228 2032 ἐξευρεῖν
3279 1962 3732 2029 ἐπαγγέλλονται,

2159 2052 2282 2108 οὔτε
2333 2053 2416 2117 σὲ,
2463 2056 2538 2124 μὴ
2582 2054 2918 2124 βουλόμενον,
2965 2053 3282 2123 ἀλληγορείν
3333 2052 3733 2122 ἀναγκάσαιμι,

2162 2145 2275 2199 ἀλλ’
2329 2146 2387 2209 ἐξ
2428 2145 2645 2208 εὐθείας
2675 2146 2774 2215 τὴν
2809 2143 3101 2210 ἀπολογίαν
3160 2142 3518 2217 ποιησαίμην.
3557 2144 3736 2212 Ἐφης

2161 2235 2270 2304 γάρ
2293 2253 2305 2266 ·
2346 2234 2452 2289 Τοῦ
2484 2235 2643 2306 χάριν
2687 2237 2714 2288 6
2767 2235 3061 2305 νομοθέτης
3108 2233 3233 2298 τοὺς
3267 2233 3605 2303 λεπρῶντας,
3639 2234 3736 2285 καὶ

2161 2326 2325 2396 ἕτερα
2352 2324 2631 2394 νοσήματα
2662 2324 2893 2378 ἀκούσια
2928 2322 3240 2389 νοσοῦντας,
3266 2321 3371 2385 ἔξω
3400 2320 3539 2373 εἶναι
3571 2320 3737 2390 ιερῶν

2163 2417 2465 2487 περιϐόλων
2496 2416 2812 2480 ὲθέσπισεν;
2847 2415 3045 2468 Ἀκουε
3073 2413 3136 2483 δὴ
3165 2413 3465 2481 συντόμως,
3494 2428 3736 2479 συναγα-

2163 2509 2277 2580 γών
2311 2508 2523 2561 σουτδν
2558 2506 2681 2561 νοῦν
2703 2507 2794 2578 toi:
2831 2506 2939 2577 γάρ
2972 2506 3128 2576 θέμις
3163 2504 3349 2573 σαφῶς
3387 2504 3457 2556 τὰ
3497 2503 3599 2571 τῆς
3628 2504 3736 2571 φύ-

2167 2616 2302 2661 σεως
2346 2597 2687 2668 δημοσιεύειν
2717 2594 3032 2666 μυστήρια)’
3066 2594 3304 2657 Ὀτιτάς
3337 2592 3605 2663 ἀκρασίας
3626 2594 3739 2645 τῶν

2167 2689 2370 2758 γονέων
2414 2688 2777 2749 ἀναστέλλων,
2809 2687 2904 2739 καὶ
2929 2687 3049 2748 ταῖς
3078 2685 3290 2755 ἡδοναῖς
3329 2682 3580 2753 χαλινοὺς
3616 2684 3740 2737 ἐπι-

2168 2779 2357 2845 τιθεὶς,
2405 2778 2500 2832 καὶ
2547 2778 2718 2848 μέτρα
2773 2774 2971 2846 ὁρίζων
3028 2776 3149 2837 ταῖς
3204 2773 3529 2841 συνουσίαις,
3580 2773 3739 2827 τοῦτο

2170 2867 2519 2939 προσέταξεν.
2564 2866 2781 2934 Ἐπειδὴ
2811 2865 2917 2935 γὰρ
2949 2863 3133 2917 πολλοὶ
3160 2864 3250 2915 ὅτε
3272 2862 3334 2915 οὐ
3363 2861 3519 2931 θέμις
3545 2864 3738 2931 συνέρ-

2168 2975 2373 3029 χονται,
2405 2957 2497 3010 καὶ
2526 2958 2589 3009 ἐκ
2615 2957 2711 3025 τῆς
2740 2956 2971 3026 ἀκαίρου
3007 2956 3295 3017 συνουσίας
3326 2953 3611 3024 ἀκάθαρτα
3644 2957 3739 3008 καὶ

2164 3046 2398 3117 δυσεχθῆ
2433 3047 2543 3118 (86)
2576 3046 2848 3098 τίκτονται
2880 3043 3124 3117 σώματα,
3158 3044 3245 3097 ἵνα
3278 3043 3353 3114 μὴ
3385 3043 3544 3097 τοῦτο
3572 3044 3738 3114 γένη-

2164 3155 2274 3199 ται,
2300 3137 2631 3208 ἐφρόντισεν.
2663 3136 2782 3188 Ὀτι
2807 3135 2863 3187 δὲ
2895 3134 2956 3187 οὐ
2985 3136 3095 3198 τοῖς
3129 3134 3417 3205 τεχθεῖσιν,
3458 3134 3593 3187 ἀλλά
3623 3136 3738 3196 τοῖς

2164 3226 2383 3280 τεκοῦσι
2426 3216 2625 3298 μᾶλλον
2657 3230 2918 3297 μεγίστην
2947 3226 3101 3296 φέρει
3144 3226 3385 3287 κόλασιν,
3430 3225 3624 3289 οὐδεὶς,
3662 3225 3738 3289 ὡς

2167 3312 2342 3387 οἶμαι,
2394 3319 2597 3385 ἀγνοεῖ.
2667 3318 2731 3369 Oi
2783 3317 2881 3387 μὲν
2932 3316 3040 3387 γάρ
3096 3315 3215 3369 οὐδὲ
3280 3316 3550 3387 τιμωρίαν
3609 3317 3737 3381 ῐσως

2173 3407 2425 3476 ἡγοῦνται
2470 3407 2530 3462 τὸ
2578 3407 2829 3477 πρᾶγμα,
2878 3407 2976 3476 τῆς
3027 3405 3313 3476 συνηθείας
3368 3408 3468 3477 τὴν
3517 3407 3738 3467 κόλασιν

2171 3494 2502 3566 ἐκλυούσης·
2554 3496 2603 3548 oi
2652 3494 2695 3547 δ’
2743 3495 3039 3565 ἀνήκεστον
3083 3496 3413 3566 ὑπομένουσι
3444 3497 3735 3566 τιμωρίαν,

2170 3582 2262 3645 οὓς
2288 3582 2514 3653 ηῦχοντο
2545 3582 2800 3653 ἀμείνους
2830 3582 3037 3636 ἑαυτῶν
3078 3579 3240 3650 εἶναι,
3288 3583 3515 3647 τούτους
3556 3585 3737 3654 είργοσ-

2176 3676 2367 3745 μένους
2412 3674 2573 3745 ίερῶν
2625 3674 2854 3729 συνόδων
2891 3673 3173 3745 θεώμενοι.
3226 3676 3338 3729 Καὶ
3385 3679 3496 3739 τοῖς
3548 3666 3740 3745 μὲνιὼ

2172 3759 2310 3816 εῖναι
2346 3763 2595 3817 ἀκούσιον
2624 3764 2685 3817 τὸ
2719 3764 2886 3828 πάθος
2925 3763 3266 3836 ἐξευμαρίζει
3296 3765 3394 3837 τὴν
3429 3767 3735 3835 συμφοράν·

2172 3856 2283 3917 τοῖς
2330 3854 2386 3906 δὲ
2416 3855 2475 3907 τὸ
2510 3855 2809 3910 συνειδέναι
2855 3856 2938 3908 ὅτι
2985 3856 3084 3926 τῆς
3112 3856 3381 3925 ἀκρασίας
3413 3856 3595 3909 αὐτῶν
3627 3860 3739 3910 ἐστι

2174 3944 2439 4016 σύμϐολον
2487 3945 2601 4016 (87)
2650 3944 2918 4012 ἑκουσίου,
2955 3944 3278 3999 ἀνύποιστον
3320 3948 3465 3999 ποιεῖ
3496 3946 3594 4016 τὴν
3622 3946 3742 4001 666-

2171 4054 2291 4107 νην.

505 4123 696 4192 quibus
718 4126 768 4176 id
798 4138 895 4175 nsn
920 4123 1085 4187 venit,
1116 4122 1417 4175 incurabile
1450 4125 1716 4177 sustinent
1739 4125 2053 4192 supplicium
2093 4135 2147 4179 et
2171 4127 2442 4181 cruciatos
2489 4128 2751 4182 maximos
2814 4101 3137 4193 animorum,
3167 4128 3290 4181 dum
3356 4126 3557 4182 liberos
3585 4141 3740 4184 suos.

504 4230 662 4283 qu05,
697 4214 777 4282 (ut
818 4212 924 4267 fert
971 4228 1256 4268 commune
1306 4225 1587 4283 parentum
1661 4216 1863 4275 votum)
1905 4219 2099 4287 seipsis
2172 4222 2573 4288 praestantiores
2626 4236 2749 4276 esse
2807 4222 3099 4290 Optabant,
3154 4221 3327 4277 sacris
3384 4220 3743 4275 conventibus

505 4305 676 4357 arceri
727 4314 888 4371 atque
925 4305 1135 4359 excludi
1164 4304 1368 4360 vident.
1411 4306 1477 4359 Et
1527 4305 1711 4360 liberis
1772 4307 1995 4389 quidem
2034 4308 2088 4362 id
2162 4310 2522 4366 calamitatem
2582 4312 2761 4365 reddit
2820 4312 3113 4376 leviorem,
3172 4316 3314 4380 quod
3378 4310 3575 4367 malum
3642 4310 3745 4364 boc

506 4393 648 4447 nulla
676 4407 771 4446 sua
799 4393 952 4462 culpa
982 4395 1083 4449 sibi
1115 4396 1459 4459 attraxerint.
1487 4396 1582 4452 sed
1609 4398 1813 4467 absque
1876 4414 1975 4454 sua
2039 4401 2309 4459 voluntate
2350 4404 2403 4457 in
2456 4404 2508 4458 id
2588 4404 2918 4459 inciderint:
2953 4404 3120 4476 478
3151 4403 3470 4474 parentibus
3535 4411 3739 4465 autem,

583 4547 631 4581 ¹⁸
659 4546 789 4601 Luc.
832 4562 984 4613 svnt,
1027 4548 1052 4601 l
1081 4562 1235 4617 seqq.

1567 4705 1802 4763 VARle
1841 4707 2223 4766 LECTIONES
2257 4712 2347 4775 ET
2403 4712 2633 4770 NOTAE.

568 4859 678 4930 (89.)
710 4859 873 4930 Edit,
898 4858 1094 4926 Paris.,
1127 4860 1189 4912 Εί
1232 4860 1412 4914 τοίνυν
1446 4862 1464 4883 ‘
1498 4862 1594 4915 καὶ
1644 4865 1702 4915 ὲν
1739 4866 1850 4927 τοῖς
1906 4866 2066 4919 κακί-

501 4945 669 4998 στοις,
697 4929 909 4998 omissis
941 4930 1276 4984 intermediis
1308 4946 1427 4998 qua:
1469 4932 1822 4986 restituuntur
1845 4950 1911 4987 cx
1942 4938 2061 4988 cod.

497 4996 674 5050 Valte.
701 4997 824 5049 650.
856 4997 1010 5051 Eot'r.

2161 4868 2231 4943 τὰ
2255 4869 2372 4943 θεία
2397 4873 2614 4943 ρῄματα
2642 4872 2741 4925 οὐκ
2764 4872 3089 4943 ἀλληγορίας
3112 4874 3304 4937 δεῖται,
3331 4873 3469 4930 ἀλλά
3496 4874 3571 4937 ὡς
3605 4874 3738 4943 ἔχει’

2165 4938 2407 5013 θεωρίας
2505 4942 2685 5013 Δδεῖται
2713 4944 2807 4995 καὶ
2837 4938 3162 5013 αἰσθήσεως,
3203 4944 3284 5013 είς
3308 4945 3369 4996 τὸ
3393 4944 3593 5013 εἰδέναι
3624 4938 3744 5013 ἑκά-

2169 5024 2300 5081 στης
2350 5010 2665 5081 ὑποθέσεως
2698 5014 2793 5081 τὴν
2835 5010 3085 5080 δύναμιν.
3118 5012 3215 5065 llic
3252 5012 3466 5081 05mph:
3516 5012 3609 5063 xui.
3655 5011 3741 5063 αἵ-

711 5066 848 5149 ΕθιιΞ
880 5066 999 5149 Vat.
1026 5067 1153 5130 650,
1187 5068 1467 5149 ρύάλεντι.
1494 5068 1705 5149 Possm:
1748 5138 1770 5149 _
1857 5141 1869 5149 .
2005 5141 2037 5149 __

2170 5066 2361 5149 0912'ch
2401 5066 2703 5149 adhibenda
2733 5066 2783 5133 iit
2821 5066 3224 5146 Scrip'turarum
3250 5066 3502 5144 lectione,
3542 5090 3740 5132 tracta—

494 5134 1029 5257 brgﬂz‘gornleratur
1059 5153 1179 5189 cum
1214 5138 1317 5191 hac
1340 5139 1499 5207 epist.
1545 5139 1642 5192 Nl
1686 5138 1825 5193 infra
1857 5141 1959 5194 hoc
2004 5141 2062 5196 li-

2173 5134 2424 5215 tioneque
2462 5148 2592 5200 nilnil
2622 5148 2762 5203 aliud
2794 5134 2879 5203 est
2908 5134 3069 5218 quam
3101 5134 3330 5222 ὲρευνᾲν
3366 5134 3502 5203 ἱιΙιιιΙ⁷
3524 5165 3555 5203 a
3582 5149 3735 5217 Chri-

2169 5226 2255 5257 sm
2282 5216 2395 5257 inm
2426 5217 2580 5257 nnltie
2604 5222 3032 5257 nnmmmulutnm
3057 5215 3190 5257 lnan
3242 5234 3273 5257 ν
3332 5218 3479 5257 Rmul-

811 5241 850 5274 ._
935 5271 945 5274 _
1184 5273 1189 5274 ί
2169 5226 2255 5267 sto
2282 5216 2395 5274 ipso
2426 5217 2580 5269 nobis
2604 5215 3033 5271 commendatum
3057 5215 3214 5271 Joan.
3242 5215 3294 5271 νζ
3332 5218 3503 5274 Rtrr.

562 5269 683 5375 ἓξὲξ
728 5271 871 5375 Eii.
887 5271 1283 5375 ﬁgite???
1304 5274 1677 5375 sese)?
1700 5287 1859 5375 3239‘
1881 5276 2056 5375 ea;

2168 5360 2211 5375 Α.
2232 5269 2648 5375 (soracriptdm
2669 5269 2900 5375 ause—x051]
2923 5269 3048 5375 ego).
3061 5269 3200 5375 ‘Vat.
3224 5269 3403 5341 arma
3417 5269 3734 5356 'ia'etaaxeﬁ,

494 5341 704 5423 γορίας,
734 5341 895 5423 quod‘
909 5343 1255 5423 perspicuum
1304 5344 1360 5395 lit
1400 5341 1462 5395 ei:
1494 5345 1839 5423 'seqq.,no'51:ah
1880 5341 2057 5423 σε

2166 5360 2219 5405 et
2240 5341 2395 5423 ivers.
2429 5341 2545 5423 seq.
2586 5365 2704 5423 post
2730 5341 2829 5406 6τῖ
2846 5341 2901 5407 δέ
2930 5354 3277 5407 οάᾱίιτοῦτο.

496 5406 1171 5494 ἕξὲλξδέξέγοιξέλῑιῖρρεῖγ,
1199 5406 1639 5494 sensum?
1668 5414 1928 5494 βίριίίίιςτ
1963 5406 2057 5494 in}

2202 5491 2216 5494 _
2235 5420 2349 5494 (87A)
2382 5406 2523 5476 tniéi
2551 5406 2822 5493 σύμϐολον
2844 5406 2898 5479 et
2935 5406 3183 5477 ἑκουσίου
3212 5406 3367 5479 idem
3396 5424 3518 5479 cod.
3555 5423 3734 5479 inse-'5'

494 5488 587 5561 era
612 5476 915 5561 epis-trgi)?»
936 5476 1107 5561 Aliter
1133 5478 1465 5561 Epiphanius
1511 5476 1706 5547 accipit
1738 5483 1970 5561 θεωρίαν
2007 5486 2060 5536 ἱιι

2167 5476 2284 5561 τῆς.
2316 5476 2524 5547 Possm.

498 5540 598 5594 hac
620 5540 905 5609 sententia,
957 5560 1117 5613 quam
1155 5540 1491 5614 Origenianis
1532 5540 1783 5618 opposuit
1809 5570 1821 5605 :
1850 5540 2059 5605 ’Πάντα
