4042 6146
313 295 448 368 1193
1243 299 1774 386 EPISTOLARUM
1813 304 1888 364 LI

2002 302 2100 365 IV.
2134 331 2205 347 --
2238 306 2474 368 EPIST.
2517 307 2686 368 CXX.
3429 307 3561 376 119$

305 417 455 488 quod
501 415 702 474 conscii
740 411 1011 481 sibi'sint,
1057 430 1177 471 eam
1228 432 1342 473 rem
1391 435 1512 476 esse
1545 431 1725 474 notam
1757 436 1888 486 suae,
1929 421 2015 477 cui
2069 421 2308 477 volentes
2382 422 2744 486 indulserunt,
2788 420 3026 477 libidinis
3068 428 3122 476 ct
3203 421 3448 489 luxuriae,
3481 426 3552 480 in-

308 501 645 565 |olerabilem
679 507 848 564 elIicit
877 506 1045 562 animi
1076 509 1404 566 cruciatum.

816 600 970 654 PIH'.
1005 632 1073 642 —
1099 602 1375 674 amne.
1909 610 1958 667 Α

403 696 511 761 Εἷς
539 695 624 749 to“
662 713 682 746 ι
707 693 819 748 Καὶ
852 695 1140 763 ποτήριον
1173 695 1414 764 ψυχροῦ
1448 695 1697 750 διδόναι.
1721 715 1739 747 ι

2459 603 2687 660 CXVIII.
2719 635 2792 646 —
2818 603 3089 660 ALYPIO.

1986 692 2059 748 In
2087 691 2242 759 illud,
2308 710 2328 744 ι
2362 693 2434 747 Et
2469 693 2725 763 "poculum
2772 711 2944 763 aqua:
2975 695 3184 765 frigida:
3213 696 3339 750 dare
3366 696 3505 752 ".".
3542 717 3562 750 ι

275 795 281 802 ’
380 813 607 874 Ἔοικας
635 812 731 865 καὶ
763 812 876 883 (88)
911 812 1107 864 σαυτὸν
1148 808 1634 882 παραλογίζεσθαι,
1669 809 1888 872 καὶτὰς

2058 802 2275 861 Videris
2316 806 2446 861 mihi
2484 817 2540 860 et
2574 806 2804 877 tcipsum
2853 807 3109 877 decipere
3142 807 3306 877 (quod
3349 809 3564 879 quidem

305 903 461 967 θείας
495 904 941 974 παρερμηνεύειν
973 904 1014 956 Γ
1019 902 1214 975 ραφάς.
1245 901 1318 954 T6
1347 901 1455 973 γὰρ
1495 921 1514 954 ‹
1538 902 1735 954 διδόναι
1785 918 1888 953 πο-

1989 905 2070 952 est
2096 896 2437 965 facillimum)
2464 908 2518 951 et
2544 912 2731 953 sacras
2765 896 3090 968 Scripturas
3108 898 3243 953 falso
3277 915 3340 953 ac
3376 915 3566 968 perpe-

306 998 492 1066 τήριον
513 994 746 1065 ψυχροῦ,
783 1014 801 1047 ι
833 995 970 1066 πρὸς
991 992 1116 1057 τοὺς
1142 992 1299 1046 τοῦτο
1329 993 1488 1062 μόνον
1516 993 1738 1062 ἔχοντας
1766 991 1888 1062 βλέ-

1989 1005 2104 1044 ram
2126 988 2644 1057 iuterpretari.Nam
2680 990 2832 1054 illud,
2875 1010 2895 1042 ι
2923 990 3051 1045 dare
3084 990 3332 1060 poculum
3367 994 3564 1066 (aquae)

229 1122 242 1151 ι
308 1101 424 1150 πει,
451 1086 509 1138 ού
542 1085 680 1154 πρὸς
707 1087 833 1148 τοὺς
859 1083 1074 1154 πλούτῳ
1104 1083 1409 1153 κομῶντας,
1441 1083 1566 1146 τοὺς
1595 1084 1687 1136 καὶ
1709 1080 1888 1153 ἄμφια

1990 1078 2224 1148 frigidae,
2261 1097 2280 1130 ι
2307 1081 2374 1132 ad
2409 1092 2504 1132 eos
2541 1079 2631 1145 qui
2659 1078 2711 1133 id
2740 1079 2910 1134 solum
2939 1080 3157 1144 habent,
3198 1093 3422 1148 spectat,
3462 1100 3565 1138 nou

308 1174 643 1245 δυναμένους
671 1177 783 1236 τοῖς
809 1175 913 1227 ὑπὸ
941 1173 1100 1244 λιμοῦ
1131 1172 1224 1226 καὶ
1249 1172 1404 1225 νόσου
1432 1173 1526 1226 καὶ
1553 1172 1888 1242 γυμνότητος

1989 1171 2057 1223 ad
2105 1183 2200 1224 eos
2249 1169 2342 1239 qui
2390 1169 2595 1226 divitiis
2645 1169 2940 1234 luxuriant,
2985 1173 3074 1240 qui
3124 1173 3305 1226 vinum
3353 1189 3566 1244 quoque

307 1263 781 1335 πολιορκουμένοις
807 1264 1040 1334 ὀρέγειν.
1069 1265 1181 1317 Καὶ
1209 1263 1283 1333 μὴ
1311 1261 1577 1332 θαύμαζε,
1603 1263 1653 1315 εἰ
1691 1265 1718 1316 6
1746 1263 1888 1334 ὕδωρ

1990 1259 2260 1314 modicum
2289 1259 2536 1329 praebere
2568 1269 2794 1328 possunt
2821 1261 2913 1326 iis,
2941 1262 3031 1330 qui
3062 1277 3091 1315 a
3127 1261 3268 1316 fame
3295 1271 3350 1317 et
3379 1262 3568 1318 morbo

310 1351 590 1424 παρέχων,
635 1354 734 1405 οὐκ
769 1352 963 1422 ἀμισθὶ
1008 1352 1169 1405 τοῦτο
1201 1353 1363 1407 ποιεῖ.
1391 1349 1474 1405 Οὐ
1505 1350 1613 1422 γὰρ
1644 1352 1754 1405 ἀπὸ
1789 1352 1888 1422 τῆς

1995 1350 2377 1419 nuditateque,
2411 1349 2561 1405 velut
2593 1351 2840 1406 hostibus
2867 1352 3216 1421 quibusdam,
3247 1353 3568 1409 obsidentur

305 1443 525 1509 δόσεως,
569 1443 683 1497 ἀλλ’
732 1444 840 1497 ἀπὸ
889 1443 990 1513 τῆς
1031 1443 1406 1514 προαιρέσεως
1453 1444 1486 1512 ἡ
1547 1441 1888 1512 ἐλεημοσύνη

1989 1451 2046 1495 et
2076 1453 2479 1511 Oppugnantur.
2511 1441 2699 1510 Neque
2728 1458 2859 1499 vero
2885 1446 3072 1499 mirari
3103 1446 3290 1511 debes,
3325 1449 3373 1503 si
3397 1449 3565 1504 etiam

305 1535 586 1606 κρίνεται·
636 1536 797 1590 ὁπότε
852 1536 948 1588 καὶ
995 1538 1023 1589 6
1097 1536 1253 1605 λύγος
1306 1535 1577 1605 ἀποδοχῆς
1625 1535 1886 1601 ἀξιοῦται,

1991 1534 2060 1596 is,
2091 1535 2180 1602 qui
2221 1549 2416 1603 aquam
2445 1537 2688 1603 exhibet,
2722 1552 2828 1593 non
2869 1538 2992 1594 sine
3025 1541 3253 1610 praemio
3286 1541 3342 1595 id
3378 1541 3564 1597 faciat.

314 1644 332 1677 ι
384 1626 516 1680 Ἰδοὺ
550 1626 681 1698 γὰρ,
711 1627 868 1698 φησι,
899 1627 1056 1696 λόγος
1082 1627 1225 1698 ὑπὲρ
1256 1627 1394 1698 δόμα
1420 1626 1643 1695 ἀγαθόν.
1677 1645 1698 1679 ι
1748 1626 1888 1680 Ἀλλ’

1992 1625 2109 1681 Non
2139 1627 2284 1683 enim
2329 1628 2400 1684 ab
2438 1629 2552 1698 ipsa
2586 1631 2823 1686 dationis
2865 1633 3239 1702 magnitudine
3266 1634 3350 1689 vel
3386 1634 3567 1704 parvi-

306 1720 358 1771 εί
382 1719 476 1772 καὶ
515 1720 729 1790 timeat.
762 1719 894 1789 (89).
927 1719 1268 1789 ι’Δμφότερα
1302 1719 1358 1771 δὲ
1387 1718 1517 1788 παρ’
1536 1717 1690 1788 ἀνδρὶ
1725 1734 1888 1788 κεχα-

1993 1728 2125 1784 tate,
2152 1720 2246 1775 sed
2268 1732 2335 1775 ex
2359 1721 2526 1775 animi
2557 1723 2843 1792 proposito
2866 1721 3211 1795 eleemosyua
3241 1726 3567 1790 estin-tatur,

309 1810 611 1881 ριτωμένῳ⁶
628 1829 645 1860 ι
673 1809 850 1880 τούτῳ
868 1809 1127 1878 δηλονότι,
1147 1801 1192 1877 ᾧ
1219 1809 1312 1862 καὶ
1339 1809 1400 1862 τὸ
1421 1807 1606 1862 δοῦναι
1638 1808 1887 1863 δυνατόν.

1991 1813 2428 1882 quandoquidem
2475 1815 2640 1870 etiam
2696 1829 2876 1871 sermo
2925 1817 3314 1886 approbatione
3373 1818 3568 1886 dignus

308 1901 374 1956 Εί
423 1902 528 1970 γὰρ
563 1900 674 1971 (90)
715 1900 970 1954 τοσοῦτον
1000 1903 1062 1954 τὸ
1101 1901 1253 1954 δοθὲν
1281 1942 1296 1966 ,
1351 1901 1477 1954 ὅσον
1517 1903 1552 1971 ἡ
1602 1901 1888 1970 περιουσία

1992 1911 2268 1959 censetur.
2317 1922 2338 1956 ι
2365 1904 2506 1960 Ecce
2553 1906 2721 1971 enim,
2773 1907 2972 1976 inquit,
3021 1921 3202 1961 sermo
3247 1906 3442 1961 melior
3483 1915 3569 1961 est

309 1993 404 2047 καὶ
441 1995 472 2063 ή
508 1993 828 2063 προαίρεσις
864 1991 959 2044 τοῦ
1013 1991 1343 2062 παρέχοντος
1385 1992 1646 2062 ζητεῖται.
1698 1991 1888 2048 Πολλοὶ

1996 1996 2140 2051 dono
2164 1995 2230 2050 “.
2259 2015 2281 2049 ι
2317 1995 2424 2051 Sed
2456 2005 2513 2052 et
2540 1997 2644 2052 hoc
2671 1998 2872 2052 dictum
2895 2006 2977 2052 est
3008 2015 3024 2050 ι
3061 2017 3078 2048 ι
3110 1996 3351 2066 Utraque
3382 2007 3564 2052 autem

309 2082 413 2152 μὲν
462 2082 572 2153 γὰρ
608 2081 715 2135 ἀπὸ
749 2080 957 2134 πολλῶν
999 2081 1190 2148 ὀλίγα,
1239 2081 1423 2133 πολλοὶ
1457 2080 1514 2134 δὲ
1557 2080 1666 2134 ἀπὸ
1691 2080 1888 2150 ὀλίγων

1994 2096 2121 2143 sunt
2157 2102 2326 2158 penes
2371 2088 2546 2142 virum
2578 2088 2672 2157 qui
2698 2089 2863 2158 pollet
2882 2086 3137 2156 gratia":
3164 2107 3181 2138 ι
3211 2075 3464 2142 nimirum
3499 2089 3566 2141 il-

309 2173 482 2225 πολλὰ
514 2172 864 2242 παρέχουσιν.
897 2171 970 2224 Οὐ
999 2171 1109 2240 γὰρ
1131 2170 1189 2222 τὸ
1215 2169 1413 2240 μέτρον
1440 2169 1550 2222 τῶν
1573 2170 1888 2239 διδομένων,

1992 2178 2131 2246 lum,
2183 2179 2272 2247 qui
2315 2186 2372 2233 et
2407 2178 2540 2234 dare
2593 2187 2792 2249 potest.
2863 2179 2998 2234 Nam
3043 2178 3090 2233 si
3151 2189 3356 2233 tantum
3396 2188 3477 2233 est
3517 2181 3569 2234 id

306 2263 426 2317 ἀλλ’
457 2264 492 2333 ἠ
522 2262 634 2332 (91)
681 2261 791 2314 τῶν
816 2260 1168 2331 παρεχόντων
1197 2260 1488 2329 περιουσία
1511 2260 1737 2330 τοιαύτη
1771 2261 1888 2333 κρί·

1997 2268 2142 2338 quod
2199 2269 2395 2334 datur,
2455 2277 2661 2337 quanta
2704 2268 2861 2338 copia
2914 2268 3190 2339 (dantis),
3241 2280 3352 2322 tum
3393 2267 3560 2322 etiam

306 2359 484 2408 νεῒαι.
515 2353 605 2405 Διὸ
635 2354 728 2406 καὶ
759 2354 792 2423 ἡ
821 2352 890 2405 τὰ
928 2351 1021 2404 δύο
1049 2349 1224 2404 λεπτὰ
1261 2348 1654 2419 εἰσαγαγοῦσα,
1683 2350 1888 2414 πάντας

1996 2356 2162 2410 animi
2199 2356 2488 2426 propensio
2527 2365 2584 2410 et
2632 2357 2883 2411 voluntas
2927 2355 3049 2422 ejus
3085 2355 3368 2424 quaeritur.
3414 2356 3566 2410 Mulli

309 2446 707 2519 ὑπερηκόντισε
732 2445 862 2506 τοὺς
896 2443 1068 2496 πολλὰ
1100 2443 1497 2512 προσοίσαντας
1517 2458 1530 2473 ο
1563 2441 1612 2493 οἱ
1645 2441 1744 2512 μὲν
1775 2442 1885 2513 γὰρ

1989 2447 2136 2501 enim
2179 2448 2546 2516 reperiuntur,
2580 2447 2673 2516 qui
2703 2447 2769 2501 de
2802 2462 2993 2516 magna
3029 2449 3184 2516 copia
3211 2447 3338 2501 dant
3363 2460 3566 2515 pauca;

305 2537 480 2607 μέρος
519 2536 924 2606 προσήνεγκαν,
951 2535 984 2603 ή
1021 2533 1080 2586 δὲ
1111 2534 1290 2586 πᾶσαν
1320 2532 1490 2602 αὐτῆς
1515 2531 1615 2602 τὴν
1648 2533 1885 2586 ὑπόστα-

1990 2543 2045 2588 et
2069 2544 2261 2589 contra
2313 2535 2468 2589 multi
2507 2537 2574 2588 de
2603 2535 2817 2605 exiguis
2842 2535 3192 2590 facultatibus
3220 2537 3348 2590 dant
3379 2535 3566 2590 multa.

310 2644 398 2680 σιν
421 2627 746 2696 ἀφιέρωσεν.
1639 2661 1643 2664 -

1989 2622 2174 2694 Neque
2198 2623 2344 2678 enim
2375 2633 2483 2677 tam
2511 2636 2761 2677 mensura
2793 2624 2908 2678 sive
2935 2626 3210 2693 quantitas
3241 2637 3427 2679 eorum
3450 2639 3571 2693 qua:

305 2719 527 2781 dantur,
571 2733 732 2788 quam
779 2716 1024 2771 dantium
1062 2715 1347 2770 facultates
1397 2718 1475 2786 (et
1515 2715 1754 2785 animus)
1797 2715 2112 2782 attenditur,
2147 2726 2201 2772 et
2272 2717 2397 2772 inde
2455 2717 2716 2786 judicium
2781 2717 3032 2771 sumitur.
3067 2718 3198 2783 Quae
3267 2731 3431 2772 causa
3464 2729 3568 2780 est,

305 2827 410 2867 cur
439 2811 597 2866 vidua
621 2823 838 2880 quoque
867 2809 958 2863 illa
980 2809 1048 2870 ὀ,
1081 2824 1202 2878 quae
1225 2809 1332 2862 duo
1359 2809 1567 2862 minuta
1599 2807 1778 2862 intulit
1798 2806 1880 2878 (in
1918 2808 2409 2880 gazophylacium),
2445 2821 2634 2861 omnes
2680 2808 2848 2862 etiam
2888 2807 2978 2875 qui
3011 2808 3176 2862 umlta
3249 2807 3568 2874 offerebant,

310 2901 474 2972 longo
515 2900 800 2955 intervallo
850 2908 972 2969 post
1005 2914 1065 2955 se
1103 2901 1344 2968 reliquit.
1379 2899 1454 2952 llli
1485 2913 1721 2970 namque
1763 2899 2081 2968 particulam
2125 2901 2388 2955 duntaxat
2427 2899 2670 2969 (suorum
2733 2901 3023 2969 bonorum)
3076 2899 3414 2967 oﬂ'erebant;
3457 2903 3569 2970 ipsa

306 3007 441 3048 vero
471 3007 685 3060 omnem
725 3007 877 3048 suam
907 2993 1264 3046 substantiam
1308 2991 1596 3046 dedicavit.

835 3082 982 3136 P‘IG’.
1016 3114 1087 3123 —
1117 3083 1351 3137 ΗΡΩΝῙ.

2479 3080 2665 3137 CXIX.
2697 3112 2768 3122 —
2798 3080 3080 3136 HERONI.

313 3173 432 3252 Τῆς
479 3171 846 3252 Ἐπιστολῆς
873 3173 1256 3252 Πέτρου..Διὰ
1279 3173 1338 3224 τί
1372 3171 1514 3252 wife
1551 3171 1776 3252 ἅνδρᾳς
1813 3172 1888 3238 ὡς

1995 3173 2350 3252 ΕτᾼΕριὸειοΙα
2390 3170 2579 3230 Ῥεῖν-ἱ.
2628 3173 2804 3252 Q_ua_re
2850 3173 3039 3252 Petrus
3073 3175 3208 3252 viros
3244 3175 3427 3243 jubeat
3456 3191 3571 3252 mu-

244 3258 246 3260 '
379 3243 791 3316 ἀσθενεστέρῳ
833 3245 1038 3296 σκεύει
1087 3243 1168 3307 τῷ
1201 3243 1520 3310 γυναικείῳ
1541 3243 1776 3296 κελεύει
1810 3259 1888 3295 τι·

2061 3245 2306 3310 lieribus,
2356 3257 2608 3316 tauquam
2662 3245 2947 3312 inﬁrmiori
2997 3245 3138 3308 vasi,
3179 3248 3429 3298 honorem
3475 3248 3572 3298 tri-

381 3313 505 3382 μὴν
530 3314 873 3382 ἀπονέμειν.
1598 3368 1601 3370 ,

2060 3318 2216 3369 buere
2240 3318 2309 3371 “.

380 3425 447 3478 Εί
480 3425 572 3478 καὶ
600 3425 780 3495 τίμιός
811 3428 959 3478 ἐστιν
985 3426 1012 3476 6
1061 3424 1260 3494 γάμος,
1287 3423 1382 3477 καὶ
1403 3423 1628 3494 ἔννομος
1665 3425 1698 3495 ἡ
1732 3423 1885 3494 εὐνὴ,

307 3518 426 3571 ἀλλ’
455 3518 552 3569 οὐκ
581 3517 669 3570 ἀεὶ
705 3519 842 3588 αὐτῇ
869 3515 1262 3586 ὲπιπηδητέον·
1289 3513 1430 3568 ἀλλὰ
1469 3515 1694 3586 καιρούς
1734 3531 1888 3578 τινας

311 3611 656 3681 σχολαστὲον,
684 3611 777 3663 καὶ
806 3607 1236 3678 παραχωρητέον
1259 3609 1324 3678 τῇ
1355 3608 1535 3676 φύσει,
1563 3608 1668 3671 ἕως
1691 3609 1759 3662 ἂν
1790 3626 1890 3661 κα-

311 3703 459 3773 θαρὰ
484 3703 640 3772 μένῃ,
673 3702 767 3753 καλ¹
791 3699 1072 3768 ἐπιτηδεία
1109 3698 1246 3768 πρὸς
1273 3698 1612 3752 παιδοποιίαν
1640 3700 1884 3769 γένηται.

308 3795 425 3848 Καὶ
457 3791 614 3845 τοῦτο
646 3791 746 3861 μὲν
775 3792 803 3844 6
850 3789 1013 3858 νόμος
1043 3788 1350 3841 ἐθέσπισεν.
1408 3788 1473 3840 Ἠ
1500 3789 1557 3840 δὲ
1588 3789 1748 3859 χάρις
1792 3791 1887 3842 καὶ

307 3881 402 3935 διὰ
433 3882 530 3953 τὴν
571 3882 816 3950 ἁγνείαν,
851 3879 947 3933 καὶ
979 3879 1080 3942 τὰς
1120 3880 1363 3947 συνεχεῖς
1395 3877 1703 3947 προσευχὰς
1731 3877 1887 3930 τοῦτο

307 3972 558 4042 γίνεσθαι
588 3969 976 4024 συνεϐούλευσε
995 3986 1010 4000 ·
1037 3969 1130 4022 καὶ
1153 3967 1242 4021 διὰ
1265 3968 1364 4038 μὲν
1387 3967 1602 4020 Παύλου
1633 3969 1886 4035 λέγουσα.⁸

313 4081 339 4115 ι
377 4063 498 4116 Ἵνα
522 4061 820 4132 σχολάσητε
839 4062 904 4131 τῇ
929 4061 1206 4131 προσευχῇ
1223 4074 1237 4088 ·
1270 4077 1290 4111 ι
1318 4057 1409 4111 διὰ
1432 4059 1487 4110 δὲ
1513 4059 1719 4130 Πέτρου
1740 4057 1888 4111 τοῦθ’

305 4157 452 4221 ὅπερ
483 4152 676 4222 μαθεῖν
701 4151 990 4221 ἠθέλησας.
1028 4151 1241 4220 Χρῆναι
1265 4150 1376 4220 γὰρ
1404 4147 1508 4218 ἔφη
1537 4151 1662 4212 τοὺς
1693 4148 1890 4219 ἄνδρας

302 4246 385 4308 ὡς
439 4244 816 4314 ἀσθενεστέρῳ
876 4241 1063 4295 σκεύει
1116 4240 1194 4312 τῷ
1245 4240 1542 4310 γυναικείῳ
1597 4241 1890 4310 ἀπονέμειν

305 4339 500 4408 τιμήν.

650 4613 781 4669 PK'.
809 4644 875 4656 --
911 4613 1174 4683 rmore
1213 4612 1576 4681 ΕΠιΣΚΟΠῼ.

526 4707 630 4771 Εἰς
654 4705 751 4758 τόδ
789 4721 808 4755 ι
842 4704 908 4756 El
932 4701 1216 4763 δυνατὸν,
1249 4701 1316 4752 τὸ
1344 4699 1414 4762 ἐξ
1452 4696 1667 4767 ὑμῶν.»

385 4868 453 4923 Εἰ
481 4867 576 4920 καὶ
618 4862 890 4936 μηδεμίαν
929 4860 1020 4915 τὸν
1064 4857 1326 4929 ὑϐριστὴν
1358 4859 1390 4912 6
1425 4857 1752 4928 λοιδορηθεὶς
1791 4855 1891 4922 τῆς

2058 3425 2378 3494 Quanquam
2412 3423 2728 3480 venerabile
2771 3434 2856 3478 est
2907 3423 3243 3493 conjugium,
3290 3435 3348 3479 et
3381 3425 3562 3496 legiti-

1988 3531 2133 3570 mum
2183 3517 2390 3580 cubile,
2430 3525 2614 3570 tamen
2662 3529 2771 3568 non
2828 3529 3044 3583 semper
3096 3523 3152 3570 et
3198 3517 3396 3584 passim
3451 3518 3571 3571 sine

1968 3608 2184 3662 'dilectu
2244 3608 2296 3661 in
2341 3607 2694 3662 concubitum
2741 3605 3089 3660 insiliendum
3139 3615 3244 3672 est,
3298 3607 3392 3662 sed
3444 3619 3572 3663 sunt

1989 3705 2228 3767 tempora
2284 3698 2554 3766 quaedam,
2605 3697 2804 3766 quibus
2855 3697 3188 3765 temporibus
3243 3707 3491 3768 oporteat
3539 3715 3569 3753 ιι

1988 3787 2131 3841 coitu
2163 3787 2460 3849 abstinere,
2498 3798 2551 3840 et
2582 3785 2989 3841 concedendum
3035 3797 3263 3852 naturae,
3300 3788 3472 3843 donec
3501 3789 3571 3843 sit

1987 3891 2144 3944 pura,
2178 3886 2232 3928 ct
2261 3885 2381 3943 apta
2416 3878 2508 3929 liat
2547 3877 2613 3928 ad
2643 3877 2938 3930 liberorum
2969 3887 3432 3944 procreationem.
3463 3881 3567 3934 At-

1987 3981 2092 4035 que
2137 3967 2239 4020 hoc
2284 3966 2502 4034 quidem
2558 3967 2643 4020 lex
2699 3967 2770 4020 ita
2827 3966 3080 4021 s-ancivit.
3129 3967 3329 4023 ,Gratia
3387 3979 3568 4025 autem

1989 4057 2309 4129 (Evangelii)
2343 4058 2510 4114 etiam
2550 4057 2728 4112 studio
2759 4059 3045 4124 castitatis,
3088 4066 3146 4113 et
3175 4069 3396 4128 propter
3433 4075 3568 4115 con-

1990 4151 2168 4204 tinuas
2193 4163 2382 4218 preces
2419 4149 2472 4203 id
2501 4149 2614 4204 ﬁeri
2649 4152 2936 4214 consuluit,
2977 4167 3072 4222 per
3095 4151 3321 4208 Pauium
3350 4153 3569 4217 quidem

1991 4241 2176 4309 dicens
2203 4257 2219 4294 :
2250 4258 2270 4290 σ
2305 4239 2373 4294 Ut
2400 4242 2606 4296 vacetis
2639 4244 2870 4297 orationi
2892 4245 2973 4311 ";
3005 4263 3023 4295 ι
3062 4259 3158 4314 per
3193 4245 3408 4301 Petrum
3435 4261 3566 4303 vein

1991 4332 2045 4385 id
2075 4332 2217 4400 quod
2259 4332 2470 4387 discere
2505 4332 2738 4390 voluisti.
2775 4335 3040 4404 Oportere
3067 4337 3212 4390 enim
3243 4337 3378 4392 dixit
3414 4339 3565 4393 viros

1992 4422 2144 4489 quasi
2204 4421 2492 4476 inﬁrmiori
2543 4423 2764 4478 vasculo
2822 4424 3074 4480 muliebri
3130 4426 3403 4497 impertiri
3471 4430 3568 4484 ho-

1923 4500 1966 4554 Ῑ)
1997 4526 2204 4566 norem.

2299 4603 2465 4658 CXX.
2495 4636 2566 4645 —
2593 4605 2868 4662 ISIDORO
2907 4600 3264 4665 EPISCOPO.

1997 4692 2061 4748 In
2121 4695 2254 4747 illud
2308 4695 2514 4750 (Pauli
2571 4698 2847 4768 dictum),
2911 4717 2929 4750 ι
2977 4699 3245 4764 Quantum
3309 4703 3363 4753 in
3429 4703 3569 4754 vobis

2581 4779 2657 4820 est
2684 4769 2751 4831 ’³,
2799 4787 2818 4819 ι
2857 4779 2972 4822 etc.

2071 4855 2184 4910 Etsi
2217 4855 2262 4910 is
2287 4857 2377 4925 qui
2423 4858 2669 4912 convicio
2715 4857 2936 4914 affectus
2964 4869 3066 4922 est,
3110 4859 3308 4914 nullam
3345 4861 3396 4914 in
3422 4860 3565 4930 judi-

387 5021 505 5076 ²⁶.¹τ
531 5019 718 5074 Matth.
761 5035 816 5083 κ,
852 5015 943 5071 42.
993 5011 1234 5082 ¹⁸,Εο(211.
1261 5027 1418 5078 xvm,
1459 5011 1542 5064 l6.
1609 5010 1651 5040 ”
1683 5009 1812 5064 ibid.
1839 5009 1888 5062 i'.

1989 5008 2018 5039 ιο
2041 5007 2210 5065 Marc.
2241 5023 2342 5076 xu,
2370 5008 2562 5063 42-44.
2616 5011 2658 5040 “
2687 5009 2872 5066 lPetr.
2901 5011 3044 5079 m,7.
3110 5013 3154 5043 "
3178 5011 3197 5066 Ι
3225 5011 3351 5068 (301⁸.
3394 5029 3488 5080 νη,
3518 5015 3571 5069 5-

309 5093 361 5126 ’³
397 5092 556 5144 lteri).
589 5106 686 5157 xu,
713 5088 802 5143 18.

1415 5231 1654 5290 VARIE
1692 5229 2075 5288 LECTIONES
2119 5233 2206 5287 ET
2236 5231 2467 5289 NOTE.

396 5398 508 5470 (88)
556 5397 689 5470 Cod.
747 5393 1080 5470 Vatic.__650
1140 5391 1341 5470 omittit
1390 5388 1504 5470 καί.
1551 5385 1717 5470 νει*εὲ
1768 5388 1892 5443 inde

316 5473 375 5535 2,
403 5456 530 5532 post
571 5467 810 5536 ἕχον-τας
835 5463 986 5518 addit
1018 5461 1221 5536 ⁸τε-καὶ
1274 5460 1634 5536 παρέχοντας.
1679 5456 1888 5536 Posstu.

393 5527 505 5609 (89)
550 5527 653 5609 Pro
701 5535 812 5609 αλλ’
848 5536 896 5585 εί
949 5533 1042 5609 apt).
1073 5531 1286 5609 sipara:
1344 5527 1648 5609 ident_cod.
1693 5527 1894 5609 scribit

323 5596 441 5663 ἀλλ’
471 5596 521 5660 ἑί
555 5606 649 5660 καὶ
686 5603 909 5673 εὓρηται
942 5602 1031 5655 ubi
1078 5596 1616 5673 videtur_abupdare
1658 5596 1890 5652 alterum

321 5681 374 5734 εἰ
405 5677 558 5734 Vers.
593 5691 710 5744 seq.
746 5663 920 5741 τούτῳ
956 5679 1126 5724 mutat
1161 5665 1416 5720 into-310.
1448 5663 1522 5718 In.

609 5771 883 5830 Ρηιιοι..
926 5767 1042 5826 Gn.
1075 5760 1391 5823 LXXVI".

2071 5387 2183 5459 (90)
2213 5386 2319 5459 Pro
2346 5386 2540 5459 eiya’zp
2559 5385 2701 5459 idem
2731 5386 2860 5457 legit
2890 5388 2949 5440 ού
2979 5389 3107 5459 γάρ.
3141 5391 3215 5444 In.

2075 5457 2188 5528 (9|)
2223 5456 2324 5510 Pro
2362 5457 2474 5508 ἀλλ’
2520 5458 2552 5524 ἡ
2603 5457 2740 5533 idem
2790 5456 2908 5533 cod.
2961 5456 3148 5533 scribit
3193 5461 3326 5515 ἀλλὰ
3380 5466 3466 5533 τῇ,
3519 5474 3573 5519 ει

1998 5520 2150 5602 vers1
2171 5520 2424 5602 'seq.__pro
2450 5520 2736 5602 περιουσία
2759 5526 2981 5602 τοιαύτη
3011 5532 3163 5602 ponit
3185 5520 3469 5602 περιουσίᾷ
3502 5538 3570 5584 τὰ

2001 5597 2256 5672 τοιαῦτα·
2287 5595 2441 5672 vers.
2467 5603 2585 5667 post
2607 5595 2662 5660 2,
2689 5610 2786 5665 pro
2812 5595 3181 5667 είσαγαγοῦσα
3216 5595 3372 5655 habet
3395 5595 3566 5672 προσ-

2003 5666 2305 5734 αγαγοῦσα.
2338 5666 2412 5719 In.
2471 5666 2477 5667 “
2904 5691 2910 5698 ~

3135 5761 3208 5823 38
