4042 6146
355 292 486 356 H97
1253 282 1783 346 EPISTOLARUM
1823 282 1939 341 LIB

2044 282 2084 339 ν
2110 305 2178 316 -
2202 279 2437 339 EPIST.
2478 274 2695 335 CXXV.
3436 271 3572 338 1198

347 406 412 457 ού
435 405 554 466 ταῖς
579 399 857 472 πράξεσιν,
876 398 1000 453 οὐδὲ
1021 398 1131 461 τοῖς
1155 396 1477 467 ἀξιώμασιν,
1502 394 1636 447 ἀλλά
1654 396 1720 463 τῇ
1752 393 1911 461 φύσει

2044 390 2144 445 nihi
2188 390 2420 458 aliquem
2460 387 2551 456 qui
2597 394 2706 438 tam
2741 382 2813 437 sit
2840 395 3084 451 magnus,
3112 387 3172 434 ut
3208 393 3420 436 mecum
3445 396 3572 451 pos-
3621 424 3629 433 .

347 495 588 567 ὡρίσατο
626 471 734 547 τὸν
787 491 1031 559 πλησίον,
1089 489 1307 560 μονουχὶ
1362 488 1564 554 λέγων·
1616 484 1781 539 Οὔπω
1829 500 1912 536 σοι

2047 481 2088 534 it
2141 476 2468 547 comparari.
2527 473 2776 529 Salvator
2820 480 3024 535 autem,
3067 479 3323 540 tanquam
3386 471 3432 526 is
3483 471 3575 536 qui

349 561 486 648 τέως
510 585 674 653 λέγω,
709 584 790 634 ὅτι
824 581 973 634 οὐδὲν
1006 579 1113 632 τῶν
1142 578 1318 632 ἀλλων
1343 576 1672 646 διενήνοχας,
1706 575 1794 627 ἵνα
1838 572 1913 643 μὴ

2044 568 2289 623 nominem
2322 566 2540 621 fecisset
2568 563 2838 635 (pusillum
2870 562 3013 617 enim
3063 570 3119 615 et
3169 576 3421 631 magnum
3462 561 3578 630 ipse

347 671 399 723 οἱ
444 651 611 730 ὅντως
661 667 937 737 φιλάρετοι
970 665 1250 734 νομίσειαν
1277 665 1569 735 χρεωστεῖν
1611 664 1722 724 τοῖς
1749 661 1916 723 πέλας

2044 656 2194 729 ecit),
2220 671 2324 712 ntm
2347 656 2674 721 actionibus,
2690 668 2861 722 neque
2880 652 3251 721 dignitatibus,
3269 651 3361 706 sed
3389 660 3578 705 natura

347 759 447 830 τὴν
483 757 723 826 ἀγάπην,
749 756 923 825 δόγμα
955 754 1014 808 τὸ
1045 755 1135 807 σὺν
1165 754 1383 823 ἔλεγχον
1412 752 1727 822 νομίσαντες
1756 747 1913 803 εἶναι’

2044 748 2263 803 Ieliuivit
2301 748 2605 816 proximum
2646 762 2659 797 :
2692 753 2896 797 tantum
2931 758 3035 797 non
3074 742 3198 795 talia
3227 741 3469 809 quaedam
3500 742 3583 796 di-

348 850 462 903 ἀλλ’
494 848 543 899 εί
568 846 663 898 καὶ
692 845 863 908 οὕτως
900 844 1011 913 ἕχει
1039 842 1289 914 (δεδόσθω
1319 842 1475 911 γὰρ),
1520 841 1583 893 σὺ
1615 840 1912 892 σπούδασον

2044 852 2150 892 rens
2179 856 2193 890 :
2225 836 2467 891 Nondum
2516 837 2611 889 tibi
2658 836 2822 888 dico:
2855 844 2907 887 te
2961 833 3081 887 aliis
3128 833 3260 885 nihil
3309 841 3581 887 antestare

349 939 443 991 τοῦ
472 936 726 1004 δεομένου
762 935 987 1003 πλησίον
1013 931 1173 1001 εἶναι,
1208 935 1268 988 οὑ
1297 932 1373 1002 τῷ
1404 933 1552 1002 τόπῳ
1574 932 1751 1000 μόνον,
1782 930 1917 984 ἀλλά

2044 934 2114 981 ιιιι
2161 926 2437 981 meliorem
2482 939 2624 989 esse,
2678 940 2747 977 ne
2796 924 2869 977 illi
2908 925 2999 992 qui
3053 925 3429 997 κενοί-³480
3457 935 3585 979 sunt

351 1028 447 1081 καὶ
473 1029 539 1098 τῇ
560 1026 814 1089 διαθέσει,
845 1026 940 1079 καὶ
964 1028 1029 1097 τῇ
1057 1027 1138 1089 είς
1161 1024 1321 1078 αὐτὸν
1342 1023 1648 1094 ἐπιμελείᾳ.
1681 1022 1779 1074 Διά
1811 1023 1918 1091 γὰρ

2044 1015 2234 1070 ’ἰτιιιιίε
2265 1014 2516 1077 studiosi,
2565 1012 2708 1069 forte
2743 1022 2954 1082 putent,
2984 1028 3043 1067 se
3066 1014 3329 1083 proximis
3375 1014 3451 1085 (id
3477 1023 3582 1077 est,

350 1117 508 1171 τοῦτο
551 1118 646 1170 καὶ
692 1117 784 1170 τὸν
815 1116 1162 1187 Σαμαρείτην
1196 1132 1276 1168 σοι
1324 1111 1814 1185 ὲχαρακτηρίσατο.
1846 1111 1921 1161 Τὸ

2044 1120 2125 1160 ιοιι
2173 1104 2284 1161 nisi
2334 1105 2417 1160 sui
2458 1103 2751 1174 similibus)
2785 1103 3127 1159 dilectionem
3174 1104 3392 1168 debere,
3432 1110 3582 1159 tuum

352 1208 461 1278 γὰρ
492 1207 715 1278 πλησίον
764 1209 832 1276 τῇ
879 1207 1041 1275 φύσει
1092 1205 1358 1276 κρίνεται,
1406 1206 1468 1257 οὺ
1500 1205 1566 1274 τῇ
1598 1202 1802 1271 ἀρειιτῇ⁹
1850 1203 1917 1269 τῇ

2044 1197 2217 1265 logma
2263 1208 2364 1263 pro
2406 1193 2590 1263 regula
2623 1193 2868 1249 veritatis
2914 1194 3198 1249 habentes.
3249 1193 3356 1249 Sed
3409 1194 3456 1249 si
3500 1196 3586 1249 vel

352 1299 528 1368 οὐσίᾳ,
556 1298 617 1350 ού
648 1297 726 1367 τῷ
755 1296 1055 1366 ἀξιώματι·
1084 1298 1149 1366 τῇ
1181 1293 1512 1364 συμπαθείᾳ,
1544 1292 1604 1345 ού
1632 1290 1709 1361 τῷ
1735 1291 1914 1357 τόπῳο

2044 1287 2261 1341 naxime
2302 1286 2397 1349 ita,
2446 1293 2505 1338 nt
2542 1293 2600 1337 tu
2639 1285 2743 1348 vis,
2784 1299 2872 1340 res
2900 1299 3023 1341 sese
3056 1286 3250 1340 habeat
3280 1286 3411 1356 (jam
3441 1287 3584 1341 enim

351 1389 452 1457 τῆς
501 1388 791 1458 θεραπείας
838 1387 1044 1457 τρόπῳ,
1095 1387 1189 1440 καὶ
1216 1386 1277 1438 οὐ
1315 1384 1408 1438 τοῦ
1443 1384 1608 1437 τόπου
1638 1379 1917 1450 ἐγγύτητι.

2044 1390 2129 1431 ιοο
2154 1376 2311 1430 detur
2363 1374 2445 1428 sic
2487 1378 2673 1444 esse),
2707 1382 2764 1427 tn
2808 1375 2860 1429 id
2906 1375 3085 1444 potius
3131 1375 3193 1430 da
3241 1390 3485 1444 operam,
3528 1385 3588 1430 ut

367 1479 602 1532 Ἐκεῖνον
646 1477 879 1547 μάλιστα
904 1475 1041 1546 ἡγοῦ
1082 1472 1221 1529 εἶναι
1256 1474 1503 1545 πλησίον,
1532 1473 1624 1526 τὸν
1649 1470 1917 1541 δεόμενον,

2047 1465 2315 1536 ndigentis
2354 1475 2444 1519 tua
2482 1480 2583 1533 ope
2627 1467 2703 1520 sis
2733 1465 3042 1535 proximus,
3085 1480 3188 1520 non
3236 1466 3407 1521 solum
3444 1466 3583 1531 loco,

354 1568 448 1621 καὶ
473 1565 907 1634 αὐτεπάγγελτος
937 1565 1029 1616 ἐπὶ
1059 1564 1157 1633 τὴν
1190 1563 1444 1633 βοήθειαν
1477 1560 1680 1631 βάδιζε.

2044 1556 2118 1612 sed
2156 1556 2321 1610 etiam
2367 1556 2533 1609 animi
2566 1556 2943 1626 propensione.
2991 1564 3046 1611 et
3082 1570 3205 1625 erga
3253 1556 3427 1626 ipsum
3456 1571 3584 1611 cura

355 1672 424 1712 ac
452 1657 835 1712 sollicitudine.
878 1657 959 1711 0b
988 1658 1127 1711 hanc
1163 1656 1306 1710 enim
1336 1656 1505 1724 ipsam
1535 1668 1646 1707 rem
1715 1650 2121 1708 Samaritanum
2167 1662 2384 1717 quoque
2452 1648 2550 1703 tibi
2616 1647 3001 1718 praeﬁguravit.
3078 1646 3401 1703 Proximttas
3439 1649 3586 1703 enim

356 1757 551 1799 natura
605 1746 927 1809 aestimatur,
984 1761 1089 1801 nou
1140 1745 1371 1806 virtute;
1416 1742 1737 1806 substantia,
1782 1756 1889 1795 non
1929 1739 2226 1809 dignitate;
2284 1740 2681 1807 compassione,
2744 1753 2849 1793 non
2888 1739 3035 1801 loco;
3082 1739 3378 1794 curationis
3406 1739 3584 1798 modo,

355 1844 412 1890 et
440 1849 541 1888 non
581 1834 682 1888 loci
712 1835 1132 1904 propinquitate.
1182 1833 1331 1887 Illum
1369 1832 1602 1887 maxime
1642 1830 1909 1885 arbitrare
1945 1830 2253 1900 proximum
2282 1841 2426 1892 esse,
2495 1827 2589 1897 qui
2619 1827 2697 1881 tui
2741 1827 2975 1882 maxime
3004 1827 3264 1899 indigeat,
3287 1837 3343 1884 et
3399 1839 3589 1901 sponte

360 1934 448 1979 tua
483 1925 548 1979 ad
577 1924 834 1978 auxilium
857 1925 907 1980 ei
941 1925 1222 1979 terendum
1250 1925 1467 1978 accede.

588 2016 757 2067 PKA'.
788 2044 856 2054 -—-
883 2014 1202 2085 ΔΙΓΥΠΤΙῼ
1237 2013 1702 2083 ΠΡΕΣΒΥΤΕΡῼ.

874 2102 1015 2171 Περὶ
1042 2102 1153 2171 τῆς
1184 2101 1411 2170 ψυχῆς·

428 2215 589 2269 Θείαν
622 2215 720 2285 μὲν
752 2214 1033 2285 ἡγούμεθα
1072 2215 1173 2285 τὴν
1201 2214 1378 2285 ψυχὴν
1416 2212 1552 2267 εἶναι
1580 2214 1670 2283 (οὐ
1700 2214 1802 2285 μὴν
1829 2215 1929 2285 τῆς

362 2306 642 2375 θειοτάτης
671 2306 765 2359 καὶ
793 2306 1224 2376 βασιλικωτάτης
1250 2306 1464 2374 φύσεως
1495 2306 1776 2375 ὁμοούσιον
1796 2306 1813 2375 )
1835 2306 1929 2359 καὶ

364 2396 661 2460 ἀθάνατον,
705 2395 818 2447 ἀλλ’
850 2397 911 2449 οὐ
946 2396 1045 2464 τῆς
1082 2396 1318 2466 ἀνάρχου
1362 2396 1455 2449 καὶ
1506 2396 1792 2466 ποιητικῆς
1835 2397 1931 2449 καὶ

364 2485 538 2537 ἀϊδίου
574 2485 757 2554 μέρος.
786 2485 849 2536 Ei
878 2484 984 2554 γὰρ
1016 2487 1228 2554 ἐκείνης
1254 2486 1351 2556 τῆς
1381 2486 1617 2556 ἀρρήτου
1645 2481 1712 2555 ἦν
1744 2485 1926 2555 μέρος,

365 2573 465 2624 οὐκ
498 2572 563 2625 ἂν
596 2574 863 2643 ἥμαρτεν,
897 2575 997 2627 οὐκ
1034 2575 1244 2645 ἐκρίθη.
1274 2574 1337 2627 Et
1380 2574 1436 2626 δὲ
1480 2573 1652 2627 ταῦτα
1710 2575 1928 2644 πάσχει,

365 2664 465 2731 τῆς
495 2662 756 2715 ἀνωτάτω
784 2662 972 2726 οὐσίας
1000 2663 1210 2732 ποίημα
1246 2662 1466 2724 δικαίως
1494 2661 1561 2714 ἀν
1594 2663 1928 2733 πιστευθείη,

365 2754 429 2804 ού
464 2752 648 2823 μέρος,
680 2754 764 2809 ἵνα
798 2754 873 2826 μὴ
903 2755 1100 2825 ἑαυτὴν
1130 2756 1163 2825 ἡ
1189 2753 1307 2807 θεία
1351 2752 1510 2820 φύσις
1538 2754 1793 2823 κρίνουσα
1817 2771 1932 2822 φω-

369 2841 583 2911 ραθείη.

368 3118 543 3171 ΡΚΕ¹.
583 3149 650 3159 ---
688 3120 1028 3192 ιιΡοΕΣΧιῼ
1077 3121 1190 3192 (9:5)
1240 3122 1676 3189 ΣΧΟΛΑΣἸΊΚῼ
1709 3122 1931 3193 meo.

877 3214 1015 3277 Περὶ
1061 3212 1169 3265 τοῦ
1205 3212 1410 3264 αὑτοῦ.

2208 2010 2444 2069 CXXIV.
2482 2042 2553 2053 —
2585 2010 2907 2071 DIGYPTIO
2941 2013 3419 2072 PRESBYTERO.

2651 2103 2726 2157 De
2756 2105 2956 2159 anima.

2103 2213 2347 2269 Divinam
2374 2212 2590 2282 quidem
2640 2226 2762 2269 esse
2810 2214 3046 2269 animam
3093 2214 3453 2283 arbitramur;
3486 2228 3592 2271 non

2030 2311 2211 2358 tamen
2254 2302 2497 2372 ejusdem
2538 2317 2658 2359 cum
2705 2304 3043 2359 divinissima
3077 2306 3419 2376 maximeque
3447 2307 3595 2377 regia

2032 2403 2223 2447 natura
2250 2392 2603 2448 substantiae:
2633 2403 2688 2449 et
2716 2393 3106 2461 immortalem;
3140 2409 3247 2449 non
3273 2404 3453 2451 autem
3480 2396 3598 2464 ejus

2032 2493 2240 2539 natura:
2268 2493 2501 2553 partem,
2531 2497 2651 2553 quae
2682 2484 2949 2554 principio
2974 2494 3148 2552 caret,
3177 2494 3231 2541 et
3267 2499 3353 2542 res
3392 2488 3596 2542 creavit

2032 2584 2086 2630 et
2126 2574 2456 2644 sempiterna
2493 2583 2596 2629 est.
2638 2572 2772 2628 Nam
2824 2574 2869 2629 si
2905 2573 3190 2629 ineﬂ‘abilis
3220 2576 3362 2631 illius
3391 2586 3597 2632 naturae

2034 2664 2211 2734 portio
2245 2672 2411 2728 esset,
2447 2678 2552 2718 non
2587 2664 2772 2733 utique
2803 2674 3100 2733 peccasset,
3138 2678 3243 2718 non
3275 2674 3421 2720 esset
3456 2666 3598 2735 judi-

2033 2764 2179 2809 cata.
2216 2752 2369 2820 Quod
2408 2753 2454 2808 si
2487 2755 2600 2808 haec
2626 2755 2850 2822 patitur,
2896 2769 3108 2822 aequum
3139 2762 3221 2809 est
3255 2754 3423 2822 ipsam
3450 2756 3595 2809 credi

2035 2855 2305 2911 supremae
2340 2840 2483 2895 illius
2530 2840 2846 2895 substantiae
2894 2841 3189 2909 opiﬁcium,
3242 2856 3345 2895 non
3391 2851 3595 2910 partem

2034 2945 2176 2995 esse,
2213 2943 2281 2983 ne
2311 2929 2492 2982 divina
2530 2937 2721 2982 natura
2754 2930 2986 2999 seipsam
3022 2929 3263 2997 judicare
3300 2931 3599 3001 deprehen-

2037 3022 2214 3074 datur.

2038 3129 2249 3183 CXXV.
2283 3159 2349 3169 -—
2393 3128 2781 3205 PROE§CIIIO
2821 3129 3287 3186 SCHOLASTICO
3325 3132 3596 3190 MEDICO.

2665 3221 2739 3273 De
2771 3223 2968 3274 anima.

443 3320 764 3392 Πυθαγόρας
801 3323 921 3393 μὲν,
964 3325 1058 3377 καὶ
1086 3322 1331 3388 Πλάτων,
1367 3323 1461 3375 καὶ
1486 3325 1535 3375 οἱ
1562 3323 1709 3378 ἄλλοι
1737 3323 1934 3391 ἔνδοξοι

2108 3331 2441 3402 Pythagoras
2467 3332 2682 3402 quidem
2713 3341 2767 3386 et
2794 3332 2967 3397 Plato,
2996 3332 3192 3402 aliique
3218 3335 3358 3405 apud
3384 3333 3604 3391 Graecos

370 3410 508 3481 παρ’
559 3414 783 3483 Ἕλλησι
830 3418 1002 3484 σοφοὶ,
1057 3415 1461 3478 ἀποδεικτικῶς
1517 3415 1783 3483 ἀνάγκαις
1815 3417 1943 3469 ἑπό-

374 3514 550 3567 μενοι,
598 3502 1074 3572 ἡγεμονικωτέραν
1100 3502 1197 3574 τὴν
1244 3504 1420 3573 ψυχὴν
1451 3502 1542 3557 τοῦ
1583 3504 1831 3573 σώματος
1862 3505 1939 3556 εί-

374 3588 548 3652 κότως
580 3590 926 3662 ἀπεφήναντο
946 3609 959 3622 ⁶
1003 3594 1094 3645 καὶ
1124 3593 1387 3646 ἐκάλεσαν
1414 3593 1511 3663 τὴν
1543 3592 1641 3661 μὲν
1669 3592 1937 3662 τεχνίτην,

372 3677 438 3729 τὸ
479 3677 535 3729 δὲ
583 3678 851 3748 ὄργανον,
896 3681 995 3751 τὴν
1052 3681 1150 3751 μὲν
1205 3680 1527 3752 ἀσώματον·
1582 3683 1644 3735 τὸ
1692 3684 1747 3736 δὲ
1779 3686 1937 3754 τριχῆ

372 3768 656 3822 διαστατόν
684 3770 795 3840 (96)
813 3786 828 3801 '
863 3771 963 3842 τὴν
994 3772 1039 3823 δ’
1071 3772 1338 3827 ἀθάνατον
1366 3774 1459 3825 καὶ
1500 3774 1770 3845 ἄφθαρτον
1800 3775 1934 3844 (97).

372 3858 439 3910 Εί
474 3859 582 3929 γὰρ
612 3861 706 3912 καὶ
740 3860 869 3931 περὶ
894 3861 1030 3915 ἄλλα
1058 3862 1177 3915 τινὰ
1206 3862 1499 3933 διήμαρτον
1530 3862 1629 3932 τῆς
1662 3863 1940 3930 ἀληθείας,

373 3946 434 3996 ἐν
457 3946 630 4016 τούτῳ
657 3948 796 4000 κατὰ
831 3949 1032 4011 σκοποῦ
1050 3950 1373 4019 ἠνέχθησαν.
1403 3950 1636 4020 Γαληνὸς
1657 3951 1711 4003 δὲ
1734 3952 1815 4019 (οὐ
1838 3952 1943 4023 γάρ

373 4035 533 4088 ἔλαθε
563 4038 689 4101 τοὺς
729 4039 965 4101 συνετῶς
994 4039 1488 4108 ἀναγινώσκοντας,
1541 4041 1796 4111 ἁρμόνιον
1831 4043 1943 4111 (98)

380 4128 553 4198 αὐτὴν
579 4128 745 4200 λύραν
772 4131 830 4182 ού
853 4129 1086 4199 λυρῳδὸν
1107 4130 1486 4200 ἡγησάμενος)
1512 4130 1709 4201 θνητὴν
1734 4132 1945 4203 ἀπεφή-

375 4236 506 4272 νατο
548 4220 685 4291 (99).
719 4220 1094 4290 Προσθέμενος
1137 4220 1246 4291 γάρ
1291 4220 1461 4286 εἷπεν,
1513 4222 1594 4275 ὅτι
1635 4225 1700 4293 τῇ
1753 4224 1945 4293 κράσει

374 4309 474 4362 τοῦ
510 4308 761 4379 σώματος
790 4310 1013 4365 ἕπονται
1046 4311 1101 4363 αἱ
1135 4310 1234 4380 τῆς
1271 4312 1445 4381 ψυχῆς
1470 4311 1744 4383 δυνάμεις,
1776 4316 1855 4376 είς
1886 4317 1946 4367 τὸ

376 4400 543 4468 φάναι
574 4401 635 4454 τὸ
679 4400 814 4472 μηδὲ
844 4397 984 4455 εἶναι
1030 4401 1208 4473 ψυχὴν
1233 4403 1523 4473 ἀσώματον
1558 4405 1650 4458 καὶ
1680 4405 1945 4459 ἀθάνατον

376 4491 752 4564 ἐτελεύτησεν,
796 4492 895 4562 τὴν
940 4494 1137 4563 κρᾶσιν
1187 4492 1364 4564 ψυχὴν
1397 4494 1495 4547 οὐκ
1526 4488 1624 4546 οἶδ’
1651 4495 1796 4559 ὅπως
1833 4497 1946 4567 ὁρι-

2042 3424 2320 3494 sapientize
2359 3424 2614 3493 opinione
2663 3424 2817 3489 clari,
2869 3423 3221 3478 necessitates
3264 3425 3604 3479 demonstra-

2042 3515 2244 3568 tionum
2275 3513 2468 3577 secuti,
2504 3513 2737 3567 animam
2786 3527 3010 3583 corpore
3049 3515 3476 3582 praestantiorem
3525 3517 3605 3570 di-

2046 3606 2398 3675 gnioremque
2422 3606 2670 3675 imperio,
2695 3605 2817 3673 jure
2843 3619 2907 3659 ac
2933 3606 3123 3660 merito
3144 3606 3565 3675 pronuntiarunt
3582 3620 3603 3659 :

2038 3705 2092 3751 et
2117 3697 2262 3750 illam
2300 3696 2514 3765 quidem
2552 3697 2851 3760 artiﬁcem;
2889 3697 2993 3750 hoc
3022 3709 3151 3751 vero
3191 3696 3605 3750 instrumentum

2045 3785 2414 3855 appellarunt:
2443 3786 2586 3838 illatn
2618 3787 2833 3853 quidem
2857 3786 3100 3854 corporis
3120 3796 3393 3855 expertem
3419 3803 3434 3851 ;
3463 3788 3607 3843 istud

2049 3884 2227 3929 autem
2282 3876 2418 3928 trina
2472 3885 2727 3929 constans
2776 3877 3112 3931 dimensione
3148 3894 3161 3931 :
3197 3876 3338 3932 istud
3392 3879 3608 3947 quidem

2050 3963 2276 4019 mortale
2318 3972 2373 4018 et
2400 3964 2733 4032 eorruptioni
2778 3964 3108 4031 obnoxium;
3148 3965 3294 4019 illam
3339 3981 3469 4022 vero
3510 3969 3609 4023 im-

2047 4055 2364 4121 mortalem,
2416 4063 2473 4111 et
2521 4056 2882 4125 corruptionis
2928 4065 3224 4124 expertem.
3288 4060 3607 4127 Quanquam

2047 4147 2191 4202 enim
2225 4147 2350 4202 aliis
2394 4147 2447 4201 in
2482 4148 2641 4203 rebus
2688 4163 2718 4201 a
2755 4146 2983 4201 veritate
3016 4146 3380 4201 aberrarunt:
3420 4156 3600 4203 tamen

2049 4237 2150 4291 hac
2179 4236 2230 4289 in
2257 4251 2313 4292 re
2342 4251 2560 4306 scepum
2589 4236 2903 4306 attigerunt.
2947 4235 3182 4291 Galenus
3211 4248 3388 4292 autem
3417 4237 3614 4308 (neque

2048 4323 2193 4376 enim
2221 4336 2315 4377 eos
2344 4325 2434 4393 qui
2464 4323 2822 4394 intelligenter
2854 4325 3026 4393 ipsum
3061 4325 3264 4393 legunt,
3291 4322 3445 4394 fugit,
3469 4329 3612 4395 quod

2053 4411 2371 4465 concinnam
2411 4412 2699 4483 quamdam
2747 4414 2936 4486 lyram,
2986 4430 3090 4469 non
3130 4416 3433 4485 Iyricinem,
3464 4416 3613 4470 illam

2051 4513 2172 4554 esse
2204 4501 2443 4569 duxerit)
2493 4503 2773 4558 mortalem
2813 4505 3202 4573 pronuntiavit.
3246 4503 3381 4560 Nam
3424 4516 3481 4560 et
3514 4509 3615 4561 hoc

1490 4643 1734 4699 VARl/E
1773 4644 2152 4704 LECTIONES
2188 4648 2277 4718 Er
2315 4650 2546 4707 NUTIE.

454 4802 564 4871 (95)
591 4800 720 4855 Cod.
742 4801 965 4871 i‘iatic.1
988 4800 1288 4871 Προσεχίῳ.
1320 4800 1534 4871 Possm.

451 4869 561 4939 (96)
598 4871 667 4923 Τὸ
690 4870 758 4923 δὲ
794 4869 967 4938 τροχῆ
1010 4869 1353 4924 διαστατόν.
1398 4870 1521 4923 Post
1569 4872 1682 4926 lucc
1735 4871 1945 4925 Videtur

377 4939 625 5010 nonnihil
661 4941 847 5010 deesse
903 4940 1182 5010 minimum
1238 4940 1343 4993 tale
1391 4941 1687 5008 quidpiam,
1736 4939 1797 4991 τὸ
1845 4941 1945 5010 μὲν

378 5008 574 5077 θνητὸν
602 5009 696 5077 καὶ
723 5006 981 5077 φθαρτόν.
1018 5007 1185 5077 Rt'rr.

453 5075 565 5149 ('97)
594 5075 724 5149 (ξοδ.
746 5145 756 5149 Δ
779 5075 898 5149 νει,
921 5089 1032 5149 pro
1068 5075 1523 5149 riqvﬁidedtyazov
1556 5078 1649 5149 καὶ
1674 5077 1949 5149 ἄφθαρτον

377 5145 544 5199 habet
572 5143 669 5214 τὴν
704 5145 801 5214 μὲν
834 5143 1204 5214 ἀθάνατονίτὺ
1232 5143 1287 5195 δὲ
1318 5144 1571 5214 φθαρτόν.
1597 5143 1808 5202 Possm.

454 5214 565 5285 (98)
596 5212 720 5285 Pro;
734 5215 987 5285 ἁρμόνιον
1017 5225 1070 5285 et
1097 5212 1270 5282 -λύραν
1289 5212 1444 5285 fidem
1496 5216 1645 5285 ponit
1690 5218 1951 5285 ἁρμονίαν

376 5293 435 5337 et
462 5284 648 5353 λύρας.
682 5282 835 5355 νέης.
866 5283 1010 5355 inde
1045 5283 1099 5344 2,
1138 5282 1505 5355 προσθέμενος
1534 5284 1584 5336 in
1622 5282 1952 5355 προθέμενος

379 5348 576 5416 mutat,
600 5359 653 5403 et
690 5348 840 5403 εἶπεν
866 5352 916 5402 ῐιι
949 5353 1140 5404 εἰπεῖν.
1168 5348 1246 5405 ῐθ.

453 5422 563 5489 (99)
594 5420 872 5486 Γαληνὸς
896 5420 1031 5474 δὲ...
1051 5420 1281 5486 θνητὴν
1295 5420 1661 5488 ἀπεφήνατο.
1695 5422 1951 5476 Galenum

379 5490 435 5543 in
472 5492 734 5560 sententia
767 5491 833 5543 de
869 5490 1046 5543 anima
1090 5498 1170 5560 ter
1198 5489 1307 5541 fere
1344 5492 1602 5560 variasse,
1635 5491 1726 5544 alii
1751 5492 1801 5543 in
1834 5492 1953 5560 ejus

380 5560 597 5628 scriptis
618 5559 901 5627 diligenter
918 5558 1115 5612 versati
1139 5558 1432 5611 doctissimi
1452 5559 1551 5612 viri
1574 5558 1948 5614 observarunt.

381 5629 555 5683 Aliter
584 5630 727 5683 enim
757 5627 1033 5696 juvenem,
1074 5626 1229 5680 aliter
1259 5627 1453 5691 virum,
1478 5628 1633 5683 aliter
1674 5644 1855 5682 senem
1884 5631 1951 5682 de

1019 5668 1033 5693 ’
1074 5661 1219 5680 ιιιιιιαι
1265 5661 1453 5691 νιιυιιι,
1478 5661 1620 5683 αιιιῠι
1674 5661 1855 5682 δςιηῐιιι
1884 5661 1949 5682 υυ

2046 4819 2107 4859 ea
2133 4806 2452 4881 scripsisse.
2488 4809 2649 4865 Libro
2672 4812 2903 4880 fqniilem
2945 4828 2982 4868 tt
3039 4814 3112 4868 De
3150 4815 3352 4881 placitis
3385 4814 3620 4871 Platonis

2047 4886 2104 4954 et.
2121 4874 2477 4954 Hippocratis,
2506 4881 2586 4954 sic
2610 4874 2801 4954 scribit
2828 4884 2937 4954 :‘Ei
2964 4884 3020 4936 δὲ
3042 4874 3290 4954 καὶπερὶ
3334 4886 3509 4954 ψυχῆς
3532 4886 3620 4937 ob-

2051 4942 2195 5025 σίας.
2221 4946 2598 5025 ἀποφήνασθαι
2659 4951 2764 5025 χρὴ
2783 4992 2797 5014 ,
2821 5019 2833 5025 _
2856 4951 3016 5025 δυοῖνΔ
3047 4942 3272 5025 θάτερόν
3324 4942 3621 5025 ἀναγκαῖον

2340 5012 2482 5107 esse
2511 5012 3050 5107 εἶναι’τὶ’.αύγοειδές
3087 5037 3146 5107 τε
3162 5012 3275 5107 nica):
3320 5012 3622 5093 ἀνθέρῶδες

2051 5083 2210 5150 σῶμα
2242 5083 2456 5136 λεκτέον
2494 5085 2682 5166 αύτὴην.
2719 5088 2812 5150 Εἰς
2844 5083 2892 5151 ὃ,
2921 5090 3020 5140 κᾶν
3051 5089 3123 5159 μὴ
3159 5083 3471 5158 βούλωνται,
3501 5083 3615 5145 κατ-

2052 5149 2769 5231 ἀκολουθίανιάφιικνουνται
2813 5157 3021 5231 Στοξίκοί
3068 5174 3128 5209 τε
3185 5162 3275 5231 καὶ
3304 5162 3622 5231 ίἈριστοτὲ-

2053 5218 2152 5298 λης
2172 5236 2191 5298 _'
2216 5220 2248 5289 ἢ
2276 5221 2444 5298 αύτὴν
2469 5218 2881 5298 μενμάσιὶέματον
2908 5226 3172 5298 ὑπάρχειν
3192 5218 3420 5298 οὑσίανξ
3442 5231 3623 5298 ὄχημα

2054 5286 2109 5366 δε
2136 5288 2197 5339 τὸ
2226 5286 2637 5366 spargam;
2659 5286 2799 5344 εἶναι
2828 5296 2975 5346 τουτὶ
2997 5286 3239 5366 {fama
3268 5298 3335 5350 δι’
3364 5289 3423 5350 οὗ
3455 5286 3621 5366 μ’ἐσου

2053 5356 2153 5435 τὴν
2182 5356 2317 5435 πρὸς
2354 5359 2531 5435 τᾶλλα
2563 5356 3103 5435 σζὺματαῗκοινωνίαν
3144 5356 3428 5435 λαμϐάνει.
3455 5356 3623 5435 Cujus

2052 5423 2155 5478 loci
2207 5423 2459 5481 indicium
2506 5423 2657 5484 fecit'
2687 5432 2812 5484 mihi
2865 5423 3229 5488 amicissimus
3279 5450 3427 5489 meus
3463 5423 3619 5490 Joan.

2053 5493 2221 5548 Cunr.
2253 5493 2591 5572 Rhumelius,
2635 5501 2867 5572 eximius
2899 5511 2953 5556 et
2987 5502 3334 5572 philosophus
3360 5514 3413 5557 et
3450 5506 3621 5560 medi-

2053 5576 2169 5628 cus,
2204 5577 2302 5639 nec
2336 5567 2479 5632 potui
2516 5581 2634 5635 ego,
2672 5569 2799 5636 quin
2843 5571 2941 5624 hac
2967 5567 3250 5625 occasione
3295 5587 3454 5639 porro
3481 5574 3622 5630 fate-

2055 5645 2167 5683 rcm
2205 5632 2343 5701 aliis,
2379 5649 2499 5689 cum
2533 5632 2814 5703 grata—viri
2858 5642 3142 5701 mentium.
3175 5632 3337 5695 nni.
