4042 6146
461 290 597 366 1199

1670 289 1731 347 S.
1772 281 2065 344 ISIDORI
2103 273 2539 339 PELUSIOTzE

3565 271 3706 335 1200

463 411 685 474 addidit,
731 403 978 475 corporis
1019 407 1503 471 temperamentum
1546 395 1697 464 sequi
1746 395 2034 446 facultates

2148 387 2369 456 ςάμενος
2391 400 2403 412 ·
2435 385 2511 447 ὡς
2558 381 2872 451 ἐλέγχεσθαι
2910 380 3072 433 αὐτὸν
3115 379 3293 449 μάτην
3326 378 3426 448 μὲν
3455 377 3517 430 το
3541 380 3708 450 ὃνομα

460 506 899 567 animm:eoqne
954 496 1166 547 tamlcm
1220 494 1503 562 pervenit,
1558 500 1615 541 ut
1667 487 1907 547 diceret,
1960 497 2029 537 ne

2148 479 2227 548 τῆς
2252 476 2431 545 ψυχῆς
2459 472 2823 544 θρυλλοῦντα·
2853 472 2955 538 διὰ,
2980 471 3039 523 δὲ
3065 471 3126 522 τὸ
3167 470 3243 540 μὴ
3289 470 3440 534 δόξαι
3498 470 3711 532 πολλοῖς

459 596 670 663 quidem
695 589 941 658 corporis
965 599 1241 655 expertem
1273 598 1326 639 et
1365 580 1726 663 immortalem
1752 592 1873 633 esse
1905 576 2031 630 ani—

460 699 620 744 mam,
662 694 785 733 cum
838 676 1022 730 nescio
1066 674 1336 743 quomodo
1381 654 1860 738 temperamentum
1901 665 2033 717 deﬁ-

460 772 618 825 nierit
666 768 932 828 animam,
1004 773 1061 815 ut
1110 762 1183 814 ita
1235 768 1493 829 arguatur
1533 758 1730 811 frustra
1783 768 1850 807 ac
1898 754 2033 806 dicis

461 868 666 912 l:tl|ll|m
700 870 862 910 causa
906 866 1101 905 nomen
1138 849 1360 918 quidem
1409 847 1604 901 anima:
1631 845 1843 899 crebris
1874 857 2031 897 usur-

460 965 587 1018 pare
633 946 975 1001 sermonibus
1021 942 1194 993 :duni
1255 951 1433 993 autem
1490 939 1593 991 hoc
1650 938 1815 990 verbo
1878 944 2034 987 tenus

460 1042 729 1099 concedit,
772 1054 838 1090 ne
870 1036 1124 1090 videlicet
1167 1033 1350 1088 multis
1393 1028 1727 1099 sapientibus
1761 1024 2036 1081 contradi-

462 1146 585 1185 iere
626 1130 913 1189 videatur,
961 1142 1074 1180 rem
1127 1127 1335 1178 interea
1380 1123 1551 1189 ipsam
1583 1127 1875 1188 oppugnat.
1932 1114 2035 1169 Sed

465 1238 570 1276 non
621 1232 703 1275 est
750 1220 848 1288 ipsi
894 1219 998 1272 hac
1051 1218 1101 1268 in
1159 1232 1213 1268 re
1260 1210 1690 1267 auscultandmn.
1736 1206 1869 1259 Nam
1913 1206 2036 1258 dum

467 1313 675 1365 n‘edico
734 1309 969 1380 dogmati
1034 1324 1093 1361 se
1145 1301 1591 1364 8Ct'ttnttI10tlthll,
1644 1313 1905 1366 suamque
1955 1312 2040 1347 ar-

469 1414 573 1457 tem
599 1402 840 1454 staliilire
869 1409 922 1452 et
951 1398 1334 1451 commendare
1362 1394 1553 1458 voluit,
1577 1391 1820 1445 veritatis
1853 1404 2037 1442 curam

468 1495 687 1561 insuper
735 1492 943 1545 imbuit.
991 1490 1064 1542 De
1113 1488 1394 1541 curatione
1444 1496 1675 1551 namque
1729 1493 2038 1548 corporum,

465 1584 625 1654 481
666 1583 921 1650 quoniam
955 1580 1007 1632 in
1054 1578 1151 1631 hac
1194 1586 1311 1629 arte
1350 1574 1623 1628 excellens
1664 1570 1766 1624 fuit
1819 1567 2039 1628 artifex,

469 1677 554 1728 vir
594 1674 717 1735 ille,
758 1672 1009 1739 loquatur
1039 1684 1168 1724 sane
1201 1683 1300 1722 suo
1331 1667 1633 1720 arbitratu:
1680 1677 1855 1731 neque
1896 1660 2038 1714 enim

2145 570 2326 637 σοφοῖς
2354 567 2671 633 ἀντιλέγειν,
2702 564 2859 617 τοῦτο
2883 560 3290 632 συγχωροῦντα,
3324 561 3401 630 τῷ
3424 563 3501 630 (l)
3536 562 3711 631 πράγ-

2137 676 2267 729 ματι
2321 657 2647 727 μαχόμενος,
2680 653 2915 722 τοῦνομα
2956 655 3247 720 συγχωρεῖ.
3298 650 3435 703 Ἀλλ’
3458 652 3521 703 οὑ
3550 667 3713 719 προσ-

2133 750 2316 802 εκτέον
2342 749 2488 817 αὐτῷ
2507 749 2565 799 ὲν
2586 745 2779 815 τούτῳ.
2807 745 2897 810 Τῷ
2926 744 3034 812 γὰρ
3064 742 3290 813 ἰατρικῷ
3327 741 3556 811 δόγματι
3585 741 3710 793 ἐπό-

2139 856 2319 909 μενος,
2343 839 2437 891 καὶ
2456 838 2553 908 τὴν
2580 836 2715 888 ἰδίαν
2730 836 2929 904 τέχνην
2956 834 3219 903 συστῆναι
3248 832 3589 902 βουλόμενος,
3613 832 3711 899 τῆς

2136 929 2391 999 ἀληθείας
2422 929 2523 981 οὐκ
2562 928 2867 997 ἐφρόντισε,
2914 924 3194 994 Σωμάτων
3237 924 3349 995 γὰρ
3396 924 3527 993 περὶ
3549 922 3711 990 θερα-

2137 1019 2316 1083 πείας,
2344 1018 2529 1088 ἐπειδὴ
2556 1016 2803 1086 τεχνίτης
2828 1016 2886 1067 ἐν
2913 1014 3087 1086 ταύτῃ
3115 1016 3143 1065 ὁ
3162 1014 3301 1084 ἀνὴρ
3322 1013 3715 1083 περιελαλεῖτο,

2138 1112 2212 1174 ὡς
2241 1110 2486 1180 βούλεται
2521 1110 2603 1180 (οὐ
2632 1108 2740 1178 γὰρ
2762 1107 3137 1176 ἀφαιρήσομαι
3166 1105 3330 1158 αὑτοῦ
3351 1106 3450 1174 τὴν
3480 1104 3573 1155 ἐπὶ
3596 1102 3717 1155 τού-

2139 1220 2249 1266 τοις
2280 1201 2503 1272 ἀξίαν),
2532 1200 2709 1270 ψυχῆς
2764 1199 2810 1250 δ’
2864 1198 3051 1249 ἕνεκεν
3106 1198 3182 1267 μὴ
3234 1194 3556 1267 ἁμιλλᾶσθω
3607 1197 3716 1257 τοῖς

2143 1292 2488 1361 σοφωτέροις,
2534 1291 2669 1360 μηδὲ
2720 1288 3100 1342 καταϐαινέτω
3138 1289 3218 1351 είς
3261 1287 3470 1355 ἀγῶνα,
3509 1282 3570 1340 οὗ
3626 1287 3718 1340 καὶ

2141 1380 2442 1450 ἀνάσκητος
2478 1381 2594 1432 ἐστι
2628 1378 2723 1431 καὶ
2762 1376 3127 1447 ἁμελέτητος“
3189 1376 3324 1445 μηδὲ
3373 1376 3608 1445 ἀθλητὴς
3645 1373 3716 1425 ὢν

2140 1471 2238 1541 τὴν
2277 1471 2540 1541 μουσικὴν
2586 1468 2837 1539 κρινέτω
2894 1467 3028 1537 μηδὲ
3072 1467 3201 1538 περὶ
3228 1466 3299 1518 τὰ
3340 1466 3567 1536 σώματα
3595 1466 3720 1534 ὅλην

2144 1561 2340 1615 ἑαυτοῦ
2367 1560 2610 1622 κενώσας
2653 1558 2753 1630 τὴν
2807 1557 3043 1619 σύνεσιν,
3093 1557 3221 1628 περὶ
3260 1557 3441 1626 ψυχῆς
3470 1556 3719 1624 δογματι-

2147 1653 2305 1717 ζέτω’
2343 1650 2477 1721 μηδὲ
2507 1649 2806 1701 πιστευέτω
2829 1648 2929 1717 (2),
2964 1648 3021 1699 ὲν
3048 1646 3126 1717 τῷ
3171 1646 3601 1710 κατασκευάζειν
3625 1647 3722 1715 τὴν

471 1766 573 1834 ipsi
608 1764 922 1833 dignitatem
972 1763 1023 1816 in
1073 1761 1156 1815 his
1201 1759 1361 1813 rebus
1404 1772 1555 1812 suam
1609 1754 1912 1810 detraham.
1972 1750 2045 1803 De

2148 1741 2413 1812 ἁρμονίαν
2454 1738 2563 1792 τῶν
2599 1738 2875 1808 στοιχείων
2919 1733 3057 1789 εἶναι
3096 1738 3295 1807 ψυχήν.
3332 1739 3396 1791 Εἰ
3434 1737 3542 1807 γὰρ
3568 1738 3721 1789 τοῦτο

471 1857 651 1910 anima
684 1868 813 1908 vero
837 1862 1111 1906 certamen
1144 1864 1266 1904 cum
1299 1847 1635 1916 sapientibus
1661 1858 1730 1898 ne
1760 1840 2041 1909 suscipiat,

473 1961 644 2015 neque
672 1946 963 1999 descendat
1004 1944 1056 1996 in
1089 1944 1287 1996 luetam
1310 1983 1324 2008 ,
1353 1942 1405 1994 in
1441 1955 1543 2009 qua
1577 1952 1681 1992 non
1722 1945 1803 1991 est
1831 1936 2045 1989 exerci-

474 2047 618 2092 tatus
646 2046 701 2091 et
731 2034 1238 2104 imprmmeditatus,
1273 2046 1452 2102 neque
1484 2045 1605 2085 cum
1638 2029 1708 2083 sit
1740 2027 1940 2082 athleta
1966 2026 2046 2094 ju-

473 2128 672 2180 dicium
705 2125 807 2179 sibi
838 2132 1018 2178 sumat
1046 2124 1109 2177 de
1136 2132 1253 2177 arte
1282 2122 1485 2176 musica
1512 2138 1524 2174 :
1555 2132 1781 2186 cumque
1832 2130 2046 2169 omnem

475 2229 626 2267 suam
657 2213 997 2280 prudentiam
1039 2212 1185 2265 circa
1240 2224 1470 2278 corpora
1502 2206 1943 2273 consumpserit,
1982 2203 2049 2256 de

477 2301 654 2354 anima
690 2314 756 2352 ne
803 2301 981 2352 tradat
1012 2300 1264 2365 dogmata
1292 2316 1305 2351 :
1358 2310 1533 2365 neque
1562 2295 1782 2357 credat,
1813 2293 2050 2345 animam

477 2392 777 2446 consistere
818 2391 871 2443 in
901 2388 1240 2443 concilianda
1276 2386 1558 2441 harmonia
1593 2393 1648 2439 et
1676 2395 2053 2448 contempera-

481 2483 625 2537 tioue
669 2482 1077 2536 elementorum.
1113 2478 1169 2532 Si
1202 2478 1344 2534 enim
1377 2478 1479 2531 hoc
1510 2476 1608 2545 ipsi
1650 2490 1717 2530 ex
1765 2471 2051 2544 hypothesi

480 2577 637 2628 detur
672 2572 854 2641 (nemo
886 2572 1030 2624 enim
1068 2569 1284 2638 sapiens
1327 2569 1399 2621 ita
1441 2580 1506 2620 ex
1538 2566 1721 2620 animo
1754 2561 2008 2631 senserit)
2036 2580 2050 2614 :

480 2665 523 2718 si
557 2664 774 2732 quidem
807 2662 880 2715 ita
922 2675 980 2715 se
1032 2660 1195 2714 habet
1226 2658 1301 2713 rei
1332 2657 1570 2718 veritas,
1616 2669 1740 2709 eum
1768 2653 1883 2721 ipso
1915 2660 2053 2704 tem-

2146 1832 2268 1885 καθ’
2305 1830 2559 1883 ὑπόθεσιν
2610 1829 2787 1899 δοθείη
2822 1829 2922 1899 (μὴ
2961 1828 3070 1897 γὰρ
3112 1828 3175 1897 δή
3214 1845 3298 1891 τις
3332 1828 3441 1879 τῶν
3490 1830 3725 1881 συνετῶν

2144 1924 2288 1977 οὕτω
2315 1921 2675 1992 φρονήσειεν),
2708 1921 2894 1991 ἐπειδὴ
2947 1920 3091 1989 μάλα
3124 1918 3353 1989 ἀλήθεια
3384 1918 3556 1982 οὕτως
3586 1921 3718 1989 ἔχει,

2150 2017 2265 2084 μετ’
2306 2012 2494 2078 αὐτοῦ,
2543 2013 2743 2083 μᾶλλον
2775 2013 2833 2065 δὲ
2885 2010 3023 2081 μετὰ
3052 2011 3145 2063 τοῦ
3203 2009 3453 2080 σώματος
3490 2009 3717 2077 σϐεσθῆ-

2150 2121 2321 2157 σεται.
2352 2105 2413 2156 Εἰ
2462 2104 2570 2173 γὰρ
2603 2102 2862 2173 ἁρμονία,
2910 2102 3004 2153 καὶ
3050 2101 3337 2152 τελευταία
3385 2099 3722 2163 συνίσταται,

2149 2197 2243 2249 καὶ¹
2295 2194 2485 2266 πρώτη
2547 2194 2843 2247 ἀπόλλυται
2885 2192 2959 2263 (ἡ
3012 2192 3119 2262 γὰρ
3152 2191 3291 2259 λύρα
3334 2192 3428 2245 καὶ
3459 2193 3516 2243 αί
3543 2190 3725 2259 χορδαὶ

2149 2284 2506 2355 ἁρμοσθεῖσαι
2538 2283 2654 2353 μὲν,
2692 2282 2791 2353 τὴν
2829 2282 3095 2353 ἁρμονίαν
3146 2280 3389 2333 τίκτουσι
3412 2296 3427 2311 ο
3456 2279 3717 2332 διαλυθεῖυ

2154 2392 2243 2428 σαι
2290 2375 2346 2427 δὲ
2379 2374 2572 2444 χρόνον
2606 2372 2726 2425 τινὰ
2772 2372 3105 2440 διαμένουσι,
3151 2371 3247 2439 τῆς
3282 2370 3554 2438 ἁρμονίας
3590 2385 3723 2439 προ-

2150 2463 2491 2534 απολομένης
2512 2481 2525 2493 ·
2565 2463 2637 2533 (τί
2669 2459 2761 2516 οὖν
2788 2462 2920 2531 φαίη
2941 2465 2969 2513 ὁ
2990 2461 3262 2529 βέλτιστος
3292 2460 3417 2529 περὶ
3446 2459 3553 2512 τῶν
3581 2458 3726 2527 παρὰ

2154 2558 2406 2627 ποιηταῖς
2435 2556 2530 2608 καὶ⁸
2569 2556 2879 2625 φιλοσόφοις
2916 2554 3009 2606 καὶ
3052 2552 3413 2622 λογογράφοις
3435 2550 3729 2619 φιλοσοφη-

2154 2648 2374 2712 θέντων,
2409 2646 2485 2710 ὠς
2516 2648 2690 2717 πάντη
2738 2664 2798 2699 τε
2835 2646 2930 2699 καὶ
2979 2644 3199 2707 πάντως
3263 2643 3536 2712 ἐσομένων
3574 2641 3631 2693 ἐν
3660 2642 3727 2709 τῇ

482 2763 817 2824 peramento,
837 2752 920 2806 vel
939 2752 1115 2819 potius
1137 2764 1239 2802 una
1264 2762 1384 2802 cum
1411 2758 1635 2814 corpore
1655 2744 1831 2798 anima
1854 2742 2046 2795 exstin-

2155 2740 2330 2810 κρίσει
2390 2738 2795 2808 κολαστηρίων;
2870 2738 3028 2789 Ποῖον
3094 2736 3153 2789 δὲ
3226 2736 3391 2805 γέρας
3438 2734 3551 2796 τοῖς
3607 2733 3729 2803 τῇδε

482 2854 695 2915 guetur.
733 2841 790 2895 Si
816 2842 961 2896 enim
989 2841 1166 2893 anima
1201 2847 1283 2892 est
1312 2836 1621 2899 harmonia,
1645 2843 1755 2887 tum
1786 2843 1840 2886 et
1868 2832 2053 2885 ultima

2158 2831 2364 2901 βιοῦσιν
2416 2828 2592 2900 ὀρθῶς
2625 2829 2933 2896 ὲπινοήσει;
2968 2827 3093 2889 Τοῖς
3122 2826 3229 2897 γὰρ
3270 2824 3412 2878 οὕτω
3451 2823 3731 2877 πολιτευο-

483 2912 865 2999 constituetur,
894 2933 1137 3001 etprima
1163 2932 1479 2999 perimetur.
1514 2927 1656 2997 Lyra
1674 2926 1819 2981 enim
1847 2934 1901 2978 et
1924 2923 2046 2977 [ich

2161 2921 2363 2991 μένοις,
2402 2921 2476 2983 ὼς
2519 2918 2587 2972 τὰ
2626 2917 2817 2982 πολλὰ,
2864 2912 2998 2969 ἆθλα
3038 2915 3306 2985 μεγίστων
3330 2915 3403 2983 (5)
3437 2916 3610 2968 πόνων
3643 2914 3733 2967 καὶ

484 3024 821 3077 concinnatae
854 3022 1071 3091 quidem
1104 3029 1409 3088 aptatzeque
1439 3028 1761 3072 concentum
1798 3014 2046 3084 pariunt:

2162 3010 2400 3082 ἱδρώτων
2441 3010 2636 3079 μεστὰ,
2672 3008 2776 3070 ἕως
2801 3008 2898 3075 τῆς
2938 3007 3125 3059 ἐνθάδε
3162 3006 3418 3077 τελευτῆς
3444 3006 3730 3076 προετέθη.

485 3115 766 3169 dissoluta:
796 3128 924 3168 vero
959 3114 1028 3165 ad
1056 3121 1267 3180 tempus
1302 3110 1523 3180 aliquod
1565 3116 1803 3167 manent,
1834 3106 2051 3157 harmo-

486 3204 575 3256 nia
612 3202 760 3269 prius
783 3200 1075 3254 exstincta.
1110 3178 1246 3263 Quid
1280 3207 1458 3251 autem
1488 3178 1724 3263 optimus
1759 3192 1847 3246 ille
1880 3189 2059 3261 (Gale-

487 3292 611 3360 nus)
646 3292 890 3345 dicturus
924 3298 1009 3366 est
1037 3288 1105 3343 de
1138 3288 1203 3342 iis
1236 3301 1355 3357 qua:
1401 3286 1539 3353 apud
1571 3294 1760 3354 poetas
1804 3292 1859 3335 et
1887 3280 2060 3350 philo-

487 3385 689 3449 sophos
734 3390 789 3434 et
842 3388 1090 3435 oratores
1115 3380 1386 3448 disputata
1422 3385 1548 3429 sunt
1573 3374 1798 3441 passim,
1834 3371 1975 3441 quod
2007 3374 2058 3425 in

2164 3104 2262 3157 Ποῖ
2289 3102 2345 3154 δὲ
2387 3100 2486 3170 τὴν
2534 3100 2803 3169 τιμωρίαν
2838 3099 2996 3168 ὁριεῖ,
3036 3098 3147 3158 τοῖς
3192 3097 3388 3150 κακίαν
3419 3098 3517 3167 μὲν
3558 3097 3733 3148 πᾶσαν

2169 3188 2597 3259 μεταδιώκουσιν
2633 3186 2737 3250 ἓως
2769 3186 3023 3251 θανάτου,
3077 3187 3171 3239 καὶ
3196 3186 3426 3238 πλούτου
3455 3184 3547 3237 καὶ
3575 3184 3734 3253 τιμῆς

2166 3279 2533 3343 ἀπολαύουσις
2597 3277 2722 3340 Πῶς
2771 3276 3150 3347 διερμηνεὺσει
3194 3277 3293 3347 τὴν
3348 3275 3477 3346 παρ’
3517 3276 3734 3345 Ὁμήρῳ

2166 3370 2261 3422 τοῦ
2292 3365 2602 3436 λογιστικοῦ
2632 3366 2769 3437 πρὸς
2803 3369 2861 3420 τὸ
2889 3367 3119 3438 θυμικὸν
3144 3368 3465 3437 παραίνεσιν
3487 3381 3501 3395 ·

489 3479 737 3527 extremo
762 3469 965 3538 judicio
990 3470 1190 3539 ubique
1219 3478 1274 3522 et
1311 3466 1532 3523 omnino
1580 3463 1759 3517 futura
1795 3463 1904 3517 sint
1934 3459 2423 3530 supplicia?Quale
2446 3472 2575 3511 vero
2636 3458 2917 3526 praemium
2942 3459 3005 3513 iis
3070 3461 3159 3528 qui
3218 3460 3358 3512 hanc.
3402 3456 3565 3508 vitam
3595 3461 3735 3509 recte

490 3563 950 3631 laudabiliterque
982 3561 1411 3631 transegerunt?
1444 3558 1642 3629 quique
1684 3558 1757 3611 ita
1784 3570 1875 3612 res
1940 3556 2289 3622 rationesque
2322 3568 2447 3607 suas
2520 3552 2910 3618 instituerunt,
2959 3563 3017 3605 ut
3082 3553 3249 3607 multa
3296 3551 3590 3606 certamina
3622 3566 3732 3603 ma-

491 3653 655 3708 ximis
688 3652 963 3708 laboribus
996 3668 1060 3707 ac
1102 3653 1390 3707 sudoribus
1418 3650 1573 3720 plena
1600 3650 1666 3705 ad
1702 3649 1861 3702 linem
1896 3662 2068 3718 usque
2105 3647 2261 3713 huius
2292 3647 2423 3699 vita:
2471 3645 2602 3714 ipsis
2644 3644 2849 3701 fuerint
2897 3644 3215 3716 proposita?
3264 3644 3363 3699 Ubi
3425 3659 3552 3698 vero
3617 3658 3735 3710 sup-

491 3746 712 3814 plicium
748 3744 853 3799 illis
884 3743 1105 3798 deﬂniet
1128 3782 1142 3807 ,
1173 3744 1263 3811 qui
1304 3756 1521 3795 omnem
1555 3740 1955 3810 improbitatem
1992 3736 2058 3791 ad
2102 3747 2328 3790 mortem
2378 3748 2548 3805 usque
2615 3744 2894 3788 sectantur
2920 3773 2935 3800 ,
2988 3736 3190 3788 interea
3224 3743 3403 3788 tamen
3454 3733 3653 3786 divitiis
3683 3738 3733 3782 n‘t

494 3840 700 3893 honore
730 3837 1167 3903 fruuntur‘lQuo
1192 3837 1350 3890 modo
1420 3845 1597 3889 autem
1665 3834 1809 3888 illam
1880 3834 2018 3902 apud
2060 3831 2351 3887 Homerum
2436 3828 2861 3884 admonitionem
2923 3826 3414 3897 interpretabitur,
3465 3839 3569 3894 qua
3616 3837 3736 3891 pars

495 3932 687 3984 animm
718 3930 926 3983 ratione
958 3929 1179 3997 praedita
1213 3929 1380 3981 utitur
1409 3926 1472 3980 ad
1510 3926 1836 3980 irascibilem
1867 3924 2174 3979 facultatem
2200 3941 2213 3977 :

636 4042 742 4098 Cor
780 4044 943 4111 su/fer
976 4042 1229 4109 patiens?

497 4134 778 4201 Quomodo
819 4136 922 4186 hoe
953 4147 1080 4185 vero
1110 4130 1374 4197 accipiet:

640 4221 821 4274 Manet
852 4236 1012 4288 usque
1046 4220 1254 4281 anima,
1285 4228 1334 4271 et
1375 4216 1514 4270 subit
1551 4218 1771 4270 arcum?

500 4312 780 4379 Quomodo
810 4311 934 4362 item
965 4308 1105 4361 istud
1135 4323 1149 4359 :

644 4399 794 4455 Certe
832 4396 1034 4466 aliquid
1079 4394 1298 4449 restabit
1326 4393 1395 4446 ad
1424 4394 1647 4446 arcum?

2320 4035 2578 4099 Τέτλαθι,
2620 4033 2795 4102 κραδί
2795 4048 2866 4099 η;

2174 4125 2298 4189 Πῶς
2325 4126 2402 4187 δὲ,

2317 4214 2489 4283 Ψυχή
2523 4231 2586 4267 τε
2614 4214 2799 4283 μένει,
2829 4213 3095 4269 ’Ἀϊδόσδε
3117 4212 3361 4281 ,βεϐήκει
3378 4228 3398 4275 ;

2173 4306 2299 4369 Πῶς
2327 4305 2384 4358 δὲ
2398 4345 2413 4369 ,

2318 4390 2405 4450 ⁷11
2426 4396 2503 4463 ῥά
2528 4396 2587 4449 τί
2616 4396 2748 4450 ἐστι
2773 4396 2869 4449 καὶ
2900 4397 2993 4449 ειν
3032 4394 3229 4448 Ἀΐδαο
3261 4392 3563 4461 δόμοισινς

504 4513 657 4582 Quod
686 4509 819 4565 nihil
845 4516 932 4562 est
957 4506 1127 4572 aliud,
1169 4519 1331 4573 quam
1406 4517 1595 4557 revera
1631 4502 1702 4556 ibi
1739 4514 1952 4570 quoque
1981 4499 2046 4555 ali

2148 4504 2149 4517 ¹
2176 4508 2242 4560 ’0
2274 4507 2442 4569 ἐστιν,
2489 4506 2703 4577 ἀληθῶς
2735 4506 2799 4578 δὴ
2856 4506 2972 4560 ἔστι
3022 4525 3075 4559 τι
3120 4507 3299 4561 κάκεῖ.
3332 4505 3453 4568 Πῶς
3481 4506 3538 4559 δὲ
3572 4504 3728 4575 Εὗριο

504 4604 635 4676 quid
666 4599 950 4670 supererit.
998 4596 1277 4663 Quomodo
1326 4604 1504 4648 autem
1544 4591 1863 4659 Euripides,
1913 4604 2073 4659 quem

500 4696 801 4766 sapientem
835 4704 957 4746 esse
992 4687 1204 4750 dicitis,
1235 4688 1335 4740 hoe
1365 4683 1730 4753 pronuntiavit
1759 4699 1773 4735 :

646 4784 786 4839 Bene
821 4792 882 4836 ac
913 4782 1061 4835 beate
1087 4781 1141 4833 in
1168 4779 1340 4847 infera
1369 4776 1464 4830 tibi
1496 4775 1564 4829 sit
1597 4776 1751 4827 domo
1773 4773 1799 4825 .9

2184 4597 2365 4666 πίδης,
2398 4596 2457 4650 ὃν
2485 4598 2648 4666 σοφὸν
2698 4593 2836 4651 εἶναι
2880 4597 3089 4668 ὁρίζετε
3115 4598 3213 4668 (4),
3245 4596 3369 4666 ἔφη·

2324 4766 2409 4826 Εὖ
2452 4786 2550 4824 σοι
2580 4768 2811 4840 γένοιτο
2846 4771 2943 4825 καί
2979 4772 3050 4826 ἐν
3078 4772 3246 4838 ᾶῖδος
3283 4771 3491 4841 δόμοις
3529 4769 3635 4841 (5);

1602 4922 1839 4978 VARIIE
1880 4919 2271 4978 LECTIONES
2302 4919 2391 4975 ET
2428 4918 2660 4974 NOTAE}.

581 5095 656 5167 (l)
691 5092 831 5167 idem
866 5086 1305 5167 ωηο-’πράγματι
1335 5084 1485 5167 ponit
1514 5079 1644 5167 γαρ·
1680 5084 1735 5132 et
1760 5088 1905 5130 vers.
1943 5072 2068 5128 inde

507 5166 563 5230 2,
587 5153 691 5233 ‘pi-o
727 5153 1083 5233 i5iav__scribit
1110 5154 1335 5233 οἰκείαν.
1365 5153 1581 5233 Possm.

582 5211 982 5305 (fl-)‘(ilodtryan
1023 5211 1341 5305 πιστευέτω
1370 5232 1588 5305 .mutatm
1612 5218 1670 5305 in1
1712 5211 2068 5305 πιστευέσθω.

510 5284 669 5357 Vel-'5'.
701 5284 828 5354 inde
858 5300 912 5363 5,
958 5312 1053 5365 pro
1086 5294 1229 5363 μάλα
1258 5292 1409 5362 ponit
1466 5289 1620 5365 pnas
1643 5284 1897 5365 habers.
1930 5296 2073 5365 ἐξα.

510 5350 827 5442 adﬂat-5533
853 5350 998 5421 addit
1023 5350 1132 5433 γάρ
1162 5372 1216 5417 et
1248 5350 1343 5431 pro
1375 5350 1818 5430 peié'substituit
1839 5350 1965 5422 πρὸ.
2001 5350 2075 5402 In.

582 5443 657 5492 (5i
701 5440 844 5492 Idem
878 5438 997 5489 cod.
1035 5433 1302 5492 μεγίστων
1337 5437 1507 5483 mutat
1532 5427 1583 5481 in
1627 5423 1874 5491 μέγιστα.
1922 5419 2075 5492 vers.

582 5443 657 5509 (5)
701 5441 844 5492 Idem
878 5441 997 5509 c__od.

519 5572 676 5630 tertio
708 5591 803 5644 pro
830 5590 890 5625 τε
925 5572 1074 5644 μένει

517 5659 548 5699 e
582 5629 775 5712 κέλῃ
808 5629 1049 5710 mar'gine
1078 5629 1295 5708 apponit
1329 5635 1618 5706 ἱπταμένη.
1651 5629 1726 5683 lo.

1035 5419 1302 5503 μεγίστων
1337 5419 1507 5503 mutat
1532 5427 1583 5503 i_n
1610 5419 1898 5503 μέγιστα(
1922 5419 2079 5503 ver-st

444 5508 445 5511 “
512 5488 866 5577 postibat-ter
892 5488 995 5577 ειυς
1023 5488 1078 5557 et
1116 5488 1349 5577 θανάτου
1391 5498 1579 5552 inserit
1604 5488 1681 5545 δ’έο
1704 5488 1920 5577 ειθνεινεῖ
1958 5488 2043 5541 ind

2255 5488 2449 5535 Notum
2484 5494 2651 5577 quoq}:

1128 5551 1334 5639 legit—in
1376 5551 1626 5639 contextu
1651 5560 1987 5639 ’σκιδναμένῃ
2024 5565 2080 5609 et
2180 5562 2441 5639 quantum
2465 5551 2686 5639 singulis
2709 5563 2842 5617 pene
2868 5551 3251 5639 versibtis‘ejps
3284 5551 3753 5639 lrjbuei-iLnth-n.

2244 5071 2320 5143 (ι)
2357 5069 2717 5139 Εὐριπίδης,
2767 5070 2841 5124 ὃν
2883 5072 3079 5143 σοφὸν
3124 5068 3279 5127 εἶναι
3308 5071 3746 5143 κόρίζετεηΝοιί

2177 5141 2303 5221 sunt
2350 5154 2564 5221 versus,
2605 5150 2855 5221 quootres
2903 5141 3045 5221 inter
3089 5156 3149 5197 se
3195 5142 3546 5197 conferuntur
3595 5141 3753 5195 laude

2180 5210 2461 5278 sapientiae
2501 5210 2552 5262 in
2583 5210 2770 5278 primis
2800 5210 2950 5264 clari.

2256 5320 2826 5442 ζωμὸς-Σοὲξοξιλῇς,
2853 5322 3192 5407 σοφώτερος
3215 5324 3268 5377 δ’
3290 5326 3621 5392 Εὐριπίδης
3636 5341 3649 5353 ·

2284 5392 2528 5442 Ανδοων
2634 5406 2914 5442 απαντων
2938 5395 3252 5442 Σωκοαττη·
3287 5395 3649 5442 σοφώτατον.

2284 5392 2528 5459 Ανδρῶν
2554 5392 2605 5442 δ’
2634 5392 2914 5443 ἁπάντων
2938 5392 3252 5459 Σωκράτης
3287 5395 3653 5462 σοφώτατος.

2252 5481 2449 5535 Notum
2484 5493 2698 5553 quoque
2748 5480 2814 5533 de
2864 5480 3117 5553 Euripide
3157 5484 3430 5553 Ciceronis
3466 5485 3753 5553 judicium.

2252 5620 2326 5689 ᾧ)
2357 5614 2442 5673 Εὖ
2474 5614 2577 5672 σοῖ
2599 5614 2828 5688 γένοιτο
2858 5617 2953 5670 καὶ
2982 5618 3051 5670 ἐν
3087 5614 3277 5685 Ἀῗὸος
3307 5621 3531 5691 δόμοις.
3558 5620 3751 5673 Phorm~
