4042 6146
386 250 510 306 1201

1250 254 1786 318 EPISTOLARUM
1823 260 1966 319 LIB.
2010 261 2106 319 IV.
2139 284 2208 294 -·
2248 261 2481 320 EPIST.
2521 261 2730 322 CXXV.

3471 261 3605 324 1202

328 401 330 403 ,
381 349 505 410 Πῶς
532 349 688 439 διν-λεί
714 349 945 420 ἁρμονία
972 352 1046 422 (6)
1075 355 1181 425 εἵη,
1214 359 1292 422 είς
1319 360 1691 430 ἀναρμοστίαν
1715 366 1945 428 μεταπί-

2051 367 2330 432 Quomodo
2357 380 2537 424 autem
2565 408 2584 434 ,
2608 370 2654 423 si
2683 369 2958 424 harmonia
3003 373 3244 439 quaedam
3292 379 3375 426 est
3403 371 3602 435 anima,

379 454 528 500 πτει,
547 438 643 492 καὶ
660 438 894 508 ἄμουσον
921 444 1016 494 καὶ
1041 444 1250 515 ἀπηχὲς
1271 449 1524 503 ἀποτελεῖ
1539 452 1697 521 μέλος
1718 473 1731 520 ;
1759 455 1825 506 'H
1845 457 1944 524 μὲν

379 528 487 596 γὰρ
507 527 672 598 ἀρετὴ
691 530 921 598 ἐμμελές
941 550 993 585 τι
1010 535 1105 588 καὶ
1122 538 1460 608 ἐναρμόνιον·
1477 542 1579 612 ήδέ
1601 544 1764 596 κακία
1780 545 1946 614 ἀμου-

387 632 480 668 σον
509 616 604 670 καὶ
639 617 866 688 ἀπηχές.
894 622 1016 686 Πῶς
1051 623 1106 676 δὲ
1130 625 1371 682 ἐπαινεῖν
1389 631 1557 683 οἴεται
1586 632 1694 685 δεῖν
1711 633 1834 697 τοὺς
1849 636 1946 698 τάς

379 709 691 778 ἐπιστήμας
711 711 1005 780 μετιόντας,
1020 715 1076 767 εῐ
1092 733 1152 785 γε
1173 717 1280 771 ἀπὸ
1308 721 1556 790 κράσεως
1575 719 1684 777 εἶεν
1705 726 1912 779 τοιοῦτο
1930 743 1944 790 ;

383 796 507 859 Πῶς
523 796 579 849 δὲ
605 797 756 866 ψέξει
787 803 913 865 τοὺς
936 804 1035 868 τὰς
1073 810 1486 880 ματαιοτεχνίας
1503 814 1948 886 μεταχειριζομέ-

380 901 524 976 νους,
545 889 592 939 εί
615 889 719 941 ὑπὸ
738 890 952 958 φύσεως
967 895 1046 960 είς
1062 896 1232 949 ταῦτα
1255 901 1778 976 ἐπαιδοτριϐήθησαν
1793 923 1808 971 ;
1824 907 1948 970 Πῶς

379 973 439 1027 δὲ
464 976 703 1067 διαϐάλῃ
729 980 820 1035 τὸν
851 982 959 1035 ἀπὸ
1011 986 1120 1039 τῶν
1148 989 1435 1058 εὐμόρφων
1486 973 1752 1064 σωμάτων
1791 1015 1947 1067 πορι-

382 1063 539 1133 σμὸν,
566 1068 680 1136 εἴγε
708 1071 742 1140 ή
774 1074 967 1142 κρᾶσις
999 1075 1156 1129 τοῦτο
1188 1081 1549 1152 προύξένησες
1572 1063 1703 1148 Πῶς
1732 1085 1788 1139 δὲ
1816 1063 1948 1139 ἀπο-

381 1154 671 1226 λογήσεται
704 1164 830 1232 περὶ
858 1164 964 1217 τῶν
992 1167 1113 1220 καθ’
1141 1169 1376 1242 ἑκάστην
1410 1173 1626 1243 ἡμέραν
1647 1178 1950 1246 γινομένων

385 1248 728 1316 μεταϐολῶν;
767 1253 957 1307 Πολλοὶ
1008 1257 1106 1324 μὲν
1137 1260 1243 1330 γὰρ
1288 1262 1532 1329 ἀσελγεῖς
1567 1267 1645 1328 είς
1672 1269 1949 1336 σωφροσύ-

381 1352 480 1402 νην
502 1338 810 1409 ἀνὲπτησαν
829 1360 845 1375 ο
877 1344 1060 1398 πολλοὶ
1083 1348 1137 1400 δὲ
1175 1350 1446 1421 σώφρονες
1475 1354 1552 1424 (7)
1586 1359 1666 1420 είς
1696 1357 1949 1425 λαγνείαν

383 1430 883 1486 καταπεπτὼκασιν
909 1452 922 1465 ο
947 1438 1007 1488 οὑ
1038 1437 1144 1508 γὰρ
1168 1440 1229 1510 δὴ
1266 1443 1298 1513 ἠ
1327 1445 1522 1513 κρᾶσις
1547 1446 1622 1517 (8)
1660 1449 1945 1516 μετέπεσεο

380 1516 490 1568 νέοι
514 1518 622 1588 γὰρ
651 1519 801 1583 ὄντες
836 1523 980 1587 τινὲς
1009 1526 1100 1578 καὶ
1142 1528 1411 1597 ἀσελγεῖς,
1457 1535 1516 1586 ἐν
1543 1534 1679 1606 αὐτῇ
1705 1539 1768 1606 τῇ
1796 1539 1946 1610 ἀκμῇ

378 1605 482 1674 τῆς
511 1608 834 1678 ἡλικίαςλεὶς
857 1616 1186 1686 κοσμιότητα
1223 1619 1525 1690 ἐπανῆλθον
1547 1638 1561 1652 ’
1595 1605 1788 1696 οὑγτῆς
1813 1605 1948 1698 atde

381 1712 519 1758 σεως
551 1699 608 1750 ἐν
649 1701 829 1772 ταυτῷ
883 1705 1310 1778 μεταϐληθείσης
1331 1752 1344 1775 ,
1388 1689 1530 1767 ἀλλά
1561 1719 1659 1787 τῆς
1687 1689 1946 1790 προαιρέ-
1983 1689 2021 1741 Β

382 1804 522 1853 σεως
548 1792 989 1863 κατορθωσάσης.
1038 1797 1179 1852 Ἀλλ’
1210 1801 1296 1855 ἵνα
1337 1803 1410 1874 μὴ
1443 1806 1620 1871 πάσας
1653 1808 1826 1877 λέγων
1847 1811 1946 1875 τὰς

380 1884 754 1974 γεγενημένας
823 1888 1124 1955 μεταϐολάς
1187 1894 1413 1961 μηκύνω
1477 1896 1578 1967 τὴν
1635 1898 1944 1974 ἐπιστολὴν,

379 1969 582 2034 ταύτας
608 1973 785 2041 ἀφεῖς,
825 1977 918 2029 ἐπὶ
947 1977 1044 2049 τὴν
1075 1979 1302 2044 δόξασαν
1351 1984 1498 2054 αὑτῷ
1549 1989 1776 2058 ἰσχυράν
1804 1969 1947 2044 ἀντι-

380 2060 572 2128 λογίαν
602 2066 856 2132 χωρήσω.
899 2068 996 2130 Τίς
1035 2066 1126 2122 οὖν
1163 2071 1308 2124 ἐστιν
1358 2075 1526 2146 etiam;
1562 2078 1623 2129 Εἰ
1662 2078 1944 2146 ἀθάνατος,

383 2153 568 2221 φησὶν,
590 2154 803 2225 ἡψυχὴ,
831 2157 906 2221 ὡς
926 2161 954 2211 ὁ
985 2159 1207 2214 Πλάτων
1239 2161 1506 2232 βούλεται,
1537 2167 1622 2220 διὰ
1644 2169 1694 2221 τί
1722 2170 1948 2238 χωρίζε-

381 2258 473 2294 ται
509 2243 816 2314 ψυχθέντως
851 2246 925 2318 (9)
965 2251 1228 2321 σφοδρῶς,
1257 2252 1290 2321 ἥ
1322 2254 1882 2328 ὑπερξηρα[ν]οἐντος,
1912 2260 1944 2329 ἢ

383 2334 884 2406 ὑπερυγρανθέντος
927 2341 1021 2394 τοῦ
1053 2343 1391 2412 ἐγκεφάλους
1432 2348 1574 2417 Πρὸς
1613 2349 1816 2420 ταύτην
1844 2368 1947 2404 τοι·

356 2424 584 2496 γαροῢν
611 2429 710 2498 τὴν
749 2431 1036 2502 ἐρώτησιν,
1085 2437 1278 2505 παρεὶς
1305 2436 1366 2489 τὸ
1396 2437 1609 2506 ἐλέγξαι
1654 2442 1832 2504 αὐτὸν,
1865 2445 1946 2496 ὅτι

383 2518 641 2582 πολλάκις
669 2522 734 2573 ἐκ
759 2521 850 2575 τοῦ
887 2525 1137 2594 σφυγμοῢ
1161 2567 1174 2591 ,
1209 2527 1268 2579 δν
1301 2527 1431 2591 ἴσως
1475 2532 1736 2600 ἁρμονίαν
1771 2533 1942 2599 καλεῖ,

381 2607 611 2662 θάνατόν
632 2628 743 2664 τισι
785 2614 1061 2682 προειπὼν
1093 2617 1186 2668 καὶ
1234 2617 1377 2687 ζωὴν
1414 2619 1594 2682 ἄλλοις
1625 2623 1948 2690 ἐπαγγειλά-

385 2715 564 2766 μενος,
592 2700 875 2770 διήμαρτε,
900 2703 1007 2756 τῶν
1041 2706 1137 2773 μὲν
1167 2706 1464 2776 ζησάντων,
1498 2712 1605 2763 τῶν
1629 2712 1685 2764 δὲ
1721 2713 1946 2766 τεθνεώ-

378 2805 522 2842 τωνο
552 2790 721 2855 οὕτως
761 2794 859 2864 τὴν
905 2795 1096 2866 τέχνην
1129 2801 1486 2870 στοχαστικήν
1518 2798 1681 2855 οὖσαν
1717 2803 1947 2874 τάληθὲς

375 2881 690 2950 διαφεύγεισ
732 2885 925 2954 παρεὶς
965 2886 1022 2938 δέ
1069 2888 1308 2952 κάκεῖνο,
1352 2883 1435 2943 ὅτι
1476 2892 1682 2945 πολλῶν
1713 2894 1946 2964 δηλητη-

2046 460 2113 512 ad
2144 459 2288 512 illam
2317 459 2794 515 inconcinnitatem
2829 462 3098 516 delabitur
3121 501 3137 525 ,
3171 472 3228 517 ut
3275 465 3406 517 rude
3444 473 3604 531 atque

2046 550 2336 604 absurdum
2382 550 2647 618 quoddam
2678 552 2802 606 edat
2832 552 3093 606 carmen?
3134 550 3314 604 Virtus
3351 551 3494 605 enim
3514 561 3607 604 est

2047 640 2370 694 concinnum
2415 640 2668 708 quiddam
2705 650 2867 710 atque
2918 642 3178 710 elegans;
3237 643 3423 695 vitimn
3479 657 3604 696 vero

2046 740 2232 785 contra
2268 732 2498 784 absurda
2534 745 2620 786 res
2643 741 2697 786 et
2724 746 2827 786 nou
2855 746 3109 788 consona.
3139 733 3418 799 Quomodo
3447 748 3606 800 porro

2049 821 2346 877 laudandos
2374 822 2653 877 existimat
2677 837 2792 886 eos,
2834 824 2924 893 qui
2955 824 3209 879 scientias
3233 823 3604 885 excoluerunt,

2047 913 2092 968 si
2119 913 2302 967 nescio
2341 911 2495 981 cujus
2540 914 2950 982 temperamenti
2997 913 3260 970 beneficio
3303 913 3434 968 tales
3480 914 3605 966 facti

2049 1003 2212 1057 sunt?
2249 1003 2364 1069 Qua
2409 1003 2540 1059 item
2575 1005 2785 1058 ratione
2814 1004 3142 1073 vituperabit
3169 1017 3264 1060 eos
3286 1044 3301 1069 ,
3336 1004 3425 1073 qui
3455 1003 3610 1057 vanis

2049 1094 2254 1149 artibus
2291 1093 2453 1149 dediti
2485 1093 2740 1159 fuerunt,
2769 1095 2812 1149 si
2847 1109 2875 1146 a
2918 1103 3106 1148 natura
3141 1096 3208 1148 ad
3248 1095 3347 1148 has
3373 1094 3608 1148 instituti

2051 1183 2349 1252 imbutique
2373 1183 2545 1237 sunt?
2591 1184 2873 1250 Quomodo
2915 1183 3043 1237 item
3075 1182 3432 1251 reprehendet
3459 1196 3605 1243 eum,

2049 1273 2138 1342 qui
2169 1288 2232 1327 ex
2282 1273 2537 1328 formosis
2579 1273 2900 1342 corporibus
2932 1272 3225 1343 percipitur
3250 1311 3266 1337 ,
3320 1282 3604 1341 quaestum,

2049 1364 2094 1417 si
2129 1362 2345 1432 quidem
2383 1377 2506 1418 eum
2554 1363 2863 1418 conciliavit
2915 1363 3446 1434 temperamentum?
3495 1360 3610 1426 Quo

2049 1463 2230 1507 autem
2265 1464 2422 1521 pacto
2451 1454 2702 1508 defendet
2719 1468 2811 1508 eas
2830 1469 2951 1524 quae
2971 1454 3208 1523 quotidie
3236 1455 3372 1507 fiunt
3401 1467 3608 1506 mormn

2052 1539 2374 1594 mutationes
2394 1541 2419 1592 ἲ
2443 1539 2593 1594 Multi
2621 1555 2850 1610 namque
2884 1541 3080 1609 impuri
3110 1555 3173 1594 ac
3203 1540 3474 1595 libidinosi
3518 1541 3608 1608 qui

2051 1623 2306 1690 fuerant,
2358 1627 2425 1680 ad
2480 1626 2748 1682 castitatis
2795 1627 3032 1682 studium
3083 1643 3205 1684 sese
3237 1628 3601 1690 contulerunt,

2050 1717 2245 1772 multos
2267 1733 2298 1772 e
2335 1728 2522 1772 contra
2550 1719 2922 1788 temperantiae
2952 1727 3254 1775 sectatores
3280 1718 3609 1787 impuritatis

2050 1809 2268 1863 morbus
2304 1808 2534 1874 invasit;
2585 1823 2760 1878 neque
2783 1824 2912 1866 vero
2955 1809 3022 1865 de
3073 1810 3204 1878 ipsis
3255 1810 3358 1864 dici
3414 1817 3607 1878 potest,

2051 1907 2530 1967 temperamentum
2559 1913 2678 1953 esse
2700 1909 2984 1954 mutatum.
3015 1900 3243 1966 Quidam
3269 1901 3410 1954 enim
3433 1900 3609 1954 adhuc

2049 1988 2420 2044 adolescentes
2441 1999 2494 2044 et
2519 1989 2821 2055 libidinosi,
2870 1989 2923 2044 in
2965 1990 3082 2058 ipso
3111 1989 3298 2059 vigore
3336 1990 3510 2044 aetatis
3541 1990 3607 2043 ad

2049 2077 2434 2132 continentiam
2463 2079 2758 2142 redierunt,
2785 2093 2888 2133 non
2922 2087 3128 2133 mutato
3153 2077 3313 2133 simul
3345 2087 3609 2146 tempera-

2049 2177 2253 2228 mento,
2281 2165 2374 2220 sed
2402 2167 2696 2221 voluntatis
2718 2168 2989 2236 proposito
3012 2168 3233 2222 meliore
3258 2167 3309 2222 id
3330 2177 3606 2236 operante.

2047 2254 2210 2326 482
2240 2255 2344 2310 Sed
2370 2269 2456 2320 ue,
2489 2254 2616 2310 dum
2639 2270 2849 2320 omnes,
2871 2271 2990 2324 qua:
3025 2272 3256 2325 unquam
3288 2257 3442 2311 facta:
3462 2269 3606 2318 sunt.

2048 2345 2374 2400 mutationes
2405 2359 2792 2410 commemoro,
2834 2346 2887 2399 in
2923 2346 3140 2415 longum
3182 2347 3463 2401 extraham
3495 2348 3610 2411 epi-

2048 2436 2262 2499 smlam,
2288 2435 2395 2490 illis
2418 2437 2659 2502 omissis,
2686 2436 2751 2490 ad
2774 2436 3129 2502 objectionem
3157 2437 3467 2505 quamdam,
3493 2452 3611 2504 quae

2049 2525 2146 2594 ipsi
2181 2525 2549 2580 robustissima
2580 2539 2701 2579 esse
2727 2526 2958 2588 videtur,
2994 2541 3079 2580 me
3111 2526 3404 2580 cenferam.
3453 2527 3609 2591 Qua:-

2048 2631 2170 2668 uam
2202 2630 2331 2684 ergo
2368 2615 2481 2668 hinc
2512 2615 2633 2669 est?
2657 2615 2711 2669 Si
2735 2656 2750 2681 ,
2784 2615 2997 2682 inquit,
3029 2615 3352 2670 immortalis
3378 2624 3459 2668 est
3490 2616 3610 2668 ani-

2049 2721 2166 2769 ma,
2225 2717 2281 2759 ut
2332 2706 2546 2774 quidem
2581 2705 2694 2759 vult
2724 2705 2911 2771 Plato,
2977 2706 3102 2774 quid
3156 2720 3334 2759 causae
3382 2716 3467 2758 est
3517 2720 3612 2759 cur

2048 2804 2329 2864 separetur
2364 2811 2392 2848 a
2422 2811 2668 2864 corpore,
2698 2797 2788 2849 ubi
2813 2795 3094 2850 cerebrum
3131 2803 3224 2848 aut
3260 2795 3422 2848 nimis
3451 2795 3607 2850 refri-

2049 2895 2309 2953 geratum,
2344 2892 2436 2938 aut
2465 2899 2627 2953 supra
2663 2886 2876 2938 modum
2911 2885 3263 2949 exsiccatum,
3297 2896 3390 2938 aut
3414 2884 3609 2938 hume-

384 2972 520 3064 ρίοις
563 2976 871 3044 φαρμάκοις
919 2980 1460 3046 καταγοητευθέντων
1517 2985 1572 3034 αἱ
1621 2985 1790 3053 ψυχαὶ
1847 2986 1946 3037 οὐκ

2056 2981 2257 3026 clatum
2290 2972 2486 3025 fuerit?
2508 2971 2589 3025 Ad
2608 2971 2745 3024 hanc
2762 2970 3111 3039 objectionem
3135 2970 3262 3024 dum
3287 2971 3608 3038 respondeo,

380 3061 692 3132 ἀπέστησαν
719 3063 828 3134 (10)
855 3081 870 3095 ·
921 3067 1093 3132 οὕτως
1127 3071 1187 3120 οὑ
1233 3071 1449 3134 πάντως
1510 3071 1806 3142 ψυχοέντος
1855 3075 1948 3127 τοῦ

379 3155 680 3223 ἐγκεφάλου
716 3157 1004 3226 χωρίζεται
1030 3161 1062 3229 ή
1093 3162 1270 3230 ψυχή’
1307 3164 1479 3215 ἐκεῖνο
1502 3165 1687 3233 φαίην,
1706 3166 1786 3217 ὅτι
1810 3165 1950 3228 Οεῖός

380 3245 498 3298 ἐστι
537 3247 726 3318 δεσμὸς
770 3252 1002 3305 συνδέων
1043 3251 1112 3304 τὰ
1157 3253 1291 3306 πολὺ
1322 3254 1563 3324 ἀλλήλων
1603 3255 1947 3326 διαφέροντα,

381 3336 475 3386 καὶ
507 3339 754 3390 κοινωνία
784 3340 1017 3410 ἀρῤητος
1052 3343 1347 3412 ἀσωμάτου
1391 3344 1566 3413 ψυχῆς
1595 3345 1730 3416 πρὸς
1766 3345 1946 3416 σῶμα,

384 3426 480 3478 καὶ
502 3427 808 3497 συμπάθεια
830 3430 1055 3492 ἄλεκτος
1083 3429 1352 3486 ἀθανάτου
1378 3419 1566 3497 οὐσίας
1596 3415 1733 3505 πρός
1757 3415 1948 3505 Ονητὸν

381 3514 630 3582 ὄργανον,
681 3515 756 3580 ὡς
811 3518 906 3570 καὶ
952 3519 1104 3590 αὐτῷ
1161 3522 1240 3589 τῷ
1298 3521 1544 3575 Πλάτωνι
1594 3521 1757 3576 δοκεῖ.
1801 3524 1861 3576 '0
1890 3524 1946 3577 δὲ

383 3605 618 3674 Γαληνδς
647 3607 691 3676 (1
709 3607 753 3676 l)
787 3607 942 3661 τοῦτο
971 3611 1087 3662 οὐδέ
1116 3613 1315 3665 ἐννοεῖν
1345 3611 1600 3666 δύνασθαι
1635 3615 1950 3683 προσποιεῖ-

380 3712 488 3748 ται.
521 3696 687 3750 Τοῦτο
724 3697 779 3750 δὲ
797 3697 1039 3766 γέγονεν,
1071 3699 1138 3751 ἵν’
1164 3702 1197 3769 ἡ
1235 3700 1380 3772 ψυχὴ
1410 3703 1536 3772 περὶ
1563 3703 1756 3754 πολλοῦ
1790 3707 1949 3774 ποιῆ-

380 3804 469 3839 ται
499 3787 559 3839 τὸ
601 3789 975 3858 ἐπιμελεῖσθαι
1020 3789 1114 3843 τοῦ
1149 3792 1418 3859 σώματος,
1463 3793 1562 3861 οὐχ
1594 3791 1730 3845 ὥστε
1782 3795 1941 3846 πολυ-

383 3881 584 3950 σαρκίᾳ
612 3880 984 3950 ἐξογκοῦσθαι,
1019 3882 1132 3935 ἀλλ’
1177 3881 1316 3934 ὥστε
1344 3883 1631 3950 ὑγιαίνειν,
1680 3883 1841 3946 ῶς-εί
1873 3887 1948 3954 μὴ

380 3971 539 4024 τοῦτο
584 3974 879 4042 ποιήσειεν,
933 3974 1414 4027 συναπολαύσουσα
1461 3974 1561 4043 τῆς
1613 3974 1949 4046 δυσκρασίας

381 4063 524 4116 κατά
582 4064 945 4132 συμπάθειαν,
998 4066 1046 4117 εί
1081 4067 1172 4118 καὶ
1229 4065 1303 4136 μὴ
1351 4065 1494 4119 κατά
1533 4065 1948 4136 προηγουμένην

380 4157 477 4208 καὶ
506 4155 809 4219 ἰδιάζουσαν
861 4156 1084 4225 βλάϐην.
1127 4157 1190 4209 Ἠ
1231 4160 1339 4227 γὰρ
1393 4157 1692 4226 δυσκρασία
1720 4156 1813 4210 τοῦ
1847 4156 1949 4209 σώ-

383 4264 552 4318 ματος
602 4247 694 4299 καὶ
746 4249 778 4317 ή
827 4248 964 4317 μέθη
1009 4248 1103 4302 καὶ
1147 4251 1215 4319 τῇ
1264 4248 1410 4319 ψυχῇ
1469 4248 1832 4319 παραπέμπει
1887 4247 1949 4300 τὸ

2056 3063 2298 3118 omittam
2331 3063 2500 3133 ipsius
2530 3062 2997 3132 reprehensionem
3027 3100 3041 3124 ,
3075 3062 3215 3130 quod
3249 3075 3612 3129 saepenumero

2052 3167 2118 3206 ex
2145 3151 2404 3222 singultu,
2426 3167 2586 3221 quem
2611 3149 2858 3205 fortassis
2890 3149 3225 3204 harmoniam
3242 3160 3415 3212 vocat,
3441 3158 3614 3202 morte

2053 3243 2373 3312 quihusdam
2406 3242 2660 3311 praedicta
2686 3282 2700 3307 ,
2728 3252 2783 3297 et
2815 3241 2924 3295 vita
2950 3240 3070 3294 aliis
3095 3239 3360 3310 promissa
3383 3279 3397 3304 ,
3429 3255 3459 3293 a
3487 3254 3614 3294 vero

2052 3334 2355 3398 aberrarit,
2388 3333 2513 3387 dum
2551 3331 2622 3385 illi
2673 3331 2889 3401 quidem
2941 3330 3144 3385 diutius
3179 3331 3472 3393 vixerunt,
3527 3329 3613 3384 isti

2054 3436 2182 3477 vero
2220 3423 2471 3477 obierunt
2499 3422 2657 3492 (adeo
2693 3421 2838 3476 illam
2869 3429 3040 3475 artem
3074 3459 3090 3485 ,
3121 3428 3181 3474 ut
3217 3433 3334 3488 quae
3375 3433 3520 3473 mere
3546 3419 3616 3474 sit

2051 3514 2457 3584 conjecturalis,
2491 3514 2692 3568 veritas
2720 3511 2884 3581 fugit!
2909 3515 2925 3579 )
2956 3531 2970 3566 :
3000 3512 3246 3566 omittam
3273 3509 3374 3564 hoc
3401 3525 3614 3579 quoque

2051 3607 2193 3676 quod
2229 3605 2520 3660 multorum
2553 3647 2569 3671 ,
2626 3605 2714 3672 qui
2769 3603 2947 3657 noxiis
3001 3601 3306 3671 pharmacis
3357 3600 3613 3655 incantati

2051 3705 2206 3750 erant
2230 3734 2245 3760 ,
2279 3695 2473 3748 animae
2517 3708 2621 3747 non
2654 3692 2984 3747 excesserint
3009 3704 3188 3745 tamen
3230 3706 3260 3745 e
3300 3689 3614 3759 corporilms

2052 3787 2212 3856 (adeo
2251 3799 2356 3838 non
2401 3797 2615 3851 semper
2647 3783 2973 3850 omninoque
3027 3781 3342 3849 refrigerato
3388 3778 3615 3833 cerebro

2049 3892 2332 3953 separatur
2387 3880 2645 3948 anima!)
2691 3879 2820 3932 illud
2864 3879 3135 3932 dixerim:
3185 3877 3434 3931 Divinum
3493 3886 3616 3931 esse

2050 3972 2344 4037 vinculum,
2378 3971 2519 4040 quod
2564 3968 2779 4038 colliget
2808 3983 2868 4022 ea
2901 3983 3021 4037 quae
3051 3967 3339 4035 plurimum
3378 3968 3518 4020 inter
3555 3982 3614 4021 se

2049 4065 2275 4127 distant,
2305 4071 2359 4116 et
2397 4058 2829 4116 communionem
2863 4073 2928 4112 ac
2976 4057 3288 4112 societatem
3326 4059 3614 4125 quamdam

2051 4154 2373 4209 ineli‘abilem
2405 4166 2523 4207 esse
2547 4151 2739 4204 anima:
2778 4149 3108 4218 incorporea:
3138 4163 3258 4203 cum
3290 4162 3538 4217 corpore,
3563 4158 3618 4201 et

2051 4245 2380 4301 indicihilem
2428 4256 2551 4298 esse
2592 4241 3006 4296 consensionem
3061 4247 3224 4308 atque
3272 4237 3612 4293 affectionem

316 4323 317 4330 ‘
383 4339 645 4408 πάθημα·
685 4340 718 4408 ὴ
754 4339 832 4403 δὲ,
863 4339 1110 4409 καθάπερ
1139 4339 1478 4410 κυϐερνήτης
1511 4341 1569 4392 ἐν
1604 4339 1781 4411 πολλῷ
1817 4340 1946 4392 κλύ-

2052 4347 2288 4392 mutuam
2334 4337 2475 4390 inter
2507 4331 2867 4390 immortalem
2907 4330 3262 4385 substantiam
3306 4337 3360 4382 et
3392 4328 3618 4382 mortale

379 4428 534 4489 δωνι,
580 4428 922 4498 ταράττεται,
969 4429 1062 4482 καὶ
1100 4429 1198 4498 τὴν
1248 4429 1454 4483 οἰκείαν
1502 4430 1812 4499 ἐπιστήμην
1843 4430 1943 4482 οὐκ

379 4519 746 4572 ἐπιδείκνυται
783 4519 1252 4591 βυθισθεῖσαμὲγ
1291 4521 1481 4592 ὥσπερ
1514 4522 1570 4574 δέ
1618 4519 1942 4592 ὑποϐρύχιος

377 4610 720 4682 γεγενημένη
744 4651 758 4675 ,
793 4611 987 4680 ἄγεται
1016 4614 1107 4666 καὶ
1149 4614 1373 4684 φέρεται
1414 4613 1690 4678 πολλάκις,
1720 4613 1852 4666 ὅπου
1881 4613 1945 4666 ἂν

2052 4430 2507 4492 instrumentum,
2547 4434 2606 4479 ut
2639 4424 2738 4494 ipsi
2773 4437 2987 4492 quoque
3015 4421 3222 4476 Platoni
3247 4421 3476 4475 videtur.
3512 4417 3618 4473 Gn-

2052 4521 2205 4574 lenus
2240 4528 2421 4572 autem
2450 4517 2548 4571 hoc
2585 4531 2615 4569 a
2662 4528 2721 4569 se
2757 4529 2824 4567 ne
2857 4513 3078 4582 intelligi
3111 4513 3324 4582 quidem
3362 4523 3518 4579 posse
3546 4509 3619 4561 si-

2055 4611 2243 4665 mulat.
2277 4610 2399 4664 Ideo
2426 4616 2606 4662 autem
2633 4607 2737 4661 hoc
2769 4605 2967 4661 factum
2995 4613 3096 4669 est,
3135 4612 3193 4657 ut
3216 4604 3392 4657 anima
3424 4613 3617 4668 magno

1468 4764 1702 4820 VARUE
1743 4763 2126 4819 LECTIONES
2165 4763 2254 4816 ET
2296 4760 2528 4817 NOTAE.

385 4920 462 4972 ita
500 4919 636 4986 apud
670 4917 973 4987 Euripidem
1001 4917 1311 4987 Alcestide:
1345 4918 1514 4987 Χαῖρε
1558 4920 1662 4971 κάν
1692 4918 1817 4971 ἀδου
1861 4917 1945 4970 δό-

389 4983 628 5057 μοιςξ-
656 4983 740 5041 Εὖ
768 4983 867 5041 σοι
898 4987 1150 5057 γένοιτο.
1187 4985 1321 5057 llinc
1351 4983 1580 5057 Isidorus
1613 5004 1764 5041 suum
1807 4987 1949 5040 hunc

387 5056 660 5112 acn:trittm
693 5057 981 5110 iamhicum
1013 5056 1308 5109 confecisse
1338 5056 1566 5110 videtur.
1602 5057 1767 5110 RITT.

462 5125 537 5195 (6)
569 5126 610 5178 E
639 5126 857 5193 regione
886 5125 1075 5195 horum
1103 5125 1151 5175 εί
1179 5125 1344 5195 ἀρμο.
1377 5125 1501 5195 cod.
1526 5124 1697 5195 Vatic.
1729 5125 1832 5178 650
1864 5139 1949 5192 po-

387 5195 470 5249 tiit
495 5193 545 5247 In
579 5208 748 5264 marg.
777 5195 827 5246 ετ
852 5211 915 5261 γε
945 5193 1078 5264 αὐτὸ
1109 5193 1282 5264 τοῦτο
1306 5193 1560 5264 ἁρμονία.
1591 5194 1744 5250 Vers.
1781 5205 1897 5264 post
1918 5195 1950 5247 5

389 5262 728 5335 ρτομάπηχές
763 5265 921 5317 habet
951 5263 1108 5335 ideu_t_
1127 5262 1380 5330 ἐμμελές.
1399 5263 1617 5335 Possm.

464 5333 539 5401 (7)
576 5329 750 5385 Lotus
785 5346 849 5386 ex
897 5332 1016 5394 cod.
1067 5329 1243 5401 Valle.
1286 5333 1582 5401 restitutus.
1636 5333 1731 5385 Ed.
1780 5330 1950 5401 Paris.

390 5399 672 5454 omittebat
723 5402 857 5461 haec,
889 5399 1348 5469 εἱςίσωφροσύνην
1389 5399 1729 5469 ἀνέπτησαν·
1773 5399 1953 5452 πολλοὶ

388 5473 450 5525 δὲ
484 5470 776 5554 οώιξρρνῇς,
809 5479 914 5547 etc.
953 5468 1116 5554 βυιτ.

467 5542 542 5657 ('3)
575 5535 671 5657 Ed.
706 5537 897 5600 Paris,
919 5538 966 5588 εἰ
991 5535 1102 5603 γὰρ
1128 5536 1245 5605 δὴή
1273 5536 1470 5606 κρίσις.
1495 5537 1644 5593 Corr.
1674 5554 1739 5592 cx
1766 5539 1950 5594 eodem

467 5625 600 5657 .tce.
654 5623 708 5657 υ.

395 5610 600 5665 (odire.
632 5610 708 5658 lu.

2123 4916 2198 4985 (9)
2226 4915 2328 4971 Pro
2360 4913 2671 4985 ψυχθέντως
2693 4914 2810 4985 cod.
2838 4913 2967 4985 ναι,
2990 4909 3611 4985 δοτίῥίιμψυχρωβμὲντος,

2053 4997 2108 5042 et
2131 4979 2698 5054 iu'oxipost'ogao'dlotb;
2748 4983 2894 5054 addit
2941 4979 3369 5054 ﬁaspgetiévtog._
3405 4979 3613 5032 1’0.-;SIN.

2126 5053 2238 5124 (10)
2270 5049 2374 5107 Pro
2399 5049 2882 5124 dtrcéorqoavidem
2922 5052 3054 5124 eod:
3077 5050 3238 5124 habet
3265 5049 3611 5116 ἀπέπτησαν.

2056 5119 2228 5178 νοτε(
2249 5133 2368 5189 post
2392 5122 2446 5186 2,
2482 5119 2608 5174 ante
2637 5121 2800 5189 φαίην
2831 5121 2997 5173 addit.
3025 5119 3109 5172 ἄν.
3147 5119 3226 5189 in.

2129 5186 2378 5262 (lu—Pro
2410 5192 2437 5241 ὁ
2461 5186 2673 5262 δὲμΓαλ.
2709 5186 2844 5241 idem
2893 5189 3078 5262 scribit
3111 5188 3158 5238 εἰ
3200 5188 3255 5239 δὲ
3298 5186 3611 5262 Γαληνιπε.

2097 5255 2179 5316 ost
2212 5255 2264 5324 ri,
2307 5259 2784 5311 συναπολαύςουσα
2833 5267 3000 5309 mutat
3057 5258 3108 5309 in
3151 5255 3610 5308 συναπολαύουσα.

2089 5330 2214 5383 ἴοι-ς.
2254 5331 2373 5381 inde
2405 5329 2455 5386 5,
2502 5343 2594 5391 pro
2626 5328 2852 5395 πάθημα
2884 5326 3073 5379 scribit
3107 5325 3401 5395 «decedo.

2130 5399 2240 5465 (12)
2294 5397 2399 5450 Pro
2435 5390 2934 5465 βυθισοεῖσαἾόιεῃι
2984 5390 3612 5465 ροιιὶῑ-συ-μϐυοισφεῖσα

2058 5461 2246 5535 ὥσπερ
2281 5466 2373 5518 καὶ
2407 5461 2849 5535 ὑποϐυΟισρεῖσα.
2880 5461 3034 5516 Vcrs.
3070 5463 3196 5535 inde
3228 5461 3280 5522 4,
3316 5470 3435 5535 post
3461 5463 3612 5535 ἐνερ-

2058 5528 2387 5607 γείαςάἀιιίι
2421 5534 2634 5605 μηνύει.
2672 5533 2817 5588 Vers.
2852 5547 2964 5600 seq.
2999 5546 3094 5600 pro
3136 5530 3168 5599 ’ἡ
3213 5533 3360 5598 ponit
3395 5528 3504 5582 καί.
3537 5528 3610 5580 lu.
