4042 6146
500 254 636 323 1203

1707 255 1767 315 S.
1810 252 2099 314 ISIDGRI
2137 252 2568 313 PELUSIOTIE

3588 245 3718 309 1204

493 369 597 425 sibi
626 367 802 425 studio
829 368 1027 423 habeat
1054 380 1240 424 curam
1280 366 1526 436 corporis
1558 410 1572 433 ,
1614 380 1719 421 non
1751 368 1969 436 quidem
2002 374 2054 421 ut

2162 366 2194 435 ἡ
2226 365 2458 435 ὑγρότης
2480 367 2513 434 ἠ
2538 364 2598 415 τὸ
2625 362 2908 417 κλυδώνιον
2929 360 3279 432 ἐργασαμένη
3309 359 3715 429 χειραγωγήσῃ.

492 457 823 514 carnositate
853 457 1084 527 quadam
1110 457 1389 528 sagiuetur
1406 466 1568 527 atque
1596 456 1938 523 intumescat,
1962 458 2055 511 sed

493 554 701 600 tantum
741 554 801 600 ut
827 556 976 602 recte
1005 547 1203 610 valeat,
1233 560 1355 600 cum
1390 546 1589 609 anima,
1622 546 1667 600 si
1700 560 1819 600 eam
1853 546 2056 600 valetu-

491 635 631 690 dinis
660 650 844 690 curam
872 636 1148 707 negligat,
1184 636 1380 690 luitura
1411 636 1484 690 sit
1526 650 1643 689 eam
1682 637 1930 707 corporis
1975 637 2057 691 in-

493 723 831 790 temperiem,
859 733 913 777 et
944 724 1067 778 inde
1088 722 1484 777 incommodum
1508 731 1847 791 perceptum,
1868 736 2055 792 quam-

487 814 569 867 vis
599 825 705 868 non
752 815 967 882 propria
1003 823 1058 867 et
1102 813 1380 882 principali
1435 828 1573 868 noxa
1604 851 1622 877 ,
1677 821 1911 867 attamen
1958 826 2054 882 per

486 916 811 956 consensum
842 902 1192 972 Intemperies
1207 902 1349 956 enim
1362 904 1604 971 corporis
1618 912 1672 957 et
1689 901 2057 967 ebrietas,ani-

2162 456 2236 509 Οὐ
2283 455 2392 525 γὰρ
2424 455 2582 525 τὸμὴ
2628 451 2764 507 εἶναι
2812 454 2987 523 ψυχὴν
3032 454 3297 505 ἀθάνατον
3323 450 3480 502 τοῦτο
3508 449 3718 502 δείκνυ-

2164 562 2267 609 σιν,
2301 544 2435 598 ἀλλά
2482 545 2543 598 τὸ
2597 543 2981 614 ἐμποδίζεσθαι
3039 543 3209 610 αὐτῆς
3261 539 3361 602 τὰς
3407 539 3714 608 ἐνεργείαςο

2159 635 2346 705 ἐπειδὴ
2377 636 2514 705 μήτε
2545 635 2801 706 μουσικὸς
2822 634 3059 703 ἄριστος,
3096 632 3331 702 ἄμουσον
3358 630 3528 700 λύραν
3557 629 3714 697 ἔχων,

2158 725 2192 795 ἢ
2253 727 2340 789 είς
2398 725 2625 793 πέλαγος
2681 722 2958 794 ἐμπεσὼν,
3023 720 3342 790 ἐναρμόνιον
3409 718 3719 773 ἀποτελέσει

2163 814 2342 885 μέλος.
2394 813 2505 868 Καὶ
2550 815 2723 867 ταῦτα
2782 815 2880 884 μὲν
2929 812 3037 874 ἀπὸ
3104 812 3379 881 λογισμῶν
3448 808 3718 879 εἰρήσθω·

2166 903 2512 975 ὲπιφερέσθω
2559 903 2604 956 δ’
2637 904 2739 974 ἤδη
2772 905 2805 973 ὴ
2854 902 2946 955 τοῦ
2996 899 3337 971 Δημιουργοῦ
3372 898 3573 967 ψῆφος,
3604 899 3720 949 ἐπι-

488 1006 588 1046 mae
625 1006 838 1061 quoque
870 992 1011 1046 illam
1035 990 1367 1047 affectionem
1400 992 1735 1048 transmittit.
1761 991 1878 1059 l‘psa
1907 1006 2051 1058 vero,

2162 993 2539 1064 σφραγίζουσα
2566 993 2628 1047 τὸ
2655 991 3091 1064 είρημένονῌὸ),
3133 991 3225 1045 καὶ
3260 990 3526 1056 λέγουσα·
3568 1005 3587 1038 ι
3630 987 3719 1055 Μὴ

488 1082 713 1147 perinde
743 1091 803 1137 ut
834 1083 1164 1151 gubernator
1195 1083 1249 1137 in
1283 1096 1471 1152 magna
1515 1089 1833 1151 tempestate
1867 1083 2054 1151 depre-

2160 1084 2436 1155 φοσηθῆτε
2480 1084 2588 1138 ἀπὸ
2638 1083 2747 1137 τῶν
2798 1082 3223 1145 ἀποκτεινόντων
3267 1080 3328 1134 τὸ
3382 1080 3562 1149 σῶμα,
3624 1078 3719 1145 τὴν

491 1169 697 1224 hensus
728 1169 1092 1239 iactatusque,
1120 1171 1485 1239 perturbatur,
1508 1182 1565 1226 et
1592 1185 1745 1225 suam
1771 1171 2052 1226 scientiam

2160 1177 2213 1231 δὲ
2235 1176 2413 1247 ψυχὴν
2441 1176 2515 1248 μὴ
2542 1174 2856 1246 δυναμένων
2886 1175 3227 1227 ἀποκτεῖναι.
3269 1191 3288 1225 ι
3327 1172 3417 1233 Ὧς
3447 1170 3717 1223 ἀθανάτου

488 1272 593 1312 ιιοιι
627 1259 870 1326 declarat
898 1258 1197 1315 submersa.
1221 1260 1357 1314 Tum
1380 1275 1509 1316 vero
1537 1261 1693 1330 quasi
1723 1260 1883 1316 uvida
1914 1261 2054 1317 facta

2160 1264 2444 1335 τοιγαροῦν
2496 1264 2665 1333 οῦσης
2710 1263 2812 1331 τῆς
2852 1262 3052 1333 ψυχῆς,
3085 1260 3228 1315 οὕτω
3266 1260 3362 1314 καὶ
3404 1258 3718 1329 διαγώμεθα

485 1360 629 1417 εωρο
662 1348 841 1418 agitur
871 1362 936 1403 ac
966 1347 1140 1404 fertur
1168 1362 1489 1418 quocunque
1509 1349 1706 1405 humor
1737 1357 1829 1404 aut
1859 1347 2053 1406 fluctus

2160 1356 2253 1409 καὶ
2281 1354 2308 1408 δ
2316 1353 2762 1427 ιαπραττώμεθα.

484 1454 602 1494 eam
639 1439 913 1509 impulerit
949 1441 1416 1509 comprehensam.
1465 1438 1651 1510 Neque
1694 1442 1843 1497 enim
1902 1457 1967 1497 ea
1998 1458 2084 1500 res
2122 1446 2226 1501 hoc
2252 1447 2531 1513 declarat,
2582 1461 2689 1500 non
2754 1458 2873 1500 esse
2913 1442 3269 1498 immortalem
3311 1440 3592 1504 animam,
3627 1438 3716 1492 sed

487 1535 728 1589 actiones
761 1535 926 1605 ipsius
959 1535 1203 1603 impediri
1237 1535 1462 1590 indicat.
1510 1534 1642 1590 Nam
1676 1551 1850 1606 neque
1888 1540 2125 1595 musicus
2191 1540 2489 1609 quamlibet
2556 1540 2831 1610 optimus,
2890 1537 3124 1606 ineptam
3160 1535 3365 1589 habens
3398 1533 3594 1603 lyram,
3628 1540 3717 1583 aut

456 1676 457 1679 η
490 1628 543 1681 in
582 1628 802 1698 pelagus
857 1628 1107 1698 delapsus
1134 1667 1152 1693 ,
1200 1627 1522 1684 concinnum
1556 1643 1778 1685 carmen
1813 1645 2049 1701 unquam
2088 1633 2336 1689 ediderit.
2373 1634 2439 1688 Et
2474 1634 2589 1688 haec
2638 1632 2853 1701 quidem
2892 1631 3153 1685 hactenus
3219 1643 3285 1683 ex
3354 1624 3717 1681 ratiocinatio-

489 1718 648 1773 nibus
676 1719 822 1773 dicta
853 1719 981 1774 sint.
1015 1718 1134 1775 Jam
1169 1734 1300 1776 vero
1343 1719 1556 1788 opificis
1586 1720 1755 1790 ipsius
1795 1732 1852 1777 et
1913 1724 2187 1781 Creatoris
2254 1726 2448 1781 animae
2481 1724 2722 1780 calculus
2781 1720 3107 1791 proferatur,
3138 1719 3431 1787 obsignans
3493 1716 3545 1770 id
3576 1714 3716 1783 quod

488 1810 688 1865 dictum
722 1820 827 1877 est,
860 1821 916 1868 et
949 1812 1137 1868 dicens
1167 1830 1181 1867 :
1213 1811 1291 1868 Ne
1321 1814 1505 1868 timete
1535 1815 1602 1869 ab
1644 1815 1709 1869 iis
1738 1817 1829 1884 qui
1853 1832 2047 1886 corpus
2086 1818 2359 1883 occidunt,
2392 1819 2625 1874 animam
2661 1829 2787 1871 vero
2818 1814 3065 1871 occidere
3120 1826 3225 1865 non
3285 1816 3531 1876 possunt.
3561 1804 3715 1871 Quod

489 1905 659 1956 restat
690 1902 891 1971 igitur,
926 1902 1006 1956 sic
1051 1901 1174 1955 vitae
1208 1911 1405 1956 nostrae
1434 1903 1668 1957 rationes
1715 1905 2061 1976 actionesque
2099 1921 2288 1963 omnes
2350 1906 2713 1968 instituamus,
2746 1911 2805 1957 ut
2873 1900 3124 1957 convenit
3156 1912 3249 1954 eos
3282 1895 3495 1960 facere,
3527 1893 3717 1961 quibus

490 2004 803 2058 persuasum
834 2001 936 2055 est,
975 1990 1209 2044 animam
1240 1990 1598 2047 immortalem
1626 2007 1768 2049 esse.

854 2102 1017 2174 433
1052 2101 1282 2159 cxxvr.
1312 2133 1383 2142 —
1410 2102 1705 2158 lSlDORO.

488 2193 553 2248 In
611 2192 749 2247 illud
789 2196 987 2247 dictum
1019 2193 1221 2248 Psalmi
1255 2209 1273 2246 :
1332 2210 1351 2245 ι
1383 2192 1657 2250 Peccatori
1701 2208 1871 2250 autem
1921 2198 2054 2253 dixit

912 2262 1053 2315 Deus
1075 2279 1094 2317 :
1123 2264 1299 2327 Quare
1332 2271 1388 2315 tu
1409 2264 1453 2295 ”
1472 2304 1487 2330 ,
1510 2283 1529 2315 ι
1562 2274 1666 2319 etc.

563 2375 823 2445 Equidem
864 2373 941 2427 sic
970 2373 1243 2437 existimo,
1281 2389 1373 2429 eos
1409 2389 1622 2430 omnem
1657 2378 1921 2432 excedere
1959 2392 2056 2431 au-

493 2466 723 2528 daciam,
745 2463 842 2534 qui
871 2464 992 2516 vita:
1019 2463 1235 2531 quidem
1259 2464 1475 2533 optimae
1506 2467 1768 2521 rationem
1796 2476 1849 2522 et
1870 2482 2053 2523 curam

493 2557 693 2611 habent
729 2553 950 2618 nullam,
988 2553 1193 2607 interea
1236 2567 1361 2606 vero
1399 2554 1467 2607 de
1493 2553 1831 2624 dogmatibus
1863 2570 2053 2625 perpe-

442 2650 443 2653 “
494 2656 614 2699 tuas
642 2644 848 2712 agitant
878 2643 1269 2697 contentiones.
1316 2641 1449 2695 Cum
1499 2641 1642 2694 enim
1684 2642 1923 2711 ipsorum
1978 2644 2055 2698 lo-

491 2735 689 2805 quendi
715 2734 929 2789 licentia
963 2732 1176 2787 occlusa
1206 2732 1277 2786 sit
1300 2747 1402 2784 non
1432 2732 1587 2787 ostiis
1613 2740 1668 2786 et
1697 2732 1909 2803 sigillis,
1936 2749 2056 2803 quae

490 2829 615 2895 quis
647 2825 787 2880 forte
815 2832 1106 2880 concutere
1134 2831 1189 2877 et
1220 2812 1432 2877 amuliri
1472 2824 1643 2891 possit
1664 2861 1683 2886 ,
1733 2824 1829 2878 sed
1860 2825 2057 2880 divinis

490 2915 748 2981 oraculis,
771 2929 889 2985 quae
903 2914 1141 2970 clamant
1162 2931 1177 2969 :
1203 2931 1221 2965 ι
1234 2912 1512 2969 Peccatori
1540 2923 1717 2968 autem
1735 2915 1871 2969 dixit
1886 2915 2055 2972 Deus:

492 3007 679 3074 Quare
735 3014 789 3060 tu
820 3018 1043 3061 enarras
1068 3003 1312 3072 justitias
1343 3017 1511 3069 meas,
1540 3013 1596 3058 et
1624 3006 1854 3060 assumis
1888 3013 2057 3062 testa-

492 3106 729 3151 mentum
760 3109 937 3150 meum
960 3109 1056 3165 per
1083 3109 1144 3150 os
1167 3095 1359 3152 tuum?
1382 3113 1401 3147 ι
1429 3080 1537 3165 ipsi
1565 3109 1630 3151 eo
1657 3105 2058 3166 processerunt,

492 3187 751 3252 audaciae,
787 3194 845 3240 ut
877 3200 985 3240 non
1016 3186 1189 3241 solum
1220 3187 1286 3241 de
1310 3187 1555 3255 justitiis,
1594 3201 1729 3257 quas
1777 3187 2056 3257 ejurarunt

492 3277 794 3346 disceptent
847 3277 1064 3347 (minus
1104 3278 1249 3332 enim
1284 3276 1515 3335 fortasse
1544 3278 1670 3333 mali
1701 3279 1802 3333 hoc
1833 3277 2014 3348 foret)
2042 3294 2057 3343 ;

2077 2089 2126 2148 Β

2564 2104 2754 2172 qu'.
2782 2135 2849 2145 —
2888 2099 3146 2169 ιΣιΔοΡο
3179 2096 3318 2169 (ιι).
3504 2165 3515 2172 ,

2157 2196 2261 2260 Εἰς
2292 2195 2360 2247 τό
2379 2208 2391 2225 ³
2432 2211 2453 2244 ι
2496 2191 2577 2257 Τῷ
2601 2190 2669 2244 δὲ
2693 2186 3019 2276 ἁμαρτωλῷ
3037 2182 3255 2307 aliud
3295 2181 3457 2246 Θεός·
3497 2180 3629 2235 Ἵνα
3653 2178 3713 2231 τί

2711 2276 2815 2307 συ-
2860 2277 2879 2307 ι
2916 2274 2970 2307 κ.
3005 2273 3058 2307 τ.
3136 2292 3150 2306 ο

2711 2273 2816 2324 συ,
2860 2277 2879 2309 ι
2916 2274 2970 2310 κ.
3005 2273 3058 2308 τ.
3101 2273 3150 2307 Α.

2228 2375 2414 2445 Πάσης
2442 2373 2615 2443 ἔγωγε
2644 2372 2847 2441 τόλμης
2881 2369 3135 2422 ἐπέκεινα
3164 2364 3365 2436 χωρεῖν
3394 2360 3714 2430 υπολαμὸά-

2156 2484 2231 2521 νω
2262 2465 2388 2527 τοὺς
2436 2463 2550 2534 βίου
2609 2462 2708 2533 μὲν
2759 2460 2980 2531 ἀρίστου
3042 2455 3312 2527 μηδεμίαν
3360 2450 3716 2520 ποιουμένους

2156 2558 2433 2629 πρόνοιαν,
2454 2554 2584 2627 περὶ
2610 2555 2665 2607 δὲ
2689 2551 2974 2622 δογμάτων
2994 2546 3230 2617 συνεχῶς
3250 2542 3713 2614 ζυγομαχοῦντας.

2156 2646 2561 2716 Κεκλεισμένης
2586 2644 2693 2715 γὰρ
2728 2643 2906 2697 αὐτῶν
2951 2640 3050 2707 τῆς
3094 2636 3405 2710 παρρησίας
3437 2635 3497 2685 οὑ
3529 2631 3718 2702 θύραις

2158 2738 2251 2790 καὶ
2292 2735 2643 2806 σημάντροις,
2687 2732 2844 2786 ἅτινα
2876 2730 2940 2784 ἀν
2976 2747 3059 2792 τις
3095 2728 3187 2782 καὶ
3224 2722 3717 2796 παρασαλεύσειεν,

2159 2828 2294 2882 ἀλλά
2320 2826 2483 2889 Θείοις
2536 2824 2702 2895 βοῶσι
2740 2824 3043 2894 χρησμοῖς·
3111 2836 3130 2871 ι
3185 2816 3274 2888 Τῷ
3310 2817 3366 2869 δὲ
3414 2810 3721 2885 ἀμαρτωλῷ

2160 2916 2312 2975 εῖπεν
2360 2921 2388 2972 ὁ
2419 2918 2593 2987 Θεόςο-
2639 2917 2756 2969 Ἵνα
2797 2914 2848 2968 τί
2882 2914 2945 2966 σὺ
2997 2910 3224 2980 ὲκδιηγῇ
3254 2908 3320 2961 τά
3376 2902 3717 2974 δικαιώματά

2163 3026 2286 3080 μου,
2314 3009 2406 3061 καὶ
2438 3002 2836 3074 ἀναλαμϐάνεις
2871 3002 2970 3073 τὴν
3024 2999 3289 3069 διαθήκην
3347 3012 3449 3067 μου
3486 2993 3573 3046 διὰ
3605 2990 3723 3045 στό·

2163 3098 2329 3169 ματός
2363 3114 2457 3150 σου
2479 3114 2527 3162 ;»
2563 3095 2725 3148 Αὐτοὶ
2745 3092 3086 3156 είςτοσοῦτον
3115 3088 3466 3159 κεχωρήκασι
3496 3081 3717 3152 τόλμης,

2157 3189 2231 3251 ὼς
2259 3189 2335 3258 μὴ
2368 3188 2527 3258 μόνον
2567 3184 2821 3257 περὶτῶν
2844 3180 3251 3251 δικαιωμάτων,
3283 3173 3357 3232 ὧν
3378 3176 3718 3248 ὲξίμνυνται,

2159 3277 2491 3349 λογοκρινείν
2522 3276 2633 3348 (15)
2668 3271 2848 3347 (ἦττον
2886 3272 2993 3343 γὰρ
3040 3265 3108 3343 ἦν
3149 3268 3314 3323 κακὸν
3350 3267 3543 3331 ἴσως),
3583 3260 3718 3317 ἀλλά

492 3381 678 3422 verum
704 3367 868 3422 etiam
894 3368 962 3423 de
988 3366 1245 3425 ineffabili
1269 3377 1325 3424 et
1347 3368 1636 3439 purissima
1658 3377 1849 3423 natura
1877 3368 2054 3424 divina

2165 3368 2414 3439 περὶτῆς
2430 3367 2668 3437 ἀρρήτου
2692 3366 2787 3418 καὶ
2813 3363 3080 3434 ἀχράντου
3106 3360 3319 3431 φύσεως
3341 3354 3713 3426 διαφέρεσθαι.

493 3458 871 3515 contentiones
900 3472 964 3514 ac
987 3458 1287 3514 certamina
1340 3458 1656 3529 suscipiant.
1689 3456 1908 3514 Talibus
1946 3459 2051 3513 ita-

493 3563 598 3618 que
630 3563 731 3618 ego
761 3549 1025 3605 suaserim
1048 3591 1066 3616 ,
1099 3564 1165 3605 ne
1204 3551 1470 3606 scelerato
1505 3561 1665 3619 atque
1697 3548 1907 3621 impuro
1935 3563 2050 3615 ore,

493 3647 757 3706 quantum
802 3639 855 3693 in
887 3654 946 3695 se
980 3648 1095 3707 est,
1144 3640 1385 3695 lacerent
1412 3654 1501 3695 res
1538 3638 1747 3694 divinas
1769 3678 1789 3705 ,
1837 3654 1958 3710 qua:
1988 3639 2054 3695 iis

495 3744 709 3800 quoque
739 3731 849 3797 vis,
880 3745 945 3786 ac
970 3746 1037 3786 ne
1060 3731 1147 3785 vix
1188 3730 1404 3800 quidem
1436 3740 1564 3787 sunt
1590 3731 2051 3802 pervestigabiles,

495 3821 588 3891 qui
621 3823 746 3879 vitae
792 3831 920 3879 sunt
959 3822 1198 3892 probata:
1220 3830 1383 3892 atque
1412 3822 1755 3879 innocentis:
1789 3822 1882 3879 sed
1909 3830 1968 3876 ut
2000 3821 2053 3876 in

495 3923 555 3965 se
587 3911 734 3980 ipsos
782 3921 1100 3968 convertant
1132 3922 1294 3982 atque
1330 3925 1622 3970 exerceant
1658 3914 1788 3968 illud
1826 3924 2051 3967 examen

2162 3456 2629 3529 Συμόουλεύσαιμ’
2706 3456 2772 3509 ἂν
2851 3452 3026 3507 τοίνυν
3110 3453 3224 3513 τοῖς
3310 3447 3593 3509 τοιούτοις,
3648 3444 3720 3514 μὴ

2161 3544 2341 3617 μιαρῷ
2372 3545 2465 3599 καλ⁵
2495 3545 2681 3612 ἐναγεῖ
2709 3544 2936 3614 στόματι
2969 3543 3104 3609 τόγε
3156 3538 3364 3592 ἑαυτῶν
3396 3536 3561 3606 μέρος
3589 3549 3723 3586 σπα-

2160 3637 2383 3708 ράσσειν
2426 3634 2495 3689 τά
2538 3635 2678 3703 θεῖα,
2713 3633 2781 3687 τὰ
2823 3635 2916 3688 καὶ
2952 3634 3062 3696 τοῖς
3098 3630 3220 3685 λίαν
3269 3623 3715 3696 εὐδοκιμωτάτοις

2162 3727 2315 3799 μόλις
2360 3726 2674 3797 εὐθήρατα·
2728 3723 2865 3779 ἀλλά
2902 3724 3029 3793 περὶ
3076 3722 3301 3785 ἑαυτοὺς
3343 3718 3597 3790 στρέφειν
3627 3714 3721 3783 τὴν

2161 3819 2422 3889 βάσανον·
2457 3818 2599 3888 τάχα
2628 3832 2749 3880 πως
2779 3816 2879 3879 τὰς
2922 3814 3145 3884 κηλῖδας
3192 3809 3606 3882 ἀποτρίψονται,
3656 3803 3721 3867 ἃς

2158 3908 2219 3962 οὐ
2250 3907 2474 3971 δεόντως
2502 3907 2714 3969 ἑαυτοῖς
2737 3904 3184 3978 προσετρίψαντο.

493 4013 549 4056 et
582 4004 904 4061 scrutiniqu
926 4048 943 4073 ,
979 4005 1054 4061 ita
1080 4005 1326 4063 fortassis
1356 4006 1447 4062 fiet
1472 4047 1491 4074 ,
1525 4016 1583 4061 ut
1606 4007 1844 4063 maculas
1869 4045 1885 4073 ,
1952 4019 2089 4075 quas
2125 4002 2473 4071 sibimetipsis
2510 4008 2699 4057 contra
2774 3997 3013 4054 officium
3062 4002 3408 4066 asperserunt
3429 4036 3445 4060 ,
3475 4006 3570 4048 eas
3601 3990 3719 4045 abs-

499 4103 732 4165 Iergant.

839 4203 1095 4262 CXXVII.
1127 4237 1199 4248 -
1227 4206 1385 4263 ΝΠιο
1408 4204 1723 4262 DIACONO.

499 4292 567 4346 In
594 4292 795 4363 dictum
820 4293 978 4357 illud,-
1005 4294 1291 4363 cAnimalis
1325 4298 1479 4350 homo
1501 4312 1603 4349 non
1624 4294 1839 4363 percipit
1865 4295 1925 4347 ea
1939 4309 2055 4361 qua:

567 4362 1034 4435 sunt‘spiritus".s
1060 4361 1197 4428 Quid
1213 4365 1279 4417 sit
1303 4361 1764 4435 spirit'ualis,‘quid
1786 4364 2055 4430 animalis,

568 4429 695 4494 quid
724 4429 973 4486 carnalis.

572 4535 928 4607 Spirituales,
970 4539 1054 4594 vir
1084 4541 1333 4611 sapiens,
1373 4551 1526 4599 vocat
1560 4542 1755 4599 Paulus
1776 4582 1794 4609 ,
1827 4558 1921 4600 eos
1965 4544 2056 4613 qui

500 4629 767 4697 spirituali
798 4629 940 4686 dono
965 4633 1155 4702 gratiae
1184 4635 1361 4688 ornati
1388 4643 1547 4689 sunt:
1578 4635 1778 4704 quique
1802 4649 1904 4689 non
1941 4644 2057 4689 tan-

502 4730 613 4772 tum
640 4733 797 4788 supra
822 4730 1068 4777 naturam
1094 4736 1151 4777 se
1176 4723 1469 4789 elevarunt,
1486 4724 1579 4778 sed
1601 4725 1761 4779 etiam
1786 4726 2051 4779 rationum

503 4813 946 4880 ('unseqnentiam
978 4828 1070 4881 per
1113 4813 1269 4867 ﬁdem
1307 4814 1771 4868 transcenderunt.
1812 4812 2053 4878 Quorum

499 4920 563 4957 ex
612 4918 837 4959 numero
880 4914 998 4959 erat
1045 4913 1102 4958 et
1146 4905 1261 4973 ipse
1297 4904 1530 4970 Paulus,
1580 4914 1635 4958 et
1672 4903 1746 4957 illi
1797 4903 1863 4957 ad
1922 4917 2059 4971 quos

501 4995 814 5051 scribebat:
849 4993 997 5049 «Non
1029 4996 1160 5050 estis
1200 4995 1251 5048 in
1275 5010 1437 5050 carne
1461 5035 1477 5062 ,
1513 4996 1606 5050 sed
1644 4995 1696 5049 in
1741 4994 1952 5063 spiritu,
1983 4994 2060 5048 si-

575 5146 620 5178 ³⁸
651 5146 795 5202 Psal.
825 5161 970 5214 XLIX,
999 5145 1081 5199 16.
1156 5147 1201 5177 ²⁹
1232 5147 1251 5201 1
1285 5146 1411 5201 Cor.
1437 5162 1497 5213 ιι,
1532 5147 1618 5201 Η.

2507 4204 2675 4256 ΡΚΖ’.
2701 4232 2773 4245 -.
2799 4200 3009 4268 ΝΕΙΛῼ
3054 4198 3375 4268 ΑιΑιτυΝςι.

2164 4298 2269 4361 Εἰς
2313 4296 2401 4348 τό·
2462 4313 2481 4346 ι
2530 4294 2585 4346 '0
2624 4294 2886 4363 ψυχικὸς
2916 4292 3326 4363 ἄνθρωπος-οὺ
3367 4288 3601 4363 δέχεται
3652 4287 3719 4363 τὰ

2232 4359 2340 4418 τοῦ
2364 4359 2725 4432 πνεύματοςζ
2736 4359 2767 4412 ἰ
2818 4363 2879 4417 Τί
2899 4359 3321 4430 πνευματικὸς,
3344 4360 3443 4413 καί
3467 4359 3719 4428 ψυχικὸς

2234 4433 2333 4487 καί
2366 4435 2671 4502 σαρκικός.

2234 4542 2641 4613 Πνευματικοὺς
2689 4541 2865 4608 καλεῖ,
2921 4537 2967 4597 ὦ
3016 4540 3181 4609 σοφὲ,
3235 4539 3265 4591 ό
3312 4537 3525 4601 Παῦλος
3592 4534 3714 4596 τοὺς

2156 4632 2507 4703 πνευματικῷ
2524 4631 2966 4702 κεκοσμημένους
2988 4632 3287 4702 χαρίσματι
3307 4643 3321 4658 ·
3359 4628 3452 4682 κοιλ⁵
3470 4627 3529 4680 οὐ
3563 4626 3716 4696 μόνον

2158 4724 2256 4793 τῆς
2281 4723 2496 4791 φύσεως
2515 4721 2772 4790 ἀνωτέρω
2810 4721 3185 4793 χωρήσαντας,
3215 4717 3351 4772 ἀλλά
3379 4717 3473 4771 καὶ
3496 4716 3593 4786 τὴν
3612 4713 3716 4766 τῶν

2165 4813 2335 4881 λόγων
2347 4812 2662 4866 ἀκολουθίαν
2673 4811 2760 4865 διὰ
2775 4813 2871 4880 τῆς
2884 4811 3115 4873 πίστεως
3127 4811 3154 4862 ὖ
3163 4826 3229 4863 πε
3237 4806 3568 4879 ρ6ε6ηκὸτας
3584 4804 3711 4875 (16).

2169 4897 2267 4957 Ὧν
2291 4899 2371 4967 εἷς
2396 4900 2465 4975 ἦν
2508 4904 2602 4957 καὶ
2644 4902 2804 4965 αὐτὸς
2834 4903 2862 4954 ὁ
2893 4901 3120 4964 Παῦλος,
3159 4902 3402 4954 κάκεῖνοι
3448 4891 3531 4960 οἷς
3561 4895 3718 4966 ἔγρα-

2170 5012 2267 5065 φεν
2290 5012 2304 5026 -
2345 5014 2363 5045 ι
2399 4994 2511 5049 Οὐκ
2541 4994 2665 5049 ἐστὲ
2704 4995 2762 5048 ὲν
2799 4993 2982 5063 σαρκὶ,
3018 4992 3131 5047 ἀλλ’
3162 4992 3219 5045 ὲν
3247 4988 3538 5058 πνεύματι,
3566 4984 3720 5052 εἴπερ

1585 5298 1818 5354 VARIAE
1857 5297 2239 5355 LECTIONES
2279 5296 2365 5353 ET
2396 5297 2627 5353 ΝΟΤᾹΣ.

572 5451 859 5522 (15)]ι1οιιι
902 5451 1023 5508 cod.
1054 5451 1113 5503 τὸ
1158 5450 1443 5522 εἰρημένον
1475 5456 1642 5503 mutat
1687 5451 1737 5505 in
1783 5450 1851 5503 τὰ
1898 5451 2049 5521 εἰρη-

505 5520 664 5587 μένα.
696 5520 911 5575 Possm.
1212 5520 1219 5522 “
1794 5532 1807 5545 ‘

572 5588 682 5649 (Ml
707 5589 838 5642 Cod.
870 5588 987 5647 Vat.
1017 5591 1160 5645 addit
1190 5588 1485 5653 ὲπισκόπιςι.
1518 5588 1593 5642 In.

2218 5452 2339 5535 ‘05!
2370 5449 2473 5505 Pro
2494 5450 2827 5519 λογοκρινεῖν
2856 5449 2974 5503 cod.
3016 5447 3134 5500 Vat.
3157 5445 3263 5499 650
3298 5444 3425 5515 legit
3459 5446 3615 5511 λόγον
3638 5463 3688 5497 zz

2158 5520 2457 5654 v;:t’I-6;Ii'.3il.
2496 5585 2645 5641 Paris
2672 5628 2687 5651 ,
2725 5586 2812 5639 διὰ
2841 5585 2945 5638 τῶν
2976 5582 3249 5653 λογισμῶν
3280 5583 3379 5640 ὑπ.
3418 5583 3573 5637 Enn.
