  <div class='ocr_page' id='page_1' title='image "/cluster/home/n/w/nwhite01/storage/ocr_20150623/78/mdp.39015010334699/610.png"; bbox 0 0 4042 6146; ppageno 0'>
   <div class='ocr_carea' id='block_1_1' title="bbox 373 241 509 306">
    <p class='ocr_par' dir='ltr' id='par_1_1' title="bbox 373 241 509 306">
     <span class='ocr_line' id='line_1_1' title="bbox 373 241 509 306; baseline 0 0"><span class='ocrx_word' id='word_1_1' title='bbox 373 241 509 306; x_wconf 75' lang='lat'><strong>1205</strong></span> 
     </span>
    </p>
   </div>
   <div class='ocr_carea' id='block_1_2' title="bbox 1209 244 2745 312">
    <p class='ocr_par' dir='ltr' id='par_1_2' title="bbox 1209 244 2745 312">
     <span class='ocr_line' id='line_1_2' title="bbox 1209 244 2745 312; baseline 0.006 -9"><span class='ocrx_word' id='word_1_2' title='bbox 1209 244 1737 306; x_wconf 77' lang='lat' dir='ltr'><strong>EPISTULARUM</strong></span> <span class='ocrx_word' id='word_1_3' title='bbox 1775 246 1919 306; x_wconf 91' lang='lat' dir='ltr'><strong>LIB.</strong></span> <span class='ocrx_word' id='word_1_4' title='bbox 1966 248 2063 308; x_wconf 90' lang='lat' dir='ltr'><strong>IV.</strong></span> <span class='ocrx_word' id='word_1_5' title='bbox 2101 273 2170 283; x_wconf 89' lang='lat'><strong><em>—</em></strong></span> <span class='ocrx_word' id='word_1_6' title='bbox 2212 251 2446 310; x_wconf 89' lang='lat' dir='ltr'><strong>EPIST.</strong></span> <span class='ocrx_word' id='word_1_7' title='bbox 2488 251 2745 312; x_wconf 79' lang='lat' dir='ltr'><strong>CXXIX.</strong></span> 
     </span>
    </p>
   </div>
   <div class='ocr_carea' id='block_1_3' title="bbox 3466 251 3598 314">
    <p class='ocr_par' dir='ltr' id='par_1_3' title="bbox 3466 251 3598 314">
     <span class='ocr_line' id='line_1_3' title="bbox 3466 251 3598 314; baseline 0.015 -2"><span class='ocrx_word' id='word_1_8' title='bbox 3466 251 3598 314; x_wconf 72' lang='grc'><strong>1206</strong></span> 
     </span>
    </p>
   </div>
   <div class='ocr_carea' id='block_1_4' title="bbox 370 336 1955 430">
    <p class='ocr_par' dir='ltr' id='par_1_4' title="bbox 370 349 1955 428">
     <span class='ocr_line' id='line_1_4' title="bbox 370 349 1955 428; baseline -0.001 -18"><span class='ocrx_word' id='word_1_9' title='bbox 370 355 592 428; x_wconf 75' lang='grc' dir='ltr'><strong>Πνεῦμα</strong></span> <span class='ocrx_word' id='word_1_10' title='bbox 626 353 758 408; x_wconf 70' lang='grc' dir='ltr'><strong>Θεοῦ</strong></span> <span class='ocrx_word' id='word_1_11' title='bbox 801 355 938 406; x_wconf 86' lang='grc' dir='ltr'><strong>οίκεί</strong></span> <span class='ocrx_word' id='word_1_12' title='bbox 972 356 1028 407; x_wconf 81' lang='grc' dir='ltr'><strong>ἐν</strong></span> <span class='ocrx_word' id='word_1_13' title='bbox 1063 355 1206 424; x_wconf 85' lang='grc' dir='ltr'><strong>ὑμῖν.</strong></span> <span class='ocrx_word' id='word_1_14' title='bbox 1240 375 1256 406; x_wconf 74' lang='grc' dir='ltr'><strong>ι</strong></span> <span class='ocrx_word' id='word_1_15' title='bbox 1298 356 1570 424; x_wconf 80' lang='grc' dir='ltr'><strong>Ψυχικοὺς</strong></span> <span class='ocrx_word' id='word_1_16' title='bbox 1594 355 1670 419; x_wconf 86' lang='grc' dir='ltr'><strong>δὲ,</strong></span> <span class='ocrx_word' id='word_1_17' title='bbox 1694 357 1824 427; x_wconf 80' lang='grc' dir='ltr'><strong>περὶ</strong></span> <span class='ocrx_word' id='word_1_18' title='bbox 1849 349 1924 409; x_wconf 80' lang='grc' dir='ltr'><strong>ὧν</strong></span> <span class='ocrx_word' id='word_1_19' title='bbox 1953 408 1955 416; x_wconf 81' lang='grc'><strong>,</strong></span> 
     </span>
    </p>
   </div>
   <div class='ocr_carea' id='block_1_5' title="bbox 2038 336 3596 430">
    <p class='ocr_par' dir='ltr' id='par_1_5' title="bbox 2038 336 3596 430">
     <span class='ocr_line' id='line_1_5' title="bbox 2038 336 3596 430; baseline 0.003 -18"><span class='ocrx_word' id='word_1_20' title='bbox 2038 359 2242 428; x_wconf 80' lang='lat' dir='ltr'><strong>quidem</strong></span> <span class='ocrx_word' id='word_1_21' title='bbox 2268 361 2503 430; x_wconf 89' lang='lat' dir='ltr'><strong>Spiritus</strong></span> <span class='ocrx_word' id='word_1_22' title='bbox 2541 360 2637 416; x_wconf 84' lang='lat' dir='ltr'><strong>Dei</strong></span> <span class='ocrx_word' id='word_1_23' title='bbox 2670 359 2877 415; x_wconf 86' lang='lat' dir='ltr'><strong>habitat</strong></span> <span class='ocrx_word' id='word_1_24' title='bbox 2904 359 2956 414; x_wconf 94' lang='lat' dir='ltr'><strong>in</strong></span> <span class='ocrx_word' id='word_1_25' title='bbox 2984 336 3221 415; x_wconf 74' lang='lat' dir='ltr'><strong>vobis”.</strong></span> <span class='ocrx_word' id='word_1_26' title='bbox 3252 377 3272 412; x_wconf 70' lang='grc' dir='ltr'><strong>ι</strong></span> <span class='ocrx_word' id='word_1_27' title='bbox 3319 359 3596 417; x_wconf 81' lang='lat' dir='ltr'><strong>Animales</strong></span> 
     </span>
    </p>
   </div>
   <div class='ocr_carea' id='block_1_6' title="bbox 367 444 1931 517">
    <p class='ocr_par' dir='ltr' id='par_1_6' title="bbox 367 444 1931 517">
     <span class='ocr_line' id='line_1_6' title="bbox 367 444 1931 517; baseline 0 -19"><span class='ocrx_word' id='word_1_28' title='bbox 367 447 676 516; x_wconf 81' lang='grc' dir='ltr'><strong>γέγραπται</strong></span> <span class='ocrx_word' id='word_1_29' title='bbox 701 459 716 474; x_wconf 84' lang='grc'><em>’</em></span> <span class='ocrx_word' id='word_1_30' title='bbox 755 464 774 497; x_wconf 78' lang='grc' dir='ltr'><strong>ι</strong></span> <span class='ocrx_word' id='word_1_31' title='bbox 816 446 1050 514; x_wconf 73' lang='grc' dir='ltr'><strong>Ψυχικοὶ</strong></span> <span class='ocrx_word' id='word_1_32' title='bbox 1082 444 1300 516; x_wconf 84' lang='grc' dir='ltr'><strong>πνεῦμα</strong></span> <span class='ocrx_word' id='word_1_33' title='bbox 1353 447 1425 517; x_wconf 83' lang='grc' dir='ltr'><strong>μὴ</strong></span> <span class='ocrx_word' id='word_1_34' title='bbox 1465 445 1678 516; x_wconf 77' lang='grc' dir='ltr'><strong>ἔχοντες</strong></span> <span class='ocrx_word' id='word_1_35' title='bbox 1702 461 1718 477; x_wconf 87' lang='grc'><strong>·</strong></span> <span class='ocrx_word' id='word_1_36' title='bbox 1761 464 1779 497; x_wconf 75' lang='grc' dir='ltr'><strong>ι</strong></span> <span class='ocrx_word' id='word_1_37' title='bbox 1806 445 1931 509; x_wconf 83' lang='grc' dir='ltr'><strong>τοὺς</strong></span> 
     </span>
    </p>
   </div>
   <div class='ocr_carea' id='block_1_7' title="bbox 366 534 1932 606">
    <p class='ocr_par' dir='ltr' id='par_1_7' title="bbox 366 534 1932 606">
     <span class='ocr_line' id='line_1_7' title="bbox 366 534 1932 606; baseline -0.001 -18"><span class='ocrx_word' id='word_1_38' title='bbox 366 540 480 600; x_wconf 82' lang='grc' dir='ltr'><strong>τοῖς</strong></span> <span class='ocrx_word' id='word_1_39' title='bbox 532 537 810 606; x_wconf 82' lang='grc' dir='ltr'><strong>λογισμοῖς</strong></span> <span class='ocrx_word' id='word_1_40' title='bbox 857 536 951 589; x_wconf 78' lang='grc' dir='ltr'><strong>καὶ</strong></span> <span class='ocrx_word' id='word_1_41' title='bbox 998 534 1374 604; x_wconf 84' lang='grc' dir='ltr'><strong>συλλογισμοῖς</strong></span> <span class='ocrx_word' id='word_1_42' title='bbox 1414 536 1510 588; x_wconf 78' lang='grc' dir='ltr'><strong>καὶ</strong></span> <span class='ocrx_word' id='word_1_43' title='bbox 1560 534 1932 606; x_wconf 81' lang='grc' dir='ltr'><strong>διαλογισμοῖς</strong></span> 
     </span>
    </p>
   </div>
   <div class='ocr_carea' id='block_1_8' title="bbox 368 625 1932 697">
    <p class='ocr_par' dir='ltr' id='par_1_8' title="bbox 368 625 1932 697">
     <span class='ocr_line' id='line_1_8' title="bbox 368 625 1932 697; baseline -0.001 -17"><span class='ocrx_word' id='word_1_44' title='bbox 368 626 570 697; x_wconf 82' lang='grc' dir='ltr'><strong>μᾶλλον</strong></span> <span class='ocrx_word' id='word_1_45' title='bbox 596 625 1062 696; x_wconf 80' lang='grc' dir='ltr'><strong>ἐπερειδομὲνους,</strong></span> <span class='ocrx_word' id='word_1_46' title='bbox 1090 626 1263 679; x_wconf 78' lang='grc' dir='ltr'><strong>καὶτὸ</strong></span> <span class='ocrx_word' id='word_1_47' title='bbox 1283 626 1487 679; x_wconf 87' lang='grc' dir='ltr'><strong>δίκαιον</strong></span> <span class='ocrx_word' id='word_1_48' title='bbox 1514 626 1606 680; x_wconf 73' lang='grc' dir='ltr'><strong>καὶ</strong></span> <span class='ocrx_word' id='word_1_49' title='bbox 1635 626 1697 680; x_wconf 81' lang='grc' dir='ltr'><strong>τὸ</strong></span> <span class='ocrx_word' id='word_1_50' title='bbox 1724 625 1932 696; x_wconf 79' lang='grc' dir='ltr'><strong>συμφέ-</strong></span> 
     </span>
    </p>
   </div>
   <div class='ocr_carea' id='block_1_9' title="bbox 366 711 1932 788">
    <p class='ocr_par' dir='ltr' id='par_1_9' title="bbox 366 711 1932 788">
     <span class='ocr_line' id='line_1_9' title="bbox 366 711 1932 788; baseline -0.001 -18"><span class='ocrx_word' id='word_1_51' title='bbox 366 734 460 787; x_wconf 89' lang='grc' dir='ltr'><strong>ρον</strong></span> <span class='ocrx_word' id='word_1_52' title='bbox 501 718 566 770; x_wconf 90' lang='grc' dir='ltr'><strong>ἐκ</strong></span> <span class='ocrx_word' id='word_1_53' title='bbox 611 715 815 769; x_wconf 83' lang='grc' dir='ltr'><strong>τούτων</strong></span> <span class='ocrx_word' id='word_1_54' title='bbox 859 715 1176 786; x_wconf 77' lang='grc' dir='ltr'><strong>νομίζοντας</strong></span> <span class='ocrx_word' id='word_1_55' title='bbox 1225 716 1499 788; x_wconf 82' lang='grc' dir='ltr'>εὑρίσκειν</span> <span class='ocrx_word' id='word_1_56' title='bbox 1524 733 1538 746; x_wconf 88' lang='grc'><strong>·</strong></span> <span class='ocrx_word' id='word_1_57' title='bbox 1571 711 1674 769; x_wconf 74' lang='grc' dir='ltr'><strong>οἷοί</strong></span> <span class='ocrx_word' id='word_1_58' title='bbox 1715 718 1853 769; x_wconf 89' lang='grc' dir='ltr'><strong>εἰσιν</strong></span> <span class='ocrx_word' id='word_1_59' title='bbox 1882 716 1932 769; x_wconf 76' lang='lat' dir='ltr'><strong>ot</strong></span> 
     </span>
    </p>
   </div>
   <div class='ocr_carea' id='block_1_10' title="bbox 366 807 1930 880">
    <p class='ocr_par' dir='ltr' id='par_1_10' title="bbox 366 807 1930 880">
     <span class='ocr_line' id='line_1_10' title="bbox 366 807 1930 880; baseline -0.001 -19"><span class='ocrx_word' id='word_1_60' title='bbox 366 808 497 880; x_wconf 87' lang='grc' dir='ltr'><strong>παρ’</strong></span> <span class='ocrx_word' id='word_1_61' title='bbox 526 807 748 878; x_wconf 85' lang='grc' dir='ltr'><strong>Ἕλλησι</strong></span> <span class='ocrx_word' id='word_1_62' title='bbox 800 809 972 877; x_wconf 78' lang='grc' dir='ltr'><strong>σοφοί.</strong></span> <span class='ocrx_word' id='word_1_63' title='bbox 1006 809 1308 878; x_wconf 78' lang='grc' dir='ltr'><strong>Σαρκικοῦς</strong></span> <span class='ocrx_word' id='word_1_64' title='bbox 1347 809 1405 862; x_wconf 85' lang='grc' dir='ltr'><strong>δὲ</strong></span> <span class='ocrx_word' id='word_1_65' title='bbox 1441 809 1566 872; x_wconf 83' lang='grc' dir='ltr'><strong>τοὺς</strong></span> <span class='ocrx_word' id='word_1_66' title='bbox 1595 809 1706 871; x_wconf 87' lang='grc' dir='ltr'><strong>τοῖς</strong></span> <span class='ocrx_word' id='word_1_67' title='bbox 1733 807 1930 861; x_wconf 77' lang='grc' dir='ltr'><strong>πάθεσι</strong></span> 
     </span>
    </p>
   </div>
   <div class='ocr_carea' id='block_1_11' title="bbox 345 898 1931 970">
    <p class='ocr_par' dir='ltr' id='par_1_11' title="bbox 345 898 1931 970">
     <span class='ocr_line' id='line_1_11' title="bbox 345 898 1931 970; baseline -0.001 -18"><span class='ocrx_word' id='word_1_68' title='bbox 345 899 468 970; x_wconf 85' lang='grc' dir='ltr'><strong>’τῆς</strong></span> <span class='ocrx_word' id='word_1_69' title='bbox 497 898 696 969; x_wconf 83' lang='grc' dir='ltr'><strong>σαρκὸς</strong></span> <span class='ocrx_word' id='word_1_70' title='bbox 722 898 1075 970; x_wconf 80' lang='grc' dir='ltr'><strong>ἡττηθέντας,</strong></span> <span class='ocrx_word' id='word_1_71' title='bbox 1095 901 1202 954; x_wconf 80' lang='grc' dir='ltr'><strong>ἀπὸ</strong></span> <span class='ocrx_word' id='word_1_72' title='bbox 1222 899 1316 954; x_wconf 78' lang='grc' dir='ltr'><strong>τοῦ</strong></span> <span class='ocrx_word' id='word_1_73' title='bbox 1346 899 1931 970; x_wconf 80' lang='grc' dir='ltr'><strong>πλειστοδυναμοῦντος</strong></span> 
     </span>
    </p>
   </div>
   <div class='ocr_carea' id='block_1_12' title="bbox 366 986 1921 1060">
    <p class='ocr_par' dir='ltr' id='par_1_12' title="bbox 366 986 1921 1060">
     <span class='ocr_line' id='line_1_12' title="bbox 366 986 1921 1060; baseline -0.001 -15"><span class='ocrx_word' id='word_1_74' title='bbox 366 991 562 1053; x_wconf 81' lang='grc' dir='ltr'><strong>αὐτοὺς</strong></span> <span class='ocrx_word' id='word_1_75' title='bbox 586 989 766 1044; x_wconf 88' lang='grc' dir='ltr'><strong>καλῶν</strong></span> <span class='ocrx_word' id='word_1_76' title='bbox 790 1005 804 1022; x_wconf 74' lang='grc'><strong><em>⁸</em></strong></span> <span class='ocrx_word' id='word_1_77' title='bbox 846 986 946 1043; x_wconf 75' lang='grc' dir='ltr'><strong>οἷοι</strong></span> <span class='ocrx_word' id='word_1_78' title='bbox 981 991 1178 1054; x_wconf 85' lang='grc' dir='ltr'><strong>πάντες</strong></span> <span class='ocrx_word' id='word_1_79' title='bbox 1209 993 1257 1044; x_wconf 76' lang='lat' dir='ltr'><strong>ot</strong></span> <span class='ocrx_word' id='word_1_80' title='bbox 1287 992 1522 1059; x_wconf 80' lang='grc' dir='ltr'><strong>ἐναγεῖς,</strong></span> <span class='ocrx_word' id='word_1_81' title='bbox 1559 991 1650 1044; x_wconf 69' lang='grc' dir='ltr'><strong>καὶ</strong></span> <span class='ocrx_word' id='word_1_82' title='bbox 1675 990 1921 1060; x_wconf 84' lang='grc' dir='ltr'><strong>ἀκάθαρ-</strong></span> 
     </span>
    </p>
   </div>
   <div class='ocr_carea' id='block_1_13' title="bbox 368 1079 1931 1152">
    <p class='ocr_par' dir='ltr' id='par_1_13' title="bbox 368 1079 1931 1152">
     <span class='ocr_line' id='line_1_13' title="bbox 368 1079 1931 1152; baseline 0 -19"><span class='ocrx_word' id='word_1_83' title='bbox 368 1097 472 1146; x_wconf 86' lang='grc' dir='ltr'><strong>τοι,</strong></span> <span class='ocrx_word' id='word_1_84' title='bbox 503 1080 599 1134; x_wconf 86' lang='grc' dir='ltr'><strong>καὶ</strong></span> <span class='ocrx_word' id='word_1_85' title='bbox 651 1079 781 1149; x_wconf 72' lang='grc' dir='ltr'><strong>περὶ</strong></span> <span class='ocrx_word' id='word_1_86' title='bbox 826 1080 925 1143; x_wconf 76' lang='grc' dir='ltr'><strong>τὰς</strong></span> <span class='ocrx_word' id='word_1_87' title='bbox 966 1079 1248 1145; x_wconf 76' lang='grc' dir='ltr'><strong>συνουσίας</strong></span> <span class='ocrx_word' id='word_1_88' title='bbox 1294 1080 1615 1144; x_wconf 83' lang='grc' dir='ltr'><strong>λυττῶντες.</strong></span> <span class='ocrx_word' id='word_1_89' title='bbox 1665 1082 1730 1134; x_wconf 81' lang='grc' dir='ltr'><strong>Εἰ</strong></span> <span class='ocrx_word' id='word_1_90' title='bbox 1765 1081 1876 1152; x_wconf 80' lang='grc' dir='ltr'><strong>γὰρ</strong></span> <span class='ocrx_word' id='word_1_91' title='bbox 1901 1081 1931 1133; x_wconf 91' lang='lat'><strong>6</strong></span> 
     </span>
    </p>
   </div>
   <div class='ocr_carea' id='block_1_14' title="bbox 371 1168 1930 1246">
    <p class='ocr_par' dir='ltr' id='par_1_14' title="bbox 371 1168 1930 1246">
     <span class='ocr_line' id='line_1_14' title="bbox 371 1168 1930 1246; baseline 0 -24"><span class='ocrx_word' id='word_1_92' title='bbox 371 1168 681 1238; x_wconf 85' lang='grc' dir='ltr'><strong>σωματικδς</strong></span> <span class='ocrx_word' id='word_1_93' title='bbox 719 1169 1094 1238; x_wconf 76' lang='grc' dir='ltr'><strong>Πνευματικδς</strong></span> <span class='ocrx_word' id='word_1_94' title='bbox 1140 1169 1252 1239; x_wconf 82' lang='grc'><strong>(17)</strong></span> <span class='ocrx_word' id='word_1_95' title='bbox 1281 1169 1438 1240; x_wconf 90' lang='grc' dir='ltr'><strong>σῶμα</strong></span> <span class='ocrx_word' id='word_1_96' title='bbox 1467 1171 1580 1246; x_wconf 77' lang='grc' dir='ltr'><strong>ἔχει</strong></span> <span class='ocrx_word' id='word_1_97' title='bbox 1613 1172 1704 1224; x_wconf 75' lang='grc' dir='ltr'><strong>καὶ</strong></span> <span class='ocrx_word' id='word_1_98' title='bbox 1733 1170 1930 1240; x_wconf 80' lang='grc' dir='ltr'><strong>ψυχὴν,</strong></span> 
     </span>
    </p>
   </div>
   <div class='ocr_carea' id='block_1_15' title="bbox 370 1257 1926 1333">
    <p class='ocr_par' dir='ltr' id='par_1_15' title="bbox 370 1257 1926 1333">
     <span class='ocr_line' id='line_1_15' title="bbox 370 1257 1926 1333; baseline 0.002 -21"><span class='ocrx_word' id='word_1_99' title='bbox 370 1259 464 1312; x_wconf 74' lang='grc' dir='ltr'><strong>καὶ</strong></span> <span class='ocrx_word' id='word_1_100' title='bbox 495 1259 524 1311; x_wconf 98' lang='lat'><strong>6</strong></span> <span class='ocrx_word' id='word_1_101' title='bbox 554 1257 782 1329; x_wconf 78' lang='grc' dir='ltr'><strong>ψυχικὸς</strong></span> <span class='ocrx_word' id='word_1_102' title='bbox 832 1259 990 1330; x_wconf 91' lang='grc' dir='ltr'><strong>σῶμα</strong></span> <span class='ocrx_word' id='word_1_103' title='bbox 1046 1260 1179 1330; x_wconf 82' lang='grc' dir='ltr'><strong>ἔχει,</strong></span> <span class='ocrx_word' id='word_1_104' title='bbox 1225 1261 1321 1313; x_wconf 80' lang='grc' dir='ltr'><strong>καὶ</strong></span> <span class='ocrx_word' id='word_1_105' title='bbox 1367 1262 1395 1313; x_wconf 89' lang='lat'><strong>6</strong></span> <span class='ocrx_word' id='word_1_106' title='bbox 1442 1263 1701 1332; x_wconf 81' lang='grc' dir='ltr'><strong>σαρκικὸς</strong></span> <span class='ocrx_word' id='word_1_107' title='bbox 1727 1262 1926 1333; x_wconf 73' lang='grc' dir='ltr'><strong>ψυχὴν,</strong></span> 
     </span>
    </p>
   </div>
   <div class='ocr_carea' id='block_1_16' title="bbox 366 1348 1928 1424">
    <p class='ocr_par' dir='ltr' id='par_1_16' title="bbox 366 1348 1928 1424">
     <span class='ocr_line' id='line_1_16' title="bbox 366 1348 1928 1424; baseline 0.006 -24"><span class='ocrx_word' id='word_1_108' title='bbox 366 1349 482 1401; x_wconf 82' lang='grc' dir='ltr'><strong>ἀλλ’</strong></span> <span class='ocrx_word' id='word_1_109' title='bbox 530 1349 639 1402; x_wconf 79' lang='grc' dir='ltr'><strong>ἀπὸ</strong></span> <span class='ocrx_word' id='word_1_110' title='bbox 710 1348 804 1402; x_wconf 78' lang='grc' dir='ltr'><strong>τοῦ</strong></span> <span class='ocrx_word' id='word_1_111' title='bbox 870 1349 1196 1420; x_wconf 80' lang='grc' dir='ltr'><strong>κρατοῦντος</strong></span> <span class='ocrx_word' id='word_1_112' title='bbox 1249 1351 1478 1415; x_wconf 72' lang='grc' dir='ltr'><strong>ἕκαστος</strong></span> <span class='ocrx_word' id='word_1_113' title='bbox 1526 1352 1769 1407; x_wconf 83' lang='grc' dir='ltr'><strong>καλεῖται</strong></span> <span class='ocrx_word' id='word_1_114' title='bbox 1792 1354 1928 1424; x_wconf 90' lang='grc'><strong>(18).</strong></span> 
     </span>
    </p>
   </div>
   <div class='ocr_carea' id='block_1_17' title="bbox 367 1435 1926 1509">
    <p class='ocr_par' dir='ltr' id='par_1_17' title="bbox 367 1435 1926 1509">
     <span class='ocr_line' id='line_1_17' title="bbox 367 1435 1926 1509; baseline 0.003 -19"><span class='ocrx_word' id='word_1_115' title='bbox 367 1438 582 1508; x_wconf 79' lang='grc' dir='ltr'><strong>Ὠσπερ</strong></span> <span class='ocrx_word' id='word_1_116' title='bbox 610 1435 720 1509; x_wconf 75' lang='grc' dir='ltr'><strong>γὰρ</strong></span> <span class='ocrx_word' id='word_1_117' title='bbox 748 1439 936 1508; x_wconf 81' lang='grc' dir='ltr'><strong>γήϊνον</strong></span> <span class='ocrx_word' id='word_1_118' title='bbox 959 1438 1176 1508; x_wconf 83' lang='grc' dir='ltr'><strong>λέγεται</strong></span> <span class='ocrx_word' id='word_1_119' title='bbox 1204 1438 1266 1491; x_wconf 84' lang='grc' dir='ltr'><strong>τὸ</strong></span> <span class='ocrx_word' id='word_1_120' title='bbox 1299 1439 1480 1509; x_wconf 90' lang='grc' dir='ltr'><strong>σῶμα,</strong></span> <span class='ocrx_word' id='word_1_121' title='bbox 1507 1441 1680 1496; x_wconf 89' lang='grc' dir='ltr'><strong>καίτοι</strong></span> <span class='ocrx_word' id='word_1_122' title='bbox 1703 1441 1926 1496; x_wconf 74' lang='grc' dir='ltr'><strong>καὶτῶν</strong></span> 
     </span>
    </p>
   </div>
   <div class='ocr_carea' id='block_1_18' title="bbox 366 1527 1926 1602">
    <p class='ocr_par' dir='ltr' id='par_1_18' title="bbox 366 1527 1926 1602">
     <span class='ocr_line' id='line_1_18' title="bbox 366 1527 1926 1602; baseline 0.002 -19"><span class='ocrx_word' id='word_1_123' title='bbox 366 1527 541 1583; x_wconf 80' lang='grc' dir='ltr'><strong>ἄλλων</strong></span> <span class='ocrx_word' id='word_1_124' title='bbox 570 1527 846 1599; x_wconf 77' lang='grc' dir='ltr'><strong>στοιχείων</strong></span> <span class='ocrx_word' id='word_1_125' title='bbox 883 1529 1128 1600; x_wconf 79' lang='grc' dir='ltr'><strong>μετέχον,</strong></span> <span class='ocrx_word' id='word_1_126' title='bbox 1167 1529 1247 1601; x_wconf 84' lang='grc' dir='ltr'><strong>τῷ</strong></span> <span class='ocrx_word' id='word_1_127' title='bbox 1268 1530 1412 1584; x_wconf 83' lang='grc' dir='ltr'><strong>κατὰ</strong></span> <span class='ocrx_word' id='word_1_128' title='bbox 1440 1530 1502 1584; x_wconf 80' lang='grc' dir='ltr'><strong>τὸ</strong></span> <span class='ocrx_word' id='word_1_129' title='bbox 1547 1531 1798 1586; x_wconf 89' lang='grc' dir='ltr'><strong>πλεῖστον</strong></span> <span class='ocrx_word' id='word_1_130' title='bbox 1831 1533 1926 1602; x_wconf 73' lang='grc' dir='ltr'><strong>μέ-</strong></span> 
     </span>
    </p>
   </div>
   <div class='ocr_carea' id='block_1_19' title="bbox 373 1619 1930 1696">
    <p class='ocr_par' dir='ltr' id='par_1_19' title="bbox 373 1619 1930 1696">
     <span class='ocr_line' id='line_1_19' title="bbox 373 1619 1930 1696; baseline 0.004 -24"><span class='ocrx_word' id='word_1_131' title='bbox 373 1637 463 1688; x_wconf 89' lang='grc' dir='ltr'><strong>ρος</strong></span> <span class='ocrx_word' id='word_1_132' title='bbox 489 1619 588 1690; x_wconf 84' lang='grc' dir='ltr'><strong>τῆς</strong></span> <span class='ocrx_word' id='word_1_133' title='bbox 617 1620 720 1691; x_wconf 82' lang='grc' dir='ltr'><strong>γῆς</strong></span> <span class='ocrx_word' id='word_1_134' title='bbox 750 1620 1027 1691; x_wconf 75' lang='grc' dir='ltr'><strong>μετέχεινο</strong></span> <span class='ocrx_word' id='word_1_135' title='bbox 1061 1621 1203 1676; x_wconf 84' lang='grc' dir='ltr'><strong>οὓτω</strong></span> <span class='ocrx_word' id='word_1_136' title='bbox 1231 1621 1502 1686; x_wconf 83' lang='grc' dir='ltr'><strong>κάκείνοις</strong></span> <span class='ocrx_word' id='word_1_137' title='bbox 1535 1623 1644 1676; x_wconf 81' lang='grc' dir='ltr'><strong>ἀπὸ</strong></span> <span class='ocrx_word' id='word_1_138' title='bbox 1670 1623 1764 1678; x_wconf 82' lang='grc' dir='ltr'><strong>τοῦ</strong></span> <span class='ocrx_word' id='word_1_139' title='bbox 1794 1640 1930 1696; x_wconf 87' lang='grc' dir='ltr'><strong>κρα-</strong></span> 
     </span>
    </p>
   </div>
   <div class='ocr_carea' id='block_1_20' title="bbox 365 1709 1176 1783">
    <p class='ocr_par' dir='ltr' id='par_1_20' title="bbox 365 1709 1176 1783">
     <span class='ocr_line' id='line_1_20' title="bbox 365 1709 1176 1783; baseline 0.006 -21"><span class='ocrx_word' id='word_1_140' title='bbox 365 1709 587 1774; x_wconf 72' lang='grc' dir='ltr'><strong>τοῦντος</strong></span> <span class='ocrx_word' id='word_1_141' title='bbox 614 1710 892 1780; x_wconf 83' lang='grc' dir='ltr'><strong>ἐξενίκησε</strong></span> <span class='ocrx_word' id='word_1_142' title='bbox 919 1710 1176 1783; x_wconf 77' lang='grc' dir='ltr'><strong>τοῦνομα.</strong></span> 
     </span>
    </p>
   </div>
   <div class='ocr_carea' id='block_1_21' title="bbox 2035 448 3591 519">
    <p class='ocr_par' dir='ltr' id='par_1_21' title="bbox 2035 448 3591 519">
     <span class='ocr_line' id='line_1_21' title="bbox 2035 448 3591 519; baseline 0.003 -17"><span class='ocrx_word' id='word_1_143' title='bbox 2035 462 2167 504; x_wconf 89' lang='lat' dir='ltr'><strong>vero</strong></span> <span class='ocrx_word' id='word_1_144' title='bbox 2187 449 2440 518; x_wconf 90' lang='lat' dir='ltr'><strong>appellat,</strong></span> <span class='ocrx_word' id='word_1_145' title='bbox 2471 452 2538 504; x_wconf 90' lang='lat' dir='ltr'><strong>de</strong></span> <span class='ocrx_word' id='word_1_146' title='bbox 2566 449 2760 519; x_wconf 85' lang='lat' dir='ltr'><strong>quibus</strong></span> <span class='ocrx_word' id='word_1_147' title='bbox 2804 449 3065 517; x_wconf 88' lang='lat' dir='ltr'><strong>scriptum</strong></span> <span class='ocrx_word' id='word_1_148' title='bbox 3103 455 3225 503; x_wconf 90' lang='lat' dir='ltr'><strong>est:</strong></span> <span class='ocrx_word' id='word_1_149' title='bbox 3265 448 3591 515; x_wconf 65' lang='lat' dir='ltr'><strong>«Animales,</strong></span> 
     </span>
    </p>
   </div>
   <div class='ocr_carea' id='block_1_22' title="bbox 2033 539 3600 608">
    <p class='ocr_par' dir='ltr' id='par_1_22' title="bbox 2033 539 3600 608">
     <span class='ocr_line' id='line_1_22' title="bbox 2033 539 3600 608; baseline 0.001 -15"><span class='ocrx_word' id='word_1_150' title='bbox 2033 539 2282 607; x_wconf 79' lang='lat' dir='ltr'><strong>spiritum</strong></span> <span class='ocrx_word' id='word_1_151' title='bbox 2322 555 2428 596; x_wconf 91' lang='lat' dir='ltr'><strong>non</strong></span> <span class='ocrx_word' id='word_1_152' title='bbox 2471 541 2734 596; x_wconf 89' lang='lat' dir='ltr'><strong>habentes</strong></span> <span class='ocrx_word' id='word_1_153' title='bbox 2755 541 2794 572; x_wconf 85' lang='grc'><strong>³¹</strong></span> <span class='ocrx_word' id='word_1_154' title='bbox 2825 557 2841 605; x_wconf 88' lang='lat'><strong>;</strong></span> <span class='ocrx_word' id='word_1_155' title='bbox 2871 558 2890 592; x_wconf 72' lang='grc' dir='ltr'><strong>ι</strong></span> <span class='ocrx_word' id='word_1_156' title='bbox 2937 553 3030 594; x_wconf 91' lang='lat' dir='ltr'><strong>eos</strong></span> <span class='ocrx_word' id='word_1_157' title='bbox 3081 539 3172 608; x_wconf 89' lang='lat' dir='ltr'><strong>qui</strong></span> <span class='ocrx_word' id='word_1_158' title='bbox 3224 540 3600 596; x_wconf 85' lang='lat' dir='ltr'><strong>ratiocinatio-</strong></span> 
     </span>
    </p>
   </div>
   <div class='ocr_carea' id='block_1_23' title="bbox 2033 629 3600 702">
    <p class='ocr_par' dir='ltr' id='par_1_23' title="bbox 2033 629 3600 702">
     <span class='ocr_line' id='line_1_23' title="bbox 2033 629 3600 702; baseline -0.001 -18"><span class='ocrx_word' id='word_1_159' title='bbox 2033 629 2212 697; x_wconf 86' lang='lat' dir='ltr'><strong>nibus,</strong></span> <span class='ocrx_word' id='word_1_160' title='bbox 2241 639 2297 686; x_wconf 88' lang='lat' dir='ltr'><strong>et</strong></span> <span class='ocrx_word' id='word_1_161' title='bbox 2323 631 2648 702; x_wconf 77' lang='lat' dir='ltr'><strong>syllogismis</strong></span> <span class='ocrx_word' id='word_1_162' title='bbox 2675 640 2732 688; x_wconf 92' lang='lat' dir='ltr'><strong>et</strong></span> <span class='ocrx_word' id='word_1_163' title='bbox 2757 631 3209 699; x_wconf 76' lang='lat' dir='ltr'><strong>disputationibus</strong></span> <span class='ocrx_word' id='word_1_164' title='bbox 3240 630 3417 698; x_wconf 84' lang='lat' dir='ltr'><strong>potius</strong></span> <span class='ocrx_word' id='word_1_165' title='bbox 3450 630 3600 684; x_wconf 84' lang='lat' dir='ltr'><strong>inni-</strong></span> 
     </span>
    </p>
   </div>
   <div class='ocr_carea' id='block_1_24' title="bbox 2040 720 3601 790">
    <p class='ocr_par' dir='ltr' id='par_1_24' title="bbox 2040 720 3601 790">
     <span class='ocr_line' id='line_1_24' title="bbox 2040 720 3601 790; baseline 0 -16"><span class='ocrx_word' id='word_1_166' title='bbox 2040 729 2252 788; x_wconf 88' lang='lat' dir='ltr'><strong>tuntur,</strong></span> <span class='ocrx_word' id='word_1_167' title='bbox 2281 729 2336 777; x_wconf 87' lang='lat' dir='ltr'><strong>et</strong></span> <span class='ocrx_word' id='word_1_168' title='bbox 2363 736 2428 778; x_wconf 79' lang='lat' dir='ltr'><strong>ex</strong></span> <span class='ocrx_word' id='word_1_169' title='bbox 2458 723 2544 778; x_wconf 87' lang='lat' dir='ltr'><strong>bis</strong></span> <span class='ocrx_word' id='word_1_170' title='bbox 2573 738 2633 778; x_wconf 91' lang='lat' dir='ltr'><strong>se</strong></span> <span class='ocrx_word' id='word_1_171' title='bbox 2674 723 2989 778; x_wconf 89' lang='lat' dir='ltr'><strong>inventuros</strong></span> <span class='ocrx_word' id='word_1_172' title='bbox 3019 722 3353 778; x_wconf 81' lang='lat' dir='ltr'><strong>arbitrantur</strong></span> <span class='ocrx_word' id='word_1_173' title='bbox 3377 720 3430 774; x_wconf 89' lang='lat' dir='ltr'><strong>id</strong></span> <span class='ocrx_word' id='word_1_174' title='bbox 3458 722 3601 790; x_wconf 89' lang='lat' dir='ltr'><strong>quod</strong></span> 
     </span>
    </p>
   </div>
   <div class='ocr_carea' id='block_1_25' title="bbox 2033 811 3600 882">
    <p class='ocr_par' dir='ltr' id='par_1_25' title="bbox 2033 811 3600 882">
     <span class='ocr_line' id='line_1_25' title="bbox 2033 811 3600 882; baseline -0.002 -17"><span class='ocrx_word' id='word_1_175' title='bbox 2033 812 2237 880; x_wconf 82' lang='lat' dir='ltr'><strong>justum</strong></span> <span class='ocrx_word' id='word_1_176' title='bbox 2284 812 2359 868; x_wconf 92' lang='lat' dir='ltr'><strong>sit</strong></span> <span class='ocrx_word' id='word_1_177' title='bbox 2401 820 2459 868; x_wconf 88' lang='lat' dir='ltr'><strong>et</strong></span> <span class='ocrx_word' id='word_1_178' title='bbox 2500 812 2676 869; x_wconf 84' lang='lat' dir='ltr'><strong>utile:</strong></span> <span class='ocrx_word' id='word_1_179' title='bbox 2729 813 2917 882; x_wconf 88' lang='lat' dir='ltr'><strong>quales</strong></span> <span class='ocrx_word' id='word_1_180' title='bbox 2965 820 3096 868; x_wconf 88' lang='lat' dir='ltr'><strong>sunt</strong></span> <span class='ocrx_word' id='word_1_181' title='bbox 3141 811 3415 880; x_wconf 84' lang='lat' dir='ltr'><strong>sapientes</strong></span> <span class='ocrx_word' id='word_1_182' title='bbox 3461 812 3600 878; x_wconf 86' lang='lat' dir='ltr'><strong>apud</strong></span> 
     </span>
    </p>
   </div>
   <div class='ocr_carea' id='block_1_26' title="bbox 2034 900 3604 973">
    <p class='ocr_par' dir='ltr' id='par_1_26' title="bbox 2034 900 3604 973">
     <span class='ocr_line' id='line_1_26' title="bbox 2034 900 3604 973; baseline -0.002 -16"><span class='ocrx_word' id='word_1_183' title='bbox 2034 902 2276 972; x_wconf 64' lang='lat' dir='ltr'><strong>Graecos.</strong></span> <span class='ocrx_word' id='word_1_184' title='bbox 2303 902 2564 959; x_wconf 90' lang='lat' dir='ltr'><strong>Carnales</strong></span> <span class='ocrx_word' id='word_1_185' title='bbox 2586 904 2822 973; x_wconf 86' lang='lat' dir='ltr'><strong>denique</strong></span> <span class='ocrx_word' id='word_1_186' title='bbox 2852 917 2968 968; x_wconf 89' lang='lat' dir='ltr'><strong>eos,</strong></span> <span class='ocrx_word' id='word_1_187' title='bbox 2994 903 3084 972; x_wconf 92' lang='lat' dir='ltr'><strong>qui</strong></span> <span class='ocrx_word' id='word_1_188' title='bbox 3109 900 3391 957; x_wconf 73' lang='lat' dir='ltr'><strong>aﬂ‘ectibus</strong></span> <span class='ocrx_word' id='word_1_189' title='bbox 3420 900 3604 954; x_wconf 89' lang='lat' dir='ltr'><strong>carnis</strong></span> 
     </span>
    </p>
   </div>
   <div class='ocr_carea' id='block_1_27' title="bbox 2034 989 3604 1063">
    <p class='ocr_par' dir='ltr' id='par_1_27' title="bbox 2034 989 3604 1063">
     <span class='ocr_line' id='line_1_27' title="bbox 2034 989 3604 1063; baseline -0.004 -14"><span class='ocrx_word' id='word_1_190' title='bbox 2034 1008 2093 1049; x_wconf 89' lang='lat' dir='ltr'><strong>se</strong></span> <span class='ocrx_word' id='word_1_191' title='bbox 2119 993 2262 1048; x_wconf 90' lang='lat' dir='ltr'><strong>vinci</strong></span> <span class='ocrx_word' id='word_1_192' title='bbox 2299 993 2611 1062; x_wconf 85' lang='lat' dir='ltr'><strong>patiuntur;</strong></span> <span class='ocrx_word' id='word_1_193' title='bbox 2663 994 2733 1048; x_wconf 89' lang='lat' dir='ltr'><strong>ab</strong></span> <span class='ocrx_word' id='word_1_194' title='bbox 2765 1007 2831 1048; x_wconf 91' lang='lat' dir='ltr'><strong>eo</strong></span> <span class='ocrx_word' id='word_1_195' title='bbox 2861 992 3005 1063; x_wconf 88' lang='lat' dir='ltr'><strong>quod</strong></span> <span class='ocrx_word' id='word_1_196' title='bbox 3034 991 3324 1063; x_wconf 85' lang='lat' dir='ltr'><strong>plurimum</strong></span> <span class='ocrx_word' id='word_1_197' title='bbox 3369 989 3425 1044; x_wconf 90' lang='lat' dir='ltr'><strong>in</strong></span> <span class='ocrx_word' id='word_1_198' title='bbox 3473 989 3604 1058; x_wconf 86' lang='lat' dir='ltr'><strong>ipsis</strong></span> 
     </span>
    </p>
   </div>
   <div class='ocr_carea' id='block_1_28' title="bbox 2031 1081 3604 1153">
    <p class='ocr_par' dir='ltr' id='par_1_28' title="bbox 2031 1081 3604 1153">
     <span class='ocr_line' id='line_1_28' title="bbox 2031 1081 3604 1153; baseline -0.003 -16"><span class='ocrx_word' id='word_1_199' title='bbox 2031 1084 2220 1153; x_wconf 84' lang='lat' dir='ltr'><strong>pollet,</strong></span> <span class='ocrx_word' id='word_1_200' title='bbox 2241 1084 2733 1140; x_wconf 85' lang='lat' dir='ltr'><strong>denominationem</strong></span> <span class='ocrx_word' id='word_1_201' title='bbox 2764 1097 2953 1139; x_wconf 89' lang='lat' dir='ltr'><strong>eorum</strong></span> <span class='ocrx_word' id='word_1_202' title='bbox 2975 1097 3226 1139; x_wconf 87' lang='lat' dir='ltr'><strong>sumens:</strong></span> <span class='ocrx_word' id='word_1_203' title='bbox 3253 1081 3440 1151; x_wconf 85' lang='lat' dir='ltr'><strong>quales</strong></span> <span class='ocrx_word' id='word_1_204' title='bbox 3479 1089 3604 1134; x_wconf 88' lang='lat' dir='ltr'><strong>sunt</strong></span> 
     </span>
    </p>
   </div>
   <div class='ocr_carea' id='block_1_29' title="bbox 2034 1170 3603 1244">
    <p class='ocr_par' dir='ltr' id='par_1_29' title="bbox 2034 1170 3603 1244">
     <span class='ocr_line' id='line_1_29' title="bbox 2034 1170 3603 1244; baseline -0.004 -14"><span class='ocrx_word' id='word_1_205' title='bbox 2034 1187 2224 1230; x_wconf 89' lang='lat' dir='ltr'><strong>omnes</strong></span> <span class='ocrx_word' id='word_1_206' title='bbox 2255 1173 2524 1240; x_wconf 87' lang='lat' dir='ltr'><strong>scelerati,</strong></span> <span class='ocrx_word' id='word_1_207' title='bbox 2552 1182 2607 1229; x_wconf 88' lang='lat' dir='ltr'><strong>et</strong></span> <span class='ocrx_word' id='word_1_208' title='bbox 2635 1174 2830 1244; x_wconf 76' lang='lat' dir='ltr'><strong>impuri</strong></span> <span class='ocrx_word' id='word_1_209' title='bbox 2853 1214 2870 1241; x_wconf 94' lang='lat'><strong>,</strong></span> <span class='ocrx_word' id='word_1_210' title='bbox 2895 1181 2952 1230; x_wconf 92' lang='lat' dir='ltr'><strong>et</strong></span> <span class='ocrx_word' id='word_1_211' title='bbox 2973 1173 3064 1244; x_wconf 89' lang='lat' dir='ltr'><strong>qui</strong></span> <span class='ocrx_word' id='word_1_212' title='bbox 3093 1172 3240 1228; x_wconf 82' lang='lat' dir='ltr'><strong>circa</strong></span> <span class='ocrx_word' id='word_1_213' title='bbox 3267 1170 3518 1228; x_wconf 86' lang='lat' dir='ltr'><strong>libidines</strong></span> <span class='ocrx_word' id='word_1_214' title='bbox 3546 1179 3603 1225; x_wconf 89' lang='lat' dir='ltr'><strong>et</strong></span> 
     </span>
    </p>
   </div>
   <div class='ocr_carea' id='block_1_30' title="bbox 2034 1262 3601 1333">
    <p class='ocr_par' dir='ltr' id='par_1_30' title="bbox 2034 1262 3601 1333">
     <span class='ocr_line' id='line_1_30' title="bbox 2034 1262 3601 1333; baseline -0.002 -15"><span class='ocrx_word' id='word_1_215' title='bbox 2034 1263 2212 1320; x_wconf 89' lang='lat' dir='ltr'><strong>coitus</strong></span> <span class='ocrx_word' id='word_1_216' title='bbox 2238 1263 2539 1319; x_wconf 83' lang='lat' dir='ltr'><strong>insaniunt.</strong></span> <span class='ocrx_word' id='word_1_217' title='bbox 2569 1264 2888 1333; x_wconf 85' lang='lat' dir='ltr'><strong>Quanquam</strong></span> <span class='ocrx_word' id='word_1_218' title='bbox 2929 1264 3073 1320; x_wconf 90' lang='lat' dir='ltr'><strong>enim</strong></span> <span class='ocrx_word' id='word_1_219' title='bbox 3105 1263 3405 1333; x_wconf 88' lang='lat' dir='ltr'><strong>spiritualis</strong></span> <span class='ocrx_word' id='word_1_220' title='bbox 3432 1262 3601 1316; x_wconf 88' lang='lat' dir='ltr'><strong>etiam</strong></span> 
     </span>
    </p>
   </div>
   <div class='ocr_carea' id='block_1_31' title="bbox 2035 1352 3600 1426">
    <p class='ocr_par' dir='ltr' id='par_1_31' title="bbox 2035 1352 3600 1426">
     <span class='ocr_line' id='line_1_31' title="bbox 2035 1352 3600 1426; baseline -0.003 -17"><span class='ocrx_word' id='word_1_221' title='bbox 2035 1354 2197 1410; x_wconf 88' lang='lat' dir='ltr'><strong>homo</strong></span> <span class='ocrx_word' id='word_1_222' title='bbox 2230 1369 2425 1426; x_wconf 89' lang='lat' dir='ltr'><strong>corpus</strong></span> <span class='ocrx_word' id='word_1_223' title='bbox 2463 1356 2625 1411; x_wconf 82' lang='lat' dir='ltr'><strong>habet</strong></span> <span class='ocrx_word' id='word_1_224' title='bbox 2668 1364 2723 1411; x_wconf 92' lang='lat' dir='ltr'><strong>et</strong></span> <span class='ocrx_word' id='word_1_225' title='bbox 2754 1355 3014 1420; x_wconf 89' lang='lat' dir='ltr'><strong>animam,</strong></span> <span class='ocrx_word' id='word_1_226' title='bbox 3043 1363 3099 1410; x_wconf 88' lang='lat' dir='ltr'><strong>et</strong></span> <span class='ocrx_word' id='word_1_227' title='bbox 3122 1352 3372 1408; x_wconf 90' lang='lat' dir='ltr'><strong>animalis</strong></span> <span class='ocrx_word' id='word_1_228' title='bbox 3402 1367 3600 1422; x_wconf 89' lang='lat' dir='ltr'><strong>corpus</strong></span> 
     </span>
    </p>
   </div>
   <div class='ocr_carea' id='block_1_32' title="bbox 2033 1429 3598 1509">
    <p class='ocr_par' dir='ltr' id='par_1_32' title="bbox 2033 1429 3598 1509">
     <span class='ocr_line' id='line_1_32' title="bbox 2033 1429 3598 1509; baseline -0.001 -10"><span class='ocrx_word' id='word_1_229' title='bbox 2033 1443 2218 1509; x_wconf 80' lang='lat' dir='ltr'><strong>habet,</strong></span> <span class='ocrx_word' id='word_1_230' title='bbox 2249 1429 2305 1500; x_wconf 86' lang='lat' dir='ltr'><strong>et</strong></span> <span class='ocrx_word' id='word_1_231' title='bbox 2332 1446 2567 1500; x_wconf 78' lang='lat' dir='ltr'><strong>carnali;</strong></span> <span class='ocrx_word' id='word_1_232' title='bbox 2594 1445 2776 1500; x_wconf 88' lang='lat' dir='ltr'><strong>anima</strong></span> <span class='ocrx_word' id='word_1_233' title='bbox 2805 1459 2912 1500; x_wconf 91' lang='lat' dir='ltr'><strong>non</strong></span> <span class='ocrx_word' id='word_1_234' title='bbox 2935 1444 3283 1501; x_wconf 85' lang='lat' dir='ltr'><strong>destituitur:</strong></span> <span class='ocrx_word' id='word_1_235' title='bbox 3318 1452 3498 1498; x_wconf 87' lang='lat' dir='ltr'><strong>tamen</strong></span> <span class='ocrx_word' id='word_1_236' title='bbox 3531 1443 3598 1497; x_wconf 91' lang='lat' dir='ltr'><strong>ab</strong></span> 
     </span>
    </p>
   </div>
   <div class='ocr_carea' id='block_1_33' title="bbox 2033 1533 3599 1605">
    <p class='ocr_par' dir='ltr' id='par_1_33' title="bbox 2033 1533 3599 1605">
     <span class='ocr_line' id='line_1_33' title="bbox 2033 1533 3599 1605; baseline -0.003 -15"><span class='ocrx_word' id='word_1_237' title='bbox 2033 1548 2099 1590; x_wconf 92' lang='lat' dir='ltr'><strong>eo</strong></span> <span class='ocrx_word' id='word_1_238' title='bbox 2130 1535 2272 1603; x_wconf 90' lang='lat' dir='ltr'><strong>quod</strong></span> <span class='ocrx_word' id='word_1_239' title='bbox 2303 1533 2645 1604; x_wconf 90' lang='lat' dir='ltr'><strong>potissimum</strong></span> <span class='ocrx_word' id='word_1_240' title='bbox 2674 1543 2777 1600; x_wconf 88' lang='lat' dir='ltr'><strong>est,</strong></span> <span class='ocrx_word' id='word_1_241' title='bbox 2798 1535 3026 1605; x_wconf 82' lang='lat' dir='ltr'><strong>quisque</strong></span> <span class='ocrx_word' id='word_1_242' title='bbox 3043 1533 3362 1604; x_wconf 87' lang='lat' dir='ltr'><strong>appellatur.</strong></span> <span class='ocrx_word' id='word_1_243' title='bbox 3395 1533 3599 1600; x_wconf 80' lang='lat' dir='ltr'><strong>Queru-</strong></span> 
     </span>
    </p>
   </div>
   <div class='ocr_carea' id='block_1_34' title="bbox 2034 1622 3599 1694">
    <p class='ocr_par' dir='ltr' id='par_1_34' title="bbox 2034 1622 3599 1694">
     <span class='ocr_line' id='line_1_34' title="bbox 2034 1622 3599 1694; baseline -0.004 -16"><span class='ocrx_word' id='word_1_244' title='bbox 2034 1623 2322 1679; x_wconf 88' lang='lat' dir='ltr'><strong>admodum</strong></span> <span class='ocrx_word' id='word_1_245' title='bbox 2389 1623 2534 1680; x_wconf 90' lang='lat' dir='ltr'><strong>enim</strong></span> <span class='ocrx_word' id='word_1_246' title='bbox 2579 1638 2775 1694; x_wconf 89' lang='lat' dir='ltr'><strong>corpus</strong></span> <span class='ocrx_word' id='word_1_247' title='bbox 2803 1661 2820 1688; x_wconf 90' lang='lat'><strong>,</strong></span> <span class='ocrx_word' id='word_1_248' title='bbox 2868 1624 3081 1678; x_wconf 86' lang='lat' dir='ltr'><strong>tametsi</strong></span> <span class='ocrx_word' id='word_1_249' title='bbox 3122 1622 3350 1678; x_wconf 90' lang='lat' dir='ltr'><strong>aliorum</strong></span> <span class='ocrx_word' id='word_1_250' title='bbox 3384 1635 3599 1690; x_wconf 87' lang='lat' dir='ltr'><strong>quoque</strong></span> 
     </span>
    </p>
   </div>
   <div class='ocr_carea' id='block_1_35' title="bbox 1966 1709 3603 1784">
    <p class='ocr_par' dir='ltr' id='par_1_35' title="bbox 1966 1709 3603 1784">
     <span class='ocr_line' id='line_1_35' title="bbox 1966 1709 3603 1784; baseline -0.001 -19"><span class='ocrx_word' id='word_1_251' title='bbox 1966 1709 2010 1765; x_wconf 90' lang='lat' dir='ltr'><strong>B</strong></span> <span class='ocrx_word' id='word_1_252' title='bbox 2035 1714 2422 1771; x_wconf 87' lang='lat' dir='ltr'><strong>elementorum</strong></span> <span class='ocrx_word' id='word_1_253' title='bbox 2464 1715 2736 1784; x_wconf 88' lang='lat' dir='ltr'><strong>particeps</strong></span> <span class='ocrx_word' id='word_1_254' title='bbox 2793 1716 2908 1780; x_wconf 88' lang='lat' dir='ltr'><strong>sit,</strong></span> <span class='ocrx_word' id='word_1_255' title='bbox 2945 1715 3067 1770; x_wconf 91' lang='lat' dir='ltr'><strong>ideo</strong></span> <span class='ocrx_word' id='word_1_256' title='bbox 3113 1726 3295 1770; x_wconf 88' lang='lat' dir='ltr'><strong>tamen</strong></span> <span class='ocrx_word' id='word_1_257' title='bbox 3329 1723 3603 1768; x_wconf 87' lang='lat' dir='ltr'><strong>terrenum</strong></span> 
     </span>
    </p>
   </div>
   <div class='ocr_carea' id='block_1_36' title="bbox 368 1797 3635 1876">
    <p class='ocr_par' dir='ltr' id='par_1_36' title="bbox 368 1797 3635 1876">
     <span class='ocr_line' id='line_1_36' title="bbox 368 1797 3635 1876; baseline 0 -23"><span class='ocrx_word' id='word_1_258' title='bbox 368 1800 603 1868; x_wconf 87' lang='lat' dir='ltr'><strong>dicitur,</strong></span> <span class='ocrx_word' id='word_1_259' title='bbox 631 1803 772 1872; x_wconf 90' lang='lat' dir='ltr'><strong>quod</strong></span> <span class='ocrx_word' id='word_1_260' title='bbox 805 1802 1097 1858; x_wconf 79' lang='lat' dir='ltr'><strong>maximam</strong></span> <span class='ocrx_word' id='word_1_261' title='bbox 1129 1811 1336 1872; x_wconf 85' lang='lat' dir='ltr'><strong>partem</strong></span> <span class='ocrx_word' id='word_1_262' title='bbox 1380 1818 1448 1859; x_wconf 80' lang='lat' dir='ltr'><strong>ex</strong></span> <span class='ocrx_word' id='word_1_263' title='bbox 1496 1812 1641 1860; x_wconf 88' lang='lat' dir='ltr'><strong>terra</strong></span> <span class='ocrx_word' id='word_1_264' title='bbox 1681 1813 1928 1861; x_wconf 87' lang='lat' dir='ltr'><strong>constet:</strong></span> <span class='ocrx_word' id='word_1_265' title='bbox 1965 1805 2046 1862; x_wconf 86' lang='lat' dir='ltr'><strong>sic</strong></span> <span class='ocrx_word' id='word_1_266' title='bbox 2076 1804 2181 1860; x_wconf 89' lang='lat' dir='ltr'><strong>illis</strong></span> <span class='ocrx_word' id='word_1_267' title='bbox 2201 1820 2416 1876; x_wconf 89' lang='lat' dir='ltr'><strong>quoque</strong></span> <span class='ocrx_word' id='word_1_268' title='bbox 2441 1820 2509 1862; x_wconf 81' lang='lat' dir='ltr'><strong>ex</strong></span> <span class='ocrx_word' id='word_1_269' title='bbox 2534 1820 2600 1862; x_wconf 90' lang='lat' dir='ltr'><strong>eo</strong></span> <span class='ocrx_word' id='word_1_270' title='bbox 2631 1806 2773 1875; x_wconf 91' lang='lat' dir='ltr'><strong>quod</strong></span> <span class='ocrx_word' id='word_1_271' title='bbox 2818 1803 3090 1874; x_wconf 90' lang='lat' dir='ltr'><strong>potentius</strong></span> <span class='ocrx_word' id='word_1_272' title='bbox 3156 1811 3259 1870; x_wconf 88' lang='lat' dir='ltr'><strong>est,</strong></span> <span class='ocrx_word' id='word_1_273' title='bbox 3294 1815 3487 1857; x_wconf 89' lang='lat' dir='ltr'><strong>nomen</strong></span> <span class='ocrx_word' id='word_1_274' title='bbox 3513 1797 3635 1856; x_wconf 72' lang='grc' dir='ltr'><strong>οὺ·-</strong></span> 
     </span>
    </p>
   </div>
   <div class='ocr_carea' id='block_1_37' title="bbox 369 1889 548 1946">
    <p class='ocr_par' dir='ltr' id='par_1_37' title="bbox 369 1889 548 1946">
     <span class='ocr_line' id='line_1_37' title="bbox 369 1889 548 1946; baseline 0.039 -7"><span class='ocrx_word' id='word_1_275' title='bbox 369 1889 548 1946; x_wconf 83' lang='lat' dir='ltr'><strong>tinuit.</strong></span> 
     </span>
    </p>
   </div>
   <div class='ocr_carea' id='block_1_38' title="bbox 755 1983 1544 2056">
    <p class='ocr_par' dir='ltr' id='par_1_38' title="bbox 755 1983 1544 2056">
     <span class='ocr_line' id='line_1_38' title="bbox 755 1983 1544 2056; baseline 0.008 -21"><span class='ocrx_word' id='word_1_276' title='bbox 755 1983 936 2038; x_wconf 81' lang='lat' dir='ltr'><strong>PKH&#39;.</strong></span> <span class='ocrx_word' id='word_1_277' title='bbox 953 2013 1024 2026; x_wconf 83' lang='lat'>—</span> <span class='ocrx_word' id='word_1_278' title='bbox 1051 1984 1384 2056; x_wconf 79' lang='grc' dir='ltr'><strong>ΕΥΣΤΕΦΙῼ</strong></span> <span class='ocrx_word' id='word_1_279' title='bbox 1405 1985 1544 2054; x_wconf 80' lang='lat' dir='ltr'><strong>(i9).</strong></span> 
     </span>
    </p>
   </div>
   <div class='ocr_carea' id='block_1_39' title="bbox 371 2071 1931 2147">
    <p class='ocr_par' dir='ltr' id='par_1_39' title="bbox 371 2071 1931 2147">
     <span class='ocr_line' id='line_1_39' title="bbox 371 2071 1931 2147; baseline 0.003 -23"><span class='ocrx_word' id='word_1_280' title='bbox 371 2071 477 2137; x_wconf 85' lang='grc' dir='ltr'><strong>Είς</strong></span> <span class='ocrx_word' id='word_1_281' title='bbox 501 2072 606 2125; x_wconf 81' lang='grc' dir='ltr'><strong>τὸν</strong></span> <span class='ocrx_word' id='word_1_282' title='bbox 624 2071 897 2142; x_wconf 78' lang='grc' dir='ltr'><strong>ἀοίδιμον</strong></span> <span class='ocrx_word' id='word_1_283' title='bbox 919 2074 1177 2128; x_wconf 76' lang='grc' dir='ltr'><strong>θάνατον</strong></span> <span class='ocrx_word' id='word_1_284' title='bbox 1191 2076 1296 2129; x_wconf 87' lang='grc' dir='ltr'><strong>τοῦ</strong></span> <span class='ocrx_word' id='word_1_285' title='bbox 1318 2075 1588 2144; x_wconf 80' lang='grc' dir='ltr'><strong>Σωτῆρος</strong></span> <span class='ocrx_word' id='word_1_286' title='bbox 1614 2075 1778 2143; x_wconf 76' lang='grc' dir='ltr'><strong>ἡμῶν</strong></span> <span class='ocrx_word' id='word_1_287' title='bbox 1799 2076 1931 2147; x_wconf 70' lang='grc'><strong>(20).</strong></span> 
     </span>
    </p>
   </div>
   <div class='ocr_carea' id='block_1_40' title="bbox 441 2161 1934 2234">
    <p class='ocr_par' dir='ltr' id='par_1_40' title="bbox 441 2161 1934 2234">
     <span class='ocr_line' id='line_1_40' title="bbox 441 2161 1934 2234; baseline 0.005 -21"><span class='ocrx_word' id='word_1_288' title='bbox 441 2161 633 2227; x_wconf 85' lang='grc' dir='ltr'><strong>Πόθεν,</strong></span> <span class='ocrx_word' id='word_1_289' title='bbox 664 2161 818 2232; x_wconf 74' lang='grc' dir='ltr'><strong>ἔφης,</strong></span> <span class='ocrx_word' id='word_1_290' title='bbox 858 2163 1016 2234; x_wconf 85' lang='grc' dir='ltr'><strong>δῆλόν</strong></span> <span class='ocrx_word' id='word_1_291' title='bbox 1048 2165 1218 2228; x_wconf 86' lang='grc' dir='ltr'><strong>ἐστιν,</strong></span> <span class='ocrx_word' id='word_1_292' title='bbox 1247 2166 1333 2218; x_wconf 81' lang='grc' dir='ltr'><strong>ὅτι.</strong></span> <span class='ocrx_word' id='word_1_293' title='bbox 1361 2165 1502 2220; x_wconf 82' lang='grc' dir='ltr'><strong>ἑκὼν</strong></span> <span class='ocrx_word' id='word_1_294' title='bbox 1530 2167 1624 2219; x_wconf 73' lang='grc' dir='ltr'><strong>ἐπὶ</strong></span> <span class='ocrx_word' id='word_1_295' title='bbox 1651 2169 1744 2220; x_wconf 86' lang='grc' dir='ltr'><strong>τὸν</strong></span> <span class='ocrx_word' id='word_1_296' title='bbox 1772 2166 1934 2220; x_wconf 85' lang='grc' dir='ltr'><strong>θάνα-</strong></span> 
     </span>
    </p>
   </div>
   <div class='ocr_carea' id='block_1_41' title="bbox 371 2245 1934 2326">
    <p class='ocr_par' dir='ltr' id='par_1_41' title="bbox 371 2245 1934 2326">
     <span class='ocr_line' id='line_1_41' title="bbox 371 2245 1934 2326; baseline 0.002 -21"><span class='ocrx_word' id='word_1_297' title='bbox 371 2267 464 2305; x_wconf 87' lang='grc' dir='ltr'><strong>τον</strong></span> <span class='ocrx_word' id='word_1_298' title='bbox 487 2245 648 2322; x_wconf 80' lang='grc' dir='ltr'><strong>ἦλθεν</strong></span> <span class='ocrx_word' id='word_1_299' title='bbox 663 2253 690 2305; x_wconf 93' lang='lat'><strong>6</strong></span> <span class='ocrx_word' id='word_1_300' title='bbox 705 2252 938 2323; x_wconf 83' lang='grc' dir='ltr'><strong>Χριστός</strong></span> <span class='ocrx_word' id='word_1_301' title='bbox 955 2252 1068 2324; x_wconf 72' lang='grc'><strong>(21)</strong></span> <span class='ocrx_word' id='word_1_302' title='bbox 1086 2269 1101 2319; x_wconf 88' lang='grc'><strong>;</strong></span> <span class='ocrx_word' id='word_1_303' title='bbox 1124 2254 1376 2308; x_wconf 86' lang='grc' dir='ltr'><strong>Μάλιστα</strong></span> <span class='ocrx_word' id='word_1_304' title='bbox 1395 2254 1492 2323; x_wconf 80' lang='grc' dir='ltr'><strong>μὲν</strong></span> <span class='ocrx_word' id='word_1_305' title='bbox 1510 2255 1574 2308; x_wconf 83' lang='grc' dir='ltr'><strong>ἐκ</strong></span> <span class='ocrx_word' id='word_1_306' title='bbox 1591 2253 1684 2309; x_wconf 80' lang='grc' dir='ltr'><strong>τοῦ</strong></span> <span class='ocrx_word' id='word_1_307' title='bbox 1710 2255 1934 2326; x_wconf 80' lang='grc' dir='ltr'><strong>νεκροὺς</strong></span> 
     </span>
    </p>
   </div>
   <div class='ocr_carea' id='block_1_42' title="bbox 376 2342 1936 2417">
    <p class='ocr_par' dir='ltr' id='par_1_42' title="bbox 376 2342 1936 2417">
     <span class='ocr_line' id='line_1_42' title="bbox 376 2342 1936 2417; baseline 0.001 -21"><span class='ocrx_word' id='word_1_308' title='bbox 376 2344 679 2413; x_wconf 81' lang='grc' dir='ltr'><strong>Δεσποτικῇ</strong></span> <span class='ocrx_word' id='word_1_309' title='bbox 723 2342 978 2415; x_wconf 74' lang='grc' dir='ltr'><strong>αὑθεντίᾳ.</strong></span> <span class='ocrx_word' id='word_1_310' title='bbox 1015 2345 1399 2415; x_wconf 78' lang='grc' dir='ltr'><strong>ἐγηγερκέναι.</strong></span> <span class='ocrx_word' id='word_1_311' title='bbox 1451 2347 1510 2399; x_wconf 91' lang='lat'><strong>&#39;0</strong></span> <span class='ocrx_word' id='word_1_312' title='bbox 1556 2346 1664 2417; x_wconf 81' lang='grc' dir='ltr'><strong>γὰρ</strong></span> <span class='ocrx_word' id='word_1_313' title='bbox 1725 2348 1936 2414; x_wconf 79' lang='grc' dir='ltr'><strong>νεκροῖς</strong></span> 
     </span>
    </p>
   </div>
   <div class='ocr_carea' id='block_1_43' title="bbox 374 2433 1936 2506">
    <p class='ocr_par' dir='ltr' id='par_1_43' title="bbox 374 2433 1936 2506">
     <span class='ocr_line' id='line_1_43' title="bbox 374 2433 1936 2506; baseline 0.002 -20"><span class='ocrx_word' id='word_1_314' title='bbox 374 2433 519 2502; x_wconf 80' lang='grc' dir='ltr'><strong>ζωὴν</strong></span> <span class='ocrx_word' id='word_1_315' title='bbox 548 2433 935 2506; x_wconf 82' lang='grc' dir='ltr'><strong>χαρισάμενος,</strong></span> <span class='ocrx_word' id='word_1_316' title='bbox 966 2436 1065 2489; x_wconf 83' lang='grc' dir='ltr'><strong>οὐκ</strong></span> <span class='ocrx_word' id='word_1_317' title='bbox 1084 2435 1148 2489; x_wconf 79' lang='grc' dir='ltr'><strong>ἂν</strong></span> <span class='ocrx_word' id='word_1_318' title='bbox 1172 2436 1342 2506; x_wconf 85' lang='grc' dir='ltr'><strong>δήπου</strong></span> <span class='ocrx_word' id='word_1_319' title='bbox 1375 2436 1525 2490; x_wconf 78' lang='grc' dir='ltr'><strong>ἄκων</strong></span> <span class='ocrx_word' id='word_1_320' title='bbox 1550 2438 1643 2490; x_wconf 72' lang='grc' dir='ltr'><strong>ἐπὶ</strong></span> <span class='ocrx_word' id='word_1_321' title='bbox 1673 2436 1733 2490; x_wconf 81' lang='grc' dir='ltr'><strong>τὸ</strong></span> <span class='ocrx_word' id='word_1_322' title='bbox 1766 2435 1936 2500; x_wconf 80' lang='grc' dir='ltr'><strong>πάθος</strong></span> 
     </span>
    </p>
   </div>
   <div class='ocr_carea' id='block_1_44' title="bbox 374 2511 1931 2597">
    <p class='ocr_par' dir='ltr' id='par_1_44' title="bbox 374 2511 1931 2597">
     <span class='ocr_line' id='line_1_44' title="bbox 374 2511 1931 2597; baseline 0.001 -21"><span class='ocrx_word' id='word_1_323' title='bbox 374 2523 536 2595; x_wconf 68' lang='grc' dir='ltr'><strong>1ἤχθη.</strong></span> <span class='ocrx_word' id='word_1_324' title='bbox 564 2525 626 2577; x_wconf 84' lang='grc' dir='ltr'><strong>Εἰ</strong></span> <span class='ocrx_word' id='word_1_325' title='bbox 646 2525 701 2578; x_wconf 77' lang='grc' dir='ltr'><strong>δὲ</strong></span> <span class='ocrx_word' id='word_1_326' title='bbox 727 2525 821 2579; x_wconf 76' lang='grc' dir='ltr'><strong>καὶ</strong></span> <span class='ocrx_word' id='word_1_327' title='bbox 848 2528 914 2596; x_wconf 81' lang='grc' dir='ltr'><strong>τῇ</strong></span> <span class='ocrx_word' id='word_1_328' title='bbox 946 2525 1098 2596; x_wconf 85' lang='grc' dir='ltr'><strong>θεῖκῇ</strong></span> <span class='ocrx_word' id='word_1_329' title='bbox 1128 2526 1344 2596; x_wconf 61' lang='grc' dir='ltr'><strong>ἐξουσίᾳ⁴</strong></span> <span class='ocrx_word' id='word_1_330' title='bbox 1368 2527 1466 2579; x_wconf 82' lang='grc' dir='ltr'><strong>οὐκ</strong></span> <span class='ocrx_word' id='word_1_331' title='bbox 1501 2511 1658 2596; x_wconf 72' lang='grc' dir='ltr'><strong>ἤθελε</strong></span> <span class='ocrx_word' id='word_1_332' title='bbox 1718 2527 1931 2597; x_wconf 83' lang='grc' dir='ltr'><strong>χρήσα-</strong></span> 
     </span>
    </p>
   </div>
   <div class='ocr_carea' id='block_1_45' title="bbox 375 2612 1936 2686">
    <p class='ocr_par' dir='ltr' id='par_1_45' title="bbox 375 2612 1936 2686">
     <span class='ocr_line' id='line_1_45' title="bbox 375 2612 1936 2686; baseline 0.003 -22"><span class='ocrx_word' id='word_1_333' title='bbox 375 2612 523 2677; x_wconf 89' lang='grc' dir='ltr'><strong>σθαι,</strong></span> <span class='ocrx_word' id='word_1_334' title='bbox 553 2613 686 2667; x_wconf 84' lang='grc' dir='ltr'><strong>ἀλλὰ</strong></span> <span class='ocrx_word' id='word_1_335' title='bbox 733 2631 794 2682; x_wconf 91' lang='grc' dir='ltr'><strong>γε</strong></span> <span class='ocrx_word' id='word_1_336' title='bbox 819 2614 946 2684; x_wconf 80' lang='grc' dir='ltr'><strong>ἐξῆν</strong></span> <span class='ocrx_word' id='word_1_337' title='bbox 991 2615 1469 2686; x_wconf 79' lang='grc' dir='ltr'><strong>ἀπολογησάμενον</strong></span> <span class='ocrx_word' id='word_1_338' title='bbox 1513 2617 1793 2686; x_wconf 80' lang='grc' dir='ltr'><strong>ἐκφυγεῖν,</strong></span> <span class='ocrx_word' id='word_1_339' title='bbox 1823 2617 1936 2683; x_wconf 74' lang='grc' dir='ltr'><strong>εἴγε</strong></span> 
     </span>
    </p>
   </div>
   <div class='ocr_carea' id='block_1_46' title="bbox 375 2701 1938 2776">
    <p class='ocr_par' dir='ltr' id='par_1_46' title="bbox 375 2701 1938 2776">
     <span class='ocr_line' id='line_1_46' title="bbox 375 2701 1938 2776; baseline 0.003 -22"><span class='ocrx_word' id='word_1_340' title='bbox 375 2703 555 2773; x_wconf 74' lang='grc' dir='ltr'><strong>ῆθελε.</strong></span> <span class='ocrx_word' id='word_1_341' title='bbox 587 2703 696 2757; x_wconf 67' lang='grc' dir='ltr'><strong>Καὶ</strong></span> <span class='ocrx_word' id='word_1_342' title='bbox 724 2703 831 2774; x_wconf 80' lang='grc' dir='ltr'><strong>γὰρ</strong></span> <span class='ocrx_word' id='word_1_343' title='bbox 859 2701 971 2774; x_wconf 78' lang='grc' dir='ltr'><strong>εἶχε</strong></span> <span class='ocrx_word' id='word_1_344' title='bbox 995 2707 1088 2757; x_wconf 77' lang='grc' dir='ltr'><strong>καὶ</strong></span> <span class='ocrx_word' id='word_1_345' title='bbox 1117 2704 1208 2760; x_wconf 81' lang='grc' dir='ltr'><strong>τὸν</strong></span> <span class='ocrx_word' id='word_1_346' title='bbox 1236 2707 1463 2759; x_wconf 79' lang='grc' dir='ltr'><strong>Πιλάτον</strong></span> <span class='ocrx_word' id='word_1_347' title='bbox 1494 2707 1573 2772; x_wconf 84' lang='grc' dir='ltr'><strong>είς</strong></span> <span class='ocrx_word' id='word_1_348' title='bbox 1607 2706 1764 2760; x_wconf 81' lang='grc' dir='ltr'><strong>τοῦτο</strong></span> <span class='ocrx_word' id='word_1_349' title='bbox 1790 2706 1938 2776; x_wconf 80' lang='grc' dir='ltr'><strong>αὐτῷ</strong></span> 
     </span>
    </p>
   </div>
   <div class='ocr_carea' id='block_1_47' title="bbox 377 2795 1938 2868">
    <p class='ocr_par' dir='ltr' id='par_1_47' title="bbox 377 2795 1938 2868">
     <span class='ocr_line' id='line_1_47' title="bbox 377 2795 1938 2868; baseline 0.002 -22"><span class='ocrx_word' id='word_1_350' title='bbox 377 2795 814 2866; x_wconf 72' lang='grc' dir='ltr'><strong>συμπράττοντα,</strong></span> <span class='ocrx_word' id='word_1_351' title='bbox 847 2798 938 2850; x_wconf 75' lang='grc' dir='ltr'><strong>καὶ</strong></span> <span class='ocrx_word' id='word_1_352' title='bbox 966 2798 1212 2866; x_wconf 85' lang='grc' dir='ltr'><strong>λέγοντα,</strong></span> <span class='ocrx_word' id='word_1_353' title='bbox 1255 2798 1386 2850; x_wconf 81' lang='grc' dir='ltr'><strong>ποτὲ</strong></span> <span class='ocrx_word' id='word_1_354' title='bbox 1421 2798 1521 2868; x_wconf 80' lang='grc' dir='ltr'><strong>μέν</strong></span> <span class='ocrx_word' id='word_1_355' title='bbox 1543 2815 1558 2830; x_wconf 78' lang='grc' dir='ltr'><strong>ο</strong></span> <span class='ocrx_word' id='word_1_356' title='bbox 1595 2817 1613 2851; x_wconf 83' lang='grc' dir='ltr'><strong>ι</strong></span> <span class='ocrx_word' id='word_1_357' title='bbox 1653 2800 1763 2866; x_wconf 80' lang='grc' dir='ltr'><strong>Οὐχ</strong></span> <span class='ocrx_word' id='word_1_358' title='bbox 1793 2798 1938 2868; x_wconf 83' lang='grc' dir='ltr'><strong>εὑρί-</strong></span> 
     </span>
    </p>
   </div>
   <div class='ocr_carea' id='block_1_48' title="bbox 378 2886 1930 2957">
    <p class='ocr_par' dir='ltr' id='par_1_48' title="bbox 378 2886 1930 2957">
     <span class='ocr_line' id='line_1_48' title="bbox 378 2886 1930 2957; baseline 0.003 -21"><span class='ocrx_word' id='word_1_359' title='bbox 378 2903 492 2937; x_wconf 86' lang='grc' dir='ltr'><strong>σκω</strong></span> <span class='ocrx_word' id='word_1_360' title='bbox 524 2888 579 2938; x_wconf 79' lang='grc' dir='ltr'><strong>ἐν</strong></span> <span class='ocrx_word' id='word_1_361' title='bbox 616 2886 762 2956; x_wconf 81' lang='grc' dir='ltr'><strong>αὐτῷ</strong></span> <span class='ocrx_word' id='word_1_362' title='bbox 802 2887 920 2940; x_wconf 80' lang='grc' dir='ltr'><strong>οὐδὲ</strong></span> <span class='ocrx_word' id='word_1_363' title='bbox 954 2887 1082 2957; x_wconf 86' lang='grc' dir='ltr'><strong>μίαν</strong></span> <span class='ocrx_word' id='word_1_364' title='bbox 1114 2889 1292 2941; x_wconf 86' lang='grc' dir='ltr'><strong>αἰτίαν</strong></span> <span class='ocrx_word' id='word_1_365' title='bbox 1314 2888 1544 2942; x_wconf 79' lang='grc' dir='ltr'><strong>θανάτου</strong></span> <span class='ocrx_word' id='word_1_366' title='bbox 1564 2906 1578 2919; x_wconf 75' lang='grc' dir='ltr'><strong>ο</strong></span> <span class='ocrx_word' id='word_1_367' title='bbox 1619 2909 1638 2940; x_wconf 82' lang='grc'><strong>›</strong></span> <span class='ocrx_word' id='word_1_368' title='bbox 1676 2889 1807 2941; x_wconf 80' lang='grc' dir='ltr'><strong>ποτὲ</strong></span> <span class='ocrx_word' id='word_1_369' title='bbox 1831 2889 1888 2942; x_wconf 83' lang='grc' dir='ltr'><strong>δέ</strong></span> <span class='ocrx_word' id='word_1_370' title='bbox 1918 2904 1930 2916; x_wconf 89' lang='grc'><strong>·</strong></span> 
     </span>
    </p>
   </div>
   <div class='ocr_carea' id='block_1_49' title="bbox 2325 1983 3323 2058">
    <p class='ocr_par' dir='ltr' id='par_1_49' title="bbox 2325 1983 3323 2058">
     <span class='ocr_line' id='line_1_49' title="bbox 2325 1983 3323 2058; baseline -0.003 -14"><span class='ocrx_word' id='word_1_371' title='bbox 2325 1986 2490 2058; x_wconf 67' lang='grc'><strong>484</strong></span> <span class='ocrx_word' id='word_1_372' title='bbox 2524 1987 2658 2044; x_wconf 85' lang='lat' dir='ltr'><strong>cxx</strong></span> <span class='ocrx_word' id='word_1_373' title='bbox 2671 1986 2800 2043; x_wconf 89' lang='lat' dir='ltr'><strong>Vlll.</strong></span> <span class='ocrx_word' id='word_1_374' title='bbox 2824 2015 2893 2027; x_wconf 89' lang='lat'><strong>—</strong></span> <span class='ocrx_word' id='word_1_375' title='bbox 2914 1983 3323 2042; x_wconf 83' lang='lat' dir='ltr'><strong>EUSTEPHIO.</strong></span> 
     </span>
    </p>
   </div>
   <div class='ocr_carea' id='block_1_50' title="bbox 2248 2075 3390 2132">
    <p class='ocr_par' dir='ltr' id='par_1_50' title="bbox 2248 2075 3390 2132">
     <span class='ocr_line' id='line_1_50' title="bbox 2248 2075 3390 2132; baseline 0 -2"><span class='ocrx_word' id='word_1_376' title='bbox 2248 2077 2314 2130; x_wconf 83' lang='lat' dir='ltr'><strong>In</strong></span> <span class='ocrx_word' id='word_1_377' title='bbox 2346 2079 2592 2132; x_wconf 86' lang='lat' dir='ltr'><strong>celebrem</strong></span> <span class='ocrx_word' id='word_1_378' title='bbox 2619 2088 2836 2132; x_wconf 84' lang='lat' dir='ltr'><strong>mortem</strong></span> <span class='ocrx_word' id='word_1_379' title='bbox 2870 2076 3166 2132; x_wconf 80' lang='lat' dir='ltr'><strong>Saluatoris</strong></span> <span class='ocrx_word' id='word_1_380' title='bbox 3205 2075 3390 2130; x_wconf 75' lang='lat' dir='ltr'><strong>nostri.</strong></span> 
     </span>
    </p>
   </div>
   <div class='ocr_carea' id='block_1_51' title="bbox 2116 2163 3604 2234">
    <p class='ocr_par' dir='ltr' id='par_1_51' title="bbox 2116 2163 3604 2234">
     <span class='ocr_line' id='line_1_51' title="bbox 2116 2163 3604 2234; baseline -0.003 -13"><span class='ocrx_word' id='word_1_381' title='bbox 2116 2165 2265 2222; x_wconf 89' lang='lat' dir='ltr'><strong>Unde</strong></span> <span class='ocrx_word' id='word_1_382' title='bbox 2313 2176 2562 2232; x_wconf 87' lang='lat' dir='ltr'><strong>constat,</strong></span> <span class='ocrx_word' id='word_1_383' title='bbox 2620 2165 2802 2234; x_wconf 89' lang='lat' dir='ltr'><strong>inquis</strong></span> <span class='ocrx_word' id='word_1_384' title='bbox 2831 2205 2846 2231; x_wconf 88' lang='lat'><strong>,</strong></span> <span class='ocrx_word' id='word_1_385' title='bbox 2904 2165 3177 2220; x_wconf 82' lang='lat' dir='ltr'><strong>Christum</strong></span> <span class='ocrx_word' id='word_1_386' title='bbox 3231 2163 3372 2219; x_wconf 92' lang='lat' dir='ltr'><strong>ultro</strong></span> <span class='ocrx_word' id='word_1_387' title='bbox 3414 2170 3469 2217; x_wconf 90' lang='lat' dir='ltr'><strong>et</strong></span> <span class='ocrx_word' id='word_1_388' title='bbox 3506 2177 3604 2218; x_wconf 85' lang='lat' dir='ltr'><strong>sua</strong></span> 
     </span>
    </p>
   </div>
   <div class='ocr_carea' id='block_1_52' title="bbox 2042 2256 3600 2326">
    <p class='ocr_par' dir='ltr' id='par_1_52' title="bbox 2042 2256 3600 2326">
     <span class='ocr_line' id='line_1_52' title="bbox 2042 2256 3600 2326; baseline -0.002 -14"><span class='ocrx_word' id='word_1_389' title='bbox 2042 2268 2231 2326; x_wconf 91' lang='lat' dir='ltr'><strong>sponte</strong></span> <span class='ocrx_word' id='word_1_390' title='bbox 2258 2257 2324 2311; x_wconf 90' lang='lat' dir='ltr'><strong>ad</strong></span> <span class='ocrx_word' id='word_1_391' title='bbox 2365 2267 2595 2314; x_wconf 90' lang='lat' dir='ltr'><strong>mortem</strong></span> <span class='ocrx_word' id='word_1_392' title='bbox 2623 2257 2838 2312; x_wconf 89' lang='lat' dir='ltr'><strong>venisse</strong></span> <span class='ocrx_word' id='word_1_393' title='bbox 2857 2258 2880 2302; x_wconf 65' lang='grc' dir='ltr'><strong>ν</strong></span> <span class='ocrx_word' id='word_1_394' title='bbox 2908 2256 3139 2311; x_wconf 78' lang='lat' dir='ltr'><strong>Maxime</strong></span> <span class='ocrx_word' id='word_1_395' title='bbox 3177 2256 3392 2324; x_wconf 89' lang='lat' dir='ltr'><strong>quidem</strong></span> <span class='ocrx_word' id='word_1_396' title='bbox 3417 2270 3482 2310; x_wconf 81' lang='lat' dir='ltr'><strong>ex</strong></span> <span class='ocrx_word' id='word_1_397' title='bbox 3511 2269 3600 2317; x_wconf 90' lang='lat' dir='ltr'><strong>eo,</strong></span> 
     </span>
    </p>
   </div>
   <div class='ocr_carea' id='block_1_53' title="bbox 2043 2347 3605 2418">
    <p class='ocr_par' dir='ltr' id='par_1_53' title="bbox 2043 2347 3605 2418">
     <span class='ocr_line' id='line_1_53' title="bbox 2043 2347 3605 2418; baseline -0.001 -17"><span class='ocrx_word' id='word_1_398' title='bbox 2043 2350 2186 2418; x_wconf 85' lang='lat' dir='ltr'><strong>quod</strong></span> <span class='ocrx_word' id='word_1_399' title='bbox 2223 2359 2464 2404; x_wconf 90' lang='lat' dir='ltr'><strong>mortuos</strong></span> <span class='ocrx_word' id='word_1_400' title='bbox 2495 2349 2771 2403; x_wconf 91' lang='lat' dir='ltr'><strong>Dominica</strong></span> <span class='ocrx_word' id='word_1_401' title='bbox 2798 2347 3119 2403; x_wconf 87' lang='lat' dir='ltr'><strong>auctoritate</strong></span> <span class='ocrx_word' id='word_1_402' title='bbox 3147 2358 3203 2401; x_wconf 92' lang='lat' dir='ltr'><strong>et</strong></span> <span class='ocrx_word' id='word_1_403' title='bbox 3235 2347 3477 2415; x_wconf 88' lang='lat' dir='ltr'><strong>potentia</strong></span> <span class='ocrx_word' id='word_1_404' title='bbox 3509 2362 3605 2401; x_wconf 83' lang='lat' dir='ltr'><strong>ex-</strong></span> 
     </span>
    </p>
   </div>
   <div class='ocr_carea' id='block_1_54' title="bbox 2043 2435 3606 2506">
    <p class='ocr_par' dir='ltr' id='par_1_54' title="bbox 2043 2435 3606 2506">
     <span class='ocr_line' id='line_1_54' title="bbox 2043 2435 3606 2506; baseline -0.001 -15"><span class='ocrx_word' id='word_1_405' title='bbox 2043 2439 2250 2491; x_wconf 79' lang='lat' dir='ltr'><strong>citavit.</strong></span> <span class='ocrx_word' id='word_1_406' title='bbox 2311 2437 2443 2491; x_wconf 83' lang='lat' dir='ltr'><strong>Nain</strong></span> <span class='ocrx_word' id='word_1_407' title='bbox 2489 2437 2580 2506; x_wconf 93' lang='lat' dir='ltr'><strong>qui</strong></span> <span class='ocrx_word' id='word_1_408' title='bbox 2642 2438 2870 2492; x_wconf 85' lang='lat' dir='ltr'><strong>mortuis</strong></span> <span class='ocrx_word' id='word_1_409' title='bbox 2921 2437 3088 2490; x_wconf 83' lang='lat' dir='ltr'><strong>vitam</strong></span> <span class='ocrx_word' id='word_1_410' title='bbox 3121 2435 3350 2504; x_wconf 79' lang='lat' dir='ltr'><strong>largitus</strong></span> <span class='ocrx_word' id='word_1_411' title='bbox 3390 2445 3515 2501; x_wconf 90' lang='lat' dir='ltr'><strong>est,</strong></span> <span class='ocrx_word' id='word_1_412' title='bbox 3560 2436 3606 2490; x_wconf 88' lang='lat' dir='ltr'><strong>is</strong></span> 
     </span>
    </p>
   </div>
   <div class='ocr_carea' id='block_1_55' title="bbox 2044 2525 3604 2596">
    <p class='ocr_par' dir='ltr' id='par_1_55' title="bbox 2044 2525 3604 2596">
     <span class='ocr_line' id='line_1_55' title="bbox 2044 2525 3604 2596; baseline 0.001 -20"><span class='ocrx_word' id='word_1_413' title='bbox 2044 2526 2281 2596; x_wconf 75' lang='lat' dir='ltr'><strong>profecto</strong></span> <span class='ocrx_word' id='word_1_414' title='bbox 2331 2542 2435 2581; x_wconf 87' lang='lat' dir='ltr'><strong>non</strong></span> <span class='ocrx_word' id='word_1_415' title='bbox 2481 2527 2683 2582; x_wconf 89' lang='lat' dir='ltr'><strong>invitus</strong></span> <span class='ocrx_word' id='word_1_416' title='bbox 2715 2527 2780 2580; x_wconf 91' lang='lat' dir='ltr'><strong>ad</strong></span> <span class='ocrx_word' id='word_1_417' title='bbox 2815 2525 3120 2596; x_wconf 89' lang='lat' dir='ltr'><strong>passionem</strong></span> <span class='ocrx_word' id='word_1_418' title='bbox 3159 2541 3310 2580; x_wconf 88' lang='lat' dir='ltr'><strong>suam</strong></span> <span class='ocrx_word' id='word_1_419' title='bbox 3340 2525 3604 2579; x_wconf 87' lang='lat' dir='ltr'><strong>abductus</strong></span> 
     </span>
    </p>
   </div>
   <div class='ocr_carea' id='block_1_56' title="bbox 2041 2615 3604 2686">
    <p class='ocr_par' dir='ltr' id='par_1_56' title="bbox 2041 2615 3604 2686">
     <span class='ocr_line' id='line_1_56' title="bbox 2041 2615 3604 2686; baseline -0.003 -14"><span class='ocrx_word' id='word_1_420' title='bbox 2041 2628 2144 2672; x_wconf 87' lang='lat' dir='ltr'><strong>est.</strong></span> <span class='ocrx_word' id='word_1_421' title='bbox 2187 2617 2337 2684; x_wconf 86' lang='lat' dir='ltr'><strong>Quod</strong></span> <span class='ocrx_word' id='word_1_422' title='bbox 2371 2619 2414 2673; x_wconf 91' lang='lat' dir='ltr'><strong>si</strong></span> <span class='ocrx_word' id='word_1_423' title='bbox 2469 2618 2632 2672; x_wconf 90' lang='lat' dir='ltr'><strong>etiam</strong></span> <span class='ocrx_word' id='word_1_424' title='bbox 2689 2619 2866 2672; x_wconf 89' lang='lat' dir='ltr'><strong>divina</strong></span> <span class='ocrx_word' id='word_1_425' title='bbox 2901 2615 3144 2686; x_wconf 88' lang='lat' dir='ltr'><strong>potentia</strong></span> <span class='ocrx_word' id='word_1_426' title='bbox 3191 2617 3267 2669; x_wconf 88' lang='lat' dir='ltr'><strong>uti</strong></span> <span class='ocrx_word' id='word_1_427' title='bbox 3304 2615 3520 2680; x_wconf 91' lang='lat' dir='ltr'><strong>noluit,</strong></span> <span class='ocrx_word' id='word_1_428' title='bbox 3548 2623 3604 2668; x_wconf 88' lang='lat' dir='ltr'><strong>at</strong></span> 
     </span>
    </p>
   </div>
   <div class='ocr_carea' id='block_1_57' title="bbox 2043 2704 3606 2772">
    <p class='ocr_par' dir='ltr' id='par_1_57' title="bbox 2043 2704 3606 2772">
     <span class='ocr_line' id='line_1_57' title="bbox 2043 2704 3606 2772; baseline -0.001 -12"><span class='ocrx_word' id='word_1_429' title='bbox 2043 2717 2189 2761; x_wconf 87' lang='lat' dir='ltr'><strong>certe</strong></span> <span class='ocrx_word' id='word_1_430' title='bbox 2227 2707 2422 2762; x_wconf 88' lang='lat' dir='ltr'><strong>licebat</strong></span> <span class='ocrx_word' id='word_1_431' title='bbox 2457 2709 2507 2762; x_wconf 89' lang='lat' dir='ltr'><strong>ei</strong></span> <span class='ocrx_word' id='word_1_432' title='bbox 2535 2747 2550 2772; x_wconf 92' lang='lat'><strong>,</strong></span> <span class='ocrx_word' id='word_1_433' title='bbox 2609 2709 2655 2762; x_wconf 92' lang='lat' dir='ltr'><strong>si</strong></span> <span class='ocrx_word' id='word_1_434' title='bbox 2700 2706 2998 2772; x_wconf 84' lang='lat' dir='ltr'><strong>voluisset,</strong></span> <span class='ocrx_word' id='word_1_435' title='bbox 3050 2704 3360 2760; x_wconf 81' lang='lat' dir='ltr'><strong>defensione</strong></span> <span class='ocrx_word' id='word_1_436' title='bbox 3406 2705 3606 2759; x_wconf 91' lang='lat' dir='ltr'><strong>utendo</strong></span> 
     </span>
    </p>
   </div>
   <div class='ocr_carea' id='block_1_58' title="bbox 2044 2793 3605 2867">
    <p class='ocr_par' dir='ltr' id='par_1_58' title="bbox 2044 2793 3605 2867">
     <span class='ocr_line' id='line_1_58' title="bbox 2044 2793 3605 2867; baseline -0.001 -15"><span class='ocrx_word' id='word_1_437' title='bbox 2044 2795 2299 2867; x_wconf 77' lang='lat' dir='ltr'><strong>etrugere.</strong></span> <span class='ocrx_word' id='word_1_438' title='bbox 2354 2797 2599 2852; x_wconf 87' lang='lat' dir='ltr'><strong>Habebat</strong></span> <span class='ocrx_word' id='word_1_439' title='bbox 2647 2799 2790 2852; x_wconf 90' lang='lat' dir='ltr'><strong>enim</strong></span> <span class='ocrx_word' id='word_1_440' title='bbox 2833 2795 3061 2851; x_wconf 87' lang='lat' dir='ltr'><strong>Pilatum</strong></span> <span class='ocrx_word' id='word_1_441' title='bbox 3091 2808 3304 2864; x_wconf 89' lang='lat' dir='ltr'><strong>quoque</strong></span> <span class='ocrx_word' id='word_1_442' title='bbox 3353 2793 3459 2849; x_wconf 87' lang='lat' dir='ltr'><strong>sibi</strong></span> <span class='ocrx_word' id='word_1_443' title='bbox 3489 2793 3605 2864; x_wconf 88' lang='lat' dir='ltr'><strong>ejus</strong></span> 
     </span>
    </p>
   </div>
   <div class='ocr_carea' id='block_1_59' title="bbox 2041 2883 3604 2953">
    <p class='ocr_par' dir='ltr' id='par_1_59' title="bbox 2041 2883 3604 2953">
     <span class='ocr_line' id='line_1_59' title="bbox 2041 2883 3604 2953; baseline -0.002 -12"><span class='ocrx_word' id='word_1_444' title='bbox 2041 2895 2266 2941; x_wconf 87' lang='lat' dir='ltr'><strong>conatus</strong></span> <span class='ocrx_word' id='word_1_445' title='bbox 2297 2887 2523 2953; x_wconf 91' lang='lat' dir='ltr'><strong>socium,</strong></span> <span class='ocrx_word' id='word_1_446' title='bbox 2556 2895 2613 2942; x_wconf 88' lang='lat' dir='ltr'><strong>et</strong></span> <span class='ocrx_word' id='word_1_447' title='bbox 2639 2886 2907 2941; x_wconf 90' lang='lat' dir='ltr'><strong>dicentem</strong></span> <span class='ocrx_word' id='word_1_448' title='bbox 2929 2925 2946 2950; x_wconf 87' lang='lat'><strong>,</strong></span> <span class='ocrx_word' id='word_1_449' title='bbox 2978 2901 3121 2940; x_wconf 93' lang='lat' dir='ltr'><strong>nunc</strong></span> <span class='ocrx_word' id='word_1_450' title='bbox 3145 2884 3362 2953; x_wconf 86' lang='lat' dir='ltr'><strong>quidem</strong></span> <span class='ocrx_word' id='word_1_451' title='bbox 3393 2905 3406 2940; x_wconf 87' lang='lat'><strong>:</strong></span> <span class='ocrx_word' id='word_1_452' title='bbox 3441 2903 3461 2935; x_wconf 79' lang='grc' dir='ltr'><strong>ι</strong></span> <span class='ocrx_word' id='word_1_453' title='bbox 3486 2883 3604 2938; x_wconf 81' lang='lat' dir='ltr'><strong>Non</strong></span> 
     </span>
    </p>
   </div>
   <div class='ocr_carea' id='block_1_60' title="bbox 381 2973 1955 3050">
    <p class='ocr_par' dir='ltr' id='par_1_60' title="bbox 381 2977 1938 3050">
     <span class='ocr_line' id='line_1_60' title="bbox 381 2977 1938 3050; baseline 0.004 -23"><span class='ocrx_word' id='word_1_454' title='bbox 381 2995 400 3027; x_wconf 76' lang='grc' dir='ltr'><strong>ι</strong></span> <span class='ocrx_word' id='word_1_455' title='bbox 455 2977 653 3040; x_wconf 82' lang='grc' dir='ltr'><strong>Ἀθῶὸς</strong></span> <span class='ocrx_word' id='word_1_456' title='bbox 679 2979 794 3046; x_wconf 84' lang='grc' dir='ltr'><strong>είμι</strong></span> <span class='ocrx_word' id='word_1_457' title='bbox 836 2979 944 3031; x_wconf 76' lang='grc' dir='ltr'><strong>ἀπὸ</strong></span> <span class='ocrx_word' id='word_1_458' title='bbox 982 2979 1074 3032; x_wconf 80' lang='grc' dir='ltr'><strong>τοῦ</strong></span> <span class='ocrx_word' id='word_1_459' title='bbox 1121 2981 1346 3050; x_wconf 75' lang='grc' dir='ltr'><strong>αἵματος</strong></span> <span class='ocrx_word' id='word_1_460' title='bbox 1378 2981 1588 3035; x_wconf 84' lang='grc' dir='ltr'><strong>τούτου.</strong></span> <span class='ocrx_word' id='word_1_461' title='bbox 1629 2999 1646 3030; x_wconf 74' lang='grc' dir='ltr'><strong>ι</strong></span> <span class='ocrx_word' id='word_1_462' title='bbox 1684 2981 1746 3031; x_wconf 84' lang='grc' dir='ltr'><strong>Εἰ</strong></span> <span class='ocrx_word' id='word_1_463' title='bbox 1776 2981 1832 3032; x_wconf 85' lang='grc' dir='ltr'><strong>δὲ</strong></span> <span class='ocrx_word' id='word_1_464' title='bbox 1863 2980 1938 3050; x_wconf 85' lang='grc' dir='ltr'><strong>μὴ</strong></span> 
     </span>
    </p>
   </div>
   <div class='ocr_carea' id='block_1_61' title="bbox 2038 2973 3598 3050">
    <p class='ocr_par' dir='ltr' id='par_1_61' title="bbox 2045 2973 3598 3044">
     <span class='ocr_line' id='line_1_61' title="bbox 2045 2973 3598 3044; baseline -0.003 -13"><span class='ocrx_word' id='word_1_465' title='bbox 2045 2976 2261 3031; x_wconf 82' lang='lat' dir='ltr'><strong>invenio</strong></span> <span class='ocrx_word' id='word_1_466' title='bbox 2295 2975 2348 3029; x_wconf 93' lang='lat' dir='ltr'><strong>in</strong></span> <span class='ocrx_word' id='word_1_467' title='bbox 2386 2976 2502 3044; x_wconf 87' lang='lat' dir='ltr'><strong>ipso</strong></span> <span class='ocrx_word' id='word_1_468' title='bbox 2545 2975 2707 3030; x_wconf 90' lang='lat' dir='ltr'><strong>ullam</strong></span> <span class='ocrx_word' id='word_1_469' title='bbox 2759 2976 2969 3044; x_wconf 85' lang='lat' dir='ltr'><strong>culpam</strong></span> <span class='ocrx_word' id='word_1_470' title='bbox 3004 2983 3178 3029; x_wconf 89' lang='lat' dir='ltr'><strong>morte</strong></span> <span class='ocrx_word' id='word_1_471' title='bbox 3224 2973 3437 3044; x_wconf 81' lang='lat' dir='ltr'><strong>dignam</strong></span> <span class='ocrx_word' id='word_1_472' title='bbox 3461 2973 3547 3040; x_wconf 82' lang='grc'><strong>³³;</strong></span> <span class='ocrx_word' id='word_1_473' title='bbox 3578 2993 3598 3026; x_wconf 72' lang='grc' dir='ltr'><strong>ι</strong></span> 
     </span>
    </p>
   </div>
   <div class='ocr_carea' id='block_1_62' title="bbox 375 3068 1934 3141">
    <p class='ocr_par' dir='ltr' id='par_1_62' title="bbox 375 3068 1934 3141">
     <span class='ocr_line' id='line_1_62' title="bbox 375 3068 1934 3141; baseline -0.001 -18"><span class='ocrx_word' id='word_1_474' title='bbox 375 3070 818 3140; x_wconf 80' lang='grc' dir='ltr'><strong>ἀπολογήσασθαι</strong></span> <span class='ocrx_word' id='word_1_475' title='bbox 849 3072 1058 3141; x_wconf 75' lang='grc' dir='ltr'><strong>ἤθελεν,</strong></span> <span class='ocrx_word' id='word_1_476' title='bbox 1092 3070 1498 3124; x_wconf 79' lang='grc' dir='ltr'><strong>ἐκκαλέσασθαι</strong></span> <span class='ocrx_word' id='word_1_477' title='bbox 1531 3070 1670 3123; x_wconf 80' lang='grc' dir='ltr'><strong>κατὰ</strong></span> <span class='ocrx_word' id='word_1_478' title='bbox 1725 3068 1934 3122; x_wconf 79' lang='grc' dir='ltr'><strong>Παῦλον</strong></span> 
     </span>
    </p>
   </div>
   <div class='ocr_carea' id='block_1_63' title="bbox 375 3156 1937 3231">
    <p class='ocr_par' dir='ltr' id='par_1_63' title="bbox 375 3156 1937 3231">
     <span class='ocr_line' id='line_1_63' title="bbox 375 3156 1937 3231; baseline -0.002 -19"><span class='ocrx_word' id='word_1_479' title='bbox 375 3158 524 3227; x_wconf 82' lang='grc' dir='ltr'><strong>ἐξῆν.</strong></span> <span class='ocrx_word' id='word_1_480' title='bbox 575 3161 683 3212; x_wconf 73' lang='grc' dir='ltr'><strong>Καὶ</strong></span> <span class='ocrx_word' id='word_1_481' title='bbox 713 3159 820 3230; x_wconf 84' lang='grc' dir='ltr'><strong>γὰρ</strong></span> <span class='ocrx_word' id='word_1_482' title='bbox 855 3160 960 3213; x_wconf 83' lang='grc' dir='ltr'><strong>ὑπὸ</strong></span> <span class='ocrx_word' id='word_1_483' title='bbox 1009 3160 1313 3231; x_wconf 81' lang='grc' dir='ltr'><strong>Ῥωμαίους</strong></span> <span class='ocrx_word' id='word_1_484' title='bbox 1361 3156 1524 3230; x_wconf 79' lang='grc' dir='ltr'><strong>ἦσαν.</strong></span> <span class='ocrx_word' id='word_1_485' title='bbox 1571 3159 1771 3212; x_wconf 79' lang='grc' dir='ltr'><strong>Λοιπὸν</strong></span> <span class='ocrx_word' id='word_1_486' title='bbox 1827 3158 1937 3225; x_wconf 85' lang='grc' dir='ltr'><strong>γὰρ</strong></span> 
     </span>
    </p>
   </div>
   <div class='ocr_carea' id='block_1_64' title="bbox 375 3248 1937 3319">
    <p class='ocr_par' dir='ltr' id='par_1_64' title="bbox 375 3248 1937 3319">
     <span class='ocr_line' id='line_1_64' title="bbox 375 3248 1937 3319; baseline 0 -20"><span class='ocrx_word' id='word_1_487' title='bbox 375 3248 690 3315; x_wconf 79' lang='grc' dir='ltr'><strong>Λῦγουστος</strong></span> <span class='ocrx_word' id='word_1_488' title='bbox 725 3249 754 3300; x_wconf 98' lang='lat'><strong>6</strong></span> <span class='ocrx_word' id='word_1_489' title='bbox 797 3249 1088 3318; x_wconf 87' lang='grc' dir='ltr'><strong>Ῥωμαίων</strong></span> <span class='ocrx_word' id='word_1_490' title='bbox 1135 3249 1490 3319; x_wconf 81' lang='grc' dir='ltr'><strong>αὐτοκράτωρ</strong></span> <span class='ocrx_word' id='word_1_491' title='bbox 1529 3248 1937 3318; x_wconf 85' lang='grc' dir='ltr'><strong>χειρωσάμενος</strong></span> 
     </span>
    </p>
   </div>
   <div class='ocr_carea' id='block_1_65' title="bbox 377 3332 1939 3409">
    <p class='ocr_par' dir='ltr' id='par_1_65' title="bbox 377 3332 1939 3409">
     <span class='ocr_line' id='line_1_65' title="bbox 377 3332 1939 3409; baseline -0.003 -17"><span class='ocrx_word' id='word_1_492' title='bbox 377 3339 642 3401; x_wconf 77' lang='grc' dir='ltr'><strong>ἅπαντας,</strong></span> <span class='ocrx_word' id='word_1_493' title='bbox 679 3339 736 3392; x_wconf 84' lang='grc' dir='ltr'><strong>ἐν</strong></span> <span class='ocrx_word' id='word_1_494' title='bbox 765 3332 845 3403; x_wconf 74' lang='grc' dir='ltr'><strong>οἷς</strong></span> <span class='ocrx_word' id='word_1_495' title='bbox 875 3336 1015 3409; x_wconf 83' lang='grc' dir='ltr'><strong>ἦσαν</strong></span> <span class='ocrx_word' id='word_1_496' title='bbox 1044 3339 1136 3392; x_wconf 72' lang='grc' dir='ltr'><strong>καὶ</strong></span> <span class='ocrx_word' id='word_1_497' title='bbox 1168 3337 1342 3404; x_wconf 72' lang='grc' dir='ltr'><strong>αὐτοὶ,</strong></span> <span class='ocrx_word' id='word_1_498' title='bbox 1379 3337 1660 3390; x_wconf 79' lang='grc' dir='ltr'><strong>ἐκέλευσεν</strong></span> <span class='ocrx_word' id='word_1_499' title='bbox 1700 3336 1939 3407; x_wconf 85' lang='grc' dir='ltr'><strong>ἀπογρά-</strong></span> 
     </span>
    </p>
   </div>
   <div class='ocr_carea' id='block_1_66' title="bbox 374 3425 1939 3498">
    <p class='ocr_par' dir='ltr' id='par_1_66' title="bbox 374 3425 1939 3498">
     <span class='ocr_line' id='line_1_66' title="bbox 374 3425 1939 3498; baseline -0.002 -18"><span class='ocrx_word' id='word_1_500' title='bbox 374 3427 580 3496; x_wconf 75' lang='grc' dir='ltr'><strong>ψασθαι</strong></span> <span class='ocrx_word' id='word_1_501' title='bbox 618 3429 796 3482; x_wconf 85' lang='grc' dir='ltr'><strong>πᾶσαν</strong></span> <span class='ocrx_word' id='word_1_502' title='bbox 827 3427 923 3498; x_wconf 84' lang='grc' dir='ltr'><strong>τὴν</strong></span> <span class='ocrx_word' id='word_1_503' title='bbox 951 3427 1297 3497; x_wconf 80' lang='grc' dir='ltr'><strong>οἰκουμένην,</strong></span> <span class='ocrx_word' id='word_1_504' title='bbox 1335 3425 1441 3497; x_wconf 80' lang='grc' dir='ltr'><strong>πρὸ</strong></span> <span class='ocrx_word' id='word_1_505' title='bbox 1466 3426 1561 3479; x_wconf 82' lang='grc' dir='ltr'><strong>τοῦ</strong></span> <span class='ocrx_word' id='word_1_506' title='bbox 1592 3426 1684 3479; x_wconf 79' lang='grc' dir='ltr'><strong>τὸν</strong></span> <span class='ocrx_word' id='word_1_507' title='bbox 1712 3426 1939 3494; x_wconf 85' lang='grc' dir='ltr'><strong>Σωτῆρα</strong></span> 
     </span>
    </p>
   </div>
   <div class='ocr_carea' id='block_1_67' title="bbox 373 3515 1938 3592">
    <p class='ocr_par' dir='ltr' id='par_1_67' title="bbox 373 3515 1938 3592">
     <span class='ocr_line' id='line_1_67' title="bbox 373 3515 1938 3592; baseline -0.001 -22"><span class='ocrx_word' id='word_1_508' title='bbox 373 3516 439 3570; x_wconf 77' lang='grc' dir='ltr'><strong>τὸ</strong></span> <span class='ocrx_word' id='word_1_509' title='bbox 476 3517 615 3570; x_wconf 77' lang='grc' dir='ltr'><strong>κατὰ</strong></span> <span class='ocrx_word' id='word_1_510' title='bbox 644 3517 822 3588; x_wconf 81' lang='grc' dir='ltr'><strong>σάρκα</strong></span> <span class='ocrx_word' id='word_1_511' title='bbox 864 3517 1223 3586; x_wconf 83' lang='grc' dir='ltr'><strong>γεννηθῆναι·</strong></span> <span class='ocrx_word' id='word_1_512' title='bbox 1267 3518 1362 3570; x_wconf 75' lang='grc' dir='ltr'><strong>καὶ</strong></span> <span class='ocrx_word' id='word_1_513' title='bbox 1402 3515 1938 3592; x_wconf 59' lang='grc' dir='ltr'><strong>Ῥωμαίωνήγεμὼν</strong></span> 
     </span>
    </p>
   </div>
   <div class='ocr_carea' id='block_1_68' title="bbox 375 3600 1935 3676">
    <p class='ocr_par' dir='ltr' id='par_1_68' title="bbox 375 3600 1935 3676">
     <span class='ocr_line' id='line_1_68' title="bbox 375 3600 1935 3676; baseline 0.001 -19"><span class='ocrx_word' id='word_1_514' title='bbox 375 3600 446 3675; x_wconf 78' lang='grc' dir='ltr'><strong>ῆν</strong></span> <span class='ocrx_word' id='word_1_515' title='bbox 479 3605 608 3675; x_wconf 89' lang='grc' dir='ltr'><strong>παρ’</strong></span> <span class='ocrx_word' id='word_1_516' title='bbox 646 3606 828 3669; x_wconf 79' lang='grc' dir='ltr'><strong>αὐτοῖς</strong></span> <span class='ocrx_word' id='word_1_517' title='bbox 879 3607 908 3658; x_wconf 90' lang='lat'><strong>6</strong></span> <span class='ocrx_word' id='word_1_518' title='bbox 953 3605 1203 3670; x_wconf 77' lang='grc' dir='ltr'><strong>Πιλᾶτος,</strong></span> <span class='ocrx_word' id='word_1_519' title='bbox 1261 3605 1459 3659; x_wconf 83' lang='grc' dir='ltr'><strong>διέπων</strong></span> <span class='ocrx_word' id='word_1_520' title='bbox 1492 3605 1562 3658; x_wconf 83' lang='grc' dir='ltr'><strong>τὰ</strong></span> <span class='ocrx_word' id='word_1_521' title='bbox 1613 3607 1935 3676; x_wconf 83' lang='grc' dir='ltr'><strong>πράγματα,</strong></span> 
     </span>
    </p>
   </div>
   <div class='ocr_carea' id='block_1_69' title="bbox 378 3696 1935 3768">
    <p class='ocr_par' dir='ltr' id='par_1_69' title="bbox 378 3696 1935 3768">
     <span class='ocr_line' id='line_1_69' title="bbox 378 3696 1935 3768; baseline -0.001 -16"><span class='ocrx_word' id='word_1_522' title='bbox 378 3698 473 3752; x_wconf 75' lang='grc' dir='ltr'><strong>καὶ</strong></span> <span class='ocrx_word' id='word_1_523' title='bbox 504 3698 628 3761; x_wconf 81' lang='grc' dir='ltr'><strong>τοὺς</strong></span> <span class='ocrx_word' id='word_1_524' title='bbox 649 3698 1083 3768; x_wconf 80' lang='grc' dir='ltr'><strong>ἐκκαλουμένους</strong></span> <span class='ocrx_word' id='word_1_525' title='bbox 1116 3697 1350 3766; x_wconf 77' lang='grc' dir='ltr'><strong>πέμπων</strong></span> <span class='ocrx_word' id='word_1_526' title='bbox 1379 3699 1460 3759; x_wconf 83' lang='grc' dir='ltr'><strong>εἰς</strong></span> <span class='ocrx_word' id='word_1_527' title='bbox 1492 3697 1590 3767; x_wconf 83' lang='grc' dir='ltr'><strong>τὴν</strong></span> <span class='ocrx_word' id='word_1_528' title='bbox 1623 3696 1935 3768; x_wconf 84' lang='grc' dir='ltr'><strong>Ῥωμαίων,</strong></span> 
     </span>
    </p>
   </div>
   <div class='ocr_carea' id='block_1_70' title="bbox 353 3783 1941 3859">
    <p class='ocr_par' dir='ltr' id='par_1_70' title="bbox 353 3783 1941 3859">
     <span class='ocr_line' id='line_1_70' title="bbox 353 3783 1941 3859; baseline -0.001 -18"><span class='ocrx_word' id='word_1_529' title='bbox 353 3789 473 3841; x_wconf 65' lang='grc' dir='ltr'><strong>’καλ⁸</strong></span> <span class='ocrx_word' id='word_1_530' title='bbox 525 3788 706 3859; x_wconf 84' lang='grc' dir='ltr'><strong>τηρῶν</strong></span> <span class='ocrx_word' id='word_1_531' title='bbox 761 3789 944 3850; x_wconf 81' lang='grc' dir='ltr'><strong>αὐτοῖς</strong></span> <span class='ocrx_word' id='word_1_532' title='bbox 1003 3788 1066 3840; x_wconf 83' lang='grc' dir='ltr'><strong>τὸ</strong></span> <span class='ocrx_word' id='word_1_533' title='bbox 1117 3788 1348 3842; x_wconf 76' lang='grc' dir='ltr'><strong>ἄσυλονο</strong></span> <span class='ocrx_word' id='word_1_534' title='bbox 1402 3787 1590 3856; x_wconf 88' lang='grc' dir='ltr'><strong>ῶσπερ</strong></span> <span class='ocrx_word' id='word_1_535' title='bbox 1640 3783 1734 3840; x_wconf 79' lang='grc' dir='ltr'><strong>οὖν</strong></span> <span class='ocrx_word' id='word_1_536' title='bbox 1783 3787 1876 3840; x_wconf 78' lang='grc' dir='ltr'><strong>καὶ</strong></span> <span class='ocrx_word' id='word_1_537' title='bbox 1913 3789 1941 3840; x_wconf 88' lang='lat'><strong>6</strong></span> 
     </span>
    </p>
   </div>
   <div class='ocr_carea' id='block_1_71' title="bbox 374 3879 1942 3950">
    <p class='ocr_par' dir='ltr' id='par_1_71' title="bbox 374 3879 1942 3950">
     <span class='ocr_line' id='line_1_71' title="bbox 374 3879 1942 3950; baseline -0.001 -18"><span class='ocrx_word' id='word_1_538' title='bbox 374 3879 604 3948; x_wconf 77' lang='grc' dir='ltr'><strong>Φῆστος,</strong></span> <span class='ocrx_word' id='word_1_539' title='bbox 653 3881 702 3932; x_wconf 89' lang='grc' dir='ltr'><strong>εί</strong></span> <span class='ocrx_word' id='word_1_540' title='bbox 729 3880 785 3933; x_wconf 83' lang='grc' dir='ltr'><strong>δὲ</strong></span> <span class='ocrx_word' id='word_1_541' title='bbox 838 3879 1048 3949; x_wconf 83' lang='grc' dir='ltr'><strong>βούλει,</strong></span> <span class='ocrx_word' id='word_1_542' title='bbox 1081 3881 1110 3933; x_wconf 83' lang='lat'><strong>6</strong></span> <span class='ocrx_word' id='word_1_543' title='bbox 1147 3879 1446 3950; x_wconf 87' lang='grc' dir='ltr'><strong>χιλίαρχος,</strong></span> <span class='ocrx_word' id='word_1_544' title='bbox 1481 3879 1572 3932; x_wconf 82' lang='grc' dir='ltr'><strong>τὸν</strong></span> <span class='ocrx_word' id='word_1_545' title='bbox 1604 3879 1813 3931; x_wconf 84' lang='grc' dir='ltr'><strong>Παῦλον</strong></span> <span class='ocrx_word' id='word_1_546' title='bbox 1849 3879 1942 3930; x_wconf 75' lang='grc' dir='ltr'><strong>καὶ</strong></span> 
     </span>
    </p>
   </div>
   <div class='ocr_carea' id='block_1_72' title="bbox 257 3966 1944 4039">
    <p class='ocr_par' dir='ltr' id='par_1_72' title="bbox 257 3966 1944 4039">
     <span class='ocr_line' id='line_1_72' title="bbox 257 3966 1944 4039; baseline -0.002 -17"><span class='ocrx_word' id='word_1_547' title='bbox 257 4018 274 4022; x_wconf 70' lang='lat'><strong>-</strong></span> <span class='ocrx_word' id='word_1_548' title='bbox 377 3969 631 4023; x_wconf 80' lang='grc' dir='ltr'><strong>διέσωσεν</strong></span> <span class='ocrx_word' id='word_1_549' title='bbox 661 3970 725 4022; x_wconf 87' lang='grc' dir='ltr'><strong>ἐκ</strong></span> <span class='ocrx_word' id='word_1_550' title='bbox 766 3969 862 4039; x_wconf 87' lang='grc' dir='ltr'><strong>τῆς</strong></span> <span class='ocrx_word' id='word_1_551' title='bbox 895 3967 1139 4039; x_wconf 73' lang='grc' dir='ltr'><strong>φονώσης</strong></span> <span class='ocrx_word' id='word_1_552' title='bbox 1174 3968 1414 4030; x_wconf 88' lang='grc' dir='ltr'><strong>συνόδου,</strong></span> <span class='ocrx_word' id='word_1_553' title='bbox 1461 3967 1558 4020; x_wconf 76' lang='grc' dir='ltr'><strong>καὶ</strong></span> <span class='ocrx_word' id='word_1_554' title='bbox 1595 3968 1676 4029; x_wconf 85' lang='grc' dir='ltr'><strong>εἰς</strong></span> <span class='ocrx_word' id='word_1_555' title='bbox 1726 3966 1944 4036; x_wconf 82' lang='grc' dir='ltr'><strong>Ῥώμην</strong></span> 
     </span>
    </p>
   </div>
   <div class='ocr_carea' id='block_1_73' title="bbox 379 4055 1942 4128">
    <p class='ocr_par' dir='ltr' id='par_1_73' title="bbox 379 4055 1942 4128">
     <span class='ocr_line' id='line_1_73' title="bbox 379 4055 1942 4128; baseline -0.001 -20"><span class='ocrx_word' id='word_1_556' title='bbox 379 4059 518 4128; x_wconf 82' lang='grc' dir='ltr'><strong>πρὸς</strong></span> <span class='ocrx_word' id='word_1_557' title='bbox 547 4058 802 4126; x_wconf 82' lang='grc' dir='ltr'><strong>Καίσαρα</strong></span> <span class='ocrx_word' id='word_1_558' title='bbox 836 4057 1168 4127; x_wconf 72' lang='grc' dir='ltr'><strong>ἀνέπεμψεν.</strong></span> <span class='ocrx_word' id='word_1_559' title='bbox 1211 4057 1347 4110; x_wconf 82' lang='grc' dir='ltr'><strong>Ἀλλ’</strong></span> <span class='ocrx_word' id='word_1_560' title='bbox 1388 4056 1542 4110; x_wconf 82' lang='grc' dir='ltr'><strong>οὐδὲν</strong></span> <span class='ocrx_word' id='word_1_561' title='bbox 1597 4055 1806 4108; x_wconf 84' lang='grc' dir='ltr'><strong>τούτων</strong></span> <span class='ocrx_word' id='word_1_562' title='bbox 1843 4071 1942 4107; x_wconf 90' lang='grc' dir='ltr'><strong>πε-</strong></span> 
     </span>
    </p>
   </div>
   <div class='ocr_carea' id='block_1_74' title="bbox 378 4145 1942 4219">
    <p class='ocr_par' dir='ltr' id='par_1_74' title="bbox 378 4145 1942 4219">
     <span class='ocr_line' id='line_1_74' title="bbox 378 4145 1942 4219; baseline 0 -20"><span class='ocrx_word' id='word_1_563' title='bbox 378 4148 608 4216; x_wconf 84' lang='grc' dir='ltr'><strong>ποίηκεν</strong></span> <span class='ocrx_word' id='word_1_564' title='bbox 643 4149 672 4201; x_wconf 91' lang='lat'><strong>6</strong></span> <span class='ocrx_word' id='word_1_565' title='bbox 723 4146 956 4216; x_wconf 88' lang='grc' dir='ltr'><strong>Χριστός</strong></span> <span class='ocrx_word' id='word_1_566' title='bbox 978 4164 992 4179; x_wconf 79' lang='lat'><strong><em>°</em></strong></span> <span class='ocrx_word' id='word_1_567' title='bbox 1046 4145 1168 4200; x_wconf 75' lang='grc' dir='ltr'><strong>οὒτε</strong></span> <span class='ocrx_word' id='word_1_568' title='bbox 1201 4149 1308 4218; x_wconf 82' lang='grc' dir='ltr'><strong>γὰρ</strong></span> <span class='ocrx_word' id='word_1_569' title='bbox 1334 4150 1402 4219; x_wconf 74' lang='grc' dir='ltr'><strong>τῇ</strong></span> <span class='ocrx_word' id='word_1_570' title='bbox 1438 4146 1676 4218; x_wconf 79' lang='grc' dir='ltr'><strong>ἐξουσίᾳ,</strong></span> <span class='ocrx_word' id='word_1_571' title='bbox 1706 4145 1828 4199; x_wconf 76' lang='grc' dir='ltr'><strong>οὔτε</strong></span> <span class='ocrx_word' id='word_1_572' title='bbox 1876 4148 1942 4216; x_wconf 78' lang='grc' dir='ltr'><strong>τῇ</strong></span> 
     </span>
    </p>
   </div>
   <div class='ocr_carea' id='block_1_75' title="bbox 378 4237 1944 4310">
    <p class='ocr_par' dir='ltr' id='par_1_75' title="bbox 378 4237 1944 4310">
     <span class='ocr_line' id='line_1_75' title="bbox 378 4237 1944 4310; baseline -0.001 -19"><span class='ocrx_word' id='word_1_573' title='bbox 378 4240 676 4310; x_wconf 75' lang='grc' dir='ltr'><strong>ἀπολογίᾳ,</strong></span> <span class='ocrx_word' id='word_1_574' title='bbox 704 4237 827 4292; x_wconf 71' lang='grc' dir='ltr'><strong>οὔτε</strong></span> <span class='ocrx_word' id='word_1_575' title='bbox 854 4241 918 4309; x_wconf 82' lang='grc' dir='ltr'><strong>τῇ</strong></span> <span class='ocrx_word' id='word_1_576' title='bbox 946 4238 1192 4308; x_wconf 77' lang='grc' dir='ltr'><strong>ἐκκλήτῳ</strong></span> <span class='ocrx_word' id='word_1_577' title='bbox 1232 4240 1521 4310; x_wconf 88' lang='grc' dir='ltr'><strong>ἐχρήσατο,</strong></span> <span class='ocrx_word' id='word_1_578' title='bbox 1563 4239 1650 4290; x_wconf 79' lang='grc' dir='ltr'><strong>ἵνα</strong></span> <span class='ocrx_word' id='word_1_579' title='bbox 1676 4238 1944 4308; x_wconf 84' lang='grc' dir='ltr'><strong>λαμπρῶς</strong></span> 
     </span>
    </p>
   </div>
   <div class='ocr_carea' id='block_1_76' title="bbox 380 4327 1815 4401">
    <p class='ocr_par' dir='ltr' id='par_1_76' title="bbox 380 4327 1815 4401">
     <span class='ocr_line' id='line_1_76' title="bbox 380 4327 1815 4401; baseline 0.001 -21"><span class='ocrx_word' id='word_1_580' title='bbox 380 4327 550 4401; x_wconf 80' lang='grc' dir='ltr'><strong>δείξῃ,</strong></span> <span class='ocrx_word' id='word_1_581' title='bbox 581 4330 664 4382; x_wconf 82' lang='grc' dir='ltr'><strong>ὅτι</strong></span> <span class='ocrx_word' id='word_1_582' title='bbox 694 4328 782 4381; x_wconf 79' lang='grc' dir='ltr'><strong>τὸν</strong></span> <span class='ocrx_word' id='word_1_583' title='bbox 814 4327 1041 4382; x_wconf 85' lang='grc' dir='ltr'><strong>θάνατον</strong></span> <span class='ocrx_word' id='word_1_584' title='bbox 1070 4327 1394 4381; x_wconf 84' lang='grc' dir='ltr'><strong>θανατώσων</strong></span> <span class='ocrx_word' id='word_1_585' title='bbox 1419 4327 1564 4398; x_wconf 81' lang='grc' dir='ltr'><strong>δεῦρ’</strong></span> <span class='ocrx_word' id='word_1_586' title='bbox 1599 4330 1815 4397; x_wconf 69' lang='grc' dir='ltr'><strong>ἀφῖκτο.</strong></span> 
     </span>
    </p>
   </div>
   <div class='ocr_carea' id='block_1_77' title="bbox 2041 3063 3598 3134">
    <p class='ocr_par' dir='ltr' id='par_1_77' title="bbox 2041 3063 3598 3134">
     <span class='ocr_line' id='line_1_77' title="bbox 2041 3063 3598 3134; baseline -0.004 -13"><span class='ocrx_word' id='word_1_587' title='bbox 2041 3081 2182 3121; x_wconf 91' lang='lat' dir='ltr'><strong>nunc</strong></span> <span class='ocrx_word' id='word_1_588' title='bbox 2211 3081 2375 3121; x_wconf 90' lang='lat' dir='ltr'><strong>vero:</strong></span> <span class='ocrx_word' id='word_1_589' title='bbox 2411 3084 2430 3118; x_wconf 81' lang='grc' dir='ltr'><strong>ι</strong></span> <span class='ocrx_word' id='word_1_590' title='bbox 2462 3066 2725 3122; x_wconf 88' lang='lat' dir='ltr'><strong>lnnocens</strong></span> <span class='ocrx_word' id='word_1_591' title='bbox 2770 3080 2888 3121; x_wconf 89' lang='lat' dir='ltr'><strong>sum</strong></span> <span class='ocrx_word' id='word_1_592' title='bbox 2935 3065 3003 3120; x_wconf 90' lang='lat' dir='ltr'><strong>ab</strong></span> <span class='ocrx_word' id='word_1_593' title='bbox 3042 3064 3144 3119; x_wconf 92' lang='lat' dir='ltr'><strong>hoc</strong></span> <span class='ocrx_word' id='word_1_594' title='bbox 3194 3064 3454 3134; x_wconf 81' lang='lat' dir='ltr'><strong>sanguine</strong></span> <span class='ocrx_word' id='word_1_595' title='bbox 3481 3063 3547 3119; x_wconf 82' lang='grc'><strong>³³.</strong></span> <span class='ocrx_word' id='word_1_596' title='bbox 3579 3082 3598 3115; x_wconf 76' lang='grc' dir='ltr'><strong>ι</strong></span> 
     </span>
    </p>
   </div>
   <div class='ocr_carea' id='block_1_78' title="bbox 2039 3153 3608 3224">
    <p class='ocr_par' dir='ltr' id='par_1_78' title="bbox 2039 3153 3608 3224">
     <span class='ocr_line' id='line_1_78' title="bbox 2039 3153 3608 3224; baseline 0 -16"><span class='ocrx_word' id='word_1_597' title='bbox 2039 3157 2191 3224; x_wconf 85' lang='lat' dir='ltr'><strong>Quod</strong></span> <span class='ocrx_word' id='word_1_598' title='bbox 2239 3157 2285 3212; x_wconf 88' lang='lat' dir='ltr'><strong>si</strong></span> <span class='ocrx_word' id='word_1_599' title='bbox 2329 3171 2431 3212; x_wconf 89' lang='lat' dir='ltr'><strong>nec</strong></span> <span class='ocrx_word' id='word_1_600' title='bbox 2472 3157 2786 3212; x_wconf 81' lang='lat' dir='ltr'><strong>defensione</strong></span> <span class='ocrx_word' id='word_1_601' title='bbox 2826 3154 3150 3210; x_wconf 65' lang='lat' dir='ltr'><strong>innocentiae</strong></span> <span class='ocrx_word' id='word_1_602' title='bbox 3180 3154 3259 3208; x_wconf 91' lang='lat' dir='ltr'><strong>uti</strong></span> <span class='ocrx_word' id='word_1_603' title='bbox 3289 3153 3500 3220; x_wconf 91' lang='lat' dir='ltr'><strong>voluit,</strong></span> <span class='ocrx_word' id='word_1_604' title='bbox 3549 3163 3608 3208; x_wconf 87' lang='lat' dir='ltr'><strong>at</strong></span> 
     </span>
    </p>
   </div>
   <div class='ocr_carea' id='block_1_79' title="bbox 2041 3243 3606 3316">
    <p class='ocr_par' dir='ltr' id='par_1_79' title="bbox 2041 3243 3606 3316">
     <span class='ocr_line' id='line_1_79' title="bbox 2041 3243 3606 3316; baseline -0.001 -16"><span class='ocrx_word' id='word_1_605' title='bbox 2041 3261 2337 3313; x_wconf 89' lang='lat' dir='ltr'><strong>provocare</strong></span> <span class='ocrx_word' id='word_1_606' title='bbox 2365 3245 2613 3316; x_wconf 78' lang='lat' dir='ltr'><strong>exemplo</strong></span> <span class='ocrx_word' id='word_1_607' title='bbox 2645 3246 2797 3301; x_wconf 90' lang='lat' dir='ltr'><strong>Pauli</strong></span> <span class='ocrx_word' id='word_1_608' title='bbox 2827 3245 3044 3301; x_wconf 86' lang='lat' dir='ltr'><strong>licebat.</strong></span> <span class='ocrx_word' id='word_1_609' title='bbox 3090 3243 3262 3299; x_wconf 91' lang='lat' dir='ltr'><strong>Erant</strong></span> <span class='ocrx_word' id='word_1_610' title='bbox 3309 3243 3456 3298; x_wconf 89' lang='lat' dir='ltr'><strong>enim</strong></span> <span class='ocrx_word' id='word_1_611' title='bbox 3505 3245 3606 3299; x_wconf 91' lang='lat' dir='ltr'><strong>sub</strong></span> 
     </span>
    </p>
   </div>
   <div class='ocr_carea' id='block_1_80' title="bbox 2040 3335 3605 3407">
    <p class='ocr_par' dir='ltr' id='par_1_80' title="bbox 2040 3335 3605 3407">
     <span class='ocr_line' id='line_1_80' title="bbox 2040 3335 3605 3407; baseline -0.003 -15"><span class='ocrx_word' id='word_1_612' title='bbox 2040 3337 2298 3393; x_wconf 81' lang='lat' dir='ltr'><strong>Romanis</strong></span> <span class='ocrx_word' id='word_1_613' title='bbox 2325 3337 2514 3393; x_wconf 67' lang='lat' dir='ltr'><strong>Judaei.</strong></span> <span class='ocrx_word' id='word_1_614' title='bbox 2560 3337 2694 3392; x_wconf 81' lang='lat' dir='ltr'><strong>Nam</strong></span> <span class='ocrx_word' id='word_1_615' title='bbox 2743 3352 2864 3392; x_wconf 91' lang='lat' dir='ltr'><strong>cum</strong></span> <span class='ocrx_word' id='word_1_616' title='bbox 2915 3337 3190 3407; x_wconf 82' lang='lat' dir='ltr'><strong>Augustus</strong></span> <span class='ocrx_word' id='word_1_617' title='bbox 3235 3335 3605 3390; x_wconf 89' lang='lat' dir='ltr'><strong>Romanorum</strong></span> 
     </span>
    </p>
   </div>
   <div class='ocr_carea' id='block_1_81' title="bbox 2041 3427 3604 3496">
    <p class='ocr_par' dir='ltr' id='par_1_81' title="bbox 2041 3427 3604 3496">
     <span class='ocr_line' id='line_1_81' title="bbox 2041 3427 3604 3496; baseline 0 -16"><span class='ocrx_word' id='word_1_618' title='bbox 2041 3427 2333 3496; x_wconf 90' lang='lat' dir='ltr'><strong>imperator</strong></span> <span class='ocrx_word' id='word_1_619' title='bbox 2362 3430 2564 3495; x_wconf 75' lang='lat' dir='ltr'><strong>;omnes</strong></span> <span class='ocrx_word' id='word_1_620' title='bbox 2612 3427 2668 3482; x_wconf 89' lang='lat' dir='ltr'><strong>in</strong></span> <span class='ocrx_word' id='word_1_621' title='bbox 2716 3441 2867 3482; x_wconf 86' lang='lat' dir='ltr'><strong>suam</strong></span> <span class='ocrx_word' id='word_1_622' title='bbox 2917 3427 3211 3496; x_wconf 81' lang='lat' dir='ltr'><strong>redegisset</strong></span> <span class='ocrx_word' id='word_1_623' title='bbox 3262 3435 3604 3494; x_wconf 89' lang='lat' dir='ltr'><strong>potestatem,</strong></span> 
     </span>
    </p>
   </div>
   <div class='ocr_carea' id='block_1_82' title="bbox 2041 3514 3605 3586">
    <p class='ocr_par' dir='ltr' id='par_1_82' title="bbox 2041 3514 3605 3586">
     <span class='ocr_line' id='line_1_82' title="bbox 2041 3514 3605 3586; baseline -0.001 -17"><span class='ocrx_word' id='word_1_624' title='bbox 2041 3515 2184 3570; x_wconf 88' lang='lat' dir='ltr'><strong>inter</strong></span> <span class='ocrx_word' id='word_1_625' title='bbox 2209 3530 2345 3586; x_wconf 88' lang='lat' dir='ltr'><strong>quos</strong></span> <span class='ocrx_word' id='word_1_626' title='bbox 2370 3517 2469 3586; x_wconf 90' lang='lat' dir='ltr'><strong>ipsi</strong></span> <span class='ocrx_word' id='word_1_627' title='bbox 2505 3530 2720 3586; x_wconf 90' lang='lat' dir='ltr'><strong>quoque</strong></span> <span class='ocrx_word' id='word_1_628' title='bbox 2761 3525 2950 3584; x_wconf 89' lang='lat' dir='ltr'><strong>erant,</strong></span> <span class='ocrx_word' id='word_1_629' title='bbox 2977 3516 3143 3586; x_wconf 84' lang='lat' dir='ltr'><strong>jussit</strong></span> <span class='ocrx_word' id='word_1_630' title='bbox 3185 3530 3382 3570; x_wconf 88' lang='lat' dir='ltr'><strong>census</strong></span> <span class='ocrx_word' id='word_1_631' title='bbox 3413 3514 3605 3585; x_wconf 83' lang='lat' dir='ltr'><strong>agendi</strong></span> 
     </span>
    </p>
   </div>
   <div class='ocr_carea' id='block_1_83' title="bbox 2043 3605 3606 3675">
    <p class='ocr_par' dir='ltr' id='par_1_83' title="bbox 2043 3605 3606 3675">
     <span class='ocr_line' id='line_1_83' title="bbox 2043 3605 3606 3675; baseline -0.001 -16"><span class='ocrx_word' id='word_1_632' title='bbox 2043 3619 2201 3662; x_wconf 89' lang='lat' dir='ltr'><strong>causa</strong></span> <span class='ocrx_word' id='word_1_633' title='bbox 2241 3606 2476 3662; x_wconf 90' lang='lat' dir='ltr'><strong>describi</strong></span> <span class='ocrx_word' id='word_1_634' title='bbox 2503 3621 2718 3661; x_wconf 89' lang='lat' dir='ltr'><strong>omnem</strong></span> <span class='ocrx_word' id='word_1_635' title='bbox 2748 3616 3013 3662; x_wconf 89' lang='lat' dir='ltr'><strong>terrarum</strong></span> <span class='ocrx_word' id='word_1_636' title='bbox 3044 3607 3252 3670; x_wconf 90' lang='lat' dir='ltr'><strong>orbem,</strong></span> <span class='ocrx_word' id='word_1_637' title='bbox 3283 3605 3606 3675; x_wconf 88' lang='lat' dir='ltr'><strong>priusquam</strong></span> 
     </span>
    </p>
   </div>
   <div class='ocr_carea' id='block_1_84' title="bbox 2044 3698 3610 3752">
    <p class='ocr_par' dir='ltr' id='par_1_84' title="bbox 2044 3698 3610 3752">
     <span class='ocr_line' id='line_1_84' title="bbox 2044 3698 3610 3752; baseline -0.002 -1"><span class='ocrx_word' id='word_1_638' title='bbox 2044 3698 2295 3752; x_wconf 88' lang='lat' dir='ltr'><strong>Salvator</strong></span> <span class='ocrx_word' id='word_1_639' title='bbox 2339 3698 2635 3752; x_wconf 89' lang='lat' dir='ltr'><strong>secundum</strong></span> <span class='ocrx_word' id='word_1_640' title='bbox 2679 3711 2899 3752; x_wconf 89' lang='lat' dir='ltr'><strong>carnem</strong></span> <span class='ocrx_word' id='word_1_641' title='bbox 2963 3705 3318 3751; x_wconf 90' lang='lat' dir='ltr'><strong>nasceretur:</strong></span> <span class='ocrx_word' id='word_1_642' title='bbox 3373 3704 3429 3750; x_wconf 91' lang='lat' dir='ltr'><strong>et</strong></span> <span class='ocrx_word' id='word_1_643' title='bbox 3489 3702 3610 3750; x_wconf 87' lang='lat' dir='ltr'><strong>erat</strong></span> 
     </span>
    </p>
   </div>
   <div class='ocr_carea' id='block_1_85' title="bbox 2043 3782 3607 3854">
    <p class='ocr_par' dir='ltr' id='par_1_85' title="bbox 2043 3782 3607 3854">
     <span class='ocr_line' id='line_1_85' title="bbox 2043 3782 3607 3854; baseline -0.001 -15"><span class='ocrx_word' id='word_1_644' title='bbox 2043 3787 2184 3854; x_wconf 87' lang='lat' dir='ltr'><strong>apud</strong></span> <span class='ocrx_word' id='word_1_645' title='bbox 2216 3787 2360 3854; x_wconf 92' lang='lat' dir='ltr'><strong>ipsos</strong></span> <span class='ocrx_word' id='word_1_646' title='bbox 2389 3785 2756 3841; x_wconf 85' lang='lat' dir='ltr'><strong>Romanorum</strong></span> <span class='ocrx_word' id='word_1_647' title='bbox 2785 3800 2985 3854; x_wconf 71' lang='lat' dir='ltr'><strong>prteses</strong></span> <span class='ocrx_word' id='word_1_648' title='bbox 3017 3785 3238 3851; x_wconf 87' lang='lat' dir='ltr'><strong>Pilatus,</strong></span> <span class='ocrx_word' id='word_1_649' title='bbox 3269 3785 3363 3854; x_wconf 91' lang='lat' dir='ltr'><strong>qui</strong></span> <span class='ocrx_word' id='word_1_650' title='bbox 3397 3799 3484 3839; x_wconf 87' lang='lat' dir='ltr'><strong>res</strong></span> <span class='ocrx_word' id='word_1_651' title='bbox 3512 3782 3607 3838; x_wconf 86' lang='lat' dir='ltr'><strong>ad-</strong></span> 
     </span>
    </p>
   </div>
   <div class='ocr_carea' id='block_1_86' title="bbox 2043 3875 3608 3944">
    <p class='ocr_par' dir='ltr' id='par_1_86' title="bbox 2043 3875 3608 3944">
     <span class='ocr_line' id='line_1_86' title="bbox 2043 3875 3608 3944; baseline -0.001 -14"><span class='ocrx_word' id='word_1_652' title='bbox 2043 3875 2409 3940; x_wconf 85' lang='lat' dir='ltr'><strong>ministrabat,</strong></span> <span class='ocrx_word' id='word_1_653' title='bbox 2436 3884 2488 3930; x_wconf 90' lang='lat' dir='ltr'><strong>et</strong></span> <span class='ocrx_word' id='word_1_654' title='bbox 2511 3875 2836 3944; x_wconf 90' lang='lat' dir='ltr'><strong>appellantes</strong></span> <span class='ocrx_word' id='word_1_655' title='bbox 2859 3875 3085 3930; x_wconf 81' lang='lat' dir='ltr'><strong>Romam</strong></span> <span class='ocrx_word' id='word_1_656' title='bbox 3108 3876 3369 3942; x_wconf 85' lang='lat' dir='ltr'><strong>mittebat,</strong></span> <span class='ocrx_word' id='word_1_657' title='bbox 3401 3889 3608 3944; x_wconf 91' lang='lat' dir='ltr'><strong>eosque</strong></span> 
     </span>
    </p>
   </div>
   <div class='ocr_carea' id='block_1_87' title="bbox 2045 3964 3607 4034">
    <p class='ocr_par' dir='ltr' id='par_1_87' title="bbox 2045 3964 3607 4034">
     <span class='ocr_line' id='line_1_87' title="bbox 2045 3964 3607 4034; baseline -0.001 -15"><span class='ocrx_word' id='word_1_658' title='bbox 2045 3967 2305 4021; x_wconf 87' lang='lat' dir='ltr'><strong>adversus</strong></span> <span class='ocrx_word' id='word_1_659' title='bbox 2332 3965 2438 4019; x_wconf 85' lang='lat' dir='ltr'><strong>vim</strong></span> <span class='ocrx_word' id='word_1_660' title='bbox 2477 3973 2620 4020; x_wconf 88' lang='lat' dir='ltr'><strong>tutos</strong></span> <span class='ocrx_word' id='word_1_661' title='bbox 2652 3966 2977 4034; x_wconf 67' lang='lat' dir='ltr'><strong>praestabat;</strong></span> <span class='ocrx_word' id='word_1_662' title='bbox 3015 3974 3074 4020; x_wconf 91' lang='lat' dir='ltr'><strong>ut</strong></span> <span class='ocrx_word' id='word_1_663' title='bbox 3123 3975 3179 4021; x_wconf 91' lang='lat' dir='ltr'><strong>et</strong></span> <span class='ocrx_word' id='word_1_664' title='bbox 3235 3964 3451 4019; x_wconf 79' lang='lat' dir='ltr'><strong>Festus</strong></span> <span class='ocrx_word' id='word_1_665' title='bbox 3485 3970 3607 4032; x_wconf 81' lang='lat' dir='ltr'><strong>post</strong></span> 
     </span>
    </p>
   </div>
   <div class='ocr_carea' id='block_1_88' title="bbox 2045 4055 3607 4123">
    <p class='ocr_par' dir='ltr' id='par_1_88' title="bbox 2045 4055 3607 4123">
     <span class='ocr_line' id='line_1_88' title="bbox 2045 4055 3607 4123; baseline -0.001 -13"><span class='ocrx_word' id='word_1_666' title='bbox 2045 4071 2187 4123; x_wconf 92' lang='lat' dir='ltr'><strong>cum,</strong></span> <span class='ocrx_word' id='word_1_667' title='bbox 2227 4055 2341 4111; x_wconf 84' lang='lat' dir='ltr'><strong>sive</strong></span> <span class='ocrx_word' id='word_1_668' title='bbox 2375 4055 2544 4110; x_wconf 86' lang='lat' dir='ltr'><strong>mavis</strong></span> <span class='ocrx_word' id='word_1_669' title='bbox 2577 4055 2823 4111; x_wconf 91' lang='lat' dir='ltr'><strong>tribunus</strong></span> <span class='ocrx_word' id='word_1_670' title='bbox 2859 4056 3087 4110; x_wconf 90' lang='lat' dir='ltr'><strong>militum</strong></span> <span class='ocrx_word' id='word_1_671' title='bbox 3112 4095 3129 4122; x_wconf 94' lang='lat'><strong>,</strong></span> <span class='ocrx_word' id='word_1_672' title='bbox 3161 4055 3381 4110; x_wconf 92' lang='lat' dir='ltr'><strong>Paulum</strong></span> <span class='ocrx_word' id='word_1_673' title='bbox 3406 4063 3462 4110; x_wconf 92' lang='lat' dir='ltr'><strong>et</strong></span> <span class='ocrx_word' id='word_1_674' title='bbox 3491 4069 3607 4110; x_wconf 84' lang='lat' dir='ltr'><strong>ser-</strong></span> 
     </span>
    </p>
   </div>
   <div class='ocr_carea' id='block_1_89' title="bbox 2045 4145 3605 4218">
    <p class='ocr_par' dir='ltr' id='par_1_89' title="bbox 2045 4145 3605 4218">
     <span class='ocr_line' id='line_1_89' title="bbox 2045 4145 3605 4218; baseline -0.001 -16"><span class='ocrx_word' id='word_1_675' title='bbox 2045 4149 2190 4203; x_wconf 81' lang='lat' dir='ltr'><strong>vavit</strong></span> <span class='ocrx_word' id='word_1_676' title='bbox 2221 4163 2291 4203; x_wconf 80' lang='lat' dir='ltr'><strong>ex</strong></span> <span class='ocrx_word' id='word_1_677' title='bbox 2321 4149 2527 4218; x_wconf 86' lang='lat' dir='ltr'><strong>synodo</strong></span> <span class='ocrx_word' id='word_1_678' title='bbox 2558 4145 2864 4203; x_wconf 67' lang='lat' dir='ltr'><strong>Iudaeorum</strong></span> <span class='ocrx_word' id='word_1_679' title='bbox 2884 4189 2901 4214; x_wconf 94' lang='lat'><strong>,</strong></span> <span class='ocrx_word' id='word_1_680' title='bbox 2945 4162 3064 4216; x_wconf 67' lang='lat' dir='ltr'><strong>quae</strong></span> <span class='ocrx_word' id='word_1_681' title='bbox 3095 4149 3229 4203; x_wconf 84' lang='lat' dir='ltr'><strong>nihil</strong></span> <span class='ocrx_word' id='word_1_682' title='bbox 3261 4149 3366 4203; x_wconf 86' lang='lat' dir='ltr'><strong>nisi</strong></span> <span class='ocrx_word' id='word_1_683' title='bbox 3406 4147 3605 4203; x_wconf 59' lang='lat' dir='ltr'><strong>caedem</strong></span> 
     </span>
    </p>
   </div>
   <div class='ocr_carea' id='block_1_90' title="bbox 2047 4237 3606 4308">
    <p class='ocr_par' dir='ltr' id='par_1_90' title="bbox 2047 4237 3606 4308">
     <span class='ocr_line' id='line_1_90' title="bbox 2047 4237 3606 4308; baseline 0 -16"><span class='ocrx_word' id='word_1_684' title='bbox 2047 4238 2310 4308; x_wconf 89' lang='lat' dir='ltr'><strong>spirabat,</strong></span> <span class='ocrx_word' id='word_1_685' title='bbox 2341 4249 2395 4293; x_wconf 91' lang='lat' dir='ltr'><strong>et</strong></span> <span class='ocrx_word' id='word_1_686' title='bbox 2424 4239 2651 4293; x_wconf 81' lang='lat' dir='ltr'><strong>Romam</strong></span> <span class='ocrx_word' id='word_1_687' title='bbox 2686 4239 2753 4293; x_wconf 91' lang='lat' dir='ltr'><strong>ad</strong></span> <span class='ocrx_word' id='word_1_688' title='bbox 2774 4237 3044 4294; x_wconf 65' lang='lat' dir='ltr'><strong>Caesarem</strong></span> <span class='ocrx_word' id='word_1_689' title='bbox 3075 4240 3302 4296; x_wconf 87' lang='lat' dir='ltr'><strong>remisit.</strong></span> <span class='ocrx_word' id='word_1_690' title='bbox 3341 4239 3449 4294; x_wconf 89' lang='lat' dir='ltr'><strong>Sed</strong></span> <span class='ocrx_word' id='word_1_691' title='bbox 3476 4237 3606 4294; x_wconf 86' lang='lat' dir='ltr'><strong>nihil</strong></span> 
     </span>
    </p>
   </div>
   <div class='ocr_carea' id='block_1_91' title="bbox 1973 4320 3607 4402">
    <p class='ocr_par' dir='ltr' id='par_1_91' title="bbox 1973 4320 3607 4402">
     <span class='ocr_line' id='line_1_91' title="bbox 1973 4320 3607 4402; baseline 0 -20"><span class='ocrx_word' id='word_1_692' title='bbox 1973 4320 2018 4374; x_wconf 85' lang='lat' dir='ltr'><strong>D</strong></span> <span class='ocrx_word' id='word_1_693' title='bbox 2048 4329 2277 4384; x_wconf 90' lang='lat' dir='ltr'><strong>istorum</strong></span> <span class='ocrx_word' id='word_1_694' title='bbox 2309 4328 2439 4384; x_wconf 80' lang='lat' dir='ltr'><strong>fecit</strong></span> <span class='ocrx_word' id='word_1_695' title='bbox 2483 4328 2748 4385; x_wconf 86' lang='lat' dir='ltr'><strong>Christus.</strong></span> <span class='ocrx_word' id='word_1_696' title='bbox 2812 4330 2948 4384; x_wconf 84' lang='lat' dir='ltr'><strong>Nam</strong></span> <span class='ocrx_word' id='word_1_697' title='bbox 2993 4344 3168 4400; x_wconf 90' lang='lat' dir='ltr'><strong>neque</strong></span> <span class='ocrx_word' id='word_1_698' title='bbox 3217 4332 3452 4402; x_wconf 89' lang='lat' dir='ltr'><strong>potentia</strong></span> <span class='ocrx_word' id='word_1_699' title='bbox 3489 4345 3607 4394; x_wconf 89' lang='lat' dir='ltr'><strong>sua,</strong></span> 
     </span>
    </p>
   </div>
   <div class='ocr_carea' id='block_1_92' title="bbox 383 4417 3609 4491">
    <p class='ocr_par' dir='ltr' id='par_1_92' title="bbox 383 4417 3609 4491">
     <span class='ocr_line' id='line_1_92' title="bbox 383 4417 3609 4491; baseline 0 -18"><span class='ocrx_word' id='word_1_700' title='bbox 383 4435 558 4487; x_wconf 78' lang='lat' dir='ltr'><strong>neque</strong></span> <span class='ocrx_word' id='word_1_701' title='bbox 605 4419 936 4481; x_wconf 79' lang='lat' dir='ltr'><strong>defensione,</strong></span> <span class='ocrx_word' id='word_1_702' title='bbox 969 4432 1142 4486; x_wconf 90' lang='lat' dir='ltr'><strong>neque</strong></span> <span class='ocrx_word' id='word_1_703' title='bbox 1186 4417 1546 4488; x_wconf 88' lang='lat' dir='ltr'><strong>appellatione</strong></span> <span class='ocrx_word' id='word_1_704' title='bbox 1585 4433 1714 4472; x_wconf 72' lang='lat' dir='ltr'><strong>usus</strong></span> <span class='ocrx_word' id='word_1_705' title='bbox 1740 4429 1858 4484; x_wconf 87' lang='lat' dir='ltr'><strong>est,</strong></span> <span class='ocrx_word' id='word_1_706' title='bbox 1907 4427 1964 4471; x_wconf 94' lang='lat' dir='ltr'><strong>ut</strong></span> <span class='ocrx_word' id='word_1_707' title='bbox 2003 4417 2203 4488; x_wconf 80' lang='lat' dir='ltr'><strong>liquido</strong></span> <span class='ocrx_word' id='word_1_708' title='bbox 2269 4420 2596 4489; x_wconf 85' lang='lat' dir='ltr'><strong>ostenderet,</strong></span> <span class='ocrx_word' id='word_1_709' title='bbox 2673 4434 2732 4475; x_wconf 86' lang='lat' dir='ltr'><strong>se</strong></span> <span class='ocrx_word' id='word_1_710' title='bbox 2773 4421 2877 4475; x_wconf 85' lang='lat' dir='ltr'><strong>huc</strong></span> <span class='ocrx_word' id='word_1_711' title='bbox 2926 4430 3208 4491; x_wconf 87' lang='lat' dir='ltr'><strong>propterea</strong></span> <span class='ocrx_word' id='word_1_712' title='bbox 3260 4421 3467 4476; x_wconf 88' lang='lat' dir='ltr'><strong>venisse</strong></span> <span class='ocrx_word' id='word_1_713' title='bbox 3493 4457 3510 4484; x_wconf 88' lang='lat'><strong>,</strong></span> <span class='ocrx_word' id='word_1_714' title='bbox 3552 4427 3609 4471; x_wconf 88' lang='lat' dir='ltr'><strong>ut</strong></span> 
     </span>
    </p>
   </div>
   <div class='ocr_carea' id='block_1_93' title="bbox 382 4509 1084 4569">
    <p class='ocr_par' dir='ltr' id='par_1_93' title="bbox 382 4509 1084 4569">
     <span class='ocr_line' id='line_1_93' title="bbox 382 4509 1084 4569; baseline -0.004 0"><span class='ocrx_word' id='word_1_715' title='bbox 382 4524 609 4569; x_wconf 86' lang='lat' dir='ltr'><strong>mortem</strong></span> <span class='ocrx_word' id='word_1_716' title='bbox 640 4523 811 4565; x_wconf 89' lang='lat' dir='ltr'><strong>morte</strong></span> <span class='ocrx_word' id='word_1_717' title='bbox 837 4509 1084 4566; x_wconf 82' lang='lat' dir='ltr'><strong>alliceret.</strong></span> 
     </span>
    </p>
   </div>
   <div class='ocr_carea' id='block_1_94' title="bbox 567 4602 1768 4671">
    <p class='ocr_par' dir='ltr' id='par_1_94' title="bbox 567 4602 1768 4671">
     <span class='ocr_line' id='line_1_94' title="bbox 567 4602 1768 4671; baseline 0.003 -19"><span class='ocrx_word' id='word_1_718' title='bbox 567 4602 738 4654; x_wconf 70' lang='lat' dir='ltr'><strong>PKG&#39;.</strong></span> <span class='ocrx_word' id='word_1_719' title='bbox 794 4631 864 4640; x_wconf 94' lang='lat'><strong><em>—</em></strong></span> <span class='ocrx_word' id='word_1_720' title='bbox 920 4602 1297 4671; x_wconf 82' lang='grc' dir='ltr'><strong>ΣΤΡΑΤΠΓΙῼ</strong></span> <span class='ocrx_word' id='word_1_721' title='bbox 1348 4603 1768 4656; x_wconf 78' lang='grc' dir='ltr'><strong>ΜΟΝΑΖΟΝΤΙ.</strong></span> 
     </span>
    </p>
   </div>
   <div class='ocr_carea' id='block_1_95' title="bbox 383 4693 1945 4763">
    <p class='ocr_par' dir='ltr' id='par_1_95' title="bbox 383 4693 1945 4763">
     <span class='ocr_line' id='line_1_95' title="bbox 383 4693 1945 4763; baseline 0.001 -16"><span class='ocrx_word' id='word_1_722' title='bbox 383 4697 489 4758; x_wconf 85' lang='grc' dir='ltr'><strong>Είς</strong></span> <span class='ocrx_word' id='word_1_723' title='bbox 515 4695 580 4747; x_wconf 85' lang='grc' dir='ltr'><strong>τό</strong></span> <span class='ocrx_word' id='word_1_724' title='bbox 604 4709 617 4722; x_wconf 91' lang='grc'><strong>·</strong></span> <span class='ocrx_word' id='word_1_725' title='bbox 653 4712 672 4746; x_wconf 81' lang='grc' dir='ltr'><strong>ι</strong></span> <span class='ocrx_word' id='word_1_726' title='bbox 715 4693 845 4748; x_wconf 80' lang='grc' dir='ltr'><strong>Πᾶν</strong></span> <span class='ocrx_word' id='word_1_727' title='bbox 872 4695 1200 4761; x_wconf 58' lang='grc' dir='ltr'><strong>ἁμάρτημα,</strong></span> <span class='ocrx_word' id='word_1_728' title='bbox 1239 4695 1269 4748; x_wconf 83' lang='grc' dir='ltr'>ὃ</span> <span class='ocrx_word' id='word_1_729' title='bbox 1305 4695 1412 4748; x_wconf 79' lang='grc' dir='ltr'><strong>ἐὰν</strong></span> <span class='ocrx_word' id='word_1_730' title='bbox 1457 4695 1598 4762; x_wconf 76' lang='grc' dir='ltr'><strong>ποιῇ</strong></span> <span class='ocrx_word' id='word_1_731' title='bbox 1639 4695 1945 4763; x_wconf 80' lang='grc' dir='ltr'><strong>ἅνθρωπος</strong></span> 
     </span>
    </p>
   </div>
   <div class='ocr_carea' id='block_1_96' title="bbox 857 4764 1522 4831">
    <p class='ocr_par' dir='ltr' id='par_1_96' title="bbox 857 4764 1522 4831">
     <span class='ocr_line' id='line_1_96' title="bbox 857 4764 1522 4831; baseline 0 -16"><span class='ocrx_word' id='word_1_732' title='bbox 857 4765 1026 4829; x_wconf 67' lang='grc' dir='ltr'><strong>ἐκτὸς</strong></span> <span class='ocrx_word' id='word_1_733' title='bbox 1054 4766 1154 4817; x_wconf 82' lang='grc' dir='ltr'><strong>τοῦ</strong></span> <span class='ocrx_word' id='word_1_734' title='bbox 1193 4764 1480 4831; x_wconf 81' lang='grc' dir='ltr'><strong>σώματος.</strong></span> <span class='ocrx_word' id='word_1_735' title='bbox 1505 4784 1522 4815; x_wconf 74' lang='grc' dir='ltr'><strong>ι</strong></span> 
     </span>
    </p>
   </div>
   <div class='ocr_carea' id='block_1_97' title="bbox 457 4847 1944 4925">
    <p class='ocr_par' dir='ltr' id='par_1_97' title="bbox 457 4847 1944 4925">
     <span class='ocr_line' id='line_1_97' title="bbox 457 4847 1944 4925; baseline 0.002 -20"><span class='ocrx_word' id='word_1_736' title='bbox 457 4853 683 4920; x_wconf 82' lang='grc' dir='ltr'><strong>Πολλὰς,</strong></span> <span class='ocrx_word' id='word_1_737' title='bbox 743 4847 787 4906; x_wconf 80' lang='grc' dir='ltr'><strong>ὦ</strong></span> <span class='ocrx_word' id='word_1_738' title='bbox 846 4854 1103 4925; x_wconf 85' lang='grc' dir='ltr'><strong>μακάριε,</strong></span> <span class='ocrx_word' id='word_1_739' title='bbox 1155 4855 1377 4907; x_wconf 84' lang='grc' dir='ltr'><strong>δυνατὸν</strong></span> <span class='ocrx_word' id='word_1_740' title='bbox 1438 4857 1517 4918; x_wconf 90' lang='grc' dir='ltr'><strong>είς</strong></span> <span class='ocrx_word' id='word_1_741' title='bbox 1577 4855 1676 4907; x_wconf 85' lang='grc' dir='ltr'><strong>τό·</strong></span> <span class='ocrx_word' id='word_1_742' title='bbox 1739 4874 1756 4905; x_wconf 83' lang='grc' dir='ltr'><strong>ι</strong></span> <span class='ocrx_word' id='word_1_743' title='bbox 1831 4857 1944 4908; x_wconf 77' lang='grc' dir='ltr'><strong>Πᾶν</strong></span> 
     </span>
    </p>
   </div>
   <div class='ocr_carea' id='block_1_98' title="bbox 2257 4602 3394 4659">
    <p class='ocr_par' dir='ltr' id='par_1_98' title="bbox 2257 4602 3394 4659">
     <span class='ocr_line' id='line_1_98' title="bbox 2257 4602 3394 4659; baseline -0.003 -1"><span class='ocrx_word' id='word_1_744' title='bbox 2257 4603 2491 4658; x_wconf 75' lang='lat' dir='ltr'><strong>CXXIX.</strong></span> <span class='ocrx_word' id='word_1_745' title='bbox 2520 4635 2589 4644; x_wconf 93' lang='lat'><strong>—-</strong></span> <span class='ocrx_word' id='word_1_746' title='bbox 2619 4602 3010 4659; x_wconf 80' lang='lat' dir='ltr'><strong>STRATEGIO</strong></span> <span class='ocrx_word' id='word_1_747' title='bbox 3047 4602 3394 4657; x_wconf 75' lang='lat' dir='ltr'><strong>MONACllO.</strong></span> 
     </span>
    </p>
   </div>
   <div class='ocr_carea' id='block_1_99' title="bbox 2052 4693 3612 4764">
    <p class='ocr_par' dir='ltr' id='par_1_99' title="bbox 2052 4693 3612 4764">
     <span class='ocr_line' id='line_1_99' title="bbox 2052 4693 3612 4764; baseline -0.002 -15"><span class='ocrx_word' id='word_1_748' title='bbox 2052 4695 2116 4749; x_wconf 89' lang='lat' dir='ltr'><strong>In</strong></span> <span class='ocrx_word' id='word_1_749' title='bbox 2145 4695 2273 4748; x_wconf 84' lang='lat' dir='ltr'><strong>illud</strong></span> <span class='ocrx_word' id='word_1_750' title='bbox 2316 4695 2474 4747; x_wconf 82' lang='lat' dir='ltr'><strong>Pauli</strong></span> <span class='ocrx_word' id='word_1_751' title='bbox 2505 4697 2724 4761; x_wconf 84' lang='lat' dir='ltr'><strong>dictum,</strong></span> <span class='ocrx_word' id='word_1_752' title='bbox 2763 4714 2781 4746; x_wconf 81' lang='grc' dir='ltr'><strong>ι</strong></span> <span class='ocrx_word' id='word_1_753' title='bbox 2822 4696 2985 4749; x_wconf 84' lang='lat' dir='ltr'><strong>Omne</strong></span> <span class='ocrx_word' id='word_1_754' title='bbox 3013 4705 3312 4764; x_wconf 78' lang='lat' dir='ltr'><strong>peccatum,</strong></span> <span class='ocrx_word' id='word_1_755' title='bbox 3343 4693 3612 4763; x_wconf 82' lang='lat' dir='ltr'><strong>quodcun-</strong></span> 
     </span>
    </p>
   </div>
   <div class='ocr_carea' id='block_1_100' title="bbox 2315 4763 3340 4834">
    <p class='ocr_par' dir='ltr' id='par_1_100' title="bbox 2315 4763 3340 4834">
     <span class='ocr_line' id='line_1_100' title="bbox 2315 4763 3340 4834; baseline -0.005 -17"><span class='ocrx_word' id='word_1_756' title='bbox 2315 4781 2412 4833; x_wconf 82' lang='lat' dir='ltr'><strong>que</strong></span> <span class='ocrx_word' id='word_1_757' title='bbox 2439 4764 2616 4834; x_wconf 77' lang='lat' dir='ltr'><strong>fecerit</strong></span> <span class='ocrx_word' id='word_1_758' title='bbox 2645 4765 2816 4829; x_wconf 86' lang='lat' dir='ltr'><strong>homo,</strong></span> <span class='ocrx_word' id='word_1_759' title='bbox 2843 4774 2992 4817; x_wconf 79' lang='lat' dir='ltr'><strong>extra</strong></span> <span class='ocrx_word' id='word_1_760' title='bbox 3015 4763 3201 4832; x_wconf 77' lang='lat' dir='ltr'><strong>corpus</strong></span> <span class='ocrx_word' id='word_1_761' title='bbox 3227 4763 3290 4815; x_wconf 74' lang='lat'><strong>“.</strong></span> <span class='ocrx_word' id='word_1_762' title='bbox 3322 4781 3340 4812; x_wconf 78' lang='grc' dir='ltr'><strong>ι</strong></span> 
     </span>
    </p>
   </div>
   <div class='ocr_carea' id='block_1_101' title="bbox 2124 4854 3611 4923">
    <p class='ocr_par' dir='ltr' id='par_1_101' title="bbox 2124 4854 3611 4923">
     <span class='ocr_line' id='line_1_101' title="bbox 2124 4854 3611 4923; baseline 0 -15"><span class='ocrx_word' id='word_1_763' title='bbox 2124 4855 2331 4921; x_wconf 76' lang='lat' dir='ltr'><strong>Multae,</strong></span> <span class='ocrx_word' id='word_1_764' title='bbox 2371 4870 2404 4909; x_wconf 89' lang='grc' dir='ltr'><strong>ο</strong></span> <span class='ocrx_word' id='word_1_765' title='bbox 2454 4858 2648 4920; x_wconf 90' lang='lat' dir='ltr'><strong>beate,</strong></span> <span class='ocrx_word' id='word_1_766' title='bbox 2706 4854 2850 4909; x_wconf 90' lang='lat' dir='ltr'><strong>velut</strong></span> <span class='ocrx_word' id='word_1_767' title='bbox 2881 4855 3058 4923; x_wconf 67' lang='lat' dir='ltr'><strong>ianua:</strong></span> <span class='ocrx_word' id='word_1_768' title='bbox 3113 4868 3368 4908; x_wconf 86' lang='lat' dir='ltr'><strong>sensuum</strong></span> <span class='ocrx_word' id='word_1_769' title='bbox 3413 4854 3611 4923; x_wconf 86' lang='lat' dir='ltr'><strong>aperiri</strong></span> 
     </span>
    </p>
   </div>
   <div class='ocr_carea' id='block_1_102' title="bbox 462 4985 1955 5057">
    <p class='ocr_par' dir='ltr' id='par_1_102' title="bbox 462 4985 1949 5056">
     <span class='ocr_line' id='line_1_102' title="bbox 462 4985 1949 5056; baseline 0.001 -14"><span class='ocrx_word' id='word_1_770' title='bbox 462 4987 506 5018; x_wconf 89' lang='grc'>³⁰</span> <span class='ocrx_word' id='word_1_771' title='bbox 535 4985 687 5042; x_wconf 85' lang='lat' dir='ltr'><strong>Rom.</strong></span> <span class='ocrx_word' id='word_1_772' title='bbox 719 5004 836 5054; x_wconf 82' lang='lat' dir='ltr'><strong>vui,</strong></span> <span class='ocrx_word' id='word_1_773' title='bbox 864 4988 916 5042; x_wconf 85' lang='lat'><strong>9.</strong></span> <span class='ocrx_word' id='word_1_774' title='bbox 993 4988 1179 5044; x_wconf 74' lang='lat' dir='ltr'><strong>“Jud.</strong></span> <span class='ocrx_word' id='word_1_775' title='bbox 1212 4989 1296 5043; x_wconf 91' lang='grc'><strong>19.</strong></span> <span class='ocrx_word' id='word_1_776' title='bbox 1374 4990 1417 5020; x_wconf 83' lang='grc'>³³</span> <span class='ocrx_word' id='word_1_777' title='bbox 1451 4989 1580 5044; x_wconf 90' lang='lat' dir='ltr'><strong>Luc.</strong></span> <span class='ocrx_word' id='word_1_778' title='bbox 1619 5005 1772 5056; x_wconf 78' lang='lat' dir='ltr'><strong>XXIII,</strong></span> <span class='ocrx_word' id='word_1_779' title='bbox 1800 4990 1854 5044; x_wconf 75' lang='grc' dir='ltr'><strong>ι.</strong></span> <span class='ocrx_word' id='word_1_780' title='bbox 1929 4990 1949 5022; x_wconf 89' lang='grc'>³</span> 
     </span>
    </p>
   </div>
   <div class='ocr_carea' id='block_1_103' title="bbox 2038 4985 3049 5057">
    <p class='ocr_par' dir='ltr' id='par_1_103' title="bbox 2038 4992 3049 5057">
     <span class='ocr_line' id='line_1_103' title="bbox 2038 4992 3049 5057; baseline 0.002 -13"><span class='ocrx_word' id='word_1_781' title='bbox 2038 4992 2186 5046; x_wconf 86' lang='lat' dir='ltr'><strong>Iatth.</strong></span> <span class='ocrx_word' id='word_1_782' title='bbox 2227 5009 2395 5056; x_wconf 76' lang='lat' dir='ltr'><strong>xxvn,</strong></span> <span class='ocrx_word' id='word_1_783' title='bbox 2419 4994 2506 5046; x_wconf 70' lang='lat'><strong>24.</strong></span> <span class='ocrx_word' id='word_1_784' title='bbox 2586 4993 2628 5024; x_wconf 64' lang='grc'><strong>³³</strong></span> <span class='ocrx_word' id='word_1_785' title='bbox 2657 4994 2676 5046; x_wconf 87' lang='grc' dir='ltr'><strong>ι</strong></span> <span class='ocrx_word' id='word_1_786' title='bbox 2701 4993 2829 5047; x_wconf 89' lang='lat' dir='ltr'><strong>Cor.</strong></span> <span class='ocrx_word' id='word_1_787' title='bbox 2857 5009 2930 5057; x_wconf 77' lang='lat' dir='ltr'><strong>vr,</strong></span> <span class='ocrx_word' id='word_1_788' title='bbox 2963 4993 3049 5046; x_wconf 77' lang='grc'><strong>18.</strong></span> 
     </span>
    </p>
   </div>
   <div class='ocr_carea' id='block_1_104' title="bbox 1487 5101 2532 5158">
    <p class='ocr_par' dir='ltr' id='par_1_104' title="bbox 1487 5101 2532 5158">
     <span class='ocr_line' id='line_1_104' title="bbox 1487 5101 2532 5158; baseline 0.005 -5"><span class='ocrx_word' id='word_1_789' title='bbox 1487 5101 1722 5157; x_wconf 76' lang='lat' dir='ltr'><strong>VARUE</strong></span> <span class='ocrx_word' id='word_1_790' title='bbox 1760 5101 2143 5158; x_wconf 72' lang='lat' dir='ltr'><strong>LECTIONES</strong></span> <span class='ocrx_word' id='word_1_791' title='bbox 2177 5104 2264 5157; x_wconf 85' lang='lat' dir='ltr'>ET</span> <span class='ocrx_word' id='word_1_792' title='bbox 2303 5104 2532 5158; x_wconf 67' lang='lat' dir='ltr'><strong>NOTAE.</strong></span> 
     </span>
    </p>
   </div>
   <div class='ocr_carea' id='block_1_105' title="bbox 459 5236 1943 5309">
    <p class='ocr_par' dir='ltr' id='par_1_105' title="bbox 459 5236 1943 5309">
     <span class='ocr_line' id='line_1_105' title="bbox 459 5236 1943 5309; baseline 0.002 -20"><span class='ocrx_word' id='word_1_793' title='bbox 459 5238 570 5306; x_wconf 83' lang='lat' dir='ltr'><strong>(l7)</strong></span> <span class='ocrx_word' id='word_1_794' title='bbox 601 5236 700 5292; x_wconf 80' lang='lat' dir='ltr'><strong>Ed.</strong></span> <span class='ocrx_word' id='word_1_795' title='bbox 733 5238 930 5302; x_wconf 85' lang='lat' dir='ltr'><strong>Paris.,</strong></span> <span class='ocrx_word' id='word_1_796' title='bbox 956 5241 984 5292; x_wconf 86' lang='grc' dir='ltr'>ὀ</span> <span class='ocrx_word' id='word_1_797' title='bbox 1015 5241 1341 5309; x_wconf 76' lang='grc' dir='ltr'><strong>σωματικὸς,</strong></span> <span class='ocrx_word' id='word_1_798' title='bbox 1372 5240 1545 5294; x_wconf 88' lang='lat' dir='ltr'><strong>male:</strong></span> <span class='ocrx_word' id='word_1_799' title='bbox 1567 5255 1704 5295; x_wconf 84' lang='lat' dir='ltr'><strong>corr.</strong></span> <span class='ocrx_word' id='word_1_800' title='bbox 1733 5256 1796 5294; x_wconf 80' lang='lat' dir='ltr'><strong>ex</strong></span> <span class='ocrx_word' id='word_1_801' title='bbox 1823 5242 1943 5294; x_wconf 76' lang='lat' dir='ltr'><strong>coil.</strong></span> 
     </span>
    </p>
   </div>
   <div class='ocr_carea' id='block_1_106' title="bbox 387 5305 1371 5377">
    <p class='ocr_par' dir='ltr' id='par_1_106' title="bbox 387 5305 1371 5377">
     <span class='ocr_line' id='line_1_106' title="bbox 387 5305 1371 5377; baseline 0.003 -19"><span class='ocrx_word' id='word_1_802' title='bbox 387 5305 564 5377; x_wconf 77' lang='lat' dir='ltr'><strong>V&#39;aiic.</strong></span> <span class='ocrx_word' id='word_1_803' title='bbox 597 5310 860 5360; x_wconf 81' lang='lat' dir='ltr'><strong>sententia</strong></span> <span class='ocrx_word' id='word_1_804' title='bbox 891 5305 1183 5377; x_wconf 76' lang='lat' dir='ltr'><strong>ﬂagitante.</strong></span> <span class='ocrx_word' id='word_1_805' title='bbox 1219 5312 1371 5363; x_wconf 78' lang='lat' dir='ltr'><strong>Eutr.</strong></span> 
     </span>
    </p>
   </div>
   <div class='ocr_carea' id='block_1_107' title="bbox 462 5375 1947 5444">
    <p class='ocr_par' dir='ltr' id='par_1_107' title="bbox 462 5375 1947 5444">
     <span class='ocr_line' id='line_1_107' title="bbox 462 5375 1947 5444; baseline 0.003 -18"><span class='ocrx_word' id='word_1_806' title='bbox 462 5375 572 5443; x_wconf 77' lang='lat' dir='ltr'><strong>(l8)</strong></span> <span class='ocrx_word' id='word_1_807' title='bbox 627 5377 768 5428; x_wconf 74' lang='grc' dir='ltr'><strong>Ἀπὸ</strong></span> <span class='ocrx_word' id='word_1_808' title='bbox 817 5378 922 5429; x_wconf 81' lang='grc' dir='ltr'><strong>τοῦ</strong></span> <span class='ocrx_word' id='word_1_809' title='bbox 967 5375 1328 5443; x_wconf 48' lang='grc' dir='ltr'><strong>κρατοῦντος</strong></span> <span class='ocrx_word' id='word_1_810' title='bbox 1371 5377 1624 5444; x_wconf 80' lang='grc' dir='ltr'><strong>ἕκαστος</strong></span> <span class='ocrx_word' id='word_1_811' title='bbox 1663 5378 1947 5432; x_wconf 74' lang='grc' dir='ltr'><strong>καλεῖται.</strong></span> 
     </span>
    </p>
   </div>
   <div class='ocr_carea' id='block_1_108' title="bbox 389 5443 1255 5510">
    <p class='ocr_par' dir='ltr' id='par_1_108' title="bbox 389 5443 1255 5510">
     <span class='ocr_line' id='line_1_108' title="bbox 389 5443 1255 5510; baseline 0.003 -15"><span class='ocrx_word' id='word_1_812' title='bbox 389 5443 524 5495; x_wconf 74' lang='lat' dir='ltr'><strong>Vide</strong></span> <span class='ocrx_word' id='word_1_813' title='bbox 559 5460 720 5508; x_wconf 81' lang='lat' dir='ltr'><strong>supra</strong></span> <span class='ocrx_word' id='word_1_814' title='bbox 745 5447 904 5510; x_wconf 81' lang='lat' dir='ltr'><strong>epist.</strong></span> <span class='ocrx_word' id='word_1_815' title='bbox 937 5445 1058 5497; x_wconf 67' lang='lat'><strong>“6.</strong></span> <span class='ocrx_word' id='word_1_816' title='bbox 1095 5446 1255 5500; x_wconf 79' lang='lat' dir='ltr'><strong>RiT&#39;r.</strong></span> 
     </span>
    </p>
   </div>
   <div class='ocr_carea' id='block_1_109' title="bbox 465 5511 1950 5587">
    <p class='ocr_par' dir='ltr' id='par_1_109' title="bbox 465 5511 1950 5587">
     <span class='ocr_line' id='line_1_109' title="bbox 465 5511 1950 5587; baseline 0.004 -22"><span class='ocrx_word' id='word_1_817' title='bbox 465 5511 570 5581; x_wconf 83' lang='lat' dir='ltr'><strong>(l9)</strong></span> <span class='ocrx_word' id='word_1_818' title='bbox 604 5514 723 5569; x_wconf 86' lang='lat' dir='ltr'><strong>Post</strong></span> <span class='ocrx_word' id='word_1_819' title='bbox 759 5514 1041 5583; x_wconf 75' lang='grc' dir='ltr'><strong>Εὑστεφίῳ</strong></span> <span class='ocrx_word' id='word_1_820' title='bbox 1066 5516 1187 5575; x_wconf 85' lang='lat' dir='ltr'><strong>cod.</strong></span> <span class='ocrx_word' id='word_1_821' title='bbox 1218 5515 1336 5570; x_wconf 83' lang='lat' dir='ltr'><strong>Vat.</strong></span> <span class='ocrx_word' id='word_1_822' title='bbox 1365 5515 1470 5570; x_wconf 80' lang='grc'>650</span> <span class='ocrx_word' id='word_1_823' title='bbox 1508 5516 1652 5572; x_wconf 82' lang='lat' dir='ltr'><strong>addit</strong></span> <span class='ocrx_word' id='word_1_824' title='bbox 1682 5517 1950 5587; x_wconf 68' lang='grc' dir='ltr'><strong>ναυάρχῳ.</strong></span> 
     </span>
    </p>
   </div>
   <div class='ocr_carea' id='block_1_110' title="bbox 395 5581 599 5635">
    <p class='ocr_par' dir='ltr' id='par_1_110' title="bbox 395 5581 599 5635">
     <span class='ocr_line' id='line_1_110' title="bbox 395 5581 599 5635; baseline -0.01 0"><span class='ocrx_word' id='word_1_825' title='bbox 395 5581 599 5635; x_wconf 71' lang='lat' dir='ltr'><strong>Possm.</strong></span> 
     </span>
    </p>
   </div>
   <div class='ocr_carea' id='block_1_111' title="bbox 2125 5237 3611 5360">
    <p class='ocr_par' dir='ltr' id='par_1_111' title="bbox 2125 5237 3611 5360">
     <span class='ocr_line' id='line_1_111' title="bbox 2125 5237 3611 5360; baseline 0.001 -68"><span class='ocrx_word' id='word_1_826' title='bbox 2125 5241 2234 5360; x_wconf 57' lang='lat'><strong>(“23)</strong></span> <span class='ocrx_word' id='word_1_827' title='bbox 2266 5242 2394 5294; x_wconf 83' lang='lat' dir='ltr'><strong>Cum</strong></span> <span class='ocrx_word' id='word_1_828' title='bbox 2429 5243 2526 5294; x_wconf 84' lang='lat' dir='ltr'><strong>hac.</strong></span> <span class='ocrx_word' id='word_1_829' title='bbox 2570 5242 2724 5310; x_wconf 65' lang='lat' dir='ltr'><strong>epist.</strong></span> <span class='ocrx_word' id='word_1_830' title='bbox 2770 5239 2955 5294; x_wconf 77' lang='lat' dir='ltr'><strong>confer</strong></span> <span class='ocrx_word' id='word_1_831' title='bbox 2994 5239 3152 5307; x_wconf 80' lang='lat' dir='ltr'><strong>epist.</strong></span> <span class='ocrx_word' id='word_1_832' title='bbox 3185 5237 3266 5303; x_wconf 55' lang='lat'><strong>,97</strong></span> <span class='ocrx_word' id='word_1_833' title='bbox 3300 5237 3454 5304; x_wconf 82' lang='lat' dir='ltr'><strong>hujus</strong></span> <span class='ocrx_word' id='word_1_834' title='bbox 3490 5240 3611 5295; x_wconf 82' lang='lat' dir='ltr'><strong>libri</strong></span> 
     </span>
     <span class='ocr_line' id='line_1_112' title="bbox 2225 5325 2574 5360; baseline 0 0"><span class='ocrx_word' id='word_1_835' title='bbox 2225 5326 2337 5360; x_wconf 78' lang='grc' dir='ltr'><strong>ιττ.</strong></span> <span class='ocrx_word' id='word_1_836' title='bbox 2572 5325 2574 5327; x_wconf 89' lang='grc'><strong>·</strong></span> 
     </span>
    </p>
   </div>
   <div class='ocr_carea' id='block_1_112' title="bbox 2057 5325 2574 5361">
    <p class='ocr_par' dir='ltr' id='par_1_112' title="bbox 2057 5325 2574 5361">
     <span class='ocr_line' id='line_1_113' title="bbox 2057 5325 2574 5361; baseline 0.012 -5"><span class='ocrx_word' id='word_1_837' title='bbox 2057 5325 2125 5361; x_wconf 86' lang='grc' dir='ltr'><strong>ιν.</strong></span> <span class='ocrx_word' id='word_1_838' title='bbox 2175 5325 2337 5361; x_wconf 69' lang='grc' dir='ltr'><strong>ΙὶΙΤΤ.</strong></span> <span class='ocrx_word' id='word_1_839' title='bbox 2572 5325 2574 5327; x_wconf 73' lang='grc'><em>’</em></span> 
     </span>
    </p>
   </div>
   <div class='ocr_carea' id='block_1_113' title="bbox 2063 5326 3613 5447">
    <p class='ocr_par' dir='ltr' id='par_1_113' title="bbox 2063 5326 3613 5447">
     <span class='ocr_line' id='line_1_114' title="bbox 2063 5326 3613 5447; baseline -0.006 -14"><span class='ocrx_word' id='word_1_840' title='bbox 2063 5326 2214 5446; x_wconf 56' lang='lat' dir='ltr'><strong>Wt‘lli</strong></span> <span class='ocrx_word' id='word_1_841' title='bbox 2222 5326 2398 5447; x_wconf 48' lang='lat' dir='ltr'><strong>$1}th</strong></span> <span class='ocrx_word' id='word_1_842' title='bbox 2443 5379 2595 5431; x_wconf 73' lang='grc' dir='ltr'><strong>ἑκὼν</strong></span> <span class='ocrx_word' id='word_1_843' title='bbox 2642 5379 2738 5431; x_wconf 74' lang='grc' dir='ltr'><strong>ἐπὶ</strong></span> <span class='ocrx_word' id='word_1_844' title='bbox 2768 5378 2872 5431; x_wconf 84' lang='grc' dir='ltr'><strong>τὸν</strong></span> <span class='ocrx_word' id='word_1_845' title='bbox 2907 5377 3165 5432; x_wconf 77' lang='grc' dir='ltr'><strong>θάνατον</strong></span> <span class='ocrx_word' id='word_1_846' title='bbox 3196 5372 3382 5445; x_wconf 71' lang='grc' dir='ltr'><strong>ἦλθεν</strong></span> <span class='ocrx_word' id='word_1_847' title='bbox 3417 5379 3448 5428; x_wconf 82' lang='grc' dir='ltr'><em>ὁ</em></span> <span class='ocrx_word' id='word_1_848' title='bbox 3480 5381 3613 5445; x_wconf 54' lang='grc' dir='ltr'><strong>Χρι-</strong></span> 
     </span>
    </p>
   </div>
   <div class='ocr_carea' id='block_1_114' title="bbox 2061 5447 3612 5515">
    <p class='ocr_par' dir='ltr' id='par_1_114' title="bbox 2061 5447 3612 5515">
     <span class='ocr_line' id='line_1_115' title="bbox 2061 5447 3612 5515; baseline 0 -14"><span class='ocrx_word' id='word_1_849' title='bbox 2061 5452 2224 5511; x_wconf 86' lang='grc' dir='ltr'><strong>στός.</strong></span> <span class='ocrx_word' id='word_1_850' title='bbox 2275 5448 2576 5502; x_wconf 70' lang='lat' dir='ltr'><strong>Bernarilus</strong></span> <span class='ocrx_word' id='word_1_851' title='bbox 2609 5465 2622 5500; x_wconf 86' lang='lat'><strong>:</strong></span> <span class='ocrx_word' id='word_1_852' title='bbox 2661 5468 2679 5498; x_wconf 77' lang='grc' dir='ltr'><strong>ι</strong></span> <span class='ocrx_word' id='word_1_853' title='bbox 2705 5449 2952 5501; x_wconf 81' lang='lat' dir='ltr'><strong>Christus</strong></span> <span class='ocrx_word' id='word_1_854' title='bbox 2991 5448 3247 5514; x_wconf 78' lang='lat' dir='ltr'><strong>quaesitus</strong></span> <span class='ocrx_word' id='word_1_855' title='bbox 3283 5447 3347 5499; x_wconf 83' lang='lat' dir='ltr'><strong>ad</strong></span> <span class='ocrx_word' id='word_1_856' title='bbox 3393 5462 3612 5515; x_wconf 85' lang='lat' dir='ltr'><strong>ri-gnum</strong></span> 
     </span>
    </p>
   </div>
   <div class='ocr_carea' id='block_1_115' title="bbox 2064 5517 3613 5585">
    <p class='ocr_par' dir='ltr' id='par_1_115' title="bbox 2064 5517 3613 5585">
     <span class='ocr_line' id='line_1_116' title="bbox 2064 5517 3613 5585; baseline -0.001 -17"><span class='ocrx_word' id='word_1_857' title='bbox 2064 5517 2218 5585; x_wconf 79' lang='lat' dir='ltr'><strong>fugit,</strong></span> <span class='ocrx_word' id='word_1_858' title='bbox 2252 5519 2506 5582; x_wconf 64' lang='lat' dir='ltr'><strong>quaesitus</strong></span> <span class='ocrx_word' id='word_1_859' title='bbox 2534 5520 2598 5568; x_wconf 82' lang='lat' dir='ltr'><strong>ad</strong></span> <span class='ocrx_word' id='word_1_860' title='bbox 2624 5530 2848 5569; x_wconf 83' lang='lat' dir='ltr'><strong>mortem</strong></span> <span class='ocrx_word' id='word_1_861' title='bbox 2879 5532 2979 5569; x_wconf 87' lang='lat' dir='ltr'><strong>non</strong></span> <span class='ocrx_word' id='word_1_862' title='bbox 3013 5517 3166 5581; x_wconf 65' lang='lat' dir='ltr'><strong>fugit,</strong></span> <span class='ocrx_word' id='word_1_863' title='bbox 3191 5517 3282 5568; x_wconf 85' lang='lat' dir='ltr'><strong>scd</strong></span> <span class='ocrx_word' id='word_1_864' title='bbox 3311 5530 3426 5568; x_wconf 80' lang='lat' dir='ltr'><strong>sese</strong></span> <span class='ocrx_word' id='word_1_865' title='bbox 3463 5517 3613 5568; x_wconf 82' lang='lat' dir='ltr'><strong>obtu-</strong></span> 
     </span>
    </p>
   </div>
   <div class='ocr_carea' id='block_1_116' title="bbox 2067 5585 3612 5656">
    <p class='ocr_par' dir='ltr' id='par_1_116' title="bbox 2067 5585 3612 5656">
     <span class='ocr_line' id='line_1_117' title="bbox 2067 5585 3612 5656; baseline 0.001 -17"><span class='ocrx_word' id='word_1_866' title='bbox 2067 5588 2144 5640; x_wconf 82' lang='lat' dir='ltr'><strong>lit.</strong></span> <span class='ocrx_word' id='word_1_867' title='bbox 2186 5605 2203 5636; x_wconf 85' lang='grc'><strong>›</strong></span> <span class='ocrx_word' id='word_1_868' title='bbox 2239 5585 2448 5655; x_wconf 77' lang='lat' dir='ltr'><strong>Optime</strong></span> <span class='ocrx_word' id='word_1_869' title='bbox 2482 5588 2640 5656; x_wconf 75' lang='lat' dir='ltr'><strong>igitur</strong></span> <span class='ocrx_word' id='word_1_870' title='bbox 2665 5588 2713 5640; x_wconf 89' lang='lat' dir='ltr'><strong>in</strong></span> <span class='ocrx_word' id='word_1_871' title='bbox 2744 5587 2912 5656; x_wconf 77' lang='lat' dir='ltr'><strong>ipsum</strong></span> <span class='ocrx_word' id='word_1_872' title='bbox 2948 5587 3176 5654; x_wconf 79' lang='lat' dir='ltr'><strong>quadrat</strong></span> <span class='ocrx_word' id='word_1_873' title='bbox 3203 5600 3411 5649; x_wconf 73' lang='lat' dir='ltr'><strong>versus,</strong></span> <span class='ocrx_word' id='word_1_874' title='bbox 3452 5601 3612 5654; x_wconf 76' lang='lat' dir='ltr'><strong>quem</strong></span> 
     </span>
    </p>
   </div>
  </div>
