4020 6140
415 278 546 341 1209

1278 270 1807 333 EPISTOLARUM
1844 271 1988 329 LIB.
2026 271 2124 332 1V.
2161 298 2230 307 -·
2269 276 2506 337 EPIST.
2547 279 2802 341 CXXIX.

3520 266 3654 342 1210

412 388 713 455 ἀπαλλάξαι
773 385 1075 458 βουλόμεθα
1098 401 1112 416 ο
1161 384 1372 457 μήποτε
1419 384 1515 437 καὶ
1565 384 1594 436 6
1658 380 1978 443 Ἀπόστολος

2090 388 2266 460 isnon
2321 392 2655 445 commiserit
2708 400 2928 462 peccata
2982 392 3137 445 venia
3170 392 3395 462 majora,
3426 395 3654 450 dicimus

408 479 503 532 ἐπὶ
530 479 629 548 τῆς
662 476 919 547 πορνείας
947 473 1107 528 τοῦτο
1144 474 1270 544 ἐφη.
1312 474 1415 526 Τὸν
1444 473 1553 543 γὰρ
1602 470 1977 540 πορνεύσαντα

408 567 562 638 παρά
612 564 916 635 Κορινθίοις
975 564 1308 633 σωφρονίσαι
1362 562 1720 633 βουλόμενος,
1774 561 1979 631 ταύτην

410 657 607 729 ἔρρηξε
656 655 753 723 τὴν
809 656 1015 725 φωνήν]
1046 656 1110 708 Ei
1152 655 1208 709 δὲ
1253 655 1349 708 καὶ
1380 655 1589 725 τρίτην,
1624 654 1796 708 ἐννόει
1825 692 1841 714 ,
1897 655 1979 706 δτι

410 748 600 816 ὥσπερ
639 746 667 797 ὁ
715 747 798 809 είς
830 746 1094 799 θάλατταν
1141 749 1289 798 σῖτον
1333 746 1366 815 ἢ
1426 744 1612 816 ἕτερόν
1654 762 1707 797 τι
1758 744 1979 815 σπέρμα

414 840 618 909 ῥίπτων
658 838 737 899 είς
785 836 875 890 τὸν
928 838 1135 907 σπόρον
1166 837 1507 907 ἁμαρτάνει,
1552 835 1778 889 κωλύων
1810 836 1978 889 αὑτὸν

412 933 491 993 είς
532 929 748 997 γένεσιν
781 928 961 982 ἐλθεῖν
984 934 1011 957 ⁶’
1034 928 1177 981 οὕτω
1206 928 1302 981 καὶ
1339 928 1367 980 6
1416 928 1496 989 εἰς
1524 927 1745 997 ἑταίραν
1776 927 1982 997 ῥίπτων

410 1022 473 1074 τὸ
507 1019 703 1074 ἑαυτοῦ
766 1019 1011 1091 σπέρμα,
1033 1021 1115 1081 είς
1149 1020 1211 1072 τὸ
1242 1020 1439 1072 οἰκεῖον
1465 1018 1624 1087 σῶμα
1650 1019 1979 1087 ἁμαρτάνει,

412 1112 626 1182 ἐκείνης
657 1111 720 1164 ού
771 1110 832 1164 τὸ
879 1110 1067 1180 τεχθὲν
1117 1109 1445 1180 ἀναιρούσης
1502 1109 1681 1178 μόνον,
1708 1108 1842 1161 ἀλλά
1889 1108 1984 1162 καὶ

414 1203 668 1272 τεχθῆναι
718 1201 1032 1269 κωλυούσης
1074 1201 1208 1272 (27).
1242 1202 1304 1254 Εἰ
1337 1201 1393 1254 δὲ
1425 1200 1722 1269 τετάρτηνο
1777 1200 1984 1252 ἐννοεῖν

413 1296 542 1364 χρὴ,
571 1296 652 1347 ὅτι
697 1294 819 1346 καθ’
856 1293 883 1345 6
911 1294 1048 1362 δρᾷ,
1104 1293 1196 1346 καὶ
1230 1292 1426 1361 πάσχει
1468 1291 1602 1361 (28).
1642 1291 1702 1343 Ei
1748 1290 1857 1361 γάρ
1908 1290 1982 1361 μὴ

415 1385 646 1451 ἔπαθεν,
672 1386 772 1437 οὐκ
805 1384 870 1437 ἂν
905 1384 1164 1455 ἐρρευσεν
1193 1400 1206 1413 ο
1239 1385 1287 1435 εί
1316 1383 1371 1435 δὲ
1415 1382 1694 1453 ἔρρευσεν,
1729 1382 1941 1452 ἐφθάρη
1966 1397 1979 1410 ·

414 1479 465 1529 εί
509 1478 564 1528 δὲ
604 1476 836 1545 ἐφθάρη,
875 1474 1127 1544 ὑϐρίσθη.
1195 1474 1407 1543 Ἀμέλει
1460 1475 1543 1525 ἐπ’
1578 1473 1803 1543 οὐδεμιᾷ
1850 1472 1983 1543 ἄλλῃ

415 1568 634 1636 πράξει,
681 1567 713 1637 ἦ
746 1567 836 1619 ἐπὶ
868 1566 1001 1635 μόνῃ
1032 1567 1097 1633 τῇ
1131 1565 1322 1635 ἀνδρὸς
1351 1564 1487 1633 πρὸς
1518 1566 1751 1632 γυναῖκα
1785 1562 1987 1631 συνόδῳ

414 1658 634 1726 λέγεται
679 1657 948 1729 ἐφθάρθαι
993 1655 1093 1725 τὴν
1139 1654 1405 1725 παρθένον
1440 1656 1535 1709 καὶ
1581 1655 1672 1708 τὸν
1703 1655 1985 1709 νεανίσκον

416 1747 795 1818 πειραθέντας.
850 1748 913 1799 Et
965 1746 1023 1798 δέ
1065 1746 1157 1799 καὶ
1191 1746 1467 1816 πέμπτην,
1524 1745 1737 1811 ἐννόει,
1799 1745 1883 1798 ὅτι
1909 1744 1987 1815 τῷ

416 1838 593 1909 πόρνῃ
629 1837 1007 1907 συνερχομένῳ
1035 1838 1083 1889 εί
1106 1836 1322 1906 τεχθείη
1357 1836 1586 1899 παιδίον,
1618 1836 1695 1899 εἰς
1726 1834 1984 1905 πορνείαν

416 1929 712 1999 τρέφεται,
760 1929 855 1981 καὶ
890 1930 918 1982 6
948 1927 1091 1999 ὁρῶν
1132 1926 1269 1998 μετά
1299 1926 1511 1991 ταῦτα,
1559 1925 1739 1990 λέξει·
1780 1928 1988 1988 Ὄντως

417 2017 609 2070 ἐαυτὸν
630 2018 834 2081 ἐκεῖνος
852 2016 1127 2087 ἠδίκησεν·
1155 2017 1263 2070 ἰδοὺ
1288 2016 1396 2087 γὰρ
1422 2019 1481 2069 τὸ
1516 2016 1757 2087 σπέρμα,
1790 2016 1988 2086 μᾶλλον

417 2107 477 2160 δὲ
512 2108 572 2160 τὸ
602 2107 757 2178 σῶμα
789 2107 953 2160 αὐτοῦ
994 2106 1268 2177 πορνεύει.
1306 2108 1369 2160 Ei
1404 2107 1462 2160 δὲ
1508 2108 1603 2161 καὶ
1644 2108 1832 2176 ἕκτην,
1864 2107 1986 2159 ἐπί·

417 2216 635 2269 στησον,
668 2200 749 2252 ὅτι
783 2200 829 2251 εί
864 2197 1024 2269 δούλῃ
1064 2216 1148 2262 τις
1196 2200 1568 2269 κοινωνήσειε,
1604 2198 1788 2251 δοῦλον
1836 2198 1988 2251 ἔσται

416 2290 483 2342 τὸ
510 2289 831 2358 τικτόμενον
860 2305 874 2319 ·
908 2290 1026 2351 πῶς
1050 2283 1143 2341 οὖν
1168 2288 1269 2341 οὐκ
1298 2290 1377 2351 εἰς
1404 2288 1597 2342 ἑαυτὸν
1646 2287 1984 2358 ἁμαρτάνει,

416 2379 448 2431 6
490 2377 675 2431 δοῦλον
724 2377 1039 2441 σπουδάζων
1076 2380 1297 2441 τεκεϊν;
1349 2377 1413 2429 Εί
1468 2376 1525 2427 δὲ
1586 2377 1679 2428 καί
1730 2375 1986 2445 ἑϐδόμην,

414 2470 519 2539 δρα
548 2469 630 2521 ὅτι
660 2468 755 2521 καὶ
786 2468 847 2521 τὸ
870 2468 1188 2537 τικτόμενον
1221 2468 1505 2533 ἀδικεῖται,
1541 2466 1690 2520 νόθον
1718 2465 1989 2536 καλούμε-

418 2576 532 2623 νον,
564 2561 658 2613 καὶ
682 2559 879 2628 ἄτιμον
904 2558 1180 2627 πανταχοῦ
1208 2558 1511 2627 γινόμενον,
1546 2557 1649 2611 κᾶν
1680 2558 1738 2610 ἐν
1767 2557 1987 2626 βουλευ-

418 2649 612 2721 τηρίῳ,
647 2648 749 2703 κᾶν
790 2650 848 2703 ἐν
886 2648 1221 2720 δικαστηρίῳ
1281 2648 1432 2718 (29)
1486 2647 1543 2701 δὲ
1594 2646 1809 2717 εἰσέλθῃ
1837 2687 1851 2711 ,
1894 2648 1989 2700 ὲκ-

420 2740 672 2795 6άλλεται
699 2754 715 2769 ⁸
772 2741 840 2794 δι’
889 2733 948 2792 οὗ
981 2742 1072 2793 καὶ
1122 2742 1151 2792 6
1198 2740 1602 2808 φυτευσάμενος
1630 2738 2011 2793 συναπολαύει.

419 2835 520 2904 τῆς
546 2832 806 2903 αἰσχύνης
831 2850 845 2863 ο
888 2832 1188 2901 ὑπόμνημα
1234 2832 1341 2901 γὰρ
1370 2832 1468 2900 τῆς
1502 2830 1707 2893 οἰκείας
1738 2830 1989 2897 λαγνείας

420 2925 760 2995 κατέλειψεν.
801 2926 864 2977 Et
903 2925 959 2977 δὲ
995 2926 1087 2977 καὶ
1124 2924 1337 2993 ὀγδόην,
1376 2922 1761 2991 δοκιμάσωμεν
1800 2922 1894 2973 καὶ
1925 2921 1989 2973 τὸ

2079 481 2468 535 admonitionis
2520 497 2684 536 causa
2720 500 2734 537 :
2770 482 2999 547 Desiste,
3057 483 3128 536 mi
3191 483 3380 549 frater,
3430 486 3497 539 ab
3554 488 3656 541 hoc

2079 572 2270 625 morbo
2301 589 2314 626 :
2348 573 2438 626 hic
2474 574 2694 629 morbus
2727 576 2967 629 omnium
3013 584 3099 630 est
3158 575 3652 653 deterrimushnon

2079 665 2220 729 quod
2254 662 2342 716 hic
2363 678 2553 719 omnes
2576 664 2713 719 alios
2736 674 2975 734 superet,
3016 666 3109 720 sed
3132 665 3275 733 quod
3302 664 3419 733 ipso
3441 681 3656 734 quoque

2079 765 2201 805 eum
2260 751 2493 807 liberare
2550 755 2879 822 cupiamus:
2917 769 3097 808 annon
3146 758 3310 809 etiam
3365 755 3657 822 Apostolus

2080 842 2330 897 similiter
2392 844 2458 898 de
2516 844 2876 899 fornicatione
2910 846 3010 900 hoc
3063 846 3284 899 dixerit.
3339 844 3471 899 Nam
3529 846 3655 899 dum

2081 930 2354 999 corrigere
2387 943 2549 1000 atque
2582 934 2873 988 emendare
2904 934 3063 988 vellet
3089 948 3211 987 eum
3250 934 3341 1002 qui
3369 935 3507 1001 apud
3542 934 3648 987 Co-

2081 1023 2313 1077 rinthios
2348 1022 2641 1079 fornicatus
2670 1035 2808 1090 erat,
2840 1025 2890 1079 in
2925 1026 3061 1079 hanc
3090 1039 3276 1079 vocem
3309 1026 3508 1094 erupit.
3533 1023 3653 1080 Jam

2082 1114 2128 1166 si
2191 1114 2405 1167 tertiam
2469 1128 2683 1181 quoque
2734 1115 2816 1169 vis
2870 1115 2964 1168 tibi
3019 1116 3214 1182 aperiri
3267 1114 3511 1182 januam,
3555 1117 3656 1169 hoc

2083 1202 2451 1256 animadverte
2483 1219 2497 1256 :
2530 1201 2987 1268 Quemadmodum
3023 1204 3113 1271 qui
3156 1202 3209 1256 in
3236 1218 3384 1257 mare
3416 1202 3656 1256 frumen-

2083 1300 2194 1346 tum
2234 1303 2326 1346 aut
2356 1293 2498 1345 aliud
2531 1295 2821 1362 quodpiam
2871 1308 3055 1349 semen
3104 1295 3338 1364 proiicit,
3367 1295 3419 1349 in
3470 1308 3653 1348 semen

2082 1392 2291 1451 peccat,
2317 1380 2442 1436 dum
2500 1382 2553 1436 id
2611 1382 2864 1450 prohibet
2908 1382 2974 1436 ad
3010 1384 3415 1451 generatimiem
3466 1397 3656 1451 perve-

2084 1473 2202 1526 nire
2228 1490 2241 1525 :
2270 1472 2347 1526 ita
2373 1473 2536 1526 etiam
2565 1472 2613 1525 is
2638 1472 2730 1541 qui
2760 1474 2811 1526 in
2848 1474 3187 1528 meretricem
3224 1473 3442 1541 proiicit
3493 1489 3654 1541 suum

2084 1578 2292 1629 semen,
2330 1563 2382 1616 in
2414 1563 2692 1631 proprium
2716 1577 2915 1631 corpus
2952 1568 3164 1630 peccat,
3194 1562 3307 1631 ipsa
3340 1576 3444 1615 non
3483 1562 3657 1615 soluat

2089 1658 2385 1725 perimente
2423 1654 2482 1708 id
2530 1655 2672 1724 quod
2721 1664 2904 1708 natum
2950 1652 3137 1716 fuerit,
3175 1653 3267 1707 sed
3304 1654 3450 1708 nasci
3476 1655 3661 1722 prohi-

2089 1749 2266 1803 bente.
2297 1747 2466 1801 Porro
2491 1747 2536 1811 si
2563 1755 2811 1815 quartam
2871 1743 3192 1815 (desideras
3248 1744 3655 1813 interpretatio-

2090 1839 2246 1908 nem)
2292 1838 2530 1904 cogitare
2569 1842 2804 1903 oportet,
2858 1834 3154 1889 secundum
3214 1836 3266 1889 id
3330 1837 3473 1905 quod
3524 1838 3655 1905 agit,

2089 1930 2261 1997 ipsum
2298 1929 2457 1983 etiam
2493 1930 2624 1998 pati.
2653 1929 2787 1983 Nam
2820 1928 2924 1984 nisi
2973 1944 3164 1998 passus
3195 1930 3325 1999 quid
3353 1940 3519 1993 esset,
3552 1944 3656 1981 non

2088 2023 2353 2077 ﬂuxisset.
2390 2021 2446 2076 Si
2504 2030 2682 2075 autem
2734 2020 2906 2088 ﬂuxit,
2944 2032 3235 2092 corruptus
3277 2032 3360 2075 est
3389 2040 3402 2076 :
3431 2022 3474 2075 si
3528 2036 3659 2075 vero

2087 2124 2372 2182 corruptus
2403 2123 2505 2178 est,
2551 2113 2873 2167 contumelia
2923 2113 3145 2169 affectus
3194 2123 3297 2167 est.
3322 2112 3452 2178 Qua-
3481 2112 3645 2165 etiam

2090 2220 2246 2259 causa
2273 2214 2377 2271 est,
2409 2205 2551 2274 quod
2585 2204 2653 2259 de
2684 2204 2826 2259 nulla
2881 2205 2987 2260 alia
3046 2206 3278 2269 actione,
3316 2203 3408 2258 sed
3434 2203 3501 2258 de
3546 2202 3661 2255 solo

2089 2296 2188 2349 viri
2213 2310 2335 2348 cum
2375 2295 2597 2349 muliere
2633 2311 2926 2365 congressu
2960 2296 3177 2360 dicitur,
3202 2303 3490 2362 corruptos
3539 2306 3662 2346 esse

2090 2386 2353 2453 virginem
2382 2394 2439 2440 et
2466 2385 2866 2440 adolescentem
2904 2401 3016 2440 rem
3051 2394 3301 2454 expertos
3334 2398 3646 2439 veneream.

2090 2480 2148 2534 Si
2205 2487 2257 2533 et
2309 2478 2692 2546 quintam(vis
2751 2474 3318 2547 interpretationem),
3354 2477 3554 2543 cegita,
3613 2474 3658 2526 si

2088 2573 2136 2625 ei
2164 2570 2256 2639 qui
2289 2584 2411 2624 cum
2437 2579 2619 2624 scorto
2647 2584 2975 2638 congressus
3030 2578 3136 2634 est,
3163 2578 3323 2622 natus
3353 2565 3522 2620 fuerit
3554 2564 3657 2617 ali-

2089 2663 2211 2731 quis
2268 2662 2432 2726 filius,
2466 2663 2511 2716 is
2567 2662 2635 2715 ad
2687 2660 3095 2714 fornicationem
3157 2660 3439 2720 educatur,
3465 2664 3518 2709 et
3566 2655 3659 2724 qui

2092 2764 2275 2821 pOStea
2304 2768 2426 2806 eum
2462 2752 2827 2820 conspexerit,
2855 2751 2996 2804 dicet
3033 2767 3045 2802 :
3081 2747 3288 2801 Revera
3322 2746 3374 2799 in
3417 2746 3658 2813 scipsmn

2091 2843 2179 2897 ille
2225 2842 2324 2895 fuit
2375 2842 2603 2910 injurius
2646 2859 2661 2895 :
2704 2857 2833 2896 ecce
2879 2842 3022 2895 enim
3083 2856 3290 2905 semen,
3335 2838 3415 2892 vel
3478 2837 3661 2906 potius

2091 2948 2286 3000 corpus
2318 2930 2433 2998 ejus
2466 2940 2758 2985 scortator.
2784 2932 2839 2983 Si
2873 2945 2998 2983 vero
3035 2930 3197 2984 etiam
3250 2938 3487 2990 sextam,
3519 2928 3662 2982 scire

421 3018 793 3091 ῥηθησόμενον
819 3032 832 3045 ⁸
866 3016 1056 3086 ἐπειδὴ
1089 3019 1117 3069 ὁ
1148 3014 1446 3086 πορνεύων,
1483 3013 1541 3066 ἓν
1569 3012 1702 3083 πρὸς
1729 3012 1827 3081 τὴν
1855 3029 1991 3082 πορ-

2095 3025 2274 3089 debes,
2307 3024 2447 3091 quod
2474 3024 2516 3077 si
2548 3038 2667 3078 cum
2722 3038 2876 3076 serva
2908 3022 3028 3089 quis
3085 3036 3195 3073 rem
3248 3019 3515 3083 habuerit,
3543 3033 3661 3073 ser-

418 3111 717 3181 νευομένην
742 3108 952 3177 γίνεται
976 3147 991 3170 ,
1022 3110 1097 3170 ὡς
1134 3107 1203 3159 τὰ
1229 3107 1403 3159 οἰκεῖα
1435 3104 1570 3175 μέλη
1591 3102 1758 3157 ποιῶν
1784 3106 1993 3174 πόρνης

421 3201 579 3273 μέλη.
609 3202 688 3263 είς
716 3200 907 3253 ἑαυτὸν
941 3199 1018 3269 τῷ
1051 3199 1165 3251 ὄντι
1209 3196 1533 3267 ἁμαρτάνει.
1563 3196 1710 3264 Φόνῳ
1743 3196 1841 3264 μὲν
1881 3197 1990 3265 γάρ

416 3310 562 3356 τινες
585 3287 644 3346 εὖ
675 3293 975 3363 ἐχρήσαντο
1007 3290 1102 3361 (ὡς
1124 3288 1328 3358 Μωσῆς
1352 3288 1445 3340 καὶ
1468 3286 1698 3355 Φινεὲς),
1730 3287 1824 3340 καὶ
1853 3288 1990 3358 ὀργῇ

421 3384 473 3456 (6
493 3384 694 3454 Πέτρος
726 3386 817 3437 καὶ
841 3381 1096 3450 Παῦλος)·
1131 3380 1354 3451 πορνείᾳ
1386 3380 1442 3432 δὲ
1477 3379 1650 3441 οὐδεὶς
1688 3379 1906 3431 πώποτε
1931 3376 1991 3433 εὖ

418 3476 708 3546 ἐχρήσατο.
742 3474 832 3526 Διὸ
872 3474 1080 3526 καὶτὸν
1106 3473 1318 3543 δρῶντα
1354 3472 1591 3542 μολύνει.
1629 3470 1827 3524 Σιωπῶ
1858 3470 1991 3541 γὰρ,

419 3566 502 3619 ὅτι
529 3567 653 3628 τοὺς
680 3567 736 3618 ἐν
758 3565 976 3634 πολέμῳ
1000 3563 1318 3633 φονεύοντας
1350 3564 1443 3616 καὶ
1472 3562 1684 3632 στηλῶν
1707 3562 1799 3615 καὶ
1824 3564 1993 3633 ἀναρ-

422 3658 632 3729 ῥήσεων
661 3654 921 3720 ἀξιοῦσιν.
958 3656 1021 3707 El.
1066 3655 1122 3707 δὲ
1174 3656 1269 3707 καὶ
1310 3654 1584 3724 τραπῆναι
1619 3655 1766 3724 ἡμᾶς
1818 3653 1993 3724 βούλει

417 3751 498 3814 εἰς
535 3750 635 3821 τὴν
666 3749 769 3817 τῆς
810 3747 1139 3819 ἀλληγορίας
1168 3747 1306 3809 ὁδὸν,
1339 3748 1533 3815 ἐννάτη
1562 3744 1701 3799 ἔστω
1728 3748 1761 3815 ἡ
1795 3745 1993 3814 λεχθη-

420 3840 648 3909 σομένη.
696 3839 913 3909 Ἐπειδὴ
957 3841 1014 3891 ἓν
1050 3839 1213 3909 σῶμά
1239 3840 1387 3891 ἐστιν
1426 3839 1458 3907 ή
1508 3836 1828 3906 Ἐκκλησία,
1864 3837 1913 3889 οἱ
1936 3837 1993 3889 δὲ

419 3936 608 3995 καθεῖς
658 3934 902 4003 ἀλλήλων
955 3934 1088 4003 μέλη
1116 3934 1182 3996 ,ὁ
1210 3933 1268 3985 δὲ
1320 3929 1601 3999 πορνεύων
1655 3931 1734 3992 εἰς
1789 3928 1996 3993 πάντας

419 4026 726 4096 ἁμαρτάνει
755 4042 771 4058 ο
802 4024 1091 4094 ἀνατρέχει
1121 4024 1227 4094 γὰρ
1260 4022 1424 4078 αὑτοῦ
1454 4023 1515 4075 τὸ
1546 4022 1769 4091 σφάλμα
1813 4022 1906 4074 ἐπὶ
1934 4022 1995 4074 τὸ

418 4115 522 4183 τῆς
563 4114 888 4183 Ἐκκλησίας
924 4116 1198 4184 πλήρωμα
1220 4157 1234 4179 ,
1268 4106 1327 4165 οὗ
1358 4113 1454 4166 καὶ
1493 4114 1796 4182 ἐκκοπῆναι
1833 4112 1995 4165 αὑτὸν

418 4206 774 4277 προσέταξεν,
817 4206 921 4269 ἓως
964 4207 1031 4259 ἂν
1079 4207 1409 4276 μετανοήσῃ.
1457 4205 1521 4257 Εἰ
1553 4204 1609 4257 δὲ
1637 4205 1730 4257 καὶ
1761 4204 1994 4272 δεκάτην

424 4295 623 4366 βούλει,
664 4295 883 4364 λεχθείη
914 4295 1012 4361 ἂν,
1058 4295 1140 4349 ὅτι
1184 4295 1371 4365 ἐπειδὴ
1408 4295 1457 4346 οἱ
1493 4294 1643 4364 νόμῳ
1680 4293 1775 4346 τοῦ
1809 4294 1991 4364 τιμίου

2097 3130 2220 3168 vum
2281 3114 2384 3168 erit
2407 3114 2458 3167 id
2488 3117 2632 3182 quod
2678 3128 2745 3167 ex
2794 3127 2857 3167 ca
2913 3120 3182 3166 nascetur.
3206 3111 3483 3177 Quomodo
3534 3124 3664 3179 ergo

2099 3222 2202 3260 non
2271 3206 2323 3259 itt
2374 3207 2613 3274 seipsum
2666 3213 2875 3273 peccat,
2904 3204 2995 3271 qui
3058 3215 3274 3255 servum
3311 3201 3507 3269 satagit
3533 3214 3660 3269 pro-

2095 3298 2326 3352 creare?
2372 3298 2427 3351 Si
2470 3306 2525 3350 et
2572 3296 2882 3364 septimam,
2917 3293 3037 3347 vide
3060 3295 3201 3361 quod
3228 3292 3395 3345 etiam
3433 3292 3483 3343 id
3520 3292 3664 3357 quod

2094 3404 2159 3442 ex
2214 3388 2304 3441 tali
2361 3387 2645 3454 complexu
2705 3387 2966 3451 nascitur,
3026 3383 3353 3439 contumelia
3409 3380 3662 3445 afﬁcitur,

2093 3478 2288 3547 quippe
2315 3477 2456 3545 quod
2490 3475 2711 3530 nothum
2768 3489 2831 3530 ac
2886 3474 3127 3543 spurium
3159 3480 3400 3537 vocetur,
3424 3479 3478 3525 et
3506 3472 3663 3539 igno-

2095 3570 2258 3624 minia
2292 3569 2489 3636 ubique
2524 3567 2765 3621 locorum
2800 3575 3019 3619 notetur
3054 3583 3069 3619 :
3104 3572 3160 3618 et
3188 3565 3304 3618 sive
3347 3564 3399 3617 itt
3430 3577 3664 3616 senacu-

2092 3664 2201 3717 lum
2227 3663 2338 3716 sive
2366 3660 2418 3714 in
2439 3660 2699 3729 judicium
2746 3657 3103 3727 ingrediatur,
3134 3656 3259 3711 inde
3288 3657 3610 3723 exturbatur
3646 3674 3659 3709 :

2093 3768 2200 3823 quo
2233 3753 2350 3822 ipso
2400 3751 2563 3805 etiam
2619 3750 2832 3820 genitor
2874 3749 2991 3818 ejus
3050 3748 3230 3817 probri
3261 3756 3314 3800 et
3357 3747 3667 3814 ignominiaa

2097 3844 2364 3912 particeps
2392 3843 2474 3894 ﬁt.
2507 3840 2909 3894 Monumentum
2943 3839 3086 3891 enim
3156 3852 3269 3891 sua:
3324 3836 3561 3889 libidinis
3602 3852 3665 3889 ac

2097 3928 2331 3983 lascivia:
2370 3936 2489 3997 post
2545 3941 2606 3982 se
2657 3927 2898 3996 reliquit.
2937 3925 2994 3979 Si
3022 3941 3149 3979 vero
3202 3925 3367 3978 etiam
3418 3936 3664 3979 octavam

2095 4018 2365 4089 (requiris
2414 4017 2978 4087 interpretationem),
3036 4016 3409 4070 cxamiuemus
3457 4025 3510 4069 et
3566 4018 3668 4070 hoc

2092 4114 2237 4182 quod
2272 4113 2483 4167 dicetur
2516 4130 2528 4167 :
2559 4112 2692 4179 Quia
2722 4112 2811 4181 qui
2841 4112 3163 4174 fornicatur,
3197 4124 3360 4163 unum
3406 4110 3664 4178 quiddam

2096 4217 2216 4256 cum
2252 4215 2312 4256 ea
2342 4202 2566 4267 lit,cum
2608 4217 2715 4270 qua
2767 4216 2828 4255 se
2886 4202 3225 4263 commiscet,
3254 4202 3395 4267 quod
3454 4202 3667 4269 propria

2099 4308 2194 4347 sua
2227 4294 2469 4348 membra
2500 4292 2664 4347 faciat
2709 4293 2874 4348 scorti
2912 4293 3153 4347 membra
3188 4310 3201 4345 :
3234 4294 3285 4346 in
3316 4294 3667 4361 semetipsum

422 4388 600 4456 γάμου
635 4386 906 4449 συνιόντες
930 4386 989 4439 ἓν
1015 4386 1177 4455 σῶμα
1201 4385 1457 4452 γίνονται·
1496 4384 1541 4455 (ι
1580 4385 1833 4437 Ἔσονται
1860 4386 1987 4455 γὰρ,

2100 4398 2286 4439 revera
2342 4394 2547 4453 peccat.
2580 4383 2713 4437 Nam
2780 4385 2925 4439 caede
2974 4388 3187 4454 quidem
3247 4386 3484 4440 nonnulli
3534 4387 3669 4439 bene

422 4478 607 4545 φησιν,
629 4479 678 4528 οἱ
696 4476 786 4529 δύο
801 4480 879 4540 εἰς
902 4478 1079 4547 σάρκα
1103 4479 1247 4542 μίαν·
1263 4498 1281 4528 ι
1316 4477 1395 4529 διὸ
1412 4478 1505 4529 καὶ
1533 4478 1564 4545 ή
1584 4476 1718 4545 γυνὴ
1738 4476 1831 4528 τοῦ
1860 4476 1987 4528 ίδίου

424 4567 673 4637 σώματος
697 4568 796 4620 οὐκ
836 4568 1156 4633 ἐξουσιάζει,
1196 4568 1308 4619 ἀλλ’
1341 4569 1369 4619 ὁ
1412 4567 1549 4636 ἀνήρ
1579 4583 1592 4596 ο
1644 4566 1751 4617 οὐδ’
1792 4568 1821 4618 6
1851 4567 1990 4637 ἀνὴρ

421 4658 515 4710 τοῦ
550 4658 677 4710 ἰδίου
710 4657 958 4727 σώματος
987 4658 1310 4723 ἐξουσιάζει,
1341 4660 1455 4711 ἀλλ’
1486 4661 1517 4728 ἡ
1550 4658 1733 4728 γυνή)·
1768 4659 1992 4720 εἰκότως

423 4751 451 4801 6
480 4748 755 4817 πορνεύων
802 4749 902 4814 μὲν
944 4750 1104 4819 ἀνὴρ,
1140 4752 1216 4811 εἰς
1250 4750 1349 4819 τὴν
1393 4750 1669 4819 γαμετὴν,
1718 4749 1991 4800 τουτέστιν

425 4842 504 4903 εἰς
541 4839 600 4891 τὸ
634 4838 759 4892 ἴδιον
808 4839 969 4908 σῶμα
1028 4840 1140 4909 (50)
1201 4840 1501 4908 ἁμαρτάνει
1528 4856 1541 4869 ·
1573 4841 1606 4908 ἡ
1636 4838 1692 4891 δὲ
1734 4854 1991 4907 πορνευο-

443 4930 601 5001 μένη,
650 4931 728 4994 είς
754 4930 816 4983 τὸ
846 4931 976 4985 ἴδιον
1004 4930 1183 5000 σῶμα,
1213 4930 1485 4994 τουτέστι,
1514 4930 1604 4983 τὸν
1633 4929 1820 5001 ἄνδρα,
1852 4930 2009 4999 σῶμα

2101 4478 2178 4529 ttsi
2221 4484 2385 4530 sunt:
2424 4486 2480 4528 ut
2538 4475 2713 4529 Moses
2760 4486 2813 4528 et
2849 4476 3197 4544 Phinees;et
3243 4477 3319 4531 ira
3381 4477 3572 4530 Petrus
3615 4486 3669 4528 et

2099 4567 2334 4631 Paulus;
2372 4567 2727 4620 fornicatione
2776 4576 2952 4621 autem
3018 4584 3177 4622 nemo
3231 4583 3465 4636 unquam
3526 4568 3663 4619 bene

2102 4674 2229 4712 usus
2250 4666 2351 4711 est.
2389 4657 2500 4723 Qua
2538 4658 2601 4710 de
2652 4674 2815 4710 causa
2869 4659 3030 4713 etiam
3078 4659 3251 4725 ipsum
3287 4658 3376 4725 qui
3414 4666 3665 4724 stuprum

2098 4758 2292 4818 patrat,
2324 4750 2532 4817 polluit.
2559 4749 2726 4820 486
2750 4749 2923 4803 Taceo
2976 4751 3141 4809 enim,
3177 4750 3317 4817 quod
3347 4763 3462 4812 eos,
3486 4748 3577 4815 qui
3613 4747 3668 4800 in

2100 4839 2239 4893 bello
2267 4842 2443 4893 caedes
2469 4842 2833 4904 connnittunt,
2864 4842 3028 4895 etiam
3056 4841 3319 4894 columnis
3361 4850 3417 4893 et
3463 4854 3669 4907 praeco-

2120 4930 2222 4984 niis
2259 4930 2445 4999 dignos
2493 4940 2547 4983 et
2603 4931 2946 4986 honorandos
2974 4941 3217 4986 censent.
3242 4929 3393 4995 Quod
3428 4929 3473 4985 si
3503 4931 3669 4984 etiam

1532 5083 1768 5139 VARI/1‘1
1804 5082 2187 5138 LECTIUNES
2229 5082 2316 5138 ET
2347 5081 2576 5137 NOTIE.

501 5223 609 5294 (27)
640 5223 784 5290 Hmc,
810 5222 871 5275 ού
914 5221 1139 5294 μόνον..)
1186 5220 1500 5294 κωλυούσης
1533 5235 1641 5274 om.
1676 5221 1761 5274 ed.
1806 5218 1975 5273 Paris.

429 5291 757 5361 Supplentur
784 5308 845 5345 ex
878 5291 1063 5361 codice
1092 5291 1269 5361 vatio.
1300 5291 1402 5344 650
1427 5291 1585 5361 Ερίιτ.

501 5358 611 5432 (ἓὸ)
654 5365 787 5416 Καθ’
828 5362 858 5413 ὃ
891 5360 1020 5427 δρᾷ,
1050 5360 1145 5413 καὶ
1191 5358 1565 5432 πάσχειηΜζς.
1604 5358 1829 5432 καθ’νδν,
1884 5372 1985 5432 non

430 5426 813 5489 τειῖιεξΝοιιιιιι
848 5426 933 5485 est
962 5432 1090 5483 illud
1137 5426 1412 5487 vetus,"l‘6
1432 5428 1643 5498 δρῶντα
1675 5428 1753 5478 δεῖ
1789 5442 1839 5498 τι
1894 5426 1987 5476 καὶ

428 5503 641 5555 παθεῖν.
673 5499 862 5552 Nolunt
910 5509 965 5551 et
994 5499 1334 5566 physicorum
1386 5496 1727 5551 consentiens
1768 5496 1982 5563 dogma.

428 5574 505 5627 Eo
532 5583 583 5621 et
614 5572 699 5623 hic
731 5570 996 5634 respicere
1030 5568 1240 5617 videtur
1273 5568 1520 5619 Isidorus.
1560 5568 1719 5619 Ιὶιττ.

501 5642 612 5709 \29)
649 5639 756 5694 Καὶ
812 5638 877 5691 ἐν
900 5637 1331 5703 βουλευτηρίῳ,
1370 5636 1467 5689 καὶ
1505 5637 1574 5689 ἐν
1602 5636 1978 5702 δικαστηρίῳ.

2085 5216 2189 5269 Pro
2242 5219 2297 5269 ἐν
2361 5227 2588 5284 utroque
2646 5217 2764 5270 loco
2803 5214 2889 5268 hic
2935 5214 3299 5281 reponendum
3348 5228 3546 5269 censeo
3593 5215 3665 5267 εί.

2092 5286 2273 5339 Possis
2324 5288 2485 5341 etiam
2517 5296 2747 5355 retento
2815 5286 2871 5335 ἐν
2936 5295 3062 5338 ante
3115 5284 3332 5355 εἰσέλθῃ
3408 5300 3670 5353 reponere

2093 5357 2347 5409 omissum
2388 5357 2470 5408 ἄν.
2514 5354 2587 5408 iD.

2164 5426 2273 5494 (50)
2305 5424 2433 5490 Qua:
2483 5432 2779 5492 sequuntur
2826 5433 2942 5492 post
2976 5423 3106 5475 ἴδιον
3154 5424 3335 5484 σῶμα,
3390 5424 3667 5487 nimirum,

2093 5496 2429 5562 ἁμαρτάνει·
2465 5495 2582 5564 ἡδὲ
2630 5494 3025 5564 πορνευομένη,
3065 5494 3144 5555 εἰς
3187 5494 3246 5546 τὸ
3300 5494 3429 5545 ἴδιον
3486 5494 3665 5562 σῶμα,

2094 5564 2499 5687 lt.cc,Pinquant,
2524 5563 2703 5619 omnia
2731 5575 2787 5617 ut
2811 5564 3081 5634 superﬂua
3107 5564 3355 5619 cod.\'at.
3380 5564 3482 5618 (ibi)
3505 5580 3640 5617 otntt
3666 5598 3669 5605 η

2095 5643 2175 5687 ιιι.
2257 5649 2419 5687 υδεικ.

2095 5634 2175 5688 tit.
2216 5634 2419 5688 Possm.
