4020 6140
425 252 560 319 1213

1268 262 1801 326 EPISTOLARU‘M
1844 268 1988 327 LIB.
2028 271 2125 330 ιν.
2169 296 2235 305 -
2266 270 2499 330 EPIST.
2540 271 2828 330 CXXXII.

3528 262 3658 328 12H

423 369 532 421 τῶν
555 366 808 421 ἐναντίων
832 367 1049 440 ἔχθραν,
1070 369 1135 423 δι’
1157 371 1222 442 ἢν
1243 373 1637 443 ἐκροτήθησαν,
1664 378 1990 441 ἐννοοῦντες,

2100 380 2329 432 ditorum
2371 378 2816 441 benevolentiam,
2842 392 2946 430 non
2974 376 3264 429 amicitiam
3298 390 3421 443 crga
3449 389 3527 437 se,
3552 392 3657 429 non

422 459 487 512 οὐ
539 460 698 530 μόνον
730 460 835 513 ὑπὸ
868 462 977 513 τῶν
1024 462 1235 532 κρότων
1281 466 1687 535 πτερωθέντες,
1734 470 1869 523 ἀλλά
1898 472 1994 523 καὶ

421 549 529 603 ὑπὸ
560 550 844 618 φιλαυτίας
874 552 1186 621 μεθύοντες,
1213 555 1273 608 οὐ
1305 557 1411 626 μὴν
1437 557 1570 610 ἀλλά
1598 560 1689 612 καὶ
1724 560 1828 611 ὑπὸ
1862 578 1995 631 προ-

416 641 633 711 λήψεως
670 645 1083 715 κεχειρωμένοι,
1118 645 1503 716 δογματίζουσι
1533 648 1799 713 πολλάκις
1831 650 1994 714 ἀδοξά

415 748 535 783 τινα
582 730 677 783 καὶ
708 732 1093 800 καταγέλαστα
1123 736 1405 805 δόγματα·
1452 737 1644 792 ἔπειτα
1666 780 1681 805 ,
1709 740 1827 793 δέον
1856 741 1992 812 μηδὲ

415 820 504 873 διά
563 820 808 890 γλώττης
862 823 1274 896 προφέρεσθαι,
1319 829 1612 896 κρατύνειν
1668 832 1989 901 πειρῶνται.

416 911 537 980 Χρὴ
568 911 857 981 τοιγαροῦν
882 916 1009 977 τοὺς
1038 915 1097 967 ἐν
1128 918 1240 979 τοῖς
1279 919 1506 971 τοιοῖσδε
1551 920 1730 988 λόγοις
1763 921 1991 989 φοιτῶν-

414 1016 534 1064 τας,
572 998 939 1068 γινώσκοντας
959 1043 973 1063 ,
1001 1004 1082 1057 ὅτι
1110 1005 1241 1074 περὶ
1270 1005 1452 1077 ψυχῆς
1477 1008 1625 1062 ἐστιν
1656 1010 1686 1061 ὀ
1714 1010 1987 1075 κίνδυνος,

414 1089 513 1142 καὶ
540 1091 621 1142 ὄτι
653 1091 752 1160 τῆς
788 1093 1048 1161 ἀληθείας
1075 1095 1229 1148 οὐδὲν
1256 1098 1710 1170 προύργιαίτερον
1730 1116 1743 1128 ·
1787 1101 1849 1153 ού
1884 1100 1989 1171 μὴν

415 1178 473 1231 δὲ
497 1178 633 1232 ἀλλά
652 1182 744 1232 καὶ
781 1182 1100 1246 ἐννοοῦντας
1137 1184 1207 1237 τά
1242 1188 1419 1253 κακὰ,
1450 1189 1519 1242 τά
1548 1189 1613 1243 ἐκ
1660 1192 1759 1261 τῆς
1788 1190 1989 1261 ἔχθρας

416 1269 511 1321 καὶ
538 1271 637 1334 τῆς
670 1269 995 1339 προλήψεως
1019 1274 1343 1345 τικτόμενα,
1374 1280 1589 1341 κοινοὺς
1630 1281 1727 1350 μέν
1763 1281 1988 1345 ἑαυτοὺς
2026 1273 2035 1289 ’

420 1359 687 1430 παρέχειν
734 1363 848 1413 τοῖν
893 1361 1167 1431 λεγόντοιν
1217 1367 1525 1438 ἀκροατὰς,
1556 1370 1617 1423 ού
1663 1370 1769 1441 μὴν
1804 1372 1983 1435 ίσους’

413 1446 531 1501 ἔστι
560 1447 604 1500 δ’
646 1448 707 1501 ού
746 1450 971 1512 ταυτὸν,
1011 1451 1087 1515 ὡς
1114 1453 1315 1506 οἴονταί
1352 1473 1518 1518 τινες.
1544 1458 1710 1526 Κοινῇ
1746 1457 1845 1527 μὲν
1877 1458 1986 1527 γάρ

414 1538 523 1607 χρὴ
546 1537 851 1607 ἀκροᾶσθαι
882 1540 1208 1612 ἀμφοτέρων
1227 1558 1243 1573 ο
1273 1544 1336 1597 ού
1370 1544 1479 1614 μὴν
1514 1546 1762 1617 ἐκατέρῳ
1797 1546 1986 1615 νέμειν

413 1627 478 1680 τὸ
518 1623 668 1681 ἴσον·
708 1628 844 1682 ἀλλά
886 1630 964 1700 τῷ
1012 1632 1113 1701 μὲν
1147 1636 1499 1706 συνετωτέρῳ
1550 1637 1771 1706 μᾶλλον,
1820 1636 1898 1707 τῷ
1927 1639 1983 1691 δὲ

2094 468 2524 521 adversariorum
2555 466 2763 528 odium,
2798 476 2933 532 quas
2964 462 3031 516 ob
3079 477 3165 515 res
3220 461 3435 529 plausus
3480 468 3534 511 et
3572 469 3655 511 tu»

2096 556 2293 610 multus
2325 555 2540 610 excitati
2576 566 2722 615 sunt,
2755 553 3075 622 cogitantes,
3096 565 3201 605 non
3237 550 3410 604 solum
3435 548 3659 617 applau-

2092 647 2243 701 sibus
2267 645 2571 700 istiusmodi
2602 644 2753 707 elati,
2787 642 2880 697 sed
2911 642 3075 696 etiam
3107 654 3291 693 amore
3314 638 3395 692 sui
3423 636 3660 690 inebria-

2093 737 2156 800 ti,
2188 737 2316 805 quin
2348 745 2402 791 et
2460 735 2529 789 ab
2572 734 2864 802 anticipata
2905 731 3082 800 aliqua
3137 728 3393 797 opinione
3437 726 3656 789 devicti,

2091 841 2232 894 διιδρο
2254 826 2485 879 absurda
2514 833 2674 893 atque
2712 821 2936 877 ridicula
2993 820 3234 888 qutedam
3286 816 3534 884 dogmata
3566 827 3661 866 ex-

2090 918 2329 988 cogitant
2367 928 2420 972 et
2454 916 2707 981 tradunt;
2740 915 2932 969 deinde
2976 927 3097 967 cum
3130 925 3197 964 ne
3232 909 3447 978 quidem
3473 908 3654 975 lingua

2089 1009 2319 1079 proferri
2350 1020 2411 1061 ea
2442 1006 2765 1075 oportuerit,
2784 1004 3029 1058 obtinere
3062 1002 3227 1056 etiam
3285 999 3375 1053 illa
3428 1005 3659 1053 conten-

2090 1101 2243 1155 dunt.
2278 1098 2409 1166 Quae
2440 1114 2561 1153 cum
2590 1097 2662 1151 ita
2715 1098 2844 1157 sint,
2874 1102 3090 1164 oportet
3138 1089 3403 1162 ejusmodi
3460 1087 3662 1142 doctri-

2091 1204 2280 1242 narum
2304 1187 2599 1249 studiosos,
2618 1199 2741 1239 cum
2770 1183 2971 1248 sciant,
2998 1182 3234 1235 animam
3257 1178 3347 1233 hic
3371 1178 3422 1233 in
3461 1176 3661 1231 discri-

2090 1280 2234 1334 mine
2291 1275 2521 1341 versari,
2576 1282 2631 1329 et
2686 1273 2916 1328 veritate
2977 1270 3112 1324 nihil
3160 1265 3518 1338 przcstabilius
3564 1272 3660 1318 aut

2089 1368 2367 1438 antiquius
2390 1381 2535 1431 esse,
2572 1373 2839 1435 praeterea
2864 1362 3026 1416 etiam
3075 1360 3375 1429 cogitantes
3399 1371 3460 1410 ea
3495 1354 3657 1418 mala,

2088 1476 2207 1531 qua:
2232 1475 2295 1515 ex
2314 1459 2438 1514 odio
2489 1467 2544 1512 et
2582 1455 2877 1524 anticipata
2911 1452 3169 1522 opinione
3194 1450 3473 1510 oriuntur,
3502 1461 3656 1507 com-

2089 1561 2276 1602 munes
2322 1545 2539 1613 quidem
2588 1557 2648 1599 se
2710 1544 2949 1613 praebere
3013 1538 3307 1594 dicentium
3352 1535 3655 1599 auditores;

2089 1652 2195 1692 non
2223 1646 2401 1690 tamen
2432 1634 2689 1703 aequales.
2732 1632 2847 1687 Non
2882 1639 2965 1686 est
2994 1637 3174 1684 autem
3201 1643 3366 1682 unum
3404 1636 3459 1681 et
3490 1626 3657 1689 idem,

413 1717 780 1789 ἀμαθεστέρῳ
816 1714 981 1791 ἧττον
1004 1738 1017 1753 ·
1054 1724 1149 1776 καὶ
1178 1724 1254 1791 τῷ
1287 1726 1386 1793 μὲν
1426 1726 1573 1796 σοφῷ
1600 1728 1876 1791 ἐπαίνους,
1904 1729 1983 1797 τῷ

2087 1738 2144 1782 ιιι
2175 1726 2391 1796 quidam
2431 1726 2784 1779 arbitrantur.
2810 1721 2947 1776 Nam
2977 1728 3189 1789 op0rtet
3210 1719 3426 1787 quidem
3451 1725 3657 1770 utrum-

411 1807 472 1862 δὲ
500 1810 815 1880 ἀπαιδεύτῳ
841 1852 855 1874 ,
882 1813 929 1864 εἰ
960 1814 1059 1882 μὲν
1086 1814 1189 1867 ὑπὸ
1210 1816 1393 1885 ψόγων
1425 1813 1539 1875 οἶός
1568 1836 1626 1871 τε
1655 1819 1740 1890 εἴη
1771 1837 1982 1888 σωφροο

414 1899 703 1968 νισθῆναι,
730 1901 965 1970 ψόγους·
1000 1905 1049 1956 εἰ
1084 1904 1141 1958 δὲ
1182 1906 1280 1976 μὴ,
1315 1909 1497 1978 σιγήν.
1542 1909 1728 1962 Ταῦτα
1761 1910 1859 1979 μὲν
1890 1906 1984 1963 οὖν

412 1992 544 2061 περὶ
577 1990 685 2043 τῶν
714 1993 1081 2063 ἀκροωμένων
1126 1996 1386 2067 είρήσθω.
1418 1999 1558 2062 Τοὺς
1594 1999 1651 2052 δὲ
1686 2000 1942 2064 λέγοντας
1968 2040 1983 2065 ,

414 2081 865 2152 πρεπωδέστερον
886 2080 1024 2136 εἷναί
1043 2101 1206 2154 φημι,
1232 2085 1599 2157 ἀμφισϐητεῖν
1622 2088 1740 2157 μὲν,
1766 2088 1840 2159 μὴ
1861 2089 1984 2158 ἐρε-

415 2167 585 2234 θίζειν
606 2171 717 2241 (36)
746 2172 820 2225 δέ.
862 2173 1295 2244 Ἀμφισϐητοῦσι
1318 2176 1416 2245 μὲν
1432 2177 1539 2247 γάρ
1566 2177 1825 2241 πολλάκις
1853 2179 1987 2251 πρὸς

414 2262 631 2330 φίλους⁸
666 2265 1027 2333 φιλονεικοῦσι
1060 2267 1114 2320 δὲ
1137 2270 1183 2320 οί
1213 2268 1517 2339 δυσμενεῖς.
1550 2269 1705 2322 Οὖτω
1724 2271 1830 2338 γάρ
1856 2272 1986 2324 καλ-

412 2352 569 2423 λίστη
594 2355 684 2407 καὶ
699 2354 1094 2426 ὠφελιμωτάτη
1116 2358 1147 2426 ή
1176 2358 1433 2410 συνουσία
1459 2360 1572 2418 τοῖς
1592 2374 1650 2409 τε
1685 2359 1980 2426 φράζουσι,

410 2447 522 2505 τοῖ,
561 2446 609 2498 τ’
654 2446 910 2500 ἀκούουσι
959 2450 1271 2516 γενήσεται.
1324 2448 1391 2501 Oi
1432 2464 1491 2500 τε
1532 2448 1639 2517 γὰρ
1690 2448 1979 2514 λέγοντες,

416 2533 653 2605 μάλιστα
693 2535 760 2588 ἂν
813 2537 869 2587 ἐν
905 2538 1019 2599 τοῖς
1066 2536 1438 2606 ἀκροωμένοις
1487 2536 1659 2602 οὕτως
1708 2536 1983 2607 εῦδόκιμοι

408 2620 554 2696 ἦσαν
596 2625 718 2695 μὲν,
759 2626 861 2680 οὐκ
908 2627 1213 2681 ἐπαινοῖντο
1263 2627 1341 2683 δέ.
1388 2628 1676 2699 Εὐδόκιμοι
1733 2629 1831 2698 μὲν
1876 2628 1985 2700 γάρ

410 2716 529 2769 ἐστι
569 2716 773 2787 κυρίως
805 2717 866 2769 τὸ
907 2717 1177 2787 ἀποδοχῆς
1218 2717 1502 2784 ἀξιοῦσθαι
1541 2720 1599 2771 ἐν
1624 2720 1746 2781 ταῖς
1788 2718 1986 2787 ψυχαῖς

409 2807 520 2860 τῶν
552 2809 877 2873 ἀκουόντων,
912 2812 1036 2869 ταῖς
1079 2809 1208 2863 ἄνευ
1259 2809 1477 2877 ἀπάτης
1521 2809 1836 2871 ἀδεκάστως
1880 2809 1981 2870 τὰς
2025 2830 2031 2837 ’

409 2897 623 2965 ψήφους
655 2898 967 2967 φερούσαιςο
991 2897 1435 2967 ἐγκωμιάζεσθαι
1460 2898 1517 2950 ἐν
1558 2895 1699 2965 λόγῳ
1727 2895 1986 2959 πολλάκις

411 2987 703 3041 κολακείαν
748 2988 1001 3051 πνέοντι,
1044 2989 1138 3040 καὶ
1187 2988 1352 3057 μηδὲν
1405 2986 1745 3056 ἀληθεύοντι.
1807 2987 1874 3038 Οἵ
1925 3002 1985 3037 τε

2086 1834 2191 1887 que
2214 1817 2578 1874 communiter
2605 1815 2834 1881 audire;
2868 1820 2972 1867 non
3011 1822 3189 1867 tamen
3244 1808 3457 1878 utrique
3476 1816 3658 1877 acqua-

2087 1910 2295 1963 litatem
2339 1909 2597 1972 tribuere,
2629 1906 2723 1961 sed
2751 1902 3086 1973 prudentiori
3141 1900 3333 1969 magis,
3371 1894 3657 1951 indoctiori

2084 2014 2214 2054 vero
2238 2000 2456 2063 minus;
2501 2007 2556 2053 et
2606 1995 2840 2066 sapienti
2892 1992 3111 2064 quidem
3161 1989 3368 2052 laudes,
3394 1988 3509 2042 rudi
3532 2001 3659 2041 vero

2086 2099 2252 2157 atque
2285 2088 2559 2156 imperito,
2586 2089 2631 2140 si
2666 2088 2881 2154 quidem
2920 2085 3426 2157 reprehensionibus
3458 2082 3658 2149 corrigi

2086 2179 2470 2248 emettdarique
2526 2179 2719 2247 possit,
2784 2178 3233 2247 reprehensiones
3269 2194 3282 2230 :
3316 2176 3400 2230 sin
3456 2174 3656 2239 minus,

2086 2270 2355 2324 silentium
2388 2269 2666 2323 adhibere.
2702 2269 2825 2322 llzec
2850 2269 3013 2337 igitur
3046 2269 3113 2323 de
3137 2267 3476 2322 auditoribus
3504 2267 3645 2320 dicta

2086 2371 2266 2415 sunto.
2302 2361 2475 2416 Porro
2530 2361 2675 2430 quod
2726 2362 2792 2414 ad
2846 2374 2941 2413 eos
2972 2359 3064 2428 qui
3101 2360 3291 2413 dicunt
3323 2359 3540 2421 attinet,
3571 2356 3657 2409 aio

2088 2452 2229 2519 ipsos
2262 2454 2499 2505 maxime
2527 2452 2722 2506 decere
2770 2452 3066 2504 modestam
3115 2449 3656 2511 dubitationem,non

2085 2548 2263 2593 autem
2297 2540 2533 2593 rixosatn
2565 2539 2994 2595 contentionem.
3033 2539 3188 2608 Saepe
3234 2539 3378 2594 enim
3408 2537 3476 2591 ad
3506 2537 3649 2591 ami-

2088 2646 2180 2686 cos
2208 2632 2483 2701 ambigere
2512 2632 2689 2686 solent
2738 2632 2984 2686 homines
3010 2648 3024 2685 ι
3059 2630 3502 2687 contentionibus
3528 2642 3657 2683 vero

2086 2723 2215 2775 dant
2245 2738 2463 2789 operam
2494 2722 2718 2777 inimici.
2743 2723 2867 2777 Haec
2892 2723 3055 2792 igitur
3104 2721 3467 2791 pulcherrima
3492 2728 3657 2787 atque

2086 2812 2375 2865 utilissima
2402 2813 2505 2866 crit
2543 2815 2904 2880 conversatio,
2940 2822 2994 2867 et
3017 2813 3084 2867 iis
3117 2813 3207 2880 qui
3262 2812 3469 2875 dicunt,
3498 2819 3554 2865 ct
3590 2809 3659 2865 iis

2086 2902 2178 2970 qui
2209 2903 2453 2955 audiunt.
2487 2901 2619 2955 Nam
2650 2911 2705 2956 et
2741 2904 2834 2972 qui
2876 2904 3081 2967 dicunt,
3118 2904 3191 2957 ita
3243 2902 3477 2957 maxime
3515 2901 3659 2972 apud

2089 3007 2185 3046 eos
2214 2992 2305 3061 qui
2335 2991 2563 3045 audiunt
2591 2992 2898 3061 probabiles
2932 3003 2985 3049 et
3017 2993 3155 3063 grati
3196 2999 3375 3057 erunt,
3410 3007 3520 3045 non
3555 3006 3656 3045 au-

409 3079 701 3141 ἀκούοντες
726 3080 960 3149 μάλιστα
982 3049 1357 3149 εὐφραίνοίντο
1384 3049 1508 3149 μὲν,
1534 3079 1630 3147 οὐχ
1659 3078 1874 3149 ἥδοιντο
1903 3076 1981 3130 δέ.

2089 3090 2196 3136 tem
2227 3049 2959 3137 laudabunturZProbabilem
2991 3049 3134 3136 enim
3164 3095 3284 3136 esse
3305 3049 3408 3135 hoc
3437 3079 3656 3150 proprie

410 3171 814 3242 Εὐφραίνεσθαι
854 3170 956 3241 μὲν
994 3170 1104 3240 γάρ
1144 3172 1281 3235 ἐστι,
1311 3170 1370 3223 τὸ
1398 3170 1589 3241 μαθεῖν
1617 3187 1668 3223 τι
1712 3171 1819 3223 τῶν
1853 3170 1984 3222 καλ-

410 3262 633 3329 λίστων,
668 3263 760 3316 καὶ
787 3262 887 3333 τὴν
920 3263 1184 3331 φρόνησιν
1205 3261 1297 3313 ἐπὶ
1320 3262 1381 3313 τὸ
1418 3261 1640 3330 ἄμεινον
1677 3262 1944 3331 ἀκονῆσαι
1965 3277 1979 3291 ⁸

415 3353 639 3424 ἥδεσθαι
672 3354 758 3420 δὲ,
790 3354 1043 3407 ἐσθίοντα
1081 3354 1115 3423 ἦ
1147 3371 1201 3406 τι
1238 3352 1477 3406 τοιοῦτον
1518 3353 1983 3423 διαπραττόμενον

409 3444 503 3500 διὰ
532 3444 625 3498 τοῦ
661 3444 932 3515 σώματος.
962 3444 1151 3498 Ταῦτα
1183 3444 1461 3515 κεκρίσθω
1481 3459 1495 3473 ⁸
1531 3444 1702 3497 ταῦτα
1729 3443 1977 3514 ὡρίσθωο

407 3535 582 3591 ταῦτα
605 3536 935 3607 πεφυλάχθω
954 3553 968 3567 ·
1006 3537 1099 3589 καὶ
1135 3536 1303 3607 πολλή
1342 3536 1580 3599 ἐπίδοσις
1618 3535 1770 3589 ἔσται
1798 3537 1859 3589 ού
1884 3536 1982 3606 μό-

411 3646 501 3682 νον
534 3630 593 3682 ἐν
633 3632 747 3692 τοῖς
781 3627 1156 3698 ἀκροωμένοις
1190 3628 1270 3691 είς
1301 3629 1525 3698 ἀρετήν,
1559 3627 1697 3683 ἀλλά
1746 3627 1839 3682 καὶ
1868 3630 1980 3692 τοῖς

410 3719 589 3790 λέγειν
620 3720 981 3791 πειρωμένοις
1007 3721 1088 3783 είς
1113 3720 1451 3789 φιλοσοφίαν.

2090 3172 2251 3238 est,si
2285 3172 2406 3242 quis
2429 3172 2483 3226 in
2542 3173 2736 3227 animis
2780 3173 3111 3229 audientium
3158 3172 3548 3241 approbatione
3573 3171 3658 3226 di-

2090 3277 2228 3331 gnus
2287 3272 2595 3326 censeatur,
2653 3264 2747 3334 qui
2812 3264 2929 3320 sine
2987 3264 3178 3318 fraude
3222 3278 3287 3319 ac
3342 3264 3659 3333 deceptione

2089 3354 2402 3424 incorrupte
2428 3353 2663 3410 calculos
2723 3355 2921 3410 ferunt.
2943 3354 3173 3409 Laudari
3226 3370 3353 3410 vero
3405 3354 3660 3411 consistit

2086 3443 2143 3499 in
2173 3444 2438 3509 oratione,
2477 3459 2597 3515 quze
2621 3459 2991 3515 sarpcnumero
3017 3445 3437 3499 assentationem
3463 3444 3656 3512 spirat,

2087 3536 2330 3607 nihilque
2388 3538 2503 3591 veri
2558 3537 2609 3591 in
2659 3552 2717 3592 se
2766 3537 3029 3592 continet.
3085 3535 3151 3590 Et
3198 3551 3328 3590 vero
3384 3535 3657 3589 auditores

2088 3631 2322 3683 maxime
2354 3628 2568 3698 quidem
2600 3628 2942 3692 laetabuntur,
2963 3642 3069 3683 non
3104 3635 3281 3682 autem
3307 3624 3654 3682 delectabun-

2087 3728 2194 3774 tur.
2245 3718 2341 3772 Est
2392 3720 2535 3774 enim
2575 3719 2772 3784 hetari,
2801 3720 3012 3774 discere
3057 3718 3259 3787 aliquid
3320 3732 3500 3772 rerum
3536 3716 3658 3783 pul-

408 3813 802 3867 cherrimarum
849 3821 904 3870 et
957 3814 1462 3870 Itonestissimarum
1500 3830 1515 3867 :
1547 3811 1820 3881 ldelectari
1850 3826 1978 3867 vero
2014 3813 2363 3880 suaviterque
2423 3811 2562 3865 allici
2596 3821 2699 3877 est,
2733 3812 2859 3865 dum
2907 3812 3029 3879 quis
3095 3810 3351 3875 comedit,
3387 3818 3480 3863 aut
3507 3808 3661 3877 quid-

410 3903 552 3972 piam
580 3904 758 3959 simile
782 3918 879 3974 per
913 3920 1107 3975 corpus
1137 3906 1266 3975 agit.
1301 3902 1426 3958 llaec
1470 3904 1544 3957 ita
1578 3902 1812 3972 iudicata
1841 3905 1974 3967 sint,
2015 3902 2129 3956 haec
2164 3902 2407 3963 definita,
2438 3902 2553 3956 haec
2619 3900 3010 3955 observentur:
3071 3901 3152 3956 sic
3188 3901 3427 3954 futurum
3458 3910 3561 3961 est,
3599 3908 3658 3952 ut

406 4007 603 4063 magna
631 4010 736 4049 non
790 3995 967 4050 solum
1004 3998 1056 4052 in
1103 3999 1442 4053 auditoribus
1483 3999 1551 4051 ad
1582 3997 1855 4063 virtutem,
1880 3997 1977 4052 sed
2013 3996 2178 4053 etiam
2211 3996 2265 4049 in
2324 3994 2393 4050 iis
2419 3994 2511 4064 qui
2539 3993 2753 4049 dicendi
2819 3994 3000 4049 studio
3043 4001 3314 4060 tenentur,
3344 3992 3410 4047 ad
3432 3992 3652 4061 sapien-

411 4086 565 4154 tiam,
595 4087 688 4143 ﬁat
716 4092 981 4146 accessio.

903 4207 1071 4261 PAB'.
1112 4238 1181 4247 —
1218 4209 1474 4280 ΠΑΥΛῼ.

392 4298 542 4356 .”οτι
574 4298 685 4353 οὐκ
708 4293 788 4369 ἦν
813 4298 1263 4437 συμφέροιςήτῴν
1291 4299 1532 4355 πάντων
1559 4298 1783 4371 γνῶσιν
1815 4298 1979 4367 ἔχειν

1139 4386 1280 4437 μας.

1139 4386 1280 4438 110C-

485 4480 703 4535 Πολλῶν
747 4480 1151 4553 προϐλημάτων
1191 4481 1358 4551 ἐσμὸν
1401 4481 1678 4551 συντόμως
1723 4479 1975 4534 ἐπιλῦσαι

412 4572 773 4643 πειράσομαι.
804 4572 949 4641 Φημὶ
993 4571 1191 4635 τοίνυν,
1224 4572 1306 4623 ὅτι
1352 4571 1386 4640 ή
1426 4571 1567 4641 θήρα
1597 4572 1695 4640 τῆς
1723 4569 1977 4638 γνώσεως

409 4664 519 4717 τῶν
555 4662 860 4733 μελλόντων
892 4662 1024 4731 ἡμῖν
1053 4664 1197 4739 κατά
1239 4662 1391 4715 τόνδε
1415 4661 1503 4714 τὸν
1532 4661 1645 4731 βίον
1675 4661 1706 4731 ἢ
1745 4663 1976 4730 πράττες

410 4754 534 4807 σθαι
579 4754 613 4824 ἢ
662 4752 1000 4824 συμϐαίνειν,
1038 4750 1139 4806 κᾶν
1185 4753 1234 4804 εί
1289 4752 1428 4821 (57),
1458 4751 1533 4815 ὡς
1579 4751 1746 4821 ἔφης,
1779 4754 1975 4821 ἐφικτὴ

410 4846 502 4897 καὶ
533 4846 828 4916 ἁλώσιμος,
860 4843 1141 4907 παντελῶς
1168 4843 1262 4896 καὶ
1298 4844 1577 4914 ἀνωφελής
1613 4845 1704 4897 καὶ
1736 4844 1977 4914 σφαλερὰ

413 4934 686 5003 τυγχάνει.
721 4934 785 4987 Εί
812 4933 910 5003 μὲν
939 4932 1046 5003 γὰρ
1070 4933 1169 4985 οὐκ
1201 4931 1316 4984 ἔστι
1351 4931 1706 4998 φυλάξασθαι,
1733 4933 1978 5002 ἀφαιρεῖ-

412 5044 502 5078 ται
556 5024 711 5095 ήμῶν
763 5026 863 5095 τὴν
903 5024 1039 5095 πρὸς
1088 5022 1159 5075 τά
1208 5024 1585 5093 συμπίπτοντα
1637 5040 1982 5094 παρασκευα-

415 5118 605 5186 σθῆναι
636 5117 955 5186 ὀφείλουσαν
996 5117 1216 5187 ἀρετήν.
1249 5115 1355 5168 Τοῦ
1400 5114 1506 5185 γάρ
1557 5116 1985 5185 προσπίπτοντος

414 5210 725 5280 ἀδοκήτως,
770 5208 941 5274 οὐδὲν¹
972 5207 1141 5270 οὕτως
1174 5206 1271 5277 τὴν
1317 5205 1692 5275 εὐθημοσύνην
1739 5206 1984 5276 πορίζειν

2568 4205 2826 4262 CXXXII.
2865 4236 2931 4249 --
2958 4204 3205 4261 PAULO.

2088 4298 2212 4354 Non
2246 4298 2410 4369 fuisse
2442 4316 2506 4354 ex
2535 4317 2633 4353 usu
2682 4308 2884 4369 nostro.
2912 4310 2965 4351 ut
3004 4299 3236 4351 omnium
3280 4311 3456 4349 rerum
3485 4294 3664 4363 cogni-

2549 4371 2689 4423 tione
2721 4367 2932 4437 prazditi
2956 4383 3206 4422 essemus.

2184 4483 2470 4538 Multarum
2543 4481 2901 4552 quaastionutn
2984 4480 3198 4533 turbam
3280 4476 3661 4545 compendiose

2082 4569 2248 4641 488
2276 4571 2484 4625 solvere
2518 4570 2775 4624 conabor.
2813 4567 2916 4623 Aio
2969 4568 3154 4636 igitur,
3188 4565 3658 4632 investigatioiiem

2080 4666 2407 4735 cognitionis
2425 4681 2609 4719 earum
2645 4680 2848 4728 rerum,
2880 4677 2999 4732 qua?
3031 4662 3185 4717 nobis
3215 4662 3265 4715 in
3299 4662 3396 4714 hac
3429 4660 3534 4711 vita
3570 4666 3663 4711 aut

2082 4757 2322 4827 ageudze,
2356 4766 2451 4811 aut
2495 4766 2768 4810 eventura:
2816 4765 3042 4818 restant,
3078 4752 3456 4822 quantumvis,
3493 4759 3550 4804 ut
3579 4749 3662 4801 in-

2081 4847 2329 4914 quiebas,
2365 4860 2484 4900 eam
2513 4845 2725 4913 assequi
2759 4853 2919 4912 atque
2971 4842 3431 4912 comprehendere
3468 4854 3653 4909 posse-

2081 4952 2220 5000 mus,
2248 4943 2302 4990 et
2326 4936 2566 4989 inutilem
2596 4945 2770 4988 tamen
2806 4936 3026 4989 omnino
3047 4946 3098 4988 et
3123 4932 3477 5001 periculosam
3502 4945 3648 4984 esse.

2084 5026 2214 5079 Nam
2249 5028 2293 5079 si
2330 5026 2488 5078 vitari
2521 5033 2816 5093 nequeunt,
2859 5024 3193 5093 prmscientia
3225 5023 3314 5077 illa
3351 5021 3527 5075 aufert
3559 5035 3653 5075 no-

2093 5116 2175 5168 bis
2198 5130 2338 5179 eam,
2371 5128 2490 5182 qua:
2541 5114 2801 5166 adversus
2856 5126 3033 5175 casus,
3061 5110 3151 5178 qui
3199 5109 3353 5164 nobis
3384 5108 3657 5168 accidunt,

2093 5205 2307 5261 fortiter
2342 5203 2593 5259 ferendos
2652 5202 2846 5256 instrui
2897 5202 3074 5265 debet,
3110 5201 3384 5255 virtutem.
3412 5198 3661 5252 Nihilcst

1504 5385 1730 5441 VARIAE
1766 5383 2143 5439 LECTIONES
2180 5382 2265 5437 ET
2306 5380 2535 5437 NOTAE.

496 5550 606 5618 (36)
642 5546 748 5618 Pro
774 5546 1049 5618 ἐρεθίζεινΔ
1073 5544 1353 5618 idcm_cod._
1380 5546 1542 5618 habet
1577 5543 1794 5618 ἐρίζειν,
1832 5545 1977 5599 Vers.

416 5631 471 5673 et
506 5613 673 5673 ‘vct'bo
704 5613 816 5671 ulti
843 5633 930 5683 cp.
976 5613 1290 5683 φιλοσοφίαν
1342 5615 1478 5669 idem
1528 5613 1735 5671 breviat
1762 5616 1837 5687 in
1892 5632 1976 5666 σο-

2096 5542 2241 5609 φίαν.
2278 5540 2487 5593 Possm.

2163 5611 2275 5680 (57)
2305 5610 2406 5665 Pro
2433 5611 2529 5663 κᾶν
2560 5612 2605 5661 εἰ
2630 5609 2747 5679 legit
2786 5606 2885 5660 κᾶν
2986 5608 3101 5661 ιύιΙ.
3144 5606 3255 5659 Val.
3291 5604 3407 5659 (530.
3447 5601 3522 5657 ID.
