4020 6140
354 314 485 378 1217

1144 311 1678 372 EPISTOLARUM
1716 313 1863 373 LIB.
1903 313 1999 373 IV.
2040 339 2108 349 —
2145 312 2383 374 EPIST.
2421 314 2793 378 CXXXVIII.

3466 318 3603 396 1218

352 442 501 497 ματα
532 422 890 493 παρέχοντες,
923 418 1016 483 οὓς
1047 420 1148 473 οὐκ
1177 420 1242 473 ἄν
1281 436 1367 485 τις
1396 420 1530 491 φαίη
1571 420 1762 491 μισθὸν
1791 438 1919 490 προ-

2028 421 2453 488 humanam,aut
2488 426 2621 480 lucri
2649 424 2876 494 alicujus
2906 425 3079 495 gratia
3132 424 3199 479 ad
3235 426 3377 482 hanc
3430 429 3596 485 vitam

348 516 519 584 φήτου
551 512 869 582 λαμϐάνειν.
904 510 967 562 Εἰ
996 510 1053 562 δέ
1082 527 1165 573 τις
1193 512 1320 564 ἄνευ
1356 510 1466 563 τῶν
1500 510 1759 563 τοιούτων
1793 510 1921 562 ἔπι-

345 604 720 673 καλυμμάτων
747 602 925 671 γυμνῇ
960 603 1026 671 τῇ
1056 599 1202 671 ψυχῇ
1228 601 1363 670 πρὸς
1385 601 1446 654 τὸ
1476 602 1679 670 ἀγαθὸν
1707 599 1923 671 βλέπων

342 696 598 766 τιμήσειε
626 694 752 756 τοὺς
796 693 1021 761 ἁγίους,
1073 693 1101 745 ὁ
1133 692 1376 757 τοιοῦτος
1425 694 1566 765 μετὰ
1598 694 1708 747 τῶν
1751 692 1924 761 ἁγίων

344 785 570 847 εἰκότως
602 781 1118 853 συνδοξασθήσεται,

835 1063 1021 1129 FACT.
1056 1094 1121 1103 -
1144 1064 1421 1134 ΑΛΥΠΙῼ.

482 1152 616 1219 Πῶς
654 1152 692 1219 ἡ
722 1153 1013 1218 ,ϐασιλειά
1050 1154 1168 1208 τῶν
1192 1154 1465 1222 οὐρανῶν
1491 1153 1773 1218 βιάζεται.

415 1266 495 1319 Τὰ
521 1264 731 1319 ἔπαθλα
758 1266 981 1335 μείζονα
1006 1266 1133 1319 ὄντα
1161 1268 1341 1338 πάσης
1369 1268 1717 1339 ἀνθρωπίνης
1740 1270 1919 1335 ἀξίας,

347 1358 444 1412 καὶ
472 1360 535 1411 ὲκ
564 1356 760 1411 πολλοῦ
800 1356 893 1411 τοῦ
926 1358 1204 1429 περιόντος
1240 1358 1337 1429 τὴν
1363 1361 1475 1422 τοῖς
1526 1360 1707 1423 πόνοις
1751 1378 1916 1431 χρεω-

346 1449 651 1520 στουμένην
671 1448 906 1518 ἀμοιϐὴν
928 1448 1325 1519 ὑπερϐαίνοντα
1348 1466 1359 1478 ·
1398 1450 1497 1503 οὐκ
1542 1450 1669 1514 ἄξια
1710 1451 1817 1522 γὰρ
1850 1452 1920 1505 τὰ

343 1541 643 1612 παθήματα
669 1540 763 1594 τοῦ
797 1540 893 1594 νῦν
925 1540 1119 1611 καιροῦ
1146 1542 1282 1613 πρὸς
1308 1545 1405 1612 τὴν
1438 1543 1738 1613 μέλλουσαν
1760 1544 1918 1609 δόξαν

341 1633 792 1704 ἀποκαλυφθῆναι
814 1635 893 1696 είς
916 1635 1085 1703 ἡμᾶς,
1108 1633 1211 1704 ἔφη
1241 1636 1301 1688 τὸ
1327 1636 1519 1699 σκεῦος
1534 1636 1632 1708 τῆς
1655 1637 1914 1707 ἐκλογῆςο

343 1723 438 1775 καὶ
462 1723 559 1793 τὴν
592 1721 881 1775 ἀσθένειαν
920 1722 1021 1791 τῆς
1050 1722 1267 1791 φύσεως
1314 1723 1650 1788 ἐκϐιάζεται.
1700 1725 1791 1779 Διὸ
1824 1726 1917 1778 καὶ

341 1813 576 1884 essetm-
612 1833 630 1865 ‹
678 1813 743 1866 Ἦ
770 1813 1017 1882 βασιλεία
1056 1816 1165 1867 τῶν
1205 1816 1447 1886 οὐρανῶν
1498 1817 1742 1886 βιάζεται
1778 1819 1913 1889 (42),

341 1902 437 1956 καὶ
465 1902 688 1972 βιασταὶ
729 1903 1067 1973 ἁρπάζουσιν
1100 1905 1292 1975 αὑτήν.
1333 1925 1352 1958 ι
1388 1907 1539 1959 Ποῖοι
1567 1906 1817 1976 βιασταί;
1851 1909 1915 1961 Οἱ

339 1992 402 2045 τὸ
430 1995 629 2045 οἰκεῖον
662 1993 822 2063 σῶμα
851 1995 1151 2064 νηστείαις,
1194 1996 1290 2048 καὶ
1334 1996 1678 2069 σωφροσύνῃ,
1714 1997 1810 2051 καὶ
1845 2000 1914 2068 τῇ

340 2084 480 2157 ἄλλῃ
506 2085 674 2155 ἀρετῇ
707 2084 1089 2155 ἐκϐιαζόμενοι
1119 2088 1255 2157 (45),
1282 2089 1376 2141 καὶ
1400 2090 1513 2151 τοῖς
1536 2088 1629 2143 τοῦ
1666 2089 1912 2159 πνεύμα-

339 2193 432 2240 τος
470 2178 655 2246 νόμοις
682 2177 1069 2243 ὑποτάξαντες,
1107 2180 1199 2232 καὶ
1221 2180 1434 2250 εὐήνιον
1456 2181 1552 2233 καὶ
1574 2182 1914 2252 ὁρμητήριον

342 2269 548 2340 ἀρετῆς
568 2270 965 2339 ἀποφήναντες.

558 2382 721 2435 PAZ'.
751 2412 816 2421 —
849 2382 1078 2434 apum
1115 2383 1224 2453 (ιι)
1260 2370 1687 2437 MONAZONTI.

341 2473 448 2538 Εις
476 2470 542 2523 τὸ
570 2470 977 2540 γεαφαμμένον
998 2487 1012 2502 ⁸
1056 2490 1074 2522 ‹
1107 2474 1382 2541 Φρόνιμοι
1411 2474 1491 2537 ὡς
1511 2476 1562 2524 oi
1592 2470 1779 2539 ὄφεις,
1814 2473 1913 2526 καὶ

678 2542 942 2609 ἀκέραιοι
966 2543 1046 2605 ὡς
1072 2546 1131 2595 αἱ
1154 2546 1516 2612 περιστεραί.
1549 2560 1567 2593 ι

415 2650 495 2703 Τά
530 2649 946 2719 παραδείγματα
1003 2653 1102 2722 οὐχ
1134 2652 1349 2705 ἅπαντα
1381 2653 1751 2723 λαμϐάνεται·
1789 2655 1913 2708 ἐπεὶ

339 2741 442 2794 οὐκ
470 2740 539 2794 ἂν
580 2740 666 2811 εἴη
713 2742 1155 2811 παραδείγματα,
1201 2744 1336 2797 ἀλλὰ
1388 2746 1670 2815 ταυτότης,
1707 2749 1769 2799 Εἰ
1804 2748 1913 2817 γὰρ

340 2836 438 2889 καὶ
464 2834 525 2887 τὸ
546 2836 807 2907 ἀκέραιον
835 2834 929 2886 καὶ
951 2835 1262 2905 ἁκακόηθες
1288 2836 1592 2907 προσέταξε
1627 2838 1912 2908 μιμεῖσθαι

340 2924 442 2995 τῆς
466 2927 817 2996 περιστερᾶς,
842 2924 979 2979 ἀλλὰ
998 2926 1061 2978 τὸ
1076 2926 1302 2996 ἀνόητον
1323 2928 1592 2981 ἐκκλίνειν
1608 2930 1713 2999 χρή
1733 2946 1746 2959 ’
1774 2931 1912 2999 ὅπερ

348 3019 467 3070 ἐστὶ
497 3018 558 3070 τὸ
585 3020 664 3081 είς
700 3018 943 3080 ἐκείνους
966 3018 1355 3087 καταφεύγειν,
1384 3020 1510 3082 τοὺς
1542 3018 1713 3089 θηρᾷν
1743 3036 1911 3071 σπου-

2024 512 2397 568 rcdundantis.
2438 516 2575 571 Sunt
2601 516 2743 571 enim
2778 516 2868 586 qui
2897 517 3023 570 talia
3040 526 3315 583 exercent,
3342 529 3397 572 et
3436 535 3604 589 pecu-

2023 598 2142 654 nias
2197 600 2551 671 elargiuntur,
2596 619 2732 672 quos
2789 619 2947 659 nemo
3027 605 3243 669 dixerit,
3294 609 3597 662 mercedem

2021 691 2295 760 propheta:
2322 695 2589 762 accipere.
2627 694 2681 749 Si
2710 694 2831 764 quis
2862 706 3039 750 autem
3060 696 3264 764 absque
3290 696 3597 764 hujusmodi

2020 779 2339 836 velamentis
2367 783 2508 837 nuda
2532 784 2712 837 anima
2747 785 2814 839 ad
2841 786 3040 840 bonum
3071 786 3246 854 ipsum
3289 788 3597 855 respiciens

2020 881 2238 927 sanctos
2257 872 2460 928 honore
2482 872 2743 941 atl‘ecerit,
2774 875 2897 931 talis
2947 891 3055 931 una
3087 892 3209 933 cum
3241 880 3445 935 sanctis
3471 894 3587 934 me-

2021 960 2127 1015 rito
2160 962 2331 1031 gloria
2359 963 2688 1033 perfruetur.

2458 1073 2743 1130 CXXXVI.
2775 1076 3130 1136 —ALYPIO.

2163 1162 2436 1230 Quomodo
2458 1182 2674 1235 regnum
2704 1167 2953 1223 cartorum
2986 1174 3087 1223 vim
3121 1173 3360 1240 patiatur
3386 1174 3453 1226 '9.

2094 1272 2319 1328 Praemia
2352 1276 2594 1346 (alterius
2628 1281 2769 1345 vine,
2802 1284 2905 1349 piis
2945 1299 2973 1337 a
3002 1284 3111 1339 Deo
3141 1288 3438 1357 proposita)
3467 1304 3590 1343 cum

2020 1361 2130 1414 siut
2159 1365 2305 1416 οηιηί
2342 1365 2574 1422 humana
2620 1370 2882 1438 dignitate
2914 1374 3141 1443 majora,
3172 1377 3592 1447 longissimeque

2020 1466 2235 1507 omnem
2285 1456 2566 1515 laboribus
2616 1461 2853 1516 debitam
2905 1469 3395 1523 remunerationem
3429 1485 3592 1525 esce-

2020 1545 2149 1597 dant
2174 1544 2220 1615 (‹
2260 1544 2373 1600 Non
2408 1548 2552 1602 enim
2584 1561 2711 1605 sunt
2749 1566 2907 1620 pares
2934 1556 3215 1623 passiones
3248 1557 3404 1625 hujus
3450 1568 3590 1613 tem-

2020 1634 2169 1703 poris
2217 1638 2287 1691 ad
2333 1637 2571 1695 futuram
2619 1642 2866 1711 gloriam,
2917 1660 3037 1714 qua;
3086 1648 3417 1703 revelabitur
3462 1666 3589 1720 erga

2022 1740 2120 1779 nos
2142 1726 2210 1793 ⁵ο,
2239 1744 2260 1780 ι
2294 1728 2468 1799 inquit
2487 1746 2580 1784 vas
2603 1732 2900 1804 electionis)
2930 1755 2943 1790 :
2973 1737 3137 1792 etiam
3164 1739 3591 1795 imbecillitatem

2021 1826 2226 1872 natura:
2252 1828 2469 1889 cogunt.
2505 1821 2629 1877 Ideo
2666 1824 2927 1892 scriptum
2969 1835 3053 1881 est
3088 1845 3102 1881 :
3138 1846 3158 1879 ι
3200 1828 3441 1897 Regnum
3481 1843 3592 1885 cm-

2018 1905 2190 1962 lorum
2218 1909 2323 1963 vim
2345 1911 2549 1979 patitur
2570 1921 2624 1968 et
2651 1914 2869 1969 violenti
2898 1919 3115 1985 rapiunt
3146 1918 3293 1974 illud.
3330 1938 3350 1971 ι
3391 1920 3591 1986 Quales

2016 1998 2285 2054 violenti?
2318 1999 2420 2067 Qui
2466 2004 2742 2072 preprium
2774 2019 2972 2075 corpus
3002 2007 3226 2077 jejuniis
3278 2021 3334 2065 et
3384 2019 3591 2081 tempe-

2017 2091 2192 2145 rantia
2225 2092 2662 2164 abstinentiaque
2705 2105 2759 2153 et
2801 2099 2922 2152 aliis
2967 2101 3257 2156 virtutibus
3285 2112 3505 2172 cogunt,
3533 2114 3587 2157 et

2016 2177 2220 2247 legibus
2250 2182 2474 2250 spiritus
2499 2186 2864 2254 subiecerunt,
2904 2198 2955 2241 et
2996 2204 3223 2255 pronum
3264 2200 3426 2261 atque
3467 2193 3592 2248 obc-

2015 2268 2167 2325 dieus
2195 2273 2513 2327 exercenda}
2542 2274 2720 2330 virtuti
2751 2278 2801 2331 id
2835 2280 3199 2334 reddiderunt.

2269 2382 2576 2439 CXXXVII.
2606 2416 2676 2426 —
2707 2386 2942 2444 ORIOM
2975 2388 3305 2446 MONACIIO
3326 2408 3339 2419 '

2016 2472 2085 2528 In
2117 2474 2174 2527 id
2201 2476 2341 2544 quod
2373 2478 2625 2546 scriptum
2666 2488 2744 2532 est
2792 2493 2813 2532 :
2864 2496 2884 2531 ι
2948 2479 3235 2535 Prudentes
3285 2485 3423 2538 sicut
3469 2501 3581 2539 ser.

2216 2553 2419 2613 pentes,
2448 2558 2495 2600 et
2529 2549 2786 2615 simplices
2810 2550 2944 2602 sicut
2973 2551 3225 2605 columba:
3257 2553 3323 2607 “.
3367 2572 3386 2604 ι

2084 2655 2342 2724 Exempla
2372 2670 2478 2709 non
2502 2672 2597 2724 per
2616 2658 2795 2711 omnia
2827 2659 3149 2727 capiuntur:
3176 2661 3411 2731 alioquin
3438 2667 3583 2718 enim

2014 2762 2121 2801 non
2151 2757 2332 2802 essent
2354 2748 2597 2817 exempla
2618 2758 2670 2803 et
2694 2749 3097 2816 similitudines,
3122 2752 3214 2806 sed
3250 2766 3338 2807 res
3366 2754 3580 2809 eadem.

2014 2838 2124 2892 Etsi
2152 2840 2297 2893 enim
2336 2838 2735 2907 simplicitatem
2774 2851 2829 2896 et
2858 2857 3067 2897 morum
3091 2844 3436 2911 probitatem,
3462 2861 3585 2916 quae

2015 2931 2068 2982 in
2099 2928 2348 2983 columba
2379 2937 2479 2995 est,
2508 2930 2707 2984 imitari
2758 2946 2855 2985 nos
2901 2932 3061 3001 jussit
3098 2949 3111 2985 :
3151 2942 3324 2989 tamen
3371 2935 3583 2990 stolidi-

2018 3028 2179 3072 tatem
2234 3019 2474 3088 cjusdem
2526 3019 2709 3090 fugere
2761 3032 2973 3090 oportet
3007 3039 3017 3077 :
3050 3023 3226 3090 qualis
3271 3034 3376 3089 est,
3430 3028 3581 3081 verbi

342 3107 623 3171 δάζοντας.
662 3110 724 3161 Εἰ
759 3109 869 3179 γὰρ
909 3110 1003 3161 καὶ
1060 3086 1134 3178 μῆ
1177 3108 1436 3177 βλάπτειν
1470 3086 1758 3179 “nam
1789 3107 1909 3160 οὐδὲ
1938 3104 1942 3131 ¹

2016 3112 2206 3181 gratia,
2260 3086 2550 3179 confugere
2589 3086 2673 3164 iad
2744 3086 2856 3177 eos,
2908 3112 2997 3180 qui
3056 3086 3250 3181 capere
3308 3124 3581 3184 satagunt.

339 3201 422 3261 εἰς
453 3200 564 3269 (45)
600 3200 669 3252 τὰ
712 3200 903 3269 καίρια
946 3200 1282 3269 βλάπτεσθαι
1317 3200 1618 3270 προσῆκεν
1670 3199 1791 3251 οὐδὲ
1829 3200 1910 3261 είς

341 3289 582 3351 ἐκείνους
610 3290 844 3360 τρέχειν,
886 3285 961 3343 ὧν
996 3292 1184 3362 κέρδος
1232 3292 1489 3361 μέγιστον
1525 3293 1556 3359 ἡ
1599 3291 1907 3362 ἀπαλλαγή.

340 3382 405 3433 Εἰ
426 3382 481 3433 δὲ
510 3386 601 3434 καὶ
637 3382 941 3452 μαρτυρίαν
974 3382 1146 3445 θέλεις
1176 3382 1385 3452 ἐναργῆ
1412 3382 1595 3436 λαϐεῖν
1614 3382 1722 3435 τῶν
1754 3384 1909 3451 λεγο-

345 3471 542 3539 μένων,
591 3472 755 3525 ἄκουε
786 3473 882 3524 τοῦ
934 3473 1213 3543 προφήτου
1271 3472 1553 3539 λέγοντος’
1605 3493 1623 3522 ε
1681 3472 1792 3525 Καὶ
1842 3467 1911 3541 ἦν

356 3562 595 3633 Ἐφραῖμ
622 3564 695 3626 ὡς
718 3564 1018 3634 περιστερὰ
1043 3565 1220 3625 ἄνους,
1250 3563 1348 3615 οὐκ
1388 3561 1585 3631 ἔχουσα
1622 3563 1903 3631 καρδίαν.)

345 3653 406 3705 Ei
435 3653 489 3704 δὲ
523 3654 617 3705 καὶ
667 3654 766 3721 τὴν
799 3654 977 3706 αἰτίαν
1006 3652 1217 3721 ζητεῖς,
1251 3654 1411 3717 εὐθὺς
1462 3653 1623 3715 αὐτὸς
1680 3653 1909 3721 ἐπάγει⁹

347 3761 367 3792 ι
428 3742 699 3809 Αἴγυπτον
752 3742 1106 3794 ὲπεκαλεῖτο’
1157 3743 1249 3794 καὶ
1298 3745 1376 3805 είς
1420 3742 1737 3812 Ἀσσυρίους
1782 3744 1911 3794 ἐπο-

346 3831 552 3900 ρεύετο.
592 3851 610 3881 ι
649 3832 771 3897 Δύο,
817 3834 1004 3901 φησὶν,
1039 3833 1226 3897 ἐθνῶν,
1260 3833 1550 3902 τυραννίδα
1595 3833 1688 3885 καὶ
1738 3835 1911 3901 μῖσος,

343 3924 437 3975 καὶ
460 3923 697 3993 ἀρχαίαν
724 3927 1020 3979 νοσούντων
1040 3923 1372 3988 πλεονεξίαν,
1396 3924 1456 3976 τὸ
1485 3924 1580 3993 μὲν
1598 3924 1915 3977 ἐπεκαλεῖτο

341 4011 421 4073 είς
446 4010 715 4080 βοήθειαψ
738 4014 871 4081 πρὸς
886 4014 942 4066 δὲ
958 4014 1014 4066 τὸ
1029 4014 1388 4081 καταφεύγων
1416 4012 1527 4084 (46)
1548 4014 1623 4074 ὡς
1640 4014 1914 4083 σωτηρίας

343 4102 684 4172 τευξόμενος.
711 4105 807 4167 Τίς
825 4100 935 4169 οὖν,
960 4107 1113 4176 φησὶ,
1132 4105 1321 4158 τούτου
1344 4105 1695 4175 άνοητότερος
1710 4105 1904 4172 γένοιτ’

344 4195 433 4259 ἂν,
458 4195 552 4249 τοῦ
583 4195 719 4266 πρὸς
746 4197 987 4260 ἐκείνους
1026 4198 1304 4269 ὁρμῶντος
1342 4196 1469 4259 τοὺς
1498 4198 1594 4267 μὲν
1623 4198 1719 4268 τὴν
1754 4199 1918 4268 αἰχμ-

344 4286 585 4342 αλωσίαν
618 4287 781 4342 αὑτοῦ
808 4288 901 4343 καὶ
922 4289 1020 4361 τὴν
1055 4289 1300 4343 δουλείαν
1326 4289 1835 4360 όνειροπολοῦντας;

846 4573 1021 4627 PAH'.
1067 4603 1119 4613 —
1148 4573 1422 4644 ΑΛΥΠΙῼ.

504 4670 608 4735 Εἰς
633 4669 703 4722 τό
719 4684 733 4698 ·
772 4686 790 4718 ι
832 4668 929 4720 Ἐν
956 4665 1033 4732 τῷ
1056 4668 1262 4733 κόσμῳ
1284 4667 1494 4733 θλίψιν
1521 4664 1704 4728 ἕξετε.
1737 4682 1754 4713 ι

420 4782 500 4853 Τῇ
531 4761 704 4835 ἐλπίδι
728 4781 835 4833 τῶν
872 4780 1171 4851 μελλόντων
1194 4779 1429 4832 δίδοσθαι
1465 4777 1681 4847 ἀγαθῶν
1717 4779 1827 4838 τοῖς
1850 4776 1917 4828 τὰ

347 4874 586 4941 τρόπαια
626 4872 855 4941 στήσασι
885 4872 1025 4923 κατὰ
1052 4870 1150 4939 τῆς
1186 4868 1382 4931 κακίας
1424 4868 1647 4937 λαμπρὰ
1684 4866 1919 4929 ὁπλίζων

352 4964 567 5026 σαυτὸν,
610 4963 705 5015 καὶ
747 4962 1133 5031 περιφράττων
1167 4960 1348 5021 καλῶς
1380 4959 1665 5021 πάντοθεν,
1707 4959 1799 5014 καὶ
1828 4959 1918 5008 εὑ-

348 5056 471 5122 χαῖς
510 5053 668 5106 τοῦτο
709 5052 770 5105 τὸ
800 5055 977 5122 τεῖχος
1032 5050 1247 5121 ἰσχυρὸν
1294 5048 1738 5110 κατασκευάζων,
1777 5049 1913 5100 ἁπο-

426 5208 467 5237 ³⁹
496 5206 682 5261 Matth.
726 5222 801 5273 xl,
839 5206 922 5258 l2.
998 5203 1044 5236 ⁸⁸³
1076 5202 1230 5256 Rom.
1256 5217 1376 5263 vm,
1414 5201 1500 5254 18.
1578 5202 1619 5231 ⁸¹
1655 5200 1841 5253 Matth.
1876 5217 1930 5263 κ,
1962 5200 2046 5253 16.

2014 3198 2331 3267 Quanquam
2380 3200 2525 3253 enim
2581 3200 2775 3254 laedere
2825 3201 3094 3255 nemiuem
3127 3211 3362 3271 oportet,
3404 3212 3582 3259 tamen

2012 3305 2187 3359 neque
2234 3289 2420 3344 letales
2476 3290 2720 3359 accipere
2763 3290 2945 3360 plagas
3001 3292 3069 3345 ab
3122 3293 3242 3345 aliis
3289 3295 3582 3349 convenit:

2010 3395 2187 3450 neque
2233 3380 2300 3433 ad
2350 3393 2445 3433 eos
2487 3393 2724 3443 currere,
2765 3380 2962 3447 quibus
3016 3380 3234 3433 liberari
3287 3382 3583 3436 maximum

2011 3481 2093 3525 est
2143 3472 2372 3525 lucrum.
2430 3469 2584 3536 Quod
2636 3470 2679 3524 si
2737 3472 2899 3524 etiam
2957 3470 3327 3525 testimonium
3364 3474 3588 3527 evidens

2013 3580 2197 3617 eorum
2231 3577 2351 3632 qua:
2383 3561 2516 3626 dixi,
2552 3563 2797 3631 accipere
2848 3562 2947 3626 vis,
2980 3564 3101 3617 audi
3132 3564 3473 3633 prophetam,
3507 3565 3587 3618 di-

2014 3663 2228 3709 centem
2255 3672 2268 3707 :
2297 3669 2317 3705 ι
2356 3652 2424 3707 Et
2446 3663 2563 3708 erat
2592 3653 2848 3723 Ephraim
2881 3664 2939 3708 ut
2973 3655 3222 3709 columba
3251 3668 3586 3720 amens,non

2015 3746 2219 3800 habens
2249 3758 2344 3798 cor
2369 3743 2436 3797 δ’.
2487 3761 2505 3795 ι
2544 3743 2603 3797 Si
2634 3758 2763 3798 vero
2811 3758 3031 3798 causam
3070 3758 3283 3813 quoque
3331 3746 3586 3812 requiris,

2017 3835 2132 3903 ipse
2162 3849 2280 3887 eam
2308 3834 2490 3887 statim
2513 3832 2669 3887 all‘ert
2697 3851 2711 3887 :
2741 3850 2760 3883 ι
2790 3833 3079 3903 IEgyptum
3106 3834 3415 3899 invocabat,
3438 3845 3491 3887 et
3520 3836 3587 3887 ad

2016 3924 2268 3994 Assyrios
2299 3922 2744 3992 proﬁciscebatur
2771 3922 2837 3976 ⁸⁸.
2872 3948 2892 3974 ι
2929 3924 3162 3975 Duarum
3208 3926 3470 3991 gentium,
3508 3934 3589 3992 ty-

2018 4016 2246 4070 rannide
2287 4022 2341 4068 et
2388 4013 2514 4068 odio
2548 4022 2603 4068 et
2635 4015 2855 4082 antiqua
2912 4013 3139 4067 avaritia
3192 4012 3591 4083 iuiquitateque

2019 4106 2399 4168 laborantium,
2437 4105 2663 4159 alteram
2714 4106 2930 4176 quidem
2962 4104 3013 4158 in
3046 4104 3303 4157 auxilium
3354 4108 3589 4159 advoca-

2019 4200 2112 4253 hat
2143 4214 2157 4263 ;
2190 4196 2257 4250 ad
2291 4198 2516 4249 alteram
2547 4209 2673 4250 vero
2714 4194 3078 4262 confugiebat,
3112 4193 3268 4262 quasi
3307 4195 3480 4249 salute
3514 4196 3587 4249 ibi

2020 4289 2283 4357 potitura.
2313 4288 2447 4353 Quis
2501 4301 2652 4354 ergo,
2710 4285 2902 4354 inquit,
2964 4285 3065 4339 hoc
3115 4284 3418 4339 dementior
3472 4300 3593 4341 esse

1949 4409 1993 4463 ι)
2023 4378 2211 4448 possit,
2236 4379 2323 4445 qui
2354 4377 2417 4431 ad
2452 4392 2544 4431 eos
2578 4374 2837 4443 confugit,
2873 4374 2964 4443 qui
3019 4374 3182 4429 etiam
3213 4376 3590 4444 captivitatem

2024 4479 2080 4525 et
2112 4469 2426 4523 servitutem
2470 4467 2637 4536 ipsius
2670 4466 2885 4520 assidue
2922 4465 3291 4520 meditantur?

2351 4578 2514 4651 490
2540 4576 2865 4633 cxxxvm.
2887 4607 2960 4618 --
2982 4577 3252 4631 ALYPIO.

2027 4670 2092 4727 In
2130 4672 2351 4738 dictum,
2404 4689 2423 4722 ι
2467 4670 2530 4723 lu
2582 4669 2775 4721 mundo
2818 4669 3148 4738 aﬂlictionem
3179 4667 3430 4721 habebitis
3460 4667 3525 4722 “.
3566 4686 3590 4719 ι

2099 4784 2207 4852 Spe
2233 4782 2495 4835 bonorum
2532 4779 2768 4843 illorum,
2803 4795 2923 4848 qus:
2957 4780 3227 4832 dabuntur
3254 4778 3341 4843 iis,
3368 4779 3456 4846 qui
3490 4788 3594 4831 tro-

2026 4889 2136 4943 ptea
2170 4873 2444 4941 splendida
2487 4881 2673 4925 contra
2722 4872 2849 4925 vitia
2897 4869 3203 4933 statuerint,
3235 4869 3461 4938 teipsqu
3499 4885 3589 4923 ar-

2006 4960 2202 5024 maris,
2253 4969 2305 5014 et
2360 4960 2596 5028 undique
2639 4961 2803 5029 probe
2847 4969 2896 5014 te
2946 4958 3215 5025 muniens,
3257 4967 3311 5011 et
3340 4958 3591 5027 precibus

2029 5049 2172 5103 hunc
2207 5063 2419 5101 murum
2454 5049 2665 5102 ﬁrmum
2710 5047 2972 5111 cﬂiciens,
3008 5046 3207 5117 repelle
3241 5047 3470 5101 tristitiae
3503 5062 3587 5101 as-

2126 5200 2169 5232 “
2205 5200 2342 5255 Osee
2371 5216 2423 5265 ν,
2449 5204 2500 5254 ’7.
2578 5201 2621 5232 ⁵³
2646 5201 2775 5256 ibid.
2851 5202 2898 5234 “
2916 5201 3074 5257 Joan.
3108 5218 3218 5266 xvr,
3250 5203 3341 5258 53.

1480 5330 1714 5385 VARUS
1755 5330 2135 5386 LlZCTlONES
2167 5331 2253 5384 ET
2285 5332 2515 5386 NOTAE.

425 5481 539 5554 (42)
573 5479 719 5554 IIrcc,
747 5479 835 5532 Διὸ
874 5479 967 5533 καί
999 5494 1168 5554 usque
1214 5480 1278 5530 ad
1340 5474 1603 5554 βιάζεται,
1642 5474 1925 5554 omittebat

352 5546 445 5608 ed:
477 5551 672 5613 Paris.,
706 5553 876 5616 lapsu,
929 5557 989 5603 ut
1016 5550 1247 5610 videtur,
1289 5546 1601 5616 typographi
1634 5559 1794 5613 quem
1826 5546 1919 5600 dc-

353 5622 499 5689 cepit
537 5619 1020 5689 hmnacnteleutona
1038 5617 1194 5689 Eutr.

428 5686 541 5754 (43)
573 5688 706 5744 God.
749 5688 887 5754 Vah,
925 5686 1330 5752 ἐκϐιασάμενοι.
1352 5687 1565 5740 Possm.

2105 5475 2212 5543 (εί-ί)
2248 5477 2473 5544 ”Ιίρωνι,
2506 5475 2723 5538 Neroni,
2757 5479 2876 5531 cod.
2906 5477 3023 5530 Vat.
3058 5476 3286 5533 650.10.

2101 5545 2211 5615 (45)
2245 5544 2346 5598 Pro
2371 5547 2447 5615 είς
2478 5547 2613 5599 idem
2643 5546 2763 5599 eod.
2796 5546 2948 5615 πρός.
2989 5548 3064 5599 ID.

2102 5614 2210 5683 (όῦ)
2235 5615 2365 5669 Cod.
2396 5612 2541 5681 νειμ,
2570 5612 2916 5684 κατέφευγεν,
2963 5615 3166 5671 Possm.
