4020 6140
385 282 515 349 1221

1240 283 1772 347 EPISTOLARUM
1810 289 1955 350 LIB.
1992 290 2090 352 IV.
2131 315 2200 325 —
2228 291 2464 354 EPIST.
2507 290 2702 352 CXLI.

3485 299 3621 363 1222

379 394 565 448 νεσθαι
612 392 739 463 περ)⁵
792 392 898 446 τῶν
941 392 1174 464 ἀδήλων,
1222 394 1356 448 ἀλλά
1405 398 1519 459 τοῖς
1562 381 1941 470 ἀκουσομένοις

2055 416 2151 457 cus
2179 403 2522 474 podagricum
2548 409 2819 473 procreet,
2843 417 3030 460 omnes
3054 407 3449 477 consentiunt.)
3474 410 3619 476 Quu-

378 486 698 554 ἐπιτρέπειν
740 484 837 553 τὴν
876 484 1117 554 κρίσιν),
1171 487 1297 553 περὶ
1340 486 1439 550 τῆς
1485 489 1753 557 ἀκρασίας
1807 486 1874 561 ἦν
1921 494 1949 544 6

375 574 552 641 λόγος,
595 575 743 634 ὅπως
774 573 848 641 μὴ
874 574 930 623 ὲν
962 574 1125 624 παντὶ
1154 573 1330 642 καιρῷ
1356 574 1721 644 συνέρχοιντο,
1752 576 1826 639 ὡς
1851 577 1948 647 τῆς

379 663 583 731 βλάόης
608 665 687 723 εἰς
714 664 781 715 τά
811 662 869 726 ἐξ
912 662 1091 716 αὐτῶν
1116 663 1492 734 τεχθησόμενα
1531 665 1945 737 διαϐησομένης.

378 757 501 807 Ὅτι
536 755 594 807 δὲ
617 755 717 807 οὐκ
747 754 861 807 ἔστι
898 754 1058 808 τοῦτο
1083 756 1189 807 άπὸ
1214 755 1438 819 σκοποῦ,
1467 758 1769 827 τεκμήριον
1810 758 1946 827 (52),

373 848 433 901 τὸ
470 847 598 909 τοὺς
644 846 945 914 ποδαλγοὺς
983 846 1143 915 ἱερῶν
1185 846 1487 916 περιϐόλων
1523 847 1599 918 μὴ
1643 848 1943 919 εἱρχθῆναι.

373 939 437 990 Οί
467 939 565 1009 μὲν
594 938 703 1009 γὰρ
732 938 788 1005 ἐξ
819 940 993 1009 ἀρχῆς
1012 937 1168 990 τοῦτο
1198 938 1523 1008 νοσήσαντες
1546 939 1605 991 τὸ
1632 940 1822 1006 πάθος,
1848 941 1946 993 οὐκ

373 1030 484 1084 ἀπὸ
512 1029 868 1100 δυσκρασίας,
897 1029 1011 1082 ἀλλ’
1040 1029 1147 1082 ἀπὸ
1177 1046 1311 1098 πονη
1321 1031 1421 1099 ρᾶς
1445 1029 1676 1100 διαίτης,
1702 1032 1795 1083 καὶ
1818 1048 1947 1101 τρυ-

374 1116 499 1185 φῆς,
544 1116 639 1167 καὶ
667 1114 945 1185 βλακείας,
974 1116 1068 1167 καὶ
1091 1115 1287 1184 ἀργίας
1312 1114 1458 1167 τοῦτ’
1494 1117 1791 1186 ἐσχήκασιο
1824 1117 1890 1170 δι’
1917 1118 1946 1170 ὃ

374 1209 467 1260 καὶ
493 1207 557 1260 δι’
590 1206 754 1259 αὑτοῦ
780 1206 1155 1276 ἐκολάσθησαν
1177 1222 1191 1235 ·
1210 1207 1259 1259 οἱ
1288 1206 1331 1258 δ’
1355 1208 1412 1272 ἐξ
1435 1207 1614 1260 αὐτῶν
1638 1208 1942 1276 τεχθέντες,

370 1301 470 1352 οὐκ
496 1297 846 1368 ἐκωλύθησαν
884 1297 1043 1368 ἱερῶν
1063 1299 1389 1367 κοινωνῆσαι
1415 1299 1670 1353 συνόδων.
1697 1300 1808 1369 Τῆς
1834 1300 1944 1371 γάρ

368 1388 723 1459 δυσκρασίας,
756 1388 872 1440 ἀλλ’
906 1388 967 1440 οὐ
1004 1387 1101 1457 τῆς
1126 1388 1396 1456 ἀκρασίας
1426 1387 1535 1441 τῶν
1560 1390 1763 1457 γονέων
1787 1391 1944 1458 γεγό-

369 1496 526 1533 νασιν
568 1477 883 1546 ἀναγκαίως
929 1477 1291 1547 κληρονόμοι·
1336 1480 1386 1530 oi
1430 1477 1486 1530 δὲ
1518 1477 1616 1548 τὴν
1651 1480 1944 1534 ἀκολασίαν

367 1569 477 1623 τῶν
506 1570 709 1637 γονέων
740 1568 797 1620 ἐν
829 1569 942 1630 τοῖς
973 1566 1221 1637 σώμασιν
1248 1567 1682 1638 ἀπομαξάμενοι,
1704 1568 1803 1622 οὐκ
1825 1570 1944 1621 ἐκο-

367 1660 645 1728 λάσθησαν
669 1658 767 1727 μὲν
794 1657 890 1726 (οὐ
921 1657 1028 1726 γὰρ
1055 1657 1338 1709 ἐκέλευσεν
1361 1657 1556 1720 αὐτοὺς
1576 1657 1945 1727 καταλευσθῆ-

2054 495 2195 548 circa
2229 493 2521 563 legislator,
2553 504 2611 548 ut
2647 494 2776 548 mihi
2807 495 3022 564 quidem
3064 497 3278 552 videtur
3306 497 3435 569 (non
3470 503 3615 556 enim

2052 584 2118 638 de
2158 583 2320 638 rebus
2353 584 2601 639 obscuris
2626 586 2848 655 prmcise
2878 586 3077 654 aliquid
3106 601 3421 644 asseverare
3453 571 3614 660 opor-

2052 679 2150 736 tel,
2183 673 2277 727 sed
2310 674 2579 728 audituris
2610 674 2925 742 permittere
2948 673 3233 745 judicium)
3264 676 3491 733 sollicite
3520 695 3615 732 cu-

2052 764 2208 816 rabat
2231 764 2298 817 de
2326 763 2713 818 incontinentia
2742 763 3046 829 libidinum,
3070 779 3137 819 ne
3157 766 3349 834 quovis
3370 776 3615 835 temporc

2050 851 2103 903 in
2156 860 2353 904 emtum
2409 852 2759 905 convenirent
2814 850 3091 922 coniuges,
3132 863 3191 908 ut
3243 855 3335 924 qui
3391 856 3613 920 scirent,

2049 955 2243 994 noxam
2292 942 2343 994 in
2390 956 2518 996 suos
2553 943 2750 998 liberos
2811 944 3184 1000 transituram.
3231 945 3384 1013 Quod
3432 955 3613 1002 autem

2050 1046 2153 1085 non
2186 1031 2408 1096 sithoc,
2460 1033 2603 1101 quod
2653 1033 2785 1099 dixi,
2837 1035 3212 1104 impertinens,
3257 1044 3351 1091 aut
3382 1051 3414 1092 a
3450 1053 3614 1109 scopo

2046 1120 2280 1184 aberret,
2312 1130 2633 1191 argumento
2681 1132 2784 1191 est,
2833 1124 2973 1193 quod
3023 1126 3298 1195 podagrici
3348 1142 3381 1181 a
3440 1131 3612 1184 sacris

2045 1214 2239 1267 castris
2281 1220 2337 1266 et
2384 1214 2739 1270 conventibus
2783 1230 2890 1269 non
2948 1226 3257 1273 arceantur.
3309 1218 3445 1274 Nam
3510 1221 3614 1289 ipsi

2044 1300 2281 1366 quidem,
2303 1302 2391 1369 qui
2422 1300 2490 1354 ah
2514 1300 2671 1356 initio
2701 1301 2776 1373 (et
2806 1303 2965 1371 primi
3012 1304 3066 1359 in
3111 1319 3208 1360 sua
3254 1305 3483 1378 familia)
3511 1309 3615 1365 hoc

2043 1392 2184 1441 malo
2215 1388 2461 1444 laborare
2485 1402 2786 1460 coeperunt,
2816 1409 2920 1446 non
2965 1395 3033 1448 ab
3090 1393 3293 1451 infelici
3342 1407 3613 1471 tempera-

2044 1486 2227 1531 mento
2252 1479 2416 1546 (quod
2447 1481 2585 1534 male
2614 1481 2723 1534 nati
2766 1481 2994 1553 essent),
3026 1483 3121 1539 sed
3172 1499 3201 1540 a
3245 1501 3408 1555 prava
3440 1490 3615 1546 victus

2042 1566 2274 1631 ratione,
2321 1578 2377 1623 et
2420 1569 2645 1636 deliciis,
2686 1579 2742 1625 et
2783 1570 2976 1627 inertia
3025 1582 3189 1644 atque
3246 1577 3458 1646 ignavia
3511 1582 3615 1639 hoc

2044 1664 2439 1712 contraxerunt
2481 1658 2667 1713 :unde
2708 1660 2871 1715 etiam
2915 1675 3011 1731 per
3040 1662 3092 1718 id
3129 1666 3303 1733 puniti
3335 1678 3481 1723 sunt.
3511 1669 3614 1736 Qui

368 1767 457 1802 ναι
477 1766 492 1781 ο
533 1748 827 1816 ἀϐούλητον
852 1747 960 1816 γὰρ
987 1741 1054 1815 ἦν
1092 1745 1154 1798 τὸ
1186 1745 1413 1815 πάθος),
1441 1745 1794 1816 ἡτιμώθησαν
1829 1747 1939 1818 (55)

2044 1758 2171 1798 vero
2186 1759 2251 1799 ex
2280 1746 2408 1815 ipsis
2428 1746 2539 1801 nati
2567 1757 2695 1801 sunt
2718 1748 3062 1819 (podagrici),
3088 1751 3123 1806 ii
3148 1756 3320 1810 sacris
3345 1756 3611 1814 interesse

367 1841 445 1904 δὲ,
470 1840 605 1910 πρὸς
633 1835 1009 1918 σωφρονισμὸν
1030 1834 1137 1888 τῶν
1160 1836 1448 1889 τεκόντων.
1476 1837 1540 1888 Ei
1558 1836 1615 1890 δέ
1641 1854 1726 1899 τις
1746 1837 1937 1902 οἴεται,

366 1932 525 1984 τοῦτο
552 1934 625 2001 μὴ
655 1921 892 1996 εὐλόγως
918 1928 1394 1998 νενομοθετῆσθαι,
1422 1929 1490 1981 τί·
1508 1930 1641 2000 φαίη
1675 1931 1801 2001 περὶ
1841 1931 1934 1984 τοῦ

369 2020 622 2087 θανάτου,
649 2020 735 2072 ὅτι
759 2020 887 2088 μιᾶς
909 2018 1307 2088 ἀμαρτησάσης
1340 2017 1504 2088 (φημὶ
1533 2018 1597 2088 δὴ
1620 2019 1717 2089 τῆς
1748 2019 1935 2089 Εΰας),

366 2110 489 2164 ὅλον
508 2111 567 2163 τὸ
594 2110 749 2179 γένος
768 2108 983 2177 θανάτῳ
1005 2106 1326 2177 κατεκρίθη,
1362 2106 1535 2160 καίτοι
1563 2108 1773 2161 πολλῶν
1802 2110 1940 2161 εὐδο-

368 2199 743 2270 κιμησάντων,
764 2196 861 2251 καὶ
885 2200 994 2259 τοῖς
1024 2195 1328 2265 πταίσμασι
1359 2198 1471 2259 τοῖς
1494 2200 1833 2267 προγονικοῖς
1863 2198 1937 2268 μὴ

367 2289 877 2359 ἁκολουθησάντων;
920 2288 982 2339 Εί
1029 2286 1073 2338 δ’
1114 2287 1229 2339 ἐκεῖ
1268 2286 1369 2355 τῆς
1429 2287 1585 2358 ῥίζης
1632 2288 1940 2358 τεθνεώσης

368 2381 677 2449 ἀναγκαίως
699 2379 796 2432 καὶ
826 2381 874 2431 οἱ
906 2378 1115 2438 κλάδοι,
1148 2376 1222 2439 ὡς
1250 2377 1574 2447 κληρονόμοι
1596 2378 1694 2448 τῆς
1718 2378 1928 2445 ἀποφάο

368 2490 525 2537 σεως,
566 2470 990 2541 συναπήλαυσαν
1015 2467 1111 2521 τοῦ
1152 2467 1388 2530 πάθους⁶
1433 2469 1487 2521 τί
1515 2468 1844 2538 θαυμαστὸν,
1890 2470 1937 2520 εί

367 2562 645 2617 κάνταῦθα
671 2560 758 2613 διὰ
785 2557 884 2628 τὴν
914 2556 1069 2628 ῥίζαν
1088 2558 1116 2609 6
1137 2556 1330 2620 κλάδος
1350 2557 1621 2627 ἠτιμώθη,
1645 2557 1939 2628 παραπέμ-

368 2671 484 2706 πων
510 2649 820 2716 ἀναγκαίως
846 2648 938 2701 καὶ
968 2650 1047 2711 είς
1069 2647 1166 2718 τὴν
1194 2646 1349 2717 ῥίζαν
1372 2648 1431 2699 τὸ
1454 2647 1623 2711 πάθος
1648 2665 1661 2714 ;
1693 2648 1799 2700 Τοῦ
1830 2649 1937 2719 γὰρ

366 2742 735 2813 ἀτιμωθέντος
779 2739 973 2792 κλάδου
1006 2741 1071 2810 τῇ
1120 2739 1241 2809 ῥίζῃ
1292 2739 1392 2791 οὐκ
1422 2738 1656 2791 ἐλάττων
1686 2740 1719 2807 ὴ
1751 2738 1933 2807 ὀδύνη.

380 2836 443 2887 Ἢ
474 2834 581 2903 γάρ
635 2830 900 2902 εὐχομένη
952 2829 1041 2881 τὸν
1095 2830 1284 2881 κλάδον
1343 2829 1561 2898 ἄριστον
1617 2828 1763 2890 ἰδεῖν,
1811 2829 1938 2881 ὅταν

368 2924 646 2993 αἴσθηται,
682 2923 764 2974 ὅτι
812 2922 875 2972 ὲκ
909 2921 1007 2989 τῆς
1051 2918 1219 2987 αὐτῆς
1249 2917 1545 2979 ἀκολασίας
1573 2917 1634 2969 τὸ
1663 2916 1832 2978 πάθος
1860 2917 1941 2978 είς

370 3020 575 3071 ἐκεῖνον
610 3013 786 3083 διέϐη,
836 3009 1069 3063 ἐνταῦθα
1109 3010 1207 3079 μὲν
1238 3011 1353 3071 τοῖς
1394 3008 1613 3071 οἰκείοις
1658 3008 1941 3077 λογισμοῖς

368 3104 854 3173 καταικισθήσεται
875 3117 889 3131 ο
922 3102 1100 3153 ἐκεῖσε
1131 3099 1187 3151 δὲ
1217 3099 1311 3151 καὶ
1344 3100 1411 3168 τῇ
1444 3099 1644 3169 κρίσει.
1671 3099 1733 3150 Εἰ
1758 3098 1814 3150 δὲ
1846 3100 1940 3151 καὶ

370 3197 758 3268 προγινώσκων
816 3193 1014 3253 αὐτοὺς
1064 3192 1091 3243 6
1143 3190 1273 3253 Θεὸς
1325 3192 1593 3260 πονηροὺς
1650 3189 1941 3259 ἐσομένους

370 3286 707 3358 προκατέσχε
736 3282 946 3343 τούτοις
972 3282 1078 3343 τοῖς
1107 3280 1346 3349 δεσμοῖς,
1392 3280 1485 3332 καὶ
1513 3278 1805 3349 ἐχαλίνωσε
1830 3282 1941 3343 τοῖς

370 3379 617 3439 πάθεσιν,
647 3374 886 3444 ἀκριϐῶς
916 3374 1015 3425 οὐκ
1042 3372 1150 3441 ἔχω
1183 3371 1389 3438 λέγειν·
1424 3372 1504 3424 ὅτι
1532 3372 1587 3424 δὲ
1617 3371 1709 3424 καὶ
1738 3372 1939 3439 στεφά-

371 3486 478 3523 νων
524 3468 738 3529 πολλοῖς
772 3466 885 3537 (54)
924 3464 1073 3518 αἴτια
1115 3463 1307 3531 γέγονε
1339 3462 1511 3515 ταῦτα
1542 3462 1612 3515 τὰ
1636 3464 1939 3533 νοσήματα,

373 3556 716 3629 θαρρούντως
746 3553 1207 3624 διισχυρισαίμην.
1242 3553 1303 3603 Εί
1337 3551 1393 3604 δὲ
1431 3552 1588 3603 σκιὰν
1617 3549 1761 3620 εἶχεν
1787 3553 1815 3603 ὁ
1853 3552 1941 3604 νό-

376 3667 475 3720 μος
522 3647 629 3701 τῶν
678 3646 978 3717 μελλόντων
1007 3643 1247 3711 ἀγαθῶν,
1281 3642 1374 3694 καὶ
1407 3642 1506 3695 οὐκ
1537 3642 1706 3709 αὐτὴν
1761 3643 1943 3696 εἰκόνα

372 3738 480 3791 τῶν
508 3736 867 3807 πραγμάτων,
910 3731 1082 3802 οἶμαι,
1118 3735 1200 3785 ὅτι
1238 3732 1334 3801 μὲν
1363 3731 1451 3783 διά
1482 3731 1576 3783 τοῦ
1609 3731 1811 3802 λεπροῦ
1851 3733 1943 3785 τὸν

374 3829 612 3882 ποικίλον
647 3827 741 3880 καὶ
771 3823 1096 3894 κακοῦργον,
1140 3823 1229 3875 διά
1266 3823 1322 3874 δὲ
1354 3821 1447 3874 τοῦ
1476 3822 1817 3892 γονορρυοῦς,
1851 3822 1944 3875 τὸν

373 3922 567 3991 πόρνον
597 3920 694 3972 καὶ
739 3917 830 3971 τὸν
858 3917 1100 3986 ἀσελγῆ·
1153 3914 1241 3967 διὰ
1265 3914 1321 3967 δὲ
1360 3913 1453 3967 τοῦ
1503 3914 1815 3984 ἀκαθάρτου
1851 3913 1944 3965 ἐπὶ

370 4010 517 4077 ψυχῇ
545 4006 853 4077 ἀνθρώπου,
881 4004 1125 4056 τουτέστι
1152 4002 1239 4054 διὰ
1268 4001 1362 4053 τοῦ
1404 4002 1711 4070 ἁπτομένου
1746 4001 1942 4071 νεκροῦ

375 4100 649 4169 σώματος,
683 4096 771 4147 τὸν
796 4096 941 4165 ψυχῇ
986 4093 1372 4164 ἁμαρτανούσῃ
1404 4092 1821 4161 συμπράττοντα
1849 4093 1944 4145 καὶ

378 4186 766 4257 συναιρόμενον
786 4202 800 4216 -
832 4184 919 4237 διὰ
961 4185 1017 4237 δὲ
1048 4183 1142 4236 τοῦ
1192 4183 1537 4247 πενθοῦντος,
1569 4182 1660 4236 τὸν
1706 4184 1798 4234 ἐπὶ
1823 4186 1944 4246 ταῖς

2042 1834 2273 1889 ctetihus
2305 1835 2529 1891 minime
2568 1838 2947 1907 prohibentur.
2984 1840 3117 1896 Nam
3174 1855 3457 1913 parentum
3486 1863 3617 1903 suo-

2045 1940 2164 1979 rum
2215 1926 2339 1980 mali
2383 1931 2821 1996 temperamenti,
2855 1946 2962 1985 non
2995 1941 3175 1987 autem
3206 1934 3618 1992 incontinentiae

2043 2003 2348 2084 libidinum,
2400 2023 2708 2077 necessario
2762 2026 3089 2080 exstiterunt
3148 2028 3411 2084 heredes.
3445 2030 3615 2088 Alteri

2039 2122 2169 2163 vero
2218 2108 2331 2179 (qui
2382 2124 2447 2164 ex
2497 2120 2783 2179 parentum
2834 2112 3111 2170 luxurioso
3152 2119 3442 2174 concubitu
3502 2124 3614 2177 nati

2040 2200 2185 2267 sunt)
2240 2198 2478 2255 libidinis
2527 2210 2815 2269 parentum
2863 2213 3020 2259 notas
3051 2206 3107 2259 in
3156 2207 3270 2262 suis
3298 2210 3618 2278 corporibus

2043 2290 2336 2359 impressas
2368 2292 2652 2357 habentes,
2683 2305 2789 2347 non
2813 2294 3030 2363 quidem
3068 2296 3241 2365 puniti
3266 2309 3391 2352 sunt
3415 2298 3615 2369 (neque

2039 2381 2182 2434 enim
2206 2380 2353 2449 ipsos
2377 2381 2647 2449 lapidibus
2671 2383 2825 2438 obrui
2864 2384 3050 2454 jussit,
3085 2386 3211 2455 quia
3244 2388 3445 2443 malum
3478 2389 3616 2458 ipsis

2039 2469 2350 2527 nolentibus
2418 2471 2769 2543 contigerat),
2828 2475 3121 2543 ignominia
3186 2485 3363 2533 tamen
3434 2477 3615 2534 ati‘ecti

2040 2570 2189 2624 sunt,
2220 2559 2385 2629 idque
2422 2560 2494 2615 ad
2534 2561 2970 2619 emendationem
3013 2576 3317 2635 parentum.
3357 2566 3511 2635 Quod
3568 2568 3617 2624 si

2039 2649 2161 2717 quis
2184 2659 2267 2704 est
2311 2651 2402 2720 qui
2456 2651 2539 2707 sic
2586 2653 2890 2719 existimat,
2924 2656 3027 2709 hoc
3055 2656 3201 2710 nulla
3234 2658 3371 2712 bona
3406 2660 3617 2714 ratione

2042 2738 2310 2792 sancitum
2354 2738 2543 2805 fuisse,
2574 2741 2702 2810 quid
2740 2742 2829 2798 ille
2862 2743 3061 2798 dixerit
3109 2745 3177 2800 de
3228 2756 3425 2812 morte,
3470 2749 3614 2817 quod
3645 2763 3662 2778 '

2040 2844 2165 2883 cum
2214 2844 2318 2883 una
2373 2832 2611 2897 peccarit
2664 2832 2865 2887 femina
2910 2834 3100 2905 (Evam
3148 2836 3412 2906 intelligo)
3445 2847 3615 2892 totum

2040 2934 2212 2989 genus
2242 2920 2562 2987 humanum,
2585 2922 2728 2990 quod
2755 2924 2821 2977 ab
2852 2937 2913 2977 ea
2939 2924 3233 2989 descendit,
3266 2934 3438 2981 morte
3464 2927 3616 2981 dam-

2044 3018 2228 3063 natum
2257 3019 2341 3064 est
2367 3049 2384 3076 ,
2420 3025 2544 3066 cum
2580 3021 2759 3067 tamen
2793 3013 2945 3066 multi
2990 3012 3330 3070 laudabiliter
3359 3017 3612 3080 vixerint,

2044 3112 2097 3158 et
2133 3109 2350 3174 peccata
2386 3103 2682 3172 primorum
2719 3114 3000 3172 parentum
3034 3106 3375 3161 non-fuerint
3403 3110 3617 3165 secuti?

2046 3192 2102 3247 Si
2136 3206 2265 3247 vero
2300 3191 2369 3246 ibi
2415 3190 2598 3245 radice
2641 3202 2851 3244 mortua
2885 3193 3193 3247 necessario
3243 3196 3406 3249 etiam
3457 3200 3612 3264 rami,

2046 3293 2299 3352 tanquam
2354 3282 2562 3336 scilicet
2608 3282 2849 3337 baeredes
2899 3283 3181 3337 sententia:
3238 3285 3612 3353 damnatoriac,

2042 3375 2282 3443 ejusdem
2318 3372 2447 3427 mali
2485 3373 2774 3442 participes
2829 3373 2955 3428 facti
3005 3384 3130 3428 sunt
3164 3393 3177 3428 :
3212 3377 3338 3445 quid
3362 3387 3446 3432 est
3471 3380 3615 3447 quod

2044 3465 2178 3518 adeo
2199 3463 2476 3527 miremur,
2502 3462 2546 3516 si
2577 3462 2664 3516 hic
2687 3477 2900 3532 quoque
2923 3472 3142 3533 propter
3169 3466 3403 3520 radicem
3431 3482 3615 3522 ramus

2044 3552 2335 3622 ignominia
2373 3560 2589 3607 notatus
2638 3562 2742 3616 cst,
2777 3552 3085 3607 necessario
3136 3556 3299 3608 etiam
3346 3556 3398 3609 in
3441 3557 3613 3626 ipsam

2043 3644 2278 3699 radicem
2312 3642 2364 3696 id
2395 3643 2594 3697 malum
2643 3644 3055 3698 transmittens?
3088 3643 3222 3698 Nam
3262 3662 3413 3701 ramo
3446 3648 3614 3717 igno-

2044 3732 2205 3787 minia
2240 3729 2431 3784 aﬂ'ecto
2458 3744 2562 3783 non
2598 3731 2775 3783 minor
2817 3731 3055 3784 radicem
3100 3734 3372 3787 cruciatus
3405 3734 3613 3803 afﬂigit.

2046 3824 2218 3878 Radix
2248 3821 2415 3885 enim,
2438 3837 2556 3890 quae
2580 3821 2629 3874 in
2652 3820 2794 3875 votis
2821 3822 3003 3885 habet,
3036 3838 3244 3875 ramum
3284 3838 3442 3891 quam
3472 3828 3615 3892 opti-

2045 3928 2190 3967 mum
2226 3910 2435 3975 videre,
2470 3910 2558 3963 ubi
2609 3910 3075 3975 animadverterit,
3104 3924 3167 3963 ex
3213 3926 3311 3965 sua
3352 3913 3615 3982 intempe-

2046 4002 2219 4056 rantia
2253 4002 2353 4055 hoc
2396 3999 2596 4053 malum
2628 3998 2680 4052 in
2712 3999 2886 4068 ipsum
2914 4000 3197 4055 transiisse
3239 4015 3302 4055 ac
3347 4017 3613 4072 propaga-

2048 4104 2156 4146 tum
2193 4105 2332 4157 esse,
2370 4091 2422 4145 in
2475 4089 2727 4159 praesenti
2757 4091 2971 4158 quidem
3025 4091 3133 4144 vita
3189 4094 3424 4161 propriis
3472 4096 3618 4164 cogi-

2048 4182 2340 4236 tationihus
2378 4178 2563 4252 (animi
2602 4180 2741 4235 male
2772 4180 2874 4235 sibi
2905 4182 3132 4253 conscii)
3159 4181 3518 4251 lacerabitur;
3563 4192 3615 4240 in

378 4256 683 4349 ουμφοραῖς
718 4276 961 4345 πενθήρη
992 4256 1085 4329 καὶ
1117 4275 1386 4345 θρηνώδη,
1420 4274 1519 4343 τῆς
1557 4275 1665 4326 τῶν
1697 4275 1941 4344 ἁμώμων

2045 4275 2216 4327 altero
2271 4282 2449 4326 autem
2493 4271 2688 4326 saeculo
2728 4271 2891 4326 etiam
2939 4271 3146 4337 judicio
3198 4274 3483 4342 allligetnr.
3533 4278 3614 4331 An

378 4372 529 4441 ἱερᾶς
561 4368 779 4422 συνόδου
810 4368 906 4420 καὶ
953 4367 1279 4439 Ἐκκλησίας
1306 4366 1795 4435 ἐξοστρακισθῆναι
1826 4366 1941 4418 ἐθέ-

2049 4374 2227 4418 autem
2279 4364 2420 4418 Deus
2472 4364 2637 4417 etiam
2692 4364 2972 4432 pratscius,
3002 4365 3145 4434 ipsos
3192 4366 3361 4422 malos
3409 4367 3619 4423 futuros

375 4476 586 4516 σπισεν,
2051 4469 2193 4518 csse,
2225 4455 2373 4509 hisce
2406 4454 2551 4509 velut
2585 4454 2813 4509 vinculis
2843 4455 3162 4523 quibusdam
3206 4468 3330 4511 ante
3360 4460 3619 4514 cohibue-

374 4557 464 4622 rit,
486 4571 549 4610 ac
575 4554 862 4609 refrenarit
912 4553 998 4608 his
1044 4553 1227 4617 malis,
1254 4554 1319 4607 de
1351 4566 1415 4607 eo
1450 4552 1583 4607 nihil
1613 4552 1747 4607 certi
1807 4551 1978 4606 habeo
2050 4550 2250 4603 dicere.
2279 4548 2411 4603 Illud
2444 4560 2623 4603 autem
2675 4549 3010 4605 conﬁdenter
3055 4552 3445 4616 contenderim,
3490 4554 3620 4606 tales

372 4648 593 4702 morbos
641 4649 824 4702 multis
857 4646 1020 4702 etiam
1054 4658 1375 4699 coronarum
1443 4657 1640 4697 causas
1686 4650 1776 4695 aut
1824 4641 2134 4696 occasiones
2196 4639 2491 4695 exstitisse.
2516 4639 2669 4705 Quod
2724 4641 2767 4695 si
2809 4641 2893 4695 lex
2926 4640 3111 4712 (Paulo
3143 4643 3302 4711 teste)
3374 4644 3619 4696 umbram

374 4740 557 4794 habuit
585 4740 891 4793 futurorum
919 4739 1205 4800 honorum,
1234 4746 1424 4791 etnon
1469 4736 1641 4802 ipsam
1684 4733 1970 4801 imaginem
2012 4745 2213 4793 rerum,
2253 4737 2408 4799 puto,
2440 4730 2581 4798 quod
2621 4729 2719 4784 sub
2761 4744 2991 4800 persona
3039 4731 3235 4798 leprosi
3275 4732 3618 4800 designatum

376 4834 651 4888 hominem
681 4834 888 4887 varium
919 4841 975 4886 ct
1036 4830 1248 4883 vafrum
1300 4838 1461 4896 atque
1509 4828 1832 4888 maleﬁcum,
1885 4840 1980 4895 per
2050 4823 2431 4889 seminiﬂuum,
2494 4832 2848 4878 scortatorem
2912 4834 2966 4877 et
3019 4825 3320 4893 impurum;
3375 4842 3470 4895 per
3522 4828 3622 4881 imo

377 4925 632 4978 mundum
684 4924 737 4976 in
775 4923 956 4976 anima
986 4920 1244 4984 hominis,
1271 4918 1433 4989 5,92
1464 4919 1566 4973 hoc
1590 4926 1674 4971 est
1706 4932 1802 4986 per
1831 4930 1951 4970 eum
1992 4918 2079 4985 qui
2115 4916 2287 4984 tetigit
2313 4928 2510 4985 corpus
2572 4923 2868 4979 mortuum,
2894 4930 3017 4969 eum
3063 4917 3151 4984 qui
3202 4917 3436 4972 animam
3500 4934 3622 4988 pec‘

377 5014 635 5068 catricem
680 5028 781 5081 ope
834 5021 889 5066 et
936 5012 1140 5065 auxilio
1174 5010 1430 5078 adjuvat;
1462 5012 1695 5079 denique
1728 5024 1822 5078 per
1867 5007 2159 5077 lugentem,
2224 5023 2345 5061 eum
2416 5006 2507 5076 qui
2552 5007 2617 5061 de
2655 5006 3054 5061 calamitatibus
3120 5009 3236 5061 suis
3266 5011 3520 5078 querulus
3567 5021 3623 5066 et

375 5104 710 5174 lacrymosus
736 5112 841 5171 est,
871 5118 938 5158 ex
970 5117 1127 5157 sacro
1153 5112 1295 5156 cmtu
1326 5102 1721 5172 inculpatorum
1777 5100 2076 5163 hominum,
2108 5110 2159 5153 ct
2188 5099 2255 5153 ab
2286 5099 2525 5155 Ecclesia
2554 5098 2902 5154 exterminari
2937 5101 3274 5169 praeceperit.

1507 5298 1741 5352 VARUE
1777 5296 2157 5353 LECTIUNES
2194 5298 2281 5351 ET
2318 5295 2551 5352 NOT/E.

448 5501 559 5573 (52)
590 5501 694 5573 l‘ro
742 5501 1038 5572 τεκμήριον
1082 5499 1221 5553 idem
1274 5502 1393 5556 cod.
1426 5498 1549 5553 Vat.
1600 5500 1792 5560 scribit
1844 5517 1935 5553 τε·

370 5572 839 5641 κμηριοῖ.ΡοεειΝ.

444 5643 555 5711 (.55)
593 5641 869 5712 ἸΙτιμώθη
908 5640 1047 5695 idem
1083 5647 1251 5692 mutat
1297 5640 1347 5693 in
1387 5638 1722 5709 ἐτιμωρήθη.
1760 5638 1833 5691 In.

2121 5504 2232 5573 (54)
2270 5505 2373 5558 Pro
2404 5503 2618 5565 πολλοῖς
2649 5503 2838 5556 iterum
2890 5500 3047 5573 ponit
3092 5500 3368 5565 πολλάκις,
3396 5510 3450 5557 et
3476 5516 3615 5558 vers.

2053 5572 2172 5627 inde
2202 5576 2234 5627 5
2271 5577 2409 5630 inter
2443 5574 2609 5642 αὑτήν
2644 5584 2697 5627 et
2727 5573 2904 5647 εἰκόνα
2941 5572 3123 5625 inserit
3154 5574 3271 5640 τήν.
