4020 6140
403 297 540 363 1223
1624 302 1687 363 S.
1732 297 2021 362 ISIDORI
2061 295 2499 360 FELUSIOTJ".
3535 295 3666 361 1224

717 406 923 465 CXLII.
972 437 1038 447 --
1083 406 1312 462 IIELIAE
1348 408 1667 466 DIACONO.
2019 421 2061 476 Α

2019 421 2061 476 Α
2477 403 2661 459 PMB'.
2698 433 2766 442 -
2790 402 2957 475 nam
2992 402 3318 475 ΔΙΛΚΟΝῼ.

575 518 640 572 In
673 518 824 582 illud,
855 538 872 567 ι
908 517 967 570 In
994 520 1250 586 principio
1280 531 1389 572 erat
1433 518 1652 572 Verbum
1679 520 1747 573 ⁸⁷.
1786 538 1804 572 ι

2348 518 2454 584 Εἰς
2480 518 2549 571 τό
2572 534 2585 547 ·
2624 534 2643 568 ι
2685 516 2790 570 Ἔν
2808 516 2965 584 ἀρχῇ
2995 513 3075 586 ἦν
3117 519 3149 570 ὁ
3188 518 3402 587 Λόγος.
3438 537 3457 571 ι

470 629 656 685 Sacra:
706 628 927 682 Litterae
976 629 1235 698 temporis
1289 636 1571 698 expertem
1622 637 1678 685 et
1729 640 1985 684 aeternam

2158 631 2270 701 Τὴν
2292 630 2516 700 ἄχρονον
2545 626 2638 680 καὶ
2666 626 2839 679 ἀΐδιον
2869 626 2966 680 καὶ
2998 626 3380 696 ἀμεσίτευτον,
3411 630 3510 684 καὶ
3532 648 3662 686 παν-

399 732 564 789 atque
615 719 1009 785 immediatam,
1041 720 1299 789 omnique
1324 730 1383 773 et
1414 720 1661 774 oratione
1702 729 1758 773 et
1807 727 1986 774 mente

2086 720 2177 783 τὸς
2209 720 2369 786 λόγου
2389 719 2483 770 καὶ
2510 715 2602 769 νοῦ
2635 716 2921 787 κρείττονα
2941 715 3168 785 πρόοδον
3188 716 3282 769 τοῦ
3305 719 3544 788 Χριστοῦ
3562 722 3668 793 (55)

404 812 742 880 superiorem
772 810 973 865 Christi
1018 826 1047 863 a
1080 808 1245 865 Patre
1297 810 1737 880 progressionem
1797 817 1991 864 vocant

2089 810 2197 863 ἀπὸ
2232 809 2466 879 Πατρὺς,
2506 807 2759 875 γέννησιν
2792 803 3050 857 καλοῦσιν
3084 806 3140 857 αἱ
3194 806 3433 877 Γραφαὶ,
3466 810 3564 879 οὑχ
3593 812 3672 865 ἵνα

398 903 832 970 generationem,
864 917 970 956 non
1003 910 1060 955 ut
1092 905 1493 972 perpessionem
1531 902 1766 971 aliquam
1796 904 1985 956 adum-

2091 900 2264 963 πάθος
2294 898 2708 971 ὑπογράψωσιν,
2738 896 2853 948 ἀλλ’
2876 896 2963 950 ἵνα
2981 896 3041 949 τὸ
3061 896 3348 966 ὁμοούσιον
3381 902 3670 970 στήσωσιν.

399 996 578 1059 brent,
625 996 719 1050 sed
750 1005 808 1049 ut
860 997 1132 1059 essentiae,
1188 1003 1247 1049 ut
1283 995 1362 1050 sic
1410 995 1624 1064 loquar,
1653 995 1986 1050 identitatem

2104 990 2403 1063 Ὀμοούσια
2450 990 2556 1062 γὰρ
2587 989 2666 1059 τῷ
2704 990 2820 1042 ὄντι
2846 988 2913 1042 τὰ
2947 990 3247 1061 τικτόμενα
3295 995 3410 1056 τοῖς
3457 994 3672 1047 τίκτου-

401 1094 667 1141 statuant.
699 1085 833 1140 Nam
866 1102 989 1155 qua:
1018 1088 1314 1155 gignuntur
1362 1099 1555 1141 revera
1580 1086 1826 1140 eamdem
1867 1100 1988 1140 cum

2093 1100 2179 1136 σιν
2219 1083 2355 1152 (56).
2405 1082 2524 1134 Ἵνα
2556 1080 2615 1133 δὲ
2667 1082 2741 1150 μὴ
2788 1080 3053 1151 νεώτερον
3096 1082 3456 1154 ἐπινοηθείη,
3509 1104 3528 1136 ι
3591 1087 3672 1138 Ἐν

406 1176 754 1244 gignentibus
778 1179 1071 1230 essentiam
1109 1177 1332 1231 habent.
1364 1176 1470 1232 Sed
1502 1192 1570 1231 ne
1602 1178 1870 1232 recentius
1901 1186 1993 1232 aut

2091 1177 2234 1247 ἀρχῇ
2264 1168 2331 1244 ἦν
2390 1174 2419 1225 ὁ
2458 1172 2661 1239 Λόγος,
2703 1191 2721 1223 ι
2770 1172 2955 1240 φασίν.
3008 1167 3140 1224 Εἶτα
3195 1175 3290 1226 καὶ
3342 1174 3439 1243 τὴν
3489 1176 3672 1245 σχέσιν

400 1270 673 1337 posterius
718 1270 845 1339 quid
888 1269 1031 1323 forte
1069 1270 1341 1339 cogitetur
1373 1287 1387 1324 :
1427 1287 1447 1319 ¢
1482 1268 1539 1323 ln
1574 1269 1876 1339 principio,
1908 1270 1987 1323 in-

2092 1263 2428 1335 κηρύττουσι
2451 1262 2550 1333 τὴν
2586 1262 2722 1331 πρὸς
2749 1262 2841 1315 τὸν
2875 1263 3121 1333 Πατέραο
3154 1282 3177 1315 ι
3224 1265 3319 1317 καὶ
3347 1266 3375 1316 6
3412 1266 3582 1333 Λόγος
3606 1262 3672 1337 ἦν

402 1362 621 1430 quiunt,
653 1373 769 1416 erat
819 1361 1079 1417 Verbum.
1120 1379 1139 1412 ι
1179 1361 1385 1415 Deinde
1434 1362 1599 1415 etiam
1639 1361 1880 1431 ejusdem
1918 1360 1986 1413 ad

2095 1356 2233 1428 πρὸς
2262 1355 2352 1409 τὸν
2373 1354 2527 1408 Θεόν.
2568 1373 2585 1405 ι
2611 1351 2744 1408 Εἶτα
2772 1356 2867 1408 καὶ
2890 1354 2989 1426 τὴν
3021 1356 3208 1421 ἀξίαν·
3255 1378 3273 1408 ι
3309 1359 3419 1411 Καὶ
3453 1358 3584 1422 Θεὸς
3606 1355 3672 1430 ἦν

400 1452 616 1507 Patrem
658 1453 1026 1507 habitudinem
1063 1453 1381 1520 prmdicant,
1428 1468 1551 1505 cum
1602 1453 1797 1506 aiunt:
1852 1469 1872 1502 ι
1927 1451 1987 1504 ΕΙ

2094 1452 2122 1503 ὁ
2156 1449 2347 1516 Λόγος.
2388 1467 2406 1498 ι
2459 1447 2555 1500 Ἐκ
2600 1446 2699 1516 μὲν
2726 1447 2820 1500 τοῦ
2869 1446 2997 1500 Υίοῦ
3044 1448 3106 1500 τὸ
3144 1449 3467 1519 όμοούσιον·
3512 1453 3577 1504 ὲκ
3616 1453 3672 1505 δὲ

408 1544 645 1599 Verbum
679 1555 797 1597 erat
825 1546 963 1610 apud
993 1542 1183 1596 Deum.
1216 1561 1235 1594 ι
1274 1542 1521 1597 Postlth
1553 1554 1608 1598 et
1634 1543 1945 1611 dignitatem
1976 1559 1991 1595 :

2092 1539 2187 1593 τοῦ
2227 1539 2404 1606 Λόγου
2432 1537 2494 1591 τὸ
2533 1537 2780 1600 ἀπαθέςο
2811 1538 2875 1591 ὲκ
2902 1538 2961 1591 δὲ
3000 1537 3095 1591 τοῦ
3139 1541 3197 1591 ὲν
3250 1541 3392 1610 ἀρχῇ
3426 1534 3587 1604 εῖναι,
3614 1543 3673 1595 τὸ

409 1654 427 1685 ι
467 1634 533 1688 Et
563 1633 704 1688 Deus
753 1642 876 1688 erat
906 1632 1165 1688 Verbum.
1218 1651 1236 1683 ι
1291 1632 1470 1699 Quare
1518 1647 1585 1686 ex
1638 1632 1996 1701 appellatione

2096 1632 2369 1685 συναῒδιον
2389 1647 2401 1661 ⁸
2433 1633 2498 1684 ὲκ
2535 1630 2593 1683 δὲ
2629 1629 2723 1681 τοῦ
2756 1630 2890 1700 πρὸς
2913 1630 3006 1683 τὸν
3039 1630 3172 1684 Θεὸν
3201 1627 3361 1697 εἶναι,
3410 1634 3510 1703 τὴν
3534 1635 3670 1704 πρὸς

405 1721 525 1777 Filii
560 1724 803 1777 eamdem
855 1724 1144 1777 essentiam
1180 1740 1195 1778 :
1239 1738 1304 1778 ex
1365 1722 1546 1777 Verbo
1590 1722 1990 1791 generationem

2092 1725 2183 1776 τὸν
2219 1723 2440 1791 Πατέρα
2472 1721 2810 1791 οἰκειότητα·
2845 1721 2934 1773 διὰ
2976 1721 3033 1774 δὲ
3074 1722 3168 1775 τοῦ
3210 1722 3342 1775 Θεὸν
3386 1717 3545 1788 εἶναι,
3576 1726 3673 1795 τὴν

406 1812 769 1881 perpessionis
814 1822 1094 1880 expertem
1129 1830 1144 1879 ;
1177 1828 1243 1867 ex
1271 1828 1336 1867 eo
1367 1829 1530 1883 porro
1555 1813 1698 1882 quod
1740 1812 1907 1867 fuerit
1936 1812 1988 1866 in

2096 1810 2254 1874 ἀξίαν
2281 1785 2446 1862 αὐτοῦ
2475 1785 2885 1878 καταμαθόντες
2902 1823 2915 1836 ”
2944 1809 3039 1861 καὶ
3062 1810 3121 1874 ἐξ
3148 1810 3380 1873 ἑκάστου
3411 1785 3669 1881 ὀνόματός

404 1903 691 1973 principio,
721 1905 965 1959 eamdem
1025 1906 1383 1959 aeternitatem
1427 1922 1441 1971 ;
1504 1906 1736 1973 denique
1786 1919 1853 1957 ex
1902 1918 1991 1968 eo,

2094 1902 2156 1956 τὸ
2183 1899 2457 1970 ἐφορμοῦν
2482 1899 2729 1969 ἀπρεπὲς
2751 1899 3212 1970 ἀποπεμψάμενοι
3231 1919 3244 1933 ο
3264 1897 3396 1964 οἷον,
3430 1903 3540 1956 ἀπὸ
3571 1904 3666 1974 μὲν

403 1996 545 2063 quod
578 1994 744 2050 fuerit
768 1998 906 2065 apud
938 1999 1125 2062 Deum,
1160 1997 1598 2066 coniunctionem
1624 2011 1745 2049 cum
1779 1994 1938 2048 Patre
1972 2011 1987 2048 :

2093 1989 2190 2045 τοῦ
2231 1990 2362 2044 Υἱοῦ
2388 1992 2451 2043 τὸ
2489 1990 2774 2062 νεώτερον,
2802 1992 2910 2043 ἀπὸ
2945 1992 3003 2044 δὲ
3031 1992 3126 2044 τοῦ
3180 1992 3356 2061 Λόγου
3384 1994 3444 2046 τὸ
3470 1994 3669 2047 ἀνυπό-

402 2103 471 2141 ex
512 2103 576 2142 eo
621 2102 753 2143 vero
787 2089 930 2156 quod
964 2089 1103 2143 Deus
1137 2090 1227 2152 sit,
1266 2088 1583 2158 dignitatem
1628 2097 1792 2156 atque
1812 2084 1989 2140 excel-

2097 2098 2312 2144 στατον,
2344 2080 2478 2134 Θεὸν
2499 2081 2693 2145 ἀΐδιον,
2718 2080 3024 2150 όμοούσιον,
3059 2081 3285 2145 ἀπαθῶς
3315 2083 3408 2135 καὶ
3428 2084 3668 2153 ἀχρόνως

405 2177 631 2233 tentiam
672 2179 841 2248 ipsius
886 2179 1190 2244 discentes;
1236 2194 1303 2233 ex
1328 2187 1657 2247 'unoquoque
1681 2186 1859 2231 autem
1890 2190 1987 2229 no-

2094 2175 2159 2227 ὲκ
2183 2173 2278 2226 τοῦ
2301 2173 2517 2243 Πατρὸς
2555 2172 2886 2245 προελθόντα
2915 2172 3186 2244 εἰδείημεν
3210 2191 3269 2226 τε
3296 2174 3387 2227 καὶ
3429 2191 3667 2244 προσκυ-

406 2268 552 2321 mine
602 2279 947 2325 removentes
995 2270 1383 2324 inconveniens
1408 2278 1461 2323 et
1490 2271 1802 2322 indecorum
1840 2266 1987 2332 illud,
2094 2266 2379 2335 νήσαιμεν.

409 2361 555 2431 quod
578 2362 703 2416 inde
735 2377 795 2417 se
826 2362 966 2417 forte
1001 2364 1052 2417 in
1092 2364 1301 2417 animos
1336 2372 1549 2416 nostros
1593 2361 1832 2416 insinuat
1878 2369 2043 2428 atque
2080 2358 2300 2429 ingerit,
2361 2358 2510 2412 verbi
2557 2358 2751 2427 gratia,
2782 2372 2812 2412 a
2867 2357 2987 2412 Filii
3022 2359 3255 2423 nomine,
3310 2358 3361 2413 id
3394 2356 3547 2430 quod
3585 2356 3666 2415 esl

407 2452 684 2507 reccntius
736 2453 852 2507 sive
902 2455 1208 2522 posterius;
1239 2469 1268 2507 a
1325 2453 1482 2507 Verbi
1518 2453 1896 2521 appellatione,
1932 2452 1984 2505 id
2023 2453 2165 2519 quod
2199 2449 2399 2503 nullam
2466 2448 2629 2502 habet
2673 2449 3100 2514 subsistentiam,
3142 2451 3307 2504 Deum
3374 2460 3662 2516 aeternum.

407 2542 945 2609 consubstantialem,
1030 2544 1236 2613 absque
1312 2543 1681 2612 perpessione,
1728 2554 1785 2598 et
1866 2549 2018 2596 extra
2060 2550 2272 2610 tempus
2309 2554 2379 2595 ex
2430 2538 2591 2593 Patre
2636 2555 2980 2609 progressum
3050 2555 3407 2609 agnoscamus
3450 2554 3508 2598 et
3567 2547 3662 2598 ad-

406 2643 645 2687 oremus.

780 2742 1006 2799 CXLIII.
1040 2773 1110 2783 —
1140 2744 1231 2798 AD
1260 2743 1605 2800 BASILIUM.

2424 2741 2603 2796 PMI".
2636 2771 2705 2783 —
2735 2742 2913 2795 ΠΡΟΣ
2943 2741 3329 2798 ΒΑΣΙΛΕῐυΝ-.

478 2874 687 2942 Quibus
741 2874 1030 2946 imperium
1081 2876 1306 2945 contigit
1353 2876 1677 2947 legitimum,
1711 2875 1780 2931 iis
1821 2877 1986 2933 etiam

2160 2870 2259 2943 Οἷς
2284 2877 2346 2930 τὸ
2368 2876 2556 2948 ἄρχειν
2599 2876 2940 2946 καθέστηκεν
2984 2878 3228 2948 ἔννομον,
3260 2881 3468 2944 τούτοις
3495 2880 3656 2952 δήπου

406 2969 543 3024 bene
572 2969 845 3036 procedet.
870 2967 1015 3023 Bene
1044 2977 1225 3023 autem
1264 2978 1392 3024 tunc
1439 2973 1655 3026 demum
1709 2973 1982 3038 succedet,

2088 2969 2182 3023 καὶ
2200 2963 2273 3021 Δεὖ
2306 2969 2541 3039 ὑπάρξει
2570 2968 2867 3021 ἀκόλουθον
2886 2985 2901 2999 ι
2936 2964 2993 3021 εὖ
3022 2969 3076 3021 δὲ
3100 2970 3363 3039 πράσσειν
3391 2972 3658 3043 κατορθω-

410 3059 498 3114 ubi
523 3059 817 3114 obtinuerit
843 3059 1036 3129 pietas,
1063 3074 1181 3129 qua:
1212 3067 1296 3114 est
1326 3062 1570 3115 omnium
1603 3061 1868 3117 bonorum
1894 3077 1987 3117 su-

2089 3060 2337 3130 θήσεται,
2371 3060 2534 3130 ἡνίκα
2557 3060 2893 3130 κρατύνηται
2929 3060 2962 3130 ή
2993 3060 3264 3123 εὐσέϐεια,
3304 3061 3412 3114 τῶν
3447 3064 3656 3131 ἀγαθῶν

408 3163 675 3225 pretium,
735 3160 792 3205 et
858 3152 1159 3205 divinorum
1233 3152 1610 3207 mandatorum
1681 3162 1843 3222 caput
1921 3166 1988 3206 ac

2090 3150 2153 3204 τὸ
2175 3151 2499 3221 ἀκρότατον,
2552 3138 2783 3204 καὶτῶν
2823 3150 2981 3204 θείων
3013 3153 3451 3222 προσταγμάτων
3492 3154 3654 3221 κεφά-

406 3254 619 3295 summa
654 3257 669 3294 :
706 3255 869 3308 quam
908 3242 1189 3297 constituit
1240 3251 1389 3295 recta
1446 3242 1512 3295 de
1556 3241 1740 3296 divino
1767 3242 1987 3298 numine

2086 3242 2262 3307 λαιον,
2296 3243 2363 3311 ἢν
2395 3241 2708 3311 συνίστησιν
2739 3244 2773 3312 ή
2803 3242 2937 3313 ὀρθὴ
2968 3244 3097 3316 περὶ
3124 3243 3186 3296 τὸ
3217 3244 3369 3297 Θεῖον
3399 3243 3542 3309 δόξα,
3568 3246 3655 3297 καὶ

407 3330 615 3399 opinio,
647 3339 703 3384 et
742 3331 954 3384 sincera
978 3332 1397 3403 incorruptaque
1416 3333 1708 3401 confessio,
1731 3346 1785 3389 et
1805 3345 1987 3390 osten-

2086 3332 2385 3403 εἰλικρινὴς
2421 3332 2705 3403 ὁμολογία,
2735 3334 2897 3401 φόόος
2924 3351 2983 3387 τε
3018 3334 3047 3384 ὁ
3077 3333 3170 3387 τοῦ
3209 3333 3344 3387 Θεοῦ
3376 3334 3652 3403 ἐμφανίζει

408 3422 488 3475 dit
512 3424 673 3474 timor
697 3430 859 3489 atque
884 3421 1105 3477 dilectio
1133 3423 1251 3491 Dei,
1273 3434 1328 3478 et
1352 3439 1479 3494 erga
1500 3435 1786 3494 cognatum
1815 3441 1987 3493 genus

2087 3424 2182 3475 καὶ
2210 3424 2511 3490 ἀγάπησις,
2545 3424 2641 3475 καὶ
2688 3424 2721 3490 ὴ
2765 3422 2901 3492 πρὸς
2949 3424 3009 3476 τὸ
3063 3424 3333 3494 ὁμόφυλον
3364 3426 3549 3495 ἀγάπη
3595 3441 3650 3477 τε

407 3512 643 3566 charitas
676 3521 839 3581 atque
880 3510 1099 3567 affectio
1142 3531 1156 3566 :
1207 3515 1403 3582 quibus
1440 3530 1506 3569 ex
1538 3517 1697 3571 rebus
1753 3526 1862 3571 tota
1898 3517 1985 3572 lex

2086 3511 2181 3562 καὶ
2212 3509 2524 3579 συμπάθεια
2543 3526 2557 3541 ·
2589 3512 2647 3563 ἐν
2680 3505 2761 3574 οἷς
2805 3510 2952 3574 ἄπας
2987 3515 3015 3565 6
3045 3513 3208 3583 νόμος
3248 3515 3341 3567 καὶ
3368 3515 3418 3565 οἱ
3448 3515 3649 3585 προφῆ-

405 3610 463 3658 et
504 3602 779 3670 prophetae
831 3616 1020 3657 omnes
1070 3604 1326 3671 pendent.
1355 3605 1506 3671 Quod
1541 3607 1706 3660 etiam
1739 3608 1791 3660 in
1817 3609 1986 3677 magi-

2083 3616 2173 3652 ται
2205 3603 2534 3671 κρέμανται.
2557 3602 2630 3655 Τὸ
2652 3602 2750 3656 καὶ
2774 3604 2831 3656 ἐν
2864 3606 3061 3674 ἀρχαῖς
3102 3623 3154 3658 τι
3185 3606 3572 3676 ὑπερκόσμιον,
3595 3606 3651 3658 τὸ

408 3692 673 3744 stratibus
696 3698 779 3743 cst
812 3692 1309 3759 supramtrndanum
1348 3693 1608 3762 quiddam
1640 3703 1695 3749 et
1715 3694 1986 3750 excellens

2085 3689 2320 3763 προῦχον
2340 3695 2433 3747 καὶ
2448 3694 2762 3765 κράτιστον.
2784 3697 2914 3749 Ἣδε
2933 3698 3081 3750 ἐστὶν
3100 3697 3392 3752 ἐπιστασία
3414 3698 3648 3767 ἔννομος,

406 3791 461 3835 et
495 3782 1021 3850 prmstantissinmm.
1072 3782 1197 3838 Ilaac
1250 3784 1486 3854 legitima
1535 3794 1617 3839 est
1644 3787 1983 3853 praefectura,

2085 3783 2294 3836 καὶτοῦ
2332 3786 2531 3848 παντὸς
2565 3787 2807 3856 ὑπηκόου
2854 3786 2990 3857 πρὸς
3034 3788 3096 3840 τὸ
3146 3788 3426 3851 λυσιτελὲς
3469 3789 3651 3858 ἐπιμέο

406 3880 460 3925 et
499 3871 745 3924 omnium
779 3871 1116 3925 subditorum
1167 3872 1418 3927 utilitatis
1462 3875 1771 3941 procuratio
1801 3893 1815 3929 :
1844 3877 1984 3930 sicut

2082 3873 2200 3925 λεια
2226 3890 2241 3903 ο
2270 3874 2457 3945 ὥσπερ
2493 3877 2557 3947 δὴ
2586 3878 2651 3929 ἐκ
2682 3877 2774 3930 τοῦ
2809 3879 3076 3943 ἐναντίου,
3109 3879 3362 3950 τυραννίς
3408 3881 3523 3933 ἐστι
3562 3879 3651 3931 δυ-

406 3978 438 4015 e
503 3962 779 4015 contrario
804 3962 1048 4032 tyrannis
1072 3972 1156 4017 est
1189 3964 1485 4020 dominatio
1536 3981 1655 4034 qua:
1708 3966 1825 4035 ipsa
1879 3968 1982 4023 sibi

2082 3964 2308 4016 ναστεία
2337 3965 2635 4036 αὐτόνομος
2664 3967 2800 4038 (57),
2836 3969 2930 4022 ἐπὶ
2954 3969 3016 4023 τὸ
3037 3972 3234 4024 οἰκεῖον
3256 3971 3418 4039 μόνον
3449 3971 3650 4042 συμφέ-

408 4051 491 4104 lex
537 4060 643 4116 est,
678 4067 905 4121 quaeque
939 4053 1070 4106 nihil
1104 4055 1208 4108 nisi
1253 4058 1527 4125 propriam
1580 4059 1793 4127 tyranni
1829 4059 1982 4113 utili-

2086 4071 2175 4141 ροςι
2194 4054 2273 4124 τῷ
2285 4056 2634 4126 τυραννοῦντι
2653 4059 3046 4131 μετερχομένη.
3074 4060 3230 4114 Ὅσοι
3250 4061 3430 4115 τοίνυν
3457 4062 3650 4131 ταύτην

410 4149 573 4196 tatem
603 4150 968 4195 consectatur.
1007 4143 1433 4214 Quibuscunque
1464 4146 1627 4215 igitur
1664 4148 1769 4202 hoc
1815 4149 1983 4218 impe-

2081 4146 2286 4199 διέπειν
2336 4149 2436 4217 τὴν
2488 4149 2663 4220 ἀρχὴν
2729 4151 3243 4221 ἀποκεκλήρωνται,
3303 4152 3650 4222 ἀναδούμενοι

412 4231 548 4282 rium
581 4240 728 4284 sorte
762 4232 957 4300 obtigit
1003 4234 1512 4303 administrandum,
1537 4238 1610 4292 illi
1638 4240 1791 4308 quasi
1820 4255 1979 4295 coro-

2082 4234 2270 4307 ὥσπερ
2314 4237 2579 4306 στέφανον
2612 4240 2815 4311 χρυσοῦ
2844 4244 2908 4295 ἐκ
2936 4241 3099 4295 λίθων
3136 4242 3335 4313 τιμίων
3379 4259 3646 4313 συνηρμο-

410 4333 535 4372 nam
564 4333 784 4373 auream
830 4336 898 4375 ex
939 4323 1203 4393 lapidibus
1232 4328 1481 4395 pretiosis
1511 4339 1847 4399 compactam
1874 4332 1975 4386 sibi

2088 4331 2307 4401 σμένον,
2332 4333 2429 4403 τὴν
2456 4333 3113 4406 εὐσέϐειανιδικαιοσύνην
3144 4353 3205 4388 τε
3242 4335 3431 4407 ὥσπερ
3459 4336 3646 4403 ἀλουρ-

411 4411 719 4479 impositam
756 4412 1017 4468 habentes
1048 4416 1325 4484 pietatem,
1363 4428 1419 4473 et
1457 4395 1667 4489 justitia
1719 4431 1977 4493 tanquam

2084 4395 2206 4490 γίδα
2232 4395 2684 4494 ὲνδιδυσκόμενοι,
2718 4395 2775 4479 ὲν
2817 4425 2936 4496 Θεῷ
2981 4444 3040 4479 τε
3068 4395 3277 4496 ἀρχειν,
3313 4395 3413 4478 καί
3435 4395 3647 4496 κρατεῖν

410 4515 648 4571 purpura
688 4501 879 4566 induti,
924 4504 975 4557 iu
1026 4506 1135 4561 Deo
1178 4508 1466 4578 imperare,
1516 4522 1572 4568 et
1618 4513 1978 4582 principatum

2082 4515 2297 4568 δικαίαν
2330 4515 2475 4584 μάλα
2526 4516 2699 4589 ἀρχὴν
2745 4517 3224 4588 φιλοτιμήσονται·
3260 4515 3500 4570 δεικνῦσι
3546 4515 3646 4583 γὰρ

408 4594 697 4648 admodum
735 4592 940 4663 justum
969 4597 1216 4654 obtinere
1247 4602 1557 4662 studehunt.
1590 4604 1751 4676 5.93
1792 4605 1979 4662 Osten-

2083 4606 2171 4675 ἐφ’
2203 4608 2413 4671 ἑαυτοῖς
2442 4608 2501 4661 τὸ
2533 4610 2675 4680 ἱερὸν
2701 4610 3068 4679 ἀληθέστατον
3094 4610 3295 4677 λόγιον,
3326 4608 3388 4661 τὸ
3414 4609 3642 4677 φάσκον·

406 4686 541 4739 dum
567 4684 711 4738 enim
744 4682 798 4736 in
825 4687 1134 4757 semetipsis
1156 4690 1497 4748 verissimum
1530 4709 1745 4749 sacrum
1777 4709 1975 4750 oracu-

2090 4718 2109 4750 ι
2149 4698 2228 4751 Δι’
2258 4698 2393 4769 ἐμοῦ
2430 4699 2668 4768 βασιλεῖς
2699 4680 3061 4771 βασιλεύουσι,
3094 4702 3188 4756 καὶ
3216 4700 3474 4754 δυνάσται
3520 4699 3648 4769 γρά·

478 4863 522 4897 ⁸⁷
562 4864 715 4923 Joan.
752 4884 792 4933 ι,
825 4869 875 4923 1.

1532 5022 1769 5077 VARle
1807 5022 2195 5081 LECTIONES
2233 5025 2322 5082 ET
2359 5025 2593 5083 ΝΟΤΑΞ.

479 5178 590 5252 (55)
615 5175 717 5255 Pro
744 5175 1126 5255 Χριστοῦςςιιι.
1146 5174 1270 5229 Vat.
1292 5174 1396 5255 659
1422 5174 1549 5242 legit
1574 5174 1723 5255 ξ’ἱοῠ,
1753 5184 1807 5230 et
1835 5192 1979 5233 vers.
2092 5179 2452 5255 gliﬂ‘erentiam
2486 5183 2787 5255 tyrannidis
2818 5200 2847 5238 a
2889 5199 3075 5255 regno.
3121 5184 3322 5240 Confer
3353 5187 3515 5255 epist.
3540 5185 3649 5255 I94

404 5252 438 5306 5
472 5244 865 5317 βιοστήσωσιν
895 5246 1083 5299 scribit
1121 5248 1538 5317 παραστήσωσι.
1576 5244 1788 5317 Possm.

2090 5248 2182 5304 lib.
2223 5266 2282 5315 ιι,
2319 5261 2375 5305 et
2402 5244 2627 5306 Aristot.
2657 5252 2816 5307 Polit.
2841 5244 3092 5317 ,neEnon
3128 5244 3469 5308 Ammianum
3507 5254 3645 5308 Mar-

476 5315 586 5389 (56)
615 5315 753 5370 inter
781 5315 1053 5389 τίκτουσιν
1074 5325 1125 5367 et
1145 5315 1287 5389 ἀρχῇ
1315 5315 1427 5389 haec
1454 5315 1632 5389 omnia
1675 5316 1813 5389 idem
1847 5317 1968 5389 cod.
2077 5320 2352 5385 cellinum,
2388 5322 2478 5389 qui
2523 5322 2819 5388 saepissime
2847 5315 2947 5378 hoc
2994 5324 3229 5378 inculcat
3259 5325 3309 5378 in
3337 5326 3448 5379 suis
3481 5325 3648 5379 histo-

408 5384 869 5462 inse_rit,_extritis
916 5384 982 5437 iis
1016 5398 1136 5462 quae
1189 5386 1243 5437 in
1293 5384 1438 5462 edito
1480 5384 1749 5462 leguntur,
1787 5384 1874 5436 ἵνα
1911 5384 1970 5437 δὲ
2079 5389 2194 5451 riis,
2220 5384 2352 5443 nihil
2386 5384 2528 5444 aliud
2562 5384 2900 5462 essejustum
2933 5394 3307 5462 aclegitimum
3339 5393 3644 5462 imperium,

407 5458 542 5530 pili]
580 5455 782 5530 πάθους
814 5451 1079 5530 φαντασία
1120 5452 1448 5530 ἐπικωμάσῃ
1480 5451 1650 5530 Αλόγον
1678 5469 1970 5530 ’προσαγοο

2078 5472 2239 5530 quam
2269 5473 2495 5530 pcurami
2534 5451 2725 5530 salutis
2788 5461 2995 5515 alienae.
3037 5451 3129 5517 Sic
3178 5464 3317 5528 apud
3373 5451 3642 5530 Ignatium

407 5519 685 5602 ρεῦοῦσιν·
738 5519 834 5602 live.
868 5522 925 5573 δὲ
972 5522 1232 5602 νεώτερος
1273 5519 1623 5602 θπονιξηθηείηζ
1678 5519 1827 5576 γεγε.
1878 5519 1968 5591 pe-

2078 5519 2237 5602 epist.
2268 5528 2321 5602 7A,
2360 5529 2595 5602 officium
2627 5529 2749 5583 boni
2801 5532 2943 5599 regis
2973 5540 3073 5602 est,
3123 5519 3354 5602 gip'iqu
3384 5519 3477 5585 κ”αὶ
3505 5532 3645 5586 ἑννο-

406 5588 719 5670 itult‘._‘intcr
746 5591 899 5670 λόγοις
925 5600 977 5670 e_t
1005 5593 1068 5642 ὲκ
1098 5592 1236 5670 i_dem
1280 5588 1472 5670 inserit
1497 5588 1680 5670 i'v‘ilo.
1833 5588 1889 5670 η’

1833 5588 1889 5670 μ’
1919 5668 1925 5670 _
2081 5588 2207 5663 μίαν
2238 5588 2346 5662 τοῖς
2373 5598 2694 5669 ἀρχομένοις
2716 5588 3092 5670 πρυτᾶνεύειν.
3120 5588 3286 5656 Βίτὶ.

477 5660 591 5729 (57)
627 5660 912 5726 Τιφαννίς
938 5659 1067 5711 ἐστι
1093 5658 1419 5714 δυναστεία
1447 5661 1799 5727 αὐτόνομος.
1833 5658 1967 5715 Nota
