4020 6140
409 268 546 333 1225

1318 248 1850 320 EPISTOLARUM
1888 252 2035 312 LIB.
2078 251 2177 313 IV.
2214 273 2284 285 -
2314 250 2549 310 EPIST.
2590 251 2800 311 CXLV.

3498 249 3632 312 1226

408 396 567 448 φουσι
627 373 994 442 δικαιοσύνην.
1029 390 1049 425 ι
1089 372 1267 425 Ἴσασι
1314 371 1445 442 γὰρ,
1493 371 1574 423 ὅτι
1641 367 1812 439 Ἀρχὴ
1847 365 1968 420 ὁδοῦ

2080 365 2200 429 lum,
2222 364 2364 434 quod
2386 364 2465 419 sic
2486 364 2597 417 ait:
2634 382 2653 415 ι
2708 363 2813 418 Per
2868 378 2953 419 me
2997 379 3149 432 reges
3181 372 3426 434 regnant,
3451 374 3504 418 et
3532 378 3632 433 po-

404 470 618 541 ἀγαθῆς
650 470 820 522 ποιεῖν
849 465 1054 520 δίκαια.

803 668 981 722 PMA'.
1014 697 1083 708 —-
1113 667 1564 736 Ἀνεπὶ-ηοαφος.

477 799 586 871 Τὴν
612 799 800 870 τιμίαν
833 798 1079 852 κέλευσιν
1109 797 1201 851 τοῦ
1232 795 1485 860 εὐσεϐοῦς
1513 796 1609 850 καὶ
1640 793 1970 864 θεοπροϐλή-

404 909 499 945 1του
529 891 687 962 ήμῶν
721 890 956 961 μεγάλου
1005 890 1298 961 βασιλέως,
1348 888 1561 959 πρῶτον
1614 887 1711 958 μὲν
1756 888 1845 940 διὰ
1873 885 1968 939 τοῦ

409 982 685 1053 βασιλικοῦ
707 982 1121 1053 ἀποκρισιαρίου
1150 980 1430 1052 μαθόντες,
1460 980 1555 1033 καὶ
1580 979 1679 1049 τὴν
1701 979 1757 1031 ἐν
1782 977 1971 1049 Κυρίῳ

406 1074 594 1143 ὑγείαν
626 1074 721 1128 καὶ
761 1074 1033 1146 σωτηρίαν
1065 1074 1163 1144 τῆς
1200 1070 1455 1135 εὐσεϐοῦς
1493 1071 1645 1141 ὑμῶν
1674 1070 1968 1141 βασιλείας,

407 1166 501 1220 καὶ
530 1167 706 1236 χαρᾶς
747 1164 1006 1234 μεγίστης
1047 1162 1407 1233 πλησθέντες,
1437 1161 1597 1227 δόξαν
1623 1162 1717 1214 καὶ
1745 1161 1969 1231 εὐχαρι-

410 1259 562 1312 στίαν
592 1257 670 1325 τῷ
710 1257 829 1327 Θεῷ
857 1256 1014 1327 ήμῶν
1057 1256 1287 1318 ἐκτενῶς
1314 1253 1705 1325 ἀνεπέμψαμεν
1724 1294 1739 1319 ,
1773 1254 1866 1308 καὶ
1909 1254 1973 1307 ἐκ

407 1352 507 1419 τῆς
536 1348 844 1421 ἀρρωστίας
870 1348 1026 1418 ήμῶν
1061 1345 1482 1417 ἀνερῤώσθημεν
1501 1386 1514 1410 ,
1546 1347 1641 1399 καὶ
1668 1345 1973 1416 προθυμίας

410 1438 612 1507 πολλῆς
649 1437 1077 1508 ἐνεπλήσθημεν.
1117 1434 1383 1505 Ἐντυχὼν
1410 1436 1467 1489 δέ
1492 1438 1559 1507 τῇ
1598 1436 1755 1506 τιμία
1790 1437 1973 1489 κελεύ-

412 1547 527 1593 σει,
556 1522 744 1600 εῦρον,
772 1530 917 1593 ὅπως
939 1531 968 1581 ὁ
996 1529 1125 1600 περὶ
1148 1528 1248 1598 τῆς
1282 1530 1504 1599 εἰρήνης
1533 1528 1687 1597 λόγος
1726 1546 1971 1599 παρηκοο

411 1619 670 1690 λούθησεν
709 1620 800 1671 ἐπὶ
839 1619 948 1671 τῶν
980 1620 1170 1689 πρώην
1199 1617 1495 1689 ἀρξάντων.
1531 1617 1641 1685 καὶ
1667 1619 1827 1689 ἡμεῖς
1872 1618 1972 1688 μὲν

2069 464 2247 512 tentes
2299 454 2613 511 describunt
2644 454 2910 522 justitiam
2938 454 3005 510 ⁸⁸.
3046 476 3065 510 ι
3097 457 3287 512 Sciunt
3321 457 3488 523 enim,
3536 456 3631 512 ini-

2071 546 2202 601 tiutu
2225 560 2344 602 esse
2369 546 2641 601 vim‘bona‘.
2664 545 2809 616 iusta
2832 560 2993 618 agere
3019 549 3087 603 “.

2387 656 2614 712 CXLIV.
2651 686 2722 697 —
2772 656 2924 712 Caret
2959 659 3313 727 inscriptione.

2136 789 2273 847 Cum
2307 794 2668 849 venerandum
2717 795 3026 849 mandatum
3072 797 3143 865 pii
3175 806 3229 852 et
3263 813 3292 851 a
3324 797 3432 854 Deo
3477 800 3630 855 nobis

2070 883 2311 951 praefecti
2350 883 2527 954 magni
2572 885 2915 954 imperatoris
2944 889 3111 943 nostri
3158 890 3386 958 primum
3416 890 3632 958 quidem

2071 988 2168 1043 per
2184 974 2584 1045 imperatorium
2609 977 3012 1045 apocrisiarium
3031 981 3490 1047 cognovissemus,
3507 998 3636 1037 nec-

2073 1080 2179 1119 non
2224 1066 2513 1121 sanitatem
2547 1074 2603 1120 et
2638 1067 2866 1122 salutem
2922 1068 2995 1138 pii
3047 1071 3212 1125 vestri
3266 1071 3521 1141 imperii:
3579 1082 3636 1127 et

2073 1156 2305 1210 maxima
2351 1157 2536 1226 repleti
2585 1157 2800 1223 laetitia,
2848 1159 3078 1229 gloriam
3124 1170 3285 1230 atque
3335 1163 3631 1232 gratiarum

2072 1247 2339 1302 actionem
2369 1249 2435 1303 ad
2467 1248 2632 1304 Deum
2669 1258 2909 1305 nostrum
2925 1250 3175 1307 omnibus
3207 1252 3425 1308 intentis
3456 1255 3636 1309 nervis

2071 1336 2374 1404 effudimus,
2404 1348 2457 1394 et
2486 1356 2552 1394 ex
2584 1341 2898 1397 infirmitate
2931 1354 3112 1400 nostra
3155 1346 3544 1412 convaluitnus,
3579 1358 3637 1404 et

2075 1429 2240 1483 multa
2273 1431 2435 1484 animi
2464 1432 2741 1487 alacritate
2783 1434 2983 1503 impleti
3013 1450 3221 1494 sumus.
3279 1438 3414 1492 Cum
3453 1449 3633 1495 autem

2074 1526 2438 1576 venerandum
2470 1522 2715 1592 legissem
2751 1526 3085 1592 mandatum,
3114 1528 3316 1595 inveni,
3338 1544 3445 1598 quo
3478 1540 3636 1599 pacto

2076 1614 2214 1667 ratio
2238 1613 2303 1667 de
2334 1628 2467 1682 pace
2494 1615 2829 1670 concilianda
2858 1625 3040 1672 secuta
3069 1619 3139 1673 sit
3169 1622 3499 1675 auteriorunt
3530 1623 3635 1677 im-

411 1712 511 1781 ἤδη
553 1711 647 1764 καὶ
696 1710 801 1782 πρὸ
853 1710 1051 1782 μικροῦ
1099 1712 1289 1782 χρόνου
1342 1710 1471 1782 περὶ
1498 1710 1687 1763 τούτου
1732 1710 1973 1781 μερικῶς

2080 1715 2381 1772 peratorum
2407 1707 2666 1761 rationes.
2684 1709 2761 1761 Ac
2778 1722 2874 1763 nos
2893 1724 3022 1764 sane
3041 1709 3149 1778 jam
3178 1711 3335 1780 paulo
3356 1722 3481 1766 ante
3500 1728 3637 1768 non-

413 1802 759 1872 ἀκηκόαμενο
794 1803 851 1854 ἐν
887 1801 1089 1873 ἀπορίᾳ
1130 1803 1186 1856 δὲ
1224 1800 1527 1873 γεγόναμεν
1555 1800 1649 1854 τοῦ
1699 1818 1971 1869 συγκατα-

414 1891 597 1945 θέσθαι
625 1892 702 1960 τῷ
726 1891 990 1961 λογισμῷ,
1025 1892 1222 1955 ειδότες
1251 1891 1412 1946 ὅτιτὸ
1440 1892 1710 1962 τόλμημα,
1742 1891 1768 1942 ὃ
1801 1891 1975 1954 οὐδεὶς

410 1982 521 2036 τῶν
559 1982 897 2052 Χριστιανῶν
943 1983 1328 2053 ἐπετήδευσεν,
1363 1984 1484 2035 οὐδὲ
1517 1984 1598 2045 είς
1630 1981 1755 2035 νοῦν
1799 1983 1974 2052 ἤγαγε

413 2074 523 2127 τῶν
559 2074 970 2146 προλαϐόντων,
1007 2075 1315 2145 ἐθάρσησαν
1350 2078 1590 2145 ποιῆσαι.
1622 2076 1877 2128 Φαίνεται
1916 2075 1973 2129 δὲ

416 2167 579 2236 ήμῖν,
621 2165 655 2235 ἢ
696 2167 759 2218 ἐκ
792 2164 992 2237 πολλῆς
1020 2166 1274 2235 ἀπειρίας
1304 2166 1397 2219 καὶ
1425 2165 1662 2236 ἀμαθίας
1700 2167 1809 2219 τῶν
1840 2168 1975 2237 Χρι-

418 2254 647 2309 στιανῶν
690 2256 1007 2326 δογμάτων,
1050 2257 1084 2327 ἢ
1116 2258 1180 2308 ἐκ
1208 2255 1409 2325 πολλῆς
1449 2256 1707 2319 ἀπιστίας
1748 2258 1842 2309 καὶ
1871 2274 1975 2310 κα·-

416 2345 795 2415 ταφρονήσεως
830 2345 937 2398 τῶν
967 2345 1060 2398 τοῦ
1085 2344 1217 2399 Θεοῦ
1252 2346 1481 2398 ἐντολῶν
1512 2346 1745 2415 ἐγένετο.
1778 2348 1840 2398 El
1867 2347 1975 2418 γὰρ

418 2434 575 2488 θείων
598 2435 789 2503 λογίων
819 2436 1071 2506 κατήκοοι
1112 2436 1376 2504 ἐγένοντο,
1404 2437 1465 2489 τὸ
1492 2435 1591 2507 τῆς
1623 2436 1854 2505 εὐαγοῦς
1881 2439 1977 2491 καὶ

418 2524 715 2595 ἀμωμήτου
761 2524 916 2594 ήμῶν
958 2523 1251 2595 θρησκείας
1302 2526 1595 2595 σεϐάσμιον
1642 2524 1973 2595 ἐφύλαττον,

419 2613 511 2665 καὶ
536 2614 659 2675 τοὺς
698 2612 941 2677 ἐθνικοὺς
979 2614 1070 2666 καὶ
1099 2613 1325 2682 ἀλόγους
1350 2614 1457 2666 τῶν
1486 2612 1615 2685 παρ’
1642 2615 1773 2685 ήμῖν
1807 2615 1978 2682 ἁγίων

420 2702 512 2757 καὶ
542 2703 850 2774 σεϐασμίων
889 2704 1125 2773 ἅψασθαι
1167 2705 1226 2758 οὐ
1261 2703 1628 2774 συνεχώρουν*
1662 2704 1786 2758 οὔτε
1826 2706 1980 2758 αὐτοὶ

415 2796 527 2857 τοῖς
567 2794 837 2866 μιάσμασι
880 2798 974 2849 καὶ
1026 2796 1358 2866 βδελύγμασι
1414 2796 1523 2850 τῶν
1570 2797 1795 2851 ἐθνικῶν
1842 2799 1980 2852 κατά

417 2885 544 2948 τοὺς
567 2885 762 2956 ὅρκους
784 2886 963 2940 αὐτῶν
990 2887 1115 2949 τοὺς
1139 2889 1351 2954 ἐναγεῖς
1377 2888 1472 2939 καὶ
1495 2886 1816 2950 ἀλλοκότους
1839 2888 1981 2941 ἐκοι-

418 2978 639 3031 νώνουν.
669 2976 735 3029 Τί
761 2975 870 3047 γὰρ
888 2977 948 3029 τὸ
980 2978 1261 3049 διάφορον,
1295 2979 1343 3031 εί
1372 2978 1695 3050 Χριστιανὸς
1720 2978 1816 3031 καὶ
1839 2976 1982 3031 ἐθνι-

421 3070 534 3135 κδς,
558 3070 739 3132 αὐτοῖς
768 3086 830 3122 τε
870 3070 1051 3139 ὅρκοις
1083 3070 1318 3133 καὶτοῖς
1368 3070 1551 3132 αὐτοῖς
1592 3070 1768 3123 ἔθεσιν
1811 3072 1979 3141 ἐμπι-

422 3160 737 3226 στεύοντες,
782 3160 1043 3230 ἀλλήλους
1100 3160 1350 3230 βεϐαιοῦν
1407 3160 1654 3215 δοκοῦσιν
1678 3203 1694 3223 ,
1755 3160 1841 3230 ἐφ’
1897 3157 1980 3226 οἷς

423 3249 767 3319 χαλεπαίνειν
805 3249 901 3303 καὶ
940 3248 1251 3319 ὀργίζεσθαι
1282 3248 1376 3303 τὸν
1427 3248 1559 3303 Θεὸν
1603 3249 1980 3320 ἐπιστάμεθας

438 3338 776 3393 Ἐντέταλται
801 3339 912 3409 γάρ
951 3340 981 3391 ὁ
1009 3338 1118 3391 τῶν
1142 3339 1278 3393 ὅλων
1302 3339 1433 3403 Θεὸς
1466 3340 1561 3393 καὶ
1588 3341 1863 3410 Δεσπότης
1895 3338 1985 3393 διά

424 3431 654 3503 Γραφῶν
687 3431 856 3501 ἀγίων
883 3431 1049 3486 αὑτοῦ
1069 3448 1083 3462 θ
1129 3450 1150 3484 ‹
1183 3431 1275 3503 Μή
1307 3432 1581 3487 ἐκκλίνετε
1612 3433 1721 3486 ἀπὸ
1754 3432 1855 3503 τῆς
1890 3447 1987 3501 γι-

424 3524 773 3595 γραμμένης,
803 3525 883 3589 είς
909 3524 1116 3592 δεξιάν,
1145 3525 1180 3595 ἢ
1214 3526 1294 3589 είς
1320 3526 1617 3596 εὐώνυμον.
1654 3543 1675 3578 ι

2074 1794 2208 1848 nihil
2238 1796 2341 1849 hac
2369 1796 2436 1850 de
2469 1810 2527 1850 re
2561 1798 2891 1863 audivimus;
2926 1813 3110 1853 verum
3141 1801 3524 1870 dubitavimus,
3560 1818 3631 1858 an

2072 1903 2353 1943 assensum
2389 1889 2513 1943 huic
2538 1890 2935 1945 ratiocinationi
2972 1893 3358 1959 praeberemus,
3379 1908 3503 1949 cum
3531 1896 3639 1951 sci-

2074 1995 2275 2046 remus,
2302 1983 2445 2049 quod
2470 1980 2735 2051 ejusmodi
2768 1982 2998 2048 facinus,
3031 1984 3193 2052 quale
3211 1996 3448 2041 veterum
3474 1985 3638 2042 Chri-

2073 2071 2371 2124 stianorum
2411 2084 2572 2124 nemo
2614 2085 2849 2140 unquam
2884 2086 3165 2141 aggressus
3194 2074 3316 2141 fuit,
3364 2090 3540 2146 neque
3581 2077 3634 2132 iu

2074 2161 2316 2214 animum
2365 2162 2577 2217 induxit
2600 2177 2783 2227 suum,
2818 2164 2936 2217 ausi
2971 2165 3081 2219 sint
3113 2167 3410 2236 suscipere.
3474 2168 3640 2225 Nobis

2074 2264 2255 2309 autem
2283 2254 2363 2309 sic
2378 2254 2609 2319 videtur,
2634 2254 2719 2310 vel
2751 2268 2818 2310 ex
2850 2269 3041 2324 magna
3074 2257 3341 2326 imperitia
3371 2262 3638 2316 ruditate-

2076 2362 2181 2415 que
2220 2346 2707 2401 Christianicorum
2757 2348 3136 2413 decretorum,
3192 2350 3277 2403 vel
3325 2365 3388 2405 ex
3446 2368 3641 2422 magna

2075 2435 2366 2490 difﬁdentia
2427 2446 2591 2505 atque
2639 2438 3041 2505 contemptione
3104 2439 3476 2494 mandatorum
3547 2443 3642 2498 Dei

2077 2530 2179 2583 hoc
2222 2542 2386 2583 omne
2437 2529 2731 2598 proficisci.
2798 2529 2931 2582 Nam
2988 2529 3036 2585 si
3082 2530 3262 2584 divina
3307 2532 3645 2590 audivissent

2075 2619 2323 2684 oracula.
2382 2630 2492 2673 tum
2521 2634 2650 2674 vero
2696 2629 2884 2675 sancte
2935 2620 3318 2691 inculpateque
3365 2624 3644 2694 religionis

2080 2721 2279 2765 nostra:
2328 2712 2688 2765 venerandum
2755 2722 2922 2779 atque
2974 2720 3260 2779 augustum
3326 2716 3639 2784 mysterium

2080 2800 2531 2865 custodivissent,
2573 2814 2743 2867 neque
2788 2800 3194 2868 permisissent,
3237 2805 3557 2858 utethnicis
3587 2815 3642 2858 et

2084 2890 2306 2944 rationis
2331 2888 2637 2957 expertibus
2669 2888 2977 2944 hominibus
3005 2888 3087 2943 fas
3109 2900 3253 2945 esset
3281 2902 3460 2947 nostra
3486 2908 3641 2947 sacra

2083 2988 2138 3033 et
2170 2976 2476 3032 veneranda
2504 2990 2703 3029 arcana
2740 2976 3041 3044 attingere;
3093 2993 3265 3046 neque
3291 2980 3389 3049 ipsi
3418 2982 3643 3037 nefariis

2086 3076 2246 3137 atque
2267 3064 2641 3122 abominandis
2666 3079 2996 3136 paganorum
3019 3067 3190 3122 sacris
3216 3082 3313 3137 per
3338 3068 3642 3138 juramenta

2085 3160 2321 3228 ipsorum
2364 3156 2628 3213 scelerata
2671 3166 2834 3225 atque
2868 3157 3098 3213 absurda
3134 3161 3643 3217 communicassent.

2079 3248 2222 3316 Quid
2238 3248 2379 3303 enim
2393 3246 2636 3310 interest,
2653 3246 2698 3302 si
2713 3246 3054 3303 Christianus
3065 3258 3118 3303 et
3130 3263 3369 3319 paganus
3385 3250 3573 3306 iisdem
3592 3261 3649 3307 et

2084 3335 2436 3393 sacramentis
2452 3343 2507 3390 et
2537 3335 2774 3391 moribus
2806 3336 2961 3392 fidem
2980 3336 3080 3392 sibi
3115 3338 3341 3394 invicem
3368 3337 3644 3408 facientes,

2088 3426 2242 3482 alteri
2277 3424 2477 3479 alteros
2510 3440 2731 3480 securos
2767 3426 2991 3481 reddere
3016 3438 3179 3498 atque
3211 3431 3537 3486 continuare
3566 3432 3650 3486 vi-

2090 3523 2337 3586 deantur,
2384 3518 2578 3588 quibus
2625 3520 2795 3574 Deum
2842 3519 3005 3577 irasci
3055 3522 3306 3579 novimus
3354 3532 3515 3592 atque
3570 3524 3652 3579 in-

426 3617 675 3688 dignari?
740 3619 1001 3689 Praecepit
1029 3620 1172 3675 enim
1203 3622 1576 3677 universarum
1615 3636 1794 3676 rerum
1831 3620 1971 3675 Deus
2006 3632 2071 3673 ac
2093 3617 2349 3672 Dominus
2380 3630 2477 3684 per
2529 3631 2717 3671 sacras
2759 3615 3070 3686 Scripturas
3119 3633 3284 3674 suas:
3328 3636 3348 3672 ι
3380 3617 3459 3673 Ne
3484 3620 3652 3675 decli—

425 3720 551 3765 nate
577 3723 609 3763 a
636 3710 949 3780 pmscripta
976 3711 1127 3766 vobis
1153 3712 1258 3779 via,
1283 3728 1459 3782 neque
1486 3714 1551 3767 ad
1582 3715 1847 3778 dextram,
1880 3726 2054 3781 neque
2087 3711 2155 3765 ad
2186 3709 2458 3764 sinistram
2482 3709 2582 3761 ⁸ο.»

680 3823 853 3876 PME'.
894 3853 964 3863 —
999 3822 1325 3896 ΘΕΟΔΟΣΙῼ
1361 3826 1727 3897 ΕΠΙΣΚΟΠῼ.

421 3935 523 4002 Είς
554 3934 644 4002 τὸ,
706 3952 728 3987 ι
780 3936 876 4001 Τίς
919 3935 1031 4003 ἄρα
1077 3934 1247 3990 ἐστὶν
1293 3938 1327 3990 d
1377 3936 1593 4002 πιστὸς
1619 3936 1837 4002 δοῦλος
1889 3936 1990 3991 καὶ

770 4005 1078 4075 φρόνιμος,
1103 4006 1177 4059 ὃν
1203 4006 1569 4072 καταστήσει
1593 4022 1614 4070 ;
1651 4025 1669 4058 ι

497 4115 611 4187 Τήν
638 4113 839 4181 ἄνοιαν,
878 4115 1078 4186 μᾶλλον
1104 4116 1162 4170 δὲ
1191 4115 1291 4188 τὴν
1320 4115 1599 4180 ἀπόνοιαν,
1639 4111 1684 4169 ὦ
1726 4117 1987 4189 μακάριε,

428 4207 535 4260 τῶν
556 4206 779 4270 ἑαυτοὺς
799 4207 1227 4278 ἐπιῤῥιπτόντων
1254 4208 1521 4279 ἀμηχάνῳ
1546 4210 1829 4281 πράγματι
1855 4208 1989 4280 (58),

2314 3820 2523 3875 CXLV.
2561 3850 2632 3860 ——
2669 3820 3057 3880 TIIEODOSIO
3091 3824 3441 3884 EPISCOPO.

2090 3934 2159 3987 In
2197 3933 2360 3996 illud,
2413 3952 2431 3985 ι
2459 3932 2588 3997 Quis
2633 3945 2708 3987 est
2758 3935 2930 4011 ﬁdelis
2974 3937 3281 4011 illeggervus
3316 3948 3367 3993 et
3403 3942 3651 4011 prudens,

2573 4020 2722 4070 quem
2752 3998 3025 4061 constituet
3048 3998 3130 4051 ἰτ
3151 4027 3169 4059 ι

2164 4116 2519 4180 Dementiam,
2543 4114 2625 4170 vel
2657 4116 2837 4185 potius
2859 4116 3183 4186 vecordiam,
3204 4133 3237 4175 ο
3264 4120 3440 4188 beate,
3464 4136 3653 4179 eorum

2092 4208 2185 4277 qui
2217 4206 2536 4275 semetipsos
2564 4205 2859 4276 conjiciunt
2910 4207 2963 4262 in
2995 4210 3263 4283 negotium
3293 4211 3525 4277 dilIicile,
3562 4223 3656 4269 aut

428 4299 462 4370 ἢ
494 4297 689 4371 ῥαδίως
721 4299 853 4353 αὐτὸ
875 4299 1338 4370 καταδεχομένων,
1362 4301 1723 4373 κωμῳδήσας,
1754 4302 1853 4356 οὐκ
1878 4298 1979 4356 οῑδι

2099 4308 2248 4355 certe
2288 4300 2341 4354 id
2397 4298 2559 4355 facile
2600 4300 2898 4371 recipiunt,
2948 4302 3269 4369 insectatus,
3319 4306 3504 4361 nescio
3549 4323 3655 4376 quo

427 4391 576 4455 ὅπως
612 4392 786 4445 ἐκεῖνο
853 4391 1288 4463 παραλέλοιπας,
1335 4391 1364 4445 ὃ
1404 4394 1634 4463 μάλιστα
1664 4393 1834 4465 αὐτὴν
1882 4393 1992 4447 δεί-

430 4495 607 4533 κνυσι.
642 4478 706 4532 Τί
739 4476 832 4532 οὖν
863 4482 976 4533 ἐστι
1000 4479 1189 4546 τοῦτο;
1232 4482 1306 4534 Οὐ
1335 4482 1532 4545 πάντες
1566 4482 1839 4552 ἄνθρωποι
1885 4486 1998 4547 τοῖς

430 4570 615 4632 αὐτοῖς
659 4570 961 4641 νοσήμασιν
1005 4572 1284 4626 ἑάλωσανο
1338 4573 1459 4627 οὐδὲ
1501 4575 1699 4636 πάντες
1737 4576 1801 4645 τῇ
1855 4576 1991 4645 αὐτῇ

432 4660 694 4732 θεραπείᾳ
726 4663 961 4715 εῖκουσιν
986 4679 999 4692 ⁸
1030 4664 1163 4717 ἀλλά
1185 4664 1391 4717 πολλῶν
1415 4665 1582 4717 ὄντων
1611 4665 1707 4716 καὶ
1736 4665 1993 4717 ποικίλων

433 4754 525 4806 καὶ
559 4754 909 4808 παντοδαπῶν
936 4754 1043 4808 τῶν
1072 4756 1287 4820 παθῶν,
1323 4757 1391 4808 τὰ
1422 4755 1741 4826 βοηθήματα
1774 4755 1992 4808 πλείονα

2098 4398 2256 4460 pacto
2285 4389 2412 4443 illud
2459 4390 2876 4459 praetermisisti,
2916 4392 3059 4462 quod
3094 4403 3273 4448 tamen
3304 4396 3385 4449 vel
3422 4398 3657 4453 maxime

2100 4496 2218 4535 eam
2248 4481 2500 4536 ostendit.
2548 4480 2811 4548 Quidnam
2843 4497 2971 4552 ergo
3001 4484 3129 4541 illud
3161 4488 3277 4541 est?
3323 4486 3438 4541 Non
3469 4504 3659 4544 omnes

2102 4570 2348 4626 homines
2411 4571 2600 4627 iisdem
2651 4575 2852 4629 morbis
2905 4576 3192 4631 laborant:
3264 4575 3428 4649 494
3486 4595 3661 4647 neque

2100 4677 2290 4717 omnes
2321 4664 2495 4719 eidem
2525 4666 2792 4721 curationi
2823 4667 3042 4731 cedunt,
3073 4670 3167 4723 sed
3188 4685 3308 4723 eum
3341 4671 3450 4724 sint
3478 4670 3661 4725 multae

2101 4771 2166 4811 ac
2190 4756 2356 4811 varia:
2398 4756 2687 4825 omnisque
2734 4758 2947 4827 generis
2991 4756 3320 4825 affectiones,
3356 4760 3556 4815 auxilia
3598 4774 3666 4816 ac

505 4915 549 4946 ⁸⁵
584 4913 742 4969 Prov.
776 4929 891 4979 vitt,
925 4912 1012 4968 16.
1086 4914 1131 4945 ι’
1161 4912 1318 4966 Prov.
1347 4927 1463 4977 xu,
1496 4911 1550 4965 5.
1629 4912 1673 4943 ⁵ο
1707 4910 1860 4965 Deut.
1892 4926 1944 4976 v,
1975 4912 1979 4960 ε

2138 4912 2180 4943 ⁸¹
2212 4912 2404 4966 Matth.
2436 4927 2587 4978 XXIV,
2620 4911 2711 4967 45.

1544 5065 1773 5121 VARl/E
1812 5064 2192 5121 LECTIONES
2226 5065 2315 5120 ET
2354 5064 2592 5122 ΝΟΤᾸΕ.

506 5228 617 5299 (58)
655 5226 953 5296 Ἀμηχὰνῳ
974 5221 1560 5299 πράγματιειιιιριιὶεἰι
1588 5220 1979 5299 sacerdotium,

2085 5228 2262 5299 egeris
2312 5222 2578 5273 sacerdos.
2626 5218 2872 5299 Nonnita.
2916 5219 3181 5284 Basilius,
3238 5234 3341 5273 non
3376 5221 3467 5299 ita
3505 5220 3663 5299 Joan.

436 5287 549 5355 sive
584 5287 973 5366 episcopatum,
1007 5287 1565 5366 cujusdiflicultatém
1588 5291 1831 5366 muneris
1863 5290 1989 5366 alibi
2091 5291 2693 5366 9hrysostotttus,___uon
2730 5287 3153 5366 _Nazi_anzenus_,
3210 5304 3317 5343 non
3368 5290 3671 5359 Gregorius

434 5357 645 5441 quoque
674 5357 811 5433 saepe
833 5357 1110 5441 describit.
1141 5363 1214 5415 Eo
1244 5373 1419 5441 tamen
1453 5359 1758 5441 multinihil
1785 5360 1994 5441 facilius
2090 5357 2337 5441 hlag'uus,
2372 5358 2620 5441 nonﬂalii,
2654 5358 3014 5441 qui‘regittien
3044 5360 3349 5441 animarum
3377 5357 3545 5441 artem
3594 5378 3673 5441 ar-

435 5426 575 5493 (ἔδειξ’
590 5426 795 5503 putant,
849 5434 1047 5502 φαῦλόν
1071 5451 1121 5503 τι
1157 5432 1271 5503 ’καὶ
1321 5429 1979 5503 πεπατημένονᾷπρᾶγμε

2096 5426 2224 5503 tium
2262 5428 2708 5503 pronunt_iartt_ttt._
2736 5426 2890 5503 Unde
2908 5438 2964 5503 _et
2998 5426 3237 5503 lgnatius
3268 5429 3427 5503 epist.
3456 5429 3485 5480 7
3528 5432 3674 5503 scri-

436 5495 751 5578 ήγούμενοι,
782 5495 839 5556 ut
862 5495 946 5556 est
973 5501 1114 5569 apud
1141 5500 1342 5578 _l_._sid_or.
1390 5495 1608 5578 epistol.
1654 5497 1757 5577 122
1800 5506 1870 5578 et.
1896 5497 1979 5578 179!

2097 5497 2203 5578 psit
2230 5495 2576 5578 εςΊερωισύνῃ
2606 5497 2721 5578 ἐστὶ
2751 5497 2812 5549 τὸ
2847 5495 3062 5551 πάντων
3092 5498 3151 5550 ἐν
3191 5495 3500 5569 ἀνθρώποις
3538 5500 3674 5569 ἁγα-

438 5566 528 5631 lib.
566 5566 623 5629 ιί.
658 5566 862 5641 Εκιιυο
900 5566 1082 5641 natum
1140 5569 1265 5641 illud
1303 5568 1652 5641 proverbium
1676 5569 1786 5619 sive
1825 5567 1979 5641 dicte-

2098 5567 2207 5619 θῶν
2247 5566 2605 5636 ἀναϐεϐηκός.
2633 5566 2796 5622 Ιὶιττ.

441 5651 575 5700 rimn
614 5644 749 5711 vulgi
774 5635 948 5710 'quod
979 5640 1143 5691 refert
1190 5635 1492 5704 Agathias:
1544 5635 1735 5691 Pedem
1773 5636 1996 5704 porrige,

750 5732 1032 5792 PnaoL.
1068 5732 1181 5789 Gn.
1212 5727 1554 5788 LXXVIII.
3250 5722 3322 5786 39
