4020 6140
441 234 573 299 ῙΞΞἿ

1632 235 1691 293 S.
1735 228 2023 292 ISIDORT
2057 228 2495 292 PELUSIOT/E

3539 231 3669 295 1228

442 345 679 400 remedia
722 343 875 413 plura
905 345 1066 404 etiam
1111 358 1172 397 ac
1217 344 1387 413 magis
1427 342 1573 396 varia
1615 358 1734 399 esse
1757 352 1991 413 oportet.

2101 335 2237 392 εἶναι
2276 340 2478 408 ὀφείλει
2512 341 2607 394 καὶ
2646 340 3030 410 ποικιλώτερα.
3066 340 3127 393 Et
3159 338 3217 392 δέ
3242 338 3337 392 καὶ
3361 337 3581 408 θορυϐεῖ
3610 358 3667 393 σε

444 435 599 503 Quod
635 435 677 489 si
712 434 986 505 perturbat
1018 442 1069 487 te
1103 434 1153 487 id
1184 438 1325 503 quod
1354 435 1552 487 dictum
1586 442 1688 494 est,
1728 432 1996 503 paulisper

2101 430 2155 483 τὸ
2192 431 2501 502 εἰρημένον,
2543 431 2735 502 μικρὸν
2778 431 3087 501 ἀνάμεινον,
3115 431 3211 484 καὶ
3252 433 3281 483 ὁ
3313 429 3407 484 νῦν
3447 448 3507 482 σε
3537 447 3667 483 κατ-

442 526 670 589 sustine,
717 525 791 577 ita
833 523 959 587 ﬁet,
1003 532 1059 575 ut
1088 523 1176 589 qui
1218 538 1359 577 nunc
1391 534 1441 576 te
1472 524 1672 577 detinet
1701 523 1866 576 animi
1912 531 1995 575 tu-

436 614 655 678 multus,
683 628 747 667 eo
769 623 951 684 vergat
991 614 1225 674 tandem,
1259 622 1313 666 nt
1348 615 1514 681 magis
1542 613 1701 665 etiam
1738 615 1996 665 miseran-

447 706 546 759 dos
592 705 707 757 illos
735 719 855 757 esse
880 702 1172 757 existimet.
1238 702 1371 756 Cum
1410 704 1551 756 enim
1581 703 1727 756 multi
1769 718 1831 756 ac
1862 702 1994 755 varii

441 798 551 851 sint
595 793 941 864 (animorum)
989 793 1192 859 morbi,
1250 793 1480 863 primum
1522 794 1736 862 quidem
1795 793 1995 847 homini

434 894 559 940 nato
592 883 905 954 perdillieile
939 892 1102 952 atque
1128 885 1353 937 arduum
1390 892 1505 949 est,
1556 898 1647 938 eos
1689 894 1999 953 pchpectos

432 986 487 1032 et
508 977 753 1046 cognitos
784 976 1009 1029 habere:
1040 974 1233 1028 deinde
1259 974 1470 1029 etiamsi
1501 975 1746 1043 cognitos
1777 975 1995 1038 habeat,

431 1080 592 1121 nosse
635 1066 795 1133 quale
831 1067 911 1118 eis
951 1063 1237 1118 conveniat
1287 1064 1605 1118 remedium.
1677 1064 1795 1117 Non
1849 1064 1993 1117 enim

431 1157 681 1210 omnibus
708 1155 897 1209 eadem
939 1165 1063 1224 apta
1097 1155 1575 1220 eonvenientiaqne
1615 1165 1743 1209 sunt
1772 1154 1995 1215 auxilia,

431 1260 607 1316 neque
636 1260 823 1299 mones
855 1246 1043 1298 iisdem
1069 1252 1325 1298 curantur
1376 1244 1649 1298 remediis.
1693 1242 1823 1296 Nam
1856 1243 1996 1310 quod

431 1340 573 1392 hunc
598 1336 760 1405 jnvit,
799 1336 952 1389 alteri
992 1335 1210 1390 nocuit:
1247 1342 1302 1388 et
1334 1334 1477 1400 quod
1512 1333 1666 1387 alteri
1704 1334 1839 1387 bene
1866 1348 1995 1387 suc-

428 1429 615 1493 cessit,
653 1430 755 1482 hoc
783 1428 1011 1482 alterum
1043 1426 1260 1481 evertit.
1321 1425 1399 1478 Ac
1428 1439 1493 1479 ne
1531 1424 1623 1479 tibi
1664 1426 1800 1479 forte
1835 1442 1995 1493 para-

429 1520 567 1573 doxa
613 1529 668 1574 et
709 1521 942 1573 absurda
989 1521 1232 1586 quaedam
1279 1515 1524 1585 proferre
1573 1516 1797 1581 videar,
1850 1518 1992 1586 quod

429 1612 635 1665 dictum
669 1624 773 1678 esr,
803 1610 960 1663 latius
987 1610 1288 1677 explicabo.
1346 1608 1462 1663 Non
1497 1608 1589 1677 qui
1619 1607 1867 1662 oratione
1893 1608 1993 1662 du-

2097 522 2237 592 έχων
2271 521 2498 592 θόρυϐος
2526 522 2605 584 είς
2633 522 2694 574 τὺ
2731 522 2971 585 ἐκείνους
2997 522 3157 575 πλέον
3188 521 3472 575 ταλανίσαι
3510 539 3669 592 μετα-

2096 616 2360 666 πεσεῖται.
2414 613 2631 666 Πολλῶν
2671 614 2777 683 γάρ
2828 613 2921 666 καὶ
2962 613 3317 666 παντοδαπῶν
3350 613 3520 666 ὄντων
3566 614 3668 666 τῶν

2096 705 2574 774 ἀρρωστημάτων,
2616 704 2828 773 πρῶτον
2875 704 2972 775 μὲν
3033 705 3318 773 ἄνθρωπον
3359 704 3486 757 ὄντα
3518 705 3669 773 χαλε·

2105 797 2205 849 πὸν
2250 797 2500 859 συνιδεῖν,
2537 795 2726 848 ἔπειτα
2772 795 2829 849 δέ
2894 796 2987 848 καὶ
3029 796 3299 866 μαθόντα,
3335 796 3397 847 τὸ
3439 795 3665 861 εἰδέναι,

2098 888 2247 938 ποῖον
2276 886 2531 955 ἁρμόττει
2560 885 2871 956 φάρμακον.
2902 886 2978 938 Οὐ
3009 885 3119 955 γὰρ
3146 888 3279 938 πᾶσι
3312 884 3381 937 τά
3403 886 3543 938 αύτά
3571 888 3666 954 ἀρα

2100 978 2283 1046 μόττει
2325 976 2660 1046 βοηθήματα,
2703 976 2823 1029 ούδέ
2871 976 3071 1039 πάντες
3121 978 3231 1038 τοῖς
3282 977 3466 1039 αὐτοῖς
3508 976 3666 1046 θερα-

2100 1064 2352 1117 πεύονται
2377 1081 2390 1095 ο
2426 1066 2454 1117 ὃ
2499 1066 2609 1134 γάρ
2654 1064 2841 1119 τοῦτον
2888 1063 3208 1137 ὠφέλησεν,
3240 1066 3398 1121 ἄλλον
3430 1066 3629 1135 ἔϐλαψε
3650 1084 3662 1097 '

2097 1160 2191 1211 καὶ
2224 1160 2283 1209 τὸ
2313 1157 2455 1227 ἄλλῳ
2503 1156 2839 1226 κατάλληλον
2864 1194 2879 1221 ,
2910 1156 3095 1226 ἕτερον
3128 1155 3389 1224 ἐπέτριψε
3415 1172 3427 1185 ’
3462 1156 3552 1207 καὶ
3584 1156 3667 1208 ἵνα

2101 1241 2175 1319 μὴ
2200 1249 2412 1318 δόξαιμί
2441 1265 2522 1301 σοι
2550 1246 2828 1319 παράδοξὰ
2854 1265 2976 1300 τινα
3009 1246 3207 1315 λέγειν,
3249 1247 3585 1315 ἁπαμφιάσω
3609 1248 3667 1300 τὸ

2098 1341 2402 1409 λεγόμενον.
2438 1340 2550 1409 Οὐχ
2574 1343 2622 1391 οἱ
2653 1338 2794 1409 λόγῳ
2827 1339 3107 1408 ἀγόμενοι,
3142 1340 3236 1392 καὶ
3267 1340 3665 1410 παραδείγματι

2099 1431 2520 1502 σωφρονίζονται
2542 1448 2558 1463 ο
2591 1429 2728 1483 ἀλλά
2761 1429 2874 1499 (59)
2902 1431 2929 1481 ὁ
2963 1429 3063 1499 μὲν
3087 1430 3280 1500 τούτῳ,
3312 1432 3340 1483 ὁ
3372 1430 3425 1482 δὲ
3456 1430 3661 1498 ἐκείνῳ,

2097 1525 2177 1586 είς
2224 1521 2468 1593 βελτίονα
2502 1522 2833 1575 κατάστασιν
2866 1520 3110 1589 ἄγονται.
3156 1521 3291 1574 Οὐδὲ
3340 1522 3388 1573 οί
3431 1520 3665 1589 κέντρων

2097 1612 2359 1682 δεόμενοι,
2391 1605 2535 1665 οὗτοι
2578 1610 2670 1663 καὶ
2714 1608 2944 1678 χαλινῶν
2975 1608 3254 1678 ἀνέχονται
3281 1624 3295 1639 ·
3334 1606 3447 1659 ἀλλ’
3480 1607 3529 1659 oi
3565 1606 3660 1675 μὲν

431 1710 655 1767 cuntur,
695 1675 857 1755 iidem
901 1710 969 1763 et,
1001 1675 1245 1769 exemplo
1276 1675 1635 1755 emendantur
1684 1709 1738 1753 et
1777 1699 1843 1753 ad
1882 1713 1997 1752 mo-

2110 1675 2305 1775 νωθροὶ
2323 1702 2435 1772 (60)
2457 1701 2551 1755 καὶ
2567 1675 2870 1770 δυσκίνητοι
2895 1700 2956 1752 τὸ
2981 1675 3162 1765 καλδν,
3192 1700 3257 1768 τῇ
3278 1698 3466 1767 λογικῇ
3489 1697 3666 1767 πληγῇ

441 1791 671 1844 destiam
702 1790 1028 1854 ﬂectuntur;
1070 1790 1163 1844 sed
1195 1788 1330 1843 alius
1361 1789 1485 1853 hoc,
1517 1787 1652 1842 alius
1687 1786 1775 1841 illo
1799 1788 1849 1841 in
1883 1801 2001 1842 me-

434 1883 627 1937 liorem
664 1891 869 1937 statum
906 1881 1282 1936 traducuntur.
1321 1879 1507 1947 Neque
1534 1878 1608 1932 illi
1647 1882 1736 1947 qui
1770 1878 2001 1934 stimulis

434 1972 699 2041 indigent,
738 1972 898 2026 iidem
927 1971 1088 2025 etiam
1134 1970 1317 2024 frenos
1355 1970 1677 2040 patiuntur:
1730 1969 1825 2023 sed
1861 1968 2000 2039 pigri

430 2062 647 2133 quidem
674 2072 838 2133 atque
860 2062 1062 2133 ignavi,
1097 2061 1186 2128 qui
1224 2061 1291 2115 ad
1325 2061 1663 2116 honestatem
1694 2074 1993 2129 capessen-

430 2154 553 2208 dam
578 2152 859 2208 dilliculter
888 2161 1290 2223 permoventur,
1316 2152 1549 2206 rationis
1573 2150 1725 2220 plaga
1752 2151 1998 2206 excitan-

438 2252 565 2310 tur;
601 2243 692 2313 qui
730 2253 906 2298 autem
951 2243 1098 2312 justo
1138 2243 1495 2298 l'erventiores
1522 2252 1674 2308 sunt,
1705 2257 1804 2298 nec
1842 2243 2001 2299 facile

440 2334 761 2398 retinentur,
803 2348 868 2389 ac
912 2343 1164 2402 tanquam
1219 2333 1351 2403 pulli
1402 2333 1696 2404 (indomiti)
1749 2336 1997 2404 procula

435 2424 579 2477 linea
638 2425 906 2488 feruntur,
949 2423 985 2478 ii
1024 2424 1442 2494 constringendo
1477 2427 1867 2497 retinendoque
1914 2428 2002 2496 ju-

438 2526 653 2568 vanlur.
721 2514 823 2573 Alii
876 2514 1120 2568 laudibus
1146 2554 1160 2577 ,
1201 2516 1290 2567 alii
1334 2517 1847 2584 reprehensionibus
1880 2534 2001 2572 eor-

434 2606 705 2674 riguntur,
761 2604 807 2658 si
857 2616 1084 2670 utraque
1133 2606 1447 2673 tempestive
1493 2606 1872 2675 adhibeantur.
1941 2609 1997 2663 In

433 2697 767 2749 contrariam
803 2710 930 2748 vero
959 2696 1151 2750 cadent
1184 2704 1405 2764 partem
1437 2737 1452 2760 ,
1496 2698 1541 2751 si
1571 2709 1722 2753 extra
1768 2701 1911 2769 jnsta
1946 2710 2002 2754 et

432 2784 809 2840 convenientia
857 2794 1103 2854 tempora
1133 2796 1445 2856 evagentur.
1504 2787 1609 2841 Alii
1652 2805 1887 2860 namque
1909 2806 2003 2846 co-

368 2886 369 2889 ‘
428 2878 726 2932 hortationi
755 2877 975 2942 cedunt,
1039 2877 1130 2931 alii
1163 2876 1517 2947 objurgationi
1542 2896 1558 2946 ;
1588 2881 1679 2935 alii
1698 2883 1916 2951 quidem
1950 2883 2001 2937 in

2097 1795 2450 1866 διεγείρονται
2476 1810 2489 1825 ο
2540 1795 2589 1846 οἱ
2621 1793 2677 1847 δὲ
2708 1793 3028 1863 θερμότεροι
3063 1790 3158 1844 τοῦ
3188 1791 3399 1854 δέοντος
3425 1792 3519 1845 καὶ
3543 1792 3666 1845 δυσ.

2106 1887 2379 1949 κάθεκτοι,
2420 1887 2513 1939 καὶ
2554 1885 2805 1955 καθάπερ
2851 1883 3019 1937 πῶλοι
3072 1883 3263 1953 πόρρω
3321 1885 3420 1952 τῆς
3470 1881 3666 1954 νύσσης

2098 1980 2375 2051 ὁρμῶντες
2395 2019 2409 2045 ,
2437 1978 2516 2048 τῷ
2540 1978 2802 2048 ἄγχεσθαι
2834 1976 2925 2029 καὶ
2965 1974 3363 2030 ἀνακόπτεσθαι
3392 1974 3662 2043 ὠφελοῦν-

2099 2088 2207 2125 ται.
2235 2072 2297 2124 Οί
2326 2071 2425 2142 μέν
2452 2070 2723 2134 ἐπαίνοις,
2751 2069 2800 2120 οἱ
2826 2068 2883 2120 δέ
2906 2067 3094 2136 ψόγοις
3118 2065 3537 2136 σωφρονίζονται
3555 2107 3570 2132 ,
3601 2067 3665 2137 ἢν

2099 2162 2385 2233 ἀμφότερα
2408 2162 2637 2232 καιρίως
2669 2161 2907 2229 γένοιντο
2930 2177 2944 2190 ·
2975 2161 3055 2223 είς
3074 2159 3379 2213 τούναντίον
3407 2158 3464 2212 δέ
3501 2175 3664 2229 μετα-

2099 2256 2380 2319 πεσεῖται,
2409 2253 2459 2306 εί
2504 2252 2608 2319 ἐξω
2640 2249 2746 2304 τῶν
2776 2251 2983 2322 καιρῶν
3012 2250 3280 2320 φέροιντο.
3324 2250 3386 2303 Οί
3427 2248 3526 2320 μέν
3559 2249 3663 2319 γάρ

2100 2345 2445 2416 παρακλήσει
2463 2345 2722 2408 είκουσιν,
2748 2345 2796 2397 oi
2818 2342 2874 2395 δέ
2898 2343 3208 2413 ἐπιτιμήσει
3229 2357 3243 2372 ’
3266 2342 3315 2395 oi
3342 2341 3440 2412 μὲν
3462 2344 3521 2394 ἐν
3548 2339 3665 2394 συλ-

2100 2439 2280 2507 λόγοις
2311 2438 2676 2508 ἐλεγχόμενοι,
2700 2437 2754 2490 οἱ
2777 2436 2834 2489 δέ
2867 2438 2925 2489 ἐν
2956 2434 3291 2508 παραϐύστῳ
3319 2434 3665 2503 νουθετούμε-

2100 2544 2180 2580 νοι
2218 2526 2601 2598 ἀποτρίϐονται
2659 2525 2728 2579 τά
2774 2524 3156 2590 ἐλαττώματα*
3209 2523 3439 2593 φιλοῦσιν
3466 2524 3573 2594 γὰρ
3616 2523 3665 2575 oi

2104 2616 2202 2686 μὲν
2239 2618 2598 2687 καταφρονεῖν
2639 2616 2747 2668 τῶν
2794 2614 3189 2684 διαλεγομένων
3226 2613 3376 2683 (61),
3428 2613 3660 2684 δημοσίᾳ

2101 2707 2412 2777 ἐπιτιμήσει
2451 2704 2937 2776 σωφρονιζόμενοι·
2973 2706 3022 2757 oi
3062 2703 3118 2756 δὲ
3165 2704 3300 2772 πρὸς
3340 2704 3467 2767 τοὺς
3502 2704 3666 2772 δημο-

2105 2795 2251 2857 σίους
2280 2795 2535 2865 ἐλέγχους
2566 2794 2763 2864 μᾶλλον
2784 2793 3135 2862 ἀποδυόμενοι
3166 2792 3259 2845 καὶ
3280 2791 3375 2862 τὴν
3406 2791 3665 2861 αἰσχύνην

2103 2886 2450 2940 ἀποσείεσθαι
2470 2924 2485 2950 ,
2513 2884 2592 2955 τῷ
2620 2885 2719 2954 τῆς
2768 2885 3135 2954 ἐπιτιμήσεως
3184 2882 3545 2953 μυστηριώδει
3574 2882 3665 2935 καὶ

430 2969 784 3023 conventibus
819 2983 882 3023 ac
914 2966 1146 3023 coetibus
1198 2968 1475 3025 hominum
1511 2973 1861 3041 reprehensi,
1908 2974 1997 3029 alii

2102 2982 2169 3050 τῇ
2227 2976 2535 3047 συμπαθείᾳ
2590 2976 2725 3046 πρὸς
2775 2975 3084 3029 εὐπείθειαν
3146 2974 3663 3045 παιδοτριϐούμενοι.

431 3074 564 3115 vero
595 3060 647 3113 in
692 3058 949 3127 penetrali
992 3059 1185 3113 domus
1218 3060 1476 3116 admoniti
1513 3077 1642 3118 suos
1679 3078 1858 3119 navos
1901 3065 1994 3119 de-

432 3158 663 3219 tergent.
730 3148 920 3203 Solent
952 3149 1096 3203 enim
1144 3148 1235 3205 alii
1285 3153 1543 3221 quidem,
1591 3169 1712 3209 cum
1761 3155 1997 3225 alioquin

432 3244 844 3293 contemnerent
874 3251 968 3293 eos
997 3241 1089 3307 qui
1128 3239 1195 3293 ad
1242 3239 1388 3309 ipsos
1419 3242 1584 3296 verba
1614 3241 1815 3298 faciunt
1839 3283 1856 3311 ,
1896 3259 1999 3314 pu-

430 3331 577 3387 blica
639 3328 1010 3397 increpatione
1058 3330 1307 3400 corrigi;
1380 3331 1473 3386 alii
1524 3341 1705 3386 autem
1757 3348 1878 3387 cum
1931 3334 2000 3388 ad

434 3440 676 3510 publicas
698 3437 1148 3507 reprehensiones
1175 3438 1353 3507 potius
1379 3439 1812 3509 impudentiores
1845 3440 1997 3507 ﬁant,

434 3541 757 3595 omnemque
789 3526 1046 3594 pudorem
1086 3525 1402 3592 excutiant,
1460 3525 1670 3595 privata
1714 3536 1770 3582 et
1797 3542 1999 3584 arcana

433 3616 806 3687 objurgatione
862 3616 1085 3670 remotis
1158 3616 1383 3672 arbitris
1454 3616 1597 3671 facta
1628 3660 1643 3685 ,
1690 3632 1899 3673 necnon
1952 3621 1997 3676 si

433 3712 797 3778 ostendamus,
830 3724 927 3764 nos
962 3709 1200 3779 ipsorum
1221 3708 1393 3764 vicem
1422 3709 1627 3775 dolere,
1655 3712 1722 3766 ad
1748 3713 1999 3769 obedien-

438 3805 564 3857 tiam
597 3802 949 3856 instituuntur
977 3809 1032 3856 et
1060 3800 1378 3855 assueliunt.
1420 3799 1589 3855 Porro
1614 3802 1748 3857 alios
1782 3804 1997 3872 quidem

437 3912 535 3967 per
577 3896 760 3948 omnia
797 3894 1087 3948 observare
1118 3892 1403 3973 convenit,
1455 3907 1590 3963 quos
1623 3894 1876 3949 nimirum
1909 3896 1997 3951 illa

437 3986 643 4055 opinio,
677 3984 823 4054 quod
880 3991 1066 4053 putant
1104 3996 1162 4037 se
1190 3978 1381 4047 latere,
1415 3985 1540 4037 dum
1588 3984 1640 4037 id
1679 3986 1993 4053 moliuntur,

436 4089 689 4147 tanquam
722 4066 1075 4146 sapientiores
1108 4073 1389 4128 inllaverit.
1429 4073 1668 4128 Aliorum
1703 4090 1831 4131 vero
1865 4093 1999 4131 non-

436 4167 599 4221 nullae
629 4175 754 4220 sunt
783 4169 1023 4220 actiones
1057 4165 1278 4227 vitiosze,
1309 4179 1444 4232 quas
1469 4165 1630 4218 etiam
1661 4166 1999 4221 dissimulare

435 4266 717 4326 oporteat,
752 4271 817 4310 ne
850 4258 917 4309 ad
961 4254 1308 4309 indolentiam
1343 4253 1644 4318 irritentur,
1677 4255 1999 4326 tandemque

2103 3070 2242 3133 Τοὺς
2263 3069 2360 3139 μὲν
2390 3067 2527 3122 κατὰ
2550 3068 2725 3122 πάντα
2748 3068 3088 3138 παρατηρεῖν
3114 3068 3402 3137 προσήκει,
3425 3068 3580 3130 ὅσους
3604 3065 3666 3118 τὸ

2102 3160 2305 3214 οῖεσθαι
2352 3159 2668 3223 λανθάνειν,
2720 3158 2907 3230 ἐπειδὴ
2952 3158 3110 3211 τοῦτο
3156 3159 3537 3230 μηχανῶνται,
3589 3159 3663 3220 ὡς

2104 3249 2442 3320 σοφωτέρους
2477 3249 2717 3320 ἐφύσησε
2740 3264 2754 3278 ’
2804 3249 2914 3302 τῶν
2950 3249 2996 3302 δ’
3032 3248 3178 3302 ἐστιν
3209 3248 3247 3302 ἀ
3285 3249 3381 3305 καὶ
3423 3250 3662 3320 παρορᾷν

2104 3340 2299 3413 χρεὼν,
2325 3341 2412 3394 ἵνα
2441 3340 2515 3411 μὴ
2544 3340 2679 3412 πρὸς
2704 3339 3037 3411 ἀναλγησίαν
3064 3338 3435 3411 ἐρεθίζωνται,
3458 3339 3551 3392 καὶ
3576 3354 3661 3391 τε·

2103 3431 2347 3485 λευταῖον
2379 3430 2491 3502 (62)
2535 3431 2670 3502 πρὸς
2714 3430 2925 3485 ἅπαντα
2950 3431 3212 3499 γένωνται
3247 3430 3564 3493 ἀκάθεκτοι,
3603 3428 3662 3482 τὸ

2107 3522 2361 3593 μέγιστον
2394 3524 2473 3586 εἰς
2498 3522 2669 3575 πειθὼ
2701 3523 2988 3594 φάρμακον
3014 3522 3113 3594 τὴν
3147 3521 3279 3575 αἰδὼ
3300 3520 3660 3592 ἀποτριψάμε-

2104 3632 2205 3669 νοι.
2236 3616 2344 3669 Καὶ
2379 3614 2688 3685 ὀργίζεσθαι
2715 3615 2759 3667 δ’
2785 3615 2863 3668 ἔτι
2900 3616 2980 3678 είς
3018 3614 3047 3667 ὃ
3075 3614 3217 3687 χρὴ,
3248 3614 3348 3667 οὐκ
3378 3612 3661 3685 ὀργιζομέ-

2103 3724 2247 3772 νους,
2279 3709 2372 3762 καὶ
2397 3708 2668 3778 ὑπερορᾷν
2694 3707 2791 3778 οὐχ
2826 3707 3235 3779 ὑπερορῶντας,
3274 3708 3368 3761 καὶ
3399 3705 3661 3775 ἀπογινώ-

2106 3816 2258 3853 σκειν
2289 3799 2390 3853 οὐκ
2431 3799 2936 3868 ἀπογινώσκονταςο
2983 3799 3077 3853 καὶ
3118 3799 3311 3861 ἀλλους
3363 3798 3460 3869 μὲν
3498 3799 3661 3850 ἐπιει-

2104 3895 2227 3966 κείᾳ
2260 3893 2601 3967 θεραπεύειν,
2642 3893 2832 3956 ἄλλους
2866 3892 2924 3945 δέ
2962 3889 3258 3962 χωρισμῴ*
3294 3888 3388 3943 καὶ
3414 3889 3537 3953 τοὺς
3568 3888 3661 3958 μὲν

2105 3989 2290 4057 νικᾷν,
2340 3986 2446 4040 τῶν
2497 3985 2553 4038 δέ
2605 3984 2699 4039 καὶ
2751 3983 3014 4055 ἡττᾶσθαι
3073 3982 3279 4047 δοκεῖν,
3320 3983 3465 4043 ὅσοις
3510 3978 3662 4033 τοῦτο

2104 4080 2386 4133 λυσιτελεῖ.
2423 4077 2703 4131 Τοσούτων
2753 4071 2846 4129 οὖν
2877 4075 3044 4128 ὄντων
3096 4074 3189 4128 καὶ
3230 4074 3338 4127 τῶν
3380 4074 3661 4142 ἀρρωστη-

2109 4174 2293 4244 μάτων
2323 4171 2551 4225 καὶτῶν
2600 4168 2984 4239 βοηθημάτων,
3022 4166 3118 4220 καὶ
3161 4166 3373 4219 πάντων
3428 4163 3503 4233 μὴ
3554 4162 3661 4222 tot;

2107 4266 2289 4327 αὐτοῖς
2337 4261 2621 4326 εἰκόντων,
2666 4261 2801 4314 ἀλλά
2844 4260 2939 4312 καὶ
2987 4256 3290 4311 τούναντίον
3330 4257 3409 4317 είς
3450 4253 3659 4323 χείρονα

437 4362 533 4417 per
567 4346 745 4400 omnia
781 4344 915 4399 tales
945 4345 1197 4411 evadant,
1220 4345 1312 4413 qui
1342 4344 1488 4399 nulla
1517 4346 1724 4401 ratione
1756 4347 1807 4401 in
1829 4348 1997 4404 ollicio

2105 4350 2545 4423 πλημμελήματα
2583 4346 2971 4419 ἐρεθιζομένων
3008 4346 3140 4416 (65),
3181 4345 3263 4407 τίς
3313 4344 3386 4414 μὴ
3433 4341 3510 4412 τῷ
3539 4339 3660 4407 θείῳ

438 4444 636 4504 queant
666 4435 973 4498 contineri,
1007 4434 1205 4503 quippe
1237 4435 1329 4503 qui
1361 4436 1615 4504 pudorem
1648 4452 1711 4491 ac
1737 4453 1999 4494 verecun-

435 4528 621 4593 diam,
671 4525 964 4579 maximum
1010 4526 1138 4579 illud
1167 4524 1488 4581 obedientite
1535 4524 1830 4583 remedium
1855 4569 1870 4595 ,
1907 4533 1999 4586 de-

440 4617 687 4672 triverint
717 4624 879 4685 atque
912 4616 1289 4674 absterserint.
1341 4615 1608 4672 Praeterea
1643 4621 1800 4673 etiam
1840 4621 1997 4677 irasci

435 4708 707 4763 nonnullis
754 4709 806 4763 in
836 4708 1070 4777 speciem
1103 4715 1335 4777 oportet,
1368 4710 1616 4776 quamvis
1652 4726 1840 4766 revera
1874 4712 1999 4768 irati

2105 4443 2381 4512 Πνεύματι
2408 4440 2504 4510 τὴν
2532 4439 2707 4509 ψυχὴν
2731 4436 3018 4508 φωτισθεὶς
3039 4479 3053 4502 ,
3081 4436 3277 4489 εἰδέναι
3304 4434 3336 4503 ἦ
3364 4431 3657 4503 ἐπαρκέσαι

2104 4536 2418 4603 δυνήσεται;
2447 4531 2559 4584 ἀλλ’
2584 4530 2764 4599 ἐπειδὴ
2785 4529 2991 4600 ἄρχειν,
3022 4528 3071 4580 εί
3101 4528 3194 4579 καὶ
3220 4524 3394 4596 ἀρχὴν
3425 4520 3659 4593 νομίζου-

2107 4645 2190 4681 σιν
2221 4623 2522 4692 ἐπιτηδείαν
2543 4622 2746 4685 αύτοῖς,
2775 4618 3032 4688 τολμῶσι,
3070 4617 3206 4687 μήτε
3228 4616 3326 4685 τὴν
3352 4613 3658 4682 δυσχέρειαν

2107 4712 2430 4777 ἐννοοῦντες,
2461 4711 2594 4781 μήτε
2623 4710 2722 4780 τῆς
2767 4707 3098 4778 Δεσποτικῆς
3137 4706 3316 4774 φωνῆς
3358 4701 3656 4762 ἀκούοντες,

1535 4843 1767 4900 VARUE
1808 4846 2193 4905 LECTIONES
2231 4847 2320 4903 ET
2357 4844 2585 4901 ΝΟΤιιΕ.

507 5009 620 5077 (59)
658 5005 789 5062 Post
818 5004 954 5060 ἀλλά
983 5003 1117 5077 cod.
1151 5002 1271 5056 Vat.
1295 5001 1556 5077 Δ(ξέξθ-ριό
1593 5003 1621 5053 ὁ
1657 5003 1753 5072 μὲν
1792 5002 1919 5074 legit
1947 5009 1997 5058 οἱ

440 5071 555 5149 μὲν,
576 5071 822 5149 7<Et_paulo
850 5084 967 5149 post
998 5075 1045 5149 οί
1073 5073 1129 5149 δὲ
1160 5086 1255 5139 pro
1275 5074 1312 5149 ρ
1334 5072 1418 5149 δέ.
1441 5071 1649 5149 l’ossm.

510 5139 619 5217 (60)
652 5139 754 5200 Pro
782 5139 975 5217 νωθροὶ
1000 5143 1157 5217 habet
1193 5141 1405 5217 vw0_si;.
1441 5139 1520 5217 lo.

507 5210 619 5287 (Gl)
654 5217 755 5270 Pro
777 5210 1182 5287 διαλεγομένων.
1204 5212 1390 5264 scribit
1447 5211 1586 5287 idem
1633 5210 1736 5287 ἰδίᾳ
1760 5212 1996 5287 λεγομέ-

434 5280 558 5345 νων.
580 5280 733 5342 Vers.
765 5296 880 5353 post
900 5284 954 5347 2,
985 5280 1338 5353 ἀποδυόμενοι
1368 5288 1537 5333 mutat
1567 5280 1617 5332 in
1646 5280 1993 5336 ἀποδύεσθαι.

438 5358 590 5411 Vers.
620 5370 733 5425 seq.
769 5352 887 5422 post
934 5352 1300 5425 ἐπιτιμήσεως
1343 5364 1461 5425 qua:
1500 5359 1794 5425 sequ-untur
1827 5366 1997 5425 usque

436 5427 504 5480 ad
532 5427 657 5487 τοὺς
696 5418 793 5493 μὲν
837 5418 1110 5493 exclusive
1148 5418 1232 5474 Vsic
1274 5418 1493 5493 exhibet
1540 5418 1659 5493 cod.
1702 5418 1821 5471 Vat.
1856 5422 1996 5493 #650,

442 5485 721 5578 μυστηρίῲ
755 5490 1252 5560 παιδοτριϐούμενοι
1285 5487 1375 5539 καὶ
1424 5485 1772 5556 ἀμειϐόμενοι
1815 5491 1879 5558 τῇ
1910 5491 1997 5540 εύ-

442 5562 651 5610 πειθεια
682 5561 777 5610 τὴν
810 5559 1165 5610 συμπάθειαν.
1198 5558 1270 5609 ID.

440 5561 651 5630 πειθεία
682 5561 777 5631 τὴν
810 5561 1165 5627 συμπάθειαν.
1198 5561 1270 5609 ID.

511 5630 619 5687 (62)
648 5628 786 5683 ltletn
809 5628 1108 5680 τελευταῖον
1144 5637 1315 5682 muttit
1347 5627 1410 5681 in.
1430 5625 1801 5690 τελευτῶντες.
1838 5625 1986 5681 Vcrs.

2102 5024 2218 5074 seq.
2243 5021 2339 5075 pro
2359 5004 2418 5058 τὸ
2452 5003 2704 5075 μέγιστον
2726 5002 2806 5064 είς
2832 4995 3007 5075 πειθὼ
3026 4997 3348 5075 φάρμακον,
3387 4994 3507 5048 eod.
3542 4992 3658 5047 Vat.

2101 5066 2204 5132 050
2237 5066 2414 5138 habet,
2444 5066 2504 5125 τὸ
2534 5066 2772 5142 ⁷μέγεθος
2797 5069 2896 5139 τῆς
2931 5066 3147 5142 πειθοῦς
3181 5067 3491 5142 φάρμακον.

2171 5088 2204 5132 υ
2237 5088 2414 5138 habet,
2444 5088 2504 5125 το
2545 5088 2610 5142 με
2652 5088 2772 5133 ευος
2797 5088 2896 5139 της
2931 5088 3147 5128 πειυους
3181 5088 3491 5135 φαρμακον.

2170 5146 2280 5215 (65)
2303 5145 2441 5215 ιάεηι
2460 5088 2853 5215 ἐρεθιέομένων
2871 5146 3039 5215 mutat
3062 5137 3113 5215 in
3131 5130 3659 5215 ἐρεθιζόντωνΝριέ.

2100 5203 2215 5283 seq.
2242 5203 2363 5281 post
2393 5203 2509 5285 ὀιλλὅ
2539 5203 2691 5285 addit
2712 5211 2859 5268 ῐσως.
2898 5207 3049 5285 Vera.
3082 5205 3134 5285 β,
3163 5203 3307 5285 post
3333 5203 3521 5285 ἄρχειν
3548 5216 3664 5285 qute

2106 5272 2405 5353 sequuntur
2438 5282 2489 5335 in
2526 5281 2669 5334 edito
2708 5292 2877 5347 usque
2919 5277 2983 5328 ad
3022 5272 3260 5342 τολμῶσι
3296 5272 3556 5326 inclusive
3589 5272 3665 5324 sic

2106 5356 2270 5406 codex
2304 5351 2423 5404 Vat.
2472 5349 2575 5403 650
2618 5348 2856 5407 exhibet,
2899 5344 3083 5407 ἁπλῶς
3130 5342 3298 5408 αὐτὴν
3347 5336 3486 5393 εἶναι
3514 5338 3664 5408 νομί-

2101 5364 2270 5406 codex
2309 5364 2423 5404 Vat.
2472 5364 2575 5403 UDU
2618 5364 2856 5407 exntoet,
2899 5364 3083 5407 απΛως
3130 5364 3298 5407 αυτην
3347 5364 3486 5393 uvas
3514 5364 3664 5407 νομι-

2101 5359 2270 5406 codex
2307 5359 2423 5404 Vat.
2472 5359 2575 5403 650
2618 5359 2856 5407 exntbet,
2899 5359 3083 5407 απλως
3130 5359 3298 5411 αυτην
3347 5359 3486 5393 ειναι
3514 5359 3664 5408 νομι-

2098 5420 2304 5485 ζουσιν,
2334 5419 2552 5473 ἐπειδὰν
2594 5418 2747 5470 αὐτοὶ
2800 5413 3057 5485 τολμῶσι.
3096 5411 3251 5485 Vers.
3299 5410 3399 5485 ult.
3438 5422 3525 5485 ep.
3556 5409 3666 5473 haec

2107 5477 2407 5551 νονὺιιξτοῦ
2446 5487 2644 5540 διδόναι
2690 5485 2872 5548 αὐτοῖς
2898 5477 2969 5535 ’τὸ
2998 5479 3363 5550 σιτομέτριον,
3392 5477 3605 5548 ;absunt
3634 5493 3663 5531 a

2102 5564 2220 5615 Cod.
2252 5558 2373 5612 Vat.
2416 5556 2536 5611 650.
2568 5554 2642 5608 lo.
