4020 6140
380 273 518 337 1229

1248 272 1785 336 EPISTOLARUM
1820 272 1967 332 LIB.
1995 271 2100 332 'I'V.
2135 295 2204 305 -
2237 270 2478 334 'EPIST.
2519 272 2766 334 CXLVI.

3475 264 3610 329 1230

377 383 524 438 οὕτω
547 383 610 438 τδ
639 383 865 439 σπάνιον
888 385 1327 459 ’ἑνδεικνυμένης,
1347 387 1424 450 ὡς
1444 389 1539 441 καὶ
1567 385 1950 456 ἐπαπορητικῇ

2059 394 2160 435 non
2193 380 2386 448 simus,
2414 391 2470 438 et
2498 382 2770 453 negligere
2797 379 2976 450 aliqua
2997 418 3014 446 ,
3044 374 3258 434 tametsi
3299 388 3406 430 non
3438 376 3612 456 negli-

378 473 689 545 χρήσασθαι
715 474 855 541 λέξει
877 491 892 506 ο
929 494 950 529 ι
1007 475 1104 538 Τίς
1141 477 1252 546 ἄρα
1281 475 1429 529 ἐστὶν
1470 476 1500 528 6
1545 473 1737 537 πιστὸς
1765 470 1950 534 δοῦλος

378 565 476 618 καὶ
502 564 786 636 φρόνιμος,
816 565 878 620 ὃν
905 569 1236 639 καταστήσει
1257 569 1291 621 6
1313 569 1514 639 Κύριος
1534 567 1627 620 ἐπὶ
1648 566 1749 636 τῆς
1772 564 1949 625 οἰκίας

364 653 543 707 αὐτοῦ
560 693 576 719 ,
604 652 701 707 τοῦ
730 654 928 708 διδόναι
956 656 1136 720 αὐτοῖς
1165 656 1226 709 τὸ
1249 656 1590 726 σιτομέτριον
1601 671 1625 720 ’;
1663 673 1683 706 ι

2053 487 2281 540 gamus:
2332 481 2391 527 et
2432 473 2564 531 alios
2589 475 2806 545 quidem
2854 469 3224 530 moderatione
3267 476 3321 521 et
3361 466 3618 537 aequitate

2053 563 2222 618 animi
2251 579 2480 631 sanare;
2511 565 2648 621 alios
2674 580 2803 622 vero
2833 563 3208 633 separatione:
3241 574 3298 621 et
3330 564 3463 620 alios
3491 559 3617 630 qui-

2053 654 2175 708 dem
2208 657 2469 722 vincere;
2521 658 2589 711 ab
2621 656 2743 712 aliis
2781 666 2961 712 autem
2989 659 3127 714 vinci
3179 671 3392 730 quoque
3421 657 3614 719 videri.

377 746 576 814 quibus
602 747 855 804 videlicet
893 751 994 806 hoc
1017 751 1251 820 expedit.
1288 750 1450 822 495
1505 751 1636 805 Cum
1669 747 1832 816 igitur
1895 755 1974 802 tot
2013 757 2230 818 tamque
2306 751 2618 820 multiplicia
2661 753 2774 807 sint
2819 768 3020 820 genera
3085 764 3142 807 et
3207 753 3516 806 morborum
3563 760 3622 805 et

371 838 731 906 auxiliorum,
753 855 938 911 neque
969 857 1159 898 omnes
1195 842 1384 897 iisdem
1411 842 1625 906 cedant,
1653 841 1748 895 sed
1782 838 1953 894 etiam
1993 851 2179 895 contra
2215 841 2284 896 ad
2315 843 2578 897 deteriora
2610 859 2998 913 nonnunquam
3034 856 3251 914 peccata
3286 844 3619 898 admittenda

382 929 704 986 irritentur:
760 933 915 1000 quis,
961 947 1164 1002 quaeso,
1217 942 1308 987 aut
1341 933 1518 986 omnia
1548 932 1715 994 seire,
1761 940 1854 986 aut
1884 931 2016 985 huic
2056 942 2207 985 tanto
2241 935 2449 987 muneri
2504 948 2598 1002 par
2625 950 2744 991 esse
2770 946 2962 1004 queat,
3007 937 3107 990 nisi
3145 937 3356 991 divinus
3387 937 3620 1005 Spiritus

382 1022 626 1076 animum
661 1023 835 1090 ipsius
861 1024 1192 1079 illustrarit?
1237 1025 1342 1078 Sed
1367 1023 1494 1093 quia
1537 1022 1822 1093 imperium
1850 1022 1952 1077 sibi
1991 1024 2158 1090 probe
2219 1025 2510 1080 convenire
2578 1025 2918 1090 existimant,
2977 1027 3102 1082 ideo
3148 1035 3350 1080 tantum
3389 1036 3620 1080 sumunt.

385 1113 623 1168 audaciae
650 1113 1127 1185 (utepi-scopaturn
1159 1113 1458 1185 invadant),
1494 1130 1667 1184 neque
1695 1115 1814 1183 ejus
1846 1112 2217 1170 difﬁcultatem
2245 1116 2483 1172 muneris
2544 1117 2684 1186 apud
2751 1119 2992 1172 animum
3064 1119 3476 1188 perpendentes,
3529 1133 3622 1172 ne-

373 1217 491 1274 que
521 1218 708 1261 vocem
733 1203 1077 1261 Dominicam
1113 1206 1414 1270 audientes,
1452 1220 1573 1274 qua:
1603 1207 1738 1260 adeo
1767 1220 1951 1260 rarum
1991 1207 2266 1275 negotium
2288 1221 2411 1261 esse
2439 1207 2776 1263 demonstrat
2839 1208 2923 1276 (ut
2945 1209 3068 1277 quis
3133 1192 3270 1264 bene
3303 1211 3350 1264 ei
3394 1209 3616 1278 pra-sit),

375 1295 633 1349 utetiam
661 1295 1029 1351 dubitabunda
1058 1296 1306 1351 oratione
1344 1310 1471 1350 usus
1503 1296 1686 1361 fuerit,
1718 1296 1939 1350 dicens:
1988 1314 2006 1346 ι
2031 1295 2184 1363 Quis,
2234 1307 2414 1365 putas,
2463 1306 2548 1353 est
2593 1297 2766 1353 ﬁdelis
2828 1312 3018 1354 servus
3046 1308 3103 1354 et
3161 1301 3426 1369 prudens,
3461 1313 3618 1370 quem

371 1389 676 1443 eonstituet
713 1387 974 1444 Dominus
1005 1403 1170 1458 super
1207 1390 1462 1444 familiam
1504 1395 1660 1445 suam
1684 1429 1700 1456 ,
1762 1399 1820 1444 ut
1847 1391 1940 1446 det
1986 1391 2091 1447 illis
2124 1393 2478 1447 demensum?
2502 1411 2522 1444 ι

663 1507 865 1574 -ΡΜςη,
903 1539 972 1549 -
1007 1507 1268 1580 ΙΣΙΔΩΡῼ
1302 1511 1670 1582 ΕΠΙΣΚΟΠῼ.

724 1612 747 1647 r
781 1595 893 1650 Καὶ
923 1597 1245 1668 ἀπαλλάξῃ
1276 1601 1544 1666 τούτους.
1585 1621 1604 1653 ι

445 1705 523 1758 ’Τί
569 1704 737 1769 ἐστιν,
791 1706 948 1778 ἔφης,
1007 1725 1025 1759 ι
1057 1707 1166 1761 Καὶ
1222 1707 1504 1780 ἀπαλλάξῃ
1553 1709 1800 1773 τούτους,
1841 1709 1955 1762 ὅσοι

385 1795 534 1866 φόϐῳ
575 1795 807 1849 θανάτου
845 1797 937 1850 διὰ
983 1797 1297 1869 σύμπαντος
1333 1799 1444 1870 (6-4)
1501 1800 1596 1854 τοῦ
1634 1801 1734 1871 ζῇν
1779 1800 1953 1871 ἔνοχοι

374 1883 523 1956 ἦσαν
567 1886 842 1954 δουλείας
885 1907 903 1940 ι
951 1891 1153 1943 Ἀκουε
1181 1890 1377 1945 τοίνυν.
1417 1892 1526 1962 υὺχ
1561 1894 1589 1944 6
1625 1891 1872 1957 θάνατος,
1907 1887 1954 1948 ὦ

379 1978 650 2048 βέλτιστε,
685 1979 827 2033 ,ἀλλὰ
854 1980 914 2033 τὸ
946 1980 1294 2052 δικαστῇριον
1321 1982 1383 2035 τὺ
1415 1983 1554 2053 μετά
1581 1983 1670 2035 τὸν
1703 1983 1952 2051 θάνατον,

383 2070 683 2142 ἀποτρέπει
708 2071 816 2125 τῶν
848 2071 1283 2145 ἁμαρτημάτων.
1310 2075 1372 2127 Ol
1394 2075 1500 2146 γὰρ
1526 2075 1766 2140 ἀσεϐεῖς,
1802 2093 1956 2130 σπιν-

319 2217 324 2221 ,
384 2163 528 2234 θῆρα
559 2163 878 2234 νομίσαντες
923 2160 1060 2218 εἶναι
1107 2163 1206 2237 τὴν
1240 2165 1444 2236 ψυχὴν,
1484 2160 1545 2219 οὗ
1593 2166 1957 2222 ἀποσϐεσθέν-

373 2270 474 2317 ·τος
501 2254 614 2324 (65)
635 2293 651 2320 ,
681 2255 756 2318 ὡς
790 2255 1029 2323 ἔφασαν,
1070 2254 1246 2329 τέφρα
1267 2257 1601 2326 ἀποϐήσεται
1631 2255 1712 2322 τὸ,
1757 2256 1952 2327 σῶμα,

388 2348 548 2418 μόνον
583 2348 834 2402 τεθνᾶναι
864 2346 1206 2417 νομίζοντες,
1248 2349 1322 2418 μὴ
1354 2348 1630 2418 κρίνεσθαι
1665 2349 1721 2402 δὲ
1751 2349 1956 2420 (ταῦτα

383 2440 494 2512 γὰρ
533 2441 592 2493 ὲν
625 2442 694 2511 τῆ
723 2439 1177 2509 ἐπιγεγραμμένη
1221 2438 1389 2511 Σοφίᾳ
1429 2439 1774 2511 Σολομῶντος
1805 2441 1956 2512 εἰρήο

386 2547 577 2594 κασιν,
609 2529 684 2593 ὡς
725 2527 910 2582 οἶσθα·
947 2530 996 2582 εί
1027 2528 1072 2582 δ’
1104 2530 1314 2598 ἀγνοεῖς
1333 2569 1348 2595 ,
1385 2529 1565 2583 λαϐὼν
1597 2533 1734 2602 μετά
1766 2533 1955 2602 χεῖρας

384 2622 448 2676 τὸ
492 2621 731 2692 βιϐλίον,
795 2621 990 2692 είσῃ),
1043 2621 1196 2674 οὐδὲν
1256 2621 1535 2693 ἄπρακτον
1595 2625 1816 2678 εῐασαν·
1873 2623 1956 2687 ὡς

381 2712 495 2784 γὰρ
531 2711 740 2782 ,μηκέτι
786 2710 939 2774 ὄντες
980 2710 1130 2782 μετὰ
1174 2709 1434 2778 θάνατον,
1487 2709 1664 2766 πάντα
1709 2711 1840 2783 δρᾷν
1887 2714 1958 2768 τὰ

387 2803 650 2874 αἰσχῦνης
677 2802 772 2855 καὶ
801 2801 1050 2855 θανάτων
1095 2802 1206 2873 (66.)
1247 2804 1342 2857 καὶ
1371 2803 1648 2866 κολάσεως
1675 2804 1801 2869 ἄξια
1852 2805 1954 2857 ιπ-

386 2895 662 2966 εχείρουν,
704 2887 986 2961 λέγοντεςδ
1025 2913 1045 2945 ‹
1084 2891 1232 2964 Αὕτη
1265 2894 1299 2966 ἡ
1352 2894 1508 2963 μερὶς
1556 2893 1747 2964 ἡμῶν,
1783 2895 1878 2947 καὶ
1927 2895 1956 2948 ὁ

2301 1505 2534 1563 CXLVI.
2573 1537 2643 1548 —
2683 1507 2964 1565 'lSlDORO
3011 1507 3361 1567 EPISCOPO.

2361 1620 2370 1626 -
2445 1617 2466 1651 ι
2498 1597 2570 1653 Et
2603 1599 2846 1655 liberaret
2874 1617 2960 1656 eos
2984 1603 3052 1682 δέ,
3092 1621 3111 1656 ι
3149 1612 3253 1656 etc.

2131 1708 2437 1775 Quaesivisti
2478 1711 2605 1782 quid
2642 1712 2712 1766 sit
2742 1712 2909 1767 illud:
2961 1731 2979 1765 ι
3005 1712 3069 1766 Ει
3097 1713 3352 1768 liberaret
3383 1729 3496 1775 eos,
3524 1715 3619 1784 qui

2063 1798 2254 1854 timore
2284 1800 2475 1854 mortis
2503 1815 2600 1870 per
2629 1810 2794 1854 tutam
2825 1801 2990 1855 vitam
3022 1801 3240 1855 obnoxii
3273 1809 3426 1853 erant
3455 1800 3627 1854 servi-

2063 1889 2214 1942 tuti.»
2256 1890 2513 1944 Ausculta
2542 1892 2722 1959 igitur.
2785 1891 2896 1945 Non
2930 1906 3078 1946 lllOl'S
3108 1892 3301 1960 ἱρείη-ο
3329 1891 3494 1954 bone,
3525 1892 3623 1945 sed

2053 1977 2359 2047 judicium,
2386 1981 2533 2049 ‘quod
2574 1991 2697 2051 post
2732 1990 2957 2035 mortem
2994 1981 3236 2036 futurum
3263 1992 3380 2048 est,
3413 1983 3615 2036 avertit

2058 2084 2089 2122 a
2116 2070 2373 2137 peccatis.
2439 2071 2591 2141 lmpii
2620 2072 2763 2126 enim
2802 2087 2927 2128 cum
2961 2072 3334 2128 existimarent
3379 2073 3619 2128 animam

2059 2174 2182 2215 esse
2198 2159 2493 2215 scintillam
2516 2162 2826 2230 quamdam,
2859 2179 2962 2233 qua
2981 2164 3274 2230 exstincta,
3299 2173 3358 2218 ut
3379 2164 3620 2231 aiebant,

2059 2267 2256 2321 corpus
2312 2252 2364 2306 in
2398 2253 2635 2307 cinerem
2677 2251 2883 2320 abibit,
2936 2255 3072 2310 mori
3111 2269 3170 2309 se
3202 2263 3407 2309 tantum
3443 2255 3623 2324 (more

2057 2343 2365 2414 brutorum)
2400 2354 2670 2413 putantes,
2703 2360 2808 2399 non
2837 2355 3020 2400 autem
3051 2346 3198 2415 (post
3235 2347 3486 2416 mortem)
3535 2347 3626 2416 ju-

2059 2433 2264 2488 dicari:
2298 2434 2436 2504 (hac
2461 2435 2604 2487 enim
2639 2433 2763 2487 talia
2796 2435 2847 2488 in
2875 2433 3014 2489 libro
3043 2434 3137 2505 qui
3164 2434 3442 2503 Sapientia
3469 2435 3628 2492 Salo-

2059 2525 2236 2579 monis
2271 2524 2683 2592 inscribitur‘",
2725 2524 2998 2588 dixerunt,
3046 2534 3104 2579 ut
3147 2525 3333 2580 nosti:
3378 2530 3520 2596 quod
3571 2528 3616 2582 si

2059 2616 2261 2680 nescis,
2294 2632 2446 2672 sume
2483 2619 2535 2670 in
2571 2631 2763 2671 manus
2791 2631 2913 2672 eum
2955 2616 3182 2682 librum,
3209 2626 3264 2672 et
3292 2618 3450 2688 scies)
3493 2619 3626 2673 nihil

2058 2710 2380 2763 intentatum
2409 2709 2490 2765 vel
2553 2711 2801 2765 inausum
2838 2711 3239 2780 relinquebant.
3307 2710 3422 2765 Non
3468 2712 3627 2766 aliter

2057 2801 2202 2856 enim
2229 2815 2293 2856 ac
2319 2801 2363 2854 si
2394 2809 2513 2870 post
2536 2813 2763 2856 mortem
2793 2817 2897 2856 non
2916 2802 3145 2872 amplius
3171 2801 3338 2858 futuri
3356 2803 3404 2834 “
3420 2813 3619 2868 essent,

2057 2891 2242 2946 omnia
2291 2892 2490 2960 probro
2539 2907 2604 2946 ac
2653 2893 2863 2960 pudore
2912 2900 2967 2947 et
3022 2892 3205 2947 multis
3253 2893 3519 2948 mortibus
3570 2903 3625 2948 et

387 2987 586 3056 κλῆρος
637 2979 812 3047 οὗτος.
871 3003 894 3038 t
930 2982 1075 3038 1Ἧκε
1113 2984 1290 3038 τοίνυν
1333 2985 1360 3036 6
1410 2975 1637 3055 Σωτὴρ,
1685 2985 1820 3054 μετὰ
1848 2984 1955 3038 τῶν

2059 2982 2323 3052 supplicio
2384 2981 2545 3051 digna
2600 2997 2760 3052 agere
2817 2983 3056 3054 aggressi
3123 2993 3272 3050 sunt,
3331 2986 3620 3041 dicentes:

387 3077 581 3142 ἄλλων,
612 3068 686 3130 ὧν
722 3074 1075 3147 κατώρθωσε,
1106 3077 1201 3128 καὶ
1245 3074 1447 3144 ταύτης
1480 3074 1802 3138 ἀπαλλάξων
1833 3076 1958 3138 τοὺς

384 3168 707 3240 ἀνθρώπους
749 3167 848 3238 τῆς
884 3168 1157 3229 ὑπονοίας.
1191 3165 1304 3236 Τὴν
1329 3165 1437 3236 γὰρ
1476 3166 1573 3234 τῆς
1611 3165 1786 3234 ψυχῆς
1824 3165 1959 3219 ἀθα-

389 3259 579 3312 νασίαν
620 3257 977 3328 ὁρισάμενος,
1011 3257 1068 3309 ὲν
1104 3255 1182 3326 τῷ
1225 3255 1427 3326 φάναιο
1477 3275 1492 3304 ι
1539 3255 1650 3323 Τὴν
1694 3254 1750 3306 δὲ
1783 3253 1960 3326 ψυχὴν

395 3351 472 3420 μὴ
513 3348 819 3419 δυναμένων
863 3348 1216 3401 ἀποκτεῖναιο
1261 3346 1357 3399 καὶ
1401 3344 1499 3415 τὴν
1539 3345 1648 3398 τῶν
1691 3345 1959 3415 σωμάτων

395 3441 686 3495 ἀνάστασιν
713 3438 1204 3508 εὐαγγελισάμενος
1231 3436 1318 3491 διὰ
1357 3436 1452 3490 τοῦ
1480 3439 1674 3490 εἰπεῖν’
1710 3457 1728 3490 ι
1771 3438 1858 3490 Ἑν
1890 3440 1958 3509 τῇ

386 3533 685 3586 ἀναστάσει
717 3532 825 3585 τῶν
858 3531 1068 3602 νεκρῶν
1095 3529 1219 3584 οὔτε
1246 3529 1516 3600 γαμοῦσιν
1545 3529 1669 3583 οὔτε
1692 3531 1958 3601 γαμίζον-

391 3643 514 3688 ται,
559 3625 674 3678 ἀλλ’
705 3624 1022 3687 ἔσονταιλὼς
1053 3623 1165 3693 (6'7)
1207 3622 1448 3691 ἄγγελοι-
1486 3640 1506 3673 ι
1547 3622 1648 3692 τήν
1674 3639 1734 3675 τε
1780 3623 1960 3693 κρίσιν

389 3716 640 3787 μηνύσας
674 3716 764 3769 διὰ
799 3715 1008 3769 πολλῶν
1042 3716 1138 3786 μὲν
1169 3714 1343 3768 ἄλλων
1366 3753 1382 3776 ,
1418 3715 1512 3768 καὶ
1549 3716 1608 3767 ὲν
1641 3714 1721 3785 τῷ
1755 3715 1960 3786 φρᾶσαι

386 3807 448 3860 δέ
469 3824 482 3839 ·
518 3825 539 3858 ι
583 3807 860 3877 Φοϐηθῆτε
888 3805 979 3859 τὸν
1008 3805 1304 3875 δυνάμενον
1341 3807 1436 3858 καὶ
1463 3805 1640 3875 ψυχὴν
1672 3805 1774 3863 ,καὶ
1803 3804 1960 3875 σῶμα

387 3897 654 3952 ἀπολέσαι
685 3899 742 3952 ὲν
791 3897 981 3967 γεέννῃ
1005 3913 1020 3930 ο
1067 3915 1086 3948 ι
1131 3896 1310 3966 πάσης
1338 3896 1552 3961 ἐκείνης
1593 3895 1961 3965 ἠλευθέρωσεν

388 3989 642 4052 ἅπαντας
671 3987 773 4057 τῆς
801 3986 1083 4050 ὑπονοίους
1114 3985 1254 4056 (68)·
1289 3984 1491 4055 μᾶλλον
1519 3984 1563 4037 δ’
1599 3983 1961 4054 ἀληθέστερον

393 4082 600 4143 εἰπεῖν,
645 4079 746 4147 τῆς
777 4077 1051 4140 δουλείας.·
1087 4077 1162 4130 Τὸ
1190 4076 1298 4148 γὰρ
1336 4075 1478 4128 θεῖον
1521 4075 1870 4145 δικαστήριον
1902 4076 1961 4126 ὲν

393 4171 468 4240 νῷ
495 4169 861 4240 λαμϐάνοντες
880 4209 895 4234 ,
927 4172 1022 4224 καὶ
1066 4168 1142 4233 ὡς
1187 4168 1324 4238 πρὸς
1353 4167 1552 4220 σκοπὸν
1587 4167 1648 4218 τὸ
1675 4166 1829 4237 ὄμμα
1853 4165 1963 4218 τεί-

391 4278 596 4324 νοντες,
630 4261 726 4314 xu‘t
757 4260 908 4314 οὐδὲν
935 4260 1137 4329 φαῦλον
1162 4260 1365 4331 πρᾶξαι
1399 4259 1748 4330 τολμήσειαν.
1789 4253 1958 4326 Οἶμαι

2065 3074 2220 3130 «Haec
2234 3084 2318 3130 est
2343 3089 2468 3142 pars
2495 3084 2677 3129 nostra
2701 3085 2754 3130 et
2783 3076 3067 3131 luereditas
3084 3085 3267 3133 nostra
3291 3087 3374 3132 est
3395 3079 3500 3133 ista
3518 3078 3617 3132 ⁸⁸.»

2055 3165 2237 3232 Quare
2285 3165 2433 3219 venit
2484 3164 2756 3231 Salvator,
2825 3175 3022 3236 prater
3069 3166 3174 3220 alia
3227 3167 3450 3240 (multa)
3503 3183 3626 3238 qua:

2059 3253 2318 3320 praeclare
2350 3255 2522 3323 gessit
2565 3268 2630 3309 ac
2658 3255 2928 3322 restituit,
2979 3257 3082 3310 hac
3119 3256 3282 3312 etiam
3315 3257 3624 3326 suspicione

2061 3344 2305 3400 homines
2323 3344 2668 3402 liberaturus.
2704 3343 2838 3400 Nam
2869 3361 2993 3402 cum
3013 3346 3207 3404 animae
3243 3348 3621 3404 immortalita-

2060 3444 2166 3492 tem
2197 3435 2528 3492 deﬁnivisset
2559 3451 2653 3507 per
2680 3438 2732 3492 id
2759 3439 2900 3508 quod
2915 3438 3086 3494 dixit:
3124 3439 3411 3495 4Animam
3439 3451 3621 3497 autem

2057 3527 2305 3583 occidere
2346 3542 2451 3581 non
2490 3528 2818 3597 possunt";
2844 3546 2861 3580 ι
2897 3543 3016 3583 cum
3051 3529 3178 3584 item
3212 3543 3498 3600 corporum
3533 3546 3621 3585 re-

2056 3620 2450 3676 surrectionem
2493 3620 2877 3675 annuntiasset
2909 3634 3004 3690 per
3054 3619 3108 3675 id
3142 3620 3283 3689 quod
3312 3621 3487 3677 dixit:
3521 3639 3541 3673 ι
3563 3620 3622 3675 In

2062 3709 2458 3763 resurrectione
2483 3717 2818 3761 mortuorum
2849 3721 3023 3777 neque
3047 3707 3252 3761 ducunt
3285 3724 3505 3774 uxores,
3531 3723 3627 3763 ne-

2060 3814 2167 3869 que
2197 3807 2420 3868 nuptum
2450 3798 2669 3864 dantur,
2701 3798 2794 3853 sed
2819 3809 2984 3854 erunt
3017 3806 3274 3868 tanquam
3303 3799 3477 3870 angeli
3501 3800 3546 3834 "
3567 3816 3617 3868 ;ι

2061 3904 2294 3959 cumque
2339 3888 2602 3957 judicium
2648 3902 2962 3957 supremum
3013 3890 3374 3960 signiﬁcasset
3423 3893 3620 3959 partim

2060 3980 2184 4035 aliis
2223 3978 2407 4034 mult-is
2437 3978 2636 4043 verbis,
2674 3979 2872 4048 partim
2900 3993 2966 4034 eo
2999 3980 3126 4034 dum
3156 3981 3331 4036 dixit:
3383 3981 3624 4038 «Timete

2060 4087 2182 4128 eum
2222 4071 2315 4140 qui
2364 4077 2544 4140 potest
2587 4079 2644 4125 et.
2682 4071 2918 4126 animam
2965 4081 3022 4128 et
3055 4087 3270 4143 corpus.
3295 4075 3521 4142 perdere
3567 4075 3621 4129 in

2061 4163 2300 4232 gehenna
2317 4162 2422 4224 ⁸⁷η
2453 4176 2646 4217 omnes
2673 4162 2819 4216 omni
2852 4162 2941 4217 illa
2976 4164 3303 4234 suspicione,
3329 4165 3412 4220 vel
3445 4167 3625 4236 potius

2057 4255 2143 4318 (ut
2170 4253 2349 4308 verius
2377 4252 2578 4322 dicam)
2610 4253 2892 4319 servitute,
2945 4255 3161 4323 penitus
3203 4255 3472 4324 liberavit.
3528 4258 3622 4312 Di—

390 4351 496 4420 μὲν
545 4345 638 4406 οὖν
689 4349 1076 4422 σεσαφηνίσθαι
1120 4350 1182 4404 τὸ
1217 4351 1399 4422 ῥητόν.
1439 4350 1502 4403 El
1547 4349 1604 4402 δὲ
1651 4351 1745 4402 καὶ
1788 4365 1957 4419 μετα-

2063 4345 2244 4400 vinum
2272 4359 2507 4415 namque
2531 4344 2791 4414 judicium
2809 4349 2952 4415 apud
2978 4350 3218 4402 animum
3247 4349 3536 4418 agitantes,
3567 4359 3625 4405 et

391 4441 697 4511 φρασθῆναι
735 4441 866 4494 αὐτὸ
899 4440 1102 4510 βούλει,
1156 4443 1428 4510 φήσαιμ’
1469 4439 1682 4510 Ἐπειδὴ
1711 4438 1787 4502 ὼς
1823 4438 1953 4509 μέλ-

389 4531 574 4594 λοντες
603 4531 986 4602 ἀποθνήσκειν,
1018 4531 1334 4586 ὲδούλευσαν
1356 4530 1588 4599 ἀφειδῶς
1624 4532 1744 4592 ταῖς
1771 4530 1954 4598 ἁμαρ-

391 4623 533 4684 τίαις
587 4621 648 4692 (6
689 4623 794 4694 γὰρ
835 4621 928 4676 τοῦ
960 4622 1188 4676 θανάτου
1236 4622 1418 4692 φόϐος,
1475 4621 1730 4692 βλοσυρὸν
1772 4621 1956 4683 αὐτοῖς

391 4714 613 4782 ἐνορῶν,
647 4715 741 4766 καὶ
765 4714 863 4785 τὴν
883 4713 975 4766 τοῦ
1009 4713 1204 4784 μηκέτι
1233 4709 1374 4765 εἶναι
1403 4711 1608 4765 ἔννοιαν
1632 4712 1850 4774 τίκτων,
1875 4713 1954 4774 είς

393 4806 573 4858 πᾶσαν
609 4805 807 4867 αὐτοὺς
839 4804 1082 4858 δουλείαν
1114 4803 1389 4874 ἁμαρτίας
1427 4802 1826 4873 παρέπεμπε),
1870 4801 1960 4856 διὰ

395 4961 441 4992 ⁵³
479 4959 638 5016 llebr.
664 4977 725 5028 ll,
759 4962 846 5016 l5.
920 4961 966 4994 ⁸³
1003 4959 1134 5032 Sap.
1175 4959 1292 5024 tt,l
1331 4974 1486 5029 seqq.

2061 4449 2126 4490 eo
2155 4445 2408 4505 tanquam
2453 4437 2522 4491 ad
2574 4451 2796 4506 scopum
2828 4438 3122 4508 dirigentes
3153 4441 3369 4495 oculum
3405 4443 3623 4508 mentis,

2063 4526 2197 4580 nihil
2231 4542 2468 4595 unquam
2502 4529 2624 4582 mali
2655 4527 2833 4584 facere
2861 4529 3155 4585 audebunt.
3190 4533 3370 4602 Atque
3397 4532 3484 4586 his
3500 4534 3624 4600 qui-

2062 4620 2184 4674 dem
2233 4620 2494 4674 hactenus
2543 4629 2671 4688 puto
2701 4635 2732 4673 a
2771 4635 2856 4676 me
2884 4622 3086 4679 dictum
3141 4622 3274 4677 illud
3315 4622 3620 4695 expositum

2064 4726 2187 4766 esse
2236 4712 2390 4766 satis.
2457 4711 2606 4777 Quod
2652 4714 2700 4768 si
2734 4712 2900 4767 etiam
2940 4728 2971 4768 a
3020 4728 3106 4768 me
3158 4712 3420 4780 postulas,
3468 4719 3525 4764 ut
3566 4710 3618 4764 id

2066 4802 2397 4872 metaphrasi
2439 4803 2672 4872 quadarn
2721 4802 2986 4858 illustrem
3032 4802 3175 4872 (aliis
3205 4803 3386 4857 verbis
3433 4801 3623 4855 eadem

1561 4960 1610 4991 ⁸⁵
1643 4958 1771 5012 ibid.
1797 4958 1849 5012 9.
1934 4959 1981 4990 "
2009 4959 2198 5014 Matth.
2228 4975 2284 5023 ς,
2311 4959 2402 5015 28.
2476 4959 2523 4991 ⁸⁸
2549 4960 2744 5014 Matth.
2769 4958 2915 5026 'xxn,
2949 4958 3036 5013 30.
3129 4960 3174 4990 "
3212 4958 3402 5016 Matth.
3435 4977 3489 5027 χ,
3529 4961 3620 5015 28.

1500 5093 1737 5148 VARIIE
1769 5093 2151 5150 LECTIONES
2179 5093 2265 5148 ET
2298 5093 2531 5150 NOTAE.

461 5227 573 5295 (64)
608 5226 709 5281 Pro
743 5228 1055 5297 σύμπαντος
1101 5226 1221 5282 cod.
1263 5225 1439 5282 Vatic.
1491 5225 1597 5281 650
1641 5227 1831 5282 scribit
1867 5227 1955 5281 διὰ

391 5299 608 5358 παντὸς.
645 5297 848 5351 Possm.

462 5366 573 5433 ((55)
631 5366 1084 5429 Ἀποσϐεσθέντος
1135 5374 1306 5421 mutat
1364 5366 1503 5419 idem
1554 5365 1674 5419 cod.
1724 5365 1778 5418 in
1823 5365 1953 5417 ἀπο-

390 5433 799 5499 σκευασθέντος,
833 5437 1008 5490 minus
1036 5437 1336 5501 commode,
1380 5445 1436 5487 ut
1472 5436 1699 5488 videtur.
1733 5435 1806 5487 In.

415 5503 572 5624 ¹ιμὶἷὶ)
604 5504 775 5558 Verba
794 5506 880 5559 illa
913 5507 1008 5559 καὶ
1030 5505 1272 5559 θανάτων
1305 5506 1442 5560 idem
1471 5505 1590 5558 cod.
1622 5514 1768 5558 recte
1795 5504 1953 5558 omit-

416 5588 473 5624 ι.
534 5589 585 5624 n.

393 5581 473 5625 ιιι.
512 5581 585 5625 ln.

467 5643 578 5710 (67)
611 5643 752 5698 Inter
789 5645 864 5706 ὡς
911 5653 966 5700 et
1003 5643 1226 5711 ἄγγελοι
1266 5644 1404 5698 idem
1473 5644 1593 5701 cod.
1641 5641 1832 5699 inserit
1874 5643 1944 5696 οί.

2062 5229 2181 5284 Mox
2213 5239 2333 5304 post
2362 5229 2549 5304 κρίσιν
2579 5233 2798 5304 verbum
2819 5231 3078 5304 ⁸μηνύσας
3125 5242 3282 5303 auget
3335 5239 3622 5304 praeposito

2062 5299 2412 5377 προᾘξῖοιέ.
2459 5301 2584 5354 inde
2632 5301 2686 5368 2,
2738 5299 3008 5370 φοϐηθῆτε
3061 5299 3407 5358 οηιθιῖιίοιῖη
3447 5299 3622 5377 ’φοϐή-

2061 5369 2598 5509 θηἷίξὶξ)¹ιῖῨτιονοίους
2635 5440 2886 5509 mutatjn
2915 5439 3169 5509 ὑποψίας,
3201 5449 3256 5495 et
3294 5456 3437 5495 vers.
3501 5453 3622 5509 post

2058 5509 2091 5560 ὅ
2118 5506 2240 5562 ante
2269 5508 2420 5578 οὐδὲν
2448 5508 2609 5578 μιοΙΙίι
2646 5509 2761 5578 καί.
2812 5506 2968 5566 Vcrs'.
3020 5506 3142 5566 inde
3190 5512 3244 5578 5,
3300 5506 3620 5566 ἐδούλευσα-θ

2059 5587 2229 5633 :uutat
2265 5577 2315 5632 in
2343 5576 2636 5633 ἐδούλευον.
2662 5577 2736 5634 In.
