  <div class='ocr_page' id='page_1' title='image "/cluster/home/n/w/nwhite01/storage/ocr_20150623/78/mdp.39015010334699/623.png"; bbox 0 0 4020 6140; ppageno 0'>
   <div class='ocr_carea' id='block_1_1' title="bbox 488 238 656 322">
    <p class='ocr_par' dir='ltr' id='par_1_1' title="bbox 488 238 656 322">
     <span class='ocr_line' id='line_1_1' title="bbox 488 238 656 322; baseline 0.006 -1"><span class='ocrx_word' id='word_1_1' title='bbox 488 238 656 322; x_wconf 59' lang='grc' dir='ltr'><strong>’123Υ</strong></span> 
     </span>
    </p>
   </div>
   <div class='ocr_carea' id='block_1_2' title="bbox 1700 256 2580 324">
    <p class='ocr_par' dir='ltr' id='par_1_2' title="bbox 1700 256 2580 324">
     <span class='ocr_line' id='line_1_2' title="bbox 1700 256 2580 324; baseline -0.001 -3"><span class='ocrx_word' id='word_1_2' title='bbox 1700 260 1761 324; x_wconf 90' lang='lat' dir='ltr'><strong>S.</strong></span> <span class='ocrx_word' id='word_1_3' title='bbox 1814 258 2105 322; x_wconf 83' lang='lat' dir='ltr'><strong>ISIDORI</strong></span> <span class='ocrx_word' id='word_1_4' title='bbox 2144 256 2580 322; x_wconf 58' lang='lat' dir='ltr'><strong>PELUSIOTZE</strong></span> 
     </span>
    </p>
   </div>
   <div class='ocr_carea' id='block_1_3' title="bbox 3605 260 3725 330">
    <p class='ocr_par' dir='ltr' id='par_1_3' title="bbox 3605 260 3725 330">
     <span class='ocr_line' id='line_1_3' title="bbox 3605 260 3725 330; baseline 0.042 -5"><span class='ocrx_word' id='word_1_5' title='bbox 3605 260 3725 330; x_wconf 76' lang='grc'><strong>1232</strong></span> 
     </span>
    </p>
   </div>
   <div class='ocr_carea' id='block_1_4' title="bbox 491 368 2044 445">
    <p class='ocr_par' dir='ltr' id='par_1_4' title="bbox 491 368 2044 443">
     <span class='ocr_line' id='line_1_4' title="bbox 491 368 2044 443; baseline 0 -19"><span class='ocrx_word' id='word_1_6' title='bbox 491 382 746 439; x_wconf 73' lang='lat' dir='ltr'><strong>expressa</strong></span> <span class='ocrx_word' id='word_1_7' title='bbox 791 368 1084 443; x_wconf 82' lang='lat' dir='ltr'><strong>sententia)</strong></span> <span class='ocrx_word' id='word_1_8' title='bbox 1139 368 1221 425; x_wconf 82' lang='lat' dir='ltr'><strong>sic</strong></span> <span class='ocrx_word' id='word_1_9' title='bbox 1264 370 1534 426; x_wconf 75' lang='lat' dir='ltr'><strong>dixerim:</strong></span> <span class='ocrx_word' id='word_1_10' title='bbox 1597 371 1863 440; x_wconf 78' lang='lat' dir='ltr'><strong>Quoniam</strong></span> <span class='ocrx_word' id='word_1_11' title='bbox 1914 374 2044 429; x_wconf 76' lang='lat' dir='ltr'><strong>velut</strong></span> 
     </span>
    </p>
   </div>
   <div class='ocr_carea' id='block_1_5' title="bbox 2145 368 3724 445">
    <p class='ocr_par' dir='ltr' id='par_1_5' title="bbox 2160 368 3724 445">
     <span class='ocr_line' id='line_1_5' title="bbox 2160 368 3724 445; baseline 0.002 -19"><span class='ocrx_word' id='word_1_12' title='bbox 2160 373 2320 427; x_wconf 72' lang='grc' dir='ltr'>τοῦτο</span> <span class='ocrx_word' id='word_1_13' title='bbox 2349 368 2481 443; x_wconf 83' lang='grc' dir='ltr'>ἧκεν</span> <span class='ocrx_word' id='word_1_14' title='bbox 2510 371 2623 442; x_wconf 77' lang='grc'>(69)</span> <span class='ocrx_word' id='word_1_15' title='bbox 2651 372 2678 423; x_wconf 91' lang='lat'><strong>6</strong></span> <span class='ocrx_word' id='word_1_16' title='bbox 2706 369 2957 443; x_wconf 75' lang='grc' dir='ltr'>Χριστὸς,</span> <span class='ocrx_word' id='word_1_17' title='bbox 2984 372 3079 426; x_wconf 73' lang='grc' dir='ltr'>καὶ</span> <span class='ocrx_word' id='word_1_18' title='bbox 3110 370 3314 445; x_wconf 79' lang='grc' dir='ltr'><strong>ταύτης</strong></span> <span class='ocrx_word' id='word_1_19' title='bbox 3341 373 3540 438; x_wconf 72' lang='grc' dir='ltr'>αὐτοὺς</span> <span class='ocrx_word' id='word_1_20' title='bbox 3567 376 3724 429; x_wconf 82' lang='grc' dir='ltr'>ἀπαλ-</span> 
     </span>
    </p>
   </div>
   <div class='ocr_carea' id='block_1_6' title="bbox 493 458 2061 533">
    <p class='ocr_par' dir='ltr' id='par_1_6' title="bbox 493 458 2061 533">
     <span class='ocr_line' id='line_1_6' title="bbox 493 458 2061 533; baseline 0.001 -16"><span class='ocrx_word' id='word_1_21' title='bbox 493 461 775 526; x_wconf 83' lang='lat' dir='ltr'><strong>morituri,</strong></span> <span class='ocrx_word' id='word_1_22' title='bbox 819 461 938 516; x_wconf 87' lang='lat' dir='ltr'><strong>sine</strong></span> <span class='ocrx_word' id='word_1_23' title='bbox 977 460 1183 530; x_wconf 88' lang='lat' dir='ltr'><strong>pudore</strong></span> <span class='ocrx_word' id='word_1_24' title='bbox 1209 458 1414 517; x_wconf 85' lang='lat' dir='ltr'><strong>ail&#39;atim</strong></span> <span class='ocrx_word' id='word_1_25' title='bbox 1459 463 1769 520; x_wconf 86' lang='lat' dir='ltr'><strong>servierunt</strong></span> <span class='ocrx_word' id='word_1_26' title='bbox 1819 464 2061 533; x_wconf 73' lang='lat' dir='ltr'><strong>peccatis</strong></span> 
     </span>
    </p>
   </div>
   <div class='ocr_carea' id='block_1_7' title="bbox 489 554 2060 628">
    <p class='ocr_par' dir='ltr' id='par_1_7' title="bbox 489 554 2060 628">
     <span class='ocr_line' id='line_1_7' title="bbox 489 554 2060 628; baseline 0 -19"><span class='ocrx_word' id='word_1_27' title='bbox 489 554 885 628; x_wconf 52' lang='lat' dir='ltr'><strong>“(mortis</strong></span> <span class='ocrx_word' id='word_1_28' title='bbox 914 567 1148 624; x_wconf 81' lang='lat' dir='ltr'><strong>namque</strong></span> <span class='ocrx_word' id='word_1_29' title='bbox 1170 565 1369 620; x_wconf 85' lang='lat' dir='ltr'><strong>metus,</strong></span> <span class='ocrx_word' id='word_1_30' title='bbox 1389 554 1697 611; x_wconf 86' lang='lat' dir='ltr'><strong>truculento</strong></span> <span class='ocrx_word' id='word_1_31' title='bbox 1722 570 1820 612; x_wconf 90' lang='lat' dir='ltr'><strong>suo</strong></span> <span class='ocrx_word' id='word_1_32' title='bbox 1839 563 2060 625; x_wconf 82' lang='lat' dir='ltr'><strong>aspectu</strong></span> 
     </span>
    </p>
   </div>
   <div class='ocr_carea' id='block_1_8' title="bbox 476 645 2056 717">
    <p class='ocr_par' dir='ltr' id='par_1_8' title="bbox 476 645 2056 717">
     <span class='ocr_line' id='line_1_8' title="bbox 476 645 2056 717; baseline 0 -14"><span class='ocrx_word' id='word_1_33' title='bbox 476 662 587 703; x_wconf 74' lang='lat' dir='ltr'><strong>&#39;eos</strong></span> <span class='ocrx_word' id='word_1_34' title='bbox 609 645 894 711; x_wconf 83' lang='lat' dir='ltr'><strong>territans,</strong></span> <span class='ocrx_word' id='word_1_35' title='bbox 922 651 980 699; x_wconf 89' lang='lat' dir='ltr'><strong>et</strong></span> <span class='ocrx_word' id='word_1_36' title='bbox 1010 645 1391 715; x_wconf 76' lang='lat' dir='ltr'><strong>cogitationem</strong></span> <span class='ocrx_word' id='word_1_37' title='bbox 1423 645 1543 715; x_wconf 84' lang='lat' dir='ltr'><strong>ejus</strong></span> <span class='ocrx_word' id='word_1_38' title='bbox 1587 654 1781 711; x_wconf 86' lang='lat' dir='ltr'><strong>status,</strong></span> <span class='ocrx_word' id='word_1_39' title='bbox 1811 663 1919 717; x_wconf 91' lang='lat' dir='ltr'><strong>quo</strong></span> <span class='ocrx_word' id='word_1_40' title='bbox 1950 663 2056 703; x_wconf 91' lang='lat' dir='ltr'><strong>non</strong></span> 
     </span>
    </p>
   </div>
   <div class='ocr_carea' id='block_1_9' title="bbox 489 734 2057 807">
    <p class='ocr_par' dir='ltr' id='par_1_9' title="bbox 489 734 2057 807">
     <span class='ocr_line' id='line_1_9' title="bbox 489 734 2057 807; baseline 0.003 -17"><span class='ocrx_word' id='word_1_41' title='bbox 489 735 722 804; x_wconf 80' lang='lat' dir='ltr'><strong>amplius</strong></span> <span class='ocrx_word' id='word_1_42' title='bbox 772 742 975 801; x_wconf 85' lang='lat' dir='ltr'><strong>erunt,</strong></span> <span class='ocrx_word' id='word_1_43' title='bbox 1028 735 1084 788; x_wconf 92' lang='lat' dir='ltr'><strong>in</strong></span> <span class='ocrx_word' id='word_1_44' title='bbox 1135 735 1373 803; x_wconf 82' lang='lat' dir='ltr'><strong>ipsorum</strong></span> <span class='ocrx_word' id='word_1_45' title='bbox 1423 734 1623 790; x_wconf 89' lang='lat' dir='ltr'><strong>animis</strong></span> <span class='ocrx_word' id='word_1_46' title='bbox 1681 736 1943 807; x_wconf 75' lang='lat' dir='ltr'><strong>gignens,</strong></span> <span class='ocrx_word' id='word_1_47' title='bbox 2000 738 2057 794; x_wconf 86' lang='lat' dir='ltr'><strong>in</strong></span> 
     </span>
    </p>
   </div>
   <div class='ocr_carea' id='block_1_10' title="bbox 479 825 2059 897">
    <p class='ocr_par' dir='ltr' id='par_1_10' title="bbox 479 825 2059 897">
     <span class='ocr_line' id='line_1_10' title="bbox 479 825 2059 897; baseline 0.001 -16"><span class='ocrx_word' id='word_1_48' title='bbox 479 841 703 881; x_wconf 84' lang='lat' dir='ltr'><strong>omnem</strong></span> <span class='ocrx_word' id='word_1_49' title='bbox 752 825 958 895; x_wconf 81' lang='lat' dir='ltr'><strong>peccati</strong></span> <span class='ocrx_word' id='word_1_50' title='bbox 1000 826 1314 879; x_wconf 83' lang='lat' dir='ltr'><strong>servitutem</strong></span> <span class='ocrx_word' id='word_1_51' title='bbox 1346 826 1492 893; x_wconf 87' lang='lat' dir='ltr'><strong>ipsos</strong></span> <span class='ocrx_word' id='word_1_52' title='bbox 1520 827 1812 897; x_wconf 85' lang='lat' dir='ltr'><strong>detrusit),</strong></span> <span class='ocrx_word' id='word_1_53' title='bbox 1856 830 2059 884; x_wconf 88' lang='lat' dir='ltr'><strong>idcirco</strong></span> 
     </span>
    </p>
   </div>
   <div class='ocr_carea' id='block_1_11' title="bbox 487 915 2058 989">
    <p class='ocr_par' dir='ltr' id='par_1_11' title="bbox 487 915 2058 989">
     <span class='ocr_line' id='line_1_11' title="bbox 487 915 2058 989; baseline 0.003 -19"><span class='ocrx_word' id='word_1_54' title='bbox 487 918 636 971; x_wconf 84' lang='lat' dir='ltr'><strong>venit</strong></span> <span class='ocrx_word' id='word_1_55' title='bbox 660 915 932 979; x_wconf 83' lang='lat' dir='ltr'><strong>Christus,</strong></span> <span class='ocrx_word' id='word_1_56' title='bbox 959 923 1016 969; x_wconf 93' lang='lat' dir='ltr'><strong>et</strong></span> <span class='ocrx_word' id='word_1_57' title='bbox 1052 915 1154 970; x_wconf 86' lang='lat' dir='ltr'><strong>hac</strong></span> <span class='ocrx_word' id='word_1_58' title='bbox 1193 931 1290 970; x_wconf 93' lang='lat' dir='ltr'><strong>eos</strong></span> <span class='ocrx_word' id='word_1_59' title='bbox 1322 917 1585 973; x_wconf 83' lang='lat' dir='ltr'><strong>servitute</strong></span> <span class='ocrx_word' id='word_1_60' title='bbox 1612 918 1867 974; x_wconf 83' lang='lat' dir='ltr'><strong>liberavit</strong></span> <span class='ocrx_word' id='word_1_61' title='bbox 1897 930 2058 989; x_wconf 87' lang='lat' dir='ltr'><strong>atque</strong></span> 
     </span>
    </p>
   </div>
   <div class='ocr_carea' id='block_1_12' title="bbox 485 1005 2057 1077">
    <p class='ocr_par' dir='ltr' id='par_1_12' title="bbox 485 1005 2057 1077">
     <span class='ocr_line' id='line_1_12' title="bbox 485 1005 2057 1077; baseline 0.001 -16"><span class='ocrx_word' id='word_1_62' title='bbox 485 1006 707 1061; x_wconf 80' lang='lat' dir='ltr'><strong>exemit.</strong></span> <span class='ocrx_word' id='word_1_63' title='bbox 774 1005 931 1072; x_wconf 87' lang='lat' dir='ltr'><strong>Quod</strong></span> <span class='ocrx_word' id='word_1_64' title='bbox 980 1006 1023 1060; x_wconf 88' lang='lat' dir='ltr'><strong>si</strong></span> <span class='ocrx_word' id='word_1_65' title='bbox 1071 1019 1138 1060; x_wconf 91' lang='lat' dir='ltr'><strong>ne</strong></span> <span class='ocrx_word' id='word_1_66' title='bbox 1180 1006 1264 1061; x_wconf 85' lang='lat' dir='ltr'><strong>sic</strong></span> <span class='ocrx_word' id='word_1_67' title='bbox 1305 1005 1529 1075; x_wconf 82' lang='lat' dir='ltr'><strong>quidem</strong></span> <span class='ocrx_word' id='word_1_68' title='bbox 1564 1007 1700 1062; x_wconf 86' lang='lat' dir='ltr'><strong>satis</strong></span> <span class='ocrx_word' id='word_1_69' title='bbox 1737 1007 2057 1077; x_wconf 78' lang='lat' dir='ltr'><strong>intelligitur</strong></span> 
     </span>
    </p>
   </div>
   <div class='ocr_carea' id='block_1_13' title="bbox 485 1097 2055 1168">
    <p class='ocr_par' dir='ltr' id='par_1_13' title="bbox 485 1097 2055 1168">
     <span class='ocr_line' id='line_1_13' title="bbox 485 1097 2055 1168; baseline 0.003 -18"><span class='ocrx_word' id='word_1_70' title='bbox 485 1098 734 1168; x_wconf 87' lang='lat' dir='ltr'><strong>(dictum)</strong></span> <span class='ocrx_word' id='word_1_71' title='bbox 764 1098 975 1151; x_wconf 83' lang='lat' dir='ltr'><strong>dicetur</strong></span> <span class='ocrx_word' id='word_1_72' title='bbox 1007 1097 1228 1151; x_wconf 89' lang='lat' dir='ltr'><strong>clarius.</strong></span> <span class='ocrx_word' id='word_1_73' title='bbox 1277 1098 1325 1150; x_wconf 72' lang='lat' dir='ltr'><strong>It</strong></span> <span class='ocrx_word' id='word_1_74' title='bbox 1355 1098 1543 1153; x_wconf 90' lang='lat' dir='ltr'><strong>multis</strong></span> <span class='ocrx_word' id='word_1_75' title='bbox 1573 1099 1716 1153; x_wconf 91' lang='lat' dir='ltr'><strong>enim</strong></span> <span class='ocrx_word' id='word_1_76' title='bbox 1742 1115 1847 1153; x_wconf 87' lang='lat' dir='ltr'><strong>non</strong></span> <span class='ocrx_word' id='word_1_77' title='bbox 1877 1108 2055 1167; x_wconf 78' lang='lat' dir='ltr'><strong>potest</strong></span> 
     </span>
    </p>
   </div>
   <div class='ocr_carea' id='block_1_14' title="bbox 485 1173 2054 1260">
    <p class='ocr_par' dir='ltr' id='par_1_14' title="bbox 485 1173 2054 1260">
     <span class='ocr_line' id='line_1_14' title="bbox 485 1173 2054 1260; baseline 0.003 -17"><span class='ocrx_word' id='word_1_78' title='bbox 485 1190 603 1257; x_wconf 89' lang='lat' dir='ltr'><strong>capi</strong></span> <span class='ocrx_word' id='word_1_79' title='bbox 656 1173 1219 1259; x_wconf 30' lang='lat' dir='ltr'><strong>sensus&#39;apostolicus.</strong></span> <span class='ocrx_word' id='word_1_80' title='bbox 1278 1186 1354 1244; x_wconf 88' lang='lat' dir='ltr'><strong>Ut</strong></span> <span class='ocrx_word' id='word_1_81' title='bbox 1405 1190 1683 1257; x_wconf 82' lang='lat' dir='ltr'><strong>liberaret,</strong></span> <span class='ocrx_word' id='word_1_82' title='bbox 1734 1191 1929 1260; x_wconf 85' lang='lat' dir='ltr'><strong>inquit,</strong></span> <span class='ocrx_word' id='word_1_83' title='bbox 1960 1205 2054 1247; x_wconf 86' lang='lat' dir='ltr'><strong>eos</strong></span> 
     </span>
    </p>
   </div>
   <div class='ocr_carea' id='block_1_15' title="bbox 484 1281 2053 1353">
    <p class='ocr_par' dir='ltr' id='par_1_15' title="bbox 484 1281 2053 1353">
     <span class='ocr_line' id='line_1_15' title="bbox 484 1281 2053 1353; baseline 0.002 -20"><span class='ocrx_word' id='word_1_84' title='bbox 484 1292 625 1335; x_wconf 89' lang='lat' dir='ltr'><strong>metu</strong></span> <span class='ocrx_word' id='word_1_85' title='bbox 660 1281 871 1345; x_wconf 89' lang='lat' dir='ltr'><strong>mortis,</strong></span> <span class='ocrx_word' id='word_1_86' title='bbox 916 1293 1046 1350; x_wconf 70' lang='lat' dir='ltr'><strong>qua:</strong></span> <span class='ocrx_word' id='word_1_87' title='bbox 1093 1281 1145 1335; x_wconf 91' lang='lat' dir='ltr'><strong>in</strong></span> <span class='ocrx_word' id='word_1_88' title='bbox 1177 1282 1407 1336; x_wconf 89' lang='lat' dir='ltr'><strong>nihilum</strong></span> <span class='ocrx_word' id='word_1_89' title='bbox 1461 1284 1607 1351; x_wconf 84' lang='lat' dir='ltr'><strong>ipsos</strong></span> <span class='ocrx_word' id='word_1_90' title='bbox 1662 1283 1963 1353; x_wconf 77' lang='lat' dir='ltr'><strong>redigeret,</strong></span> <span class='ocrx_word' id='word_1_91' title='bbox 2000 1292 2053 1336; x_wconf 84' lang='lat' dir='ltr'><strong>et</strong></span> 
     </span>
    </p>
   </div>
   <div class='ocr_carea' id='block_1_16' title="bbox 483 1372 2051 1443">
    <p class='ocr_par' dir='ltr' id='par_1_16' title="bbox 483 1372 2051 1443">
     <span class='ocr_line' id='line_1_16' title="bbox 483 1372 2051 1443; baseline 0.002 -20"><span class='ocrx_word' id='word_1_92' title='bbox 483 1372 773 1425; x_wconf 77' lang='lat' dir='ltr'><strong>adduceret</strong></span> <span class='ocrx_word' id='word_1_93' title='bbox 820 1372 875 1425; x_wconf 90' lang='lat' dir='ltr'><strong>in</strong></span> <span class='ocrx_word' id='word_1_94' title='bbox 906 1372 1286 1442; x_wconf 71' lang='lat' dir='ltr'><strong>cogitationem</strong></span> <span class='ocrx_word' id='word_1_95' title='bbox 1342 1372 1636 1442; x_wconf 87' lang='lat' dir='ltr'><strong>incorrupti</strong></span> <span class='ocrx_word' id='word_1_96' title='bbox 1690 1372 1856 1436; x_wconf 90' lang='lat' dir='ltr'><strong>illius,</strong></span> <span class='ocrx_word' id='word_1_97' title='bbox 1907 1374 2051 1443; x_wconf 88' lang='lat' dir='ltr'><strong>quod</strong></span> 
     </span>
    </p>
   </div>
   <div class='ocr_carea' id='block_1_17' title="bbox 482 1462 2046 1531">
    <p class='ocr_par' dir='ltr' id='par_1_17' title="bbox 482 1462 2046 1531">
     <span class='ocr_line' id='line_1_17' title="bbox 482 1462 2046 1531; baseline 0 -15"><span class='ocrx_word' id='word_1_98' title='bbox 482 1472 601 1529; x_wconf 86' lang='lat' dir='ltr'><strong>post</strong></span> <span class='ocrx_word' id='word_1_99' title='bbox 630 1462 833 1517; x_wconf 85' lang='lat' dir='ltr'><strong>exitum</strong></span> <span class='ocrx_word' id='word_1_100' title='bbox 867 1476 935 1516; x_wconf 84' lang='lat' dir='ltr'><strong>ex</strong></span> <span class='ocrx_word' id='word_1_101' title='bbox 969 1464 1073 1517; x_wconf 89' lang='lat' dir='ltr'><strong>hac</strong></span> <span class='ocrx_word' id='word_1_102' title='bbox 1100 1464 1208 1517; x_wconf 83' lang='lat' dir='ltr'><strong>vita</strong></span> <span class='ocrx_word' id='word_1_103' title='bbox 1250 1462 1488 1517; x_wconf 72' lang='lat' dir='ltr'><strong>futurum</strong></span> <span class='ocrx_word' id='word_1_104' title='bbox 1519 1473 1641 1529; x_wconf 89' lang='lat' dir='ltr'><strong>est,</strong></span> <span class='ocrx_word' id='word_1_105' title='bbox 1691 1463 1909 1531; x_wconf 73' lang='lat' dir='ltr'><strong>iudicii.</strong></span> <span class='ocrx_word' id='word_1_106' title='bbox 1981 1464 2046 1516; x_wconf 89' lang='lat' dir='ltr'><strong>Hi</strong></span> 
     </span>
    </p>
   </div>
   <div class='ocr_carea' id='block_1_18' title="bbox 478 1553 2050 1609">
    <p class='ocr_par' dir='ltr' id='par_1_18' title="bbox 478 1553 2050 1609">
     <span class='ocr_line' id='line_1_18' title="bbox 478 1553 2050 1609; baseline 0.003 -5"><span class='ocrx_word' id='word_1_107' title='bbox 478 1554 624 1605; x_wconf 73' lang='lat' dir='ltr'><strong>enim</strong></span> <span class='ocrx_word' id='word_1_108' title='bbox 676 1553 860 1607; x_wconf 90' lang='lat' dir='ltr'><strong>libenti</strong></span> <span class='ocrx_word' id='word_1_109' title='bbox 895 1554 1077 1607; x_wconf 89' lang='lat' dir='ltr'><strong>animo</strong></span> <span class='ocrx_word' id='word_1_110' title='bbox 1114 1554 1167 1608; x_wconf 91' lang='lat' dir='ltr'><strong>in</strong></span> <span class='ocrx_word' id='word_1_111' title='bbox 1198 1554 1282 1607; x_wconf 88' lang='lat' dir='ltr'><strong>via</strong></span> <span class='ocrx_word' id='word_1_112' title='bbox 1316 1555 1382 1607; x_wconf 91' lang='lat' dir='ltr'><strong>ad</strong></span> <span class='ocrx_word' id='word_1_113' title='bbox 1412 1555 1663 1609; x_wconf 65' lang='lat' dir='ltr'><strong>virtutem</strong></span> <span class='ocrx_word' id='word_1_114' title='bbox 1696 1556 1925 1608; x_wconf 88' lang='lat' dir='ltr'><strong>ducente</strong></span> <span class='ocrx_word' id='word_1_115' title='bbox 1954 1555 2050 1608; x_wconf 84' lang='lat' dir='ltr'><strong>de-</strong></span> 
     </span>
    </p>
   </div>
   <div class='ocr_carea' id='block_1_19' title="bbox 479 1645 2046 1715">
    <p class='ocr_par' dir='ltr' id='par_1_19' title="bbox 479 1645 2046 1715">
     <span class='ocr_line' id='line_1_19' title="bbox 479 1645 2046 1715; baseline 0.001 -18"><span class='ocrx_word' id='word_1_116' title='bbox 479 1654 804 1707; x_wconf 85' lang='lat' dir='ltr'><strong>currerunt,</strong></span> <span class='ocrx_word' id='word_1_117' title='bbox 835 1645 979 1711; x_wconf 85' lang='lat' dir='ltr'><strong>quod</strong></span> <span class='ocrx_word' id='word_1_118' title='bbox 1032 1656 1130 1714; x_wconf 84' lang='lat' dir='ltr'><strong>spe</strong></span> <span class='ocrx_word' id='word_1_119' title='bbox 1179 1659 1502 1700; x_wconf 87' lang='lat' dir='ltr'><strong>coronarum</strong></span> <span class='ocrx_word' id='word_1_120' title='bbox 1533 1645 1685 1715; x_wconf 87' lang='lat' dir='ltr'><strong>quasi</strong></span> <span class='ocrx_word' id='word_1_121' title='bbox 1726 1646 2046 1713; x_wconf 87' lang='lat' dir='ltr'><strong>quibusdam</strong></span> 
     </span>
    </p>
   </div>
   <div class='ocr_carea' id='block_1_20' title="bbox 2164 462 3763 535">
    <p class='ocr_par' dir='ltr' id='par_1_20' title="bbox 2164 462 3763 535">
     <span class='ocr_line' id='line_1_20' title="bbox 2164 462 3763 535; baseline 0 -18"><span class='ocrx_word' id='word_1_122' title='bbox 2164 462 2340 527; x_wconf 76' lang='grc' dir='ltr'>λάξων</span> <span class='ocrx_word' id='word_1_123' title='bbox 2365 463 2468 534; x_wconf 84' lang='grc' dir='ltr'><strong>τῆς</strong></span> <span class='ocrx_word' id='word_1_124' title='bbox 2494 462 2756 526; x_wconf 81' lang='grc' dir='ltr'><strong>δουλείας.</strong></span> <span class='ocrx_word' id='word_1_125' title='bbox 2792 464 2855 515; x_wconf 75' lang='grc' dir='ltr'><strong>Εἰ</strong></span> <span class='ocrx_word' id='word_1_126' title='bbox 2880 463 2937 517; x_wconf 76' lang='grc' dir='ltr'>δὲ</span> <span class='ocrx_word' id='word_1_127' title='bbox 2971 463 3095 534; x_wconf 88' lang='grc' dir='ltr'>μηδ’</span> <span class='ocrx_word' id='word_1_128' title='bbox 3124 463 3300 527; x_wconf 75' lang='grc' dir='ltr'>οὕτως</span> <span class='ocrx_word' id='word_1_129' title='bbox 3336 466 3607 535; x_wconf 80' lang='grc' dir='ltr'><strong>νενόηται,</strong></span> <span class='ocrx_word' id='word_1_130' title='bbox 3633 484 3719 531; x_wconf 63' lang='grc' dir='ltr'>σας</span> <span class='ocrx_word' id='word_1_131' title='bbox 3752 468 3763 531; x_wconf 21' lang='grc' dir='ltr'>δη</span> 
     </span>
    </p>
   </div>
   <div class='ocr_carea' id='block_1_21' title="bbox 2161 550 3759 626">
    <p class='ocr_par' dir='ltr' id='par_1_21' title="bbox 2161 550 3759 626">
     <span class='ocr_line' id='line_1_21' title="bbox 2161 550 3759 626; baseline 0.001 -19"><span class='ocrx_word' id='word_1_132' title='bbox 2161 550 2425 626; x_wconf 74' lang='grc' dir='ltr'>φέστερον</span> <span class='ocrx_word' id='word_1_133' title='bbox 2450 552 2730 625; x_wconf 74' lang='grc' dir='ltr'>εἰρήσεται</span> <span class='ocrx_word' id='word_1_134' title='bbox 2754 567 2771 585; x_wconf 78' lang='grc' dir='ltr'><strong>ο</strong></span> <span class='ocrx_word' id='word_1_135' title='bbox 2800 554 3016 618; x_wconf 75' lang='grc' dir='ltr'><strong>πολλοῖς</strong></span> <span class='ocrx_word' id='word_1_136' title='bbox 3042 555 3153 625; x_wconf 86' lang='lat'><strong>7&amp;9</strong></span> <span class='ocrx_word' id='word_1_137' title='bbox 3178 554 3457 626; x_wconf 77' lang='grc' dir='ltr'>ἁλώσιμον</span> <span class='ocrx_word' id='word_1_138' title='bbox 3487 556 3589 611; x_wconf 79' lang='grc' dir='ltr'>οὐκ</span> <span class='ocrx_word' id='word_1_139' title='bbox 3618 557 3723 612; x_wconf 72' lang='grc' dir='ltr'>ἐστι</span> <span class='ocrx_word' id='word_1_140' title='bbox 3754 604 3759 609; x_wconf 81' lang='lat'><strong>,</strong></span> 
     </span>
    </p>
   </div>
   <div class='ocr_carea' id='block_1_22' title="bbox 2159 642 3762 717">
    <p class='ocr_par' dir='ltr' id='par_1_22' title="bbox 2159 642 3762 717">
     <span class='ocr_line' id='line_1_22' title="bbox 2159 642 3762 717; baseline 0.003 -20"><span class='ocrx_word' id='word_1_141' title='bbox 2159 644 2221 698; x_wconf 84' lang='grc' dir='ltr'>τὸ</span> <span class='ocrx_word' id='word_1_142' title='bbox 2241 645 2419 714; x_wconf 79' lang='grc' dir='ltr'>νόημα</span> <span class='ocrx_word' id='word_1_143' title='bbox 2443 645 2503 697; x_wconf 86' lang='grc' dir='ltr'>τὸ</span> <span class='ocrx_word' id='word_1_144' title='bbox 2525 644 2900 700; x_wconf 81' lang='grc' dir='ltr'>ἁποστολικόν.</span> <span class='ocrx_word' id='word_1_145' title='bbox 2946 645 3298 712; x_wconf 80' lang='grc' dir='ltr'>Ἀπαλλάξει,</span> <span class='ocrx_word' id='word_1_146' title='bbox 3326 647 3484 717; x_wconf 75' lang='grc' dir='ltr'>φησὶ,</span> <span class='ocrx_word' id='word_1_147' title='bbox 3516 648 3724 713; x_wconf 78' lang='grc' dir='ltr'><strong>τούτους</strong></span> <span class='ocrx_word' id='word_1_148' title='bbox 3759 642 3762 645; x_wconf 38' lang='grc'>⁷</span> 
     </span>
    </p>
   </div>
   <div class='ocr_carea' id='block_1_23' title="bbox 2157 734 3786 808">
    <p class='ocr_par' dir='ltr' id='par_1_23' title="bbox 2157 734 3786 808">
     <span class='ocr_line' id='line_1_23' title="bbox 2157 734 3786 808; baseline 0.004 -21"><span class='ocrx_word' id='word_1_149' title='bbox 2157 734 2253 787; x_wconf 89' lang='grc' dir='ltr'><strong>τοῦ</strong></span> <span class='ocrx_word' id='word_1_150' title='bbox 2279 735 2444 803; x_wconf 79' lang='grc' dir='ltr'>φόϐου</span> <span class='ocrx_word' id='word_1_151' title='bbox 2478 734 2573 788; x_wconf 87' lang='grc' dir='ltr'><strong>τοῦ</strong></span> <span class='ocrx_word' id='word_1_152' title='bbox 2608 734 2863 799; x_wconf 85' lang='grc' dir='ltr'>θανάτου,</span> <span class='ocrx_word' id='word_1_153' title='bbox 2890 735 2984 788; x_wconf 87' lang='grc' dir='ltr'><strong>τοῦ</strong></span> <span class='ocrx_word' id='word_1_154' title='bbox 3013 736 3354 808; x_wconf 83' lang='grc' dir='ltr'>άνυπαρξίαν</span> <span class='ocrx_word' id='word_1_155' title='bbox 3384 738 3569 802; x_wconf 80' lang='grc' dir='ltr'>αὐτοῖς</span> <span class='ocrx_word' id='word_1_156' title='bbox 3600 741 3725 793; x_wconf 85' lang='grc' dir='ltr'>ἁπο-</span> <span class='ocrx_word' id='word_1_157' title='bbox 3782 741 3786 745; x_wconf 83' lang='grc'><em>’</em></span> 
     </span>
    </p>
   </div>
   <div class='ocr_carea' id='block_1_24' title="bbox 2156 825 3716 899">
    <p class='ocr_par' dir='ltr' id='par_1_24' title="bbox 2156 825 3716 899">
     <span class='ocr_line' id='line_1_24' title="bbox 2156 825 3716 899; baseline 0.003 -20"><span class='ocrx_word' id='word_1_158' title='bbox 2156 826 2473 891; x_wconf 80' lang='grc' dir='ltr'><strong>τελοῦντος,</strong></span> <span class='ocrx_word' id='word_1_159' title='bbox 2511 826 2607 879; x_wconf 64' lang='grc' dir='ltr'><strong>καὶ¹</strong></span> <span class='ocrx_word' id='word_1_160' title='bbox 2662 826 2863 895; x_wconf 79' lang='grc' dir='ltr'>ἀγάγοι</span> <span class='ocrx_word' id='word_1_161' title='bbox 2916 829 2996 890; x_wconf 77' lang='grc' dir='ltr'><strong>είς</strong></span> <span class='ocrx_word' id='word_1_162' title='bbox 3034 827 3242 881; x_wconf 79' lang='grc' dir='ltr'>ἔννοιαν</span> <span class='ocrx_word' id='word_1_163' title='bbox 3286 825 3383 882; x_wconf 87' lang='grc' dir='ltr'><strong>τοῦ</strong></span> <span class='ocrx_word' id='word_1_164' title='bbox 3442 831 3580 899; x_wconf 77' lang='grc' dir='ltr'>μετὰ</span> <span class='ocrx_word' id='word_1_165' title='bbox 3623 831 3716 899; x_wconf 78' lang='grc' dir='ltr'>τὴν</span> 
     </span>
    </p>
   </div>
   <div class='ocr_carea' id='block_1_25' title="bbox 2156 917 3725 993">
    <p class='ocr_par' dir='ltr' id='par_1_25' title="bbox 2156 917 3725 993">
     <span class='ocr_line' id='line_1_25' title="bbox 2156 917 3725 993; baseline 0.004 -22"><span class='ocrx_word' id='word_1_166' title='bbox 2156 919 2410 973; x_wconf 76' lang='grc' dir='ltr'>ἐντεῦθεν</span> <span class='ocrx_word' id='word_1_167' title='bbox 2478 919 2736 990; x_wconf 81' lang='grc' dir='ltr'>τελευτὴν</span> <span class='ocrx_word' id='word_1_168' title='bbox 2835 920 3132 975; x_wconf 82' lang='grc' dir='ltr'><strong>ἀδεκάστου</strong></span> <span class='ocrx_word' id='word_1_169' title='bbox 3201 922 3569 993; x_wconf 81' lang='grc' dir='ltr'><strong>δικαστηρίου.</strong></span> <span class='ocrx_word' id='word_1_170' title='bbox 3629 917 3725 977; x_wconf 76' lang='grc' dir='ltr'><strong>Οὗ-</strong></span> 
     </span>
    </p>
   </div>
   <div class='ocr_carea' id='block_1_26' title="bbox 2148 1010 3725 1083">
    <p class='ocr_par' dir='ltr' id='par_1_26' title="bbox 2148 1010 3725 1083">
     <span class='ocr_line' id='line_1_26' title="bbox 2148 1010 3725 1083; baseline 0.004 -21"><span class='ocrx_word' id='word_1_171' title='bbox 2148 1027 2235 1062; x_wconf 85' lang='grc' dir='ltr'><strong>τοι</strong></span> <span class='ocrx_word' id='word_1_172' title='bbox 2266 1010 2375 1079; x_wconf 78' lang='grc'><strong>(70)</strong></span> <span class='ocrx_word' id='word_1_173' title='bbox 2415 1010 2525 1080; x_wconf 83' lang='grc' dir='ltr'><strong>γάρ</strong></span> <span class='ocrx_word' id='word_1_174' title='bbox 2566 1012 2791 1079; x_wconf 75' lang='grc' dir='ltr'>ἄσμενοι</span> <span class='ocrx_word' id='word_1_175' title='bbox 2824 1011 2924 1081; x_wconf 81' lang='grc' dir='ltr'>τὴν</span> <span class='ocrx_word' id='word_1_176' title='bbox 2967 1011 3060 1063; x_wconf 77' lang='grc' dir='ltr'><strong>ἐπὶ</strong></span> <span class='ocrx_word' id='word_1_177' title='bbox 3091 1011 3189 1081; x_wconf 77' lang='grc' dir='ltr'>τὴν</span> <span class='ocrx_word' id='word_1_178' title='bbox 3220 1013 3423 1083; x_wconf 83' lang='grc' dir='ltr'>ἀρετὴν</span> <span class='ocrx_word' id='word_1_179' title='bbox 3463 1015 3725 1083; x_wconf 80' lang='grc' dir='ltr'><strong>φέρουσαν</strong></span> 
     </span>
    </p>
   </div>
   <div class='ocr_carea' id='block_1_27' title="bbox 2153 1099 3723 1173">
    <p class='ocr_par' dir='ltr' id='par_1_27' title="bbox 2153 1099 3723 1173">
     <span class='ocr_line' id='line_1_27' title="bbox 2153 1099 3723 1173; baseline 0.002 -19"><span class='ocrx_word' id='word_1_180' title='bbox 2153 1099 2271 1154; x_wconf 79' lang='lat' dir='ltr'><strong>666v</strong></span> <span class='ocrx_word' id='word_1_181' title='bbox 2301 1100 2543 1173; x_wconf 68' lang='grc' dir='ltr'>ἔτρεχον,</span> <span class='ocrx_word' id='word_1_182' title='bbox 2572 1104 2641 1171; x_wconf 79' lang='grc' dir='ltr'>τῇ</span> <span class='ocrx_word' id='word_1_183' title='bbox 2685 1101 2861 1155; x_wconf 75' lang='grc' dir='ltr'>ἐλπίδι</span> <span class='ocrx_word' id='word_1_184' title='bbox 2888 1102 2998 1154; x_wconf 84' lang='grc' dir='ltr'><strong>τῶν</strong></span> <span class='ocrx_word' id='word_1_185' title='bbox 3034 1102 3315 1170; x_wconf 83' lang='grc' dir='ltr'>στεφάνων</span> <span class='ocrx_word' id='word_1_186' title='bbox 3346 1103 3723 1173; x_wconf 84' lang='grc' dir='ltr'>πτερούμενοι,</span> 
     </span>
    </p>
   </div>
   <div class='ocr_carea' id='block_1_28' title="bbox 2153 1191 3723 1264">
    <p class='ocr_par' dir='ltr' id='par_1_28' title="bbox 2153 1191 3723 1264">
     <span class='ocr_line' id='line_1_28' title="bbox 2153 1191 3723 1264; baseline 0.002 -19"><span class='ocrx_word' id='word_1_187' title='bbox 2153 1191 2249 1245; x_wconf 78' lang='grc' dir='ltr'>καὶ</span> <span class='ocrx_word' id='word_1_188' title='bbox 2275 1192 2374 1262; x_wconf 78' lang='grc' dir='ltr'>τὴν</span> <span class='ocrx_word' id='word_1_189' title='bbox 2408 1192 2680 1263; x_wconf 79' lang='grc' dir='ltr'><strong>ἁμαρτίαν</strong></span> <span class='ocrx_word' id='word_1_190' title='bbox 2716 1192 2967 1261; x_wconf 74' lang='grc' dir='ltr'>ἔφευγον,</span> <span class='ocrx_word' id='word_1_191' title='bbox 3001 1191 3083 1262; x_wconf 85' lang='grc' dir='ltr'>τῷ</span> <span class='ocrx_word' id='word_1_192' title='bbox 3111 1191 3263 1263; x_wconf 75' lang='grc' dir='ltr'>φόϐῳ</span> <span class='ocrx_word' id='word_1_193' title='bbox 3304 1192 3411 1245; x_wconf 85' lang='grc' dir='ltr'><strong>τῶν</strong></span> <span class='ocrx_word' id='word_1_194' title='bbox 3456 1196 3723 1264; x_wconf 75' lang='grc' dir='ltr'>ἐσομένων</span> 
     </span>
    </p>
   </div>
   <div class='ocr_carea' id='block_1_29' title="bbox 2152 1281 3723 1355">
    <p class='ocr_par' dir='ltr' id='par_1_29' title="bbox 2152 1281 3723 1355">
     <span class='ocr_line' id='line_1_29' title="bbox 2152 1281 3723 1355; baseline 0.001 -20"><span class='ocrx_word' id='word_1_195' title='bbox 2152 1281 2452 1353; x_wconf 80' lang='grc' dir='ltr'>τιμωριῶν.</span> <span class='ocrx_word' id='word_1_196' title='bbox 2494 1283 2558 1335; x_wconf 84' lang='lat' dir='ltr'><strong>El</strong></span> <span class='ocrx_word' id='word_1_197' title='bbox 2618 1282 2674 1335; x_wconf 81' lang='grc' dir='ltr'>δὲ</span> <span class='ocrx_word' id='word_1_198' title='bbox 2714 1284 2809 1335; x_wconf 75' lang='grc' dir='ltr'>καὶ</span> <span class='ocrx_word' id='word_1_199' title='bbox 2862 1284 2943 1347; x_wconf 77' lang='grc' dir='ltr'>εἰς</span> <span class='ocrx_word' id='word_1_200' title='bbox 2976 1283 3105 1336; x_wconf 78' lang='grc' dir='ltr'>ἄλλο</span> <span class='ocrx_word' id='word_1_201' title='bbox 3152 1284 3445 1354; x_wconf 73' lang='grc' dir='ltr'>ἐνθύμημα</span> <span class='ocrx_word' id='word_1_202' title='bbox 3481 1284 3667 1355; x_wconf 79' lang='grc' dir='ltr'>βλέπει</span> <span class='ocrx_word' id='word_1_203' title='bbox 3696 1287 3723 1337; x_wconf 86' lang='lat'><strong>6</strong></span> 
     </span>
    </p>
   </div>
   <div class='ocr_carea' id='block_1_30' title="bbox 2151 1370 3722 1444">
    <p class='ocr_par' dir='ltr' id='par_1_30' title="bbox 2151 1370 3722 1444">
     <span class='ocr_line' id='line_1_30' title="bbox 2151 1370 3722 1444; baseline 0.002 -21"><span class='ocrx_word' id='word_1_204' title='bbox 2151 1371 2274 1435; x_wconf 78' lang='grc' dir='ltr'>νοῦς</span> <span class='ocrx_word' id='word_1_205' title='bbox 2302 1374 2330 1423; x_wconf 92' lang='lat'><strong>6</strong></span> <span class='ocrx_word' id='word_1_206' title='bbox 2362 1370 2737 1433; x_wconf 78' lang='grc' dir='ltr'>ἁποστολικὸς,</span> <span class='ocrx_word' id='word_1_207' title='bbox 2772 1370 2873 1441; x_wconf 89' lang='grc' dir='ltr'><strong>τῆς</strong></span> <span class='ocrx_word' id='word_1_208' title='bbox 2904 1372 3173 1435; x_wconf 83' lang='grc' dir='ltr'>συνέσεως</span> <span class='ocrx_word' id='word_1_209' title='bbox 3201 1372 3302 1441; x_wconf 87' lang='grc' dir='ltr'><strong>τῆς</strong></span> <span class='ocrx_word' id='word_1_210' title='bbox 3333 1374 3432 1444; x_wconf 89' lang='grc' dir='ltr'><strong>σῆς</strong></span> <span class='ocrx_word' id='word_1_211' title='bbox 3466 1377 3583 1426; x_wconf 82' lang='grc' dir='ltr'>ὲστι</span> <span class='ocrx_word' id='word_1_212' title='bbox 3610 1376 3722 1442; x_wconf 82' lang='grc' dir='ltr'>κρῖ-</span> 
     </span>
    </p>
   </div>
   <div class='ocr_carea' id='block_1_31' title="bbox 2150 1461 3716 1535">
    <p class='ocr_par' dir='ltr' id='par_1_31' title="bbox 2150 1461 3716 1535">
     <span class='ocr_line' id='line_1_31' title="bbox 2150 1461 3716 1535; baseline 0.002 -22"><span class='ocrx_word' id='word_1_213' title='bbox 2150 1479 2258 1515; x_wconf 87' lang='grc' dir='ltr'>ναι.</span> <span class='ocrx_word' id='word_1_214' title='bbox 2315 1462 2472 1525; x_wconf 82' lang='grc' dir='ltr'><strong>Εἰκὸς</strong></span> <span class='ocrx_word' id='word_1_215' title='bbox 2508 1462 2617 1532; x_wconf 92' lang='lat'><strong>7&amp;9</strong></span> <span class='ocrx_word' id='word_1_216' title='bbox 2667 1461 2761 1514; x_wconf 84' lang='grc' dir='ltr'><strong>καί</strong></span> <span class='ocrx_word' id='word_1_217' title='bbox 2808 1479 2861 1514; x_wconf 89' lang='grc' dir='ltr'><strong>τι</strong></span> <span class='ocrx_word' id='word_1_218' title='bbox 2910 1462 3154 1516; x_wconf 83' lang='grc' dir='ltr'>τοιοῦτον</span> <span class='ocrx_word' id='word_1_219' title='bbox 3206 1464 3371 1517; x_wconf 76' lang='grc' dir='ltr'>αὐτὸν</span> <span class='ocrx_word' id='word_1_220' title='bbox 3416 1465 3716 1535; x_wconf 79' lang='grc' dir='ltr'><strong>ἐμφαίνειν·</strong></span> 
     </span>
    </p>
   </div>
   <div class='ocr_carea' id='block_1_32' title="bbox 2163 1551 3718 1626">
    <p class='ocr_par' dir='ltr' id='par_1_32' title="bbox 2163 1551 3718 1626">
     <span class='ocr_line' id='line_1_32' title="bbox 2163 1551 3718 1626; baseline 0.003 -22"><span class='ocrx_word' id='word_1_221' title='bbox 2163 1551 2379 1623; x_wconf 84' lang='grc' dir='ltr'><strong>Ἐπειδὴ</strong></span> <span class='ocrx_word' id='word_1_222' title='bbox 2409 1554 2592 1606; x_wconf 72' lang='grc' dir='ltr'>πολλοὶ</span> <span class='ocrx_word' id='word_1_223' title='bbox 2616 1554 2708 1608; x_wconf 83' lang='grc' dir='ltr'>τὸν</span> <span class='ocrx_word' id='word_1_224' title='bbox 2737 1553 2966 1608; x_wconf 85' lang='grc' dir='ltr'>θάνατον</span> <span class='ocrx_word' id='word_1_225' title='bbox 2988 1555 3236 1619; x_wconf 82' lang='grc' dir='ltr'>δεδιότες,</span> <span class='ocrx_word' id='word_1_226' title='bbox 3270 1557 3345 1619; x_wconf 87' lang='grc' dir='ltr'>ὡς</span> <span class='ocrx_word' id='word_1_227' title='bbox 3368 1558 3449 1618; x_wconf 85' lang='grc' dir='ltr'><strong>είς</strong></span> <span class='ocrx_word' id='word_1_228' title='bbox 3478 1558 3718 1626; x_wconf 87' lang='grc' dir='ltr'>άνυπαρ-</span> 
     </span>
    </p>
   </div>
   <div class='ocr_carea' id='block_1_33' title="bbox 2151 1642 3720 1718">
    <p class='ocr_par' dir='ltr' id='par_1_33' title="bbox 2151 1642 3720 1718">
     <span class='ocr_line' id='line_1_33' title="bbox 2151 1642 3720 1718; baseline 0.004 -24"><span class='ocrx_word' id='word_1_229' title='bbox 2151 1642 2267 1706; x_wconf 84' lang='grc' dir='ltr'>ξίαν</span> <span class='ocrx_word' id='word_1_230' title='bbox 2307 1644 2780 1714; x_wconf 86' lang='grc' dir='ltr'>παραπέμποντα,</span> <span class='ocrx_word' id='word_1_231' title='bbox 2840 1644 3009 1699; x_wconf 81' lang='grc' dir='ltr'>πολλὰ</span> <span class='ocrx_word' id='word_1_232' title='bbox 3059 1646 3153 1699; x_wconf 81' lang='grc' dir='ltr'>καὶ</span> <span class='ocrx_word' id='word_1_233' title='bbox 3188 1647 3339 1717; x_wconf 83' lang='grc' dir='ltr'>παρὰ</span> <span class='ocrx_word' id='word_1_234' title='bbox 3370 1646 3597 1718; x_wconf 80' lang='grc' dir='ltr'>γνώμην</span> <span class='ocrx_word' id='word_1_235' title='bbox 3634 1648 3720 1700; x_wconf 80' lang='grc' dir='ltr'>καὶ</span> 
     </span>
    </p>
   </div>
   <div class='ocr_carea' id='block_1_34' title="bbox 479 1724 2044 1807">
    <p class='ocr_par' dir='ltr' id='par_1_34' title="bbox 479 1732 2044 1804">
     <span class='ocr_line' id='line_1_34' title="bbox 479 1732 2044 1804; baseline 0.002 -19"><span class='ocrx_word' id='word_1_236' title='bbox 479 1732 579 1785; x_wconf 88' lang='lat' dir='ltr'><strong>alis</strong></span> <span class='ocrx_word' id='word_1_237' title='bbox 610 1732 761 1786; x_wconf 81' lang='lat' dir='ltr'><strong>fuere</strong></span> <span class='ocrx_word' id='word_1_238' title='bbox 794 1732 1057 1799; x_wconf 85' lang='lat' dir='ltr'><strong>subvecti,</strong></span> <span class='ocrx_word' id='word_1_239' title='bbox 1088 1740 1144 1788; x_wconf 84' lang='lat' dir='ltr'><strong>et</strong></span> <span class='ocrx_word' id='word_1_240' title='bbox 1171 1742 1453 1804; x_wconf 87' lang='lat' dir='ltr'><strong>peccatum</strong></span> <span class='ocrx_word' id='word_1_241' title='bbox 1487 1734 1760 1804; x_wconf 77' lang='lat' dir='ltr'><strong>fugerunt,</strong></span> <span class='ocrx_word' id='word_1_242' title='bbox 1795 1745 1938 1789; x_wconf 87' lang='lat' dir='ltr'><strong>metu</strong></span> <span class='ocrx_word' id='word_1_243' title='bbox 1971 1733 2044 1788; x_wconf 81' lang='lat' dir='ltr'><strong>fu-</strong></span> 
     </span>
    </p>
   </div>
   <div class='ocr_carea' id='block_1_35' title="bbox 2145 1724 3718 1807">
    <p class='ocr_par' dir='ltr' id='par_1_35' title="bbox 2145 1734 3718 1807">
     <span class='ocr_line' id='line_1_35' title="bbox 2145 1734 3718 1807; baseline 0.001 -21"><span class='ocrx_word' id='word_1_244' title='bbox 2145 1734 2342 1804; x_wconf 80' lang='grc' dir='ltr'>δρᾶσαι</span> <span class='ocrx_word' id='word_1_245' title='bbox 2378 1734 2470 1785; x_wconf 74' lang='grc' dir='ltr'><strong>καὶ</strong></span> <span class='ocrx_word' id='word_1_246' title='bbox 2500 1734 2692 1786; x_wconf 80' lang='grc' dir='ltr'>παθεῖν</span> <span class='ocrx_word' id='word_1_247' title='bbox 2718 1734 2921 1803; x_wconf 79' lang='grc' dir='ltr'>αἰσχρὰ</span> <span class='ocrx_word' id='word_1_248' title='bbox 2956 1734 3251 1805; x_wconf 81' lang='grc' dir='ltr'>ὑπέμενον,</span> <span class='ocrx_word' id='word_1_249' title='bbox 3285 1736 3371 1789; x_wconf 79' lang='grc' dir='ltr'>ἵνα</span> <span class='ocrx_word' id='word_1_250' title='bbox 3400 1736 3510 1807; x_wconf 84' lang='grc'>(71)</span> <span class='ocrx_word' id='word_1_251' title='bbox 3538 1738 3615 1807; x_wconf 79' lang='grc' dir='ltr'>μὴ</span> <span class='ocrx_word' id='word_1_252' title='bbox 3644 1753 3718 1787; x_wconf 83' lang='grc' dir='ltr'>τι·</span> 
     </span>
    </p>
   </div>
   <div class='ocr_carea' id='block_1_36' title="bbox 481 1821 2047 1892">
    <p class='ocr_par' dir='ltr' id='par_1_36' title="bbox 481 1821 2047 1892">
     <span class='ocr_line' id='line_1_36' title="bbox 481 1821 2047 1892; baseline 0.002 -18"><span class='ocrx_word' id='word_1_253' title='bbox 481 1831 726 1875; x_wconf 87' lang='lat' dir='ltr'><strong>turorum</strong></span> <span class='ocrx_word' id='word_1_254' title='bbox 763 1821 1167 1892; x_wconf 86' lang='lat' dir='ltr'><strong>suppliciorum.</strong></span> <span class='ocrx_word' id='word_1_255' title='bbox 1211 1824 1362 1891; x_wconf 87' lang='lat' dir='ltr'><strong>Quod</strong></span> <span class='ocrx_word' id='word_1_256' title='bbox 1387 1825 1431 1879; x_wconf 91' lang='lat' dir='ltr'><strong>si</strong></span> <span class='ocrx_word' id='word_1_257' title='bbox 1463 1826 1625 1879; x_wconf 83' lang='lat' dir='ltr'><strong>etiam</strong></span> <span class='ocrx_word' id='word_1_258' title='bbox 1660 1826 1823 1880; x_wconf 87' lang='lat' dir='ltr'><strong>aliam</strong></span> <span class='ocrx_word' id='word_1_259' title='bbox 1852 1841 2047 1892; x_wconf 87' lang='lat' dir='ltr'><strong>quam-</strong></span> 
     </span>
    </p>
   </div>
   <div class='ocr_carea' id='block_1_37' title="bbox 481 1912 2048 1981">
    <p class='ocr_par' dir='ltr' id='par_1_37' title="bbox 481 1912 2048 1981">
     <span class='ocr_line' id='line_1_37' title="bbox 481 1912 2048 1981; baseline 0.001 -15"><span class='ocrx_word' id='word_1_260' title='bbox 481 1915 600 1966; x_wconf 86' lang='lat' dir='ltr'><strong>dam</strong></span> <span class='ocrx_word' id='word_1_261' title='bbox 648 1912 1032 1980; x_wconf 83' lang='lat' dir='ltr'><strong>cogitationem</strong></span> <span class='ocrx_word' id='word_1_262' title='bbox 1086 1913 1305 1981; x_wconf 88' lang='lat' dir='ltr'><strong>respicit</strong></span> <span class='ocrx_word' id='word_1_263' title='bbox 1353 1928 1508 1968; x_wconf 91' lang='lat' dir='ltr'><strong>mens</strong></span> <span class='ocrx_word' id='word_1_264' title='bbox 1551 1914 1886 1981; x_wconf 86' lang='lat' dir='ltr'><strong>apostolica,</strong></span> <span class='ocrx_word' id='word_1_265' title='bbox 1942 1925 2048 1968; x_wconf 72' lang='lat' dir='ltr'><strong>tuae</strong></span> 
     </span>
    </p>
   </div>
   <div class='ocr_carea' id='block_1_38' title="bbox 478 2002 2043 2074">
    <p class='ocr_par' dir='ltr' id='par_1_38' title="bbox 478 2002 2043 2074">
     <span class='ocr_line' id='line_1_38' title="bbox 478 2002 2043 2074; baseline 0.002 -19"><span class='ocrx_word' id='word_1_266' title='bbox 478 2003 776 2071; x_wconf 69' lang='lat' dir='ltr'><strong>prudentia:</strong></span> <span class='ocrx_word' id='word_1_267' title='bbox 808 2004 914 2057; x_wconf 88' lang='lat' dir='ltr'><strong>erit</strong></span> <span class='ocrx_word' id='word_1_268' title='bbox 950 2002 1214 2072; x_wconf 83' lang='lat' dir='ltr'><strong>judicare.</strong></span> <span class='ocrx_word' id='word_1_269' title='bbox 1256 2002 1343 2057; x_wconf 84' lang='lat' dir='ltr'><strong>Fit</strong></span> <span class='ocrx_word' id='word_1_270' title='bbox 1375 2004 1518 2058; x_wconf 91' lang='lat' dir='ltr'><strong>enim</strong></span> <span class='ocrx_word' id='word_1_271' title='bbox 1550 2005 1868 2070; x_wconf 88' lang='lat' dir='ltr'><strong>verisimile,</strong></span> <span class='ocrx_word' id='word_1_272' title='bbox 1900 2006 2043 2074; x_wconf 89' lang='lat' dir='ltr'><strong>quod</strong></span> 
     </span>
    </p>
   </div>
   <div class='ocr_carea' id='block_1_39' title="bbox 478 2092 2043 2164">
    <p class='ocr_par' dir='ltr' id='par_1_39' title="bbox 478 2092 2043 2164">
     <span class='ocr_line' id='line_1_39' title="bbox 478 2092 2043 2164; baseline 0.001 -19"><span class='ocrx_word' id='word_1_273' title='bbox 478 2093 584 2147; x_wconf 84' lang='lat' dir='ltr'><strong>tale</strong></span> <span class='ocrx_word' id='word_1_274' title='bbox 617 2094 778 2147; x_wconf 88' lang='lat' dir='ltr'><strong>etiam</strong></span> <span class='ocrx_word' id='word_1_275' title='bbox 808 2092 1063 2161; x_wconf 82' lang='lat' dir='ltr'><strong>quiddam</strong></span> <span class='ocrx_word' id='word_1_276' title='bbox 1092 2094 1357 2164; x_wconf 77' lang='lat' dir='ltr'><strong>signiﬁcet</strong></span> <span class='ocrx_word' id='word_1_277' title='bbox 1387 2112 1401 2149; x_wconf 89' lang='lat'>:</span> <span class='ocrx_word' id='word_1_278' title='bbox 1441 2094 1579 2161; x_wconf 82' lang='lat' dir='ltr'><strong>Quia</strong></span> <span class='ocrx_word' id='word_1_279' title='bbox 1608 2095 1760 2149; x_wconf 92' lang='lat' dir='ltr'><strong>multi</strong></span> <span class='ocrx_word' id='word_1_280' title='bbox 1790 2107 2043 2158; x_wconf 91' lang='lat' dir='ltr'><strong>mortem,</strong></span> 
     </span>
    </p>
   </div>
   <div class='ocr_carea' id='block_1_40' title="bbox 476 2170 2042 2254">
    <p class='ocr_par' dir='ltr' id='par_1_40' title="bbox 476 2170 2042 2254">
     <span class='ocr_line' id='line_1_40' title="bbox 476 2170 2042 2254; baseline 0.001 -17"><span class='ocrx_word' id='word_1_281' title='bbox 476 2193 672 2252; x_wconf 76' lang='lat' dir='ltr'><strong>utquze</strong></span> <span class='ocrx_word' id='word_1_282' title='bbox 700 2185 752 2238; x_wconf 92' lang='lat' dir='ltr'><strong>iu</strong></span> <span class='ocrx_word' id='word_1_283' title='bbox 783 2170 1009 2238; x_wconf 84' lang='lat' dir='ltr'><strong>nihilum</strong></span> <span class='ocrx_word' id='word_1_284' title='bbox 1038 2198 1268 2254; x_wconf 90' lang='lat' dir='ltr'><strong>prorsus</strong></span> <span class='ocrx_word' id='word_1_285' title='bbox 1284 2200 1377 2240; x_wconf 88' lang='lat' dir='ltr'><strong>eos</strong></span> <span class='ocrx_word' id='word_1_286' title='bbox 1397 2187 1683 2254; x_wconf 83' lang='lat' dir='ltr'><strong>redigeret,</strong></span> <span class='ocrx_word' id='word_1_287' title='bbox 1718 2196 2042 2250; x_wconf 86' lang='lat' dir='ltr'><strong>metuentes,</strong></span> 
     </span>
    </p>
   </div>
   <div class='ocr_carea' id='block_1_41' title="bbox 477 2274 2043 2347">
    <p class='ocr_par' dir='ltr' id='par_1_41' title="bbox 477 2274 2043 2347">
     <span class='ocr_line' id='line_1_41' title="bbox 477 2274 2043 2347; baseline 0.002 -19"><span class='ocrx_word' id='word_1_288' title='bbox 477 2274 641 2328; x_wconf 88' lang='lat' dir='ltr'><strong>multa</strong></span> <span class='ocrx_word' id='word_1_289' title='bbox 657 2275 822 2329; x_wconf 85' lang='lat' dir='ltr'><strong>etiam</strong></span> <span class='ocrx_word' id='word_1_290' title='bbox 838 2284 1024 2330; x_wconf 86' lang='lat' dir='ltr'><strong>contra</strong></span> <span class='ocrx_word' id='word_1_291' title='bbox 1043 2276 1204 2330; x_wconf 90' lang='lat' dir='ltr'><strong>animi</strong></span> <span class='ocrx_word' id='word_1_292' title='bbox 1227 2277 1547 2330; x_wconf 87' lang='lat' dir='ltr'><strong>sententiam</strong></span> <span class='ocrx_word' id='word_1_293' title='bbox 1566 2288 1671 2330; x_wconf 90' lang='lat' dir='ltr'><strong>tam</strong></span> <span class='ocrx_word' id='word_1_294' title='bbox 1693 2278 1868 2331; x_wconf 80' lang='lat' dir='ltr'><strong>facere</strong></span> <span class='ocrx_word' id='word_1_295' title='bbox 1882 2294 2043 2347; x_wconf 88' lang='lat' dir='ltr'><strong>quam</strong></span> 
     </span>
    </p>
   </div>
   <div class='ocr_carea' id='block_1_42' title="bbox 477 2364 2045 2437">
    <p class='ocr_par' dir='ltr' id='par_1_42' title="bbox 477 2364 2045 2437">
     <span class='ocr_line' id='line_1_42' title="bbox 477 2364 2045 2437; baseline 0.004 -20"><span class='ocrx_word' id='word_1_296' title='bbox 477 2366 585 2433; x_wconf 90' lang='lat' dir='ltr'><strong>pati</strong></span> <span class='ocrx_word' id='word_1_297' title='bbox 622 2364 795 2433; x_wconf 88' lang='lat' dir='ltr'><strong>turpia</strong></span> <span class='ocrx_word' id='word_1_298' title='bbox 824 2366 1215 2431; x_wconf 89' lang='lat' dir='ltr'><strong>sustinuerunt,</strong></span> <span class='ocrx_word' id='word_1_299' title='bbox 1242 2382 1307 2421; x_wconf 90' lang='lat' dir='ltr'><strong>ne</strong></span> <span class='ocrx_word' id='word_1_300' title='bbox 1326 2368 1622 2422; x_wconf 85' lang='lat' dir='ltr'><strong>videliceta</strong></span> <span class='ocrx_word' id='word_1_301' title='bbox 1650 2369 2045 2437; x_wconf 86' lang='lat' dir='ltr'><strong>potentioribus</strong></span> 
     </span>
    </p>
   </div>
   <div class='ocr_carea' id='block_1_43' title="bbox 477 2456 2042 2527">
    <p class='ocr_par' dir='ltr' id='par_1_43' title="bbox 477 2456 2042 2527">
     <span class='ocr_line' id='line_1_43' title="bbox 477 2456 2042 2527; baseline 0.003 -19"><span class='ocrx_word' id='word_1_302' title='bbox 477 2456 798 2525; x_wconf 88' lang='lat' dir='ltr'><strong>punirentur</strong></span> <span class='ocrx_word' id='word_1_303' title='bbox 822 2458 1091 2527; x_wconf 83' lang='lat' dir='ltr'><strong>(amantes</strong></span> <span class='ocrx_word' id='word_1_304' title='bbox 1119 2457 1286 2521; x_wconf 91' lang='lat' dir='ltr'><strong>enim,</strong></span> <span class='ocrx_word' id='word_1_305' title='bbox 1305 2468 1359 2511; x_wconf 93' lang='lat' dir='ltr'><strong>et</strong></span> <span class='ocrx_word' id='word_1_306' title='bbox 1388 2472 1610 2527; x_wconf 83' lang='lat' dir='ltr'><strong>scopum</strong></span> <span class='ocrx_word' id='word_1_307' title='bbox 1645 2473 1750 2513; x_wconf 89' lang='lat' dir='ltr'><strong>non</strong></span> <span class='ocrx_word' id='word_1_308' title='bbox 1782 2460 2042 2525; x_wconf 84' lang='lat' dir='ltr'><strong>assecuti,</strong></span> 
     </span>
    </p>
   </div>
   <div class='ocr_carea' id='block_1_44' title="bbox 475 2547 2041 2619">
    <p class='ocr_par' dir='ltr' id='par_1_44' title="bbox 475 2547 2041 2619">
     <span class='ocr_line' id='line_1_44' title="bbox 475 2547 2041 2619; baseline 0.003 -18"><span class='ocrx_word' id='word_1_309' title='bbox 475 2548 627 2602; x_wconf 90' lang='lat' dir='ltr'><strong>dolos</strong></span> <span class='ocrx_word' id='word_1_310' title='bbox 657 2556 821 2617; x_wconf 88' lang='lat' dir='ltr'><strong>atque</strong></span> <span class='ocrx_word' id='word_1_311' title='bbox 851 2547 1076 2602; x_wconf 89' lang='lat' dir='ltr'><strong>insidias</strong></span> <span class='ocrx_word' id='word_1_312' title='bbox 1110 2555 1339 2603; x_wconf 90' lang='lat' dir='ltr'><strong>mortem</strong></span> <span class='ocrx_word' id='word_1_313' title='bbox 1377 2550 1650 2619; x_wconf 89' lang='lat' dir='ltr'><strong>parientes</strong></span> <span class='ocrx_word' id='word_1_314' title='bbox 1685 2557 1997 2605; x_wconf 80' lang='lat' dir='ltr'><strong>struxerunt</strong></span> <span class='ocrx_word' id='word_1_315' title='bbox 2026 2566 2041 2605; x_wconf 91' lang='lat'><strong>:</strong></span> 
     </span>
    </p>
   </div>
   <div class='ocr_carea' id='block_1_45' title="bbox 2148 1824 3715 1898">
    <p class='ocr_par' dir='ltr' id='par_1_45' title="bbox 2148 1824 3715 1898">
     <span class='ocr_line' id='line_1_45' title="bbox 2148 1824 3715 1898; baseline 0 -21"><span class='ocrx_word' id='word_1_316' title='bbox 2148 1824 2456 1895; x_wconf 84' lang='grc' dir='ltr'>μωρηθεῖεν</span> <span class='ocrx_word' id='word_1_317' title='bbox 2506 1825 2657 1895; x_wconf 69' lang='grc' dir='ltr'>παρὰ</span> <span class='ocrx_word' id='word_1_318' title='bbox 2699 1825 2807 1877; x_wconf 86' lang='grc' dir='ltr'>τῶν</span> <span class='ocrx_word' id='word_1_319' title='bbox 2850 1826 3234 1896; x_wconf 84' lang='grc' dir='ltr'><strong>δυνατωτέρων</strong></span> <span class='ocrx_word' id='word_1_320' title='bbox 3284 1826 3550 1898; x_wconf 76' lang='grc' dir='ltr'>(ἐρῶντες</span> <span class='ocrx_word' id='word_1_321' title='bbox 3591 1826 3715 1897; x_wconf 85' lang='grc' dir='ltr'>γάρ,</span> 
     </span>
    </p>
   </div>
   <div class='ocr_carea' id='block_1_46' title="bbox 2144 1916 3716 1986">
    <p class='ocr_par' dir='ltr' id='par_1_46' title="bbox 2144 1916 3716 1986">
     <span class='ocr_line' id='line_1_46' title="bbox 2144 1916 3716 1986; baseline 0.003 -19"><span class='ocrx_word' id='word_1_322' title='bbox 2144 1916 2240 1967; x_wconf 72' lang='grc' dir='ltr'>καὶ</span> <span class='ocrx_word' id='word_1_323' title='bbox 2280 1917 2354 1986; x_wconf 82' lang='grc' dir='ltr'>μὴ</span> <span class='ocrx_word' id='word_1_324' title='bbox 2382 1918 2745 1986; x_wconf 84' lang='grc' dir='ltr'>τυγχάνοντες</span> <span class='ocrx_word' id='word_1_325' title='bbox 2773 1917 2867 1971; x_wconf 85' lang='grc' dir='ltr'><strong>τοῦ</strong></span> <span class='ocrx_word' id='word_1_326' title='bbox 2900 1917 3127 1984; x_wconf 79' lang='grc' dir='ltr'>σκοποῦ,</span> <span class='ocrx_word' id='word_1_327' title='bbox 3160 1919 3345 1981; x_wconf 80' lang='grc' dir='ltr'>δόλους</span> <span class='ocrx_word' id='word_1_328' title='bbox 3377 1920 3469 1971; x_wconf 80' lang='grc' dir='ltr'>καὶ</span> <span class='ocrx_word' id='word_1_329' title='bbox 3498 1919 3716 1972; x_wconf 74' lang='grc' dir='ltr'>ἐπιϐου-</span> 
     </span>
    </p>
   </div>
   <div class='ocr_carea' id='block_1_47' title="bbox 2141 2004 3715 2079">
    <p class='ocr_par' dir='ltr' id='par_1_47' title="bbox 2141 2004 3715 2079">
     <span class='ocr_line' id='line_1_47' title="bbox 2141 2004 3715 2079; baseline 0.003 -22"><span class='ocrx_word' id='word_1_330' title='bbox 2141 2006 2239 2069; x_wconf 80' lang='grc' dir='ltr'><strong>λάς</strong></span> <span class='ocrx_word' id='word_1_331' title='bbox 2268 2004 2494 2061; x_wconf 83' lang='grc' dir='ltr'>Θάνατον</span> <span class='ocrx_word' id='word_1_332' title='bbox 2519 2007 2804 2071; x_wconf 85' lang='grc' dir='ltr'>τίκτοντας</span> <span class='ocrx_word' id='word_1_333' title='bbox 2831 2009 3254 2074; x_wconf 76' lang='grc' dir='ltr'>κατεσκεύαζον,</span> <span class='ocrx_word' id='word_1_334' title='bbox 3286 2009 3362 2072; x_wconf 87' lang='grc' dir='ltr'><strong>ὡς</strong></span> <span class='ocrx_word' id='word_1_335' title='bbox 3404 2008 3624 2079; x_wconf 87' lang='grc' dir='ltr'>δηλοῦσι</span> <span class='ocrx_word' id='word_1_336' title='bbox 3651 2008 3715 2062; x_wconf 77' lang='grc' dir='ltr'><strong>τά</strong></span> 
     </span>
    </p>
   </div>
   <div class='ocr_carea' id='block_1_48' title="bbox 2144 2098 3714 2173">
    <p class='ocr_par' dir='ltr' id='par_1_48' title="bbox 2144 2098 3714 2173">
     <span class='ocr_line' id='line_1_48' title="bbox 2144 2098 3714 2173; baseline 0.002 -23"><span class='ocrx_word' id='word_1_337' title='bbox 2144 2098 2285 2151; x_wconf 82' lang='grc' dir='ltr'>κατά</span> <span class='ocrx_word' id='word_1_338' title='bbox 2310 2099 2401 2152; x_wconf 83' lang='grc' dir='ltr'>τὸν</span> <span class='ocrx_word' id='word_1_339' title='bbox 2440 2099 2657 2170; x_wconf 78' lang='grc' dir='ltr'>Ἰωσὴφ,</span> <span class='ocrx_word' id='word_1_340' title='bbox 2684 2100 2719 2170; x_wconf 82' lang='grc' dir='ltr'><strong>ἥ</strong></span> <span class='ocrx_word' id='word_1_341' title='bbox 2750 2118 2810 2153; x_wconf 90' lang='grc' dir='ltr'><strong>τε</strong></span> <span class='ocrx_word' id='word_1_342' title='bbox 2832 2100 2973 2154; x_wconf 79' lang='grc' dir='ltr'>κατὰ</span> <span class='ocrx_word' id='word_1_343' title='bbox 3000 2101 3099 2173; x_wconf 84' lang='grc' dir='ltr'>τὴν</span> <span class='ocrx_word' id='word_1_344' title='bbox 3123 2102 3407 2155; x_wconf 83' lang='grc' dir='ltr'>Σωσάνναν</span> <span class='ocrx_word' id='word_1_345' title='bbox 3436 2102 3678 2171; x_wconf 83' lang='grc' dir='ltr'>ἱστορία)</span> <span class='ocrx_word' id='word_1_346' title='bbox 3702 2116 3714 2128; x_wconf 90' lang='grc'>·</span> 
     </span>
    </p>
   </div>
   <div class='ocr_carea' id='block_1_49' title="bbox 2138 2183 3717 2263">
    <p class='ocr_par' dir='ltr' id='par_1_49' title="bbox 2138 2183 3717 2263">
     <span class='ocr_line' id='line_1_49' title="bbox 2138 2183 3717 2263; baseline 0.001 -21"><span class='ocrx_word' id='word_1_347' title='bbox 2138 2183 2242 2260; x_wconf 83' lang='grc' dir='ltr'>ἦκε</span> <span class='ocrx_word' id='word_1_348' title='bbox 2279 2190 2583 2243; x_wconf 79' lang='grc' dir='ltr'>παιδεύσων</span> <span class='ocrx_word' id='word_1_349' title='bbox 2611 2192 2737 2255; x_wconf 81' lang='grc' dir='ltr'>τοὺς</span> <span class='ocrx_word' id='word_1_350' title='bbox 2766 2191 3106 2263; x_wconf 75' lang='grc' dir='ltr'>ἀνθρώπους,</span> <span class='ocrx_word' id='word_1_351' title='bbox 3133 2194 3214 2246; x_wconf 88' lang='grc' dir='ltr'>ὃτι</span> <span class='ocrx_word' id='word_1_352' title='bbox 3243 2194 3271 2245; x_wconf 87' lang='grc' dir='ltr'>ὁ</span> <span class='ocrx_word' id='word_1_353' title='bbox 3301 2194 3530 2255; x_wconf 83' lang='grc' dir='ltr'>θάνατος</span> <span class='ocrx_word' id='word_1_354' title='bbox 3574 2194 3717 2263; x_wconf 72' lang='grc' dir='ltr'>αἱρε-</span> 
     </span>
    </p>
   </div>
   <div class='ocr_carea' id='block_1_50' title="bbox 2138 2280 3717 2355">
    <p class='ocr_par' dir='ltr' id='par_1_50' title="bbox 2138 2280 3717 2355">
     <span class='ocr_line' id='line_1_50' title="bbox 2138 2280 3717 2355; baseline 0.002 -23"><span class='ocrx_word' id='word_1_355' title='bbox 2138 2280 2375 2351; x_wconf 81' lang='grc' dir='ltr'>τώτερός</span> <span class='ocrx_word' id='word_1_356' title='bbox 2402 2283 2521 2334; x_wconf 80' lang='grc' dir='ltr'>ἐστι</span> <span class='ocrx_word' id='word_1_357' title='bbox 2553 2282 2653 2352; x_wconf 88' lang='grc' dir='ltr'><strong>τῆς</strong></span> <span class='ocrx_word' id='word_1_358' title='bbox 2679 2283 2897 2347; x_wconf 83' lang='grc' dir='ltr'>κακίας,</span> <span class='ocrx_word' id='word_1_359' title='bbox 2928 2283 3023 2337; x_wconf 71' lang='grc' dir='ltr'><strong>καὶ</strong></span> <span class='ocrx_word' id='word_1_360' title='bbox 3050 2284 3154 2355; x_wconf 81' lang='grc' dir='ltr'><strong>χρὴ</strong></span> <span class='ocrx_word' id='word_1_361' title='bbox 3184 2284 3383 2354; x_wconf 81' lang='grc' dir='ltr'>μᾶλλον</span> <span class='ocrx_word' id='word_1_362' title='bbox 3406 2284 3597 2337; x_wconf 80' lang='grc' dir='ltr'>τοῦτον</span> <span class='ocrx_word' id='word_1_363' title='bbox 3624 2301 3717 2336; x_wconf 89' lang='grc' dir='ltr'>κα-</span> 
     </span>
    </p>
   </div>
   <div class='ocr_carea' id='block_1_51' title="bbox 2138 2371 3716 2444">
    <p class='ocr_par' dir='ltr' id='par_1_51' title="bbox 2138 2371 3716 2444">
     <span class='ocr_line' id='line_1_51' title="bbox 2138 2371 3716 2444; baseline 0.002 -21"><span class='ocrx_word' id='word_1_364' title='bbox 2138 2371 2478 2441; x_wconf 81' lang='grc' dir='ltr'>ταδέχεσθαι,</span> <span class='ocrx_word' id='word_1_365' title='bbox 2513 2373 2547 2443; x_wconf 66' lang='lat' dir='ltr'><strong>ﬁ</strong></span> <span class='ocrx_word' id='word_1_366' title='bbox 2589 2389 2641 2425; x_wconf 90' lang='grc' dir='ltr'><strong>τι</strong></span> <span class='ocrx_word' id='word_1_367' title='bbox 2670 2373 2782 2425; x_wconf 80' lang='grc' dir='ltr'>τῶν</span> <span class='ocrx_word' id='word_1_368' title='bbox 2824 2376 3120 2444; x_wconf 73' lang='grc' dir='ltr'>αἰσχίστων</span> <span class='ocrx_word' id='word_1_369' title='bbox 3162 2375 3359 2444; x_wconf 82' lang='grc' dir='ltr'>δρᾶσαί</span> <span class='ocrx_word' id='word_1_370' title='bbox 3395 2392 3455 2428; x_wconf 86' lang='grc' dir='ltr'><strong>τε</strong></span> <span class='ocrx_word' id='word_1_371' title='bbox 3486 2376 3581 2427; x_wconf 72' lang='grc' dir='ltr'>καὶ</span> <span class='ocrx_word' id='word_1_372' title='bbox 3616 2392 3716 2429; x_wconf 87' lang='grc' dir='ltr'>πα-</span> 
     </span>
    </p>
   </div>
   <div class='ocr_carea' id='block_1_52' title="bbox 2140 2462 3713 2536">
    <p class='ocr_par' dir='ltr' id='par_1_52' title="bbox 2140 2462 3713 2536">
     <span class='ocr_line' id='line_1_52' title="bbox 2140 2462 3713 2536; baseline 0.001 -22"><span class='ocrx_word' id='word_1_373' title='bbox 2140 2462 2272 2516; x_wconf 84' lang='grc' dir='ltr'>θεῖν.</span> <span class='ocrx_word' id='word_1_374' title='bbox 2311 2463 2368 2516; x_wconf 82' lang='grc' dir='ltr'><strong>Ὀ</strong></span> <span class='ocrx_word' id='word_1_375' title='bbox 2409 2463 2510 2534; x_wconf 84' lang='grc' dir='ltr'>μὲν</span> <span class='ocrx_word' id='word_1_376' title='bbox 2535 2465 2644 2536; x_wconf 87' lang='grc' dir='ltr'><strong>γάρ</strong></span> <span class='ocrx_word' id='word_1_377' title='bbox 2671 2464 2777 2518; x_wconf 75' lang='grc' dir='ltr'>ὑπὸ</span> <span class='ocrx_word' id='word_1_378' title='bbox 2805 2465 2904 2535; x_wconf 85' lang='grc' dir='ltr'><strong>τῆς</strong></span> <span class='ocrx_word' id='word_1_379' title='bbox 2933 2464 3284 2529; x_wconf 80' lang='grc' dir='ltr'>ἀναστάσεως</span> <span class='ocrx_word' id='word_1_380' title='bbox 3314 2465 3677 2535; x_wconf 80' lang='grc' dir='ltr'>σϐεσθήσεται</span> <span class='ocrx_word' id='word_1_381' title='bbox 3698 2478 3713 2494; x_wconf 89' lang='grc'><strong>·</strong></span> 
     </span>
    </p>
   </div>
   <div class='ocr_carea' id='block_1_53' title="bbox 2138 2550 3122 2624">
    <p class='ocr_par' dir='ltr' id='par_1_53' title="bbox 2138 2550 3122 2624">
     <span class='ocr_line' id='line_1_53' title="bbox 2138 2550 3122 2624; baseline 0.005 -20"><span class='ocrx_word' id='word_1_382' title='bbox 2138 2550 2206 2605; x_wconf 85' lang='grc' dir='ltr'><strong>τά</strong></span> <span class='ocrx_word' id='word_1_383' title='bbox 2234 2551 2292 2605; x_wconf 82' lang='grc' dir='ltr'>δὲ</span> <span class='ocrx_word' id='word_1_384' title='bbox 2316 2553 2398 2615; x_wconf 75' lang='grc' dir='ltr'>εἰς</span> <span class='ocrx_word' id='word_1_385' title='bbox 2425 2554 2676 2618; x_wconf 84' lang='grc' dir='ltr'>κολάσεις</span> <span class='ocrx_word' id='word_1_386' title='bbox 2705 2552 3122 2624; x_wconf 80' lang='grc' dir='ltr'>καταλήξουσιν.</span> 
     </span>
    </p>
   </div>
   <div class='ocr_carea' id='block_1_54' title="bbox 467 2638 3717 2715">
    <p class='ocr_par' dir='ltr' id='par_1_54' title="bbox 467 2638 3717 2715">
     <span class='ocr_line' id='line_1_54' title="bbox 467 2638 3717 2715; baseline 0.002 -21"><span class='ocrx_word' id='word_1_387' title='bbox 467 2649 536 2694; x_wconf 74' lang='lat' dir='ltr'><strong>ut</strong></span> <span class='ocrx_word' id='word_1_388' title='bbox 564 2640 858 2695; x_wconf 87' lang='lat' dir='ltr'><strong>ostendunt</strong></span> <span class='ocrx_word' id='word_1_389' title='bbox 886 2648 1035 2709; x_wconf 85' lang='lat' dir='ltr'><strong>gesta</strong></span> <span class='ocrx_word' id='word_1_390' title='bbox 1068 2638 1324 2710; x_wconf 78' lang='lat' dir='ltr'><strong>Joseplii,</strong></span> <span class='ocrx_word' id='word_1_391' title='bbox 1364 2650 1419 2695; x_wconf 93' lang='lat' dir='ltr'><strong>et</strong></span> <span class='ocrx_word' id='word_1_392' title='bbox 1465 2642 1690 2695; x_wconf 86' lang='lat' dir='ltr'><strong>historia</strong></span> <span class='ocrx_word' id='word_1_393' title='bbox 1728 2640 2043 2712; x_wconf 71' lang='lat' dir='ltr'><strong>Susannaa),</strong></span> <span class='ocrx_word' id='word_1_394' title='bbox 2092 2641 2570 2715; x_wconf 80' lang='lat' dir='ltr'><strong>venit(Christus),</strong></span> <span class='ocrx_word' id='word_1_395' title='bbox 2635 2646 2984 2701; x_wconf 89' lang='lat' dir='ltr'><strong>instituturus</strong></span> <span class='ocrx_word' id='word_1_396' title='bbox 3046 2645 3292 2701; x_wconf 75' lang='lat' dir='ltr'><strong>homines</strong></span> <span class='ocrx_word' id='word_1_397' title='bbox 3336 2654 3565 2701; x_wconf 90' lang='lat' dir='ltr'><strong>mortem</strong></span> <span class='ocrx_word' id='word_1_398' title='bbox 3599 2660 3717 2702; x_wconf 86' lang='lat' dir='ltr'><strong>esse</strong></span> 
     </span>
    </p>
   </div>
   <div class='ocr_carea' id='block_1_55' title="bbox 474 2731 3706 2807">
    <p class='ocr_par' dir='ltr' id='par_1_55' title="bbox 474 2731 3706 2807">
     <span class='ocr_line' id='line_1_55' title="bbox 474 2731 3706 2807; baseline 0.002 -21"><span class='ocrx_word' id='word_1_399' title='bbox 474 2731 647 2802; x_wconf 83' lang='lat' dir='ltr'><strong>magis</strong></span> <span class='ocrx_word' id='word_1_400' title='bbox 680 2732 1013 2802; x_wconf 85' lang='lat' dir='ltr'><strong>eligendam,</strong></span> <span class='ocrx_word' id='word_1_401' title='bbox 1057 2747 1217 2801; x_wconf 87' lang='lat' dir='ltr'><strong>quam</strong></span> <span class='ocrx_word' id='word_1_402' title='bbox 1257 2742 1317 2787; x_wconf 90' lang='lat' dir='ltr'><strong>ut</strong></span> <span class='ocrx_word' id='word_1_403' title='bbox 1343 2732 1532 2786; x_wconf 91' lang='lat' dir='ltr'><strong>vitium</strong></span> <span class='ocrx_word' id='word_1_404' title='bbox 1576 2731 1792 2800; x_wconf 86' lang='lat' dir='ltr'><strong>aliquod</strong></span> <span class='ocrx_word' id='word_1_405' title='bbox 1846 2733 1899 2787; x_wconf 91' lang='lat' dir='ltr'><strong>in</strong></span> <span class='ocrx_word' id='word_1_406' title='bbox 1935 2748 2033 2789; x_wconf 85' lang='lat' dir='ltr'><strong>nos</strong></span> <span class='ocrx_word' id='word_1_407' title='bbox 2073 2735 2441 2804; x_wconf 86' lang='lat' dir='ltr'><strong>admittamus,</strong></span> <span class='ocrx_word' id='word_1_408' title='bbox 2473 2746 2528 2793; x_wconf 91' lang='lat' dir='ltr'><strong>et</strong></span> <span class='ocrx_word' id='word_1_409' title='bbox 2556 2735 2701 2791; x_wconf 87' lang='lat' dir='ltr'><strong>illam</strong></span> <span class='ocrx_word' id='word_1_410' title='bbox 2769 2736 2950 2807; x_wconf 92' lang='lat' dir='ltr'><strong>potius</strong></span> <span class='ocrx_word' id='word_1_411' title='bbox 2976 2736 3164 2792; x_wconf 89' lang='lat' dir='ltr'><strong>libenti</strong></span> <span class='ocrx_word' id='word_1_412' title='bbox 3232 2737 3413 2791; x_wconf 88' lang='lat' dir='ltr'><strong>animo</strong></span> <span class='ocrx_word' id='word_1_413' title='bbox 3442 2749 3706 2807; x_wconf 87' lang='lat' dir='ltr'><strong>oppeten-</strong></span> 
     </span>
    </p>
   </div>
   <div class='ocr_carea' id='block_1_56' title="bbox 476 2820 3715 2901">
    <p class='ocr_par' dir='ltr' id='par_1_56' title="bbox 476 2820 3715 2901">
     <span class='ocr_line' id='line_1_56' title="bbox 476 2820 3715 2901; baseline 0.003 -26"><span class='ocrx_word' id='word_1_414' title='bbox 476 2822 623 2883; x_wconf 86' lang='lat' dir='ltr'><strong>dam,</strong></span> <span class='ocrx_word' id='word_1_415' title='bbox 711 2836 872 2889; x_wconf 90' lang='lat' dir='ltr'><strong>quam</strong></span> <span class='ocrx_word' id='word_1_416' title='bbox 926 2821 1127 2889; x_wconf 84' lang='lat' dir='ltr'><strong>aliquid</strong></span> <span class='ocrx_word' id='word_1_417' title='bbox 1180 2836 1360 2901; x_wconf 71' lang='lat' dir='ltr'><strong>rerum</strong></span> <span class='ocrx_word' id='word_1_418' title='bbox 1431 2820 1863 2889; x_wconf 87' lang='lat' dir='ltr'><strong>turpissimarum</strong></span> <span class='ocrx_word' id='word_1_419' title='bbox 1906 2821 1991 2877; x_wconf 79' lang='lat' dir='ltr'><strong>vel</strong></span> <span class='ocrx_word' id='word_1_420' title='bbox 2037 2820 2299 2879; x_wconf 81' lang='lat' dir='ltr'><strong>faciamus</strong></span> <span class='ocrx_word' id='word_1_421' title='bbox 2349 2825 2436 2880; x_wconf 87' lang='lat' dir='ltr'><strong>vel</strong></span> <span class='ocrx_word' id='word_1_422' title='bbox 2522 2825 2811 2894; x_wconf 86' lang='lat' dir='ltr'><strong>patiamur.</strong></span> <span class='ocrx_word' id='word_1_423' title='bbox 2894 2824 3029 2880; x_wconf 83' lang='lat' dir='ltr'><strong>Nam</strong></span> <span class='ocrx_word' id='word_1_424' title='bbox 3098 2840 3247 2881; x_wconf 89' lang='lat' dir='ltr'><strong>mors</strong></span> <span class='ocrx_word' id='word_1_425' title='bbox 3287 2826 3507 2896; x_wconf 90' lang='lat' dir='ltr'><strong>quidem</strong></span> <span class='ocrx_word' id='word_1_426' title='bbox 3546 2844 3581 2883; x_wconf 81' lang='lat' dir='ltr'><strong>a</strong></span> <span class='ocrx_word' id='word_1_427' title='bbox 3629 2845 3715 2884; x_wconf 88' lang='lat' dir='ltr'><strong>re-</strong></span> 
     </span>
    </p>
   </div>
   <div class='ocr_carea' id='block_1_57' title="bbox 474 2911 1278 2980">
    <p class='ocr_par' dir='ltr' id='par_1_57' title="bbox 474 2911 1278 2980">
     <span class='ocr_line' id='line_1_57' title="bbox 474 2911 1278 2980; baseline -0.009 -10"><span class='ocrx_word' id='word_1_428' title='bbox 474 2913 813 2971; x_wconf 84' lang='lat' dir='ltr'><strong>surrectione</strong></span> <span class='ocrx_word' id='word_1_429' title='bbox 858 2911 1233 2980; x_wconf 78' lang='lat' dir='ltr'><strong>exstinguetur</strong></span> <span class='ocrx_word' id='word_1_430' title='bbox 1262 2926 1278 2975; x_wconf 91' lang='lat'><strong>;</strong></span> 
     </span>
    </p>
   </div>
   <div class='ocr_carea' id='block_1_58' title="bbox 866 3021 1634 3078">
    <p class='ocr_par' dir='ltr' id='par_1_58' title="bbox 866 3021 1634 3078">
     <span class='ocr_line' id='line_1_58' title="bbox 866 3021 1634 3078; baseline 0.001 -1"><span class='ocrx_word' id='word_1_431' title='bbox 866 3021 1114 3077; x_wconf 68' lang='lat' dir='ltr'><strong>CXLVII.</strong></span> <span class='ocrx_word' id='word_1_432' title='bbox 1147 3052 1220 3064; x_wconf 92' lang='lat'><strong>——-</strong></span> <span class='ocrx_word' id='word_1_433' title='bbox 1261 3021 1634 3078; x_wconf 81' lang='lat' dir='ltr'><strong>MARCIANO.</strong></span> 
     </span>
    </p>
   </div>
   <div class='ocr_carea' id='block_1_59' title="bbox 472 3137 2041 3213">
    <p class='ocr_par' dir='ltr' id='par_1_59' title="bbox 472 3137 2041 3213">
     <span class='ocr_line' id='line_1_59' title="bbox 472 3137 2041 3213; baseline 0 -15"><span class='ocrx_word' id='word_1_434' title='bbox 472 3140 545 3198; x_wconf 72' lang='lat' dir='ltr'><strong>In</strong></span> <span class='ocrx_word' id='word_1_435' title='bbox 575 3144 632 3198; x_wconf 83' lang='lat' dir='ltr'><strong>id</strong></span> <span class='ocrx_word' id='word_1_436' title='bbox 661 3139 799 3213; x_wconf 81' lang='lat' dir='ltr'><strong>quod</strong></span> <span class='ocrx_word' id='word_1_437' title='bbox 827 3141 1085 3207; x_wconf 76' lang='lat' dir='ltr'><strong>scriptum</strong></span> <span class='ocrx_word' id='word_1_438' title='bbox 1114 3151 1212 3205; x_wconf 74' lang='lat' dir='ltr'><strong>est,</strong></span> <span class='ocrx_word' id='word_1_439' title='bbox 1246 3138 1429 3213; x_wconf 67' lang='lat' dir='ltr'><strong>«Nam</strong></span> <span class='ocrx_word' id='word_1_440' title='bbox 1454 3139 1503 3196; x_wconf 74' lang='grc' dir='ltr'>εἰ</span> <span class='ocrx_word' id='word_1_441' title='bbox 1526 3140 1603 3196; x_wconf 73' lang='lat' dir='ltr'><strong>eis</strong></span> <span class='ocrx_word' id='word_1_442' title='bbox 1621 3137 1779 3196; x_wconf 67' lang='lat' dir='ltr'><strong>huc</strong></span> <span class='ocrx_word' id='word_1_443' title='bbox 1809 3141 2041 3211; x_wconf 71' lang='lat' dir='ltr'><strong>requiem</strong></span> 
     </span>
    </p>
   </div>
   <div class='ocr_carea' id='block_1_60' title="bbox 1027 3210 1487 3277">
    <p class='ocr_par' dir='ltr' id='par_1_60' title="bbox 1027 3210 1487 3277">
     <span class='ocr_line' id='line_1_60' title="bbox 1027 3210 1487 3277; baseline 0.002 -15"><span class='ocrx_word' id='word_1_444' title='bbox 1027 3213 1360 3277; x_wconf 69' lang='lat' dir='ltr'><strong>praestitisset</strong></span> <span class='ocrx_word' id='word_1_445' title='bbox 1385 3210 1452 3266; x_wconf 82' lang='grc'><strong>⁵⁸.</strong></span> <span class='ocrx_word' id='word_1_446' title='bbox 1468 3229 1487 3263; x_wconf 74' lang='grc' dir='ltr'><strong>ι</strong></span> 
     </span>
    </p>
   </div>
   <div class='ocr_carea' id='block_1_61' title="bbox 544 3342 2038 3416">
    <p class='ocr_par' dir='ltr' id='par_1_61' title="bbox 544 3342 2038 3416">
     <span class='ocr_line' id='line_1_61' title="bbox 544 3342 2038 3416; baseline -0.001 -13"><span class='ocrx_word' id='word_1_447' title='bbox 544 3347 660 3403; x_wconf 84' lang='grc' dir='ltr'>Νοη</span> <span class='ocrx_word' id='word_1_448' title='bbox 687 3348 753 3403; x_wconf 89' lang='lat' dir='ltr'><strong>de</strong></span> <span class='ocrx_word' id='word_1_449' title='bbox 775 3346 960 3416; x_wconf 89' lang='lat' dir='ltr'><strong>requie</strong></span> <span class='ocrx_word' id='word_1_450' title='bbox 983 3343 1352 3412; x_wconf 66' lang='lat' dir='ltr'><strong>Hebraeorum,</strong></span> <span class='ocrx_word' id='word_1_451' title='bbox 1370 3358 1491 3414; x_wconf 74' lang='lat' dir='ltr'><strong>quae</strong></span> <span class='ocrx_word' id='word_1_452' title='bbox 1517 3344 1650 3414; x_wconf 88' lang='lat' dir='ltr'><strong>ipsis</strong></span> <span class='ocrx_word' id='word_1_453' title='bbox 1676 3344 1728 3401; x_wconf 88' lang='lat' dir='ltr'><strong>in</strong></span> <span class='ocrx_word' id='word_1_454' title='bbox 1752 3342 2038 3403; x_wconf 67' lang='lat' dir='ltr'><strong>Palaestina</strong></span> 
     </span>
    </p>
   </div>
   <div class='ocr_carea' id='block_1_62' title="bbox 472 3435 2040 3510">
    <p class='ocr_par' dir='ltr' id='par_1_62' title="bbox 472 3435 2040 3510">
     <span class='ocr_line' id='line_1_62' title="bbox 472 3435 2040 3510; baseline -0.002 -14"><span class='ocrx_word' id='word_1_455' title='bbox 472 3441 716 3510; x_wconf 89' lang='lat' dir='ltr'><strong>contigit,</strong></span> <span class='ocrx_word' id='word_1_456' title='bbox 754 3449 909 3509; x_wconf 87' lang='lat' dir='ltr'><strong>parta</strong></span> <span class='ocrx_word' id='word_1_457' title='bbox 939 3452 1037 3509; x_wconf 88' lang='lat' dir='ltr'><strong>per</strong></span> <span class='ocrx_word' id='word_1_458' title='bbox 1070 3438 1315 3492; x_wconf 87' lang='lat' dir='ltr'><strong>militiam</strong></span> <span class='ocrx_word' id='word_1_459' title='bbox 1349 3435 1476 3491; x_wconf 83' lang='lat' dir='ltr'><strong>Jesu</strong></span> <span class='ocrx_word' id='word_1_460' title='bbox 1513 3437 1606 3491; x_wconf 86' lang='lat' dir='ltr'><strong>ﬁlii</strong></span> <span class='ocrx_word' id='word_1_461' title='bbox 1636 3436 1806 3504; x_wconf 85' lang='lat' dir='ltr'><strong>Nave,</strong></span> <span class='ocrx_word' id='word_1_462' title='bbox 1856 3438 2040 3493; x_wconf 90' lang='lat' dir='ltr'><strong>divino</strong></span> 
     </span>
    </p>
   </div>
   <div class='ocr_carea' id='block_1_63' title="bbox 470 3528 2041 3601">
    <p class='ocr_par' dir='ltr' id='par_1_63' title="bbox 470 3528 2041 3601">
     <span class='ocr_line' id='line_1_63' title="bbox 470 3528 2041 3601; baseline -0.003 -14"><span class='ocrx_word' id='word_1_463' title='bbox 470 3530 641 3587; x_wconf 84' lang='lat' dir='ltr'><strong>Paulo</strong></span> <span class='ocrx_word' id='word_1_464' title='bbox 679 3531 779 3585; x_wconf 80' lang='lat' dir='ltr'><strong>fuit</strong></span> <span class='ocrx_word' id='word_1_465' title='bbox 820 3544 1004 3586; x_wconf 88' lang='lat' dir='ltr'><strong>sermo</strong></span> <span class='ocrx_word' id='word_1_466' title='bbox 1043 3529 1225 3601; x_wconf 81' lang='lat' dir='ltr'><strong>(hujus</strong></span> <span class='ocrx_word' id='word_1_467' title='bbox 1267 3528 1413 3583; x_wconf 89' lang='lat' dir='ltr'><strong>enim</strong></span> <span class='ocrx_word' id='word_1_468' title='bbox 1462 3528 1663 3582; x_wconf 90' lang='lat' dir='ltr'><strong>nullam</strong></span> <span class='ocrx_word' id='word_1_469' title='bbox 1717 3528 1903 3583; x_wconf 84' lang='lat' dir='ltr'><strong>habuit</strong></span> <span class='ocrx_word' id='word_1_470' title='bbox 1952 3544 2041 3583; x_wconf 87' lang='lat' dir='ltr'><strong>ra-</strong></span> 
     </span>
    </p>
   </div>
   <div class='ocr_carea' id='block_1_64' title="bbox 470 3618 2037 3693">
    <p class='ocr_par' dir='ltr' id='par_1_64' title="bbox 470 3618 2037 3693">
     <span class='ocr_line' id='line_1_64' title="bbox 470 3618 2037 3693; baseline -0.001 -16"><span class='ocrx_word' id='word_1_471' title='bbox 470 3625 719 3693; x_wconf 88' lang='lat' dir='ltr'><strong>tionem),</strong></span> <span class='ocrx_word' id='word_1_472' title='bbox 763 3623 855 3677; x_wconf 87' lang='lat' dir='ltr'><strong>sed</strong></span> <span class='ocrx_word' id='word_1_473' title='bbox 884 3622 949 3674; x_wconf 89' lang='lat' dir='ltr'><strong>ad</strong></span> <span class='ocrx_word' id='word_1_474' title='bbox 976 3634 1096 3676; x_wconf 89' lang='lat' dir='ltr'><strong>eam</strong></span> <span class='ocrx_word' id='word_1_475' title='bbox 1126 3633 1246 3689; x_wconf 63' lang='lat' dir='ltr'><strong>qua:</strong></span> <span class='ocrx_word' id='word_1_476' title='bbox 1278 3618 1454 3673; x_wconf 79' lang='lat' dir='ltr'><strong>futura</strong></span> <span class='ocrx_word' id='word_1_477' title='bbox 1493 3629 1576 3674; x_wconf 90' lang='lat' dir='ltr'><strong>est</strong></span> <span class='ocrx_word' id='word_1_478' title='bbox 1604 3620 1841 3687; x_wconf 86' lang='lat' dir='ltr'><strong>respicit,</strong></span> <span class='ocrx_word' id='word_1_479' title='bbox 1868 3630 1921 3675; x_wconf 94' lang='lat' dir='ltr'><strong>et</strong></span> <span class='ocrx_word' id='word_1_480' title='bbox 1971 3622 2037 3675; x_wconf 85' lang='lat' dir='ltr'><strong>ad</strong></span> 
     </span>
    </p>
   </div>
   <div class='ocr_carea' id='block_1_65' title="bbox 470 3709 2037 3785">
    <p class='ocr_par' dir='ltr' id='par_1_65' title="bbox 470 3709 2037 3785">
     <span class='ocr_line' id='line_1_65' title="bbox 470 3709 2037 3785; baseline -0.004 -13"><span class='ocrx_word' id='word_1_481' title='bbox 470 3728 592 3772; x_wconf 84' lang='lat' dir='ltr'><strong>eam</strong></span> <span class='ocrx_word' id='word_1_482' title='bbox 644 3728 838 3785; x_wconf 90' lang='lat' dir='ltr'><strong>scopus</strong></span> <span class='ocrx_word' id='word_1_483' title='bbox 890 3711 1283 3767; x_wconf 87' lang='lat' dir='ltr'><strong>sententiarum</strong></span> <span class='ocrx_word' id='word_1_484' title='bbox 1329 3709 1497 3780; x_wconf 86' lang='lat' dir='ltr'><strong>ipsius</strong></span> <span class='ocrx_word' id='word_1_485' title='bbox 1545 3710 1839 3765; x_wconf 91' lang='lat' dir='ltr'><strong>contendit.</strong></span> <span class='ocrx_word' id='word_1_486' title='bbox 1925 3710 2037 3767; x_wconf 90' lang='lat' dir='ltr'><strong>Hoc</strong></span> 
     </span>
    </p>
   </div>
   <div class='ocr_carea' id='block_1_66' title="bbox 471 3802 2034 3873">
    <p class='ocr_par' dir='ltr' id='par_1_66' title="bbox 471 3802 2034 3873">
     <span class='ocr_line' id='line_1_66' title="bbox 471 3802 2034 3873; baseline -0.001 -12"><span class='ocrx_word' id='word_1_487' title='bbox 471 3816 651 3862; x_wconf 83' lang='lat' dir='ltr'><strong>autem</strong></span> <span class='ocrx_word' id='word_1_488' title='bbox 673 3820 858 3861; x_wconf 90' lang='lat' dir='ltr'><strong>verum</strong></span> <span class='ocrx_word' id='word_1_489' title='bbox 876 3816 1019 3869; x_wconf 85' lang='lat' dir='ltr'><strong>esse,</strong></span> <span class='ocrx_word' id='word_1_490' title='bbox 1053 3802 1171 3873; x_wconf 89' lang='lat' dir='ltr'><strong>ipse</strong></span> <span class='ocrx_word' id='word_1_491' title='bbox 1198 3812 1369 3858; x_wconf 88' lang='lat' dir='ltr'><strong>semet</strong></span> <span class='ocrx_word' id='word_1_492' title='bbox 1395 3803 1799 3872; x_wconf 88' lang='lat' dir='ltr'><strong>interpretatur,</strong></span> <span class='ocrx_word' id='word_1_493' title='bbox 1819 3802 2034 3859; x_wconf 84' lang='lat' dir='ltr'><strong>dicens:</strong></span> 
     </span>
    </p>
   </div>
   <div class='ocr_carea' id='block_1_67' title="bbox 490 3892 2034 3964">
    <p class='ocr_par' dir='ltr' id='par_1_67' title="bbox 490 3892 2034 3964">
     <span class='ocr_line' id='line_1_67' title="bbox 490 3892 2034 3964; baseline -0.002 -14"><span class='ocrx_word' id='word_1_494' title='bbox 490 3916 510 3950; x_wconf 78' lang='grc' dir='ltr'><strong>ι</strong></span> <span class='ocrx_word' id='word_1_495' title='bbox 534 3896 669 3951; x_wconf 81' lang='lat' dir='ltr'><strong>Nam</strong></span> <span class='ocrx_word' id='word_1_496' title='bbox 712 3899 755 3952; x_wconf 88' lang='lat' dir='ltr'><strong>si</strong></span> <span class='ocrx_word' id='word_1_497' title='bbox 792 3896 871 3951; x_wconf 91' lang='lat' dir='ltr'><strong>eis</strong></span> <span class='ocrx_word' id='word_1_498' title='bbox 899 3893 1056 3951; x_wconf 83' lang='lat' dir='ltr'><strong>Jesus</strong></span> <span class='ocrx_word' id='word_1_499' title='bbox 1106 3893 1378 3964; x_wconf 90' lang='lat' dir='ltr'><strong>(videlicet</strong></span> <span class='ocrx_word' id='word_1_500' title='bbox 1417 3893 1560 3949; x_wconf 82' lang='lat' dir='ltr'><strong>illius</strong></span> <span class='ocrx_word' id='word_1_501' title='bbox 1589 3892 1737 3949; x_wconf 86' lang='lat' dir='ltr'><strong>Nave</strong></span> <span class='ocrx_word' id='word_1_502' title='bbox 1769 3909 1862 3949; x_wconf 87' lang='lat' dir='ltr'><strong>seu</strong></span> <span class='ocrx_word' id='word_1_503' title='bbox 1892 3893 2034 3963; x_wconf 85' lang='lat' dir='ltr'><strong>Nun)</strong></span> 
     </span>
    </p>
   </div>
   <div class='ocr_carea' id='block_1_68' title="bbox 470 3983 2037 4057">
    <p class='ocr_par' dir='ltr' id='par_1_68' title="bbox 470 3983 2037 4057">
     <span class='ocr_line' id='line_1_68' title="bbox 470 3983 2037 4057; baseline -0.004 -14"><span class='ocrx_word' id='word_1_504' title='bbox 470 3989 713 4056; x_wconf 88' lang='lat' dir='ltr'><strong>requiem</strong></span> <span class='ocrx_word' id='word_1_505' title='bbox 760 3986 1145 4057; x_wconf 70' lang='lat' dir='ltr'><strong>praestitisset,</strong></span> <span class='ocrx_word' id='word_1_506' title='bbox 1176 3998 1450 4055; x_wconf 90' lang='lat' dir='ltr'><strong>nunquam</strong></span> <span class='ocrx_word' id='word_1_507' title='bbox 1480 3986 1547 4039; x_wconf 92' lang='lat' dir='ltr'><strong>de</strong></span> <span class='ocrx_word' id='word_1_508' title='bbox 1584 3983 1687 4038; x_wconf 91' lang='lat' dir='ltr'><strong>alia</strong></span> <span class='ocrx_word' id='word_1_509' title='bbox 1724 3984 2037 4054; x_wconf 89' lang='lat' dir='ltr'><strong>loqueretur</strong></span> 
     </span>
    </p>
   </div>
   <div class='ocr_carea' id='block_1_69' title="bbox 418 4073 2035 4154">
    <p class='ocr_par' dir='ltr' id='par_1_69' title="bbox 418 4073 2035 4154">
     <span class='ocr_line' id='line_1_69' title="bbox 418 4073 2035 4154; baseline -0.003 -20"><span class='ocrx_word' id='word_1_510' title='bbox 418 4136 430 4154; x_wconf 41' lang='grc' dir='ltr'><strong>λ</strong></span> <span class='ocrx_word' id='word_1_511' title='bbox 468 4080 695 4148; x_wconf 87' lang='lat' dir='ltr'><strong>posthac</strong></span> <span class='ocrx_word' id='word_1_512' title='bbox 724 4078 829 4134; x_wconf 91' lang='lat' dir='ltr'><strong>die.</strong></span> <span class='ocrx_word' id='word_1_513' title='bbox 884 4077 1074 4146; x_wconf 84' lang='lat' dir='ltr'><strong>Itaque</strong></span> <span class='ocrx_word' id='word_1_514' title='bbox 1095 4076 1421 4145; x_wconf 90' lang='lat' dir='ltr'><strong>relinquitur</strong></span> <span class='ocrx_word' id='word_1_515' title='bbox 1450 4073 1811 4131; x_wconf 86' lang='lat' dir='ltr'><strong>sabbatismus</strong></span> <span class='ocrx_word' id='word_1_516' title='bbox 1840 4075 2035 4145; x_wconf 90' lang='lat' dir='ltr'><strong>populo</strong></span> 
     </span>
    </p>
   </div>
   <div class='ocr_carea' id='block_1_70' title="bbox 418 4164 2033 4236">
    <p class='ocr_par' dir='ltr' id='par_1_70' title="bbox 418 4164 2033 4236">
     <span class='ocr_line' id='line_1_70' title="bbox 418 4164 2033 4236; baseline -0.004 -11"><span class='ocrx_word' id='word_1_517' title='bbox 418 4182 431 4232; x_wconf 54' lang='grc' dir='ltr'>μ</span> <span class='ocrx_word' id='word_1_518' title='bbox 468 4170 563 4225; x_wconf 87' lang='lat' dir='ltr'><strong>Dei</strong></span> <span class='ocrx_word' id='word_1_519' title='bbox 580 4170 680 4223; x_wconf 73' lang='grc'><strong>⁸³.»</strong></span> <span class='ocrx_word' id='word_1_520' title='bbox 721 4196 794 4207; x_wconf 94' lang='grc'><strong><em>-</em></strong></span> <span class='ocrx_word' id='word_1_521' title='bbox 815 4186 834 4220; x_wconf 77' lang='grc' dir='ltr'><strong>ι</strong></span> <span class='ocrx_word' id='word_1_522' title='bbox 861 4166 919 4221; x_wconf 87' lang='lat' dir='ltr'><strong>Si</strong></span> <span class='ocrx_word' id='word_1_523' title='bbox 942 4168 1085 4222; x_wconf 90' lang='lat' dir='ltr'><strong>enim</strong></span> <span class='ocrx_word' id='word_1_524' title='bbox 1114 4165 1267 4235; x_wconf 82' lang='lat' dir='ltr'><strong>ipsis,</strong></span> <span class='ocrx_word' id='word_1_525' title='bbox 1294 4165 1489 4235; x_wconf 87' lang='lat' dir='ltr'><strong>inquit,</strong></span> <span class='ocrx_word' id='word_1_526' title='bbox 1512 4164 1602 4218; x_wconf 91' lang='lat' dir='ltr'><strong>ille</strong></span> <span class='ocrx_word' id='word_1_527' title='bbox 1625 4165 1869 4236; x_wconf 89' lang='lat' dir='ltr'><strong>requiem</strong></span> <span class='ocrx_word' id='word_1_528' title='bbox 1902 4180 2033 4220; x_wconf 89' lang='lat' dir='ltr'><strong>con-</strong></span> 
     </span>
    </p>
   </div>
   <div class='ocr_carea' id='block_1_71' title="bbox 473 4254 2034 4325">
    <p class='ocr_par' dir='ltr' id='par_1_71' title="bbox 473 4254 2034 4325">
     <span class='ocr_line' id='line_1_71' title="bbox 473 4254 2034 4325; baseline -0.003 -9"><span class='ocrx_word' id='word_1_529' title='bbox 473 4261 734 4321; x_wconf 87' lang='lat' dir='ltr'><strong>ciliasset,</strong></span> <span class='ocrx_word' id='word_1_530' title='bbox 763 4273 869 4314; x_wconf 91' lang='lat' dir='ltr'><strong>non</strong></span> <span class='ocrx_word' id='word_1_531' title='bbox 895 4267 1042 4313; x_wconf 91' lang='lat' dir='ltr'><strong>certe</strong></span> <span class='ocrx_word' id='word_1_532' title='bbox 1069 4256 1234 4311; x_wconf 87' lang='lat' dir='ltr'><strong>David</strong></span> <span class='ocrx_word' id='word_1_533' title='bbox 1275 4264 1401 4325; x_wconf 91' lang='lat' dir='ltr'><strong>post</strong></span> <span class='ocrx_word' id='word_1_534' title='bbox 1431 4254 1627 4309; x_wconf 88' lang='lat' dir='ltr'><strong>multas</strong></span> <span class='ocrx_word' id='word_1_535' title='bbox 1656 4256 2034 4323; x_wconf 85' lang='lat' dir='ltr'><strong>generationes</strong></span> 
     </span>
    </p>
   </div>
   <div class='ocr_carea' id='block_1_72' title="bbox 1359 2910 2631 2983">
    <p class='ocr_par' dir='ltr' id='par_1_72' title="bbox 1359 2910 2631 2983">
     <span class='ocr_line' id='line_1_72' title="bbox 1359 2910 2631 2983; baseline 0.003 -20"><span class='ocrx_word' id='word_1_536' title='bbox 1359 2910 1556 2980; x_wconf 89' lang='lat' dir='ltr'><strong>probra</strong></span> <span class='ocrx_word' id='word_1_537' title='bbox 1603 2919 1784 2965; x_wconf 89' lang='lat' dir='ltr'><strong>autem</strong></span> <span class='ocrx_word' id='word_1_538' title='bbox 1836 2910 1931 2967; x_wconf 89' lang='lat' dir='ltr'><strong>illa</strong></span> <span class='ocrx_word' id='word_1_539' title='bbox 1981 2911 2035 2966; x_wconf 91' lang='lat' dir='ltr'><strong>ln</strong></span> <span class='ocrx_word' id='word_1_540' title='bbox 2071 2912 2335 2983; x_wconf 88' lang='lat' dir='ltr'><strong>supplicia</strong></span> <span class='ocrx_word' id='word_1_541' title='bbox 2364 2913 2631 2970; x_wconf 86' lang='lat' dir='ltr'><strong>desinent.</strong></span> 
     </span>
    </p>
   </div>
   <div class='ocr_carea' id='block_1_73' title="bbox 2571 3025 3277 3097">
    <p class='ocr_par' dir='ltr' id='par_1_73' title="bbox 2571 3025 3277 3097">
     <span class='ocr_line' id='line_1_73' title="bbox 2571 3025 3277 3097; baseline 0 -17"><span class='ocrx_word' id='word_1_542' title='bbox 2571 3026 2751 3081; x_wconf 90' lang='lat' dir='ltr'><strong>PMZ&#39;.</strong></span> <span class='ocrx_word' id='word_1_543' title='bbox 2783 3053 2859 3067; x_wconf 85' lang='grc'><strong><em>--</em></strong></span> <span class='ocrx_word' id='word_1_544' title='bbox 2891 3025 3277 3097; x_wconf 78' lang='grc' dir='ltr'><strong>ΜΔΡΚΙΑΝῼ.</strong></span> 
     </span>
    </p>
   </div>
   <div class='ocr_carea' id='block_1_74' title="bbox 2139 3137 3715 3210">
    <p class='ocr_par' dir='ltr' id='par_1_74' title="bbox 2139 3137 3715 3210">
     <span class='ocr_line' id='line_1_74' title="bbox 2139 3137 3715 3210; baseline 0.001 -16"><span class='ocrx_word' id='word_1_545' title='bbox 2139 3138 2245 3206; x_wconf 69' lang='grc' dir='ltr'><strong>Εἰς</strong></span> <span class='ocrx_word' id='word_1_546' title='bbox 2282 3138 2351 3193; x_wconf 84' lang='grc' dir='ltr'>τὸ</span> <span class='ocrx_word' id='word_1_547' title='bbox 2385 3138 2830 3210; x_wconf 57' lang='grc' dir='ltr'>τετραμμένον,</span> <span class='ocrx_word' id='word_1_548' title='bbox 2876 3156 2898 3191; x_wconf 75' lang='grc' dir='ltr'><strong>ι</strong></span> <span class='ocrx_word' id='word_1_549' title='bbox 2932 3139 3001 3192; x_wconf 77' lang='lat' dir='ltr'><strong>El</strong></span> <span class='ocrx_word' id='word_1_550' title='bbox 3043 3139 3155 3206; x_wconf 79' lang='grc' dir='ltr'>τὰρ</span> <span class='ocrx_word' id='word_1_551' title='bbox 3209 3137 3432 3205; x_wconf 81' lang='grc' dir='ltr'>αὐτοὺς</span> <span class='ocrx_word' id='word_1_552' title='bbox 3473 3139 3715 3209; x_wconf 80' lang='grc' dir='ltr'>Ἰησοῦς</span> 
     </span>
    </p>
   </div>
   <div class='ocr_carea' id='block_1_75' title="bbox 2689 3207 3151 3263">
    <p class='ocr_par' dir='ltr' id='par_1_75' title="bbox 2689 3207 3151 3263">
     <span class='ocr_line' id='line_1_75' title="bbox 2689 3207 3151 3263; baseline -0.006 0"><span class='ocrx_word' id='word_1_553' title='bbox 2689 3207 3091 3263; x_wconf 75' lang='grc' dir='ltr'>κατέπαυσεν.</span> <span class='ocrx_word' id='word_1_554' title='bbox 3131 3226 3151 3260; x_wconf 72' lang='grc' dir='ltr'><strong>ι</strong></span> 
     </span>
    </p>
   </div>
   <div class='ocr_carea' id='block_1_76' title="bbox 2208 3337 3715 3411">
    <p class='ocr_par' dir='ltr' id='par_1_76' title="bbox 2208 3337 3715 3411">
     <span class='ocr_line' id='line_1_76' title="bbox 2208 3337 3715 3411; baseline 0 -19"><span class='ocrx_word' id='word_1_555' title='bbox 2208 3338 2286 3393; x_wconf 83' lang='grc' dir='ltr'><strong>Οὐ</strong></span> <span class='ocrx_word' id='word_1_556' title='bbox 2312 3338 2444 3411; x_wconf 77' lang='grc' dir='ltr'>περὶ</span> <span class='ocrx_word' id='word_1_557' title='bbox 2474 3338 2573 3411; x_wconf 90' lang='grc' dir='ltr'><strong>τῆς</strong></span> <span class='ocrx_word' id='word_1_558' title='bbox 2603 3337 3004 3404; x_wconf 85' lang='grc' dir='ltr'>καταπαύσεως</span> <span class='ocrx_word' id='word_1_559' title='bbox 3034 3337 3148 3393; x_wconf 83' lang='grc' dir='ltr'><strong>τῶν</strong></span> <span class='ocrx_word' id='word_1_560' title='bbox 3180 3338 3468 3410; x_wconf 79' lang='grc' dir='ltr'>Ἑϐραίων,</span> <span class='ocrx_word' id='word_1_561' title='bbox 3498 3339 3605 3411; x_wconf 87' lang='grc' dir='ltr'><strong>τῆς</strong></span> <span class='ocrx_word' id='word_1_562' title='bbox 3630 3356 3715 3408; x_wconf 78' lang='grc' dir='ltr'>γε·</span> 
     </span>
    </p>
   </div>
   <div class='ocr_carea' id='block_1_77' title="bbox 2137 3431 3699 3504">
    <p class='ocr_par' dir='ltr' id='par_1_77' title="bbox 2137 3431 3699 3504">
     <span class='ocr_line' id='line_1_77' title="bbox 2137 3431 3699 3504; baseline -0.003 -17"><span class='ocrx_word' id='word_1_563' title='bbox 2137 3433 2366 3504; x_wconf 84' lang='grc' dir='ltr'>νομένης</span> <span class='ocrx_word' id='word_1_564' title='bbox 2397 3435 2456 3487; x_wconf 84' lang='grc' dir='ltr'>ὲν</span> <span class='ocrx_word' id='word_1_565' title='bbox 2487 3434 2554 3503; x_wconf 80' lang='grc' dir='ltr'>τῇ</span> <span class='ocrx_word' id='word_1_566' title='bbox 2594 3432 2925 3504; x_wconf 81' lang='grc' dir='ltr'>Παλαιστίνῃ</span> <span class='ocrx_word' id='word_1_567' title='bbox 2966 3431 3055 3485; x_wconf 81' lang='grc' dir='ltr'><strong>διὰ</strong></span> <span class='ocrx_word' id='word_1_568' title='bbox 3080 3431 3181 3501; x_wconf 87' lang='grc' dir='ltr'><strong>τῆς</strong></span> <span class='ocrx_word' id='word_1_569' title='bbox 3235 3431 3409 3501; x_wconf 82' lang='grc' dir='ltr'>Ἰησοῦ</span> <span class='ocrx_word' id='word_1_570' title='bbox 3447 3431 3540 3485; x_wconf 88' lang='grc' dir='ltr'><strong>τοῦ</strong></span> <span class='ocrx_word' id='word_1_571' title='bbox 3576 3432 3699 3485; x_wconf 77' lang='grc' dir='ltr'>υἱοῦ</span> 
     </span>
    </p>
   </div>
   <div class='ocr_carea' id='block_1_78' title="bbox 2134 3522 3712 3594">
    <p class='ocr_par' dir='ltr' id='par_1_78' title="bbox 2134 3522 3712 3594">
     <span class='ocr_line' id='line_1_78' title="bbox 2134 3522 3712 3594; baseline 0 -17"><span class='ocrx_word' id='word_1_572' title='bbox 2134 3522 2230 3577; x_wconf 87' lang='grc' dir='ltr'><strong>τοῦ</strong></span> <span class='ocrx_word' id='word_1_573' title='bbox 2253 3523 2407 3594; x_wconf 85' lang='grc' dir='ltr'>Ναυῆ</span> <span class='ocrx_word' id='word_1_574' title='bbox 2446 3524 2800 3593; x_wconf 86' lang='grc' dir='ltr'>στρατηγίας,</span> <span class='ocrx_word' id='word_1_575' title='bbox 2830 3522 2910 3593; x_wconf 81' lang='grc' dir='ltr'>τῷ</span> <span class='ocrx_word' id='word_1_576' title='bbox 2941 3522 3215 3593; x_wconf 80' lang='grc' dir='ltr'>θεσπεσίῳ</span> <span class='ocrx_word' id='word_1_577' title='bbox 3240 3522 3439 3592; x_wconf 82' lang='grc' dir='ltr'>Παύλῳ</span> <span class='ocrx_word' id='word_1_578' title='bbox 3468 3525 3497 3577; x_wconf 98' lang='lat'><strong>6</strong></span> <span class='ocrx_word' id='word_1_579' title='bbox 3516 3523 3675 3592; x_wconf 81' lang='grc' dir='ltr'>λόγος</span> <span class='ocrx_word' id='word_1_580' title='bbox 3696 3536 3712 3553; x_wconf 88' lang='grc'>⁶</span> 
     </span>
    </p>
   </div>
   <div class='ocr_carea' id='block_1_79' title="bbox 2136 3612 3711 3685">
    <p class='ocr_par' dir='ltr' id='par_1_79' title="bbox 2136 3612 3711 3685">
     <span class='ocr_line' id='line_1_79' title="bbox 2136 3612 3711 3685; baseline 0 -18"><span class='ocrx_word' id='word_1_581' title='bbox 2136 3614 2348 3684; x_wconf 65' lang='grc' dir='ltr'>ἐκείνης</span> <span class='ocrx_word' id='word_1_582' title='bbox 2392 3614 2500 3685; x_wconf 88' lang='lat'><strong>7&amp;9</strong></span> <span class='ocrx_word' id='word_1_583' title='bbox 2529 3615 2704 3679; x_wconf 71' lang='grc' dir='ltr'>οὐδεὶς</span> <span class='ocrx_word' id='word_1_584' title='bbox 2728 3615 2885 3684; x_wconf 83' lang='grc' dir='ltr'>λόγος</span> <span class='ocrx_word' id='word_1_585' title='bbox 2913 3612 3061 3685; x_wconf 84' lang='grc' dir='ltr'>αύτῷ</span> <span class='ocrx_word' id='word_1_586' title='bbox 3084 3630 3098 3643; x_wconf 90' lang='grc'>·</span> <span class='ocrx_word' id='word_1_587' title='bbox 3146 3615 3227 3677; x_wconf 87' lang='grc' dir='ltr'><strong>είς</strong></span> <span class='ocrx_word' id='word_1_588' title='bbox 3261 3613 3318 3667; x_wconf 78' lang='grc' dir='ltr'>δὲ</span> <span class='ocrx_word' id='word_1_589' title='bbox 3346 3614 3450 3685; x_wconf 81' lang='grc' dir='ltr'>τὴν</span> <span class='ocrx_word' id='word_1_590' title='bbox 3482 3614 3711 3684; x_wconf 84' lang='grc' dir='ltr'>προσδο-</span> 
     </span>
    </p>
   </div>
   <div class='ocr_carea' id='block_1_80' title="bbox 2134 3708 3711 3781">
    <p class='ocr_par' dir='ltr' id='par_1_80' title="bbox 2134 3708 3711 3781">
     <span class='ocr_line' id='line_1_80' title="bbox 2134 3708 3711 3781; baseline 0 -20"><span class='ocrx_word' id='word_1_591' title='bbox 2134 3708 2389 3779; x_wconf 81' lang='grc' dir='ltr'>κωμένην</span> <span class='ocrx_word' id='word_1_592' title='bbox 2446 3708 2664 3763; x_wconf 80' lang='grc' dir='ltr'>ἔσεσθαι</span> <span class='ocrx_word' id='word_1_593' title='bbox 2702 3710 2908 3781; x_wconf 82' lang='grc' dir='ltr'>βλέπει,</span> <span class='ocrx_word' id='word_1_594' title='bbox 2948 3710 3045 3763; x_wconf 81' lang='grc' dir='ltr'>καὶ</span> <span class='ocrx_word' id='word_1_595' title='bbox 3096 3712 3219 3763; x_wconf 81' lang='grc' dir='ltr'>κατ’</span> <span class='ocrx_word' id='word_1_596' title='bbox 3271 3710 3489 3780; x_wconf 76' lang='grc' dir='ltr'>ἐκείνης</span> <span class='ocrx_word' id='word_1_597' title='bbox 3523 3713 3553 3764; x_wconf 90' lang='lat'><strong>6</strong></span> <span class='ocrx_word' id='word_1_598' title='bbox 3604 3710 3711 3763; x_wconf 82' lang='grc' dir='ltr'>τῶν</span> 
     </span>
    </p>
   </div>
   <div class='ocr_carea' id='block_1_81' title="bbox 2134 3799 3713 3870">
    <p class='ocr_par' dir='ltr' id='par_1_81' title="bbox 2134 3799 3713 3870">
     <span class='ocr_line' id='line_1_81' title="bbox 2134 3799 3713 3870; baseline 0.001 -18"><span class='ocrx_word' id='word_1_599' title='bbox 2134 3799 2422 3870; x_wconf 84' lang='grc' dir='ltr'>νοημάτων</span> <span class='ocrx_word' id='word_1_600' title='bbox 2472 3800 2674 3864; x_wconf 81' lang='grc' dir='ltr'>σκοπὸς</span> <span class='ocrx_word' id='word_1_601' title='bbox 2709 3801 3063 3855; x_wconf 84' lang='grc' dir='ltr'>συντείνεται.</span> <span class='ocrx_word' id='word_1_602' title='bbox 3118 3802 3244 3855; x_wconf 86' lang='grc' dir='ltr'>Ὅτι</span> <span class='ocrx_word' id='word_1_603' title='bbox 3286 3802 3342 3855; x_wconf 80' lang='grc' dir='ltr'>δὲ</span> <span class='ocrx_word' id='word_1_604' title='bbox 3383 3802 3530 3855; x_wconf 82' lang='grc' dir='ltr'>τοῦτ’</span> <span class='ocrx_word' id='word_1_605' title='bbox 3564 3802 3713 3855; x_wconf 79' lang='grc' dir='ltr'>ἐστιν</span> 
     </span>
    </p>
   </div>
   <div class='ocr_carea' id='block_1_82' title="bbox 2135 3892 3713 3963">
    <p class='ocr_par' dir='ltr' id='par_1_82' title="bbox 2135 3892 3713 3963">
     <span class='ocr_line' id='line_1_82' title="bbox 2135 3892 3713 3963; baseline -0.001 -16"><span class='ocrx_word' id='word_1_606' title='bbox 2135 3893 2352 3963; x_wconf 83' lang='grc' dir='ltr'>ἀληθὲς,</span> <span class='ocrx_word' id='word_1_607' title='bbox 2399 3894 2562 3957; x_wconf 77' lang='grc' dir='ltr'>αὐτὸς</span> <span class='ocrx_word' id='word_1_608' title='bbox 2590 3893 2784 3947; x_wconf 77' lang='grc' dir='ltr'>ἑαυτὸν</span> <span class='ocrx_word' id='word_1_609' title='bbox 2830 3892 3125 3963; x_wconf 79' lang='grc' dir='ltr'>ἑρμηνεύει</span> <span class='ocrx_word' id='word_1_610' title='bbox 3160 3892 3377 3961; x_wconf 77' lang='grc' dir='ltr'>λέγων’</span> <span class='ocrx_word' id='word_1_611' title='bbox 3432 3912 3451 3945; x_wconf 76' lang='grc' dir='ltr'><strong>ι</strong></span> <span class='ocrx_word' id='word_1_612' title='bbox 3508 3893 3576 3946; x_wconf 84' lang='lat' dir='ltr'><strong>El</strong></span> <span class='ocrx_word' id='word_1_613' title='bbox 3604 3894 3713 3963; x_wconf 79' lang='grc' dir='ltr'>γὰρ</span> 
     </span>
    </p>
   </div>
   <div class='ocr_carea' id='block_1_83' title="bbox 2133 3982 3715 4055">
    <p class='ocr_par' dir='ltr' id='par_1_83' title="bbox 2133 3982 3715 4055">
     <span class='ocr_line' id='line_1_83' title="bbox 2133 3982 3715 4055; baseline 0 -20"><span class='ocrx_word' id='word_1_614' title='bbox 2133 3983 2329 4046; x_wconf 82' lang='grc' dir='ltr'>αὐτοὺς</span> <span class='ocrx_word' id='word_1_615' title='bbox 2389 3982 2594 4054; x_wconf 82' lang='grc' dir='ltr'>Ἰησοῦς</span> <span class='ocrx_word' id='word_1_616' title='bbox 2640 3982 2836 4055; x_wconf 77' lang='grc' dir='ltr'>(δῆλον</span> <span class='ocrx_word' id='word_1_617' title='bbox 2879 3983 2925 4037; x_wconf 79' lang='grc' dir='ltr'>δ’</span> <span class='ocrx_word' id='word_1_618' title='bbox 2996 3984 3081 4038; x_wconf 81' lang='grc' dir='ltr'>ὅτι</span> <span class='ocrx_word' id='word_1_619' title='bbox 3123 3985 3152 4037; x_wconf 91' lang='lat'><strong>6</strong></span> <span class='ocrx_word' id='word_1_620' title='bbox 3196 3982 3291 4037; x_wconf 86' lang='grc' dir='ltr'><strong>τοῦ</strong></span> <span class='ocrx_word' id='word_1_621' title='bbox 3346 3983 3544 4053; x_wconf 83' lang='grc' dir='ltr'>Ναυῆ)</span> <span class='ocrx_word' id='word_1_622' title='bbox 3585 4000 3715 4037; x_wconf 79' lang='grc' dir='ltr'>κατ-</span> 
     </span>
    </p>
   </div>
   <div class='ocr_carea' id='block_1_84' title="bbox 2134 4072 3715 4143">
    <p class='ocr_par' dir='ltr' id='par_1_84' title="bbox 2134 4072 3715 4143">
     <span class='ocr_line' id='line_1_84' title="bbox 2134 4072 3715 4143; baseline -0.001 -18"><span class='ocrx_word' id='word_1_623' title='bbox 2134 4072 2371 4126; x_wconf 83' lang='grc' dir='ltr'>έπαυσεν</span> <span class='ocrx_word' id='word_1_624' title='bbox 2393 4110 2410 4137; x_wconf 92' lang='grc'><strong>,</strong></span> <span class='ocrx_word' id='word_1_625' title='bbox 2439 4072 2540 4126; x_wconf 78' lang='grc' dir='ltr'>οὐκ</span> <span class='ocrx_word' id='word_1_626' title='bbox 2566 4072 2633 4126; x_wconf 85' lang='grc' dir='ltr'>ἂν</span> <span class='ocrx_word' id='word_1_627' title='bbox 2667 4072 2795 4143; x_wconf 73' lang='grc' dir='ltr'>περὶ</span> <span class='ocrx_word' id='word_1_628' title='bbox 2821 4072 2987 4143; x_wconf 77' lang='grc' dir='ltr'>ἄλλης</span> <span class='ocrx_word' id='word_1_629' title='bbox 3008 4072 3185 4126; x_wconf 73' lang='grc' dir='ltr'>ἐλάλει</span> <span class='ocrx_word' id='word_1_630' title='bbox 3213 4072 3349 4142; x_wconf 82' lang='grc' dir='ltr'>μετὰ</span> <span class='ocrx_word' id='word_1_631' title='bbox 3372 4072 3543 4125; x_wconf 85' lang='grc' dir='ltr'>ταῦτα</span> <span class='ocrx_word' id='word_1_632' title='bbox 3582 4072 3715 4143; x_wconf 74' lang='grc' dir='ltr'><strong>ἠμὲο</strong></span> 
     </span>
    </p>
   </div>
   <div class='ocr_carea' id='block_1_85' title="bbox 2135 4162 3713 4236">
    <p class='ocr_par' dir='ltr' id='par_1_85' title="bbox 2135 4162 3713 4236">
     <span class='ocr_line' id='line_1_85' title="bbox 2135 4162 3713 4236; baseline -0.002 -18"><span class='ocrx_word' id='word_1_633' title='bbox 2135 4182 2254 4236; x_wconf 92' lang='grc' dir='ltr'>ρας.</span> <span class='ocrx_word' id='word_1_634' title='bbox 2293 4166 2437 4236; x_wconf 77' lang='grc' dir='ltr'>Ἀρα</span> <span class='ocrx_word' id='word_1_635' title='bbox 2487 4164 2840 4218; x_wconf 78' lang='grc' dir='ltr'>ὑπολείπεται</span> <span class='ocrx_word' id='word_1_636' title='bbox 2893 4163 3266 4235; x_wconf 74' lang='grc' dir='ltr'>σαϐϐατισμὸς</span> <span class='ocrx_word' id='word_1_637' title='bbox 3317 4163 3397 4233; x_wconf 81' lang='grc' dir='ltr'>τῷ</span> <span class='ocrx_word' id='word_1_638' title='bbox 3443 4162 3562 4234; x_wconf 87' lang='grc' dir='ltr'><strong>λαῷ</strong></span> <span class='ocrx_word' id='word_1_639' title='bbox 3618 4162 3713 4215; x_wconf 89' lang='grc' dir='ltr'><strong>τοῦ</strong></span> 
     </span>
    </p>
   </div>
   <div class='ocr_carea' id='block_1_86' title="bbox 2131 4256 3716 4327">
    <p class='ocr_par' dir='ltr' id='par_1_86' title="bbox 2131 4256 3716 4327">
     <span class='ocr_line' id='line_1_86' title="bbox 2131 4256 3716 4327; baseline -0.001 -19"><span class='ocrx_word' id='word_1_640' title='bbox 2131 4256 2290 4311; x_wconf 84' lang='grc' dir='ltr'>Θεοῦ.</span> <span class='ocrx_word' id='word_1_641' title='bbox 2323 4275 2342 4309; x_wconf 74' lang='grc' dir='ltr'><strong>ι</strong></span> <span class='ocrx_word' id='word_1_642' title='bbox 2379 4287 2446 4299; x_wconf 91' lang='grc'><strong>-</strong></span> <span class='ocrx_word' id='word_1_643' title='bbox 2471 4274 2491 4307; x_wconf 75' lang='grc' dir='ltr'><strong>ι</strong></span> <span class='ocrx_word' id='word_1_644' title='bbox 2526 4257 2591 4310; x_wconf 83' lang='grc' dir='ltr'>Εἰ</span> <span class='ocrx_word' id='word_1_645' title='bbox 2645 4256 2752 4327; x_wconf 85' lang='grc' dir='ltr'>γὰρ</span> <span class='ocrx_word' id='word_1_646' title='bbox 2793 4257 3022 4321; x_wconf 80' lang='grc' dir='ltr'>αὐτοὺς,</span> <span class='ocrx_word' id='word_1_647' title='bbox 3072 4257 3237 4325; x_wconf 69' lang='grc' dir='ltr'>φησιν</span> <span class='ocrx_word' id='word_1_648' title='bbox 3261 4295 3276 4317; x_wconf 88' lang='grc'><strong>,</strong></span> <span class='ocrx_word' id='word_1_649' title='bbox 3311 4256 3518 4318; x_wconf 74' lang='grc' dir='ltr'>ἐκεῖνος</span> <span class='ocrx_word' id='word_1_650' title='bbox 3587 4270 3716 4309; x_wconf 81' lang='grc' dir='ltr'>κατ-</span> 
     </span>
    </p>
   </div>
   <div class='ocr_carea' id='block_1_87' title="bbox 428 4346 2044 4442">
    <p class='ocr_par' dir='ltr' id='par_1_87' title="bbox 428 4347 2029 4418">
     <span class='ocr_line' id='line_1_87' title="bbox 428 4347 2029 4418; baseline -0.004 -10"><span class='ocrx_word' id='word_1_651' title='bbox 428 4394 431 4397; x_wconf 53' lang='grc' dir='ltr'>μ</span> <span class='ocrx_word' id='word_1_652' title='bbox 472 4354 538 4408; x_wconf 86' lang='lat' dir='ltr'><strong>de</strong></span> <span class='ocrx_word' id='word_1_653' title='bbox 560 4350 746 4418; x_wconf 88' lang='lat' dir='ltr'><strong>requie</strong></span> <span class='ocrx_word' id='word_1_654' title='bbox 775 4350 1050 4405; x_wconf 86' lang='lat' dir='ltr'><strong>disserens</strong></span> <span class='ocrx_word' id='word_1_655' title='bbox 1096 4349 1363 4404; x_wconf 79' lang='lat' dir='ltr'><strong>dixisset:</strong></span> <span class='ocrx_word' id='word_1_656' title='bbox 1405 4347 1575 4403; x_wconf 83' lang='lat' dir='ltr'><strong>Hodie</strong></span> <span class='ocrx_word' id='word_1_657' title='bbox 1618 4348 1662 4403; x_wconf 92' lang='lat' dir='ltr'><strong>si</strong></span> <span class='ocrx_word' id='word_1_658' title='bbox 1693 4362 1879 4403; x_wconf 86' lang='lat' dir='ltr'><strong>vocem</strong></span> <span class='ocrx_word' id='word_1_659' title='bbox 1911 4349 2029 4418; x_wconf 87' lang='lat' dir='ltr'><strong>ejus</strong></span> 
     </span>
    </p>
   </div>
   <div class='ocr_carea' id='block_1_88' title="bbox 2145 4346 3715 4442">
    <p class='ocr_par' dir='ltr' id='par_1_88' title="bbox 2145 4346 3715 4419">
     <span class='ocr_line' id='line_1_88' title="bbox 2145 4346 3715 4419; baseline -0.002 -18"><span class='ocrx_word' id='word_1_660' title='bbox 2145 4348 2392 4411; x_wconf 69' lang='grc' dir='ltr'>ἔπαυσεν,</span> <span class='ocrx_word' id='word_1_661' title='bbox 2425 4349 2525 4401; x_wconf 83' lang='grc' dir='ltr'>οὐκ</span> <span class='ocrx_word' id='word_1_662' title='bbox 2560 4349 2626 4402; x_wconf 85' lang='grc' dir='ltr'>ἂν</span> <span class='ocrx_word' id='word_1_663' title='bbox 2668 4350 2699 4401; x_wconf 89' lang='lat'><strong>6</strong></span> <span class='ocrx_word' id='word_1_664' title='bbox 2745 4348 2909 4401; x_wconf 72' lang='grc' dir='ltr'>Δαὸὶδ</span> <span class='ocrx_word' id='word_1_665' title='bbox 2945 4348 3082 4419; x_wconf 86' lang='grc' dir='ltr'>μετά</span> <span class='ocrx_word' id='word_1_666' title='bbox 3114 4347 3314 4409; x_wconf 82' lang='grc' dir='ltr'>πολλὰς</span> <span class='ocrx_word' id='word_1_667' title='bbox 3341 4346 3532 4413; x_wconf 83' lang='grc' dir='ltr'>γενεὰς</span> <span class='ocrx_word' id='word_1_668' title='bbox 3586 4347 3715 4415; x_wconf 76' lang='grc' dir='ltr'>περὶ</span> 
     </span>
    </p>
   </div>
   <div class='ocr_carea' id='block_1_89' title="bbox 468 4438 2044 4511">
    <p class='ocr_par' dir='ltr' id='par_1_89' title="bbox 468 4439 2027 4506">
     <span class='ocr_line' id='line_1_89' title="bbox 468 4439 2027 4506; baseline -0.003 -9"><span class='ocrx_word' id='word_1_669' title='bbox 468 4439 771 4505; x_wconf 85' lang='lat' dir='ltr'><strong>audieritis,</strong></span> <span class='ocrx_word' id='word_1_670' title='bbox 823 4439 992 4494; x_wconf 89' lang='lat' dir='ltr'><strong>nolite</strong></span> <span class='ocrx_word' id='word_1_671' title='bbox 1028 4439 1298 4495; x_wconf 81' lang='lat' dir='ltr'><strong>obdurare</strong></span> <span class='ocrx_word' id='word_1_672' title='bbox 1338 4439 1501 4494; x_wconf 90' lang='lat' dir='ltr'><strong>corda</strong></span> <span class='ocrx_word' id='word_1_673' title='bbox 1532 4448 1730 4506; x_wconf 89' lang='lat' dir='ltr'><strong>vestra,</strong></span> <span class='ocrx_word' id='word_1_674' title='bbox 1784 4439 1926 4494; x_wconf 83' lang='lat' dir='ltr'><strong>sicut</strong></span> <span class='ocrx_word' id='word_1_675' title='bbox 1971 4439 2027 4493; x_wconf 91' lang='lat' dir='ltr'><strong>in</strong></span> 
     </span>
    </p>
   </div>
   <div class='ocr_carea' id='block_1_90' title="bbox 2145 4438 3714 4511">
    <p class='ocr_par' dir='ltr' id='par_1_90' title="bbox 2145 4438 3714 4511">
     <span class='ocr_line' id='line_1_90' title="bbox 2145 4438 3714 4511; baseline -0.001 -18"><span class='ocrx_word' id='word_1_676' title='bbox 2145 4440 2528 4504; x_wconf 68' lang='grc' dir='ltr'>καταπαύσεως</span> <span class='ocrx_word' id='word_1_677' title='bbox 2565 4440 2941 4511; x_wconf 80' lang='grc' dir='ltr'>διαλεγόμενος</span> <span class='ocrx_word' id='word_1_678' title='bbox 2982 4438 3169 4507; x_wconf 66' lang='grc' dir='ltr'>ἔλεγε·</span> <span class='ocrx_word' id='word_1_679' title='bbox 3203 4440 3452 4510; x_wconf 85' lang='grc' dir='ltr'>Σήμερον</span> <span class='ocrx_word' id='word_1_680' title='bbox 3478 4440 3579 4492; x_wconf 77' lang='grc' dir='ltr'><strong>ἐὰν</strong></span> <span class='ocrx_word' id='word_1_681' title='bbox 3613 4441 3714 4508; x_wconf 82' lang='grc' dir='ltr'><strong>τῆς</strong></span> 
     </span>
    </p>
   </div>
   <div class='ocr_carea' id='block_1_91' title="bbox 465 4531 2030 4604">
    <p class='ocr_par' dir='ltr' id='par_1_91' title="bbox 465 4531 2030 4604">
     <span class='ocr_line' id='line_1_91' title="bbox 465 4531 2030 4604; baseline -0.001 -16"><span class='ocrx_word' id='word_1_682' title='bbox 465 4531 1002 4589; x_wconf 68' lang='lat' dir='ltr'><strong>exacerbatione&quot;.r</strong></span> <span class='ocrx_word' id='word_1_683' title='bbox 1066 4531 1229 4604; x_wconf 59' lang='lat'><strong>5.97</strong></span> <span class='ocrx_word' id='word_1_684' title='bbox 1272 4548 1292 4584; x_wconf 77' lang='grc' dir='ltr'><strong>ι</strong></span> <span class='ocrx_word' id='word_1_685' title='bbox 1320 4531 1614 4599; x_wconf 88' lang='lat' dir='ltr'><strong>Quocirca,</strong></span> <span class='ocrx_word' id='word_1_686' title='bbox 1658 4532 1873 4603; x_wconf 88' lang='lat' dir='ltr'><strong>inquit,</strong></span> <span class='ocrx_word' id='word_1_687' title='bbox 1900 4546 2030 4588; x_wconf 86' lang='lat' dir='ltr'><strong>vera</strong></span> 
     </span>
    </p>
   </div>
   <div class='ocr_carea' id='block_1_92' title="bbox 466 4622 2032 4694">
    <p class='ocr_par' dir='ltr' id='par_1_92' title="bbox 466 4622 2032 4694">
     <span class='ocr_line' id='line_1_92' title="bbox 466 4622 2032 4694; baseline -0.002 -13"><span class='ocrx_word' id='word_1_688' title='bbox 466 4624 682 4694; x_wconf 86' lang='lat' dir='ltr'><strong>requies</strong></span> <span class='ocrx_word' id='word_1_689' title='bbox 704 4624 900 4694; x_wconf 89' lang='lat' dir='ltr'><strong>popqu</strong></span> <span class='ocrx_word' id='word_1_690' title='bbox 923 4622 1052 4690; x_wconf 88' lang='lat' dir='ltr'><strong>Del;</strong></span> <span class='ocrx_word' id='word_1_691' title='bbox 1076 4642 1095 4675; x_wconf 73' lang='grc' dir='ltr'><strong>ι</strong></span> <span class='ocrx_word' id='word_1_692' title='bbox 1129 4627 1230 4679; x_wconf 82' lang='lat' dir='ltr'><strong>hoc</strong></span> <span class='ocrx_word' id='word_1_693' title='bbox 1256 4632 1340 4678; x_wconf 89' lang='lat' dir='ltr'><strong>est</strong></span> <span class='ocrx_word' id='word_1_694' title='bbox 1364 4622 1471 4679; x_wconf 90' lang='lat' dir='ltr'><strong>illis</strong></span> <span class='ocrx_word' id='word_1_695' title='bbox 1491 4624 1581 4692; x_wconf 90' lang='lat' dir='ltr'><strong>qui</strong></span> <span class='ocrx_word' id='word_1_696' title='bbox 1602 4633 1888 4693; x_wconf 74' lang='lat' dir='ltr'><strong>postquam</strong></span> <span class='ocrx_word' id='word_1_697' title='bbox 1919 4637 2032 4679; x_wconf 84' lang='lat' dir='ltr'><strong>cre-</strong></span> 
     </span>
    </p>
   </div>
   <div class='ocr_carea' id='block_1_93' title="bbox 466 4713 2031 4785">
    <p class='ocr_par' dir='ltr' id='par_1_93' title="bbox 466 4713 2031 4785">
     <span class='ocr_line' id='line_1_93' title="bbox 466 4713 2031 4785; baseline -0.002 -12"><span class='ocrx_word' id='word_1_698' title='bbox 466 4716 741 4781; x_wconf 87' lang='lat' dir='ltr'><strong>dideruut,</strong></span> <span class='ocrx_word' id='word_1_699' title='bbox 756 4715 922 4770; x_wconf 86' lang='lat' dir='ltr'><strong>vitam</strong></span> <span class='ocrx_word' id='word_1_700' title='bbox 944 4729 1158 4785; x_wconf 88' lang='lat' dir='ltr'><strong>quoque</strong></span> <span class='ocrx_word' id='word_1_701' title='bbox 1184 4713 1505 4769; x_wconf 87' lang='lat' dir='ltr'><strong>laudabilem</strong></span> <span class='ocrx_word' id='word_1_702' title='bbox 1528 4714 1916 4785; x_wconf 73' lang='lat' dir='ltr'><strong>adiunxerunt,</strong></span> <span class='ocrx_word' id='word_1_703' title='bbox 1946 4729 2031 4770; x_wconf 86' lang='lat' dir='ltr'><strong>re-</strong></span> 
     </span>
    </p>
   </div>
   <div class='ocr_carea' id='block_1_94' title="bbox 463 4804 2028 4877">
    <p class='ocr_par' dir='ltr' id='par_1_94' title="bbox 463 4804 2028 4877">
     <span class='ocr_line' id='line_1_94' title="bbox 463 4804 2028 4877; baseline 0 -17"><span class='ocrx_word' id='word_1_704' title='bbox 463 4807 639 4877; x_wconf 85' lang='lat' dir='ltr'><strong>posita</strong></span> <span class='ocrx_word' id='word_1_705' title='bbox 666 4814 771 4871; x_wconf 92' lang='lat' dir='ltr'><strong>est,</strong></span> <span class='ocrx_word' id='word_1_706' title='bbox 796 4820 917 4876; x_wconf 65' lang='lat' dir='ltr'><strong>quae</strong></span> <span class='ocrx_word' id='word_1_707' title='bbox 948 4820 1051 4861; x_wconf 90' lang='lat' dir='ltr'><strong>non</strong></span> <span class='ocrx_word' id='word_1_708' title='bbox 1083 4807 1135 4860; x_wconf 90' lang='lat' dir='ltr'><strong>in</strong></span> <span class='ocrx_word' id='word_1_709' title='bbox 1161 4805 1443 4860; x_wconf 67' lang='lat' dir='ltr'><strong>Palaestina</strong></span> <span class='ocrx_word' id='word_1_710' title='bbox 1470 4847 1485 4874; x_wconf 97' lang='lat'><strong>,</strong></span> <span class='ocrx_word' id='word_1_711' title='bbox 1515 4805 1610 4862; x_wconf 89' lang='lat' dir='ltr'><strong>sed</strong></span> <span class='ocrx_word' id='word_1_712' title='bbox 1647 4806 1702 4861; x_wconf 88' lang='lat' dir='ltr'><strong>in</strong></span> <span class='ocrx_word' id='word_1_713' title='bbox 1726 4804 2028 4862; x_wconf 79' lang='lat' dir='ltr'><strong>Jerusalem</strong></span> 
     </span>
    </p>
   </div>
   <div class='ocr_carea' id='block_1_95' title="bbox 464 4896 1326 4968">
    <p class='ocr_par' dir='ltr' id='par_1_95' title="bbox 464 4896 1326 4968">
     <span class='ocr_line' id='line_1_95' title="bbox 464 4896 1326 4968; baseline -0.002 -15"><span class='ocrx_word' id='word_1_714' title='bbox 464 4898 902 4968; x_wconf 83' lang='lat' dir='ltr'><strong>supramundana</strong></span> <span class='ocrx_word' id='word_1_715' title='bbox 931 4906 1016 4954; x_wconf 89' lang='lat' dir='ltr'><strong>est</strong></span> <span class='ocrx_word' id='word_1_716' title='bbox 1041 4896 1326 4953; x_wconf 87' lang='lat' dir='ltr'><strong>adornata.</strong></span> 
     </span>
    </p>
   </div>
   <div class='ocr_carea' id='block_1_96' title="bbox 537 5160 1744 5230">
    <p class='ocr_par' dir='ltr' id='par_1_96' title="bbox 537 5160 1744 5230">
     <span class='ocr_line' id='line_1_96' title="bbox 537 5160 1744 5230; baseline 0 -14"><span class='ocrx_word' id='word_1_717' title='bbox 537 5161 585 5195; x_wconf 80' lang='grc'><strong>³⁸</strong></span> <span class='ocrx_word' id='word_1_718' title='bbox 616 5160 777 5218; x_wconf 83' lang='lat' dir='ltr'><strong>llebr.</strong></span> <span class='ocrx_word' id='word_1_719' title='bbox 815 5177 891 5230; x_wconf 85' lang='lat' dir='ltr'><strong>tv,</strong></span> <span class='ocrx_word' id='word_1_720' title='bbox 918 5160 974 5227; x_wconf 84' lang='lat'><strong>8,</strong></span> <span class='ocrx_word' id='word_1_721' title='bbox 1003 5162 1058 5218; x_wconf 90' lang='lat'><strong>9.</strong></span> <span class='ocrx_word' id='word_1_722' title='bbox 1135 5162 1182 5194; x_wconf 82' lang='lat'><strong>&quot;</strong></span> <span class='ocrx_word' id='word_1_723' title='bbox 1208 5161 1341 5219; x_wconf 84' lang='lat' dir='ltr'><strong>ibid.</strong></span> <span class='ocrx_word' id='word_1_724' title='bbox 1370 5161 1416 5194; x_wconf 76' lang='lat'><strong>‘°</strong></span> <span class='ocrx_word' id='word_1_725' title='bbox 1451 5160 1580 5218; x_wconf 79' lang='lat' dir='ltr'><strong>ibid;</strong></span> <span class='ocrx_word' id='word_1_726' title='bbox 1607 5161 1662 5229; x_wconf 84' lang='lat'><strong>6,</strong></span> <span class='ocrx_word' id='word_1_727' title='bbox 1692 5160 1744 5216; x_wconf 88' lang='lat'><strong>7.</strong></span> 
     </span>
    </p>
   </div>
   <div class='ocr_carea' id='block_1_97' title="bbox 2132 4529 3716 4601">
    <p class='ocr_par' dir='ltr' id='par_1_97' title="bbox 2132 4529 3716 4601">
     <span class='ocr_line' id='line_1_97' title="bbox 2132 4529 3716 4601; baseline -0.001 -18"><span class='ocrx_word' id='word_1_728' title='bbox 2132 4529 2318 4600; x_wconf 81' lang='grc' dir='ltr'>φωνῆς</span> <span class='ocrx_word' id='word_1_729' title='bbox 2362 4530 2527 4583; x_wconf 84' lang='grc' dir='ltr'>αὑτοῦ</span> <span class='ocrx_word' id='word_1_730' title='bbox 2569 4531 2839 4601; x_wconf 80' lang='grc' dir='ltr'>ἀκούσητε</span> <span class='ocrx_word' id='word_1_731' title='bbox 2864 4569 2880 4593; x_wconf 94' lang='grc'><strong>,</strong></span> <span class='ocrx_word' id='word_1_732' title='bbox 2920 4530 2994 4601; x_wconf 83' lang='grc' dir='ltr'>μὴ</span> <span class='ocrx_word' id='word_1_733' title='bbox 3044 4529 3381 4600; x_wconf 86' lang='grc' dir='ltr'>σκληρύνητε</span> <span class='ocrx_word' id='word_1_734' title='bbox 3421 4529 3526 4591; x_wconf 79' lang='grc' dir='ltr'>τὰς</span> <span class='ocrx_word' id='word_1_735' title='bbox 3577 4546 3716 4599; x_wconf 87' lang='grc' dir='ltr'>καρ-</span> 
     </span>
    </p>
   </div>
   <div class='ocr_carea' id='block_1_98' title="bbox 2129 4620 3715 4692">
    <p class='ocr_par' dir='ltr' id='par_1_98' title="bbox 2129 4620 3715 4692">
     <span class='ocr_line' id='line_1_98' title="bbox 2129 4620 3715 4692; baseline 0 -19"><span class='ocrx_word' id='word_1_736' title='bbox 2129 4620 2248 4684; x_wconf 89' lang='grc' dir='ltr'>δίας</span> <span class='ocrx_word' id='word_1_737' title='bbox 2298 4620 2472 4692; x_wconf 80' lang='grc' dir='ltr'>ὑμῶν,</span> <span class='ocrx_word' id='word_1_738' title='bbox 2506 4621 2583 4684; x_wconf 80' lang='grc' dir='ltr'>ὡς</span> <span class='ocrx_word' id='word_1_739' title='bbox 2628 4624 2686 4674; x_wconf 80' lang='grc' dir='ltr'>ὲν</span> <span class='ocrx_word' id='word_1_740' title='bbox 2717 4621 2795 4692; x_wconf 86' lang='grc' dir='ltr'>τῷ</span> <span class='ocrx_word' id='word_1_741' title='bbox 2845 4620 3324 4692; x_wconf 79' lang='grc' dir='ltr'>παραπικρασμῷ.</span> <span class='ocrx_word' id='word_1_742' title='bbox 3364 4639 3385 4674; x_wconf 74' lang='grc' dir='ltr'><strong>ι</strong></span> <span class='ocrx_word' id='word_1_743' title='bbox 3433 4649 3505 4661; x_wconf 75' lang='grc' dir='ltr'><strong>η-</strong></span> <span class='ocrx_word' id='word_1_744' title='bbox 3544 4639 3566 4673; x_wconf 79' lang='grc'><strong>(</strong></span> <span class='ocrx_word' id='word_1_745' title='bbox 3616 4620 3715 4673; x_wconf 83' lang='grc' dir='ltr'><strong>Οὑ-</strong></span> 
     </span>
    </p>
   </div>
   <div class='ocr_carea' id='block_1_99' title="bbox 2138 4709 3714 4783">
    <p class='ocr_par' dir='ltr' id='par_1_99' title="bbox 2138 4709 3714 4783">
     <span class='ocr_line' id='line_1_99' title="bbox 2138 4709 3714 4783; baseline 0 -20"><span class='ocrx_word' id='word_1_746' title='bbox 2138 4710 2304 4777; x_wconf 83' lang='grc' dir='ltr'>κοῦν,</span> <span class='ocrx_word' id='word_1_747' title='bbox 2354 4712 2555 4782; x_wconf 75' lang='grc' dir='ltr'>φησὶν,</span> <span class='ocrx_word' id='word_1_748' title='bbox 2600 4713 2636 4783; x_wconf 76' lang='grc' dir='ltr'>ἡ</span> <span class='ocrx_word' id='word_1_749' title='bbox 2689 4712 2918 4783; x_wconf 79' lang='grc' dir='ltr'>ἀληθινὴ</span> <span class='ocrx_word' id='word_1_750' title='bbox 2968 4713 3269 4774; x_wconf 84' lang='grc' dir='ltr'>ἀνάπαυσις</span> <span class='ocrx_word' id='word_1_751' title='bbox 3320 4710 3399 4781; x_wconf 83' lang='grc' dir='ltr'>τῷ</span> <span class='ocrx_word' id='word_1_752' title='bbox 3443 4710 3564 4780; x_wconf 87' lang='grc' dir='ltr'><strong>λαῷ</strong></span> <span class='ocrx_word' id='word_1_753' title='bbox 3618 4709 3714 4763; x_wconf 88' lang='grc' dir='ltr'><strong>τοῦ</strong></span> 
     </span>
    </p>
   </div>
   <div class='ocr_carea' id='block_1_100' title="bbox 2134 4799 3707 4873">
    <p class='ocr_par' dir='ltr' id='par_1_100' title="bbox 2134 4799 3707 4873">
     <span class='ocr_line' id='line_1_100' title="bbox 2134 4799 3707 4873; baseline -0.001 -20"><span class='ocrx_word' id='word_1_754' title='bbox 2134 4799 2296 4865; x_wconf 86' lang='grc' dir='ltr'>Θεοῦ,</span> <span class='ocrx_word' id='word_1_755' title='bbox 2330 4819 2351 4853; x_wconf 71' lang='grc' dir='ltr'><strong>ι</strong></span> <span class='ocrx_word' id='word_1_756' title='bbox 2382 4800 2528 4854; x_wconf 86' lang='grc' dir='ltr'>τοῦτ’</span> <span class='ocrx_word' id='word_1_757' title='bbox 2560 4802 2696 4866; x_wconf 73' lang='grc' dir='ltr'>ἐστι,</span> <span class='ocrx_word' id='word_1_758' title='bbox 2725 4805 2838 4867; x_wconf 80' lang='grc' dir='ltr'>τοῖς</span> <span class='ocrx_word' id='word_1_759' title='bbox 2878 4803 3182 4873; x_wconf 85' lang='grc' dir='ltr'>εύδοκίμως</span> <span class='ocrx_word' id='word_1_760' title='bbox 3218 4802 3361 4873; x_wconf 83' lang='grc' dir='ltr'>μετὰ</span> <span class='ocrx_word' id='word_1_761' title='bbox 3381 4802 3485 4873; x_wconf 79' lang='grc' dir='ltr'>τὴν</span> <span class='ocrx_word' id='word_1_762' title='bbox 3514 4803 3707 4855; x_wconf 86' lang='grc' dir='ltr'>πίστιν</span> 
     </span>
    </p>
   </div>
   <div class='ocr_carea' id='block_1_101' title="bbox 2136 4892 3712 4966">
    <p class='ocr_par' dir='ltr' id='par_1_101' title="bbox 2136 4892 3712 4966">
     <span class='ocr_line' id='line_1_101' title="bbox 2136 4892 3712 4966; baseline 0.001 -22"><span class='ocrx_word' id='word_1_763' title='bbox 2136 4892 2635 4964; x_wconf 84' lang='grc' dir='ltr'>πολιτευσαμένοις,</span> <span class='ocrx_word' id='word_1_764' title='bbox 2673 4895 2985 4959; x_wconf 82' lang='grc' dir='ltr'>ἀπόκειται,</span> <span class='ocrx_word' id='word_1_765' title='bbox 3019 4896 3121 4949; x_wconf 81' lang='grc' dir='ltr'>οὐκ</span> <span class='ocrx_word' id='word_1_766' title='bbox 3163 4897 3221 4949; x_wconf 83' lang='grc' dir='ltr'>ὲν</span> <span class='ocrx_word' id='word_1_767' title='bbox 3252 4899 3321 4966; x_wconf 79' lang='grc' dir='ltr'>τῇ</span> <span class='ocrx_word' id='word_1_768' title='bbox 3349 4895 3712 4965; x_wconf 79' lang='grc' dir='ltr'>Παλαιστίνῃ,</span> 
     </span>
    </p>
   </div>
   <div class='ocr_carea' id='block_1_102' title="bbox 2136 4982 3710 5057">
    <p class='ocr_par' dir='ltr' id='par_1_102' title="bbox 2136 4982 3710 5057">
     <span class='ocr_line' id='line_1_102' title="bbox 2136 4982 3710 5057; baseline -0.001 -20"><span class='ocrx_word' id='word_1_769' title='bbox 2136 4982 2253 5037; x_wconf 85' lang='grc' dir='ltr'>ἀλλ’</span> <span class='ocrx_word' id='word_1_770' title='bbox 2284 4984 2343 5035; x_wconf 82' lang='grc' dir='ltr'>ὲν</span> <span class='ocrx_word' id='word_1_771' title='bbox 2372 4987 2439 5054; x_wconf 81' lang='grc' dir='ltr'><strong>τῇ</strong></span> <span class='ocrx_word' id='word_1_772' title='bbox 2472 4985 2829 5057; x_wconf 83' lang='grc' dir='ltr'>ὑπερκοσμίῳ</span> <span class='ocrx_word' id='word_1_773' title='bbox 2882 4986 3235 5057; x_wconf 84' lang='grc' dir='ltr'>Ἰερουσαλὴμ</span> <span class='ocrx_word' id='word_1_774' title='bbox 3264 4986 3710 5057; x_wconf 56' lang='grc' dir='ltr'>εὐτρεπισοεῖσα.</span> 
     </span>
    </p>
   </div>
   <div class='ocr_carea' id='block_1_103' title="bbox 1556 5313 2609 5374">
    <p class='ocr_par' dir='ltr' id='par_1_103' title="bbox 1556 5313 2609 5374">
     <span class='ocr_line' id='line_1_103' title="bbox 1556 5313 2609 5374; baseline 0.002 -3"><span class='ocrx_word' id='word_1_775' title='bbox 1556 5314 1792 5371; x_wconf 76' lang='lat' dir='ltr'><strong>VARUE</strong></span> <span class='ocrx_word' id='word_1_776' title='bbox 1828 5313 2215 5373; x_wconf 84' lang='lat' dir='ltr'><strong>LECTIONES</strong></span> <span class='ocrx_word' id='word_1_777' title='bbox 2252 5315 2341 5371; x_wconf 86' lang='lat' dir='ltr'><strong>ET</strong></span> <span class='ocrx_word' id='word_1_778' title='bbox 2376 5314 2609 5374; x_wconf 72' lang='grc' dir='ltr'><strong>ΝΟΤᾸΞ.</strong></span> 
     </span>
    </p>
   </div>
   <div class='ocr_carea' id='block_1_104' title="bbox 532 5496 1937 5633">
    <p class='ocr_par' dir='ltr' id='par_1_104' title="bbox 532 5496 1937 5633">
     <span class='ocr_line' id='line_1_104' title="bbox 532 5496 1937 5633; baseline 0.002 -78"><span class='ocrx_word' id='word_1_779' title='bbox 532 5500 649 5633; x_wconf 63' lang='grc'><strong>(69)</strong></span> <span class='ocrx_word' id='word_1_780' title='bbox 673 5500 776 5591; x_wconf 50' lang='grc' dir='ltr'><strong>ἷξε-ο</strong></span> <span class='ocrx_word' id='word_1_781' title='bbox 798 5518 933 5586; x_wconf 62' lang='grc' dir='ltr'>ηκρν</span> <span class='ocrx_word' id='word_1_782' title='bbox 960 5502 1102 5557; x_wconf 90' lang='lat' dir='ltr'><strong>idem</strong></span> <span class='ocrx_word' id='word_1_783' title='bbox 1130 5502 1480 5589; x_wconf 46' lang='lat' dir='ltr'><strong>cod..scri&#39;bit</strong></span> <span class='ocrx_word' id='word_1_784' title='bbox 1509 5496 1689 5575; x_wconf 77' lang='grc' dir='ltr'>ἦλθεν.</span> <span class='ocrx_word' id='word_1_785' title='bbox 1730 5502 1937 5558; x_wconf 74' lang='lat' dir='ltr'><strong>Possm.</strong></span> 
     </span>
     <span class='ocr_line' id='line_1_105' title="bbox 533 5570 1937 5633; baseline 0.009 -12"><span class='ocrx_word' id='word_1_786' title='bbox 533 5570 628 5633; x_wconf 84' lang='lat'><strong>(&#39;10</strong></span> <span class='ocrx_word' id='word_1_787' title='bbox 673 5588 817 5624; x_wconf 89' lang='grc' dir='ltr'>ουτοι</span> <span class='ocrx_word' id='word_1_788' title='bbox 864 5573 1004 5625; x_wconf 75' lang='lat' dir='ltr'><strong>idem</strong></span> <span class='ocrx_word' id='word_1_789' title='bbox 1041 5581 1211 5626; x_wconf 88' lang='lat' dir='ltr'><strong>mutat</strong></span> <span class='ocrx_word' id='word_1_790' title='bbox 1267 5588 1318 5627; x_wconf 85' lang='lat' dir='ltr'><strong>In</strong></span> <span class='ocrx_word' id='word_1_791' title='bbox 1362 5589 1525 5628; x_wconf 83' lang='grc' dir='ltr'>ουτω.</span> <span class='ocrx_word' id='word_1_792' title='bbox 1571 5572 1726 5629; x_wconf 85' lang='lat' dir='ltr'><strong>Vers.</strong></span> <span class='ocrx_word' id='word_1_793' title='bbox 1757 5589 1871 5633; x_wconf 78' lang='lat' dir='ltr'><strong>seu.</strong></span> <span class='ocrx_word' id='word_1_794' title='bbox 1926 5592 1937 5633; x_wconf 93' lang='lat' dir='ltr'><strong>l</strong></span> 
     </span>
    </p>
   </div>
   <div class='ocr_carea' id='block_1_105' title="bbox 533 5565 2023 5644">
    <p class='ocr_par' dir='ltr' id='par_1_105' title="bbox 533 5565 2023 5644">
     <span class='ocr_line' id='line_1_106' title="bbox 533 5565 2023 5644; baseline 0.004 -23"><span class='ocrx_word' id='word_1_795' title='bbox 533 5565 649 5639; x_wconf 81' lang='lat'><strong>(&#39;10)</strong></span> <span class='ocrx_word' id='word_1_796' title='bbox 673 5565 833 5644; x_wconf 62' lang='grc' dir='ltr'>οὗτοί</span> <span class='ocrx_word' id='word_1_797' title='bbox 857 5573 1211 5644; x_wconf 75' lang='lat' dir='ltr'><strong>_idem_mutat</strong></span> <span class='ocrx_word' id='word_1_798' title='bbox 1267 5572 1318 5627; x_wconf 92' lang='lat' dir='ltr'><strong>in</strong></span> <span class='ocrx_word' id='word_1_799' title='bbox 1362 5565 1726 5629; x_wconf 55' lang='grc' dir='ltr'>οὓτωξνοτε.</span> <span class='ocrx_word' id='word_1_800' title='bbox 1757 5589 1871 5643; x_wconf 84' lang='lat' dir='ltr'><strong>seq.</strong></span> <span class='ocrx_word' id='word_1_801' title='bbox 1926 5587 2023 5644; x_wconf 89' lang='lat' dir='ltr'><strong>pro</strong></span> 
     </span>
    </p>
   </div>
   <div class='ocr_carea' id='block_1_106' title="bbox 462 5636 1093 5709">
    <p class='ocr_par' dir='ltr' id='par_1_106' title="bbox 462 5636 1093 5709">
     <span class='ocr_line' id='line_1_107' title="bbox 462 5636 1093 5709; baseline 0.003 -17"><span class='ocrx_word' id='word_1_802' title='bbox 462 5636 560 5708; x_wconf 81' lang='grc' dir='ltr'>τὴν</span> <span class='ocrx_word' id='word_1_803' title='bbox 591 5640 781 5695; x_wconf 86' lang='lat' dir='ltr'><strong>scribit</strong></span> <span class='ocrx_word' id='word_1_804' title='bbox 811 5639 988 5709; x_wconf 84' lang='grc' dir='ltr'>τήνδε.</span> <span class='ocrx_word' id='word_1_805' title='bbox 1018 5638 1093 5694; x_wconf 81' lang='lat' dir='ltr'><strong>la.</strong></span> 
     </span>
    </p>
   </div>
   <div class='ocr_carea' id='block_1_107' title="bbox 2201 5502 3715 5579">
    <p class='ocr_par' dir='ltr' id='par_1_107' title="bbox 2201 5502 3715 5579">
     <span class='ocr_line' id='line_1_108' title="bbox 2201 5502 3715 5579; baseline 0.001 -22"><span class='ocrx_word' id='word_1_806' title='bbox 2201 5502 2311 5574; x_wconf 74' lang='lat' dir='ltr'><strong>(7i)</strong></span> <span class='ocrx_word' id='word_1_807' title='bbox 2336 5502 2482 5559; x_wconf 81' lang='lat' dir='ltr'><strong>Inter</strong></span> <span class='ocrx_word' id='word_1_808' title='bbox 2501 5504 2588 5558; x_wconf 78' lang='grc' dir='ltr'><strong>ἵνα</strong></span> <span class='ocrx_word' id='word_1_809' title='bbox 2612 5512 2667 5579; x_wconf 80' lang='lat' dir='ltr'><strong>et</strong></span> <span class='ocrx_word' id='word_1_810' title='bbox 2695 5505 2769 5579; x_wconf 80' lang='grc' dir='ltr'>μὴ</span> <span class='ocrx_word' id='word_1_811' title='bbox 2796 5506 2935 5579; x_wconf 81' lang='lat' dir='ltr'><strong>idem</strong></span> <span class='ocrx_word' id='word_1_812' title='bbox 2964 5505 3155 5561; x_wconf 85' lang='lat' dir='ltr'><strong>inserit</strong></span> <span class='ocrx_word' id='word_1_813' title='bbox 3186 5504 3370 5579; x_wconf 75' lang='grc' dir='ltr'>μόνον.</span> <span class='ocrx_word' id='word_1_814' title='bbox 3394 5504 3715 5579; x_wconf 76' lang='lat' dir='ltr'><strong>Vers._inde</strong></span> 
     </span>
    </p>
   </div>
   <div class='ocr_carea' id='block_1_108' title="bbox 2128 5574 3710 5641">
    <p class='ocr_par' dir='ltr' id='par_1_108' title="bbox 2128 5574 3710 5641">
     <span class='ocr_line' id='line_1_109' title="bbox 2128 5574 3710 5641; baseline -0.001 -14"><span class='ocrx_word' id='word_1_815' title='bbox 2128 5574 2183 5634; x_wconf 81' lang='grc'>5,</span> <span class='ocrx_word' id='word_1_816' title='bbox 2232 5589 2327 5641; x_wconf 88' lang='lat' dir='ltr'><strong>pro</strong></span> <span class='ocrx_word' id='word_1_817' title='bbox 2378 5574 2779 5638; x_wconf 79' lang='grc' dir='ltr'>κατεσκεύαζον</span> <span class='ocrx_word' id='word_1_818' title='bbox 2835 5577 2997 5629; x_wconf 85' lang='lat' dir='ltr'><strong>habet</strong></span> <span class='ocrx_word' id='word_1_819' title='bbox 3044 5574 3477 5627; x_wconf 81' lang='grc' dir='ltr'>κατεσκεύασαν.</span> <span class='ocrx_word' id='word_1_820' title='bbox 3551 5575 3710 5627; x_wconf 72' lang='lat' dir='ltr'><strong>Vera.</strong></span> 
     </span>
    </p>
   </div>
   <div class='ocr_carea' id='block_1_109' title="bbox 2130 5641 3605 5715">
    <p class='ocr_par' dir='ltr' id='par_1_109' title="bbox 2130 5641 3605 5715">
     <span class='ocr_line' id='line_1_110' title="bbox 2130 5641 3605 5715; baseline 0.001 -21"><span class='ocrx_word' id='word_1_821' title='bbox 2130 5642 2227 5701; x_wconf 79' lang='lat' dir='ltr'><strong>ult.</strong></span> <span class='ocrx_word' id='word_1_822' title='bbox 2261 5657 2348 5713; x_wconf 82' lang='lat' dir='ltr'><strong>ep.</strong></span> <span class='ocrx_word' id='word_1_823' title='bbox 2378 5643 2625 5707; x_wconf 83' lang='grc' dir='ltr'>κολάσεις</span> <span class='ocrx_word' id='word_1_824' title='bbox 2660 5645 3001 5715; x_wconf 75' lang='lat' dir='ltr'><strong>singulariter</strong></span> <span class='ocrx_word' id='word_1_825' title='bbox 3032 5644 3211 5709; x_wconf 67' lang='lat' dir='ltr'><strong>effert,</strong></span> <span class='ocrx_word' id='word_1_826' title='bbox 3242 5644 3483 5698; x_wconf 83' lang='grc' dir='ltr'>κόλασιν.</span> <span class='ocrx_word' id='word_1_827' title='bbox 3516 5641 3605 5695; x_wconf 80' lang='lat' dir='ltr'><strong>In.</strong></span> 
     </span>
    </p>
   </div>
  </div>
