4020 6140
353 256 486 321 1233

589 367 773 420 Ριιιιιν.
816 394 884 404 -
911 366 1170 437 [suum
1205 368 1502 437 ΔΙΑΚΟΝῼ
1522 368 1658 438 (τε).

511 459 614 521 Εἰς
638 458 724 520 τὸ,
764 474 782 508 ι
816 456 925 510 Καὶ
949 457 982 509 ὁ
1013 455 1233 510 ἀδικῶν
1261 457 1682 528 ἐνευλογεῖται.
1714 477 1732 510 ι

415 565 482 618 Τί
498 567 662 628 ἐστιν,
680 564 750 637 [ὃ]
778 565 931 636 ἔφης,
952 564 1035 630 τὺ,
1057 582 1074 616 t
1097 566 1206 618 Καὶ
1228 567 1255 617 6
1273 566 1471 618 ἀδικῶν
1497 567 1877 636 ἐνευλογεῖται;
1892 589 1909 622 ι

351 657 551 709 Ἀκουε
582 658 781 709 τοίνυν.
815 653 974 725 Παρά
1021 655 1081 707 τὸ
1118 650 1177 708 εὖ
1216 655 1467 722 λέγεσθαι
1501 657 1730 710 ἐνταῦθα
1763 658 1912 727 είρη-

350 764 439 800 ται
468 744 530 798 τὸ
562 745 893 816 εὐλογεῖται,
929 746 1070 798 τοῦτ’
1106 745 1252 797 ἐστιν
1281 747 1602 807 ἐπαινεῖται,
1632 746 1916 816 ἐγκωμιά-

350 835 501 900 ζεται
530 835 680 907 παρά
707 835 814 888 τῶν
848 836 1246 890 κολακευόντων
1273 836 1452 899 αὐτὸν,
1485 835 1578 888 καὶ
1607 836 1914 907 ἐπιτριϐόνο

350 945 458 981 των
494 927 658 980 αὐτοῦ
693 926 788 997 τὴν
819 927 1036 990 κακίαν,
1083 928 1178 979 καὶ
1223 926 1297 997 μὴ
1337 927 1588 997 αἴσθησιν
1627 928 1726 996 τῆς
1762 928 1917 980 νόσου

351 1017 439 1072 διὰ
465 1017 564 1086 τῆς
599 1016 809 1083 σιωπῆς
842 1018 1136 1086 ἐμποιῆσαι
1168 1016 1538 1085 ἀνεχομένων·
1588 1015 1667 1068 διὸ
1697 1017 1791 1069 καὶ
1828 1019 1921 1070 ἀν-

352 1109 578 1179 ήκεστος
609 1107 637 1158 ὁ
662 1106 900 1170 τοιοῦτος
926 1106 1253 1177 εὑρίσκεται.
1283 1108 1372 1176 Τῷ
1398 1107 1506 1177 γὰρ
1534 1106 1653 1177 μηδ’
1674 1107 1920 1177 αἴσθησιν

350 1197 444 1251 τοῦ
471 1197 675 1259 πάθους
701 1195 868 1265 ἔχειν,
898 1196 1190 1268 θεραπείαν
1223 1196 1344 1249 οὔτε
1373 1196 1525 1268 ζητεῖ
1550 1196 1673 1250 οὒτε
1703 1198 1922 1267 προσίε-

351 1305 463 1343 ται.
515 1287 625 1341 Καὶ
656 1286 814 1339 τοῦτό
856 1287 974 1339 ἐστι
1009 1287 1071 1339 τὸ
1115 1287 1332 1341 πάντων
1369 1287 1689 1352 δεινότατον,
1733 1288 1860 1339 ὅταν
1887 1289 1921 1359 ἡ

354 1380 522 1435 κακία
553 1380 872 1446 ἐπαινῆται,
904 1379 996 1430 καὶ
1038 1379 1174 1447 μηδὲ
1213 1379 1382 1432 κακία
1427 1374 1566 1431 εῖναι
1612 1378 1922 1448 νομίζηται.

353 1470 444 1523 Διὸ
477 1470 582 1539 χρὴ
621 1468 854 1539 μάλιστα
880 1468 996 1537 μὲν,
1025 1465 1072 1519 εί
1095 1467 1340 1532 δυνατὸν,
1368 1467 1610 1537 διορθοῦν
1639 1469 1729 1520 τὸν
1753 1469 1926 1521 τοιοῦ-

352 1577 462 1613 τον.
492 1559 554 1611 Ei
594 1558 649 1611 δέ
680 1559 790 1628 μὴ,
829 1557 962 1626 μηδὲ
992 1556 1329 1621 κολακεύειν,
1368 1559 1489 1628 μηδ’
1531 1559 1830 1627 ἐπιτρίϐειν
1866 1559 1924 1610 τὸ

355 1650 545 1711 πάθοςο
570 1647 707 1701 ἀλλά
743 1649 809 1716 τῇ
862 1650 1043 1717 σιωπῇ
1076 1646 1328 1715 αἴσθησιν
1358 1648 1505 1718 αὑτῷ
1538 1649 1637 1718 τῆς
1664 1649 1926 1719 πονηρίας

355 1740 622 1810 ἐμποιεῖν.
652 1737 714 1791 Εἰ
732 1738 789 1791 δὲ
817 1738 951 1808 μηδὲ
996 1737 1153 1791 τοῦτο
1182 1737 1425 1807 βούλοιτό
1455 1756 1537 1802 τις
1565 1741 1758 1804 ποιεῖν,
1789 1739 1920 1807 φεύ-

354 1847 472 1900 γειν
504 1829 905 1900 προτροπάδην·
943 1828 1029 1882 ἵνα
1063 1829 1136 1899 μὴ
1167 1830 1418 1892 κοινωνὸς
1451 1831 1549 1901 τῆς
1596 1832 1806 1894 ἀδικίας
1836 1831 1924 1884 διὰ

354 1923 451 1991 τῆς
478 1920 762 1983 κολακείας
795 1919 978 1990 ὀφθεὶς
1001 1958 1016 1982 ,
1061 1920 1313 1983 κοινωνὸς
1350 1921 1498 1991 αὐτῷ
1543 1921 1644 1975 κάν
1682 1925 1801 1984 ταῖς
1841 1939 1923 1975 τι-

361 2011 594 2082 μωρίαις
623 2010 852 2081 εὑρεθῇ.
884 2010 1094 2079 Ὠσπερ
1128 2011 1236 2079 γὰρ
1291 2010 1399 2079 (75)
1429 2013 1457 2064 ὁ
1488 2012 1566 2074 είς
1595 2011 1796 2082 ἀρετὴν
1842 2014 1928 2065 ἐν·

357 2100 506 2166 άγων
540 2097 929 2167 στεφανοῦται,
963 2097 1066 2151 κᾶν
1094 2097 1255 2166 μηδὲν
1283 2096 1453 2168 ἀνύσῃ
1489 2097 1570 2165 (τὸ
1593 2096 1701 2165 γὰρ
1734 2096 1926 2148 ἑαυτοῦ

359 2190 758 2261 πεπλήρωκεν)·
779 2188 919 2243 οὕτω
945 2189 1038 2242 καὶ
1061 2191 1090 2241 6
1116 2190 1193 2251 είς
1222 2187 1428 2241 ἀδικίαν
1447 2187 1681 2255 ἀλείφων
1705 2185 1928 2248 κολάζει

1165 256 1698 317 EPISTOLARUM
1737 257 1880 316 LIB.
1922 257 2019 318 IV.
2059 285 2127 294 —
2164 260 2398 320 EPIST.
2438 258 2687 319 CXLIX.

1941 375 1988 430 Α

3435 253 3569 314 1234

2281 369 2556 425 CXLVIII.
2592 397 2660 406 —
2690 363 2960 419 ISIDORO
2988 361 3298 417 DIACONO.

2086 457 2154 512 In
2179 458 2332 524 illud,
2363 476 2381 510 ι
2422 457 2487 510 Et
2517 457 2710 525 injuste
2736 469 2891 523 agens
2910 455 2963 506 in
2995 469 3054 506 eo
3079 452 3330 505 laudatur
3355 452 3421 504 “.
3459 470 3478 502 ι

2087 570 2398 638 ρυεετειιαε,
2461 568 2589 637 quid
2633 566 2735 621 sibi
2776 565 2936 620 vellet
2966 563 3119 628 illud,
3153 565 3293 634 quod
3333 565 3570 619 dicitur:

2024 680 2044 716 ‹
2095 663 2160 718 Et
2184 663 2380 730 injuste
2428 674 2593 729 agens
2642 660 2693 712 in
2748 673 2811 711 eo
2848 658 3203 712 benedicitur.
3246 675 3262 706 ι
3321 655 3574 710 Ausculta

2018 753 2203 824 igitur.
2251 752 2596 806 Benedicitur
2644 751 2745 804 hoc
2786 747 2902 802 loco
2936 750 3220 802 deductum
3271 755 3352 800 est
3395 746 3461 800 ab
3511 760 3576 800 eo

2019 845 2159 914 quod
2185 853 2268 897 est
2299 845 2433 897 bene
2461 842 2662 905 dicere,
2694 848 2749 894 et
2783 838 2922 891 valet
2952 837 3090 890 idem
3130 839 3268 904 quod
3309 837 3574 901 laudatur,

2021 933 2278 989 encomils
2305 941 2530 986 ornatur
2582 931 2649 984 ab
2681 929 3106 984 assentatoribus
3154 931 3303 991 suis,
3351 926 3442 995 qui
3479 927 3578 978 im-

2021 1024 2342 1093 probitatem
2377 1023 2543 1091 ipsius
2569 1021 2895 1079 demulcent,
2930 1034 2993 1073 ac
3021 1033 3087 1072 ne
3117 1033 3330 1072 sensum
3357 1016 3576 1086 quidem

2021 1114 2193 1168 morbi
2243 1128 2339 1167 suo
2385 1111 2602 1165 silentio
2649 1109 2697 1162 ei
2742 1109 3057 1176 ingenerare
3103 1107 3392 1160 sustinent.
3453 1105 3581 1171 Qure

2021 1217 2179 1256 causa
2211 1216 2422 1270 quoque
2447 1211 2527 1253 est
2550 1238 2565 1263 ,
2596 1214 2691 1252 cur
2733 1199 2852 1250 talis
2886 1197 3188 1250 inveniatur
3244 1194 3580 1250 incuraltilis.

2023 1292 2153 1346 Nam
2185 1291 2308 1359 quia
2346 1306 2410 1344 ne
2443 1305 2658 1344 sensum
2691 1289 2908 1356 quidem
2946 1287 3069 1340 mali
3120 1289 3298 1349 habet,
3356 1284 3584 1340 curatio-

2025 1399 2142 1438 nem
2173 1398 2270 1436 nec
2304 1381 2516 1448 quaerit,
2553 1395 2650 1433 nec
2683 1380 2938 1431 admittit.
2983 1380 3158 1445 Atque
3199 1378 3299 1429 hoc
3342 1376 3584 1428 omnium

2023 1485 2104 1529 est
2129 1474 2528 1542 gravissimum,
2565 1471 2779 1540 quando
2828 1469 3143 1534 improbitas
3194 1467 3465 1527 laudatur,
3524 1479 3588 1519 ac

2025 1581 2092 1619 ne
2143 1563 2358 1632 quidem
2420 1576 2518 1630 pro
2587 1559 2931 1629 improbitate
3000 1558 3248 1610 habetur.
3322 1556 3585 1623 Quocirca

2028 1655 2258 1708 maxime
2286 1652 2501 1722 quidem
2529 1653 2580 1705 in
2611 1652 2661 1706 id
2692 1650 3108 1705 incumbendum
3129 1658 3229 1713 est,
3265 1657 3343 1712 ut,
3395 1647 3438 1702 si
3467 1645 3586 1700 fieri

2030 1755 2223 1816 potest,
2270 1744 2429 1798 talem
2477 1743 2834 1811 corrigamus.
2894 1740 2988 1794 Sin
3038 1740 3237 1805 minus,
3292 1738 3588 1792 cavendum

2032 1846 2210 1891 tamen
2250 1836 2393 1890 omni
2421 1835 2618 1897 studio,
2667 1849 2733 1887 ne
2773 1833 2858 1887 vel
2908 1831 3216 1885 adulatione
3263 1830 3344 1884 vel
3387 1828 3592 1882 deumi-

2031 1925 2201 1981 cendo
2226 1924 2419 1977 malum
2458 1922 2734 1977 foveamus
2769 1938 2783 1976 :
2819 1921 2912 1976 sed
2935 1921 3152 1975 silentio
3178 1919 3363 1974 saltem
3390 1918 3590 1986 impro-

2032 2014 2216 2068 bitatis
2270 2026 2489 2067 sensum
2544 2012 2642 2079 ipsi
2685 2009 3008 2075 injiciamus.
3067 2008 3219 2074 Quod
3266 2007 3308 2060 si
3355 2021 3452 2060 nec
3488 2006 3589 2059 hoc

2031 2106 2247 2175 quidem
2282 2104 2511 2157 voluerit
2566 2103 2688 2170 quis
2729 2102 2931 2166 facere,
2977 2107 3228 2153 contento
3276 2113 3434 2152 cursu
3473 2097 3589 2149 uui-

2024 2195 2219 2261 cuique
2248 2194 2554 2261 fugiendum
2608 2200 2712 2256 est,
2743 2207 2811 2245 ne
2866 2189 3140 2258 iujustitize
3175 2187 3444 2256 particeps
3479 2184 3596 2239 fieri

360 2300 484 2348 ται,
529 2281 634 2336 κᾶν
679 2281 843 2352 μηδὲν
891 2280 1120 2352 ἰσχύσῃο
1170 2280 1231 2334 τὸ
1259 2281 1366 2352 γὰρ
1409 2278 1603 2334 ἑαυτοῦ
1646 2279 1738 2334 καὶ
1775 2273 1930 2342 οὗτος

2039 2295 2120 2348 ιει·
2151 2279 2572 2334 assentationem
2626 2279 2993 2347 deprehensus
3049 2277 3221 2330 eidem
3284 2289 3498 2343 quoque
3541 2273 3594 2326 iu

361 2372 639 2442 ἐποίησεν.

361 2466 575 2518 modum
612 2463 754 2518 enim
784 2462 856 2530 is,
885 2461 975 2531 qui
1024 2459 1180 2516 alteri
1213 2461 1278 2515 ad
1338 2461 1593 2517 virtutem
1638 2459 2025 2530 capessendam
2089 2475 2209 2516 sese
2297 2461 2488 2515 ducem
2571 2459 2899 2528 praebuerit,

2027 2369 2310 2440 suppliciis
2361 2369 2699 2439 perferendis
2745 2368 2924 2423 socius
2979 2366 3269 2420 efficiatur.
3326 2363 3595 2430 Quemad-

2980 2464 3269 2511 coronatur
3289 2495 3305 2521 ,
3386 2451 3598 2507 tametsi

367 2554 500 2609 nihil
527 2553 668 2624 apud
689 2570 812 2609 eum
837 2553 1126 2622 profecerit
1154 2555 1302 2620 (nam
1331 2562 1592 2622 quantum
1637 2554 1688 2607 in
1717 2567 1775 2608 se
1805 2554 1927 2619 fuit,
2001 2554 2295 2624 implevit):
2322 2554 2393 2610 ita
2421 2553 2587 2608 etiam
2645 2553 2862 2621 punitur
2902 2553 2972 2616 is,
3004 2550 3093 2619 qui
3142 2550 3369 2603 alterum
3400 2547 3466 2601 ad
3509 2545 3596 2600 in-

363 2641 624 2712 iustitiam
671 2644 911 2713 instigat,
962 2644 1178 2698 tametsi
1228 2644 1361 2696 nihil
1403 2644 1654 2700 valuerit.
1704 2643 1837 2699 Nam
1876 2655 1931 2700 et
1969 2645 2058 2701 hic
2081 2645 2222 2715 quod
2248 2658 2403 2700 suum
2435 2653 2573 2708 erat,
2613 2641 2758 2697 fecit.

721 2755 902 2810 me.
937 2785 1010 2796 —
1046 2755 1212 2827 ΗΛΙᾼ
1247 2757 1566 2828 ΔιΑιιοΝᾳ.

364 2843 472 2911 Εἰς
501 2844 593 2911 τὸ,
630 2860 652 2898 ι
681 2844 879 2911 Ἀπαξ
901 2845 1284 2984 exaggae;
1316 2846 1478 2914 Θεὸς,
1518 2864 1538 2900 ι
1583 2849 1672 2915 εις
1711 2849 1818 2905 τὸν
1842 2849 1932 2916 ξαρ

1162 2935 1206 2984 μ
1285 2954 1302 2971 .

1162 2935 1302 2986 μον.

439 3025 515 3079 Τδ
553 3025 806 3097 θήραμα,
834 3019 878 3079 ὦ
921 3025 1192 3096 βέλτιστε,
1226 3027 1254 3080 ὃ
1298 3026 1561 3097 θηρεῦσαι
1588 3028 1793 3093 ποθεῖς,
1828 3031 1940 3091 τοϊς

2332 2756 2560 2814 CXLIX.
2598 2787 2665 2799 —
2706 2756 2932 2811 HELUE
2970 2752 3289 2810 DIACONO.

2037 2848 2104 2904 In
2127 2849 2281 2906 illud.
2305 2866 2324 2902 ι
2351 2848 2522 2904 Semel
2544 2848 2748 2902 locutus
2779 2858 2852 2902 est
2878 2847 3037 2908 Deus.
3066 2864 3085 2897 ι
3123 2846 3175 2900 in
3202 2845 3464 2915 psalmum
3488 2861 3597 2901 ut.

2108 3026 2379 3082 Venatura
2412 3025 2528 3091 illa,
2573 3040 2605 3081 ο
2636 3026 2801 3090 bone,
2835 3039 2998 3095 quam
3053 3024 3243 3079 venari
3294 3026 3467 3093 cupis,
3501 3023 3610 3078 illis

373 3114 474 3186 μὲν
503 3115 884 3184 συνετωτέροις
916 3113 1034 3168 ἐστὶ
1070 3113 1435 3184 δυσθήρατον·
1468 3115 1582 3176 τοῖς
1611 3113 1667 3167 δὲ
1696 3117 1936 3184 παχυτέ-

2040 3118 2255 3187 quidem
2278 3119 2368 3188 qui
2391 3127 2517 3173 sunt
2542 3117 2900 3181 cordatiores,
2921 3125 3081 3185 captu
3111 3115 3441 3186 perditiicilis
3471 3124 3553 3170 εει
3575 3131 3590 3178 ;

374 3222 487 3276 ροις
507 3205 794 3276 ἀθήρατον.
831 3206 1006 3275 Ἔφης
1053 3204 1186 3275 γάρ’
1228 3205 1292 3256 Τί
1334 3206 1515 3256 ἐστιν·
1547 3222 1565 3256 ι
1602 3206 1786 3270 Ἃπαξ
1821 3207 1939 3262 ἐλά-

369 3298 534 3367 λησεν
569 3297 597 3350 6
627 3296 786 3360 Θεός·
828 3296 921 3348 δύο
965 3295 1137 3349 ταῦτα
1186 3295 1428 3364 ἥκουσας
1481 3313 1499 3347 ι
1548 3291 1716 3366 Οἶμαι
1761 3298 1938 3352 τοίνυν

373 3387 598 3457 (ἐπειδὴ
635 3386 727 3439 τοῦ
760 3390 1027 3454 νοήματος
1058 3382 1164 3453 χρὴ
1208 3383 1416 3448 ἀνοῖξαι
1463 3385 1562 3448 τὰς
1595 3386 1795 3455 θύρας,
1844 3389 1939 3442 καὶ

373 3480 484 3540 τοῖς
518 3477 896 3546 συνετωτέροις
930 3477 1135 3544 ἐφεῖναι
1172 3476 1232 3526 τὸ
1272 3475 1341 3529 τά
1372 3474 1608 3531 ἀδύνατα
1640 3478 1734 3532 τοῦ
1767 3478 1932 3551 ῥητοῦ

374 3568 775 3637 κατοπτεῦσαι)
806 3566 978 3628 οὕτως
1025 3566 1309 3637 εἰρῆσθαι,
1349 3567 1425 3630 ὡς
1454 3568 1517 3622 ἄν
1546 3586 1628 3633 τις
1661 3571 1804 3623 εἴποι
1826 3586 1838 3600 ·
1881 3572 1942 3625 '0

375 3661 519 3712 δεῖνα
539 3659 683 3724 ἅπαξ
714 3659 813 3727 μέν
846 3675 934 3728 μοι
966 3659 1218 3726 συνέτυχε
1240 3673 1254 3687 ’
1287 3659 1415 3728 περὶ
1453 3659 1509 3711 δὲ
1563 3661 1834 3732 διαφόρων
1864 3663 1941 3716 δι-

379 3748 574 3816 ελέχθη
608 3747 970 3817 πραγμάτων.
1000 3741 1164 3809 Οὗτος
1198 3745 1293 3816 μὲν
1315 3745 1406 3800 οὖν
1425 3751 1452 3800 6
1480 3750 1768 3821 πρόχειρος
1796 3752 1938 3815 νοῦς.

388 3840 447 3892 '0
473 3839 529 3892 δέ
572 3838 865 3908 βαθύτερος
905 3840 998 3890 καὶ
1028 3837 1480 3909 είλικρινέστερος
1523 3842 1580 3893 ἐν
1613 3842 1812 3905 πάσαις
1843 3843 1942 3914 μὲν

378 3928 697 4001 διέσπαρται
734 3932 853 3992 ταῖς
893 3930 1152 3999 Γραφαῖς·
1183 3927 1241 3980 ἓν
1273 3929 1329 3981 δὲ
1354 3931 1386 3999 ἢ
1410 3931 1660 4003 δεύτερον
1691 3953 1943 4007 μεταχει-

385 4021 672 4090 ρισάμενος
702 4020 894 4088 φράσω
915 4060 928 4083 ,
967 4022 1016 4072 εί
1061 4021 1155 4074 καὶ
1187 4019 1280 4072 ἐπὶ
1310 4022 1509 4085 πολλὰς
1554 4024 1697 4078 ἐστιν
1721 4027 1944 4098 ἐκδοχάς

380 4110 577 4181 τρέψαι
604 4109 700 4179 τὴν
725 4109 979 4174 διάνοιαν,
1010 4111 1272 4181 ἐχομένας
1302 4112 1398 4181 τῆς
1426 4113 1520 4164 τοῦ
1557 4114 1812 4183 Μελῳδοῦ
1847 4134 1944 4186 μεο

381 4199 680 4268 γαλονοίας.
704 4197 815 4269 (74)
855 4199 1071 4269 Ἐπειδὴ
1100 4199 1291 4252 εἶπενὸ
1315 4200 1446 4263 Θεὸς
1476 4201 1552 4272 τῷ
1593 4202 1779 4276 Ἀδάμ·
1820 4224 1837 4257 ι
1872 4208 1946 4278 Γῆ

383 4285 454 4354 εἴ,
477 4289 664 4351 καὶείς
688 4289 790 4358 γῆν
815 4288 1106 4360 ἀπελεύσῃ·
1140 4308 1158 4343 ι
1189 4291 1248 4343 οὐ
1274 4290 1576 4362 προσέθηκε
1607 4293 1685 4360 δὲ,
1728 4295 1948 4365 Ἀφανιοο

385 4381 580 4454 σθήοῃ,
605 4382 726 4434 οὐδὲ
763 4381 836 4450 μὴ
873 4381 1224 4453 ἐπανελεύσῃ·
1257 4382 1366 4449 ἐγὼ
1399 4383 1485 4438 διὰ
1512 4383 1606 4437 τοῦ
1646 4387 1818 4439 ταῦτα
1845 4405 1945 4440 πα-

2041 3207 2398 3263 crassioribus
2450 3217 2628 3263 autem
2671 3223 2736 3262 ac
2791 3207 3163 3276 pinguioribus
3188 3214 3346 3274 captu
3401 3205 3604 3276 impos-

2042 3300 2234 3355 sibilis.
2288 3299 2578 3366 Qumrebas
2625 3298 2791 3365 enim,
2833 3297 2961 3367 qttid
3017 3297 3088 3350 sit
3138 3296 3267 3349 illud
3305 3313 3319 3350 :
3362 3313 3380 3346 t
3426 3295 3604 3349 Semel

2043 3391 2258 3447 locutus
2303 3399 2388 3446 est
2434 3391 2596 3456 Deus,
2654 3391 2758 3444 duo
2813 3390 2926 3444 haec
2977 3387 3154 3441 audivi
3175 3387 3240 3442 θ’.
3295 3405 3316 3438 ι
3363 3386 3607 3440 Arbitror

2046 3484 2210 3553 igitur
2233 3482 2508 3551 (quoniam
2562 3479 2866 3536 intellectus
2911 3480 3089 3548 ianum
3121 3479 3422 3548 aperienda:
3461 3485 3605 3538 sunt,

2046 3581 2101 3625 et
2138 3569 2652 3640 intelligentioribus
2682 3570 3120 3640 permittendum,
3157 3578 3215 3622 ut
3256 3567 3609 3637 impossibilia

2048 3661 2248 3733 (vulgo)
2289 3660 2447 3729 hujus
2484 3662 2610 3715 dicti
2649 3659 3107 3729 contemplemur)
3144 3661 3219 3713 ita
3262 3660 3361 3712 hoc
3406 3657 3608 3712 dictum

2045 3766 2187 3818 esse,
2232 3760 2290 3804 ιιι
2343 3752 2388 3804 si
2438 3753 2557 3820 quis
2591 3753 2739 3806 dicat
2791 3768 2805 3805 :
2852 3750 2946 3804 Ille
3001 3749 3166 3805 semel
3211 3749 3426 3818 quidem
3478 3747 3611 3800 mihi

2047 3841 2432 3906 occurrit;-.de
2486 3841 2716 3896 diversis
2755 3849 2934 3896 autem
2971 3839 3238 3908 capitibus
3292 3839 3453 3891 verba
3495 3851 3608 3890 me-

2051 3947 2174 3987 cum
2215 3931 2653 3987 communicavit.
2707 3931 2806 3986 ilic
2865 3946 2994 3985 sane
3037 3930 3228 3985 obvius
3287 3938 3372 3983 est
3419 3943 3609 3982 sensus

2050 4022 2166 4090 ejus
2211 4023 2359 4078 dicti.
2413 4022 2741 4077 Profundior
2795 4032 2972 4076 autem
3029 4030 3190 4090 atque
3239 4020 3499 4075 sincerior
3555 4020 3608 4073 iu

2051 4116 2301 4170 omnibus
2336 4113 2553 4184 quidem
2594 4112 2892 4182 Scripturis
2941 4112 3138 4180 passim
3169 4111 3447 4180 dispersus
3472 4119 3553 4163 cst
3589 4127 3604 4164 :

2053 4221 2219 4260 unum
2249 4216 2427 4259 tamen
2477 4207 2737 4259 duntaxat
2782 4204 3078 4258 alterumve
3124 4205 3177 4256 in
3224 4215 3415 4256 manus
3466 4217 3613 4255 sum-

2053 4304 2200 4365 ptum
2231 4295 2684 4358 commemorabo,
2731 4295 2977 4363 quamvis
3003 4295 3055 4347 in
3091 4293 3286 4348 multos
3339 4309 3402 4349 ac
3431 4293 3612 4348 varios

2057 4386 2361 4440 intellectus
2412 4384 2572 4440 liceat
2623 4394 2835 4440 vertere
2889 4385 3313 4453 cogitationem,
3369 4384 3460 4453 qui
3504 4384 3615 4437 sint

386 4473 856 4544 ρασεσιωπῆσθαι,
883 4473 980 4541 τὴν
1009 4472 1300 4525 ἀνάστασιν
1337 4475 1783 4544 προσυπήκουσα.
1831 4479 1946 4530 Ἐλ-

2053 4474 2400 4530 consentanei
2473 4474 2792 4529 sublimibus
2853 4473 3256 4544 Psalmographi
3335 4475 3608 4530 sensibus.

381 4565 511 4617 πίδα
554 4563 665 4634 γάρ
701 4563 959 4616 ἐπανόδου
1011 4561 1090 4632 τῷ
1139 4564 1401 4634 ἐξορίστῳ
1445 4563 1665 4619 ἔδωκεν.
1729 4564 1794 4618 Ἦ
1839 4568 1947 4639 γὰρ

383 4654 675 4723 ἀπόφασις,
724 4655 1051 4725 μονότροπος
1090 4649 1227 4706 εἶναι
1255 4653 1484 4706 δοκοῦσα
1506 4655 1656 4724 (75),
1695 4657 1949 4725 ἐμφαίνει

389 4745 670 4814 βασιλικὴν
694 4745 1121 4816 φιλανθρωπίαν,
1147 4744 1240 4800 καὶ
1262 4745 1518 4798 ἐπανόδου
1540 4747 1712 4799 τίκτει
1736 4748 1946 4803 ἐλπίδα.

388 4833 792 4890 ΚαὶΝινευϊται
821 4836 876 4889 δὲ
909 4835 1182 4906 ἄνθρωποι
1211 4834 1494 4905 βάρϐαροι,
1523 4837 1707 4905 σχεδὸν
1733 4838 1948 4905 ἀπόφα-

390 4941 476 4980 σιν
501 4925 743 4996 καθαρὰν
768 4926 1070 4996 δεξάμενοι,
1099 4926 1254 4979 οὐδὲν
1286 4925 1556 4996 βάρϐαρον
1583 4925 1802 4990 ἔπαθον,
1831 4926 1947 4979 ἀλλ’

2050 4563 2218 4635 ass
2243 4564 2504 4630 Quoniam
2536 4565 2742 4620 Adamo
2773 4564 2908 4619 dixit
2940 4566 3080 4620 Deus
3117 4584 3131 4619 :
3174 4584 3193 4617 ι
3226 4565 3394 4619 Terra
3432 4579 3514 4630 es,
3549 4574 3602 4619 et

2054 4658 2107 4711 in
2138 4667 2337 4710 terram
2377 4657 2666 4712 reverteris
2689 4656 2771 4722 ⁸³;
2812 4675 2831 4708 ι
2862 4672 2967 4710 non
3026 4657 3231 4711 addidit
3264 4667 3442 4710 autem
3487 4674 3500 4708 :
3557 4657 3613 4708 In

2055 4745 2280 4802 nihilum
2314 4747 2597 4814 redigeris,
2643 4761 2815 4815 neque
2855 4747 3048 4800 iterum
3103 4746 3341 4810 redibis;
3382 4761 3482 4813 ego
3522 4761 3618 4813 per

2056 4839 2130 4903 id,
2165 4838 2303 4907 quod
2345 4839 2445 4893 ista
2493 4837 2707 4893 silentio
2755 4837 3025 4907 praeterita
3061 4847 3217 4901 sunt,
3273 4835 3616 4892 subiutellexi

2054 4929 2525 4984 resurrectionem.
2558 4927 2722 4997 Spem
2743 4925 2884 4980 enim
2915 4924 3240 4978 reversionis
3257 4921 3612 4978 deditexsuli.

464 5082 505 5112 ⁶¹
536 5080 690 5137 Prov.
724 5095 876 5146 xxxv,
907 5080 998 5135 25.
1073 5081 1118 5112 ⁶¹
1153 5078 1295 5134 Psal.
1330 5093 1440 5142 ut,
1463 5079 1548 5135 i2.
1607 5079 1652 5110 ⁸³
1679 5079 1812 5133 Gen.
1850 5095 1932 5144 ιιι,
1969 5079 2058 5134 i9.

1488 5229 1722 5284 VARUE
1764 5230 2141 5288 LECTIOL‘tES
2169 5229 2259 5286 ET
2298 5229 2530 5287 ΝΟΤιλΕ.

467 5395 579 5456 (72)
620 5392 678 5447 In
708 5392 792 5447 tit.
815 5392 1045 5458 διακόνῳ
1066 5399 1234 5444 mutat
1256 5391 1308 5442 in
1336 5388 1617 5450 ἐπισκὸπῳ
1638 5390 1802 5442 codex
1825 5387 1947 5442 Vat.

395 5463 522 5520 650.
565 5465 721 5517 νει-ε.
767 5463 800 5516 5
839 5477 922 5528 ep.
972 5457 1066 5530 pro
1106 5460 1196 5530 uixi
1227 5459 1349 5512 cod.
1385 5459 1537 5530 idem
1589 5460 1750 5530 l_ta_bet
1792 5457 1946 5529 μηδέ.

396 5534 552 5600 Vers,
589 5548 704 5599 seq.
737 5526 885 5586 idem
911 5526 985 5585 ex"
1010 5526 1303 5600 ἐμποιῇσαι
1328 5527 1465 5582 tollit
1491 5527 1616 5600 ἐμ..
1639 5526 1848 5583 Possm.

470 5595 582 5675 (75)
608 5593 740 5657 Cod.
771 5601 892 5656 Vat.
926 5593 1074 5654 addit
1099 5593 1213 5651 xai.
1236 5593 1310 5648 lu.

2063 5390 2239 5511 6:054)
2279 5391 2414 5445 Ante
2440 5389 2626 5457 ἐπειδὴ
2681 5382 2833 5440 εἶπεν
2895 5385 3104 5456 supplet
3133 5386 3252 5440 cod.
3291 5382 3468 5440 Vatic.
3497 5384 3619 5451 €50,

2128 5478 2145 5511 ι
2204 5477 2237 5511 π
2332 5473 2376 5511 ).

2128 5473 2237 5511 ιοή
2332 5473 2354 5511 3

2301 5495 2407 5585 Pro
2450 5527 2590 5583 εἶναι
2640 5525 2872 5580 δοκοῦσα
2929 5525 3068 5581 idem
3118 5523 3440 5595 simpliciter
3477 5524 3627 5594 ponit

2099 5614 2220 5649 υσα.
2269 5613 2319 5649 D.

2068 5614 2220 5651 ουσα.
2248 5613 2319 5650 ID.
