4020 6140
395 258 529 324 1237

1188 214 1194 219 -
1236 261 1769 323 EPISTOLARUM
1806 261 1951 320 LIB.
1994 259 2095 321 1V.
2129 258 2454 318 *EPIST.
2494 258 2700 317 CLIII.

3499 245 3632 312 1238

392 378 470 427 tu,
508 364 703 433 inquit.
738 363 983 434 quamvis
1031 365 1326 434 praesidens
1371 366 1742 435 superioribus
1793 363 2104 434 angelorum
2172 364 2404 431 populis,
2477 378 2581 416 non
2644 371 2822 416 tamen
2885 359 3207 425 contemnis,
3263 366 3352 412 aut
3406 357 3629 428 negligis

390 466 632 509 nostram
664 454 948 519 vilitatem,
980 457 1072 511 sed
1095 457 1304 512 etiamsi
1331 457 1693 512 invisibilibus
1716 456 1991 524 imperites
2025 455 2340 520 virtutibus,
2385 465 2563 508 tamen
2616 454 2837 508 nutibus
2875 451 3277 521 benignissimis
3312 465 3373 505 ea
3418 463 3633 519 quoque

387 545 679 614 gubernas,
703 559 821 612 quae
848 545 901 599 in
932 548 1210 615 profundis
1240 551 1343 602 sita
1375 558 1523 603 sunt.

643 656 815 711 PNB'.
842 678 915 698 —-'-
953 660 1203 731 ΔΙΔΥΜῼ
1242 661 1696 730 ΣΧΟΛΑΣΤΙΚῼ.

397 747 501 811 Εἷς
529 745 618 813 τὸ,
661 765 680 798 ι
709 750 1097 819 Μακρόθυμος
1119 751 1273 818 ἀνὴρ
1299 752 1489 816 πολὺς
1509 752 1578 804 ἐν
1597 750 1904 819 φρονήσει.
1936 768 1954 801 ι

460 859 548 929 Τῷ
588 860 703 914 δντι
736 863 1084 933 μακρόὸυμος
1117 866 1257 934 ἀνὴρ
1285 865 1451 928 πολὺς
1483 866 1539 916 ὲν
1570 865 1845 933 φρονήσει.
1876 863 1963 915 Εἴ-

393 967 551 1021 ρηται
581 956 690 1021 γὰρ
725 953 877 1023 παρὰ
907 956 967 1007 τὸ
1002 955 1217 1025 μακράν
1249 973 1369 1009 τινα
1412 956 1505 1009 καὶ
1539 956 1780 1026 μεγάλην
1819 954 1962 1023 ἔχειν

389 1040 585 1110 ψυχὴν,
619 1044 712 1095 καὶ
744 1042 847 1095 ὑπὸ
879 1044 1101 1114 μηδενὸς
1145 1045 1523 1115 ἐλεγχομένην⁹
1572 1046 1710 1099 ἀλλὰ
1750 1046 1842 1098 καὶ
1874 1044 1963 1097 τὸν

392 1130 581 1200 θυμὸν,
611 1132 701 1185 τὸν
724 1134 938 1187 πάντων
964 1136 1147 1189 παθῶν
1171 1134 1422 1205 ὀξύτερον
1457 1136 1591 1206 (78),
1627 1137 1717 1189 τὸν
1748 1138 1838 1190 καὶ
1866 1138 1963 1202 τὰς

392 1219 599 1283 ἑννοίας
624 1221 736 1290 (79)
765 1222 1090 1276 λανθάνοντα
1111 1264 1124 1283 ,
1158 1224 1248 1276 καὶ
1274 1224 1400 1286 τοὺς
1432 1224 1721 1295 λογισμοὺς
1748 1242 1962 1296 προπη-

391 1310 596 1375 δῶντα,
626 1310 896 1381 χαλινοῦν,
935 1313 1029 1366 καὶ
1070 1313 1201 1366 εἴσω
1248 1313 1355 1367 τῶν
1386 1315 1601 1368 οἰκείων
1645 1316 1786 1386 ὅρων
1831 1333 1962 1384 συγ-

392 1402 593 1457 κλείειν
624 1403 754 1476 (80)·
783 1397 843 1457 οῦ
875 1405 1250 1477 μεγαλοψύχου
1276 1407 1416 1462 κατὰ
1443 1407 1843 1477 ἁντιδιαστολὴν
1871 1410 1971 1462 καὶι

391 1494 481 1548 τὸν
528 1496 857 1567 μικρόψυχον
899 1497 1106 1562 ἔταξεν,
1141 1496 1353 1563 simini;
1390 1516 1409 1549 ι
1457 1499 1513 1552 '0
1561 1499 1618 1552 δὲ
1647 1499 1964 1569 ὀλιγόψυχος

395 1587 629 1657 ἰσχυρῶς
658 1587 867 1657 ἄφρων.
904 1608 923 1640 ι
967 1589 1027 1641 '0
1052 1590 1156 1661 γὰρ
1192 1589 1298 1642 ὑπὸ
1327 1590 1540 1644 πάντων
1566 1591 1654 1646 διὰ
1696 1590 1962 1661 μικροψυ-

390 1675 513 1745 χίαν
542 1675 899 1747 σαλευόμενος
923 1676 1031 1733 τῶν
1059 1678 1270 1743 παθῶν,
1300 1678 1495 1750 κομιδῇ
1534 1680 1680 1733 ἐστιν
1712 1681 1895 1742 ἄνους.

647 1959 818 2016 ΡΝΓο.
856 1990 927 2001 -
964 1962 1223 2036 ιΣιΔοΡο
1269 1965 1569 2037 ΔιΑιςοΝο
1594 1965 1727 2035 (8t).

389 2050 495 2126 Είς
537 2047 605 2103 τὸ
632 2052 1058 2126 γεγραμμένον,
1120 2076 1139 2108 ι
1194 2057 1341 2126 Ἐγὼ
1379 2057 1530 2111 πᾶσι
1571 2058 1696 2123 τοῖς
1723 2056 1968 2124 ἄστροις

455 2069 495 2115 ζ’
537 2069 605 2103 το
632 2069 1058 2173 γεᾶφαμμενον.
1120 2076 1139 2108 ι
1379 2070 1530 2111 aram
1571 2074 1696 2123 τοις
1723 2069 1968 2124 ἀστροις

1684 2126 1750 2179 δέ

458 2300 533 2354 Τὸ
560 2341 576 2366 ,
614 2321 633 2354 ι
680 2303 821 2371 Ἐγὼ
845 2306 955 2367 τοῖς
978 2304 1201 2375 ἄστροις
1230 2305 1607 2377 ἐνετειλάμην,
1647 2323 1668 2358 ι
1697 2305 1967 2359 συναπτό-

389 2406 550 2463 μενον
577 2389 678 2460 τῷ,
718 2409 738 2443 ι
775 2392 869 2456 Εἰς
888 2391 982 2445 τὸν
1009 2394 1202 2459 αἰῶνα,
1228 2393 1421 2464 Κύριε,
1465 2397 1494 2448 ό
1540 2396 1696 2463 λόγος
1731 2411 1824 2448 σου
1850 2396 1966 2449 δια-

387 2480 539 2551 μένει
562 2480 620 2535 ὲν
666 2480 745 2552 τῷ
765 2482 1003 2553 οὐρανῷ,
1045 2502 1065 2535 ι
1091 2484 1345 2555 οὐδεμίαν
1372 2487 1577 2558 μέμψιν
1601 2488 1634 2558 ἢ
1658 2487 1967 2556 παράϐασιν

388 2570 735 2641 παρίστησιν.
775 2571 847 2630 ΕΞ,
871 2571 972 2642 μὲν
1003 2571 1113 2643 γὰρ
1143 2574 1271 2644 περὶ
1301 2574 1394 2631 τοῦ
1432 2574 1566 2628 Θεοῦ
1601 2576 1775 2644 Λάγου
1812 2578 1967 2645 φαῖεν

382 2660 635 2733 λελέχθαι
692 2662 776 2727 τὸ,
830 2680 849 2714 ι
884 2663 981 2725 Εἰς
1031 2663 1121 2716 τὸν
1151 2664 1321 2729 αἰῶνα
1342 2705 1357 2729 ,
1388 2665 1560 2736 Κύριε
1581 2704 1596 2729 ,
1638 2668 1666 2719 ὁ
1688 2665 1842 2734 λόγος
1872 2682 1966 2719 σου

382 2753 626 2822 διαμένει
656 2754 713 2808 ὲν
745 2753 821 2824 τῷ
860 2754 1093 2826 οὐρανῷ,
1144 2773 1163 2807 ι
1209 2756 1524 2826 πευσόμεθα
1577 2756 1776 2820 αὐτῶν,
1824 2756 1966 2821 τίνος

384 2843 570 2897 ἕνεκεν
616 2845 676 2903 οὐ
724 2845 1003 2916 πανταχοῦ
1056 2844 1271 2917 εἴρηται
1294 2864 1321 2912 ;,
1359 2846 1531 2910 Αὐτὸς
1578 2848 1689 2917 γάρ
1750 2848 1895 2900 ἐστιν
1939 2849 1968 2900 ὁ

387 2938 567 2998 πάντα
615 2939 855 3009 συνέχων
906 2939 1001 2994 καὶ
1041 2937 1379 3010 συγκροτῶν.
1422 2938 1486 2991 Ei
1526 2937 1573 2990 δ’
1620 2937 1968 3006 ἐλεγχόμενοι

389 3030 644 3101 φήσουσι,
673 3031 766 3084 τὸν
795 3030 1219 3100 διατεταγμένον
1262 3030 1444 3093 αὐτοῖς
1482 3028 1665 3098 νόμον,
1694 3029 1840 3091 ὅπως
1862 3028 1967 3098 χρὴ

386 3121 551 3186 θέειν,
598 3121 832 3176 ἐνταῦθα
876 3122 1189 3191 δηλοῦσθαι,
1236 3121 1537 3190 ἐπειδήπερ
1578 3121 1635 3173 ὲν
1708 3121 1778 3189 γῇ
1825 3136 1969 3188 παρ-

386 3210 578 3282 εϐάθη,
596 3212 773 3283 φαμέν
789 3214 919 3285 (82)·
938 3213 1092 3276 Τίνος
1119 3207 1210 3266 οὖν
1232 3211 1392 3264 ἕνεκα
1419 3209 1647 3264 ἐνταῦθα
1664 3209 1968 3278 παράγεται

2307 654 2465 710 CLII.
2496 685 2562 694 —
2590 653 2848 710 DYDIIIO
2892 652 3386 709 SCIIOLASTICO‘.

2066 746 2131 801 In
2162 747 2318 813 illud,
2349 766 2368 799 ι
2403 746 2744 817 Longam’mis
2766 749 2844 801 vir
2875 747 3070 801 multus
3104 748 3159 801 in
3199 746 3459 816 sapientia
3490 745 3556 800 ⁸³.
3608 764 3626 796 ι

2138 857 2344 914 Revera
2410 858 2490 913 vir
2548 858 2874 929 longanimis
2948 858 3262 923 multusin
3323 856 3634 927 prudentia.

2064 949 2247 1004 Dictus
2285 950 2426 1003 enim
2458 958 2540 1005 est
2570 964 2635 1003 ex
2694 964 2779 1015 eo,
2812 950 2953 1019 quod
3001 949 3236 1017 amplum
3266 947 3549 1017 quemdam
3585 956 3653 1001 et.

2066 1057 2317 1111 magnum
2347 1043 2546 1097 habeat
2575 1042 2839 1109 animum,
2870 1042 3069 1112 quique
3121 1058 3150 1094 a
3187 1041 3400 1095 nemine
3446 1040 3632 1093 redar-

2067 1136 2155 1204 gui
2190 1134 2393 1203 possit;
2451 1134 2577 1204 quin
2626 1135 2789 1189 etiam
2843 1134 3001 1197 iram,
3043 1132 3297 1187 omnibus
3350 1128 3636 1185 affectibus

2064 1238 2127 1278 ac
2163 1224 2656 1293 perturbationibus
2699 1225 2964 1278 acriorem
3022 1222 3627 1289 vehementioremque,

2064 1324 2119 1369 et
2166 1330 2286 1384 qua:
2342 1315 2698 1383 cogitationes
2746 1329 2960 1384 quoque
3012 1314 3195 1377 lateat,
3247 1320 3300 1366 ct
3341 1312 3636 1367 ratiocina-

2075 1406 2249 1460 tiones
2274 1406 2411 1461 saltu
2436 1414 2759 1469 antevertat,
2803 1404 2957 1459 freno
2993 1416 3358 1474 compescere,
3386 1404 3640 1471 intraque

2065 1511 2190 1552 suos
2217 1497 2476 1551 terminos
2504 1496 2828 1551 concludere
2856 1499 3019 1551 norit.
3071 1496 3167 1550 Cui
3201 1490 3544 1562 magnanimo
3570 1506 3641 1547 ex

2065 1589 2291 1644 adverso
2358 1589 2523 1643 etiam
2578 1588 2830 1658 opposuit
2896 1587 3336 1657 pusillanimum,
3394 1586 3634 1649 dicens:

2070 1700 2089 1732 ι
2126 1679 2511 1736 Pusillanimus
2546 1690 2723 1735 autem
2776 1680 2934 1734 valde
2988 1679 3257 1748 insipiens
3288 1686 3394 1733 est.
3439 1696 3457 1729 ι
3500 1674 3633 1730 Nam

2065 1773 2153 1843 qui
2178 1774 2247 1829 ob
2275 1774 2439 1828 animi
2477 1773 2798 1842 parvitatem
2826 1773 2893 1827 ab
2923 1770 3173 1825 omnibus
3215 1768 3379 1823 animi
3420 1775 3636 1838 pertur-

2064 1862 2375 1919 bationibus
2402 1862 2654 1931 agitatur,
2687 1863 3040 1917 vehementer
3075 1874 3269 1915 excors
3304 1868 3407 1914 est.

2350 1974 2531 2029 CLIII.
2594 2004 2663 2014 —-
2709 1970 2987 2029 ISIDORO
3034 1971 3352 2027 DIACONO.

2072 2062 2138 2117 In
2170 2065 2223 2118 id
2246 2065 2381 2131 quod
2410 2065 2661 2125 scriptum
2690 2073 2784 2129 est,
2817 2081 2835 2114 ι
2873 2061 2984 2131 Ego
3022 2064 3262 2115 omnibus
3290 2060 3455 2115 stellis
3498 2076 3635 2128 pra:-

2137 2136 2246 2199 cepi
2271 2134 2337 2187 7°.
2382 2152 2400 2183 ι
2436 2133 2501 2186 Et
2525 2135 2578 2186 in
2602 2133 2773 2194 illud,
2855 2149 2874 2181 ι
2933 2131 3111 2186 Stella:
3159 2142 3329 2185 autem
3379 2147 3481 2183 non
3514 2140 3633 2183 sunt

2139 2218 2287 2271 pura:
2318 2204 2372 2256 in
2403 2212 2680 2270 conspectu
2712 2202 2823 2270 ejus
2845 2202 2914 2267 '“,
2947 2220 2964 2253 ι
3003 2205 3144 2272 quod
3171 2210 3245 2254 est
3271 2217 3335 2255 ea:
3358 2200 3513 2253 Jobo.

2140 2315 2350 2370 Dictum
2384 2314 2553 2368 illud:
2595 2331 2613 2364 ι
2655 2313 2769 2383 Ego
2812 2314 2974 2368 astris
3005 2313 3276 2377 mandavi,
3337 2330 3356 2363 ι
3408 2310 3636 2379 conjun-

2067 2414 2212 2460 etum
2249 2418 2371 2460 cum
2393 2405 2584 2468 altero,
2627 2420 2645 2455 ι
2708 2402 2764 2456 In
2801 2402 3078 2467 saeculum,
3115 2401 3363 2467 Domine,
3410 2399 3632 2454 verbum

2069 2506 2217 2551 tuum
2263 2502 2546 2566 permanet
2578 2494 2631 2547 in
2655 2492 2792 2548 caelo
2808 2492 2893 2558 7';
2940 2511 2959 2544 ι
3000 2492 3199 2546 nullam
3250 2490 3634 2559 reprehensio-

2018 2614 2026 2631 ι
2070 2601 2194 2642 nem
2227 2594 2321 2640 aut
2357 2584 2843 2653 transgressionem
2896 2582 3103 2637 statuit.
3142 2580 3277 2635 Nam
3314 2580 3361 2634 sl
3408 2581 3475 2635 de
3517 2579 3628 2633 Deo

2068 2676 2245 2733 Verbo
2280 2678 2415 2748 (sive
2436 2674 2572 2731 Filio
2617 2674 2737 2741 Dei)
2765 2675 2950 2730 dicant
2998 2675 3266 2743 prolatum
3318 2685 3441 2727 esse
3481 2671 3633 2737 illud,

2074 2788 2093 2820 ι
2142 2769 2199 2822 In
2225 2777 2510 2833 aeternum,
2574 2765 2823 2831 Domine,
2888 2766 3112 2820 verbum
3178 2774 3325 2818 tuum
3355 2773 3639 2833 permanet

2070 2861 2122 2915 in
2157 2860 2330 2924 cmlo;
2393 2878 2412 2911 ι
2469 2872 2776 2925 quaeremus
2838 2872 2902 2911 ex
2945 2856 3099 2925 ipsis,
3155 2871 3252 2910 cur
3298 2870 3404 2911 non
3453 2855 3633 2925 potius

2071 2952 2272 3006 dictum
2309 2952 2380 3005 sit
2417 2968 2430 3004 :
2463 2949 2672 3018 Ubique
2704 2950 2819 3017 ipse
2847 2947 2990 3000 enim
3015 2956 3119 3008 est.
3154 2946 3244 3013 qui
3286 2945 3470 3001 omnia
3499 2959 3635 2999 con-

2072 3037 2204 3091 tinet
2232 3047 2395 3105 atque
2446 3036 2753 3090 confirmat.
2802 3034 2898 3088 Sin
2933 3044 3114 3089 autem
3165 3034 3398 3088 convicti
3429 3034 3633 3094 dicent,

2070 3127 2417 3181 constitutam
2470 3127 2598 3195 ipsis
2657 3126 2853 3196 legem,
2907 3124 3178 3196 quomodo
3236 3133 3483 3193 oporteat
3511 3136 3637 3177 cur-

2072 3233 2215 3281 rere,
2242 3219 2344 3273 hoc
2370 3218 2491 3273 loco
2521 3217 2842 3286 signiﬁcari,
2876 3216 3003 3286 quia
3027 3215 3083 3269 in
3115 3224 3259 3269 terra
3289 3214 3399 3285 (lex
3431 3213 3634 3284 divina)

385 3302 469 3366 τὸ,
531 3321 549 3354 ι
587 3305 793 3376 ’Δστρα
819 3305 876 3358 δὲ
905 3304 966 3357 οὐ
1018 3302 1234 3373 καθαρὰ
1264 3302 1493 3355 ἐνώπιον
1517 3299 1715 3366 αὐτοῦ;
1771 3319 1788 3352 ι
1842 3301 1961 3352 Δεί-

2068 3309 2265 3363 violata
2300 3317 2405 3375 est,
2451 3308 2811 3373 instabimus;
2847 3321 3014 3377 quare
3060 3320 3192 3375 ergo
3223 3305 3314 3360 hic
3366 3305 3587 3359 additur
3617 3321 3632 3357 :

389 3410 580 3446 κνυται
603 3394 709 3467 γὰρ
732 3395 809 3465 τῷ
830 3395 975 3465 λόγῳ
1000 3396 1161 3448 αὐτοῦ
1187 3393 1603 3459 ἀκολουθοῦντα,
1642 3392 1736 3445 καὶ
1768 3391 1828 3444 οὐ
1855 3409 1961 3444 πα-

392 3482 717 3557 ραϐαίνοντα
744 3485 1005 3553 διάταξιν.
1046 3487 1109 3539 El
1151 3484 1208 3538 δὲ
1245 3484 1450 3538 τούτων
1472 3482 1614 3537 οὕτω
1651 3483 1959 3554 λεγομένων

388 3572 484 3625 καὶ
504 3573 942 3646 ἀποδειχθέντων,
965 3574 1401 3647 ἀπαιτηθείημεν
1422 3575 1602 3646 ἡμεῖς.
1626 3574 1692 3628 Τί
1718 3573 1761 3633 δ’
1789 3574 1959 3640 ἐστὶν,

395 3677 415 3710 ι
445 3662 654 3733 Ἄστρα
688 3665 748 3717 οὐ
768 3665 987 3736 καθαρὰ
1026 3663 1255 3718 ἐνώπιον
1295 3664 1482 3730 αύτοῦ;
1515 3683 1533 3715 ι
1590 3665 1850 3736 φαίημεν,
1882 3664 1963 3717 ὅτι

393 3750 552 3804 Κατὰ
584 3753 681 3824 μὲν
715 3752 814 3825 τὴν
850 3754 1055 3809 ἑαυτῶν
1090 3753 1249 3823 φύσιν
1268 3754 1335 3806 τὰ
1360 3752 1535 3823 ἄστρα
1558 3754 1774 3825 καθαρά
1794 3756 1962 3820 ἐστιν,

389 3840 575 3915 ὥσπερ
606 3845 700 3897 καὶ
728 3845 1016 3916 γεγένηται
1050 3844 1201 3916 παρὰ
1246 3842 1340 3896 τοῦ
1381 3843 1748 3913 Δημιουργοῦ.
1797 3842 1957 3913 Λύτῷ

387 3934 445 3989 δὲ
474 3936 551 4006 τῷ
580 3940 777 4009 ποιητῇ
812 3937 1264 4009 παραϐαλλόμενα
1296 3933 1544 3989 τοσοῦτον
1582 3934 1803 4005 ἀπέχει,
1836 3936 1959 3988 ὅσον

392 4025 616 4098 μύρμηξ
660 4029 887 4100 οὐρανοῦ
927 4029 1073 4099 (85),
1112 4028 1323 4099 ἢήλίου
1349 4067 1363 4095 ,
1393 4028 1427 4098 ἡ
1459 4044 1601 4089 τινος
1638 4026 1745 4079 τῶν
1784 4025 1959 4080 ἄλλων

388 4120 703 4189 κτισμάτων
735 4120 799 4173 δι’
834 4121 861 4173 ὅ
893 4121 1000 4175 οὐδ’
1045 4119 1463 4190 ἀπολελυμένως
1501 4114 1677 4183 εἶπεν,
1712 4135 1732 4170 ι
1773 4118 1832 4170 οὐ
1862 4136 1962 4171 κα-

390 4209 551 4281 θαρόν
592 4230 612 4263 ι
653 4211 811 4265 τοῦτο
850 4211 957 4282 γὰρ
989 4207 1057 4283 ἦν
1110 4210 1277 4276 δεῖξαι
1326 4210 1466 4263 αὐτὰ
1505 4211 1793 4264 πταίοντα’
1830 4210 1965 4263 ἀλλὰ

391 4304 755 4374 προσέθηκεν,
803 4304 1082 4358 «ἐνώπιον
1114 4301 1303 4357 αὐτοῦ.
1346 4321 1363 4354 ι
1421 4303 1532 4358 Καὶ
1576 4303 1635 4354 οὐ
1681 4302 1966 4371 σύγκρισιν

388 4396 579 4451 νοείτω
610 4395 720 4466 (8i)
776 4394 836 4447 τὸ
890 4393 1199 4466 εἰρημένον,
1237 4392 1377 4447 κατὰ
1405 4393 1464 4446 τὸ
1494 4391 1727 4462 ἀλλαχοῦ
1780 4392 1963 4462 ῥηθὲν,

2067 3417 2086 3449 ‹
2123 3398 2283 3453 Astra
2308 3408 2489 3454 autem
2511 3413 2620 3454 non
2643 3408 2769 3454 sunt
2798 3398 3003 3452 munda
3021 3397 3077 3451 in
3106 3405 3394 3465 conspectu
3420 3393 3574 3460 ejus?
3609 3411 3629 3445 ι

2062 3487 2431 3546 Ostenduntur
2485 3490 2631 3544 enim
2684 3489 2849 3545 verbo
2882 3489 3051 3558 ipsius
3105 3485 3482 3556 obsequentia,
3531 3500 3630 3537 nec

2065 3580 2513 3650 transgredientia
2545 3579 2987 3635 constitutionem
3022 3578 3127 3632 sibi
3157 3578 3455 3647 prafixam.
3479 3575 3630 3641 Quod

2062 3672 2104 3725 si
2144 3673 2225 3725 his
2255 3671 2325 3725 ita
2381 3671 2539 3727 dictis
2583 3686 2648 3725 ac
2679 3669 3085 3736 demonstratis,
3134 3683 3162 3721 a
3200 3667 3354 3721 nobis
3383 3666 3632 3733 exigatur

2063 3761 2460 3829 interpretatio,
2494 3762 2834 3826 utdicamus,
2857 3760 3112 3828 quidnam
3162 3758 3265 3812 sibi
3307 3756 3435 3810 velit
3462 3754 3629 3809 illud:

2072 3869 2090 3903 ι
2130 3851 2288 3906 Astra
2322 3864 2425 3905 non
2459 3859 2583 3905 sunt
2610 3850 2807 3904 munda
2846 3851 2899 3903 in
2950 3858 3238 3918 conspectu
3268 3846 3379 3914 ejus
3428 3865 3446 3896 ι
3487 3848 3659 3900 dice-,

2064 3956 2184 3995 mus
2209 3958 2224 3996 :
2257 3940 2418 4011 500
2446 3941 2567 3996 Suae
2585 3940 2801 4010 quidem
2833 3949 3036 3992 natura:
3056 3940 3264 3991 ratione
3290 3952 3352 3990 ac
3383 3943 3627 4003 respectu

2068 4040 2211 4085 astra
2268 4042 2395 4085 sunt
2440 4032 2657 4095 munda,
2694 4029 2874 4099 qualia
2924 4029 3091 4081 ctiam
3146 4042 3173 4080 a
3224 4041 3405 4081 rerum
3439 4024 3632 4097 opiﬁce

2064 4121 2172 4176 Deo
2206 4121 2345 4176 facta
2401 4132 2546 4176 sunt.
2582 4120 2638 4175 Si
2682 4135 2811 4174 vero
2865 4134 2987 4174 cum
3028 4119 3145 4189 ipso
3180 4102 3659 4173 conditore'conm

2063 4212 2329 4278 ferantur,
2356 4222 2560 4267 tantum
2600 4212 2690 4283 (ab
2717 4211 2832 4282 ejus
2888 4210 3122 4280 puritate
3153 4204 3663 4278 perfectioneque).

2063 4304 2281 4368 absunt,
2329 4314 2587 4371 quantum
2640 4304 2866 4358 formica
2920 4317 2950 4356 a
2991 4303 3152 4367 caelo,
3209 4311 3300 4356 aut
3350 4301 3486 4365 sole,
3537 4308 3630 4354 aut

2068 4393 2170 4446 alia
2224 4395 2476 4463 quapiam
2524 4405 2796 4450 creatura.
2859 4393 2988 4462 Quae
3039 4408 3201 4450 causa
3263 4406 3479 4463 quoque
3512 4400 3629 4455 εει.

459 4544 507 4578 ⁵⁸
537 4544 698 4603 Prov.
734 4562 839 4615 xvr,
868 4547 957 4602 '52.
1035 4549 1079 4579 "°
1101 4546 1201 4603 Job
1238 4564 1312 4613 ιιι,
1344 4548 1397 4599 7.
1470 4546 1514 4577 τί
1541 4544 1641 4600 Job
1672 4560 1799 4611 xxv,
1830 4546 1882 4600 5.
1962 4546 1979 4577 "

2067 4546 2175 4601 ’sal.
2205 4561 2391 4614 cxvm,
2425 4547 2513 4601 89.

1501 4698 1731 4753 VARIZE
1766 4697 2144 4755 LECTIONES
2172 4699 2260 4754 ET
2291 4700 2519 4758 NOTIE.

463 4857 575 4929 (78)
614 4858 723 4929 τόν
760 4860 969 4926 θυμὸν,
1018 4858 1125 4929 τὸν
1159 4855 1398 4929 πάντων
1418 4853 1621 4909 παθῶν·
1647 4855 1951 4929 ὀξύτερον,

2067 4856 2375 4929 inscribitur
2406 4857 2458 4929 in
2490 4857 2608 4929 cod.
2638 4856 2760 4929 Vat.
2790 4854 2917 4929 650.
2946 4857 3171 4929 XersL-‘l
3193 4870 3279 4924 cp.
3304 4855 3443 4910 inler
3467 4858 3625 4925 φαῖεν

393 4925 531 4981 Ilinc
558 4925 611 4979 et
641 4925 943 4981 Heraclitus
989 4937 1043 4979 et
1094 4925 1447 4989 Democritus,
1506 4926 1942 4993 prazstantissimi

392 4998 499 5051 duo
537 4996 858 5065 phil050phi,
894 5010 1121 5064 quorum
1149 4996 1284 5065 alter
1310 4995 1488 5065 vitam,
1516 4996 1801 5065 humanam
1827 5008 1950 5061 per-

393 5063 571 5133 petitis
598 5063 872 5134 larryinis,
905 5063 1041 5118 alter
1070 5064 1299 5117 assiduis
1339 5063 1618 5134 cachinnis
1656 5076 1951 5134 prosaque:

389 5130 573 5195 batur,
628 5130 866 5187 unanimi
901 5149 997 5188 ore
1047 5134 1482 5202 pronuntiarunt,
1523 5130 1756 5200 χαλεπὸν
1796 5130 1952 5201 θυμῷ

391 5203 679 5273 μάχεσθαι.
706 5204 872 5257 Arist.
897 5203 989 5273 lib.
1019 5201 1080 5267 ιι,
1111 5202 1287 5273 Εξιὴἰε.
1317 5201 1549 5273 Νιεοηιη
1585 5215 1705 5273 cap.
1730 5202 1863 5273 ἵκοι
1884 5204 1949 5273 ad

388 5270 638 5328 eumdem
664 5274 756 5325 lib.
788 5289 849 5333 ιι,
882 5288 931 5325 c.
962 5272 1015 5335 7,
1045 5281 1099 5326 et
1134 5272 1295 5325 Polit.
1328 5271 1420 5326 lib.
1455 5286 1507 5335 v,
1527 5285 1645 5338 cap.
1692 5270 1773 5324 11.
1794 5270 1950 5324 Stob.

389 5345 475 5395 tit.
517 5341 654 5409 Περὶ
677 5340 877 5411 ὁρτῆς.
903 5340 1069 5395 Βιττ.

464 5413 572 5481 (79)
596 5408 717 5481 Pro
740 5408 1249 5481 ἐννοίαςιψιω-ιιοιι
1304 5409 1440 5464 mala
1498 5418 1581 5462 est
1616 5408 1799 5474 lectio,
1826 5408 1946 5463 cod.

391 5478 513 5541 Vat.
542 5480 646 5535 650
674 5482 833 5535 habet
853 5479 1084 5541 εὐνοίας.
1114 5478 1324 5532 Possm.

464 5550 575 5621 (80)
605 5551 976 5621 ξ-υγκτζείειγ.
1006 5556 1166 5621 Deest
1195 5548 1320 5621 fort.
1353 5548 1591 5621 ei6é_vat._
1628 5547 1787 5621 Rl'f'l‘.

466 5616 577 5691 (81)
617 5616 736 5673 Non
780 5617 1032 5686 Ἰσιδώρῳ
1064 5618 1153 5672 scd
1196 5616 1413 5684 Ἰωάννῃ
1445 5618 1672 5687 διακόνῳ
1708 5618 1820 5671 haec.
1861 5632 1946 5685 ep.

2059 4935 2112 4978 ct
2140 4925 2386 4992 λελέχθαι
2420 4926 2611 4981 iuscrit
2649 4928 2788 4980 idem
2812 4926 3063 4981 ἐνταῦθα.
3101 4926 3306 4979 Possm.

2130 4994 2241 5065 (82)
2270 4994 2621 5065 Φαμὲνίίιιειιι
2660 5005 2831 5048 mutat
2858 4997 2909 5049 in
2941 4996 3197 5065 φαίημεν.
3224 4992 3381 5050 Vers.
3414 4995 3535 5051 inde
3566 4995 3621 5062 4,

2056 5072 2179 5115 ante
2202 5063 2441 5126 διάταξιν
2466 5064 2600 5118 idem
2629 5065 2777 5130 ponit
2800 5066 2912 5130 τήν.
2950 5065 3023 5117 Ιι).

2130 5134 2238 5201 (85)
2276 5132 2379 5202 Pro
2399 5127 2768 5202 οὐρανοῦόοό.
2810 5127 2989 5185 Vatia.
3025 5132 3129 5185 650
3154 5133 3309 5185 habet
3333 5127 3482 5198 Em,
3524 5135 3657 5189 hocv

2059 5212 2141 5254 est
2172 5201 2478 5323 deplo’mou,
2501 5204 2640 5270 quod
2673 5218 2801 5254 sane
2828 5202 3146 5255 crediderim
3179 5204 3470 5270 archetypo
3496 5218 3621 5257 con-

2059 5287 2271 5323 gruere.
2323 5287 2374 5322 ι).

2058 5287 2271 5340 gruere.
2298 5287 2374 5323 ID.

2132 5340 2243 5410 (84)
2270 5342 2377 5394 Καὶ
2413 5342 2484 5393 οὐ
2511 5341 2833 5410 σύγκρισιν
2854 5338 3080 5410 νοείτω.
3113 5339 3170 5392 F.
3202 5339 3303 5410 leg.
3328 5338 3493 5410 -Κατὰ
3532 5334 3623 5393 οῦν

2059 5407 2363 5477 σύγκρισιν.
2394 5410 2503 5473 Vel,
2532 5411 2638 5463 Καὶ
2684 5408 2825 5461 οὕτω
2858 5408 3143 5478 σύγκρισις
3176 5407 3416 5462 νοείσθω.
3459 5410 3619 5463 llt'r-T.

2074 5509 2144 5519 -—
2175 5480 2307 5548 God.
2335 5480 2508 5533 anic.
2535 5481 2613 5531 sic
2656 5480 2802 5545 legit,
2836 5478 2921 5529 ἵνα
2952 5478 3085 5547 πρὸς
3115 5478 3424 5548 παραϐολὴν
3458 5480 3621 5531 αὐτοῦ

2058 5550 2152 5602 καὶ
2186 5547 2466 5618 σύγκρισιν
2494 5550 2704 5602 νοεῖται.
2734 5549 2940 5603 Possm.
