4020 6140
461 252 598 319 1243
1652 249 1713 309 s.
1753 246 2041 307 ISIDORI
2082 246 2521 308 PELUSIOTAS
2842 246 2845 249 ‘
3554 228 3691 307 ’1244

463 364 670 418 sionem
699 368 996 417 merentur.
1036 359 1215 430 Atque
1254 360 1395 415 banc
1428 373 1605 415 meam
1657 358 1824 413 fuisse
1880 373 2029 413 men-

2147 358 2194 411 to
2223 358 2405 412 ὁσιοῦν
2435 360 2505 412 τὰ
2530 357 2757 429 σώματα
2803 357 2949 411 ὅσιον
2987 351 3133 410 εἶναι
3187 354 3408 425 ἐνόμιζε
3435 372 3451 421 ;
3491 355 3608 420 Ηῶς
3641 357 3690 409 δὲ

465 462 594 519 tem,
627 454 913 508 invenietis
950 451 1131 519 facile,
1171 451 1214 507 si
1248 452 1439 519 verba,
1495 450 1692 521 quibus
1730 465 1860 504 usus
1887 464 2028 512 sum,

2147 450 2197 502 τὸ
2227 450 2387 521 σῶμα
2422 451 2748 525 Ἐλισσαίου,
2796 451 2988 520 νεκρὸν
3032 450 3115 514 ὃν,
3157 448 3352 517 νεκρὸν
3389 444 3689 517 ἀνέστησεν;

462 547 630 616 probe
662 546 1124 600 examinaveritis.
1158 545 1273 600 Non
1308 546 1452 601 enim
1481 546 1610 612 dixi,
1641 545 1798 614 502
1825 545 1904 599 Ad
1935 545 2230 607 hominem,
2256 546 2338 599 vel
2363 546 2427 599 ad
2483 560 2680 615 corpus
2741 556 3039 611 mortuum,
3099 547 3195 601 sed
3236 545 3490 597 animum.
3517 542 3692 597 Anima

464 654 696 708 namque
725 653 954 707 peccans
991 639 1271 694 morietur.
1302 637 1436 693 Nam
1458 638 1501 693 si
1527 647 1796 692 mortuum
1831 652 2027 707 corpus
2067 637 2180 691 sive
2218 637 2455 692 cadaver
2513 639 2685 707 ipsum
2718 653 2815 707 per
2843 653 2901 693 se
2934 637 3160 707 pollutio
3227 645 3283 691 et
3334 635 3695 704 inquinamen-

466 741 575 785 tum
610 740 713 794 est,
767 732 1059 801 quomodo,
1099 748 1304 802 quaeso,
1353 741 1408 788 et
1464 732 1715 787 Salomon
1778 742 1924 802 (tiam
1971 743 2026 786 et
2065 733 2209 787 hunc
2239 744 2453 802 oportet
2477 749 2575 789 nos
2608 736 2673 788 ad
2738 732 2902 787 Mosis
2972 731 3348 787 defensionem
3395 729 3693 799 adiungere)

463 820 601 875 dixit
637 839 650 874 :
680 839 699 872 ι
739 822 927 877 Melius
952 830 1033 877 est
1071 824 1275 891 ingredi
1307 823 1359 877 in
1393 823 1608 878 domum
1646 823 1838 887 luctus,
1868 837 2028 891 quam
2072 823 2124 876 in
2179 822 2396 876 domum
2472 824 2613 879 risus
2636 824 2726 877 lu‘l
2756 822 2857 888 Qui
2907 822 2963 876 fit
3010 836 3227 890 quoque
3296 819 3445 890 quod
3484 834 3695 888 corpora

463 913 837 969 defunctorum
871 931 1056 970 curam
1083 926 1137 973 et
1167 917 1501 986 sepulturam
1531 925 1693 985 atque
1741 917 2030 986 exsequias
2064 928 2466 987 consequantur
2522 933 2552 972 a
2615 918 2959 973 viventibus?
3001 914 3286 982 Quomodo
3369 916 3495 969 item
3563 913 3694 983 justa

463 1012 691 1065 mortuis
722 1011 835 1066 fieri
882 1013 1123 1078 tradidit,
1165 1013 1210 1068 si
1250 1012 1400 1068 nefas
1440 1027 1562 1067 esse
1600 1011 1935 1067 existimavit
1961 1022 2022 1066 ut
2055 1012 2203 1079 justo
2232 1014 2548 1082 corporibus
2571 1013 2989 1084 persolvantur?
3055 1013 3292 1081 Denique
3329 1011 3419 1080 qui
3483 1008 3694 1075 factum,

463 1106 605 1172 quod
638 1103 818 1159 Elisaai
850 1115 1123 1161 mortuum
1155 1120 1357 1173 corpus
1392 1113 1663 1157 mortuum
1701 1104 1867 1157 alium
1897 1104 2160 1159 excitavit
2186 1104 2252 1167 δ’,
2286 1106 2331 1159 si
2363 1105 2627 1159 cadavera
2653 1105 2875 1159 omnino
2910 1112 3035 1158 sunt
3078 1102 3378 1173 inquinata.

984 1216 1207 1272 CLVIII.
1240 1245 1310 1258 -—
1339 1214 1517 1275 NILO.

465 1303 532 1360 In
583 1306 715 1360 illud
760 1306 1152 1376 (Salomonis):
1199 1325 1217 1359 ι
1260 1306 1466 1377 Septies
1493 1308 1640 1361 cadet
1676 1307 1857 1378 justus
1895 1309 1962 1363 ⁸³.
2007 1326 2027 1362 ι

534 1418 715 1483 ΙΙΙυι1,«
745 1417 954 1487 Septies
975 1418 1127 1473 cadet
1149 1420 1346 1488 justus,
1362 1437 1380 1471 ι
1404 1434 1506 1474 non
1528 1420 1844 1489 simpliciter
1874 1433 2035 1492 atque

2662 1216 2838 1269 PNH'.
2864 1246 2931 1256 —
2954 1212 3184 1283 ΝΕΙΛῼ.

2282 1307 2385 1371 Εἰς
2409 1306 2496 1372 τὸ,
2527 1323 2547 1357 ι
2583 1305 2867 1371 Ἐπτάκις
2890 1304 3161 1359 πεσεῖται
3184 1307 3218 1359 ὀ
3263 1304 3515 1371 δίκαιος.
3547 1325 3567 1357 ›

2211 1418 2306 1482 Τὸ,
2341 1437 2359 1470 t
2402 1417 2662 1481 Ἑπτάκις
2715 1420 2962 1471 πεσεῖται
2990 1417 3019 1469 ὁ
3059 1416 3286 1482 δίκαιος,
3323 1435 3341 1468 ι
3377 1417 3588 1487 εἴρηται
3613 1419 3700 1487 οὐχ

462 1507 709 1562 absolute
743 1508 943 1562 dictum
992 1518 1113 1574 est;
1144 1509 1237 1564 sed
1285 1510 1426 1572 ideo,
1470 1511 1591 1578 quia
1650 1513 1739 1578 qui
1794 1512 2031 1582 legitime

2147 1508 2342 1571 ὶπλῶς,
2363 1509 2479 1562 ἀλλ’
2514 1509 2698 1579 ἐπειδὴ
2726 1512 2754 1562 ὁ
2796 1509 3042 1579 νομίμως
3089 1507 3355 1572 παλαίων,
3401 1508 3699 1576 ἀναγκαίως

466 1607 665 1663 certat,
698 1600 1007 1654 necessario
1037 1600 1200 1653 etiam
1229 1599 1480 1655 athletice
1507 1601 1670 1656 cadit.
1704 1602 1815 1657 Iloc
1855 1614 2031 1656 autem

2147 1600 2229 1651 καὶ
2272 1598 2577 1669 ἀθλητικῶς
2623 1599 2831 1652 πίπτει.
2882 1598 3053 1651 Τοῦτο
3079 1598 3137 1651 δὲ
3193 1599 3254 1652 ού
3288 1599 3507 1660 πάντως
3545 1599 3709 1668 ἥττης-

465 1703 572 1742 non
601 1690 824 1743 omnino
851 1700 1014 1760 atque
1049 1691 1365 1746 indistincte
1413 1691 1593 1756 efﬁcit,
1635 1701 1691 1747 ut
1735 1695 1857 1762 quis
1906 1710 2055 1749 suc-i

464 1779 686 1834 cumbat
723 1790 779 1834 et
805 1781 1085 1836 victoriam
1115 1782 1429 1838 adversario
1455 1785 1649 1849 tradat,
1694 1786 1788 1840 sed
1842 1795 2034 1840 contra

464 1885 607 1938 saepe
640 1870 922 1926 victoriam
952 1873 1114 1942 parit.
1146 1873 1294 1927 Multi
1330 1890 1562 1944 namque
1593 1885 1874 1945 postquam
1901 1877 2036 1931 cet-i-

464 1962 677 2025 derant,
701 1977 888 2017 eorum
947 1963 1114 2028 vires,
1162 1965 1255 2034 qui
1303 1976 1449 2021 stare
1489 1967 1837 2033 videbantur,
1873 1982 2034 2022 ener-

462 2062 681 2119 varunt,
734 2063 904 2108 totum
947 2054 1183 2124 ipsorum
1216 2071 1412 2126 corpus
1472 2061 1605 2127 pede
1639 2059 2032 2127 supplantatqu

464 2144 612 2197 humi
643 2153 1071 2213 prosternentes,
1098 2153 1259 2215 atque
1289 2146 1361 2200 ita
1389 2155 1627 2216 ereptam
1654 2148 1731 2202 eis
1753 2148 2033 2202 victoriam

464 2231 517 2286 in
542 2247 600 2287 se
634 2233 1047 2289 transferentes.
1078 2234 1312 2305 Ideoque
1337 2250 1439 2290 non
1469 2236 1642 2291 solum
1671 2232 2069 2303 dixitjustum‘

464 2322 677 2389 cadere,
726 2325 820 2379 sed
845 2324 1075 2390 addidit,
1112 2325 1287 2395 ipsum
1317 2327 1481 2380 etiam
1528 2341 1833 2394 resurgere,
1869 2327 2032 2381 nimi-

2138 1690 2285 1742 ἐστὶν
2316 1692 2486 1743 αἴτιον
2506 1707 2519 1720 ·
2553 1688 2688 1742 ἀλλά
2719 1688 2984 1752 πολλάκις
3025 1689 3118 1741 καὶ
3163 1686 3338 1758 νίκης.
3378 1687 3570 1740 Πολλοὶ
3602 1686 3705 1756 γάρ

2138 1780 2509 1843 πεπτωκότες,
2542 1780 2649 1832 τῶν
2685 1778 2987 1833 δοκούντων
3047 1779 3271 1833 ἑστάναι
3326 1778 3428 1850 τὴν
3482 1777 3709 1846 δύναμιν

2138 1867 2502 1938 ὲξενεύρισαν,
2534 1869 2622 1921 διὰ
2650 1868 2745 1921 τοῦ
2787 1868 2945 1931 ποδὸς
2984 1868 3130 1922 ἅπαν
3181 1867 3244 1920 τὸ
3283 1866 3443 1937 σῶμα
3471 1868 3553 1930 εἰς
3584 1865 3698 1919 τοῦ·

2138 1958 2303 2026 δαφος
2339 1958 2611 2028 ῥίψαντες,
2641 1961 2736 2011 καὶ
2786 1958 2885 2029 τὴν
2915 1957 3071 2027 νίκην
3116 1957 3485 2027 ἁρπάσαντες.
3536 1955 3622 2007 Διὸ
3644 1955 3711 2006 οὐ.

2142 2048 2301 2118 μόνον
2330 2049 2411 2100 ὅτι
2457 2050 2705 2101 πεσεῖται
2735 2041 2907 2111 εἶπεν,
2943 2046 3057 2099 ἀλλ’
3088 2048 3170 2100 ὅτι
3208 2046 3304 2099 καὶ
3346 2046 3703 2115 ἀναστήσεται

2140 2140 2526 2211 προστέθεικεν
2556 2139 2691 2211 (95),
2735 2139 2824 2192 ἶνα
2872 2138 2965 2192 τὸν
3001 2138 3265 2207 στέφανον
3294 2137 3535 2209 μηνύσῃ.
3562 2139 3622 2191 El
3651 2137 3703 2191 δὲ

2139 2233 2233 2287 καὶ
2264 2231 2599 2285 ὅτε-πταίσει
2643 2231 2673 2283 ὁ
2721 2229 3027 2301 ἄνθρωπος,
3063 2230 3259 2284 θᾶττον
3305 2230 3598 2302 ἀνανήψει,
3635 2228 3705 2293 ὠς

2138 2327 2357 2397 ἀριστος
2386 2323 2701 2393 ἐπίστησον.

463 2427 581 2468 rum
614 2422 673 2467 ut
719 2427 973 2467 coronam
1018 2428 1048 2467 a
1092 2413 1299 2469 victore
1347 2425 1673 2485 reportatam
1702 2415 1861 2470 simul
1899 2415 2182 2470 indicaret.
2215 2415 2369 2481 Quod
2399 2413 2445 2469 si
2490 2414 2654 2469 etiam
2679 2411 2773 2468 ubi
2837 2412 3036 2469 cecidit
3088 2411 3276 2481 homo,
3336 2413 3597 2470 celeriter
3622 2423 3705 2467 re-

464 2504 680 2574 sipiscit
713 2513 877 2575 atque
924 2506 991 2559 ad
1027 2523 1213 2563 sanam
1253 2520 1487 2563 mentem
1517 2509 1678 2574 redit,
1707 2509 1851 2566 hunc
1895 2511 2156 2580 optimum
2183 2525 2302 2565 esse
2323 2510 2560 2565 noveris.
2770 2490 2775 2495 ⁷

773 2624 955 2681 CLIX.
986 2658 1052 2668 —
1083 2627 1382 2683 EUTONIO
1410 2627 1726 2686 DIACONO.

466 2735 531 2790 1η
567 2737 698 2792 illud
733 2737 951 2806 (Christi
982 2740 1200 2805 dictum)
1236 2755 1256 2793 :
1290 2759 1309 2791 ί
1369 2740 1561 2794 Luceat
1595 2741 1687 2795 luas
1716 2750 1879 2795 vestra
1914 2739 1979 2794 ⁸³.
2013 2757 2032 2790 ι

536 2806 606 2859 Et
637 2812 773 2877 quod
842 2808 938 2860 hoc
990 2826 1091 2862 non
1144 2809 1214 2863 sit
1265 2813 1590 2864 contrarium
1641 2812 1791 2864 alteri
1829 2808 1971 2862 dicto
2016 2823 2036 2862 :

540 2895 560 2928 σ
599 2878 860 2932 Αιιεηᾰὶιε
893 2877 1270 2948 eleemosynam
1302 2890 1527 2934 vestram
1566 2880 1612 2913 '"‘
1654 2900 1674 2933 ι
1709 2893 1754 2935 et
1791 2894 1907 2952 qua:
1952 2894 2036 2933 se-

532 2958 784 3016 quuntur.

535 3077 638 3144 Qui
674 3077 832 3133 bonis
860 3077 1109 3148 operibus
1142 3080 1391 3146 student,
1425 3082 1510 3138 bis
1539 3098 1668 3141 sane
1692 3085 1841 3142 lucro
1874 3089 2038 3155 cedit,

465 3171 512 3225 si
541 3170 593 3223 id
617 3168 877 3224 facientes
902 3168 1189 3225 manifesto
1213 3183 1507 3241 appareant
1530 3176 1702 3230 oculis
1725 3178 2038 3247 hominum;

468 3262 610 3316 unde
644 3270 699 3315 et
737 3260 984 3335 Salvator
1013 3262 1086 3315 ait
1121 3280 1135 3316 :
1179 3282 1198 3315 ι
1266 3263 1470 3319 Luceat
1525 3265 1612 3320 lux
1646 3278 1824 3323 vestra
1860 3287 2039 3325 coram

469 3349 798 3412 hominibus,
833 3342 890 3405 ui
921 3351 1140 3407 videant
1176 3361 1353 3408 vestra
1381 3356 1516 3409 bona
1553 3371 1738 3425 opera,
1774 3369 1828 3413 et
1873 3359 2039 3429 glori-

469 3442 633 3497 ficent
685 3442 902 3498 Patrem
951 3455 1189 3500 vestrum
1230 3447 1323 3514 qui
1368 3448 1417 3499 in
1471 3447 1624 3502 caelis
1674 3460 1777 3503 est.
1836 3469 1855 3500 ι
1902 3450 2037 3516 Quia

468 3545 596 3585 vero
627 3530 867 3584 nonnulli
900 3546 1004 3585 non
1038 3534 1104 3587 ad
1140 3533 1470 3587 Dominicam
1506 3536 1802 3604 respiciunt
1835 3553 2039 3604 vocem,

469 3621 563 3677 sed
596 3621 663 3676 ad
705 3636 856 3677 suam
888 3622 1139 3693 gloriam,
1195 3624 1399 3679 idcirco
1432 3625 1570 3681 hane
1610 3627 1814 3681 addidit
1857 3630 2044 3683 admo-

469 3711 726 3766 nitionem
753 3730 767 3766 :
810 3731 828 3764 ι
859 3713 1058 3767 Cavete
1093 3728 1158 3767 ne
1185 3714 1582 3787 eleemosynam
1610 3729 1843 3773 vestram
1872 3720 2041 3775 facia-

470 3803 539 3857 tis
591 3818 775 3859 coram
822 3803 1150 3859 hominibus.
1198 3805 1293 3861 Sin
1356 3817 1534 3864 autem
1584 3809 1763 3873 aliter,
1832 3826 2041 3867 merce-

470 3894 589 3948 dem
622 3910 724 3948 non
744 3895 954 3951 habetis
990 3914 1045 3949 τι
1090 3897 1361 3966 prioribus
1391 3900 1606 3969 quidem
1657 3902 1838 3957 verbis
1890 3904 2042 3958 beni-

469 3986 732 4054 gnitatem
766 3996 821 4041 et
846 3988 1063 4042 virtutis
1085 4004 1322 4044 amorem
1351 3992 1683 4061 signiﬁcans,
1717 4008 1837 4062 qua:
1868 4010 1954 4049 res
1980 4011 2045 4050 ne

470 4077 688 4144 quidem
736 4076 780 4130 si
812 4076 981 4131 velint
1033 4078 1106 4131 illi
1169 4080 1258 4146 qui
1296 4090 1483 4148 agunt.
1529 4081 1789 4135 occultari
1844 4091 2041 4151 potest.

471 4166 577 4221 Per
603 4169 903 4236 posteriora
938 4176 1119 4222 autem
1152 4168 1333 4238 gloriae
1358 4170 1595 4224 studium
1630 4172 1956 4240 reprimens,
1990 4183 2045 4227 et

471 4270 571 4324 per
594 4256 681 4309 illa
712 4256 932 4324 quidem
970 4256 1257 4321 malitiam,
1291 4273 1385 4326 per
1428 4259 1528 4312 ista
1561 4274 1687 4313 vero
1729 4261 2043 4315 ostentatio-

474 4360 598 4399 nem
628 4347 943 4413 prohibens.
982 4346 1166 4415 Neque
1194 4349 1337 4401 cnim
1364 4350 1463 4403 hoc
1494 4350 1563 4402 illi
1588 4360 1668 4405 est
1691 4352 2038 4416 contrarium,
2073 4344 2117 4399 D

475 4436 569 4489 sed
594 4434 722 4488 vitia
761 4450 880 4504 qua:
910 4437 1199 4492 virtutibus
1240 4439 1391 4507 quasi
1443 4439 1602 4492 affixa
1647 4450 1773 4495 sunt
1806 4451 1858 4495 et
1911 4443 2042 4497 insi-

476 4525 712 4589 diantur,
745 4525 1013 4594 prohibet.
1048 4524 1232 4582 Virtus
1270 4528 1412 4582 enim
1445 4529 1621 4584 omnis
1658 4545 1717 4585 ea
1754 4530 1910 4601 503
1952 4532 2045 4587 de-

479 4632 624 4670 mum
659 4633 777 4687 qua:
807 4620 1011 4687 absque
1041 4621 1402 4674 ostentatione
1433 4618 1573 4673 facta
1600 4629 1702 4685 est,
1728 4622 1896 4676 virtus
1921 4637 2040 4690 pro-

478 4708 597 4777 prie
628 4719 679 4763 et
703 4708 903 4764 dicitur
934 4718 987 4763 et
1018 4718 1121 4763 est.
1157 4708 1212 4763 Si
1241 4725 1369 4765 vero
1411 4711 1576 4764 etiam
1615 4711 1685 4765 ad
1725 4710 1908 4781 gloria:
1932 4721 2045 4765 stu-

2442 2625 2614 2680 PNG’.
2645 2654 2716 2667 --
2744 2624 3045 2697 ΕΥΤΟΝΙῼ
3089 2623 3412 2694 ΔΙΑΚΟΝῼ.

2142 2740 2248 2805 Εἰς
2278 2738 2377 2802 τὸ,
2414 2755 2433 2789 ι
2471 2737 2776 2808 Λαμψάτω
2806 2738 2875 2791 τὸ
2903 2735 3030 2808 φῶς
3052 2734 3239 2806 ὑμῶν.
3279 2754 3298 2789 ι
3322 2724 3452 2808 ’καὶ
3488 2736 3576 2789 ὅτι
3606 2734 3715 2808 οὐκ

2210 2804 2345 2862 ἐστι
2392 2804 2587 2876 τοῦτό,
2614 2804 2920 2861 ἐναντίον’
2948 2805 3028 2872 τῷ
3050 2845 3066 2872 ,
3090 2804 3152 2876 ί(
3210 2805 3550 2876 Προσέχετε
3605 2804 3717 2872 τὴν

2211 2874 2634 2947 ἐλεημοσύνήν
2664 2876 2853 2947 ὑμῶν,
2884 2894 2903 2929 ι
2939 2877 3039 2931 καὶ
3068 2874 3143 2930 τὰ
3173 2874 3343 2944 ἑξῆς.

2212 3079 2339 3142 Τοῖς
2385 3078 2482 3147 μὲν
2526 3077 2756 3132 ἐπὶτῶν
2806 3076 3062 3150 χρηστῶν
3115 3076 3457 3147 διατρίϐουσι
3486 3096 3489 3099 ·
3522 3075 3709 3148 ἔργων,

2140 3170 2203 3223 τὸ
2236 3170 2505 3240 φανεροὺς
2562 3165 2703 3224 εἶναι
2754 3170 2913 3224 τοῦτο
2947 3169 3255 3235 ποιοῦντας,
3296 3171 3377 3233 εἰς
3409 3168 3602 3240 κέρδος
3630 3182 3712 3217 τε·

2140 3262 2224 3315 λεῖ
2249 3281 2262 3294 ο
2287 3262 2367 3316 διὸ
2397 3265 2489 3316 καὶ
2522 3264 2550 3315 ὁ
2584 3262 2773 3335 Σωτὴρ
2794 3263 2900 3334 ἔφη
2924 3279 2938 3291 ·
2967 3281 2986 3314 r
3017 3262 3302 3334 Λαμψάτω
3339 3263 3400 3315 τὸ
3426 3262 3548 3330 φῶς
3570 3258 3717 3329 ὑμῶν

2143 3352 2449 3423 ἔμπροσθεν
2497 3352 2605 3406 τῶν
2648 3351 2977 3424 ἀνθρώπων,
3019 3354 3169 3418 ὅπως
3217 3355 3401 3408 ῐδωσιν
3453 3351 3611 3423 ὑμῶν
3652 3349 3715 3401 τά

2142 3444 2285 3497 καλά
2316 3444 2473 3515 ἔργα,
2510 3445 2605 3497 καὶ
2629 3445 2893 3511 δοξάσωσι
2917 3446 3008 3501 τὸν
3037 3446 3259 3517 Πατέρα
3310 3444 3472 3515 ὑμῶν
3521 3444 3612 3496 τὸν
3659 3441 3713 3493 ὲν

2140 3537 2254 3598 τοῖς
2296 3537 2562 3605 οὐρανοῖς.
2614 3555 2632 3587 ι
2687 3537 2903 3607 Ἐπειδὴ
2953 3537 3010 3590 δέ
3050 3554 3193 3601 τινες
3223 3538 3283 3590 οὐ
3328 3536 3473 3607 πρὸς
3508 3535 3604 3605 τὴν
3624 3535 3715 3585 Δε-

2145 3624 2406 3695 σποτικὴν
2429 3625 2674 3696 ἀφορῶσι
2696 3626 2900 3697 φωνὴν,
2922 3626 3058 3680 ἀλλά
3084 3627 3220 3698 πρὸς
3236 3627 3334 3697 τὴν
3357 3625 3575 3678 ὲαυτῶν
3610 3620 3719 3691 (96)

2144 3714 2501 3783 παραίνεσινο
2560 3733 2579 3765 ι
2618 3715 2923 3786 Προσέχετε
2976 3718 3076 3787 τὴν
3109 3717 3489 3787 ἐλεημοσύνην
3548 3712 3714 3783 ὑμῶν,

2146 3804 2219 3874 μὴ
2250 3807 2422 3857 ποιεῖν
2452 3805 2762 3876 ἔμπροσθεν
2828 3809 2934 3860 τῶν
2967 3806 3289 3877 ἀνθρώπων·
3340 3808 3403 3860 Εἰ
3464 3807 3523 3860 δὲ
3560 3806 3715 3876 μήῖεν

2145 3896 2334 3965 μισθὸν
2353 3898 2453 3949 οὐκ
2499 3897 2650 3968 ἔχετε
2674 3915 2686 3930 ·
2709 3917 2727 3948 ›
2765 3898 2853 3952 διά
2881 3900 2977 3968 μὲν
3002 3898 3110 3952 τῶν
3138 3898 3420 3971 προτέρων
3455 3898 3521 3951 τὸ
3554 3900 3719 3949 ἐπιει-

2143 3987 2238 4049 κὲς
2263 3988 2357 4039 καὶ
2387 3987 2683 4057 φιλάγαθον
2730 3990 3030 4059 ἐμφαίνων,
3060 3991 3199 4060 ὅπερ
3230 3990 3350 4043 οὐδὲ
3379 3989 3719 4060 βουλομένων

2144 4080 2249 4133 τῶν
2300 4080 2644 4151 πραττόντων
2698 4081 3037 4152 κρύπτεσθαι
3072 4080 3329 4135 δύναταιο
3383 4082 3481 4136 διά
3532 4082 3593 4135 δὲ
3618 4080 3719 4133 τῶν

2144 4171 2408 4244 δευτέρων
2441 4173 2541 4243 τὴν
2585 4172 2886 4241 φιλοδοξίαν
2923 4173 3284 4228 ἀναστέλλων.
3320 4174 3436 4227 Καὶ
3467 4175 3537 4227 δι’
3594 4170 3723 4225 ὲκεί-

2145 4281 2251 4317 νων
2275 4264 2393 4333 μὲν,
2423 4264 2521 4334 τὴν
2554 4265 2773 4330 κακίαν,
2820 4264 2907 4319 διὰ
2944 4265 3001 4318 δὲ
3030 4265 3259 4329 τούτων,
3314 4265 3413 4335 τὴν
3466 4263 3724 4327 ἐπίδειξιν

2146 4354 2388 4410 κωλύων.
2421 4356 2494 4408 Ού
2548 4356 2656 4427 γάρ
2704 4356 2945 4411 ἐναντίον
2996 4356 3113 4409 ἐστὶ
3143 4357 3287 4410 τοῦτ’
3326 4357 3560 4425 ἐκείνῳ·
3594 4353 3726 4409 ἀλλά

2149 4443 2245 4507 τὰς
2277 4444 2739 4515 παραπεπηγυίας
2777 4445 2869 4497 καὶ
2899 4444 3159 4514 ἐφέδρους
3191 4443 3391 4505 κακίας
3427 4445 3555 4505 ταῖς
3600 4442 3727 4511 ἀρε-

2149 4536 2269 4595 ταῖς
2308 4532 2529 4588 κωλύει.
2592 4531 2789 4603 Ἀρετὴ
2855 4532 2965 4604 γὰρ
3028 4532 3177 4584 πᾶσα
3230 4531 3359 4583 ἄνευ
3409 4528 3727 4595 ἐπιδείξεως

2149 4624 2429 4692 γινομένη,
2461 4624 2627 4693 ἀρετὴ
2656 4622 2721 4676 ἂν
2752 4622 2958 4693 κυρίως
2989 4621 3208 4675 καλοῖτο
3247 4622 3340 4674 καὶ
3391 4623 3508 4693 εἵη.
3570 4619 3635 4673 Et
3675 4617 3729 4671 δὲ

2150 4713 2243 4766 καὶ
2272 4714 2407 4785 πρὸς
2440 4713 2742 4783 φιλοδοξίαν
2776 4713 3085 4784 ὲλκυσθείη,
3113 4713 3207 4766 καὶ
3237 4714 3298 4766 τὸ
3322 4711 3465 4769 εἶναι
3513 4714 3730 4783 είλικρι-

549 4889 596 4921 ⁸¹
625 4890 803 4946 Eccle.
836 4904 931 4955 vn,
960 4888 1017 4943 ὅ.
1093 4889 1140 4921 ⁸³
1169 4842 1238 4944 IV
1269 4887 1401 4959 Reg.
1434 4905 1508 4956 tv,
1539 4887 1632 4956 55,
1664 4887 1751 4943 56.
1830 4883 1875 4916 ⁸³
1902 4848 2042 4939 Prov

2147 4903 2250 4951 Iuv,
2278 4888 2365 4940 16.
2441 4889 2487 4919 ⁸⁸
2510 4887 2701 4943 Matth.
2737 4903 2785 4956 v,
2816 4889 2906 4946 l6.
2979 4889 3025 4922 ⁸⁵
3049 4888 3243 4945 Matth.
3273 4905 3351 4958 v1,
3385 4889 3447 4946 2.

1538 5043 1772 5100 VARUE
1811 5040 2195 5101 LECTIONES
2230 5040 2317 5096 ET
2357 5039 2589 5097 NOTAE.

478 5204 673 5279 δεῖται.
709 5200 903 5279 Sqidas
929 5218 943 5255 :
983 5200 1211 5279 Ὥσίςιι,Δ
1246 5199 1337 5253 ἐπὶ
1357 5198 1571 5279 θανάτῳ
1602 5197 1755 5279 τιμὴ,
1777 5197 1827 5279 ’ἡι
1873 5196 2055 5279 ἡμέρα

481 5216 673 5260 δεῖται.
709 5216 943 5256 auidas:
988 5216 1154 5260 ὐσια,
1177 5216 1211 5271 η
1246 5216 1337 5253 επι
1360 5216 1571 5270 υανατῳ
1602 5216 1755 5322 τιὲη,
1788 5216 1827 5279 η
1873 5216 2055 5277 ημερα

481 5271 929 5345 ὁσίαν,γκηδεὶαν,
957 5270 1055 5341 τὴν
1084 5272 1408 5345 ὲπϊνεκροῖς
1434 5271 1621 5340 τιμήν.
1711 5284 1737 5320 x
1777 5268 1861 5321 Ius
1897 5277 2055 5345 Igitur

485 5343 767 5397 verissima
801 5342 1056 5410 probatur
1084 5342 1391 5405 conjectura
1437 5350 1619 5392 nostra
1653 5352 1666 5388 :
1702 5353 1860 5405 quam
1889 5342 2050 5388 etiam

485 5409 971 5463 eontirmantlcod.
1012 5407 1128 5463 Vat.
1163 5410 1266 5463 650
1308 5422 1395 5463 ao.
1432 5405 1596 5463 oost.l
1641 5407 1917 5463 sequentia
1950 5422 1963 5457 :
2006 5405 2054 5455 εἰ

483 5405 971 5478 οοηῐὶιιιηθηιίεοό.
1012 5407 1128 5463 Vat.
1163 5410 1266 5464 650
1308 5422 1395 5476 ap.
1432 5405 1596 5477 post.]
1641 5407 1917 5473 sequentia
1950 5422 1963 5457 :
2006 5405 2053 5455 εἰ

488 5479 609 5531 οὐδὲ
632 5480 692 5531 τὸ
723 5479 902 5547 ὁσιοῦν
946 5478 1016 5529 τὰ
1057 5481 1283 5547 σώματα
1311 5479 1459 5531 ὅσιον
1519 5472 1661 5529 εἶναι
1700 5473 1940 5546 ἐνόμιζε,
1964 5474 2053 5529 ubi

491 5549 787 5599 notandum
816 5546 1181 5602 col'imm'cov.
1224 5548 1386 5603 Bt'r'r.

563 5616 675 5680 (95)
728 5615 1113 5683 Προστέθεικεν
1186 5627 1359 5672 mutat
1423 5617 1477 5672 in
1535 5613 1873 5682 προσέθηκεν
1929 5612 2049 5669 cod.

2163 5195 2340 5248 Vatie.
2376 5194 2480 5247 650
2517 5202 2570 5248 et
2598 5208 2740 5248 vers.
2782 5195 2816 5248 5
2845 5196 2934 5249 ὅτε
2974 5196 3025 5249 in
3059 5196 3162 5251 ὅτι.
3192 5196 3396 5252 Possm.

2233 5264 2343 5339 (96)
2372 5264 2528 5339 Πρὸς
2557 5263 2673 5331 τὴν
2692 5264 2941 5339 ἑαυτῶν.
2976 5265 3201 5339 _Videtur
3223 5266 3328 5339 tale
3348 5265 3483 5339 quid
3524 5266 3737 5339 deesse,

2152 5335 2327 5400 δόξαν,
2366 5334 2571 5404 ταύτην
2600 5334 2907 5406 προσέθηκε
2938 5334 3034 5406 τὴν
3071 5336 3323 5406 παραίν.,
3349 5334 3525 5404 atque
3558 5337 3634 5390 ita
3661 5336 3735 5390 in-

2160 5411 2486 5473 terpretatus
2512 5418 2629 5455 sum
2665 5406 2816 5474 qua_si
2864 5405 2996 5457 haec
3016 5405 3290 5474 adessent,
3317 5416 3589 5474 poscente
3617 5419 3736 5459 sen-

2159 5472 2337 5527 tentia:
2383 5474 2711 5535 integritate.
2756 5472 2918 5527 Rt'rr.
2960 5503 3031 5513 —-
3069 5474 3201 5528 Cod.
3255 5472 3369 5527 Vat.
3403 5474 3520 5529 650
3565 5480 3735 5528 mutat

2157 5542 2341 5614 φωνὴν
2372 5542 2423 5614 in
2454 5541 2611 5614 δόξαν
2633 5553 2712 5614 ιιιΔ
2733 5544 3052 5614 παραίνεσιν
3078 5543 3128 5614 i_n
3155 5543 3457 5614 παρῄνεσε.
3491 5544 3614 5599 Mox
3642 5555 3737 5612 pro

2154 5609 2522 5681 ἐλεημοσύνην
2544 5611 2671 5680 legit
2694 5609 3056 5681 δικαιοσύνην.
3092 5609 3297 5671 Possm:
