4020 6140
401 289 538 357 1245

1290 296 1822 358 EPISTOLABUM
1859 297 2005 357 LIB.
2046 297 2143 359 IV.
2183 322 2254 335 -
2290 298 2527 360 EPIST.
2565 298 2763 362 CLXI.

3506 291 3644 359 1216

395 413 493 480 vi];
522 408 691 480 ἀρετὴ
724 409 1004 469 ἀπόλλυσι.
1032 410 1229 463 Σιωπῶ
1250 411 1377 482 γὰρ,
1406 414 1490 466 ὄτι
1529 415 1579 465 oi
1613 414 1731 483 μετ’
1762 413 1964 466 ἐπιδεί-

2072 414 2219 467 dium
2268 413 2535 479 trahatur,
2581 416 2745 468 etiam
2776 413 2879 467 hoc
2925 411 3099 482 ipsum
3131 409 3332 479 perdit,
3388 411 3528 479 quod
3569 412 3641 466 sit

395 501 533 567 ξεων
575 502 868 564 ἐλεοῦντες,
915 502 977 554 ού
1008 502 1383 574 καλοκάγαθίᾳ
1409 506 1566 556 τοῦτο
1585 504 1803 575 δρῶσιν,
1834 504 1969 557 ἀλλά

392 591 494 652 τὰς
520 591 811 662 ἀλλοτρίας
857 592 1293 662 ὲκπομπεύοντες
1339 594 1644 664 συμφοράς.
1715 594 1969 665 Ἐλεήμο-

400 698 490 743 νες
512 682 621 751 γὰρ
648 672 929 735 καλεῖσθαι
952 683 1279 753 γλιχόμενοι,
1306 683 1402 747 τὰς
1429 684 1711 754 ἀλλοτρίας
1739 684 1799 736 ού
1827 702 1968 754 παρ-

394 771 669 824 αιτοῦνται
766 774 1130 844 ὲκτραγῳδεῖν
1209 775 1566 844 δυσημερίας.
1666 775 1738 826 Τὸ
1819 774 1965 843 γὰρ,

401 861 739 931 (ςΛαμψάτω
768 863 829 915 τὸ
858 864 975 931 φῶς
1011 864 1184 933 ὑμῶν,
1239 884 1257 915 ι
1294 865 1527 932 εἴρηται,
1563 864 1661 933 οὐχ
1706 864 1772 917 ἵν’
1808 866 1966 933 ἡμεῖς

395 953 842 1023 ὲναϐρυνώμεθα,
876 955 991 1007 ἀλλ’
1025 957 1101 1019 ὼς
1128 955 1231 1009 τοῦ·
1246 957 1449 1023 ἀγαθοῦ
1477 957 1639 1026 ἔργου
1671 956 1961 1026 σιγηθῆναι

400 1041 475 1112 μὴ
496 1044 846 1112 ἀνεχομένου,
871 1045 972 1098 κᾶν
1002 1048 1049 1098 οἱ
1077 1046 1352 1108 ποιοῦντες
1386 1048 1720 1116 κρύπτωσιν.
1758 1047 1963 1115 Ὅνπερ

396 1133 505 1203 γὰρ
542 1135 742 1204 τρόπον
767 1135 985 1205 λαμπὰς
1013 1139 1068 1189 ὲν
1115 1138 1358 1207 ἀσελήνῳ
1383 1138 1537 1190 νυκτὶ
1583 1140 1829 1206 φανεῖσα,
1862 1138 1963 1188 αὐ-

395 1225 648 1294 τομάτως
669 1226 766 1290 τὰς
791 1226 943 1295 ὄψεις
969 1228 1259 1295 ἐπάγεται·
1290 1229 1431 1281 οὓτω
1465 1229 1557 1282 καὶ
1583 1231 1615 1299 ἡ
1652 1229 1819 1300 ἀρετὴ
1870 1230 1964 1281 καὶ

398 1315 641 1369 ἀκόντων
670 1316 780 1369 τῶν
810 1319 1162 1387 κεκτημένων
1188 1319 1393 1382 πάντας
1424 1318 1681 1387 φωτίζειν
1698 1319 1959 1388 πέφυκεν.

642 1594 761 1650 ΡΞ’.
803 1627 871 1640 --
900 1596 1223 1669 ΘΕΟΔΟΣΙῼ
1251 1600 1718 1671 ΠΡΕΣΒΠΕΡῼ.

405 1679 466 1732 Τί
486 1679 619 1735 ἐστι
639 1698 652 1711 ·
684 1701 704 1732 ι
732 1683 1155 1752 καίίέκσπάσω
1189 1684 1258 1748 ἐξ
1292 1686 1489 1739 αὐτῶν
1508 1687 1763 1752 καρδίαν
1814 1688 1962 1743 λιθί-

466 1766 606 1818 νην,
647 1752 744 1805 καὶ
783 1751 953 1806 δώσω
984 1753 1187 1820 αὐτοῖς
1216 1744 1466 1823 καρδίαν
1491 1744 1809 1823 σαρκίνην.
1867 1778 1887 1810 ι
1997 1744 2035 1794 Β

465 1859 540 1912 Τὸ
574 1861 702 1930 μὲν,
735 1880 753 1913 ι
778 1864 1065 1918 Ἐκσπάσω
1096 1866 1153 1932 ἐξ
1187 1868 1393 1919 αὐτῶν»
1427 1868 1604 1935 (δῆλον
1655 1868 1713 1920 δὲ
1750 1869 1964 1923 ὅτιτῶν

395 1951 657 2014 ἑκουσίως
683 1954 1015 2021 προσιόντων
1043 1958 1109 2025 τῇ
1128 1956 1247 2027 θείᾳ
1276 1957 1575 2028 παιδεύσει)
1597 1975 1614 2007 ι
1640 1957 1964 2028 τὴνλιθίνην

397 2041 642 2111 καρδίαν,
676 2062 695 2093 ι
725 2043 823 2114 τὴν
843 2046 1169 2116 ἀναίσθητον
1198 2048 1294 2099 καὶ
1320 2048 1623 2118 ἀνάλγητον
1654 2049 1754 2119 τῆς
1785 2048 1963 2117 ψυχῆς

399 2133 592 2204 μηνύει
612 2134 741 2200 ἕξιν,
764 2136 863 2206 τὴν
884 2138 997 2200 τοῖς
1028 2137 1191 2201 θείοις
1221 2139 1690 2210 ἀντιπράττουσαν
1737 2141 1923 2209 νόμοις
1941 2155 1957 2171 ⁶

393 2224 457 2275 τὸ
490 2223 579 2290 δὲ,
613 2242 633 2275 ι
674 2226 780 2279 Καὶ
805 2226 962 2281 δώσω
988 2228 1171 2291 αὐτοῖς
1207 2227 1435 2299 καρδίαν
1464 2229 1753 2299 σαρκίνην,
1797 2249 1817 2282 ›
1861 2232 1962 2303 τὴν

395 2312 638 2368 εὕεικτον
668 2316 779 2386 (9'1)
805 2319 901 2370 καὶ
941 2318 1239 2386 πειθήνιον,
1285 2320 1378 2372 καὶ
1418 2323 1528 2383 τοῖς
1576 2326 1962 2391 πνευματικοῖς

394 2404 972 2477 εἴκουσανιθεσμοῖς·
1024 2407 1085 2473 ἐξ
1127 2402 1202 2462 ὧν
1253 2409 1346 2463 καὶ
1398 2412 1426 2463 ὁ
1477 2410 1815 2480 περιώνυμος
1865 2414 1962 2481 τῆς

394 2496 596 2566 ἀρετῆς
657 2497 870 2566 πέφυκε
928 2498 1207 2553 τίκτεσθαι
1257 2502 1437 2571 χορός.
1494 2502 1558 2554 Ei
1614 2502 1671 2554 δὲ
1732 2503 1825 2556 καὶ
1874 2502 1962 2555 διὰ

395 2588 859 2657 παραδειγμάτων
899 2589 1076 2659 βούλει
1129 2591 1291 2661 τοῦτο
1343 2592 1556 2661 μαθεῖν,
1608 2593 1815 2646 ἄκουε·
1879 2593 1962 2646 ὅτι

392 2673 582 2746 ὥσπερ
612 2679 990 2747 γραμματικοὶ
1019 2680 1111 2732 καὶ
1144 2682 1416 2749 σοφισταὶ,
1446 2683 1571 2745 τοὺς
1593 2682 1791 2744 παῖδας
1812 2682 1964 2751 δεχόε

397 2781 549 2835 μενοι
584 2768 889 2836 ρυπῶντας,
922 2769 1259 2840 καθάραντες
1296 2773 1738 2841 ἀποπέμπουσιν,
1767 2774 1827 2826 ού
1859 2774 1961 2838 τάς

393 2854 641 2924 γλώττας
678 2860 988 2928 ἅνηῦὦντες
1039 2863 1152 2932 (98)
1198 2862 1281 2932 (οὐ
1338 2862 1446 2932 γὰρ
1506 2858 1615 2916 οἷόν
1664 2864 1769 2933 τε),
1825 2864 1962 2918 ἀλλά

2071 504 2241 559 virtus
2308 507 2542 560 sincera.
2596 506 2773 560 Taceo
2827 505 2994 570 enim,
3040 502 3181 573 quod
3236 502 3333 568 illi,
3364 502 3457 572 qui
3516 516 3638 556 cum

2069 596 2425 651 ostentatione
2459 612 2623 667 opera
2655 594 3044 651 misericordiae
3087 602 3361 657 exercent,
3393 607 3497 647 non
3526 601 3640 647 tam

2068 686 2285 741 virtutis
2316 702 2379 741 ac
2412 688 2625 743 honesti
2663 702 2847 742 amore
2874 686 2928 741 id
2967 686 3196 750 faciunt,
3232 699 3393 754 quam
3436 684 3642 739 alienas

2069 775 2347 845 divulgant
2378 777 2739 831 calamitates.
2778 777 2912 830 Dum
2942 776 3084 830 enim
3130 774 3511 829 misericordes
3538 788 3641 828 vo-

2068 864 2182 919 cari
2217 865 2462 933 cupiunt,
2490 866 2696 919 alienas
2727 864 2976 918 miserias
3003 862 3288 932 propalare
3314 877 3418 916 non
3449 875 3640 916 veren-

2070 964 2174 1009 tur.
2217 955 2349 1009 lilud
2379 958 2546 1022 enim,
2585 975 2604 1007 ι
2652 955 2853 1010 Luceat
2882 955 2969 1008 lux
2999 964 3199 1017 vestra,
3250 972 3269 1006 ι
3299 953 3499 1007 dictum
3526 964 3634 1018 est,

2068 1061 2173 1099 non
2205 1055 2265 1099 ut
2288 1048 2651 1114 nosmetipsos
2691 1046 2979 1112 jactemus,
3012 1045 3109 1099 sed
3136 1045 3260 1113 quia
3286 1044 3481 1098 bonum
3504 1058 3639 1112 opus

2069 1136 2235 1189 taceri
2290 1150 2350 1190 se
2386 1152 2491 1190 non
2525 1137 2779 1205 patiatur,
2838 1135 3047 1189 etiamsi
3082 1137 3132 1189 id
3180 1133 3445 1188 occultent
3485 1132 3521 1187 ii
3546 1131 3637 1201 qui

2065 1227 2294 1282 faciunt.
2339 1227 2799 1294 Quemadmodum
2854 1226 2996 1281 enim
3054 1224 3141 1278 fax
3188 1225 3243 1278 in
3293 1224 3443 1278 illuni
3478 1233 3636 1277 nocte

2066 1333 2355 1388 apparens,
2384 1334 2488 1374 sua
2532 1327 2723 1388 sponte
2775 1318 2960 1372 oculos
2995 1317 3060 1370 ad
3098 1331 3155 1370 se
3198 1316 3366 1369 allicit
3416 1332 3431 1368 :
3474 1314 3553 1367 sic
3581 1321 3635 1367 et

2065 1411 2238 1467 virtus
2261 1412 2508 1479 quamvis
2544 1409 2727 1463 invitis
2761 1422 2826 1462 ac
2863 1407 3173 1461 nolentibus
3215 1407 3326 1461 suis
3361 1418 3636 1474 possesso-

2066 1500 2213 1554 ribus
2246 1514 2433 1554 omnes
2464 1499 2705 1553 homines
2747 1497 3054 1551 illuminare
3104 1506 3228 1564 apta
3268 1505 3320 1549 et
3365 1504 3491 1547 nata
3529 1488 3634 1547 est.

2240 1609 2401 1664 CLX.
2429 1639 2499 1651 --
2539 1608 2941 1665 THEODOSIO
2984 1605 3461 1663 PRESBYTERO.

2067 1697 2206 1763 Quid
2231 1701 2297 1753 sit
2332 1699 2464 1754 illud
2499 1717 2517 1755 :
2557 1719 2577 1751 ι
2612 1701 2681 1754 Et
2710 1702 2953 1768 auferam
2980 1699 3043 1752 ab
3072 1698 3199 1768 ipsis
3228 1713 3319 1750 cor
3350 1696 3631 1765 lapideum,

2387 1780 2436 1823 et
2466 1772 2600 1824 dabo
2629 1772 2754 1837 ipsis
2784 1765 2875 1824 bar
2911 1784 3156 1822 carneum
3180 1765 3250 1819 ⁸⁸.
3286 1785 3306 1818 ι

2143 1881 2352 1937 Dictum
2378 1882 2507 1937 illud
2536 1898 2549 1935 :
2586 1899 2606 1934 ι
2640 1881 2899 1938 Auferam
2942 1883 3010 1936 ab
3057 1880 3187 1950 ipsis
3212 1878 3506 1949 (videlicet,
3535 1878 3628 1944 qui

2063 1974 2260 2029 divinae
2286 1972 2613 2027 institutioni
2643 1981 2838 2041 sponte
2861 1973 3257 2040 obsequuntur,
3289 1978 3514 2037 seseque
3544 1983 3635 2021 ac-

2063 2062 2427 2132 commodant)
2452 2077 2547 2116 cor
2573 2063 2863 2132 lapideum,
2903 2081 2920 2112 ›
2951 2061 3151 2115 indicat
3178 2060 3416 2114 habitum
3443 2061 3637 2112 anima:

2063 2168 2255 2208 sensus
2288 2166 2353 2207 ac
2385 2152 2592 2207 doloris
2628 2152 2807 2206 omnis
2832 2161 3129 2220 expertem,
3160 2150 3424 2219 planeque
3465 2149 3637 2216 stupi-

2062 2242 2213 2306 dum,
2247 2249 2303 2296 et
2335 2240 2534 2296 divinis
2570 2241 2774 2310 legibus
2812 2250 3219 2311 repugnantem.
3261 2232 3415 2305 Quod
3454 2247 3633 2292 autem

2061 2331 2350 2400 sequitur:
2394 2350 2414 2383 ι
2449 2331 2515 2385 Ει
2542 2333 2679 2386 dabo
2725 2332 2856 2399 ipsis
2888 2347 2985 2385 cor
3030 2346 3309 2395 carneum,
3355 2348 3375 2381 ι
3428 2328 3635 2398 signiﬁ-

2062 2431 2148 2477 cat
2181 2422 2425 2476 babitum
2455 2423 2621 2477 animi
2654 2421 2831 2477 facile
2858 2424 3133 2477 cedentem
3161 2432 3321 2490 atque
3343 2421 3637 2490 obsequen-

2064 2522 2167 2564 tem
2188 2549 2204 2574 ,
2232 2518 2287 2564 et
2314 2509 2686 2579 spiritualibus
2709 2510 3080 2563 sanctionibus
3099 2523 3159 2563 se
3181 2507 3581 2562 submittentem
3615 2523 3630 2559 :

2062 2600 2202 2654 unde
2222 2600 2388 2654 etiam
2419 2600 2649 2655 celebris
2691 2600 2778 2654 ille
2820 2600 3038 2653 virtutis
3061 2600 3260 2653 cborus
3292 2598 3435 2667 gigni
3475 2597 3632 2651 solet.

2060 2687 2212 2753 Quod
2249 2690 2294 2742 si
2348 2703 2446 2756 per
2483 2690 2728 2758 exempla
2798 2703 3016 2757 quoque
3050 2688 3155 2742 hoc
3200 2687 3409 2740 discere
3457 2685 3633 2753 cupis,

2062 2779 2332 2833 ausculta.
2378 2778 2843 2844 Quemadmodum
2896 2777 3233 2849 grammatici
3284 2785 3337 2830 et
3379 2775 3635 2845 sophistas

2062 2883 2289 2937 pueros,
2333 2885 2469 2937 quos
2509 2870 2758 2923 sordidos
2806 2877 3135 2939 acceperunt
3185 2868 3236 2921 in
3270 2867 3630 2934 disciplinam,

392 2945 586 3016 τέχνην
606 2948 906 3013 ὲντιθέντες
928 2967 943 2982 ο
968 2951 1089 3005 οὐδὲ
1117 2952 1217 3014 τὰς
1253 2952 1431 3022 ψυχὰς
1462 2952 1837 3017 ἀλλάττοντες,
1859 2952 1959 3024 τὴν

2067 2957 2351 3011 mundatos
2374 2959 2675 3020 remittunt,
2702 2972 2808 3011 non
2835 2958 3053 3027 quidem
3082 2956 3292 3026 linguas
3321 2970 3508 3009 eorum
3533 2954 3633 3007 ite-

393 3035 452 3089 δὲ
484 3037 755 3108 ρᾳθυμίαν
780 3041 1179 3110 λὲκϐἀλλοντεςο
1221 3042 1368 3095 οὕτω
1402 3044 1497 3095 καὶ
1552 3046 1584 3113 ή
1628 3043 1746 3096 θεία
1801 3046 1960 3112 σοφία

2068 3062 2187 3101 rum
2219 3047 2575 3117 iuvenescere
2607 3047 2869 3103 facientes
2907 3046 3103 3116 (neque
3130 3046 3273 3100 enim
3302 3046 3360 3098 .id
3394 3045 3509 3099 ﬁeri
3541 3057 3635 3112 po-

393 3129 494 3199 τὴν
522 3132 721 3191 κακίαν
744 3132 838 3185 καὶ
858 3133 954 3203 τὴν
980 3134 1203 3201 ἄγνοιαν
1228 3133 1706 3203 ὲξοστρακίζουσα,
1740 3134 1956 3190 σύνεσιν

2067 3146 2170 3193 test
2208 3150 2304 3204 per
2336 3152 2522 3192 rerum
2564 3136 2860 3207 naturam),
2909 3137 3004 3191 sed
3040 3146 3210 3190 artem
3234 3136 3367 3203 ipsis
3390 3136 3634 3188 inseren-

394 3221 490 3273 καὶ
515 3221 823 3294 ἐπιστήμην
857 3224 1150 3294 ἐντίθησιν.

2064 3239 2143 3284 tes
2180 3247 2193 3282 :
2233 3242 2408 3297 neque
2456 3230 2667 3283 animas
2714 3243 2904 3283 eorum
2942 3227 3316 3289 immutantes,
3354 3223 3448 3279 sed
3485 3226 3638 3294 igna-

396 3312 539 3366 viam
585 3316 1014 3370 exterminantes
1068 3334 1082 3370 :
1126 3317 1199 3370 ita
1253 3317 1418 3371 etiam
1463 3317 1645 3372 divina
1739 3319 2000 3388 sapientia
2077 3320 2476 3389 improbitatem
2535 3322 3003 3393 ignorantiarnquc
3054 3320 3326 3390 expellens
3384 3327 3437 3376 et
3491 3318 3639 3376 velut

397 3403 588 3458 exsilio
618 3405 901 3469 damnans,
933 3406 1345 3475 intelligentiam
1369 3415 1422 3461 et
1447 3408 1728 3462 scientiam
1758 3409 1810 3462 in
1844 3411 2055 3464 animos
2090 3410 2406 3465 introducit.

570 3513 735 3568 PEA'.
753 3543 822 3555 —-
836 3514 1269 3584 ΑΡΤΕΜΙΔΩΡῼ
1312 3514 1786 3585 ΠΡΕΣΒΥΤΕΡῼ.

396 3604 502 3670 ιις
528 3604 615 3671 τὸ,
669 3622 687 3656 ι
716 3604 989 3673 Πειρέστη
1011 3603 1176 3672 πάσῃ
1196 3603 1311 3669 ὀδῷ
1333 3605 1457 3673 οὐκ,
1473 3603 1666 3671 ἀγαθῇ
1681 3620 1725 3655 ἰ
1747 3606 1844 3657 καὶ
1877 3606 1965 3668 εἰς

467 3673 534 3726 τὸ
560 3714 573 3735 ,
600 3670 636 3724 ίι
683 3670 930 3742 Ἠψυχὴ
955 3670 1235 3728 αὑτοῦἐν
1263 3673 1336 3729 τλῆ
1359 3670 1471 3740 ζωῇ
1499 3670 1686 3727 αὐτοῦ
1707 3674 1962 3743 εὐλογη-

466 3742 735 3808 θήσεται.
768 3761 786 3794 ι

464 3858 540 3911 Τὸ
571 3858 691 3928 μὲν,
726 3877 745 3910 ‹
780 3858 1039 3930 Παρέστη
1072 3859 1221 3930 πάσῃ
1263 3858 1366 3929 ὁδῷ
1400 3859 1500 3912 οὒκ
1544 3859 1741 3929 ἀγαθῇ.
1780 3876 1798 3910 ι
1830 3860 1961 3929 περὶ

392 3949 723 4022 ἀμαρτωλοῦ
748 3951 1033 4020 εἰρημένον
1075 3951 1286 4020 ἀνδρὸς,
1315 3950 1609 4021 ἐϐοήθησεν
1642 3951 1777 4015 ἐστὶ,
1838 3968 1963 4003 συν-

393 4042 711 4113 ηγόρησεν,
766 4042 1260 4112 ὲδικαιολογήσατο.
1317 4042 1527 4112 Ὥσπερ
1589 4042 1700 4112 γὰρ
1754 4041 1965 4110 ἄμαχος

398 4131 584 4201 ῥήτωρ
614 4131 726 4191 τοῖς
762 4129 1040 4193 δικάζουσι
1071 4129 1379 4201 παρεστὼς,
1413 4131 1551 4195 ὑπὲρ
1581 4130 1685 4183 τῶν
1714 4129 1964 4200 βοηθείας

395 4222 665 4291 δεομένων
694 4222 793 4292 τὴν
821 4221 1023 4275 οἰκείαν
1076 4225 1215 4275 κινεί
1256 4224 1452 4292 τέχνην
1479 4240 1492 4253 ο
1526 4221 1667 4274 οὕτω
1714 4223 1963 4284 κάκεῖνος

2212 3518 2391 3576 CLXI.
2420 3553 2490 3564 —
2525 3522 2974 3580 ARTEMIDORO
3016 3523 3495 3580 PRESBYTERO.

2063 3612 2132 3667 In
2156 3614 2289 3667 illud
2320 3628 2339 3666 :
2377 3632 2395 3664 ι
2437 3613 2624 3668 Astitit
2666 3617 2808 3668 omni
2840 3617 2937 3670 vita
2986 3632 3089 3668 non
3125 3616 3271 3669 bona?
3317 3615 3384 3669 ⁸⁷.
3420 3636 3439 3668 ι
3486 3614 3551 3667 Et
3585 3632 3640 3668 ιη

2132 3684 2264 3736 illud
2285 3699 2303 3736 :
2329 3701 2347 3734 ι
2374 3684 2569 3737 Anima
2597 3684 2709 3753 ejus
2733 3686 2786 3738 in
2812 3686 2918 3739 rita
2954 3686 3066 3754 ejus
3091 3687 3417 3739 benedicelur
3439 3685 3508 3739 ³⁸.
3544 3703 3564 3736 ι

2125 3860 2256 3913 illud
2314 3860 2530 3929 quidem
2577 3859 2778 3912 dictum
2829 3876 2845 3913 :
2913 3877 2933 3910 ι
2976 3858 3164 3912 Astitit
3218 3860 3369 3911 omni
3404 3856 3504 3909 via:
3534 3871 3639 3909 non

2072 3952 2246 4015 bonae,
2288 3969 2307 4003 ι
2356 3950 2422 4004 de
2446 3950 2664 4004 bomine
2696 3961 2978 4016 peccatore
3007 3950 3208 4002 dictum
3246 3956 3347 4011 est,
3381 3930 3640 4001 auxilium

2069 4057 2294 4111 opemve
2323 4041 2462 4105 tulit,
2488 4039 2571 4095 vel
2594 4040 2957 4110 patrocinium
2998 4039 3245 4108 praebuit,
3300 4038 3382 4093 vel
3410 4041 3642 4092 advoca-

2072 4132 2268 4184 tionem
2300 4130 2573 4197 praestitit.
2611 4128 3074 4194 Quemadmodum
3121 4127 3264 4182 enim
3309 4128 3641 4195 inexpugna-

2069 4223 2191 4277 bilis
2212 4231 2416 4288 orator,
2440 4224 2531 4292 qui
2557 4223 2889 4293 litigantibus
2916 4221 3143 4300 assistit,
3171 4219 3460 4273 artiﬁcium
3483 4233 3639 4272 suum

396 4313 561 4365 παντὶ
582 4312 757 4365 σθένει
784 4314 848 4383 τῇ
885 4313 1052 4384 κακίᾳ
1078 4314 1451 4384 συνηγορῆσαι
1487 4315 1548 4366 ού
1582 4315 1960 4383 παρῃτήσατο.

2068 4329 2165 4383 pro
2196 4313 2320 4377 illis,
2346 4314 2434 4382 qui
2482 4314 2688 4368 auxilio
2722 4329 2819 4368 suo
2859 4311 3120 4381 indigent,
3181 4311 3459 4381 experitur
3494 4326 3509 4363 :
3561 4312 3640 4364 sic

397 4404 470 4455 Τὸ
494 4404 585 4467 δὲ,
627 4423 645 4455 ι
694 4403 761 4457 Ἦ
796 4404 939 4474 ψυχὴ
990 4406 1151 4458 αὑτοῦ
1187 4407 1243 4458 ὲν
1287 4408 1353 4475 τῇ
1387 4404 1497 4475 ζωῇ
1538 4406 1702 4457 αὑτοῦ
1738 4406 1963 4474 εὐλογη-

397 4491 644 4561 θήσεται,
676 4512 694 4542 ι
730 4493 856 4561 περὶ
895 4494 1151 4547 κακίστου
1200 4495 1361 4548 πάλιν
1411 4495 1604 4564 ἀνδρὸς
1645 4496 1957 4564 εἰρημένον,

393 4582 632 4634 τοιοῦτόν
660 4584 837 4634 ἐστιν·
886 4580 956 4636 Εὖ
990 4585 1331 4654 λεχθήσεται,
1364 4586 1482 4638 ἀντὶ
1504 4584 1619 4649 τοῦ,
1669 4586 1961 4655 ἐπαινεθή-

397 4689 572 4737 σεται,
619 4675 1152 4745 ὲγκωμιασθήσεται,
1203 4677 1690 4747 μακαρισθήσεται.
1734 4678 1797 4729 Ἠ
1849 4678 1957 4748 γὰρ

396 4763 635 4830 εὐλογία,
668 4764 816 4834 παρά
844 4765 904 4817 τὸ
944 4761 1002 4817 εὖ
1033 4766 1231 4834 λέγειν,
1287 4766 1385 4836 τὴν
1416 4767 1691 4837 εὐφημίαν
1741 4770 1955 4838 μηνύει.

410 4853 629 4923 Ἐπειδὴ
659 4855 765 4925 γὰρ
793 4854 995 4921 πολλοὶ,
1024 4854 1099 4924 τῷ
1138 4855 1234 4925 τὴν
1277 4857 1455 4927 κρίσιν
1482 4857 1589 4909 τῶν
1616 4859 1957 4929 πραγμάτων

398 4939 579 5002 αὐτοῖς
601 4941 945 5012 διεφθάρθαι,
999 4942 1281 4995 ἐπαινοῦσι
1315 4944 1409 4996 καὶ⁹
1440 4947 1796 5015 μακαρίζουσι
1833 4950 1961 5012 τοὺς

397 5031 773 5094 ταλανίζεσθαι
800 5034 894 5085 καὶ
918 5033 1239 5104 θρηνεῖσθαι
1284 5033 1524 5097 δικαίους
1564 5036 1738 5101 ὄντας,
1783 5037 1870 5090 διὰ
1903 5039 1963 5091 τὸ

399 5120 614 5191 πλούτῳ
667 5125 867 5194 κομᾷν,
911 5124 1005 5176 καὶ
1061 5123 1272 5193 τρυφῆς
1300 5124 1616 5193 ἀπολαύειν,
1664 5125 1766 5179 κᾶν
1797 5126 1966 5196 μυρία

2068 4404 2229 4458 etiam
2293 4403 2380 4457 ille
2437 4404 2765 4473 improbitati
2823 4401 3185 4471 patrocinium
3228 4401 3639 4453 accommodare

2068 4495 2316 4549 omnibus
2350 4494 2554 4548 viribus
2586 4508 2691 4547 non
2722 4504 2954 4548 recusat.
2990 4492 3157 4546 Porro
3192 4492 3357 4545 illud:
3388 4510 3406 4541 ι
3438 4492 3635 4544 Anima

2069 4588 2185 4653 ejus
2236 4586 2425 4639 invita
2476 4585 2642 4651 ipsius
2678 4585 3069 4649 benedicetur;
3122 4602 3140 4634 ι
3178 4583 3373 4635 iterum
3407 4581 3473 4634 de
3519 4595 3644 4647 pes-

2068 4677 2207 4730 simo
2243 4676 2458 4728 homine
2490 4676 2692 4728 dictum
2722 4687 2824 4736 est,
2871 4672 3177 4745 ltnjusmodi
3216 4689 3231 4725 :
3279 4669 3439 4740 504
3469 4668 3641 4723 Bene-

2067 4769 2294 4826 (licetur.
2326 4782 2423 4835 pro
2453 4782 2517 4821 eo
2542 4767 2686 4836 quod
2713 4776 2815 4830 est,
2843 4766 3170 4826 laudabitur,
3195 4761 3455 4816 encomiis
3479 4774 3640 4813 oma-

2066 4858 2230 4924 bitur,
2261 4858 2452 4911 beatus
2480 4858 2885 4927 praedicabitur.
2912 4854 3222 4909 Benedictio
3248 4852 3413 4913 enim,
3444 4864 3473 4902 a
3500 4852 3638 4905 bene

2064 4949 2288 5003 dicendo
2347 4950 2630 5002 deductum
2670 4963 2866 5002 nomen
2892 4947 3024 5001 nihil
3049 4945 3193 4998 aliud
3224 4958 3384 5013 quam
3423 4941 3633 4996 laudem

2067 5040 2359 5107 signiﬁcat.
2394 5039 2529 5091 Nam
2556 5038 2685 5106 quia
2714 5039 2888 5101 multi,
2919 5038 3061 5106 quod
3083 5036 3233 5103 judic
3261 5049 3349 5088 um
3382 5033 3449 5087 de
3474 5034 3636 5087 rebus

2068 5129 2305 5183 habeant
2349 5138 2686 5198 corruptum,
2743 5127 2965 5181 laudant
3007 5134 3061 5181 et
3112 5125 3297 5181 beatos
3339 5123 3639 5195 pradicant

363 5342 369 5353 ι
466 5280 513 5311 ⁸⁵
545 5279 746 5337 Ειθοιι.
778 5296 860 5348 ιι,
895 5282 981 5337 19.
1056 5282 1100 5314 ⁸⁷
1135 5280 1278 5338 Psal.
1316 5300 1481 5349 xxxv,
1517 5284 1572 5341 5.
1650 5285 1695 5316 ⁸⁸
1734 5285 1877 5340 Psal.
1916 5301 1964 5339 ι]

2068 5302 2107 5353 ι,
2143 5286 2235 5341 19.

1521 5438 1753 5493 vuum
1786 5436 2165 5496 LECTIONES
2206 5438 2571 5513 ΕΤᾹΝΟΤᾸΕ.

473 5591 585 5660 (97)
606 5589 713 5646 Pro
745 5592 988 5647 εὗεικτον
1034 5590 1221 5662 seribit
1253 5589 1486 5644 Evam-rev
1515 5594 1634 5646 cod.
1673 5592 1793 5650 Vat.
1828 5594 1949 5662 650,

400 5670 453 5716 et
479 5677 617 5717 vers.
636 5675 748 5733 seq.
776 5666 1042 5734 χρησμοῖς
1067 5676 1163 5732 pro
1194 5660 1425 5731 θεσμοῖς.
1452 5662 1658 5719 Possm.

2133 5595 2246 5665 (98)
2278 5595 2381 5649 Pro
2416 5593 2722 5663 ἀνηϐὦντες
2765 5592 2903 5665 idem
2946 5592 3067 5665 cod.
3112 5591 3273 5665 habet
3309 5591 3632 5665 ἀμείϐοντες

2064 5676 2115 5719 ct
2144 5660 2291 5721 'vet's.
2330 5676 2448 5736 post
2476 5660 2529 5731 ‘2',
2562 5680 2660 5733 pro
2694 5663 2981 5733 ῥαθυμίαν,
3007 5660 3271 5731 ἀμαθίαν.
3308 5660 3385 5717 ns.
