4020 6140
454 262 588 331 1247

1638 263 1700 323 S.
1731 261 2024 325 ISIDORI
2056 259 2491 323 PELUSIOTAS

3558 245 3693 312 1248

454 394 587 443 eos,
635 376 724 446 qui
782 390 876 445 pro
910 373 1127 431 miseris
1192 373 1373 442 potius
1412 373 1641 431 habendi
1677 390 1741 430 ac
1792 373 2019 429 dedendi

2147 372 2292 443 ῐρῷεν
2321 371 2488 435 κακὰ,
2516 362 2591 424 ὧν
2620 368 2714 422 καί¹
2746 366 2941 438 μικρὸν
2978 365 3203 434 ὕστερον
3229 359 3693 431 ἀπαιτηθήσονται

456 477 638 533 erant,
687 467 807 521 ideo
842 466 987 534 quod
1029 464 1233 520 divitiis
1274 463 1520 528 ﬂoreant,
1560 472 1621 535 et
1662 464 1869 519 deliciis
1903 480 2025 533 per-

458 556 724 621 fruantur,
752 565 807 608 et
828 553 1034 608 inﬁnita
1066 554 1350 621 designent
1377 554 1540 619 mala,
1567 567 1672 607 non
1700 554 2026 622 cogitantes,

460 648 605 717 quod
663 647 822 715 paulo
859 655 981 715 post
1038 646 1302 700 rationem
1338 653 1688 714 reposcemur
1736 660 1799 698 ac
1841 657 2028 712 poenas

457 739 781 807 exigentur;
813 738 907 793 sed
942 737 996 791 in
1024 746 1341 806 prtesentem
1397 739 1661 792 duntaxat
1713 735 2028 789 fruitionem

461 829 817 897 respicientes
855 846 871 884 :
911 844 1033 884 eam
1065 830 1134 884 ob
1172 845 1283 885 rem
1320 840 1635 899 corruptum
1688 830 1877 884 horum
1930 828 2029 883 lto-

463 920 670 973 minum
700 918 962 987 judicium
996 920 1399 989 reprehendens
1429 919 1769 975 Psalmorum
1818 928 2029 983 auctor,

460 1020 517 1066 et
549 1011 674 1079 quia
718 1026 822 1065 non
843 1011 1017 1065 solum
1048 1026 1154 1066 non
1180 1011 1470 1080 objurgant
1510 1022 1819 1080 peccantes,
1855 1023 2030 1077 neque

466 1112 672 1156 tantum
703 1101 993 1157 adulantur
1020 1102 1182 1173 ipsis;
1216 1118 1402 1158 verum
1432 1102 1619 1168 etiam,
1672 1101 1719 1158 si
1752 1116 1888 1169 opus
1937 1103 2029 1168 sit,

464 1201 524 1246 ut
554 1193 716 1246 etiam
751 1193 803 1247 in
828 1192 1040 1248 illorum
1070 1193 1297 1263 gratiam
1337 1192 1474 1247 malo
1506 1190 1748 1248 afﬁciant
1774 1194 2030 1249 virtutem

465 1283 655 1351 ipsam,
689 1286 739 1339 id
768 1284 992 1350 faciunt,
1026 1285 1161 1340 dixit
1192 1300 1208 1340 :
1245 1304 1265 1338 ι
1303 1286 1500 1340 Anima
1538 1285 1658 1356 ejus
1696 1284 1751 1339 in
1780 1284 1889 1339 vita
1934 1299 2031 1339 sua

466 1376 838 1430 benedicetur.
882 1394 902 1428 ι
928 1376 1066 1441 Quia
1103 1390 1234 1432 vero
1287 1376 1494 1431 dictum
1523 1385 1612 1431 est
1655 1376 1709 1429 in
1747 1375 1876 1438 vita,
1904 1375 2032 1430 hinc

467 1464 628 1518 datur
667 1466 913 1536 intelligi,
946 1476 1067 1536 post
1100 1475 1330 1522 mortem
1359 1481 1487 1535 ergo
1517 1465 1781 1537 supplicio
1812 1464 2033 1520 allicie-

469 1562 595 1623 tur;
632 1558 736 1611 boc
762 1557 906 1611 enim
938 1558 988 1610 id
1036 1572 1250 1627 quoque
1305 1557 1527 1623 indicat,
1563 1560 1705 1626 quod
1733 1555 1979 1626 sequitur
2014 1571 2031 1610 :

475 1663 495 1697 ι
538 1645 873 1716 lngredietur
917 1647 1059 1702 enim
1095 1648 1148 1702 in
1192 1648 1595 1718 generationem
1649 1658 1866 1718 (atrum
1906 1659 2036 1699 suo-

2125 466 2280 528 δίκας
2310 466 2411 518 οὐκ
2437 460 2746 523 ἐννοοῦντες
2766 458 2905 531 (99),
2931 456 3070 511 ἀλλὰ
3111 456 3213 525 τὴν
3239 452 3518 522 παροῦσαν
3557 451 3692 505 ἀπό-

2125 556 2315 610 λαυσιν
2369 553 2687 624 βλέποντες·
2729 549 2827 620 τὴν
2855 546 3058 601 τούτων
3094 545 3276 615 κρίσιν
3306 544 3407 614 τὴν
3444 540 3696 611 διεφθαρ-

2132 646 2299 715 μένην
2344 641 2622 714 κωμῳδῶν
2652 642 2680 694 ὁ
2713 637 2987 706 Μελῳδδς,
3020 635 3118 689 καὶ
3146 636 3231 691 ὅτι
3287 633 3346 686 οὐ
3383 632 3541 703 μόνον
3597 631 3696 684 οὐκ

2129 734 2422 805 ἐπιτιμῶσι
2486 735 2598 792 τοῖς
2645 730 3072 801 ἁμαρτάνουσιν,
3126 726 3249 779 οὐδὲ
3308 724 3472 794 μόνον
3533 721 3697 775 κολα-

2128 824 2383 879 κεύουσιν
2404 838 2418 854 ·
2448 821 2565 875 ἀλλ’
2591 821 2640 873 εί
2661 819 2771 872 δέοι
2802 819 2938 888 πρὸς
2964 815 3125 887 χάριν
3152 812 3377 867 ἐκείνων
3405 812 3500 865 καὶ
3527 812 3698 881 αὐτὴν

2129 914 2363 969 κακῦναι
2414 911 2513 983 τὴν
2568 909 2800 982 ἀρετὴν,
2837 905 3125 968 κακίζουσι
3174 903 3233 957 δέ
3281 901 3403 971 (I)°
3451 899 3580 971 ἔφη,
3619 902 3701 955 ὅτι

2134 1028 2152 1062 ι
2196 1009 2259 1060 Ἦ
2295 1006 2443 1076 ψυχὴ
2467 1003 2633 1057 αὑτοῦ
2663 1004 2720 1055 ὲν
2742 1004 2810 1071 τῇ
2847 1000 2960 1070 ζωῇ
2993 995 3159 1051 αὑτοῦ
3189 992 3641 1063 εύλογηθήσεται.
3676 1010 3695 1043 ι

2130 1101 2193 1154 Ei
2218 1099 2278 1151 δὲ
2307 1098 2400 1151 καὶ
2426 1095 2506 1162 τὸ,
2529 1095 2599 1149 ἐν
2625 1091 2699 1161 τῇ
2734 1090 2870 1159 ζωῇ,
2894 1091 3127 1160 εἴρηται·
3162 1086 3304 1157 μετὰ
3328 1085 3561 1138 θάνατον
3594 1084 3702 1153 γὰρ

2129 1188 2524 1257 κολασθήσεται
2547 1200 2563 1215 ·
2590 1182 2747 1237 τοῦτο
2769 1180 2878 1252 γὰρ
2909 1180 3001 1233 καὶ
3023 1179 3084 1231 τὸ
3105 1177 3230 1248 ἑξῆς
3266 1174 3481 1245 μηνύει³
3521 1191 3541 1224 ι
3578 1173 3702 1224 Elo-

2129 1279 2407 1333 ελεύσεται
2448 1275 2555 1347 γὰρ
2602 1274 2681 1336 είς
2734 1271 2927 1341 γενεὰν
2966 1269 3220 1338 πατέρων
3249 1265 3436 1322 αὑτοῦ.
3482 1284 3501 1317 ι
3553 1264 3614 1317 Ὁ
3642 1264 3698 1317 δὲ

2132 1369 2590 1438 είσελευσὸμενος,
2622 1365 2723 1419 οὐκ
2755 1365 2836 1427 είς
2882 1362 2944 1415 τὸ
2982 1361 3057 1433 μὴ
3097 1360 3157 1414 δν
3182 1360 3370 1430 χωρεῖ,
3398 1357 3472 1421 ῶς
3500 1355 3700 1409 οἴονταί

2133 1478 2277 1524 τινες
2300 1477 2313 1491 ·
2347 1458 2465 1514 ἀλλ’
2491 1461 2548 1511 ὲν
2576 1455 2740 1526 χώρῳ
2785 1452 3335 1522 κατακλεισθήσεται,
3369 1449 3428 1501 ὲν
3471 1443 3521 1516 ᾧ
3546 1447 3699 1517 δηλο-

2134 1554 2246 1605 νότι
2273 1550 2379 1613 ἓως
2408 1547 2603 1610 αἰῶνος
2629 1545 2730 1599 οὐκ
2756 1543 2946 1613 warm
2974 1540 3089 1610 φῶς
3110 1557 3124 1570 ·
3174 1542 3232 1593 ὲν
3257 1540 3369 1610 γὰρ
3399 1536 3477 1608 τῷ
3532 1536 3702 1605 σκότῳ

2136 1641 2215 1713 τῷ
2246 1640 2493 1707 ἀσϐέστῳ
2540 1635 2678 1705 μετὰ
2726 1634 2834 1687 τῶν
2864 1629 3326 1702 ὲγκωμιασάντων
3374 1624 3704 1696 καθειρχθή-

471 1750 612 1789 rum.
653 1756 671 1790 ι
703 1736 800 1803 Qui
826 1752 957 1797 vero
980 1739 1302 1806 ingreditur,
1334 1740 1383 1794 is
1415 1755 1521 1794 non
1550 1740 1603 1794 in
1637 1739 1861 1800 nihilum
1895 1738 2036 1792 redi-

2147 1749 2310 1795 ςεται,
2332 1729 2487 1790 δίκας
2515 1721 2590 1781 ὧν
2614 1725 2837 1795 ἔδρασεν
2859 1720 3390 1792 ἁπαιτηθησόμενος.

371 1862 378 1874 ι
458 1820 618 1898 gitur
646 1827 809 1898 (sicut
841 1830 1218 1885 nonnullorum
1253 1832 1357 1886 fert
1402 1833 1629 1902 Opinio),
1681 1833 1776 1889 sed
1824 1832 1876 1887 iu
1913 1831 2032 1884 loco
2066 1826 2300 1897 Quodam
2367 1820 2743 1883 concludetur,
2826 1817 2880 1871 in
2907 1830 3014 1884 quo
3045 1814 3299 1867 nimirum
3350 1811 3404 1865 in
3452 1808 3705 1865 saculum

471 1936 578 1976 non
609 1923 907 1991 conspiciet
958 1923 1153 1980 lucem.
1213 1926 1272 1981 In
1301 1928 1542 1983 tenebris
1585 1941 1817 1997 namque
1846 1923 2177 1999 perennibus
2200 1935 2307 1977 una
2368 1931 2491 1974 cum
2523 1912 2898 1970 laudatoribus
2963 1909 3080 1965 suis
3138 1906 3408 1963 tenebitur
3473 1905 3711 1963 constri-

472 2022 615 2080 ctus,
648 2027 838 2081 poenas
862 2013 1162 2070 facinorum
1196 2031 1419 2072 suorum
1455 2017 1708 2073 luiturus.

682 2125 887 2182 CLXII.
918 2154 990 2166 -—
1016 2126 1312 2184 OPHELIO
1350 2127 1831 2184 GRAMMATICO.

2383 2117 2548 2175 ΡΞΒν.
2589 2148 2659 2159 --
2692 2117 2937 2188 ΩΦΕΛΙῼ
2982 2112 3467 2183 ΙῬΑΜΜΔΤῙΚῼ.

475 2214 592 2281 Quo
614 2230 766 2284 pacto
789 2218 876 2271 'st't
901 2217 1297 2286 intelligendum
1340 2219 1498 2286 illud,
1531 2240 1550 2273 ι
1583 2221 1741 2276 Edita
1770 2222 1903 2276 illud
1926 2237 2043 2275 cum

2147 2212 2272 2281 Πῶς
2293 2212 2546 2279 νοητέον
2568 2210 2658 2264 τὸ.
2681 2227 2700 2261 ι
2726 2208 2972 2263 Ἕδεσθε
2986 2206 3173 2262 αὐτοῦ
3185 2205 3336 2276 μετὰ
3355 2202 3659 2273 σπουδῆς.
3686 2221 3705 2256 ι

996 2286 1331 2355 festinatione
1371 2290 1437 2344 ⁸⁸.
1487 2309 1506 2342 ι

546 2396 699 2463 Quod
723 2398 989 2452 sancitum
1017 2407 1101 2453 est
1123 2399 1236 2468 lege
1274 2417 1288 2455 :
1312 2418 1349 2469 ,ι
1384 2400 1661 2458 Comedile
1690 2403 1893 2460 Pascha
1921 2418 2045 2459 cum

477 2489 843 2551 festinatione,
909 2507 929 2540 ι
990 2489 1042 2544 id
1079 2491 1344 2553 nonnulli,
1396 2500 1454 2545 ut
1492 2492 1727 2560 videtur,
1765 2494 2044 2548 existima-

478 2589 599 2634 runt
632 2580 711 2635 sic
737 2580 940 2635 dictum
960 2595 1081 2636 esse
1111 2581 1247 2644 ideo,
1283 2581 1409 2651 quia
1456 2580 1655 2639 Iudaeis
1684 2583 1935 2639 celeriter
1972 2600 2042 2641 ex

2209 2391 2283 2445 Τὸ
2307 2388 2696 2444 τεθεσπίσθαι·
2728 2406 2748 2439 ι
2786 2385 3030 2455 Φάγεσθε
3060 2385 3123 2439 τὸ
3156 2383 3349 2455 Πάσχα
3385 2385 3531 2454 μετὰ
3556 2400 3715 2437 σπου-

2148 2482 2247 2552 δῆς
2269 2500 2283 2513 ·
2321 2500 2341 2534 ι
2389 2479 2646 2551 ὲνόμισάν
2690 2495 2856 2545 τινες,
2900 2476 2977 2542 ὡς
3027 2477 3194 2541 ιοικε,
3226 2475 3503 2546 λελέχθαι,
3537 2475 3624 2531 διὰ
3660 2475 3715 2528 τὸ

2139 2572 2309 2637 ὀξέως
2338 2572 2535 2643 χρῆναι
2569 2569 2677 2624 ἀπὸ
2733 2570 2833 2639 τῆς
2874 2567 3152 2636 Δίγύπτου
3186 2567 3535 2637 ὲκφοιτῆοαι.
3562 2564 3715 2619 Noci-

478 2668 713 2739 A'Igypto
763 2668 1131 2724 excedendum
1172 2679 1313 2723 erat.
1348 2668 1654 2738 lntelligant
1708 2683 1839 2724 sane
1878 2669 2041 2725 etiam

2147 2679 2322 2718 τωσαν
2361 2662 2459 2733 μὲν
2484 2655 2580 2715 οὖν
2608 2661 2703 2715 καὶ
2733 2660 2909 2725 οὕτως
2937 2659 3218 2731 (ἀγροίκου
3246 2660 3355 2730 γάρ
3383 2659 3506 2711 ἔστι
3538 2658 3714 2726 σοφία,

476 2760 744 2822 comedo,
784 2772 881 2828 per
914 2773 1001 2813 me
1044 2758 1170 2815 licet
1196 2760 1448 2828 (agrestis
1497 2760 1641 2814 enim
1694 2768 1779 2814 est
1808 2760 2043 2814 hominis

2147 2754 2466 2823 φιλονεικεῖν
2488 2753 2621 2823 περὶ
2674 2751 2786 2805 τῶν
2831 2751 3101 2822 μηδεμίαν
3129 2750 3333 2821 βλάϐην
3372 2751 3491 2812 τοῖς
3534 2750 3717 2819 ἀκροαο

478 2848 767 2916 sapientia,
796 2849 1125 2902 contendere
1151 2848 1217 2902 de
1247 2846 1313 2902 iis
1347 2848 1526 2911 rebus,
1552 2862 1673 2916 quae
1711 2848 2043 2903 auditoribus

2147 2845 2263 2905 ταῖς
2307 2841 2718 2914 οίσόντων[2])·
2768 2840 3073 2895 κινδυνεύει
3116 2840 3175 2894 δὲ
3207 2842 3242 2912 ἡ
3286 2840 3496 2909 σπουδὴ
3528 2839 3718 2911 πρᾶξις

482 2939 687 2994 nullam
728 2938 971 2994 allatura;
1007 2938 1116 2992 sint
1154 2941 1418 3005 noxam):
1448 2938 1661 2992 videtur
1710 2948 1889 2993 autem
1931 2948 2043 2993 stu-

2147 2930 2287 2990 εῖναι
2315 2935 2421 3007 πρὸ
2449 2933 2702 3003 πράξεως
2724 2933 2822 3004 (3).
2855 2933 2951 2986 Διὸ
2977 2933 3073 2986 καὶ
3108 2932 3393 2985 σπουδαῖοι
3423 2932 3716 2985 καλοῦνται

480 3030 627 3085 dium
654 3043 773 3083 esse
804 3028 947 3083 actio
980 3037 1108 3083 ante
1150 3028 1416 3083 actionem
1453 3029 1589 3099 (sive
1636 3030 2041 3086 accuratissima

2147 3031 2191 3083 οί
2237 3030 2551 3099 εὐδόκιμοι·
2600 3027 2695 3081 καὶ
2734 3029 2846 3090 τοῖς
2887 3025 3113 3095 φαύλοις
3171 3025 3731 3080 ἀντιδιαστέλλονται.“

479 3120 663 3189 actio).
698 3119 963 3186 Quocirca
1002 3119 1168 3173 etiam
1221 3119 1495 3172 σπουδαῖοι
1534 3121 1639 3175 hoc
1688 3128 1773 3176 est
1824 3121 2043 3176 studiosi

2152 3119 2263 3174 Καὶ
2316 3119 2474 3173 τοῦτο
2518 3118 2785 3187 ἐγγυᾶται
2834 3116 3170 3188 Ἰσοκράτης,
3218 3116 3248 3168 ὁ
3286 3117 3401 3171 ἂνω
3445 3117 3545 3172 καὶ
3581 3116 3722 3169 κάτω

482 3220 748 3267 vocantur
788 3210 987 3265 virtute
1014 3207 1277 3274 celebres,
1331 3217 1388 3264 et
1432 3210 1692 3279 improbis
1719 3225 1786 3266 ex
1821 3211 2043 3266 adverso

2151 3207 2306 3280 παρὰ
2336 3206 2430 3260 σοῦ
2458 3205 2892 3278 θαυμαζόμενος,
2936 3207 3167 3276 γράφων
3193 3206 3332 3276 πρὸς
3381 3206 3717 3275 Δημόνικον·

482 3310 850 3373 opponuntur.
888 3301 1124 3371 Ejusque
1148 3302 1223 3357 rei
1244 3310 1435 3358 auctor
1466 3301 1803 3358 certissimus
1828 3311 1910 3357 est
1939 3300 2051 3357 Iso-

485 3399 687 3454 crates,
718 3404 874 3457 quem
908 3399 960 3443 tu
987 3405 1200 3445 sursum
1230 3404 1295 3444 ac
1323 3391 1572 3443 deorsum
1601 3389 1849 3444 volutans
1878 3390 2047 3444 admi-

488 3481 647 3544 raris,
683 3479 749 3533 ad
787 3479 1130 3533 Itemonicutn
1150 3478 1393 3533 scribens
1420 3477 1472 3531 in
1499 3478 1613 3531 haec
1645 3480 1807 3529 verba
1839 3494 1853 3531 :
1888 3495 1906 3528 ι
1941 3475 2015 3531 Im
2035 3511 2049 3519 ο

486 3574 777 3641 proborum
810 3571 1027 3640 quidem
1063 3569 1460 3625 familiaritates
1489 3569 1652 3624 breve
1689 3578 1899 3637 tempus
1919 3569 2053 3623 diri.

398 3670 417 3687 θ
489 3662 618 3729 ηιίι;
643 3661 904 3717 bonorum
935 3673 1115 3717 autem
1140 3662 1378 3717 virorum
1410 3662 1545 3732 (sive
1574 3661 1959 3731 studiosorum)
1986 3676 2054 3717 ne

486 3750 701 3818 quidem
736 3751 900 3805 ullum
933 3766 1104 3806 aevum
1130 3750 1405 3809 deleverit.
1439 3770 1459 3804 ι
1488 3750 1714 3821 Oportet
1740 3752 1906 3821 igitur
1932 3761 2051 3807 stu-

2157 3319 2177 3353 ι
2196 3299 2308 3361 Τὰς
2339 3297 2436 3368 μὲν
2463 3297 2571 3351 τῶν
2602 3297 2819 3367 φαύλων
2850 3296 3139 3368 συνηθείας
3199 3294 3377 3365 ὀλίγος
3424 3296 3620 3365 χρόνος
3646 3292 3720 3346 δι-

2156 3389 2347 3442 έλυσε·
2376 3388 2477 3451 τὰς
2519 3387 2578 3441 δὲ
2626 3388 2737 3441 τῶν
2773 3387 3097 3452 σπουδαίων,
3131 3386 3245 3439 οὔδ’
3279 3387 3347 3440 ἂν
3374 3388 3404 3440 ὁ
3441 3388 3555 3449 πᾶς
3599 3384 3721 3437 αίὼν

2156 3477 2510 3548 ὲξαλείῴειε.»
2544 3479 2837 3534 Σπουδαῐον
2854 3474 2947 3533 οὖν
2966 3478 3075 3550 χρὴ
3101 3479 3409 3549 τυγχάνειν,
3439 3478 3588 3531 τοῦτ’
3612 3476 3722 3531 ἔστι

2157 3569 2440 3638 φιλάρετον
2463 3567 2560 3639 (4),
2583 3568 2677 3620 τὸν
2709 3568 2972 3638 μέλλοντα
3007 3567 3207 3621 ἐσθίειν
3224 3567 3285 3620 τὸ
3307 3568 3451 3620 θεῖον
3485 3568 3581 3621 καὶ¹
3601 3567 3721 3635 ἀλη-

2157 3658 2300 3713 θινὸν
2326 3658 2533 3727 Πάσχα.
2561 3658 2739 3711 Ἴσασι
2760 3658 2806 3711 δ’
2832 3659 2880 3711 οί
2917 3657 3117 3727 μύσται
3146 3657 3207 3710 τὸ
3238 3656 3560 3726 λεγόμενον,
3587 3655 3720 3709 κατὰ

2156 3750 2253 3822 τὴν
2282 3749 2376 3803 τοῦ
2402 3750 2689 3819 νομοθέτου
2715 3750 3090 3821 πνευματικὴν
3127 3749 3390 3813 διάταξίν.

486 3843 699 3897 diosum
728 3858 868 3909 esse,
902 3844 1005 3897 hoc
1044 3852 1128 3898 est
1184 3843 1401 3898 virtutis
1438 3853 1732 3908 amantem,
1764 3858 1911 3909 eum,
1955 3843 2048 3913 qui
2100 3844 2340 3898 divinum
2406 3850 2461 3896 et
2519 3857 2706 3896 verum
2760 3840 2967 3896 Pascha
3023 3842 3185 3910 digne
3251 3840 3380 3895 velit
3424 3839 3721 3895 comedere.

486 3932 698 3991 Noruut
726 3943 909 3989 autem
944 3934 1085 4003 quod
1123 3933 1324 3989 dicitur
1363 3935 1438 3988 illi
1492 3934 1582 4004 qui
1619 3934 1791 3989 sacris
1845 3932 2044 3989 initiati
2082 3941 2228 3999 sunt,
2261 3934 2556 3989 secundum
2589 3930 2915 4000 legislatoris
2942 3930 3304 3985 sanctionem.

928 4047 1149 4104 CLXIII.
1187 4078 1238 4088 —-
1282 4048 1602 4103 EULOGIO.

1015 4138 1210 4192 Contra
1243 4138 1540 4207 Origenem.

2613 4044 2775 4098 PEF'.
2848 4074 2906 4083 —
2953 4041 3268 4113 ΕΥΛΟΓΙ

2638 4138 2800 4193 Κατὰ
2850 4136 3205 4208 Ὧριγιένους.

562 4249 717 4317 Quod
741 4249 811 4305 de
833 4250 1133 4328 animarum
1156 4250 1305 4321 lapsu
1334 4252 1589 4306 traditum
1611 4263 1692 4308 est
1714 4252 1781 4309 ab
1801 4250 2043 4324 Origene,

2205 4253 2311 4308 Τὸν
2334 4269 2400 4306 πε
2407 4253 2461 4324 pi.
2478 4252 2575 4323 τῆς
2591 4252 2697 4306 τῶν
2711 4251 2899 4324 ψυχῶν
2913 4251 2992 4323 (5)
3006 4249 3338 4314 ἐκπτώσεως
3361 4248 3544 4319 λόγον,
3559 4245 3728 4319 ἁληθῆ

567 4403 614 4437 ⁸⁸
641 4402 814 4459 Exod.
835 4418 937 4471 xit,
980 4404 1067 4459 II.

1592 4568 1828 4627 VARIAE‘.
1868 4569 2247 4627 LECTIONES
2280 4568 2370 4626 ET
2409 4566 2638 4627 NOTIE.

570 4722 1053 4796 (99))lloecmelius
1073 4722 1322 4796 ordinata
1348 4730 1404 4796 et
1429 4722 1794 4796 emendatiora
1820 4724 2057 4796 suggerit

498 4793 622 4865 god.
656 4795 772 4865 Vat.
806 4793 929 4849 650.
948 4793 1044 4865 Ed.
1072 4793 1264 4865 Paris.,
1296 4793 1389 4865 καὶ
1415 4794 1582 4865 μυρία
1610 4793 1850 4862 δρῶντας
1886 4793 2056 4865 κξοῦχ

498 4860 577 4919 ὧν
613 4862 825 4934 (1.661;.
855 4865 952 4917 ἀπ.
981 4863 1135 4934 δίκας
1159 4860 1675 4934 ξννοοῦντὲςξΕυιτῖ.

571 4932 647 5003 (ι’)
678 4933 822 5003 Post.
859 4932 1306 5003 κακίζουσιὶιιθηι
1330 4935 1451 4988 cod.
1493 4934 1628 4986 tollit
1654 4932 1731 4986 δέ.
1762 4933 1912 4987 Vers.
1936 4941 2059 5001 post

498 5005 536 5074 _2
572 4998 688 5074 pro~
712 5004 764 5074 εί
787 5002 843 5055 δὲ
873 5002 998 5074 legit
1027 4998 1084 5057 εὖ
1119 5002 1177 5055 δὲ
1207 5012 1262 5057 et
1292 5005 1448 5073 paulo
1477 5015 1599 5072 post
1645 5004 1859 5074 εἴρηται
1894 4998 2065 5055 mutat

501 5072 555 5127 in
576 5072 853 5144 ίείίρῆσθαι.
882 5072 1087 5144 Possm.

572 5138 652 5212 (2)
695 5138 1018 5212 ’ᾏτροίκρυ
1054 5140 1187 5212 γάρ
1234 5140 1368 5212 ἐστι
1432 5141 1659 5212 σοφία,
1700 5138 2067 5212 φιλονεικεῖν

501 5210 637 5281 περὶ
682 5210 827 5281 τῶνᾷ
846 5210 1137 5279 μηδεμίαν
1165 5210 1407 5281 ,ϐλάϐην
1455 5210 1581 5276 τοῖς
1630 5210 1947 5281 ἀκροαταῖς
1988 5212 2068 5262 οὶ-

502 5279 754 5361 σόιςτωις.
791 5279 851 5334 F.
884 5282 987 5361 leg.
1026 5281 1213 5360 σοφιάς
1253 5280 1354 5359 [sic
1390 5283 1521 5361 cod:
1546 5280 1710 5361 Vat.|.
1755 5279 1863 5361 Ilac
1889 5288 2065 5361 aute-nt

507 5351 771 5420 sapientia
820 5348 1124 5420 omniasvo
1164 5348 1322 5403 nimis
1370 5350 1522 5403 multi
1577 5348 2068 5420 mortalesprzediti

509 5416 747 5483 fuerunt,
776 5419 1157 5489 ἀγροικόσοφοι
1175 5438 1197 5489 ε
1216 5434 1319 5487 qua
1341 5418 1732 5488 compositione
1776 5419 1947 5472 utitur
1971 5416 2069 5472 lsi-

508 5489 625 5543 dor.
662 5490 753 5541 lib.
783 5488 1023 5554 tt,'epist.
1045 5490 1133 5542 99.
1170 5488 1332 5543 Rtrr.

580 5557 653 5625 (3)
677 5555 917 5623 Σπουδὴ
934 5558 1213 5624 πρᾶξις...
1228 5556 1339 5624 πρὸ
1351 5554 1638 5623 πράξεως.
1659 5554 2067 5625 Elegantissima

510 5623 771 5691 deﬁnitio,
796 5623 980 5695 qualis
999 5627 1112 5691 illa,
1135 5623 1277 5697 Χείρ
1326 5627 1472 5679 ἐστιν
1500 5626 1728 5696 ὄργανον
1755 5623 1862 5696 πρὸ
1904 5624 2069 5695 ὀργά-

2159 4742 2284 4781 νων.
2311 4723 2403 4779 Sic
2454 4724 2689 4779 studium
2741 4723 2926 4779 defluit
2959 4724 3071 4780 Cic.
3114 4724 3205 4777 lib.
3240 4740 3257 4780 ι
3296 4723 3370 4779 De
3413 4723 3726 4781 inventione.

2160 4793 2301 4863 quod
2333 4794 2404 4848 sit
2429 4793 2590 4847 animi
2621 4793 2836 4848 assidua
2864 4807 2918 4849 et
2945 4797 3236 4849 vehemens
3260 4794 3326 4847 ad
3350 4794 3590 4863 aliquam
3626 4805 3731 4845 rem

2160 4862 2426 4931 applicata
2462 4878 2650 4929 magna
2704 4878 2825 4918 cunt
2858 4864 3129 4917 voluntate
3175 4862 3477 4930 occupatio.
3536 4862 3615 4916 lo.
3668 4887 3733 4899 -

2168 4931 2312 4986 Inter
2342 4933 2591 4998 πράξεως
2626 4942 2679 4985 et
2704 4932 2786 4986 διὸ
2808 4934 2920 4986 haec
2950 4934 3129 4987 omnia
3165 4932 3450 4986 inserenda
3494 4928 3729 4998 suggerit

2168 4946 2312 4986 Inter
2342 4946 2591 5003 πράξεως
2626 4946 2679 4985 et
2704 4946 2786 4986 οιο
2809 4946 2920 4986 haec
2950 4947 3129 4987 omnia
3165 4946 3450 4986 Inserenda
3494 4946 3729 4999 suggerit

2165 5002 2283 5055 cod.
2323 5001 2494 5058 Vatic.
2528 5001 2651 5065 630,
2683 5001 2999 5070 συγγένειαν
3036 5000 3303 5064 σώζουσαι
3336 5001 3473 5071 πρὸς
3502 5000 3605 5071 τὴν
3635 5014 3734 5071 πα-

2167 5072 2476 5207 ἓὲσκευιξιν,
2557 5072 2679 5141 ἥτις
2732 5066 2848 5125 ἐστὶ
2928 5072 3131 5143 κυρίως
3184 5066 3392 5141 πρᾶξις
3439 5066 3572 5140 «pe
3601 5066 3733 5138 πρά·

2228 5158 2323 5202 ως.
2397 5157 2564 5196 ossm.

2200 5156 2323 5196 εως.
2354 5156 2564 5196 νοεδιΝ.

2333 5158 2683 5264 ἓξὲξαῒον.
2696 5249 2709 5264 .
2720 5248 2733 5265 .
2759 5208 3033 5279 τουτέστι
3044 5206 3393 5279 ίςοιλάρετον.
3411 5207 3501 5279 Sic
3533 5204 3734 5279 studio-

2168 5274 2481 5333 sum'etiam
2527 5281 2847 5335 Cornilicius
2898 5279 2966 5333 ad
3019 5274 3344 5333 Herennium
3381 5277 3503 5332 ead.
3535 5274 3733 5346 signiti-

2169 5348 2379 5405 calione
2415 5350 2570 5405 dixit.
2602 5350 2766 5403 Rm.

2241 5419 2319 5489 (5)
2347 5418 2472 5475 [hac
2500 5420 2685 5482 verba,
2717 5419 2824 5472 τῶν
2869 5418 3077 5488 ψυχῶν,
3105 5431 3243 5489 qua:
3276 5420 3331 5489 in
3380 5416 3514 5489 (edit.
3559 5412 3731 5489 Pari}:

2171 5478 2429 5612 (grant,
2499 5478 2809 5560 supplemus
2883 5478 2979 5544 ex"
3020 5478 3205 5543 codice
3276 5486 3534 5543 Vaticano
3611 5478 3732 5536 650.

2275 5575 2328 5612 τ.

2218 5572 2328 5613 Dl'l'.
3806 5572 3810 5577 ’
