4020 6140
433 270 583 350 1249

1361 285 1891 350 EPISTOLARUM
1929 290 2074 353 LIB.
2115 292 2550 355 IV.—EPIST.
2590 292 2851 355 CLXIII.

3515 300 3651 363 1250

433 397 554 467 μὲν,
582 394 657 458 ὡς
679 389 853 463 οἶμαι,
884 390 983 445 οὐκ
1010 392 1159 454 ὄντα,
1185 391 1408 447 πιθανὸν
1444 394 1501 448 δὲ
1519 394 1796 460 δοκοῦντα,
1827 397 1981 450 πολλά

2098 400 2151 453 id
2215 403 2424 456 tametsi
2475 417 2685 467 verum,
2742 414 2799 457 ut
2841 412 2990 471 puto,
3042 418 3152 459 non
3218 406 3310 471 sit,
3365 408 3657 465 verisimile

430 487 531 558 μὲν
571 486 666 539 καὶ
706 484 859 548 ἄλλα,
892 483 986 536 δύο
1014 483 1071 537 δὲ
1101 484 1197 553 (6),
1234 486 1372 538 κατά
1396 501 1459 553 γε
1495 486 1585 538 τὸν
1618 488 1882 558 ἡμέτερον
1912 487 1995 540 λο-

427 575 646 648 γισμὸν,
698 573 1024 643 ἀνατρέπειν
1070 574 1247 628 δοκεῖ’
1294 576 1352 628 ἓν
1397 577 1516 646 μὲν,
1564 580 1626 631 τὸ
1676 582 1749 649 μὴ
1808 581 1994 651 σαφῶς

424 663 764 737 κεκηρύχθαι
793 665 850 717 ἐν
876 668 996 729 ταῖς
1018 666 1280 737 Γραφαῖς·
1298 666 1542 739 δεύτερον
1570 672 1623 723 δὲ
1640 709 1659 738 ,
1694 674 1726 743 η
1756 673 1993 743 ἄκρατος

425 757 584 828 λήθη.
618 755 693 808 Ού
729 756 1008 825 συνορῶσα
1035 757 1144 827 γὰρ
1179 758 1278 827 (7),
1306 761 1455 812 ποῖον
1477 760 1668 829 ἔμελλε
1688 762 1988 832 τίκτεσθαι,

427 846 723 901 σκάνδαλον
756 846 821 896 ἐκ
850 845 943 897 τοῦ
983 846 1280 916 διαρρήδην
1318 850 1688 920 κηρυχθῆναι*
1721 854 1849 923 ῥᾷον
1881 853 1990 925 γὰρ

424 939 517 990 ἐπὶ
536 936 635 1004 τὴν
680 935 740 1000 ἐξ
767 936 947 1004 ἀρχῆς
973 936 1352 1007 ἐπαλινδρόμει
1386 940 1715 994 κατάστασιν
1739 959 1754 974 ο
1793 944 1859 1013 ἢν
1888 962 1989 996 κα-

424 1025 735 1080 ταπεσοῦσα
764 1025 841 1095 (8)
869 1026 1025 1077 τοῦτο
1075 1026 1319 1096 μαθοῦσα
1365 1028 1531 1099 ψυχὴ,
1571 1031 1653 1092 τίς
1684 1035 1717 1102 ή
1757 1034 1990 1104 ἄκρατος

424 1120 563 1190 αὕτη
595 1120 691 1172 καὶ
738 1119 931 1188 βαθεῖα
967 1118 1126 1188 λήθη,
1156 1119 1232 1181 ὡς
1279 1122 1442 1191 μηδὲν
1477 1123 1644 1192 αὐτὴν
1673 1123 1781 1177 τῶν
1813 1128 1988 1178 ἐκεῖσε

427 1210 759 1281 μεμνῆσθαι,
807 1211 981 1262 καίτοι
1010 1210 1440 1280 μνημονεύουσα,
1468 1214 1771 1285 ἀνέδραμεν
1798 1217 1864 1268 ἂν
1893 1217 1990 1287 τὴν

422 1308 710 1379 ταχίστην,
773 1307 897 1361 ὅθεν
946 1307 1226 1372 ἐξέπεσεν,
1282 1312 1375 1363 καὶ
1429 1314 1477 1365 εί
1531 1315 1756 1383 μυρίους
1822 1318 1989 1387 ἐχρῆν

423 1401 722 1470 ὑποστῆναι
756 1400 972 1461 πόνους.
1013 1400 1123 1451 Καὶ
1164 1400 1272 1471 γὰρ
1318 1404 1367 1453 εί
1418 1401 1679 1471 βασιλέως
1713 1405 1847 1468 υίὸς,
1883 1407 1989 1459 ἀπὸ

426 1492 697 1563 ῥᾳθυμίας
727 1493 803 1560 (9)
826 1491 928 1559 τῆς
962 1490 1245 1561 βασιλικῆς
1269 1493 1367 1563 μὲν
1392 1495 1548 1565 δόξης
1575 1496 1819 1562 ἐκπέσοι,
1850 1500 1987 1566 μετὰ

423 1581 635 1656 λῃστῶν
667 1583 721 1634 δὲ
765 1582 859 1635 καὶ
897 1582 1237 1650 ἀνδροφόνων
1280 1584 1671 1655 συνδιατρίϐειν
1704 1587 1898 1651 ἕλοιτο,
1952 1590 1985 1659 ἡ

426 1673 614 1744 μνήμη
666 1675 765 1741 τῆς
816 1671 1038 1739 πρώτης
1092 1672 1396 1742 εὐημερίας
1431 1674 1717 1742 δυνήσεται
1765 1677 1983 1739 ἀπόνως

2096 490 2255 561 505
2286 502 2462 547 tamen
2498 508 2779 563 apparens,
2820 510 2940 549 cum
2976 495 3079 548 alia
3120 496 3281 549 multa
3310 509 3652 567 argumenta,

2094 590 2204 636 tum
2233 584 2315 639 vel
2362 586 2596 640 maxime
2635 588 2760 651 duo,
2792 597 2852 641 ut
2890 597 3071 641 nostra
3112 587 3216 642 fert
3257 590 3536 644 sententia:
3575 606 3647 645 ra-

2094 674 2187 738 tio,
2236 687 2482 731 evertere
2518 678 2766 732 videntur
2796 693 2990 731 :nnum
3039 679 3278 748 quidem,
3324 683 3464 748 quod
3511 682 3653 737 istud

2092 765 2281 832 dogma
2314 766 2365 819 in
2398 765 2690 833 Scriptnris
2723 782 2827 820 non
2862 768 2933 822 sit
2960 769 3239 835 perspicue
3263 773 3604 837 praediCalutn
3633 790 3649 835 ;

2092 854 2318 908 alternm
2352 870 2483 909 vero
2518 857 2847 926 impermista
2871 858 3088 912 oblivio.
3121 858 3238 913 Non
3265 862 3405 913 enim
3461 859 3646 913 vident

2092 948 2249 1016 quale
2275 948 2610 1000 nasciturum
2644 950 2714 1001 sit
2735 949 3046 1002 scandalum
3074 964 3138 1004 ex
3173 950 3458 1005 manifesta
3489 962 3651 1021 atque

2091 1039 2293 1092 diserta
2318 1038 2476 1107 hujus
2494 1038 2761 1105 dogmatis
2782 1041 3181 1108 praedicatione.
3202 1040 3438 1094 Facilius
3454 1042 3651 1111 quippe

2090 1130 2156 1183 ad
2198 1145 2344 1194 eum,
2399 1131 2453 1183 itt
2502 1146 2608 1199 quo
2652 1130 2719 1184 ab
2753 1131 2906 1184 initio
2950 1130 3071 1193 l‘nit,
3104 1140 3305 1184 statum
3354 1139 3648 1186 recttrreret

2088 1220 2264 1271 anima
2298 1234 2417 1287 quae
2454 1234 2521 1272 eo
2558 1219 2779 1282 excidit,
2825 1220 2913 1272 ubi
2959 1220 3062 1273 hoc
3096 1218 3364 1273 didicerit.
3398 1218 3651 1284 Quaenam

2088 1310 2202 1364 [nec
2235 1320 2319 1364 est
2343 1320 2588 1365 extrema
2626 1320 2681 1364 et
2716 1312 2974 1380 profunda
3007 1310 3228 1375 oblivio,
3264 1322 3322 1364 ut
3365 1311 3496 1364 nihil
3526 1312 3651 1380 ipsa

2086 1403 2348 1465 omnium,
2378 1418 2499 1470 qua:
2537 1404 2588 1456 in
2622 1403 2802 1471 priore
2835 1418 2935 1456 suo
2974 1411 3115 1455 statu
3159 1403 3367 1464 habuit,
3409 1402 3652 1456 recorde-

2089 1493 2216 1545 tur?
2240 1494 2402 1562 Atqui
2432 1494 2477 1548 si
2522 1492 2917 1556 recordaretur,
2948 1506 3109 1561 quam
3151 1491 3434 1546 celerrime
3463 1506 3528 1546 eo
3561 1505 3651 1546 re-

2085 1595 2351 1648 curreret,
2404 1585 2546 1639 unde
2594 1595 2740 1639 esset
2787 1585 3026 1652 delapsa,
3074 1583 3321 1652 quamvis
3366 1592 3653 1638 sexcentos

2087 1683 2362 1741 Oporteret
2405 1674 2637 1727 tolerare
2686 1675 2919 1728 labores.
2975 1672 3106 1725 Nam
3158 1675 3202 1727 si
3244 1673 3384 1741 regis
3424 1671 3652 1738 alicujus

420 1738 649 1832 τάχιστα
673 1738 1039 1828 ἐπαναγαγεῖν
1072 1738 1295 1832 autem
1334 1738 1593 1833 πατρῴαν
1627 1764 1801 1829 ἀξίαν.
1835 1768 1896 1819 Εἰ
1926 1738 1981 1819 δὲ

2093 1738 2234 1818 lilius
2258 1780 2352 1833 per
2377 1766 2679 1818 socordiam
2722 1764 2982 1834 dignitate
3008 1764 3223 1832 quidem
3252 1738 3400 1831 regia
3436 1761 3650 1816 excide-

421 1855 701 1916 παντελῶς
724 1854 1086 1922 ἀποσϐεσθείη
1117 1855 1222 1906 ἀπὸ
1245 1858 1344 1924 τῆς
1371 1856 1549 1924 ψυχῆς
1580 1857 1742 1909 αὑτοῦ
1774 1860 1807 1927 ἡ
1848 1876 1981 1926 προ-

419 1947 552 2017 ·ιέρα
609 1948 820 2015 μνήμη.
859 1944 981 1998 οὔτε
1036 1945 1258 2017 βαρεῖαν
1308 1946 1712 2015 διαιτηθήσεται
1742 1948 1851 2017 (10)
1885 1952 1984 2018 τὴν

424 2037 563 2106 μετὰ
588 2037 696 2088 τῶν
724 2036 934 2105 λῃστῶν
963 2036 1257 2105 διαγωγὴν,
1299 2036 1433 2089 ἀλλά
1460 2040 1552 2090 καὶ
1586 2040 1772 2107 ἥδιστα
1803 2040 1983 2102 αὐτοις

421 2125 781 2196 συνδιατρίϐοι
801 2145 815 2157 ο
860 2123 985 2177 οὔτε
1020 2143 1073 2178 τι
1104 2127 1300 2195 πράξοι
1330 2127 1441 2179 τῶν
1487 2129 1851 2197 ἐπαναγαγεῖν
1885 2131 1983 2183 αὑ-

419 2216 512 2271 τὸν
560 2216 872 2285 δυναμένων
924 2217 1008 2282 ἐφ’
1074 2216 1140 2285 ἢν
1204 2218 1326 2284 μηδ’
1378 2215 1482 2270 οἶδε
1543 2220 1850 2289 βασιλείαν.
1908 2223 1982 2293 μὴ

419 2305 675 2376 πράττων
724 2305 781 2357 δὲ
829 2305 896 2357 τὰ
939 2305 1171 2376 φέροντα
1213 2308 1377 2359 αὐτὸν
1408 2310 1607 2372 ἐκεῖσε,
1642 2312 1741 2363 οὐκ
1773 2312 1838 2364 ἀν
1884 2315 1980 2365 ἐπ-

418 2397 629 2451 ανέλθοι
678 2396 832 2450 ποτέ.
888 2394 946 2449 '0
995 2396 1093 2464 μὲν
1124 2392 1219 2449 οἷον
1269 2397 1366 2465 τῆς
1399 2400 1617 2468 μνήμης
1669 2401 1845 2469 λόγος,
1876 2402 1980 2470 εἴγ’

416 2487 625 2558 ἀληθὴς
671 2483 740 2557 ἦν
790 2489 824 2557 ἡ
884 2487 1178 2554 ἔκπτωσις,
1244 2490 1444 2554 πάντας
1481 2494 1801 2564 ἀνθρώπους
1850 2497 1981 2567 ἦλα-

418 2596 514 2633 σεν
540 2580 650 2649 (11)
675 2580 766 2632 ἐπὶ
800 2578 896 2650 τὴν
930 2581 1184 2635 ἐπάνοδον
1204 2597 1215 2611 ·
1248 2582 1281 2651 ἠ
1311 2580 1367 2633 δὲ
1399 2584 1573 2653 σαφὴς
1603 2585 1712 2638 τῶν
1741 2586 1971 2655 Γραφῶν

414 2669 729 2723 διδασκαλία
760 2671 923 2723 πλέον
953 2671 1018 2725 ἂν
1048 2673 1365 2727 ἐϐεϐαίωσε.
1406 2675 1742 2746 Πιστεύομεν
1765 2678 1822 2730 δὲ
1845 2678 1979 2731 ἄλλα

415 2759 538 2812 τινὰ
579 2760 801 2829 μείζονα
849 2761 1007 2831 ήμῶν
1038 2762 1168 2815 ὄντα
1200 2765 1297 2832 τῆς
1327 2764 1486 2828 ἀξίας
1523 2766 1973 2836 ἀποκεκρύφθαι·

418 2848 533 2906 ἀλλ’
559 2849 719 2920 αὕτη,
752 2851 824 2913 ῶς
871 2869 933 2920 γε
960 2847 1133 2923 οἶμαι,
1169 2855 1418 2921 φαίνεται
1466 2856 1888 2928 ὠφελιμωτάτη,
1915 2858 1978 2911 τὸ

420 2943 555 3013 μηδέ
600 2942 860 3012 ὁπότερον
888 2946 1233 3015 γεγενῆσθαι,
1285 2946 1458 3000 πολλά
1493 2947 1738 3015 δόγματα
1771 2951 1850 3013 είς
1886 2950 1977 3003 τὸν

420 3032 533 3102 βίον
583 3031 927 3100 εἰσεκώμασε
982 3034 1074 3086 τὸν
1129 3036 1416 3106 ἡμέτερον.
1453 3039 1515 3089 Ol
1566 3037 1665 3106 μὲν
1699 3038 1807 3107 γὰρ
1839 3039 1977 3091 οἷον-

416 3139 508 3177 ται
540 3124 674 3195 (12),
707 3123 1027 3178 σϐέννυσθαι
1065 3125 1202 3194 μετά
1228 3126 1321 3178 τοῦ
1366 3126 1613 3196 σώματος
1642 3127 1741 3197 τὴν
1764 3128 1942 3199 ψυχήν
1961 3144 1974 3158 ·

418 3213 469 3265 oi.
495 3211 553 3264 δὲ
599 3213 682 3265 ὅτι
715 3212 1120 3276 ἀπολαύσοντες
1158 3214 1319 3283 μόνον
1350 3217 1459 3268 τῶν
1496 3218 1553 3268 ἐν
1591 3217 1727 3286 τῷδε
1757 3217 1834 3287 τῷ
1883 3218 1981 3290 βίῳ

416 3304 599 3358 καλῶν
648 3305 1007 3375 παρήχθησαν
1055 3306 1134 3367 είς
1169 3306 1262 3359 τὸν
1290 3306 1432 3375 βίον·
1463 3308 1559 3360 καὶ
1607 3310 1656 3359 οί
1690 3309 1787 3378 μὲν
1824 3310 1980 3362 αύτο-

425 3394 691 3466 ματισμὸν
727 3396 1143 3467 ἐφαντάσθησαν
1162 3412 1174 3426 °
1208 3399 1255 3450 οί
1287 3397 1345 3451 δέ
1373 3399 1683 3469 εἱμαρμένῃ
1706 3400 1799 3452 καὶ
1828 3400 1980 3467 γενέδ

423 3501 507 3540 σει
554 3486 650 3540 καὶ
684 3488 821 3560 τύχῃ
868 3488 939 3541 τὰ
993 3489 1116 3542 καθ’
1164 3490 1391 3553 ἑαυτοὺς
1426 3490 1768 3561 ἐπέτρεψανο
1800 3492 1893 3545 καὶ
1929 3495 1977 3546 oi

422 3574 525 3646 μὲν
552 3578 808 3648 γεννητὸν
830 3579 944 3649 (15)
969 3576 1106 3634 εἶναι
1127 3581 1220 3634 τὸν
1241 3582 1447 3653 κόσμον
1471 3582 1815 3653 ἀπεφήναντο
1844 3582 1975 3653 (14)’

416 3667 468 3720 οί
497 3668 556 3721 at
599 3668 692 3723 τὸν
726 3670 825 3741 μὲν
873 3671 1101 3742 οὐρανὸν
1140 3674 1395 3742 προνοίας
1434 3672 1733 3742 ἠξιῶσθαι·
1769 3674 1869 3744 τὴν
1922 3675 1979 3728 δὲ

416 3758 521 3829 γῆν
542 3759 693 3831 οὐχί·
725 3762 777 3815 οἱ
809 3762 852 3814 δ’
884 3763 988 3815 ὑπὸ
1020 3764 1120 3832 τῆς
1151 3764 1345 3827 κακίας
1370 3764 1431 3816 τὸ
1465 3765 1624 3833 σῶμα
1648 3766 1975 3833 πεπλᾶσθαι,

414 3850 512 3904 καὶ
559 3851 635 3923 μὴ
677 3851 935 3907 δύνασθαι
987 3855 1188 3925 ἀρετῆς
1231 3856 1459 3923 ὄργανον
1508 3850 1680 3907 εἶναι·
1719 3857 1813 3908 καὶ
1843 3857 1977 3910 ἀλλα

416 3942 617 4012 μυρία·
648 3944 812 4013 ἅπερ,
852 3950 935 3999 ινα
967 3965 1040 4017 μη
1073 3948 1130 4000 τὸ
1156 3947 1382 4015 λογίδιον
1411 3947 1760 4018 μηκύνωμεν,
1799 3965 1977 4017 παρα·-

412 4029 602 4103 λείψω.
634 4034 819 4089 Ταῦτα
868 4036 923 4089 δὲ
960 4038 1138 4091 πάντα
1188 4036 1419 4107 ἐσϐέσθη
1444 4038 1578 4107 (15),
1611 4038 1736 4107 ἢνὴ
1788 4039 1976 4108 μνήμη

412 4121 514 4190 τῆς
543 4124 815 4193 προτέρας
846 4127 1231 4191 καταστάσεως
1262 4130 1534 4199 ἐνυπῆρχε
1563 4132 1630 4199 τῇ
1658 4130 1825 4199 ψυχῇ,
1859 4130 1975 4197 εἴγε

415 4212 624 4282 ἀληθὴς
658 4210 728 4284 ῆν
758 4216 787 4267 ό
825 4216 924 4285 τῆς
970 4217 1298 4282 ἐκπτώσεως
1344 4218 1519 4287 λόγος,
1562 4220 1655 4272 καὶ
1688 4220 1736 4271 εί
1782 4221 1839 4271 ἐν
1874 4221 1977 4283 τοὶς

417 4303 584 4373 ἱεροῖς
633 4307 903 4375 χρησμοῖς
939 4307 1249 4376 σαφέστατα
1302 4307 1578 4379 ἐκηρύχθη
1620 4310 1845 4380 αὐτῆςὴ
1883 4308 1976 4363 εκ-

2092 1860 2196 1913 ret,
2234 1865 2356 1903 cum
2390 1851 2691 1904 latronibus
2726 1862 2901 1904 autem
2933 1860 2990 1905 et
3025 1852 3239 1905 sicariis
3273 1850 3476 1905 versari
3519 1850 3652 1903 mal-

2091 1940 2181 2003 let,
2221 1941 2480 1993 memoria
2519 1956 2641 1995 eum
2694 1951 2842 1995 certe
2887 1942 3084 2009 prioris
3132 1940 3409 1995 felicitatis
3455 1942 3652 2010 poterit

2089 2028 2234 2080 nullo
2272 2030 2485 2096 negotio
2514 2044 2675 2095 quant
2716 2030 3002 2083 celerrime
3052 2030 3312 2085 reducere
3360 2030 3426 2082 ad
3471 2039 3651 2097 pater-

2089 2134 2214 2172 nam
2244 2119 2583 2187 dignitatetn.
2614 2120 2708 2173 Sin
2737 2130 2914 2174 autem
2944 2119 3158 2187 penitus
3190 2121 3454 2174 exstincta
3483 2119 3649 2173 fuerit

2086 2218 2246 2277 atque
2278 2210 2451 2263 deleta
2490 2224 2554 2262 ex
2584 2211 2767 2262 animo
2796 2210 2963 2277 ipsius
2989 2212 3137 2279 prior
3170 2210 3451 2273 memoria,
3477 2223 3650 2276 neque

2086 2313 2249 2366 grave
2288 2308 2384 2351 aut
2433 2297 2646 2352 dillicile
2691 2300 2850 2353 ducet
2888 2314 3007 2353 cum
3052 2300 3349 2354 latronibus
3408 2315 3648 2354 commo-

2088 2389 2193 2442 rari
2230 2406 2243 2441 :
2279 2391 2388 2443 imo
2426 2392 2591 2444 etiam
2640 2390 2999 2445 libentissime
3048 2392 3478 2459 suavissimeque
3526 2409 3649 2445 cum

2085 2479 2216 2547 ipsis
2238 2482 2563 2547 versabitur,
2596 2481 2836 2550 nihilque
2861 2496 3082 2551 prorsus
3108 2481 3269 2535 faciet
3296 2497 3504 2548 eorum,
3530 2498 3650 2551 qua:

2083 2580 2305 2640 possent
2354 2573 2529 2641 ipsum
2568 2573 2635 2626 ad
2680 2588 2925 2643 regnum,
2961 2574 3103 2642 quod
3147 2588 3214 2627 ne
3243 2575 3391 2627 novit
3432 2575 3646 2642 quidem

2089 2662 2339 2729 amplius,
2387 2664 2665 2718 reducere.
2701 2663 2836 2718 Cum
2889 2674 3069 2718 autem
3127 2663 3259 2717 nihil
3311 2679 3496 2717 eorum
3528 2680 3649 2734 quae

2092 2751 2263 2820 ipsum
2286 2752 2409 2806 illuc
2436 2755 2694 2808 reducere
2715 2764 2953 2822 possent,
2982 2752 3162 2817 faciat,
3186 2769 3459 2824 nunquam
3481 2757 3645 2810 etiam

2088 2858 2154 2898 eo
2205 2855 2525 2899 revertetur.
2583 2845 2765 2914 Itaque
2819 2849 3091 2901 memoria
3135 2848 3307 2913 ratio,
3358 2849 3405 2902 si
3459 2862 3644 2902 verum

2082 2946 2229 2991 esset
2274 2938 2417 3005 quod
2469 2937 2536 2991 de
2591 2937 2743 3006 lapsu
2780 2939 3081 2993 animarum
3158 2941 3412 3006 traditur,
3457 2956 3647 2995 omnes

2084 3028 2335 3080 homines
2379 3027 2445 3080 ad
2495 3028 2726 3081 reditum
2754 3029 2831 3097 (in
2881 3028 3114 3098 priorem
3155 3042 3352 3086 statum
3395 3033 3643 3088 felicissi—

2083 3114 2250 3185 ntum)
2292 3117 2627 3184 impulisset;
2678 3117 2869 3172 deinde
2913 3120 3195 3187 perspicua
3241 3122 3643 3191 Scripturarum

2079 3206 2325 3262 doctrina
2357 3210 2527 3278 magis
2557 3210 2721 3264 etiam
2763 3210 2979 3264 eosdem
3013 3215 3410 3267 conﬁrmasset.
3453 3215 3644 3269 Credi-

2080 3314 2199 3353 mus
2220 3301 2363 3354 enim
2391 3301 2493 3354 alia
2524 3302 2792 3369 quaedam,
2828 3311 3071 3355 nostrum
3113 3303 3366 3357 meritum
3404 3303 3641 3375 dignita-

2080 3399 2295 3459 temque
2323 3391 2478 3461 longe
2503 3391 2842 3455 excedentia,
2868 3391 3146 3447 recondita
3174 3407 3298 3449 esse
3330 3394 3486 3449 nobis
3505 3411 3643 3465 prac-

2079 3484 2207 3537 mia.
2242 3481 2347 3536 Sed
2378 3483 2511 3547 hzec,
2545 3492 2602 3536 ut
2635 3498 2733 3553 ego
2778 3483 3053 3548 existimo,
3083 3485 3298 3539 videtur
3328 3486 3637 3551 utilissima,

2079 3577 2223 3645 quod
2268 3575 2464 3629 abolita
2514 3576 2706 3644 prioris
2759 3585 2932 3630 status
2980 3576 3175 3629 animae
3224 3577 3275 3630 in
3333 3591 3440 3645 quo
3476 3578 3642 3632 fuerit

2078 3667 2357 3728 memoria,
2388 3667 2551 3719 multa
2579 3682 2643 3720 ac
2670 3667 2815 3720 varia
2846 3668 2897 3719 in
2929 3667 3097 3720 vitam
3123 3677 3361 3721 nostram
3387 3669 3640 3737 dogmata

2078 3753 2408 3822 intportavit.
2454 3757 2558 3809 Alii
2596 3771 2826 3825 namque
2869 3766 3060 3826 putant
3088 3759 3360 3826 exstingui
3399 3760 3639 3812 animam

2079 3862 2198 3900 cum
2229 3863 2484 3917 corpore;
2525 3850 2617 3902 alii
2649 3864 2777 3903 vero
2811 3852 2951 3916 quod
2994 3851 3047 3903 in
3076 3851 3240 3904 vitam
3271 3853 3406 3903 hanc
3437 3851 3636 3920 produ-

2079 3939 2152 3993 cti
2198 3940 2306 3992 sint
2343 3940 2496 4008 quasi
2546 3941 2705 4009 hujus
2751 3949 2955 3995 tantum
3006 3943 3128 3995 vita:
3167 3944 3324 3996 bonis
3356 3942 3640 4011 perfruen-

2077 4029 2202 4084 dum
2240 4030 2343 4084 sibi
2374 4041 2534 4084 esset.
2572 4029 2640 4083 Et
2669 4031 2758 4084 alii
2796 4033 3011 4099 quidem
3052 4044 3235 4087 casum
3266 4035 3638 4098 temerarium,

2078 4136 2186 4190 quo
2211 4122 2387 4175 omnia
2418 4121 2723 4189 volvantur,
2755 4123 3129 4193 excogitarunt
3153 4141 3171 4191 ;
3194 4125 3283 4179 alii
3318 4136 3496 4180 autem
3526 4126 3640 4182 l'ato

2079 4224 2133 4267 et
2157 4215 2467 4269 necessitati
2498 4224 2654 4269 ortus
2683 4225 2737 4269 et
2766 4216 2995 4269 fortuna:
3023 4231 3111 4271 res
3144 4218 3409 4272 humanas
3441 4221 3634 4286 permi-

2078 4316 2266 4362 serunt
2307 4307 2785 4362 administrandas.
2826 4306 2891 4362 Et
2923 4308 3012 4362 alii
3054 4310 3268 4377 quidem
3305 4321 3480 4365 ortum
3520 4326 3640 4367 esse

413 4409 643 4457 πτωσις,
673 4394 911 4448 καλοῦσα
938 4398 1029 4450 ἐπὶ
1054 4398 1152 4468 τὴν
1184 4400 1461 4453 ἐπάνοδον.
1488 4401 1584 4453 Διά
1619 4399 1715 4468 μὲν
1743 4398 1851 4469 γὰρ
1880 4399 1973 4452 τοῦ

2086 4399 2339 4452 mundum
2393 4399 2814 4467 pronuntiarunt
2872 4401 3003 4459 (alii
3064 4412 3253 4456 contra
3317 4404 3383 4457 ab
3437 4414 3640 4460 aeterno

414 4482 635 4553 πρώτου
664 4485 761 4539 καὶ
789 4485 1046 4557 Ἕλληνες
1088 4488 1181 4543 καὶ
1209 4488 1503 4561 βάρϐαρον
1539 4489 1627 4542 διὰ
1649 4489 1705 4543 δὲ
1732 4489 1825 4543 τοῦ
1853 4490 1976 4545 δευ-

2086 4488 2251 4543 l'nisse
2275 4489 2328 4559 );
2361 4490 2449 4543 alii
2480 4491 2674 4545 coelum
2704 4492 2918 4561 quidem
2953 4494 3347 4561 providentiam
3389 4494 3482 4549 Dei
3523 4510 3640 4549 sor-

1492 4658 1726 4713 VARIAS
1764 4658 2145 4716 LEC'IlONES
2180 4658 2269 4714 ET
2304 4658 2539 4716 NOTAE.

489 4810 566 4929 (ὃ)
594 4812 720 4899 Post
744 4810 835 4865 δύο
860 4812 926 4891 δὲ
942 4814 1061 4867 cod.
1093 4812 1211 4896 γει.
1260 4813 1408 4867 addit
1445 4813 1697 4893 μάλιστα.
1755 4812 1973 4869 Possm.

513 4882 672 4929 ’1)ου
698 4897 1019 4929 συνοοωσα
1053 4900 1186 4929 wm.
1229 4883 1285 4929 Ρ.
1321 4884 1423 4929 leg-
1473 4899 1756 4929 συνοοωσι.
1810 4881 1973 4929 Βιττ-

496 4881 564 4953 [7)
592 4884 672 4953 ρο
698 4881 1019 4953 συνορῶσα
1053 4882 1186 4951 γάρ.
1229 4883 1285 4935 F.
1316 4884 1423 4953 leg.
1447 4881 1756 4953 συνορῶσι.
1810 4881 1975 4937 Rt'n.

492 4951 566 5019 (8)
602 4949 770 5020 Verha
801 4951 907 5012 illa,
935 4950 1001 5020 ἣν
1034 4949 1411 5003 καταπεσοῦσα
1437 4964 1491 5005 et
1530 4949 1649 5020 qua}
1679 4962 1978 5019 sequuntur

421 5034 589 5085 usque
609 5021 673 5072 ad
698 5019 842 5089 ψυχὴ
878 5019 1165 5078 inclusive,
1204 5022 1281 5073 sic
1308 5021 1465 5074 aliter
1487 5019 1796 5074 srrihuntur
1820 5033 1867 5074 et
1892 5038 1981 5073 or-

420 5089 669 5160 dinantur
716 5091 769 5160 in
803 5089 921 5160 eod.
974 5091 1184 5160 οοόηῆ
1230 5091 1607 5142 καταπεσοῦσα
1650 5089 1796 5160 ψυχὴ
1826 5090 1981 5142 τοῦτο

422 5155 841 5227 μαθνοῦσαωΡοει
868 5157 972 5221 τίς,
1004 5159 1146 5225 quod
1174 5155 1363 5213 'statim
1393 5155 1829 5227 sequitur,'itlein
1858 5160 1981 5213 cod.

419 5226 564 5279 addit
592 5226 669 5279 δέ.
700 5225 907 5282 ΡοςειΝ.

489 5294 565 5365 (9)
597 5294 700 5365 Pro
717 5296 824 5348 ἀπὸ
847 5297 1117 5365 ῥᾳθυμίας
1144 5298 1279 5351 idem
1299 5297 1415 5350 cod.
1450 5296 1640 5350 scribit
1661 5311 1766 5349 uno
1796 5296 1976 5365 verbo,

417 5363 1004 5485 ρπορρᾳθυμήσαςῖεί
1045 5368 1124 5419 sic
1173 5368 1292 5421 cod.
1350 5366 1542 5418 Bavar.
1582 5379 1670 5433 ap.
1721 5363 1977 5436 Ritterh.)

442 5448 494 5485 ο.

442 5448 494 5485 D.

488 5500 738 5575 (1θ)Ρ]“ρ
767 5501 1167 5571 διαιτηθήσεται
1213 5503 1512 5575 ἰίμίθιῃᾲεοά.
1566 5503 1729 5556 habet
1780 5506 1978 5575 ἡγήσε-

417 5586 525 5623 ται.
559 5570 638 5643 19..
672 5570 824 5623 V’ers.
866 5570 980 5643 seq.
1005 5570 1302 5643 Διαγωγὴν
1332 5572 1469 5643 idetn
1508 5582 1664 5643 anget
1691 5570 1978 5643 praeposito

423 5655 539 5691 συν.
582 5638 701 5695 Mox
729 5654 826 5708 pro
865 5638 1223 5710 συνδιατρίϐοι
1259 5638 1830 5711 ἑργὶὺίισυνδιατρίψει
1855 5646 1974 5699 cod.

2080 4816 2202 4870 Vat.

2151 4884 2261 4956 (li)
2296 4887 2531 4964 Ἤλασεν
2560 4896 2718 4964 auget
2762 4888 2813 4942 ln
2852 4888 3167 4964 συνήλασεν.
3220 4890 3373 4945 Vers.
3418 4890 3541 4947 inde
3583 4894 3638 4960 2,

2080 4954 2136 5007 δέ
2161 4954 2335 5027 ιηιιιίιι
2378 4959 2430 5011 in
2466 4958 2591 5027 γάρ.
2629 4958 2706 5011 lo.

2156 5026 2263 5093 (19.)
2303 5030 2365 5100 Οἱ
2389 5026 2639 5100 μὲν-γὰρ
2686 5027 2931 5100 οἴονται.
2970 5027 3140 5100 Varia:
3181 5028 3469 5100 (hominum
3521 5033 3625 5100 opi-

2083 5096 2271 5147 niones
2300 5098 2380 5167 _de
2427 5096 2603 5148 anima
2652 5107 2706 5149 et
2752 5097 3106 5164 providentia.
3164 5097 3360 5152 Confer
3408 5115 3494 5167 ep.
3548 5096 3637 5167 99,

2080 5177 2258 5231 Supra.
2298 5165 2458 5217 Βιττ.

2152 5233 2267 5353 (151)
2298 5233 2399 5285 Pro
2428 5232 2686 5302 γεννητὸν
2717 5236 2838 5287 cod.
2872 5233 2994 5287 Vat.
3036 5234 3141 5289 650
3188 5236 3341 5305 ponit
3367 5236 3636 5307 ἀπρονόη-

2152 5319 2189 5352 ν.
2270 5318 2434 5353 ossnv.

2079 5317 2189 5352 τον.
2228 5317 2434 5355 I’OSSIN.

2152 5370 2262 5444 (14)
2299 5372 2730 5444 Ῐᾼπεςρήναντο.
2761 5370 2991 5444 _Videtttr
3011 5372 3337 5444 addendum,
3374 5376 3423 5426 oi
3451 5373 3507 5427 δὲ
3541 5375 3636 5444 μὴ,

2081 5439 2185 5495 vel.
2211 5442 2258 5491 οἱ
2294 5441 2348 5491 δὲ
2376 5441 2665 5507 ἀγέννητον
2690 5441 2782 5492 καὶ
2814 5441 3001 5494 ἀΐδιον.
3034 5440 3197 5496 Rt'r'r.

2156 5509 2263 5574 (l5)
2307 5510 2564 5583 Ἐσϐἐσθη
2609 5523 2777 5562 Illlllal.
2824 5511 2941 5583 cod.
2980 5510 3117 5583 Yat:
3151 5515 3202 5565 ilt
3251 5512 3548 5583 ἐσεϐάσθη,
3585 5524 3634 5565 et

2083 5577 2169 5646 ἣν,
2201 5580 2339 5646 quod
2374 5589 2554 5631 statim
2588 5584 2829 5648 sequitur
2885 5581 2937 5634 in
2971 5580 3057 5633 ἄν.
3090 5581 3297 5636 Possm.
