4020 6140
478 253 617 323 1251

1662 249 1728 310 S.
1768 248 2059 310 ISIDORI
2091 248 2527 311 PELUSIOTA!

3588 244 3706 313 1252

476 373 634 425 titum
671 373 1055 433 esse;terram
1087 376 1219 417 vero
1254 375 1367 416 non
1394 360 1545 415 item.
1580 360 1686 413 Alii
1726 373 1925 427 corpus
1958 372 2030 413 vol

2145 358 2329 430 τέρου,
2374 360 2615 415 Ἰουδαῖοί
2663 379 2724 415 τε
2774 360 2870 416 καὶ
2913 360 3253 433 Χριστιανοὶ,
3300 358 3399 415 καὶ
3447 361 3561 414 ὅσοι
3601 364 3705 426 ταῖς

472 459 694 513 luerunt
730 472 759 509 a
793 456 938 510 malo
966 453 1254 508 formatum
1298 466 1443 517 esse,
1468 465 1567 506 nec
1595 450 1705 504 ullo
1735 458 1891 518 pacto
1928 450 2043 502 vir-

477 550 608 604 tutis
655 548 1071 603 instrumentum
1121 557 1246 599 esse
1290 557 1470 611 posse.
1510 542 1742 611 Aliaque
1782 542 2044 612 ejusmodi

469 640 681 695 inﬁnita
718 657 733 694 :
765 652 906 707 quae,
939 651 1007 691 ne
1046 635 1441 691 oratiunculam
1479 636 1535 688 in
1587 634 1802 703 longum
1845 632 2047 703 produ-

466 746 684 795 camus,
737 729 1170 800 praetermittam.
1210 728 1335 782 Haac
1378 735 1557 780 autem
1594 725 1888 794 (dogmata)
1929 740 2047 779 om-

468 824 561 876 nia
590 822 859 875 exstincta
891 829 1094 884 essent,
1122 819 1169 873 si
1202 818 1461 872 memoria
1488 816 1688 885 prioris
1714 815 2046 870 conditionis

466 912 528 965 in
552 912 735 966 anima
766 912 1143 973 remansisset,
1179 909 1444 979 siquidem
1464 923 1594 963 vera
1622 915 1768 961 esset
1794 910 1859 961 de
1886 908 2042 975 lapsu

468 1002 669 1057 anima:
699 1002 986 1067 sententia,
1019 1010 1073 1056 et
1102 1002 1147 1056 si
1183 1002 1234 1055 in
1279 1001 1450 1055 sacris
1487 1001 1722 1056 oraculis
1747 998 2045 1054 clarissime

464 1091 792 1147 annuntiata
825 1090 1015 1145 fuisset
1048 1090 1165 1160 ejus
1204 1090 1496 1161 prolapsio,
1542 1093 1609 1144 ad
1652 1089 1883 1145 reditum
1918 1101 2041 1156 pro-

475 1200 693 1241 vocans.
736 1183 909 1237 Priori
950 1184 1095 1237 enim
1137 1183 1347 1236 ratione
1385 1191 1444 1237 et
1483 1181 1656 1238 ϐιαιοὶ
1704 1189 1760 1235 et
1795 1178 2039 1243 Barbari,

468 1276 637 1347 3506
666 1274 952 1344 p0steriori
997 1284 1175 1327 autem
1204 1272 1357 1327 Juda:
1404 1283 1457 1327 et
1496 1273 1791 1327 Christiani
1827 1280 1881 1325 et
1922 1271 2044 1337 qui-

466 1381 692 1436 cunque
738 1382 925 1421 sacras
974 1366 1284 1434 Scripturas
1329 1364 1621 1433 recipiunt,
1662 1362 2044 1432 cognovissent

478 1460 623 1527 quod
651 1458 867 1527 cognitu
898 1466 984 1512 est
1025 1456 1421 1511 necessarium.
1458 1455 1731 1510 Praeterea
1762 1468 2039 1509 carcerem

473 1553 556 1622 (in
579 1566 734 1620 quem
765 1552 1038 1605 detrusam
1066 1557 1121 1603 et
1153 1548 1415 1603 inclusam
1447 1562 1567 1603 esse
1602 1548 1894 1617 perhibent
1920 1547 2038 1601 ani—

474 1658 618 1698 mam
661 1649 782 1712 post
821 1640 1050 1710 lapsum)
1075 1639 1326 1709 equidem
1357 1638 1515 1694 video
1565 1639 1725 1694 talem
1766 1653 1906 1704 esse,
1947 1637 2037 1707 qui

475 1749 581 1787 non
614 1733 900 1802 prohibeat
933 1732 1027 1785 scd
1061 1731 1240 1801 potius
1271 1739 1464 1800 augeat
1488 1738 1729 1799 peccata.
1764 1726 2043 1795 Quombdo

468 1824 619 1879 enim
669 1823 886 1893 punitur
930 1820 1180 1891 (anima),
1227 1835 1347 1874 cum
1400 1821 1627 1889 accipiat
1674 1820 1929 1888 majorem
1974 1820 2041 1872 ad

464 1914 801 1985 peccandum
826 1911 1207 1967 occasionem?
1234 1910 1372 1977 Quid
1396 1919 1575 1964 autem
1598 1909 1840 1978 peccavit
1862 1909 2041 1963 anima

472 2007 809 2075 (priusquam
866 2004 920 2056 in
979 2016 1178 2071 corpus
1230 2002 1666 2070 demitteretur);
1715 2001 2043 2070 gravioranc

475 2096 694 2151 admisit
728 2095 894 2161 caede,
930 2103 1023 2148 aut
1069 2092 1356 2159 adulterio,
1388 2101 1482 2147 aut
1519 2092 1811 2148 veneficio?
1832 2092 1888 2147 Si
1919 2092 2040 2161 qui—

462 2190 591 2242 dem
633 2187 797 2257 igitur
837 2193 1275 2253 compesceretur
1323 2184 1502 2237 anima
1555 2183 1634 2249 (in
1683 2198 1933 2252 corpore,
1974 2197 2040 2238 ne

463 2286 721 2347 peccaret
754 2276 1027 2345 amplius),
1065 2285 1123 2329 ut
1155 2276 1207 2329 in
1238 2276 1346 2328 vita
1385 2288 1598 2343 quoque
1630 2275 2035 2340 emendaretur,

470 2380 582 2425 tum
630 2383 760 2423 vero
794 2368 973 2421 locum
1023 2367 1222 2420 habere
1266 2374 1451 2432 posset
1506 2364 1605 2419 ista
1656 2364 1819 2419 ratio.
1864 2363 2037 2431 Quale

465 2469 649 2515 autem
687 2457 1007 2527 supplicium
1049 2457 1281 2511 sustinet
1318 2456 1520 2521 anima,
1561 2469 1679 2525 quae
1714 2470 1913 2525 corpus
1944 2455 2037 2509 de-

462 2550 626 2613 liciis,
674 2558 730 2605 et
765 2547 1203 2609 scortationibus,
1257 2556 1311 2598 et
1355 2544 1477 2598 aliis
1509 2560 1538 2597 a
1587 2554 1780 2598 natura
1831 2544 2036 2599 abhor-

458 2639 709 2694 rentibus
737 2637 1099 2706 voluptatibus
1137 2635 1306 2687 tradit
1334 2649 1398 2687 ac
1432 2634 1746 2703 mancipat?
1765 2648 1883 2703 quae
1907 2648 2033 2687 car-

454 2742 639 2782 cerem
673 2741 829 2782 suum
863 2726 990 2793 (hoc
1015 2732 1100 2778 est
1132 2724 1377 2792 corporis
1404 2724 1816 2793 commercium)
1846 2723 2034 2793 nequi-

2148 453 2329 522 ispaic
2374 453 2484 526 (16)
2536 455 2779 523 Γραφαῖς
2823 455 3121 517 πείθονται,
3157 455 3405 522 ἔγνωσαν
3450 455 3588 525 ὅπερ
3622 456 3705 508 ἀν-

2153 546 2382 610 αγκαῖον
2426 540 2498 615 ἧν
2540 546 2603 597 τδ
2636 545 2874 613 γνῶναι·
2908 546 3002 598 καὶ
3046 545 3108 597 τὸ
3152 545 3530 617 δεσμωτήριον
3559 545 3705 615 (ιϐ’)

2152 634 2207 687 δὲ
2231 634 2363 706 ὁρῶ,
2395 636 2455 687 οὐ
2479 634 2800 701 κωλυτικδν,
2829 636 2942 687 ἀλλ’
2972 635 3261 706 αὐξητικὸν
3287 637 3705 707 ἁμαρτημάτων.

2153 723 2279 787 Πῶς
2324 726 2431 794 γὰρ
2481 727 2822 799 τιμωρεῖται,
2874 727 2907 795 ἡ
2946 725 3167 796 μείζονα
3219 727 3401 781 ἄνεσιν
3450 726 3704 797 δεξαμένη

2151 816 2231 879 είς
2257 816 2316 868 τὸ
2348 816 2772 887 ιπλημμελῆσαιτ
2805 818 2869 870 Τί
2899 818 2956 870 δὲ
3016 819 3125 889 ἄρα
3156 818 3609 889 πεπλημμέληται
3649 822 3707 889 τῇ

2151 908 2297 979 ψυχῇ
2334 909 2518 978 μεῖζον
2561 910 2744 977 φόνου,
2774 909 2807 979 ἢ
2843 911 3106 980 μοιχείας,
3133 911 3166 978 ἢ
3195 912 3544 981 φαρμακείας
3570 911 3704 980 (17);

2150 1000 2217 1052 Εἰ
2272 999 2370 1069 μὲν
2423 996 2515 1054 οὖν
2573 1005 2902 1073 κατηργείτο
2935 1005 2969 1072 ὴ
3023 1001 3192 1072 ψυχὴ,
3247 1003 3324 1065 ὼς
3374 1005 3470 1056 καὶ
3511 1004 3707 1058 ἄκουσα

2155 1092 2628 1163 σωφρονισθῆναι,
2672 1095 2828 1163 λόγον
2865 1090 3009 1165 εἶχεν
3053 1098 3081 1148 ὁ
3109 1095 3349 1158 τοιοῦτος
3396 1096 3550 1164 λόγος
3582 1095 3703 1164 (l8).

2150 1181 2320 1234 Ποίαν
2378 1182 2434 1234 δὲ
2478 1185 2749 1254 τιμωρίαν
2784 1180 2975 1256 ὑπέχει
3012 1189 3044 1258 ή
3075 1186 3189 1258 (19)
3238 1180 3405 1257 ψυχὴ,
3449 1187 3511 1240 τὸ
3561 1187 3707 1257 σῶμα

2150 1276 2381 1342 τρυφαῖς
2416 1276 2510 1328 καὶ
2563 1277 2840 1347 πορνείαις
2876 1278 2967 1331 καὶ
3004 1281 3125 1340 ταῖς
3152 1277 3339 1341 ἄλλαις
3374 1277 3524 1349 παρὰ
3558 1277 3707 1345 φύσιν

2151 1365 2467 1435 παραδοῦσα
2511 1368 2743 1438 ἡδοναῖς,
2790 1370 2823 1438 ἡ
2863 1368 2998 1439 μηδὲ
3021 1369 3082 1421 τὸ
3107 1368 3481 1439 δεσμωτήριον
3506 1368 3588 1421 ἔτι
3614 1386 3707 1421 κα-

2149 1455 2396 1526 ταλείψαι
2442 1456 2763 1530 βουλομένη,
2817 1461 2851 1530 ἡ
2911 1459 3180 1530 εὐχομένη
3235 1461 3413 1530 γῆρας
3466 1458 3622 1527 βαθὺ,
3674 1461 3703 1529 ἢ

2148 1544 2327 1597 πάντα
2376 1546 2604 1599 ποιοῦσα
2649 1548 2795 1611 ὅπως
2844 1548 3008 1618 μηδὲν
3057 1547 3277 1619 κωλύσῃ
3301 1547 3399 1619 τὴν
3428 1548 3705 1618 ήδονὴν,ἠ

2151 1634 2244 1687 καὶ
2292 1634 2638 1706 κοιμώμενον
2671 1637 3011 1707 διεγείρουσα
3039 1638 3317 1705 πολλάκις,
3363 1638 3458 1691 καὶ
3489 1639 3706 1709 πορείαν

2074 1711 2117 1766 Β
2144 1724 2327 1790 δοῦσα,
2356 1731 2449 1778 καὶ
2478 1727 2873 1796 παρακαλοῦσα
2904 1728 2965 1781 τὸ
3006 1729 3306 1782 ἀκόλαστον
3326 1745 3341 1794 ;
3364 1726 3559 1791 Οὐδεὶς
3591 1729 3705 1799 βου-

2146 1814 2368 1885 λόμενος
2397 1817 2621 1872 κολάσαι
2648 1819 2737 1872 τὸν
2764 1820 3179 1891 ἀμαρτήσαντα,
3207 1821 3462 1891 ἀφορμὰς
3494 1821 3704 1891 μείζους

2143 1906 2291 1975 αὐτῷ
2329 1908 2620 1973 ἀκολασίας
2651 1910 2855 1965 δίδωσι.
2891 1911 2991 1964 Διά
3017 1912 3070 1964 τί
3118 1912 3264 1980 λέγει
3308 1913 3336 1965 ὁ
3385 1913 3704 1983 Προφήτης·

2150 2015 2169 2048 ι
2191 1999 2284 2050 Ἐκ
2308 1999 2515 2062 κοιλίας
2556 2001 2760 2071 μητρός
2793 2018 2921 2070 μου,
2956 2001 3088 2064 Θεός
3121 2019 3223 2071 μου
3255 1999 3309 2055 εἴ
3336 2004 3421 2066 σὺ,
3465 2021 3484 2053 ι
3521 2004 3573 2055 εί
3601 2002 3704 2072 (20)

2138 2088 2238 2143 καὶ
2269 2090 2377 2159 πρὸ
2401 2090 2588 2144 τούτου
2614 2087 2715 2161 iw;
2745 2093 2869 2155 Πῶς
2893 2092 2938 2145 δ’
2978 2093 3276 2155 ἀνάστασις
3317 2092 3591 2162 σωμάτων
3616 2110 3706 2146 κα-

2139 2179 2529 2249 ταγγέλλεται,
2561 2183 2656 2235 καὶ
2694 2184 2792 2237 οὐκ
2832 2184 3276 2247 ἀποκατάστασις
3322 2183 3513 2253 ψυχῶν
3549 2185 3627 2247 είς
3649 2182 3705 2236 τὸ

2143 2269 2468 2340 ἀσώματον;
2518 2272 2644 2335 Πῶς
2701 2273 2760 2326 δὲ
2811 2276 2840 2327 ὁ
2897 2274 3150 2344 Ἀϐραὰμ
3182 2275 3339 2345 καὶὴ
3394 2274 3570 2328 ’Δννα
3613 2273 3703 2342 τὴν

2138 2360 2393 2414 ἀπαιδίαν
2456 2359 2829 2432 ὠλοφύροντος
2892 2364 3017 2428 Πῶς
3068 2364 3181 2428 δὲ,
3235 2366 3284 2418 εἰ
3342 2366 3401 2420 ἐν
3460 2365 3703 2434 εὐλογίας

2139 2451 2294 2521 μέρει
2341 2450 2493 2504 ἔσται
2548 2451 2628 2517 τὸ,
2680 2471 2699 2504 ι
2744 2453 3050 2518 Αύξάνεσθε
3083 2455 3177 2508 καὶ
3210 2455 3573 2527 πληθύνεσθε,
3616 2454 3703 2508 καὶ

2134 2539 2462 2610 πληρώσατε
2488 2540 2587 2612 τὴν
2615 2542 2751 2613 γῆν;
2785 2562 2804 2595 ι
2848 2545 3103 2613 Ἀγωνιού
3112 2563 3261 2616 μενοι
3285 2545 3394 2615 γὰρ
3420 2547 3703 2617 παρήχθηο

2136 2645 2257 2697 μεν,
2286 2630 2345 2682 οὐ
2371 2631 2526 2694 δίκας
2549 2632 2688 2702 ὑπὲρ
2718 2633 3000 2705 προτέρων
3030 2631 3696 2705 πταισμάτωνδώσοντες.

2133 2720 2198 2772 El
2241 2719 2287 2773 δ’
2340 2720 2399 2773 ὲν
2428 2720 2508 2791 τῷ
2551 2721 2724 2790 ἀγῶνι
2752 2722 2839 2776 διὰ
2868 2723 3141 2794 ῥᾳθυμίαν
3168 2725 3542 2796 ἀναπέσωμεν
3572 2726 3699 2795 (ﬁl),

450 2818 580 2871 -dem
628 2818 938 2886 relinquere
979 2814 1209 2885 amplius
1255 2814 1408 2869 vult?
1452 2830 1575 2884 quae
1607 2816 1925 2885 profundam
1968 2830 2030 2871 ac

2130 2810 2314 2865 ἄνεσιν
2361 2811 2419 2864 δὲ
2460 2812 2807 2884 ζητήσωμεν,
2837 2815 2958 2868 τότε
3008 2815 3094 2887 δὴ,
3130 2816 3250 2869 τότε
3290 2816 3514 2882 δικαίως
3548 2819 3701 2871 ἀστε-

453 2909 830 2979 longissimam
854 2916 1006 2977 optat
1040 2908 1142 2962 sibi
1171 2908 1487 2978 contingere
1516 2909 1885 2963 senectutem?
1910 2922 2030 2977 qua:

2130 2904 2367 2971 φάνωτοι
2414 2903 2723 2976 γενώμεθα.
2755 2906 2902 2977 Πλὴν
2931 2907 3048 2961 ἀλλ’
3083 2909 3271 2980 ἐπειδὴ
3304 2911 3353 2962 οί
3386 2909 3591 2963 κακίαν
3620 2910 3701 2964 δο-

458 3000 593 3054 nlhil
636 3014 741 3053 non
787 2999 940 3064 facit,
976 3013 1042 3053 ne
1071 3000 1364 3069 quidquam
1404 3000 1475 3055 sit
1514 2999 1900 3068 impedimento
1930 3017 2026 3057 vo-

2129 2994 2517 3064 γματίσαντες,
2541 2996 2743 3067 ἀρετῆς
2775 2997 3098 3068 ἀντέχεσθαι
3126 3000 3443 3072 ’παρῄνεσαν
3466 3000 3699 3071 (ταύτην

450 3090 689 3161 luptati?
734 3105 855 3160 quae
888 3100 943 3145 et
982 3092 1337 3147 dormientem
1384 3105 1755 3158 saepenumero
1793 3093 2020 3160 excitat,

2128 3085 2235 3156 γὰρ
2287 3085 2543 3156 ἐνόμισαν
2586 3082 2725 3141 εἶναι
2773 3088 3003 3160 ἀρίστην
3051 3091 3389 3161 χειραγωγὸν
3431 3093 3573 3163 πρὸς
3603 3092 3697 3164 τὴν

448 3192 511 3236 et
545 3182 815 3237 scortandi
853 3183 1167 3239 occasiones
1207 3184 1431 3253 praebet,
1459 3192 1515 3238 et
1549 3184 1828 3239 libidinem
1862 3185 2020 3240 insti-

2128 3174 2385 3229 ἐπάνοδον
2405 3177 2446 3246 ),
2483 3178 2577 3231 καὶ
2610 3178 2642 3249 ή
2692 3178 3003 3249 Ἐκκλησία,
3037 3182 3070 3251 ἡ
3104 3182 3184 3245 είς
3212 3182 3399 3251 ἀγῶνα
3428 3183 3548 3254 (22)
3575 3183 3695 3247 τοὺς

456 3270 786 3343 gatiNemo
824 3281 997 3337 certe,
1040 3274 1131 3342 qui
1179 3282 1494 3343 peccantem
1522 3275 1714 3342 punire
1748 3275 1879 3341 vult,
1926 3290 2020 3331 oc-

2128 3266 2445 3339 ἀνθρώπους
2490 3269 2747 3339 τετάχθαι
2800 3270 3209 3344 ίσχυριζομένη,
3243 3274 3323 3336 είς
3353 3275 3560 3346 ἀρετὴν
3590 3293 3693 3331 πο.-

447 3364 703 3440 casiones
748 3362 847 3432 ipsi
904 3363 1137 3433 maiores
1187 3365 1255 3417 ad
1315 3364 1670 3420 exercendam
1734 3364 2015 3421 libidinum

452 3449 805 3519 petulantiam
835 3448 1163 3520 suppeditat.
1191 3448 1303 3503 Cur
1330 3458 1510 3504 autem
1537 3450 1670 3504 dicit
1694 3450 1965 3519 Propheta
1997 3470 2011 3507 :

454 3557 480 3591 ε
510 3539 556 3593 Α
604 3547 796 3594 ventre
837 3541 1026 3594 matris
1071 3555 1227 3605 meae,
1262 3540 1402 3595 Deus
1449 3556 1602 3596 meus
1632 3556 1691 3596 es
1719 3552 1773 3595 tu
1799 3542 1870 3608 ⁸ο,
1904 3562 1924 3597 ι
1968 3545 2015 3600 si

450 3638 609 3685 antea
657 3614 875 3701 quoque
924 3631 1081 3686 erat?
1135 3632 1413 3699 Quomodo
1466 3642 1645 3689 autem
1693 3636 2015 3691 resurrectio

449 3734 739 3791 corporum
792 3723 1182 3790 annuntiatur,
1233 3739 1298 3779 ac
1343 3740 1449 3779 non
1504 3726 1686 3795 potius
1743 3725 2014 3781 restitutio

446 3811 752 3868 animarum
787 3813 845 3869 in
876 3821 1083 3871 statum
1109 3814 1355 3888 corporis
1386 3817 1700 3888 expertem?
1732 3816 2013 3883 Quomodo

517 3963 563 3997 “
591 3964 739 4023 Psal.
770 3980 886 4035 ut,
916 3967 1008 4024 11.

2126 3363 2375 3430 ρακαλεῖ·
2419 3362 2509 3417 διὰ
2556 3362 2665 3434 γὰρ
2694 3363 2898 3435 ταύτης
2933 3366 3059 3430 τοὺς
3094 3366 3471 3438 νενικηκότας,
3522 3372 3584 3423 ὲν
3610 3370 3696 3423 ού-

2123 3453 2269 3524 ρανῷ
2310 3454 2758 3524 ἀνακηρυχθῆναι
2798 3456 2892 3509 καὶ
2924 3458 3222 3528 στεφθῆναι
3271 3460 3690 3527 ἐπαγγέλλεταιο

2120 3543 2382 3612 ἀφέμενοι
2431 3544 2610 3598 τοίνυν
2664 3544 2760 3597 τοῦ
2815 3546 3149 3617 ζυγομαγείν
3196 3549 3339 3619 (22⁸)
3395 3551 3532 3621 περὶ
3584 3552 3694 3606 τῶν

2117 3634 2655 3705 ἀμφισϐητησίμων,
2713 3637 2795 3699 είς
2850 3638 2912 3690 τὸ
2974 3638 3403 3711 ὁμολογούμενον
3454 3644 3691 3706 ἑαυτοὺς

2119 3724 2522 3795 συνελάσωμεν.
2573 3726 2637 3778 El
2690 3725 2798 3796 γὰρ
2860 3727 3101 3782 κάκεῖνοι
3154 3732 3246 3783 καὶ
3300 3733 3465 3802 ἡμεῖς
3528 3734 3691 3787 παντὶ

2119 3815 2294 3871 σθένει
2338 3818 2437 3890 τὴν
2491 3817 2691 3890 ἀρετὴν
2726 3820 3079 3893 ὲκθειάζομεν
3112 3821 3249 3896 (23),
3296 3823 3436 3879 ἀλλά
3484 3827 3689 3899 ταύτην

1516 4124 1754 4182 VARle
1793 4126 2178 4186 LECTIONES
2206 4129 2295 4186 ΕΤ
2332 4129 2566 4188 NOTAE.

510 4300 633 4383 (l6)
658 4298 774 4383 vox
801 4300 973 4383 ἱεραῖς
1007 4303 1156 4383 abest
1184 4317 1213 4355 a
1241 4301 1360 4357 cod.
1390 4301 1516 4357 Vat.
1545 4300 1648 4356 650
1672 4303 1747 4357 uti
1777 4314 1827 4359 et
1854 4320 1994 4360 vers.
2029 4309 2073 4363 Ι)

440 4384 552 4438 seq.
584 4370 646 4422 τὸ
667 4379 789 4424 ante
818 4370 1036 4438 γνῶναι.
1068 4371 1278 4425 Possm.

507 4438 639 4524 (ιδ’)
680 4439 1108 4524 δεσμωτήριον.
1150 4441 1483 4524 Platonicum
1510 4456 1727 4523 quoque
1761 4443 1993 4524 hocest,

432 4523 633 4578 corpus
658 4523 778 4564 esse
824 4524 1097 4562 carcerem
1150 4514 1332 4563 animi.
1367 4514 1539 4577 Quam
1583 4514 1634 4565 in
1674 4514 1994 4567 sententiam

435 4581 764 4646 epigramma
798 4587 975 4632 exstat
1002 4579 1233 4633 Pallada:
1268 4581 1360 4634 lib.
1412 4595 1449 4633 ι.
1498 4581 1736 4648 Anthol.,
1783 4583 1865 4636 tit.
1902 4584 1993 4637 57.

433 4668 598 4742 253M
630 4667 802 4742 πάθος
828 4668 1029 4738 ψυχῆς,
1053 4668 1204 4742 ᾅδης.
1232 4672 1396 4742 μοῖρ’»
1424 4670 1607 4742 ἄχθος.
1640 4672 1873 4742 ἀνάγκην

557 4738 841 4810 αὶῂδεσμὸλς
858 4738 1279 4810 κρατερὸςνκαὶ
1312 4738 1528 4805 κόλασις
1558 4738 1824 4810 βασάνων.

444 4807 742 4879 ’Δλλζόταν
764 4807 956 4879 ’ἐξέλθῃ
987 4807 1079 4879 τοῦ
1115 4808 1361 4879 σώματος
1392 4812 1467 4875 ὡς
1500 4807 1606 4864 ἀπὸ
1634 4810 1850 4879 δεσμῶν

502 4875 608 4929 Τοῦ
645 4876 896 4942 θανάτου,
931 4875 1121 4947 φεύγει
1146 4875 1280 4949 πρὸς
1304 4880 1441 4933 Θεὸν
1472 4875 1753 4934 ἀθάνατονζ

430 4966 544 5021 Hoc
564 4977 645 5022 est
674 4983 687 5019 :

428 5056 651 5139 Corpus,
698 5058 888 5137 fatum,
914 5074 1099 5139 orcus,
1116 5074 1313 5124 carcer,
1335 5059 1493 5139 ,ιίοίοτ
1536 5069 1992 5139 atqzte_gt'avamen

501 5126 592 5178 Est
623 5127 819 5187 animo,
856 5129 1053 5180 miseris
1081 5130 1218 5181 hunc
1242 5132 1545 5197 cruciatque
1571 5126 1778 5195 niodis._

428 5196 490 5248 At
510 5211 615 5268 1tua
643 5197 878 5268 deseruit
914 5198 1070 5249 simul
1104 5197 1192 5268 ille
1224 5196 1508 5268 ergastula,
1541 5202 1670 5252 liber

498 5263 749 5334 Omnibus
777 5266 857 5317 his
891 5270 1035 5319 sedes
1066 5266 1229 5320 evolat
1258 5263 1325 5319 a'd
1355 5263 1629 5334 Superum.
1661 5270 1823 5323 Rt'rzr.

504 5333 617 5412 (i1)
668 5333 775 5388 Pro
834 5336 1177 5406 φαρμακείας
1231 5339 1375 5405 cod.,
1412 5339 1512 5393 Vat
1558 5341 1715 5393 habet
1764 5341 1984 5412 φαρμά-

424 5419 538 5455 κου.
569 5400 775 5458 Possm.

495 5470 606 5539 (18)
642 5471 769 5526 Post
799 5472 954 5540 λόγος
993 5484 1046 5528 οι
1090 5485 1215 5529 ante
1262 5474 1418 5528 ποίαν
1480 5476 1592 5530 hanc
1635 5478 1813 5530 omnia
1845 5481 1984 5533 idem

609 5540 739 5661 glebas
763 5543 983 5611 μείζονα
1004 5543 1037 5612 ἢ
1066 5545 1323 5613 πρότερον
1342 5546 1644 5615 ἁμαρτάνει
1676 5548 1887 5615 ἄλογος,
1907 5550 1985 5614 ὡς

422 5621 593 5674 caput.
630 5621 707 5663 In.

2178 4305 2287 4388 (1??
2312 4306 2454 4388 '9'"
2481 4309 2597 4388 ἦρι
2625 4308 2770 4388 ψυχὴ
2789 4312 2948 4388 ﬁde"!
2977 4312 3168 4388 inseri!
3196 4316 3452 4388 ἡδομένηι
3490 4317 3572 4373 In.

2177 4377 2294 4455 (29)
2332 4375 2477 4455 Inter
2498 4375 2545 4429 εί
2576 4375 2975 4455 ρι’κᾶἵίιιεθτίι
3007 4400 3099 4455 γε.)
3130 4375 3431 4455 Veis-post
3466 4390 3527 4453 4,
3563 4389 3684 4452 πῶς

2100 4446 2156 4499 δὲ
2191 4448 2324 4531 tollit
2368 4446 2416 4497 εί
2461 4456 2511 4501 et
2560 4450 2717 4518 paulo
2765 4461 2886 4519 post
2929 4446 3028 4522 pro
3077 4454 3235 4508 ἔσται
3280 4446 3472 4512 scribit
3512 4446 3681 4531 ἐίρηί

2100 4532 2205 4569 ται.
2231 4533 2302 4570 ID.

2169 4585 2279 4660 (21)
2310 4585 2454 4660 Inter
2482 4588 2877 4660 ἀναπέσωμεν,
2905 4601 2959 4646 et
2987 4592 3171 4660 ἄνεσιν
3208 4596 3321 4651 ltazc
3361 4596 3427 4651 Υ.
3475 4597 3542 4652 C.
3574 4599 3666 4653 65(

2105 4655 2310 4738 inserit,
2346 4657 2588 4738 aut}:th
2611 4660 2707 4727 μὲν
2742 4655 3016 4738 στεφάνων
3053 4658 3217 4738 ἦττον
3253 4668 3671 4738 φροντίσαιμεν.

2102 4723 2165 4805 V_.
2198 4738 2311 4793 seq.
2345 4723 2631 4805 yevgpsﬂd
2654 4739 2827 4805 imitat
2848 4723 2911 4785 ἰη
2948 4723 3241 4805 μενοῦμεν,
3265 4723 3673 4791 ’ἐοιιιὶηιιιιίιιίέ

2099 4794 2233 4877 dens
2262 4809 2275 4845 :
2311 4794 2595 4877 καί-δίκας
2625 4794 3135 4877 ,ὑφέξομενᾞνειεύ
3180 4794 3293 4875 seq.
3325 4822 3421 4877 pro
3474 4808 3531 4860 οί
3576 4825 3676 4863 κα-

2100 4862 2241 4923 κίαν,
2271 4864 2461 4917 scribit
2489 4867 2539 4917 οἱ
2578 4862 2825 4921 κάκεῖναξ
2853 4870 2928 4924 In.

2172 4932 2412 5012 Pro
2436 4935 2625 5012 ἀγῶνα
2655 4940 2772 5012 cod.
2811 4941 2945 4994 idem
2960 4944 3124 5012 ponit
3148 4945 3379 5012 ἀγῶνας.
3439 4947 3523 5005 In.

2130 5072 2140 5081 .
2170 5003 2303 5072 (22‘)
2322 5004 2617 5084 ᾏφέιιενοι
2644 5003 2986 5084 tals-nterea?
3017 5003 3386 5083 ζυᾳυμὲῑχεῖίυ.
3416 5003 3676 5074 saluber-

2099 5075 2231 5150 rima
2268 5075 2562 5150 a_tl_monitio
2594 5091 2752 5150 quam
2784 5078 2909 5132 alibi
2948 5075 3165 5149 quoque
3185 5075 3367 5150 habet,
3396 5098 3451 5142 ut
3483 5090 3671 5143 lib.ttt

2096 5142 2253 5220 epist.
2284 5142 2372 5220 57,
2403 5155 2495 5220 ut,_
2518 5142 2730 5220 omissis
2770 5142 3205 5220 conten—tionibus
3243 5159 3308 5209 de
3340 5142 3505 5212 rebus
3538 5142 3671 5213 obs;

2094 5213 2323 5297 puritate
2357 5213 2629 5297 involutis,
2679 5217 3073 5297 incumbamus
3101 5224 3151 5275 in
3194 5225 3265 5297 id,
3314 5229 3455 5295 quod
3520 5229 3672 5297 apud

2090 5292 2276 5354 omnes
2308 5280 2651 5354 iunconfesso
2690 5294 2792 5348 est,
2829 5302 3016 5354 nempe
3063 5293 3112 5344 in
3163 5280 3375 5348 virtutis
3400 5280 3452 5350 et
3489 5280 3672 5352 bone;

2085 5349 2241 5428 statis
2270 5350 2525 5428 studium.
2550 5351 2703 5416 Quod
2732 5355 2776 5407 si
2808 5349 2980 5421 ﬁeret,
3014 5362 3199 5428 procul
3254 5349 3420 5419 dubio
3458 5349 3668 5421 melius

2085 5417 2345 5500 haberent
2372 5435 2462 5499 res
2493 5422 2757 5500 lnnname,
2795 5440 2914 5492 qua:
2958 5417 3095 5482 nunc
3136 5417 3663 5500 passimvlaboran—t,

2085 5488 2212 5574 dum
2226 5491 2500 5574 ‘ontttesjin
2535 5494 2692 5574 rebus
2732 5488 3094 5574 controversis
3114 5488 3384 5571 satagunt,
3410 5488 3661 5574 quarum

2084 5554 2247 5625 nullis
2281 5558 2547 5625 reperitur
2572 5560 2770 5616 exitus.
2805 5563 2968 5620 RtT'r.

2155 5624 2265 5691 (25)
2303 5624 2441 5682 Inter
2488 5627 2841 5702 ἐκθειάςομεν
2887 5647 2942 5691 et
2993 5637 3129 5692 ἀλλὰ
3172 5641 3283 5697 haec
3329 5644 3471 5699 idem
3522 5647 3660 5701 cod.
