4020 6140
378 248 512 312 1253
1296 249 1837 310 EPISTOLARUM
1876 248 1965 308 LIl

2063 247 2161 309 IV.
2192 272 2264 283 —
2300 248 2535 311 EPIST.
2572 251 2781 311 CLXV.
3500 252 3629 318 1256

370 357 738 429 ἀτιμάσαντες
778 355 877 426 τὴν
925 356 1029 410 ὑπὸ
1062 355 1342 427 ἑκατέρων
1389 356 1501 409 τῶν
1534 356 1715 427 μερῶν
1752 356 1957 424 θαυμα-

2070 353 2413 408 Ahrahamus
2437 363 2492 410 et
2523 355 2675 410 Anna
2720 357 3008 427 (Samuelis
3056 361 3250 431 mater)
3289 360 3628 417 sterilitatem

370 446 609 518 ξομένην
671 445 821 515 παρὰ
872 444 967 498 τοῦ
1029 444 1312 507 δοκοῦντος
1373 445 1576 515 ἀδήλου
1631 442 1957 513 πράγματος

2064 443 2461 514 erbitatemque
2494 449 2866 502 delleveruut?
2897 450 3174 516 Quomodo
3207 453 3257 506 in
3298 433 3630 508 benedictio-

371 536 601 598 ἑαυτοὺς
640 535 975 606 παρέχομεν.
1008 536 1132 589 Εἴτε
1159 535 1269 607 γὰρ
1292 535 1671 598 ἐκπέπτωκεν,
1707 533 1779 595 ὡς
1814 534 1956 584 ἐκεῖ·

2068 534 2152 588 nis
2181 545 2333 604 parte
2360 539 2686 591 censendmn
2717 540 2821 592 erit
2853 540 2980 594 illud
3011 559 3025 596 :
3059 559 3078 593 ι
3117 541 3373 608 Crescite,
3407 554 3461 597 et
3494 539 3630 596 mul—

368 627 452 681 νοί
494 642 679 695 φασιν,
722 625 926 697 ἀρετῆς
983 626 1141 697 χρεία
1178 627 1314 697 πρὸς
1363 625 1462 696 τὴν
1514 623 1791 677 ἐπάνοδονσ
1841 624 1951 675 εἴτε

2066 625 2401 693 tiplicamini,
2450 638 2504 681 et
2544 628 2746 697 replete
2781 639 2980 684 terram
3007 630 3096 684 9‘?
3130 650 3149 682 )
3208 630 3344 686 Nam
3380 633 3628 687 certami-

370 716 751 786 ἀγωνιουμένη
808 716 1085 787 παρήχθη,
1119 716 1193 779 ὡς
1220 717 1382 786 ἡμεῖς
1415 732 1616 785 φαμεν,
1648 715 1714 767 δι’
1747 716 1948 785 ἀρετῆς

2056 731 2181 769 num
2236 718 2607 772 adeundorum
2662 722 2875 790 gratia,
2935 737 3042 777 non
3088 732 3267 777 autem
3333 734 3389 778 ut
3439 738 3628 792 pinnas

368 809 421 859 οἱ
458 809 711 874 στέφανοι
750 806 1064 861 πλέκονται.

2051 807 2289 874 priorum
2334 810 2655 864 delictorum
2702 814 3109 881 persolvamus,
3165 816 3216 869 in
3268 815 3411 869 haue
3458 816 3619 869 vitam

371 902 619 973 producti
649 916 864 956 sumus.
895 901 1046 969 Quod
1084 902 1128 956 si
1162 901 1213 955 in
1245 900 1388 955 lucta
1418 915 1483 955 ac
1515 900 1814 955 certamine
1863 900 1968 954 isto
2003 914 2100 968 per
2137 902 2405 973 ignaviam
2477 912 2643 974 atque
2694 908 2999 963 socordiam
3069 909 3535 975 succubuerimus,
3574 915 3630 964 et
3688 964 3693 971 _

372 994 743 1048 remissionem
787 1009 850 1046 ac
884 996 1124 1063 requiem
1154 994 1583 1062 quaesiverimus.
1616 1002 1743 1046 tunc
1780 1006 1930 1059 sane,
1974 1001 2122 1056 tunc,
2179 994 2418 1063 inquam,
2442 996 2566 1064 jure
2609 998 2910 1067 meritoque
2990 1013 3313 1053 coronarum
3377 1009 3625 1067 expertes

370 1087 593 1140 erimus.
630 1085 830 1139 Verum
868 1088 1122 1155 quoniam
1154 1089 1227 1141 illi
1260 1090 1349 1156 qui
1388 1088 1576 1141 vitiosa
1607 1086 1946 1141 tradiderunt
1988 1087 2264 1157 dogmata,
2303 1099 2479 1143 tamen
2523 1092 2774 1145 virtutem
2820 1094 3071 1162 amplecti
3140 1110 3238 1149 nos
3314 1105 3628 1149 monuerunt

373 1183 535 1250 (bane
570 1181 712 1234 enim
741 1181 991 1234 arbitrati
1029 1192 1154 1235 sunt
1179 1184 1437 1250 optimam
1472 1182 1661 1235 ducem
1691 1181 1756 1232 ad
1805 1180 2034 1235 reditum
2092 1183 2145 1235 in
2187 1184 2418 1250 priorem
2488 1183 2767 1240 felicitatis
2862 1189 3085 1258 statum)
3129 1206 3142 1242 :
3215 1190 3451 1244 Ecclesia
3494 1203 3628 1257 quo-

370 1286 495 1340 que,
552 1270 847 1335 atlirmans,
898 1272 1144 1325 homines
1195 1274 1258 1326 ad
1314 1272 1512 1325 luctum
1564 1281 1617 1323 et
1661 1280 1932 1323 certamen
1985 1272 2264 1325 ordinatos
2298 1287 2442 1338 esse,
2485 1276 2551 1327 ad
2640 1277 2892 1329 virtutem
2931 1293 3024 1333 eos
3058 1278 3259 1333 excitat
3337 1290 3392 1332 et
3441 1280 3629 1334 horta-

373 1370 478 1415 tur.
514 1359 616 1414 l'er
655 1361 791 1414 hanc
818 1361 962 1414 enim
999 1375 1093 1415 eos
1126 1362 1217 1430 qui
1242 1362 1490 1424 vicerint,
1531 1362 1581 1413 in
1612 1361 1778 1414 caelos
1832 1362 2116 1429 praeconiis
2169 1372 2224 1416 et
2309 1364 2529 1419 coronis
2634 1377 2884 1421 ornatum
2943 1369 3007 1423 iri
3089 1370 3389 1439 pollicetur.
3448 1370 3625 1435 Quare
3736 1410 3745 1419 ,

370 1451 588 1505 omissis
623 1450 1063 1505 contentionibus
1111 1451 1177 1503 de
1226 1451 1387 1505 rebus
1451 1452 1629 1504 dubiis
1672 1460 1833 1519 atque
1903 1451 2149 1504 obscuris
2201 1451 2267 1505 ad
2351 1452 2405 1505 id
2478 1455 2618 1520 quod
2665 1456 2807 1522 apud
2895 1471 3086 1512 omnes
3142 1459 3195 1511 iu
3249 1459 3495 1512 confesso
3544 1470 3630 1513 est

372 1546 731 1615 nosmetipsos
755 1560 1163 1615 eongregemus.
1201 1544 1333 1609 Nam
1357 1556 1411 1600 et
1438 1547 1539 1615 ipsi
1571 1556 1625 1600 et
1655 1563 1753 1601 nos
1783 1546 1927 1600 omni
1970 1546 2166 1599 robore
2206 1548 2460 1600 virtutem
2505 1557 2759 1617 tauquam
2829 1565 2940 1605 rem
2982 1552 3214 1605 divinam
3289 1553 3626 1608 celebramus

370 1653 535 1710 atque
580 1640 905 1695 extollimus.
965 1638 1071 1695 Sed
1124 1642 1342 1695 interim
1399 1656 1516 1695 eam
1568 1658 1687 1711 qua:
1731 1644 1934 1711 absque
1977 1641 2345 1697 controversia
2388 1640 2456 1693 ab
2539 1654 2768 1712 utraque
2818 1653 2971 1713 parte
3042 1645 3093 1699 in
3127 1645 3483 1699 admiratione
3526 1646 3625 1698 ha.

374 1739 551 1803 betur,
600 1739 951 1808 negligentes,
994 1739 1060 1791 de
1102 1752 1160 1792 re
1207 1738 1440 1793 obscura
1487 1748 1543 1793 et
1589 1748 1934 1792 controversa
1977 1738 2118 1791 inter
2146 1752 2243 1791 nos
2309 1737 2689 1806 digladiainur.
2766 1739 2893 1794 Sive
2937 1740 3082 1794 enim
3111 1739 3260 1803 lapsa
3304 1746 3387 1794 est
3420 1739 3623 1810 (anima

375 1846 665 1905 antequam
702 1835 753 1888 in
779 1847 977 1903 corpus
1010 1834 1257 1903 veniret),
1291 1844 1350 1888 ut
1382 1834 1456 1887 illi
1520 1835 1824 1902 prohibent,
1892 1834 2090 1888 virtute
2131 1848 2265 1900 opus
2317 1842 2401 1886 est
2453 1832 2516 1885 ad
2588 1835 2965 1889 revertendum
3021 1836 3073 1889 in
3144 1837 3378 1906 priorem
3422 1845 3622 1891 statum

376 1926 535 1997 507
569 1928 684 1982 sive
714 1928 1027 1983 certaminis
1057 1942 1120 1983 ac
1158 1926 1315 1980 lucta:
1349 1941 1477 1996 ergo
1514 1927 1565 1979 in
1597 1927 1734 1980 hanc
1772 1927 1934 1978 vitam
1971 1925 2233 1993 producta
2264 1935 2372 1992 est,
2408 1934 2467 1980 ut
2534 1941 2633 1979 nos
2666 1926 2931 1995 ;dicimus,
2964 1942 3060 1997 per
3126 1930 3376 1983 virtutem
3407 1942 3622 1984 corona

376 2031 685 2076 nectuntur.

689 2130 847 2185 PEA'.
889 2162 959 2171 -
996 2131 1258 2202 ΙΩΑΝΝῌ
1291 2131 1611 2201 ΔΙΛΚΟΝῼ.
1982 2122 2024 2177 Β

1982 2122 2024 2177 Β
2354 2128 2584 2183 CLXIV.
2621 2161 2691 2170 —
2718 2130 2960 2186 JOANNI
3002 2131 3316 2189 DIACONO.

378 2227 484 2292 Εἰς
510 2224 598 2290 τὸ,
652 2242 672 2277 ι
730 2223 857 2277 Ὅτι
891 2223 1015 2288 τοῖς
1064 2223 1344 2295 ἀγγέλοις
1390 2225 1580 2278 αὑτοῦ
1622 2220 1943 2275 ἐντελεῖται

2046 2219 2115 2274 1η
2166 2220 2302 2274 illud
2352 2219 2584 2291 (Psalmi
2626 2225 2870 2295 dictum),
2908 2243 2926 2275 ‹
2961 2224 3222 2289 Quoniam
3268 2226 3467 2295 angelis
3507 2225 3618 2280 suis

966 2298 1101 2361 περὶ
1148 2293 1285 2346 σοῦ.
1327 2311 1345 2342 ι
2541 2310 2553 2345 ι

2541 2294 2814 2345 mandabit
2844 2295 2908 2347 de
2938 2305 2987 2346 te
3008 2295 3077 2346 ".
3110 2313 3128 2345 ι

447 2406 557 2472 Τὸ,
597 2422 616 2456 ι
659 2404 781 2465 Τοῖς
813 2403 1065 2471 ἀγγέλοις
1108 2401 1274 2455 αὑτοῦ
1322 2402 1613 2455 ἐντελεῖται
1647 2402 1773 2471 περὶ
1809 2400 1904 2454 σοῦ
1928 2415 1941 2429 ⁸

2119 2405 2330 2459 Dictum
2358 2403 2486 2458 illud
2514 2419 2527 2456 :
2560 2420 2579 2454 ι
2614 2403 2833 2472 Angelis
2864 2406 2979 2459 suis
3020 2405 3297 2459 maudabit
3332 2407 3398 2460 de
3431 2416 3483 2462 te
3514 2424 3528 2461 :
3562 2409 3614 2463 in

378 2496 473 2549 ἐπὶ
514 2494 713 2565 χειρῶν
763 2494 955 2565 ἀροῦσί
1010 2510 1110 2560 σε,
1153 2494 1226 2564 μή
1279 2510 1409 2546 ποτε
1462 2492 1778 2565 προσκόψῃς
1811 2492 1946 2562 πρὸς

2047 2496 2297 2550 manibus
2324 2496 2613 2563 portabunt
2650 2502 2720 2559 te,
2758 2509 2825 2549 ne
2852 2494 2989 2549 forte
3018 2494 3261 2551 offendas
3290 2499 3356 2551 ad
3384 2499 3613 2567 lapidem

378 2589 523 2642 λίθον
556 2587 650 2640 τὸν
689 2586 825 2639 πόδα
864 2603 957 2639 σου
979 2626 994 2652 ,
1037 2604 1055 2636 ι
1100 2586 1196 2639 καὶ
1242 2585 1370 2655 περλ¹
1407 2585 1598 2654 ἀνδρὸς
1624 2585 1832 2637 δικαίου
1867 2586 1947 2637 εί-

2048 2586 2235 2655 pedem
2266 2596 2440 2647 tuum,
2472 2603 2491 2635 ι
2524 2593 2579 2639 et
2601 2584 2667 2638 de
2694 2584 2812 2639 viro
2831 2583 2977 2652 justo
3006 2588 3227 2651 dictum,
3258 2598 3313 2641 et
3338 2602 3367 2640 a
3406 2589 3618 2643 diabolo

381 2677 637 2750 ρημένον,
673 2677 766 2729 καὶ
798 2675 981 2739 κακῶς
1010 2676 1087 2744 τῷ
1118 2674 1345 2744 διαϐόλῳ
1374 2673 1695 2744 νενοημένον
1734 2659 1802 2745 (ἢ
1838 2673 1945 2745 γὰρ

2044 2676 2189 2730 male
2230 2685 2507 2744 acceptum
2555 2689 2681 2730 esse
2728 2675 2844 2744 (aut
2889 2677 3034 2729 enim
3079 2676 3200 2731 data
3248 2692 3408 2746 opera
3449 2679 3617 2732 voluit

382 2766 852 2838 παραλογίσασθαι
931 2765 1207 2837 ἠϐουλήθη
1272 2763 1577 2834 νενοηκὼς,
1646 2764 1679 2835 ἢ
1763 2764 1947 2826 κακῶς

2047 2766 2235 2819 fallere
2260 2775 2423 2833 atque
2458 2766 2732 2834 decipere,
2780 2780 2901 2820 cum
2944 2766 3159 2835 quidem
3192 2769 3325 2821 satis
3355 2767 3618 2837 intellige-

381 2860 615 2932 ἐνόησε),
648 2859 956 2927 σαφέστατα
979 2858 1071 2911 καὶ
1100 2856 1485 2925 συντομώτατα
1515 2856 1738 2926 ἤλεγξεν
1763 2858 1790 2908 ὁ
1815 2858 1949 2926 Χρι-

2030 2854 2129 2911 ἰθι
2166 2857 2295 2925 quid
2343 2856 2445 2909 sibi
2494 2855 2654 2909 vellet
2687 2870 2700 2905 :
2732 2864 2826 2909 aut
2880 2857 3017 2910 male
3067 2857 3377 2926 intellexit),
3425 2857 3617 2913 claris-

383 2951 527 3018 στὸς,
568 2948 783 3019 φράσας
804 2964 819 2977 ·
874 2964 893 2997 ι
927 2946 1272 3017 Γέγραπται·
1305 2947 1419 2999 Οὐκ
1454 2946 1802 3015 ἐκπειράσεις
1832 2944 1947 2997 Κύ-

2050 2946 2188 3000 sime
2240 2944 2669 3012 brevissimeque
2716 2945 2892 3014 arguit
2938 2945 3207 3011 Christus,
3260 2962 3382 3000 cum
3436 2948 3612 3003 dixit:

384 3057 498 3112 ριον
541 3039 629 3092 τὸν
662 3038 793 3092 Θεόν
822 3054 937 3090 σου.
968 3035 1345 3089 Κινδυνεύοντι
1373 3036 1500 3106 γὰρ,
1537 3036 1636 3087 οὐκ
1684 3034 1946 3104 ἐκπειρά-

2056 3055 2075 3087 ι
2109 3034 2383 3102 Scriptum
2438 3044 2520 3090 est
2574 3053 2591 3091 :
2636 3034 2752 3089 Non
2820 3037 3054 3090 tentabis
3108 3038 3389 3091 Dominum
3450 3039 3615 3094 Deum

384 3129 527 3196 ζοντι
551 3129 679 3192 Θεὸς
709 3128 1073 3199 ἐπηγγείλατο
1096 3127 1193 3197 τὴν
1229 3125 1481 3197 βοήθειαν
1499 3142 1510 3154 ·
1544 3127 1600 3179 ἐν
1629 3126 1790 3195 χρείᾳ.
1818 3125 1948 3178 καθ-

2053 3136 2202 3182 tuum
2229 3126 2299 3189 ⁵³,
2334 3145 2352 3177 ι
2390 3125 2524 3179 Nam
2557 3127 2608 3179 iu
2641 3128 2940 3196 periculum
2988 3128 3240 3195 adducto,
3282 3143 3388 3182 non
3436 3143 3614 3183 autem

386 3222 603 3285 εστῶτι,
650 3220 748 3273 οὐκ
793 3219 1222 3287 ἐπιδεικνυμένῳ
1266 3217 1360 3269 καὶ⁹
1401 3218 1562 3285 κενὴν
1627 3216 1741 3286 (24)
1772 3216 1951 3288 θηρω-

2053 3219 2283 3274 teutanti
2344 3218 2483 3271 Deus
2526 3217 2789 3270 auxilium
2842 3231 2901 3270 se
2946 3216 3176 3270 laturqu
3228 3219 3510 3286 promisit;
3561 3221 3617 3273 iu

389 3313 539 3384 μένῳ
568 3312 741 3375 δόξαν.
772 3310 939 3364 Οὔπω
965 3309 1072 3379 γὰρ
1117 3308 1260 3376 λέγω
1294 3309 1431 3378 (‘25),
1460 3310 1520 3361 οὐ
1545 3308 1672 3380 περὶ
1702 3307 1857 3378 ἐμοῦ,
1886 3300 1948 3361 οὗ

2051 3310 2377 3365 necessitate
2405 3309 2721 3370 constituto,
2755 3322 2861 3362 non
2897 3318 3074 3361 autent
3119 3323 3177 3363 se
3202 3310 3519 3373 ostentanti,
3563 3319 3618 3365 et

387 3406 484 3459 καὶ
532 3404 749 3473 ἄγγελοι
801 3402 1128 3474 χρῄζουσιν
1164 3400 1300 3455 ἀλλὰ
1346 3400 1475 3472 περὶ
1522 3400 1729 3454 δικαίου
1758 3400 1949 3471 ἀνδρὸς

2053 3416 2242 3455 vanam
2294 3401 2515 3470 gloriam
2565 3402 2918 3456 consectanti.
2975 3398 3225 3455 Nondum
3278 3402 3422 3456 enim
3468 3403 3613 3467 dico,

389 3498 599 3568 εἴρηται
628 3495 703 3566 τῷ
728 3494 986 3565 Μελῳδῷ.
1973 3504 1976 3530 ε

2049 3491 2386 3547 Psalmorum
2436 3491 2760 3561 scriptorem
2812 3491 2942 3545 illud
2991 3492 3193 3547 dietum
3252 3506 3358 3546 non
3412 3492 3481 3545 de
3532 3506 3620 3547 me

390 3592 565 3659 (Cujus
600 3606 698 3661 ope
745 3600 799 3645 et
847 3590 1046 3644 auxilio
1086 3589 1187 3660 ipsi
1228 3602 1443 3660 quoque
1474 3588 1716 3660 indigent
1756 3589 1953 3660 angeli,
1996 3597 2204 3643 tantum
2270 3588 2425 3643 abest
2474 3596 2533 3641 ut
2576 3601 2678 3657 ego
2719 3586 2956 3655 ipsorum
2998 3586 3211 3655 indigus
3242 3587 3388 3655 sim),
3432 3588 3526 3643 sed
3554 3587 3621 3642 de

391 3682 507 3735 viro
532 3679 676 3748 justo
704 3681 1011 3749 protulisse.

597 3790 757 3847 PEE'.
782 3821 851 3832 -
873 3794 1103 3847 IEPAKI
1134 3791 1580 3861 ΠΡΕΣΒΥΤΕΡῼ
1601 3790 1737 3860 (eo).

2280 3789 2488 3846 CLXV.
2522 3819 2592 3829 —
2615 3788 2886 3843 lllERACl
2925 3786 3398 3844 PRESBYTERO.

386 3886 431 3938 Ε
438 3886 490 3952 ις
515 3885 603 3951 τὸ,
653 3904 671 3938 ι
704 3887 784 3940 Οὐ
808 3884 1030 3951 πάντες
1051 3886 1311 3955 χωροῦσι
1331 3885 1440 3939 τὸν
1461 3883 1646 3953 λόγον
1664 3881 1898 3937 τοῦτον.
1931 3899 1950 3933 ι

2056 3880 2123 3935 In
2150 3881 2284 3934 illud
2311 3880 2531 3934 (Christi
2553 3881 2806 3947 dictum):
2847 3898 2865 3929 ι
2895 3879 3014 3931 Νοη
3042 3895 3218 3933 omnes
3248 3880 3459 3949 capiunt
3484 3878 3619 3934 hunc

2615 3964 2903 4002 sermonem
2931 3948 2998 4000 “.
3035 3965 3055 3998 ι

462 4062 537 4113 To
589 4062 718 4132 περὶ
760 4060 1057 4132 παρθενίας
1085 4058 1277 4129 ρηθέψ
1314 4075 1335 4109 ι
1372 4056 1679 4124 Οὑδπάντες
1719 4050 1954 4124 χωροῦσι

2126 4062 2277 4127 Quod
2320 4063 2387 4115 de
2432 4061 2742 4132 virginitate
2790 4061 2989 4114 dictum
3023 4078 3038 4114 :
3072 4077 3091 4112 ι
3121 4058 3241 4114 Non
3296 4075 3485 4116 omnes
3524 4075 3620 4117 ca-

388 4154 482 4207 τὸν
531 4153 689 4221 λόγον
720 4151 929 4217 τοῦτον,
963 4150 1077 4204 ἀλλ’
1123 4145 1204 4212 οἷς
1248 4149 1489 4202 δέδοται·
1531 4165 1551 4198 ›
1588 4146 1824 4217 εἴρηται,
1859 4143 1956 4211 οὐχ

2056 4152 2211 4221 piunt
2244 4167 2544 4206 sermonem
2581 4153 2745 4215 hunc,
2796 4152 2889 4205 sed
2918 4152 3112 4219 quibus
3147 4152 3328 4205 datum
3359 4161 3477 4207 est:
3512 4170 3531 4205 ι
3568 4154 3621 4208 id

393 4249 477 4300 ὅτι
525 4244 666 4298 κατὰ
702 4242 1080 4313 ἁποκλήρωσίν
1108 4241 1228 4294 τινά
1252 4257 1391 4293 τισιν
1428 4238 1580 4309 ἐδόθη
1627 4238 1725 4308 (οὐ
1755 4235 1861 4305 γὰρ
1892 4234 1957 4287 ἂν

2135 4256 2161 4292 ιι
2209 4250 2291 4293 est
2331 4254 2396 4294 eo
2443 4254 2603 4294 sensu
2651 4240 2874 4302 dictum,
2922 4238 3075 4307 quasi
3118 4238 3437 4306 quibusdam
3476 4248 3623 4294 sorte

394 4338 578 4398 αὐτοῖς
610 4335 709 4405 τὴν
755 4331 1029 4403 βασιλείαν
1054 4332 1165 4385 τῶν
1192 4331 1431 4401 οὐρανῶν
1466 4328 1696 4382 ἔπαθλον
1737 4325 1957 4397 προύτί-

2065 4331 2294 4399 quadam
2326 4346 2522 4385 arcana
2554 4331 2811 4384 tributum
2851 4331 2921 4384 sit
2954 4332 3098 4400 (nam
3137 4331 3179 4384 si
3213 4330 3284 4383 ita
3315 4339 3476 4393 esset,
3510 4345 3619 4384 non

392 4425 519 4494 θει),
554 4425 671 4479 ἀλλ’
723 4424 812 4478 ἶνα
848 4422 1015 4494 δείξῃ,
1066 4422 1278 4493 πρῶτον
1314 4422 1411 4491 μὲν
1460 4420 1557 4488 τῆς
1606 4416 1752 4479 θείας
1785 4418 1958 4486 ῥοπῆς

2056 4421 2425 4489 proposuisset
2450 4423 2581 4489 ipsis
2616 4422 2891 4489 praemium
2920 4436 3140 4489 regnum
3176 4421 3458 4488 cwlorum)
3485 4439 3498 4474 :
3528 4421 3621 4475 sed

393 4518 697 4589 χρῄζοντας
747 4515 871 4576 τοὺς
922 4514 1058 4584 πρὸς
1106 4512 1289 4566 τοῦτον
1345 4511 1786 4579 ἀγωνισαμένους
1842 4506 1954 4577 (27)

2056 4520 2114 4563 ιιι
2151 4511 2421 4576 ostendat,
2462 4513 2693 4580 primum
2740 4513 2955 4581 quidem
3002 4513 3185 4567 divino
3231 4513 3430 4565 auxilio
3482 4512 3622 4565 indic

396 4609 487 4660 τὸν
511 4607 696 4675 ἀγῶνα
738 4605 829 4659 τὸν
859 4604 1117 4675 ὑπερφυῆ
1138 4620 1151 4634 °
1176 4601 1347 4656 ἔπειθ’
1376 4604 1458 4655 ὅτι
1491 4600 1781 4670 οὐρανόθεν
1814 4598 1954 4666 αὕτη

2057 4614 2184 4669 gere
2226 4615 2342 4664 eos,
2389 4601 2479 4669 qui
2528 4601 2669 4655 istud
2722 4612 2912 4657 natura
2950 4601 3304 4656 excellentius
3347 4609 3620 4655 certamen

398 4696 639 4751 κάτεισιν
680 4699 716 4768 ἠ
769 4695 1068 4768 συμϐουλὴ,
1120 4695 1180 4748 οὐ
1236 4694 1381 4763 νόμῳ
1424 4690 1789 4755 θεσπίζουσα,
1821 4689 1954 4742 ἀλλὰ

2061 4701 2454 4761 susceperunt;
2493 4692 2708 4760 deinde,
2752 4694 2893 4763 quod
2940 4692 3152 4748 caelitus
3202 4692 3304 4747 hoc
3337 4690 3621 4747 consilium

471 4876 515 4908 “
544 4874 675 4931 Gen.
714 4892 752 4941 ι,
783 4874 873 4929 28.
949 4874 993 4906 ”
1025 4872 1170 4930 Psal.
1202 4869 1410 4940 10,3“.
1486 4871 1534 4903 ⁸³
1573 4869 1763 4924 Matth.
1796 4883 1871 4933 tv,
1902 4867 1953 4921 6.
2028 4868 2058 4900 "

975 4877 993 4906 ³
1025 4872 1170 4930 Psal.
1202 4869 1410 4940 10,3“.
1486 4871 1534 4903 ⁸³
1573 4869 1763 4924 Matth.
1796 4883 1871 4933 tv,
1902 4867 1953 4921 6.
2028 4868 2074 4900 "
2110 4866 2299 4923 Matth.
2332 4884 2446 4935 xu,
2476 4871 2560 4924 ll.

1527 5022 1758 5079 VARUE
1793 5021 2173 5078 LECTIONES
2210 5024 2298 5078 ET
2338 5023 2569 5079 NOTAﬂ.

404 5190 613 5257 inserit,
642 5189 787 5251 τίνος
808 5188 990 5240 ἕνεκεν
1018 5186 1189 5257 αὐτὴν
1230 5184 1330 5237 οὐκ
1369 5180 1747 5257 ἀσπαζόμεθαἒ
1798 5179 1947 5257 Vers.

683 5189 787 5251 ίνος
808 5188 990 5240 ἕνεκεν
1018 5186 1189 5257 αὐτὴν
1230 5184 1330 5237 οὐκ
1369 5180 1747 5257 ἀσπαζόμεθαἒ
1798 5179 1947 5257 Vers.
2063 5179 2270 5257 PosftnN.

401 5276 517 5327 seq.
545 5247 692 5328 παρὰ
720 5247 966 5328 mutatio
991 5247 1205 5328 raptet
1230 5268 1349 5328 mox
1383 5247 1701 5328 πράγματος
1731 5251 1953 5312 ἑαυτοὺς

2107 5248 2387 5328 ¹(Ξϐλῐδτο
2430 5247 2787 5317 Πρεσευτέρῳ
2826 5250 2943 5302 cod.
2993 5248 3166 5301 Vatic.
3211 5249 3337 5314 650,
3379 5250 3626 5319 λαμπρο-

402 5317 547 5383 reete
581 5317 773 5396 scribit
801 5317 1358 5396 πράγματα-ἑαυτοῖς..
1387 5317 1596 5374 Possm.
1694 5387 1706 5396 _
1917 5388 1929 5396 _

1694 5387 1706 5396 .
1917 5388 1929 5396 .
2058 5317 2326 5396 τέρειωρτ
2475 5388 2486 5396 .
2767 5388 2776 5396 .

473 5398 582 5469 (24)
743 5386 1181 5469 Ριιῄε.,’καινῄν.
1207 5391 1509 5445 Lectionem
1559 5387 1801 5456 sequitur
1830 5388 1952 5443 eod.

2126 5386 2415 5469 (27)“ldem
2464 5388 2904 5456 ἀγωνισαμένους
2953 5392 3124 5469 mutat
3161 5386 3628 5469 irydgoﬁucapéf

401 5453 577 5521 Va‘tie:
608 5466 711 5520 650
735 5474 788 5518 et
822 5453 1083 5516 Bavarici.
1110 5453 1268 5514 Εοιτ.
1635 5453 1654 5456 “

2059 5453 2390 5519 νουςζνοτε.
2432 5453 2683 5524 antepen.
2716 5453 2804 5518 ep.
2841 5473 2936 5524 pro
2970 5454 3125 5522 ἐδόθη
3160 5453 3287 5522 legit
3316 5453 3543 5516 δέδοται,
3574 5466 3628 5508 et

475 5537 586 5607 (25)
616 5535 745 5607 Post
771 5532 911 5600 λέγω
934 5531 1079 5607 addit
1108 5531 1210 5592 ὅτι,
1235 5536 1433 5607 etraute
1462 5526 1867 5607 ﬁTIsXOL‘pouitn
1882 5528 1953 5607 oi.

2064 5541 2204 5607 mox,
2224 5527 2365 5607 inter;
2393 5526 2555 5594 γέρας
2585 5536 2635 5581 et
2665 5527 2724 5579 οὐ
2754 5530 2865 5582 hmo
2892 5527 3100 5586 inserit,
3127 5524 3174 5575 εί
3202 5525 3258 5577 δὲ
3289 5525 3348 5578 οὑ
3374 5524 3626 5592 περιττὸν

405 5593 527 5661 Post
568 5593 854 5659 'ultimum'
885 5600 1105 5656 verbum
1167 5597 1404 5666 epistolae
1454 5593 1599 5651 addit
1649 5593 1725 5648 τό
1770 5596 1952 5665 ῥηθέν.

843 5593 1105 5656 ’νειιιιιιιι
1167 5597 1404 5666 epistolae
1454 5593 1599 5651 addit
1649 5593 1725 5648 τό
1770 5596 1952 5665 ῥηθέν.
2062 5595 2119 5646 τὸ
2146 5593 2320 5662 γένος.
2351 5593 2424 5646 ιο.
