  <div class='ocr_page' id='page_1' title='image "/cluster/home/n/w/nwhite01/storage/ocr_20150623/78/mdp.39015010334699/635.png"; bbox 0 0 4020 6140; ppageno 0'>
   <div class='ocr_carea' id='block_1_1' title="bbox 493 246 3731 345">
    <p class='ocr_par' dir='ltr' id='par_1_1' title="bbox 493 246 3731 345">
     <span class='ocr_line' id='line_1_1' title="bbox 493 246 3731 345; baseline -0.011 0"><span class='ocrx_word' id='word_1_1' title='bbox 493 280 632 345; x_wconf 71' lang='lat'><strong>1255</strong></span> <span class='ocrx_word' id='word_1_2' title='bbox 1683 266 1745 325; x_wconf 91' lang='lat' dir='ltr'><strong>S.</strong></span> <span class='ocrx_word' id='word_1_3' title='bbox 1785 260 2081 324; x_wconf 82' lang='lat' dir='ltr'><strong>ISIDORI</strong></span> <span class='ocrx_word' id='word_1_4' title='bbox 2116 256 2554 322; x_wconf 71' lang='lat' dir='ltr'><strong>PELUSIOTlE</strong></span> <span class='ocrx_word' id='word_1_5' title='bbox 3598 246 3731 313; x_wconf 80' lang='lat'><strong>1256</strong></span> 
     </span>
    </p>
   </div>
   <div class='ocr_carea' id='block_1_2' title="bbox 490 358 2107 456">
    <p class='ocr_par' dir='ltr' id='par_1_2' title="bbox 490 376 2107 456">
     <span class='ocr_line' id='line_1_2' title="bbox 490 376 2107 456; baseline -0.014 -6"><span class='ocrx_word' id='word_1_6' title='bbox 490 392 819 456; x_wconf 68' lang='lat' dir='ltr'><strong>descendat,</strong></span> <span class='ocrx_word' id='word_1_7' title='bbox 874 402 980 442; x_wconf 91' lang='lat' dir='ltr'><strong>non</strong></span> <span class='ocrx_word' id='word_1_8' title='bbox 1042 383 1160 453; x_wconf 90' lang='lat' dir='ltr'><strong>lege</strong></span> <span class='ocrx_word' id='word_1_9' title='bbox 1214 379 1505 443; x_wconf 70' lang='lat' dir='ltr'><strong>sanciens,</strong></span> <span class='ocrx_word' id='word_1_10' title='bbox 1554 377 1647 431; x_wconf 90' lang='lat' dir='ltr'><strong>sed</strong></span> <span class='ocrx_word' id='word_1_11' title='bbox 1703 376 1954 428; x_wconf 78' lang='lat' dir='ltr'><strong>suasione</strong></span> <span class='ocrx_word' id='word_1_12' title='bbox 2009 382 2107 434; x_wconf 51' lang='lat' dir='ltr'><strong>et)</strong></span> 
     </span>
    </p>
   </div>
   <div class='ocr_carea' id='block_1_3' title="bbox 2212 358 3733 456">
    <p class='ocr_par' dir='ltr' id='par_1_3' title="bbox 2212 358 3733 442">
     <span class='ocr_line' id='line_1_3' title="bbox 2212 358 3733 442; baseline -0.01 -17"><span class='ocrx_word' id='word_1_13' title='bbox 2212 370 2482 442; x_wconf 87' lang='grc' dir='ltr'>αραινέσει</span> <span class='ocrx_word' id='word_1_14' title='bbox 2511 361 2795 437; x_wconf 85' lang='grc' dir='ltr'>χρωμένη.</span> <span class='ocrx_word' id='word_1_15' title='bbox 2826 360 3041 433; x_wconf 83' lang='grc' dir='ltr'>τρίτον,</span> <span class='ocrx_word' id='word_1_16' title='bbox 3070 358 3153 415; x_wconf 83' lang='grc' dir='ltr'>ὅτι</span> <span class='ocrx_word' id='word_1_17' title='bbox 3182 359 3389 413; x_wconf 82' lang='grc' dir='ltr'>δέδοται</span> <span class='ocrx_word' id='word_1_18' title='bbox 3418 360 3529 422; x_wconf 87' lang='grc' dir='ltr'>τοῖς</span> <span class='ocrx_word' id='word_1_19' title='bbox 3556 361 3733 430; x_wconf 82' lang='grc' dir='ltr'>κρείτ-</span> 
     </span>
    </p>
   </div>
   <div class='ocr_carea' id='block_1_4' title="bbox 492 450 2107 540">
    <p class='ocr_par' dir='ltr' id='par_1_4' title="bbox 492 450 2065 540">
     <span class='ocr_line' id='line_1_4' title="bbox 492 450 2065 540; baseline -0.015 -1"><span class='ocrx_word' id='word_1_20' title='bbox 492 450 872 539; x_wconf 74' lang='lat' dir='ltr'><strong>exhortatione</strong></span> <span class='ocrx_word' id='word_1_21' title='bbox 912 450 1120 540; x_wconf 45' lang='lat' dir='ltr'><strong>utens;</strong></span> <span class='ocrx_word' id='word_1_22' title='bbox 1137 473 1314 536; x_wconf 91' lang='lat' dir='ltr'><strong>tertio,</strong></span> <span class='ocrx_word' id='word_1_23' title='bbox 1357 470 1501 539; x_wconf 86' lang='lat' dir='ltr'><strong>quod</strong></span> <span class='ocrx_word' id='word_1_24' title='bbox 1534 470 1692 521; x_wconf 92' lang='lat' dir='ltr'><strong>detur</strong></span> <span class='ocrx_word' id='word_1_25' title='bbox 1718 466 1854 537; x_wconf 64' lang='lat' dir='ltr'><strong>(hazc</strong></span> <span class='ocrx_word' id='word_1_26' title='bbox 1888 462 2065 518; x_wconf 84' lang='lat' dir='ltr'><strong>facul-</strong></span> 
     </span>
    </p>
   </div>
   <div class='ocr_carea' id='block_1_5' title="bbox 2212 450 3730 540">
    <p class='ocr_par' dir='ltr' id='par_1_5' title="bbox 2212 450 3730 531">
     <span class='ocr_line' id='line_1_5' title="bbox 2212 450 3730 531; baseline -0.009 -15"><span class='ocrx_word' id='word_1_27' title='bbox 2212 480 2317 516; x_wconf 77' lang='grc' dir='ltr'>&gt;σιν</span> <span class='ocrx_word' id='word_1_28' title='bbox 2337 458 2627 531; x_wconf 80' lang='grc' dir='ltr'><strong>ἀκρασίας,</strong></span> <span class='ocrx_word' id='word_1_29' title='bbox 2650 460 2761 518; x_wconf 90' lang='grc' dir='ltr'>τοῖς</span> <span class='ocrx_word' id='word_1_30' title='bbox 2786 454 2882 524; x_wconf 82' lang='grc' dir='ltr'>τὴν</span> <span class='ocrx_word' id='word_1_31' title='bbox 2908 452 3113 507; x_wconf 77' lang='grc' dir='ltr'>ἄνωθεν</span> <span class='ocrx_word' id='word_1_32' title='bbox 3138 450 3365 505; x_wconf 75' lang='grc' dir='ltr'>καλοῦσι</span> <span class='ocrx_word' id='word_1_33' title='bbox 3397 451 3730 521; x_wconf 74' lang='grc' dir='ltr'><strong>συμμαχίαν,</strong></span> 
     </span>
    </p>
   </div>
   <div class='ocr_carea' id='block_1_6' title="bbox 494 542 2107 640">
    <p class='ocr_par' dir='ltr' id='par_1_6' title="bbox 494 554 2063 640">
     <span class='ocr_line' id='line_1_6' title="bbox 494 554 2063 640; baseline -0.013 -13"><span class='ocrx_word' id='word_1_34' title='bbox 494 584 578 627; x_wconf 84' lang='lat' dir='ltr'><strong>tas</strong></span> <span class='ocrx_word' id='word_1_35' title='bbox 624 570 985 640; x_wconf 85' lang='lat' dir='ltr'><strong>virginitatem</strong></span> <span class='ocrx_word' id='word_1_36' title='bbox 1039 562 1277 630; x_wconf 87' lang='lat' dir='ltr'><strong>colendi)</strong></span> <span class='ocrx_word' id='word_1_37' title='bbox 1335 562 1442 619; x_wconf 87' lang='lat' dir='ltr'><strong>iis,</strong></span> <span class='ocrx_word' id='word_1_38' title='bbox 1495 558 1583 627; x_wconf 89' lang='lat' dir='ltr'><strong>qui</strong></span> <span class='ocrx_word' id='word_1_39' title='bbox 1647 554 2063 623; x_wconf 71' lang='lat' dir='ltr'><strong>intemperantia</strong></span> 
     </span>
    </p>
   </div>
   <div class='ocr_carea' id='block_1_7' title="bbox 2212 542 3737 640">
    <p class='ocr_par' dir='ltr' id='par_1_7' title="bbox 2212 542 3737 623">
     <span class='ocr_line' id='line_1_7' title="bbox 2212 542 3737 623; baseline -0.01 -16"><span class='ocrx_word' id='word_1_40' title='bbox 2212 555 2267 607; x_wconf 71' lang='lat' dir='ltr'><strong>ai</strong></span> <span class='ocrx_word' id='word_1_41' title='bbox 2298 551 2573 623; x_wconf 77' lang='grc' dir='ltr'><strong>νηστείαις</strong></span> <span class='ocrx_word' id='word_1_42' title='bbox 2604 550 2698 601; x_wconf 69' lang='grc' dir='ltr'>καὶ</span> <span class='ocrx_word' id='word_1_43' title='bbox 2722 546 3049 617; x_wconf 79' lang='grc' dir='ltr'><strong>ἀγρυπνίαις</strong></span> <span class='ocrx_word' id='word_1_44' title='bbox 3098 544 3426 613; x_wconf 73' lang='grc' dir='ltr'><strong>φυλάττουσι</strong></span> <span class='ocrx_word' id='word_1_45' title='bbox 3456 542 3515 596; x_wconf 75' lang='grc' dir='ltr'>τὸ</span> <span class='ocrx_word' id='word_1_46' title='bbox 3546 548 3737 612; x_wconf 65' lang='grc' dir='ltr'>κειμη-</span> 
     </span>
    </p>
   </div>
   <div class='ocr_carea' id='block_1_8' title="bbox 493 632 2107 735">
    <p class='ocr_par' dir='ltr' id='par_1_8' title="bbox 493 632 2061 735">
     <span class='ocr_line' id='line_1_8' title="bbox 493 632 2061 735; baseline -0.013 -16"><span class='ocrx_word' id='word_1_47' title='bbox 493 632 801 735; x_wconf 69' lang='lat' dir='ltr'><strong>superiores</strong></span> <span class='ocrx_word' id='word_1_48' title='bbox 830 657 1158 717; x_wconf 79' lang='lat' dir='ltr'><strong>exstiterint,</strong></span> <span class='ocrx_word' id='word_1_49' title='bbox 1188 654 1278 723; x_wconf 90' lang='lat' dir='ltr'><strong>qui</strong></span> <span class='ocrx_word' id='word_1_50' title='bbox 1312 650 1767 719; x_wconf 85' lang='lat' dir='ltr'><strong>desuperveniens</strong></span> <span class='ocrx_word' id='word_1_51' title='bbox 1802 645 2061 699; x_wconf 74' lang='lat' dir='ltr'><strong>auxilium</strong></span> 
     </span>
    </p>
   </div>
   <div class='ocr_carea' id='block_1_9' title="bbox 2212 632 3736 735">
    <p class='ocr_par' dir='ltr' id='par_1_9' title="bbox 2212 632 3736 711">
     <span class='ocr_line' id='line_1_9' title="bbox 2212 632 3736 711; baseline -0.01 -13"><span class='ocrx_word' id='word_1_52' title='bbox 2212 664 2305 709; x_wconf 89' lang='grc' dir='ltr'>ιον,</span> <span class='ocrx_word' id='word_1_53' title='bbox 2355 644 2447 696; x_wconf 72' lang='grc' dir='ltr'>καὶ</span> <span class='ocrx_word' id='word_1_54' title='bbox 2484 641 2557 711; x_wconf 80' lang='grc' dir='ltr'>μὴ</span> <span class='ocrx_word' id='word_1_55' title='bbox 2591 640 2817 701; x_wconf 76' lang='grc' dir='ltr'>ἑαυτοὺς</span> <span class='ocrx_word' id='word_1_56' title='bbox 2844 636 2923 707; x_wconf 83' lang='grc' dir='ltr'>τῷ</span> <span class='ocrx_word' id='word_1_57' title='bbox 2952 635 3125 706; x_wconf 86' lang='grc' dir='ltr'>θηρίῳ</span> <span class='ocrx_word' id='word_1_58' title='bbox 3174 634 3285 703; x_wconf 70' lang='lat'><strong>(28)</strong></span> <span class='ocrx_word' id='word_1_59' title='bbox 3331 633 3419 686; x_wconf 80' lang='grc' dir='ltr'><strong>διὰ</strong></span> <span class='ocrx_word' id='word_1_60' title='bbox 3472 632 3736 702; x_wconf 75' lang='grc' dir='ltr'><strong>ῥᾳθυμίας</strong></span> 
     </span>
    </p>
   </div>
   <div class='ocr_carea' id='block_1_10' title="bbox 495 722 2107 825">
    <p class='ocr_par' dir='ltr' id='par_1_10' title="bbox 495 722 2069 825">
     <span class='ocr_line' id='line_1_10' title="bbox 495 722 2069 825; baseline -0.012 -14"><span class='ocrx_word' id='word_1_61' title='bbox 495 722 861 825; x_wconf 54' lang='lat' dir='ltr'><strong>itn-plorarint,</strong></span> <span class='ocrx_word' id='word_1_62' title='bbox 907 750 997 816; x_wconf 89' lang='lat' dir='ltr'><strong>qui</strong></span> <span class='ocrx_word' id='word_1_63' title='bbox 1049 722 1340 817; x_wconf 85' lang='lat' dir='ltr'><strong>pretiosum</strong></span> <span class='ocrx_word' id='word_1_64' title='bbox 1382 745 1527 798; x_wconf 91' lang='lat' dir='ltr'><strong>illum</strong></span> <span class='ocrx_word' id='word_1_65' title='bbox 1581 744 1889 797; x_wconf 84' lang='lat' dir='ltr'><strong>thesaurum</strong></span> <span class='ocrx_word' id='word_1_66' title='bbox 1931 738 2069 807; x_wconf 79' lang='lat' dir='ltr'><strong>jeju-</strong></span> 
     </span>
    </p>
   </div>
   <div class='ocr_carea' id='block_1_11' title="bbox 2212 722 3730 825">
    <p class='ocr_par' dir='ltr' id='par_1_11' title="bbox 2212 722 3730 805">
     <span class='ocr_line' id='line_1_11' title="bbox 2212 722 3730 805; baseline -0.012 -16"><span class='ocrx_word' id='word_1_67' title='bbox 2212 738 2263 789; x_wconf 73' lang='lat' dir='ltr'><strong>al.</strong></span> <span class='ocrx_word' id='word_1_68' title='bbox 2290 735 2499 805; x_wconf 81' lang='grc' dir='ltr'>τρυφῆς</span> <span class='ocrx_word' id='word_1_69' title='bbox 2544 727 2920 800; x_wconf 75' lang='grc' dir='ltr'><strong>προϊεμένους.</strong></span> <span class='ocrx_word' id='word_1_70' title='bbox 2956 727 3017 778; x_wconf 74' lang='lat' dir='ltr'><strong>Et</strong></span> <span class='ocrx_word' id='word_1_71' title='bbox 3052 725 3150 794; x_wconf 85' lang='grc' dir='ltr'>μὲν</span> <span class='ocrx_word' id='word_1_72' title='bbox 3178 724 3287 794; x_wconf 83' lang='grc' dir='ltr'><strong>γάρ</strong></span> <span class='ocrx_word' id='word_1_73' title='bbox 3320 723 3462 776; x_wconf 76' lang='grc' dir='ltr'>κατὰ</span> <span class='ocrx_word' id='word_1_74' title='bbox 3490 722 3730 791; x_wconf 82' lang='grc' dir='ltr'>ἀποκλή-</span> 
     </span>
    </p>
   </div>
   <div class='ocr_carea' id='block_1_12' title="bbox 498 812 2107 912">
    <p class='ocr_par' dir='ltr' id='par_1_12' title="bbox 498 830 2069 912">
     <span class='ocr_line' id='line_1_12' title="bbox 498 830 2069 912; baseline -0.011 -12"><span class='ocrx_word' id='word_1_75' title='bbox 498 848 603 900; x_wconf 89' lang='lat' dir='ltr'><strong>niis</strong></span> <span class='ocrx_word' id='word_1_76' title='bbox 633 855 793 912; x_wconf 90' lang='lat' dir='ltr'><strong>atque</strong></span> <span class='ocrx_word' id='word_1_77' title='bbox 818 841 1018 908; x_wconf 77' lang='lat' dir='ltr'><strong>vigiliis</strong></span> <span class='ocrx_word' id='word_1_78' title='bbox 1040 838 1437 900; x_wconf 74' lang='lat' dir='ltr'><strong>conserVarint,</strong></span> <span class='ocrx_word' id='word_1_79' title='bbox 1471 851 1568 888; x_wconf 88' lang='lat' dir='ltr'><strong>nec</strong></span> <span class='ocrx_word' id='word_1_80' title='bbox 1594 835 1916 900; x_wconf 86' lang='lat' dir='ltr'><strong>semetipsos</strong></span> <span class='ocrx_word' id='word_1_81' title='bbox 1943 830 2069 885; x_wconf 75' lang='lat' dir='ltr'><strong>lene</strong></span> 
     </span>
    </p>
   </div>
   <div class='ocr_carea' id='block_1_13' title="bbox 2212 812 3740 912">
    <p class='ocr_par' dir='ltr' id='par_1_13' title="bbox 2212 812 3740 887">
     <span class='ocr_line' id='line_1_13' title="bbox 2212 812 3740 887; baseline -0.01 -11"><span class='ocrx_word' id='word_1_82' title='bbox 2212 840 2340 876; x_wconf 91' lang='grc' dir='ltr'>ωσιν</span> <span class='ocrx_word' id='word_1_83' title='bbox 2382 820 2563 887; x_wconf 79' lang='grc' dir='ltr'>ἐδόθη,</span> <span class='ocrx_word' id='word_1_84' title='bbox 2606 816 2859 886; x_wconf 82' lang='grc' dir='ltr'>περιττὸν</span> <span class='ocrx_word' id='word_1_85' title='bbox 2908 817 2968 869; x_wconf 84' lang='grc' dir='ltr'>τὸ</span> <span class='ocrx_word' id='word_1_86' title='bbox 3017 814 3207 885; x_wconf 83' lang='grc' dir='ltr'>γέρας.</span> <span class='ocrx_word' id='word_1_87' title='bbox 3265 813 3339 866; x_wconf 83' lang='grc' dir='ltr'><strong>Οὐ</strong></span> <span class='ocrx_word' id='word_1_88' title='bbox 3392 813 3533 864; x_wconf 72' lang='grc' dir='ltr'>κατὰ</span> <span class='ocrx_word' id='word_1_89' title='bbox 3588 812 3740 880; x_wconf 85' lang='grc' dir='ltr'>χάριν</span> 
     </span>
    </p>
   </div>
   <div class='ocr_carea' id='block_1_14' title="bbox 408 903 2107 1002">
    <p class='ocr_par' dir='ltr' id='par_1_14' title="bbox 408 903 2069 1002">
     <span class='ocr_line' id='line_1_14' title="bbox 408 903 2069 1002; baseline -0.012 -11"><span class='ocrx_word' id='word_1_90' title='bbox 408 985 424 999; x_wconf 87' lang='grc'><strong>,</strong></span> <span class='ocrx_word' id='word_1_91' title='bbox 496 903 819 1002; x_wconf 50' lang='lat' dir='ltr'><strong>belline-per</strong></span> <span class='ocrx_word' id='word_1_92' title='bbox 856 903 1120 1000; x_wconf 79' lang='lat' dir='ltr'><strong>ignaviam</strong></span> <span class='ocrx_word' id='word_1_93' title='bbox 1157 936 1213 980; x_wconf 91' lang='lat' dir='ltr'><strong>et</strong></span> <span class='ocrx_word' id='word_1_94' title='bbox 1261 926 1481 979; x_wconf 65' lang='lat' dir='ltr'><strong>delicias</strong></span> <span class='ocrx_word' id='word_1_95' title='bbox 1524 923 1878 994; x_wconf 88' lang='lat' dir='ltr'><strong>prodiderint.</strong></span> <span class='ocrx_word' id='word_1_96' title='bbox 1934 921 2069 975; x_wconf 80' lang='lat' dir='ltr'><strong>Nam</strong></span> 
     </span>
    </p>
   </div>
   <div class='ocr_carea' id='block_1_15' title="bbox 2212 903 3744 1002">
    <p class='ocr_par' dir='ltr' id='par_1_15' title="bbox 2212 903 3744 984">
     <span class='ocr_line' id='line_1_15' title="bbox 2212 903 3744 984; baseline -0.008 -17"><span class='ocrx_word' id='word_1_97' title='bbox 2212 913 2352 984; x_wconf 74' lang='grc' dir='ltr'>Βόθη,</span> <span class='ocrx_word' id='word_1_98' title='bbox 2401 910 2535 965; x_wconf 77' lang='grc' dir='ltr'>ἀλλὰ</span> <span class='ocrx_word' id='word_1_99' title='bbox 2583 908 2790 961; x_wconf 82' lang='grc' dir='ltr'>δέδοται</span> <span class='ocrx_word' id='word_1_100' title='bbox 2820 910 2931 969; x_wconf 89' lang='grc' dir='ltr'>τοῖς</span> <span class='ocrx_word' id='word_1_101' title='bbox 2979 907 3165 959; x_wconf 78' lang='grc' dir='ltr'>λαϐεῖν</span> <span class='ocrx_word' id='word_1_102' title='bbox 3195 905 3437 958; x_wconf 74' lang='grc' dir='ltr'>ἐθέλουσι</span> <span class='ocrx_word' id='word_1_103' title='bbox 3463 904 3597 975; x_wconf 69' lang='grc'>(29).</span> <span class='ocrx_word' id='word_1_104' title='bbox 3626 903 3744 965; x_wconf 87' lang='grc' dir='ltr'>Τοῖς</span> 
     </span>
    </p>
   </div>
   <div class='ocr_carea' id='block_1_16' title="bbox 498 994 2107 1083">
    <p class='ocr_par' dir='ltr' id='par_1_16' title="bbox 498 1016 2074 1083">
     <span class='ocr_line' id='line_1_16' title="bbox 498 1016 2074 1083; baseline -0.011 -2"><span class='ocrx_word' id='word_1_105' title='bbox 498 1028 544 1081; x_wconf 87' lang='lat' dir='ltr'><strong>si</strong></span> <span class='ocrx_word' id='word_1_106' title='bbox 582 1027 879 1080; x_wconf 88' lang='lat' dir='ltr'><strong>secundum</strong></span> <span class='ocrx_word' id='word_1_107' title='bbox 910 1020 1252 1076; x_wconf 88' lang='lat' dir='ltr'><strong>sortitionem</strong></span> <span class='ocrx_word' id='word_1_108' title='bbox 1297 1018 1582 1083; x_wconf 84' lang='lat' dir='ltr'><strong>quamdam</strong></span> <span class='ocrx_word' id='word_1_109' title='bbox 1616 1016 1855 1078; x_wconf 91' lang='lat' dir='ltr'><strong>daretur,</strong></span> <span class='ocrx_word' id='word_1_110' title='bbox 1882 1025 2074 1079; x_wconf 88' lang='lat' dir='ltr'><strong>super-</strong></span> 
     </span>
    </p>
   </div>
   <div class='ocr_carea' id='block_1_17' title="bbox 2212 994 3391 1083">
    <p class='ocr_par' dir='ltr' id='par_1_17' title="bbox 2216 994 3391 1074">
     <span class='ocr_line' id='line_1_17' title="bbox 2216 994 3391 1074; baseline -0.011 -15"><span class='ocrx_word' id='word_1_111' title='bbox 2216 1006 2285 1074; x_wconf 82' lang='grc' dir='ltr'>ὰρ</span> <span class='ocrx_word' id='word_1_112' title='bbox 2313 1002 2387 1073; x_wconf 84' lang='grc' dir='ltr'>μὴ</span> <span class='ocrx_word' id='word_1_113' title='bbox 2417 1000 2759 1071; x_wconf 82' lang='grc' dir='ltr'>βουλομένοις</span> <span class='ocrx_word' id='word_1_114' title='bbox 2784 996 2959 1059; x_wconf 69' lang='grc' dir='ltr'>οὐδεὶς</span> <span class='ocrx_word' id='word_1_115' title='bbox 2986 997 3015 1048; x_wconf 87' lang='grc' dir='ltr'><strong>ό</strong></span> <span class='ocrx_word' id='word_1_116' title='bbox 3045 994 3230 1048; x_wconf 84' lang='grc' dir='ltr'>δώσων</span> <span class='ocrx_word' id='word_1_117' title='bbox 3258 995 3391 1064; x_wconf 76' lang='grc'>(50).</span> 
     </span>
    </p>
   </div>
   <div class='ocr_carea' id='block_1_18' title="bbox 499 1086 3745 1179">
    <p class='ocr_par' dir='ltr' id='par_1_18' title="bbox 499 1086 3745 1179">
     <span class='ocr_line' id='line_1_18' title="bbox 499 1086 3745 1179; baseline -0.01 -11"><span class='ocrx_word' id='word_1_118' title='bbox 499 1131 795 1171; x_wconf 83' lang='lat' dir='ltr'><strong>vacaneum</strong></span> <span class='ocrx_word' id='word_1_119' title='bbox 838 1123 985 1166; x_wconf 85' lang='lat' dir='ltr'><strong>esset</strong></span> <span class='ocrx_word' id='word_1_120' title='bbox 1016 1110 1294 1179; x_wconf 70' lang='lat' dir='ltr'><strong>praemium</strong></span> <span class='ocrx_word' id='word_1_121' title='bbox 1327 1108 1488 1175; x_wconf 84' lang='lat' dir='ltr'><strong>(quod</strong></span> <span class='ocrx_word' id='word_1_122' title='bbox 1522 1105 1849 1174; x_wconf 76' lang='lat' dir='ltr'><strong>virginitatis</strong></span> <span class='ocrx_word' id='word_1_123' title='bbox 1927 1098 2231 1157; x_wconf 87' lang='lat' dir='ltr'><strong>cultoribus</strong></span> <span class='ocrx_word' id='word_1_124' title='bbox 2273 1103 2359 1150; x_wconf 89' lang='lat' dir='ltr'><strong>est</strong></span> <span class='ocrx_word' id='word_1_125' title='bbox 2428 1094 2808 1161; x_wconf 91' lang='lat' dir='ltr'><strong>propositum).</strong></span> <span class='ocrx_word' id='word_1_126' title='bbox 2855 1087 2972 1142; x_wconf 86' lang='lat' dir='ltr'><strong>Non</strong></span> <span class='ocrx_word' id='word_1_127' title='bbox 3053 1089 3236 1155; x_wconf 85' lang='lat' dir='ltr'><strong>itaque</strong></span> <span class='ocrx_word' id='word_1_128' title='bbox 3266 1102 3329 1140; x_wconf 81' lang='lat' dir='ltr'><strong>ex</strong></span> <span class='ocrx_word' id='word_1_129' title='bbox 3368 1102 3515 1141; x_wconf 90' lang='lat' dir='ltr'><strong>mera</strong></span> <span class='ocrx_word' id='word_1_130' title='bbox 3582 1086 3745 1155; x_wconf 86' lang='lat' dir='ltr'><strong>gratia</strong></span> 
     </span>
    </p>
   </div>
   <div class='ocr_carea' id='block_1_19' title="bbox 498 1180 3431 1270">
    <p class='ocr_par' dir='ltr' id='par_1_19' title="bbox 498 1180 3431 1270">
     <span class='ocr_line' id='line_1_19' title="bbox 498 1180 3431 1270; baseline -0.011 -8"><span class='ocrx_word' id='word_1_131' title='bbox 498 1210 688 1263; x_wconf 87' lang='lat' dir='ltr'><strong>datum</strong></span> <span class='ocrx_word' id='word_1_132' title='bbox 718 1217 835 1270; x_wconf 89' lang='lat' dir='ltr'><strong>est;</strong></span> <span class='ocrx_word' id='word_1_133' title='bbox 863 1204 959 1259; x_wconf 86' lang='lat' dir='ltr'><strong>sed</strong></span> <span class='ocrx_word' id='word_1_134' title='bbox 990 1203 1098 1256; x_wconf 83' lang='lat' dir='ltr'><strong>illis</strong></span> <span class='ocrx_word' id='word_1_135' title='bbox 1132 1203 1288 1254; x_wconf 80' lang='lat' dir='ltr'><strong>datur</strong></span> <span class='ocrx_word' id='word_1_136' title='bbox 1317 1200 1408 1266; x_wconf 91' lang='lat' dir='ltr'><strong>qui</strong></span> <span class='ocrx_word' id='word_1_137' title='bbox 1442 1199 1688 1266; x_wconf 90' lang='lat' dir='ltr'><strong>accipere</strong></span> <span class='ocrx_word' id='word_1_138' title='bbox 1720 1197 1926 1251; x_wconf 88' lang='lat' dir='ltr'><strong>volunt.</strong></span> <span class='ocrx_word' id='word_1_139' title='bbox 1968 1194 2079 1250; x_wconf 91' lang='lat' dir='ltr'><strong>Illis</strong></span> <span class='ocrx_word' id='word_1_140' title='bbox 2110 1194 2257 1248; x_wconf 88' lang='lat' dir='ltr'><strong>enim</strong></span> <span class='ocrx_word' id='word_1_141' title='bbox 2280 1188 2372 1257; x_wconf 88' lang='lat' dir='ltr'><strong>qui</strong></span> <span class='ocrx_word' id='word_1_142' title='bbox 2407 1186 2615 1249; x_wconf 88' lang='lat' dir='ltr'><strong>nolunt,</strong></span> <span class='ocrx_word' id='word_1_143' title='bbox 2649 1198 2806 1238; x_wconf 91' lang='lat' dir='ltr'><strong>nemo</strong></span> <span class='ocrx_word' id='word_1_144' title='bbox 2835 1182 2941 1236; x_wconf 89' lang='lat' dir='ltr'><strong>erit</strong></span> <span class='ocrx_word' id='word_1_145' title='bbox 2964 1181 3055 1250; x_wconf 90' lang='lat' dir='ltr'><strong>qui</strong></span> <span class='ocrx_word' id='word_1_146' title='bbox 3096 1180 3167 1232; x_wconf 89' lang='lat' dir='ltr'><strong>sit</strong></span> <span class='ocrx_word' id='word_1_147' title='bbox 3192 1180 3431 1232; x_wconf 88' lang='lat' dir='ltr'><strong>daturus.</strong></span> 
     </span>
    </p>
   </div>
   <div class='ocr_carea' id='block_1_20' title="bbox 677 1304 1894 1373">
    <p class='ocr_par' dir='ltr' id='par_1_20' title="bbox 677 1304 1894 1373">
     <span class='ocr_line' id='line_1_20' title="bbox 677 1304 1894 1373; baseline -0.008 -2"><span class='ocrx_word' id='word_1_148' title='bbox 677 1314 905 1373; x_wconf 81' lang='lat' dir='ltr'><strong>CLXVI.</strong></span> <span class='ocrx_word' id='word_1_149' title='bbox 945 1342 1015 1355; x_wconf 89' lang='lat'><strong>-—-</strong></span> <span class='ocrx_word' id='word_1_150' title='bbox 1058 1308 1381 1364; x_wconf 79' lang='lat' dir='ltr'><strong>ARCIIIBIO</strong></span> <span class='ocrx_word' id='word_1_151' title='bbox 1420 1304 1894 1362; x_wconf 76' lang='lat' dir='ltr'><strong>I’RESBYTERO.</strong></span> 
     </span>
    </p>
   </div>
   <div class='ocr_carea' id='block_1_21' title="bbox 2428 1287 3502 1363">
    <p class='ocr_par' dir='ltr' id='par_1_21' title="bbox 2428 1287 3502 1363">
     <span class='ocr_line' id='line_1_21' title="bbox 2428 1287 3502 1363; baseline -0.007 -13"><span class='ocrx_word' id='word_1_152' title='bbox 2428 1294 2605 1363; x_wconf 66' lang='lat' dir='ltr'><strong>PEG’.</strong></span> <span class='ocrx_word' id='word_1_153' title='bbox 2629 1322 2697 1334; x_wconf 91' lang='lat'><em>-</em></span> <span class='ocrx_word' id='word_1_154' title='bbox 2731 1292 3006 1361; x_wconf 71' lang='lat' dir='ltr'><strong>APXIBIQ</strong></span> <span class='ocrx_word' id='word_1_155' title='bbox 3038 1287 3502 1360; x_wconf 81' lang='grc' dir='ltr'><strong>ΠΡΕΣΒΥΤΕΡῼ.</strong></span> 
     </span>
    </p>
   </div>
   <div class='ocr_carea' id='block_1_22' title="bbox 504 1395 2107 1492">
    <p class='ocr_par' dir='ltr' id='par_1_22' title="bbox 504 1413 2073 1492">
     <span class='ocr_line' id='line_1_22' title="bbox 504 1413 2073 1492; baseline -0.011 -9"><span class='ocrx_word' id='word_1_156' title='bbox 504 1428 573 1483; x_wconf 70' lang='lat' dir='ltr'><strong>In</strong></span> <span class='ocrx_word' id='word_1_157' title='bbox 610 1425 743 1481; x_wconf 75' lang='lat' dir='ltr'><strong>illud</strong></span> <span class='ocrx_word' id='word_1_158' title='bbox 797 1421 983 1492; x_wconf 83' lang='lat' dir='ltr'><strong>(Pauli</strong></span> <span class='ocrx_word' id='word_1_159' title='bbox 1024 1418 1327 1492; x_wconf 30' lang='grc' dir='ltr'>άίειιιηι),-‹</span> <span class='ocrx_word' id='word_1_160' title='bbox 1388 1415 1455 1469; x_wconf 84' lang='lat' dir='ltr'><strong>In</strong></span> <span class='ocrx_word' id='word_1_161' title='bbox 1504 1417 1616 1492; x_wconf 72' lang='lat' dir='ltr'><strong>ipso</strong></span> <span class='ocrx_word' id='word_1_162' title='bbox 1651 1416 1857 1492; x_wconf 49' lang='lat' dir='ltr'><strong>habitat</strong></span> <span class='ocrx_word' id='word_1_163' title='bbox 1906 1413 2073 1467; x_wconf 72' lang='lat' dir='ltr'><strong>omnis</strong></span> 
     </span>
    </p>
   </div>
   <div class='ocr_carea' id='block_1_23' title="bbox 2212 1395 3750 1492">
    <p class='ocr_par' dir='ltr' id='par_1_23' title="bbox 2212 1395 3750 1492">
     <span class='ocr_line' id='line_1_23' title="bbox 2212 1395 3750 1492; baseline -0.012 -27"><span class='ocrx_word' id='word_1_164' title='bbox 2212 1410 2289 1478; x_wconf 74' lang='grc' dir='ltr'>Ξίς</span> <span class='ocrx_word' id='word_1_165' title='bbox 2322 1408 2413 1474; x_wconf 85' lang='grc' dir='ltr'>τὸ,</span> <span class='ocrx_word' id='word_1_166' title='bbox 2465 1426 2485 1460; x_wconf 78' lang='grc' dir='ltr'><strong>ι</strong></span> <span class='ocrx_word' id='word_1_167' title='bbox 2542 1406 2645 1484; x_wconf 65' lang='grc' dir='ltr'><strong>Ἰξν</strong></span> <span class='ocrx_word' id='word_1_168' title='bbox 2677 1400 2843 1492; x_wconf 37' lang='grc' dir='ltr'>[αὐτῷ</span> <span class='ocrx_word' id='word_1_169' title='bbox 2900 1416 3162 1453; x_wconf 80' lang='grc' dir='ltr'>κατοικει</span> <span class='ocrx_word' id='word_1_170' title='bbox 3200 1397 3322 1475; x_wconf 55' lang='lat' dir='ltr'><strong>mir</strong></span> <span class='ocrx_word' id='word_1_171' title='bbox 3353 1398 3422 1451; x_wconf 83' lang='grc' dir='ltr'>τὸ</span> <span class='ocrx_word' id='word_1_172' title='bbox 3469 1395 3750 1467; x_wconf 75' lang='grc' dir='ltr'>πλήρωμα</span> 
     </span>
    </p>
   </div>
   <div class='ocr_carea' id='block_1_24' title="bbox 734 1486 1837 1562">
    <p class='ocr_par' dir='ltr' id='par_1_24' title="bbox 734 1486 1837 1562">
     <span class='ocr_line' id='line_1_24' title="bbox 734 1486 1837 1562; baseline -0.008 -17"><span class='ocrx_word' id='word_1_173' title='bbox 734 1486 1004 1562; x_wconf 72' lang='lat' dir='ltr'><strong>plenitudo</strong></span> <span class='ocrx_word' id='word_1_174' title='bbox 1033 1486 1326 1541; x_wconf 79' lang='lat' dir='ltr'><strong>divinitatis</strong></span> <span class='ocrx_word' id='word_1_175' title='bbox 1350 1487 1695 1555; x_wconf 80' lang='lat' dir='ltr'><strong>corporaliter</strong></span> <span class='ocrx_word' id='word_1_176' title='bbox 1718 1486 1785 1537; x_wconf 79' lang='grc'><strong>’⁵.</strong></span> <span class='ocrx_word' id='word_1_177' title='bbox 1820 1505 1837 1536; x_wconf 75' lang='grc' dir='ltr'><strong>ι</strong></span> 
     </span>
    </p>
   </div>
   <div class='ocr_carea' id='block_1_25' title="bbox 578 1595 2076 1675">
    <p class='ocr_par' dir='ltr' id='par_1_25' title="bbox 578 1595 2076 1675">
     <span class='ocr_line' id='line_1_25' title="bbox 578 1595 2076 1675; baseline -0.009 -14"><span class='ocrx_word' id='word_1_178' title='bbox 578 1607 657 1661; x_wconf 92' lang='lat' dir='ltr'><strong>Tu</strong></span> <span class='ocrx_word' id='word_1_179' title='bbox 710 1605 930 1675; x_wconf 87' lang='lat' dir='ltr'><strong>quidem</strong></span> <span class='ocrx_word' id='word_1_180' title='bbox 995 1612 1046 1655; x_wconf 92' lang='lat' dir='ltr'><strong>te</strong></span> <span class='ocrx_word' id='word_1_181' title='bbox 1102 1602 1353 1668; x_wconf 88' lang='lat' dir='ltr'><strong>ignorare</strong></span> <span class='ocrx_word' id='word_1_182' title='bbox 1409 1599 1627 1652; x_wconf 87' lang='lat' dir='ltr'><strong>dicebas</strong></span> <span class='ocrx_word' id='word_1_183' title='bbox 1684 1599 1887 1651; x_wconf 88' lang='lat' dir='ltr'><strong>dictum</strong></span> <span class='ocrx_word' id='word_1_184' title='bbox 1944 1595 2076 1649; x_wconf 91' lang='lat' dir='ltr'><strong>illud</strong></span> 
     </span>
    </p>
   </div>
   <div class='ocr_carea' id='block_1_26' title="bbox 2532 1474 3401 1542">
    <p class='ocr_par' dir='ltr' id='par_1_26' title="bbox 2532 1474 3401 1542">
     <span class='ocr_line' id='line_1_26' title="bbox 2532 1474 3401 1542; baseline -0.01 -14"><span class='ocrx_word' id='word_1_185' title='bbox 2532 1474 2645 1542; x_wconf 80' lang='grc' dir='ltr'>τῆς</span> <span class='ocrx_word' id='word_1_186' title='bbox 2671 1474 2947 1538; x_wconf 84' lang='grc' dir='ltr'>θεότητος</span> <span class='ocrx_word' id='word_1_187' title='bbox 2976 1474 3346 1539; x_wconf 79' lang='grc' dir='ltr'><strong>σωματικῶς.</strong></span> <span class='ocrx_word' id='word_1_188' title='bbox 3382 1487 3401 1519; x_wconf 76' lang='grc' dir='ltr'><strong>ι</strong></span> 
     </span>
    </p>
   </div>
   <div class='ocr_carea' id='block_1_27' title="bbox 2255 1579 3753 1655">
    <p class='ocr_par' dir='ltr' id='par_1_27' title="bbox 2255 1579 3753 1655">
     <span class='ocr_line' id='line_1_27' title="bbox 2255 1579 3753 1655; baseline -0.01 -11"><span class='ocrx_word' id='word_1_189' title='bbox 2255 1591 2351 1653; x_wconf 84' lang='grc' dir='ltr'><strong>Τὸ,</strong></span> <span class='ocrx_word' id='word_1_190' title='bbox 2407 1608 2426 1642; x_wconf 75' lang='grc' dir='ltr'><strong>ι</strong></span> <span class='ocrx_word' id='word_1_191' title='bbox 2474 1588 2563 1642; x_wconf 86' lang='grc' dir='ltr'>Ἐν</span> <span class='ocrx_word' id='word_1_192' title='bbox 2612 1584 2760 1655; x_wconf 81' lang='grc' dir='ltr'><strong>αὺτῷ</strong></span> <span class='ocrx_word' id='word_1_193' title='bbox 2804 1585 3051 1637; x_wconf 84' lang='grc' dir='ltr'>κατοικεῖ</span> <span class='ocrx_word' id='word_1_194' title='bbox 3089 1582 3200 1651; x_wconf 75' lang='grc'>(³51)</span> <span class='ocrx_word' id='word_1_195' title='bbox 3238 1582 3347 1633; x_wconf 74' lang='grc' dir='ltr'>πᾶν</span> <span class='ocrx_word' id='word_1_196' title='bbox 3378 1580 3439 1631; x_wconf 84' lang='grc' dir='ltr'>τὸ</span> <span class='ocrx_word' id='word_1_197' title='bbox 3487 1579 3753 1649; x_wconf 84' lang='grc' dir='ltr'>πλήρωμα</span> 
     </span>
    </p>
   </div>
   <div class='ocr_carea' id='block_1_28' title="bbox 511 1670 2107 1773">
    <p class='ocr_par' dir='ltr' id='par_1_28' title="bbox 511 1670 2079 1773">
     <span class='ocr_line' id='line_1_28' title="bbox 511 1670 2079 1773; baseline -0.009 -17"><span class='ocrx_word' id='word_1_198' title='bbox 511 1702 665 1773; x_wconf 89' lang='lat' dir='ltr'><strong>(quid</strong></span> <span class='ocrx_word' id='word_1_199' title='bbox 692 1670 792 1754; x_wconf 76' lang='lat' dir='ltr'><strong>sibi</strong></span> <span class='ocrx_word' id='word_1_200' title='bbox 826 1696 976 1763; x_wconf 83' lang='lat' dir='ltr'><strong>velit)</strong></span> <span class='ocrx_word' id='word_1_201' title='bbox 1015 1712 1029 1747; x_wconf 88' lang='lat'><strong>:</strong></span> <span class='ocrx_word' id='word_1_202' title='bbox 1063 1712 1080 1745; x_wconf 83' lang='grc' dir='ltr'><strong>ι</strong></span> <span class='ocrx_word' id='word_1_203' title='bbox 1112 1693 1169 1746; x_wconf 91' lang='lat' dir='ltr'><strong>In</strong></span> <span class='ocrx_word' id='word_1_204' title='bbox 1204 1695 1319 1763; x_wconf 89' lang='lat' dir='ltr'><strong>ipso</strong></span> <span class='ocrx_word' id='word_1_205' title='bbox 1353 1693 1561 1746; x_wconf 82' lang='lat' dir='ltr'><strong>habitat</strong></span> <span class='ocrx_word' id='word_1_206' title='bbox 1594 1692 1771 1745; x_wconf 91' lang='lat' dir='ltr'><strong>omnis</strong></span> <span class='ocrx_word' id='word_1_207' title='bbox 1799 1690 2079 1760; x_wconf 86' lang='lat' dir='ltr'><strong>plenitudo</strong></span> 
     </span>
    </p>
   </div>
   <div class='ocr_carea' id='block_1_29' title="bbox 2212 1670 3750 1773">
    <p class='ocr_par' dir='ltr' id='par_1_29' title="bbox 2218 1670 3750 1751">
     <span class='ocr_line' id='line_1_29' title="bbox 2218 1670 3750 1751; baseline -0.009 -17"><span class='ocrx_word' id='word_1_208' title='bbox 2218 1682 2283 1751; x_wconf 73' lang='grc' dir='ltr'>ἧς</span> <span class='ocrx_word' id='word_1_209' title='bbox 2307 1680 2559 1750; x_wconf 84' lang='grc' dir='ltr'>θεότητος</span> <span class='ocrx_word' id='word_1_210' title='bbox 2604 1673 2949 1744; x_wconf 85' lang='grc' dir='ltr'>σωματικῶς,</span> <span class='ocrx_word' id='word_1_211' title='bbox 2977 1691 2996 1724; x_wconf 74' lang='grc' dir='ltr'><strong>ι</strong></span> <span class='ocrx_word' id='word_1_212' title='bbox 3028 1672 3191 1735; x_wconf 84' lang='grc' dir='ltr'>αὐτὸς</span> <span class='ocrx_word' id='word_1_213' title='bbox 3217 1671 3315 1740; x_wconf 86' lang='grc' dir='ltr'>μὲν</span> <span class='ocrx_word' id='word_1_214' title='bbox 3339 1670 3475 1741; x_wconf 76' lang='grc' dir='ltr'>ἔφης</span> <span class='ocrx_word' id='word_1_215' title='bbox 3507 1671 3586 1739; x_wconf 84' lang='grc' dir='ltr'>μὴ</span> <span class='ocrx_word' id='word_1_216' title='bbox 3607 1672 3750 1721; x_wconf 63' lang='grc' dir='ltr'>νοεῖν</span> 
     </span>
    </p>
   </div>
   <div class='ocr_carea' id='block_1_30' title="bbox 509 1757 2107 1856">
    <p class='ocr_par' dir='ltr' id='par_1_30' title="bbox 509 1757 2085 1856">
     <span class='ocr_line' id='line_1_30' title="bbox 509 1757 2085 1856; baseline -0.007 -10"><span class='ocrx_word' id='word_1_217' title='bbox 509 1757 810 1846; x_wconf 69' lang='lat' dir='ltr'><strong>divinitatis</strong></span> <span class='ocrx_word' id='word_1_218' title='bbox 854 1786 1230 1856; x_wconf 86' lang='lat' dir='ltr'><strong>corporaliter.</strong></span> <span class='ocrx_word' id='word_1_219' title='bbox 1265 1803 1284 1835; x_wconf 90' lang='grc'>›</span> <span class='ocrx_word' id='word_1_220' title='bbox 1331 1784 1443 1853; x_wconf 81' lang='lat' dir='ltr'><strong>Ego</strong></span> <span class='ocrx_word' id='word_1_221' title='bbox 1469 1799 1597 1837; x_wconf 90' lang='lat' dir='ltr'><strong>vero</strong></span> <span class='ocrx_word' id='word_1_222' title='bbox 1636 1783 1687 1835; x_wconf 87' lang='lat' dir='ltr'><strong>id</strong></span> <span class='ocrx_word' id='word_1_223' title='bbox 1724 1783 1921 1834; x_wconf 84' lang='lat' dir='ltr'><strong>dictum</strong></span> <span class='ocrx_word' id='word_1_224' title='bbox 1964 1796 2085 1835; x_wconf 86' lang='lat' dir='ltr'><strong>esse</strong></span> 
     </span>
    </p>
   </div>
   <div class='ocr_carea' id='block_1_31' title="bbox 2212 1757 3754 1856">
    <p class='ocr_par' dir='ltr' id='par_1_31' title="bbox 2216 1757 3754 1839">
     <span class='ocr_line' id='line_1_31' title="bbox 2216 1757 3754 1839; baseline -0.009 -15"><span class='ocrx_word' id='word_1_225' title='bbox 2216 1770 2294 1839; x_wconf 88' lang='grc' dir='ltr'>γὼ</span> <span class='ocrx_word' id='word_1_226' title='bbox 2323 1769 2367 1822; x_wconf 89' lang='grc' dir='ltr'><strong>δ’</strong></span> <span class='ocrx_word' id='word_1_227' title='bbox 2415 1765 2570 1838; x_wconf 72' lang='grc' dir='ltr'>οἶμαι</span> <span class='ocrx_word' id='word_1_228' title='bbox 2601 1766 2857 1836; x_wconf 78' lang='grc' dir='ltr'>εἰρῆσθαι</span> <span class='ocrx_word' id='word_1_229' title='bbox 2907 1762 3029 1817; x_wconf 75' lang='grc' dir='ltr'>ἀντὶ</span> <span class='ocrx_word' id='word_1_230' title='bbox 3060 1761 3177 1827; x_wconf 82' lang='grc' dir='ltr'>τοῦ,</span> <span class='ocrx_word' id='word_1_231' title='bbox 3208 1759 3504 1823; x_wconf 84' lang='grc' dir='ltr'>οὐσιωδῶς.</span> <span class='ocrx_word' id='word_1_232' title='bbox 3548 1758 3622 1812; x_wconf 79' lang='grc' dir='ltr'><strong>Οὐ</strong></span> <span class='ocrx_word' id='word_1_233' title='bbox 3656 1757 3754 1829; x_wconf 71' lang='grc' dir='ltr'><strong>γὰρ</strong></span> 
     </span>
    </p>
   </div>
   <div class='ocr_carea' id='block_1_32' title="bbox 510 1870 2087 1947">
    <p class='ocr_par' dir='ltr' id='par_1_32' title="bbox 510 1870 2087 1947">
     <span class='ocr_line' id='line_1_32' title="bbox 510 1870 2087 1947; baseline -0.01 -11"><span class='ocrx_word' id='word_1_234' title='bbox 510 1882 770 1944; x_wconf 86' lang='lat' dir='ltr'><strong>arbitror,</strong></span> <span class='ocrx_word' id='word_1_235' title='bbox 798 1894 895 1947; x_wconf 91' lang='lat' dir='ltr'><strong>pro</strong></span> <span class='ocrx_word' id='word_1_236' title='bbox 929 1876 1312 1931; x_wconf 88' lang='lat' dir='ltr'><strong>essentialiter.</strong></span> <span class='ocrx_word' id='word_1_237' title='bbox 1356 1872 1474 1928; x_wconf 83' lang='lat' dir='ltr'><strong>Non</strong></span> <span class='ocrx_word' id='word_1_238' title='bbox 1510 1873 1653 1927; x_wconf 90' lang='lat' dir='ltr'><strong>enim</strong></span> <span class='ocrx_word' id='word_1_239' title='bbox 1681 1871 1918 1926; x_wconf 85' lang='lat' dir='ltr'><strong>ellicacia</strong></span> <span class='ocrx_word' id='word_1_240' title='bbox 1950 1870 2087 1923; x_wconf 91' lang='lat' dir='ltr'><strong>divi-</strong></span> 
     </span>
    </p>
   </div>
   <div class='ocr_carea' id='block_1_33' title="bbox 513 1959 2087 2036">
    <p class='ocr_par' dir='ltr' id='par_1_33' title="bbox 513 1959 2087 2036">
     <span class='ocr_line' id='line_1_33' title="bbox 513 1959 2087 2036; baseline -0.01 -11"><span class='ocrx_word' id='word_1_241' title='bbox 513 1970 737 2034; x_wconf 86' lang='lat' dir='ltr'><strong>nitatis,</strong></span> <span class='ocrx_word' id='word_1_242' title='bbox 784 1980 947 2036; x_wconf 91' lang='lat' dir='ltr'><strong>quam</strong></span> <span class='ocrx_word' id='word_1_243' title='bbox 1014 1964 1154 2032; x_wconf 88' lang='lat' dir='ltr'><strong>parit</strong></span> <span class='ocrx_word' id='word_1_244' title='bbox 1200 1963 1615 2026; x_wconf 80' lang='lat' dir='ltr'><strong>inexsistentia,</strong></span> <span class='ocrx_word' id='word_1_245' title='bbox 1663 1960 1919 2025; x_wconf 85' lang='lat' dir='ltr'><strong>templum</strong></span> <span class='ocrx_word' id='word_1_246' title='bbox 1959 1959 2087 2012; x_wconf 92' lang='lat' dir='ltr'><strong>illud</strong></span> 
     </span>
    </p>
   </div>
   <div class='ocr_carea' id='block_1_34' title="bbox 526 2050 2087 2127">
    <p class='ocr_par' dir='ltr' id='par_1_34' title="bbox 526 2050 2087 2127">
     <span class='ocr_line' id='line_1_34' title="bbox 526 2050 2087 2127; baseline -0.008 -13"><span class='ocrx_word' id='word_1_247' title='bbox 526 2057 867 2127; x_wconf 88' lang='lat' dir='ltr'><strong>impollutum</strong></span> <span class='ocrx_word' id='word_1_248' title='bbox 920 2054 1299 2125; x_wconf 73' lang='lat' dir='ltr'><strong>gubernabat,</strong></span> <span class='ocrx_word' id='word_1_249' title='bbox 1353 2055 1447 2109; x_wconf 83' lang='lat' dir='ltr'><strong>sed</strong></span> <span class='ocrx_word' id='word_1_250' title='bbox 1494 2052 1729 2107; x_wconf 87' lang='lat' dir='ltr'><strong>essentia</strong></span> <span class='ocrx_word' id='word_1_251' title='bbox 1781 2052 1894 2120; x_wconf 90' lang='lat' dir='ltr'><strong>ipsa</strong></span> <span class='ocrx_word' id='word_1_252' title='bbox 1923 2050 2087 2119; x_wconf 78' lang='lat'><strong>508</strong></span> 
     </span>
    </p>
   </div>
   <div class='ocr_carea' id='block_1_35' title="bbox 516 2139 2093 2217">
    <p class='ocr_par' dir='ltr' id='par_1_35' title="bbox 516 2139 2093 2217">
     <span class='ocr_line' id='line_1_35' title="bbox 516 2139 2093 2217; baseline -0.007 -13"><span class='ocrx_word' id='word_1_253' title='bbox 516 2148 743 2204; x_wconf 81' lang='lat' dir='ltr'><strong>inﬁnitis</strong></span> <span class='ocrx_word' id='word_1_254' title='bbox 790 2146 1014 2217; x_wconf 75' lang='lat' dir='ltr'><strong>przedita</strong></span> <span class='ocrx_word' id='word_1_255' title='bbox 1076 2143 1541 2212; x_wconf 83' lang='lat' dir='ltr'><strong>operationibus:</strong></span> <span class='ocrx_word' id='word_1_256' title='bbox 1598 2156 1703 2194; x_wconf 90' lang='lat' dir='ltr'><strong>non</strong></span> <span class='ocrx_word' id='word_1_257' title='bbox 1767 2139 2093 2209; x_wconf 85' lang='lat' dir='ltr'><strong>particulare</strong></span> 
     </span>
    </p>
   </div>
   <div class='ocr_carea' id='block_1_36' title="bbox 517 2229 2094 2302">
    <p class='ocr_par' dir='ltr' id='par_1_36' title="bbox 517 2229 2094 2302">
     <span class='ocr_line' id='line_1_36' title="bbox 517 2229 2094 2302; baseline -0.009 -6"><span class='ocrx_word' id='word_1_258' title='bbox 517 2241 723 2297; x_wconf 79' lang='lat' dir='ltr'><strong>habens</strong></span> <span class='ocrx_word' id='word_1_259' title='bbox 752 2240 949 2291; x_wconf 87' lang='lat' dir='ltr'><strong>donum</strong></span> <span class='ocrx_word' id='word_1_260' title='bbox 990 2234 1199 2302; x_wconf 68' lang='lat' dir='ltr'><strong>gratiae,</strong></span> <span class='ocrx_word' id='word_1_261' title='bbox 1252 2234 1346 2288; x_wconf 88' lang='lat' dir='ltr'><strong>sed</strong></span> <span class='ocrx_word' id='word_1_262' title='bbox 1388 2232 1512 2287; x_wconf 81' lang='lat' dir='ltr'><strong>fons</strong></span> <span class='ocrx_word' id='word_1_263' title='bbox 1547 2230 1948 2300; x_wconf 82' lang='lat' dir='ltr'><strong>(inexhaustus)</strong></span> <span class='ocrx_word' id='word_1_264' title='bbox 1998 2229 2094 2283; x_wconf 92' lang='lat' dir='ltr'><strong>bo-</strong></span> 
     </span>
    </p>
   </div>
   <div class='ocr_carea' id='block_1_37' title="bbox 520 2317 2093 2398">
    <p class='ocr_par' dir='ltr' id='par_1_37' title="bbox 520 2317 2093 2398">
     <span class='ocr_line' id='line_1_37' title="bbox 520 2317 2093 2398; baseline -0.01 -11"><span class='ocrx_word' id='word_1_265' title='bbox 520 2346 735 2389; x_wconf 89' lang='lat' dir='ltr'><strong>norum.</strong></span> <span class='ocrx_word' id='word_1_266' title='bbox 770 2328 913 2398; x_wconf 88' lang='lat' dir='ltr'><strong>Ipse,</strong></span> <span class='ocrx_word' id='word_1_267' title='bbox 937 2326 1114 2395; x_wconf 92' lang='lat' dir='ltr'><strong>inquit</strong></span> <span class='ocrx_word' id='word_1_268' title='bbox 1156 2321 1426 2395; x_wconf 85' lang='lat' dir='ltr'><strong>(Paulus),</strong></span> <span class='ocrx_word' id='word_1_269' title='bbox 1468 2322 1561 2391; x_wconf 93' lang='lat' dir='ltr'><strong>qui</strong></span> <span class='ocrx_word' id='word_1_270' title='bbox 1610 2336 1734 2375; x_wconf 92' lang='lat' dir='ltr'><strong>cum</strong></span> <span class='ocrx_word' id='word_1_271' title='bbox 1763 2318 1923 2373; x_wconf 88' lang='lat' dir='ltr'><strong>Patre</strong></span> <span class='ocrx_word' id='word_1_272' title='bbox 1954 2317 2093 2388; x_wconf 90' lang='lat' dir='ltr'><strong>(pari</strong></span> 
     </span>
    </p>
   </div>
   <div class='ocr_carea' id='block_1_38' title="bbox 520 2410 2094 2493">
    <p class='ocr_par' dir='ltr' id='par_1_38' title="bbox 520 2410 2094 2493">
     <span class='ocr_line' id='line_1_38' title="bbox 520 2410 2094 2493; baseline -0.01 -16"><span class='ocrx_word' id='word_1_273' title='bbox 520 2420 808 2493; x_wconf 86' lang='lat' dir='ltr'><strong>potestate)</strong></span> <span class='ocrx_word' id='word_1_274' title='bbox 843 2425 1051 2487; x_wconf 82' lang='lat' dir='ltr'><strong>regnat,</strong></span> <span class='ocrx_word' id='word_1_275' title='bbox 1086 2415 1286 2484; x_wconf 91' lang='lat' dir='ltr'><strong>quique</strong></span> <span class='ocrx_word' id='word_1_276' title='bbox 1322 2427 1501 2468; x_wconf 84' lang='lat' dir='ltr'><strong>rerum</strong></span> <span class='ocrx_word' id='word_1_277' title='bbox 1531 2410 2094 2480; x_wconf 88' lang='lat' dir='ltr'><strong>supramundanarum</strong></span> 
     </span>
    </p>
   </div>
   <div class='ocr_carea' id='block_1_39' title="bbox 524 2499 2097 2571">
    <p class='ocr_par' dir='ltr' id='par_1_39' title="bbox 524 2499 2097 2571">
     <span class='ocr_line' id='line_1_39' title="bbox 524 2499 2097 2571; baseline -0.009 -3"><span class='ocrx_word' id='word_1_278' title='bbox 524 2514 769 2568; x_wconf 85' lang='lat' dir='ltr'><strong>habenas</strong></span> <span class='ocrx_word' id='word_1_279' title='bbox 797 2517 1015 2571; x_wconf 83' lang='lat' dir='ltr'><strong>tractat,</strong></span> <span class='ocrx_word' id='word_1_280' title='bbox 1045 2515 1102 2561; x_wconf 89' lang='lat' dir='ltr'><strong>et</strong></span> <span class='ocrx_word' id='word_1_281' title='bbox 1126 2504 1407 2560; x_wconf 77' lang='lat' dir='ltr'><strong>terrestria</strong></span> <span class='ocrx_word' id='word_1_282' title='bbox 1436 2516 1544 2570; x_wconf 91' lang='lat' dir='ltr'><strong>quo</strong></span> <span class='ocrx_word' id='word_1_283' title='bbox 1570 2501 1685 2554; x_wconf 79' lang='lat' dir='ltr'><strong>vult</strong></span> <span class='ocrx_word' id='word_1_284' title='bbox 1714 2499 1902 2563; x_wconf 81' lang='lat' dir='ltr'><strong>ﬂectit,</strong></span> <span class='ocrx_word' id='word_1_285' title='bbox 1934 2500 2097 2554; x_wconf 90' lang='lat' dir='ltr'><strong>homo</strong></span> 
     </span>
    </p>
   </div>
   <div class='ocr_carea' id='block_1_40' title="bbox 524 2591 2100 2667">
    <p class='ocr_par' dir='ltr' id='par_1_40' title="bbox 524 2591 2100 2667">
     <span class='ocr_line' id='line_1_40' title="bbox 524 2591 2100 2667; baseline -0.008 -11"><span class='ocrx_word' id='word_1_286' title='bbox 524 2603 702 2658; x_wconf 79' lang='lat' dir='ltr'><strong>factus</strong></span> <span class='ocrx_word' id='word_1_287' title='bbox 740 2610 846 2667; x_wconf 79' lang='lat' dir='ltr'><strong>est,</strong></span> <span class='ocrx_word' id='word_1_288' title='bbox 879 2609 934 2654; x_wconf 91' lang='lat' dir='ltr'><strong>et</strong></span> <span class='ocrx_word' id='word_1_289' title='bbox 969 2595 1335 2667; x_wconf 85' lang='lat' dir='ltr'><strong>imperatoriis</strong></span> <span class='ocrx_word' id='word_1_290' title='bbox 1377 2593 1546 2647; x_wconf 89' lang='lat' dir='ltr'><strong>armis</strong></span> <span class='ocrx_word' id='word_1_291' title='bbox 1582 2592 1637 2646; x_wconf 93' lang='lat' dir='ltr'><strong>in</strong></span> <span class='ocrx_word' id='word_1_292' title='bbox 1678 2591 1795 2646; x_wconf 85' lang='lat' dir='ltr'><strong>acie</strong></span> <span class='ocrx_word' id='word_1_293' title='bbox 1830 2591 2003 2655; x_wconf 82' lang='lat' dir='ltr'><strong>stetit,</strong></span> <span class='ocrx_word' id='word_1_294' title='bbox 2039 2600 2100 2644; x_wconf 91' lang='lat' dir='ltr'><strong>ut</strong></span> 
     </span>
    </p>
   </div>
   <div class='ocr_carea' id='block_1_41' title="bbox 524 2682 2099 2752">
    <p class='ocr_par' dir='ltr' id='par_1_41' title="bbox 524 2682 2099 2752">
     <span class='ocr_line' id='line_1_41' title="bbox 524 2682 2099 2752; baseline -0.008 -6"><span class='ocrx_word' id='word_1_295' title='bbox 524 2705 581 2747; x_wconf 92' lang='lat' dir='ltr'><strong>et</strong></span> <span class='ocrx_word' id='word_1_296' title='bbox 613 2692 706 2746; x_wconf 87' lang='lat' dir='ltr'><strong>illa</strong></span> <span class='ocrx_word' id='word_1_297' title='bbox 734 2696 958 2744; x_wconf 88' lang='lat' dir='ltr'><strong>ornaret</strong></span> <span class='ocrx_word' id='word_1_298' title='bbox 992 2697 1049 2742; x_wconf 91' lang='lat' dir='ltr'><strong>et</strong></span> <span class='ocrx_word' id='word_1_299' title='bbox 1087 2685 1372 2741; x_wconf 83' lang='lat' dir='ltr'><strong>victoriam</strong></span> <span class='ocrx_word' id='word_1_300' title='bbox 1404 2683 1687 2737; x_wconf 89' lang='lat' dir='ltr'><strong>hominum</strong></span> <span class='ocrx_word' id='word_1_301' title='bbox 1718 2682 1904 2752; x_wconf 82' lang='lat' dir='ltr'><strong>generi</strong></span> <span class='ocrx_word' id='word_1_302' title='bbox 1945 2695 2099 2736; x_wconf 84' lang='lat' dir='ltr'><strong>com-</strong></span> 
     </span>
    </p>
   </div>
   <div class='ocr_carea' id='block_1_42' title="bbox 2187 1850 3756 1932">
    <p class='ocr_par' dir='ltr' id='par_1_42' title="bbox 2187 1850 3756 1932">
     <span class='ocr_line' id='line_1_42' title="bbox 2187 1850 3756 1932; baseline -0.008 -17"><span class='ocrx_word' id='word_1_303' title='bbox 2187 1863 2444 1932; x_wconf 71' lang='grc' dir='ltr'>ἐνέργεια</span> <span class='ocrx_word' id='word_1_304' title='bbox 2493 1857 2767 1929; x_wconf 85' lang='grc' dir='ltr'>θεότητος,</span> <span class='ocrx_word' id='word_1_305' title='bbox 2825 1854 2893 1926; x_wconf 71' lang='grc' dir='ltr'>ἢν</span> <span class='ocrx_word' id='word_1_306' title='bbox 2947 1853 3167 1906; x_wconf 81' lang='grc' dir='ltr'>ὲνουσία</span> <span class='ocrx_word' id='word_1_307' title='bbox 3216 1851 3415 1919; x_wconf 85' lang='grc' dir='ltr'>τίκτει,</span> <span class='ocrx_word' id='word_1_308' title='bbox 3490 1851 3587 1904; x_wconf 84' lang='grc' dir='ltr'>τὸν</span> <span class='ocrx_word' id='word_1_309' title='bbox 3643 1850 3756 1903; x_wconf 80' lang='grc' dir='ltr'>ναὸν</span> 
     </span>
    </p>
   </div>
   <div class='ocr_carea' id='block_1_43' title="bbox 2188 1940 3757 2018">
    <p class='ocr_par' dir='ltr' id='par_1_43' title="bbox 2188 1940 3757 2018">
     <span class='ocr_line' id='line_1_43' title="bbox 2188 1940 3757 2018; baseline -0.008 -14"><span class='ocrx_word' id='word_1_310' title='bbox 2188 1953 2393 2004; x_wconf 74' lang='grc' dir='ltr'>ἐκεῖνον</span> <span class='ocrx_word' id='word_1_311' title='bbox 2439 1947 2709 2018; x_wconf 77' lang='grc' dir='ltr'>ἐκυϐέρνα</span> <span class='ocrx_word' id='word_1_312' title='bbox 2756 1945 2849 1998; x_wconf 82' lang='grc' dir='ltr'>τὸν</span> <span class='ocrx_word' id='word_1_313' title='bbox 2890 1945 3181 2014; x_wconf 78' lang='grc' dir='ltr'>ἄχραντον,</span> <span class='ocrx_word' id='word_1_314' title='bbox 3215 1941 3330 1994; x_wconf 82' lang='grc' dir='ltr'>ἀλλ’</span> <span class='ocrx_word' id='word_1_315' title='bbox 3362 1940 3523 1995; x_wconf 81' lang='grc' dir='ltr'>οὐσία</span> <span class='ocrx_word' id='word_1_316' title='bbox 3572 1940 3757 2011; x_wconf 85' lang='grc' dir='ltr'>μυρίας</span> 
     </span>
    </p>
   </div>
   <div class='ocr_carea' id='block_1_44' title="bbox 2190 2032 3756 2113">
    <p class='ocr_par' dir='ltr' id='par_1_44' title="bbox 2190 2032 3756 2113">
     <span class='ocr_line' id='line_1_44' title="bbox 2190 2032 3756 2113; baseline -0.007 -17"><span class='ocrx_word' id='word_1_317' title='bbox 2190 2041 2468 2113; x_wconf 75' lang='grc' dir='ltr'>ἐνεργείας</span> <span class='ocrx_word' id='word_1_318' title='bbox 2511 2040 2741 2110; x_wconf 74' lang='grc' dir='ltr'>ἔχουσα·</span> <span class='ocrx_word' id='word_1_319' title='bbox 2774 2037 2834 2090; x_wconf 87' lang='grc' dir='ltr'>οὺ</span> <span class='ocrx_word' id='word_1_320' title='bbox 2863 2036 3087 2107; x_wconf 80' lang='grc' dir='ltr'>μερικὸν</span> <span class='ocrx_word' id='word_1_321' title='bbox 3121 2034 3319 2103; x_wconf 77' lang='grc' dir='ltr'>ἔχουσα</span> <span class='ocrx_word' id='word_1_322' title='bbox 3345 2034 3619 2103; x_wconf 85' lang='grc' dir='ltr'>χάρισμα,</span> <span class='ocrx_word' id='word_1_323' title='bbox 3652 2032 3756 2087; x_wconf 86' lang='grc' dir='ltr'>ἀλλ’</span> 
     </span>
    </p>
   </div>
   <div class='ocr_carea' id='block_1_45' title="bbox 2191 2124 3759 2200">
    <p class='ocr_par' dir='ltr' id='par_1_45' title="bbox 2191 2124 3759 2200">
     <span class='ocr_line' id='line_1_45' title="bbox 2191 2124 3759 2200; baseline -0.004 -18"><span class='ocrx_word' id='word_1_324' title='bbox 2191 2131 2225 2200; x_wconf 81' lang='grc' dir='ltr'><strong>ὴ</strong></span> <span class='ocrx_word' id='word_1_325' title='bbox 2260 2130 2411 2199; x_wconf 83' lang='grc' dir='ltr'>πηγὴ</span> <span class='ocrx_word' id='word_1_326' title='bbox 2434 2129 2543 2181; x_wconf 86' lang='grc' dir='ltr'>τῶν</span> <span class='ocrx_word' id='word_1_327' title='bbox 2566 2126 2809 2196; x_wconf 77' lang='grc' dir='ltr'>ἀγαθῶν.</span> <span class='ocrx_word' id='word_1_328' title='bbox 2836 2125 3029 2190; x_wconf 81' lang='grc' dir='ltr'>Αὐτὸς,</span> <span class='ocrx_word' id='word_1_329' title='bbox 3064 2125 3250 2194; x_wconf 74' lang='grc' dir='ltr'>φησὶν,</span> <span class='ocrx_word' id='word_1_330' title='bbox 3276 2125 3303 2176; x_wconf 85' lang='grc' dir='ltr'>ὁ</span> <span class='ocrx_word' id='word_1_331' title='bbox 3323 2124 3402 2193; x_wconf 85' lang='grc' dir='ltr'>τῷ</span> <span class='ocrx_word' id='word_1_332' title='bbox 3430 2124 3609 2195; x_wconf 77' lang='grc' dir='ltr'>Πατρὶ</span> <span class='ocrx_word' id='word_1_333' title='bbox 3635 2140 3759 2193; x_wconf 85' lang='grc' dir='ltr'>συμ-</span> 
     </span>
    </p>
   </div>
   <div class='ocr_carea' id='block_1_46' title="bbox 2193 2211 3759 2288">
    <p class='ocr_par' dir='ltr' id='par_1_46' title="bbox 2193 2211 3759 2288">
     <span class='ocr_line' id='line_1_46' title="bbox 2193 2211 3759 2288; baseline -0.005 -17"><span class='ocrx_word' id='word_1_334' title='bbox 2193 2218 2493 2273; x_wconf 79' lang='grc' dir='ltr'>ϐασιλεύων</span> <span class='ocrx_word' id='word_1_335' title='bbox 2522 2217 2660 2288; x_wconf 73' lang='grc'>(32),</span> <span class='ocrx_word' id='word_1_336' title='bbox 2706 2216 2802 2269; x_wconf 71' lang='grc' dir='ltr'>καὶ</span> <span class='ocrx_word' id='word_1_337' title='bbox 2850 2216 2951 2278; x_wconf 79' lang='grc' dir='ltr'>τὰς</span> <span class='ocrx_word' id='word_1_338' title='bbox 3008 2213 3119 2267; x_wconf 84' lang='grc' dir='ltr'><strong>τῶν</strong></span> <span class='ocrx_word' id='word_1_339' title='bbox 3172 2212 3569 2283; x_wconf 81' lang='grc' dir='ltr'>ὑπερκοσμίων</span> <span class='ocrx_word' id='word_1_340' title='bbox 3615 2211 3759 2282; x_wconf 78' lang='grc' dir='ltr'>ἡνίας</span> 
     </span>
    </p>
   </div>
   <div class='ocr_carea' id='block_1_47' title="bbox 2192 2303 3757 2380">
    <p class='ocr_par' dir='ltr' id='par_1_47' title="bbox 2192 2303 3757 2380">
     <span class='ocr_line' id='line_1_47' title="bbox 2192 2303 3757 2380; baseline -0.004 -17"><span class='ocrx_word' id='word_1_341' title='bbox 2192 2311 2459 2380; x_wconf 82' lang='grc' dir='ltr'>κατέχων,</span> <span class='ocrx_word' id='word_1_342' title='bbox 2502 2310 2595 2361; x_wconf 72' lang='grc' dir='ltr'><strong>κα)⁵</strong></span> <span class='ocrx_word' id='word_1_343' title='bbox 2638 2308 2708 2361; x_wconf 82' lang='grc' dir='ltr'>τὰ</span> <span class='ocrx_word' id='word_1_344' title='bbox 2760 2306 2981 2375; x_wconf 76' lang='grc' dir='ltr'>ἐπίγεια</span> <span class='ocrx_word' id='word_1_345' title='bbox 3025 2304 3303 2368; x_wconf 76' lang='grc' dir='ltr'>οἰακίζων,</span> <span class='ocrx_word' id='word_1_346' title='bbox 3343 2303 3757 2375; x_wconf 78' lang='grc' dir='ltr'>ἐνηνθρώπησε,</span> 
     </span>
    </p>
   </div>
   <div class='ocr_carea' id='block_1_48' title="bbox 2195 2394 3760 2469">
    <p class='ocr_par' dir='ltr' id='par_1_48' title="bbox 2195 2394 3760 2469">
     <span class='ocr_line' id='line_1_48' title="bbox 2195 2394 3760 2469; baseline -0.003 -17"><span class='ocrx_word' id='word_1_347' title='bbox 2195 2400 2289 2453; x_wconf 72' lang='grc' dir='ltr'>καὶ</span> <span class='ocrx_word' id='word_1_348' title='bbox 2331 2400 2716 2469; x_wconf 80' lang='grc' dir='ltr'>στρατηγικοῖς</span> <span class='ocrx_word' id='word_1_349' title='bbox 2746 2397 2932 2460; x_wconf 81' lang='grc' dir='ltr'>ὅπλοις</span> <span class='ocrx_word' id='word_1_350' title='bbox 2964 2395 3055 2448; x_wconf 72' lang='grc' dir='ltr'><strong>ἐπὶ</strong></span> <span class='ocrx_word' id='word_1_351' title='bbox 3088 2394 3189 2464; x_wconf 86' lang='grc' dir='ltr'><strong>τῆς</strong></span> <span class='ocrx_word' id='word_1_352' title='bbox 3227 2394 3590 2463; x_wconf 81' lang='grc' dir='ltr'>παρατάξεως</span> <span class='ocrx_word' id='word_1_353' title='bbox 3621 2394 3760 2465; x_wconf 71' lang='grc' dir='ltr'>ἔστη,</span> 
     </span>
    </p>
   </div>
   <div class='ocr_carea' id='block_1_49' title="bbox 2197 2484 3761 2559">
    <p class='ocr_par' dir='ltr' id='par_1_49' title="bbox 2197 2484 3761 2559">
     <span class='ocr_line' id='line_1_49' title="bbox 2197 2484 3761 2559; baseline -0.003 -17"><span class='ocrx_word' id='word_1_354' title='bbox 2197 2490 2288 2542; x_wconf 82' lang='grc' dir='ltr'>ῐνα</span> <span class='ocrx_word' id='word_1_355' title='bbox 2334 2490 2560 2543; x_wconf 83' lang='grc' dir='ltr'>κάκεῖνα</span> <span class='ocrx_word' id='word_1_356' title='bbox 2599 2488 2876 2559; x_wconf 77' lang='grc' dir='ltr'>κοσμήσῃ,</span> <span class='ocrx_word' id='word_1_357' title='bbox 2923 2487 3017 2540; x_wconf 81' lang='grc' dir='ltr'>καὶ</span> <span class='ocrx_word' id='word_1_358' title='bbox 3039 2484 3200 2556; x_wconf 85' lang='grc' dir='ltr'>νίκην</span> <span class='ocrx_word' id='word_1_359' title='bbox 3228 2484 3307 2555; x_wconf 82' lang='grc' dir='ltr'>τῷ</span> <span class='ocrx_word' id='word_1_360' title='bbox 3329 2484 3439 2538; x_wconf 84' lang='grc' dir='ltr'><strong>τῶν</strong></span> <span class='ocrx_word' id='word_1_361' title='bbox 3473 2484 3761 2557; x_wconf 63' lang='grc' dir='ltr'>ἀνθρώπων</span> 
     </span>
    </p>
   </div>
   <div class='ocr_carea' id='block_1_50' title="bbox 2196 2577 3763 2651">
    <p class='ocr_par' dir='ltr' id='par_1_50' title="bbox 2196 2577 3763 2651">
     <span class='ocr_line' id='line_1_50' title="bbox 2196 2577 3763 2651; baseline -0.003 -18"><span class='ocrx_word' id='word_1_362' title='bbox 2196 2581 2344 2649; x_wconf 88' lang='grc' dir='ltr'>γένει</span> <span class='ocrx_word' id='word_1_363' title='bbox 2392 2578 2739 2651; x_wconf 82' lang='grc' dir='ltr'>κατορθώσῃ,</span> <span class='ocrx_word' id='word_1_364' title='bbox 2784 2579 2882 2632; x_wconf 77' lang='grc' dir='ltr'><strong>καὶ</strong></span> <span class='ocrx_word' id='word_1_365' title='bbox 2916 2579 3041 2641; x_wconf 83' lang='grc' dir='ltr'>τοὺς</span> <span class='ocrx_word' id='word_1_366' title='bbox 3074 2577 3386 2647; x_wconf 83' lang='grc' dir='ltr'>ἀλιτηρίους</span> <span class='ocrx_word' id='word_1_367' title='bbox 3420 2578 3763 2648; x_wconf 85' lang='grc' dir='ltr'>τροπώσηται</span> 
     </span>
    </p>
   </div>
   <div class='ocr_carea' id='block_1_51' title="bbox 2197 2668 3763 2741">
    <p class='ocr_par' dir='ltr' id='par_1_51' title="bbox 2197 2668 3763 2741">
     <span class='ocr_line' id='line_1_51' title="bbox 2197 2668 3763 2741; baseline -0.003 -16"><span class='ocrx_word' id='word_1_368' title='bbox 2197 2671 2478 2741; x_wconf 82' lang='grc' dir='ltr'>δαίμονας,</span> <span class='ocrx_word' id='word_1_369' title='bbox 2520 2670 2618 2724; x_wconf 73' lang='grc' dir='ltr'><strong>κα)⁵</strong></span> <span class='ocrx_word' id='word_1_370' title='bbox 2664 2670 2757 2723; x_wconf 85' lang='grc' dir='ltr'>τὸν</span> <span class='ocrx_word' id='word_1_371' title='bbox 2801 2668 3106 2741; x_wconf 82' lang='grc' dir='ltr'>στρατηγὸν</span> <span class='ocrx_word' id='word_1_372' title='bbox 3134 2670 3314 2721; x_wconf 81' lang='grc' dir='ltr'>αὐτῶν</span> <span class='ocrx_word' id='word_1_373' title='bbox 3351 2669 3493 2739; x_wconf 83' lang='grc' dir='ltr'>μέγα</span> <span class='ocrx_word' id='word_1_374' title='bbox 3522 2669 3763 2739; x_wconf 79' lang='grc' dir='ltr'>φυσῶντα</span> 
     </span>
    </p>
   </div>
   <div class='ocr_carea' id='block_1_52' title="bbox 527 2759 2107 2855">
    <p class='ocr_par' dir='ltr' id='par_1_52' title="bbox 527 2773 2101 2855">
     <span class='ocr_line' id='line_1_52' title="bbox 527 2773 2101 2855; baseline -0.008 -17"><span class='ocrx_word' id='word_1_375' title='bbox 527 2790 776 2855; x_wconf 87' lang='lat' dir='ltr'><strong>pararet,</strong></span> <span class='ocrx_word' id='word_1_376' title='bbox 805 2788 860 2836; x_wconf 90' lang='lat' dir='ltr'><strong>et</strong></span> <span class='ocrx_word' id='word_1_377' title='bbox 899 2780 1092 2834; x_wconf 74' lang='lat' dir='ltr'><strong>noxios</strong></span> <span class='ocrx_word' id='word_1_378' title='bbox 1123 2778 1396 2833; x_wconf 66' lang='lat' dir='ltr'><strong>daamones</strong></span> <span class='ocrx_word' id='word_1_379' title='bbox 1437 2774 1492 2828; x_wconf 91' lang='lat' dir='ltr'><strong>in</strong></span> <span class='ocrx_word' id='word_1_380' title='bbox 1540 2773 1721 2843; x_wconf 79' lang='lat' dir='ltr'><strong>fugam</strong></span> <span class='ocrx_word' id='word_1_381' title='bbox 1757 2780 2014 2839; x_wconf 87' lang='lat' dir='ltr'><strong>verteret,</strong></span> <span class='ocrx_word' id='word_1_382' title='bbox 2046 2780 2101 2826; x_wconf 91' lang='lat' dir='ltr'><strong>et</strong></span> 
     </span>
    </p>
   </div>
   <div class='ocr_carea' id='block_1_53' title="bbox 2212 2759 3762 2855">
    <p class='ocr_par' dir='ltr' id='par_1_53' title="bbox 2212 2759 3762 2834">
     <span class='ocr_line' id='line_1_53' title="bbox 2212 2759 3762 2834; baseline -0.003 -19"><span class='ocrx_word' id='word_1_383' title='bbox 2212 2761 2503 2834; x_wconf 79' lang='grc' dir='ltr'>καταλύσῃ,</span> <span class='ocrx_word' id='word_1_384' title='bbox 2561 2760 2656 2814; x_wconf 82' lang='grc' dir='ltr'>καὶ</span> <span class='ocrx_word' id='word_1_385' title='bbox 2688 2759 2899 2832; x_wconf 88' lang='grc' dir='ltr'>μυρίων</span> <span class='ocrx_word' id='word_1_386' title='bbox 2928 2762 3281 2832; x_wconf 82' lang='grc' dir='ltr'>χαρισμάτων</span> <span class='ocrx_word' id='word_1_387' title='bbox 3309 2760 3407 2832; x_wconf 80' lang='grc' dir='ltr'>τὴν</span> <span class='ocrx_word' id='word_1_388' title='bbox 3450 2761 3762 2832; x_wconf 85' lang='grc' dir='ltr'>Ἐκκλησίαν</span> 
     </span>
    </p>
   </div>
   <div class='ocr_carea' id='block_1_54' title="bbox 528 2852 2107 2945">
    <p class='ocr_par' dir='ltr' id='par_1_54' title="bbox 528 2852 2103 2945">
     <span class='ocr_line' id='line_1_54' title="bbox 528 2852 2103 2945; baseline -0.007 -16"><span class='ocrx_word' id='word_1_389' title='bbox 528 2852 772 2945; x_wconf 69' lang='lat' dir='ltr'><strong>ipsorum</strong></span> <span class='ocrx_word' id='word_1_390' title='bbox 820 2872 1010 2927; x_wconf 85' lang='lat' dir='ltr'><strong>ducem</strong></span> <span class='ocrx_word' id='word_1_391' title='bbox 1069 2884 1320 2939; x_wconf 89' lang='lat' dir='ltr'><strong>magnum</strong></span> <span class='ocrx_word' id='word_1_392' title='bbox 1378 2866 1634 2935; x_wconf 86' lang='lat' dir='ltr'><strong>quiddam</strong></span> <span class='ocrx_word' id='word_1_393' title='bbox 1677 2866 1973 2934; x_wconf 81' lang='lat' dir='ltr'><strong>spirantem</strong></span> <span class='ocrx_word' id='word_1_394' title='bbox 2010 2864 2103 2918; x_wconf 89' lang='lat' dir='ltr'><strong>de-</strong></span> 
     </span>
    </p>
   </div>
   <div class='ocr_carea' id='block_1_55' title="bbox 2212 2852 3764 2945">
    <p class='ocr_par' dir='ltr' id='par_1_55' title="bbox 2212 2852 3764 2924">
     <span class='ocr_line' id='line_1_55' title="bbox 2212 2852 3764 2924; baseline -0.001 -17"><span class='ocrx_word' id='word_1_395' title='bbox 2212 2853 2476 2923; x_wconf 66' lang='grc' dir='ltr'>ἐμπλήσῃ.</span> <span class='ocrx_word' id='word_1_396' title='bbox 2522 2852 2581 2906; x_wconf 86' lang='lat'><strong>&#39;0</strong></span> <span class='ocrx_word' id='word_1_397' title='bbox 2623 2852 2897 2923; x_wconf 80' lang='grc' dir='ltr'>βασιλεὺς,</span> <span class='ocrx_word' id='word_1_398' title='bbox 2926 2855 3116 2923; x_wconf 76' lang='grc' dir='ltr'>φησὶν,</span> <span class='ocrx_word' id='word_1_399' title='bbox 3163 2854 3602 2924; x_wconf 77' lang='grc' dir='ltr'>ἐστρατήγησεν,</span> <span class='ocrx_word' id='word_1_400' title='bbox 3632 2853 3764 2921; x_wconf 77' lang='grc' dir='ltr'><strong>οὗχό</strong></span> 
     </span>
    </p>
   </div>
   <div class='ocr_carea' id='block_1_56' title="bbox 534 2944 2107 3028">
    <p class='ocr_par' dir='ltr' id='par_1_56' title="bbox 534 2944 2101 3028">
     <span class='ocr_line' id='line_1_56' title="bbox 534 2944 2101 3028; baseline -0.007 -8"><span class='ocrx_word' id='word_1_401' title='bbox 534 2944 792 3027; x_wconf 72' lang='lat' dir='ltr'><strong>strueret,</strong></span> <span class='ocrx_word' id='word_1_402' title='bbox 828 2971 884 3017; x_wconf 92' lang='lat' dir='ltr'><strong>et</strong></span> <span class='ocrx_word' id='word_1_403' title='bbox 932 2960 1155 3015; x_wconf 82' lang='lat' dir='ltr'><strong>inﬁnitis</strong></span> <span class='ocrx_word' id='word_1_404' title='bbox 1197 2958 1352 3012; x_wconf 90' lang='lat' dir='ltr'><strong>donis</strong></span> <span class='ocrx_word' id='word_1_405' title='bbox 1390 2957 1579 3028; x_wconf 72' lang='lat' dir='ltr'><strong>gratia:</strong></span> <span class='ocrx_word' id='word_1_406' title='bbox 1620 2955 1867 3024; x_wconf 87' lang='lat' dir='ltr'><strong>impleret</strong></span> <span class='ocrx_word' id='word_1_407' title='bbox 1912 2953 2101 3009; x_wconf 85' lang='lat' dir='ltr'><strong>Eccle-</strong></span> 
     </span>
    </p>
   </div>
   <div class='ocr_carea' id='block_1_57' title="bbox 2212 2944 3764 3028">
    <p class='ocr_par' dir='ltr' id='par_1_57' title="bbox 2212 2944 3764 3017">
     <span class='ocr_line' id='line_1_57' title="bbox 2212 2944 3764 3017; baseline 0 -18"><span class='ocrx_word' id='word_1_408' title='bbox 2212 2946 2512 3017; x_wconf 83' lang='grc' dir='ltr'>στρατηγὸς</span> <span class='ocrx_word' id='word_1_409' title='bbox 2543 2944 2807 3016; x_wconf 87' lang='grc' dir='ltr'>βασιλικῷ</span> <span class='ocrx_word' id='word_1_410' title='bbox 2849 2944 3120 3015; x_wconf 81' lang='grc' dir='ltr'>ἀξιώματι</span> <span class='ocrx_word' id='word_1_411' title='bbox 3151 2946 3489 3017; x_wconf 77' lang='grc' dir='ltr'>ἐκεκόσμητο</span> <span class='ocrx_word' id='word_1_412' title='bbox 3510 2960 3526 2974; x_wconf 85' lang='grc'><em>’</em></span> <span class='ocrx_word' id='word_1_413' title='bbox 3560 2950 3588 3000; x_wconf 84' lang='grc' dir='ltr'><strong>ὁ</strong></span> <span class='ocrx_word' id='word_1_414' title='bbox 3626 2946 3764 3017; x_wconf 82' lang='grc' dir='ltr'>βασι-</span> 
     </span>
    </p>
   </div>
   <div class='ocr_carea' id='block_1_58' title="bbox 530 3037 2107 3122">
    <p class='ocr_par' dir='ltr' id='par_1_58' title="bbox 530 3048 2096 3122">
     <span class='ocr_line' id='line_1_58' title="bbox 530 3048 2096 3122; baseline -0.008 -11"><span class='ocrx_word' id='word_1_415' title='bbox 530 3057 689 3112; x_wconf 81' lang='lat' dir='ltr'><strong>siatn.</strong></span> <span class='ocrx_word' id='word_1_416' title='bbox 746 3054 885 3120; x_wconf 82' lang='lat' dir='ltr'><strong>Rex,</strong></span> <span class='ocrx_word' id='word_1_417' title='bbox 938 3052 1113 3122; x_wconf 89' lang='lat' dir='ltr'><strong>inquit</strong></span> <span class='ocrx_word' id='word_1_418' title='bbox 1156 3049 1428 3122; x_wconf 89' lang='lat' dir='ltr'><strong>(Paulus),</strong></span> <span class='ocrx_word' id='word_1_419' title='bbox 1496 3048 1701 3102; x_wconf 68' lang='lat' dir='ltr'><strong>militiae</strong></span> <span class='ocrx_word' id='word_1_420' title='bbox 1742 3048 2096 3115; x_wconf 83' lang='lat' dir='ltr'><strong>principatum</strong></span> 
     </span>
    </p>
   </div>
   <div class='ocr_carea' id='block_1_59' title="bbox 2212 3037 3764 3122">
    <p class='ocr_par' dir='ltr' id='par_1_59' title="bbox 2212 3037 3764 3110">
     <span class='ocr_line' id='line_1_59' title="bbox 2212 3037 3764 3110; baseline 0 -19"><span class='ocrx_word' id='word_1_421' title='bbox 2212 3038 2325 3101; x_wconf 71' lang='grc' dir='ltr'>Ιιεὺς</span> <span class='ocrx_word' id='word_1_422' title='bbox 2346 3040 2411 3108; x_wconf 82' lang='grc' dir='ltr'>τῇ</span> <span class='ocrx_word' id='word_1_423' title='bbox 2429 3037 2520 3090; x_wconf 81' lang='grc' dir='ltr'>τοῦ</span> <span class='ocrx_word' id='word_1_424' title='bbox 2540 3037 2727 3091; x_wconf 83' lang='grc' dir='ltr'>δούλου</span> <span class='ocrx_word' id='word_1_425' title='bbox 2751 3041 2932 3109; x_wconf 81' lang='grc' dir='ltr'>μορφῇ</span> <span class='ocrx_word' id='word_1_426' title='bbox 2954 3037 3191 3110; x_wconf 71' lang='grc' dir='ltr'>ἔκρυψεν</span> <span class='ocrx_word' id='word_1_427' title='bbox 3207 3038 3398 3091; x_wconf 74' lang='grc' dir='ltr'>ἑαυτοῦ</span> <span class='ocrx_word' id='word_1_428' title='bbox 3419 3039 3519 3108; x_wconf 84' lang='grc' dir='ltr'><strong>τὴν</strong></span> <span class='ocrx_word' id='word_1_429' title='bbox 3541 3039 3691 3104; x_wconf 81' lang='grc' dir='ltr'>ἀξίαν</span> <span class='ocrx_word' id='word_1_430' title='bbox 3711 3040 3764 3091; x_wconf 80' lang='grc' dir='ltr'>ὲν</span> 
     </span>
    </p>
   </div>
   <div class='ocr_carea' id='block_1_60' title="bbox 531 3127 2107 3217">
    <p class='ocr_par' dir='ltr' id='par_1_60' title="bbox 531 3138 2100 3217">
     <span class='ocr_line' id='line_1_60' title="bbox 531 3138 2100 3217; baseline -0.006 -16"><span class='ocrx_word' id='word_1_431' title='bbox 531 3146 734 3217; x_wconf 87' lang='lat' dir='ltr'><strong>gessit;</strong></span> <span class='ocrx_word' id='word_1_432' title='bbox 771 3159 876 3199; x_wconf 92' lang='lat' dir='ltr'><strong>non</strong></span> <span class='ocrx_word' id='word_1_433' title='bbox 913 3153 1094 3198; x_wconf 90' lang='lat' dir='ltr'><strong>autem</strong></span> <span class='ocrx_word' id='word_1_434' title='bbox 1138 3143 1248 3197; x_wconf 80' lang='lat' dir='ltr'><strong>dux</strong></span> <span class='ocrx_word' id='word_1_435' title='bbox 1291 3140 1499 3195; x_wconf 61' lang='lat' dir='ltr'><strong>militiai</strong></span> <span class='ocrx_word' id='word_1_436' title='bbox 1530 3139 1673 3208; x_wconf 89' lang='lat' dir='ltr'><strong>regia</strong></span> <span class='ocrx_word' id='word_1_437' title='bbox 1713 3148 1799 3193; x_wconf 88' lang='lat' dir='ltr'><strong>est</strong></span> <span class='ocrx_word' id='word_1_438' title='bbox 1833 3138 2100 3207; x_wconf 84' lang='lat' dir='ltr'><strong>dignitate</strong></span> 
     </span>
    </p>
   </div>
   <div class='ocr_carea' id='block_1_61' title="bbox 2212 3127 3764 3217">
    <p class='ocr_par' dir='ltr' id='par_1_61' title="bbox 2212 3127 3764 3217">
     <span class='ocr_line' id='line_1_61' title="bbox 2212 3127 3764 3217; baseline 0.002 -37"><span class='ocrx_word' id='word_1_439' title='bbox 2212 3130 2267 3199; x_wconf 75' lang='grc' dir='ltr'><strong>τῇ</strong></span> <span class='ocrx_word' id='word_1_440' title='bbox 2301 3128 2631 3199; x_wconf 79' lang='grc' dir='ltr'>παρατάξει,</span> <span class='ocrx_word' id='word_1_441' title='bbox 2664 3128 2726 3181; x_wconf 86' lang='grc' dir='ltr'>οὐ</span> <span class='ocrx_word' id='word_1_442' title='bbox 2757 3127 3095 3217; x_wconf 77' lang='grc' dir='ltr'>στρατιώτης</span> <span class='ocrx_word' id='word_1_443' title='bbox 3125 3127 3389 3198; x_wconf 82' lang='grc' dir='ltr'>βασιλέως</span> <span class='ocrx_word' id='word_1_444' title='bbox 3414 3130 3637 3200; x_wconf 79' lang='grc' dir='ltr'>ἀξίωμα</span> <span class='ocrx_word' id='word_1_445' title='bbox 3664 3128 3764 3199; x_wconf 74' lang='lat'><strong>(33)</strong></span> 
     </span>
    </p>
   </div>
   <div class='ocr_carea' id='block_1_62' title="bbox 533 3215 2107 3301">
    <p class='ocr_par' dir='ltr' id='par_1_62' title="bbox 533 3215 2097 3301">
     <span class='ocr_line' id='line_1_62' title="bbox 533 3215 2097 3301; baseline -0.002 -16"><span class='ocrx_word' id='word_1_446' title='bbox 533 3215 822 3288; x_wconf 72' lang='lat' dir='ltr'><strong>decoratus</strong></span> <span class='ocrx_word' id='word_1_447' title='bbox 850 3244 864 3283; x_wconf 88' lang='lat'><strong>:</strong></span> <span class='ocrx_word' id='word_1_448' title='bbox 888 3247 1002 3295; x_wconf 77' lang='lat' dir='ltr'><strong>rex,</strong></span> <span class='ocrx_word' id='word_1_449' title='bbox 1030 3246 1183 3285; x_wconf 85' lang='lat' dir='ltr'><strong>suam</strong></span> <span class='ocrx_word' id='word_1_450' title='bbox 1218 3230 1390 3301; x_wconf 86' lang='lat' dir='ltr'><strong>ipsius</strong></span> <span class='ocrx_word' id='word_1_451' title='bbox 1415 3229 1736 3297; x_wconf 89' lang='lat' dir='ltr'><strong>dignitatem</strong></span> <span class='ocrx_word' id='word_1_452' title='bbox 1769 3229 1820 3282; x_wconf 93' lang='lat' dir='ltr'><strong>in</strong></span> <span class='ocrx_word' id='word_1_453' title='bbox 1853 3228 1971 3283; x_wconf 89' lang='lat' dir='ltr'><strong>acie</strong></span> <span class='ocrx_word' id='word_1_454' title='bbox 1996 3231 2097 3282; x_wconf 89' lang='lat' dir='ltr'><strong>sub</strong></span> 
     </span>
    </p>
   </div>
   <div class='ocr_carea' id='block_1_63' title="bbox 2212 3215 3765 3301">
    <p class='ocr_par' dir='ltr' id='par_1_63' title="bbox 2212 3215 3765 3292">
     <span class='ocr_line' id='line_1_63' title="bbox 2212 3215 3765 3292; baseline -0.001 -17"><span class='ocrx_word' id='word_1_455' title='bbox 2212 3220 2384 3292; x_wconf 72' lang='grc' dir='ltr'>ἑαυτῷ</span> <span class='ocrx_word' id='word_1_456' title='bbox 2413 3220 2742 3292; x_wconf 75' lang='grc' dir='ltr'>ὲπεφήμιζε.</span> <span class='ocrx_word' id='word_1_457' title='bbox 2771 3220 3036 3284; x_wconf 78' lang='grc' dir='ltr'>Βασιλεὺς</span> <span class='ocrx_word' id='word_1_458' title='bbox 3065 3215 3135 3289; x_wconf 76' lang='grc' dir='ltr'>ἦν</span> <span class='ocrx_word' id='word_1_459' title='bbox 3166 3219 3497 3290; x_wconf 84' lang='grc' dir='ltr'>νομοθετῶν,</span> <span class='ocrx_word' id='word_1_460' title='bbox 3526 3222 3591 3274; x_wconf 82' lang='grc' dir='ltr'>οὐ</span> <span class='ocrx_word' id='word_1_461' title='bbox 3622 3236 3765 3290; x_wconf 70' lang='lat' dir='ltr'><strong>619a-</strong></span> 
     </span>
    </p>
   </div>
   <div class='ocr_carea' id='block_1_64' title="bbox 538 3310 2107 3397">
    <p class='ocr_par' dir='ltr' id='par_1_64' title="bbox 538 3317 2107 3397">
     <span class='ocr_line' id='line_1_64' title="bbox 538 3317 2107 3397; baseline -0.003 -21"><span class='ocrx_word' id='word_1_462' title='bbox 538 3321 711 3377; x_wconf 80' lang='lat' dir='ltr'><strong>lorma</strong></span> <span class='ocrx_word' id='word_1_463' title='bbox 755 3320 897 3375; x_wconf 88' lang='lat' dir='ltr'><strong>servi</strong></span> <span class='ocrx_word' id='word_1_464' title='bbox 943 3320 1237 3374; x_wconf 86' lang='lat' dir='ltr'><strong>occultavit</strong></span> <span class='ocrx_word' id='word_1_465' title='bbox 1269 3336 1285 3374; x_wconf 91' lang='lat'><strong>:</strong></span> <span class='ocrx_word' id='word_1_466' title='bbox 1312 3334 1417 3373; x_wconf 95' lang='lat' dir='ltr'><strong>non</strong></span> <span class='ocrx_word' id='word_1_467' title='bbox 1460 3328 1639 3372; x_wconf 89' lang='lat' dir='ltr'><strong>autem</strong></span> <span class='ocrx_word' id='word_1_468' title='bbox 1689 3317 1844 3371; x_wconf 87' lang='lat' dir='ltr'><strong>miles</strong></span> <span class='ocrx_word' id='word_1_469' title='bbox 1877 3318 2107 3397; x_wconf 82' lang='lat' dir='ltr'><strong>dignita-</strong></span> 
     </span>
    </p>
   </div>
   <div class='ocr_carea' id='block_1_65' title="bbox 2212 3310 3767 3397">
    <p class='ocr_par' dir='ltr' id='par_1_65' title="bbox 2212 3310 3767 3385">
     <span class='ocr_line' id='line_1_65' title="bbox 2212 3310 3767 3385; baseline -0.003 -18"><span class='ocrx_word' id='word_1_470' title='bbox 2212 3312 2408 3385; x_wconf 79' lang='grc' dir='ltr'>ιιώτης</span> <span class='ocrx_word' id='word_1_471' title='bbox 2441 3313 2754 3383; x_wconf 86' lang='grc' dir='ltr'>νομοθετεῖν</span> <span class='ocrx_word' id='word_1_472' title='bbox 2795 3313 3126 3384; x_wconf 71' lang='grc' dir='ltr'>ἐπιχειρῶν*</span> <span class='ocrx_word' id='word_1_473' title='bbox 3173 3313 3237 3367; x_wconf 83' lang='grc' dir='ltr'>τὸ</span> <span class='ocrx_word' id='word_1_474' title='bbox 3290 3314 3419 3385; x_wconf 78' lang='grc' dir='ltr'>γὰρ,</span> <span class='ocrx_word' id='word_1_475' title='bbox 3476 3331 3496 3364; x_wconf 80' lang='grc' dir='ltr'><strong>ι</strong></span> <span class='ocrx_word' id='word_1_476' title='bbox 3560 3310 3767 3382; x_wconf 70' lang='grc' dir='ltr'>Ἐγὼδι</span> 
     </span>
    </p>
   </div>
   <div class='ocr_carea' id='block_1_66' title="bbox 540 3402 2107 3482">
    <p class='ocr_par' dir='ltr' id='par_1_66' title="bbox 540 3407 2106 3482">
     <span class='ocr_line' id='line_1_66' title="bbox 540 3407 2106 3482; baseline -0.002 -14"><span class='ocrx_word' id='word_1_477' title='bbox 540 3423 648 3468; x_wconf 89' lang='lat' dir='ltr'><strong>tetn</strong></span> <span class='ocrx_word' id='word_1_478' title='bbox 682 3410 825 3482; x_wconf 86' lang='lat' dir='ltr'><strong>regis</strong></span> <span class='ocrx_word' id='word_1_479' title='bbox 860 3410 976 3480; x_wconf 90' lang='lat' dir='ltr'><strong>ipse</strong></span> <span class='ocrx_word' id='word_1_480' title='bbox 1022 3411 1125 3465; x_wconf 87' lang='lat' dir='ltr'><strong>sibi</strong></span> <span class='ocrx_word' id='word_1_481' title='bbox 1156 3413 1447 3479; x_wconf 84' lang='lat' dir='ltr'><strong>arrogavit.</strong></span> <span class='ocrx_word' id='word_1_482' title='bbox 1496 3407 1615 3463; x_wconf 78' lang='lat' dir='ltr'><strong>Rex</strong></span> <span class='ocrx_word' id='word_1_483' title='bbox 1668 3418 1781 3464; x_wconf 84' lang='lat' dir='ltr'><strong>erat</strong></span> <span class='ocrx_word' id='word_1_484' title='bbox 1806 3412 1894 3478; x_wconf 93' lang='lat' dir='ltr'><strong>qui</strong></span> <span class='ocrx_word' id='word_1_485' title='bbox 1936 3411 2106 3480; x_wconf 90' lang='lat' dir='ltr'><strong>legem</strong></span> 
     </span>
    </p>
   </div>
   <div class='ocr_carea' id='block_1_67' title="bbox 2212 3402 3766 3482">
    <p class='ocr_par' dir='ltr' id='par_1_67' title="bbox 2212 3402 3766 3475">
     <span class='ocr_line' id='line_1_67' title="bbox 2212 3402 3766 3475; baseline -0.003 -16"><span class='ocrx_word' id='word_1_486' title='bbox 2212 3405 2353 3473; x_wconf 86' lang='grc' dir='ltr'>λέγω</span> <span class='ocrx_word' id='word_1_487' title='bbox 2398 3404 2551 3475; x_wconf 81' lang='grc' dir='ltr'>ὑμῖν,</span> <span class='ocrx_word' id='word_1_488' title='bbox 2593 3423 2612 3456; x_wconf 77' lang='grc' dir='ltr'><strong>ι</strong></span> <span class='ocrx_word' id='word_1_489' title='bbox 2654 3403 2937 3474; x_wconf 84' lang='grc' dir='ltr'>βασιλέως.</span> <span class='ocrx_word' id='word_1_490' title='bbox 2997 3403 3071 3457; x_wconf 87' lang='grc' dir='ltr'>Τδ</span> <span class='ocrx_word' id='word_1_491' title='bbox 3113 3403 3243 3475; x_wconf 85' lang='grc' dir='ltr'>γὰρ,</span> <span class='ocrx_word' id='word_1_492' title='bbox 3294 3423 3313 3456; x_wconf 76' lang='grc' dir='ltr'><strong>ι</strong></span> <span class='ocrx_word' id='word_1_493' title='bbox 3347 3404 3523 3467; x_wconf 82' lang='grc' dir='ltr'>Θέλω,</span> <span class='ocrx_word' id='word_1_494' title='bbox 3561 3402 3766 3471; x_wconf 84' lang='grc' dir='ltr'>καθαρί-</span> 
     </span>
    </p>
   </div>
   <div class='ocr_carea' id='block_1_68' title="bbox 538 3495 2107 3571">
    <p class='ocr_par' dir='ltr' id='par_1_68' title="bbox 538 3501 2107 3571">
     <span class='ocr_line' id='line_1_68' title="bbox 538 3501 2107 3571; baseline 0 -15"><span class='ocrx_word' id='word_1_495' title='bbox 538 3502 775 3567; x_wconf 74' lang='lat' dir='ltr'><strong>ferebat;</strong></span> <span class='ocrx_word' id='word_1_496' title='bbox 809 3517 914 3558; x_wconf 90' lang='lat' dir='ltr'><strong>non</strong></span> <span class='ocrx_word' id='word_1_497' title='bbox 944 3512 1123 3556; x_wconf 89' lang='lat' dir='ltr'><strong>autem</strong></span> <span class='ocrx_word' id='word_1_498' title='bbox 1155 3502 1309 3557; x_wconf 87' lang='lat' dir='ltr'><strong>miles</strong></span> <span class='ocrx_word' id='word_1_499' title='bbox 1342 3501 1731 3571; x_wconf 89' lang='lat' dir='ltr'><strong>legislationem</strong></span> <span class='ocrx_word' id='word_1_500' title='bbox 1765 3502 1982 3571; x_wconf 82' lang='lat' dir='ltr'><strong>aggredi</strong></span> <span class='ocrx_word' id='word_1_501' title='bbox 2012 3516 2107 3556; x_wconf 85' lang='lat' dir='ltr'><strong>au-</strong></span> 
     </span>
    </p>
   </div>
   <div class='ocr_carea' id='block_1_69' title="bbox 2212 3495 3768 3571">
    <p class='ocr_par' dir='ltr' id='par_1_69' title="bbox 2215 3495 3768 3569">
     <span class='ocr_line' id='line_1_69' title="bbox 2215 3495 3768 3569; baseline -0.001 -20"><span class='ocrx_word' id='word_1_502' title='bbox 2215 3497 2393 3566; x_wconf 89' lang='grc' dir='ltr'>σθητι,</span> <span class='ocrx_word' id='word_1_503' title='bbox 2435 3516 2473 3551; x_wconf 78' lang='grc' dir='ltr'><strong>ι,</strong></span> <span class='ocrx_word' id='word_1_504' title='bbox 2504 3496 2905 3567; x_wconf 84' lang='grc' dir='ltr'>αὐτοκράτορος</span> <span class='ocrx_word' id='word_1_505' title='bbox 2924 3515 2939 3528; x_wconf 91' lang='grc'><strong>·</strong></span> <span class='ocrx_word' id='word_1_506' title='bbox 2970 3497 3057 3563; x_wconf 84' lang='grc' dir='ltr'>τὸ,</span> <span class='ocrx_word' id='word_1_507' title='bbox 3108 3516 3127 3548; x_wconf 79' lang='grc' dir='ltr'><strong>ι</strong></span> <span class='ocrx_word' id='word_1_508' title='bbox 3159 3497 3450 3569; x_wconf 89' lang='grc' dir='ltr'>Γενηθήτω</span> <span class='ocrx_word' id='word_1_509' title='bbox 3479 3515 3566 3551; x_wconf 92' lang='grc' dir='ltr'><strong>σοι</strong></span> <span class='ocrx_word' id='word_1_510' title='bbox 3595 3498 3666 3561; x_wconf 87' lang='grc' dir='ltr'>ὡς</span> <span class='ocrx_word' id='word_1_511' title='bbox 3694 3495 3768 3548; x_wconf 74' lang='grc' dir='ltr'>θέ-</span> 
     </span>
    </p>
   </div>
   <div class='ocr_carea' id='block_1_70' title="bbox 540 3587 2107 3660">
    <p class='ocr_par' dir='ltr' id='par_1_70' title="bbox 540 3590 2105 3660">
     <span class='ocr_line' id='line_1_70' title="bbox 540 3590 2105 3660; baseline 0 -15"><span class='ocrx_word' id='word_1_512' title='bbox 540 3607 655 3645; x_wconf 87' lang='lat' dir='ltr'><strong>sus.</strong></span> <span class='ocrx_word' id='word_1_513' title='bbox 705 3591 837 3645; x_wconf 88' lang='lat' dir='ltr'><strong>Illud</strong></span> <span class='ocrx_word' id='word_1_514' title='bbox 894 3591 1039 3645; x_wconf 89' lang='lat' dir='ltr'><strong>enim</strong></span> <span class='ocrx_word' id='word_1_515' title='bbox 1067 3609 1082 3645; x_wconf 85' lang='lat'><strong>:</strong></span> <span class='ocrx_word' id='word_1_516' title='bbox 1115 3609 1133 3643; x_wconf 82' lang='grc' dir='ltr'><strong>ι</strong></span> <span class='ocrx_word' id='word_1_517' title='bbox 1166 3590 1277 3660; x_wconf 88' lang='lat' dir='ltr'><strong>Ego</strong></span> <span class='ocrx_word' id='word_1_518' title='bbox 1329 3606 1458 3645; x_wconf 91' lang='lat' dir='ltr'><strong>vero</strong></span> <span class='ocrx_word' id='word_1_519' title='bbox 1502 3590 1623 3645; x_wconf 88' lang='lat' dir='ltr'><strong>dico</strong></span> <span class='ocrx_word' id='word_1_520' title='bbox 1675 3590 1875 3654; x_wconf 88' lang='lat' dir='ltr'><strong>vobis,</strong></span> <span class='ocrx_word' id='word_1_521' title='bbox 1911 3609 1930 3642; x_wconf 70' lang='grc' dir='ltr'><strong>ι</strong></span> <span class='ocrx_word' id='word_1_522' title='bbox 1994 3592 2105 3660; x_wconf 90' lang='lat' dir='ltr'><strong>regi</strong></span> 
     </span>
    </p>
   </div>
   <div class='ocr_carea' id='block_1_71' title="bbox 2212 3587 3764 3660">
    <p class='ocr_par' dir='ltr' id='par_1_71' title="bbox 2212 3587 3764 3659">
     <span class='ocr_line' id='line_1_71' title="bbox 2212 3587 3764 3659; baseline -0.001 -18"><span class='ocrx_word' id='word_1_523' title='bbox 2212 3587 2377 3653; x_wconf 78' lang='grc' dir='ltr'>λεις,ι</span> <span class='ocrx_word' id='word_1_524' title='bbox 2421 3587 2685 3657; x_wconf 83' lang='grc' dir='ltr'>αὐτοτελῆ</span> <span class='ocrx_word' id='word_1_525' title='bbox 2712 3590 2811 3653; x_wconf 84' lang='grc' dir='ltr'>τὴν</span> <span class='ocrx_word' id='word_1_526' title='bbox 2842 3587 3087 3652; x_wconf 76' lang='grc' dir='ltr'>ἐξουσίαν</span> <span class='ocrx_word' id='word_1_527' title='bbox 3114 3588 3348 3659; x_wconf 73' lang='grc' dir='ltr'>ἔχοντος·</span> <span class='ocrx_word' id='word_1_528' title='bbox 3381 3590 3463 3655; x_wconf 77' lang='grc' dir='ltr'>τὸ,</span> <span class='ocrx_word' id='word_1_529' title='bbox 3511 3608 3533 3641; x_wconf 70' lang='grc' dir='ltr'><strong>ε</strong></span> <span class='ocrx_word' id='word_1_530' title='bbox 3583 3588 3764 3651; x_wconf 78' lang='grc' dir='ltr'>Σιώπα,</span> 
     </span>
    </p>
   </div>
   <div class='ocr_carea' id='block_1_72' title="bbox 539 3678 2098 3749">
    <p class='ocr_par' dir='ltr' id='par_1_72' title="bbox 539 3678 2098 3749">
     <span class='ocr_line' id='line_1_72' title="bbox 539 3678 2098 3749; baseline 0 -16"><span class='ocrx_word' id='word_1_531' title='bbox 539 3680 829 3741; x_wconf 85' lang='lat' dir='ltr'><strong>convenit;</strong></span> <span class='ocrx_word' id='word_1_532' title='bbox 878 3679 1008 3734; x_wconf 93' lang='lat' dir='ltr'><strong>illud</strong></span> <span class='ocrx_word' id='word_1_533' title='bbox 1059 3695 1322 3749; x_wconf 89' lang='lat' dir='ltr'><strong>quoque:</strong></span> <span class='ocrx_word' id='word_1_534' title='bbox 1363 3697 1382 3730; x_wconf 81' lang='grc' dir='ltr'><strong>ι</strong></span> <span class='ocrx_word' id='word_1_535' title='bbox 1418 3678 1569 3745; x_wconf 82' lang='lat' dir='ltr'><strong>Volo,</strong></span> <span class='ocrx_word' id='word_1_536' title='bbox 1628 3682 1857 3734; x_wconf 88' lang='lat' dir='ltr'><strong>mundus</strong></span> <span class='ocrx_word' id='word_1_537' title='bbox 1906 3691 2046 3743; x_wconf 89' lang='lat' dir='ltr'><strong>esto,</strong></span> <span class='ocrx_word' id='word_1_538' title='bbox 2078 3699 2098 3733; x_wconf 72' lang='grc' dir='ltr'><strong>ι</strong></span> 
     </span>
    </p>
   </div>
   <div class='ocr_carea' id='block_1_73' title="bbox 545 3771 2105 3841">
    <p class='ocr_par' dir='ltr' id='par_1_73' title="bbox 545 3771 2105 3841">
     <span class='ocr_line' id='line_1_73' title="bbox 545 3771 2105 3841; baseline 0 -16"><span class='ocrx_word' id='word_1_539' title='bbox 545 3772 895 3840; x_wconf 89' lang='lat' dir='ltr'><strong>imperatoris</strong></span> <span class='ocrx_word' id='word_1_540' title='bbox 932 3782 1016 3826; x_wconf 86' lang='lat' dir='ltr'><strong>est</strong></span> <span class='ocrx_word' id='word_1_541' title='bbox 1050 3771 1324 3841; x_wconf 90' lang='lat' dir='ltr'><strong>proprium</strong></span> <span class='ocrx_word' id='word_1_542' title='bbox 1350 3772 1563 3840; x_wconf 87' lang='lat' dir='ltr'><strong>dicere;</strong></span> <span class='ocrx_word' id='word_1_543' title='bbox 1592 3772 1722 3826; x_wconf 83' lang='lat' dir='ltr'><strong>illud</strong></span> <span class='ocrx_word' id='word_1_544' title='bbox 1750 3789 1764 3825; x_wconf 93' lang='lat'><strong>:</strong></span> <span class='ocrx_word' id='word_1_545' title='bbox 1799 3790 1817 3822; x_wconf 78' lang='grc' dir='ltr'><strong>ι</strong></span> <span class='ocrx_word' id='word_1_546' title='bbox 1850 3771 1972 3826; x_wconf 86' lang='lat' dir='ltr'><strong>Fiat</strong></span> <span class='ocrx_word' id='word_1_547' title='bbox 2011 3772 2105 3825; x_wconf 91' lang='lat' dir='ltr'><strong>tibi</strong></span> 
     </span>
    </p>
   </div>
   <div class='ocr_carea' id='block_1_74' title="bbox 542 3862 2108 3932">
    <p class='ocr_par' dir='ltr' id='par_1_74' title="bbox 542 3862 2108 3932">
     <span class='ocr_line' id='line_1_74' title="bbox 542 3862 2108 3932; baseline 0.001 -17"><span class='ocrx_word' id='word_1_548' title='bbox 542 3863 685 3916; x_wconf 84' lang='lat' dir='ltr'><strong>sicut</strong></span> <span class='ocrx_word' id='word_1_549' title='bbox 717 3863 820 3927; x_wconf 86' lang='lat' dir='ltr'><strong>vis,</strong></span> <span class='ocrx_word' id='word_1_550' title='bbox 855 3880 873 3914; x_wconf 75' lang='grc' dir='ltr'><strong>ι</strong></span> <span class='ocrx_word' id='word_1_551' title='bbox 913 3862 1030 3930; x_wconf 89' lang='lat' dir='ltr'><strong>ejus</strong></span> <span class='ocrx_word' id='word_1_552' title='bbox 1064 3872 1169 3929; x_wconf 89' lang='lat' dir='ltr'><strong>est,</strong></span> <span class='ocrx_word' id='word_1_553' title='bbox 1203 3862 1294 3930; x_wconf 92' lang='lat' dir='ltr'><strong>qui</strong></span> <span class='ocrx_word' id='word_1_554' title='bbox 1333 3864 1636 3919; x_wconf 84' lang='lat' dir='ltr'><strong>absolutam</strong></span> <span class='ocrx_word' id='word_1_555' title='bbox 1682 3865 1845 3918; x_wconf 84' lang='lat' dir='ltr'><strong>habet</strong></span> <span class='ocrx_word' id='word_1_556' title='bbox 1873 3873 2108 3932; x_wconf 89' lang='lat' dir='ltr'><strong>potesta-</strong></span> 
     </span>
    </p>
   </div>
   <div class='ocr_carea' id='block_1_75' title="bbox 545 3953 2111 4021">
    <p class='ocr_par' dir='ltr' id='par_1_75' title="bbox 545 3953 2111 4021">
     <span class='ocr_line' id='line_1_75' title="bbox 545 3953 2111 4021; baseline -0.001 -13"><span class='ocrx_word' id='word_1_557' title='bbox 545 3964 688 4019; x_wconf 90' lang='lat' dir='ltr'><strong>tem;</strong></span> <span class='ocrx_word' id='word_1_558' title='bbox 749 3954 922 4011; x_wconf 85' lang='lat' dir='ltr'><strong>illud;</strong></span> <span class='ocrx_word' id='word_1_559' title='bbox 961 3973 980 4006; x_wconf 80' lang='grc' dir='ltr'><strong>ι</strong></span> <span class='ocrx_word' id='word_1_560' title='bbox 1011 3953 1532 4021; x_wconf 86' lang='lat' dir='ltr'><strong>Tacc,obmutesce</strong></span> <span class='ocrx_word' id='word_1_561' title='bbox 1552 3957 1622 4020; x_wconf 71' lang='grc'><strong>⁸⁸,</strong></span> <span class='ocrx_word' id='word_1_562' title='bbox 1667 3974 1686 4008; x_wconf 77' lang='grc' dir='ltr'><strong>ι</strong></span> <span class='ocrx_word' id='word_1_563' title='bbox 1747 3957 1947 4009; x_wconf 88' lang='lat' dir='ltr'><strong>domini</strong></span> <span class='ocrx_word' id='word_1_564' title='bbox 1994 3966 2111 4021; x_wconf 90' lang='lat' dir='ltr'><strong>est;</strong></span> 
     </span>
    </p>
   </div>
   <div class='ocr_carea' id='block_1_76' title="bbox 543 4044 2114 4115">
    <p class='ocr_par' dir='ltr' id='par_1_76' title="bbox 543 4044 2114 4115">
     <span class='ocr_line' id='line_1_76' title="bbox 543 4044 2114 4115; baseline 0.003 -18"><span class='ocrx_word' id='word_1_565' title='bbox 543 4058 772 4115; x_wconf 66' lang='lat' dir='ltr'><strong>quaeque</strong></span> <span class='ocrx_word' id='word_1_566' title='bbox 801 4053 929 4100; x_wconf 88' lang='lat' dir='ltr'><strong>sunt</strong></span> <span class='ocrx_word' id='word_1_567' title='bbox 962 4055 1159 4102; x_wconf 62' lang='lat' dir='ltr'><strong>castera</strong></span> <span class='ocrx_word' id='word_1_568' title='bbox 1191 4047 1257 4102; x_wconf 87' lang='lat' dir='ltr'><strong>de</strong></span> <span class='ocrx_word' id='word_1_569' title='bbox 1289 4061 1489 4115; x_wconf 87' lang='lat' dir='ltr'><strong>genere</strong></span> <span class='ocrx_word' id='word_1_570' title='bbox 1519 4046 1624 4101; x_wconf 89' lang='lat' dir='ltr'><strong>isto</strong></span> <span class='ocrx_word' id='word_1_571' title='bbox 1652 4055 1706 4101; x_wconf 90' lang='lat' dir='ltr'><strong>et</strong></span> <span class='ocrx_word' id='word_1_572' title='bbox 1735 4044 2022 4114; x_wconf 81' lang='lat' dir='ltr'><strong>ejusmodi,</strong></span> <span class='ocrx_word' id='word_1_573' title='bbox 2046 4061 2114 4101; x_wconf 84' lang='lat' dir='ltr'><strong>ne</strong></span> 
     </span>
    </p>
   </div>
   <div class='ocr_carea' id='block_1_77' title="bbox 615 4221 1630 4290">
    <p class='ocr_par' dir='ltr' id='par_1_77' title="bbox 615 4221 1630 4290">
     <span class='ocr_line' id='line_1_77' title="bbox 615 4221 1630 4290; baseline -0.003 -11"><span class='ocrx_word' id='word_1_574' title='bbox 615 4222 664 4255; x_wconf 81' lang='grc'><strong><em>³⁵</em></strong></span> <span class='ocrx_word' id='word_1_575' title='bbox 689 4221 899 4279; x_wconf 87' lang='lat' dir='ltr'><strong>Coloss.</strong></span> <span class='ocrx_word' id='word_1_576' title='bbox 933 4237 996 4288; x_wconf 86' lang='grc' dir='ltr'><strong>ιι,</strong></span> <span class='ocrx_word' id='word_1_577' title='bbox 1024 4223 1081 4279; x_wconf 88' lang='lat'><strong>9.</strong></span> <span class='ocrx_word' id='word_1_578' title='bbox 1152 4222 1200 4257; x_wconf 78' lang='lat'><strong>&quot;</strong></span> <span class='ocrx_word' id='word_1_579' title='bbox 1220 4221 1392 4279; x_wconf 82' lang='lat' dir='ltr'><strong>Marc.</strong></span> <span class='ocrx_word' id='word_1_580' title='bbox 1426 4238 1503 4290; x_wconf 90' lang='lat' dir='ltr'><strong>tv,</strong></span> <span class='ocrx_word' id='word_1_581' title='bbox 1536 4222 1630 4279; x_wconf 72' lang='lat'><strong>59.</strong></span> 
     </span>
    </p>
   </div>
   <div class='ocr_carea' id='block_1_78' title="bbox 2215 3677 3769 3750">
    <p class='ocr_par' dir='ltr' id='par_1_78' title="bbox 2215 3677 3769 3750">
     <span class='ocr_line' id='line_1_78' title="bbox 2215 3677 3769 3750; baseline 0.001 -18"><span class='ocrx_word' id='word_1_582' title='bbox 2215 3680 2528 3750; x_wconf 84' lang='grc' dir='ltr'>πεφίμωσο,</span> <span class='ocrx_word' id='word_1_583' title='bbox 2572 3699 2591 3732; x_wconf 75' lang='grc' dir='ltr'><strong>ι</strong></span> <span class='ocrx_word' id='word_1_584' title='bbox 2643 3680 2937 3733; x_wconf 86' lang='grc' dir='ltr'>δεσπότου·</span> <span class='ocrx_word' id='word_1_585' title='bbox 2992 3680 3085 3734; x_wconf 78' lang='grc' dir='ltr'>καὶ</span> <span class='ocrx_word' id='word_1_586' title='bbox 3129 3681 3229 3733; x_wconf 84' lang='grc' dir='ltr'>ὅσα</span> <span class='ocrx_word' id='word_1_587' title='bbox 3276 3681 3523 3741; x_wconf 81' lang='grc' dir='ltr'>τοιαῦτα,</span> <span class='ocrx_word' id='word_1_588' title='bbox 3582 3682 3665 3734; x_wconf 78' lang='grc' dir='ltr'>ἵνα</span> <span class='ocrx_word' id='word_1_589' title='bbox 3703 3677 3769 3748; x_wconf 80' lang='grc' dir='ltr'>μὴ</span> 
     </span>
    </p>
   </div>
   <div class='ocr_carea' id='block_1_79' title="bbox 2211 3770 3767 3843">
    <p class='ocr_par' dir='ltr' id='par_1_79' title="bbox 2211 3770 3767 3843">
     <span class='ocr_line' id='line_1_79' title="bbox 2211 3770 3767 3843; baseline -0.004 -17"><span class='ocrx_word' id='word_1_590' title='bbox 2211 3773 2391 3826; x_wconf 84' lang='grc' dir='ltr'>πάντα</span> <span class='ocrx_word' id='word_1_591' title='bbox 2439 3772 2753 3840; x_wconf 85' lang='grc' dir='ltr'>καταλέγων</span> <span class='ocrx_word' id='word_1_592' title='bbox 2801 3772 3027 3843; x_wconf 86' lang='grc' dir='ltr'>μηκύνω</span> <span class='ocrx_word' id='word_1_593' title='bbox 3052 3772 3144 3825; x_wconf 83' lang='grc' dir='ltr'>τὸν</span> <span class='ocrx_word' id='word_1_594' title='bbox 3188 3772 3346 3840; x_wconf 90' lang='grc' dir='ltr'>λόγον</span> <span class='ocrx_word' id='word_1_595' title='bbox 3378 3774 3519 3842; x_wconf 66' lang='grc'>(54).</span> <span class='ocrx_word' id='word_1_596' title='bbox 3556 3774 3618 3827; x_wconf 77' lang='grc' dir='ltr'><strong>Εἰ</strong></span> <span class='ocrx_word' id='word_1_597' title='bbox 3645 3772 3694 3824; x_wconf 81' lang='grc' dir='ltr'><strong>δὲ</strong></span> <span class='ocrx_word' id='word_1_598' title='bbox 3716 3770 3767 3821; x_wconf 82' lang='grc' dir='ltr'>τὸ</span> 
     </span>
    </p>
   </div>
   <div class='ocr_carea' id='block_1_80' title="bbox 2213 3860 3765 3934">
    <p class='ocr_par' dir='ltr' id='par_1_80' title="bbox 2213 3860 3765 3934">
     <span class='ocr_line' id='line_1_80' title="bbox 2213 3860 3765 3934; baseline -0.003 -17"><span class='ocrx_word' id='word_1_599' title='bbox 2213 3864 2385 3927; x_wconf 80' lang='grc' dir='ltr'>πάθος</span> <span class='ocrx_word' id='word_1_600' title='bbox 2429 3881 2489 3917; x_wconf 89' lang='grc' dir='ltr'><strong>σε</strong></span> <span class='ocrx_word' id='word_1_601' title='bbox 2534 3864 2827 3934; x_wconf 88' lang='grc' dir='ltr'>ταράττει,</span> <span class='ocrx_word' id='word_1_602' title='bbox 2871 3864 2932 3916; x_wconf 82' lang='grc' dir='ltr'>τὸ</span> <span class='ocrx_word' id='word_1_603' title='bbox 2982 3864 3125 3917; x_wconf 83' lang='grc' dir='ltr'>κατὰ</span> <span class='ocrx_word' id='word_1_604' title='bbox 3172 3861 3307 3916; x_wconf 88' lang='grc' dir='ltr'><strong>Θεοῦ</strong></span> <span class='ocrx_word' id='word_1_605' title='bbox 3341 3863 3442 3933; x_wconf 83' lang='grc' dir='ltr'>μὲν</span> <span class='ocrx_word' id='word_1_606' title='bbox 3492 3860 3765 3933; x_wconf 82' lang='grc' dir='ltr'>τολμηθὲν,</span> 
     </span>
    </p>
   </div>
   <div class='ocr_carea' id='block_1_81' title="bbox 2218 3951 3768 4026">
    <p class='ocr_par' dir='ltr' id='par_1_81' title="bbox 2218 3951 3768 4026">
     <span class='ocr_line' id='line_1_81' title="bbox 2218 3951 3768 4026; baseline -0.003 -18"><span class='ocrx_word' id='word_1_607' title='bbox 2218 3956 2417 4026; x_wconf 80' lang='grc' dir='ltr'>σαρκὸς</span> <span class='ocrx_word' id='word_1_608' title='bbox 2444 3956 2499 4009; x_wconf 85' lang='grc' dir='ltr'><strong>δὲ</strong></span> <span class='ocrx_word' id='word_1_609' title='bbox 2536 3956 2812 4026; x_wconf 80' lang='grc' dir='ltr'>ἁψάμενον</span> <span class='ocrx_word' id='word_1_610' title='bbox 2844 3956 2981 4025; x_wconf 81' lang='grc'>(55)⁶</span> <span class='ocrx_word' id='word_1_611' title='bbox 3023 3955 3189 4009; x_wconf 79' lang='grc' dir='ltr'>ἄκουε</span> <span class='ocrx_word' id='word_1_612' title='bbox 3220 3955 3315 4008; x_wconf 84' lang='grc' dir='ltr'>τοῦ</span> <span class='ocrx_word' id='word_1_613' title='bbox 3348 3954 3647 4025; x_wconf 86' lang='grc' dir='ltr'>κορυφαίου</span> <span class='ocrx_word' id='word_1_614' title='bbox 3673 3951 3768 4004; x_wconf 85' lang='grc' dir='ltr'>τῶν</span> 
     </span>
    </p>
   </div>
   <div class='ocr_carea' id='block_1_82' title="bbox 2220 4042 3764 4119">
    <p class='ocr_par' dir='ltr' id='par_1_82' title="bbox 2220 4042 3764 4119">
     <span class='ocr_line' id='line_1_82' title="bbox 2220 4042 3764 4119; baseline -0.006 -16"><span class='ocrx_word' id='word_1_615' title='bbox 2220 4047 2532 4103; x_wconf 82' lang='grc' dir='ltr'>ἀποστόλων</span> <span class='ocrx_word' id='word_1_616' title='bbox 2547 4047 2797 4118; x_wconf 88' lang='grc' dir='ltr'>λέγοντος</span> <span class='ocrx_word' id='word_1_617' title='bbox 2815 4064 2832 4082; x_wconf 80' lang='grc' dir='ltr'><strong>ο</strong></span> <span class='ocrx_word' id='word_1_618' title='bbox 2857 4066 2875 4100; x_wconf 80' lang='grc' dir='ltr'><strong>ι</strong></span> <span class='ocrx_word' id='word_1_619' title='bbox 2897 4046 3136 4119; x_wconf 82' lang='grc' dir='ltr'>Χριστοῦ</span> <span class='ocrx_word' id='word_1_620' title='bbox 3155 4042 3250 4101; x_wconf 82' lang='grc' dir='ltr'>οὖν</span> <span class='ocrx_word' id='word_1_621' title='bbox 3266 4046 3533 4111; x_wconf 86' lang='grc' dir='ltr'>παθόντος</span> <span class='ocrx_word' id='word_1_622' title='bbox 3554 4042 3725 4116; x_wconf 86' lang='grc' dir='ltr'>σαρκί.</span> <span class='ocrx_word' id='word_1_623' title='bbox 3747 4060 3764 4094; x_wconf 80' lang='grc' dir='ltr'><strong>ι</strong></span> 
     </span>
    </p>
   </div>
   <div class='ocr_carea' id='block_1_83' title="bbox 1670 4369 2717 4437">
    <p class='ocr_par' dir='ltr' id='par_1_83' title="bbox 1670 4369 2717 4437">
     <span class='ocr_line' id='line_1_83' title="bbox 1670 4369 2717 4437; baseline 0.001 -10"><span class='ocrx_word' id='word_1_624' title='bbox 1670 4370 1906 4428; x_wconf 65' lang='lat' dir='ltr'><strong>VARIIE</strong></span> <span class='ocrx_word' id='word_1_625' title='bbox 1943 4371 2325 4429; x_wconf 78' lang='lat' dir='ltr'><strong>LECTIONES</strong></span> <span class='ocrx_word' id='word_1_626' title='bbox 2363 4370 2450 4427; x_wconf 85' lang='lat' dir='ltr'><strong>ET</strong></span> <span class='ocrx_word' id='word_1_627' title='bbox 2487 4369 2717 4437; x_wconf 68' lang='grc' dir='ltr'><strong>ΝΟΤίΕ,</strong></span> 
     </span>
    </p>
   </div>
   <div class='ocr_carea' id='block_1_84' title="bbox 626 4527 2107 4600">
    <p class='ocr_par' dir='ltr' id='par_1_84' title="bbox 626 4528 2107 4600">
     <span class='ocr_line' id='line_1_84' title="bbox 626 4528 2107 4600; baseline -0.001 -16"><span class='ocrx_word' id='word_1_628' title='bbox 626 4530 742 4600; x_wconf 72' lang='lat'><strong>(28)</strong></span> <span class='ocrx_word' id='word_1_629' title='bbox 775 4528 857 4596; x_wconf 87' lang='grc' dir='ltr'><strong>Τῷ</strong></span> <span class='ocrx_word' id='word_1_630' title='bbox 885 4530 1087 4598; x_wconf 76' lang='grc' dir='ltr'>θηρίῳ.</span> <span class='ocrx_word' id='word_1_631' title='bbox 1116 4530 1356 4599; x_wconf 88' lang='lat' dir='ltr'><strong>lntellige</strong></span> <span class='ocrx_word' id='word_1_632' title='bbox 1384 4530 1465 4585; x_wconf 88' lang='lat' dir='ltr'><strong>vel</strong></span> <span class='ocrx_word' id='word_1_633' title='bbox 1491 4530 1663 4599; x_wconf 90' lang='lat' dir='ltr'><strong>ipsum</strong></span> <span class='ocrx_word' id='word_1_634' title='bbox 1711 4531 2005 4597; x_wconf 90' lang='lat' dir='ltr'><strong>diabolum,</strong></span> <span class='ocrx_word' id='word_1_635' title='bbox 2030 4530 2107 4584; x_wconf 88' lang='lat' dir='ltr'><strong>vel</strong></span> 
     </span>
    </p>
   </div>
   <div class='ocr_carea' id='block_1_85' title="bbox 2212 4527 3767 4600">
    <p class='ocr_par' dir='ltr' id='par_1_85' title="bbox 2223 4527 3767 4600">
     <span class='ocr_line' id='line_1_85' title="bbox 2223 4527 3767 4600; baseline -0.002 -15"><span class='ocrx_word' id='word_1_636' title='bbox 2223 4598 2265 4600; x_wconf 40' lang='grc' dir='ltr'>η</span> <span class='ocrx_word' id='word_1_637' title='bbox 2292 4530 2405 4600; x_wconf 78' lang='lat'><strong>(5|)</strong></span> <span class='ocrx_word' id='word_1_638' title='bbox 2429 4527 2542 4600; x_wconf 15' lang='grc' dir='ltr'><strong>,Ριο</strong></span> <span class='ocrx_word' id='word_1_639' title='bbox 2568 4532 2813 4583; x_wconf 86' lang='grc' dir='ltr'>κατοικεῖ</span> <span class='ocrx_word' id='word_1_640' title='bbox 2839 4530 2959 4585; x_wconf 91' lang='lat' dir='ltr'><strong>cod.</strong></span> <span class='ocrx_word' id='word_1_641' title='bbox 3009 4529 3132 4586; x_wconf 79' lang='lat' dir='ltr'><strong>Vat.</strong></span> <span class='ocrx_word' id='word_1_642' title='bbox 3158 4532 3260 4587; x_wconf 81' lang='lat'><strong>650</strong></span> <span class='ocrx_word' id='word_1_643' title='bbox 3290 4532 3449 4587; x_wconf 89' lang='lat' dir='ltr'><strong>habet</strong></span> <span class='ocrx_word' id='word_1_644' title='bbox 3494 4532 3767 4587; x_wconf 86' lang='grc' dir='ltr'>κατοικεῖν.</span> 
     </span>
    </p>
   </div>
   <div class='ocr_carea' id='block_1_86' title="bbox 551 4598 2107 4672">
    <p class='ocr_par' dir='ltr' id='par_1_86' title="bbox 551 4598 2107 4672">
     <span class='ocr_line' id='line_1_86' title="bbox 551 4598 2107 4672; baseline -0.002 -16"><span class='ocrx_word' id='word_1_645' title='bbox 551 4598 800 4672; x_wconf 73' lang='lat' dir='ltr'><strong>spurcam</strong></span> <span class='ocrx_word' id='word_1_646' title='bbox 849 4612 904 4672; x_wconf 79' lang='lat' dir='ltr'><strong>et</strong></span> <span class='ocrx_word' id='word_1_647' title='bbox 940 4603 1138 4672; x_wconf 60' lang='lat' dir='ltr'><strong>laedam</strong></span> <span class='ocrx_word' id='word_1_648' title='bbox 1183 4598 1523 4672; x_wconf 83' lang='lat' dir='ltr'><strong>voluptatum</strong></span> <span class='ocrx_word' id='word_1_649' title='bbox 1569 4601 1880 4666; x_wconf 89' lang='lat' dir='ltr'><strong>libidinem,</strong></span> <span class='ocrx_word' id='word_1_650' title='bbox 1907 4617 1958 4672; x_wconf 23' lang='lat' dir='ltr'><strong>ia</strong></span> <span class='ocrx_word' id='word_1_651' title='bbox 2005 4615 2107 4668; x_wconf 88' lang='lat' dir='ltr'><strong>qua</strong></span> 
     </span>
    </p>
   </div>
   <div class='ocr_carea' id='block_1_87' title="bbox 2212 4598 3542 4672">
    <p class='ocr_par' dir='ltr' id='par_1_87' title="bbox 2222 4598 3542 4672">
     <span class='ocr_line' id='line_1_87' title="bbox 2222 4598 3542 4672; baseline 0.002 -17"><span class='ocrx_word' id='word_1_652' title='bbox 2222 4598 2392 4672; x_wconf 50' lang='lat' dir='ltr'><strong>Vens.</strong></span> <span class='ocrx_word' id='word_1_653' title='bbox 2479 4616 2575 4668; x_wconf 93' lang='lat' dir='ltr'><strong>pro</strong></span> <span class='ocrx_word' id='word_1_654' title='bbox 2604 4600 2822 4653; x_wconf 85' lang='grc' dir='ltr'>ὲνουσία</span> <span class='ocrx_word' id='word_1_655' title='bbox 2855 4602 3043 4657; x_wconf 88' lang='lat' dir='ltr'><strong>scribit</strong></span> <span class='ocrx_word' id='word_1_656' title='bbox 3064 4606 3096 4672; x_wconf 78' lang='grc' dir='ltr'><strong>ἡ</strong></span> <span class='ocrx_word' id='word_1_657' title='bbox 3121 4601 3299 4672; x_wconf 79' lang='grc' dir='ltr'>οὐσία.</span> <span class='ocrx_word' id='word_1_658' title='bbox 3332 4601 3542 4658; x_wconf 76' lang='lat' dir='ltr'><strong>Possm.</strong></span> 
     </span>
    </p>
   </div>
   <div class='ocr_carea' id='block_1_88' title="bbox 554 4668 2114 4740">
    <p class='ocr_par' dir='ltr' id='par_1_88' title="bbox 554 4668 2114 4740">
     <span class='ocr_line' id='line_1_88' title="bbox 554 4668 2114 4740; baseline -0.001 -14"><span class='ocrx_word' id='word_1_659' title='bbox 554 4668 720 4726; x_wconf 83' lang='lat' dir='ltr'><strong>etiam</strong></span> <span class='ocrx_word' id='word_1_660' title='bbox 770 4668 1064 4740; x_wconf 83' lang='lat' dir='ltr'><strong>Sophocles</strong></span> <span class='ocrx_word' id='word_1_661' title='bbox 1111 4670 1371 4724; x_wconf 89' lang='lat' dir='ltr'><strong>benelicio</strong></span> <span class='ocrx_word' id='word_1_662' title='bbox 1424 4672 1719 4724; x_wconf 86' lang='lat' dir='ltr'><strong>senectutis</strong></span> <span class='ocrx_word' id='word_1_663' title='bbox 1761 4684 1819 4724; x_wconf 89' lang='lat' dir='ltr'><strong>se</strong></span> <span class='ocrx_word' id='word_1_664' title='bbox 1849 4671 2114 4740; x_wconf 79' lang='lat' dir='ltr'><strong>_ellugisse</strong></span> 
     </span>
    </p>
   </div>
   <div class='ocr_carea' id='block_1_89' title="bbox 556 4738 2007 4808">
    <p class='ocr_par' dir='ltr' id='par_1_89' title="bbox 556 4738 2007 4808">
     <span class='ocr_line' id='line_1_89' title="bbox 556 4738 2007 4808; baseline -0.001 -13"><span class='ocrx_word' id='word_1_665' title='bbox 556 4753 810 4808; x_wconf 81' lang='lat' dir='ltr'><strong>tanquam</strong></span> <span class='ocrx_word' id='word_1_666' title='bbox 841 4738 869 4792; x_wconf 83' lang='lat' dir='ltr'><strong>a</strong></span> <span class='ocrx_word' id='word_1_667' title='bbox 898 4741 1009 4795; x_wconf 81' lang='lat' dir='ltr'><strong>fera</strong></span> <span class='ocrx_word' id='word_1_668' title='bbox 1042 4741 1269 4807; x_wconf 81' lang='lat' dir='ltr'><strong>quadam</strong></span> <span class='ocrx_word' id='word_1_669' title='bbox 1312 4741 1479 4793; x_wconf 86' lang='lat' dir='ltr'><strong>bestia</strong></span> <span class='ocrx_word' id='word_1_670' title='bbox 1519 4741 1806 4808; x_wconf 84' lang='lat' dir='ltr'><strong>gaudebat.</strong></span> <span class='ocrx_word' id='word_1_671' title='bbox 1844 4738 2007 4793; x_wconf 77' lang='lat' dir='ltr'><strong>Rtrr.</strong></span> 
     </span>
    </p>
   </div>
   <div class='ocr_carea' id='block_1_90' title="bbox 627 4808 2118 4880">
    <p class='ocr_par' dir='ltr' id='par_1_90' title="bbox 627 4808 2118 4880">
     <span class='ocr_line' id='line_1_90' title="bbox 627 4808 2118 4880; baseline 0.001 -19"><span class='ocrx_word' id='word_1_672' title='bbox 627 4810 738 4880; x_wconf 72' lang='lat'><strong>(29)</strong></span> <span class='ocrx_word' id='word_1_673' title='bbox 770 4808 1007 4880; x_wconf 72' lang='grc' dir='ltr'>Δέδοται</span> <span class='ocrx_word' id='word_1_674' title='bbox 1040 4809 1164 4875; x_wconf 84' lang='grc' dir='ltr'>τοῖς</span> <span class='ocrx_word' id='word_1_675' title='bbox 1208 4809 1414 4862; x_wconf 78' lang='grc' dir='ltr'>λαϐεῖν</span> <span class='ocrx_word' id='word_1_676' title='bbox 1453 4808 1752 4863; x_wconf 72' lang='grc' dir='ltr'>ἐθέλουσι.</span> <span class='ocrx_word' id='word_1_677' title='bbox 1788 4809 1985 4880; x_wconf 82' lang='lat' dir='ltr'><strong>Eadem</strong></span> <span class='ocrx_word' id='word_1_678' title='bbox 2033 4816 2118 4861; x_wconf 87' lang='lat' dir='ltr'><strong>est</strong></span> 
     </span>
    </p>
   </div>
   <div class='ocr_carea' id='block_1_91' title="bbox 559 4878 2113 4949">
    <p class='ocr_par' dir='ltr' id='par_1_91' title="bbox 559 4878 2113 4949">
     <span class='ocr_line' id='line_1_91' title="bbox 559 4878 2113 4949; baseline -0.002 -18"><span class='ocrx_word' id='word_1_679' title='bbox 559 4878 763 4944; x_wconf 57' lang='lat' dir='ltr'><strong>Basilii,</strong></span> <span class='ocrx_word' id='word_1_680' title='bbox 798 4878 1048 4949; x_wconf 87' lang='lat' dir='ltr'><strong>Gregorii</strong></span> <span class='ocrx_word' id='word_1_681' title='bbox 1084 4880 1410 4949; x_wconf 81' lang='lat' dir='ltr'><strong>Nazianzeni</strong></span> <span class='ocrx_word' id='word_1_682' title='bbox 1456 4880 1755 4949; x_wconf 70' lang='lat' dir='ltr'><strong>sententia,</strong></span> <span class='ocrx_word' id='word_1_683' title='bbox 1798 4886 1852 4929; x_wconf 90' lang='lat' dir='ltr'><strong>et</strong></span> <span class='ocrx_word' id='word_1_684' title='bbox 1884 4879 2113 4949; x_wconf 83' lang='lat' dir='ltr'><strong>aliorum</strong></span> 
     </span>
    </p>
   </div>
   <div class='ocr_carea' id='block_1_92' title="bbox 558 4943 2117 5017">
    <p class='ocr_par' dir='ltr' id='par_1_92' title="bbox 558 4943 2117 5017">
     <span class='ocr_line' id='line_1_92' title="bbox 558 4943 2117 5017; baseline -0.004 -14"><span class='ocrx_word' id='word_1_685' title='bbox 558 4943 865 5003; x_wconf 70' lang='lat' dir='ltr'><strong>ercdrum</strong></span> <span class='ocrx_word' id='word_1_686' title='bbox 888 4943 1150 5003; x_wconf 64' lang='grc' dir='ltr'>;”Θέ&gt;.ουσι</span> <span class='ocrx_word' id='word_1_687' title='bbox 1190 4948 1298 5017; x_wconf 84' lang='grc' dir='ltr'><strong>γάρ</strong></span> <span class='ocrx_word' id='word_1_688' title='bbox 1331 4948 1458 5017; x_wconf 88' lang='grc' dir='ltr'>ὑμῖν</span> <span class='ocrx_word' id='word_1_689' title='bbox 1484 4943 1542 5000; x_wconf 85' lang='grc' dir='ltr'>εὖ</span> <span class='ocrx_word' id='word_1_690' title='bbox 1582 4947 1840 5016; x_wconf 86' lang='grc' dir='ltr'>πράττειν</span> <span class='ocrx_word' id='word_1_691' title='bbox 1872 4946 2117 5017; x_wconf 13' lang='grc' dir='ltr'>καὶῨΘεὸς</span> 
     </span>
    </p>
   </div>
   <div class='ocr_carea' id='block_1_93' title="bbox 558 5016 2119 5088">
    <p class='ocr_par' dir='ltr' id='par_1_93' title="bbox 558 5016 2119 5088">
     <span class='ocr_line' id='line_1_93' title="bbox 558 5016 2119 5088; baseline -0.001 -19"><span class='ocrx_word' id='word_1_692' title='bbox 558 5018 772 5088; x_wconf 75' lang='grc' dir='ltr'>ἕτοιμος</span> <span class='ocrx_word' id='word_1_693' title='bbox 801 5020 879 5081; x_wconf 82' lang='grc' dir='ltr'><strong>είς</strong></span> <span class='ocrx_word' id='word_1_694' title='bbox 904 5019 963 5070; x_wconf 79' lang='grc' dir='ltr'>τὸ</span> <span class='ocrx_word' id='word_1_695' title='bbox 998 5016 1317 5088; x_wconf 83' lang='grc' dir='ltr'>παρασχεῖν,</span> <span class='ocrx_word' id='word_1_696' title='bbox 1339 5016 1507 5088; x_wconf 80' lang='lat' dir='ltr'><strong>inquit</strong></span> <span class='ocrx_word' id='word_1_697' title='bbox 1530 5018 1761 5088; x_wconf 75' lang='lat' dir='ltr'><strong>lgttatius</strong></span> <span class='ocrx_word' id='word_1_698' title='bbox 1789 5018 1945 5083; x_wconf 81' lang='lat' dir='ltr'><strong>epist.</strong></span> <span class='ocrx_word' id='word_1_699' title='bbox 2063 5023 2119 5068; x_wconf 79' lang='lat' dir='ltr'><strong>et</strong></span> 
     </span>
    </p>
   </div>
   <div class='ocr_carea' id='block_1_94' title="bbox 559 5084 2118 5160">
    <p class='ocr_par' dir='ltr' id='par_1_94' title="bbox 559 5084 2118 5160">
     <span class='ocr_line' id='line_1_94' title="bbox 559 5084 2118 5160; baseline -0.004 -19"><span class='ocrx_word' id='word_1_700' title='bbox 559 5084 961 5160; x_wconf 58' lang='lat' dir='ltr'><strong>Naziauz._&#39;roi;_</strong></span> <span class='ocrx_word' id='word_1_701' title='bbox 979 5084 1380 5160; x_wconf 80' lang='grc' dir='ltr'>προῃρημένοις</span> <span class='ocrx_word' id='word_1_702' title='bbox 1407 5084 1610 5160; x_wconf 63' lang='grc' dir='ltr'>ξιαλῷς,</span> <span class='ocrx_word' id='word_1_703' title='bbox 1639 5085 1928 5160; x_wconf 41' lang='grc' dir='ltr'>τὴν-’χεῖρα</span> <span class='ocrx_word' id='word_1_704' title='bbox 1963 5084 2118 5160; x_wconf 85' lang='grc' dir='ltr'>δίδω-</span> 
     </span>
    </p>
   </div>
   <div class='ocr_carea' id='block_1_95' title="bbox 563 5152 2124 5225">
    <p class='ocr_par' dir='ltr' id='par_1_95' title="bbox 563 5152 2124 5225">
     <span class='ocr_line' id='line_1_95' title="bbox 563 5152 2124 5225; baseline -0.001 -17"><span class='ocrx_word' id='word_1_705' title='bbox 563 5172 647 5208; x_wconf 90' lang='grc' dir='ltr'><strong>σιν</strong></span> <span class='ocrx_word' id='word_1_706' title='bbox 682 5157 709 5207; x_wconf 90' lang='grc' dir='ltr'><strong>ό</strong></span> <span class='ocrx_word' id='word_1_707' title='bbox 739 5155 893 5217; x_wconf 87' lang='grc' dir='ltr'>Θεός.</span> <span class='ocrx_word' id='word_1_708' title='bbox 925 5157 990 5210; x_wconf 80' lang='lat' dir='ltr'><strong>Et</strong></span> <span class='ocrx_word' id='word_1_709' title='bbox 1023 5152 1352 5225; x_wconf 47' lang='lat' dir='ltr'><strong>&#39;ah&#39;iisnapud</strong></span> <span class='ocrx_word' id='word_1_710' title='bbox 1402 5156 1621 5225; x_wconf 78' lang='lat' dir='ltr'><strong>Suitlam</strong></span> <span class='ocrx_word' id='word_1_711' title='bbox 1654 5172 1666 5207; x_wconf 94' lang='lat'>:</span> <span class='ocrx_word' id='word_1_712' title='bbox 1696 5152 2124 5225; x_wconf 47' lang='grc' dir='ltr'>“Ἦ”ὲπουρανία</span> 
     </span>
    </p>
   </div>
   <div class='ocr_carea' id='block_1_96' title="bbox 560 5224 2028 5297">
    <p class='ocr_par' dir='ltr' id='par_1_96' title="bbox 560 5224 2028 5297">
     <span class='ocr_line' id='line_1_96' title="bbox 560 5224 2028 5297; baseline -0.001 -19"><span class='ocrx_word' id='word_1_713' title='bbox 560 5225 719 5297; x_wconf 85' lang='grc' dir='ltr'>χάρις</span> <span class='ocrx_word' id='word_1_714' title='bbox 755 5225 952 5297; x_wconf 70' lang='grc' dir='ltr'>δίδοται</span> <span class='ocrx_word' id='word_1_715' title='bbox 984 5227 1124 5297; x_wconf 76' lang='grc' dir='ltr'>κατὰ</span> <span class='ocrx_word' id='word_1_716' title='bbox 1145 5224 1205 5297; x_wconf 80' lang='grc' dir='ltr'>τὸ</span> <span class='ocrx_word' id='word_1_717' title='bbox 1249 5224 1443 5297; x_wconf 75' lang='grc' dir='ltr'>μέτρον</span> <span class='ocrx_word' id='word_1_718' title='bbox 1478 5225 1576 5297; x_wconf 79' lang='grc' dir='ltr'>τῆς</span> <span class='ocrx_word' id='word_1_719' title='bbox 1605 5224 1904 5297; x_wconf 75' lang='grc' dir='ltr'>ζητήσεως.</span> <span class='ocrx_word' id='word_1_720' title='bbox 1953 5224 2028 5297; x_wconf 78' lang='lat' dir='ltr'><strong>In.</strong></span> 
     </span>
    </p>
   </div>
   <div class='ocr_carea' id='block_1_97' title="bbox 635 5290 2125 5365">
    <p class='ocr_par' dir='ltr' id='par_1_97' title="bbox 635 5290 2125 5365">
     <span class='ocr_line' id='line_1_97' title="bbox 635 5290 2125 5365; baseline -0.003 -17"><span class='ocrx_word' id='word_1_721' title='bbox 635 5290 747 5364; x_wconf 79' lang='lat'><strong>(50)</strong></span> <span class='ocrx_word' id='word_1_722' title='bbox 782 5294 909 5361; x_wconf 86' lang='grc' dir='ltr'>Τοῖς</span> <span class='ocrx_word' id='word_1_723' title='bbox 961 5295 1070 5365; x_wconf 78' lang='grc' dir='ltr'>γὰρ</span> <span class='ocrx_word' id='word_1_724' title='bbox 1114 5294 1227 5365; x_wconf 23' lang='grc' dir='ltr'>μὴγ</span> <span class='ocrx_word' id='word_1_725' title='bbox 1249 5290 1671 5363; x_wconf 47' lang='grc' dir='ltr'>,ϐούλομέκοιδ</span> <span class='ocrx_word' id='word_1_726' title='bbox 1697 5290 1897 5359; x_wconf 66' lang='grc' dir='ltr'>οὐδεὶς</span> <span class='ocrx_word' id='word_1_727' title='bbox 2003 5290 2125 5365; x_wconf 36' lang='grc' dir='ltr'><strong>-δώο</strong></span> 
     </span>
    </p>
   </div>
   <div class='ocr_carea' id='block_1_98' title="bbox 561 5362 2126 5434">
    <p class='ocr_par' dir='ltr' id='par_1_98' title="bbox 561 5362 2126 5434">
     <span class='ocr_line' id='line_1_98' title="bbox 561 5362 2126 5434; baseline -0.002 -18"><span class='ocrx_word' id='word_1_728' title='bbox 561 5362 858 5418; x_wconf 60' lang='grc' dir='ltr'>σων.”ΙΙυο</span> <span class='ocrx_word' id='word_1_729' title='bbox 885 5362 979 5419; x_wconf 78' lang='lat' dir='ltr'><strong>est</strong></span> <span class='ocrx_word' id='word_1_730' title='bbox 1022 5362 1165 5434; x_wconf 86' lang='lat' dir='ltr'><strong>quod</strong></span> <span class='ocrx_word' id='word_1_731' title='bbox 1202 5364 1227 5420; x_wconf 71' lang='grc' dir='ltr'><strong>ι</strong></span> <span class='ocrx_word' id='word_1_732' title='bbox 1262 5366 1322 5419; x_wconf 89' lang='lat' dir='ltr'><strong>C.</strong></span> <span class='ocrx_word' id='word_1_733' title='bbox 1354 5362 1549 5434; x_wconf 85' lang='lat' dir='ltr'><strong>Paulus</strong></span> <span class='ocrx_word' id='word_1_734' title='bbox 1581 5367 1676 5429; x_wconf 88' lang='lat' dir='ltr'><strong>ait,</strong></span> <span class='ocrx_word' id='word_1_735' title='bbox 1705 5372 1761 5434; x_wconf 81' lang='lat' dir='ltr'><strong>et</strong></span> <span class='ocrx_word' id='word_1_736' title='bbox 1788 5373 1871 5434; x_wconf 80' lang='lat' dir='ltr'><strong>est</strong></span> <span class='ocrx_word' id='word_1_737' title='bbox 1906 5362 2126 5434; x_wconf 72' lang='lat' dir='ltr'><strong>tritissi-</strong></span> 
     </span>
    </p>
   </div>
   <div class='ocr_carea' id='block_1_99' title="bbox 565 5430 2125 5503">
    <p class='ocr_par' dir='ltr' id='par_1_99' title="bbox 565 5430 2125 5503">
     <span class='ocr_line' id='line_1_99' title="bbox 565 5430 2125 5503; baseline -0.001 -19"><span class='ocrx_word' id='word_1_738' title='bbox 565 5449 756 5503; x_wconf 12' lang='lat' dir='ltr'><strong>tuumi:</strong></span> <span class='ocrx_word' id='word_1_739' title='bbox 790 5430 1292 5503; x_wconf 15' lang='lat' dir='ltr'><strong>Invitoibe&#39;neﬁcium</strong></span> <span class='ocrx_word' id='word_1_740' title='bbox 1352 5449 1453 5486; x_wconf 86' lang='lat' dir='ltr'><strong>non</strong></span> <span class='ocrx_word' id='word_1_741' title='bbox 1493 5433 1668 5485; x_wconf 82' lang='lat' dir='ltr'><strong>datur.</strong></span> <span class='ocrx_word' id='word_1_742' title='bbox 1702 5432 1763 5486; x_wconf 88' lang='lat' dir='ltr'><strong>L.</strong></span> <span class='ocrx_word' id='word_1_743' title='bbox 1805 5432 1895 5486; x_wconf 87' lang='grc'>69.</span> <span class='ocrx_word' id='word_1_744' title='bbox 1945 5431 2010 5485; x_wconf 92' lang='lat' dir='ltr'><strong>D.</strong></span> <span class='ocrx_word' id='word_1_745' title='bbox 2046 5430 2125 5484; x_wconf 81' lang='lat' dir='ltr'><strong>De</strong></span> 
     </span>
    </p>
   </div>
   <div class='ocr_carea' id='block_1_100' title="bbox 567 5502 2125 5581">
    <p class='ocr_par' dir='ltr' id='par_1_100' title="bbox 567 5502 2125 5581">
     <span class='ocr_line' id='line_1_100' title="bbox 567 5502 2125 5581; baseline 0 -29"><span class='ocrx_word' id='word_1_746' title='bbox 567 5516 673 5581; x_wconf 60' lang='lat' dir='ltr'><strong>reg:</strong></span> <span class='ocrx_word' id='word_1_747' title='bbox 697 5502 836 5569; x_wconf 87' lang='lat' dir='ltr'><strong>jur.,</strong></span> <span class='ocrx_word' id='word_1_748' title='bbox 863 5502 1572 5581; x_wconf 36' lang='lat' dir='ltr'><strong>et.lllpian.,_Qu_od_cu.ique</strong></span> <span class='ocrx_word' id='word_1_749' title='bbox 1602 5519 1723 5581; x_wconf 75' lang='lat' dir='ltr'><strong>pro_</strong></span> <span class='ocrx_word' id='word_1_750' title='bbox 1740 5511 2125 5581; x_wconf 67' lang='lat' dir='ltr'><strong>eo_pra:statur,</strong></span> 
     </span>
    </p>
   </div>
   <div class='ocr_carea' id='block_1_101' title="bbox 568 5570 2127 5691">
    <p class='ocr_par' dir='ltr' id='par_1_101' title="bbox 568 5570 2127 5691">
     <span class='ocr_line' id='line_1_101' title="bbox 568 5570 2127 5691; baseline 0.004 -72"><span class='ocrx_word' id='word_1_751' title='bbox 568 5570 1141 5691; x_wconf 39' lang='grc' dir='ltr'>(ξιιιζίιῶριοηιτὶὺιιὶιιιτ.</span> <span class='ocrx_word' id='word_1_752' title='bbox 1188 5574 1249 5627; x_wconf 77' lang='grc' dir='ltr'><strong>ι..</strong></span> <span class='ocrx_word' id='word_1_753' title='bbox 1284 5572 1403 5639; x_wconf 83' lang='lat' dir='ltr'><strong>I56,</strong></span> <span class='ocrx_word' id='word_1_754' title='bbox 1437 5570 1661 5638; x_wconf 74' lang='lat' dir='ltr'><strong>Invitus,</strong></span> <span class='ocrx_word' id='word_1_755' title='bbox 1697 5572 1725 5643; x_wconf 69' lang='grc' dir='ltr'><strong>ς</strong></span> <span class='ocrx_word' id='word_1_756' title='bbox 1762 5571 1885 5639; x_wconf 87' lang='grc' dir='ltr'>υιι.,</span> <span class='ocrx_word' id='word_1_757' title='bbox 1919 5573 1985 5627; x_wconf 88' lang='lat' dir='ltr'><strong>dc</strong></span> <span class='ocrx_word' id='word_1_758' title='bbox 2005 5572 2127 5627; x_wconf 83' lang='lat' dir='ltr'><strong>eod.</strong></span> 
     </span>
    </p>
   </div>
   <div class='ocr_carea' id='block_1_102' title="bbox 2221 4668 3759 4790">
    <p class='ocr_par' dir='ltr' id='par_1_102' title="bbox 2221 4668 3759 4790">
     <span class='ocr_line' id='line_1_102' title="bbox 2221 4668 3759 4790; baseline 0 -68"><span class='ocrx_word' id='word_1_759' title='bbox 2221 4669 2403 4790; x_wconf 35' lang='lat' dir='ltr'><strong>magna)</strong></span> <span class='ocrx_word' id='word_1_760' title='bbox 2436 4668 2581 4790; x_wconf 47' lang='lat' dir='ltr'><strong>(ient</strong></span> <span class='ocrx_word' id='word_1_761' title='bbox 2613 4672 2731 4725; x_wconf 89' lang='lat' dir='ltr'><strong>cod.</strong></span> <span class='ocrx_word' id='word_1_762' title='bbox 2764 4686 2860 4739; x_wconf 89' lang='lat' dir='ltr'><strong>pro</strong></span> <span class='ocrx_word' id='word_1_763' title='bbox 2913 4668 3326 4742; x_wconf 76' lang='grc' dir='ltr'>συμϐασιλεύων</span> <span class='ocrx_word' id='word_1_764' title='bbox 3366 4676 3513 4742; x_wconf 84' lang='lat' dir='ltr'><strong>ponit</strong></span> <span class='ocrx_word' id='word_1_765' title='bbox 3552 4671 3759 4742; x_wconf 75' lang='grc' dir='ltr'><strong>συμόου⁴</strong></span> 
     </span>
    </p>
   </div>
   <div class='ocr_carea' id='block_1_103' title="bbox 2256 4752 2523 4793">
    <p class='ocr_par' dir='ltr' id='par_1_103' title="bbox 2256 4752 2523 4793">
     <span class='ocr_line' id='line_1_103' title="bbox 2256 4752 2523 4793; baseline 0.011 -3"><span class='ocrx_word' id='word_1_766' title='bbox 2256 4756 2411 4792; x_wconf 90' lang='grc' dir='ltr'>ευων.</span> <span class='ocrx_word' id='word_1_767' title='bbox 2447 4752 2523 4793; x_wconf 84' lang='lat' dir='ltr'><strong>ID.</strong></span> 
     </span>
    </p>
   </div>
   <div class='ocr_carea' id='block_1_104' title="bbox 2296 4806 3571 4880">
    <p class='ocr_par' dir='ltr' id='par_1_104' title="bbox 2296 4806 3571 4880">
     <span class='ocr_line' id='line_1_104' title="bbox 2296 4806 3571 4880; baseline 0.003 -21"><span class='ocrx_word' id='word_1_768' title='bbox 2296 4808 2406 4880; x_wconf 60' lang='grc' dir='ltr'>(ζῶ)</span> <span class='ocrx_word' id='word_1_769' title='bbox 2437 4807 2541 4880; x_wconf 58' lang='lat' dir='ltr'><strong>Ero</strong></span> <span class='ocrx_word' id='word_1_770' title='bbox 2579 4806 2795 4880; x_wconf 77' lang='grc' dir='ltr'>ᾁξίωμα</span> <span class='ocrx_word' id='word_1_771' title='bbox 2828 4808 2968 4863; x_wconf 89' lang='lat' dir='ltr'><strong>idem</strong></span> <span class='ocrx_word' id='word_1_772' title='bbox 2996 4810 3156 4864; x_wconf 87' lang='lat' dir='ltr'><strong>habet</strong></span> <span class='ocrx_word' id='word_1_773' title='bbox 3177 4808 3484 4880; x_wconf 80' lang='grc' dir='ltr'>ἀξιώματα.</span> <span class='ocrx_word' id='word_1_774' title='bbox 3514 4810 3571 4863; x_wconf 83' lang='lat' dir='ltr'><strong>lo</strong></span> 
     </span>
    </p>
   </div>
   <div class='ocr_carea' id='block_1_105' title="bbox 2224 4877 3772 5002">
    <p class='ocr_par' dir='ltr' id='par_1_105' title="bbox 2224 4877 3772 5002">
     <span class='ocr_line' id='line_1_105' title="bbox 2224 4877 3772 5002; baseline -0.001 -71"><span class='ocrx_word' id='word_1_775' title='bbox 2224 4878 2406 5002; x_wconf 58' lang='lat' dir='ltr'><strong>II)(l’ill</strong></span> <span class='ocrx_word' id='word_1_776' title='bbox 2447 4877 2552 4930; x_wconf 86' lang='grc' dir='ltr'><strong>Τὸν</strong></span> <span class='ocrx_word' id='word_1_777' title='bbox 2592 4877 2747 4946; x_wconf 87' lang='grc' dir='ltr'>λόγον</span> <span class='ocrx_word' id='word_1_778' title='bbox 2786 4881 2926 4935; x_wconf 82' lang='lat' dir='ltr'><strong>idem</strong></span> <span class='ocrx_word' id='word_1_779' title='bbox 2972 4882 3091 4935; x_wconf 91' lang='lat' dir='ltr'><strong>cod.</strong></span> <span class='ocrx_word' id='word_1_780' title='bbox 3140 4877 3393 4934; x_wconf 38' lang='lat' dir='ltr'><strong>mutat’in</strong></span> <span class='ocrx_word' id='word_1_781' title='bbox 3438 4880 3500 4932; x_wconf 82' lang='grc' dir='ltr'>τὸ</span> <span class='ocrx_word' id='word_1_782' title='bbox 3534 4879 3772 4951; x_wconf 80' lang='grc' dir='ltr'>γράμμα.</span> 
     </span>
    </p>
   </div>
   <div class='ocr_carea' id='block_1_106' title="bbox 2247 4964 2298 5001">
    <p class='ocr_par' dir='ltr' id='par_1_106' title="bbox 2247 4964 2298 5001">
     <span class='ocr_line' id='line_1_106' title="bbox 2247 4964 2298 5001; baseline 0 0"><span class='ocrx_word' id='word_1_783' title='bbox 2247 4964 2298 5001; x_wconf 85' lang='grc' dir='ltr'>Ι).</span> 
     </span>
    </p>
   </div>
   <div class='ocr_carea' id='block_1_107' title="bbox 2296 5014 3772 5087">
    <p class='ocr_par' dir='ltr' id='par_1_107' title="bbox 2296 5014 3772 5087">
     <span class='ocr_line' id='line_1_107' title="bbox 2296 5014 3772 5087; baseline -0.002 -16"><span class='ocrx_word' id='word_1_784' title='bbox 2296 5016 2408 5087; x_wconf 79' lang='lat'><strong>(55)</strong></span> <span class='ocrx_word' id='word_1_785' title='bbox 2441 5016 2512 5087; x_wconf 77' lang='grc' dir='ltr'><strong>Τὸ</strong></span> <span class='ocrx_word' id='word_1_786' title='bbox 2553 5016 2832 5084; x_wconf 83' lang='grc' dir='ltr'>πάθος....</span> <span class='ocrx_word' id='word_1_787' title='bbox 2860 5016 3194 5086; x_wconf 70' lang='grc' dir='ltr'>ἁψάμενον.</span> <span class='ocrx_word' id='word_1_788' title='bbox 3237 5016 3349 5087; x_wconf 86' lang='lat' dir='ltr'><strong>lloc</strong></span> <span class='ocrx_word' id='word_1_789' title='bbox 3372 5025 3481 5087; x_wconf 14' lang='lat' dir='ltr'><strong>est,</strong></span> <span class='ocrx_word' id='word_1_790' title='bbox 3504 5017 3645 5086; x_wconf 89' lang='lat' dir='ltr'><strong>quod</strong></span> <span class='ocrx_word' id='word_1_791' title='bbox 3684 5014 3772 5087; x_wconf 63' lang='lat' dir='ltr'><strong>Pe:</strong></span> 
     </span>
    </p>
   </div>
   <div class='ocr_carea' id='block_1_108' title="bbox 2229 5083 3774 5157">
    <p class='ocr_par' dir='ltr' id='par_1_108' title="bbox 2229 5083 3774 5157">
     <span class='ocr_line' id='line_1_108' title="bbox 2229 5083 3774 5157; baseline -0.001 -17"><span class='ocrx_word' id='word_1_792' title='bbox 2229 5083 2689 5157; x_wconf 12' lang='lat' dir='ltr'><strong>trusrdeWChristo</strong></span> <span class='ocrx_word' id='word_1_793' title='bbox 2720 5083 2877 5152; x_wconf 87' lang='lat' dir='ltr'><strong>dicit,</strong></span> <span class='ocrx_word' id='word_1_794' title='bbox 2909 5083 3107 5139; x_wconf 70' lang='grc' dir='ltr'>παθὼν</span> <span class='ocrx_word' id='word_1_795' title='bbox 3138 5086 3323 5157; x_wconf 89' lang='grc' dir='ltr'>σαρκί.</span> <span class='ocrx_word' id='word_1_796' title='bbox 3346 5083 3543 5157; x_wconf 74' lang='lat' dir='ltr'><strong>Confer</strong></span> <span class='ocrx_word' id='word_1_797' title='bbox 3576 5101 3658 5154; x_wconf 83' lang='lat' dir='ltr'><strong>ep.</strong></span> <span class='ocrx_word' id='word_1_798' title='bbox 3684 5083 3774 5157; x_wconf 83' lang='lat' dir='ltr'><strong>l79_</strong></span> 
     </span>
    </p>
   </div>
   <div class='ocr_carea' id='block_1_109' title="bbox 2231 5151 3777 5224">
    <p class='ocr_par' dir='ltr' id='par_1_109' title="bbox 2231 5151 3777 5224">
     <span class='ocr_line' id='line_1_109' title="bbox 2231 5151 3777 5224; baseline -0.001 -13"><span class='ocrx_word' id='word_1_799' title='bbox 2231 5158 2286 5211; x_wconf 89' lang='lat' dir='ltr'><strong>b.</strong></span> <span class='ocrx_word' id='word_1_800' title='bbox 2317 5156 2409 5209; x_wconf 91' lang='lat' dir='ltr'><strong>lib.</strong></span> <span class='ocrx_word' id='word_1_801' title='bbox 2440 5156 2502 5209; x_wconf 86' lang='lat' dir='ltr'><strong>Et</strong></span> <span class='ocrx_word' id='word_1_802' title='bbox 2539 5160 2833 5211; x_wconf 87' lang='lat' dir='ltr'><strong>secundum</strong></span> <span class='ocrx_word' id='word_1_803' title='bbox 2867 5151 2993 5211; x_wconf 85' lang='lat' dir='ltr'><strong>haec</strong></span> <span class='ocrx_word' id='word_1_804' title='bbox 3018 5158 3181 5211; x_wconf 87' lang='lat' dir='ltr'><strong>etiam</strong></span> <span class='ocrx_word' id='word_1_805' title='bbox 3214 5151 3626 5224; x_wconf 82' lang='lat' dir='ltr'><strong>intelligendum</strong></span> <span class='ocrx_word' id='word_1_806' title='bbox 3650 5151 3777 5221; x_wconf 79' lang='lat' dir='ltr'><strong>quod</strong></span> 
     </span>
    </p>
   </div>
   <div class='ocr_carea' id='block_1_110' title="bbox 2234 5224 3774 5291">
    <p class='ocr_par' dir='ltr' id='par_1_110' title="bbox 2234 5224 3774 5291">
     <span class='ocr_line' id='line_1_110' title="bbox 2234 5224 3774 5291; baseline -0.004 -14"><span class='ocrx_word' id='word_1_807' title='bbox 2234 5226 2359 5278; x_wconf 91' lang='lat' dir='ltr'><strong>alibi</strong></span> <span class='ocrx_word' id='word_1_808' title='bbox 2388 5225 2575 5280; x_wconf 82' lang='lat' dir='ltr'><strong>scribit</strong></span> <span class='ocrx_word' id='word_1_809' title='bbox 2608 5226 2845 5280; x_wconf 85' lang='lat' dir='ltr'><strong>Isidorus</strong></span> <span class='ocrx_word' id='word_1_810' title='bbox 2884 5237 3082 5288; x_wconf 88' lang='lat' dir='ltr'><strong>noster,</strong></span> <span class='ocrx_word' id='word_1_811' title='bbox 3108 5224 3242 5279; x_wconf 82' lang='grc' dir='ltr'>Θεοῦ</span> <span class='ocrx_word' id='word_1_812' title='bbox 3270 5225 3443 5287; x_wconf 81' lang='grc' dir='ltr'>πάθος</span> <span class='ocrx_word' id='word_1_813' title='bbox 3465 5226 3524 5278; x_wconf 76' lang='grc' dir='ltr'>οὐ</span> <span class='ocrx_word' id='word_1_814' title='bbox 3549 5224 3774 5291; x_wconf 83' lang='grc' dir='ltr'>λέγεται.</span> 
     </span>
    </p>
   </div>
   <div class='ocr_carea' id='block_1_111' title="bbox 2226 5293 3777 5363">
    <p class='ocr_par' dir='ltr' id='par_1_111' title="bbox 2226 5293 3777 5363">
     <span class='ocr_line' id='line_1_111' title="bbox 2226 5293 3777 5363; baseline -0.004 -16"><span class='ocrx_word' id='word_1_815' title='bbox 2226 5294 2511 5353; x_wconf 74' lang='lat' dir='ltr'><strong>Rationem</strong></span> <span class='ocrx_word' id='word_1_816' title='bbox 2539 5295 2626 5350; x_wconf 90' lang='lat' dir='ltr'><strong>hic</strong></span> <span class='ocrx_word' id='word_1_817' title='bbox 2656 5295 2849 5359; x_wconf 86' lang='lat' dir='ltr'><strong>reddit,</strong></span> <span class='ocrx_word' id='word_1_818' title='bbox 2878 5295 3084 5357; x_wconf 82' lang='grc' dir='ltr'>ἀπαθὲς</span> <span class='ocrx_word' id='word_1_819' title='bbox 3106 5295 3216 5363; x_wconf 75' lang='grc' dir='ltr'><strong>γάρ</strong></span> <span class='ocrx_word' id='word_1_820' title='bbox 3242 5294 3304 5347; x_wconf 79' lang='grc' dir='ltr'>τὸ</span> <span class='ocrx_word' id='word_1_821' title='bbox 3332 5295 3507 5349; x_wconf 86' lang='grc' dir='ltr'>Θεῖον.</span> <span class='ocrx_word' id='word_1_822' title='bbox 3564 5293 3777 5363; x_wconf 65' lang='lat' dir='ltr'><strong>Elegan-</strong></span> 
     </span>
    </p>
   </div>
   <div class='ocr_carea' id='block_1_112' title="bbox 2230 5359 3777 5433">
    <p class='ocr_par' dir='ltr' id='par_1_112' title="bbox 2230 5359 3777 5433">
     <span class='ocr_line' id='line_1_112' title="bbox 2230 5359 3777 5433; baseline -0.006 -13"><span class='ocrx_word' id='word_1_823' title='bbox 2230 5376 2312 5420; x_wconf 87' lang='lat' dir='ltr'><strong>ter</strong></span> <span class='ocrx_word' id='word_1_824' title='bbox 2341 5374 2394 5418; x_wconf 86' lang='lat' dir='ltr'><strong>et</strong></span> <span class='ocrx_word' id='word_1_825' title='bbox 2423 5365 2508 5433; x_wconf 89' lang='lat' dir='ltr'><strong>pie</strong></span> <span class='ocrx_word' id='word_1_826' title='bbox 2534 5364 2643 5419; x_wconf 87' lang='lat' dir='ltr'><strong>Leo</strong></span> <span class='ocrx_word' id='word_1_827' title='bbox 2669 5364 2739 5418; x_wconf 85' lang='lat' dir='ltr'><strong>M.</strong></span> <span class='ocrx_word' id='word_1_828' title='bbox 2764 5379 2926 5418; x_wconf 83' lang='lat' dir='ltr'><strong>serm.</strong></span> <span class='ocrx_word' id='word_1_829' title='bbox 2955 5365 3041 5418; x_wconf 83' lang='grc'>17.</span> <span class='ocrx_word' id='word_1_830' title='bbox 3072 5359 3148 5418; x_wconf 72' lang='lat' dir='ltr'><strong>De</strong></span> <span class='ocrx_word' id='word_1_831' title='bbox 3168 5359 3326 5418; x_wconf 76' lang='lat' dir='ltr'><strong>Pass.</strong></span> <span class='ocrx_word' id='word_1_832' title='bbox 3360 5364 3571 5417; x_wconf 73' lang='lat' dir='ltr'><strong>Domini</strong></span> <span class='ocrx_word' id='word_1_833' title='bbox 3598 5379 3617 5417; x_wconf 91' lang='lat'><strong><em>:</em></strong></span> <span class='ocrx_word' id='word_1_834' title='bbox 3644 5359 3777 5414; x_wconf 61' lang='lat' dir='ltr'><strong>(Ila-</strong></span> 
     </span>
    </p>
   </div>
   <div class='ocr_carea' id='block_1_113' title="bbox 2232 5433 3777 5502">
    <p class='ocr_par' dir='ltr' id='par_1_113' title="bbox 2232 5433 3777 5502">
     <span class='ocr_line' id='line_1_113' title="bbox 2232 5433 3777 5502; baseline -0.005 -15"><span class='ocrx_word' id='word_1_835' title='bbox 2232 5445 2397 5487; x_wconf 86' lang='lat' dir='ltr'><strong>nente</strong></span> <span class='ocrx_word' id='word_1_836' title='bbox 2449 5436 2501 5487; x_wconf 91' lang='lat' dir='ltr'><strong>in</strong></span> <span class='ocrx_word' id='word_1_837' title='bbox 2544 5449 2640 5487; x_wconf 89' lang='lat' dir='ltr'><strong>sua</strong></span> <span class='ocrx_word' id='word_1_838' title='bbox 2670 5435 2999 5502; x_wconf 89' lang='lat' dir='ltr'><strong>proprietate</strong></span> <span class='ocrx_word' id='word_1_839' title='bbox 3037 5443 3268 5502; x_wconf 86' lang='lat' dir='ltr'><strong>utraque</strong></span> <span class='ocrx_word' id='word_1_840' title='bbox 3314 5433 3649 5502; x_wconf 62' lang='lat' dir='ltr'><strong>substantia,</strong></span> <span class='ocrx_word' id='word_1_841' title='bbox 3692 5442 3777 5481; x_wconf 77' lang='lat' dir='ltr'><strong>nec</strong></span> 
     </span>
    </p>
   </div>
   <div class='ocr_carea' id='block_1_114' title="bbox 2234 5500 3775 5573">
    <p class='ocr_par' dir='ltr' id='par_1_114' title="bbox 2234 5500 3775 5573">
     <span class='ocr_line' id='line_1_114' title="bbox 2234 5500 3775 5573; baseline -0.006 -15"><span class='ocrx_word' id='word_1_842' title='bbox 2234 5504 2376 5573; x_wconf 80' lang='lat' dir='ltr'><strong>Deus</strong></span> <span class='ocrx_word' id='word_1_843' title='bbox 2412 5504 2626 5572; x_wconf 85' lang='lat' dir='ltr'><strong>reliquit</strong></span> <span class='ocrx_word' id='word_1_844' title='bbox 2673 5500 3040 5573; x_wconf 49' lang='lat' dir='ltr'><strong>sui&#39;corporis</strong></span> <span class='ocrx_word' id='word_1_845' title='bbox 3092 5500 3415 5573; x_wconf 77' lang='lat' dir='ltr'><strong>passionem,</strong></span> <span class='ocrx_word' id='word_1_846' title='bbox 3472 5517 3574 5557; x_wconf 89' lang='lat' dir='ltr'><strong>nec</strong></span> <span class='ocrx_word' id='word_1_847' title='bbox 3623 5500 3775 5573; x_wconf 78' lang='lat' dir='ltr'><strong>Deum</strong></span> 
     </span>
    </p>
   </div>
   <div class='ocr_carea' id='block_1_115' title="bbox 2236 5568 3775 5643">
    <p class='ocr_par' dir='ltr' id='par_1_115' title="bbox 2236 5568 3775 5643">
     <span class='ocr_line' id='line_1_115' title="bbox 2236 5568 3775 5643; baseline -0.001 -17"><span class='ocrx_word' id='word_1_848' title='bbox 2236 5572 2364 5643; x_wconf 79' lang='lat' dir='ltr'><strong>l&#39;ecit</strong></span> <span class='ocrx_word' id='word_1_849' title='bbox 2415 5568 2544 5626; x_wconf 79' lang='lat' dir='ltr'><strong>caro</strong></span> <span class='ocrx_word' id='word_1_850' title='bbox 2572 5568 2910 5641; x_wconf 71' lang='lat' dir='ltr'><strong>passibiletu,</strong></span> <span class='ocrx_word' id='word_1_851' title='bbox 2938 5573 3062 5642; x_wconf 86' lang='lat' dir='ltr'><strong>quia</strong></span> <span class='ocrx_word' id='word_1_852' title='bbox 3092 5568 3393 5643; x_wconf 48' lang='lat' dir='ltr'><strong>‘divinitas,</strong></span> <span class='ocrx_word' id='word_1_853' title='bbox 3424 5586 3542 5643; x_wconf 74' lang='lat' dir='ltr'><strong>qua:</strong></span> <span class='ocrx_word' id='word_1_854' title='bbox 3575 5578 3692 5627; x_wconf 83' lang='lat' dir='ltr'><strong>erat</strong></span> <span class='ocrx_word' id='word_1_855' title='bbox 3728 5568 3775 5619; x_wconf 80' lang='lat' dir='ltr'><strong>in</strong></span> 
     </span>
    </p>
   </div>
   <div class='ocr_carea' id='block_1_116' title="bbox 2238 5640 3301 5709">
    <p class='ocr_par' dir='ltr' id='par_1_116' title="bbox 2238 5640 3301 5709">
     <span class='ocr_line' id='line_1_116' title="bbox 2238 5640 3301 5709; baseline -0.002 -12"><span class='ocrx_word' id='word_1_856' title='bbox 2238 5640 2470 5709; x_wconf 86' lang='lat' dir='ltr'><strong>dolente,</strong></span> <span class='ocrx_word' id='word_1_857' title='bbox 2495 5640 2600 5699; x_wconf 83' lang='lat' dir='ltr'><strong>non</strong></span> <span class='ocrx_word' id='word_1_858' title='bbox 2625 5651 2741 5698; x_wconf 86' lang='lat' dir='ltr'><strong>erat</strong></span> <span class='ocrx_word' id='word_1_859' title='bbox 2767 5643 2818 5697; x_wconf 92' lang='lat' dir='ltr'><strong>in</strong></span> <span class='ocrx_word' id='word_1_860' title='bbox 2841 5640 3045 5699; x_wconf 80' lang='lat' dir='ltr'><strong>dolore.</strong></span> <span class='ocrx_word' id='word_1_861' title='bbox 3085 5660 3105 5693; x_wconf 76' lang='grc' dir='ltr'><strong>ι</strong></span> <span class='ocrx_word' id='word_1_862' title='bbox 3141 5640 3301 5697; x_wconf 81' lang='lat' dir='ltr'><strong>Rm.</strong></span> 
     </span>
    </p>
   </div>
  </div>
