4020 6140
493 322 630 389 1259

1690 317 1750 376 S.
1792 316 2084 376 ISIDORI
2124 315 2560 376 PELUSIOTXE

3631 308 3763 373 1260

492 440 726 506 seipsum
775 431 1114 495 lmmiliavit,
1177 444 1296 484 cum
1350 439 1495 485 esset
1556 429 1779 500 aequalis
1844 430 1952 484 Deo
1974 430 2066 482 '9?

2214 429 2531 498 θέγξασθαι,
2575 426 2668 480 καὶ
2701 427 3041 496 οἰκονομικόν
3074 428 3187 480 ἐστι
3237 425 3332 479 καὶ
3360 425 3644 497 χρειῶδες,
3671 428 3761 479 καὶ

491 527 772 596 Quomodo
815 525 955 580 Deus
989 523 1184 579 Filium
1216 538 1371 578 suum
1410 522 1587 587 misit,
1628 522 1686 575 in
1721 521 2073 577 similitudine

2212 522 2331 574 ὐδὲν
2375 520 2473 592 τὴν
2512 521 2783 591 ἄχραντον
2827 518 2984 584 ἀξίαν
3032 519 3420 572 καταϐλάπτον
3443 536 3454 547 ·
3491 518 3555 571 τὸ
3582 518 3627 571 δ’
3668 520 3760 572 ἄν-

472 603 680 673 ὀιιι-[ιὶε
708 618 914 686 peccati
942 616 1000 668 ‘?
1040 625 1132 668 aut
1176 618 1446 683 quomodo
1477 630 1581 669 non
1619 614 1918 668 redduntur
1951 614 2075 668 vilia

2216 628 2398 682 ρωπον
2436 611 2563 664 ὄντα
2613 610 2732 664 θεῖά
2776 627 2897 663 τινα
2949 610 3043 663 καὶ
3077 610 3330 681 ὑπερφυῆ
3375 610 3630 680 φράζειν,
3665 609 3795 680 τῆς

497 707 781 777 impolluta
835 704 1117 776 mysteria,
1156 705 1202 758 si
1250 705 1485 759 hominis
1526 714 1733 758 tantum
1783 718 1980 773 corpus
2025 712 2080 758 et

2210 702 2442 756 ;νωτάτω
2488 702 2747 770 τυγχάνει
2781 701 3007 772 τόλμης.
3054 700 3276 753 Βασιλεῖ
3309 702 3409 771 μὲν
3451 700 3562 771 γάρ
3589 700 3763 765 ἔξεστι

498 799 721 867 sanguis
783 813 905 853 esse
950 798 1278 853 videantur?
1328 796 1608 863 Quomodo
1658 807 1835 850 autem
1893 796 2073 849 dixit:

503 908 521 940 ι
545 887 767 958 ’ϐοτρυε
792 899 973 942 autem
1011 888 1284 958 perfecisti
1309 886 1438 941 mihi
1463 887 1525 939 ’ἵ
1554 906 1573 938 ι
1604 884 1884 952 Quomodo
1912 899 2073 954 Opor-

498 981 601 1032 tuit
630 979 771 1033 hunc
799 980 963 1031 etiam
999 979 1200 1048 aliquid
1232 979 1431 1033 habere
1454 978 1595 1048 quod
1630 974 1896 1030 offerret?
1928 975 2072 1041 Quo-

2185 792 2556 863 μετριολογεῖν
2618 792 2714 845 καὶ
2767 794 3209 863 μετριοφρονεῖν·
3262 792 3572 863 στρατιώτῃ
3621 791 3679 844 δὲ
3729 790 3764 860 ἢ

2184 882 2477 953 στρατηγῷ
2523 882 2811 952 βασιλικὰς
2861 883 3077 951 ἀφιέναι
3126 884 3335 953 φωνὰς,
3380 884 3443 936 οὐ
3478 882 3655 953 θέμις.
3704 883 3767 935 ΕΞ

2184 973 2282 1042 μὲν
2328 970 2423 1028 οὖν
2447 974 2579 1038 Θεὸς
2605 970 2695 1046 ἦν,
2721 974 2910 1046 ὥσπερ
2946 975 3041 1028 καὶ
3068 971 3158 1045 ἦν,
3193 975 3643 1047 ὲνανθρωπήσας,
3674 976 3768 1026 καὶ

499 1071 660 1125 modo
694 1086 789 1140 per
816 1073 1095 1140 proprium
1136 1070 1458 1140 sanguinem
1488 1069 1732 1137 captivos
1770 1068 1999 1123 redemit
2023 1069 2076 1120 ’?

2210 1065 2244 1118 ά
2270 1066 2500 1120 ταπεινά
2527 1065 2711 1139 χώραν
2741 1066 2853 1137 ἔχει
2872 1084 2885 1097 ·
2919 1068 2968 1119 ei
2998 1067 3042 1119 δ’
3072 1066 3357 1139 ἄνθρωπος
3378 1063 3468 1138 ἦν,
3502 1067 3569 1121 τὰ
3587 1066 3768 1135 ὕψηλά

498 1160 777 1227 Quomodo
802 1161 1087 1216 Dominum
1112 1162 1298 1230 gloria:
1319 1160 1710 1214 crucifixerunt
1727 1158 1783 1211 “.7
1800 1158 2079 1225 Quomodo

2210 1155 2366 1227 ςώραν
2399 1158 2499 1210 οὐκ
2531 1157 2667 1228 ἔχει.

498 1251 736 1307 Verbum
787 1268 915 1307 caro
951 1254 1149 1307 factum
1199 1251 1367 1307 est“?
1409 1250 1691 1317 Quomodo
1741 1248 1926 1313 Pater,
2006 1262 2130 1301 cum
2168 1248 2295 1301 olim
2345 1248 2695 1303 multifariam
2787 1250 3077 1321 multisque
3132 1251 3307 1305 modis
3359 1251 3573 1306 locutus
3622 1263 3769 1306 esset

496 1365 596 1418 per
641 1350 956 1420 prophetas,
999 1361 1275 1418 postremo
1304 1348 1517 1402 locutus
1557 1356 1640 1401 est
1710 1362 1804 1416 per
1845 1343 2120 1399 Filium"?
2158 1351 2251 1396 aut
2294 1346 2569 1413 quomodo
2613 1346 2865 1399 similiter
2933 1346 3246 1401 eorumdem
3292 1347 3563 1416 particeps
3594 1346 3769 1400 factus

497 1454 584 1499 est
625 1445 846 1501 Filius?
895 1446 1000 1501 Sed
1030 1460 1121 1510 ne,
1192 1445 1320 1499 dum
1385 1444 1568 1498 omnia
1615 1441 1927 1512 singulatim
2001 1452 2367 1503 recensemus,
2448 1439 2668 1493 auribus
2714 1441 2820 1493 tuis
2875 1442 3177 1497 molestiam
3222 1442 3443 1495 nimiam
3496 1456 3768 1496 creemus.

506 1538 763 1592 universe
792 1552 857 1592 ac
892 1537 1058 1591 semel
1090 1536 1271 1590 omnia
1315 1535 1491 1590 dicam
1526 1553 1539 1589 :
1569 1534 1701 1588 Eum
1738 1534 1956 1602 quidem
1993 1528 2086 1598 qui
2126 1530 2195 1584 sit
2260 1529 2425 1596 Deus,
2458 1532 2680 1585 humilia
2707 1532 2942 1587 locutum
2972 1538 3114 1599 esse,
3178 1545 3234 1589 et
3258 1524 3678 1603 dispensationis
3710 1549 3773 1587 ac

502 1630 883 1685 submissionis
920 1628 1021 1683 fuit
1051 1644 1208 1697 opus,
1249 1638 1305 1684 et
1353 1628 1503 1696 utile,
1540 1637 1594 1682 et
1661 1626 1975 1681 nullatenus
2050 1622 2387 1691 impollutam
2469 1625 2588 1695 ejus
2659 1626 2976 1693 dignitatem
3018 1627 3221 1683 laedens
3270 1638 3364 1680 aut
3408 1625 3771 1690 imminuens;

499 1740 624 1779 eum
664 1739 792 1779 vero
824 1724 913 1794 qui
951 1725 1021 1779 sit
1048 1724 1271 1795 (nudus)
1304 1725 1487 1791 homo,
1517 1724 1699 1778 divina
1781 1723 2025 1791 quaedam
2055 1729 2111 1774 et
2189 1731 2399 1777 naturae
2448 1723 2699 1779 humana:
2742 1725 3005 1781 terminos
3040 1726 3355 1779 excedentia
3398 1723 3634 1791 jactare,
3680 1739 3773 1777 ex-

503 1823 690 1870 tremae
731 1824 814 1869 est
857 1814 1118 1868 audacia}.
1152 1811 1288 1867 Nam
1324 1813 1435 1882 regi
1481 1814 1696 1882 quidem
1729 1812 1862 1865 licet
1902 1810 2185 1867 moderate
2219 1812 2364 1881 loqui
2407 1821 2465 1867 et
2546 1814 2824 1869 moderate
2895 1816 3103 1871 sentire
3162 1815 3427 1886 (seposita
3500 1816 3776 1885 paulisper

503 1908 650 1976 regia
691 1922 787 1962 sua
828 1905 1134 1976 majestate)
1171 1924 1184 1959 :
1218 1904 1380 1959 militi
1411 1914 1592 1959 autem
1629 1904 1711 1958 vel
1744 1902 1911 1958 etiam
1946 1901 2178 1971 principi
2232 1902 2442 1959 militiae,
2525 1907 2676 1961 nefas
2754 1915 2838 1962 est
2888 1906 3092 1976 regales
3181 1907 3435 1963 emittere
3471 1924 3655 1963 voces.
3707 1910 3765 1962 Si

503 2000 671 2070 igitur
715 1998 859 2055 Deus
914 1999 1014 2053 fuit
1061 1999 1223 2068 (sicut
1273 2006 1421 2051 certe
1472 1997 1625 2065 fuit),
1685 1996 1844 2051 homo
1896 1996 2085 2059 factus,
2130 1996 2292 2049 etiam
2340 1997 2565 2053 humilia
2609 1999 2661 2053 in
2736 2000 2853 2068 ipso
2892 1999 3065 2053 locum
3116 1999 3353 2066 habent;
3425 2002 3471 2056 si
3499 2016 3628 2056 vero
3657 2001 3777 2071 (nu-

507 2092 629 2162 dus)
663 2094 824 2148 homo
851 2092 951 2146 fuit
981 2092 1062 2161 (ut
1091 2090 1279 2144 Ariani
1319 2089 1452 2145 falso
1479 2090 1811 2161 perhibent),
1844 2088 2093 2144 sublimia
2137 2087 2227 2141 illa
2263 2089 2438 2144 locum
2475 2107 2579 2147 non
2617 2094 2835 2149 habent.

1016 2202 1270 2257 CLXVII.
1292 2231 1350 2244 -ν
1378 2201 1557 2259 NILO.

642 2297 721 2352 De
746 2295 1003 2364 sapientia
1036 2296 1269 2349 Danielis
1321 2306 1371 2350 et
1420 2296 1580 2349 trium
1605 2311 1910 2364 puerorum.

578 2411 927 2481 Babylonios,
958 2410 1047 2479 qui
1088 2419 1215 2464 tunc
1263 2411 1526 2479 temporis
1557 2411 1842 2481 supercilia
1876 2407 2085 2464 extule-

505 2513 630 2559 rant
656 2518 819 2571 super
865 2502 1112 2557 victoriis
1146 2512 1199 2555 et
1236 2502 1397 2556 rebus
1427 2502 1567 2555 bello
1614 2503 1846 2557 feliciter
1894 2501 2086 2571 gestis,

2685 2208 2918 2263 PEZ'.—
2946 2207 3305 2279 NEIA9(43).

2296 2299 2434 2365 Περὶ
2475 2300 2586 2366 τῆς
2615 2301 2838 2369 σοφίας
2868 2302 3093 2370 Δανιὴλ
3127 2300 3226 2355 καὶ
3263 2300 3383 2355 τῶν
3414 2301 3665 2358 παίδων.

2263 2411 2404 2475 Τοὺς
2456 2412 2834 2478 Βαϐυλωνίους
2883 2413 3007 2467 τότε
3056 2412 3465 2484 ὠφρυωμένους
3519 2415 3616 2469 ἐπὶ
3663 2419 3775 2479 τοῖς

2194 2499 2514 2570 πολεμικοῖς
2544 2501 3007 2573 πλεονεκτήμασι,
3034 2503 3130 2555 καὶ
3162 2504 3510 2573 ἐπηρμένους
3533 2504 3628 2557 ἐπὶ
3662 2508 3776 2568 τοῖς

506 2602 561 2649 et
592 2593 809 2663 tropaeis
834 2608 863 2646 a
895 2606 955 2647 se
991 2592 1191 2646 erectis
1238 2592 1711 2660 superbiebaut,et
1743 2592 2090 2660 przedictione

2210 2594 2499 2663 τροπαίοις,
2534 2596 2629 2649 κα)⁵
2658 2596 3126 2668 ἐναϐρυνομένους
3155 2596 3247 2649 ἐπὶ
3280 2597 3608 2668 προρρήσει,
3640 2616 3772 2651 κατ-

504 2700 564 2741 se
609 2683 912 2755 iactabant,
980 2682 1220 2737 divinum
1280 2698 1479 2737 numen
1539 2683 1921 2753 obstupefecit,
1965 2699 2089 2739 cum

505 2789 706 2844 pueros
735 2776 976 2841 captivos
1004 2788 1109 2827 non
1151 2774 1511 2842 sapientiores
1535 2774 1667 2845 ipsis
1716 2774 1769 2828 in
1804 2789 2088 2844 compara-

510 2867 657 2922 tione
687 2865 776 2936 (in
806 2865 913 2919 illis
945 2866 1092 2919 enim
1132 2863 1316 2931 rebus,
1340 2879 1461 2934 qua:
1504 2873 1632 2919 sunt
1665 2864 1905 2935 ejusdem
1935 2874 2091 2919 natu-

509 2971 604 3021 ra},
651 2955 987 3025 comparatio
1024 2954 1227 3024 valet),
1286 2955 1380 3009 sed
1432 2955 1864 3024 sapientissimos
1913 2956 2091 3014 decla-

514 3048 675 3101 ravit.

808 3137 1433 3196 CLXVIIl.—JOANNI
1481 3138 1803 3196 DlACONO.
1906 3106 1911 3109 ἀ

2196 2684 2400 2757 έπληξε
2449 2686 2513 2740 τὸ
2557 2687 2734 2753 Θεῖον,
2782 2678 2979 2751 παῖδας
3014 2687 3392 2759 αἰχμαλώτους
3436 2688 3498 2741 οὐ
3532 2692 3778 2758 σοφωτὲ-

2196 2794 2324 2848 ρους
2352 2778 2534 2833 αὐτῶν
2564 2779 2705 2833 κατὰ
2739 2779 3031 2851 σύγκρισιν
3065 2781 3083 2851 (
3109 2780 3330 2834 ἐπὶτῶν
3363 2781 3643 2851 ὁμογενῶν
3666 2783 3781 2852 γὰρ

2192 2868 2228 2937 ή
2258 2867 2547 2942 σύγκρισις
2569 2868 2681 2942 (44)
2704 2868 2725 2941 )
2751 2910 2766 2937 ,
2803 2870 2941 2926 ἀλλά
2980 2872 3325 2942 σοφωτάτους
3357 2872 3670 2945 ἀποφῆναν.

2514 3133 2685 3189 ΡΞΗ’.
2730 3166 2800 3176 -
2832 3136 3099 3207 ΙΩΑΝΝῌ
3133 3136 3454 3207 ΔῙΑΚΟΝῼ.

511 3228 579 3283 1η
630 3230 762 3282 illud
811 3229 1013 3311 (Pauli
1071 3232 1268 3314 dictum
1286 3230 1334 3351 ),
1392 3249 1409 3282 ι
1444 3228 1681 3311 ⁹Ιιϊὶιςιιτι
1722 3232 1839 3302 quis
1891 3232 2091 3300 faciens

587 3300 745 3351 leaem
788 3297 1013 3351 Moneta.
1070 3317 1181 3351 sine
1226 3302 1280 3351 ul
1307 3318 1338 3351 a
1384 3311 1721 3351 miseratione
1778 3300 1981 3351 duobus
2011 3302 2092 3351 vel

2210 3225 2292 3292 ἳῑς
2321 3224 2408 3291 τὸ,
2456 3243 2474 3278 ι
2510 3224 2843 3306 ξΑθετήσας
2891 3244 2982 3293 τις
3025 3226 3216 3294 νόμον
3252 3225 3546 3292 Μωσέως,
3599 3227 3785 3295 χωρὶς

2264 3298 2585 3351 οἱκτιοιιων
2631 3296 2730 3350 ἐπὶ
2772 3294 2957 3351 δυσὶν
2986 3298 3026 3351 ἢ
3075 3296 3235 3351 tota!
3292 3296 3592 3351 ιιᾶοτυσιν
3629 3298 3782 3351 ἀπο-

587 3300 745 3368 legem
788 3297 1013 3369 Moysis,
1070 3302 1181 3354 sine
1226 3297 1338 3353 ulla
1384 3297 1745 3355 miseratione
1778 3297 1981 3355 duobus
2011 3302 2092 3356 vel

584 3370 751 3422 tribus
782 3370 997 3423 testibus
1028 3371 1256 3424 moritur
1278 3370 1321 3424 '.
1359 3388 1378 3421 ι

588 3483 720 3536 Dum
756 3480 844 3535 lex
871 3495 965 3579 eos
997 3482 1087 3550 qui
1120 3481 1325 3551 majora
1357 3482 1723 3552 gravioraque
1743 3497 1902 3552 quam
1931 3482 2093 3554 510
2118 3520 2161 3579 Ο

515 3574 712 3642 quibus
742 3572 945 3642 ignosci
987 3581 1189 3643 posset,
1230 3573 1563 3628 admiserant
1612 3582 1855 3642 peccata,
1888 3575 2090 3645 absque

518 3663 839 3718 remissione
861 3663 967 3717 ulla
992 3664 1248 3733 puniret:
1269 3666 1653 3733 superveniens
1677 3666 1848 3734 gratia
1882 3665 1903 3737 (
1918 3667 2090 3722 Evan-

517 3755 638 3823 gelii
657 3755 697 3824 ),
722 3769 844 3824 quae
875 3755 1160 3809 mortalem
1190 3763 1246 3809 et
1268 3755 1773 3824 perturbationibus
1797 3758 2088 3813 obnoxiam

514 3847 685 3900 vitam
716 3861 814 3915 per
835 3846 1164 3916 baptismum
1196 3848 1562 3913 mortificavit,
1584 3865 1682 3920 per
1716 3852 2083 3922 regeneratio-

519 3954 642 3995 nem
692 3940 872 3996 denuo
910 3938 1159 3997 homines
1193 3940 1348 4010 quasi
1388 3955 1455 3996 ex
1505 3943 1757 3997 machina
1816 3943 1871 3998 in
1929 3944 2090 3999 aliam

519 4033 876 4101 regeneravit-
910 4032 1101 4099 vitam,
1160 4034 1527 4103 praecepitque
1569 4044 1628 4089 ut
1687 4049 1785 4101 per
1833 4036 2091 4106 optimam

410 4178 417 4185 ,
520 4120 736 4176 vivendi
766 4122 1034 4178 rationem
1065 4124 1316 4191 corporis
1349 4124 1785 4194 perturbationes
1833 4142 1941 4181 non
1984 4136 2091 4183 tam

522 4213 820 4268 tabefactas
842 4228 1334 4285 compesceremus,
1364 4230 1527 4285 quam
1557 4218 1781 4273 omnino
1830 4233 2094 4276 enecare-

521 4317 668 4358 mus.
696 4302 803 4359 Eos
828 4314 1010 4358 autem
1039 4304 1133 4374 qui
1190 4305 1367 4361 adhuc
1404 4320 1630 4374 peccare
1686 4321 1793 4362 non
1847 4309 2094 4365 destituri

520 4400 725 4460 essent,
768 4407 943 4462 neque
976 4394 1352 4462 paenitentiam
1413 4394 1611 4462 acturi,
1640 4397 1983 4465 gravioribus
2011 4410 2094 4454 at-

525 4498 633 4555 que
685 4484 1054 4540 acerbioribus
1084 4484 1454 4554 etiam,quam
1491 4485 1601 4552 lex,
1633 4488 1808 4556 poenis
1852 4504 1913 4544 se
1966 4489 2098 4545 atl‘e-

522 4588 735 4633 cturam
764 4576 1091 4632 comminata
1129 4584 1233 4631 est.
1269 4575 1369 4643 Qui
1404 4577 1549 4632 enim
1586 4588 1734 4634 tanto
1760 4580 1907 4651 digni
1930 4581 2095 4637 habiti

522 4669 686 4736 dono,
715 4680 769 4725 et
818 4669 873 4723 in
914 4667 1176 4723 honorem
1211 4667 1419 4737 regium
1453 4670 1651 4736 evecti,
1679 4679 1735 4725 et.
1789 4672 2097 4727 divinorum

523 4761 654 4816 facti
702 4761 993 4832 participes
1051 4759 1428 4831 mysteriorum
1468 4769 1523 4815 et
1568 4761 1833 4817 donorum
1889 4766 2097 4834 gratiae,

2264 3294 2585 3365 οἰκτιρμῶν
2631 3296 2730 3350 ἐπὶ
2772 3294 2957 3351 δυσὶν
2986 3298 3026 3366 ἢ
3075 3296 3235 3366 τρισὶ
3285 3294 3782 3365 μάρτυσινίὰπο-

2265 3366 2537 3432 θνήσκει.
2584 3385 2602 3417 ›

2266 3478 2374 3533 Τοῦ
2422 3479 2586 3550 νόμου
2632 3480 2761 3543 τοὺς
2800 3478 3132 3551 συγγνώμης
3189 3479 3606 3551 ἁμαρτάνοντας
3657 3480 3777 3551 μείο

2197 3568 2327 3633 ζονα
2347 3568 2733 3640 ἀπαραιτήτως
2749 3568 3088 3635 κολάζοντος,
3116 3570 3151 3641 ή
3176 3569 3334 3642 χάρις
3356 3571 3781 3645 ὲπιφοιτήσασα,

2197 3660 2294 3714 καὶ
2346 3660 2437 3713 τὸν
2492 3661 2686 3733 θνητὸν
2720 3662 2814 3716 καὶ
2852 3661 3074 3733 ἐμπαθῆ
3133 3661 3496 3723 θανατώσασα
3552 3661 3643 3714 διά
3685 3660 3782 3713 τοῦ

2201 3751 2577 3822 βαπτίσματος
2623 3753 2756 3823 βίον,
2791 3752 2879 3806 διὰ
2918 3752 3344 3821 παλιγγενεσίας
3366 3734 3539 3813 ῖαῦθις
3589 3752 3782 3821 ὣσπερ

2198 3845 2264 3897 ὲκ
2294 3848 2540 3917 μηχανῆς
2575 3846 2654 3909 είς
2702 3845 2859 3899 ἀλλον
2894 3845 3221 3916 ἀνεγέννησε
3272 3843 3406 3915 βίον,
3470 3844 3567 3898 καὶ
3614 3860 3784 3917 προσ-

2200 3935 2409 4003 έταξεν,
2439 3937 2529 3990 διά
2559 3936 2830 4000 πολιτείας
2852 3936 3082 4008 ἀρίστης
3104 3937 3173 3990 τὰ
3192 3935 3284 3990 τοῦ
3320 3934 3573 4006 σώματος
3605 3936 3786 4005 μαρξ-

2200 4022 2311 4094 ναι,
2352 4028 2553 4099 μᾶλλον
2597 4029 2655 4083 δὲ
2690 4029 2966 4100 νεκρῶσαι
3016 4027 3202 4099 πάθη·
3236 4030 3349 4091 τοῖς
3380 4027 3439 4081 δὲ
3492 4028 3784 4089 πταίσασι,

2201 4119 2299 4174 καὶ
2341 4121 2416 4189 μὴ
2452 4119 2846 4189 μετανοήσασι,
2883 4118 3083 4188 μᾶλλον
3118 4117 3206 4189 ἢὸ
3237 4117 3402 4187 νόμος
3435 4115 3786 4185 πικροτέροις

2202 4211 2455 4277 ἐκόλασε,
2480 4212 2576 4265 καὶ
2600 4211 2866 4281 ἠπείλησε
2894 4212 2993 4275 τάς
3021 4209 3313 4281 τιμωρίας.
3341 4210 3405 4262 υἱ
3439 4209 3549 4278 γὰρ
3585 4207 3788 4261 τοσαῦ-

2202 4322 2304 4375 της
2359 4304 2683 4369 ἀξιωθέντες
2716 4305 2963 4376 δωρεᾶς,
3009 4305 3106 4359 καὶ
3137 4306 3219 4368 είς
3270 4304 3436 4375 τιμὴν
3496 4301 3788 4374 βασιλικὴν

2207 4397 2668 4468 ἀνακομισθέντες
2689 4439 2703 4461 ,
2738 4398 2833 4451 καὶ
2867 4396 3030 4450 θείων
3058 4396 3344 4465 γενόμενοι
3378 4395 3702 4465 μυστηρίων
3727 4409 3789 4445 τε

2206 4490 2302 4543 κα)⁹
2327 4488 2684 4561 χαρισμάτων
2716 4488 2983 4551 κοινωνοὶ,
3035 4481 3155 4539 εῐτα
3187 4485 3631 4557 ῥαθυμήσαντες,
3663 4484 3790 4553 μεί-

2206 4579 2361 4644 ζονος
2392 4579 2458 4633 ἂν
2488 4575 2599 4633 εἷεν
2626 4578 2901 4651 τιμωρίας
2930 4578 3101 4645 ἄξιοι.
3132 4577 3243 4631 Καὶ
3280 4576 3426 4630 τοῦτ’
3461 4577 3734 4645 ἐγγυᾶται
3764 4576 3792 4626 ὁ

2205 4672 2419 4736 Παῦλος
2441 4672 2664 4744 φράζων
2694 4670 2840 4724 τοῦθ’
2871 4673 3009 4743 ὅπερ
3039 4669 3231 4741 μαθεῖν
3256 4667 3551 4738 ἠθέλησας·
3585 4685 3604 4718 t
3649 4665 3795 4719 Ἀθε-

2204 4765 2378 4836 τήσας
2401 4782 2485 4828 τις
2510 4765 2674 4835 νόμον
2702 4764 2968 4828 Μωσέως,
3004 4762 3174 4833 χωρὶς
3195 4760 3517 4830 οἰκτιρμῶν,
3545 4758 3672 4811 ἀντὶ
3697 4757 3792 4811 τοῦ

526 4863 707 4909 tamen
733 4855 894 4909 etiam
926 4854 1007 4910 sic
1037 4852 1210 4924 ignavi
1248 4865 1371 4907 esse
1397 4851 1498 4940 (ad
1517 4853 1655 4909 bona
1684 4864 1883 4925 opera)
1909 4870 2092 4923 perse-

2210 4858 2376 4929 χωρὶς
2408 4856 2592 4919 ἐλέους
2618 4857 2710 4910 καὶ
2738 4854 3123 4926 παραιτήσεως
3156 4852 3253 4907 καὶ
3276 4850 3616 4921 συγγνώμης
3644 4890 3659 4911 ,
3695 4850 3790 4901 ἐπὶ

527 4958 736 5012 Verani,
768 4946 958 5014 majori
998 4946 1262 5016 supplicio
1302 4947 1451 5017 digni
1503 4948 1895 5003 censebantur.
1925 4948 2092 5019 Atque

2212 4948 2363 5002 δυσὶν
2393 4947 2426 5017 ἢ
2458 4947 2604 5017 τρισὶ
2638 4946 2908 5017 μάρτυσιν
2951 4944 3291 5015 ἀποθνήσκει
3317 4941 3455 5014 (45),
3482 4940 3635 4995 τοῦτ’
3668 4941 3793 4993 ἔστι

593 5101 638 5172 Ῡ⁹
669 5101 904 5172 Philipp.
936 5117 998 5170 ιι,
1031 5103 1084 5157 6.
1163 5104 1180 5135 ¹
1204 5102 1363 5159 Rom.
1401 5101 1610 5172 Ytll,__5.

526 5171 545 5202 ³
577 5171 736 5225 Joan.
774 5170 934 5239 t,'i4.
1012 5174 1033 5204 ⁶
1058 5172 1225 5230 llebr.
1260 5188 1299 5238 ι,
1329 5173 1379 5230 1.
1456 5173 1475 5204 ⁷
1507 5170 1674 5227 Hebr.
1700 5188 1756 5239 ιι,
1789 5172 1881 5227 28.

1723 5105 1744 5135 ³
1778 5100 1929 5164 Psal.
1969 5118 2159 5168 xxxix,
2187 5103 2252 5170 7;
2285 5101 2450 5158 Hebr.
2482 5118 2513 5155 ιι
2539 5140 2553 5166 ,
2585 5102 2639 5156 5.

2751 5100 3023 5171 διδοίην.
3061 5114 3115 5153 ιν
3137 5138 3155 5166 ,
3178 5099 3269 5155 Η.
3374 5097 3397 5130 ⁸
3421 5097 3442 5152 1
3468 5097 3600 5154 Cor.
3645 5114 3712 5166 ιι,
3742 5098 3797 5153 8.

1633 5327 1867 5384 VARIZE
1905 5328 2285 5385 LECTIONES
2317 5328 2406 5382 ET
2441 5327 2663 5383 NOTAE.

745 5487 801 5541 ln
831 5488 1142 5559 ιῑιιιιοίιιοει
1184 5487 1363 5557 Νείλῳ
1413 5486 1535 5559 cod.
1582 5485 1758 5559 Yatic.
1807 5486 1912 5559 650
1955 5486 2103 5559 addit

532 5556 793 5626 Διακόνῳ,
822 5568 873 5611 el
895 5556 1114 5612 verbum
1147 5556 1394 5626 ultimum
1423 5556 1664 5626 epistola:
1690 5572 1793 5611 non
1819 5558 2102 5626 ἁποφῆναν

534 5625 626 5677 sud
652 5623 921 5693 ἀποφῆναι
956 5627 1161 5681 scribit.
1192 5625 1399 5679 Possm.
1459 5623 1472 5626 ’
1943 5623 1951 5626 ⁷
1989 5623 1998 5637 “

606 5694 715 5761 (Μ)
756 5695 885 5747 Vide
916 5711 1071 5762 supra
1111 5696 1268 5763 epist.
1298 5696 1416 5748 115.
1449 5695 1611 5748 RITT.

2282 5484 2394 5554 (45)
2431 5485 2576 5539 Inter
2600 5482 2936 5554 ἀποθνήσκει
2963 5492 3018 5554 et
3043 5482 3189 5554 τοῦτ’
3223 5480 3338 5537 ἐστι
3362 5482 3483 5538 hinc
3516 5484 3643 5539 cod.
3674 5481 3800 5537 Vat.

2212 5554 2317 5609 650
2341 5552 2581 5627 inserit:
2612 5552 2736 5627 Atio,
2764 5552 2948 5627 φησιν,
2979 5553 3010 5624 ἢ
3051 5552 3219 5624 τριῶν
3253 5554 3553 5627 μαρτύρων
3590 5571 3805 5624 μαρτυ-

2216 5626 2495 5694 ρησάντων
2537 5623 2880 5694 ἀποθνήσκει
2912 5623 3055 5693 [qum
3086 5623 3152 5679 ex
3201 5623 3450 5692 margine
3481 5626 3535 5677 in
3593 5623 3804 5678 textum

2214 5692 2495 5764 irrepsisse
2532 5692 2824 5763 videntur].
2858 5692 3063 5747 Possm.
