4020 6140
390 252 524 318 1261
1348 252 1879 317 EPISTOLARUM
1913 250 2058 310 LIB.
2101 250 2198 309 ιν.
2243 250 2574 312 —-EPIST.
2616 250 2831 311 CLXX.
3522 245 3655 309 1262

386 371 743 427 λιθοϐολεῐται
771 387 785 401 ·
839 370 991 441 πόσῳ
1038 370 1247 423 δοκεῖτε
1296 370 1542 439 χείρονος
1600 368 1969 437 ἀξιωθήσεται

2081 366 2177 420 hoc
2203 365 2379 436 ipsum
2416 365 2612 419 Paulus
2653 366 2943 435 significat,
2971 379 3095 421 cum
3129 364 3183 418 id
3239 361 3472 433 profert,
3506 366 3649 431 quod

393 465 671 536 τιμωρίας
694 505 709 530 ,
755 464 784 515 6
816 463 908 516 τὸν
938 461 1380 533 ἐλευθερώσαντα
1405 500 1420 525 ,
1470 461 1603 531 φησὶ
1629 500 1644 525 ,
1680 460 1776 513 καὶ
1806 459 1967 529 τιμή-

2081 469 2131 511 ιιι
2160 459 2370 513 discere
2420 458 2638 511 voluisti
2678 477 2690 511 :
2733 476 2750 508 ι
2786 458 3003 511 irritam
3052 456 3175 525 quis
3202 455 3408 510 iaciens
3475 449 3681 523 legem!

392 573 582 618 σαντα,
617 555 685 608 δι’
714 547 789 608 ὧν
822 554 1078 627 πράττει,
1111 552 1501 624 καθυϐρίζων;

2081 549 2297 619 Moysis,
2327 550 2444 603 sine
2478 549 2584 602 ulla
2638 548 2987 603 miseratione
3034 548 3171 617 (hoc
3201 554 3285 600 est
3320 546 3524 615 absque
3555 546 3687 627 mi-‘

390 645 711 709 sericordia,
749 653 807 699 et
845 645 1224 706 excusatione,
1253 652 1309 697 et
1357 642 1574 712 venia),
1607 641 1818 696 duobus
1880 638 1966 693 vel
2006 638 2177 693 tribus
2208 640 2437 694 testibus
2504 636 2880 699 moritur,hoe
2940 646 3045 701 est,
3075 635 3340 703 lapidibus
3370 632 3654 696 obruitur;

389 747 593 808 quanto
617 738 788 807 magis
823 738 1028 808 putatis
1081 737 1351 793 deteriora
1416 735 1617 791 mereri
1673 733 1960 804 supplicia,
2000 731 2090 803 qui
2119 745 2242 784 eum
2280 746 2309 785 a
2374 743 2482 799 quo
2514 729 2798 794 liberatus,
2832 727 3029 797 inquit,
3090 735 3145 781 et
3187 725 3397 780 honore
3432 723 3658 780 affectus

387 834 492 888 est,
520 825 849 881 contumelia
874 824 1073 881 adicit?
1109 844 1129 878 ι

690 937 1251 1008 ΡΞΘ’.-1Σ1ΔΩΡῼ
1289 937 1663 1007 ΕΠΙΣΚΟΠῼ.

585 1029 809 1097 Εὶςτό,
848 1049 866 1082 ι
906 1028 1199 1098 Μακάριοι
1224 1031 1280 1083 οἰ
1311 1027 1694 1096 εἰρηνοποιοί.
1733 1044 1751 1077 ι

460 1146 599 1208 Τοὺς
629 1144 1011 1216 εἰρηνοποιοὺς
1048 1145 1076 1196 6
1107 1142 1298 1213 Σωτὴρ
1329 1141 1659 1213 ἐμακάρισε,
1694 1140 1788 1195 καὶ
1820 1142 1968 1203 υἱοὺς

390 1234 756 1303 ἐπηγγείλατο
793 1232 930 1286 Θεοῦ
962 1231 1218 1300 γενέσθαι
1269 1232 1381 1302 (46)
1403 1248 1417 1261 ·
1450 1234 1577 1294 τοὺς
1623 1232 1840 1301 πρῶτον
1870 1232 1969 1301 μὲν

389 1331 447 1381 ὲν
475 1329 689 1390 ἑαυτοῖς
735 1325 1147 1396 είρηνεύοντας,
1194 1326 1287 1378 καὶ
1338 1324 1415 1395 μὴ
1463 1323 1965 1388 διαστασιάζοντας,

387 1416 526 1469 ἀλλά
569 1416 661 1469 τὸν
713 1414 977 1486 ἐμφύλιον
1030 1415 1265 1484 πόλεμον
1324 1415 1691 1478 καταλύοντας
1716 1454 1730 1477 ,
1787 1414 1866 1485 τῷ
1908 1415 1969 1467 τὸ

391 1507 551 1577 σῶμα
579 1505 656 1575 τῷ
686 1504 959 1574 πνεύματι
990 1504 1333 1567 ὑποτάττειν,
1358 1504 1454 1557 καὶ
1484 1504 1692 1557 πείθειν
1721 1503 1781 1556 τὸ
1810 1503 1968 1556 ἐλατ-

386 1613 478 1648 τον
511 1594 591 1665 τῷ
624 1594 893 1665 κρείττονι
932 1591 1225 1658 δουλεύειν,
1257 1591 1502 1645 δουλείαν
1540 1593 1719 1662 πάσης
1753 1592 1970 1645 ἐλευθε-

391 1689 515 1759 ρίας
544 1687 641 1740 καὶ
672 1685 947 1756 βασιλείας
978 1685 1187 1756 ἀμείνω
1209 1701 1223 1713 ·
1261 1684 1454 1737 ἔπειτα
1504 1684 1600 1738 καὶ
1626 1687 1739 1747 τοῖς
1788 1683 1970 1746 ἄλλοις

388 1781 498 1842 τοῖς
524 1796 583 1831 τε
611 1779 745 1849 πρὸς
777 1778 1004 1840 ἑαυτοὺς
1039 1779 1151 1840 τοίς
1179 1794 1239 1829 τε
1279 1779 1415 1847 πρὸς
1438 1776 1701 1848 ἀλλήλους
1743 1776 1971 1830 στασιά-

389 1870 575 1933 ζουσιν
605 1870 833 1940 εἰρήνην
888 1866 1277 1939 βραὸεύοντας.
1316 1869 1433 1920 Ούκ
1469 1870 1535 1921 ἂν
1578 1868 1635 1919 δὲ
1688 1884 1773 1929 τις
1826 1866 1974 1935 ἄλλῳ

389 1961 765 2032 πρυτανεῦσαι
792 1960 999 2024 δίκαιος
1027 1960 1093 2014 ἂν
1132 1961 1240 2030 εἴη,
1276 1959 1304 2011 ὃ
1339 1960 1412 2030 μὴ
1454 1959 1615 2021 αὐτὸς
1642 1959 1774 2029 ἔχει.
1812 1957 1974 2011 Ὅθεν

388 2055 481 2107 καὶ
508 2054 719 2124 ἄγαμαι
744 2054 844 2124 τῆς
869 2052 1022 2115 θείας
1050 2050 1463 2122 φιλανθρωπίας
1503 2050 1600 2120 τὴν
1632 2049 1975 2120 ἀνυπέρϐλη-

390 2162 485 2197 τον
518 2144 853 2215 φιλοτιμίαν,
886 2144 967 2197 ὅτι
999 2143 1097 2207 τὰς
1124 2142 1337 2212 ἀγαθὰς
1367 2141 1692 2204 ἀντιδόσεις,
1719 2142 1780 2193 ού
1814 2140 1974 2211 μόνον

392 2236 577 2299 πόνοις
624 2236 719 2289 καὶ
772 2233 1032 2306 ἱδρῶσιν,
1069 2233 1208 2287 ἀλλά
1246 2234 1341 2287 καὶ
1393 2232 1721 2294 εὐπαθείαις
1770 2232 1973 2303 τρόπον

388 2323 514 2377 τινὰ
547 2324 658 2394 (47)
702 2323 915 2394 ὀρέγειν
963 2324 1328 2393 ὑπισχνεῖται,
1362 2323 1415 2375 εί
1435 2340 1497 2391 γε
1536 2325 1570 2393 ή
1607 2322 1818 2393 κορυφὴ
1868 2322 1973 2373 τῶν

388 2416 845 2488 εύφραινόντωνή
872 2415 1063 2486 εἰρήνη
1092 2416 1260 2480 ἐστὶν,
1288 2408 1356 2487 ἧς
1386 2414 1655 2485 ἀπούσης,
1686 2414 1841 2467 οὐδὲν
1864 2413 1971 2466 τῶν

390 2510 470 2571 εἰς
503 2507 773 2579 θυμηδίαν
803 2508 1044 2577 ἡκόντων
1079 2505 1308 2575 ἰσχύσει,
1343 2504 1587 2575 πολέμου
1616 2506 1717 2577 τὴν
1747 2506 1971 2576 εἰρήνην

390 2598 859 2663 κατασϐεννύντος
894 2615 907 2630 ·
947 2595 1007 2653 εὖ
1041 2599 1098 2652 δὲ
1128 2597 1225 2651 καὶ
1270 2598 1452 2667 φάναι,
1495 2598 1644 2660 υἱοὺς
1684 2597 1820 2651 Θεοῦ
1850 2596 1976 2665 κλη-

391 2691 649 2763 θήσεσθαι
674 2692 798 2754 τοὺς
841 2688 1215 2760 εἰρηνοποιούς
1238 2705 1251 2717 ’
1281 2689 1375 2741 καὶ
1425 2688 1483 2740 τὸ
1532 2687 1765 2741 ἔπαθλον
1798 2689 1975 2741 ὲκείνο

389 2784 566 2852 τούτῳ
588 2781 666 2852 τῷ
696 2782 844 2852 ἀθλῳ
872 2780 1362 2850 ἀπονενεμηκέναι.
1410 2779 1629 2850 Ἐπειδὴ
1658 2780 1767 2852 γάρ
1788 2779 1970 2845 αὐτὸς,

390 2872 614 2941 γνήσιος
660 2870 739 2923 ὣν
774 2871 905 2934 Υἱὸς
928 2912 944 2938 ,
1000 2871 1379 2942 εἰρηνοποίησε
1413 2869 1482 2922 τὰ
1511 2869 1687 2922 πάντα
1718 2910 1732 2935 ,
1763 2869 1824 2921 τὸ
1875 2870 1973 2939 μὲν

392 2963 551 3033 σῶμα
584 2964 920 3035 ὁρμητήριον
969 2962 1071 3031 τῆς
1113 2962 1315 3032 ἀρετῆς
1361 2961 1648 3030 ἀποφήνας
1678 2997 1694 3022 ,
1741 2961 1867 3022 τοὺς
1918 2961 1975 3013 δὲ

2359 934 2591 989 CLXIX.
2611 968 2672 979 —
2692 934 2972 990 ISIDORO
3032 933 3379 990 EPISCOPO.

2417 1027 2483 1079 In
2519 1026 2673 1092 illud,
2738 1046 2756 1078 ι
2792 1027 2941 1081 Beati
2969 1027 3179 1095 paciﬁci
3209 1028 3249 1081 ⁸.
3284 1047 3302 1078 ι

2147 1136 2413 1195 Paciﬁcos
2442 1137 2628 1194 beatos
2647 1139 2961 1208 praedicavit
3005 1136 3276 1205 Salvator,
3307 1151 3359 1195 et
3383 1141 3523 1196 ﬁlios
3558 1143 3648 1196 Dei

2076 1230 2289 1286 futuros
2316 1244 2437 1286 esse
2476 1232 2726 1301 promisit
2756 1250 2770 1286 :
2802 1231 2893 1300 qui
2922 1232 3097 1301 primo
3122 1234 3339 1303 quidem
3373 1234 3424 1287 in
3448 1245 3656 1289 semet-

2076 1323 2212 1392 ipsis
2262 1337 2449 1392 pacem
2507 1323 2715 1387 colunt,
2767 1338 2867 1378 nec
2918 1322 3170 1379 laborant
3228 1325 3519 1391 seditione,
3556 1326 3653 1381 sed

2076 1414 2274 1470 bellum
2306 1414 2459 1483 quasi
2519 1414 2679 1468 civile
2729 1423 2785 1468 et
2837 1415 3153 1470 intestinum
3211 1416 3492 1481 dirimunt,
3525 1417 3652 1471 dum

2077 1518 2273 1572 corpus
2298 1502 2510 1573 spiritui
2549 1502 2869 1571 subjiciunt,
2899 1514 2951 1559 et
2987 1514 3192 1573 partem
3225 1507 3307 1560 sui
3340 1504 3655 1561 inferiorem

2077 1607 2141 1646 eo
2171 1592 2467 1657 adducunt,
2525 1605 2583 1646 ut
2637 1595 3003 1663 praestantiori
3062 1596 3268 1649 serviat
3332 1596 3654 1650 servitutem

2079 1684 2269 1753 quavis
2324 1684 2594 1748 libertate,
2628 1689 2871 1756 adeoque
2921 1698 2975 1742 et
3032 1702 3199 1757 regno
3225 1688 3442 1755 quovis,
3476 1688 3654 1756 potio‘

2078 1789 2188 1828 rem
2219 1793 2230 1827 :
2260 1775 2474 1841 deinde,
2506 1778 2596 1846 qui
2624 1778 2744 1832 aliis
2775 1794 3013 1848 quoque,
3050 1779 3127 1833 vel
3151 1793 3337 1833 secum
3390 1778 3523 1847 ipsis
3567 1776 3655 1831 vel

2077 1881 2198 1919 cum
2234 1866 2354 1921 aliis
2382 1868 2766 1924 dissidentibus
2811 1870 2958 1938 pacis
3015 1879 3143 1925 sunt
3178 1879 3451 1925 auctores.
3485 1867 3655 1924 Nemo

2077 1966 2258 2012 autem
2311 1958 2379 2011 ad
2426 1960 2478 2012 id
2535 1960 2691 2012 alteri
2748 1961 3148 2015 conciliandum
3200 1961 3425 2015 idoneus
3472 1960 3653 2023 fuerit,

2075 2050 2219 2117 quod
2247 2050 2363 2120 ipse
2398 2066 2503 2104 non
2531 2051 2713 2106 habet.
2737 2049 2889 2107 Unde
2924 2052 2983 2107 iit
3031 2052 3197 2107 etiam
3248 2063 3305 2105 ut
3330 2056 3652 2107 immensam

2077 2142 2273 2197 divinae
2296 2142 2556 2199 bonitatis
2608 2146 2715 2197 vim
2772 2145 3031 2212 demirer,
3060 2159 3180 2214 qua:
3216 2144 3385 2199 bonas
3418 2142 3655 2198 retriiu-

2078 2235 2251 2290 tiones
2316 2251 2420 2289 non
2483 2246 2690 2291 tantum
2757 2236 3033 2293 laboribus
3079 2253 3142 2292 ac
3192 2237 3502 2302 sudoribus,
3558 2238 3655 2293 sed

2076 2326 2478 2393 quodammodo
2548 2329 2713 2381 etiam
2799 2328 3165 2395 voluptatibus
3222 2342 3343 2381 sese
3402 2328 3651 2382 daturam

2077 2415 2379 2484 pollicetur,
2399 2417 2441 2469 si
2472 2417 2690 2486 quidem
2723 2418 2997 2485 fastigium
3039 2433 3218 2472 rerum
3255 2417 3652 2471 delectabiiinm

2075 2508 2316 2561 omnium
2349 2521 2451 2575 pax
2493 2508 2734 2562 continet
2768 2526 2781 2561 :
2815 2523 2921 2578 qua
2980 2508 3226 2569 absente.
3285 2508 3416 2561 nihil
3495 2508 3654 2576 quid-

2076 2615 2237 2668 quam
2293 2614 2481 2654 eorum
2512 2600 2730 2665 valebit,
2764 2614 2884 2670 qua?
2927 2600 2995 2654 ad
3036 2600 3279 2654 animum
3337 2601 3656 2654 demulcen-

2076 2692 2201 2743 dum
2236 2702 2362 2745 sunt
2394 2692 2887 2760 comparata,bello
2928 2692 3177 2747 videlicet
3222 2706 3409 2761 pacem
3440 2694 3652 2746 exstin-

2076 2792 2294 2851 gueute.
2330 2782 2435 2836 Sed
2464 2793 2517 2837 et
2544 2786 2643 2837 hoc
2672 2785 2895 2853 pulchre
2942 2794 3102 2853 atque
3133 2784 3399 2838 concinne
3444 2785 3651 2840 dictum

2077 2888 2196 2928 esse
2223 2873 2516 2941 putandum
2549 2884 2651 2937 est,
2707 2873 2846 2927 lilios
2877 2875 2965 2928 Dei
2999 2882 3245 2928 vocatum
3274 2874 3336 2928 iri
3366 2874 3653 2944 paciﬁcos:

2079 2964 2327 3033 quodque
2355 2964 2482 3018 illud
2510 2964 2787 3034 praemium
2816 2965 3239 3019 huiccertamini
3266 2968 3338 3019 sit
3371 2965 3653 3019 tributum.

389 3058 482 3111 δύο
500 3058 613 3131 (48)
624 3058 714 3113 τόν
732 3075 793 3111 τε
814 3059 871 3124 ἐξ
888 3057 1155 3112 Ἰουδαίων
1178 3057 1271 3110 καὶ
1288 3056 1377 3109 τὸν
1398 3056 1458 3119 ἐξ
1486 3054 1657 3108 ἐθνῶν
1678 3072 1972 3107 πεπιστευο

2081 3056 2212 3111 Cum
2240 3056 2385 3110 enim
2412 3056 2544 3125 ipse,
2580 3065 2638 3110 ut
2667 3057 2756 3126 qui
2775 3057 3041 3126 genuinus
3060 3057 3129 3112 sit
3156 3055 3346 3123 Filius,
3366 3057 3432 3111 ad
3467 3072 3655 3127 pacem

392 3150 553 3214 κότας
580 3152 770 3214 κτίσας
800 3151 880 3212 εἰς
904 3151 1001 3204 ἕνα
1026 3149 1209 3203 καινὸν
1237 3148 1523 3218 ἄνθρωπον
1540 3164 1555 3180 ο
1572 3147 1640 3201 τά
1662 3164 1721 3199 τε
1749 3147 1973 3217 οὐράνια

2081 3146 2445 3214 composuerit
2478 3145 2681 3210 omnia,
2710 3146 2836 3199 dum
2863 3155 2917 3200 et
2943 3161 3141 3215 corpus
3193 3146 3425 3201 reddidit
3468 3148 3657 3200 virtuti

392 3244 507 3305 τοῖς
555 3242 820 3310 ἐπιγείοις
868 3239 1115 3309 συνάψας
1140 3280 1155 3304 ,
1192 3238 1421 3302 εἰκότως
1461 3239 1587 3302 τοὺς
1630 3238 1695 3291 τά
1730 3238 1870 3290 αὐτὰ
1899 3238 1973 3301 ὡς

393 3332 660 3402 ἐνδέχεται
694 3332 1001 3397 ποιοῦντας,
1028 3332 1125 3401 τῆς
1154 3331 1327 3401 αὐτῆς
1363 3330 1764 3401 ἀξιωθήσεσθαι
1794 3348 1970 3401 προσ-

392 3424 618 3494 ηγορίας
662 3423 763 3493 ἔφη
790 3462 805 3485 ,
867 3423 962 3476 καὶ
1012 3423 1092 3486 εἰς
1137 3423 1232 3495 τὴν
1276 3424 1373 3494 τῆς
1407 3422 1679 3485 υἱοθεσίας
1729 3422 1971 3489 εἰσποιη-

394 3515 654 3587 θήσεσθαι
704 3516 880 3581 ἀξίαν,
926 3515 1049 3585 ἥτις
1080 3517 1228 3570 ἐστὶν
1271 3517 1298 3568 6
1332 3514 1632 3585 ἀκρότατος
1663 3515 1760 3584 τῆς
1795 3532 1973 3585 μακα-

393 3609 641 3680 ριότητος
670 3610 817 3680 ὅρος.

2081 3252 2307 3305 pronum
2336 3247 2498 3306 atque
2552 3238 2831 3301 ubediens,
2865 3248 2919 3291 et
2958 3238 3183 3308 populos
3229 3240 3387 3303 duos,
3423 3239 3538 3308 qui,
3566 3240 3651 3291 iu-

2083 3344 2269 3397 quam,
2303 3328 2575 3383 etJudaais
2607 3330 2815 3399 pariter
2862 3345 2925 3385 ac
2975 3331 3228 3399 gentibus
3279 3332 3654 3397 crediderunt,

2083 3426 2136 3477 in
2176 3437 2342 3476 unum
2406 3437 2607 3476 novum
2667 3425 2941 3479 hominem
2990 3424 3255 3491 condidit,
3313 3434 3369 3479 et
3420 3424 3659 3494 denique

2080 3514 2318 3570 caelestia
2353 3513 2586 3568 terrenis
2640 3516 3081 3583 compaginavit:
3122 3525 3267 3570 recte
3307 3514 3463 3585 511
3499 3526 3663 3585 atque

2078 3605 2270 3660 ordine
2297 3603 2449 3671 fecit,
2476 3606 2620 3675 quod
2657 3608 2869 3671 eadem,
2893 3617 3151 3676 quantum
3191 3607 3405 3676 quidem
3452 3608 3503 3660 in
3529 3606 3660 3675 ipsis

390 3708 866 3769 est,praestautes,
903 3700 1089 3753 eadem
1153 3713 1367 3767 quoque
1425 3696 1803 3766 appellationis
1863 3697 2127 3768 dignitate
2196 3696 2534 3752 dccorandos
2576 3698 2972 3767 pronuntiavit,
3009 3708 3064 3754 et
3117 3698 3170 3753 in
3230 3699 3506 3754 ﬁliationis
3560 3698 3658 3752 ho-

390 3804 578 3846 norem
606 3790 933 3859 cooptandos
975 3804 989 3843 :
1037 3792 1127 3859 qui
1159 3804 1445 3855 supremus
1508 3798 1592 3841 est
1653 3789 2005 3844 beatitudinis
2048 3787 2337 3844 terminus.

673 3904 793 3956 PO'.
830 3932 900 3941 ——
930 3903 1179 3972 ΖΩΣΙΜῼ
1219 3900 1691 3969 ΠΡΕΣΒΥΤΕΡῼ.

391 3996 585 4048 Ποίων
630 3992 1060 4061 ἁμαρτημάτων
1070 3993 1314 4115 aligero-tr
1366 3989 1570 4043 ἐδίδου
1598 3993 1630 4042 ό
1658 3990 1842 4058 νόμος
1879 3990 1977 4043 διὰ

1111 4076 1317 4113 υσιων.

1111 4076 1317 4113 υσιων.

463 4174 584 4229 Τῶν
617 4174 716 4245 μὲν
745 4173 1046 4228 δοκούντων
1087 4168 1225 4226 εἶναι
1264 4171 1704 4244 ἁμαρτημάτων,
1741 4175 1770 4225 6
1814 4172 1976 4242 νόμος

392 4268 607 4338 ἄφεσιν,
627 4267 660 4334 ἢ
681 4266 768 4319 διά
796 4265 1015 4330 θυσιῶν,
1041 4268 1072 4336 ἣ
1099 4265 1163 4319 δι’
1188 4265 1632 4337 ἐλεημοσύνης,ἢ
1664 4264 1750 4319 διά
1773 4266 1982 4337 καθαρ-

395 4357 547 4420 σίων,
581 4358 810 4426 παρεῖχε
831 4371 846 4384 ·
876 4357 983 4408 τῶν
1010 4356 1065 4408 δὲ
1098 4356 1268 4409 ὄντων
1303 4356 1443 4426 ούχί.
1480 4357 1563 4410 re
1591 4356 1698 4426 γάρ
1730 4357 1974 4425 συγγνώο

397 4464 504 4516 μης
543 4447 789 4514 μείζονα,
816 4446 1138 4510 κατεδίκαζε
1171 4445 1409 4515 θανάτῳ.
1444 4446 1830 4499 Καταλύεσθαι
1861 4448 1971 4515 (49)

393 4538 502 4608 γὰρ
531 4538 693 4590 παντὶ
738 4536 926 4608 τρόπῳ
973 4539 1096 4600 τοὺς
1125 4537 1297 4591 ταῦτα
1318 4536 1561 4606 δρῶντας
1589 4538 1973 4607 προσέταττεν,

394 4630 492 4699 ούχ
524 4629 609 4681 ἵνα
643 4628 712 4682 τὰ
741 4628 882 4683 αὐτά
904 4628 1121 4699 δρῶμεν
1148 4646 1160 4659 ⁸
1191 4628 1372 4683 λαθὼν
1405 4627 1517 4697 (50)
1553 4628 1610 4680 δὲ
1636 4627 1781 4680 λίθον
1813 4629 1974 4680 ἁκονυ

398 4721 543 4773 τίσαι
582 4720 725 4774 κατά
760 4718 855 4773 τοῦ
890 4718 1110 4781 ἁλόντος
1133 4736 1147 4751 ο
1200 4719 1313 4772 ἀλλ’
1352 4718 1439 4770 ἵνα
1477 4720 1525 4769 οἰ
1554 4717 1660 4770 τῶν
1690 4718 1973 4784 ἀσυγγνώ-

473 4876 493 4905 ⁸
520 4875 712 4931 Matth.
749 4892 805 4941 v,
838 4876 891 4929 9.

2320 3898 2529 3953 CLXX.
2553 3929 2620 3939 —
2642 3898 2893 3956 ZOSIMO
2919 3899 3422 3969 ;PRESBYTERO.

2085 3988 2337 4054 Qualium
2395 4000 2729 4059 peccatorum
2786 3992 3143 4064 remissionem
3207 3991 3408 4046 dederit
3452 3994 3535 4047 lea:
3569 4012 3663 4064 per

2732 4056 3018 4127 sacriﬁcia.

2148 4172 2537 4242 Appareutium
2598 4174 2815 4241 quidem
2880 4184 3223 4244 peccatorum
3286 4175 3664 4233 remissionem

2081 4263 2168 4319 lex
2200 4264 2283 4319 vel
2324 4282 2418 4335 per
2447 4266 2715 4321 sacrificia
2748 4276 2804 4321 et
2849 4268 3121 4333 victimas,
3158 4268 3240 4324 vel
3285 4284 3380 4339 per
3431 4268 3667 4324 eleemo-

2084 4371 2297 4427 syuam,
2356 4358 2439 4412 vel
2493 4373 2589 4427 per
2651 4358 3000 4415 lustrationes
3057 4362 3328 4429 prazbebat
3362 4380 3374 4414 :
3412 4375 3666 4416 verorum

2082 4453 2260 4499 autem
2316 4459 2422 4499 non
2474 4446 2625 4500 item.
2658 4446 2792 4500 Nam
2856 4450 3013 4502 venia
3058 4448 3263 4516 majora
3326 4458 3499 4502 morte
3536 4464 3666 4503 cou-

2080 4537 2391 4592 demnabat.
2432 4539 2663 4595 Omnino
2685 4537 2827 4593 enim
2858 4555 2951 4595 eos
2981 4540 3072 4610 qui
3098 4542 3221 4593 talia
3252 4540 3657 4609 perpetrabant,

2078 4629 2146 4683 de
2172 4629 2352 4684 medio
2389 4630 2499 4684 tolli
2545 4641 2711 4701 atque
2763 4632 2967 4687 aboleri
3029 4631 3377 4701 praecipiebat
3414 4649 3427 4684 :
3466 4648 3568 4684 non
3608 4641 3667 4684 ut

2085 4718 2273 4773 cadent
2306 4718 2589 4784 faciamus,
2620 4721 2777 4790 quasi
2799 4721 3103 4776 clanculum
3134 4722 3215 4773 lex
3264 4719 3496 4786 lapidem
3530 4734 3664 4773 cou-

1522 4995 1752 5049 νΑιιιιΕ
1796 4995 2182 5051 LECTIONES
2224 4997 2309 5050 ET
2341 4997 2568 5052 NOTIE.

468 5156 707 5226 (ἄωρτο
764 5153 1018 5221 γενέσθαι
1075 5152 1212 5205 idem
1283 5154 1401 5205 cod.
1461 5151 1650 5204 scribit
1719 5105 1987 5219 κληθήσε-

403 5225 541 5280 σθαι.
582 5225 792 5279 Possm.

470 5296 582 5366 (47)
616 5296 759 5366 Inter
783 5293 906 5345 τινα
933 5302 986 5366 et
1006 5291 1225 5366 ὀρέγειν
1260 5291 1449 5344 inserit
1485 5290 1647 5366 idem,
1685 5290 1796 5366 _xai
1816 5288 1983 5366 “Guy.-

2169 5152 2280 5219 (ιθ)
2320 5152 2453 5205 Cod.
2489 5150 2610 5205 Vat.
2646 5149 3010 5203 καταλύεσθαι
3052 5157 3219 5202 mutat
3285 5149 3337 5202 in
3372 5150 3665 5202 καταλεύε-

2092 5222 2232 5274 σΟαι.
2264 5222 2472 5274 Possm.

2163 5292 2274 5362 (50)
2300 5291 2404 5343 Pro
2430 5289 2772 5362 lgOdwidem
2799 5288 2990 5362 scribit
3013 5288 3310 5362 λανθάνων,
3331 5297 3384 5342 et
3403 5303 3499 5357 pro
3516 5290 3668 5341 ἀκον-

396 5357 593 5434 ηδίαιέ.
631 5362 783 5416 Vers.
809 5371 929 5431 post
957 5357 1258 5434 2,ίίσχύσει
1285 5368 1457 5434 mutat
1490 5359 1775 5434 itt_iox65t.
1816 5357 1973 5434 Petilc

2089 5357 2577 5434 τίσάι,’ἀκοντίζει.
2615 5359 2765 5434 νεεδ.
2812 5368 2933 5426 post
2966 5360 3000 5410 ‘2
3022 5397 3035 5419 ,
3065 5358 3367 5434 πταιόντων
3416 5369 3584 5410 mulat
3613 5362 3662 5411 in

398 5427 522 5501 post
549 5427 645 5502 pro
676 5427 901 5503 εἰρήνην
932 5427 1136 5485 scribit
1169 5428 1525 5503 εὐφροσύνην.
1557 5427 1710 5483 Vers.
1755 5442 1872 5497 seq.
1910 5429 1985 5481 in-

402 5498 484 5560 ter
516 5498 610 5556 καὶ
643 5510 695 5553 ct
726 5498 916 5568 φάναι,
949 5504 1227 5555 interserit
1257 5501 1334 5551 τό.
1368 5498 1441 5552 In.

476 5575 589 5642 (48)
623 5571 769 5642 Τοὺς
795 5571 862 5622 δὲ
899 5570 1027 5626 δύο.
1066 5571 1125 5623 1³.
1161 5571 1308 5625 deest
1340 5569 1521 5635 λαοὺς,
1574 5569 1675 5625 nisi
1706 5585 1801 5639 pro
1852 5586 1974 5629 τους

410 5640 506 5713 gas
533 5640 716 5703 λαούς.
742 5643 906 5696 lim“.

2091 5432 2344 5485 ἁλόντων.
2380 5429 2531 5483 Vers.
2568 5428 2770 5496 penult.
2801 5445 2885 5495 ep.
2926 5438 3045 5495 post
3075 5426 3401 5480 καταλιθοῦν
3432 5443 3550 5495 qua:
3582 5444 3667 5480 se-

2089 5510 2329 5567 quuatur
2350 5501 2414 5550 ad
2452 5498 2611 5552 linem
2654 5498 2736 5551 'sic
2766 5499 2984 5551 exhibet
3034 5498 3171 5551 idem
3205 5497 3349 5561 c0d.,
3402 5496 3489 5548 τὸν
3520 5497 3667 5550 ὲλάτο

2089 5588 2199 5622 τονι
2236 5570 2535 5637 πταίσματι
2580 5568 2917 5639 φωραθέντα.
2951 5568 3026 5619 lt).
