4020 6140
410 276 546 342 1263
1579 272 1639 329 S.
1684 267 1979 329 ISIDORI

2101 262 2453 330 lLUSIOT/E
3514 264 3518 269 ’
3535 262 3687 334 1264

406 406 486 450 tra
512 391 914 464 deprehensum
957 391 1009 446 in
1046 390 1314 460 ejusmodi
1371 397 1594 459 peccato
1639 388 1978 457 projecisset,

2101 402 2225 440 mw
2258 385 2617 456 πταισμάτων
2642 383 3061 456 καθαρεύοντες,
3091 382 3191 456 τὴν
3216 387 3494 456 τιμωρίαν
3528 389 3685 443 κατᾶ

402 485 495 540 sed
532 493 592 539 ut
655 483 736 537 illi
796 484 889 552 qui
936 495 967 535 a
1027 482 1263 552 peccatis
1321 481 1473 535 venia
1524 478 1762 548 indignis
1814 488 1975 547 atque

2101 477 2191 530 εῶν
2228 477 2529 533 πταιόντων
2561 476 2910 548 ἀποφέροιεν.
2966 476 3338 532 Ἀτοπώτατον
3409 479 3523 551 γάρ
3556 482 3684 533 ἐστι

402 573 711 630 carentibus
730 572 915 627 mundi
972 581 1029 627 et
1069 572 1340 625 immunes
1398 576 1603 632 essent,
1650 567 1976 637 supplicium

2101 570 2185 624 ιαὶ
2212 569 2331 623 λίαν
2352 570 2679 633 δεινότατον,
2705 571 2832 632 τοὺς
2865 568 3090 641 μείζονα
3117 569 3349 634 πολλοὺς
3378 571 3685 635 πταίοντας

403 664 510 721 illis
531 663 623 733 qui
655 670 971 734 peccarunt,
993 662 1325 732 irrogarent.
1357 659 1453 714 Est
1480 659 1625 713 enim
1650 658 1980 713 absurdissi-

2101 662 2211 728 αδν,
2267 662 2631 726 λανθάνοντας
2659 662 2717 716 δὲ
2743 702 2758 727 ,
2805 662 3057 734 παρορᾷν
3081 677 3094 691 ·
3138 660 3464 716 καταλιθοῦν
3492 662 3552 717 δὲ
3583 662 3684 715 τὸν

403 770 549 809 mum
578 762 628 809 et
648 752 1050 823 gravissimum,
1070 764 1167 809 eos
1195 752 1435 821 quidem,
1465 751 1556 820 qui
1592 750 1747 819 longe
1772 750 1977 819 majora

2101 753 2181 807 ιπὶ
2207 754 2451 808 ἐλάττονι
2500 754 2598 824 μὶν
2628 752 2957 817 πταίσαντα,
2981 751 3308 823 φωραθέντα
3337 752 3419 808 δέ.

403 858 646 918 peccant,
670 848 764 904 sed
838 848 1035 903 occulti
1104 846 1293 909 latent,
1362 845 1701 916 negligenter
1764 844 2172 914 transmittere;
2242 848 2510 918 lapidibus
2570 856 2750 902 autem
2810 848 3045 902 obruere
3132 858 3260 904 eum
3308 845 3403 915 qui
3472 845 3682 904 minari

401 940 615 1010 quidem
674 942 727 996 in
769 952 829 995 re
880 940 1062 1009 lapsus
1112 950 1219 1004 est.
1246 940 1342 994 sed
1372 938 1743 1007 deprehensus
1799 937 1851 990 in
1880 936 2096 995 delicto.

613 1056 844 1111 CLXXI.
864 1084 934 1098 -
952 1055 1207 1113 HERONI
1259 1052 1761 1111 SCIIOLASTICO.

2362 1057 2533 1112 POA'.
2560 1078 2631 1100 ..ο
2669 1056 2878 1111 aram
2921 1053 3380 1125 xxouz'rnea.

470 1166 586 1223 Non
614 1169 785 1223 solum
817 1184 905 1235 ea,
941 1185 1064 1239 tutas
1089 1185 1195 1224 non
1226 1178 1353 1224 sunt
1393 1169 1446 1224 in
1473 1179 1658 1224 nostra
1685 1177 1974 1238 potestate,

2159 1170 2234 1223 Οὐ
2266 1174 2426 1239 μόνον
2454 1172 2567 1232 τοῖς
2585 1169 2690 1222 οὐκ
2719 1167 2805 1238 ιφ*
2838 1168 2990 1239 ἡμῖν,
3016 1159 3064 1219 ὦ
3093 1167 3245 1236 σοφὰ,
3275 1166 3351 1229 ὡς
3382 1166 3514 1238 ἡγῇ,
3538 1159 3682 1219 ἀλλὰ

403 1267 465 1314 ιιι
496 1268 575 1324 ιιι,
609 1260 691 1317 vir
724 1260 962 1329 sapiens.
1018 1260 1322 1328 arbitraris,
1348 1260 1440 1315 sed
1485 1273 1547 1313 ea
1594 1273 1810 1328 quoque
1844 1276 1980 1330 quo-

2101 1264 2181 1315 καὶ
2208 1263 2267 1313 ὲν
2288 1261 2471 1322 αὐτοῖς
2499 1260 2585 1329 ἐφ’
2613 1257 2771 1329 ἡμῖν,
2793 1259 2843 1310 εί
2882 1258 2958 1328 μὴ
2984 1256 3156 1328 πολλὴ
3188 1258 3324 1328 ἡμῖν
3353 1255 3496 1327 ῥοπὴ
3522 1256 3685 1326 παρὰ

405 1366 521 1405 rum
544 1366 642 1405 nos
676 1367 860 1405 sumus
893 1350 1119 1413 domini,
1145 1351 1190 1404 si
1216 1366 1321 1404 non
1366 1366 1558 1420 magna
1615 1350 1801 1404 auxilii
1830 1351 1985 1420 copia

2101 1352 2186 1421 τῆς
2221 1349 2372 1413 θείας
2400 1348 2662 1420 προνοίας
2693 1347 3065 1415 ἐπιφοιτήσει,
3094 1346 3196 1400 οὐκ
3228 1345 3295 1399 ἂν
3316 1344 3683 1415 δυνηθείημεν

404 1443 561 1498 nobis
587 1456 617 1496 a
645 1443 823 1497 divina
850 1441 1188 1511 providentia
1218 1442 1495 1504 adveniat,
1533 1456 1635 1494 non
1683 1442 1985 1511 poterimus

2101 1439 2232 1495 αὐτὰ
2275 1441 2355 1503 εἰς
2385 1438 2538 1498 τέλος
2563 1436 2750 1507 ἄρτιον
2781 1435 2893 1505 (51)
2921 1436 3171 1504 ἀγαγεῖν.
3219 1434 3594 1505 Ἐπιφοιτήσει
3619 1433 3683 1488 δὲ

404 1534 472 1589 ad
501 1534 802 1604 perfectum
839 1535 1001 1588 finem
1070 1534 1385 1601 exitumque
1443 1533 1762 1602 perducere.
1789 1533 1981 1587 Aderit

2101 1532 2342 1592 πάντως,
2373 1531 2489 1591 τοῖς
2525 1528 2707 1581 πάντα
2740 1526 2808 1579 τὰ
2850 1527 2981 1595 παρ’
3014 1524 3226 1581 ἑαυτῶν
3258 1526 3388 1580 ἄνευ
3421 1524 3682 1595 σκήψεως

405 1636 587 1681 autem
624 1626 676 1680 id
708 1636 924 1695 prresto,
950 1625 1172 1681 omnino
1204 1625 1270 1679 iis
1305 1625 1746 1694 hominibus,qui
1782 1628 1988 1695 absque

2101 1622 2424 1692 ιίσφὲρουσι,
2452 1620 2547 1674 καὶ
2577 1619 2743 1689 μηδὲν
2769 1616 3258 1687 παραλιμπάνουσι
3289 1617 3398 1672 τῶν
3416 1618 3498 1680 είς
3520 1614 3683 1670 τοῦτο

404 1716 858 1786 tergiversatione
888 1730 951 1769 ac
973 1722 1242 1783 praetextu
1269 1713 1380 1769 ullo
1434 1728 1496 1769 ea
1527 1728 1650 1784 qua:
1699 1728 1865 1783 penes
1926 1705 1987 1769 se

2101 1715 2391 1786 φερόντων.
2457 1712 2522 1765 Ἦ
2567 1711 2676 1780 γὰρ
2720 1710 2851 1773 τοὺς
2896 1714 2969 1781 μὴ
3031 1709 3394 1782 βουλομένους
3443 1708 3677 1780 1:90:96-

405 1818 533 1863 sunt
585 1808 849 1874 inferunt,
882 1809 1128 1878 nihilque
1183 1822 1391 1871 eorum,
1423 1823 1543 1878 (μισ)
1574 1807 1641 1861 ad
1698 1807 1825 1862 illud
1883 1808 1987 1861 im-

2101 1819 2269 1858 muoa
2290 1845 2305 1871 ,
2333 1806 2460 1869 τοὺς
2489 1802 2871 1873 βουλομένους,
2901 1803 2999 1857 καὶ
3026 1802 3206 1857 πάντα
3232 1802 3548 1865 ποιοῦντας,
3582 1800 3681 1854 καὶ

411 1899 732 1967 petrandum
763 1899 1069 1954 conducere
1096 1899 1368 1965 videntur,
1396 1898 1836 1968 prmtermittunt.
1854 1898 1986 1953 Nam

2101 1896 2680 1968 πραγματευομένους,
2706 1894 2925 1959 πάντως
2950 1897 3031 1959 εἰς
3051 1894 3227 1966 αὐτὴν
3252 1894 3363 1950 τῶν
3394 1890 3677 1965 κατορθωδ

409 1988 620 2058 (divina
678 1988 1049 2059 providentia)
1098 2004 1218 2059 quas
1264 2004 1370 2044 non
1432 1989 1675 2045 volentes
1705 1990 1907 2046 excitat
1934 1998 1990 2045 et

2101 1988 2286 2058 μάτων
2321 1986 2529 2041 ἀνοίσει
2554 1986 2656 2056 τὴν
2684 1990 2952 2059 κορυφήν.

407 2084 656 2140 hortatur
681 2090 741 2136 ut
766 2082 951 2148 velint,
990 2081 1238 2153 profecto
1272 2095 1389 2148 eos,
1417 2082 1508 2152 qui
1586 2083 1799 2149 volunt,
1851 2079 2145 2154 omniaque
2206 2081 2415 2137 faciunt
2464 2092 2518 2134 et
2571 2079 2805 2135 sollicite
2855 2087 3048 2150 agunt,
3116 2080 3340 2136 omnino
3390 2079 3447 2135 in
3500 2077 3679 2150 ipsum

408 2173 675 2244 praeclare
706 2170 976 2227 factorum
993 2170 1259 2227 subvehet
1285 2171 1584 2242 fastigium.

570 2284 829 2342 CLXXII.
848 2284 1287 2341 —}EMILIANO
1334 2284 1813 2341 PRESBYTERO.

481 2398 599 2455 Non
623 2399 817 2470 exigua
839 2413 905 2454 ex
941 2400 1301 2452 maximorum
1332 2399 1984 2468 praclarissimorumqne

413 2491 629 2546 virtutis
655 2504 879 2560 operum
911 2490 1428 2544 commemoratione
1455 2501 1738 2559 promanat
1761 2488 1988 2544 utilitas.

413 2578 549 2635 Nam
566 2588 620 2636 et
651 2578 985 2635 dormientes
1001 2580 1214 2635 animas
1240 2579 1311 2634 ad
1332 2580 1585 2635 virtutem
1606 2585 1990 2650 capessendam

415 2668 737 2733 exsuscitat,
778 2678 835 2723 et
895 2667 1121 2737 ignavas
1182 2683 1247 2724 ac
1299 2670 1560 2725 socordes
1644 2669 1993 2725 excitatiores

417 2756 604 2823 cilicit,
654 2766 708 2813 et
735 2756 883 2811 vitiis
917 2756 1258 2826 indulgentes
1286 2758 1613 2813 erubescere
1634 2758 1812 2822 docet,
1832 2768 1994 2827 atque

2284 2283 2449 2337 POB'.
2490 2309 2558 2324 -
2587 2282 2947 2354 ΑΙΜΙΔΙΑΝῼ
2976 2282 3426 2353 ureret-rem

2170 2394 2281 2467 (ὕῖ)
2314 2395 2387 2448 Οὐ
2432 2394 2605 2465 μικρὰ
2632 2393 2743 2465 (55)
2772 2395 2836 2447 ἐκ
2858 2393 2968 2446 τῶν
3005 2392 3277 2463 μεγίστων
3309 2385 3672 2462 κατορθωμὼ

2106 2503 2217 2539 των
2261 2485 2564 2555 διηγήσεως
2592 2485 2850 2555 ὠφέλεια.
2896 2484 3006 2547 Τὰς
3040 2481 3139 2553 μὲν
3183 2482 3292 2553 γὰρ
3325 2481 3673 2553 κοιμωμένας

2098 2578 2277 2649 ψυχὰς
2297 2576 2553 2647 διεγείρει
2585 2577 2722 2644 πρὸς
2760 2576 2963 2648 ἀρετήν
2982 2592 2996 2606 ο
3044 2575 3144 2638 τὰς
3169 2574 3229 2628 δὲ
3253 2573 3467 2645 νωθράς
3489 2572 3675 2637 δξυτι.

2102 2688 2203 2742 ρας
2263 2667 2718 2736 παρασκευάζει·
2770 2668 2872 2731 τὰς
2925 2668 2982 2720 δὲ
3036 2665 3239 2719 κακίαν
3293 2664 3674 2735 ὰσπαζομένας

2101 2756 2365 2833 ὲρυθριᾷν
2408 2759 2679 2823 διδάσκει,
2720 2759 2815 2812 καὶ
2848 2759 2928 2822 είς
2970 2757 3258 2828 μετάνοιαν
3306 2753 3511 2827 δδὟλγεῑ.
3564 2755 3673 2808 Καὶ

414 2851 482 2906 ad
513 2848 886 2919 paenitentiam
915 2850 1179 2917 agendam
1210 2847 1452 2903 adducit.
1476 2846 1644 2918 idque
1696 2847 1991 2904 ostendens

2109 2852 2271 2908 τοῦτο
2321 2854 2350 2905 ὁ
2383 2852 2543 2921 σοφὸς
2591 2851 2803 2915 δεικνὺς
2833 2847 3248 2919 Παροιμιαστὴς
3276 2846 3402 2917 ἔφη·
3444 2862 3462 2897 ι
3494 2844 3676 2917 Κηρία

416 2939 637 3009 sapiens
668 2938 757 2995 ille
818 2937 1238 2993 Proverbiornm
1306 2938 1541 3009 scriptor
1590 2939 1724 2997 dixit
1753 2956 1769 2995 :
1805 2957 1824 2992 ι
1859 2936 1988 2994 Favi

416 3029 594 3086 mellis
621 3038 749 3085 sunt
798 3042 1080 3084 sermones
1134 3028 1345 3085 honesti
1376 3028 1418 3083 ο.
1453 3049 1471 3082 ι
1509 3028 1777 3086 Honestos
1837 3040 1992 3086 vocat

415 3135 530 3185 eos,
551 3120 641 3189 qui
671 3120 735 3174 de
762 3118 966 3189 pietate
993 3134 1056 3172 ac
1092 3119 1290 3174 virtute
1352 3119 1657 3186 habentur;
1691 3136 1796 3174 non
1845 3118 1989 3182 illos.

416 3210 512 3280 qui
559 3208 794 3264 ascititia
825 3209 1056 3278 quadam
1088 3218 1370 3265 venustate
1387 3226 1444 3265 se
1472 3210 1768 3278 venditant,
1794 3211 1887 3267 sed
1902 3213 1993 3284 qui

416 3314 481 3353 ex
512 3311 571 3352 se
591 3296 722 3365 ipsis
752 3298 907 3365 quasi
932 3298 1091 3350 domo
1125 3296 1357 3352 aderunt
1385 3297 1634 3353 veritatis
1686 3299 1993 3367 pulchritu»

417 3388 645 3441 dinem:
680 3400 784 3440 non
831 3387 921 3456 qui
983 3394 1242 3453 tanquam
1287 3386 1339 3441 in
1388 3401 1552 3441 curru
1628 3388 1842 3456 poetico
1895 3397 1990 3442 aut

416 3476 656 3533 oratorio
679 3477 972 3539 vehuntur,
1010 3475 1105 3531 sed
1157 3476 1281 3546 quia
1332 3479 1568 3532 nativam
1625 3488 1786 3547 atque
1814 3494 1844 3532 a
1875 3479 1987 3533 Deo

419 3570 599 3622 datam
638 3569 942 3636 pedestrem
995 3567 1243 3621 semitam
1293 3576 1493 3622 terunt.
1537 3566 1698 3638 512
1747 3568 1812 3623 Et
1863 3568 1993 3639 quid

423 3660 638 3716 tandem
692 3659 819 3714 hinc
878 3658 1017 3717 redit
1073 3659 1529 3714 utilitatisidoce
1582 3672 1995 3729 nos,qnazso,o

422 3750 674 3821 Sapiens.
718 3769 739 3804 ι
769 3750 1004 3806 Dulcedo
1034 3756 1212 3805 autem
1242 3765 1430 3806 eorum
1462 3751 1713 3823 (inquit)
1737 3760 1819 3806 est
1839 3766 1996 3806 sana-

424 3842 500 3897 tio
529 3841 727 3897 anima:
761 3842 826 3895 ⁸ο.
866 3860 886 3894 ι
922 3840 1187 3908 Quoniam
1238 3841 1401 3910 igitur
1433 3851 1646 3897 constat
1697 3844 1996 3913 priscorum

426 3932 703 3989 hominum
728 3933 988 4004 praclara
1023 3932 1285 4000 facinora,
1320 3934 1368 3989 si
1398 3935 1607 3991 crebris
1656 3945 1997 4005 usurpentur

422 4025 787 4091 sermonibus,
808 4040 911 4079 non
947 4028 1196 4096 exiguam
1238 4041 1431 4094 parere
1488 4028 1775 4081 utilitatem
1809 4026 1995 4094 ;assi-

2096 2943 2313 3014 μέλιτος
2350 2943 2499 3011 λόγοι
2550 2940 2723 2995 καλοί.
2767 2964 2783 2991 ι
2820 2939 3035 3000 Καλοὺς
3072 2938 3239 3007 λέγει,
3276 2939 3401 3001 τοὺς
3424 2936 3553 3009 περὶ
3584 2937 3672 2989 εὑ-

2097 3033 2313 3097 σεὸείας
2355 3032 2449 3088 καὶ
2490 3030 2691 3106 ἀρετῆς
2727 3032 3082 3102 κινουμένους
3103 3071 3117 3095 ,
3150 3031 3210 3083 οὐ
3240 3030 3368 3094 τοὺς
3402 3029 3674 3101 ὲπιιιτήτιδ⁴

2097 3126 2426 3197 κομμωτικῇ
2458 3124 2928 3196 σεμνυνομένους,
2964 3120 3103 3176 ἀλλά
3148 3123 3276 3184 τοὺς
3327 3121 3541 3175 οἴκοθεν
3576 3118 3671 3173 ἑπ-

2095 3216 2401 3287 αγομένους
2432 3216 2533 3287 τῆς
2564 3215 2823 3285 ἀληθείας
2860 3215 2922 3268 τὸ
2962 3212 3157 3278 κάλλος
3176 3228 3190 3244 ο
3227 3213 3288 3265 οὒ
3316 3213 3444 3274 τοὺς
3466 3209 3551 3281 ἐφ’
3576 3210 3673 3281 ἆρ-

2099 3323 2269 3377 ματος
2302 3305 2589 3377 ποιητικοῦ
2618 3308 2651 3377 ἢ
2686 3305 2981 3377 ῥητορικοῦ
3005 3305 3357 3375 ὀχουμένους,
3392 3301 3526 3355 ἀλλὰ
3551 3298 3673 3364 τοὺς

2095 3399 2198 3469 τὴν
2219 3399 2466 3471 ἔμφυτον
2508 3400 2602 3452 καὶ
2648 3399 2981 3471 θεοδώρητον
3014 3397 3189 3469 πεζὴν
3220 3397 3446 3466 πορείαν
3492 3412 3672 3449 ποιου·

2102 3489 2296 3560 μένους
2317 3507 2330 3520 ·
2362 3489 2455 3544 καὶ
2484 3489 2538 3543 τί
2564 3491 2626 3544 τὸ
2658 3489 2907 3544 ἐντεῦθεν
2935 3490 3164 3559 δφελοςς
3193 3488 3431 3553 Δίδαξον,
3453 3479 3499 3542 ὦ
3524 3485 3671 3556 οοφέ.

2106 3597 2125 3631 ι
2172 3580 2472 3650 Γλύκασμα
2504 3579 2561 3632 δὲ
2595 3579 2776 3633 αὐτῶν
2822 3578 2965 3643 ίασις
2993 3578 3191 3650 ψυχῆς.
3236 3594 3256 3629 ι
3308 3578 3463 3630 Ἐπεὶ⁹
3497 3574 3673 3630 τοίνυν

2101 3670 2161 3723 οὑ
2197 3670 2399 3740 μικρὰν
2427 3669 2607 3723 ὠδίνει
2636 3670 2735 3741 τὴν
2764 3670 3035 3740 ὠφέλειαν
3067 3670 3137 3723 τὰ
3170 3668 3282 3722 τῶν
3313 3667 3561 3723 παλαιῶν
3582 3666 3673 3720 ἀν-

2103 3758 2504 3830 δραγαθήματα
2533 3799 2547 3823 ,
2582 3759 2827 3831 συνεχῶς
2869 3760 2972 3823 τὰς
3030 3759 3237 3813 τούτων
3274 3757 3559 3831 ἀριστείας
3618 3758 3676 3809 ὲν

2105 3847 2386 3916 συλλόγοις
2418 3844 2514 3901 καὶ
2551 3847 2824 3917 διαλόγοις
2872 3848 2931 3902 ἒν
2966 3848 3117 3919 μέσῳ
3162 3846 3443 3918 φέρωμεν.
3502 3846 3675 3900 Πολλὰ

2101 3939 2210 4010 γὰρ
2247 3939 2457 4010 ψυχικὰ
2497 3940 2781 4011 νοσήματα
2805 3982 2819 4005 ,
2855 3940 2953 3994 καὶ
2991 3939 3353 4003 λανθάνοντα,
3379 3942 3473 3994 καὶ
3506 3940 3636 4010 δῆλα
3657 3974 3672 4001 ,

2100 4031 2405 4101 θεραπείας
2432 4032 2752 4103 προσφόρου
2786 4031 3054 4098 τεύξεται.
3442 4019 3454 4032 ’

423 4116 527 4169 due
556 4116 794 4187 ipsorum
828 4118 1047 4187 egregia
1100 4117 1241 4172 facta
1273 4119 1327 4172 in
1359 4120 1593 4172 coetibus
1620 4128 1675 4172 ct
1704 4120 1991 4190 colloquiis
2032 4122 2083 4175 in
2115 4123 2351 4178 medium
2401 4122 2760 4189 proferamus.
2833 4122 2980 4175 Multi
3038 4120 3184 4174 enim
3222 4121 3395 4173 morbi
3466 4119 3673 4174 animo-

425 4224 566 4277 rum,
616 4220 723 4266 tam
785 4212 1015 4267 latentes
1075 4228 1236 4281 quam
1292 4212 1585 4275 manifesti,
1646 4213 1773 4268 hinc
1824 4212 2148 4269 medicinam
2174 4215 2481 4283 appositam
2512 4223 2566 4269 et
2599 4214 3009 4269 convenientem
3036 4227 3462 4285 consequentur.

720 4321 1327 4377 CLXXIII.—HELIIE
1382 4322 1698 4378 DIACONO.

480 4410 544 4467 In
571 4410 726 4475 illud,
758 4429 776 4462 ι
820 4411 1064 4480 Dispanet
1094 4431 1355 4467 sermones
1384 4430 1505 4467 suos
1530 4415 1580 4467 in
1607 4414 1895 4483 judicio“.
1928 4433 1948 4467 ι

499 4563 915 4636 Sapientissime
943 4565 1044 4629 vir,
1068 4567 1159 4636 qui
1195 4567 1257 4620 ad
1306 4568 1538 4637 gratiam
1566 4569 1808 4634 laudant,
1839 4580 1895 4624 et
1927 4572 1994 4624 ad

426 4659 609 4713 odium
643 4658 954 4726 vituperant
997 4657 1155 4723 alios,
1183 4674 1288 4714 non
1322 4667 1450 4715 sunt
1482 4662 1535 4714 in
1561 4661 1843 4716 hominum
1896 4678 1995 4716 nu-

431 4761 582 4803 mero
610 4748 844 4803 habendi
876 4764 893 4802 :
923 4748 1019 4802 sed
1048 4748 1146 4813 illi,
1174 4751 1435 4817 quicerto
1460 4749 1664 4819 judicio
1701 4760 1757 4805 et
1812 4759 2000 4807 amant

428 4852 483 4896 et
511 4842 930 4911 reprehendunt.
960 4840 1091 4907 Qua:
1126 4855 1290 4896 causa
1326 4856 1542 4912 quoque
1581 4852 1685 4908 est,
1710 4857 1809 4897 cur
1851 4842 2001 4897 Psal-

428 4945 639 4986 morum
701 4933 935 5002 scriptor
997 4933 1170 4987 virum
1226 4933 1433 5002 justum
1476 4918 1820 5003 (praedicans,
1860 4934 2004 4988 inter

429 5021 533 5075 alia
559 5022 754 5092 quibus
774 5023 1011 5090 excellit,
1038 5024 1203 5079 etiam
1260 5024 1361 5081 hoc
1399 5025 1654 5096 apposuit
1691 5022 1851 5094 eique
1905 5026 2004 5079 tri-

501 5178 522 5211 ⁹
548 5176 709 5234 Prov.
741 5194 850 5245 nl,
880 5179 970 5235 24.
1045 5180 1090 5212 ¹⁹
1114 5178 1245 5235 ibid.
1323 5180 1366 5211 “
1400 5178 1538 5233 Psal.
1565 5192 1674 5245 cn,
1699 5179 1755 5233 5.

2487 4324 2652 4381 Por'.
2683 4354 2755 4365 —
2784 4326 2952 4397 ΗΛΙᾼ
2981 4324 3299 4397 ΔΙΑΚΟΝῼ.

2270 4411 2360 4477 τὸ,
2417 4429 2437 4464 ι
2477 4411 2871 4535 Οίκονομήσεῖ
2922 4411 3065 4479 τοὺς
3098 4415 3320 4484 λόγους
3355 4409 3543 4465 αὐτοῦ
3581 4412 3651 4465 ἐν

2764 4499 2837 4535 κο
2863 4498 2979 4535 σει.

2764 4498 2979 4551 κρίσει.

2172 4573 2247 4625 Οὐ
2270 4572 2375 4643 χρὴ
2396 4613 2413 4639 ,
2438 4563 2487 4627 ὦ
2538 4557 2839 4643 σοῳώτατε,
2869 4575 2997 4637 τοὺς
3027 4575 3165 4644 πρὸς
3197 4573 3359 4645 χάριν
3383 4571 3673 4627 ἐπαινοῦν-

2105 4679 2235 4729 τας,
2271 4665 2369 4718 καὶ
2402 4666 2539 4737 πρὸς
2575 4665 2872 4736 ἀπέχθειαν
2908 4666 3200 4736 ψέγοντας,
3236 4667 3315 4728 είς
3359 4662 3679 4735 ἀνθρώπως

2103 4754 2357 4825 ἀριθμεῖν
2382 4770 2396 4785 ·
2450 4754 2563 4808 ἀλλ’
2596 4756 2838 4820 ἐκείνους
2878 4757 3005 4818 τοὺς
3042 4756 3224 4825 κρίσει
3264 4754 3357 4809 καὶ
3394 4752 3678 4824 φιλοῦντας

2105 4846 2201 4899 καὶ
2229 4845 2574 4915 ἐλέγχοντας.
2618 4847 2710 4899 Διὸ
2741 4846 2834 4900 καὶ⁸
2859 4848 2887 4899 ὁ
2912 4846 3165 4917 Μελῳδὸς
3187 4846 3279 4900 τὸν
3310 4847 3521 4900 δίκαιον
3549 4846 3677 4899 ἀνα·

2107 4935 2400 5007 κηρύττων
2423 4975 2438 4999 ,
2492 4934 2631 5006 μετὰ
2674 4936 2784 4988 τῶν
2823 4936 3000 4989 ἄλλων
3042 4937 3537 5006 πλεονεκτημάτων
3586 4936 3679 4987 καὶ

2105 5026 2265 5079 τοῦτο
2298 5024 2638 5096 προσέθηκεν
2658 5045 2669 5056 ·
2705 5046 2723 5078 ι
2753 5028 3110 5097 Οἱκονομήσει
3142 5028 3267 5091 τοὺς
3298 5028 3489 5095 λόγους
3514 5024 3680 5080 αὖῖοῦ

1528 5329 1763 5385 VARUS
1804 5330 2187 5387 LECTIONES
2220 5331 2305 5387 ET
2340 5333 2565 5387 NOTAE.

499 5486 612 5557 (5i)
643 5489 862 5559 ’Λρτιον
892 5502 1064 5545 mutat
1088 5493 1138 5544 in
1167 5492 1339 5546 αίσιον
1365 5488 1484 5545 cod.
1524 5487 1770 5544 Vat.650.
1798 5487 2005 5544 Possm.

432 5629 477 5683 Κ
503 5559 616 5683 ςῐῦἓ)
648 5558 843 5615 Confer
876 5562 1178 5628 gnomicam
1205 5560 1530 5633 epigraphen
1562 5575 1649 5629 cp.
1683 5559 1783 5614 167
1809 5561 1900 5614 lib.
1942 5574 2005 5611 ιι.

484 5644 496 5682 l
581 5664 595 5679 .

484 5644 595 5682 I'I'T.

2187 5487 2301 5554 (ΐῶ)
2326 5488 2453 5557 Post
2481 5486 2541 5538 οὐ
2576 5489 2747 5557 μικρὰ
2779 5488 2857 5543 sic
2886 5487 3074 5544 scribit
3118 5487 3285 5543 codex
3338 5486 3463 5540 Vat.
3496 5485 3622 5550 650,
3652 5489 3683 5557 ἡ

2114 5557 2178 5609 ὲκ
2225 5560 2324 5678 τῆς
2375 5556 2697 5627 διηγήσεως,
2735 5569 2787 5613 et
2833 5573 2881 5612 v.
2930 5559 2965 5612 2
3007 5556 3211 5612 omittit
3254 5573 3440 5613 vocem
3490 5556 3683 5628 διηγήὲ

2115 5643 2268 5689 σεως.
2326 5630 2509 5682 ‘OSSIN.
