4020 6140
439 324 572 389 1267

1648 324 1706 382 S.
1754 320 2041 379 ISIDURI
2079 308 2524 378 PELUSIOT/E

3570 307 3709 370 1908

438 438 621 505 potius
664 436 953 493 utilitatem
994 451 1291 507 persequor
1353 446 1497 491 retro
1545 436 1728 490 sitam.
1762 434 1818 486 Si
1850 432 2011 502 igitur

2126 431 2178 483 τὸ
2220 432 2500 501 συμφέρον
2531 428 2626 482 καὶ
2657 428 2690 497 ἠ
2725 426 2851 496 νίκη
2899 427 3100 487 κεῖται,
3138 422 3215 493 μὴ
3249 421 3417 494 ὁμόσε
3463 424 3575 483 τοῖς
3608 422 3706 474 τύ-

433 530 597 583 etiam
625 529 725 583 hac
754 529 807 581 in
838 530 942 582 vita
985 529 1344 597 (interdum),
1376 529 1427 582 in
1464 543 1530 582 eo
1552 527 1678 581 dum
1709 524 1833 595 quis
1854 537 2013 591 supe-

433 628 584 672 ratur
632 626 685 672 et
718 619 880 683 cedit,
911 620 1116 674 utilitas
1150 630 1204 673 et
1224 619 1454 675 victoria
1506 616 1798 674 consistit:
1827 628 1893 669 ne
1919 629 2014 684 pa-

2123 536 2349 573 πτουσιν
2390 520 2422 589 ἢ
2474 515 2723 572 ἀδικοῦσι
2760 514 3050 585 χωρῶμεν,
3109 514 3247 568 ἀλλά
3288 512 3707 585 παραχωρῶμεν

2121 613 2323 673 αὐτοῖς.
2350 604 2520 672 Οὗτος
2539 606 2650 679 γάρ
2678 607 2776 660 καὶ
2804 606 2916 660 τῶν
2942 605 3218 676 οὐρανίων
3250 605 3431 660 ἄθλων
3458 608 3487 657 ὁ
3521 606 3706 675 νόμος.

433 707 583 760 ribus
615 707 861 775 passibus
880 709 1237 777 procedamus
1266 723 1387 762 cum
1416 708 1484 763 iis
1523 707 1614 777 qui
1655 720 1755 761 nos
1806 700 2118 774 percutiunt
2152 712 2245 753 aut
2310 697 2508 768 injuria
2574 695 2855 767 alliciunt:
2919 695 3014 750 sed
3072 696 3254 764 potius
3278 695 3412 765 ipsis
3442 697 3710 750 conceda‘

434 814 576 852 IIIUS.
611 796 736 852 llrec
762 799 906 854 enim
951 799 1115 855 etiam
1146 798 1449 855 caelestium
1487 798 1848 855 certaminum
1904 794 1990 847 le'x
2032 801 2120 847 est
2152 800 2209 846 et
2244 790 2402 845 ratio.
3488 788 3491 791 λ

858 914 1137 969 CLXXVI.
1166 947 1235 955 —
1260 913 1582 971 EULOGIO.

506 1026 622 1080 Non
646 1025 927 1081 historiam
961 1026 1280 1097 simpliciter
1309 1028 1519 1083 animos
1539 1029 1838 1099 legentium
1864 1027 2014 1083 oble-

434 1126 583 1171 ctare
604 1116 873 1171 valentetn
898 1118 1157 1185 propheta
1183 1116 1393 1185 Moyses
1411 1117 1731 1188 descripsit:
1762 1118 1855 1173 sed
1878 1132 2015 1188 quo-

435 1209 583 1261 niam
614 1207 784 1277 legem
817 1206 959 1261 l'erre
990 1207 1222 1275 volebat,
1249 1209 1499 1277 opiﬁcem
1532 1217 1586 1264 et
1611 1208 1850 1278 judicem
1889 1209 2013 1263 uni-

435 1296 708 1352 versitatis
758 1312 940 1353 rerum
1002 1298 1287 1368 prazponit,
1351 1315 1561 1355 necnon
1616 1299 1775 1371 hujus
1830 1299 2015 1355 mundi

433 1388 786 1454 creationem,
860 1405 927 1444 ne
988 1390 1278 1461 (homines)
1330 1390 1535 1446 Cultum
1609 1392 1717 1445 Deo
1773 1390 2013 1446 debitum

433 1479 681 1549 partibus
721 1481 905 1534 mundi
959 1482 1298 1536 tribuerent:
1342 1482 1538 1538 deinde
1575 1494 1927 1552 posteaquam
1961 1490 2016 1538 et

433 1569 645 1637 piorqu
684 1570 904 1639 praemia
952 1579 1006 1625 et
1036 1580 1380 1640 peccatorum
1431 1573 1695 1644 supplicia
1746 1573 2012 1643 adjunxit,

433 1658 511 1714 ita
557 1660 623 1713 ad
657 1659 1048 1735 legislationem
1087 1664 1378 1731 processit,
1410 1674 1469 1718 ut
1498 1664 1695 1719 futuris
1740 1664 1898 1720 tidem
1946 1666 2015 1721 ab

2581 908 2768 973 Poq'.
2804 934 2868 948 -
2912 904 3229 977 among.

2186 1020 2297 1092 (60)
2328 1022 2441 1093 Οὐχ
2464 1022 2704 1094 ἱστορίαν
2744 1022 2932 1085 ἀπλῶς
2963 1020 3365 1092 ψυχαγωγῆσαι
3393 1019 3712 1090 δυναμένην

2119 1115 2149 1167 ὁ
2176 1114 2504 1184 ἱεροφάντης
2531 1112 2739 1185 ἔγραψε
2772 1114 3011 1183 Μωσῆς·
3033 1112 3149 1167 ἀλλ’
3172 1112 3363 1184 ἐπειδὴ
3397 1112 3710 1183 νομοθετεῖν

2116 1204 2335 1277 ἔμελλε,
2377 1206 2470 1260 τὸν
2503 1206 2839 1278 δημιουργὸν
2868 1207 2963 1260 καὶ
2995 1204 3191 1277 κριτὴν
3221 1203 3318 1258 τοῦ
3340 1205 3544 1269 παντὸς
3576 1222 3710 1276 προ-

2123 1299 2330 1363 τάττει,
2361 1298 2456 1352 καὶ
2497 1297 2600 1369 τὴν
2643 1296 2740 1351 τοῦ
2794 1297 3003 1369 κόσμου
3046 1297 3432 1368 δημιουργίαν,
3484 1296 3571 1350 ἵνα
3633 1296 3708 1367 μὴ

2119 1391 2233 1453 τοῖς
2263 1389 2457 1462 μέρεσι
2505 1389 2599 1443 τοῦ
2629 1391 2841 1461 κόσμου
2871 1389 2933 1443 τδ
2972 1389 3137 1453 σέϐας
3182 1387 3512 1459 ἀπονέμοιεν
3555 1387 3704 1459 (61)·

2113 1467 2238 1536 ἐἶτα
2267 1483 2374 1536 τῶν
2406 1482 2568 1536 ὁσίων
2596 1482 2665 1535 τά
2715 1482 2855 1551 γέρα
2875 1521 2889 1546 ,
2936 1481 3032 1535 καὶ
3070 1480 3182 1534 τῶν
3229 1479 3575 1550 ἁμαρτωλῶν
3607 1480 3706 1543 τὰς

2118 1574 2370 1638 κολάσεις
2400 1573 2678 1645 προσθεὶς,
2707 1572 2881 1636 οὕτως
2907 1573 3001 1627 ἐπὶ
3046 1572 3106 1625 τὸ
3149 1571 3461 1643 νομοθετεῖν
3506 1570 3704 1642 ὥρμη-

2120 1684 2232 1730 σεν,
2269 1667 2357 1720 ἵνα
2386 1667 2497 1720 ἀπὸ
2523 1665 2633 1719 τῶν
2676 1664 3061 1736 γεγενημένων
3094 1665 3188 1718 καὶ
3218 1664 3290 1718 τά
3321 1664 3585 1734 μέλλοντα
3612 1683 3703 1718 πι-

434 1750 506 1805 iis
542 1764 662 1820 qua:
699 1752 812 1821 jam
852 1752 991 1807 facta
1032 1766 1189 1808 erant
1224 1764 1500 1824 astruens,
1536 1752 1783 1814 subditos
1808 1759 1875 1812 ad
1904 1759 2011 1829 pie-

2126 1758 2490 1829 στωσάμενος,
2534 1760 2615 1821 είς
2687 1757 2972 1811 εὐσέϐειαν
3024 1757 3120 1810 καὶ
3174 1756 3527 1827 δικαιοσύνην
3581 1758 3705 1819 τοὺς

435 1850 605 1897 tatem
631 1851 684 1897 et
708 1841 975 1911 justitiam
1011 1847 1403 1902 exhortaretur
1432 1857 1594 1917 atque
1625 1850 1908 1904 excitaret.

826 1957 1127 2015 CLXXVII.
1153 1991 1223 1999 —
1250 1959 1620 2020 PIIILITRIO.

507 2070 577 2124 In
599 2071 755 2136 illud,
794 2090 813 2124 ι
854 2070 1137 2142 Oportebat
1173 2083 1221 2128 te
1241 2078 1367 2129 dare
1396 2084 1672 2147 argentum
1692 2076 1756 2143 ¹³,
1786 2095 1806 2127 ι
1837 2086 1922 2131 etc

507 2185 661 2240 Adeo
680 2185 870 2255 procul
902 2200 932 2239 a
966 2186 1169 2256 probro
1198 2196 1467 2243 remotum
1512 2198 1617 2254 est,
1662 2204 1785 2243 cum
1816 2190 2016 2259 optima

436 2277 560 2346 quis
604 2287 661 2331 et
687 2278 861 2346 egerit
887 2287 940 2330 et
986 2277 1209 2342 dixerit,
1241 2288 1421 2334 tamen
1458 2294 1562 2334 non
1600 2281 1843 2349 potuisse
1894 2296 2016 2350 per-

436 2371 687 2435 suadere,
720 2378 777 2422 ut
814 2368 926 2437 ipse
957 2366 1128 2423 Iudex
1162 2369 1434 2425 calculum
1482 2371 1665 2427 tulerit
1715 2388 1780 2427 ac
1815 2372 2015 2427 dixerit

429 2454 515 2531 illi
542 2455 633 2524 qui
668 2456 802 2509 nihil
839 2456 906 2511 ad
949 2457 1180 2512 salutem
1228 2460 1598 2528 proximorum
1654 2463 1964 2518 contulerat
1999 2481 2013 2517 :

428 2564 463 2639 ἰ
495 2543 745 2615 Oportuit
778 2556 832 2602 te
864 2548 994 2617 dare
1036 2558 1318 2618 argentum
1350 2565 1534 2604 meum
1565 2551 1932 2617 rnensulariis,
1964 2561 2018 2607 et

437 2652 541 2707 ego
566 2651 689 2692 cum
740 2640 1031 2708 venissem,
1064 2640 1119 2695 id
1163 2643 1538 2712 repetiissem;
1594 2663 1613 2696 ι
1656 2644 1758 2699 hoc
1807 2654 1891 2700 est
1932 2645 2013 2700 di-

436 2741 584 2795 cere,
628 2727 877 2797 Oportuit
926 2731 1243 2787 contestari.
1278 2731 1527 2801 Oportuit
1577 2734 1743 2787 vitam
1774 2733 2019 2804 inculpa-

435 2828 548 2873 tam
581 2821 886 2877 ostendere.
916 2821 1050 2876 Nam
1082 2839 1217 2893 opus
1256 2834 1464 2880 rectum
1494 2839 1557 2879 ac
1596 2824 1897 2893 perfectum
1950 2825 2017 2879 ad

433 2910 600 2966 linem
635 2913 952 2981 perducere,
1006 2930 1111 2971 non
1147 2926 1231 2970 est
1274 2917 1390 2985 ejus
1446 2916 1537 2985 qui
1579 2916 1731 2980 dicit,
1766 2916 1862 2971 sed
1900 2917 2017 2985 ejus

432 3003 685 3061 videlicet
715 3006 807 3078 qui
842 3007 1032 3075 audit,
1064 3016 1123 3063 ut
1169 3008 1511 3078 incorruptus
1546 3008 1753 3066 Judicis
1780 3008 2018 3065 calculus

434 3094 759 3153 declaravit.

436 3204 608 3277 514
630 3207 951 3266 CLXXVIII.
986 3241 1056 3251 —
1093 3212 1468 3270 DOROTHEO
1515 3213 2009 3271 SCHOLASTICO.

432 3317 503 3391 In
529 3321 888 3377 Abraltamum
920 3328 1233 3394 encomium,
1270 3329 1334 3381 de
1375 3328 1695 3383 mactatione
1729 3328 1901 3383 Isaaci
1946 3330 2009 3382 η.

503 3493 718 3550 Nullum
771 3497 872 3553 hoc
916 3500 1058 3568 quod
1109 3500 1229 3555 dico
1271 3500 1549 3567 illustrius,
1572 3517 1637 3556 ac
1670 3517 1738 3555 ne
1795 3502 2010 3571 quidem

432 3582 561 3638 huic
606 3585 782 3639 simile
835 3586 1085 3655 proferre
1125 3598 1280 3661 potes
1339 3600 1622 3660 tropaum,
1656 3592 1799 3661 quod
1824 3592 2014 3648 statuit

433 3674 747 3745 patriarcha
776 3678 1139 3735 Abrahamus.
1174 3681 1288 3737 Non
1312 3683 1456 3738 enim
1504 3682 1555 3737 id
1605 3692 1799 3738 contra
1825 3694 2013 3755 tyran-

434 3778 556 3831 nos,
604 3766 701 3821 sed
747 3777 935 3823 contra
986 3770 1177 3839 ipsam,
1222 3788 1341 3842 qua:
1397 3774 1633 3830 maxime
1672 3775 2010 3848 tyrannicam

430 3858 542 3913 vim
573 3859 759 3927 habet,
795 3870 1066 3930 naturam,
1115 3866 1313 3921 erexit.
1340 3864 1472 3921 Nam
1524 3881 1647 3923 eum
1694 3882 1883 3924 omnes
1926 3882 2014 3921 ra-

436 3951 816 4010 tiocinationes
842 3955 1307 4027 cogitationesque
1340 3959 1601 4015 adversus
1633 3961 1807 4027 ipsum
1850 3958 2013 4015 insito

433 4051 676 4111 paternae
699 4054 910 4115 storges
931 4044 1125 4102 all‘ectu
1146 4055 1371 4102 armatae
1389 4060 1594 4113 essent,
1612 4058 1667 4103 et
1684 4050 1855 4118 ipsum
1880 4063 2013 4105 con-

433 4131 720 4188 vulnerare
756 4135 1079 4202 niterentur,
1103 4147 1282 4192 tamen
1318 4138 1433 4207 ipse
1466 4139 1669 4193 mansit
1702 4138 2012 4194 invulnera-

430 4223 555 4278 bilis
584 4243 599 4280 :
642 4234 694 4280 et
727 4237 845 4282 erat
895 4244 1120 4284 cernere
1155 4242 1404 4286 naturam
1447 4232 1663 4302 quidem
1690 4233 1858 4302 ipsam
1888 4247 2010 4288 cum

431 4313 546 4367 suis
573 4316 742 4370 armis
786 4326 949 4386 atque
977 4320 1145 4388 copiis
1174 4320 1427 4376 omnibus
1458 4321 1604 4375 humi
1628 4329 1961 4391 prostratam
1993 4338 2009 4387 ;

2120 1852 2393 1921 ὑπηκόους
2424 1849 2807 1922 προτρέψειεν.

2600 1962 2763 2015 ΡοΖο.
2797 1991 2868 2001 -
2904 1959 3225 2030 ΦΙΛΙΤΡΙῼ.

2242 2080 2349 2145 Εἰς
2372 2079 2441 2131 τό
2461 2094 2473 2106 ’
2511 2096 2530 2128 ι
2572 2076 2730 2129 Ἔδει
2751 2090 2826 2129 σε
2853 2072 3074 2138 βαλεῖν
3095 2073 3162 2127 τὸ
3187 2073 3492 2142 ἀργύριον.
3536 2091 3555 2124 ι

2190 2188 2349 2242 Οὕτω
2370 2188 2562 2260 πόρρω
2585 2185 2927 2256 καθέστηκεν
2956 2182 3241 2254 αἰσχύνης,
3272 2181 3334 2236 τὸ
3361 2181 3431 2235 τά
3449 2181 3702 2252 βέλτιστα

2118 2280 2429 2353 πράττοντά
2458 2297 2515 2333 τε
2554 2279 2647 2332 καὶ
2690 2276 2970 2348 φράζοντα
3019 2275 3095 2347 μὴ
3139 2273 3433 2345 δυνηθῆναι
3477 2276 3696 2338 πεῖσαι,

2118 2376 2194 2438 ὼς
2218 2374 2380 2428 αὑτὸν
2414 2373 2505 2425 τὸν
2530 2371 2724 2443 κριτὴν
2766 2368 3108 2440 ψηφίσασθαι
3140 2367 3232 2421 καὶ
3252 2368 3447 2431 εἰπεῖν,
3477 2364 3557 2436 τῷ
3594 2383 3698 2436 μη-

2118 2468 2206 2521 δὲν
2230 2468 2309 2530 είς
2331 2464 2431 2536 τὴν
2452 2465 2563 2518 τῶν
2586 2464 2755 2526 πέλας
2781 2462 3053 2533 σωτηρίαν
3081 2460 3446 2530 είσενηνοχότι
3467 2474 3481 2488 ο
3506 2476 3526 2510 ι
3554 2458 3700 2510 Ἔδει

2121 2574 2181 2611 σε
2214 2555 2547 2610 καταϐαλεῖν
2574 2554 2634 2607 τὸ
2655 2554 2921 2625 ἀργύριόν
2951 2570 3053 2624 μου
3085 2553 3179 2605 ἐπὶ
3198 2553 3326 2615 τοὺς
3342 2550 3697 2622 τραπεζίτας,

2118 2647 2277 2716 κάγὼ
2309 2644 2479 2700 ἐλθὼν
2510 2643 2769 2715 ἀπῄτησα
2800 2644 2865 2697 ἂν
2893 2643 3028 2698 αὐτό
3047 2659 3062 2674 ο
3096 2662 3115 2696 ι
3138 2641 3287 2695 τοῦτ’
3313 2641 3458 2695 ἐστιν
3488 2644 3696 2694 εἰπεῖν’

2130 2740 2328 2809 Ἐχρῆν
2356 2735 2833 2809 διαμαρτύρασθαι
2856 2754 2870 2769 ο
2899 2735 3007 2788 ἔδει
3052 2734 3168 2805 βίον
3211 2734 3454 2805 ἄληπτον
3493 2733 3697 2786 ἐπιδει-

2119 2830 2406 2901 κνύμενον.
2443 2829 2518 2881 Τὸ
2548 2827 2655 2899 γὰρ
2688 2829 2768 2890 είς
2798 2826 2952 2888 τέλος
2984 2825 3214 2893 ἀγαγεῖν
3255 2824 3316 2881 τὸ
3341 2821 3696 2893 κατόρθωμα,

2118 2926 2179 2978 οὐ
2212 2923 2304 2977 τοῦ
2333 2923 2607 2992 λέγοντος,
2632 2920 2770 2975 ἀλλά
2795 2919 2888 2974 τοῦ
2915 2918 3207 2980 ἀκούοντος
3236 2915 3401 2986 δῆλον
3443 2916 3527 2968 ὅτι
3570 2914 3700 2969 καθ-

2120 3019 2351 3090 έστηκεν
2376 3014 2487 3087 (62)
2508 3032 2521 3045 ³
2547 3015 2623 3079 ὡς
2651 3016 2685 3085 ἡ
2716 3014 3017 3076 ἀδέκαστος
3040 3010 3221 3081 ψῆφος
3249 3007 3345 3063 τοῦ
3377 3007 3582 3080 Χριτοῦ
3614 3007 3698 3059 δε-

2041 3097 2084 3156 C
2116 3110 2359 3181 δήλωκεν
2392 3108 2529 3179 (65).

2271 3223 2444 3276 ΡΟΗ¹.
2475 3252 2543 3264 -
2573 3218 2881 3289 ΔΩΡΟΘΕῼ
2916 3216 3029 3289 (64)
3068 3214 3532 3285 ΣΧΟΛΑΣΤΙΚῼ.

2115 3335 2219 3400 Εἰς
2268 3332 2377 3386 τὸν
2416 3328 2673 3400 Ἀϐραὰμ
2717 3328 3027 3408 ἐγκώμιογ,
3065 3326 3166 3381 ἐπὶ
3213 3324 3290 3396 τῇ
3340 3325 3448 3381 τοῦ
3493 3325 3698 3381 Ἰσαὰκ

2780 3414 3009 3469 σφαγῃ.

2188 3496 2356 3548 Οὐδὲν
2384 3487 2445 3547 οὗ
2475 3511 2619 3567 φημι
2650 3492 3060 3565 λαμπρότερον,
3086 3488 3203 3545 ἀλλ’
3228 3487 3382 3543 οὐδὲν
3411 3486 3527 3541 ἴσον
3558 3487 3701 3558 ἔχεις

2116 3589 2290 3641 εἰπεῖν
2320 3586 2603 3658 τρόπαιον,
2632 3580 2693 3640 οὗ
2723 3586 2951 3657 ἔστησεν
2970 3586 2997 3637 ὁ
3027 3581 3377 3654 πατριάρχης
3410 3580 3658 3651 Ἀϐραάμ
3679 3593 3693 3609 °

2115 3681 2177 3734 οὐ
2208 3678 2318 3750 γὰρ
2346 3678 2491 3733 κατά
2514 3680 2821 3756 τυράννων,
2865 3676 3003 3731 ἀλλά
3032 3676 3175 3730 κατά
3220 3674 3324 3745 τῆς
3359 3691 3697 3745 τυραννικω-

2113 3772 2281 3843 τάτης
2314 3770 2528 3839 φύσεως
2579 3770 2694 3841 (65)
2723 3768 2867 3824 τοῦτ’
2897 3770 3108 3840 ἥγειρε.
3180 3766 3410 3841 Πάντων
3454 3766 3566 3837 γάρ
3587 3764 3695 3819 τῶν

2114 3865 2393 3935 λογισμῶν
2446 3864 2569 3917 οὐδὲ
2615 3864 2829 3933 ὅρασιν,
2882 3861 3021 3915 ἀλλά
3075 3863 3144 3933 τῇ
3194 3859 3423 3931 ὲμφύτῳ
3482 3877 3699 3931 συμπα-

2116 3955 2237 4027 Θείᾳ
2256 3954 2368 4027 (66)
2398 3954 2781 4025 ὡπλισμένων,
2808 3953 3081 4008 κάκείνων
3118 3952 3692 4023 κατατιτρωσκόντων,

2116 4048 2279 4111 αὐτὸς
2311 4047 2504 4117 ἔμενεν
2531 4045 2777 4118 άτρωτυς
2798 4063 2812 4077 ⁸
2849 4045 2945 4098 κα)⁴
2970 4040 3041 4114 ἦν
3068 4045 3170 4113 τὴν
3203 4043 3303 4114 μὲν
3332 4042 3496 4112 φύσιν
3530 4041 3696 4111 αὐτὴν

2119 4141 2247 4194 ἰδεῖν
2303 4140 2482 4209 χαμαὶ
2510 4138 2854 4210 ἐρριμμένην
2903 4136 3044 4208 μετὰ
3087 4126 3198 4191 τῶν
3226 4136 3407 4191 ὅπλων
3451 4136 3547 4188 καὶ⁹
3591 4134 3697 4186 τῶν

2116 4230 2528 4304 στρατοπέδων·
2582 4229 2744 4283 αὐτὸν
2775 4229 2833 4283 δὲ
2886 4230 3176 4298 ἑστηκότα,
3226 4227 3322 4282 καὶ
3374 4227 3477 4298 τὴν
3543 4228 3697 4296 χεῖρα

2114 4324 2485 4387 ἀνατείνοντα,
2519 4321 2641 4392 οὐχὶ
2668 4320 2931 4389 στέφανον
2958 4319 3211 4390 ἔχουσαν,
3251 4316 3388 4371 ἀλλά
3424 4316 3698 4387 μάχαιραν

431 4403 609 4462 ipsum
651 4421 780 4464 vero
829 4418 1089 4476 stantem,
1115 4420 1169 4465 et
1199 4426 1417 4466 manum
1466 4413 1872 4495 extendentem,
1904 4430 2008 4470 non

2126 4413 2315 4477 παντὸς
2345 4412 2613 4481 στεφάνου
2644 4409 3055 4483 λαμπροτέραν.
3100 4410 3191 4462 Διὸ
3227 4407 3324 4462 καὶ
3346 4406 3551 4470 πάντες
3602 4404 3701 4476 μὲν

506 4585 552 4619 ¹⁵
576 4584 762 4641 Matth.
800 4602 924 4653 xxv,
957 4590 1051 4644 27.
1123 4591 1167 4622 ³⁸
1188 4591 1325 4646 Gen.
1353 4607 1489 4660 χχιι,
1520 4593 1543 4646 l
1573 4607 1723 4664 seqq.

1530 4747 1767 4803 vanus
1810 4747 2192 4829 LECTlONES
2236 4718 2325 4801 ET
2362 4746 2596 4803 ΝοτΑῑ.

504 4904 621 4972 (60)
647 4903 784 4957 Cum
814 4902 912 4956 hac
940 4901 1164 4970 epistola
1214 4902 1372 4972 plane
1400 4903 1648 4972 congruit
1691 4902 1837 4972 quod
1867 4902 2005 4955 scri-

430 4970 521 5027 Βίι
537 4970 603 5027 de
624 4972 859 5026 Musaica
892 4972 1114 5026 historia
1148 4970 1303 5024 Philo
1326 4972 1376 5024 in
1410 4971 1501 5024 lib.
1532 4971 1603 5023 De
1632 4971 1840 5039 cpi/icio
1864 4988 2010 5023 mun-

431 5044 509 5098 di.
552 5041 757 5096 Idcirco
806 5043 976 5110 ipsum
1022 5058 1049 5094 a
1100 5042 1281 5096 mundi
1338 5042 1651 5095 conditione
1699 5041 1906 5105 ordiri,
1953 5050 2011 5095 ut

430 5113 701 5177 ostendat,
738 5120 792 5165 et
829 5112 1085 5165 mundum
1114 5111 1239 5181 legi,
1268 5119 1320 5164 et
1348 5111 1517 5179 legent
1546 5111 1745 5164 mundo
1773 5125 2005 5181 consen-

432 5182 577 5236 tire:
620 5182 811 5250 legem,
856 5181 1097 5247 inquam.
1127 5180 1288 5249 quam
1326 5181 1528 5234 laturus
1566 5191 1705 5245 erat,
1741 5196 1771 5233 a
1804 5180 2001 5233 rnuudo

430 5253 699 5320 pendere;
730 5253 1019 5320 virumque
1075 5251 1273 5306 bonum
1313 5251 1450 5321 legis
1495 5250 1897 5321 observantem,
1926 5250 2001 5303 si-

429 5322 544 5389 mul
574 5338 637 5377 ac
666 5321 848 5376 mundi
879 5322 1014 5375 civis
1038 5321 1215 5377 Iactus
1242 5331 1345 5387 est,
1378 5320 1445 5374 ad
1484 5320 1811 5374 voluntatem
1840 5330 1895 5373 et
1917 5335 2005 5372 ar-

431 5390 653 5445 bitrium
706 5401 935 5455 natura,
986 5406 1105 5459 quae
1140 5400 1223 5445 est
1271 5392 1353 5445 lex
1405 5391 1613 5452 mundi,
1646 5406 1772 5444 suas
1815 5406 2005 5445 omnes

430 5462 675 5517 actiones
708 5462 944 5525 dirigere
974 5471 1028 5513 et
1060 5461 1185 5514 huic
1224 5476 1416 5529 parare
1448 5460 1663 5529 debere.
1698 5460 1865 5516 Rn'r.

503 5532 616 5668 (6|)
649 5532 782 5586 Cod.
824 5531 945 5585 Vat.
982 5529 1106 5593 650,
1143 5528 1506 5600 ἀπονείμοιεν.
1543 5528 1757 5583 Possm.

532 5602 622 5668 62)
654 5601 723 5654 Ut
752 5600 1144 5667 persuadeatur
1192 5603 1420 5655 auditori
1465 5600 1607 5667 quod
1640 5600 1751 5653 vult

532 5600 622 5668 62)
654 5601 723 5654 Ut
752 5600 1144 5667 persuadeatur
1192 5603 1420 5655 auditori
1465 5600 1607 5667 quod
1640 5600 1751 5653 vult
1799 5609 2002 5662 orator,

437 5664 542 5721 non
565 5664 655 5721 est
684 5670 735 5721 in
754 5664 922 5721 manu
948 5670 1200 5731 oratoris,
1231 5672 1323 5724 sed
1350 5672 1399 5723 in
1428 5664 1697 5737 potestate
1720 5669 2002 5722 auditoris.

440 5738 692 5791 Pluribus
756 5738 893 5791 hanc
950 5741 1267 5790 sementium
1324 5741 1515 5807 prohat
1583 5740 1818 5793 Isidorus
1868 5740 2003 5792 inl‘ra

2108 4903 2266 4969 epist.
2298 4902 2425 4966 203,
2492 4912 2546 4956 et
2602 4901 2901 4957 rationibus
2957 4911 3013 4957 et
3060 4900 3479 4957 auctoritatibus
3531 4902 3693 4956 etiam

2106 4973 2297 5037 Arist.,
2335 4972 2423 5025 ubi
2456 4973 2575 5026 vide
2603 4982 2715 5027 not.
2747 4972 2914 5029 Rt'r'r.

2182 5041 2294 5111 (65)
2324 5041 2455 5096 Cod.
2486 5040 2609 5095 Vat.
2660 5057 2757 5113 pro
2797 5042 3102 5115 δεδήλωκεν
3128 5042 3320 5100 scribit
3346 5041 3691 5112 κεκύρωκεν.

2108 5110 2322 5167 Possm.

2183 5181 2295 5253 (64)
2328 5181 2590 5255 Θεοδώρῳ
2615 5182 2748 5255 Cod.
2780 5185 2899 5241 Vat.
2931 5185 3056 5243 650.
3090 5185 3243 5241 Vers.
3284 5186 3309 5240 1
3342 5201 3429 5255 ep.
3455 5198 3553 5254 pro
3578 5183 3693 5236 ἴσον

2114 5252 2456 5336 identdtallet
2492 5254 2643 5315 ἴσως.
2687 5254 2761 5309 In.

2185 5321 2294 5444 (65)
2331 5321 2447 5389 Τῆς
2493 5324 3013 5391 τυραννικωτάτης
3055 5326 3316 5393 φύσεως.
3364 5322 3586 5377 Videtur
3615 5320 3692 5374 al-

2114 5392 2300 5471 lutere
2346 5393 2693 5471 ad‘illtnnDex
2726 5396 3236 5471 tragoediayversum
3277 5412 3289 5446 :
3332 5393 3560 5461 Μεγάλη
3596 5408 3691 5471 τυ-

2116 5462 2302 5531 ραννὶς
2350 5463 2513 5537 ἀνδρί
2555 5463 2721 5537 τέκνα
2764 5466 2857 5517 καὶ
2887 5466 3043 5537 γυνή.
3080 5464 3277 5533 Magna
3316 5473 3392 5518 est
3426 5462 3687 5533 tyrannis,

2112 5547 2247 5584 uxor
2278 5544 2431 5598 atque
2452 5533 2621 5585 liberi.
2655 5534 2819 5589 Rt'r'r.

2114 5671 2152 5725 Ρ
2186 5603 2301 5725 ($60)
2354 5603 2674 5675 Συμπαοείᾳ
2725 5607 2846 5661 cod.
2897 5605 3017 5662 Vat.
3070 5612 3243 5659 mutat
3304 5605 3358 5658 in
3412 5599 3685 5673 συνηθείᾳ.

2156 5688 2186 5725 o
2218 5687 2319 5725 snv.

2156 5686 2319 5727 OSSIN.
