4020 6140
362 222 496 287 Ῑξιθθ

1264 228 1800 294 EPl-S'I‘OLARUM
1839 237 1979 302 LIB.
2017 243 2185 311 lV..-
2206 248 2442 308 EPIST.
2477 249 2782 311 CLXXIX.

3503 251 3636 316 1270

355 348 406 397 οἱ
438 345 689 414 λογισμοὶ
744 342 1191 413 καταπήξαντες
1220 344 1281 396 τὸ
1311 346 1653 419 παράστημα
1694 351 1940 423 τάνδρὸς,

2047 375 2244 415 corona
2272 367 2573 432 praeditam,
2602 365 2696 418 sed
2726 365 2904 432 gladio
2929 366 3121 435 quavis
3138 382 3340 424 corona
3369 371 3633 426 illustrius

355 438 663 507 ἑστήκεσαν
692 433 847 505 αὐτῷ.
875 435 1332 505 ὑποτεταγμένοι,
1366 438 1462 491 καὶ
1485 440 1782 511 τρέμοντες
1807 445 1945 514 μᾶλ-

354 528 446 581 λον
475 529 507 598 ἢ
541 526 767 598 βασιλέα
793 526 844 578 οί
871 525 1199 597 δορυφόροι·
1239 526 1518 599 βλέμματι
1549 532 1657 602 γάρ
1698 533 1947 606 βλοσυρῷ

356 620 567 681 πάντας
616 617 983 671 κατέστειλεν.
1051 618 1109 670 ’0
1163 618 1221 671 δὲ
1272 620 1380 674 τῶν
1433 621 1681 691 ἀγγέλων
1739 625 1946 681 ἄνωθεν

355 710 645 781 ἐπεκρότει
682 711 884 780 δῆμος
942 710 1037 764 καὶ
1066 711 1095 763 ὁ
1138 710 1272 775 Θεὸς
1323 712 1718 784 ἀνεκήρυττεν.
1764 717 1828 770 Εί
1888 717 1945 772 δὲ

358 800 538 871 βούλει
582 802 696 872 (67)
740 800 885 854 τοῦτ’
939 801 1140 871 ἀληθὲς
1180 801 1293 873 (68)
1332 806 1629 876 σκοπῆσαι,
1690 806 1800 861 ἀπὸ
1836 808 1944 865 τῶν

356 894 557 959 ἔξωθεν
601 893 762 951 τοῦτο
792 894 965 966 θεάσῃ
1006 896 1376 967 πραγμάτων.
1422 898 1486 950 Ei
1535 898 1645 970 γὰρ
1706 900 1943 972 ἀθλητοῦ

358 984 683 1054 νικήσαντος
718 982 796 1053 μὴ
831 982 1010 1054 κῆρυξ
1063 984 1310 1039 κάτωθεν
1341 986 1540 1054 ἑστὼς,
1578 988 1695 1043 ἀλλ’
1737 990 1945 1048 ἀνωθεν

358 1075 673 1145 καθήμενος
717 1075 883 1139 αὐτὸς
922 1076 951 1127 6
1001 1075 1256 1145 βασιλεὺς
1293 1078 1534 1143 ἀναστὰς
1581 1080 1944 1153 ἀνακηρύξειε

359 1168 452 1220 τὸν
510 1166 964 1239 Ὀλυμπιονίκην,
1000 1169 1123 1239 οὐχὶ
1150 1169 1260 1223 τῶν
1293 1172 1573 1239 στεφάνων
1607 1173 1755 1242 αὐτῷ
1785 1172 1943 1229 τοῦτο

360 1258 743 1331 λαμπρότερον
794 1255 936 1313 εἶναι
963 1259 1088 1331 δόξῃ
1120 1260 1273 1331 (69);
1314 1261 1483 1332 Δῆλον
1525 1264 1728 1318 ἅπασίν
1773 1268 1939 1321 ἐστιν.

353 1352 531 1418 γὐταν
574 1347 669 1404 οῦν
712 1351 788 1421 μὴ
824 1350 1078 1421 βασιλεὺς
1111 1352 1324 1423 θνητὸς,
1357 1354 1471 1407 ἀλλ’
1506 1355 1665 1419 αὐτὸς
1694 1357 1722 1408 6
1750 1357 1940 1425 ἀΐδιος,

360 1442 463 1494 οὐκ
488 1442 545 1494 ὲν
572 1442 786 1512 θεάτρῳ
818 1442 1146 1513 ἀνθρωπίνῳ
1186 1444 1300 1514 (70)
1339 1446 1522 1515 μόνον,
1556 1447 1690 1501 ἀλλὰ
1724 1448 1815 1501 καὶ
1842 1450 1941 1518 άγ-

362 1530 533 1599 γέλων
570 1532 665 1586 καὶ
701 1532 1068 1603 άρχαγγὲλων
1096 1533 1192 1586 καὶ
1221 1533 1330 1587 τῶν
1352 1535 1465 1588 ἄνω
1494 1534 1794 1607 δυνάμεων,
1818 1540 1945 1593 ἀνα-

363 1624 627 1695 κηρύττει
675 1625 811 1697 (71),
861 1625 1093 1697 λαμπρᾷ
1122 1629 1189 1697 τῇ
1236 1629 1388 1698 φωνῇ
1432 1628 1571 1698 βοῶν
1616 1630 1937 1701 οὐρανόθεν·

2050 453 2285 523 fulgente
2310 465 2597 511 armatam.
2618 457 2765 512 Unde
2784 459 2984 513 factum
3004 468 3106 525 est,
3125 470 3183 515 ut
3205 477 3393 518 omnes
3412 464 3630 532 quidem

2049 547 2489 605 ratiocinationes
2509 552 2760 606 humanae
2787 550 3172 620 obstupefacta:
3195 554 3261 608 ad
3280 566 3629 624 conspectum

2047 651 2510 712 congressumque
2534 644 2635 698 viri
2668 652 2878 700 starent
2899 644 2965 700 ab
3000 645 3117 713 ipso
3142 646 3403 712 subactas,
3430 657 3485 702 et
3512 663 3627 702 ma-

2046 730 2130 799 gis
2162 730 2325 785 etiam
2388 736 2875 791 contremisceutes
2929 751 3092 805 quam
3152 738 3219 792 ad
3277 749 3626 808 conspectum

2049 820 2193 891 regis
2221 821 2399 879 solent
2427 823 2545 892 ejus
2570 827 2882 895 stipatores.
2917 827 3171 883 Terribili
3207 844 3442 899 namque
3476 831 3626 885 vultu

2046 928 2239 970 omnes
2272 915 2525 984 perculit.
2556 919 2625 971 At
2654 920 2890 988 desuper
2929 919 3241 989 angelorum
3275 922 3503 992 populus
3531 940 3629 994 ap-

2047 1004 2243 1073 plausit
2276 1023 2291 1073 ;
2324 1015 2379 1061 et
2412 1006 2555 1064 Deus
2583 1011 2912 1079 praeconium
2948 1010 3077 1068 fecit
3102 1013 3364 1073 victoriae.
3399 1016 3551 1083 Quod
3579 1017 3627 1074 si

2047 1094 2177 1150 libet
2227 1099 2513 1154 veritatem
2568 1101 2711 1170 ejus,
2749 1103 2892 1171 quod
2943 1104 3077 1171 dixi,
3131 1107 3497 1174 considerare,
3558 1110 3639 1165 ab.

2046 1186 2288 1242 externis
2338 1189 2498 1244 rebus
2549 1191 2650 1245 boc
2702 1192 2887 1247 licebit
2948 1196 3326 1265 contemplari.
3375 1195 3509 1251 Nam
3555 1199 3623 1265 si,

2047 1286 2401 1347 posteaquam
2457 1281 2655 1353 aliquis
2705 1284 2907 1339 athleta
2972 1287 3254 1342 victoriam
3308 1292 3623 1359 reportavit,

2046 1382 2153 1423 non
2185 1382 2360 1437 prach
2390 1371 2617 1428 inferius
2664 1373 2993 1441 consistens,
3049 1379 3143 1431 sed
3193 1380 3442 1448 superius
3487 1380 3626 1436 resi-

2045 1463 2178 1519 dens
2210 1465 2323 1535 ipse
2348 1478 2462 1532 rex,
2516 1465 2586 1520 de
2636 1464 2775 1519 solio
2812 1481 2911 1521 suo
2941 1484 3276 1539 consurgens
3333 1472 3628 1539 proclamet

2044 1554 2307 1610 victorem
2367 1556 2682 1612 certaminis
2728 1556 3013 1628 Olympici,
3051 1575 3231 1616 nonne
3262 1576 3325 1616 ea
3377 1578 3463 1619 res
3523 1565 3628 1633 ipsi

2045 1644 2266 1700 coronis
2299 1644 2630 1713 splendidior
2656 1661 2781 1701 esse
2812 1647 3117 1703 videbitur?
3140 1648 3481 1734 Manifestum
3524 1654 3626 1709 boc

362 1715 485 1785 οὐχ).
530 1716 709 1769 πάντα
765 1717 1094 1789 ὑπερϐάλλει
1166 1720 1280 1790 (72)
1336 1720 1493 1774 τοῦτο
1557 1721 1940 1796 λαμπρότητος

2047 1733 2296 1790 videlicet
2338 1745 2424 1791 est
2476 1737 2727 1792 omnibus
2766 1738 2841 1793 ita
2887 1739 3061 1795 visum
3088 1741 3174 1797 iri.
3207 1726 3433 1808 Quando
3465 1744 3627 1815 igitur

362 1804 525 1873 ὅρον;
567 1806 782 1879 Κομιδῇ
828 1807 1004 1877 ἔγωγε
1054 1810 1464 1883 ἰσχυρισαίμην.
1517 1813 1726 1870 Οὐκοῦν
1760 1818 1810 1869 εί
1850 1817 1943 1875 καὶ

363 1896 523 1965 ἡμεῖς
548 1896 876 1969 βουλοίμεθα
902 1901 1379 1973 ἀνακηρυχθῆναι,
1397 1905 1492 1957 καὶ
1509 1908 1940 1980 στεφανωθῆναι,

364 1986 598 2075 ἑαυτοὺς
628 1991 1057 2064 ἀφιερώσωμεν,
1092 1995 1185 2048 καὶ
1208 1997 1374 2067 μηδὲν
1406 2000 1620 2072 θνητὸν,
1649 2005 1780 2075 μηδὲ
1812 2005 1945 2074 βιω-

358 2079 511 2132 τικδν
546 2066 820 2153 χορευέτω
868 2087 927 2139 ὲν
955 2089 1089 2158 ἡμῖν
1138 2092 1341 2156 πάθος·
1376 2066 1513 2148 ἀλλά
1544 2066 1680 2149 πᾶσι
1711 2066 1942 2169 ’χαίρειν

359 2171 695 2241 φράσαντες,
737 2175 806 2229 τά
828 2176 940 2231 τῶν
968 2178 1219 2252 οὐρανῶν
1242 2183 1368 2247 ἀξια
1398 2184 1491 2238 καὶ
1520 2186 1820 2258 φράζωμεν
1849 2189 1945 2244 καὶ

359 2264 712 2337 πράττωμεν.

2050 1840 2158 1880 non
2194 1834 2443 1881 terrenus
2483 1827 2748 1898 quispiam
2800 1844 2865 1883 ac
2904 1830 3153 1887 mortalis
3210 1847 3327 1899 rex,
3377 1834 3473 1889 sed
3513 1836 3628 1904 ipse

2049 1914 2163 1971 Rex
2217 1918 2602 1988 sempiternus,
2643 1937 2749 1977 non
2804 1923 2983 1979 solum
3026 1925 3079 1980 in
3111 1926 3327 1982 theatro
3364 1929 3629 1995 humano,

2047 2009 2143 2064 sed
2188 2010 2349 2063 etiam
2407 2011 2460 2065 in
2507 2012 2706 2068 visorio
2757 2013 3117 2086 Angelorum,
3155 2026 3212 2072 et
3260 2018 3632 2092 Arcbangeloa

2048 2114 2192 2164 rum,
2221 2110 2274 2155 et
2310 2117 2664 2171 superuarunt
2702 2105 2997 2175 Virtutum,
3034 2110 3291 2166 victorem
3338 2128 3437 2170 suo
3488 2129 3625 2183 pra:-

2050 2192 2206 2245 conio
2236 2192 2470 2263 aliquem
2505 2198 2797 2265 renuntiet,
2822 2200 2965 2255 clara
2995 2216 3128 2258 voce
3160 2203 3377 2260 caelitus
3404 2205 3631 2273 emissa,

2052 2298 2235 2339 nonne
2259 2300 2321 2339 ea
2360 2301 2449 2342 res
2477 2304 2692 2343 omnem
2724 2291 3028 2361 splendoris
3056 2297 3349 2352 terminum
3375 2299 3629 2354 excedit?

359 2354 618 2424 Equidem
652 2360 704 2415 id
733 2362 960 2420 tirmiter
986 2371 1431 2426 asseveraverim.
1466 2372 1808 2441 Quapropter
1834 2389 1931 2429 nos
1970 2389 2186 2443 quoque
2238 2376 2507 2446 siquidem
2582 2380 2815 2438 victores
2901 2385 3229 2453 proclamari
3267 2395 3322 2442 et
3373 2389 3627 2444 coronari

358 2450 683 2522 expetimus,
741 2457 1106 2527 nosmetipsos
1167 2474 1568 2528 consecremus,
1663 2462 1975 2532 nullumque
2050 2463 2353 2530 mortalem,
2413 2467 2617 2522 nullum
2687 2472 2755 2524 ad
2825 2450 2968 2529 hanc
3032 2473 3201 2529 vitam
3264 2476 3633 2547 pertinentem

358 2538 611 2597 all‘cctum
661 2546 713 2599 iu
761 2548 915 2603 nobis
956 2551 1227 2607 exsultare
1256 2553 1518 2620 sinamus,
1552 2555 1669 2621 sed,
1690 2556 1944 2612 onmibus
1978 2558 2157 2613 valere
2181 2556 2368 2628 jussis,
2406 2560 2562 2617 uelis
2591 2563 2748 2632 digna
2814 2573 2870 2621 et
2909 2577 3195 2637 loquamur
3257 2578 3311 2625 et
3338 2569 3625 2628 faciamus.

876 2662 1041 2717 POO’.
1076 2694 1143 2706 -
1177 2663 1409 2735 ΝΕΙΛῼ.

364 2749 467 2833 Εἰς
493 2751 562 2808 τὸ
592 2755 913 2824 εἰρημένον
933 2757 1053 2812 ἀπὸ
1086 2758 1191 2812 τοῦ
1230 2760 1482 2828 Κυρίου,
1537 2759 1643 2827 Εἰς
1667 2760 1772 2831 ἐμὲ
1795 2761 1945 2826 ,βλέ-

1078 2845 1239 2882 πετε.

429 2917 660 2985 Οὐδένα,
690 2914 867 2990 οἶμαι,
895 2920 1121 2974 τοιαῦτα
1157 2922 1589 2993 πεπαρῳνῆσθαι
1612 2923 1747 2994 (75),
1779 2919 1868 2976 οἶα
1916 2924 1945 2976 6

2563 2670 2840 2730 CLXXIX.
2870 2707 2941 2721 —
2970 2675 3149 2737 MLO.

2038 2763 2102 2816 In
2151 2763 2206 2816 id
2254 2764 2394 2833 quod
2426 2782 2459 2819 a
2489 2763 2716 2821 Domino
2771 2768 2973 2823 dictum
3028 2780 3126 2837 est,
3167 2789 3186 2823 ι
3220 2769 3288 2826 In
3328 2788 3410 2829 me
3452 2775 3628 2832 intus-

2695 2838 2826 2891 mini
2851 2838 2916 2890 ¹⁷.
2954 2857 2975 2891 ι

2117 2924 2400 2981 Neminem
2422 2941 2523 2997 ego
2563 2942 2803 2997 unquam
2839 2939 2917 2985 tot
2956 2932 3233 3003 tantisque
3272 2936 3511 2993 arbitror
3538 2939 3625 2994 in»

359 3009 467 3060 τῶν
502 3010 770 3082 οὐρανίων
798 3012 1076 3078 βασιλεὺς,
1108 3012 1272 3084 δεῦρο
1306 3014 1695 3084 ὲπιφοιτήσας,
1722 3030 1940 3086 πεπαρ-

2047 3010 2202 3085 iuriis
2238 3027 2292 3073 et
2323 3018 2665 3074 contumeliis
2689 3018 2940 3075 aﬂ‘ectum
2969 3036 3109 3089 esse,
3144 3036 3276 3094 quot
3298 3030 3627 3100 quantisque

359 3099 568 3171 ῲνι,ται
625 3103 758 3175 παρ’
805 3104 1068 3169 ἐκείνων,
1117 3104 1212 3168 οὓς
1259 3105 1456 3175 ἀφῖκτο
1502 3104 1723 3158 σώσων⁹
1775 3105 1835 3167 ὃς
1881 3121 1945 3173 γε

360 3194 482 3246 οὐδὲ
498 3195 699 3266 λῃστοῦ
724 3196 819 3250 καὶ
848 3196 1178 3267 ἀνδροφόνου
1202 3196 1526 3269 προεκρίθη,
1547 3196 1681 3250 ἀλλά
1711 3196 1805 3250 καὶ
1830 3196 1943 3268 (74)

364 3286 717 3357 ὲκολαφίσθη.
756 3288 819 3339 Εἰ
840 3287 896 3340 δὲ
922 3286 1014 3339 καί
1034 3305 1120 3352 τις
1150 3286 1393 3356 τάὅμοια
1423 3287 1661 3341 πέπονθε
1692 3286 1945 3357 (δεδόσθω

365 3376 515 3447 γὰρ),
555 3376 693 3432 ἀλλὰ
720 3378 780 3432 τὸ
820 3378 896 3449 μὴ
925 3378 1033 3431 ἀπὸ
1060 3378 1160 3449 τῆς
1190 3378 1313 3449 ῐσης
1334 3378 1493 3445 ἀξίας
1521 3377 1794 3451 ὁρμᾶσθαι
1818 3378 1945 3442 τούς

366 3466 726 3532 πεπονθότας,
756 3466 918 3525 ἄνισα
957 3467 1120 3522 πάλιν
1144 3469 1381 3523 δείκνυσι
1411 3468 1482 3521 τά
1520 3467 1689 3539 πάθη.
1730 3468 1807 3523 Οὐ
1835 3468 1945 3539 γὰρ

364 3556 579 3624 ταύτὸν,
610 3557 839 3628 βασιλέα
880 3558 1101 3629 ὑϐρίσαι
1132 3560 1246 3629 (75)
1277 3560 1369 3612 καὶ
1416 3556 1660 3629 ίδιὼτην·
1694 3558 1818 3612 οὐδὲ
1859 3559 1945 3613 δε-

366 3646 571 3717 σπότην
598 3648 693 3701 καὶ
723 3647 910 3701 δοῦλον
931 3665 946 3678 ’
971 3647 1109 3702 ἁλλά
1128 3648 1197 3701 τά
1224 3649 1323 3719 μὲν
1354 3648 1496 3702 κατά
1523 3647 1616 3702 τοῦ
1655 3647 1939 3718 βασιλέως,

364 3738 466 3792 κᾶν
503 3738 680 3810 μικρὰ
711 3733 769 3813 ᾖ,
797 3739 1009 3810 μεγάλα
1036 3742 1105 3811 τῇ
1132 3738 1260 3811 ἀξία
1284 3739 1379 3793 τοῦ
1409 3739 1738 3804 πεπονθότος
1761 3741 1944 3811 κρίνε-

362 3842 491 3882 ταιο
522 3828 592 3882 τὰ
627 3828 684 3882 δὲ
720 3830 863 3883 κατὰ
905 3829 999 3884 τοῦ
1039 3830 1272 3897 ἰδιώτου,
1306 3830 1411 3884 κᾶν
1452 3831 1686 3900 μέγιστα
1723 3827 1780 3904 ᾖ,
1814 3832 1945 3885 ὑπο·-

362 3919 621 3990 τέμνεται
666 3918 765 3992 τὴν
797 3921 999 3992 ὀργῂν,
1043 3922 1136 3975 καὶ
1174 3923 1256 3985 είς
1300 3921 1633 3993 συγγνώμην
1685 3922 1945 3984 πολλάκις

362 4012 486 4081 ὁρᾷ.
518 4008 706 4064 Ταῦτα
748 4010 795 4064 δ’
831 4011 992 4082 ἔφην,
1047 4011 1235 4082 ἐπειδὴ
1280 4013 1590 4083 γέγραφας,
1634 4013 1685 4065 τί
1739 4014 1854 4066 ἐστι
1883 4014 1944 4065 τὸ

364 4102 519 4171 παρά
546 4099 642 4153 τοῦ
674 4102 910 4172 Χριστοῦ
941 4102 1132 4174 λεχθέν
1153 4121 1167 4134 ο
1206 4122 1223 4154 ι
1264 4104 1357 4167 Είς
1385 4105 1486 4174 ἐμὲ
1524 4104 1770 4174 βλέπετε.
1820 4123 1838 4155 ›
1878 4107 1943 4158 Ὃ

362 4193 472 4263 γὰρ
501 4193 673 4261 λέγει,
712 4194 992 4263 συντόμως
1018 4193 1262 4248 τοιοῦτόν
1286 4196 1456 4250 ἐστιν.
1502 4195 1719 4266 Ἐπειδὴ
1753 4196 1860 4267 γὰρ
1892 4197 1941 4248 οἱ

366 4284 669 4355 πάντολμοι
718 4283 959 4337 Ἰουδαῖοι
984 4286 1449 4357 ὲπιλυττήσαντες
1490 4288 1941 4359 ἐδραματούργη-

365 4392 467 4430 σαν
496 4375 832 4447 τραγῳδίαν,
866 4377 1007 4431 κατὰ
1036 4378 1170 4432 Θεοῦ
1202 4379 1303 4449 μὲν
1333 4379 1716 4450 τολμηθεῖσαν,
1746 4380 1945 4451 σαρκὸς

362 4468 419 4520 δὲ
448 4467 739 4538 ἁψαμένην
786 4467 1015 4537 (ἀπαθὲς
1044 4471 1151 4541 γὰρ
1186 4471 1246 4525 τὸ
1290 4472 1445 4525 Θεῖον
1478 4473 1682 4543 κυρίως
1799 4475 1849 4526 oi
1884 4474 1941 4527 δὲ

366 4560 506 4627 μετὰ
549 4558 721 4613 ταῦτα
755 4559 1043 4629 μέλλοντες
1071 4562 1408 4633 ὑϐρίζεσθαι,
1452 4565 1581 4628 ἴσως
1612 4565 1939 4632 ἀγανακτεῖν

362 4652 617 4722 ἤμελλον,
650 4656 727 4720 ὠς
754 4656 904 4728 παρά
932 4656 1033 4728 τὴν
1067 4658 1245 4711 αὐτῶν
1277 4658 1435 4723 ἀξίαν
1477 4657 1739 4720 τοιούτοις
1782 4675 1938 4728 περι-

465 4811 505 4842 "
538 4810 681 4867 Psal.
713 4828 863 4879 xxw,
893 4813 978 4867 16.

2047 3106 2275 3164 affectus
2306 3117 2390 3164 est
2417 3110 2720 3165 cmlestium
2750 3110 2864 3167 Rex
2900 3126 3024 3168 cum
3057 3115 3109 3168 in
3146 3124 3324 3172 terras
3361 3118 3626 3184 venisset.

2045 3207 2101 3262 et
2158 3196 2379 3271 quidem
2412 3202 2479 3256 ab
2528 3200 2654 3268 illis,
2694 3217 2853 3272 quos
2892 3216 3166 3261 servatum
3232 3220 3499 3264 venerat:
3533 3210 3626 3279 qui

2048 3303 2226 3358 neque
2256 3288 2451 3344 latroni
2485 3303 2536 3343 et
2574 3290 2859 3346 homicidae
2890 3292 3146 3362 praelatus
3176 3302 3278 3361 est,
3312 3296 3408 3351 sed
3437 3305 3492 3351 et
3528 3311 3624 3352 co-

2045 3376 2222 3447 laphis
2252 3392 2447 3434 caesus.
2467 3377 2628 3449 515
2656 3379 2765 3434 Etsi
2797 3380 2941 3435 enim
2968 3382 3166 3436 similia
3198 3381 3337 3439 forte
3367 3386 3487 3454 quis
3505 3398 3625 3455 per—

2045 3480 2236 3537 pessus
2268 3477 2352 3524 est
2397 3469 2580 3540 (detur
2616 3472 2759 3526 enim
2792 3472 2864 3527 ita
2899 3475 3066 3543 esse),
3093 3483 3329 3531 attamen
3364 3477 3467 3533 hoc
3509 3478 3625 3535 dis-

2045 3558 2252 3617 similes
2282 3568 2338 3616 et
2365 3561 2600 3630 impares
2648 3565 2885 3619 ostendit
2936 3568 3335 3636 perpessiones,
3365 3569 3509 3639 quod
3548 3571 3627 3626 illi

2046 3654 2137 3725 qui
2162 3655 2403 3724 perpessi
2440 3669 2534 3710 eas
2567 3665 2714 3723 sunt,
2739 3672 2842 3711 non
2873 3674 2901 3713 a
2934 3660 3048 3727 pari
3103 3660 3368 3730 dignitate
3399 3663 3626 3720 descen-

2046 3745 2263 3801 derunt.
2296 3743 2409 3799 Non
2443 3746 2588 3799 enim
2619 3755 2702 3801 est
2741 3747 2903 3813 idem,
2937 3748 3132 3819 injuria
3166 3750 3380 3807 aiiicere
3420 3767 3621 3822 regem,

2046 3844 2101 3890 et
2133 3834 2403 3890 hominem
2440 3836 2731 3908 privatum,
2774 3854 2952 3908 neque
2986 3840 3263 3905 dominum
3303 3851 3358 3896 et
3383 3857 3620 3913 servum;

2047 3929 2139 3983 sed
2206 3941 2325 3997 qum
2376 3926 2635 3982 adversus
2698 3943 2875 3998 regem
2904 3930 3123 4000 quidem
3187 3933 3622 3998 committuntur,

2047 4018 2394 4089 quantumvis
2442 4032 2540 4088 per
2591 4033 2649 4074 se
2699 4020 2893 4090 exigua
2948 4031 3092 4085 sunt,
3128 4039 3319 4095 magna
3353 4034 3529 4080 tamen
3571 4038 3629 4081 ut

2043 4111 2369 4181 iudicentur,
2392 4111 2510 4179 ejus
2526 4111 2615 4180 qui
2640 4111 2765 4166 talia
2813 4114 3016 4183 patitur
3031 4115 3264 4186 dignitas
3279 4115 3457 4172 eilicit.
3482 4119 3629 4185 'Quze

2047 4216 2175 4256 vero
2209 4201 2261 4255 in
2299 4201 2532 4271 aliquem
2568 4203 2833 4272 privatum
2872 4215 3276 4275 perpetrantur,
3305 4219 3363 4261 ut
3395 4210 3626 4262 maxima

2046 4294 2175 4361 sint,
2220 4304 2400 4350 tamen
2433 4295 2568 4349 iram
2605 4296 2865 4352 minorem
2900 4299 3118 4365 habent,
3148 4310 3201 4357 et
3236 4317 3378 4372 saepe
3430 4303 3496 4357 ad
3534 4318 3626 4358 ve-

1978 4415 2022 4470 ο
2046 4386 2192 4439 niam
2222 4394 2490 4456 spectant.
2533 4387 2659 4442 llzec
2694 4400 2872 4445 autem
2903 4391 3024 4446 idco
3046 4393 3178 4459 dixi,
3225 4396 3349 4463 quia
3397 4410 3495 4465 per
3534 4395 3626 4449 lit-

2051 4487 2196 4533 teras
2224 4491 2289 4531 ex
2322 4494 2408 4535 me
2432 4482 2751 4549 quaesivisti,
2774 4483 2903 4552 quid
2931 4485 3002 4538 sit
3055 4486 3198 4554 quod
3230 4504 3257 4540 a
3292 4487 3513 4541 Christo
3540 4489 3617 4542 di-

2047 4578 2194 4623 ctum
2224 4578 2309 4625 est
2344 4588 2357 4624 :
2407 4588 2427 4622 ι
2468 4569 2522 4625 In
2555 4585 2642 4625 me
2674 4573 2978 4631 intuemini.
3016 4594 3047 4627 ιη
3087 4576 3221 4631 Nam
3277 4581 3419 4647 quod
3475 4579 3621 4643 dicit,

2050 4658 2101 4712 in
2128 4673 2336 4713 summa
2368 4660 2475 4716 tale
2508 4671 2609 4718 est.
2650 4662 2862 4718 Etenim
2897 4666 3021 4734 quia
3062 4667 3411 4723 attdacissimi
3458 4666 3625 4723 Judzni

1448 4926 1682 4983 VARIIE
1717 4926 2103 4985 LECTIONES
2141 4930 2229 4984 ET
2270 4930 2500 4990 ΝΟΤΑΞ.

436 5083 550 5153 (67)
586 5084 714 5155 Post
745 5085 792 5137 εἰ
815 5085 871 5137 δὲ
900 5084 1079 5153 βούλει
1106 5084 1224 5139 loco
1266 5082 1411 5136 τοῦτ’
1440 5082 1637 5155 ἀληθὲς
1668 5084 1819 5153 iidem
1852 5100 1945 5153 po-

364 5153 444 5207 ltil.
469 5154 562 5223 καὶ
589 5153 746 5207 τοῦτο
778 5155 1021 5223 ἀκριϐῶς
1073 5155 1283 5209 Possm.

366 5222 551 5346 R(68)
608 5224 769 5277 Τοῦτ’
824 5222 1065 5291 ἀληθές.
1122 5226 1180 5280 F.
1242 5222 1493 5292 τάληθὲς,
1548 5224 1723 5280 deleto
1776 5224 1941 5279 τοῦτ’.

418 5309 531 5346 ιττ.

418 5309 531 5347 Ιττ.

435 5360 548 5432 (69)
580 5363 758 5430 Δόξῃ.
800 5363 861 5417 ιτ.
899 5364 1061 5429 δόξει.
1090 5364 1164 5419 ID.

433 5432 551 5504 (70)
576 5432 709 5504 Cod.
738 5432 879 5499 Vat.,
916 5434 1241 5504 ἀνθρώπων.
1275 5433 1481 5488 Possm.

436 5502 568 5577 (71)“
600 5502 1078 5577 ‘Aa'gxwmdtretr'.
1127 5503 1185 5558 F.
1242 5504 1612 5577 ἀνακηρύττη,
1669 5503 1945 5573 praecessit

255 5604 266 5613 ι
367 5578 511 5626 enim
542 5572 688 5624 ὅταν.
716 5572 875 5628 Βιττ.

440 5640 555 5711 (72)
590 5640 947 5712 Ὑπερϐάλλει
980 5648 1097 5703 cod.
1137 5646 1259 5702 Vat.
1292 5645 1454 5701 vertit
1503 5644 1556 5700 in
1599 5645 1937 5718 ὑπερϐαίνει,

2055 5095 2109 5168 et
2131 5101 2285 5168 vers.
2316 5097 2437 5168 post
2469 5089 2629 5143 tertio
2657 5091 3099 5161 ἀνακηρυχθῆναι
3129 5093 3338 5148 breviat
3376 5096 3425 5149 iu
3456 5098 3626 5168 άναρο

2056 5156 2304 5226 ῥηθῆναι.
2342 5156 2550 5213 Possm.

2127 5227 2236 5347 (765)
2264 5226 2367 5349 Plro
2410 5228 2801 5298 πεπαρῴνηται
2835 5231 2951 5283 cod.
2990 5230 3110 5286 Vat.
3152 5234 3257 5287 650
3293 5235 3419 5304 legit
3460 5240 3628 5309 ἐπαρ-

2133 5315 2161 5349 n
2204 5314 2255 5349 η.
2316 5313 2364 5349 D.

2053 5298 2255 5349 ωνήθη.
2292 5298 2364 5349 ID.

2070 5316 2126 5348 ον
2169 5314 2196 5347 υ
2244 5336 2255 5348 .
2292 5314 2364 5349 ID.

2282 5368 2423 5448 Inter:
2461 5369 2551 5421 καὶ
2614 5368 2943 5441 ἐκολαφίσθη
2994 5372 3134 5427 idem
3187 5374 3397 5439 inserit,
3453 5378 3628 5448 ἐκωμ-

2053 5437 2233 5507 ῳδήθη
2265 5438 2376 5490 καί.
2408 5437 2483 5491 ID.

2125 5508 2235 5627 (75's)
2312 5509 2560 5579 ’Υὸρίσαι
2613 5510 2749 5565 idem
2815 5522 2960 5568 recte
3029 5521 3201 5567 mutat
3230 5516 3304 5569 .in
3364 5516 3629 5589 ὑϐρισθῆ-

2125 5596 2156 5627 ι.
2217 5594 2263 5627 D.

2052 5596 2156 5631 ναι.
2198 5594 2263 5631 ID.
