4020 6140
362 247 500 313 1275

1560 243 1621 303 S.
1658 240 1950 303 ISIDORI
1997 238 2451 308 lPELUSIOT/E
2564 317 2568 321 ,

3490 234 3615 299 19.76

360 379 526 434 supra
557 372 807 418 naturam
870 372 1139 430 supraque
1197 356 1673 413 ratiocinationum
1714 357 1939 427 (h'nma-

2056 357 2197 426 τμῶν
2242 356 2589 420 ἀκολουθίαν,
2623 354 2717 407 καὶ
2745 354 2934 422 γέγονε
2974 352 3066 406 καὶ
3102 352 3343 420 γίνεται,
3381 350 3496 404 ἀλλ’
3535 351 3616 402 οὐ⁴

361 454 578 523 narum)
600 467 819 508 sensum
843 460 897 505 et
928 448 1369 517 consequentiam
1402 456 1513 503 tum
1542 447 1684 503 facta
1716 448 1937 512 fuerint,

2042 449 2130 502 δέν
2154 450 2301 502 ἐστιν
2325 449 2465 519 ὑπὲρ
2483 446 2641 514 Θεὸν,
2660 445 2751 500 τὸν
2781 444 3039 515 εὐμαρῶς
3064 443 3158 497 κα)⁸
3180 443 3252 497 τὰ
3275 444 3405 514 παρτ
3437 442 3617 495 ἐλπίδα

359 552 473 597 tum
494 524 670 598 adhite
699 542 829 596 fiant
857 558 871 593 :
902 538 1033 593 nihil
1069 549 1248 593 tamen
1298 539 1356 591 lit
1396 554 1557 606 supra
1623 539 1812 603 Deum,
1842 538 1934 607 qui

2056 543 2235 610 ςημιου
2245 539 2495 611 ργοῦντα.

361 634 511 688 ιιιιΙΙο
541 635 755 703 negotio
783 632 946 687 etiam
978 648 1040 686 ea
1067 647 1188 701 quae
1219 647 1369 697 spem
1403 646 1620 685 orttucm
1663 640 1943 700 superent,

362 734 637 793 operatur.

452 833 777 889 CLXXXIV.
803 864 871 876 —
895 833 1273 899 MARTIANO,
1305 833 1576 899 ZOSIMO,
1601 834 1879 890 MARONI.

384 920 485 977 III
513 922 836 994 Regnorum.
863 923 1016 990 Quod
1042 925 1297 996 injustus_
1321 941 1425 979 non
1463 926 1673 996 e/fugiet
1716 942 1942 994 parram,

906 997 1040 1049 sicut
1073 1011 1233 1065 neque
1264 994 1420 1050 Joao.

431 1105 585 1172 Quod
616 1105 811 1175 impius
835 1120 942 1161 non
986 1094 1248 1161 evasurus
1296 1104 1366 1159 sit
1402 1104 1932 1160 animadversionem

364 1198 697 1269 (divinam),
742 1199 837 1253 sed
864 1206 956 1253 aut
983 1199 1034 1252 in
1060 1200 1180 1263 hac,
1211 1208 1302 1252 aut
1352 1199 1403 1252 in
1431 1198 1603 1253 altera
1653 1199 1759 1251 vita
1792 1208 1944 1251 certo

364 1288 644 1344 subiturus
673 1288 995 1359 supplicium
1028 1307 1042 1344 :
1081 1289 1235 1342 multi
1277 1304 1405 1342 vero
1426 1290 1735 1359 utrobique,
1768 1298 1822 1342 et
1858 1289 1945 1343 hic

363 1387 420 1434 et
445 1379 552 1433 illic
575 1381 899 1448 pttttiantur;
938 1381 990 1436 id
1028 1396 1132 1435 non
1167 1387 1352 1433 nostra
1384 1389 1592 1433 tantum
1642 1381 1935 1434 ratiocina-

366 1471 443 1525 tio
472 1471 846 1540 collectioque,
893 1472 986 1527 sed
1024 1481 1079 1526 ct
1118 1472 1296 1525 divina
1352 1472 1573 1525 oracula
1624 1481 1941 1542 suggerunt.

364 1559 445 1613 Ac
484 1559 662 1627 plures
684 1558 901 1625 quidem
925 1560 1090 1629 (quos
1123 1574 1221 1627 pro
1257 1558 1509 1627 exemplo
1540 1558 1810 1613 adducere
1843 1573 1941 1626 po-

367 1648 572 1719 teram)
604 1651 1068 1718 inpraesentiarum
1114 1650 1384 1712 omittam,
1416 1652 1509 1704 sed
1566 1652 1725 1705 unius
1793 1666 1947 1705 men-

366 1741 569 1795 tionem
612 1740 828 1807 faciam,
855 1751 911 1797 et
956 1743 1174 1811 quidem
1226 1742 1490 1809 ejusmodi
1540 1742 1777 1798 hominis
1813 1742 1933 1811 qui,

369 1831 585 1884 tametsi
636 1832 914 1886 videretur
939 1832 1202 1901 sapientia
1233 1834 1464 1902 quadam
1501 1844 1664 1901 atque
1724 1833 1944 1886 vafritie

366 1932 466 1972 sua
527 1918 903 1988 impunitatem
963 1920 1066 1975 sibi
1134 1922 1479 1981 conciliasse.
1519 1931 1698 1976 tamen
1758 1935 1946 1990 poenas

366 2008 603 2077 ell'ugere
636 2026 740 2065 non
771 2012 962 2079 potuit.
990 2010 1145 2079 Joab,
1184 2012 1271 2069 ille
1307 2013 1526 2067 Davitlis
1580 2013 1783 2068 militiae
1812 2014 1944 2081 dux,

368 2101 549 2156 animo
574 2102 944 2171 imperatorio,
966 2112 1023 2158 et
1044 2104 1236 2159 robore
1269 2115 1324 2159 et
1351 2105 1510 2159 hasta
1544 2105 1792 2174 insignis,
1824 2120 1944 2159 cum

367 2193 600 2262 collegas
634 2198 896 2263 quosdam
924 2210 1073 2259 suos,
1107 2210 1217 2265 qua
1250 2195 1473 2261 invidia,
1506 2210 1611 2264 qua
1657 2193 1846 2249 fraude
1879 2195 1947 2250 de

369 2282 549 2335 medio
567 2283 901 2347 sustulisset,
932 2283 1150 2338 tandem
1191 2284 1387 2339 divina:
1412 2284 1641 2354 justitite
1679 2284 1941 2340 ultionem

371 2385 475 2423 non
497 2370 672 2424 latuit.
702 2369 835 2425 Nam
859 2387 981 2427 cum
1008 2373 1349 2429 existimaret
1386 2389 1445 2430 se
1467 2385 1586 2430 arte
1608 2383 1771 2444 atque
1794 2386 1948 2432 astu-

369 2458 441 2511 tia
496 2461 730 2528 quadam
770 2463 911 2519 hanc
960 2463 1248 2534 depulisse,
1283 2465 1547 2521 Adoniam
1594 2466 1941 2522 alfectantem

367 2554 869 2620 regnum,amicum
906 2572 1014 2610 non
1078 2565 1163 2611 est
1217 2568 1522 2623 aversatus,
1553 2560 1647 2614 sed
1699 2574 1823 2614 eum
1888 2560 1941 2614 in

365 2642 630 2700 electione
663 2646 866 2713 adjuvit
899 2662 1132 2716 sperans
1193 2648 1419 2714 fore,ut
1471 2652 1571 2705 hoc
1617 2660 1776 2721 pacto
1835 2666 1944 2706 non

367 2736 539 2788 solum
567 2737 887 2807 supplicium
919 2740 1156 2797 caedibus
1181 2756 1211 2795 a
1237 2756 1295 2797 se
1318 2744 1646 2812 perpetratis
1690 2744 1933 2800 debitum

366 2822 645 2893 effugeret,
677 2829 719 2881 si
767 2829 915 2895 prius
959 2830 1388 2888 benevolentiam
1442 2833 1543 2888 sibi
1601 2834 1946 2905 adjunxisset

365 2915 489 2969 novi
531 2917 692 2987 regis,
729 2934 913 2974 verum
946 2921 1047 2977 hoc
1104 2921 1334 2991 amplius
1362 2924 1594 2994 gratiam
1629 2940 1846 2996 quoque
1875 2928 1946 2982 ab

363 3006 481 3077 ipso
512 3007 673 3064 iniret
707 3012 845 3066 :sed
873 3012 1044 3083 magis
1093 3022 1377 3084 propterea
1409 3017 1631 3086 punitus
1666 3027 1770 3073 est.
1802 3015 1940 3072 Nam

2183 829 2351 883 PHA'.
2385 853 2457 871 —-
2492 824 2879 895 ΜΑΡΤΙΑΝῼ,
2918 823 3189 885 ΖΩΣΙΜΩ,
3232 818 3519 876 ΜΑΡΩΝῘ.
3622 850 3625 853 ›

2043 919 2380 976 Βασιλειῶν
2418 925 2515 988 τέ
2542 917 2675 988 Ὅτι
2724 914 3072 988 παράκομος
3120 915 3193 988 _o_t’2
3240 909 3619 981 διαφεύξεται

2490 987 2690 1055 δίκην,
2716 982 2970 1052 ὠςίοὺδὲ
3013 982 3186 1038 Ἰωάϐ.

2116 1105 2240 1157 Ὅτι
2278 1102 2596 1173 παράνομος
2624 1100 2685 1152 οὐ
2714 1096 3063 1167 διαφεύξεται
3086 1097 3187 1167 τὴν
3228 1097 3415 1167 δίκην,
3443 1099 3556 1152 ἀλλ’
3585 1101 3626 1169 ἢ

2044 1194 2275 1250 ἐνταῦθα
2306 1194 2340 1264 ἢ
2365 1192 2575 1246 ἐκεῖθεν
2611 1191 2983 1262 τηρηθήσεται
3015 1189 3375 1259 (85)·πολ).ο“ι
3397 1191 3454 1243 δὲ
3485 1192 3615 1243 κάν-

2043 1288 2218 1341 ταῦθα
2250 1287 2475 1340 κάκεῖσε
2511 1282 2956 1353 ὲτιμωρήθησαν,
2989 1280 3088 1351 οὐχ
3130 1279 3159 1330 ὁ
3189 1281 3458 1351 ἡμέτερος
3482 1282 3627 1349 λογι-

2048 1379 2181 1449 σμὸς
2210 1376 2523 1440 ὑποϐάλλει,
2540 1374 2676 1429 ἀλλά
2700 1374 2797 1427 καὶ
2813 1372 2880 1426 τὰ
2897 1372 3018 1425 θεῖα
3037 1371 3214 1439 λόγια.
3240 1372 3383 1434 Τοὺς
3412 1372 3511 1443 μὲν
3533 1370 3620 1426 οὖν

2047 1471 2276 1534 πολλοὺς
2306 1466 2647 1540 παραλείψω·
2682 1465 2801 1529 ἑνὸς
2822 1464 2880 1518 δὲ
2906 1463 3415 1534 ἐπιμνησθήσομαι,
3442 1462 3621 1528 δόξαν·

2047 1581 2138 1628 τος
2165 1563 2327 1633 σοφίᾳ
2350 1560 2459 1614 τινὶ
2482 1560 2575 1612 καὶ
2594 1556 2905 1628 πανουργίᾳ
2930 1554 3401 1608 κατεσκευακέναι
3428 1555 3488 1606 τὸ
3516 1555 3624 1607 δια-

2049 1655 2271 1726 φεύγειν
2304 1652 2415 1723 (84»)
2443 1651 2542 1722 τὴν
2569 1649 2746 1716 δίκην,
2766 1649 2863 1701 καὶ
2900 1646 2975 1718 μὴ
3001 1646 3326 1718 δυνηθέντος
3380 1647 3409 1698 ό
3452 1646 3622 1710 ἰωά6,

2045 1748 2076 1799 ὁ
2100 1742 2196 1797 τοῦ
2219 1743 2381 1797 Δαὸὶδ
2408 1739 2712 1811 στρατηγὸς
2731 1779 2746 1803 ,
2777 1736 2973 1809 γνώμῃ
3013 1736 3112 1807 μὲν
3148 1738 3514 1807 στρατηγικῇ,
3538 1736 3625 1789 καὶ

2049 1836 2208 1908 ῥώμῃ
2235 1836 2331 1889 καὶ
2354 1834 2540 1904 δόρατι
2562 1829 2904 1901 διαπρέπων,
2931 1826 3112 1899 φθόνῳ
3135 1844 3195 1880 τε
3228 1828 3323 1880 καὶ
3350 1828 3487 1898 δόλῳ
3507 1829 3625 1890 τοὺς

2050 1925 2607 1998 συστρατηγήσαντας
2630 1919 2862 1985 ἀνελὼν,
2890 1920 2991 1973 οὐκ
3017 1918 3208 1972 ἔλαθεν
3250 1920 3329 1982 είς
3356 1919 3509 1982 τέλος
3534 1919 3625 1989 τήν

2046 2015 2223 2085 δίκην.
2255 2014 2504 2084 Νομίσας
2535 2012 2642 2082 γάρ
2665 2012 2825 2081 τέχνῃ
2852 2009 2961 2062 τινὶ
2983 2009 3077 2062 καὶ
3110 2007 3319 2080 μεθόδῳ
3347 2009 3625 2078 διακρούε-

2048 2108 2173 2161 σθαι
2223 2106 2451 2176 ταύτην,
2498 2105 2591 2159 τὸν
2633 2102 2895 2157 Ἀδωνίαν
2932 2099 3290 2172 βασιλειῶντα
3339 2100 3495 2168 φίλον
3533 2101 3635 2153 οὐκ

2045 2198 2427 2269 ἀπεστρέψατο
2462 2196 2599 2269 (85),
2633 2194 2773 2249 ἀλλά
2819 2190 3157 2263 συνέπραξεν
3197 2192 3277 2255 είς
3311 2191 3412 2262 τὴν
3457 2208 3628 2262 χειρο-

2045 2291 2247 2354 τονίαν,
2285 2286 2623 2361 προσδοκῶν,
2668 2287 2743 2359 μὴ
2786 2284 2948 2357 μόνον
2979 2283 3386 2355 ἀποφεύξεσθαι
3421 2285 3519 2353 τὴν
3551 2301 3625 2336 τι-

2049 2385 2263 2456 μωρίαν
2288 2378 2364 2437 ὦν
2398 2381 2602 2453 ἔπραξε
2636 2381 2749 2453 (86)
2780 2380 2981 2451 φόνων,
3019 2380 3068 2433 εἰ
3115 2377 3629 2450 προεξευμενίσαιτο

2045 2478 2137 2531 τὸν
2162 2475 2552 2549 βασιλεύσοντα
2571 2519 2583 2538 ,
2622 2473 2761 2528 ἀλλά
2817 2473 2914 2527 καὶ
2945 2473 3106 2544 χάριν
3146 2469 3543 2541 ἀπολήψεσθαι·
3571 2470 3630 2532 ὂς

2046 2568 2104 2621 δὲ
2152 2567 2243 2621 διὰ
2278 2566 2435 2620 τοῦτο
2477 2564 2679 2636 μᾶλλον
2723 2562 3119 2634 τετιμώρηται.
3157 2562 3337 2631 Ὅπερ
3386 2561 3492 2632 γὰρ
3537 2575 3629 2627 φο-

2048 2657 2311 2727 ϐούμενος
2340 2655 2594 2725 γενέσθαι
2629 2654 2936 2726 συνέπραξε
2981 2653 3061 2723 τῷ
3104 2652 3374 2726 τυράννῳ,
3409 2651 3567 2704 τοῦτο
3596 2652 3629 2719 ἡ
3740 2722 3750 2731 .

2047 2748 2364 2818 κατασκευὴ
2395 2746 2544 2818 αὐτῷ
2572 2746 2931 2818 προυξένησεο
2962 2746 3056 2799 καὶ
3081 2745 3149 2799 δι’
3174 2736 3249 2800 ὧν
3275 2742 3412 2815 ᾤετο
3441 2742 3630 2812 ἐκφεύ-

2045 2858 2164 2909 γειν
2183 2840 2283 2903 τὰς
2311 2839 2451 2909 ἀρὰς
2479 2837 2573 2892 τοῦ
2600 2839 2784 2905 Δαϐὶδ,
2810 2837 2899 2892 διὰ
2931 2837 3139 2891 τούτων
3163 2836 3336 2900 αὐτὰς
3372 2837 3450 2899 είς
3478 2837 3631 2905 ἔργον

2045 2932 2253 3003 ήγαγε’
2301 2931 2397 2984 κιι.)⁸
2444 2930 2507 2983 τὸ
2550 2931 2793 3001 σόφισμα
2846 2931 3013 2999 παγὶς
3054 2928 3264 2999 ἐγίνετο
3288 2946 3302 2959 ’
3353 2928 3448 2981 καὶ
3500 2928 3639 2996 ὅπερ

2047 3022 2215 3090 ἔφυγε
2253 3021 2328 3092 μὴ
2377 3021 2589 3083 παθεῖν,
2626 3020 2845 3090 φεύγων
2881 3020 2996 3091 (87)
3036 3019 3226 3073 ἔπαθε·
3275 3018 3373 3073 καὶ
3405 3018 3633 3071 tia-dm.-

362 3098 519 3168 cujus
585 3101 662 3155 rei
704 3112 870 3166 metu,
898 3081 984 3159 nea
1014 3081 1509 3179 limen—tyrannum
1534 3109 1775 3179 adjutum
1806 3111 1937 3175 ibat,

2056 3113 2334 3185 τρεπτικὸν
2354 3113 2462 3166 τῶν
2484 3113 2767 3183 λυπηρῶν,
2792 3111 3297 3166 κατασκευαστικὸν
3345 3110 3634 3180 ηὑρίσκετο

361 3207 481 3246 eam
517 3193 688 3262 ipsam
725 3209 835 3249 rem
867 3195 954 3250 illa
1012 3201 1340 3268 przeparatio
1371 3200 1421 3254 ei
1466 3201 1793 3257 acceleravit
1828 3220 1843 3256 :
1886 3212 1941 3258 et

2056 3204 2153 3260 τῶν
2186 3203 2499 3277 συμφορῶν.
2540 3205 2603 3256 Εἰ
2631 3203 2810 3258 τοίνυν
2840 3204 2940 3256 οὐκ
2970 3203 3085 3257 ἔστι
3119 3203 3404 3274 διαδράναι
3434 3200 3531 3272 τήν
3557 3200 3629 3253 δί-

362 3298 593 3353 quarum
628 3299 806 3341 rerum
843 3289 1091 3356 prazsidio
1128 3305 1188 3345 se
1225 3292 1372 3346 diras
1404 3292 1622 3347 Davidis
1663 3292 1941 3348 declinare

2056 3314 2170 3368 κην,
2213 3296 2330 3360 πῶς
2353 3336 2368 3361 ,
2397 3290 2442 3350 ὦ
2476 3297 2658 3350 πᾶσαν
2695 3295 2959 3366 ὠμότητα
3003 3295 3100 3349 καὶ
3140 3294 3445 3366 ἀγριότητα
3496 3292 3635 3346 acati

361 3391 524 3446 posse
559 3379 886 3446 conﬁdebat,
917 3396 1013 3450 per
1069 3396 1161 3439 eas
1202 3384 1345 3454 ipsas
1398 3398 1484 3439 res
1542 3383 1593 3437 in
1626 3399 1761 3453 opus
1797 3395 1851 3438 et
1887 3385 1940 3439 in

2056 3386 2216 3457 buxi)»
2239 3386 2594 3457 ὡπλισμένοι,
2621 3385 2815 3451 δόλοις,
2848 3386 2942 3438 καὶ
2972 3387 3275 3456 μηχαναῖς,
3310 3384 3408 3437 καὶ
3435 3398 3633 3452 στρατ-

359 3467 611 3525 effectum
649 3472 769 3527 illas
823 3474 1100 3542 produxit,
1129 3484 1182 3528 et
1217 3476 1469 3531 callidum
1517 3476 1799 3531 inventum
1838 3476 1939 3545 ipsi

2056 3480 2228 3550 ηγίαις
2264 3478 2521 3550 νομίζετε
2551 3479 2685 3542 τὰς,
2723 3479 2806 3548 ἐφ’
2838 3472 2918 3542 οἷς
2981 3476 3445 3548 ὲπλημμελήσατε
3469 3515 3484 3539 ,
3517 3475 3633 3527 δια⁴

362 3566 416 3616 in
454 3564 703 3633 laqueum
758 3574 841 3620 est
882 3580 1243 3621 conversum:
1281 3568 1536 3637 quodque
1588 3567 1829 3638 fugiebat
1870 3584 1939 3621 ne

2056 3549 2349 3639 ἲιδρὰσκειν
2378 3566 2683 3638 τιμωρίας;
3094 3576 3095 3579 ‘

361 3662 659 3725 pateretur,
681 3656 731 3710 id
763 3656 973 3727 fugiens
1004 3673 1195 3727 passus
1221 3670 1344 3713 est:
1377 3667 1432 3714 et
1456 3660 1685 3730 id,quod
1717 3660 1922 3731 (ipsius
1955 3661 2171 3729 quidem
2231 3659 2523 3730 opinione)
2551 3669 2800 3716 avertere
2866 3674 3057 3717 omnes
3116 3657 3397 3714 molestias
3424 3658 3633 3714 Omnia-

362 3762 467 3817 que
490 3748 715 3803 adversa
750 3748 1002 3811 debebat.
1040 3748 1156 3805 vice
1193 3766 1350 3805 versa
1383 3751 1490 3807 tale
1539 3754 1914 3820 deprehendit,
1955 3753 2097 3823 quod
2130 3754 2307 3822 potius
2373 3762 2685 3809 accerseret
2737 3755 3104 3809 calamitates.
3136 3752 3302 3824 518
3381 3751 3441 3806 Si
3473 3752 3636 3822 igitur

361 3839 881 3894 animadversionem
916 3839 1153 3894 divinam
1193 3841 1341 3927 nulla
1394 3843 1605 3899 ratione
1640 3844 1764 3899 licet
1798 3844 2035 3914 effugere
2070 3844 2164 3907 (ut
2224 3853 2371 3901 certe
2403 3859 2510 3900 non
2580 3843 2755 3916 licet),
2776 3859 2882 3913 quo
2948 3851 3125 3912 pacto,
3169 3857 3379 3931 quaeso,
3448 3856 3567 3903 vos,
3600 3854 3632 3893 ο

363 3935 599 3990 animum
638 3935 900 3991 habentes
932 3936 1079 3991 omni
1102 3922 1653 4006 genere'crudelitatis
1696 3948 1751 3993 et
1807 3939 2043 3994 feritatis
2111 3951 2401 4004 armatum,
2476 3939 2616 3996 dolis
2665 3948 2722 3995 et
2785 3922 3280 3994 machinationibus
3354 3947 3421 3987 ac
3455 3932 3636 3986 vafra-

362 4030 558 4084 mentis
596 4035 1071 4099 stratagcmatum,
1138 4030 1339 4100 putatis
1400 4046 1496 4086 vos
1552 4047 1762 4095 eorum,
1818 4049 1937 4101 qua:
1972 4034 2157 4105 inique
2201 4045 2257 4091 et
2312 4034 2578 4090 scelerate
2656 4034 3026 4104 perpetrastis,
3114 4027 3379 4100 supplicia
3441 4038 3635 4079 evasu-

362 4121 490 4176 ros?

553 4196 1187 4291 emtum—remo
1245 4233 1745 4291 SCHOLASTICO.

360 4322 428 4377 In
486 4322 616 4376 illud
673 4323 875 4378 Christi
919 4326 1138 4447 dictugu,
1175 4345 1221 4429 ἕο
1252 4326 1521 4382 Remittite
1556 4338 1603 4382 et
1650 4328 1945 4381 remittetur

991 4413 1048 4447 vo
1088 4414 1130 4447 is
1230 4440 1242 4447 .
1289 4416 1308 4447 ι

991 4413 1130 4449 υουιδ
1177 4413 1242 4450 "'.
1289 4416 1308 4449 ι
1981 4418 2026 4473 D

2330 4242 2499 4297 PHE’.
2535 4272 2600 4283 --
2636 4241 2862 4310 ΠΕΤΡῼ
2892 4237 3351 4307 ΣΧΟΛᾹΣΤΙΚῼ.

2224 4336 2327 4400 Εἰς
2359 4333 2444 4386 τό*
2482 4334 2698 4401 ’Ἅφετε
2719 4374 2733 4398 ,
2767 4330 2865 4385 καὶ
2892 4330 3257 4398 ἀφεθήσεται
3295 4325 3456 4397 ὑμῖν.

433 4507 531 4562 Sat
583 4507 695 4561 scio
727 4514 798 4573 te,
844 4508 887 4561 si
926 4509 1144 4576 quidem
1197 4510 1459 4577 pecunias
1508 4511 1755 4576 haberes,
1786 4512 1944 4563 datu-

361 4613 480 4652 rum
520 4613 613 4653 eas
640 4598 1022 4667 indigentibus.
1054 4599 1208 4666 Quod
1240 4611 1432 4666 autem,
1450 4612 1668 4673 rogatus
1699 4601 1934 4663 veniam,

362 4698 415 4744 te
440 4688 704 4746 diﬂicilem
728 4691 988 4759 praebeas,
1017 4692 1066 4747 id
1091 4708 1222 4748 sane
1251 4695 1440 4750 miror.
1473 4695 1635 4765 Atqui
1676 4712 1781 4749 non
1827 4693 1928 4746 mi-

434 4866 481 4898 ὀ
504 4864 640 4921 Luc.
666 4882 742 4931 v1,
762 4866 854 4922 57.

2119 4512 2243 4565 Ὅτι
2287 4510 2407 4581 μὲν,
2450 4510 2498 4562 εἰ
2549 4509 2805 4581 χρήματα
2853 4506 3011 4578 ἔσχες
3039 4507 3204 4589 (88),
3238 4505 3515 4574 παρέσχες
3568 4502 3636 4555 ἂν

2042 4588 2153 4669 τοῖς
2189 4604 2485 4675 δεομένοις,
2512 4597 2573 4655 εὖ
2618 4598 2757 4655 οἶδα·
2793 4601 2875 4653 ὅτι
2910 4598 2966 4651 δὲ
3002 4588 3337 4667 συγγνώμην
3370 4592 3636 4648 ἀπαιτού·

2059 4712 2218 4764 μενος
2252 4691 2627 4763 δυσχεραίνεις
2651 4729 2665 4756 ,
2697 4688 2981 4760 θαυμάξω.
3014 4687 3208 4739 Καίτοι
3263 4684 3324 4737 τὸ
3363 4683 3639 4736 ἀδᾶτανον

1456 4995 1687 5051 VARUE
1726 4995 2123 5053 LECTIONES
2162 4998 2246 5052 ET
2287 4996 2521 5054 NOT/E.

430 5160 543 5232 (83)
606 5160 713 5216 Pro
772 5161 981 5215 ἐκεῖθεν
1038 5160 1407 5232 τηρηθήσεται
1453 5157 1645 5232 melius
1695 5157 1943 5232 rescribit

360 5226 483 5287 cod.
514 5226 635 5287 Vat.
668 5232 795 5295 650,
826 5234 1005 5286 ἐκεῖσε
1038 5226 1503 5301 τιμωρηθήσεται.
1535 5226 1749 5282 Possm.
1780 5255 1852 5269 —-
1878 5229 1943 5281 Et

358 5306 441 5357 sic
472 5304 754 5372 legendum
782 5303 1001 5370 conjicit
1029 5301 1252 5372 Ritters.
1287 5302 1338 5354 in
1383 5302 1542 5372 uotis.

430 5368 545 5439 (8i)
572 5374 715 5426 Idem
755 5368 1430 5440 cod.'Btaeedyatvinutat
1466 5369 1518 5440 in
1549 5369 1833 5440 διαφυγεῖν
1865 5368 1941 5421 uti

362 5437 593 5562 gejltiino
647 5451 769 5508 post
826 5458 983 5496 versu
1019 5437 1453 5511 ’διακρούσεσθαι
1503 5437 1944 5504 ἱιιδιακρούσασ-

400 5528 450 5562 ιι
550 5527 715 5562 ossIN.

400 5528 450 5562 ιι
506 5514 715 5564 Possm.

433 5579 579 5644 (85)
639 5578 744 5634 Pro
810 5579 1192 5646 ἀπεστρέψατο
1248 5579 1386 5634 idem
1453 5577 1640 5634 scribit

1711 5578 1945 5648 ἀπετρὲ-

363 5644 519 5712 ψατο.
548 5646 619 5699 In.

2122 5158 2237 5226 (86)
2276 5156 2420 5211 Idem
2459 5155 2609 5224 ponit
2653 5154 2845 5226 ἔδρασε
2877 5167 2975 5221 pro
2998 5149 3225 5226 ξπραεε,
3256 5154 3311 5203 et
3331 5154 3486 5202 sexto
3518 5155 3643 5213 post

2051 5221 2491 5310 νοῇίερςεκφυγεῖν
2518 5242 2614 5310 pro
2643 5221 3078 5310 satiesuysw..ln.
3128 5292 3139 5310 Ι
3300 5289 3338 5310 ,ι
3397 5286 3423 5310 ἓ
3459 5287 3485 5310 λ
3574 5287 3601 5299 -

2123 5297 2234 5379 (8.7)
2277 5286 2399 5421 ξω·
2433 5286 2647 5366 φεύγων
2701 5286 2839 5350 idem
2886 5294 3008 5349 cod.
3059 5289 3341 5347 substituit
3393 5286 3489 5341 διὰ
3536 5287 3646 5352 τῆς

2129 5385 2249 5421 γης.
2301 5385 2351 5421 ι),

2095 5385 2249 5421 υγης.
2278 5385 2351 5421 ΙΙ).

2053 5386 2403 5507 φυξῗῖίδὲξῇι.
2446 5435 2564 5507 Vat.
2599 5435 2701 5507 650
2742 5434 2931 5488 scribit
2964 5428 3109 5502 εἶχες
3138 5445 3235 5507 p_ro
3265 5429 3453 5507 ἔσχες..
3478 5430 3645 5484 Vcrs.

2057 5509 2087 5558 5
2118 5500 2305 5559 εἴωθεν
2338 5515 2507 5559 mutat
2548 5505 2599 5560 in
2632 5506 2870 5573 πέφυκεν
2899 5514 2952 5559 ct
2985 5500 3126 5557 vers.
3160 5503 3190 5553 7
3230 5500 3367 5555 tollit
3395 5501 3470 5570 μὴ
3517 5510 3652 5553 ante

2060 5580 2380 5647 συγχωρεῖν.
2419 5576 2493 5630 in.
