4020 6140
369 292 503 360 1277

1211 302 1746 368 EPISTOLARU‘M
1784 306 1935 368 LIB.
1978 307 2161 369 IV.--
2192 306 2429 368 EPIST.
2466 309 2825 371 CLXXXIX.

3507 308 3647 371 15.773

365 409 522 463 τοῦτο
542 410 815 483 βοήθημα,
840 412 933 466 τοῦ
958 414 1285 479 πολυτελοῦς
1314 418 1413 488 οὐχ
1437 434 1600 491 ηττον
1632 420 1779 490 ἡμᾶς
1804 419 1949 490 ὠφε-
1978 460 1989 485 ε

2073 434 2242 475 iorem
2274 420 2431 475 nobis
2452 421 2739 475 utilitatem
2795 419 2990 476 alierre
3044 421 3330 476 consuevit
3371 423 3632 473 auxilium

365 502 480 557 λεῖν
509 503 719 557 είωθεν.
772 503 871 573 Ἐν,
902 505 1012 578 γὰρ
1045 509 1112 581 τῇ
1145 509 1390 581 ήμέτέρᾳ
1423 510 1714 581 ἐπιεικείᾳ,
1747 511 1843 565 καὶ
1873 510 1953 582 τῷ

2073 510 2182 566 llud
2213 511 2358 565 nullo
2392 518 2646 565 constans
2686 511 2982 580 impendio,
3023 526 3185 579 quam
3235 511 3363 566 illud
3403 510 3633 565 alterum

371 595 446 666 μὴ
472 599 774 666 συγχωρεῖν
794 598 909 661 τοῖς
936 601 1017 662 είς
1058 602 1209 671 ἡμᾶς
1248 602 1541 667 πταίουσι,
1582 600 1951 655 κινδυνεύεται

2073 616 2221 672 genus
2262 611 2660 671 sumptuosum.
2687 599 2823 655 Nam
2860 602 3001 655 inter
3032 611 3277 657 nostram
3314 609 3631 656 mansuetu-

367 687 498 755 ἡμῖν
523 686 592 738 τὰ
624 686 723 756 τῆς
748 689 1043 760 σωτηρίας.
1087 691 1304 761 Ἀφίετε
1332 693 1463 765 γὰρ,
1493 694 1590 749 καὶ
1617 692 1951 763 ἀφεθήσεται

2073 696 2231 749 linem
2284 693 2710 761 aequitatemque
2755 693 2947 755 animi,
2980 700 3035 746 et
3087 693 3228 746 inter
3282 693 3631 760 asperitatem

368 776 516 845 ὑμῖν,
546 778 575 830 6
600 777 743 841 θεῖος
772 778 874 850 βοᾷ
900 782 1172 853 χρησμός.

2051 785 2327 841 nolentem
2380 785 2661 840 remittere
2690 783 2949 838 oll‘ensam
2982 784 3091 840 illis
3138 783 3229 853 qui
3260 784 3312 838 in
3344 798 3444 837 nos
3494 780 3636 835 deli-

368 876 624 936 querunt,
683 869 879 927 salutis
954 882 1157 930 nostra:
1223 877 1495 945 negotium
1573 878 1932 947 periclitatur.
1981 895 2001 929 ι
2040 876 2324 934 Remittite
2368 876 2538 940 enim,
2605 882 2660 929 et
2715 876 3024 930 remittetur
3090 876 3264 941 vobis,
3302 892 3322 928 ι
3390 874 3642 939 ιιὶνὶιιιιιιι

369 958 568 1016 clamat
596 963 901 1018 oraculum.

720 1076 921 1146 truq'.
955 1109 1026 1119 -
1061 1078 1573 1155 ΟΛΥΜΠΙΟΔΩΡῼ.

443 1183 615 1237 Ὅπου
640 1184 795 1251 τάξις
813 1227 829 1253 ,
864 1189 981 1243 ἐκεῖ
1005 1192 1303 1258 ἀναγκαῖος
1334 1192 1625 1265 ταξίαρχος
1645 1211 1658 1224 ’
1692 1196 1787 1248 καὶ
1816 1196 1949 1250 ὅπου

376 1274 598 1357 ἱππικὸν
638 1279 995 1350 τεταγμένον,
1046 1282 1167 1337 ἐκεῖ
1205 1284 1509 1355 ἵππαρχος.
1570 1287 1683 1339 Καὶ
1731 1288 1865 1341 ὅπου
1915 1289 1951 1359 ἡ

372 1365 531 1431 ναῦς,
571 1367 733 1437 δῆλος
764 1370 793 1423 6
837 1371 1110 1443 τεχνίτης·
1141 1373 1238 1427 καὶ
1264 1374 1391 1427 ἔνθα
1433 1375 1671 1445 μουσικὰ
1701 1376 1911 1447 ὄργανα
1936 1416 1953 1442 ,

372 1455 528 1527 δῆλος
554 1461 648 1512 καὶ
676 1461 705 1514 6
729 1461 1047 1533 ἁρμονικός.
1080 1464 1289 1519 Οὐκοῦν
1319 1467 1425 1537 χρὴ
1463 1468 1559 1520 καὶ
1587 1467 1697 1521 ἀπὸ
1726 1468 1823 1521 τοῦ
1851 1466 1948 1521 κό-

375 1562 512 1615 σμου
538 1548 629 1602 τὸν
657 1550 887 1620 ἀόρατον
916 1552 1153 1625 καθορᾷν
1168 1553 1467 1627 λογισμοῖς,
1501 1557 1600 1610 οὐκ
1632 1556 1952 1629 ὀφθαλμοῖς,

373 1638 482 1707 νῷ,
516 1641 576 1693 οὐ
610 1641 905 1713 βλέμματι.

2366 1079 2698 1139 CLXXXVI.
2719 1112 2789 1123 —
2806 1078 3319 1137 OLYMPIODORO.

2128 1194 2451 1266 Ubicunque
2491 1196 2625 1253 ordo
2680 1194 2881 1266 aliquis
2930 1204 3033 1260 est,
3063 1194 3134 1249 ibi
3191 1195 3533 1250 necessarius
3556 1204 3643 1251 est

2058 1286 2264 1343 ordinis
2286 1294 2473 1341 auctor
2507 1296 2562 1341 et
2596 1285 2875 1356 princeps;
2907 1296 2962 1339 et
3003 1286 3317 1355 ubicunque
3366 1284 3637 1354 equitium

2052 1377 2293 1449 aliquod,
2322 1377 2528 1434 ibidem
2556 1377 2849 1449 praefectus
2875 1391 3140 1447 equorum
3198 1377 3533 1445 requiritur;
3584 1385 3642 1431 et

2053 1470 2143 1525 ubi
2196 1471 2372 1535 navis,
2400 1470 2474 1525 ibi
2534 1471 2869 1542 gubernator
2929 1480 3093 1537 atque
3154 1471 3382 1535 artifex;
3441 1478 3498 1525 et
3544 1468 3636 1523 ubi

2054 1562 2258 1617 musica
2279 1563 2668 1629 instrumenta,
2697 1562 2770 1616 ibi
2800 1571 2856 1616 et
2887 1562 3130 1617 musicus
3154 1572 3239 1616 est
3288 1561 3637 1615 manifestus.

2054 1653 2281 1723 Oportet
2310 1654 2474 1723 igitur
2502 1653 2667 1708 etiam
2696 1654 2747 1707 in
2776 1653 2994 1721 opiﬁcio
3025 1654 3219 1707 mundi
3257 1652 3407 1707 illum
3443 1651 3633 1706 invisi-

372 1729 537 1787 bilem
623 1732 778 1804 (ejus
871 1737 1153 1809 opiﬁcem)
1213 1739 1598 1809 contemplari,
1686 1742 2218 1810 ratiocinationibus,
2288 1759 2396 1800 non
2464 1744 2673 1813 oculis;
2737 1756 2941 1811 mente,
3025 1760 3133 1801 non
3217 1753 3437 1815 aspectu
3514 1756 3638 1797 cor-

374 1838 561 1894 poreo.

611 1915 780 1971 PIIZ'.
812 1947 880 1957 --
913 1917 1120 1991 nasia
1151 1888 1264 1993 (δἐι)
1301 1923 1712 1997 ΣΤΡΑΤΙΩΤῌ.

376 2001 523 2082 Ὅτι,
546 2002 1283 2082 μείζονα-τίσορσιιδίκην,
1319 2009 1438 2082 τῶν
1476 2012 1663 2067 πάλαι
1692 2013 1953 2082 ἁμαρτη-

445 2072 705 2153 (giretur,
739 2077 793 2128 οἱ
824 2075 975 2143 μετὰ
1010 2075 1127 2145 τὴν
1149 2072 1327 2147 χάριν
1356 2081 1463 2135 τὸν
1491 2083 1639 2136 Θεὸν
1671 2072 1956 2153 πᾶρὸργί-

450 2140 671 2208 (ortae.

451 2255 659 2320 Ὄντως
706 2257 823 2311 ἐστὶ
854 2258 960 2311 τῶν
1001 2260 1274 2332 αἰσχρῶν,
1315 2264 1517 2334 μᾶλλον
1546 2265 1602 2319 δὲ
1638 2265 1746 2320 τῶν
1775 2267 1953 2338 αἰσχί-

375 2364 538 2411 στων,
568 2348 628 2401 τὸ
660 2348 736 2420 μὴ
771 2350 933 2421 μόνον
956 2352 1023 2406 τὰ
1051 2352 1267 2424 ἔμφυτα
1299 2355 1400 2425 τῆς
1428 2356 1630 2427 ἀρετῆς
1655 2358 1953 2429 σπέρματα

374 2440 521 2509 ἡμᾶς
545 2440 816 2512 νεκρῶσαι
836 2444 967 2514 (90),
986 2445 1023 2498 ἃ
1042 2445 1149 2499 τῶν
1165 2446 1406 2518 ἀρχαίων
1432 2450 1819 2522 ἐπιεικέστερα
1841 2453 1951 2523 (9l)

372 2531 750 2604 ἔγεὼργησαν,
781 2535 917 2589 ἀλλὰ
959 2538 1055 2590 καὶ
1084 2538 1182 2609 τὴν
1210 2540 1316 2593 ὑπὸ
1349 2540 1450 2610 τῆς
1489 2542 1726 2614 Χριστοῦ
1762 2545 1956 2615 ἐπιδη-

376 2622 507 2691 μίας
542 2625 822 2694 κρείττονα
852 2627 1009 2697 λόγου
1043 2631 1363 2702 συμμαχίαν
1390 2633 1702 2704 προδοῦναι.
1964 2621 1973 2627 ⁴

404 2910 579 2967 PIH'.
609 2941 680 2951 —
715 2911 973 2985 ΛΟΥΚΙῼ
1018 2913 1485 2985 ΑΡΧΙΔῘΑΚΟΝῼ
1524 2916 1938 2973 ΠΗΛΟΥΣΙΟΥ.

576 3005 720 3074 Περὶ
751 3005 869 3059 τῶν
888 3006 957 3061 ἐκ
987 3010 1385 3079 φιλαργυρίας
1413 3010 1779 3063 νοσούντων.

448 3121 512 3173 Ol
540 3118 807 3191 ὀφθαλμοὶ
837 3123 1140 3177 ἐπισκόπου
1168 3125 1532 3195 τυγχάνουσιν
1558 3126 1606 3178 οί
1641 3124 1734 3178 τοῦ
1761 3124 1961 3179 σεπτοῦ

379 3212 766 3284 θυσιαστηρίου
792 3213 1032 3267 διάκονοι
1058 3230 1070 3243 ·
1105 3215 1169 3267 σὺ
1200 3215 1255 3267 δὲ
1282 3215 1392 3287 (92)
1418 3215 1626 3271 τούτων
1657 3216 1796 3271 κατά
1825 3216 1960 3270 Θεοῦ

384 3277 729 3377 συγχωρήσω
745 3307 956 3377 ἄρχεις,
978 3306 1099 3371 ὅλος
1117 3277 1395 3379 ὀφθαλμὸς
1416 3310 1654 3379 ὀφείλεις
1672 3309 1958 3382 ὑπάρχειν,
1988 3277 2033 3338 c

382 3397 459 3461 ὡς
490 3397 557 3451 τὰ
584 3396 695 3462 ζῶα
725 3399 793 3453 τὰ
822 3398 1205 3469 πολυόμματα’
1236 3401 1422 3473 ἐπειδὴ
1454 3402 1549 3456 καὶ
1576 3405 1641 3474 τῇ
1674 3403 1810 3475 πρὸς
1831 3403 1962 3456 Θεὸν

386 3490 569 3544 ἐκεῖνα
591 3491 857 3562 μιμῆσαι⁰
889 3490 1150 3563 ἐγγύτητι
1174 3532 1190 3554 ,
1231 3491 1353 3563 οὐχὶ
1383 3493 1485 3564 βίῳ
1504 3534 1519 3559 ,
1556 3494 1633 3557 ὡς
1672 3494 1926 3565 μανθάνω
1945 3536 1961 3561 ,

382 3580 518 3635 ἀλλὰ
565 3582 700 3653 μόνῃ
746 3585 813 3653 τῇ
856 3583 1206 3656 λειτουργίᾳ·
1255 3586 1347 3639 καὶ
1400 3585 1476 3657 μὴ
1533 3586 1801 3651 σκοτίζειν
1852 3588 1964 3649 τοῖς

382 3671 605 3739 φαύλοις
636 3673 1033 3745 ἐπιτηδεύμασι
1066 3676 1163 3729 καὶ
1205 3676 1297 3730 τὸν
1331 3677 1512 3748 τίμιον
1539 3679 1746 3732 ἐκεῖνον
1780 3679 1963 3734 θίασον

380 3762 479 3815 καὶ
523 3761 704 3832 χορὸν,
737 3762 949 3817 καὶτὸν
996 3764 1318 3835 πειθόμενόν
1351 3783 1435 3820 σοι
1477 3767 1718 3844 ἀκρίτως
1744 3767 1964 3823 ἐπίσκο-

380 3869 504 3918 πον,
538 3852 634 3906 καὶ
661 3854 906 3923 χραίνειν
938 3856 1000 3910 τὸ
1026 3856 1169 3909 θεῖον
1212 3856 1365 3928 βῆμα
1398 3856 1704 3929 πλεονεξίᾳ,
1740 3859 1835 3912 καὶ
1863 3858 1965 3912 πόα

381 3961 511 4016 ρους
544 3945 726 4014 ἐαυτῷ
769 3945 877 3999 ἀπὸ
902 3948 1068 4018 τιμῆς
1098 3948 1447 4019 χειροτονιῶν
1497 3949 1792 4019 ἀθροίζειν.
1824 3950 1963 4013 Τοὺς

378 4034 490 4104 γὰρ
541 4034 852 4100 πωλοῦντας
898 4036 998 4102 τὰς
1042 4039 1369 4112 περιστερὰς
1418 4040 1671 4107 ἐξέϐαλεν
1717 4041 1825 4094 ἀπὸ
1871 4040 1963 4095 τοῦ

381 4125 514 4179 ναοῦ
542 4126 808 4197 μαστίξας
834 4131 862 4183 6
888 4130 1112 4201 Κύριος.
1150 4131 1268 4188 Ἵνα.
1294 4134 1473 4187 τοίνυν
1500 4136 1574 4204 μὴ
1609 4134 1707 4188 σὺν
1734 4134 1966 4197 ἐκείνοις

381 4217 601 4289 ὡσθῇς,
640 4218 849 4273 παῦσαι
887 4220 1060 4287 οὕτως
1099 4224 1368 4291 πλουτῶν,
1408 4225 1503 4280 καὶ
1538 4225 1671 4297 ὕλην
1708 4227 1786 4299 τῷ
1836 4227 1966 4297 μὲλ-

383 4307 529 4362 λοντι
562 4308 866 4379 ἐτοιμάξων
898 4311 1050 4382 πυρί.

619 4600 790 4653 ΡΠΘ’.
831 4630 901 4640 —
934 4604 1328 4679 ΑΠΟΛΛΩΝΙῼ
1365 4608 1733 4679 ΕΠΙΣΚΟΠῼ.

386 4691 518 4757 Πῶς
554 4694 967 4769 οὶιφαρισα-ῖοι
995 4697 1360 4769 ἐπελάϐοντο
1397 4701 1502 4754 τοῦ
1544 4700 1841 4768 Σωτῆρος,
1879 4704 1960 4769 ὠς

499 4762 651 4830 μετὰ
677 4763 949 4817 τελωνῶν
976 4767 1074 4819 καὶ
1104 4768 1464 4837 ἁμαρτωλῶν
1496 4762 1827 4837 ἐσθίοντος.

460 4937 524 4990 Οἱ
552 4940 833 5011 Φαρισαῖοι
868 4944 1195 5001 ἐπελάϐοντο
1242 4945 1338 5000 τοῦ
1384 4949 1667 5019 Σωτῆρος,
1698 4950 1776 5013 ὡς
1826 4950 1970 5020 μετὰ

462 5092 504 5123 ’ί
533 5093 722 5151 Matth.
754 5113 867 5162 nt,
903 5097 987 5152 l2.
1066 5100 1111 5131 ²²
1142 5101 1270 5154 Luc.
1306 5116 1357 5166 ι’,
1390 5102 1482 5157 50.

1984 1931 2032 1987 Β

1996 4620 2048 4677 D

2378 1912 3038 1970 CLXXXVll.—-ISAIAE
3079 1915 3314 1973 MILITI.

2054 2006 2291 2083 M_ajores
2325 2006 2544 2083 daturos
2568 2024 2748 2075 pamas
2780 2024 2868 2061 eos
2894 2010 2986 2078 qui
3009 2019 3123 2083 post
3177 2011 3360 2083 datam
3407 2015 3649 2083 gratiam

2082 2077 2250 2133 Deum
2280 2077 2348 2132 ad
2366 2079 2501 2131 iram
2526 2087 2833 2146 provocant,
2852 2077 3009 2145 quam
3030 2080 3122 2148 qui
3144 2080 3271 2134 olim
3302 2077 3610 2151 peccaram.

2124 2254 2222 2309 Est
2258 2256 2363 2310 hoc
2413 2270 2602 2310 revera
2635 2263 2813 2325 turpe,
2856 2257 2939 2311 vel
3006 2258 3187 2327 potius
3244 2260 3642 2330 turpissimum,

2056 2347 2200 2416 quod
2236 2362 2340 2401 non
2370 2345 2541 2401 solum
2577 2347 2735 2401 insita
2796 2346 2953 2402 nobis
2985 2363 3082 2417 per
3127 2359 3379 2404 naturam
3431 2352 3641 2406 semina

2057 2437 2275 2492 virtutis
2326 2450 2616 2492 cnccamus
2649 2438 2810 2506 (quae
2850 2439 3163 2495 accuratius
3215 2441 3379 2495 etiam
3428 2442 3646 2496 exculta

2057 2537 2186 2584 sunt
2218 2528 2399 2605 hodie,
2432 2541 2592 2597 quam
2628 2529 2867 2599 antiquis
2920 2529 3071 2584 fuere
3127 2531 3508 2602 temporibus),
3544 2534 3638 2587 sed

2057 2619 2223 2675 etiam
2267 2616 2396 2672 illud
2445 2616 2707 2671 auxilium
2760 2618 2909 2673 omni
2968 2619 3219 2672 oratione
3272 2619 3649 2687 praestantius,

2058 2712 2201 2781 quod
2243 2708 2450 2764 Christi
2476 2707 2529 2762 in
2564 2722 2784 2763 carnem
2817 2710 3083 2764 adventus
3130 2707 3326 2762 all‘erre
3370 2709 3525 2764 nobis
3556 2725 3625 2779 po

2061 2802 2184 2867 tuit,
2214 2801 2519 2869 prodimus.

2061 2912 2437 2972 CLXXXVIII.
2458 2945 2524 2957 -—
2543 2912 2752 2969 LUCIO
2782 2912 3301 2969 ARCIIIDIACONO
3350 2911 3646 2968 PELUSII.

2330 3007 2404 3061 De
2430 3007 2493 3060 iis
2525 3007 2615 3076 qui
2649 3007 2891 3060 avaritia:
2915 3008 3095 3061 morbo
3122 3007 3414 3071 laborant._

2133 3120 2288 3177 Oculi
2345 3130 2470 3176 sunt
2531 3121 2768 3192 episcopi
2822 3121 3116 3177 venerandi
3165 3121 3355 3176 altaris
3409 3122 3647 3177 diaconi.

2066 3213 2146 3269 Tu
2177 3228 2307 3270 vero
2352 3229 2473 3268 cum
2524 3213 2720 3267 horum
2746 3213 2825 3269 sis
2873 3213 3233 3282 permissione
3270 3214 3449 3267 divina
3484 3217 3641 3285 prin-

2064 3318 2212 3375 ceps,
2241 3312 2384 3358 totus
2414 3303 2600 3359 oculus
2640 3318 2760 3358 esse
2799 3302 2985 3371 debes,
3000 3303 3227 3373 perinde
3256 3313 3317 3358 ut
3346 3304 3436 3359 illa
3468 3305 3652 3361 multis

2065 3397 2234 3452 oculis
2258 3396 2485 3465 praedita
2519 3395 2775 3450 animalia
2812 3394 2970 3466 (qua:
3013 3397 3321 3465 propinquo
3368 3398 3433 3452 ad
3464 3397 3636 3453 Deum

2064 3502 2288 3544 accessu
2324 3487 2579 3550 imitaris,
2620 3504 2724 3543 non
2756 3489 2889 3553 vita,
2920 3496 2980 3542 ut
3001 3488 3183 3555 audio,
3212 3490 3305 3543 sed
3330 3489 3445 3544 sola
3494 3492 3639 3545 sacri

2064 3579 2306 3634 muneris
2354 3577 2697 3648 iunctione),
2732 3594 2906 3649 neque
2934 3595 3031 3650 per
3070 3579 3346 3649 improbas
3404 3578 3652 3634 actiones

2063 3670 2341 3727 ollundere
2395 3672 2648 3727 tenebras
2696 3682 2753 3726 et
2799 3671 3094 3727 venerabili
3151 3670 3227 3726 illi
3271 3671 3529 3726 sodalitio
3578 3684 3646 3725 ac

2064 3762 2252 3828 coetui,
2286 3762 2644 3832 etepiscopo,
2681 3765 2769 3832 qui
2828 3762 2924 3818 tibi
2982 3765 3189 3831 absque
3227 3762 3434 3830 judicio
3483 3763 3649 3816 obse-

2065 3854 2496 3924 quitur:neque
2546 3854 2788 3906 divinum
2831 3854 3005 3908 altare
3064 3853 3306 3907 avaritiae
3351 3853 3644 3922 iniquitate

2065 3944 2485 4000 contaminare:
2512 3958 2687 4012 neque
2714 3943 3010 3998 electiones
3055 3944 3285 4011 quaestui
3323 3942 3548 4008 habere,
3583 3952 3642 3996 ut

2066 4053 2134 4092 ex
2174 4037 2388 4091 illarum
2439 4037 2614 4105 pretio
2654 4051 2783 4105 opes
2839 4051 2903 4113 ac
2952 4035 3158 4090 reditus
3190 4034 3286 4089 tibi
3332 4047 3642 4102 compares.

2068 4128 2425 4200 519-520
2439 4126 2573 4182 Nam
2608 4142 2704 4183 eos
2729 4127 2817 4195 qui
2840 4127 3121 4182 columbas
3145 4127 3466 4192 vendebant,
3487 4123 3648 4179 Chri-

2066 4232 2183 4275 stus
2207 4219 2504 4291 ﬂagellatos
2530 4235 2597 4275 ex
2627 4220 2827 4289 templo
2848 4218 3183 4289 proturbavit
3207 4218 3273 4271 ²¹.
3293 4216 3471 4283 Quare
3501 4230 3568 4269 ne
3593 4225 3650 4269 tu

2068 4326 2281 4381 quoque
2306 4327 2410 4366 una
2436 4310 2681 4367 cumillis
2711 4311 3006 4380 expellere,
3040 4312 3230 4366 desine
3258 4312 3395 4366 tales
3431 4310 3651 4365 divitias

2068 4404 2325 4472 colligere
2343 4414 2397 4458 et
2430 4404 2714 4459 materiam
2740 4418 2807 4458 ac
2830 4402 3087 4474 pabulum
3134 4403 3320 4459 futuro
3363 4403 3469 4473 igni
3499 4417 3645 4458 scm-

2068 4494 2284 4565 piterno
2319 4510 2655 4565 praeparare.

2242 4603 2576 4663 CLXXXIX'.
2596 4607 3070 4664 —APOLLONIO
3116 4604 3474 4661 EPISCOPO.

2070 4701 2344 4766 Quomodo
2395 4698 2660 4755 Phariswi
2701 4700 3125 4769 reprehenderint
3185 4697 3557 4769 Salvatorem;
3596 4702 3651 4745 ut

2115 4773 2205 4840 qui
2234 4786 2362 4872 ,c’unt
2419 4769 2715 4840 publicanis
2758 4767 2819 4824 et
2864 4769 3228 4838 peccatoribus
3269 4767 3442 4821 cibum
3496 4777 3651 4831 cape-

2139 4852 2213 4895 ret
2286 4882 2301 4895 .

2151 4951 2641 5023 Reprehendebant
2669 4950 3008 5007 Salvatorem
3066 4946 3350 5013 Pharisaei,
3379 4946 3534 5016 quasi
3562 4944 3653 5016 qui

1480 5212 1708 5268 VARIIE
1747 5212 2129 5269 LECTIONES
2172 5212 2259 5269 ΕΤ
2299 5211 2532 5269 NOTAE.

462 5362 571 5499 (89;
596 5360 727 5417 Cod.
763 5362 885 5418 Vat.
915 5366 1113 5420 omittit
1151 5368 1363 5438 Ἡσαΐᾳ.
1393 5366 1594 5422 Possm.

462 5433 545 5499 [90
602 5430 717 5486 Non
750 5444 832 5488 est
859 5436 1117 5489 absimilis
1146 5442 1361 5499 querela
1382 5438 1591 5492 Cicero:

454 5430 568 5505 (90)
602 5430 717 5505 Dion
750 5444 832 5505 est
859 5436 1117 5489 absimilis
1146 5430 1361 5505 quereia
1382 5438 1663 5492 Ciceronis
1706 5437 1755 5489 in
1786 5452 1966 5505 proce-

391 5502 505 5575 mio
532 5517 566 5555 ιι
618 5502 903 5575 Tusculan.
968 5502 1351 5575 Argumentum
1389 5509 1515 5561 huic
1536 5502 1798 5575 epistolm
1830 5522 1968 5573 prte-

394 5570 819 5643 posilumilluxit
845 5590 911 5626 ex
960 5570 1285 5643 illo'ﬁltristi
1320 5592 1332 5629 :
1374 5576 1474 5631 Cui
1518 5570 1739 5638 multum
1782 5570 1967 5629 datum

396 5650 491 5711 est,
538 5642 761 5694 multum
803 5642 1098 5711 reposcatur
1136 5645 1201 5697 ab
1241 5662 1335 5708 eo;
1371 5648 1496 5701 item
1528 5666 1539 5698 :
1568 5646 1759 5701 Servus
1798 5649 1963 5699 sciens

400 5709 709 5764 uoluntatem
749 5709 989 5779 Iterisui,
1018 5730 1105 5767 nec
1142 5715 1363 5783 faciens,
1397 5718 1662 5786 vapulabit
1704 5718 1963 5785 pluribus.

2073 5367 2241 5421 RITT.

2145 5440 2255 5503 (9|)
2292 5436 2397 5489 Pro
2435 5435 2818 5505 ἐπιεικεστέρα
2863 5434 3100 5505 rescribe
3138 5448 3203 5505 ex
3240 5434 3444 5505 cod._oi
3484 5436 3656 5488 ἐπιει-

2073 5508 2349 5577 κέστεροι,
2374 5505 2530 5577 vers.
2567 5506 2597 5577 4
2640 5503 2992 5577 ἰιίοιιιηιιιιιιοι
3020 5504 3125 5577 ὑπὸ
3173 5504 3224 5557 in
3258 5503 3650 5577 _dt1:6._l’ossm.

2143 5574 2255 5645 (9‘2)
2286 5576 2368 5628 Σὺ
2399 5575 2466 5629 δὲ
2488 5576 2734 5629 τούτων.
2778 5574 3003 5629 Videtur
3034 5575 3224 5645 deesse
3253 5574 3311 5636 ὂς
3338 5575 3429 5645 vel
3460 5576 3653 5645 ἐπειδὴ

2072 5657 2194 5713 ante
2223 5646 2427 5697 τούτων
2454 5647 2555 5701 nisi
2588 5645 2705 5713 quis
2735 5645 2871 5699 infra
2906 5653 3024 5712 post
3052 5644 3170 5707 ὅλος
3197 5644 3447 5713 supplere
3500 5644 3651 5699 malit

2075 5711 2179 5768 οὖν.
2212 5716 2370 5769 Ιὶιττ.
