4020 6140
382 292 512 359 1281

1267 292 1802 361 EPISTOLABUM
1842 292 1987 360 LIB.
2032 269 2489 360 1v.-1tpts'r.
2532 300 2774 362 CXCIV.

3512 296 3649 367 1M

377 404 474 459 καὶ
502 404 599 457 ἐπὶ
626 396 727 474 τῆς
749 404 852 474 γῆς
878 405 1008 458 ἄνευ
1042 405 1266 459 συνόδου
1291 407 1608 477 τικτόμενα
1642 408 1784 481 πλὴν
1802 407 1962 461 τοῦτο
1990 455 1996 471 ,

2070 407 2194 461 dere
2223 422 2513 476 possumus
2532 412 2759 476 genere,
2797 420 2919 477 qua:
2947 406 3113 463 etiam
3143 408 3198 463 in
3226 417 3369 471 terra
3407 409 3646 481 gignun-

377 497 439 548 οὐ
478 494 695 566 ποιήσω
711 510 727 528 ⁸
754 495 890 549 ἀλλὰ
911 498 1005 555 καὶ
1040 496 1278 569 χρειώδη
1311 500 1408 552 καὶ
1428 499 1738 568 ἀναγκαίαν
1757 500 1962 571 ταύτην

376 587 654 658 ὁρίζομαι,
677 583 731 639 ei
762 587 898 657 πρὸς
928 588 1274 645 παιδοποιίαν
1302 591 1398 643 καὶ
1430 590 1505 662 μὴ
1520 592 1657 662 πρὸς
1675 590 1963 659 ἀσέλγειαν

379 676 590 747 βλέπει.
659 677 871 732 Ἐκεῖνο
918 678 977 731 δὲ
1021 680 1222 750 μᾶλλον
1268 682 1513 752 εἴποιμι,
1553 682 1639 736 ὅτι
1682 683 1820 753 πρὸς
1864 682 1964 754 τὴν

376 769 633 840 οὐράνιον
676 769 839 835 ἀξίαν
887 771 1283 842 συγκρίνεσθαι
1330 774 1432 830 οὐκ
1477 773 1546 828 ἂν
1594 772 1681 841 ειη
1730 773 1959 839 δίκαιος.

378 859 680 928 Κοσμικοῖς
702 859 805 930 μὲν
824 861 935 932 γὰρ
955 865 985 915 ὁ
1017 861 1194 932 γάμος
1218 862 1603 933 ἑναόρυνέσθω
1632 862 1963 935 ὑποδείγμα-

380 963 484 1004 σιν·
515 950 910 1021 ὑπερκοσμιοις
940 951 1000 1006 δὲ
1056 952 1131 1023 μὴ
1166 952 1459 1023 κεχρήσθω
1492 952 1603 1024 (95)
1639 953 1961 1026 ὑπεροχαῖς.

380 1040 651 1111 Κοσμικολ⁸
694 1041 826 1110 γοῦν
870 1042 967 1097 καὶ
1026 1045 1134 1096 εἰσὶ
1200 1044 1296 1097 καὶ
1344 1044 1635 1098 καλοῦνται
1687 1046 1737 1098 οι
1775 1044 1963 1101 τοῦτον

378 1130 781 1201 ἀσπασάμενοι.
800 1132 866 1184 Oi
884 1132 943 1185 δὲ
964 1122 1063 1202 τῆς
1085 1130 1385 1203 παρθενίας
1406 1132 1636 1203 apud-rat
1652 1132 1865 1202 γνήσιοι
1884 1132 1965 1195 εἰς

380 1222 478 1284 τὰς
515 1221 625 1273 τῶν
669 1222 920 1290 ἀγγέλων
966 1221 1311 1293 τεταγμένας
1356 1223 1746 1294 ἐνεγράφησαν
1782 1222 1962 1287 ἀξίας.

381 1314 543 1381 Λέγει
574 1313 684 1384 γὰρ
718 1313 781 1367 τὸ
836 1310 1031 1385 *ᾼσμα
1078 1314 1139 1366 τὸ
1189 1316 1473 1386 μυστιιοὺν,
1524 1315 1735 1389 θάμδος
1781 1316 1965 1380 αὐτοῖς

383 1408 663 1474 προσεῖναι
689 1405 765 1471 ὡς
802 1405 1175 1476 τεταγμένων.
1233 1406 1399 1460 Οὐδὲν
1430 1408 1539 1479 γὰρ
1572 1409 1699 1479 παρ’
1733 1410 1964 1473 ἐκείνοις

384 1498 615 1551 ἄτακτον
640 1537 656 1563 ,
707 1498 829 1552 οὐδὲ
876 1498 1189 1570 ἀνώμαλον,
1244 1501 1383 1559 ἀλλὰ
1433 1502 1614 1555 πάντα
1662 1501 1818 1569 τάξει
1868 1498 1965 1556 καὶ

384 1589 577 1661 ρυθμῷ
610 1589 705 1643 καὶ
732 1590 969 1662 ἁρμονίᾳ
1002 1589 1368 1663 κεκόσμηται.
1404 1593 1617 1665 Ὥσπερ
1649 1594 1831 1649 τοίνυν
1869 1594 1963 1647 οὐι-

385 1674 545 1747 ρανος
586 1678 688 1748 γῆς
718 1676 985 1749 καὶψυχὴ
1021 1676 1273 1748 σώματος
1308 1679 1593 1752 διαφέρει,
1626 1680 1769 1735 οὔτω
1808 1682 1902 1736 καὶ
1929 1681 1962 1752 ὴ

2066 506 2158 552 tur
2194 499 2315 554 sine
2366 500 2747 557 commistione
2803 500 3256 570 (κουροι-οη).ἂά
3310 501 3421 559 hoc
3466 500 3649 556 facere

2066 590 2472 656 eupersedebo;
2526 606 2714 647 verum
2796 600 2854 645 et
2914 590 3101 645 utilem
3176 598 3232 645 et
3279 591 3647 647 necessariam

2068 681 2210 736 hanc
2261 695 2377 736 rem
2421 696 2547 736 esse
2594 684 2913 751 pronuntio,
2953 683 2999 737 si
3048 684 3115 737 ad
3171 682 3469 739 liberorum
3522 700 3649 753 pro-

2064 772 2419 838 creationem.
2452 782 2505 830 et
2536 788 2644 827 non
2679 775 2746 828 ad
2781 773 3059 830 libidinem
3087 774 3410 843 eXplendam
3438 774 3646 830 refera-

2068 870 2176 916 tur.
2208 859 2325 917 Hoc
2350 872 2529 917 autem
2547 864 2729 931 potius
2779 863 3182 928 aﬂirmaverim,
3208 864 3485 934 indignam
3526 879 3650 920 esse

2065 967 2189 1020 quae
2213 967 2335 1008 cum
2372 952 2579 1008 ctelesti
2630 951 2899 1019 dignitate
2944 963 3316 1023 comparetur.
3354 954 3650 1009 Mundanis

2063 1043 2283 1113 quidem
2313 1041 2580 1113 exetuplis
2606 1057 2726 1099 sese
2746 1043 2915 1112 jactet
2961 1044 3367 1099 matrimonium
3402 1062 3416 1099 :
3450 1059 3649 1113 supra-

2064 1134 2352 1193 mundanis
2397 1142 2577 1188 autem
2631 1133 2971 1191 cxcellentiis
3023 1150 3096 1190 ne
3153 1142 3356 1190 utatur.
3395 1134 3650 1192 Mundaui

2064 1225 2232 1295 igitttr
2255 1234 2453 1281 etsunt
2484 1233 2542 1281 et
2563 1237 2828 1281 vocantur
2844 1226 2920 1281 illi
2946 1226 3037 1296 qui
3062 1227 3114 1283 id
3136 1226 3369 1297 amplexi
3398 1226 3647 1294 fuerunt;

2064 1327 2119 1372 at
2144 1320 2258 1372 veri
2295 1319 2653 1391 germanique
2679 1319 3015 1389 virginitatis
3065 1328 3341 1377 amatores
3362 1327 3413 1375 et
3472 1328 3650 1375 secta-

2065 1409 2290 1465 toresiu
2314 1409 2627 1480 angelorum
2658 1410 2940 1465 ordinatas
2978 1410 3199 1481 ascripti
3245 1420 3372 1466 sunt
3414 1410 3649 1480 dignita-

2066 1508 2168 1556 tes.
2201 1500 2293 1555 Ait
2330 1500 2476 1555 enim
2522 1514 2782 1555 arcanum
2843 1500 2974 1556 illud
3029 1501 3302 1557 canticum
3363 1510 3643 1569 stuporem

2065 1592 2195 1661 ipsis
2222 1590 2413 1649 adesse
2434 1601 2693 1664 tanquam
2720 1591 3119 1649 ordinatorum.
3149 1592 3293 1647 Nihil
3319 1594 3465 1647 enim
3496 1593 3638 1662 apud

2067 1680 2188 1737 illos
2231 1693 2313 1737 cst
2341 1683 2731 1747 inordinatum,
2781 1682 2916 1738 nihil
2992 1683 3278 1755 inaequale,
3311 1684 3406 1739 sed
3457 1682 3651 1738 omnia

386 1766 654 1838 παρθενία
676 1767 769 1821 τοῦ
795 1768 998 1839 γάμου.
1029 1766 1190 1821 Κατὰ
1213 1769 1312 1839 μὲν
1337 1770 1447 1840 γὰρ
1476 1772 1576 1842 τὴν
1602 1770 1823 1840 ἁγνείαν
1852 1772 1963 1835 τοῖς
1995 1776 1996 1829 Ῑ

2070 1774 2258 1829 ordine
2311 1782 2369 1827 et
2423 1774 2677 1844 rhythmo
2735 1783 2899 1843 atque
2956 1773 3239 1828 harmonia
3280 1782 3654 1841 concentuque

383 1858 635 1927 ἀγγέλοις
684 1856 963 1930 ὁμοιοῦται
1018 1857 1325 1929 ἄνθρωπος’
1378 1862 1520 1916 κατά
1553 1860 1611 1914 δὲ
1659 1861 1752 1915 τὸν
1784 1863 1963 1934 γάμον

2070 1864 2434 1932 pulcherrimo
2457 1876 2648 1920 ornata
2681 1875 2829 1920 sunt.
2861 1864 3014 1921 Sicut
3054 1879 3186 1935 ergo
3232 1865 3429 1922 coelum
3475 1872 3649 1926 terra,

382 1949 491 2002 τῶν
526 1947 730 2021 θηρίων
773 1948 927 2002 οὐδὲν
947 1949 1278 2020 διενήνοχεν,
1312 1945 1392 2017 οἷς
1424 1952 1457 2022 ἡ
1494 1952 1751 2006 συνουσία
1796 1953 1964 2024 ἀναγ-

2070 1966 2118 2008 ει
2163 1955 2343 2010 auima
2395 1972 2645 2027 corpore,
2699 1959 2779 2013 sic
2834 1960 3000 2014 etiam
3061 1960 3350 2031 virginitas
3400 1957 3654 2030 conjugio

382 2039 511 2093 καία
540 2038 676 2107 ἐστὶ,
709 2039 804 2093 καὶ
834 2037 982 2093 δοκεῖ
1028 2038 1127 2109 τὴν
1193 2038 1444 2114 διαδοχὴν
1472 2039 1569 2095 τοῦ
1611 2042 1805 2112 γένους
1858 2059 1964 2115 μη-

2070 2046 2410 2115 praestantior
2426 2056 2531 2102 est.
2563 2046 2700 2103 Nam
2733 2051 2991 2105 castitate
3017 2052 3233 2120 quidem
3253 2050 3461 2123 angelis
3490 2051 3653 2104 homo

382 2128 667 2199 χανᾶσθαι.
2067 2135 2394 2194 ﬁtsim‘ilis:
2430 2137 2683 2211 coniugio
2743 2153 2925 2195 autem
2978 2142 3113 2197 nihil
3175 2139 3355 2197 diIIert
3400 2156 3431 2196 a
3480 2139 3656 2196 brutis

383 2229 725 2295 animalibus.
764 2230 960 2301 quibus
982 2245 1275 2305 corporum
1296 2230 1604 2291 commistio
1632 2230 1943 2291 necessaria
1983 2240 2089 2301 est,
2122 2240 2179 2288 et
2239 2236 2644 2292 successionem
2711 2238 3242 2308 perpetuitatemque
3291 2237 3510 2309 generis
3535 2250 3655 2291 ιιιο-

384 2319 467 2378 liri
500 2322 733 2380 videtur.

911 2439 1070 2508 pm.
1102 2466 1177 2482 --
1206 2440 1434 2515 meum

616 2548 756 2619 Περὶ
789 2547 892 2619 τῆς
916 2549 988 2604 τὰ
1012 2549 1123 2605 δύο
1155 2550 1346 2605 λεπτὰ
1371 2552 1720 2621 βαλούσης.
1760 2584 1765 2587 Α

466 2722 590 2777 Ἐπὶ
625 2722 723 2793 μὲν
756 2724 866 2778 τῶν
916 2724 1191 2795 βιωτικῶν
1236 2726 1584 2795 πραγμάτων
1631 2726 1691 2778 οὐ
1743 2726 1960 2790 πάντως

381 2818 493 2878 τοῖς
528 2813 873 2886 βουλομένοις
900 2816 1092 2873 ἕπεται
1120 2818 1181 2870 τὸ
1229 2816 1512 2875 δύνασθαι·
1548 2816 1648 2881 τὰς
1678 2817 1785 2889 γὰρ
1819 2818 1965 2871 ἰδιω-

381 2906 540 2968 τικὰς
582 2907 843 2977 δυνάμεις
890 2908 1283 2979 ὑπερϐαίνουσι
1325 2908 1743 2981 μεγαλουργίαι·
1781 2909 1875 2963 ἐπὶ
1906 2909 1963 2962 δὲ

381 2995 491 3049 τῶν
507 2995 894 3067 πνευματικῶν
917 2996 1110 3052 ἕπεται
1135 3000 1249 3059 τοῖς
1272 2997 1616 3069 βουλομένοις
1645 3000 1678 3069 ἡ
1708 2997 1960 3067 δύναμις.

2607 2437 2835 2496 CXCIII.
2852 2433 3114 2495 —-NILO.

2069 2548 2149 2604 De
2175 2548 2416 2619 muliere,
2440 2566 2558 2623 qua:
2611 2553 2715 2606 duo
2994 2554 3218 2623 conjeeit
3255 2554 3312 2607 iu
3337 2555 3657 2626 gazopltyluo

2137 2732 2195 2787 in
2226 2732 2328 2788 illis
2350 2733 2569 2803 quidem
2610 2734 2793 2796 rebus.
2822 2750 2943 2803 quae
2977 2736 3045 2789 ad
3098 2736 3239 2788 hanc
3263 2734 3434 2789 vitam
3476 2736 3651 2805 perti-

2066 2834 2218 2890 nent,
2256 2826 2331 2879 ita
2363 2837 2740 2895 comparatum
2772 2838 2877 2891 est.
2909 2836 2965 2881 ut
3020 2841 3126 2882 non
3168 2830 3352 2881 statim
3414 2843 3508 2884 eos
3552 2829 3647 2900 qui

2068 2913 2276 2977 volunt,
2310 2913 2473 2967 etiam
2508 2913 2739 2968 facultas
2798 2916 3086 2969 comitetur
3116 2914 3280 2987 (nam
3313 2917 3649 2987 plebeiorum

2068 3004 2350 3059 hominum
2392 3003 2538 3059 vires
2594 3014 2855 3072 superant
2887 3019 3205 3073 magnorum
3260 3021 3484 3075 operum
3517 3006 3654 3063 affe-

383 3087 456 3139 Τὸ
489 3088 596 3157 γὰρ
625 3078 769 3143 κατά
796 3088 1031 3160 δύναμιν
1060 3089 1402 3161 κατορῡωθὲν
1423 3129 1439 3154 ,
1466 3089 1843 3161 οὐρανομῆκες
1866 3090 1974 3143 δεί-

2079 3094 2347 3165 ctioues).
2381 3093 2439 3149 In
2469 3094 2848 3164 spiritualibus
2871 3102 3076 3163 autem,
3108 3098 3310 3165 quibus
3375 3100 3531 3153 adest
3563 3115 3655 3153 vo-

382 3195 595 3232 κνυται.
650 3177 756 3232 duo
802 3176 895 3234 οὖν
941 3180 1113 3235 λεπτὰ
1158 3182 1243 3244 εἰς
1274 3181 1335 3237 τὸ
1372 3180 1519 3251 ἱερὸν
1561 3180 1963 3250 γαζοφυλάκιον

383 3266 618 3339 βαλοῦσα
660 3273 809 3343 χήρα
834 3272 995 3343 γυνὴ,
1036 3272 1113 3336 ὼς
1145 3273 1355 3336 πάντας
1386 3272 1520 3337 τοὺς
1563 3272 1819 3343 βασιλέας
1868 3273 1964 3328 καὶ

382 3361 565 3425 πάσας
586 3360 683 3426 τὰς
711 3361 991 3434 βασιλίδας
1018 3362 1505 3434 ὑπερακοντίσασα
1527 3362 1735 3434 ᾇδεται’
1765 3364 1823 3417 οὐ
1854 3362 1962 3437 γὰρ

383 3452 445 3504 τὺ
472 3453 624 3508 τεθὲν
661 3454 900 3525 ἔκρινεν,
930 3455 1087 3520 ,ἀλλά
1135 3454 1237 3526 τὴν
1282 3456 1604 3527 προαίρεσιν
1636 3454 1829 3527 αὐτῆς,
1862 3456 1963 3528 τὴν

383 3545 566 3598 πᾶσαν
614 3546 932 3618 περιουσίαν
997 3546 1429 3618 ἀφιερώσασαν,
1488 3547 1866 3618 ιστεφάνωσεν
1931 3548 1961 3601 ὁ

384 3637 597 3709 κριτής.

2071 3187 2276 3251 luntas,
2311 3187 2502 3245 iisdem
2548 3197 2603 3241 et
2650 3187 2886 3243 facultas
2934 3203 3044 3243 non
3103 3190 3273 3246 deest.
3309 3187 3446 3247 Nam
3510 3192 3655 3261 quod

2071 3293 2169 3347 pro
2218 3278 2360 3333 virili
2415 3280 2649 3348 quisque
2686 3294 2782 3335 sua
2820 3277 3009 3333 fecerit
3032 3281 3181 3346 boni,
3211 3280 3261 3333 id
3322 3281 3389 3335 ad
3452 3281 3651 3335 εαιιιιιιι

2072 3382 2244 3440 usque
2300 3369 2610 3440 pertingere
2653 3368 3082 3425 demonstratur.
3109 3368 3281 3438 Quam
3320 3370 3390 3424 ob
3432 3383 3657 3424 causam

2075 3460 2237 3516 vidua
2267 3459 2522 3533 illa,qnaz
2544 3463 2652 3520 duo
2690 3460 2901 3517 minuta
2959 3460 3011 3517 in
3053 3475 3272 3517 sacrum
3338 3461 3655 3517 thesaurum

2074 3549 2327 3619 coniecit,
2348 3552 2505 3622 quasi
2526 3566 2718 3607 omnes
2751 3561 2807 3607 et
2845 3566 3001 3622 rcges
3025 3561 3079 3606 et
3110 3551 3322 3621 reginas
3353 3551 3511 3620 longo
3532 3560 3655 3621 post

2070 3655 2134 3697 se
2174 3642 2458 3699 intervallo
2486 3643 2791 3713 reliquerit,
2834 3644 2906 3696 ita
2964 3640 3293 3695 celebratur.
3331 3640 3446 3696 Non
3505 3641 3655 3696 enim

384 3730 437 3785 id
468 3730 710 3789 ctelestis
739 3730 830 3787 ille
862 3731 1069 3787 arbiter
1091 3729 1235 3801 quod
1273 3731 1451 3799 posuit
1474 3772 1479 3777 .
1502 3729 1684 3794 vidua,
1714 3730 2027 3796 mStimavit,
2104 3741 2368 3801 quantum
2444 3742 2593 3793 esset
2659 3747 2755 3800 per
2783 3745 2864 3799 se,
2934 3728 3031 3785 sed
3066 3729 3234 3787 animi
3261 3728 3433 3800 ipsius
3454 3743 3659 3802 propo.

380 3824 688 3893 situm,quo
712 3837 928 3879 omnem
964 3838 1115 3878 suam
1157 3822 1522 3877 substantiam
1568 3834 1953 3887 consecrarat,
1997 3838 2198 3879 corona
2236 3822 2458 3894 dignum
2493 3823 2728 3879 censuit.

551 3959 708 4027 PHA’.
744 3984 815 4001 —--
847 3955 1295 4013 ΝΕΙΛΔΜΜΩΝῙ
1330 3955 1789 4026 ΣΧΟΛΛΣΤΙΚῼ.

383 4071 524 4141 Περὶ
571 4070 700 4137 τοῦ,
752 4091 771 4125 ι
833 4072 1179 4193 Φάσκοᾶρτες
1230 4063 1383 4123 εἶναι
1438 4068 1651 4138 σοφοὶ,
1700 4067 1961 4137 ἐμωράν-

1063 4156 1244 4193 near.
1294 4158 1312 4191 ι

1063 4156 1244 4208 near.
1294 4158 1312 4191 ι

472 4251 563 4319 Ἐξ
582 4247 658 4307 ὧν
690 4254 719 4305 ὁ
747 4253 1019 4315 Μουσικός
1047 4269 1128 4315 τις
1154 4250 1285 4321 (96),
1317 4250 1393 4315 ὦς
1420 4267 1551 4320 φασι
1586 4249 1825 4321 (δίκαιον
1854 4246 1963 4319 γὰρ

2020 3928 2021 3931 γ
2068 3954 3133 4029 523-524cxcw.—Muuuom
3160 3953 3654 4013 scnomsrrco.

2067 4069 2143 4124 De
2171 4070 2314 4123 dicto
2352 4068 2468 4132 illo,
2540 4088 2557 4120 ι
2605 4066 2737 4122 Cum
2780 4085 2835 4122 se
2878 4067 3197 4121 crediderint
3226 4082 3335 4121 esse
3369 4069 3653 4137 sapienter,

2530 4139 2680 4193 stulti
2730 4138 2859 4208 facti
2902 4147 3025 4192 sunt
3064 4138 3127 4191 ³⁸.
3169 4156 3187 4188 ι

2135 4250 2271 4305 Cum
2316 4265 2516 4321 praases
2569 4252 2790 4305 musica:
2840 4250 3053 4319 Apollo,
3096 4259 3153 4303 ut
3207 4250 3361 4304 aiunt
3417 4249 3656 4322 (oportet

381 4346 441 4412 ἐξ
476 4338 551 4399 ὧν
586 4343 955 4418 φλυαροῦσιν,
990 4344 1184 4407 αὐτοὺς
1210 4341 1745 4413 καταγωνίσασθαι),
1782 4343 1961 4394 πᾶσαν
1991 4361 1996 4416 ρ

2070 4343 2207 4397 enim
2228 4342 2372 4411 ipsos
2392 4358 2462 4396 ex
2486 4344 2601 4397 suis
2634 4342 2872 4408 ipserum
2898 4341 3054 4411 nugis
3082 4340 3369 4411 refellere),
3396 4343 3653 4397 omnibus

382 4437 612 4506 κινήσας
655 4433 922 4504 μελῳδίαν
963 4434 1041 4496 εἰς
1084 4434 1288 4504 θήραν,
1321 4432 1596 4504 σώφρονος
1627 4434 1687 4486 οὐ
1731 4431 1963 4504 περιγέ-

2070 4434 2329 4489 adbibitis
2373 4436 2547 4489 modis
2575 4434 2797 4488 musicis
2838 4448 2941 4486 non
2982 4434 3220 4502 potuerit
3251 4449 3445 4504 capere
3488 4443 3656 4505 atque

381 4546 506 4598 γονε
538 4528 728 4598 κόρης,
764 4527 829 4579 ἐκ
858 4522 1062 4577 τούτων
1089 4525 1183 4577 καὶ
1208 4525 1238 4576 ὁ
1268 4524 1516 4596 περὶτῆς
1552 4523 1821 4595 μουσικῆς
1848 4523 1963 4577 δια-

2070 4521 2325 4591 subigere
2356 4531 2562 4576 castam
2598 4522 2830 4591 puellam
2870 4540 2885 4576 :
2919 4537 2985 4578 cx
3042 4524 3126 4577 bis
3152 4524 3315 4579 etiam
3366 4524 3506 4578 ratio
3535 4538 3654 4578 mu-

381 4619 653 4689 γράφεται
672 4616 855 4688 λόγος.
884 4615 1078 4685 Θέλγει
1102 4616 1203 4687 μὲν
1229 4616 1340 4688 γὰρ
1369 4618 1521 4683 ἴσως,
1547 4617 1795 4673 τουτέστι
1820 4616 1963 4688 (χρὴ

2070 4614 2193 4669 sicae
2230 4625 2296 4668 ac
2349 4613 2430 4667 vis
2468 4612 2775 4683 depingitur
2824 4622 3025 4684 quanta
3070 4614 3164 4668 sit.
3221 4613 3356 4668 Nam
3408 4613 3647 4672 fortasse

381 4710 488 4777 γὰρ
516 4710 611 4762 καὶ
641 4706 1040 4779 ὲτυμολογῆσαι
1070 4703 1219 4776 (97),
1267 4704 1490 4762 θέλοντα
1519 4705 1642 4777 ἄγει
1663 4722 1678 4738 ·
1738 4706 1799 4762 οὗ
1851 4707 1962 4778 μὴν

2070 4703 2254 4774 θέλγει
2303 4704 2597 4772 demulcet,
2626 4706 2728 4760 hoc
2767 4715 2872 4771 est,
2924 4706 2969 4761 si
3016 4704 3190 4761 Graeci
3243 4705 3392 4761 verbi
3423 4715 3644 4776 etymon

384 4798 809 4855 καταδουλοῦται
854 4798 918 4853 ob
967 4798 1247 4871 φρόνημα,
1288 4796 1399 4853 οὐδ’
1445 4797 1761 4863 ἐκϐιάζεται
1783 4814 1799 4831 ο
1840 4799 1964 4853 οὐδὲ

2070 4804 2404 4865 spectemus,
2434 4794 2661 4849 Θέλοντα
2700 4795 2846 4864 ἄγει,
2890 4796 3158 4850 volentem
3194 4797 3413 4865 quidem
3447 4798 3597 4851 ducit
3630 4814 3646 4853 :

383 4889 651 4961 τοσαύτην
682 4890 797 4960 ἔχει
826 4889 925 4959 τὴν
974 4890 1150 4959 ἰσχὺν,
1186 4889 1262 4952 ὡς
1290 4889 1366 4961 μὴ
1410 4888 1734 4959 βουλόμενον
1763 4888 1957 4960 χειρώ-

2072 4902 2179 4942 ιιοιι
2222 4895 2400 4942 tamen
2441 4888 2683 4942 animum
2721 4888 2953 4942 hominis
3000 4889 3052 4941 in
3091 4888 3406 4942 servitutem
3436 4890 3651 4958 redigit,

386 4978 604 5034 σασθαι.
645 4980 866 5051 Ἐπειδὴ
898 4980 961 5036 δὲ
988 4982 1087 5035 καὶ
1116 4980 1246 5052 περὶ
1274 4979 1559 5049 γενέσεως,
1599 4981 1677 5045 ὡς
1708 4980 1837 5051 φὴς,
1868 4980 1966 5051 λη-

2076 4994 2253 5048 neque
2282 4980 2448 5046 cogit,
2479 4995 2653 5048 neque
2690 4990 2893 5032 tantam
2939 4979 3045 5031 vim
3080 4977 3263 5042 habet,
3306 4987 3363 5032 ut
3418 4995 3525 5033 tton
3550 4996 3657 5057 9V0-

388 5071 571 5141 ροῡσιν
589 5111 606 5137 ,
632 5072 756 5125 εἰπὲ
782 5072 920 5144 πρὸς
948 5073 1146 5137 αὐτούς
1163 5090 1180 5105 ⁸
1214 5072 1340 5137 Πῶς
1364 5074 1426 5127 ὃν
1456 5089 1593 5142 φατε
1623 5073 1968 5144 μαντικώτα-

2078 5074 2279 5126 lentem
2315 5084 2531 5141 quoque
2588 5071 2823 5140 subigat.
2871 5068 3139 5136 Quoniam
3188 5078 3371 5125 autem
3400 5071 3467 5126 de
3497 5085 3627 5125 crea

448 5252 495 5285 "
528 5251 661 5311 Luc.
686 5270 805 5321 ut,
829 5258 943 5311 1-5.
1019 5257 1065 5289 ’⁸
1098 5256 1255 5312 Rom.
1288 5271 1329 5321 ι,
1354 5253 1444 5309 22.

1470 5341 1702 5398 ἿΑΒΙᾹΞ
1739 5337 2129 5398 LECTIONES
2167 5341 2256 5397 ET
2334 5340 2568 5399 ΝΟΤᾹΞ.

449 5506 562 5581 (95)
594 5506 906 5581 ιςεχρήσθω
955 5514 1131 5581 mutat
1184 5504 1236 5558 in
1286 5499 1622 5581 ἁμιλλᾶσθω.
1680 5498 1847 5581 versu
1902 5504 1956 5551 et

2070 5497 2314 5581 τηγέξης-
2443 5565 2461 5581 .
2541 5566 2568 5579 -

378 5564 558 5633 verbo'
575 5564 1030 5644 uitiin'o'epistola:
1051 5576 1190 5630 idem
1234 5564 1600 5643 μηγξανωμένη
1629 5569 1817 5625 scribit
1856 5581 1956 5637 pro

2108 5564 2669 5644 ξ(97)’,ἐτυμολογῆσαι
2718 5565 2855 5624 idem
2890 5564 3137 5640 producit
3163 5566 3216 5623 in
3248 5568 3655 5639 ἐτυμολογήσα-

384 5644 746 5715 μηχανᾶσθαι.
778 5638 1001 5701 Possm.
1237 5638 1247 5642 ⁷
1466 5638 1476 5642 ’
1588 5638 1598 5641 ⁷

453 5716 564 5786 (96)
600 5715 704 5771 Pro
742 5717 1017 5779 Μουσικός
1049 5731 1134 5777 τις
1170 5714 1288 5769 cod.
1328 5710 1558 5766 Vat.650
1608 5710 1796 5765 scribit
1847 5724 1966 5777 μου·

2072 5638 2229 5693 σθαι.
2261 5640 2335 5692 ID.
