4020 6140
438 269 584 339 1283

1642 272 1706 332 S.
1746 270 2039 332 ISIDORJ
2077 272 2517 333 PELUSIOTAE

3587 265 3719 333 1284

438 386 585 440 tione
610 396 826 454 quoque
865 397 1069 449 rerum,
1110 389 1173 437 ut
1215 379 1436 446 scribis,
1489 390 1785 451 negantur,
1838 380 1929 435 dic
1962 381 2029 436 ad

2152 400 2224 435 τον
2248 378 2411 445 εἶναι,
2434 379 2479 450 ᾧ
2508 380 2621 453 (98)
2644 381 2740 435 καὶ
2762 380 2823 434 τὸ
2844 380 2938 434 τοῦ
2961 380 3116 452 ἡλίου
3138 379 3501 452 ἐπιψεύδεσθε
3529 379 3716 448 ὄνομα,

437 489 533 529 eos
565 476 694 531 talia
735 476 980 544 quaedam
1054 492 1069 529 :
1117 472 1420 540 Quomodo,
1474 486 1680 541 quaeso,
1728 471 1797 536 is,
1860 484 2022 540 quem

440 575 617 619 vatem
649 566 911 634 optimum
941 579 1064 621 esse
1105 563 1408 629 afﬁrmatis,
1442 563 1528 617 cui
1570 562 1736 617 etiam
1774 560 1902 617 solis
1937 576 2026 615 no-

441 673 563 711 men
598 657 874 726 allingitis.
933 658 1118 713 omnia
1155 656 1452 721 cernentis,
1497 655 1769 725 ignoravit
1815 662 2020 710 castam

440 763 563 803 esse
595 749 828 816 puellam
867 748 1035 813 illam,
1074 762 1175 803 nec
1198 747 1475 815 voluptate
1496 745 1619 815 capi
1647 745 1843 815 posse?
1882 745 2019 801 Nam

442 837 525 892 vel
558 838 691 892 artis
722 837 1052 892 vaticinandi
1086 837 1372 900 benelicio,
1399 836 1483 889 vel
1515 851 1583 889 ex
1617 849 1715 889 sua
1739 834 2021 905 sapientia.

443 930 695 999 quodque
727 929 1144 999 potentissimus
1189 938 1337 984 esset
1370 929 1643 992 omnium,
1675 927 1791 997 qui,
1824 934 1884 981 ut
1948 926 2025 980 di-

443 1023 590 1087 citis,
626 1024 742 1077 hrec
791 1032 886 1077 aut
912 1022 1119 1076 faciunt
1156 1029 1250 1075 aut
1292 1019 1624 1091 significant,
1680 1018 1822 1073 scire
1853 1016 2028 1087 profe-

2127 474 2394 544 ἠγνόησεν
2412 474 2496 527 ὅτι
2521 473 2753 543 σώφρων
2781 473 2930 527 ἐστὶν
2960 474 2993 543 ἡ
3016 471 3178 543 κάρη,
3217 474 3313 526 καὶ
3336 472 3440 525 οὐκ
3466 472 3534 525 ἂν
3562 470 3712 539 ἁλοίη

2128 561 2331 632 ἠδονῇ;
2364 563 2489 615 Εῐτε
2518 562 2627 633 γὰρ
2648 564 2713 617 ὲκ
2738 562 2839 632 τῆς
2876 562 3166 632 μαντικῆς,
3200 560 3313 614 εἴτε
3344 563 3410 613 ὲκ
3430 559 3530 613 τοῦ
3562 559 3719 627 σοφὸς

2136 647 2277 705 εἶναι
2300 693 2316 719 ,
2360 654 2455 707 καὶ
2489 652 2863 716 δυνατώτατος
2890 651 3000 706 τῶν
3046 651 3223 708 ταῦτα
3243 691 3259 715 ,
3290 653 3367 716 ὣς
3397 668 3537 720 φατε
3559 691 3575 716 ,
3631 670 3722 705 κα-

2130 742 2575 808 τασκευαζόντων
2614 743 2647 815 ἣ
2687 745 3065 815 σημαινόντων
3088 784 3105 810 ,
3160 743 3331 813 ἐχρῆν
3374 743 3541 797 αὑτὸν
3589 742 3721 796 εἰδέ-

2132 853 2242 890 ναι.
2280 836 2343 888 Ei
2376 834 2433 889 δὲ
2464 835 2552 888 διὰ
2578 836 2796 890 πάντων
2830 837 3052 905 ἄγνοιαν
3107 835 3388 906 δυστυχῶν
3441 835 3701 905 ἐφωράθη

2114 926 2418 982 παύσασθε
2439 966 2454 993 ,
2477 922 2524 982 ὧ
2548 928 2846 983 δεινότατοι
2870 966 2888 996 ,
2914 928 2981 982 δι’
3010 922 3086 983 ὧν
3109 946 3249 999 φατε
3265 967 3284 994 ,
3310 929 3542 992 ἑαυτοὺς
3571 927 3725 995 ὲλέγ-

2133 1025 2340 1088 χοντὲς.

442 1124 529 1169 cto
563 1115 738 1184 ipsum
773 1114 1077 1183 oportebat.
1112 1111 1271 1177 Quod
1340 1112 1387 1166 si
1433 1111 1678 1165 omnium
1728 1108 2069 1180 ignoratione
2107 1108 2294 1165 infelix
2360 1111 2530 1167 fuisse
2596 1110 2970 1181 deprehensus
3015 1118 3122 1177 est,
3158 1109 3408 1179 desinite,
3458 1125 3494 1166 ο
3544 1110 3726 1165 miser-

442 1207 567 1262 rimi
600 1206 933 1270 mortalium,
961 1220 1060 1275 per
1084 1220 1169 1269 ea,
1209 1218 1330 1273 quae
1375 1201 1653 1273 profertis,
1686 1210 1797 1256 tam
1829 1201 2016 1264 stulta,
2058 1203 2417 1272 vosmetipsos
2448 1200 2718 1259 refellere.

690 1318 895 1375 CXCV.
935 1349 1004 1360 —
1050 1316 1405 1373 ΤΙΜΟῚἪΕΟ
1457 1316 1777 1375 LECTORI.

443 1428 570 1484 Rem
604 1447 715 1486 esse
759 1430 1063 1500 difﬁcilem,
1109 1433 1155 1485 si
1184 1432 1406 1498 a/fectus
1453 1430 1693 1498 corporei
1746 1429 1896 1485 nobis
1936 1429 2030 1483 im-

1138 1510 1338 1569 perant.

516 1610 595 1665 Ex
648 1611 776 1677 illis,
812 1627 933 1682 quae
976 1620 1207 1679 sectare,
1254 1613 1671 1677 certaminibus,
1724 1628 1809 1666 var
1853 1614 2028 1667 admi-

2303 1319 2467 1385 Ριιιεο.
2508 1348 2580 1359 -
2614 1317 2921 1389 ΤΙΜΟΘΕῼ
2958 1317 3378 1389 ΑΝΑΓΝΩΣἸᾘ
3417 1317 3555 1387 (99).

2136 1428 2267 1481 Ὅτι
2312 1428 2618 1496 χαλεπὸν,
2650 1426 2759 1481 ἐὰν
2802 1428 2875 1480 τὰ
2918 1425 3078 1515 πάθη
3114 1426 3188 1480 τὰ
3216 1426 3526 1494 σωματικά
3556 1423 3722 1494 ἡμῶν

2644 1511 3221 1565 κατακυριευσωσιν.

2220 1613 2311 1679 Ἐξ
2373 1608 2448 1669 ὧν
2517 1613 2756 1686 μετέρχῃ
2824 1613 3036 1679 ἄθλων,
3106 1613 3412 1684 θαυμάσιε,
3486 1613 3719 1667 πέπεισο

444 1703 638 1767 tande,
669 1719 987 1773 persuasum
1016 1704 1110 1759 tibi
1149 1714 1289 1769 esto,
1330 1712 1649 1774 przesentem
1689 1703 1829 1759 hanc
1863 1705 2028 1758 vitam

2152 1705 2354 1758 ιτάδιον
2395 1705 2526 1775 ἡμῖν
2563 1704 2629 1757 τὰ
2677 1703 2924 1774 παρόντα
2968 1703 3297 1775 προκεῖσθαι
3349 1704 3579 1774 ἀόρατον
3604 1745 3619 1769 ,
3662 1705 3719 1755 ἐν

446 1795 603 1850 nobis
651 1796 982 1864 propositam
1012 1810 1136 1851 esse
1176 1806 1432 1865 tanquam
1481 1795 1712 1849 stadium
1757 1795 2027 1864 quoddam

2152 1786 2177 1862 β
2216 1792 2423 1864 θηρίοις
2455 1792 2554 1845 οὐκ
2583 1791 2861 1862 αἰσθητοῖς
2880 1831 2895 1856 ,
2927 1791 3063 1845 ἀλλά
3085 1796 3295 1863 νοητοῖς
3326 1791 3525 1846 πάθεσι
3548 1809 3717 1863 προσ-

446 1886 500 1940 in
561 1902 668 1955 quo
702 1886 859 1941 nobis
904 1887 1307 1943 colluctandum
1364 1889 1433 1943 sit
1481 1902 1603 1942 cum
1646 1886 1928 1940 affectibus
1978 1895 2032 1940 et

2152 1883 2446 1954 παλαίομεν
2476 1922 2492 1947 ,
2537 1881 2679 1951 άπερ
2725 1883 2775 1935 εί
2822 1882 2922 1951 τῆς
2964 1884 3022 1936 ὲν
3073 1884 3206 1954 ἡμῖν
3271 1883 3464 1955 ῥώμης
3514 1888 3718 1954 κρατὴ-

448 1980 949 2048 perturbationibus
990 1981 1179 2048 animi,
1224 1995 1343 2048 quae
1385 1990 1510 2035 sunt
1550 1979 1734 2033 bestiae
1786 1981 2030 2046 quaedam

2152 1992 2324 2029 rouctv
2347 2013 2363 2039 ,
2395 1975 2456 2027 οὐ
2493 1973 2656 2045 μέχρι
2680 1972 2775 2027 τοῦ
2816 1974 3066 2045 σώματος
3108 1975 3299 2029 ίστῶσι
3327 1976 3418 2028 τὸν
3448 1976 3718 2042 κίνδυνον,

447 2084 552 2122 non
587 2069 895 2132 sensibilcs,
950 2071 1045 2124 sed
1109 2068 1523 2140 intelligihiles:
1572 2083 1689 2137 qua:
1726 2068 1941 2135 quidem
1985 2068 2031 2122 si

2152 2066 2253 2121 ὶλλ’
2299 2065 2437 2136 αὐτῇ
2485 2067 2553 2136 τῇ
2602 2065 2749 2136 ψυχῇ
2794 2065 2885 2118 τὸν
2932 2064 3163 2119 θάνατον
3219 2066 3501 2138 φέρουσιν.
3552 2067 3617 2119 El
3666 2066 3723 2119 δὲ

444 2157 632 2223 robur,
667 2161 813 2227 quod
844 2160 896 2213 in
941 2159 1096 2213 nobis
1125 2168 1232 2223 est,
1267 2159 1599 2227 subiecerint
1642 2161 1769 2225 sibi,
1804 2175 1907 2213 non
1949 2167 2032 2213 ta-

2152 2155 2490 2227 κρατηθῶσιν
2509 2196 2523 2219 ,
2554 2156 2587 2225 ἢ
2635 2154 3047 2226 δραπετεύσωσι
3073 2196 3089 2221 ,
3123 2156 3405 2225 στεφάνων
3434 2156 3527 2209 καὶ
3558 2157 3724 2227 ἀναῤ-

447 2264 566 2300 men
600 2251 776 2317 quoad
817 2264 1016 2317 corpus
1059 2250 1258 2305 sistunt
1292 2251 1611 2319 periculum,
1684 2250 1780 2306 sed
1831 2260 1887 2305 et
1927 2249 2030 2319 ipsi

2152 2248 2354 2318 δήσεων
2394 2245 2648 2316 μεγάλων
2679 2244 2989 2316 τευξόμεθα
3012 2285 3028 2311 ,
3057 2246 3155 2299 καὶ
3184 2245 3421 2300 ἐνταῦθα
3455 2247 3553 2317 μὲν
3598 2247 3724 2299 πολ-

448 2339 641 2393 anima:
670 2350 899 2395 mortem
949 2341 1207 2395 all'erunt.
1242 2342 1339 2397 Sin
1387 2354 1565 2397 autem
1598 2345 1909 2407 vincantur,
1940 2350 2032 2395 ant

2152 2340 2321 2402 ιάκις’
2374 2338 2512 2408 μετά
2564 2337 2738 2393 ταῦτα
2772 2340 2830 2392 δὲ
2875 2339 3125 2406 πάντως,
3172 2339 3360 2411 ἐπειδὴ
3406 2340 3475 2393 τά
3514 2338 3723 2392 ἔπαθλα

449 2428 636 2499 fugam
672 2432 1024 2501 arripuerint,
1060 2441 1171 2485 tum
1203 2446 1333 2489 vero
1371 2443 1427 2487 et
1470 2448 1703 2488 coronas
1730 2442 1782 2488 et
1826 2445 2032 2501 praeco-

2152 2434 2162 2483 i
2208 2430 2420 2501 μέλλων
2469 2428 2606 2484 αἰὼν
2634 2430 3032 2501 ὲμπιστεύεται
3057 2470 3073 2497 ,
3116 2430 3191 2495 ὡς
3221 2426 3379 2495 οὗτος
3420 2432 3489 2485 τά
3539 2431 3720 2501 σκάμ-

409 2559 412 2562 .
449 2522 538 2575 nia
567 2537 756 2591 magna
786 2537 1200 2591 consequemur,
1226 2526 1393 2577 etiam
1416 2524 1468 2578 in
1502 2525 1602 2580 hac
1625 2525 1734 2579 vita
1754 2536 2029 2595 persaepe;
2138 2535 2303 2589 ματα.
2336 2528 2337 2535 ‘
2425 2584 2427 2587 ι

446 2624 569 2684 post
601 2613 717 2668 haec
749 2625 927 2669 autem
966 2615 1019 2668 in
1044 2616 1213 2669 altera
1238 2616 1346 2668 vita
1420 2617 1640 2671 omnino
1680 2633 1693 2670 :
1734 2611 2169 2687 quandoquidem
2242 2611 2317 2667 ita
2385 2608 2696 2665 ordinatum
2738 2618 2845 2675 est,
2904 2617 2964 2665 ut
3014 2609 3224 2683 futurae.
3261 2614 3389 2669 vitae
3434 2616 3723 2671 commissa

446 2710 557 2764 sint
582 2708 823 2778 praemia,
857 2707 996 2761 sicut
1019 2708 1143 2762 huic
1167 2711 1418 2778 praesenti
1453 2710 1675 2765 l‘ossata.

913 2816 1141 2873 CXCVI.
1171 2849 1241 2859 —-
1272 2820 1565 2875 DANIELI.

448 2929 526 2983 De
570 2931 848 3003 sapientia,
885 2931 1174 3003 iniustitia,
1223 2942 1271 2986 et
1314 2933 1633 2988 contumelia
1674 2936 2028 3003 comparatio.

528 3020 547 3051 ι
588 3000 644 3054 Si
674 3001 881 3072 quidem
908 3000 1044 3054 male
1075 3004 1280 3057 loeutus
1304 3020 1442 3064 sitm,
1462 3004 1743 3072 testiﬁcare
1764 3000 1829 3059 de
1852 3005 2032 3070 malo;

518 3072 565 3125 si
587 3085 704 3125 vero
734 3070 1023 3141 bene,quid
1048 3088 1129 3125 me
1157 3075 1386 3141 percutis
1412 3073 1496 3126 ‘7?
1530 3092 1548 3125 ι

517 3181 690 3247 Licet,
742 3198 776 3237 ο
816 3183 1131 3238 admirande
1166 3185 1270 3251 vir,
1302 3186 1423 3240 aliis
1469 3187 1851 3241 contumeliam
1892 3186 2031 3241 infe-
2061 3162 2104 3221 α

449 3276 695 3329 rentibus
728 3289 837 3326 non
869 3281 1046 3328 tamen
1082 3273 1222 3330 afﬁci
1252 3276 1470 3345 injuria,
1509 3288 1565 3332 et
1597 3277 1917 3333 laedentibus
1946 3279 2029 3331 in-

447 3365 615 3435 juste,
647 3380 750 3419 non
778 3366 921 3421 laedi.
953 3366 1107 3433 Quod
1135 3368 1178 3421 si
1201 3369 1426 3437 aenigma
1454 3370 1556 3423 hoc
1584 3370 1679 3424 tibi
1708 3369 1939 3437 videtur,
1963 3369 2030 3424 il-

452 3459 557 3513 lico
589 3460 638 3513 id
673 3459 769 3513 tibi
800 3459 1010 3515 solvere
1032 3461 1290 3518 conabor.
1318 3459 1455 3515 Nam
1500 3462 1591 3532 qui
1622 3462 2031 3532 philosophatur

452 3550 583 3621 (hoc
625 3560 710 3604 est
759 3550 811 3603 in
856 3566 1036 3605 rerum
1079 3551 1386 3606 divinarum
1443 3552 1797 3607 meditatione
1848 3567 2029 3607 versa-

453 3640 588 3713 tur),
630 3650 685 3695 et
728 3642 795 3695 ab
830 3642 1066 3697 inimicis
1105 3642 1282 3698 illatas
1302 3644 1664 3699 contumelias
1700 3652 1863 3715 atque
1897 3644 2029 3713 inju-

455 3731 567 3786 rias
592 3731 873 3786 moderate
913 3748 978 3789 ac
1021 3744 1304 3791 mansuete
1345 3734 1471 3801 fert,
1509 3736 1554 3790 is
1583 3750 1757 3805 neque
1781 3735 1882 3791 illis
1910 3751 2035 3791 con-

454 3820 734 3875 tumeliam
789 3821 1138 3888 facientibus,
1172 3826 1398 3893 patitnr,
1456 3840 1632 3895 neque
1675 3824 1928 3896 injuriam
1959 3826 2034 3879 in-

404 3972 413 3980 ,
454 3910 779 3977 ferentibus,
823 3912 1001 3989 ullam,
1028 3915 1248 3985 accipit.
1297 3915 1403 3971 Sed
1444 3916 1488 3970 si
1517 3930 1704 3971 verum
1751 3915 2036 3970 dicendum

2579 2816 2757 2887 Ριιεῖν.
2794 2850 2864 2861 -
2893 2802 3161 2873 ΔΑΝιιιΛ
3186 2821 3283 2891 (l).

2139 2930 2570 3007 Περὶ-σοφίας,
2620 2932 2889 3007 ἀδικίας,
2946 2933 3045 2987 καὶ
3098 2933 3322 3007 ὕϐρεως
3368 2936 3719 3007 παράθεσις·

2218 3022 2237 3053 ι
2270 3003 2339 3056 El
2355 3002 2473 3075 μὲν
2495 3002 2691 3075 κακῶς
2711 3004 3009 3075 unum.
3037 3006 3426 3075 μαρτύρησον
3451 3002 3586 3075 ἓτερὶ
3615 3010 3725 3063 τοῦ

2213 3073 2403 3127 κακοῦ
2424 3088 2438 3103 ⁸
2472 3075 2526 3127 εί
2556 3072 2625 3126 δὲ
2650 3072 2878 3138 καλῶς,
2910 3075 2969 3126 τί
2992 3091 3070 3143 με
3097 3072 3286 3142 δέρεις
3302 3092 3322 3140 ;
3356 3095 3376 3128 ι

2209 3181 2497 3247 Ἔξεστιν,
2553 3175 2598 3237 ὦ
2643 3181 2952 3254 θαυμάσιε,
3002 3183 3177 3239 ἀλλων
3226 3186 3590 3259 ὑϐριζόντων.
3649 3186 3727 3258 μὴ

2136 3271 2454 3344 ὑϐρίζεσθαι
2504 3272 2617 3345 (Ξ),
2660 3276 2754 3328 καὶ
2780 3276 3144 3343 ἀδικούντων,
3182 3277 3258 3349 μὴ
3305 3278 3628 3333 ἀδικεῖσθαι.
3665 3279 3729 3331 Ei

2136 3363 2182 3416 δ’
2211 3363 2442 3434 αἴνιγμά
2485 3382 2568 3417 σοι
2615 3365 2765 3419 τοῦτ’
2801 3362 2943 3422 εἶναι
2989 3367 3168 3437 δοκεῖ,
3216 3370 3428 3439 ταχέως
3470 3369 3603 3425 αὐτὸ
3634 3370 3730 3422 λῦο

2138 3473 2230 3508 σαι
2272 3459 2625 3528 πειράσομαι.
2672 3458 2730 3513 ’0
2760 3459 2872 3532 γὰρ
2915 3461 3247 3531 φιλοσοφῶν,
3279 3466 3375 3517 καὶ
3405 3465 3593 3536 πράως
3625 3464 3725 3528 τὰς

2138 3548 2290 3619 παρά
2320 3549 2429 3602 τῶν
2474 3550 2686 3623 ἐχθρῶν
2733 3552 2917 3623 φέρων
2965 3553 3156 3626 ὖόρεις
3203 3556 3299 3609 καὶ
3326 3558 3562 3625 ἀδικίας,
3605 3557 3723 3610 οὔθ’

2134 3639 2468 3711 ὑῦριζόντων
2515 3642 2836 3712 ὑϐρίζεται,
2877 3644 2991 3698 οὒτ’
3046 3646 3379 3701 ἀδικούντων
3428 3648 3722 3703 ἀδικεῖται.

2151 3730 2292 3784 Ἀλλ’
2319 3733 2368 3785 εί
2407 3734 2512 3804 χρὴ
2539 3735 2773 3805 τάληθὲς
2794 3736 2871 3808 (3)
2904 3738 3102 3805 εἰπεῖν,
3142 3739 3345 3793 ἐκεῖνοί
3373 3742 3513 3795 εἰσιν
3536 3744 3585 3794 οἱ
3610 3742 3725 3795 ἀδι-

2142 3821 2399 3892 κούμενοι
2449 3824 2543 3876 καὶ
2575 3824 2954 3896 ὑϐριζόμενοι,
2999 3829 3049 3879 οἱ
3096 3829 3191 3881 καὶ
3224 3830 3378 3898 παρά
3425 3829 3727 3901 ἀνθρώπων

2146 3918 2684 3989 καταγινωσκὸμενοι
2717 3922 2813 3974 καὶ
2835 3920 3268 3993 καταϐοώμενοι.
3308 3923 3366 3975 ὐ
3394 3923 3438 3975 δ’
3468 3922 3725 3993 ὑψηλότε-

455 4010 561 4069 est,
595 4001 671 4056 illi
707 4015 833 4058 sunt
860 4004 953 4073 qui
984 4004 1237 4076 injuriam
1265 4014 1320 4061 et
1353 4005 1737 4062 contumeliam
1766 4007 2032 4073 patiuntur

2152 4024 2241 4078 ρος
2269 4009 2344 4063 ὢν
2390 4012 2484 4064 καὶ
2526 4010 2737 4085 ὕϐρεως
2780 4014 2856 4085 (4)
2907 4015 2999 4068 καὶ
3030 4014 3275 4081 ἀδικίας,
3310 4014 3587 4070 κάνταῦθα
3615 4016 3725 4075 τοῖς

526 4158 570 4187 ³⁷
601 4155 762 4213 Joan.
794 4173 950 4224 xvm,
981 4158 1072 4214 25.

1552 4316 1790 4372 VARIAS
1828 4316 2217 4377 LECTIONES
2253 4322 2344 4378 ET
2382 4322 2614 4381 ΝΟΤιΕ.

532 4472 643 4555 (98)
676 4471 817 4554 Idem
852 4475 974 4555 cod.
1071 4481 1249 4555 mutat
1288 4474 1455 4556 inab;
1486 4484 1539 4530 et
1580 4491 1723 4533 vers.
1759 4493 1875 4603 seq;
1905 4479 2030 4533 ἐπι-

532 4542 751 4596 υδεσθαι
796 4559 848 4597 ιιι
895 4544 1157 4598 mlimtrvo
1204 4545 1425 4603 scribit:
1481 4561 1625 4602 vers.
1674 4557 1795 4603 post
1871 4588 1887 4603 .
1932 4564 2031 4603 ιιι-ο

2152 4499 2228 4539 asc
2238 4484 2336 4539 ribi
2368 4486 2602 4557 legique.

458 4542 751 4618 ψεύδεσθαι
796 4544 848 4618 in
890 4543 1425 4618 inlinitivo_scr_ibit;
1481 4561 1625 4602 vers.
1674 4557 1795 4618 post

459 4614 621 4684 σοφὸς
651 4614 929 4667 substituit
969 4614 1243 4683 μουσικός.
1274 4613 1491 4670 Possm.

529 4686 646 4753 (99)
681 4684 805 4737 1133c
828 4698 1227 4755 supervacanee
1255 4685 1342 4739 hic
1389 4687 1669 4754 reponitur
1700 4687 1848 4755 prius
1886 4688 2033 4743 edita

498 4771 582 4823 ag.
619 4755 673 4818 ‘2,
709 4769 856 4808 num.
906 4754 970 4819 4,
1011 4755 1103 4809 lib.
1147 4771 1198 4823 ιἒ
1238 4755 1471 4809 Tantum
1522 4757 1648 4810 hinc
1697 4754 2036 4813 Observanda

498 4771 582 4823 ag.
619 4771 673 4818 -ι,
709 4771 856 4808 ιιιιιιι.
906 4771 970 4819 4,
1011 4771 1103 4809 ιιι).
1147 4771 1187 4808 ι.
1239 4771 1471 4809 tantum
1523 4771 1648 4810 umc
1697 4771 2035 4813 ouservanua

446 4771 593 4896 ﬂvis
624 4825 848 4896 mutatio
880 4823 973 4877 τοῦ
1006 4826 1134 4896 περὶ
1164 4818 1238 4879 ὦν
1266 4827 1555 4896 (quomodo
1587 4828 1694 4881 illic
1743 4827 1950 4895 incipit)
1981 4827 2035 4880 in

458 4895 517 4960 ἐξ
559 4887 653 4946 ὧν.
688 4894 939 4963 Reliquas
981 4887 1322 4951 variationes'
1338 4912 1404 4950 ex
1439 4897 1596 4951 codd.
1639 4912 1768 4951 mss.
1798 4887 1895 4952 su'o
1921 4887 2037 4952 loco

459 4965 785 5017 notavimus.
820 4965 895 5016 lo.

530 5034 608 5103 (1)
648 5034 938 5103 Inscriptio
975 5036 1115 5089 nulla
1140 5045 1259 5091 erat
1290 5036 1341 5089 in
1386 5035 1515 5090 edit.
1558 5034 1767 5103 Paris.;
1802 5036 2036 5091 sumitur

459 5118 521 5157 ex
549 5104 733 5157 codice
761 5102 1038 5159 Vaticano.
1062 5106 1217 5159 Εοιτ.

532 5173 607 5243 (‘2)
646 5173 929 5244 flii-Isaura
988 5175 1209 5229 ἄλλων
1266 5175 1622 5243 ὑϐριζόντων
1669 5174 1755 5244 μὴ
1812 5175 2036 5243 ὑϐρίζε-

461 5242 716 5316 σθαιηΝιξ
744 5245 829 5296 cui
856 5244 957 5316 hoc
976 5248 1283 5311 paradoxon
1311 5242 1579 5308 videatur,
1607 5242 1837 5315 leg—at’D.
1863 5242 2037 5316 Chry—

460 5326 594 5368 sost.
622 5314 672 5366 in
705 5313 891 5367 homil.
918 5316 1029 5367 sive
1055 5317 1445 5369 cmmnentario
1474 5317 1557 5370 cui
1589 5313 1675 5369 tit;
1705 5316 1849 5379 fecit,
1878 5313 2030 5380 Quod

460 5399 607 5435 nemo
640 5384 865 5435 la'datnr
890 5384 991 5437 nisi
1014 5402 1042 5437 a
1069 5401 1121 5437 se
1143 5386 1273 5451 ipso.
1294 5385 1388 5439 Cui
1412 5385 1604 5437 similia
1630 5386 1788 5440 habet
1807 5387 2032 5439 Seneca.

460 5451 584 5505 Plus
612 5453 775 5503 etiam
807 5454 939 5506 dicit
971 5454 1209 5509 comicus
1236 5454 1548 5507 Philemon:
1576 5454 1633 5507 Si
1673 5457 1718 5507 is
1748 5458 1834 5508 cui
1858 5456 2036 5508 convi-

462 5522 597 5572 cium
627 5521 708 5586 ﬁt,
737 5521 1051 5588 dissimulet,
1100 5540 1190 5577 nec
1224 5524 1291 5576 ad
1340 5540 1393 5576 se
1441 5526 1611 5590 rapiat
1647 5526 2035 5587 contumeliam,

462 5602 569 5662 tum
615 5606 730 5641 vero
774 5594 827 5662 in
873 5593 1042 5662 ipsum
1086 5590 1362 5660 facientem
1412 5594 1707 5646 redundare
1754 5593 2031 5662 injuri’am.

464 5657 665 5712 Versus
706 5661 815 5713 noti
862 5657 1096 5728 quidem
1130 5672 1275 5727 sunt,
1325 5664 1471 5731 digni
1518 5673 1696 5719 tamen
1741 5657 1903 5719 etiam
1949 5663 2035 5717 hic

1932 4564 2031 4619 pro

2142 4577 2353 4651 Ῐζιδιρν
2376 4580 2591 4651 οὐδὲν,
2624 4582 2768 4635 οὐδὲ
2791 4583 3239 4651 μουσικώτερον
3266 4582 3470 4651 λέγειν

2146 4648 2393 4721 ξἘστκῇ
2420 4650 2715 4721 δύνασθαι
2754 4648 3221 4721 λοιδορούμεφλον
3261 4648 3487 4721 φέρειν.

2150 4716 2528 4792 λοιδορῶν
2552 4720 2695 4792 γὰρ,
2727 4721 2803 4775 ἂν
2838 4726 2870 4792 ό
2908 4716 3369 4792 λοιδορούμεὶθοζ-

2140 4786 2239 4854 Μὴ
2271 4786 2693 4859 προσποιῆται,
2730 4791 3040 4860 λοιδορεῖθ’
3067 4786 3100 4847 ὃ
3133 4786 3445 4860 λοιδορῶν.

2146 4893 2613 4971 Ncc_t_lissi_militer
2637 4899 2868 4971 Basilius
2890 4901 3111 4971 Magnus
3144 4922 3155 4955 :
3200 4903 3289 4967 Ὠς
3331 4904 3360 4956 ὁ
3384 4903 3609 4957 τύπτων
3633 4908 3727 4956 τῦν

2188 4964 2226 5044 ὴ
2254 4965 2521 5044 ἀλγούντα
2563 4970 2767 5044 ἑαυτὸν-
2790 4964 3113 5044 τιμωρεῖται
3139 4989 3155 5003 ⁸
3188 4964 3331 5043 (οὔτε
3375 4976 3485 5044 γάρ
3516 4975 3609 5044 τὸν
3638 4976 3727 5042 ἐχ-

2180 5036 2269 5113 ρδν
2296 5036 2562 5113 ἠμύνατο,
2598 5040 2690 5092 καὶ
2721 5040 2811 5113 τὸν
2830 5036 3012 5113 θυμὸν
3043 5044 3143 5095 οὐκ
3165 5036 3472 5113 ἀνέπαυσεν
3551 5036 3726 5106 οὓτῶς

2140 5108 2169 5159 ὁ
2196 5105 2283 5183 sint
2321 5105 2664 5183 dlo‘todpqtov
2711 5105 2982 5183 ὀνειδίζων
3017 5112 3365 5183 παραμυθίαν
3412 5105 3594 5182 εὑρεῖν
3630 5105 3727 5165 τού

2143 5174 2349 5231 πάθους
2377 5176 2437 5227 οὐ
2467 5174 2709 5235 δύναται.
2737 5174 2901 5234 Κιττ.

2217 5244 2292 5313 (5)
2316 5243 2423 5323 Pro
2457 5248 2507 5323 τ’
2531 5248 2728 5318 ἀληθὲς
2778 5252 2916 5323 idem
2967 5258 3086 5305 coll.
3127 5253 3289 5308 habet
3318 5253 3368 5305 τ’
3392 5253 3640 5323 ἀκριϐὲς,
3672 5266 3727 5305 et

2143 5327 2287 5391 vers:
2316 5316 2436 5369 inde
2455 5316 2509 5380 9.,
2537 5316 2655 5391 posit
2676 5321 3085 5391 καταϐοώμενοι
3114 5324 3229 5378 haec
3249 5324 3420 5387 addit,
3450 5316 3545 5375 iui.
3575 5340 3724 5389 πιμ

2141 5382 2283 5458 ΘεοιῖΔ
2300 5382 2774 5458 κατακρινὸμενοι.
2810 5382 3017 5446 Possm.

2219 5454 2293 5525 (4)
2338 5456 2442 5531 Pr_o
2606 5454 2719 5512 ’καὶ
2772 5460 2983 5530 ’ύϐρεως
3033 5461 3173 5515 idem
3235 5463 3356 5517 cod.
3407 5462 3581 5531 ponit,
3632 5479 3731 5514 και

2144 5521 2355 5604 ὕβρεων
2389 5524 2484 5579 ὢν.
2512 5527 2664 5604 Ycrs.
2690 5542 2817 5604 post
2843 5521 2913 5595 ’5,
2939 5521 3073 5604 _pro_
3096 5533 3323 5604 κάκεῖσε
3368 5521 3523 5604 παρά
3562 5521 3728 5595 Θεοῦ,

2145 5595 2222 5646 sic
2254 5595 2436 5658 habet,
2473 5599 2562 5650 καὶ
2594 5595 2770 5653 ἐκεῖσε
2812 5595 2972 5671 παρᾶ
2993 5602 3085 5655 τοῦ
3111 5601 3268 5656 Θεοῦ.
3306 5600 3386 5659 ID.
