4020 6140
480 293 619 363 12°85

1334 303 1875 368 EPISTOLARUM
1914 308 2060 369 LIB.
2102 308 2200 373 IV.
2237 335 2308 347 --
2344 308 2585 371 EPIST.
2625 307 2931 371 CXCVIII.

3612 302 3751 371 1286

476 413 772 484 ἐγκωμίοις
798 414 948 486 παρά
975 415 1194 469 πάντων
1229 417 1621 489 στεφθήσεται,
1664 420 1739 492 μὴ
1783 422 1943 491 μόνον
1971 420 2062 474 τοῦ

2171 424 2261 492 qui
2306 435 2359 479 et
2401 425 2470 480 ab
2499 423 2806 478 hominibus
2839 421 3294 487 condemnantur,
3325 429 3379 476 et
3404 422 3749 477 sermonibus

477 505 678 576 ἐχθροῦ
701 546 715 571 ,
749 507 886 560 ἀλλά
922 508 1015 561 καὶ
1065 507 1157 560 τοῦ
1186 506 1362 578 θυμοῦ
1414 512 1791 582 κεκρατηκὼς,
1837 514 2059 567 κάκεῖσε

476 595 629 663 παρὰ
657 594 792 647 Θεοῦ
826 597 1089 665 μεγίστας
1126 597 1237 661 ἔξει
1266 598 1366 662 τὰς
1396 600 1653 671 ἀμοιϐάς.
1688 602 1752 655 EI
1777 603 1834 656 δὲ
1872 605 2058 676 φαίης,

478 685 649 739 πολὺν
699 687 842 756 ἔχειν
882 688 1082 759 ἱδρῶτα
1119 689 1214 741 καὶ
1254 693 1449 755 πόνον,
1479 691 1540 744 τὸ
1568 692 1924 763 ὑϐριζόμενον
1963 696 2054 763 φέ-

478 792 624 846 ρειν,
658 776 772 830 οὐδ’
813 778 977 842 αὐτὸς
1011 780 1363 852 ἀρνησαίμην
1390 798 1402 810 ⁸
1449 782 1566 837 ἀλλ’
1598 783 1775 837 ἐκεῖνο
1817 784 2056 857 λέξαιμι,

478 867 559 920 ὅτι
590 870 638 920 οἱ
682 868 929 938 μέγιστοι
975 871 1126 924 πόνοι
1161 872 1237 943 (5)
1267 875 1563 942 στεφάνους
1584 875 1882 930 τίκτουσιν.
1914 878 1975 929 Ei
2004 878 2060 931 δὲ

477 962 571 1012 καὶ
619 962 1028 1032 παραδείγματι
1069 964 1464 1037 εὑπαραὸλήτῳ
1513 967 1895 1038 καταπραῧναι
1937 969 2061 1040 βού-

472 1054 553 1106 λει
582 1054 679 1125 τὴν
705 1053 1015 1126 φλεγμονὴν
1042 1058 1141 1129 τῆς
1166 1059 1375 1130 ψυχῆς,
1409 1062 1585 1115 ἐκεῖνο
1611 1063 1803 1127 ἐννόει,
1843 1064 1924 1116 ὅτι
1957 1064 2059 1133 τῆς

475 1148 675 1217 μιαρᾶς
702 1149 916 1219 ἐκείνης
940 1150 1013 1219 (6)
1042 1151 1246 1222 χειρὸς,
1273 1150 1335 1203 τὸ
1364 1152 1509 1221 ἱερὸν
1535 1153 1711 1206 ὲκεῖνο
1747 1154 2057 1225 ραπισάσης

474 1238 797 1307 πρόδωπον,
856 1239 1179 1311 φιλοσοφίας
1249 1243 1537 1314 κρείττονα
1592 1245 1686 1299 καὶ
1749 1245 2061 1319 ὑψηλότερα

472 1326 772 1396 ἐφθέγξατο
813 1332 1052 1400 ῥήματα·
1106 1351 1123 1382 t
1166 1330 1229 1384 Εί
1264 1334 1361 1403 μὲν
1396 1335 1583 1397 κακῶς
1621 1335 1887 1406 ἐλάλησα,
1925 1356 2063 1408 μαρ-

468 1420 703 1488 τύρησον
755 1421 885 1489 περὶ
923 1424 1017 1475 τοῦ
1058 1423 1231 1477 κακοῦ
1255 1441 1268 1453 ·
1303 1425 1351 1477 εί
1385 1425 1440 1478 δὲ
1495 1425 1707 1490 καλῶς,
1758 1428 1811 1480 τί
1865 1445 1933 1499 με
1967 1428 2055 1480 es.

470 1527 583 1579 ρεις
609 1528 622 1576 ;
664 1531 682 1562 ι
726 1512 837 1565 Καὶ
858 1514 1032 1587 ταύτῃ
1058 1518 1124 1586 τῇ
1153 1517 1334 1589 ἐπῳδῇ
1358 1519 1436 1590 (7)
1467 1518 1542 1591 μὴ
1570 1519 1808 1574 παύσαιο
1837 1522 1912 1591 (8)
1954 1520 2054 1591 τὴν

463 1600 641 1671 ψυχὴν
674 1600 921 1671 ἰώμενος.

2118 512 2121 513 ⁷
2173 513 2517 569 diﬂ'eruutur.
2578 512 2944 583 525-526
2986 513 3056 565 At
3096 511 3186 580 qui
3231 520 3285 566 et
3315 512 3640 567 contumelia
3688 521 3745 568 et

2167 606 2368 675 injuria
2412 606 2573 660 altior
2600 615 2703 669 est,
2730 605 2775 659 is
2796 614 2849 659 et
2894 604 2981 658 hic
3030 604 3098 658 ab
3127 604 3379 658 omnibus
3420 604 3741 661 mortalibus

2168 697 2526 751 coronabitur
2548 697 2836 759 encomiis,
2862 695 3006 764 quod
3040 710 3145 749 non
3194 697 3353 751 modo
3383 695 3619 761 hostem,
3652 698 3750 752 sed

2166 788 2375 841 animos
2396 788 2641 857 iramque
2660 802 2810 842 suam
2842 786 3214 855 superaverit:
3235 785 3364 840 etin
3387 786 3556 841 altera
3577 787 3685 841 vita
3715 801 3747 840 a

2168 877 2282 933 Deo
2304 879 2537 932 maxima
2566 877 2833 933 obtinebit
2860 877 3266 946 praemia.Quod
3290 880 3330 933 si
3358 877 3587 944 dixeris,
3602 879 3747 948 inju-

2168 971 2367 1024 riarum
2398 971 2738 1025 tolerantiam
2771 970 2940 1024 multo
2968 980 3221 1025 constare
3250 971 3449 1026 sudore
3466 971 3743 1035 etlabore,

2104 1068 2105 1071 ‘
2165 1078 2266 1117 nec
2296 1065 2411 1131 ipse
2453 1062 2664 1117 inﬁcias
2702 1062 2890 1115 iveritn
2922 1078 2936 1115 :
2974 1064 3069 1116 sed
3116 1062 3247 1115 illud
3305 1062 3533 1117 dixerim
3571 1064 3745 1116 maxi.

2166 1168 2280 1207 mos
2305 1153 2519 1208 labores
2552 1166 2744 1221 parere
2773 1168 3023 1207 coronas.
3056 1152 3112 1208 Si
3145 1167 3272 1208 vero
3300 1153 3467 1207 etiam
3490 1153 3744 1222 exemplo

2162 1246 2396 1314 quodam
2432 1243 2576 1299 facili
2605 1245 2671 1297 ad
2698 1245 3121 1313 comparandum
3157 1243 3329 1305 lenire
3351 1245 3436 1299 vis
3462 1244 3630 1299 animi
3666 1256 3746 1298 tu-

2163 1351 2372 1390 morem
2407 1346 2568 1406 atque
2607 1344 2820 1402 aestum,
2877 1335 3004 1391 illud
3039 1336 3238 1406 cegita,
3281 1338 3422 1407 quod
3460 1353 3582 1392 cum
3620 1351 3744 1392 sce-

2160 1426 2325 1481 lerata
2362 1442 2425 1481 ac
2451 1427 2659 1482 nefaria
2710 1426 2800 1481 illa
2837 1443 3029 1482 manus
3080 1443 3296 1482 sacrum
3348 1428 3497 1483 illum
3532 1428 3741 1484 Christi

2160 1519 2369 1572 vultum
2406 1518 2562 1589 alapa
2598 1518 2987 1589 percussisset,
3021 1518 3135 1586 ipse
3168 1520 3330 1573 verba
3359 1520 3584 1589 protulit
3611 1536 3743 1591 prro-

2156 1608 2424 1664 stantiora
2464 1608 2889 1678 sublimioraque
2921 1622 3081 1678 quam
3111 1609 3398 1679 quisquam
3432 1611 3743 1666 meditando

466 1695 680 1769 assequi
716 1697 952 1763 possitzr
976 1699 1031 1753 Si
1047 1697 1266 1770 quidem
1283 1699 1421 1754 male
1455 1717 1573 1754 sttm
1608 1702 1843 1769 locutus,
1881 1706 2174 1759 testiﬁcare
2235 1702 2300 1757 de
2331 1701 2494 1757 malo.
2556 1700 2652 1756 Sin
2680 1709 2861 1758 autem
2902 1703 3060 1770 bene,
3100 1719 3269 1775 quare
3299 1720 3383 1760 me
3414 1704 3686 1775 percutis?
3716 1724 3736 1757 ι

463 1782 636 1853 Atque
670 1786 771 1840 hoc
802 1789 1046 1841 carmine
1080 1790 1393 1855 supradicto
1428 1808 1494 1846 ne
1519 1808 1704 1848 cesses
1727 1797 1919 1850 anima:
1949 1794 2273 1852 medicinam
2304 1791 2503 1848 facere.

1008 1899 1162 1967 Puz'.
1199 1931 1269 1943 —
1308 1904 1493 1975 ΗΛΙᾼ.

940 2014 1080 2081 Περὶ
1119 2018 1555 2074 Καππαδοκῶν.

541 2122 628 2175 Ἐν
669 2121 746 2194 τῷ
784 2126 977 2197 κομιδῇ
1033 2128 1108 2199 (9)
1148 2128 1245 2202 τὴν
1280 2131 1554 2205 ὑμετέραν
1596 2136 1863 2209 ἐλαφρίαν
1910 2141 2043 2195 θαυ-

462 2213 636 2283 μάζω,
672 2216 754 2269 ὅτι
795 2218 967 2288 βραχὺ
1002 2220 1220 2291 πνεῦμα
1253 2224 1350 2277 καὶ
1385 2226 1650 2299 ὀλίγωρον
1679 2230 1774 2283 τοῦ
1810 2216 2046 2287 Καππα-

457 2302 615 2356 δόκου
663 2305 799 2377 (I0),
844 2305 1018 2373 οὑτως
1054 2311 1303 2377 ἅπαντας
1353 2315 1498 2385 ὑμᾶς
1522 2316 1598 2380 ὡς
1636 2320 1889 2392 καλάμην
1928 2322 2041 2374 ἐδό-

457 2410 618 2463 νησε⁹
652 2399 747 2451 καὶ
774 2403 894 2463 ταῖς
937 2401 1191 2457 ἀσεϐέσιν
1224 2405 1389 2459 αὑτοῦ
1431 2414 1803 2474 κατασκευαῖς
1832 2412 2039 2484 ὑπουρο

456 2483 624 2548 γεῖτε,
656 2483 764 2536 δέει
802 2486 897 2539 τοῦ
932 2487 1007 2560 μὴ
1036 2489 1104 2543 τὰ
1124 2491 1287 2560 ὅμοια
1320 2496 1435 2557 τοῖς
1474 2483 1576 2567 ἤδη
1603 2498 1898 2552 πεπονθόσι
1933 2483 2040 2555 πα-

458 2573 592 2629 οεῖν.
655 2576 720 2628 Εἰ
751 2578 933 2633 τοίνυν
980 2582 1377 2653 συναπολήγειν
1413 2586 1563 2658 αὑτῷ
1596 2590 1688 2641 καὶ
1745 2593 2043 2663 συμμεταί-

460 2681 575 2750 ρειν
647 2668 942 2739 παυομένῳ
995 2670 1347 2743 βεϐούλησθε,
1400 2676 1626 2741 εἰκότως
1670 2680 1767 2750 τὴν
1810 2681 2043 2750 πατρίδα

456 2749 728 2821 ληΐζεσθε.
776 2755 839 2808 Εί
880 2757 937 2810 δὲ
972 2760 1000 2811 ὁ
1039 2759 1138 2828 μὲν
1184 2761 1453 2816 παύσεται
1500 2766 1596 2817 καὶ
1643 2749 2037 2835 ἀπελεύσεται,

458 2842 615 2910 ὑμεῖς
638 2844 696 2898 δὲ
726 2851 936 2917 μενεῖτε
960 2850 1044 2919 ἐφ’
1072 2846 1139 2922 ἦς
1167 2852 1471 2921 πεφύκατε,
1500 2854 1611 2910 τῶν
1634 2842 1893 2914 ἐναντίων
1927 2859 2039 2931 (Η)

456 2932 783 3004 ἀπόσχεσθε,
816 2937 924 2990 τῶν
953 2939 997 2991 δ’
1029 2941 1245 3017 οίκείων
1276 2942 1592 3013 ἀντέχεσθε.

2072 1894 2121 1956 Β

2614 1906 2867 1965 CXCVII.
2903 1938 2975 1952 —
3017 1909 3274 1965 HELUE.

2684 2021 2762 2077 De
2786 2021 3208 2093 Cappadocibus.

2225 2134 2592 2188 Vehementer
2612 2135 2862 2205 equidem
2898 2145 3131 2191 vestram
3168 2137 3442 2194 levitatem
3469 2140 3735 2206 admiror,

2152 2227 2295 2295 quod
2320 2227 2499 2281 brevis
2525 2236 2579 2281 ct
2616 2229 2682 2282 ad
2710 2228 2968 2297 exiguum
3000 2239 3215 2299 tempus
3249 2232 3544 2288 duraturus
3574 2232 3734 2289 ﬂatus

2148 2316 2485 2387 Cappadocis
2525 2318 2689 2384 illius,
2741 2320 2878 2373 adeo
2928 2336 3021 2376 vos
3062 2336 3274 2397 omnes
3307 2323 3481 2377 instar
3533 2325 3731 2379 calami

2148 2407 2446 2475 quassavit,
2495 2409 2747 2478 quodque
2804 2408 2985 2478 impiis
3054 2411 3295 2467 hominis
3358 2414 3731 2470 molitionibus

2149 2510 2247 2551 vos
2303 2496 2588 2553 ministros
2640 2500 2950 2569 praeheatis,
2978 2503 3102 2556 dum
3147 2505 3414 2571 metuitis,
3439 2520 3507 2561 ne
3548 2508 3733 2562 cousi-

2151 2586 2295 2642 milia
2327 2603 2514 2643 eorum
2542 2607 2661 2659 quae
2687 2592 2836 2659 prius
2868 2595 3108 2662 perpessi
3140 2594 3338 2659 fuistis,
3366 2597 3419 2651 in
3452 2608 3727 2665 posterum

2148 2680 2363 2748 Quoque
2413 2681 2818 2751 perpetiamini.
2883 2682 2941 2737 Si
3009 2684 3171 2753 igitur
3231 2700 3337 2739 una
3401 2703 3525 2742 cum
3590 2689 3729 2758 ipso,

2147 2773 2369 2840 quando
2392 2772 2504 2842 jam
2527 2772 2697 2828 abibit
2718 2774 3058 2843 magistratu,
3078 2775 3359 2831 discedere
3378 2778 3726 2846 decrevistis,

2142 2862 2499 2932 probabiliter
2520 2878 2656 2919 sane
2678 2865 2909 2933 patriam
2928 2866 3269 2936 prasdamiui.
3298 2867 3393 2923 Sin
3417 2880 3594 2925 autem
3616 2872 3729 2939 ipse

2141 2951 2360 3021 quidem
2391 2952 2559 3008 abibit
2582 2969 2647 3009 ac
2670 2955 2932 3021 discedet,
2978 2971 3070 3011 vos
3100 2966 3280 3013 autem
3314 2960 3366 3014 iu
3411 2975 3475 3016 ea
3503 2964 3731 3032 regione

454 3022 507 3076 iu
553 3040 657 3094 qua
690 3029 801 3081 nati
832 3030 985 3095 estis,
1015 3032 1326 3100 manebitis,
1362 3035 1430 3089 ab
1458 3036 1791 3093 adversariis
1817 3038 2036 3107 quidem
2077 3041 2367 3108 abstinete,
2404 3046 2638 3115 propriis
2704 3061 2836 3102 vero
2898 3054 3063 3116 atque
3112 3049 3426 3107 domesticis
3466 3022 3717 3110 dere-uso-

453 3128 541 3169 res
571 3129 664 3170 vos
700 3118 954 3185 praebete.

697 3226 866 3293 Ριιιιν.
901 3258 972 3267 -
1000 3231 1281 3303 ΔΟΜΙΤΙῼ
1310 3234 1614 3308 ΔΙΑΚΟΝῼ
1649 3238 1784 3310 (ιε).

536 3354 820 3428 Ἐνέτυχόν
860 3374 992 3412 ποτε
1052 3361 1265 3433 ἱστορίᾳ
1312 3364 1590 3438 Περσικῇ,
1641 3367 1869 3423 τοιαῦτά
1912 3388 2033 3426 τινα

456 3447 804 3521 περιεχούσῃ,
863 3450 944 3503 ὅτι
996 3453 1044 3503 οἱ
1107 3454 1296 3518 παῖδες
1346 3457 1653 3526 ἐμάνθανον
1706 3461 1805 3530 μὲν
1865 3461 2031 3533 μηδὲν

454 3537 645 3608 ψευδὲς
687 3542 800 3611 (1⁸5)
844 3544 985 3614 μήτε
1029 3544 1239 3613 λέγειν,
1298 3549 1439 3619 μήτε
1488 3550 1743 3604 ἀκούειν’
1782 3555 1919 3624 μήτε
1970 3554 2032 3607 τὸ

454 3629 733 3699 συμφέρον
757 3630 965 3685 δίκαιον
988 3674 1003 3698 ,
1036 3634 1173 3687 ἀλλά
1208 3634 1271 3686 τὸ
1301 3635 1509 3690 δίκαιον
1537 3638 1790 3708 ἡγεῖσθαι
1822 3640 2031 3709 συμφέ-

453 3736 546 3789 ρον
564 3735 578 3750 ·
613 3723 705 3773 καὶ
736 3721 829 3774 τοῦ
857 3722 1056 3777 διδόναι
1085 3725 1145 3776 τὸ
1173 3725 1471 3795 λαμϐάνειν
1498 3723 1639 3781 εἶναι
1660 3730 2031 3784 λυσιτελέστε-

456 3827 547 3882 ρον
577 3813 711 3883 (14).
751 3815 879 3867 Ὅτε
914 3816 957 3868 δ’
989 3817 1223 3886 ἤμελλον
1254 3819 1334 3881 είς
1364 3819 1565 3890 ἄνδρας
1593 3819 1869 3887 τελέσειν,
1911 3822 2033 3894 ὦμ-

451 3920 575 3959 νυον
599 3905 785 3978 ὁρκον,
822 3908 978 3977 ὀλίγα
1029 3910 1128 3980 μὲν
1161 3912 1355 3983 κομιδῇ
1396 3914 1719 3983 περιέχοντα
1764 3916 1897 3986 (I5),
1930 3935 2028 3987 με·

449 3996 643 4064 γίστην
689 3998 746 4052 δὲ
789 3999 1019 4071 δύναμιν
1070 4003 1396 4073 περιέχοντα
1441 4005 1693 4075 ῥήματα,
1739 4008 1833 4060 καὶ
1890 4009 2029 4080 ὑπὲρ

451 4088 632 4151 πάσας
675 4089 776 4153 τὰς
819 4091 928 4145 τῶν
986 4092 1258 4163 Ἐλλήνων
1303 4094 1651 4166 φιλοσοφίας.
1680 4098 1883 4168 Ὠμνυε
1919 4103 2028 4171 γὰρ

447 4177 701 4246 ἕκαστος,
736 4180 811 4246 ὡς
843 4182 951 4251 ἐγὼ
988 4188 1386 4258 καταφρονήσω
1425 4189 1527 4260 μὲν
1575 4180 1776 4255 παντὸς
1811 4190 2035 4263 κέρδους

2424 3244 2699 3303 CXCVIII.
2729 3279 2798 3290 —
2822 3248 3100 3307 DOMITIO
3129 3250 3453 3309 DIACONO.

2211 3374 2377 3431 Incidi
2406 3379 2698 3448 auquando
2724 3378 2775 3434 in
2797 3378 3087 3437 historiam
3106 3380 3407 3451 Persicam,
3429 3386 3554 3441 talia
3578 3403 3727 3457 quae-

2139 3467 2264 3521 dam
2309 3470 2758 3538 complectentem
2817 3489 2830 3526 :
2869 3473 3012 3542 quod
3047 3476 3200 3545 pueri
3257 3476 3474 3545 quidem
3523 3479 3728 3535 didice-

2140 3560 2273 3625 rint,
2305 3561 2509 3616 nullum
2535 3563 2875 3617 mendacium
2901 3578 3075 3634 neque
3094 3568 3274 3622 dicere
3301 3583 3475 3638 neque
3497 3572 3723 3636 audire;

2139 3666 2315 3720 neque
2342 3653 2393 3706 id
2419 3650 2623 3719 justum
2648 3655 2790 3723 quod
2820 3655 2973 3719 utile,
2996 3658 3090 3711 sed
3127 3658 3176 3711 id
3203 3659 3331 3712 utile
3358 3660 3722 3728 quodjustum

2134 3752 2307 3807 esset,
2337 3744 2667 3809 existimare;
2696 3763 2709 3799 :
2765 3755 2819 3800 ct
2849 3749 2983 3802 dare
3017 3764 3183 3818 quam
3233 3754 3501 3819 accipere,
3534 3752 3723 3807 utilius

2138 3833 2434 3888 esse.Cum
2463 3836 2771 3903 autemjam
2802 3838 2853 3891 in
2878 3838 3119 3893 virorqu
3152 3840 3378 3895 classem
3408 3844 3720 3898 ascribendi

2138 3932 2341 3989 essent,
2367 3924 2750 3993 jusjurandum
2802 3926 3048 3993 dabant,
3074 3932 3271 4000 oppido
3297 3934 3512 4001 quidem
3547 3952 3720 4006 pauca

2140 4016 2328 4082 verba,
2357 4015 2452 4070 sed
2477 4016 2585 4069 vim
2611 4031 2675 4071 ac
2692 4025 3019 4086 potestatem
3043 4023 3334 4077 maximam
3360 4027 3720 4095 complexum,

2136 4122 2462 4177 omnemque
2487 4106 2801 4163 Graecorum
2834 4111 3228 4183 philosophiam
3254 4130 3537 4186 superans.
3557 4118 3722 4175 Jura-

2144 4194 2238 4251 bat
2276 4198 2421 4253 enim
2471 4198 2845 4269 unusquisque
2869 4200 2926 4258 in
2965 4203 3084 4261 haec
3140 4207 3303 4263 verba
3354 4225 3369 4263 :
3421 4208 3534 4281 Ego
3588 4227 3720 4267 cou-

1531 4365 1770 4423 vamm
1806 4367 2191 4439 LECTIONES
2226 4368 2317 4427 ET
2348 4358 2590 4457 nom.

516 4514 592 4581 (5)
624 4513 764 4596 Ante
801 4514 1099 4596 στεφάνους
1130 4518 1282 4596 idem
1314 4521 1463 4596 addit
1491 4522 1639 4596 τοὺς,
1662 4534 1716 4579 et
1740 4539 1883 4580 vers.
1911 4540 2027 4596 seq.

444 4583 850 4662 εὐπαραβλήτῳ
876 4583 1044 4662 mutat
1069 4591 1136 4662 _in
1166 4591 1561 4662 ἀπαραϐλήτῳ.
1595 4583 1809 4650 Possm.

518 4652 603 4722 (6)
635 4652 1001 4736 Ρτοεκείνης
1031 4659 1172 4736 idem
1219 4652 1344 4736 leg'it
1388 4652 1597 4736 ἐκεῖνος
1621 4675 1682 4736 et
1723 4680 2029 4736 νενιεείι.

444 4722 585 4844 inter
636 4722 1040 4781 ποόσωπονέι
1095 4722 1412 4800 φιλοσοφίας
1468 4722 1657 4788 inserit
1705 4734 1774 4787 τὰ
1826 4722 2029 4807 πάσης.

469 4807 517 4844 o.

469 4807 517 4845 Β.

518 4862 596 4933 (7)
636 4867 824 4947 Ταρτῃ
877 4866 955 4947 τῇ
984 4867 1208 4947 ἐπῳδῇ,
1252 4868 1512 4947 Similem
1538 4872 1755 4947 έπῳδὴν
1806 4876 1942 4947 πρὸς
1971 4877 2033 4930 τὸ

446 4935 862 5008 καταπραΰνειν
894 4939 993 5008 τᾲς
1022 4937 1208 5008 ὕϐρεις
1236 4940 1457 4995 tradidit
1495 4935 1686 4998 Isidor.
1709 4935 2032 5002 hoster-su-

445 5013 540 5067 pra
576 5007 735 5069 epist.
774 5006 895 5059 I79.
924 5007 1086 5061 Ilt'r'r.

516 5072 915 5140 (8)]1αύσαιο,
954 5076 1105 5130 Fort.
1143 5079 1545 5137 καταπαύσαιο.
1582 5083 1658 5138 In.

518 5142 733 5220 illi"?!
762 5143 841 5220 τῷ
867 5146 1102 5220 κομι-δῇ.
1129 5147 1189 5202 F.
1222 5148 1333 5217 ἐγὼ
1357 5168 1483 5220 κομ.
1508 5154 1582 5208 In.

515 5211 628 5293 (ιιι)
669 5211 760 5268 Sic
791 5217 855 5269 de
881 5211 1321 5293 inipio'aposta'ta
1364 5211 1574 5275 Ju'liauo
1616 5225 1832 5280 dicebat
1863 5224 2026 5293 Crcg.

442 5278 771 5403 il‘heol'ogus,
821 5302 840 5335 ι
892 5278 1209 5341 nubeculam
1254 5304 1374 5342 esse
1420 5293 1529 5345 cito
1576 5278 2024 5351 transiturum.“

467 5366 519 5403 ι).

467 5366 519 5403 D.

809 5424 1125 5502 emrtjyy.
1147 5427 1290 5502 ‘Fort
1319 5429 1377 5502 in
1413 5431 1588 5502 medio
1614 5433 1761 5488 deest
1794 5434 1913 5502 μέν.
1954 5432 2027 5489 lo.

658 5491 789 5570 Cod.
823 5494 1103 5570 Vat.__650,
1132 5498 1373 5570 Δομετίῳ
1418 5500 1643 5570 κόμητι.
1671 5490 1882 5559 Possm.

659 5559 801 5636 [dein
833 5563 1027 5636 ψευδὲς
1058 5559 1232 5636 mutat
1262 5569 1311 5620 in
1340 5559 1634 5636 ᾦεῦδὸς.Ἰο

514 5629 624 5697 (14)
663 5631 773 5683 Τοῦ
808 5629 1061 5705 διδόναι
1104 5633 1169 5686 τό
1213 5629 1539 5705 λαμὲάνεικ
1581 5640 1733 5696 εἶναι
1777 5647 2021 5698 λυσιτε-

445 5696 753 5767 λέστερον.
791 5704 963 5772 Atque
1006 5705 1105 5760 hoc
1138 5696 1307 5761 ctiam'
1337 5708 1524 5777 vulgus
1564 5714 1769 5782 absque
1802 5696 2019 5770 institu-

2141 4527 2288 4617 tique
2317 4526 2542 4617 Persica
2556 4529 2720 4617 facile
2748 4534 2919 4617 credit
2938 4552 2968 4617 ξ
2980 4534 3111 4617 illud
3136 4546 3322 4617 au_tem
3351 4541 3524 4617 eidem
3538 4547 3706 4617 *παρά

2062 4599 2106 4654 D
2136 4597 2312 4663 δοξον,
2364 4598 2423 4651 τὸ
2460 4600 2659 4675 διδόναι
2690 4604 2782 4656 τοῦ
2823 4597 3120 4675 λαμϐάνειν
3165 4605 3302 4662 εἶναι
3352 4597 3720 4668 λυσιτελέσὲεζ

2145 4683 2257 4736 ρον,
2284 4671 2553 4739 quomodo
2578 4673 2663 4725 hic
2682 4687 2865 4728 contra
2890 4671 2990 4729 ius.
3013 4677 3291 4733 lectionem
3326 4684 3716 4739 restituendum

2139 4752 2267 4809 esse
2294 4738 2402 4809 aio:
2433 4739 2736 4795 Concordat
2755 4759 2876 4797 cum
2897 4746 3000 4800 hac
3020 4750 3282 4802 sententia
3317 4749 3528 4804 Persica
3551 4738 3717 4809 etiam

2140 4805 2357 4883 Christi
2375 4806 2498 4883 Iesu
2532 4812 2949 4883 apophthegma,
2986 4817 3125 4882 quod
3158 4818 3313 4873 nobis
3343 4834 3407 4875 ex
3441 4805 3717 4877 contesta:

2147 4877 2294 4931 tione
2324 4876 2474 4953 Pauli
2507 4876 2580 4933 ad
2608 4876 3016 4953 p'resbyierimn'
3037 4884 3367 4953 Ephesiuum
3403 4890 3538 4943 facta
3582 4876 3717 4946 con-

2140 4950 2381 5030 se_rvavit
2409 4946 2627 5030 Circam;
2646 4946 2890 5030 ᾼί-ιξηκμι,
2916 4946 3170 5030 verg'55
3199 4972 3212 5008 :
3262 4959 3548 5030 Μακάριόν
3600 4964 3715 5017 ἔστι

2136 5015 2336 5091 διδόναι
2358 5016 2571 5091 μάλλον
2600 5021 2632 5090 ἦ
2667 5020 2982 5091 λαμϐάνειν.
3019 5023 3184 5081 Rt'r'r.

2210 5086 2322 5169 (185')
2357 5080 2561 5156 Ἦλίγα
2586 5080 2704 5169 ,ιίέις
2739 5080 2989 5169 κομιδῇ.
3013 5096 3388 5169 περιέχοντα,
3417 5102 3717 5169 μεγίστην

2134 5154 2505 5237 δέ’δὺναμινή
2539 5154 2891 5237 περιέχοιξτα
2927 5154 3002 5215 τὰ
3030 5154 3288 5237 (limata.
3339 5154 3634 5237 L'céo'haec

2133 5226 2530 5309 (Iistittg‘tttrita,
2573 5228 2728 5296 ὀλίγα
2771 5232 2868 5309 μὲν
2909 5226 3488 5309 κομιδῇἸ-ιὰ-ρήμαῖα·
3557 5244 3715 5309 μεγί-

2139 5312 2273 5365 στην
2306 5296 2367 5375 δὲ,
2394 5297 2623 5365 δύναμιν
2657 5296 3106 5393 περιέχονταμάὶ
3134 5296 3520 5393 ὑπὲρξξιιαδὶο
3545 5296 3713 5378 ἐκιξζῑι

2139 5376 2400 5393 ριὶιιΙιιιιΙιη
2442 5370 2675 5393 ηιιιιιιι-.ῗιι
2797 5381 2806 5393 ι
2849 5373 2894 5393 ξ..
2942 5388 3018 5393 -..-
3211 5378 3222 5393 ἒ

2137 5366 2402 5445 sententia
2440 5370 2697 5421 auctoris.
2732 5366 2897 5445 'Atv‘iu
2941 5388 3041 5425 ms.
3090 5374 3156 5445 τὰ
3197 5366 3422 5445 ῥήματα
3464 5394 3566 5432 non
3612 5366 3711 5433 siin

2134 5434 2250 5487 loco
2276 5435 2447 5503 pusita
2470 5448 2614 5499 sunt,
2650 5453 2706 5491 et
2738 5440 3062 5518 περιέχοντα
3090 5444 3169 5497 his
3197 5434 3455 5518 Scriptum
3490 5459 3574 5502 est
3596 5466 3711 5518 per-

2133 5518 2338 5571 peram,
2374 5520 2495 5557 cum
2533 5517 2737 5561 tantum
2786 5510 2949 5562 semel
2990 5515 3060 5565 sit
3097 5510 3486 5570 necessarium.
3520 5512 3597 5571 In.

2130 5602 2198 5657 τ-
2229 5572 2361 5654 C'nd.
2398 5574 2517 5627 Vat.
2566 5579 2704 5631 iulcr
2738 5579 3060 5657 περιέχοντα
3109 5596 3161 5636 ct
3197 5586 3460 5657 μεγίστην
3519 5590 3708 5645 inserit

2130 5644 2399 5766 ρημάτια,
2453 5657 2503 5699 ct
2547 5662 2667 5701 ιιιοχ
2715 5644 3033 5719 περιέχοντα
3088 5644 3333 5710 tlccurtat
3383 5644 3434 5711 iti
3492 5658 3683 5727 ἔχοντα

2172 5728 2333 5766 ossm.

2154 5716 2333 5768 ’ossuv.
