4020 6140
512 252 642 320 1291
1683 254 1741 313 S.
1784 253 2074 313 ISIDORI
2110 253 2541 315 PELUSIOT/E
3603 254 3719 326 1292

506 369 901 431 existimemus,
924 364 1013 435 qui
1051 378 1117 419 ne
1143 363 1303 417 linem
1328 362 1543 432 quidem
1570 362 1692 416 vita:
1720 363 1839 419 labe
1872 379 2048 419 caren-

2180 368 2423 438 ἱστορίαν
2455 365 2722 437 εἰρημένα
2777 364 3021 437 νοῶμεν,
3072 365 3166 420 καὶ
3215 366 3288 421 τά
3337 368 3480 423 κατά
3518 369 3721 442 θεωρίαν

507 461 874 523 tem,sortitus
900 468 1013 521 cst;
1053 471 1224 523 neque
1262 456 1368 509 vim
1416 456 1676 508 faciamus
1723 458 2019 525 prophetiis

2174 458 2618 528 προφητευοέντα
2640 458 3096 526 έκλαμϐἀνωμεν,
3129 458 3264 529 μηδὲ
3287 460 3359 512 τά
3389 462 3577 528 σαφῶς
3606 464 3725 519 ίστο.

505 566 677 621 neque
715 550 891 604 studio
924 547 1332 616 redigendorum
1382 546 1447 598 ad
1489 546 1850 614 mqualitatem
1883 563 2048 615 quam

2180 546 2412 617 ρηθέντα
2433 547 2513 608 είς
2540 544 2776 615 θεωρίαν
2800 544 3203 613 ἐκϐιαζόμενοι,
3232 548 3370 616 μήτε
3397 549 3465 602 τά
3486 549 3725 621 λαμπρῶς

503 645 623 694 dam
656 641 894 694 iocorum
938 634 1374 704 propheticorum
1405 635 1455 687 in
1513 636 1769 690 scurriles
1807 639 2048 705 quasdan

2177 635 2516 705 θεωρηθῆναι
2538 634 2822 703 ὀφείλοντα
2847 634 2959 703 (25)
2984 635 3064 696 τίς
3093 635 3336 707 ἱστορίαν
3364 639 3723 705 καταϐιϐἀζον-

504 731 793 784 verborum
828 726 1057 793 ineptias
1106 724 1405 777 incidamus
1442 742 1457 777 :
1496 725 1587 779 sed
1619 725 1911 793 prudenter
1947 741 2048 781 cora

2174 742 2285 788 τες,
2306 725 2418 777 ἀλλ’
2442 726 2773 795 ἀμφοτέροις
2802 724 3112 795 πρόσφορον
3138 726 3232 779 καὶ
3264 727 3599 799 κατάλληλον
3623 730 3711 783 νοῦ·

500 823 732 887 «lateque
775 826 829 871 et
852 815 1143 870 secundum
1193 814 1476 867 historiam
1513 814 1653 869 dicta
1682 816 2045 887 intelligamus

2177 815 2600 886 ἐφαρμόζοντες.
2641 816 2706 868 Ei
2754 815 2811 868 δὲ
2854 814 3078 884 τοιαύτη
3110 816 3362 887 εὑρεθείη
3409 820 3725 891 προφητεία,

497 920 547 964 et
575 925 694 979 qua:
739 908 1031 962 secundum
1075 904 1583 972 contemplationem
1625 916 1680 961 et
1735 907 2048 975 spiritualen

2174 908 2271 961 καὶ
2320 907 2419 977 τὴν
2464 905 2703 976 ἱστορίαν
2750 905 3036 976 ἀρηρ’ότως
3078 906 3193 978 (26)
3228 909 3323 961 καὶ
3368 909 3469 980 τὴν
3519 910 3729 981 θεωρίαν

498 1015 714 1055 sensum
752 996 983 1051 vatidice
1010 995 1217 1064 prolata
1251 994 1487 1063 fuerunt,
1520 997 1598 1052 sic
1638 999 1801 1053 etiam
1840 999 2042 1068 accipia

2175 997 2448 1059 ἀϐιάστως
2479 994 2727 1059 σώζουσα
2746 1034 2760 1058 ,
2790 994 3057 1066 χρηστέον
3086 996 3225 1068 αὐτῇ
3258 998 3380 1052 κατ’
3410 1000 3596 1069 ἄμφω.

497 1113 640 1152 mus.
677 1096 793 1151 Non
857 1109 1033 1152 autem
1080 1098 1199 1152 vice
1244 1110 1422 1159 versa,
1473 1108 1592 1164 quae
1653 1095 1913 1149 historice
1945 1102 2071 1148 sunt
2108 1090 2429 1163 prolata,ad
2496 1090 2833 1158 spiritualem
2895 1091 3249 1160 intellectum,
3272 1102 3367 1148 aut
3394 1094 3728 1163 spiritualiter

498 1190 861 1259 intelligenda,
908 1188 976 1243 ad
1004 1189 1314 1243 historicum
1358 1201 1576 1241 sensum
1607 1200 1703 1255 per
1731 1186 1836 1238 vim
1871 1185 2194 1239 trahamus:
2262 1184 2356 1239 sed
2429 1183 2645 1251 utrique
2697 1183 2882 1251 generi
2960 1184 3227 1239 dictorum
3309 1196 3493 1254 aptum
3547 1201 3731 1240 conve.

498 1283 842 1351 nientemque
885 1295 1102 1336 sensum
1135 1279 1628 1334 accommodamus.
1680 1276 1834 1344 Quod
1856 1277 1899 1331 si
1939 1278 2059 1331 talis
2096 1284 2395 1345 reperiatur
2422 1274 2599 1342 aliqua
2666 1273 2975 1341 prophetia,
3009 1288 3131 1343 qua:
3178 1284 3235 1331 et
3301 1274 3585 1331 historiam
3618 1286 3728 1346 apte

494 1374 989 1443 convenienterque
1013 1381 1067 1427 et
1091 1372 1428 1442 spiritualem
1458 1387 1673 1427 sensum
1706 1372 1912 1443 absque
1930 1371 2212 1426 coactioue
2280 1377 2581 1434 conservet,
2621 1382 2683 1422 ea
2746 1382 2876 1423 sane
2937 1370 3064 1438 quin
3091 1370 3156 1424 ad
3218 1381 3507 1440 utramque
3537 1379 3725 1441 partem

494 1474 710 1520 utamur
736 1464 868 1518 nihil
894 1463 1162 1533 prohibet.

672 1561 853 1631 529.
882 1557 1059 1614 CCIV.
1110 1589 1182 1597 —
1232 1557 1509 1615 ISIDORO
1545 1558 1863 1615 DIACONO.

2442 1556 2554 1608 ΣΔν.
2587 1584 2658 1594 -
2682 1555 2947 1625 maneo
2990 1554 3293 1625 ΔΙΑΚΟΝῼ
3325 1554 3438 1623 (a7)

493 1658 558 1708 In
586 1654 717 1707 illud
745 1652 945 1706 Christi
975 1653 1191 1713 dictum,
1245 1670 1263 1703 ι
1303 1652 1423 1705 Nisi
1463 1653 1804 1723 abundaverit
1842 1651 2048 1722 justiti:

2167 1647 2271 1713 Είς
2319 1646 2423 1699 τό·
2476 1665 2496 1697 ι
2558 1645 2729 1723 Ἐξιν-
2745 1644 2832 1713 μὴ
2888 1646 3267 1723 περισσεύσῃ
3309 1648 3347 1714 ἠ
3387 1646 3725 1715 δικαιοσύνη

819 1731 1011 1787 vestra,
1042 1740 1062 1773 ι
1094 1732 1139 1775 et
1173 1737 1290 1791 qua:
1326 1722 1687 1791 sequuntur".

556 1836 786 1902 Quando
834 1835 1043 1904 primus
1082 1835 1244 1890 homo
1295 1834 1363 1888 ab
1391 1834 1529 1904 ipsa,
1560 1842 1620 1888 ut
1671 1834 1794 1905 quis
1835 1834 2055 1898 dixerit,

485 1926 641 1982 linea
674 1925 1059 1994 (stadiiatque
1097 1922 1351 1978 curriculi
1389 1923 1490 1978 sibi
1514 1938 1543 1976 a
1570 1922 1684 1978 Deo
1732 1921 2061 1994 prmscripti)

484 2016 674 2071 divino
724 2016 978 2071 mandato
1024 2014 1292 2085 neglecto,
1348 2014 1593 2069 fraudem
1624 2014 1867 2087 (diaboli)
1901 2015 2060 2085 plane

484 2105 666 2176 ipsum
703 2106 930 2176 perdere
961 2105 1254 2175 satagentis
1286 2104 1548 2173 prmtulit,
1580 2112 1717 2159 tunc
1758 2114 1819 2160 et
1863 2118 2060 2172 corpus

488 2198 607 2266 ejus
638 2212 742 2251 non
777 2197 951 2252 solum
982 2197 1167 2259 morti,
1200 2197 1295 2251 sed
1322 2207 1376 2249 et
1407 2195 1575 2249 variis
1618 2195 2060 2265 perpessionibus

489 2288 788 2354 subjectum
854 2300 975 2341 esse
1028 2286 1217 2354 coepit.
1290 2285 1451 2339 Multa
1504 2286 1650 2340 enim
1704 2286 1840 2339 Inala
1897 2295 2058 2354 atque

490 2376 865 2439 incommoda,
921 2376 1118 2444 quibus
1173 2388 1235 2429 se
1290 2374 1408 2443 ipso
1454 2376 1691 2430 deterior
1738 2375 1913 2430 factus
1947 2385 2056 2439 est,

492 2466 616 2521 inde
660 2465 1032 2536 pullularunt,
1089 2473 1144 2520 ct
1194 2465 1374 2533 gravis
1419 2475 1583 2533 atque
1628 2465 1694 2519 ad
1758 2466 2050 2536 regendum

488 2553 722 2609 diﬂicilis
760 2568 931 2624 equus
993 2553 1081 2609 ille
1130 2555 1323 2609 evasit.
1365 2554 1629 2621 Quoniam
1690 2554 1854 2624 igitur
1899 2564 1951 2609 et
1998 2556 2051 2609 in

487 2658 673 2700 omnes
710 2644 965 2698 mortales
995 2643 1223 2713 ingloria
1266 2653 1429 2714 atque
1472 2644 1656 2699 infelix
1708 2645 1831 2711 ista,
1878 2645 2053 2698 omni-

488 2750 594 2803 que
639 2734 848 2804 jactura
887 2734 1102 2803 gravior
1137 2734 1425 2789 hmreditas
1468 2735 1782 2790 transmissa
1810 2775 1824 2796 .
1855 2744 1910 2790 et
1958 2735 2052 2790 ab-

484 2827 839 2882 ominandum
890 2826 1018 2879 illud
1052 2825 1431 2895 patrimonium
1470 2827 1715 2880 socordia
1751 2825 2050 2880 voluntatis

487 2918 734 2969 humame
766 2914 927 2969 etiam
962 2913 1249 2968 adauctum
1282 2920 1365 2968 est
1403 2930 1418 2968 :
1452 2914 1657 2969 idcirco
1694 2913 1944 2969 Christus
1991 2915 2045 2969 in

480 3013 657 3058 terras
687 3002 908 3057 veniens
937 3016 1133 3069 corpus
1165 3002 1322 3056 nobis
1371 3001 1545 3056 levius
1580 3002 1599 3069 (
1619 3011 1780 3071 atque
1828 3002 1894 3056 ad
1940 3003 2049 3057 vir-

485 3094 617 3149 tutis
646 3094 887 3148 actiones
929 3093 1251 3163 expeditius)
1281 3092 1513 3147 reddidit
1558 3108 1654 3162 per
1691 3094 2042 3163 baptismum,

484 3184 569 3237 ala
613 3184 847 3252 Spiritus
906 3183 1034 3237 illud
1104 3184 1349 3238 excitans
1397 3192 1560 3251 atque
1621 3184 1859 3251 erigens.
1915 3184 2047 3251 Quae

473 3276 649 3329 etiam
682 3288 844 3327 causa
875 3282 982 3337 est,
1010 3288 1107 3327 cur
1132 3273 1287 3327 nobis
1321 3271 1522 3339 majora
1555 3274 1751 3341 priscis
1785 3283 1839 3328 et
1871 3283 2047 3329 certa-

484 3365 629 3419 mina
656 3372 712 3418 et
749 3363 967 3432 praemia
996 3363 1105 3417 sint
1138 3364 1433 3431 proposita.
1481 3362 1596 3417 Non
1626 3364 1798 3419 solum
1835 3365 1978 3419 enim
2014 3380 2045 3418 a

466 3455 629 3510 caede
651 3469 816 3523 puros
850 3468 951 3509 nos
995 3467 1115 3506 esse
1145 3453 1277 3519 vult,
1318 3468 1502 3507 verum
1555 3454 1716 3509 etiam
1760 3456 1824 3509 ab
1863 3454 1941 3508 ira
1962 3453 2043 3522 ³³;

484 3559 659 3614 neque
687 3543 861 3600 solum
921 3543 989 3598 ab
1046 3543 1309 3599 adulterio
1361 3553 1418 3600 et
1469 3546 1818 3609 scortatione,
1858 3559 2043 3600 verum

482 3634 644 3689 etiam
701 3649 731 3688 a
784 3633 1071 3689 libidinoso
1126 3643 1181 3688 et
1235 3635 1604 3691 incontinente
1649 3647 1941 3706 conspectu
1961 3636 2042 3702 “;

482 3738 657 3792 neque
692 3723 865 3779 solum
893 3738 922 3777 a
958 3724 1215 3794 perjurio,
1247 3739 1434 3780 verum
1467 3727 1631 3781 etiam
1665 3742 1693 3780 a
1732 3726 2045 3796 jurejuran-

479 3816 550 3870 do
580 3815 838 3871 liberos”
873 3833 887 3870 :
920 3824 974 3871 et
998 3815 1148 3884 juxta
1177 3832 1299 3872 cum
1327 3818 1518 3872 amicis
1550 3818 1795 3887 inimicos
1833 3833 2045 3887 quoque

462 3903 627 3972 jubet
659 3903 880 3973 diligere
903 3905 971 3958 ".
1008 3903 1112 3960 Sed
1146 3914 1199 3960 et
1227 3906 1280 3960 in
1320 3906 1441 3961 aliis
1469 3907 1720 3961 omnibus
1751 3906 2042 3976 prolixiora

478 3991 847 4061 amplioraque
914 3989 1044 4045 fecit
1109 3991 1281 4046 stadia
1334 4006 1352 4046 :
1399 4000 1456 4046 et
1509 4005 1616 4045 non
1660 3992 2042 4049 obedientibus

480 4082 656 4150 ignem
691 4080 1181 4148 inexstinguibilem
1216 4080 1577 4136 comminatus
1608 4090 1711 4147 est,
1739 4083 2043 4150 {ostendens

480 4186 544 4226 eo
567 4172 707 4241 ipso,
731 4186 837 4225 non
871 4185 993 4226 esse
1035 4175 1152 4225 haec
1177 4171 1229 4224 in
1259 4169 1535 4225 voluntate
1588 4180 1643 4227 et
1686 4173 1914 4228 arbitrio
1946 4190 2043 4245 po-

2609 1714 2797 1784 ὑμῶν,
2840 1733 2859 1764 ι
2898 1714 2997 1767 καί
3026 1716 3099 1768 τὰ
3130 1715 3298 1783 ἑξῆς.

2247 1827 2512 1900 Ὀπηνίκα
2533 1828 2561 1881 ό
2580 1827 3001 1900 πρωτόπλαστος
3029 1827 3317 1899 ἄνθρωπος
3348 1827 3406 1895 ἐξ
3439 1829 3627 1899 αὐτῆς.
3653 1830 3725 1893 ὡς

2162 1917 2230 1973 ἄν
2248 1938 2334 1983 τις
2362 1921 2525 1984 εἴποι,
2567 1917 2836 1990 γραμμῆς
2867 1917 2967 1988 τῆς
3005 1916 3157 1980 θείας
3207 1917 3428 1988 ἐντολῆς
3458 1921 3724 1991 ἀλογήσας

2162 2012 2261 2083 τὴν
2314 2012 2531 2083 ἀπάτην
2586 2012 2926 2084 προὺτίμησε
2962 2008 3056 2063 τοῦ
3100 2009 3261 2063 αὐτὸν
3291 2010 3558 2064 ἀπολέσαι
3603 2028 3727 2065 παν,

2159 2105 2330 2169 τελῶς
2367 2105 2853 2175 μηχανησαμένου,
2902 2100 2965 2157 τὸ
3014 2100 3316 2171 τηνικαῦτα
3349 2102 3444 2155 καὶ
3465 2102 3529 2157 τὸ
3578 2103 3725 2173 σῶμα

2159 2195 2325 2248 αὑτοῦ
2355 2196 2577 2265 γέγονεν
2613 2196 2673 2247 ού
2703 2194 2861 2264 μόνον
2910 2193 3124 2264 θνητὸν,
3158 2192 3294 2246 ἀλλὰ
3346 2195 3443 2247 καὶ
3466 2194 3719 2264 παθητόν.

2159 2284 2335 2338 Πολλά
2365 2283 2474 2355 γὰρ
2526 2281 2887 2353 ἐλαττώματα
2921 2282 3244 2354 ἐϐλάστησε,
3280 2284 3375 2337 καὶ
3421 2283 3591 2355 βαρὺς
3634 2288 3725 2340 καὶ

2159 2375 2414 2443 δυσήνιος
2464 2376 2491 2428 ό
2546 2375 2713 2438 ἵππος
2761 2374 3020 2446 κατέστη.
3090 2375 3245 2428 Ἐπεὶ
3290 2376 3473 2429 τοίνυν
3523 2378 3613 2431 καὶ
3645 2379 3724 2442 εἰς

2155 2464 2363 2524 πάντας
2389 2462 2699 2534 ἡδυσκλεὴς
2726 2463 2864 2535 αὕτη
2886 2464 2980 2518 καὶ
3009 2464 3187 2534 πάσης
3217 2465 3423 2536 ζημίας
3454 2465 3725 2539 βαρυτέρα

2154 2554 2490 2625 κληρονομία
2520 2553 2879 2624 κατεπέμφθη
2906 2553 3041 2625 (28),
3071 2554 3169 2608 καὶ
3196 2557 3316 2618 ταῖς
3336 2556 3433 2625 τῆς
3464 2559 3723 2627 προαιρέ-

2156 2659 2291 2705 σεως
2370 2642 2661 2713 ῥᾳθυμίαις
2731 2644 2939 2716 ηὐξήθη
3005 2646 3038 2715 ἡ
3116 2645 3360 2717 ἀπευκτὴ
3421 2650 3722 2718 περιουσία,

2151 2731 2311 2803 δεῦρο
2336 2732 2400 2802 δὴ
2424 2734 2783 2802 ὲπιφοιτήσας
2813 2736 2841 2787 ό
2864 2736 3115 2804 Χριστὸς,
3148 2737 3476 2806 κουφότερον
3499 2741 3628 2809 ἡμῖν
3661 2741 3725 2794 τὸ

2152 2820 2311 2891 σῶμα
2352 2820 2440 2874 διὰ
2480 2820 2573 2875 τοῦ
2646 2821 3020 2893 βαπτίσματος
3056 2825 3344 2896 πεποίηκε,
3402 2828 3481 2899 τῷ
3535 2832 3721 2902 πτερῷ

2148 2910 2242 2963 τοῦ
2294 2911 2611 2983 Πνεύματος
2656 2912 2974 2985 διεγείρων*
3020 2915 3108 2969 διά
3158 2917 3313 2970 τοῦτο
3366 2920 3588 2988 μείζονα
3613 2921 3723 2976 τῶν

2149 2997 2393 3054 παλαιῶν
2424 3002 2554 3072 ἡμῖν
2574 3003 2875 3074 προσετέθη
2898 3001 3011 3076 (‘29)
3054 3006 3147 3059 καὶ
3170 3002 3306 3060 ἆθλα
3343 3010 3436 3062 καὶ
3478 3011 3714 3066 ἔπαθλα.

2150 3091 2224 3143 Οὐ
2258 3091 2368 3162 γὰρ
2390 3093 2550 3161 φόνου
2588 3093 2862 3166 καθαροὺς
2891 3090 3031 3149 εἶναι
3079 3097 3325 3168 βούλεται
3356 3100 3536 3170 μόνον,
3578 3102 3716 3156 ἄλλα

2148 3182 2242 3236 καὶ
2286 3183 2491 3255 ὀργῆς·
2531 3186 2653 3240 οὐδὲ
2706 3187 2952 3258 μοιχείας
2999 3189 3093 3242 καὶ
3142 3191 3415 3261 πορνείας,
3452 3193 3588 3247 ἀλλά
3626 3197 3726 3250 καὶ

2149 3274 2448 3329 ἀκολάστου
2474 3276 2621 3341 θέας’
2652 3277 2772 3331 οὐδὲ
2806 3280 3112 3350 ἐπιορκίας,
3145 3280 3280 3334 ἀλλά
3314 3284 3405 3336 καὶ
3442 3284 3721 3355 εὐορκίας.

2146 3364 2258 3418 Καὶ
2290 3366 2428 3437 μετά
2451 3366 2560 3421 τῶν
2590 3368 2758 3437 φίλων
2789 3370 2882 3423 καὶ
2915 3372 3040 3435 τοὺς
3059 3372 3341 3443 δυσμενεῖς
3379 3374 3592 3427 κελεύει
3627 3395 3720 3446 φιο

2145 3454 2296 3511 λεῖν⁶
2361 3459 2454 3510 καὶ
2505 3460 2562 3512 ἐν
2629 3462 2741 3525 τοῖς
2795 3462 2975 3526 ἄλλοις
3043 3463 3101 3515 δὲ
3170 3462 3343 3516 ἅπασι
3402 3466 3723 3539 μακρότερα

2149 3544 2368 3615 ἐποίησε
2403 3547 2471 3599 τὰ
2528 3548 2716 3601 στάδια
2742 3564 2758 3580 ο
2794 3550 2886 3602 καὶ
2921 3552 3031 3613 τοῖς
3087 3550 3160 3621 μὴ
3214 3552 3559 3622 πειθομένοις
3609 3554 3724 3624 πῦρ

2146 3635 2406 3690 ἄσϐεστον
2429 3639 2711 3709 ἠπείλησε,
2761 3640 2991 3705 δεικνὺς,
3038 3642 3119 3694 ὅτι
3160 3643 3222 3695 οὐ
3258 3644 3358 3712 τῆς
3406 3644 3723 3714 φιλοτιμίας

2145 3726 2254 3781 τῶν
2279 3728 2693 3798 ἀγωνιζομένων
2715 3731 2829 3782 ἐστὶ
2848 3730 3042 3795 ταῦτα,
3071 3729 3257 3802 ὥσπερ
3283 3734 3315 3802 ἠ
3337 3733 3723 3804 ἀκτημοσύνη,

2146 3818 2241 3872 καὶ
2269 3821 2302 3890 ή
2333 3819 2600 3890 παρθενὲα
2619 3838 2633 3852 '
2665 3822 2783 3873 ἐκεῖ
2814 3821 2919 3893 γὰρ
2960 3822 3338 3893 προύτρέψατο
3364 3840 3377 3851 ο
3403 3842 3420 3874 ι
3449 3823 3513 3875 Εἰ
3544 3824 3724 3888 θέλεις

2145 3909 2344 3972 τέλειος
2376 3905 2534 3962 εἶναι’
2576 3929 2594 3961 ι
2631 3912 2724 3965 καί
2755 3928 2769 3942 ο
2799 3930 2818 3963 ι
2864 3913 2921 3965 Ὀ
2940 3912 3235 3983 δυνάμενος
3263 3917 3494 3985 χωρεῖν,
3519 3915 3724 3985 χωρείο

2145 4015 2242 4055 τω.
2286 4018 2304 4049 ›
2351 3999 2512 4053 Ἀλλά
2542 4000 2760 4065 πάντως
2804 4003 2943 4055 αὐτὰ
2968 4003 3268 4074 ἀνυσθῆναι
3291 4003 3541 4074 βούλεται
3574 4022 3590 4036 ο
3624 4006 3726 4059 καὶ

2144 4091 2252 4161 γάρ
2295 4091 2403 4144 τῶν
2435 4093 2745 4162 ἀναγκαίων
2798 4095 2934 4148 ἐστί.
2985 4095 3075 4150 Διὸ
3120 4096 3212 4150 καὶ
3243 4096 3346 4168 ἔφη
3374 4097 3544 4164 τοῦθ’,
3581 4099 3727 4170 ὅπερ

2147 4181 2339 4252 μαθεῖν
2379 4182 2681 4254 ἠθέλησας·
2730 4203 2751 4237 ι
2817 4186 2943 4239 Ἐὰν
2985 4188 3061 4258 μὴ
3123 4189 3461 4262 περισσεύσῃ
3506 4191 3727 4262 ὑμῶνὴ

478 4262 580 4317 sita
602 4276 784 4317 eorum
814 4261 905 4330 qui
937 4270 1169 4327 certant,
1202 4270 1261 4316 ut
1285 4269 1371 4317 est
1402 4272 1693 4333 paupertas
1742 4274 2035 4335 spontanea

2150 4273 2454 4345 δικαιοσύνη
2485 4276 2646 4330 πλέον
2665 4278 2771 4331 τῶν
2791 4278 3170 4350 Γραμματέων
3198 4282 3293 4334 καὶ
3324 4261 3666 4353 Φαρισαίων,
3702 4302 3721 4333 ι

478 4352 651 4406 nullas
692 4351 979 4420 possidens
1011 4350 1294 4407 facultates
1316 4392 1331 4417 ,
1364 4362 1425 4407 ut
1469 4354 1599 4407 item
1632 4362 1714 4409 est
1752 4355 2038 4426 virginitas

2150 4366 2440 4430 τουτέστιν,
2475 4369 2524 4420 εί
2577 4369 2652 4440 μὴ
2693 4369 2948 4423 τοσοῦτον
2980 4371 3445 4442 ύπερακοντίσητε
3492 4375 3625 4435 τοὺς
3667 4376 3730 4427 ὲν

475 4450 755 4513 perpetua.
782 4441 855 4496 lbi
884 4442 1029 4496 enim
1061 4442 1439 4498 exhortatione
1477 4458 1606 4500 usus
1627 4452 1712 4500 est
1747 4460 1762 4499 :
1798 4463 1819 4497 ι
1867 4447 1924 4501 Si
1955 4447 2035 4503 vis

2150 4457 2207 4526 τῇ
2241 4456 2453 4529 Παλαιᾷ
2481 4458 2909 4531 εὐδοκιμηκότας
2932 4478 2946 4493 ο
2997 4462 3058 4515 οὐ
3093 4441 3204 4533 γάρ
3249 4441 3379 4533 περῖ
3413 4463 3524 4517 τῶν
3561 4464 3733 4535 δίκην

474 4533 743 4601 perfectus
777 4546 897 4588 esse
914 4531 989 4599 '7;
1034 4551 1053 4584 ι
1085 4543 1140 4587 et
1187 4549 1203 4588 :
1246 4553 1266 4586 ι
1318 4534 1419 4601 Qui
1470 4544 1645 4607 potest
1689 4551 1905 4607 capere,
1942 4554 2034 4594 ca-

2150 4545 2414 4601 Ξωσόντων
2441 4552 2557 4604 νυνὶ⁹
2589 4550 2908 4622 διαλέγομαι
2928 4568 2942 4583 ο
2991 4553 3116 4606 ὅσον
3150 4531 3185 4606 ὁ-
3208 4531 3439 4625 οὐρανὸς
3483 4556 3586 4624 τῆς
3616 4531 3736 4624 γῆς

473 4622 662 4689 piat”.
711 4642 730 4674 ι
784 4622 890 4678 Sed
931 4625 1154 4693 praecise
1199 4625 1311 4679 vult
1338 4641 1401 4680 ea
1444 4627 1673 4697 impleri.
1706 4627 1843 4684 Sunt
1890 4631 2034 4685 enim

2150 4635 2445 4709 διενήνοχεν
2470 4659 2485 4672 ο
2523 4659 2542 4692 ι
2575 4642 2635 4694 ού
2660 4642 2735 4712 μὴ
2764 4643 3040 4714 εἰσέλθητε
3060 4646 3141 4708 είς
3169 4622 3575 4716 τὴννβασιλείαν
3607 4622 3732 4699 tu};

473 4713 771 4769 necessaria
803 4712 932 4785 (non
960 4714 1293 4784 arbitraria.)
1325 4716 1495 4783 Quam
1524 4719 1687 4773 etiam
1715 4719 1784 4774 ob
1814 4734 2034 4775 causam

2150 4727 2405 4798 οὐρανῶν.
2446 4748 2464 4781 ι
2498 4731 2623 4795 Τοῖς
2650 4733 2758 4803 γὰρ
2805 4712 2987 4796 ἄθλοις
3022 4735 3117 4787 καὶ
3146 4712 3460 4789 τρὶ-ἔπαθλα
3487 4736 3733 4796 εἰκότως

472 4806 571 4857 hoc
595 4804 752 4871 dixit,
782 4805 923 4875 quod
949 4806 1158 4863 discere
1180 4808 1394 4863 voluisti
1422 4828 1435 4863 :
1468 4827 1487 4862 ι
1529 4808 1645 4865 Nisi
1680 4810 2035 4868 abundaverit

2150 4815 2445 4869 ἀκολουθεῖ.
2494 4818 2720 4871 Ἐκεῖνοι
2770 4821 2867 4890 μὲν
2916 4820 3024 4892 γὰρ
3081 4822 3392 4893 σύμμετρον
3432 4822 3735 4875 πολιτείαν

538 4956 1008 5036 ττιιυερωβυ.
1086 4959 1132 4991 ³·
1159 4959 1350 5014 Matth.
1380 4975 1432 5027 ν,
1457 4961 1545 5015 22.
1625 4962 1828 5018 “ibid
1870 4964 1962 5020 28.
2037 4968 2048 5000 ε

2150 4969 2240 5024 iid.
2273 4971 2366 5036 54,
2392 4972 2480 5027 '55.

538 4973 581 4987 "
617 4973 807 5013 matur.
832 4974 887 5026 ν,
917 4973 1008 5014 zu.
1086 4973 1131 4991 "
1159 4973 1350 5014 alatur.
1380 4975 1432 5027 v,
1457 4973 1545 5015 '22.
1625 4973 1673 4995 "
1704 4973 1828 5018 ibid.
1870 4973 1962 5020 28.
2037 4973 2048 5000 δ

470 5022 514 5052 ³⁸
547 5024 676 5081 ibid.
705 5027 790 5081 12.

2150 4973 2240 5024 iid.
2273 4973 2366 5036 54,
2392 4973 2480 5027 '55.
2594 4973 2638 5004 ³⁸
2663 4973 2791 5030 ibid.
2821 4975 2913 5042 45,
2942 4977 3031 5030 44.

3132 4974 3177 5005 ³⁷
3207 4973 3401 5034 Matth.
3461 4993 3583 5043 xu,
3624 4976 3732 5030 21.

1548 5188 1781 5245 VARI/13
1816 5192 2201 5249 LECTIONES
2232 5195 2322 5250 ET
2360 5196 2591 5253 NOTAE.

537 5334 655 5416 βξ)
690 5336 782 5416 liti.
838 5337 1224 5416 Paris‘.,mtt'hra
1255 5341 1324 5394 τὰ
1350 5359 1399 5394 σ.
1437 5341 1567 5416 ίστ..
1603 5342 1636 5414 ῆ
1681 5342 2024 5416 θεωρηθῆναι

468 5400 566 5482 ὀφέ
690 5405 792 5482 εστ.
824 5400 1261 5482 καταξινάζοντες,
1288 5421 1393 5466 etc.
1436 5400 1934 5482 Locus'supp'le'tur
1958 5431 2022 5470 ex

468 5474 588 5521 Coti.
618 5469 789 5524 Vatic.
821 5474 940 5528 650.
967 5469 1122 5533 Ent‘l‘.

541 5537 651 5620 (€26)
684 5538 837 5620 Verg:
876 5552 1056 5613 antep.
1093 5558 1147 5603 et
1183 5562 1308 5616 pen.
1354 5562 1452 5617 pro
1494 5548 1778 5620 ἁρηρότως
1832 5553 2023 5609 scribit

470 5600 766 5671 ἀραρότως.
798 5600 1005 5666 Possm.

2203 5350 2319 5436 (27).
2344 5352 2401 5432 in
2436 5355 2516 5408 tit.
2540 5357 2772 5429 διακόνῳ
2814 5370 3047 5415 mutatur
3102 5363 3154 5417 in
3188 5366 3478 5441 ἐπισκὸπῳ
3510 5384 3541 5424 a
3582 5369 3733 5425 cod.

2132 5416 2252 5473 Vat.
2288 5422 2409 5475 650.
2450 5424 2521 5478 lo.

2339 5492 2443 5577 ΞΠ)
2472 5511 2667 5577 κατεπ.
2714 5497 2852 5577 idem
2889 5497 3047 5553 habet
3081 5504 3476 5577 παρεπέμφθη.
3518 5506 3593 5562 in.

2204 5559 2314 5627 (29)
2345 5561 2549 5641 Forsan
2572 5565 2880 5641 _iegendum
2906 5559 3215 5641 προετέθη.
3258 5559 3367 5627 (lii.
3392 5559 3560 5641 epist:
3585 5559 3590 5560 γ
3617 5576 3708 5630 δι

2134 5624 2382 5681 hung-
2407 5631 2537 5688 Cod.
2572 5624 2695 5689 Val.
2726 5624 3009 5707 προετέθη,
3047 5651 3101 5692 nt
3136 5624 3366 5704 coniecit
