4020 6140
374 301 508 364 1293
1302 291 1832 355 EPISTOLARUM
1867 292 1952 353 LI?

2054 291 2148 355 I'V.
2187 316 2255 331 --
2292 291 2528 354 EPIST.
2567 290 2721 354 CCV.
3471 286 3604 355 1294

370 410 494 464 τινὰ
546 406 975 476 πολιτευόμενοι,
1033 402 1137 475 γῆν
1176 404 1272 456 καὶ
1329 402 1748 475 μακροημερίαν
1781 402 1939 474 ἔσχον

2054 403 2245 463 iustitia
2264 415 2443 460 vestra
2462 407 2581 476 plus
2599 419 2760 474 quam
2775 399 3575 474 ScribarumetPharisaeomm;
3588 425 3607 457 ι

369 501 468 570 τὴν
497 498 757 570 ἀμοιϐήν.
803 514 823 547 ι
848 496 995 566 Τίμα
1012 495 1143 566 γάρ,
1168 495 1323 565 φησι,
1359 495 1450 548 τὸν
1473 496 1686 565 πατέρα
1712 495 1807 548 καὶ
1840 493 1940 565 τὴν

2054 493 2150 548 hoc
2172 500 2275 557 est,
2306 494 2410 550 nisi
2436 504 2582 550 lauto
2606 493 2888 549 intervallo
2925 494 3316 564 superaveritis
3355 510 3452 553 eos
3476 537 3492 562 ,
3516 498 3609 567 qui

373 590 587 661 μητέρα
641 606 760 653 σου,
815 586 903 639 ἵνα
936 584 995 640 εὖ
1039 602 1123 639 σοι
1180 584 1430 655 γένηται,
1483 585 1579 637 καὶ
1613 585 1710 657 ἔσῃ
1739 600 1944 655 μακρο-

2054 582 2103 638 in
2132 582 2313 640 Veteri
2343 584 2735 654 (Testamento)
2764 585 2961 639 virtute
2987 584 3118 640 clari
3143 599 3207 641 ac
3224 585 3465 643 celebres
3488 587 3610 643 fue-

369 680 580 750 χρόνιος
624 677 718 729 ἐπὶ
760 677 860 747 τῆς
890 678 1015 746 γῆς,
1062 675 1130 744 ἦν
1173 674 1380 746 Κύριος
1407 674 1437 726 ὁ
1461 673 1593 736 Θεός
1626 690 1718 725 σου
1751 672 1934 725 δίδωσί

2054 683 2178 728 runt
2197 673 2326 743 (non
2355 673 2622 742 enimjam
2647 674 2918 743 loquorde
2937 674 3024 739 iis,
3049 674 3139 744 qui
3163 688 3353 743 pmnas
3369 676 3610 742 dabunt;

370 786 474 821 σοι.
513 786 531 817 ι
589 766 749 836 Ἡμῖν
788 767 846 820 δὲ
896 769 1005 831 τοῖς
1044 766 1171 830 τοὺς
1237 765 1624 835 εὐαγγελικοὺς
1676 764 1931 826 διαύλους

2054 764 2141 819 sed
2165 765 2229 819 de
2264 764 2370 818 illis
2399 765 2490 833 qui
2524 766 2735 819 virtutis
2760 766 2938 819 studio
2961 764 3151 830 dediti,
3180 779 3354 835 eoque
3393 769 3614 823 nomine

371 859 691 931 δραμοῦσιν,
741 860 969 929 οὐρανὸς
1037 857 1348 922 ἀπόκειται,
1425 858 1518 910 καὶ
1566 856 1637 909 τά
1682 856 1742 908 ὲν
1790 853 1941 924 αὑτῷ

2054 854 2185 909 clari
2235 854 2518 926 fuerunt),
2563 864 2767 924 quanto
2814 855 3097 910 intervallo
3147 856 3310 911 distat
3351 857 3548 913 coelum
3582 874 3613 912 a

368 949 570 1019 ἀγαθά.
2051 954 2247 1009 terra,c
2279 958 2383 999 non
2399 944 2692 999 introibitis
2713 944 2765 1000 in
2781 959 2999 1015 regnum
3024 944 3338 1001 caelorum.»
3357 946 3620 1003 Certami.

371 1042 531 1096 nibus
557 1041 701 1097 enim
735 1042 932 1097 merito
950 1039 1334 1111 consequentia
1363 1046 1489 1093 sunt
1515 1038 1676 1091 etiam
1698 1035 1938 1107 praemia.
1974 1034 2054 1090 Illi
2094 1049 2329 1104 namque
2385 1033 2669 1090 honestam
2691 1042 2746 1089 et
2797 1034 3115 1104 aequabilem
3148 1035 3310 1090 vitam
3345 1036 3612 1105 colentes,

370 1141 570 1187 terram
604 1144 657 1189 et
688 1135 1076 1203 longaevitatem
1107 1148 1203 1203 pro
1231 1132 1450 1202 prremio
1481 1132 1736 1185 habuere.
1787 1148 1805 1182 ι
1852 1128 2089 1195 Honora,
2129 1128 2326 1197 inquit,
2351 1136 2555 1197 patrem
2594 1135 2648 1184 et
2685 1135 2909 1182 matrem
2945 1136 3116 1194 tuam,
3143 1136 3202 1182 ut
3234 1128 3370 1183 bene
3396 1129 3492 1184 tibi
3522 1128 3620 1209 sit.

370 1233 427 1278 et
467 1224 542 1279 sis
578 1225 847 1293 longaevus
893 1239 1053 1294 super
1112 1234 1334 1287 terram,
1364 1236 1523 1291 quam
1546 1221 1804 1277 Dominus
1830 1219 1972 1275 Deus
2001 1226 2124 1274 tuus
2170 1219 2318 1274 dabit
2346 1218 2476 1283 tibi;
2514 1235 2536 1270 ι
2596 1217 2750 1273 nobis
2810 1225 2992 1273 autem
3026 1218 3349 1289 evangelicis
3372 1216 3615 1275 decursis

374 1318 580 1380 stadiis,
605 1319 800 1371 cretum
820 1356 836 1382 ,
867 1327 921 1372 et
961 1317 1119 1387 hujus
1149 1319 1289 1371 bona
1322 1323 1447 1370 sunt
1474 1314 1727 1384 reposita.

373 1449 581 1505 ΣΕ’.-
626 1451 939 1521 ΟΛΥΜΠΙῼ
976 1449 1446 1520 ΠΡΕΣΒΥΤΕΡῼ,
1479 1445 1936 1516 ΣΧΟΛΑΣΤΙΚῼ.

2054 1444 2207 1516 530
2239 1441 2393 1501 εον.
2424 1476 2495 1487 -
2536 1443 3366 1571 οιγιξίξὲηιὲὂιεδιητειιο,
3389 1444 3619 1516 tscno-

445 1620 570 1674 Ὅτι
604 1620 702 1689 μὲν
749 1618 857 1689 πρὸ
903 1617 1115 1671 πολλῶν
1162 1619 1229 1672 ἂν
1272 1615 1489 1689 δωρεῶν
1528 1615 1621 1669 καὶ
1672 1612 1941 1686 μεγίστης

2118 1629 2414 1702 Equidem,
2475 1631 2645 1685 amice
2694 1629 2797 1694 vir,
2849 1627 3060 1683 inﬁcias
3122 1642 3235 1701 non
3301 1628 3473 1694 ivero,
3532 1643 3618 1684 me

384 1709 633 1768 εὐκλείας
660 1709 883 1779 ἐθέμην,
916 1708 977 1763 τὸ
1001 1709 1131 1780 περὶ
1161 1702 1237 1763 ὧν
1266 1708 1455 1779 πρώην
1476 1708 1727 1777 γέγραφα
1756 1721 1941 1757 πεπει-

2054 1721 2463 1795 prazpositurum
2545 1722 2650 1776 hoc
2747 1719 2918 1774 fuisse
3006 1716 3195 1775 multis
3259 1721 3612 1786 muneribus,

376 1802 488 1866 κὼς
520 1800 739 1864 ἀνῦσαι,
764 1801 863 1854 οὐκ
888 1801 953 1854 ἂν
983 1800 1225 1870 ἔξαρνος,
1269 1793 1314 1853 ὦ
1340 1797 1482 1867 φίλε,
1511 1797 1778 1867 ἐγενόμην
1803 1795 1939 1862 ('50).

2054 1793 2416 1880 maximaeque
2445 1809 2621 1864 laudis
2667 1810 2786 1865 loco
2833 1801 3163 1872 habiturum,
3216 1806 3263 1862 si
3306 1823 3370 1864 ea
3403 1811 3469 1865 de
3497 1810 3620 1878 qui-

376 1892 560 1963 Ταύτῃ
598 1908 660 1958 γε
689 1890 868 1952 αἰτίας
914 1892 1044 1944 εῐσω
1091 1889 1471 1960 ὑπελάμϐανον
1502 1882 1642 1941 εῖναι
1685 1887 1866 1952 δόξας,
1893 1886 1949 1939 εῐ

2054 1900 2152 1956 bus
2185 1915 2357 1970 nuper
2380 1901 2593 1969 scripsi,
2617 1901 2990 1968 persuadendo
3009 1902 3269 1969 perﬁcere
3296 1899 3616 1970 potuissem.

374 2000 519 2046 τινες
567 1982 639 2035 τά
694 1982 943 2052 βέλτιστα
990 1980 1297 2044 ἀκούοντες,
1353 1980 1428 2051 μὴ
1492 1980 1807 2050 προσέχοιεν
1855 1977 1949 2031 τὸν

2054 1989 2320 2046 Hactenus
2376 2005 2505 2046 sane
2547 1990 2717 2059 culpae
2764 1989 2949 2047 attines
3003 1992 3394 2054 existimarem,
3446 1990 3493 2044 si
3522 1989 3615 2061 qui

376 2074 521 2139 νοῦν,
584 2073 674 2125 καὶ
729 2072 930 2142 ταύτης
990 2071 1091 2141 τῆς
1147 2073 1255 2126 ἀπὸ
1306 2071 1415 2124 τῶν
1460 2070 1632 2139 λόγων
1680 2068 1945 2137 ὠφελείας

377 2165 800 2232 ἀποστερήσειαν
857 2163 1079 2226 ἑαυτούς
1104 2180 1118 2194 ·
1164 2163 1279 2215 ἀλλ’
1319 2161 1545 2232 ἡλπιζον
1600 2159 1786 2224 ἁπλῶς
1821 2161 1949 2213 ἔκα-

385 2270 510 2307 στον
542 2254 575 2324 ἢ
615 2254 706 2306 ἐπὶ
755 2255 880 2316 τοὺς
922 2254 996 2324 μὴ
1021 2253 1338 2317 πεισθέντας
1362 2253 1463 2323 τὴν
1520 2251 1728 2322 μέμψιν
1758 2252 1946 2316 οἴσειν,

381 2348 418 2419 ἦ
455 2350 582 2419 μήτ’
623 2349 767 2418 ἐμοὶ,
827 2347 949 2416 μήτ’
991 2346 1219 2409 ἐκείνοις
1265 2345 1630 2415 ὲπιτιμήσειν.
1686 2342 1841 2396 Ἐπεὶ
1891 2342 1950 2396 δὲ

381 2439 461 2499 είς
517 2435 770 2488 τοσοῦτον
805 2436 915 2503 (3t)
961 2435 1245 2505 προήκεις,
1285 2434 1361 2495 ὡς
1412 2432 1534 2502 ἐμοὶ
1594 2431 1944 2501 μέμψασθαι·

382 2525 505 2579 ἀλλ’
537 2526 566 2577 ὁ
597 2525 697 2595 μὲν
738 2524 899 2595 μηδὲν
930 2524 1065 2595 ἔχων
1113 2526 1305 2587 εἰπεῖν,
1359 2522 1494 2576 ἀλλὰ
1536 2523 1720 2576 καὶτὰ
1770 2521 1948 2575 πάντα

382 2618 678 2683 ἐκθειάζων
710 2634 725 2647 θ
784 2618 843 2669 ἓν
887 2617 944 2669 δὲ
988 2617 1205 2689 ίσχυρὸν
1250 2616 1393 2687 ἔχειν
1438 2615 1695 2683 νομίζων,
1750 2614 1813 2667 τὸ
1864 2613 1942 2685 μὴ

381 2710 697 2781 δεδυνῆσθαι
729 2712 955 2763 πεῖσαι·
989 2709 1203 2779 ἀνάγκη
1240 2725 1324 2762 σοι
1363 2708 1492 2777 περὶ
1546 2705 1736 2758 τούτου
1775 2705 1950 2775 χαράο

384 2803 471 2868 ξαι
500 2803 823 2873 γράμματα,
856 2802 949 2856 καὶ
1000 2801 1075 2871 μὴ
1128 2800 1288 2869 σιγὴν
1330 2799 1431 2869 τὴν
1470 2796 1650 2851 αἰτίαν
1684 2798 1944 2865 ἐνεγκεῖν.

388 2895 625 2948 ΙἌτοπον
658 2894 790 2963 γὰρ,
850 2893 909 2946 σὲ
942 2892 1043 2963 μὲν
1082 2892 1285 2963 τολμᾷν
1328 2890 1364 2944 ἀ
1404 2890 1479 2960 μὴ
1524 2890 1789 2961 προσήκει
1812 2888 1944 2959 γρά-

385 3000 541 3053 φειν’
588 2983 689 3055 ἐμὲ
723 2984 767 3036 δ’
819 2982 1253 3036 ἀντεπιστέλλειν
1302 2981 1373 3035 τὰ
1414 2980 1597 3032 δίκαια
1636 2979 1943 3032 κατοκνεῖν.

1475 3069 1552 3131 δὲ,
1581 3069 1681 3139 τὴν
1718 3068 1948 3138 ἡσυχίαν
1976 3032 2019 3091 c

384 3162 629 3236 ἀνῆγον.
670 3165 889 3235 Ἐπειδὴ
926 3163 983 3215 δὲ
1032 3162 1374 3233 μεμήνυκας,
1414 3160 1451 3214 ἃ
1482 3160 1620 3231 μήτε
1665 3158 1776 3228 ἐγὼ
1806 3159 1952 3212 σεσί-

385 3275 551 3327 γηκα,
582 3256 674 3310 καὶ
699 3255 802 3325 τῆς
844 3256 944 3324 σῆς
973 3253 1165 3321 σοφίας
1185 3251 1261 3321 τῷ
1288 3251 1464 3304 δοκεῖν
1489 3249 1698 3320 τάληθῆ
1732 3249 1951 3319 μέμψα-

388 3351 511 3402 σθαι
530 3348 641 3419 (ὃῖ)
700 3346 1063 3419 περιγίνεται.
1122 3343 1425 3412 Βουλοίμην
1481 3342 1582 3413 μὲν
1638 3338 1731 3395 οὖν
1782 3342 1950 3411 μηδὲν

388 3439 583 3510 πικρὸν
615 3438 748 3507 μηδὲ
781 3425 1251 3505 καταφρονητικὸν
1301 3433 1540 3487 ἐκθεῖναι
1561 3434 1685 3495 ταῖς
1723 3430 1944 3484 ἀποδεί-

390 3526 551 3593 ξεσι-ν
590 3527 648 3579 οὐ
681 3525 789 3596 γὰρ
835 3524 1044 3595 ἑτέροις
1086 3522 1207 3591 ἥκω
1251 3521 1437 3585 κακῶς
1463 3519 1670 3584 λέξωνο
1720 3518 1838 3573 ἀλλ’
1873 3519 1952 3582 ὡς

387 3618 487 3671 οὐκ
514 3616 674 3680 αὐτὸς
702 3617 947 3687 ἥμαρτον
996 3613 1317 3679 ἀποδείξων.
1352 3613 1415 3665 Ei.
1453 3611 1512 3664 δέ
1537 3629 1593 3664 τι
1649 3610 1742 3664 ὑπ’
1781 3609 1953 3680 αὐτῆς

388 3710 487 3779 τῆς
523 3709 766 3777 ἀνάγκης
820 3706 993 3759 εἰπεῖν
1024 3702 1321 3767 ἐκϐιασθῶ,
1367 3705 1437 3773 τῇ
1460 3701 1569 3755 τῶν
1605 3702 1953 3772 πραγμάτων

388 3801 569 3867 φύσει,
602 3798 663 3849 οὐ
719 3798 784 3865 τῇ
837 3794 931 3847 τοῦ
980 3793 1285 3864 γράφοντος
1316 3790 1510 3863 γνώμῃ
1538 3790 1638 3861 τὴν
1665 3791 1845 3843 αἰτίαν
1866 3790 1955 3843 λο-

388 3890 625 3956 γιστέον.
671 3885 942 3958 Ἀρξομαι
990 3885 1049 3938 δὲ
1100 3884 1194 3953 ἀφ’
1236 3877 1310 3937 ὧν
1353 3882 1518 3945 αὐτὸς
1568 3882 1833 3954 ἔγραψας.
1880 3881 1946 3934 Et

388 3980 497 4050 γὰρ
528 3976 823 4049 γεγραφὼς
854 3972 1116 4037 πολλάκις
1168 3972 1242 4036 ὥς
1263 3989 1407 4042 φημι
1438 3972 1713 4042 προσῆκεν
1735 3984 1751 3999 ⁸
1786 3970 1955 4039 ὅνπερ

387 4072 452 4138 δὴ
486 4070 731 4139 προσῆκε
758 4068 956 4139 τρόπον
977 4084 993 4098 ο
1025 4065 1163 4137 πρὸς
1181 4063 1442 4117 Εὐσέϐιον
1486 4063 1582 4115 καὶ
1621 4060 1952 4132 Μαρτιανδν,

387 4161 635 4231 ῖιῦσιμὸν
689 4176 747 4211 τε
800 4158 894 4210 καὶ
942 4158 1207 4227 Μάρωνα.
1258 4154 1399 4207 ὥστε
1443 4153 1641 4217 κακίας
1686 4153 1784 4223 μὲν
1839 4153 1953 4223 (35)

389 4251 716 4317 ἀποστῆναι,
766 4250 863 4318 τῆς
913 4248 1032 4300 κατ’
1088 4244 1288 4317 ἀρετὴν
1330 4244 1386 4297 δὲ
1437 4243 1952 4313 ἀντιλαμϐάνεσθαι,

388 4338 508 4395 εἶτα
534 4341 680 4394 τοῦτ’
710 4341 810 4393 οὐκ
862 4338 1077 4405 ἔπεισα,
1120 4337 1364 4408 ποτέρων
1416 4337 1451 4407 ἡ
1481 4335 1819 4407 κατηγορία;
1860 4335 1955 4388 καί

392 4449 480 4502 μοι
511 4432 689 4501 δοκεῖς
736 4429 878 4499 λόγῳ
930 4430 1028 4497 μὲν
1077 4428 1178 4497 ἐμὲ
1220 4425 1540 4480 αἰτιᾶσθαι·
1575 4426 1722 4496 ἔργῳ
1742 4427 1787 4479 δ’
1807 4426 1951 4479 ὲκεί-

388 4540 509 4584 νους
546 4520 852 4590 κωμῳδεῖν.
900 4519 959 4570 Ὀ
994 4517 1069 4589 μὴ
1112 4516 1449 4586 πειθόμενοςε
1469 4516 1768 4585 κορυφαίῳ,
1796 4516 1955 4587 χορὸς

384 4616 667 4680 ἄμουσος·
720 4613 748 4663 ὁ
805 4610 879 4680 μὴ
926 4608 1248 4677 πειθόμενος
1314 4607 1505 4678 ἰατρῷ,
1560 4606 1762 4669 ἄθλιος.
1802 4606 1861 4659 Ὀ
1899 4607 1958 4659 δὲ

388 4705 681 4772 κορυφαῖος
712 4702 805 4755 καὶ
841 4702 1046 4771 ἰατρὸς,
1087 4699 1191 4763 ἔξω
1229 4698 1407 4761 αἰτίας
1445 4696 1801 4767 ὲσκήνωνται.
1834 4695 1958 4748 Τῶν

385 4794 494 4862 γὰρ
533 4792 765 4863 μάλιστα
793 4791 1132 4861 δυνηθέντων
1165 4789 1361 4854 είπεῖν,
1391 4788 1488 4841 καὶ
1515 4787 1781 4858 μεγίστην
1799 4786 1957 4849 δόξαν

387 4878 482 4932 ἐπὶ
540 4883 797 4951 φρονήσει
855 4880 1153 4944 λαϐόντων,
1217 4877 1394 4941 οὐδείς
1463 4879 1633 4943 ἐστιν,
1690 4877 1750 4941 ὃς
1810 4876 1956 4931 τοῦτ’

464 5052 508 5085 ³⁸
541 5053 714 5108 Exod.
752 5071 846 5123 xx,
872 5055 957 5112 12.

2048 2080 2249 2149 Optima
2282 2080 2562 2135 audientes
2605 2078 2835 2148 monita,
2863 2095 2967 2135 non
3004 2081 3327 2136 adhiberent
3358 2080 3618 2146 animum,

2049 2184 2115 2225 ac
2146 2171 2467 2241 semetipsos
2511 2169 2655 2225 ultro
2682 2184 2768 2236 ea,
2797 2185 2917 2241 qua:
2959 2185 3026 2227 ex
3069 2170 3329 2240 ejusmodi
3362 2170 3621 2226 orationi-

2048 2262 2151 2317 bus
2204 2263 2510 2317 redundare
2556 2269 2795 2330 poterat,
2845 2262 3080 2319 utilitate
3139 2263 3437 2332 privarent.
3507 2262 3618 2317 Sed

2049 2354 2334 2421 sperabam
2394 2351 2712 2422 simpliciter
2766 2366 3210 2422 unumquemque
3266 2353 3352 2408 vel
3402 2353 3457 2407 in
3522 2367 3618 2408 eos

2049 2443 2436 2498 translaturum
2467 2443 2961 2513 reprehensionem,
2976 2444 3066 2515 qui
3091 2445 3252 2499 rectis
3269 2445 3487 2500 monitis
3510 2462 3617 2499 non

2048 2532 2537 2601 obtemperassent,
2577 2535 2659 2589 vel
2701 2548 2875 2604 neque
2921 2535 3049 2603 illis,
3092 2548 3269 2605 neque
3295 2535 3425 2591 mihi
3457 2535 3618 2590 ullam

2049 2626 2380 2695 ingesturum
2429 2626 2883 2697 obiurgationem.
2947 2625 3084 2695 Quia
3153 2642 3283 2683 vero
3335 2641 3400 2683 eo
3439 2643 3612 2697 usque

2047 2714 2315 2785 procedis,
2338 2724 2397 2769 ut
2420 2729 2504 2769 me
2528 2715 2822 2784 vituperes,
2848 2723 2927 2780 tu,
2965 2716 3208 2783 inquam,
3231 2716 3323 2785 qui
3348 2716 3484 2770 nihil
3507 2718 3605 2770 hac

2050 2806 2144 2860 bes
2165 2807 2364 2868 dicere,
2405 2805 2497 2859 sed
2529 2806 2709 2859 omnia
2756 2819 2970 2874 quoque
3015 2812 3270 2874 tanquam
3302 2806 3479 2860 divina
3515 2821 3615 2860 ex-

2059 2894 2236 2959 tollis,
2276 2909 2339 2948 ac
2370 2908 2533 2947 unum
2581 2893 2844 2947 duntaxat
2876 2902 2930 2948 te
2967 2893 3165 2947 habere
3211 2894 3342 2947 satis
3399 2892 3611 2946 ﬁrmum

2054 2984 2359 3050 arbitraris,
2389 2997 2583 3053 nempe
2617 2984 2759 3053 quod
2785 2998 2889 3038 non
2934 2982 3199 3051 potuerim
3232 2983 3559 3051 persuadere
3593 3026 3608 3037 .

2052 3076 2346 3131 necessitas
2368 3075 2626 3145 postulat,
2652 3084 2713 3130 ut
2735 3073 2829 3129 tibi
2849 3076 2946 3128 hac
2963 3073 3032 3128 de
3054 3089 3112 3129 re
3129 3074 3360 3129 scribam
3386 3073 3617 3137 litteras.

2051 3182 2227 3238 neque
2271 3167 2626 3231 committam,
2680 3176 2739 3221 ut
2788 3165 3004 3220 silentio
3059 3165 3273 3236 culpam
3324 3167 3611 3237 agnovisse

2052 3258 2256 3313 videar.
2308 3256 2611 3311 Ahsurdum
2651 3257 2795 3311 enim
2843 3253 3031 3319 fuerit,
3080 3263 3139 3309 ut
3179 3264 3233 3310 tu
3283 3257 3498 3326 quidem
3544 3273 3609 3312 ca

2052 3362 2173 3417 quae
2214 3361 2316 3401 non
2353 3348 2510 3402 decet
2585 3348 2828 3403 scribere
2875 3349 3061 3417 ausis;
3116 3364 3217 3421 ego
3267 3359 3445 3407 autem
3474 3352 3617 3421 iusta

2053 3436 2353 3491 rescribere
2374 3452 2479 3491 non
2509 3437 2702 3492 ausim.
2736 3437 2870 3493 Nam
2893 3438 2941 3494 si
2969 3439 3183 3509 quidem
3206 3440 3443 3498 dixisses
3497 3454 3589 3498 tan

2056 3536 2189 3593 tum,
2224 3544 2328 3583 non
2358 3529 2526 3583 etiam
2571 3530 2880 3600 scripsisses
2904 3531 3051 3596 talia,
3087 3531 3413 3602 quievissem
3459 3548 3612 3590 sane.

2054 3618 2316 3686 Quoniam
2351 3630 2529 3673 autem
2555 3620 2870 3689 signiﬁcasti
2902 3633 2990 3686 ea,
3043 3636 3165 3691 quas
3210 3637 3384 3691 neque
3408 3638 3508 3690 ego
3531 3640 3617 3679 re-

2055 3711 2207 3776 ticui,
2238 3719 2294 3765 et
2319 3718 2463 3765 tuam
2496 3711 2842 3780 sapientiam,
2897 3725 3018 3781 quae.
3075 3712 3182 3767 sibi
3234 3714 3446 3768 videtur
3489 3729 3616 3768 vera

2055 3796 2281 3852 crimina
2352 3796 2657 3866 obiecisse,
2725 3808 3002 3865 superant.
3062 3799 3207 3855 Nihil
3238 3800 3419 3871 itaque
3459 3802 3616 3857 velim

2056 3886 2249 3940 acerbe
2280 3899 2456 3953 neque
2502 3887 2853 3956 contemptim
2893 3889 3227 3959 argumentis
3274 3890 3620 3960 interponere

2057 3978 2182 4049 (non
2204 3975 2347 4032 enim
2378 3991 2443 4032 ea
2469 3991 2631 4033 causa
2654 3978 2868 4042 adsum,
2907 3988 2968 4033 ut
2997 3978 3119 4034 aliis
3143 3979 3484 4047 maledicam,
3518 3984 3611 4038 sed

2056 4077 2115 4122 ut
2139 4066 2441 4131 ostendam,
2469 4082 2556 4122 me
2591 4068 2678 4123 hic
2718 4068 2850 4122 nihil
2895 4068 3191 4138 peccasse).
3228 4068 3287 4124 Si
3324 4071 3453 4141 quid
3490 4088 3622 4127 vero

2057 4158 2173 4228 ipsa
2223 4171 2309 4212 me
2361 4168 2521 4228 cogat
2561 4158 2742 4214 dicere
2796 4160 3113 4225 necessitas,
3168 4159 3287 4229 ejus
3329 4161 3405 4217 rei
3456 4176 3617 4217 causa

2057 4255 2264 4301 natura;
2322 4246 2686 4316 negotiorum,
2737 4260 2846 4300 non
2899 4254 3077 4301 autem
3131 4260 3265 4302 mea:
3318 4245 3614 4302 scribentis

2057 4334 2319 4388 voluntati
2353 4334 2668 4403 imputanda
2690 4342 2791 4389 est.
2826 4334 3028 4390 Ducam
3058 4349 3190 4392 vero
3219 4336 3347 4391 hinc
3372 4336 3618 4399 initium,

2060 4425 2126 4480 de
2158 4439 2267 4494 quo
2311 4424 2425 4494 ipse
2450 4425 2736 4495 scripsisti.
2770 4425 2827 4480 Si
2877 4425 2964 4482 vel
3010 4426 3266 4494 maxime,
3315 4441 3440 4483 cum
3480 4442 3624 4497 saepe

2058 4514 2391 4585 scripserim,
2418 4529 2519 4585 pro
2544 4529 2610 4571 eo
2642 4529 2706 4571 ac
2727 4516 2951 4571 decebat
2980 4518 3063 4587 (ut
3090 4526 3237 4573 certe
3279 4518 3524 4586 decebat)
3556 4520 3621 4572 ad

2058 4605 2352 4660 Eusebium
2380 4612 2436 4659 et
2461 4604 2780 4660 Martianum
2815 4616 2870 4661 et
2898 4607 3173 4663 Zosimum
3224 4615 3279 4662 et
3318 4606 3614 4671 Maronem,

2061 4698 2305 4752 hortatus
2331 4709 2448 4762 eos,
2474 4706 2536 4751 ut
2584 4711 2616 4751 a
2640 4697 2787 4751 vitiis
2811 4698 3025 4768 quidem
3061 4707 3117 4753 et
3153 4699 3497 4766 improbitate
3523 4699 3619 4754 de-

2060 4788 2338 4853 sisterent,
2365 4788 2431 4844 ad
2463 4788 2629 4843 vitam
2662 4802 2790 4843 vero
2813 4790 3110 4844 secundum
3142 4789 3395 4844 virtutem
3418 4790 3621 4859 degen-

2061 4876 2182 4931 dam
2212 4876 2447 4933 studium
2471 4889 2634 4932 omne
2661 4890 2817 4933 suum
2842 4876 3155 4933 conferrent
3200 4877 3250 4932 id
3280 4887 3459 4935 tamen
3485 4878 3618 4950 ipsis

1510 5204 1742 5261 VARUE
1779 5204 2159 5262 LECTIONES
2191 5206 2280 5263 ΕΤ
2318 5208 2549 5264 ΝΟΤιΕ.

460 5369 570 5436 (ὅθ)
606 5367 707 5421 Pro
753 5367 860 5429 his,
892 5366 1034 5434 φίλε,
1067 5365 1353 5436 ἐγενόμην..
1382 5363 1495 5436 hmc
1535 5365 1658 5436 cod.
1702 5366 1816 5420 Vat.
1853 5366 1957 5420 650

387 5431 683 5497 substituit,
716 5431 969 5502 φιλαίτιε,
1002 5431 1263 5501 γενοίμην
1290 5431 1350 5483 οὐ
1386 5434 1512 5501 μήν.
1535 5431 1744 5486 Possm.

435 5510 589 5595 ν(51)¹
612 5506 756 5558 luter
783 5504 1030 5555 τοσοῦτον
1065 5513 1119 5557 et
1158 5502 1420 5571 προήκεις
1467 5502 1605 5554 idem
1644 5502 1834 5569 inserit
1865 5520 1955 5555 σο-

389 5575 931 5716 φιῗὲῥ)1ἳίέμφεσθαι
985 5638 1171 5693 scribit
1221 5636 1362 5691 idem
1412 5652 1506 5704 pro
1538 5637 1871 5708 μέμψασθαι,
1906 5652 1961 5695 et

2056 5369 2504 5441 mogé‘ipuidpqv
2546 5383 2642 5437 pro
2677 5369 2986 5441 βουλοίμην.
3019 5370 3095 5426 lo.

2126 5440 2238 5506 (55)
2266 5439 2386 5512 Post
2436 5441 2635 5512 κακίας
2679 5439 2788 5509 μὲν
2829 5439 2947 5512 quae
2991 5448 3289 5512 sequuntur
3325 5457 3512 5512 itaque
3550 5445 3616 5496 ad

2056 5500 2173 5558 εἶτα
2200 5500 2342 5559 τοῦτ’
2382 5500 2701 5571 exclrrsive,‘
2737 5511 2815 5563 sic
2848 5500 2994 5563 'hahe
3036 5503 3099 5564 ei
3147 5513 3265 5566 cod.
3320 5500 3445 5567 Vat'.
3493 5513 3651 5568 650.ο

2056 5576 2433 5647 ἀποφοιτῆσαι,
2457 5578 2657 5648 ἀρετῆς
2684 5578 2740 5631 δὲ
2762 5580 3157 5635 ἀντιλαϐέσθαι.
3190 5582 3264 5635 ID.
