4020 6140
467 308 603 378 .1295

1645 307 1702 364 S.
1743 305 2033 364 ISIDORI
2070 303 2504 365 PELUSIOTE

3581 303 3708 370 1296

467 445 574 490 non
615 425 878 498 persuasi,
913 423 1084 477 utrius
1106 419 1275 488 partis
1308 419 1423 473 haec
1475 428 1556 474 est
1590 421 1789 490 culpa?
1819 419 2031 474 Videris

2137 419 2414 488 ἐξέφυγεν,
2471 420 2531 472 οὐ
2586 420 2736 491 παρὰ
2790 419 2886 490 τὴν
2943 419 3151 472 οἰκείαν
3209 418 3523 485 ἀσθένειαν,
3578 422 3708 478 ἁλλά

468 529 647 574 autem
686 516 816 569 mihi
848 516 1012 567 verbo
1044 512 1260 580 quidem
1310 511 1362 563 in
1411 523 1497 562 me
1523 509 1734 579 culpam
1765 510 2027 578 rejicere;

470 611 641 678 reipsa
698 621 826 660 vero
883 604 1004 658 illos
1079 604 1384 656 traducere.
1447 601 1548 668 Qui
1604 601 1885 670 prrsidem
1924 617 2028 655 non

464 699 752 760 auscultat,
784 697 982 749 chorus
1007 694 1360 747 inconcinnus
1407 703 1521 757 est;
1565 693 1655 761 qui
1689 692 1896 746 medico
1924 706 2029 744 non

466 792 822 858 obtemperat,
859 789 1021 840 miser
1056 796 1140 838 est
1177 803 1190 840 :
1236 796 1290 839 at
1322 799 1522 853 prreses
1545 784 1696 839 chori
1737 782 1951 847 musici,
1978 792 2034 836 et

465 880 724 942 medicus,
781 888 938 931 extra
995 876 1207 943 culpam
1250 883 1354 928 est.
1394 872 1526 927 Nam
1565 882 1620 928 et
1655 872 1887 939 illorum,
1943 873 2030 940 qui

464 971 750 1038 plurimum
807 968 1030 1021 dicendo
1074 966 1388 1029 valuerunt,
1449 965 1852 1033 maximamque
1904 977 2033 1031 pru-

463 1061 656 1116 dentia:
685 1061 988 1128 Opinionem
1018 1068 1070 1111 et
1126 1057 1350 1125 gloriam
1403 1056 1632 1110 assecuti
1679 1064 1824 1117 sunt,
1864 1068 2025 1107 nemo

452 1161 566 1215 est,
601 1151 691 1219 qui
746 1152 846 1203 hoc
893 1148 1129 1218 effugere
1175 1147 1410 1217 potuerit
1455 1148 1663 1202 crimen
1700 1145 1770 1216 (si
1823 1145 2030 1199 crimeu

457 1242 845 1313 "appellandum
876 1242 1005 1307 est),
1045 1238 1205 1306 idque
1241 1253 1344 1292 non
1386 1237 1457 1292 ob
1505 1251 1656 1292 suam
1689 1235 2034 1290 imbecillita-

468 1343 653 1397 tatem,
712 1332 805 1386 sed
841 1330 984 1393 ideo,
1042 1329 1167 1397 quia
1226 1329 1498 1383 auditores
1535 1328 1586 1381 in
1622 1341 1715 1380 sua
1768 1333 2034 1395 potestate

466 1426 665 1482 habent
712 1424 870 1478 ﬁnem
903 1421 1015 1490 (qui
1063 1428 1144 1473 est
1169 1445 1175 1452 ν
1201 1417 1528 1487 persuasio),
1567 1428 1785 1486 propter
1815 1417 2035 1470 liberta-

469 1527 572 1570 tem
598 1514 829 1568 arbitrii.
855 1512 1024 1578 Quam
1060 1509 1225 1564 etiam
1251 1510 1319 1562 ob
1347 1523 1566 1563 causam
1603 1507 1754 1560 ﬁrma
1783 1507 2032 1561 consistit

463 1606 648 1676 iudicii
691 1604 847 1658 ratio.
877 1598 1234 1672 531-532
1284 1599 1350 1653 Et
1378 1599 1504 1666 quid
1558 1598 1752 1652 attinet
1791 1597 2036 1651 homines

468 1709 914 1760 commemorare,
938 1707 1059 1747 cum
1088 1693 1140 1744 in
1161 1700 1410 1762 promptu
1434 1689 1587 1743 sitab
1609 1689 1724 1757 ipso
1757 1686 2034 1742 Salvatore

468 1788 832 1856 exemplorum
891 1797 1085 1854 capere
1150 1780 1545 1851 primordium?
1605 1780 1830 1847 Quando
1890 1781 2032 1834 enim
2069 1769 2110 1823 Β

467 1879 631 1935 Judaei
691 1889 747 1933 et
791 1881 982 1931 horum
1031 1873 1367 1944 cognominis
1432 1871 1633 1936 ludas,
1693 1872 1765 1924 illi
1819 1871 2033 1940 quidem

470 1969 710 2023 inﬁdeles
759 1965 1071 2029 manebant,
1114 1973 1168 2019 et
1223 1963 1498 2018 Christum
1545 1976 1576 2016 e
1625 1963 1799 2016 medio
1850 1960 2036 2014 tollere

469 2059 820 2124 conabantur,
851 2056 953 2112 iste
975 2070 1105 2110 vero
1151 2055 1400 2110 eumdem
1454 2053 1684 2122 prodere
1724 2053 2031 2116 nitebatur,

471 2161 599 2204 tunc
631 2148 818 2204 aeterni
853 2147 1028 2202 Patris
1062 2145 1294 2201 Verbum
1321 2144 1516 2198 talibus
1555 2143 1736 2198 verbis
1772 2145 2031 2198 utebatur

472 2238 706 2308 (tametsi
757 2236 898 2305 apud
932 2235 1181 2290 homines
1231 2249 1292 2288 ea
1336 2234 1471 2288 nihil
1529 2233 1870 2303 proﬁcerent,
1916 2247 2035 2304 quae.

470 2327 704 2399 lapidum
751 2341 966 2396 quoatte
1006 2334 1255 2378 naturam
1287 2322 1559 2379 inﬂectere
1588 2339 1745 2392 posse
1778 2324 2036 2378 videban-

472 2419 622 2489 tur),
657 2431 798 2472 nttnc
825 2415 1038 2486 quidem
1063 2414 1288 2483 iustitiae
1312 2414 1611 2470 rationibus
1647 2429 1742 2470 eos
1777 2429 2036 2471 revocans

470 2526 500 2565 a
531 2509 798 2572 facinore,
841 2521 982 2562 nunc
1018 2521 1148 2561 vero
1187 2504 1573 2575 suppliciorum
1607 2505 2032 2560 comminatione

471 2597 704 2664 ipsorum
731 2595 988 2652 malitiam
1015 2598 1333 2666 reprimens.
1352 2595 1490 2662 Quid
1508 2594 1671 2665 igitur
1689 2594 1712 2647 Τ
1731 2592 1871 2648 Num
1906 2595 2035 2664 ipsis

471 2684 931 2757 persuasit?Nihil
947 2687 1146 2751 minus.
1191 2687 1300 2743 Cur
1316 2688 1389 2742 ita
1404 2685 1575 2752 ?Quia
1599 2694 1658 2740 ut
1681 2685 2034 2755 persuadean-

474 2785 561 2833 tur
585 2777 880 2845 auditores,
909 2787 962 2832 et
989 2779 1042 2832 in
1073 2779 1395 2834 sententiam
1427 2778 1658 2848 aliquam
1677 2777 2038 2846 perducantur

475 2867 721 2931 dicendo,
755 2868 837 2923 vel
869 2883 972 2923 nou
993 2911 1008 2935 ,
1037 2869 1276 2939 ipsorum
1310 2870 1364 2924 in
1403 2879 1669 2941 potestate
1713 2870 1876 2924 situm
1917 2883 2038 2924 esse

472 2967 702 3028 oportet.
729 2960 798 3014 ob
815 2975 955 3026 eam,
981 2976 1140 3030 quam
1166 2961 1298 3028 dixi,
1317 2960 1528 3017 arbitrii
1547 2960 1870 3015 libertatem.
1897 2958 2060 3036 Num

2141 509 2294 579 παρὰ
2340 512 2399 562 τὸ
2449 511 2574 574 τοὺς
2608 510 2882 580 ἀκροατὰς
2939 511 3162 581 κυρίους
3206 506 3346 562 εἶναι
3379 510 3476 562 τοῦ
3507 512 3708 576 τέλους,

2131 600 2220 653 διὰ
2247 601 2336 653 τὸν
2359 603 2458 670 τῆς
2488 601 2972 672 αὖτεξουσιότητος
3001 601 3145 672 ὅρον.
3184 601 3273 653 Διὸ
3301 602 3414 669 (54)
3448 603 3541 654 καὶ
3570 605 3597 654 6
3617 605 3709 673 τῆς

2138 692 2374 763 κρίσεως
2429 692 2644 760 βέϐαιος
2700 693 2935 761 ὑπάρχει
2972 692 3148 759 λόγος.
3209 691 3320 744 Καὶ
3365 692 3417 743 τί
3459 693 3544 744 δεῖ
3588 695 3712 755 τοὺς

2133 782 2453 848 ἀνθρώπους
2473 783 2672 850 λέγειν,
2699 782 2817 848 ἐξὸν
2849 782 2907 846 ἐξ
2929 767 3091 834 αὐτού
3121 782 3214 834 τοῦ
3246 769 3500 851 Σωτῆρος
3530 784 3712 834 λαϐεῖν

2132 872 2239 926 τῶν
2265 862 2722 944 παραδειγμάτων
2753 875 2852 945 τὴν
2896 874 3110 944 ἀρχήν;
3149 874 3278 925 Ὅτε
3308 874 3417 944 γὰρ
3469 874 3713 926 Ἰουδαῖοι

2133 965 2228 1018 καὶ
2275 967 2302 1018 6
2334 965 2536 1018 τούτων
2578 965 2885 1036 ἐπώνυμος,
2931 966 2980 1017 oi
3034 965 3132 1034 μὲν
3170 965 3456 1034 ἠπίστουν,
3497 967 3589 1018 καὶ
3623 967 3714 1018 ἀν-

2134 1057 2273 1109 ελεῖν
2301 1056 2636 1126 ἐπεχείρουν,
2669 1059 2696 1109 6
2737 1057 2792 1108 δὲ
2825 1055 3131 1126 προδιδόναι
3151 1056 3429 1126 ἐπειρᾶτο,
3453 1055 3714 1118 τοιούτοις

2145 1147 2321 1215 λόγοις
2351 1149 2618 1217 ἐχρήσατο
2646 1149 2673 1199 6
2695 1147 2864 1216 Λόγος
2888 1148 2916 1178 ’⁸
2931 1147 3131 1218 καίπερ
3171 1148 3229 1200 οὐ
3262 1151 3372 1211 τοῖς
3404 1147 3711 1217 ἀνθρώποις

2133 1239 2160 1291 6
2189 1237 2344 1305 λόγος
2370 1237 2505 1308 (55),
2556 1237 2604 1289 οἳ
2636 1237 2731 1290 καὶ
2773 1239 2870 1308 τὴν
2915 1238 3023 1289 τῶν
3081 1237 3248 1291 λίθων
3283 1237 3445 1305 φύσιν
3479 1238 3707 1299 εἰκότως

2132 1329 2424 1381 δεινότατοι
2490 1324 2630 1398 ἦσαν
2686 1328 2994 1396 ἐπικάμψαι
3027 1344 3042 1357 °
3123 1326 3252 1379 ποτέ
3307 1326 3406 1397 μέν
3457 1328 3568 1388 τοῖς
3613 1326 3711 1378 τοῦ

2134 1421 2342 1475 δικαίου
2377 1420 2657 1490 λογισμοῖς
2695 1420 2964 1488 ἀνείργων
2992 1437 3006 1452 ·
3057 1420 3190 1472 ποτὲ
3218 1420 3275 1472 δὲ
3308 1422 3374 1489 τῇ
3402 1419 3510 1471 τῶν
3533 1435 3709 1487 τιμω-

2138 1509 2271 1578 ριῶν
2321 1506 2517 1576 ἀπειλῇ
2547 1509 2885 1562 ἀναστέλλων
2907 1509 3086 1562 αὐτῶν
3125 1510 3221 1580 τὴν
3251 1511 3465 1562 κακίαν.
3497 1509 3562 1560 Τί
3586 1506 3707 1571 οὖν;

2138 1599 2426 1662 Ἔπεισεν;
2465 1598 2748 1668 Οὐδαμῶς.
2780 1600 2878 1653 Διὰ
2901 1599 2992 1666 τίς
3034 1601 3252 1669 Ἐπειδὴ
3291 1600 3385 1652 τοῦ
3420 1600 3705 1668 πεισθῆναι

2135 1690 2354 1760 καὶμὴ,
2380 1692 2508 1754 τοὺς
2547 1690 2844 1754 ἀκούοντας
2886 1691 3108 1762 κυρίους
3150 1687 3291 1744 εἶναι
3350 1693 3455 1762 χρὴ
3498 1692 3588 1744 διὰ
3619 1692 3709 1744 τὸν

2135 1781 2236 1849 τῆς
2285 1779 2786 1852 αὐτεξουσιότητος,
2846 1781 2921 1845 ὡς
2971 1781 3126 1851 ἔφην,
3173 1783 3320 1852 ὅρον.
3356 1773 3482 1852 ’Ἆρ’
3520 1778 3705 1842 οὗν,εἰ

2136 1871 2254 1925 κατ’
2290 1873 2496 1925 ἐκεῖνον
2529 1873 2804 1941 ἐγεγόνεις
2837 1873 2926 1926 τὸν
2959 1875 3170 1945 χρόνον,
3203 1874 3512 1944 προσῆλθες
3539 1874 3604 1926 ἂν
3630 1873 3705 1943 τῷ

2134 1961 2252 2032 Θεῷ
2277 1964 2457 2033 Λόγῳ,
2489 1965 2583 2017 καὶ
2607 1965 2953 2036 κατῃτιὰσω;
2980 1967 3093 2018 Οὐκ
3122 1964 3331 2027 ἔσωσας
3351 1966 3441 2017 τὸν
3485 1965 3701 2019 Ἰούδαν.

2134 2055 2326 2108 Καίτοι
2352 2055 2527 2122 λέγων
2559 2056 2658 2108 οὐκ
2689 2055 2893 2110 ἔσωσεν
2921 2073 2934 2086 ·
2983 2057 3097 2110 ἀλλ’
3127 2053 3282 2126 οἶμαι
3329 2057 3538 2118 πάντας
3561 2057 3625 2109 ἄν
3648 2073 3706 2108 σε

2136 2145 2523 2217 παραπληξίας
2552 2147 2646 2201 καὶ
2677 2147 2775 2216 τῆς
2813 2147 3046 2218 ἐσχάτης
3079 2146 3398 2216 γράψασθαι
3447 2147 3707 2200 ἀπαιδευ-

2138 2236 2277 2300 σίας.
2303 2237 2414 2290 Τοῦ
2441 2237 2542 2307 μὲν
2572 2238 2680 2309 γὰρ
2711 2238 3051 2302 διδάσκοντός
3085 2240 3226 2303 ἐστι,
3248 2238 3310 2292 τὸ
3339 2237 3508 2308 μηδὲν
3542 2254 3708 2307 παρα-

2135 2326 2316 2396 λεῖψαι
2353 2326 2463 2380 τῶν
2515 2329 2791 2398 φερόντων
2834 2330 2913 2391 είς
2963 2327 3170 2382 πειθώο
3203 2328 3311 2381 τῶν
3337 2328 3381 2380 δ’
3423 2328 3708 2399 ὰκροωμέι

2128 2436 2262 2483 -νων,
2318 2419 2378 2472 τὸ
2427 2418 2740 2489 πεισθῆναι,
2801 2420 2897 2472 καὶ
2959 2420 3053 2488 μή.
3091 2418 3295 2471 Τούτου
3335 2417 3512 2472 τοίνυν
3556 2417 3708 2471 οὐδὲν

2135 2507 2380 2576 διαφέρει
2413 2507 2510 2560 καὶ
2554 2507 2614 2559 τὸ
2642 2507 2835 2576 παρὸν,
2878 2507 2926 2559 εί
2970 2506 3069 2577 τὴν
3096 2507 3277 2560 αἰτίαν
3315 2505 3425 2559 τῶν
3468 2507 3542 2577 μὴ
3590 2522 3707 2558 πει-

2139 2597 2371 2650 σθέντων
2413 2597 2441 2649 6
2475 2597 2549 2668 μὴ
2575 2596 2853 2661 πεπεικὼς
2903 2597 3145 2667 οἴσομαι.
3195 2598 3256 2649 Εἰ
3301 2597 3347 2649 δ’
3389 2595 3703 2666 Ἕλληνεςῆ

2149 2688 2391 2741 Ἰουδαῖοι
2449 2689 2582 2758 πρὸς
2616 2688 2773 2741 τοῦτο
2805 2689 3142 2741 ἀντείποιενο
3175 2687 3283 2759 χρὴ
3333 2687 3442 2759 γὰρ
3496 2687 3704 2758 μυρίοις

2136 2779 2432 2849 ὀφθαλμοῖς
2487 2779 2586 2842 τὰς
2645 2779 2947 2842 ἀντιθέσεις
3014 2782 3394 2855 περισκοπεῖν,
3449 2781 3546 2832 καὶ
3594 2781 3705 2849 (56)

2136 2869 2340 2932 ταύτας
2396 2870 2727 2940 ἀνατρέπειν
2755 2886 2768 2901 ο
2818 2870 2954 2940 πρὸς
3003 2870 3103 2940 μὲν
3151 2871 3393 2934 ἐκείνους
3440 2872 3701 2943 φήσομεν·

2138 2962 2218 3014 Δι’
2243 2963 2307 3031 ἣν
2338 2961 2515 3014 αἰτίαν
2546 2961 2574 3012 6
2608 2960 2762 3025 Ζεὺς,
2793 2959 2869 3024 ὥς
2904 2978 3068 3031 φησιν
3109 2962 3375 3033 Ὅμηρος,
3406 2963 3508 3016 οὐκ
3534 2962 3703 3016 ἔσωσε

475 3059 530 3104 ιιι
563 3051 745 3120 igitur,
769 3051 811 3105 si
841 3065 904 3106 eo
927 3061 1167 3120 tempore
1190 3053 1439 3117 vixisses,
1458 3051 1750 3106 acessisses
1774 3051 1840 3104 ad
1870 3050 2034 3104 Deum

2139 3052 2245 3105 τῶν
2278 3051 2540 3105 κινδύνων
2569 3051 2844 3119 φίλτατον,
2877 3052 3016 3105 ἀλλὰ
3061 3053 3450 3106 συνεϐούλευσε
3513 3054 3699 3124 μόνον;

472 3143 728 3208 Verbum,
776 3150 831 3196 et
886 3142 1099 3210 culpam
1161 3143 1212 3196 in
1269 3143 1442 3212 ipsum
1494 3139 2036 3212 conjecisses?(talia

2141 3144 2283 3212 Πρὸς
2308 3144 2365 3197 δὲ
2397 3143 2640 3208 τούτους,
2664 3143 2763 3195 Διὰ
2793 3144 2845 3196 τί
2897 3147 2955 3197 ὲν
2983 3145 3050 3215 τῇ
3097 3146 3310 3217 Παλαιᾷ
3342 3147 3428 3200 διὰ
3467 3147 3702 3209 Μωσέως

472 3232 715 3300 quzedam
749 3231 910 3285 verba
955 3231 1020 3284 ad
1059 3247 1180 3286 eum
1222 3231 1589 3302 proferens:)
1639 3230 1756 3286 Non
1809 3232 2037 3286 servasti

2140 3235 2233 3289 καὶ
2279 3235 2389 3287 τῶν
2442 3235 2615 3287 ἄλλων
2664 3235 2958 3305 προφητῶν
3001 3236 3243 3306 λαλήσας
3299 3240 3327 3291 6
3379 3237 3532 3302 Θεὸς,
3605 3237 3704 3290 οὐκ

473 3321 687 3374 ludam.
718 3320 1035 3389 Quanquam
1069 3323 1294 3376 dicendo
1342 3339 1446 3376 non
1497 3323 1732 3377 servavit
1761 3338 1905 3378 eum.
1933 3321 2037 3376 Sed

2139 3322 2342 3375 ἔσωσεν
2370 3322 2507 3393 (57),
2539 3321 2676 3374 ἀλλὰ
2708 3322 3152 3393 παρακουόμενος
3179 3326 3474 3396 τιμωρίαις
3510 3326 3704 3389 αὐτοὺς

475 3426 592 3465 mea
624 3411 839 3480 quidem
883 3412 1134 3481 opinione
1182 3427 1370 3467 omnes
1419 3422 1470 3468 te
1513 3414 1747 3467 habituri
1809 3412 2039 3467 fuissent

475 3517 571 3571 pro
596 3503 866 3566 demente,
919 3511 974 3556 et
1020 3504 1326 3557 accusaturi
1359 3515 1409 3556 te
1453 3511 1714 3556 extremae
1761 3502 2040 3571 imperitiae

476 3604 636 3661 atque
682 3594 948 3663 importun
975 3593 1122 3648 tatis.
1187 3593 1322 3647 Nam
1376 3595 1444 3649 ad
1529 3593 1765 3648 doctoris
1821 3591 2037 3663 quidem

475 3683 705 3739 ofﬁcium
741 3686 996 3753 pertinet,
1040 3685 1173 3738 nihil
1205 3700 1390 3740 eorum
1427 3701 1548 3756 qure
1594 3686 1658 3740 ad
1701 3685 2038 3752 persuaden-

475 3776 602 3830 dum
663 3774 842 3830 facere
883 3786 1127 3843 possunt,
1169 3779 1624 3846 praetermittere;
1673 3791 1838 3846 penes
1887 3776 2041 3829 audi-

477 3877 621 3923 tores
671 3881 796 3924 vero
838 3877 924 3924 est
977 3869 1062 3924 vel
1097 3868 1436 3939 persuaderi,
1495 3868 1576 3924 vel
1627 3885 1753 3925 nou.
1801 3869 1885 3924 Ab
1938 3869 2041 3924 hoc

477 3958 638 4028 igitur
687 3959 933 4030 exemplo
983 3975 1218 4028 praesens
1259 3974 1473 4028 quoque
1503 3960 1635 4014 uibil
1665 3961 1954 4029 discrepat,
1993 3959 2038 4014 si

476 4049 605 4102 mibi
639 4048 932 4119 imputetur
961 4049 1076 4117 ejus
1098 4050 1174 4104 rei
1203 4049 1354 4118 culpa
1381 4067 1394 4112 ;
1424 4049 1562 4117 quod
1590 4064 1706 4116 qua:
1734 4050 1899 4116 volui,
1930 4065 2037 4103 non

477 4139 853 4204 persuaserim.
911 4138 1064 4204 Quod
1101 4141 1146 4194 si
1197 4138 1368 4194 Graeci
1413 4149 1506 4193 aut
1549 4137 1716 4193 Judazi
1745 4148 2040 4195 occurrant

477 4227 616 4281 forte
644 4227 795 4282 nobis
824 4229 1056 4297 (oportet
1091 4229 1244 4282 enim
1294 4228 1567 4284 sexcentis
1610 4228 1780 4283 oculis
1824 4243 1888 4283 ea
1921 4243 2040 4297 quae

2142 3413 2438 3482 μετῆλθε-,νς
2495 3413 2660 3466 Ὅταν
2690 3413 2800 3483 γὰρ
2829 3429 2913 3477 τις
2953 3413 3108 3484 δίκην
3141 3414 3238 3486 δῷ,
3285 3416 3421 3486 ὁμοῦ
3447 3433 3504 3468 τε
3547 3417 3704 3470 κεκόο

2137 3503 2353 3566 λασται,
2378 3503 2473 3556 καὶ
2503 3503 2564 3554 τὸ
2597 3503 2673 3573 μὴ
2713 3503 3004 3556 πεπεῖσθαι
3030 3505 3107 3574 τῴ
3140 3505 3408 3576 νομοθέτῃ
3429 3506 3699 3559 δείκνυσι·

2144 3594 2338 3664 μᾶλλον
2373 3593 2430 3647 δὲ
2478 3593 2638 3656 αὐτὸς
2663 3594 2693 3645 6
2743 3593 3060 3663 νομοθέτης,
3106 3596 3189 3648 ὅτι
3217 3596 3278 3648 οὗ
3306 3595 3469 3667 πείσῃ
3500 3597 3704 3658 πάντας

2140 3684 2410 3754 χρηστοὺς
2441 3679 2600 3748 εῖναι,
2650 3683 2916 3752 προεῖδέν.
2968 3684 3025 3737 '0
3079 3685 3188 3756 γὰρ
3239 3686 3436 3755 ὁρίζων
3467 3687 3594 3756 περὶ
3623 3703 3702 3737 τι·

2144 3776 2376 3847 μωρίας,
2413 3777 2488 3839 ὡς
2519 3777 2580 3829 οὑ
2617 3775 2832 3840 καθέξει
2862 3777 2989 3839 τοὺς
3034 3779 3328 3846 πονηροὺς,
3371 3778 3528 3847 δῆλός
3562 3780 3703 3830 ἐστιν

2141 3866 2317 3929 είδώς.
2374 3869 2550 3936 Ὅπερ
2607 3871 2716 3941 γὰρ
2767 3868 2833 3922 ἂν
2893 3869 2971 3931 εἰς
3017 3868 3175 3921 τοῦτο
3228 3869 3696 3940 ἀπολογήσωνται,

2141 3957 2296 4010 τοῦτο
2323 3958 2413 4010 καὶ
2451 3959 2542 4011 ἐπὶ
2585 3959 2677 4012 τοῦ
2727 3959 2894 4013 Ἰούδα
2938 3958 3230 4024 λελέξεται.
3293 3959 3439 4012 Ἔδει
3489 3959 3587 4029 μὲν
3613 3954 3702 4012 οὖν

2140 4044 2370 4098 ἐνταῦθα
2401 4047 2591 4114 στῆναι
2614 4047 2712 4116 τὴν
2737 4047 3012 4112 ἀπόδειξιν
3040 4063 3054 4076 ο
3108 4048 3216 4100 πᾶν
3268 4046 3377 4118 γὰρ
3411 4048 3494 4101 ὅτι
3527 4049 3593 4101 ἂν
3613 4049 3703 4102 ἐπὶ

2140 4135 2276 4204 τῷδε
2331 4135 2546 4206 λεχΟείη
2589 4136 2961 4206 παράδειγμα,
3006 4134 3148 4189 τοῦδ’
3195 4136 3434 4190 ἔλαττον.
3493 4137 3559 4189 Τί
3599 4137 3704 4208 γὰρ

2142 4225 2470 4296 θαυμαστὸν,
2502 4228 2580 4289 εἰς
2603 4226 2887 4297 ἄνθρωπον
2908 4227 3100 4293 ἐλθεῖν,
3123 4227 3150 4280 ὃ
3177 4228 3271 4281 καὶ
3298 4227 3462 4282 αὐτοῦ
3480 4228 3572 4280 τοῦ
3594 4227 3706 4296 (58)

478 4315 532 4369 in
599 4317 928 4372 contrarium
993 4317 1173 4373 afferri
1237 4329 1504 4387 possunt,
1577 4321 2037 4390 circumspicere,

2140 4317 2315 4384 Λόγου
2350 4316 2554 4384 ἧψατο;
2588 4317 2650 4369 τὺ
2681 4317 2736 4370 δὲ
2764 4319 2839 4388 μὴ
2864 4318 3038 4371 δοκεῖν
3063 4320 3423 4388 εὐπρόσωπον
3447 4319 3711 4387 τεθηρευ-

475 4421 644 4474 eaque
685 4405 974 4478 evertere),
1007 4409 1075 4464 ad
1127 4408 1247 4464 illos
1296 4411 1510 4478 quidem
1566 4411 1806 4467 dicemus
1838 4410 2037 4478 :Quid,

2140 4406 2292 4458 κέναι
2317 4405 2611 4476 ῥαθυμίαν,
2643 4407 2764 4460 οὐδέ
2801 4407 2909 4460 τῶν
2949 4407 3255 4478 ἀνθρώπων
3301 4407 3597 4476 ἀφέξομαι.
3633 4410 3710 4459 Δι’

475 4510 674 4564 quaeso,
705 4511 881 4552 causa}
903 4507 1011 4561 est,
1039 4512 1138 4554 cur
1167 4498 1398 4568 Jupiter,
1429 4509 1486 4554 ut
1521 4501 1794 4556 Homerus
1838 4502 1934 4565 ait,
1968 4515 2035 4556 ex

2140 4496 2206 4567 ἢν
2237 4495 2419 4550 αἰτίαν
2476 4496 2656 4551 τοίνυν
2712 4499 2916 4568 Μωσῆς
2961 4499 3312 4552 κατελιοοῦτο
3362 4498 3711 4570 ἱεροφάντης,

475 4588 726 4654 periculis
764 4603 870 4644 non
896 4591 1126 4644 servarit
1178 4589 1593 4661 (Sarpedonem)
1630 4592 2032 4658 cbarissimum,

2160 4585 2386 4649 Ἡσαΐας
2444 4586 2499 4639 δὲ
2572 4587 2845 4657 ἐπρίζετο,
2907 4590 2936 4641 6
2986 4589 3094 4642 τῶν
3165 4589 3416 4660 Σεραφὶμ
3478 4588 3708 4658 θεωρός,

474 4680 566 4734 sed
619 4678 904 4733 consilium
964 4680 1014 4733 ei
1064 4688 1270 4734 tantum
1321 4680 1510 4733 dedit?
1555 4680 1637 4734 Ad
1677 4681 1775 4736 hos
1809 4691 2037 4736 autem:

2153 4677 2422 4748 Ἱερεμίας
2459 4677 2516 4731 δὲ
2550 4681 2630 4742 εἰς
2658 4680 2863 4733 λάκκον
2901 4680 3162 4752 βορϐόρου
3190 4680 3569 4748 ίκατεκλείετο,
3619 4681 3712 4731 καὶ

475 4771 610 4838 Quid
639 4784 800 4826 causa
829 4769 929 4825 fuit
961 4787 1058 4826 cur
1083 4773 1134 4825 iu
1160 4771 1339 4827 Veteri
1361 4769 1704 4827 Testametrto
1732 4787 1828 4841 per
1848 4772 2036 4827 Mosen

2141 4767 2348 4840 Πέτρος
2408 4769 2506 4838 μὲν
2556 4771 2828 4840 ἀνῃρεῖτο,
2882 4771 3092 4834 Παῦλος
3119 4772 3177 4824 δὲ
3199 4771 3564 4841 ἀπετέμνετος
3600 4770 3713 4822 Οὐκ

472 4871 801 4932 σιοιοιοείιιιε
823 4862 1113 4932 prophetas
1171 4862 1380 4916 locutus
1422 4861 1583 4926 Deus.
1643 4877 1750 4918 non
1803 4863 2037 4918 servavit

2138 4859 2330 4929 ἐπειδὴ
2361 4858 2436 4929 μὴ
2470 4859 2668 4922 πάντες
2711 4863 2824 4924 τοῖς
2869 4861 3048 4930 λόγοις
3095 4865 3405 4932 προσεῖχον,
3457 4863 3552 4915 καὶ
3593 4862 3712 4922 ταῖς

475 4953 738 5012 homines.
783 4952 875 5006 sed
925 4952 1202 5022 neglectus
1251 4961 1571 5022 spretusque
1619 4954 2032 5018 contumaciter,

2138 4951 2557 5022 παραινέσεσιν;
2586 4952 2646 5004 El
2687 4953 2743 5006 δὲ
2766 4953 2854 5006 διὰ
2884 4954 2944 5006 τὸ
2968 4953 3141 5022 λόγων
3173 4952 3479 5025 ῥητορικῶν
3510 4953 3544 5023 ἦ
3581 4951 3708 5004 συλ-

1572 5125 1806 5181 VAle
1845 5125 2224 5182 LECTIONES
2262 5125 2349 5180 ΕΤ
2381 5126 2610 5183 ΝΟΤΑΕ.

537 5308 652 5378 (54)
681 5307 786 5364 Pro
811 5311 954 5379 ὅρον,
998 5309 1098 5375 διὸ,
1145 5309 1286 5364 idem
1354 5309 1536 5364 scribit
1597 5311 1788 5379 τρόπον
1837 5307 1904 5358 δι’
1954 5307 2032 5360 ὅν.

2204 5281 2314 5376 (36)
2342 5307 2490 5364 lnter
2521 5309 2617 5364 και
2649 5319 2703 5366 et
2725 5309 2927 5381 ταύτας
2957 5310 3097 5367 idem
3133 5312 3256 5368 cod.
3286 5313 3340 5368 in
3366 5313 3537 5368 εἰκόσι
3568 5312 3707 5381 λογι-

469 5378 734 5451 Ροθξι-Νη-
848 5378 854 5379 ⁷
943 5415 984 5451 _-
1156 5449 1165 5451 _
1347 5448 1359 5451 _
1465 5449 1482 5451 ,Α
1705 5445 1715 5451 _

2137 5381 2312 5451 σμοῖς,
2344 5390 2576 5451 θίγοι-ε.
2620 5381 2742 5451 inde
2774 5380 2858 5451 5;.
2878 5382 3018 5436 inter
3049 5381 3310 5439 κινδύνων
3369 5393 3424 5437 et
3459 5378 3709 5451 φίλτατον

537 5449 648 5518 (35)
690 5449 814 5502 Hrce
848 5448 1030 5512 verba,
1073 5449 1274 5515 καίπερ
1308 5448 1368 5500 οὐ
1402 5449 1512 5518 τοῖς
1547 5445 1855 5518 ἀνθρώποις
1878 5448 1906 5498 6
1944 5446 2037 5499 λό-

2137 5445 2358 5518 ἱιιειτιοίικ
2375 5449 2468 5502 τὸν
2492 5449 2772 5518 Αἴγισθον.
2803 5450 2880 5503 In.

421 5529 434 5542 ·
467 5516 582 5581 γος,
613 5528 802 5570 cuueta
852 5518 1231 5586 omittuntur_a
1274 5518 1390 5571 cod.
1436 5517 1554 5570 Vat.
1587 5516 1710 5581 630,
1751 5518 1842 5586 qui
1890 5531 2030 5569 vers.

2202 5517 2312 5585 (57)
2340 5517 2446 5572 Pro
2474 5517 2676 5572 ἔσωσεν
2708 5520 2845 5574 idem
2869 5518 2992 5574 cod.
3026 5520 3217 5575 scribit
3241 5520 3452 5575 ἔπεισε.
3493 5519 3703 5578 Posuit.

467 5598 581 5662 seq.
612 5586 750 5662 inter
774 5586 1061 5662 δεινότατοι
1088 5596 1140 5638 et
1164 5581 1305 5662 ἦσαν
1351 5587 1540 5662 inserit
1565 5587 1655 5662 ἂνἰ
1693 5581 1850 5640 ιιιιόι
1887 5601 2026 5640 vers.

2137 5654 2146 5662 _
2202 5581 2313 5655 (33)
2359 5587 2504 5643 llllcr
2534 5587 2628 5640 τοῦ
2674 5599 2729 5645 et
2757 5589 2935 5659 Λόγου
2987 5591 3127 5646 idem
3175 5594 3298 5647 cod.
3349 5595 3500 5662 ponit
3541 5591 3699 5646 Θεοῦ.

469 5657 586 5710 post
612 5652 698 5716 10,
737 5654 851 5715 πῶς
884 5655 1022 5706 inter
1065 5652 1373 5723 κατῂτιάσω
1402 5667 1452 5708 ct
1491 5655 1609 5711 οὐκ.
1637 5653 1713 5708 Ιυ.
2130 5654 2206 5709 In.
