4020 6140
382 237 517 304 1297

1316 241 1842 302 EPISTOLARUM
1894 243 2037 305 LIB.
2079 245 2174 305 1V.
2216 270 2283 280 -
2320 244 2555 308 EPIST.
2595 247 2747 309 CCV.

3503 249 3634 314 1298

379 353 709 418 λογιστικῶν
739 350 994 422 ἀπείρους
1033 345 1193 417 εἶναι,
1228 351 1393 420 φαίης
1419 353 1594 407 ταῦτα
1615 353 1962 418 πεπονθέναι,

2072 355 2242 422 poenis
2274 371 2366 411 eos
2405 368 2726 426 persecutus
2755 358 2870 414 est?
2907 357 3040 413 Cum
3093 360 3215 429 quis
3263 359 3407 416 enim
3439 376 3628 430 poenas

381 444 462 505 είς
477 443 604 505 τοὺς
634 442 853 509 ἔξωθεν,
883 443 1008 506 τοὺς
1032 443 1127 496 καὶ
1150 443 1242 496 ἐπὶ
1260 443 1424 515 λόγῳ,
1444 446 1537 497 καὶ
1555 445 1836 515 δεινότητι,
1870 445 1963 496 καὶ

383 531 561 583 πειθοῖ
594 533 859 604 μεγίστην
883 533 1043 600 δόξαν
1074 533 1398 605 ἐσχηκότας,
1449 534 1741 605 τρέψομαι.
1785 534 1884 587 Διὰ
1911 533 1963 585 τί

381 618 488 687 γὰρ
517 618 765 684 Πλάτων,
809 624 837 674 6
883 622 1147 693 Ἐλλήνων
1187 623 1480 694 θησαυρὸς,
1540 625 1634 677 καὶ
1667 625 1838 694 αὐτῆς
1861 623 1963 693 τῆς

381 710 694 780 ἐλευθερίας
744 713 1038 781 ὲξέπεσενς
1075 717 1190 769 Οὐκ
1243 717 1431 787 ἐπειδὴ
1467 718 1674 787 μηδένα
1701 716 1962 788 τύραννον

385 800 572 852 πεῖσαι
617 801 889 874 ἡδυνὴθη;
919 803 1244 876 Πυθαγόρας
1285 806 1364 870 δὲ,
1400 808 1428 860 6
1469 806 1610 876 μέγα
1656 806 1748 858 ἐπὶ
1797 805 1964 877 σοφίᾳ

386 891 684 959 φρονήσας,
719 883 819 962 τῆς
865 895 1164 968 Φαλάριδος
1203 897 1488 961 συνουσίας
1531 897 1618 951 διὰ
1649 897 1702 950 τί
1747 898 1962 968 ἀπεπή-

387 980 585 1050 δησεν;
617 983 730 1036 Οὐκ
774 985 961 1057 ἐπειδὴ
984 989 1075 1041 καὶ
1110 987 1253 1058 μετὰ
1279 987 1379 1057 τὴν
1419 987 1690 1058 τοσαύτην
1716 987 1966 1040 διδασκα-

387 1070 508 1126 λίαν
553 1075 758 1138 ἐκεῖνος
794 1077 954 1131 πάλιν
999 1077 1262 1148 τύραννος
1289 1074 1388 1148 iw;
1427 1079 1524 1132 Διὰ
1555 1079 1608 1132 τί
1640 1079 1697 1132 δὲ
1742 1079 1965 1149 Σωκρά-

390 1179 509 1232 της,
539 1165 567 1216 6
598 1164 816 1217 πάντων
862 1165 972 1219 τῶν
1004 1167 1124 1220 τότε
1161 1167 1341 1236 σοφῶν
1381 1168 1820 1240 περιγενόμενος,
1857 1186 1965 1220 κω-

392 1255 517 1324 νείῳ
553 1255 907 1324 κατακριθεὶς
967 1256 1270 1323 ἀπέθανεν;
1304 1260 1417 1312 Οὐκ
1477 1259 1664 1328 ἐπειδὴ
1697 1260 1824 1323 τοὺς
1857 1277 1966 1312 σωκ

395 1345 690 1417 φρονιστὰς
730 1346 791 1397 οὐ
843 1347 1102 1417 φέρουσιν
1147 1348 1465 1418 ἄνθρωποις
1527 1349 1748 1417 Ἐπειδὴ
1781 1350 1837 1401 δὲ
1866 1352 1962 1403 καὶ

407 1434 766 1506 Ἀριστοτέλει
800 1435 1128 1498 κινδυνεύεις
1177 1437 1462 1506 ἡττᾶσθαι,
1497 1437 1660 1490 ἄκουε
1700 1439 1752 1489 τί
1802 1455 1964 1508 φησιν

397 1529 636 1589 ἐκεῖνος·
672 1545 690 1576 ι
748 1526 876 1579 οὔθ’
921 1529 950 1580 6
997 1529 1286 1597 ῥητορικὸς
1320 1529 1484 1582 παντὶ
1527 1528 1714 1600 τρόπῳ
1765 1530 1962 1596 πείσει,

393 1619 505 1674 οὔθ’
539 1623 567 1673 6
599 1621 838 1690 ἰατρικὸς
885 1621 1120 1689 ὑγιάσει,
1151 1622 1265 1675 ἀλλ’
1319 1622 1412 1675 ἐὰν
1459 1621 1566 1676 τῶν
1602 1623 1964 1692 ἐνδεχομένων

2067 447 2179 509 dat,
2217 447 2378 502 simul
2407 457 2461 503 et
2493 450 2733 516 punitur,
2763 458 2816 504 et
2845 451 2989 518 quod
3031 451 3324 518 legislatori
3381 466 3489 506 non
3531 467 3627 521 pa-

2065 533 2256 600 ruerit,
2285 537 2522 592 ostendit
2563 555 2576 591 :
2609 538 2740 607 quin
2790 538 2967 605 potius
3018 540 3131 608 ipse
3182 539 3460 609 legislator
3494 556 3634 609 pra:-

2063 625 2309 690 vidit,.se
2341 643 2447 681 non
2497 629 2750 684 omnibus
2795 645 3181 698 persuasurum
3236 645 3358 688 esse
3392 641 3450 686 ut
3477 632 3632 700 probi

2063 717 2195 772 sint.
2227 718 2356 773 Nam
2383 720 2473 789 qui
2504 720 2569 774 de
2597 736 2754 789 pmna
2783 721 2981 785 sancit,
3013 737 3080 775 eo
3115 722 3232 790 ipso
3274 723 3407 776 satis
3433 722 3638 775 indicat

2066 809 2208 864 scire
2229 824 2310 877 se,
2333 813 2472 879 quod
2489 811 2761 881 improbos
2791 823 3016 882 nequeat
3041 814 3093 867 in
3120 813 3296 869 oﬂicio
3333 814 3632 868 continere.

2064 899 2333 970 Quidquid
2357 901 2498 956 enim
2536 905 2602 959 ad
2630 904 2730 958 hoc
2753 903 3083 959 defensionis
3129 918 3292 960 causa
3335 903 3474 958 forte
3516 904 3638 956 ειπε-

2064 1001 2204 1056 rent,
2255 993 2393 1048 idem
2444 994 2606 1049 etiam
2667 995 2732 1050 de
2768 993 2902 1050 Juda
2956 995 3058 1050 dici
3116 995 3334 1063 paterit.
3394 992 3630 1048 Tametsi

2064 1082 2229 1152 igitur
2281 1084 2370 1140 hic
2417 1084 2716 1142 consistere
2764 1087 3066 1155 Oportuerit
3116 1086 3634 1142 demonstrationem

2067 1173 2214 1242 (nam
2253 1175 2515 1246 quidquid
2540 1177 2768 1246 exempli
2805 1186 3004 1246 praeter
3031 1176 3082 1232 id
3109 1177 3250 1246 quod
3281 1176 3500 1232 allatum
3534 1185 3633 1239 est,

2066 1261 2344 1332 allegetur,
2372 1264 2550 1318 minus
2570 1267 2675 1319 erit
2708 1266 2796 1319 illo
2827 1274 2991 1335 atque
3022 1265 3249 1321 inferius
3277 1283 3290 1320 :
3330 1265 3455 1334 quid
3485 1263 3628 1316 enim

2066 1353 2186 1406 iniri
2218 1354 2307 1414 sit,
2342 1355 2393 1407 in
2423 1355 2692 1409 hominem
2723 1356 2938 1421 cadere,
3003 1355 3056 1410 id
3110 1355 3252 1424 quod
3287 1356 3463 1423 ipsum
3504 1352 3635 1408 Ver-

2065 1443 2190 1496 hutn
2243 1444 2436 1499 Filium
2495 1447 2586 1500 Dei
2639 1447 2894 1516 attigit?),

2065 1534 2294 1602 ignavia:
2347 1537 2689 1592 occasionem
2736 1547 2986 1606 captasse
3047 1538 3252 1600 videar,
3317 1550 3492 1606 neque
3558 1536 3626 1589 ab

2067 1621 2374 1679 hominibus
2409 1625 2710 1680 abstinebo.
2745 1625 3099 1697 533-535
3122 1625 3259 1688 Quid
3283 1624 3444 1694 igitur
3461 1638 3638 1678 causa:

397 1713 563 1782 μηδὲν
602 1713 904 1785 παραλίπῃ,
965 1713 1164 1776 ἱκανῶς
1221 1713 1362 1783 ἔχειν
1411 1714 1576 1766 αὑτὸν
1603 1713 1700 1783 τὴν
1734 1701 1960 1781 ἐπιστήη

2072 1710 2166 1763 luit
2187 1727 2283 1766 cur
2303 1713 2477 1770 Moses
2501 1715 2763 1783 lapidibus
2793 1717 3145 1783 impctcretur
3165 1715 3449 1782 propheta,
3473 1713 3637 1766 Isaias

399 1823 504 1874 μην
539 1805 802 1874 φήσομεν.
843 1824 860 1854 ι
901 1805 1024 1867 Πῶς
1071 1805 1179 1875 γὰρ
1214 1806 1483 1878 Περικλῆς
1548 1805 1710 1865 ἑάλω,
1749 1804 1809 1867 ὃς
1859 1803 1965 1857 ἀπὸ

394 1894 523 1946 δέκα
551 1893 726 1946 ποδῶν
755 1894 874 1963 ᾕρει
897 1894 1020 1954 τοὺς
1047 1895 1302 1964 ῥήτορας,
1335 1896 1429 1946 xai
1454 1895 1672 1965 προσέτι
1695 1911 1759 1960 γε
1776 1892 1961 1956 αὐτοῦ,

397 1984 538 2037 κατὰ
569 1983 627 2036 τὸ
654 1983 918 2053 κωμικὸν,
956 1981 1129 2035 πειθώ
1164 2001 1248 2045 τις
1275 1984 1406 2053 ᾤκει
1441 1987 1497 2037 ὲν
1551 1986 1666 2046 τοῖς
1699 1985 1961 2053 χείλεσινς

397 2073 471 2125 Οὐ
498 2072 606 2142 γὰρ
643 2073 729 2136 ἂν,
772 2074 820 2125 εί
870 2072 1098 2142 ἐδυνήθη
1134 2075 1339 2137 πεῖσαι,
1389 2072 1530 2125 ἑκὼν
1559 2074 1624 2126 ἂν
1661 2070 1963 2142 ἐζημιώθη.

399 2165 521 2228 Πῶς
546 2164 602 2216 δὲ
632 2164 1020 2235 Θεμιστοκλῆς,
1058 2165 1085 2216 6
1117 2162 1211 2215 ἐπὶ
1244 2163 1457 2230 φύσεως
1500 2163 1725 2234 δυνάμει
1760 2164 1966 2232 ἀνακη-

399 2255 742 2324 ρυττόμενος,
788 2257 882 2307 καὶ
923 2255 1352 2328 αὐτ-οσχεδιὰζων
1383 2254 1442 2307 τὸ
1488 2253 1627 2310 δέον.
1675 2253 1967 2324 ἐζημιοῦτο

399 2347 576 2414 qum;
622 2345 741 2406 Πῶς
767 2343 822 2396 δὲ
865 2345 1215 2415 Δημοσθένης
1257 2348 1284 2398 6
1329 2344 1396 2396 τὰ
1428 2344 1563 2396 αὑτᾶ
1602 2343 1821 2401 δυνατὰ.
1866 2344 1962 2395 καὶ

398 2437 558 2489 πάλιν
603 2436 838 2488 ἀδύνατα
891 2435 1125 2500 δεικνὺς,
1189 2436 1274 2488 ἵνα
1327 2435 1496 2488 τᾶλλα
1549 2433 1727 2487 πάντα
1779 2434 1961 2504 παρῶ,

398 2527 615 2589 καὶτὰς
657 2527 846 2596 ἥττας,
879 2526 1088 2579 καὶτὸν
1137 2526 1269 2597 περὶ
1309 2525 1417 2578 τῶν
1459 2525 1799 2596 Ἀρπαλείων
1829 2543 1966 2595 χρη-

399 2618 586 2686 μάτων
611 2616 766 2685 λόγον
814 2618 1093 2687 σιωπὴσω,
1137 2618 1228 2670 τὸν
1265 2617 1489 2670 Μειδίαν
1542 2617 1640 2686 οὐχ
1717 2611 1850 2681 εἷλε,
1877 2617 1966 2668 τὸν

395 2707 631 2760 τοσαῦτα
669 2708 831 2761 αὐτὸν
864 2708 1014 2761 κακὰ
1059 2708 1350 2772 διαθέντας
1387 2710 1510 2760 Ὅτι
1549 2709 1646 2778 μὲν
1677 2708 1783 2776 γὰρ
1813 2706 1968 2759 ἐϐού-

396 2799 518 2852 λετο
563 2799 724 2853 αὑτὸν
771 2799 911 2851 ἑλεῖν
938 2839 954 2863 ,
1009 2799 1088 2852 διδ
1133 2800 1227 2852 καὶ
1267 2800 1431 2852 παντὶ
1479 2798 1655 2851 σθένει
1689 2798 1788 2868 τὴν
1836 2815 1967 2850 κατ-

396 2891 627 2961 ηγορίαν
663 2889 890 2960 ἔγραψε,
938 2890 1129 2958 δῆλονσ
1165 2889 1252 2942 διὰ
1281 2890 1332 2942 τί
1361 2889 1453 2942 οὖν
1509 2890 1606 2959 οὐχ
1645 2883 1820 2953 εἷλεν;
1855 2890 1970 2941 υὺκ

398 2980 583 3050 ἐπειδὴ
611 2979 1032 3050 ἀσθενεστέρους
1082 2981 1206 3042 τοὺς
1253 2979 1442 3047 λόγους
1473 2980 1571 3047 τῆς
1609 2979 1730 3030 τῶν
1759 2977 1968 3046 ἐχθρῶν
1995 3013 2037 3071 C

397 3071 713 3134 δυναστείας
744 3071 995 3140 ἐνόμισεν
1018 3088 1031 3101 ·
1066 3071 1128 3122 οὐ
1162 3070 1272 3139 γάρ
1300 3087 1351 3122 τι
1376 3069 1575 3130 λαϐὼν,
1607 3070 1681 3131 ὡς
1710 3067 1967 3137 Αἰσχίνης

399 3163 525 3232 ἔφη,
587 3161 817 3215 ἀπέδοτο
861 3161 960 3232 τὴν
1031 3161 1510 3230 καταχειροτονίαν
1540 3160 1651 3230 (59)
1685 3178 1698 3191 ·
1747 3161 1807 3212 οὐ
1859 3160 1970 3228 γὰρ

397 3255 610 3323 δέχεται
638 3253 737 3324 τὴν
773 3253 954 3306 αἰτίαν
983 3256 1082 3322 τῆς
1113 3253 1559 3324 αἰσχροκερδείας
1589 3255 1621 3322 ἡ
1661 3251 1970 3321 μεγαλοψυ-

399 3345 492 3413 χία
525 3344 617 3397 τοῦ
657 3346 883 3415 ῥήτορος
903 3359 917 3373 ⁸
953 3343 1062 3396 οὐδ’
1092 3346 1122 3396 6'
1140 3346 1253 3408 τοῖς
1301 3343 1618 3414 ἐπιτρόποις
1647 3342 1966 3397 εὐποδοῦσιν

399 3435 557 3503 ἀφεὶς
585 3435 653 3487 τὰ
676 3435 905 3507 πατρῷα
943 3435 1080 3504 μετὰ
1121 3435 1220 3504 τὴν
1268 3435 1445 3504 νίκην,
1496 3429 1652 3498 οὗτος
1681 3435 1747 3488 ἂν
1772 3435 1964 3490 ἐλαϐεν

403 3521 640 3592 αἰσχρῶς
661 3523 770 3576 ἀπὸ
807 3522 908 3591 τῆς
938 3523 1210 3593 κεφαλῆς·
1255 3523 1390 3576 ἀλλὰ
1409 3524 1536 3587 τοὺς
1567 3525 1794 3594 ἐχθροὺς
1821 3526 1971 3596 ἰσχυ-

407 3612 530 3680 ροὺς
567 3612 916 3681 ἡγησάμενος
943 3611 1035 3663 τοῦ
1065 3611 1246 3678 λόγου,
1277 3612 1372 3664 καὶ
1419 3611 1496 3673 ὡς
1538 3611 1675 3682 πρὸς
1697 3611 1795 3682 τὴν
1829 3611 1974 3665 ὲκεί-

403 3717 509 3754 νων
543 3701 662 3770 βίαν
701 3702 950 3772 οὐδαμοῦ»
980 3702 1266 3770 φανεῖσθαι
1305 3703 1404 3772 τὴν
1431 3701 1625 3772 τέχνην
1674 3702 1971 3774 λογισάμε-

403 3808 493 3854 νος
511 3791 644 3860 (40),
669 3791 958 3861 εὐπρεπῶς
990 3791 1251 3844 κατέθετο
1279 3791 1376 3860 τὴν
1413 3791 1718 3861 συμφορὰν,
1751 3791 1974 3862 ἄμεινον

404 3882 757 3954 ἡγησάμενος,
785 3883 848 3935 τὸ
883 3883 1148 3954 πραότητι
1171 3881 1488 3950 καθυφεῖναι
1513 3882 1681 3948 δόξαι,
1730 3884 1824 3936 τοῦ
1854 3885 1976 3954 κρί-

408 3991 489 4026 σει
521 3973 804 4026 δικαστῶν
831 3972 1095 4042 ἡττᾶσθαι
1122 3989 1137 4002 ·
1202 3973 1378 4025 καίτοι
1426 3972 1487 4026 τὸ
1527 3973 1615 4026 διὰ
1667 3974 1760 4026 τὸν
1811 3975 1974 4041 φόϐον

404 4062 594 4115 τοῦτον
639 4063 964 4132 ὑποστῆναι,
1014 4062 1208 4116 ταυτόν
1246 4064 1361 4114 ἐστι
1410 4061 1485 4130 τῷ
1545 4063 1852 4133 παραδόντα
1883 4065 1976 4117 τὸν

408 4153 635 4207 Μειδίαν
667 4152 837 4204 αὲλεῖν
881 4155 953 4223 μὴ
1003 4152 1327 4222 δυνηθῆναι·
1381 4153 1583 4222 μᾶλλον
1633 4153 1691 4205 δὲ
1722 4154 1814 4206 καὶ
1846 4154 1979 4225 λαμ-

410 4242 681 4312 προτέραν
711 4240 866 4293 τοῦτο
905 4241 1015 4310 ἔχει
1063 4241 1158 4310 τὴν
1202 4237 1392 4311 ἧτταν.
1465 4242 1674 4294 Ἐκεῖνο
1724 4243 1822 4313 μὲν
1869 4243 1977 4313 γὰρ

2067 1812 2242 1854 autem
2269 1818 2417 1857 serra
2451 1805 2861 1869 discinderetur,
2895 1806 3004 1865 ille.
3039 1807 3279 1873 inquam,
3335 1804 3421 1858 cui
3468 1804 3631 1857 Sera-

2067 1890 2212 1958 phim
2241 1891 2424 1948 videre
2451 1895 2750 1962 contigerat
2776 1894 2854 1960 ‘°,
2894 1893 3157 1948 Jeremias
3184 1910 3311 1949 vero
3346 1895 3397 1948 in
3443 1909 3632 1948 caeno-

2068 1996 2183 2035 satn
2231 1984 2645 2040 concluderetur
2697 1985 3011 2041 foveam"?
3043 1985 3152 2042 Cur
3195 1985 3383 2041 Petrus
3419 1986 3632 2056 quidem

2067 2072 2120 2126 in
2159 2084 2370 2128 crucem
2405 2087 2680 2146 ageretur,
2729 2076 2924 2131 Paulus
2970 2087 3147 2130 autem
3188 2077 3372 2146 capite
3415 2086 3634 2130 trunca-

2070 2164 2256 2216 retur?
2291 2163 2478 2220 Nonne
2515 2168 2626 2220 hmc
2660 2167 2771 2236 ipsa
2807 2167 2907 2220 fuit
2942 2183 3126 2230 causa,
3157 2167 3277 2236 quia
3318 2182 3421 2220 non
3445 2181 3634 2220 omnes

2069 2249 2308 2318 ipsorum
2357 2253 2538 2308 verbis
2607 2264 2664 2307 et
2737 2255 3193 2328 admonitionibus
3227 2255 3635 2309 auscultarunt?

2069 2341 2218 2404 Quod
2246 2342 2291 2395 si
2326 2343 2529 2397 dixeris
2577 2345 2780 2398 idcirco
2838 2347 2950 2398 haec
3005 2345 3136 2412 ipsis
3179 2346 3465 2408 accidisse,
3512 2345 3635 2412 quia

2069 2432 2376 2484 orationum
2414 2432 2806 2487 rhetoricarum
2835 2444 2928 2486 aut
2977 2434 3429 2504 syllogisticarum
3481 2436 3638 2487 rudes

2068 2531 2230 2589 atque
2261 2522 2493 2592 imperiti
2531 2524 2732 2577 fuerint
2761 2537 2776 2577 :
2804 2540 2902 2594 age
2931 2525 2995 2578 ad
3019 2541 3112 2580 eos
3141 2527 3232 2594 qui
3279 2536 3430 2580 extra
3460 2525 3639 2579 Eccle-

2069 2612 2205 2665 siam
2238 2611 2474 2686 fuerunt,
2502 2624 2556 2668 et
2593 2615 2883 2668 maximam
2921 2615 3240 2684 eloquentiae
3266 2628 3319 2672 et
3344 2620 3638 2672 vehemen-

2072 2701 2159 2756 tire
2183 2712 2231 2756 ct
2267 2704 2631 2772 persuasionis
2656 2703 2880 2772 gloriam
2914 2706 3090 2772 adepti
3151 2716 3297 2771 sunt,
3328 2722 3635 2761 sermonem

2072 2802 2403 2846 convertam.
2430 2794 2542 2848 Cur
2571 2795 2712 2848 enim
2745 2795 2923 2858 Plato,
2957 2795 3046 2849 ille
3080 2794 3390 2850 Graecorum
3421 2797 3651 2850 thesau-‘

2073 2898 2184 2946 rus,
2239 2883 2353 2950 ipsa
2399 2899 2613 2953 quoque
2662 2886 2909 2940 libertate
2960 2887 3205 2941 excidit?
3260 2885 3446 2941 Nonne
3496 2887 3636 2950 ideo,

2073 2973 2213 3040 quod
2263 2987 2361 3027 nec
2437 2990 2600 3027 unum
2663 2977 2895 3043 potuerit
2951 2977 3274 3044 persuadere
3317 2979 3642 3047 tyrannum?

2071 3061 2242 3117 Porro
2279 3077 2378 3116 cur
2418 3063 2771 3134 Pythagoras,
2806 3067 2895 3135 qui
2939 3067 3214 3136 sapientiae
3247 3067 3499 3136 opinione
3525 3069 3642 3136 plu-

2071 3154 2267 3209 rimum
2294 3155 2563 3224 turgebat,
2596 3171 2626 3209 a
2651 3155 2958 3211 Phalaridis
2992 3157 3386 3212 consuetudine
3415 3159 3642 3213 resiliit?

2073 3244 2418 3312 Nonneideo,
2449 3249 2592 3317 quod
2617 3248 2778 3302 etiam
2825 3259 2946 3317 post
2976 3255 3185 3302 tantam
3222 3249 3522 3303 doctrinam
3553 3249 3646 3303 ille

2074 3346 2335 3408 tyrannus
2370 3352 2490 3394 esse
2531 3339 2816 3409 pergeret?
2849 3339 2989 3406 Quid
3036 3339 3290 3396 Socrates
3328 3341 3419 3410 qui
3456 3355 3644 3396 omnes

2071 3427 2186 3495 eius
2214 3428 2312 3481 aevi
2359 3428 2630 3498 sapientes
2678 3431 2980 3499 superavit,
3015 3445 3113 3484 cur
3151 3430 3326 3485 cicuta
3354 3431 3641 3484 damnatus

2072 3517 2265 3586 periit?
2297 3517 2486 3573 Nonne
2513 3518 2652 3584 ideo,
2677 3522 2802 3589 quia
2841 3521 3086 3575 homines
3114 3536 3216 3574 non
3264 3519 3447 3575 ferunt
3487 3537 3642 3589 inquo

2073 3609 2256 3663 animo
2301 3623 2394 3663 eos
2434 3623 2464 3662 a
2495 3609 2694 3678 quibus
2723 3611 3108 3680 corriguntur?
3157 3609 3292 3677 Quia
3329 3625 3458 3666 vero
3483 3627 3645 3681 prope

2074 3707 2158 3753 est
2192 3700 2437 3754 utetiam
2464 3700 2770 3755 Aristotelis
2798 3702 3110 3757 testimonio
3141 3705 3486 3767 succumbas,
3520 3704 3642 3758 audi

2076 3792 2202 3861 quid
2233 3793 2323 3846 ille
2353 3793 2496 3846 dicat
2529 3809 2542 3846 :
2581 3811 2600 3843 ι
2637 3791 2822 3861 Neque
2852 3803 3038 3846 orator
3059 3793 3206 3848 omni
3232 3795 3387 3848 modo
3417 3808 3645 3862 persua-

2077 3879 2243 3944 debit,
2278 3895 2453 3948 neque
2497 3881 2738 3934 medicus
2783 3883 2997 3935 sanabit
3039 3899 3053 3934 :
3114 3883 3206 3937 scd
3265 3885 3480 3950 quando
3516 3883 3645 3936 nihil

2077 3985 2401 4038 eorumquze
2445 3969 2624 4026 facere
2674 3981 2854 4040 potest
2888 3971 3316 4040 praetermiserit,
3363 3983 3473 4027 tum
3501 3975 3646 4028 dicc-

2077 4075 2199 4115 mus
2228 4060 2400 4130 ipsum
2426 4061 2562 4117 sat-is
2594 4060 2837 4130 perfecte
2860 4077 3031 4116 artem
3064 4074 3268 4118 tenere.
3311 4082 3329 4115 ι
3367 4062 3647 4129 Quomodo

2077 4153 2219 4223 enim
2249 4152 2486 4208 Pericles
2537 4159 2726 4221 captus
2760 4153 2881 4207 est?
2926 4153 3016 4222 qui
3049 4162 3226 4208 tamen
3266 4155 3446 4209 decem
3491 4155 3645 4225 pedi-

2079 4244 2178 4298 bus
2203 4247 2490 4314 superabat
2529 4254 2774 4300 oratores
2833 4264 2848 4300 :
2902 4255 2957 4300 ct
2991 4247 3233 4316 insuper,
3269 4249 3564 4302 secundum
3595 4247 3646 4302 id

409 4329 476 4402 ἦν
510 4332 645 4401 πρὸς
674 4331 800 4394 τοὺς
847 4331 1165 4395 δικάζοντας
1215 4333 1315 4384 οὐκ
1369 4332 1583 4402 ίσχύσαι
1641 4333 1731 4385 τὸν
1783 4333 1969 4402 λόγον·

2082 4335 2224 4402 quod
2276 4337 2328 4389 in
2389 4337 2656 4391 commdia
2706 4339 2772 4391 de
2825 4338 2942 4406 ipso
3004 4341 3643 4409 prouuntiatur:Suada

408 4424 566 4477 τοῦτο
594 4421 650 4474 δὲ
683 4423 778 4474 καὶ
825 4422 954 4491 παρ’
999 4422 1148 4491 αὐτῷ
1175 4421 1253 4491 τῷ
1298 4423 1615 4493 γεγραφότι,
1647 4425 1850 4493 ταύτην
1883 4425 1974 4477 λα-

408 4517 530 4568 ϐεῖν
553 4513 649 4582 τὴν
671 4512 849 4576 δόξαν.
887 4513 949 4564 Ei
977 4513 1154 4564 τοίνυν
1187 4514 1214 4564 6
1259 4512 1496 4575 τοιοῦτος
1529 4513 1682 4577 λόγος
1724 4515 1804 4567 ὀὐ
1836 4532 1979 4586 παρ-

407 4606 636 4674 έστησεν
661 4603 851 4665 ἐλπίδα
901 4588 1120 4664 πειθοῦς
1141 4602 1218 4672 τῷ
1272 4604 1480 4672 ῥήτορι,
1531 4603 1589 4663 ὃς
1637 4604 1714 4673 μὴ
1771 4606 1979 4658 πείσειν

407 4695 632 4765 ἤλπιζεν
678 4693 814 4762 (40'
881 4692 1000 4756 πῶς
1053 4688 1146 4745 οὖν
1205 4693 1267 4744 οὐ
1325 4693 1516 4759 δεινὸν,
1574 4687 1620 4746 ὦ
1681 4695 1971 4760 δεινότατε,

407 4785 642 4836 ἐκείνων.
677 4785 776 4854 μὲν
807 4785 920 4838 ἀπὸ
954 4785 1055 4852 τῆς
1101 4785 1326 4851 γνώμης
1381 4783 1607 4839 ἕκαστον
1657 4787 1973 4857 κρίνεσθαι,

409 4873 501 4924 mi
534 4872 734 4944 μὴ;τὴν
765 4875 965 4944 ἑτέρων
1011 4872 1296 4926 ἀπείθειαν
1327 4872 1532 4942 ἑτέροις
1568 4874 1771 4946 βλάϐην
1807 4872 1982 4943 εἶναι,

482 5031 525 5062 ⁸ο
559 5032 661 5086 lsa.
692 5047 766 5095 γι,
789 5031 844 5096 2,
875 5032 928 5086 5.
1011 5032 1048 5062 "'
1087 5030 1287 5087 Jercm.
1315 5048 1536 5096 xxxviii,
1570 5032 1623 5093 (ἰ,
1653 5033 1704 5085 7.

2083 4425 2325 4493 (ιηαξιιιιιιι
2387 4427 2677 4481 sessitahat
2727 4428 2778 4482 in
2831 4430 3000 4498 ipsius
3052 4429 3234 4485 labris.
3274 4430 3456 4498 Neque
3505 4431 3646 4483 enim

2081 4517 2376 4572 verisimile
2399 4529 2505 4586 εει,
2547 4521 2594 4575 si
2649 4523 2980 4587 persuadere
3014 4524 3305 4587 potuisset,
3342 4525 3517 4592 ipsum
3553 4539 3650 4578 sua

2081 4605 2593 4662 voluntate'multam
2626 4611 2942 4664 subiturutn.
2962 4612 3144 4665 fuisse.
3172 4611 3454 4675 Quomodo
3472 4621 3648 4664 autem

2081 4694 2495 4763 Themistocles,
2527 4699 2680 4767 cujus
2711 4702 2907 4755 eximia
2937 4703 3137 4772 ingenii
3173 4704 3252 4758 vis
3285 4714 3445 4771 atque
3470 4704 3648 4757 excel-

2082 4787 2258 4842 lentia;
2305 4791 2650 4858 praedicatur,
2709 4800 2761 4845 et
2811 4793 2898 4860 qui
2942 4794 3087 4846 nullo
3136 4795 3352 4859 negotio
3417 4794 3647 4847 cilicium

2084 4878 2260 4934 facere
2290 4894 2469 4948 norat,
2505 4883 2698 4938 exsilio
2733 4884 2950 4951 punitus
2981 4883 3109 4938 est?
3141 4883 3263 4948 Quo
3298 4884 3425 4939 item
3456 4885 3651 4940 Demo-

1533 5167 1757 5222 VARle
1797 5168 2170 5224 LEC'I‘IONES
2202 5171 2289 5226 ET;
2323 5171 2550 5227 NOTAE.

490 5322 614 5395 ('59)_
643 5321 747 5375 Pro
803 5324 1278 5393 καταχειροτονίαν
1339 5325 1474 5380 idem
1531 5325 1690 5378 habet
1745 5342 1982 5395 κατηγο-

418 5392 556 5462 ρίαν.
589 5393 798 5444 Possm.
1041 5392 1044 5393 ν
1315 5461 1320 5462 γ
1651 5399 1656 5404 ’

489 5460 602 5530 μυ)
634 5464 764 5530 Quae
807 5472 1106 5527 sequuntur
1142 5472 1262 5529 post
1313 5461 1665 5530 λογισάμενος
1709 5477 1877 5530 usque
1911 5462 1977 5514 ad

417 5527 780 5597 τδ“πραότητι
824 5530 1115 5583 cxclusive.
1143 5527 1360 5584 rabsuut
1385 5527 1576 5583 votnriia
1631 5549 1658 5582 ιι
1706 5527 1825 5585 cod.
1857 5531 1972 5586 Vat.

419 5595 719 5652 ϐἓὲθζΜοι
743 5597 883 5650 idem
913 5612 1008 5664 pro
1040 5599 1186 5662 δόξαι
1217 5603 1374 5654 habet
1402 5601 1590 5664 δεῖξαι.
1621 5602 1694 5655 In.

2162 5328 2271 5397 (zil)
2307 5331 2411 5382 Pro
2463 5331 2564 5392 his,
2596 5329 2652 5390 ὃς
2692 5327 2764 5396 μὴ
2807 5327 3010 5397 πείσειν
3060 5327 3302 5397 ἤλπιζεν,
3342 5328 3454 5382 lucc
3501 5331 3650 5394 ponit

2089 5395 2229 5468 idem
2253 5395 2401 5461 7cod.,
2431 5400 2458 5450 6
2498 5398 2571 5468 μὴ
2610 5395 2800 5458 πείσας
2835 5395 2942 5464 ἐγὼ
2976 5395 3114 5468 κατᾲ
3145 5396 3302 5448 τοῦτο
3327 5397 3386 5448 οὐ
3415 5399 3652 5466 διαφέρω

2086 5466 2176 5517 τοῦ
2213 5466 2277 5518 δι’
2293 5468 2444 5589 Ιαὐτὸ
2475 5466 2629 5520 τοῦτο
2663 5468 2734 5536 μὴ
2770 5468 3045 5536 εἰρηκότος
3077 5466 3158 5518 ὅτι
3195 5469 3267 5535 μὴ
3316 5468 3523 5521 πείσειν
3555 5468 3649 5537 ’ἡλ-

2088 5552 2260 5588 πισεν.
2313 5552 2366 5589 υ.

2088 5552 2260 5588 πισεν.
2293 5552 2366 5589 Ιυ.

2943 1455 3122 1501 tamen
3181 1462 3246 1501 ne
3304 1445 3636 1515 probabilem
3694 1472 3697 1474 -

3679 4876 4020 4958 ανδ-»ἰνδ-
