4020 6140
443 198 575 264 1299

1575 205 1635 264 S.
1678 203 1967 266 ISIDORI
2006 207 2441 272 PELUSIOT/E

3537 212 3661 282 1300

440 314 684 380 sthenes,
716 311 810 383 qui
835 312 1049 369 easdem
1111 326 1199 367 res
1256 326 1401 366 nunc
1460 311 1575 365 ﬁeri
1617 326 1799 381 posse,
1848 330 1991 371 nunc

2107 321 2358 394 ῆδόεαιο
2398 326 2491 373 ἐπι
2537 319 2583 372 δ’
2634 318 2765 390 ἐμοῦ
2808 320 3241 392 καινοτομεῖσθαι
3291 321 3386 379 καὶ
3416 330 3660 398 νεωτερί-

440 406 559 461 lieri
585 419 691 461 non
744 418 905 476 posse
932 403 1359 466 demonstrabat,
1408 412 1468 458 ut
1510 402 1614 457 alia
1643 406 1823 459 omnia
1871 422 1991 477 pro-

2102 407 2291 472 ζεσθαι
2310 407 2371 461 τὸ
2391 409 2652 479 πράγμας
2686 407 2871 461 Ταῦτα
2900 408 2946 462 δ’
2974 409 3073 463 οὐκ
3100 411 3337 464 ἐπαίνων
3366 413 3663 469 ἀπολαῦσαι

438 506 557 566 pter
585 510 727 560 eam,
757 503 814 550 ct
854 509 949 549 eas
981 507 1174 549 causas
1207 493 1261 547 in
1291 492 1484 562 quibus
1534 493 1707 549 victus
1745 496 1902 561 abiit,
1933 506 1987 553 et

436 588 733 643 orationem
757 587 825 641 de
850 586 1092 656 pecuniis
1120 583 1334 654 llarpali
1355 583 1551 654 quibus
1567 595 1855 655 corruptus
1874 601 1997 643 esse

436 680 735 743 dicebatur,
790 676 1007 733 silentio
1052 685 1248 747 tegam,
1276 678 1567 746 quomodo,
1622 680 1861 747 inquam,
1908 678 1996 733 hic

436 781 615 825 tantus
666 779 853 825 orator
881 768 1102 823 Midiam
1147 783 1253 823 non
1293 769 1435 838 cepit
1476 769 1684 838 laqueis
1724 768 1935 837 judicii,
1963 785 1995 824 a

432 873 539 926 quo
569 860 732 913 tantis
758 866 875 912 erat
909 856 1067 912 malis
1086 866 1250 927 atque
1284 856 1500 926 injuriis
1543 856 1809 913 aﬂectus‘l
1858 856 1993 912 Nam

432 950 573 1015 quod
614 948 830 1017 quidem
859 947 1091 1004 voluerit
1132 949 1309 1017 ipsum
1354 962 1549 1018 capere
1610 957 1666 1001 et
1698 946 1904 1011 tollere,
1939 946 1995 1001 in

433 1039 713 1109 propatulo
737 1049 841 1105 est,
876 1054 1037 1109 quam
1064 1038 1134 1094 ob
1169 1052 1386 1094 causam
1410 1037 1555 1094 omni
1584 1050 1799 1108 quoque
1832 1036 1992 1092 adhi-

2099 498 2424 568 ὀρεγόμενος
2454 498 2739 569 γέγραφα·
2774 494 2931 553 οἶσθα
2952 500 3062 571 γάρ
3090 500 3240 565 ὅπως
3276 501 3456 556 αὐτῶν
3502 521 3665 559 κατα-

2099 586 2297 657 φρονῶ.
2321 588 2385 642 El
2416 587 2525 659 γάρ
2554 589 2790 642 ἐπαίνων
2804 590 2974 660 ἥρων,
2995 591 3476 664 ἀπηριθμησάμην
3494 595 3559 649 ἂν
3576 597 3668 650 καὶ

2096 678 2191 742 οὓς
2219 678 2413 733 ἔπεισα
2443 680 2645 750 ἀρετὴν
2680 681 3067 747 ἀσπάσασθαι,
3108 681 3341 746 πολλοὺς
3385 684 3546 747 ὄντας
3577 687 3669 739 καὶ

2093 769 2412 841 εὐδοκίμους
2435 788 2448 801 ·
2481 770 2618 824 ἀλλὰ
2653 771 2823 836 δεῖξαι
2856 774 3196 841 σπουδάζων,
3220 774 3301 827 ὃτι
3323 772 3387 825 ἄν
3416 791 3473 826 τε
3508 774 3670 846 πείσῃ

2092 875 2197 923 τις,
2229 860 2294 914 ἄν
2321 877 2381 912 τε
2414 860 2488 931 μὴ
2523 860 2708 932 πείσῃ,
2759 861 2860 932 τὴν
2906 862 3135 934 γνώμην
3181 864 3286 936 χρὴ
3324 863 3668 927 ἐξετάζεσθαι

2092 946 2189 1000 τοῦ
2250 948 2735 1019 συμϐουλεύοντος,
2767 950 2863 1004 καὶ
2901 950 2977 1022 μὴ
3030 952 3137 1006 ἀπὸ
3163 950 3260 1005 τοῦ
3308 952 3500 1014 τέλους
3562 951 3670 1004 τῶν

2096 1037 2457 1106 πραγμάτων,
2490 1031 2552 1089 οὗ
2588 1037 2688 1091 οὐκ
2727 1036 2842 1091 εστι
2872 1038 3087 1108 κύριος,
3119 1040 3427 1111 κρίνεσθαι.

431 1138 545 1192 hita
579 1139 629 1192 vi
661 1137 1058 1194 accusationem
1101 1134 1341 1205 scripsit.
1374 1133 1513 1201 Quid
1554 1133 1718 1201 igitur
1749 1132 1981 1196 obstitit,
2022 1133 2311 1203 quominus
2336 1131 2516 1202 ipsqu
2579 1133 2835 1202 caperet?
2893 1133 3009 1190 Non
3055 1149 3188 1190 sane
3216 1136 3357 1203 quod
3410 1135 3671 1189 inﬁrmio-

432 1249 521 1288 res
592 1241 806 1302 putaret
878 1247 1005 1287 suas
1065 1231 1339 1287 orationes
1413 1230 1651 1301 potentia
1718 1229 1977 1286 hostium.
2013 1226 2196 1298 Neque
2252 1228 2421 1294 enim,
2448 1237 2507 1283 ut
2569 1228 2864 1285 Eschines
2938 1230 3039 1300 ipsi
3086 1230 3400 1299 objiciebat,
3447 1242 3670 1299 accepta

432 1328 658 1395 pecunia
716 1325 936 1381 tradidit
984 1323 1284 1389 victoriam,
1343 1338 1449 1378 non
1498 1323 1639 1375 enim
1694 1321 1839 1375 cadit
1866 1322 1968 1376 hoc
2006 1321 2180 1390 turpis
2219 1319 2353 1374 lucri
2383 1320 2591 1374 crimen
2644 1321 2698 1374 in
2764 1321 2924 1389 hujus
2950 1321 3187 1375 oratoris
3216 1321 3382 1374 animi
3452 1322 3670 1390 magni-

432 1418 690 1483 tudinem,
717 1432 889 1486 neque
910 1413 1202 1470 verisimile
1229 1421 1313 1469 est
1348 1427 1496 1477 eum,
1536 1413 1629 1482 qui
1659 1413 1772 1466 suis
1818 1410 2108 1473 tutoribus,
2163 1409 2474 1464 hominibus
2523 1409 2656 1463 satis
2700 1408 3060 1478 locupletibus
3117 1419 3170 1463 ct
3243 1409 3451 1463 idoneis
3481 1409 3658 1476 patria

430 1512 569 1565 bona
596 1518 718 1579 post
763 1508 1042 1563 victoriam
1082 1515 1270 1561 contra
1322 1519 1416 1560 eos
1472 1512 1800 1575 reportatam
1841 1500 2157 1570 reliquerat,
2235 1500 2463 1569 turpiter
2520 1499 2723 1569 aliquid
2774 1499 2828 1553 in
2890 1515 3051 1553 causa
3113 1499 3305 1568 capitis
3365 1499 3663 1567 accepisse.

430 1602 786 1675 εδδ-536
815 1601 919 1658 Sed
958 1617 1079 1657 cum
1108 1601 1290 1655 hostes
1318 1613 1445 1655 suos
1481 1598 1729 1652 oratione
1760 1596 2089 1666 potentiores
2113 1609 2235 1649 esse
2279 1595 2523 1659 duceret,
2553 1607 2843 1663 secumque
2880 1603 3177 1661 reputaret,
3230 1602 3403 1647 artem
3452 1593 3667 1648 dicendi

428 1696 686 1749 adversus
720 1694 957 1761 ipsorum
996 1692 1306 1747 violentiam
1340 1704 1530 1759 parum
1584 1687 1971 1757 profecturam,
2024 1686 2389 1741 calamitatem
2440 1686 2585 1741 illam
2653 1686 2849 1741 decore
2916 1686 3058 1751 tulit,
3102 1685 3289 1739 melius
3314 1700 3434 1739 esse
3478 1687 3668 1740 existi-

430 1801 605 1851 mans,
637 1786 682 1841 si
711 1788 982 1842 videretur
1045 1783 1452 1839 mansuetudine
1487 1798 1584 1839 sua
1641 1768 1863 1837 seuitro
1932 1780 2246 1835 submisisse
2272 1795 2338 1836 ac
2367 1780 2600 1837 cessisse
2688 1779 3122 1835 adversariorum
3178 1780 3454 1847 potentiae,
3502 1796 3665 1848 quam

424 1882 665 1948 judicum
693 1880 959 1936 sententia
989 1878 1125 1933 vinci
1154 1891 1497 1946 :quauquam
1574 1880 1715 1931 inter
1763 1877 1903 1931 hanc
1947 1890 2016 1930 ex
2077 1885 2223 1930 metu
2314 1875 2765 1939 submissionem,
2822 1886 2878 1931 et
2919 1877 3060 1932 inter
3101 1876 3153 1930 id
3202 1877 3343 1945 quod
3398 1886 3505 1940 est,
3556 1893 3663 1931 nnn

430 1977 665 2046 potuisse
724 1974 966 2041 Midiam,
1050 1988 1210 2042 quem
1261 1971 1468 2041 judicio
1513 1970 1841 2036 tradiderat,
1917 1984 2176 2038 superare
2223 1969 2359 2023 nihil
2412 1970 2706 2038 quidquam
2789 1970 3041 2024 interest.
3105 1966 3218 2023 ltuo
3273 1982 3398 2022 vero
3436 1969 3668 2022 alterum

428 2069 588 2123 etiam
618 2064 1040 2136 c0uspectiorem
1094 2062 1259 2118 tradit
1306 2062 1635 2117 adversariis
1671 2060 1973 2115 victoriam.
2008 2059 2139 2114 Illud
2194 2061 2339 2114 enim
2375 2059 2509 2113 nihil
2548 2060 2694 2114 aliud
2754 2070 2894 2123 erat,
2948 2075 3111 2128 quam
3163 2058 3227 2113 ad
3266 2056 3480 2126 iudices
3527 2060 3668 2115 nihii

431 2158 662 2213 valuisse
690 2156 989 2211 orationem
1030 2171 1043 2208 :
1079 2154 1178 2209 hoc
1218 2162 1398 2207 autem
1449 2154 1591 2223 apud
1627 2154 1799 2222 ipsum
1848 2166 2065 2223 quoque
2124 2163 2402 2207 auctorem
2427 2153 2695 2207 orationis
2759 2152 2920 2208 talem
2985 2152 3263 2221 accepisse
3320 2152 3665 2221 opinionem.

429 2249 487 2305 Si
519 2250 679 2319 igitur
710 2248 832 2302 talis
864 2244 1040 2301 oratio
1072 2261 1176 2299 non
1199 2245 1430 2315 praebuit
1457 2247 1659 2300 oratori
1685 2260 1835 2313 spem
1894 2244 2270 2314 persuadendi,
2343 2245 2431 2313 qui
2472 2245 2775 2312 desperavit
2854 2243 3257 2315 persuasionem
3291 2261 3306 2297 :
3366 2243 3668 2313 quomodo,

426 2357 634 2415 quaeso,
669 2356 773 2395 non
802 2348 883 2394 est
907 2351 1069 2408 grave
1092 2351 1157 2392 ac
1187 2337 1549 2401 molestum,o
1586 2336 1906 2407 gravissime
1926 2334 2029 2400 vir,
2062 2343 2123 2388 ut
2158 2334 2371 2388 illorum
2440 2336 2658 2405 quidem
2702 2338 3071 2405 unusquisque
3122 2347 3189 2387 ex
3242 2332 3409 2387 animi
3467 2346 3668 2401 propo-

425 2434 833 2502 sitojndicetur,
866 2442 920 2488 et
949 2447 1054 2487 non
1081 2433 1153 2485 sit
1177 2432 1487 2487 videaturve
1516 2444 1637 2484 esse
1664 2429 1787 2484 aliis
1808 2429 1984 2484 fraudi
2021 2428 2249 2485 aliorum
2311 2431 2650 2486 contumacia
2683 2444 2747 2484 ac
2804 2428 3136 2499 pertinacia;
3188 2427 3243 2482 in
3278 2441 3365 2481 me
3394 2440 3525 2479 vero
3572 2440 3665 2479 res

429 2538 540 2583 tota
571 2524 810 2590 natalia,
856 2531 1016 2592 atque
1083 2537 1254 2577 novus
1295 2521 1513 2591 quidam
1580 2532 1699 2573 mos
1760 2518 2178 2573 introducatur?
2215 2520 2343 2573 Haec
2389 2528 2566 2572 autem
2625 2534 2730 2572 non
2813 2517 3018 2571 idcirco
3099 2514 3315 2585 scripsi,
3367 2513 3521 2580 quasi
3569 2512 3667 2582 qui

426 2622 615 2677 laudes
668 2617 924 2689 aucupari
979 2615 1137 2672 velim
1186 2614 1354 2686 (nosti
1420 2614 1565 2670 enim
1638 2627 1802 2683 quam
1862 2610 1982 2669 illas
2052 2611 2257 2668 soleam
2328 2621 2721 2667 contemnere:
2780 2625 2905 2663 nam
2939 2608 2984 2664 si
3010 2608 3198 2663 laudes
3255 2605 3666 2675 appetivissem,

424 2726 828 2771 enumerassem
864 2710 1027 2767 etiam
1055 2724 1171 2773 eos,
1219 2708 1414 2779 quibus
1475 2708 1716 2778 persuasi
1790 2717 1849 2763 ut
1908 2708 2165 2763 virtutem
2242 2705 2721 2775 amplecterentur,
2782 2704 2873 2774 qui
2913 2703 3131 2774 quidem
3178 2716 3277 2756 nec
3321 2700 3475 2769 pauci
3539 2712 3669 2754 sunt

433 2820 681 2873 numero,
708 2813 765 2861 et
785 2806 921 2861 satis
950 2802 1239 2872 celebres),
1301 2802 1396 2858 sed
1463 2803 1750 2859 ostendere
1788 2852 1789 2855 η
1830 2802 2076 2869 studens,
2109 2802 2227 2857 sive
2248 2802 2370 2870 quis
2412 2800 2730 2869 persuadeat
2785 2813 2851 2854 ea
2904 2813 3027 2868 quae
3072 2794 3351 2867 proposuit
3395 2793 3511 2847 sive
3558 2807 3667 2847 non

423 2898 768 2969 persuadeat,
807 2905 1059 2967 oportere
1113 2895 1353 2951 animum
1426 2897 1657 2965 expendi
1702 2895 1818 2965 ejus
1883 2896 1978 2966 qui
2047 2896 2332 2952 consilium
2386 2895 2518 2950 dare
2571 2893 2844 2958 instituit;
2924 2907 3031 2947 non
3093 2899 3273 2945 autem
3369 2889 3548 2956 ipsum
3600 2901 3668 2943 ex

424 3002 617 3050 eventu
679 3007 882 3058 rerum,
927 2992 1020 3062 qui
1070 2992 1123 3047 in
1143 2991 1312 3061 ipsius
1370 3000 1639 3062 potestate
1697 3007 1805 3047 non
1862 3002 1967 3061 est,
1997 2992 2275 3049 aestimari.

674 3102 851 3160 CCVI.
891 3132 960 3143 —
995 3101 1383 3159 THEODOSIO
1411 3102 1729 3159 DIACONO.

2333 3104 2467 3171 scr.
2504 3134 2570 3145 --
2589 3102 2912 3172 θΕοΔοΣιςι
2938 3098 3243 3169 ΔΙΑΚΟΝῼ
3272 3095 3410 3167 (ιε).

428 3193 494 3250 In
514 3194 711 3250 dictum
746 3193 900 3256 illud,
944 3211 964 3245 ι
992 3192 1125 3258 Quis
1149 3195 1310 3247 nescit
1349 3190 1693 3261 Ephesiorum
1726 3195 1989 3249 civitatem

2092 3194 2195 3257 Εἰς
2222 3192 2288 3245 τὸ
2322 3191 2637 3261 εἰρημένον
2658 3206 2671 3222 ο
2708 3208 2727 3242 ι
2758 3191 2875 3261 *Τίς
2901 3191 3021 3261 οὐκ
3052 3183 3179 3241 οἵδε
3220 3184 3337 3261 τὴν
3371 3183 3665 3261 Ἐφεσζωγ

720 3277 829 3317 esse
856 3250 1109 3321 aidituwam
1142 3278 1346 3333 magna:
1382 3250 1565 3317 Diana:
1588 3262 1692 3317 “‘3.

2157 3250 2339 3384 ἔόλιν
2370 3250 2670 3329 id;pr
2712 3250 2916 3315 οὖσαν
2948 3258 3059 3326 τῆς
3098 3250 3370 3326 μεγάλης
3412 3250 3669 3321 Ἀρτέμι-

2197 3346 2304 3397 ος;
2345 3350 2364 3383 ι

87 4502 292 4643 ίεγηῒ

497 3438 760 3505 Quoniam
806 3436 1015 3497 discere
1062 3436 1279 3494 voluisti
1341 3434 1471 3489 illud
1523 3434 1665 3501 quod
1729 3432 1786 3487 in
1836 3435 1989 3489 Actis

427 3530 787 3600 apostolorum
837 3529 1097 3588 habetur:
1133 3526 1296 3594 «Quis
1322 3524 1494 3582 nescit
1522 3523 1874 3593 Ephesiorum
1909 3526 1988 3580 ci-

427 3620 646 3674 vitatem
700 3620 950 3675 tedituam
1002 3634 1123 3675 esse
1168 3633 1376 3687 magnae
1433 3618 1642 3684 Dianae,
1687 3628 1741 3675 et
1784 3634 1814 3673 a
1856 3616 1990 3676 Jove

428 3710 631 3781 delapsi
673 3708 999 3765 simulacri?
1049 3726 1069 3763 ι
1124 3709 1267 3764 scire
1313 3707 1477 3762 debes
1533 3723 1635 3762 non
1679 3723 1800 3764 esse
1847 3710 1989 3765 hanc

428 3798 724 3869 Scriptura'
749 3798 918 3867 ipsius
943 3810 1153 3862 vocem,
1181 3794 1276 3853 sed
1304 3796 1499 3852 scriba:
1519 3795 1893 3865 Ephesiorum.
1922 3798 1989 3855 Et

426 3903 889 3958 supervacaneum
923 3901 1044 3943 esse
1101 3887 1237 3942 duco
1278 3900 1558 3944 sermones
1587 3883 1643 3939 in
1676 3884 1833 3941 trivio
1866 3902 1989 3956 pro-

433 3978 581 4033 fusos
610 3976 990 4050 interpretari;
1017 3976 1082 4032 de
1102 3976 1299 4047 quibus
1326 3975 1490 4032 etiam
1525 3976 1718 4045 opinor
1746 3972 1988 4032 Psalmo-

428 4082 546 4124 rum
578 4066 898 4138 scriptorem
949 4065 1331 4137 pronuntiasse
1372 4064 1515 4119 ista:
1574 4081 1593 4115 ι
1617 4060 1991 4119 Narraverunt

427 4157 558 4212 mihi
600 4157 770 4229 iniqui
815 4154 1216 4221 tabulationes;
1251 4153 1347 4209 sed
1375 4168 1483 4210 non
1521 4162 1580 4210 ut
1609 4152 1699 4210 lex
1736 4159 1851 4219 tua,
1883 4152 1990 4208 Do-

426 4247 571 4302 mine
591 4246 658 4301 “.
680 4264 699 4297 ι

916 4354 1120 4414 CCVII.
1152 4385 1224 4399 --
1266 4355 1496 4413 EIDEM.

2169 3443 2388 3514 Ἐπειδὴ
2410 3443 2683 3513 ἠθέλησας
2722 3440 2914 3511 μαθεῖν
2939 3438 3001 3492 τὸ
3029 3439 3089 3494 ὲν
3116 3440 3239 3502 ταῖς
3286 3435 3522 3508 πράξεσι
3551 3432 3660 3488 τῶν

2087 3535 2398 3589 ἀποστόλων
2433 3534 2719 3605 κείμενον·
2760 3551 2780 3585 ι
2815 3531 2913 3593 Τίς
2957 3530 3059 3585 οὐκ
3090 3524 3201 3582 οἶδε
3228 3527 3329 3598 τὴν
3388 3525 3660 3595 Ἐφεσίων

2088 3622 2243 3675 πόλιν
2285 3622 2553 3693 νεωκόρον
2597 3618 2737 3675 εἶναι
2769 3619 2870 3689 τῆς
2906 3617 3149 3688 μεγάλης
3184 3614 3543 3685 Ἀρτέμιδος,
3573 3612 3666 3667 καὶ

2087 3711 2184 3767 τοῦ
2213 3712 2535 3779 διοπετους;
2574 3730 2593 3764 ι
2631 3708 2738 3764 ἴσθι
2764 3749 2780 3774 ,
2813 3707 2898 3762 ὅτι
2929 3705 3030 3760 οὐκ
3057 3703 3174 3760 ἐστι
3222 3704 3320 3775 τῆς
3361 3701 3591 3774 Γραφῆς
3628 3703 3662 3773 ἡ

2088 3803 2240 3875 φωνὴ
2267 3844 2282 3869 ,
2318 3804 2455 3858 ἀλλὰ
2510 3802 2606 3856 τοῦ
2635 3797 3010 3872 γραμματέως
3055 3797 3166 3850 τῶν
3220 3793 3485 3863 Ἐφεσίων
3516 3810 3530 3825 ·
3571 3795 3666 3847 καὶ

2087 3895 2340 3967 περιττὸν
2366 3892 2643 3963 ποιοῦμαι,
2665 3889 2964 3961 ἀγυρτικὰς
2979 3886 3291 3957 λογοποιϊας
3313 3883 3660 3956 ἑρμηνεύειν·

2089 3984 2218 4054 περὶ
2260 3977 2337 4038 ὧν
2374 3978 2527 4053 οἶμαι
2566 3980 2660 4033 καὶ¹
2704 3978 2795 4032 τὸν
2846 3977 3101 4046 Μελῳδὸν
3144 3974 3425 4048 εἰρηκέναι
3456 3987 3471 4001 ⁸
3519 3991 3539 4025 ‹
3578 3975 3665 4024 Δι-

2087 4074 2364 4147 ηγήσαντό
2395 4089 2486 4143 μοι
2513 4069 2819 4141 παράνομοι
2850 4066 3200 4136 άδολεσιίαςτ
3233 4065 3348 4120 ἀλλ’
3381 4064 3484 4135 οὐχ
3518 4062 3597 4128 ὡς
3635 4061 3665 4115 ό

2100 4166 2268 4237 νόμος
2300 4180 2415 4231 σου,
2447 4160 2640 4233 Κύριε.
2680 4177 2699 4211 ι

2606 4362 2723 4415 ΣΖθ.
2758 4390 2829 4401 -
2852 4361 2942 4433 Tn
2960 4359 3169 4431 ΑΥΤῼ.

498 4469 764 4536 Quoniam
795 4469 1038 4526 discendi
1064 4468 1362 4541 cupiditate
1400 4467 1639 4539 ﬂagrans
1666 4470 1832 4527 etiam
1865 4486 1991 4529 eru-

2181 4472 2399 4545 Ἐπειδὴ
2430 4472 2734 4544 φιλομαθὴς
2764 4471 2862 4539 ὢν,
2903 4469 3226 4541 πολυμαθὴς
3258 4467 3465 4532 ἐθέλεις
3497 4484 3663 4534 ειναι,

429 4559 633 4615 ditione
665 4558 863 4629 plenus
907 4573 1029 4616 esse
1050 4558 1155 4624 vis,
1188 4558 1293 4615 hoc
1336 4573 1554 4630 quoque
1582 4574 1873 4631 exponam,
1920 4575 1991 4617 ne

430 4651 613 4706 videar
657 4651 711 4705 in
738 4664 1027 4705 mmrorem
1056 4656 1107 4704 te
1137 4647 1425 4717 conjicere.
1463 4648 1565 4715 Qui
1592 4649 1735 4719 apud
1773 4649 1991 4706 Gmcos

430 4739 718 4812 (inﬁdeles)
744 4739 1032 4797 simulacra
1060 4740 1420 4796 conﬁciebant
1439 4779 1458 4807 ,
1492 4740 1530 4795 ii
1583 4739 1834 4797 volentes
1861 4754 1989 4811 spe-

87 4810 729 4918 (eiaulxtatoribus
773 4840 1035 4887 terrorem
1059 4831 1323 4896 incutere,
1372 4827 1729 4899 dictitabant,
1776 4831 1866 4888 illa
1892 4810 1980 4889 ide

474 4982 520 5016 δ’
540 4982 662 5039 Act.
692 4996 808 5050 nx,
836 4982 924 5038 35.
1024 4982 1072 5015 “
1101 4980 1243 5041 Psal.
1271 4996 1459 5045 cxvut.
1493 4982 1583 5039 85.

2098 4562 2375 4617 καὶτοῦτο
2404 4565 2617 4633 φράσω,
2643 4564 2733 4617 ἵνα
2758 4564 2832 4635 μὴ
2867 4562 3083 4632 δόξαιμί
3115 4578 3175 4614 σε
3194 4561 3406 4617 λυπεῖν.
3444 4562 3508 4615 0i
3535 4561 3666 4631 παρ’

2100 4652 2327 4722 Ἕλλησι
2350 4654 2421 4708 τὰ
2438 4654 2601 4719 ξόανα
2628 4655 3159 4719 κατασκευάσαντες,
3180 4651 3345 4723 φόϐον
3368 4652 3667 4723 δμποιῆσαι

2095 4745 2208 4806 τοῖς
2233 4743 2401 4815 όρῶσι
2439 4743 2773 4815 βουλόμενοι,
2809 4744 3066 4814 ἔφασκον,
3095 4744 3177 4799 ὅτι
3202 4742 3315 4813 (44)
3344 4742 3403 4809 ἐξ
3437 4740 3669 4811 οὐρανοῦ

2085 4834 2235 4907 παρὰ
2247 4832 2343 4888 τοῦ
2356 4833 2477 4899 Διὸς
2487 4834 2742 4907 ἐπέμφθη
2753 4834 2786 4907 ἢ
2800 4834 3312 4905 κατέπτη,κρετττον
3324 4831 3437 4905 (45)
3452 4830 3599 4887 ἁπάο
3608 4846 3670 4900 ης

1517 5126 1755 5184 ΥΑΒΙΑΞ
1786 5126 2173 5185 LECTIONES
2205 5127 2297 5184 ET
2332 5128 2567 5187 ΝΟΤιΕ.

501 5286 614 5355 (Ω)
650 5285 773 5339 Hec
808 5283 1030 5355 epistola
1079 5283 1325 5355 inscribit
1361 5284 1412 5336 in
1448 5283 1565 5355 co_d.
1603 5280 1723 5355 Vat.
1756 5282 1860 5355 950
1889 5300 1991 5355 non

431 5352 694 5435 Θεοδοσίῳ
712 5353 965 5435 διακόνῳ,
1112 5353 1320 5435 ’ξξρωνι
1348 5352 1720 5435 πρεσϐυτέρῳ.
1759 5352 1938 5435 νεεδ.-
1959 5354 1994 5407 5

435 5439 521 5488 σιν.
570 5422 708 5476 inter
756 5422 994 5492 μεγάλης
1039 5431 1095 5475 ct
1141 5422 1359 5491 Ἀρτεμ.
1400 5422 1590 5474 inserit
1638 5422 1775 5474 idem
1832 5422 1991 5486 Θεᾶς.

438 5490 591 5545 'i'ers.
630 5492 941 5558 (inminuat
974 5493 1112 5545 idem
1141 5500 1311 5544 mutat
1341 5493 1392 5543 in
1421 5489 1679 5558 ἡγοῦμαι.
1710 5490 1782 5542 In.

508 5508 591 5545 :rs.
630 5508 663 5543 υ
688 5508 941 5561 ποιουμαι
974 5508 1112 5545 mem
1141 5508 1311 5544 nnuat
1341 5508 1392 5543 Ill
1421 5508 1679 5558 ηγουμαι.
1710 5508 1782 5542 ιο.

508 5558 621 5627 ιω)
651 5556 782 5614 Erat
814 5559 865 5613 in
904 5560 1031 5615 edit.
1079 5559 1248 5613 Paris.
1287 5558 1675 5627 ἀνεπίγραφος.
1714 5558 1845 5615 Cod.
1874 5558 1991 5615 Vat.

2097 5285 2333 5366 suggerit
2363 5284 2442 5365 τῷ
2472 5284 2641 5355 αὐτῷ,
2674 5285 2725 5339 id
2750 5294 2853 5351 est,
2888 5286 3179 5342 secundum
3223 5287 3346 5344 cod.
3388 5284 3534 5352 Yat.,
3564 5284 3661 5355 ipsi

2097 5370 2179 5407 θυι
2214 5369 2480 5407 superior.
2515 5354 2708 5407 lleroni
2753 5357 3090 5407 oreshvtero.
3119 5357 3278 5407 Ευιτ.

2096 5357 2179 5408 cui
2214 5357 2480 5423 superior,
2515 5357 2708 5409 lleroni
2752 5357 3090 5435 presbytero.
3119 5357 3278 5411 Εοιτ.

2099 5422 2453 5559 “(dagger
2479 5425 2561 5477 ὅτι
2588 5433 2641 5478 et
2663 5422 2721 5490 ἐξ
2753 5427 2943 5479 Inserit
2964 5426 3084 5480 cod.
3116 5425 3234 5481 Vat.
3272 5424 3378 5481 650
3401 5423 3461 5476 τὸ
3490 5422 3660 5492 άγαλ-

2165 5560 2278 5631 (45)
2309 5561 2452 5619 Inter
2486 5562 2726 5633 κρεῖττον
2751 5571 2805 5619 et
2828 5563 3043 5635 ἁπάσης
3070 5564 3208 5621 idem
3256 5562 3439 5619 inserit
3463 5560 3545 5617 ὃν.
3580 5558 3656 5616 la.
