4020 6140
340 306 478 371 1305

1194 308 1726 372 EPISTOLARUM
1758 311 1904 371 LIB.
1926 310 2043 372 .vIV.
2083 330 2150 344 -·
2180 305 2416 370 EPIST.
2456 298 2720 366 CCXIII.i

3444 299 3578 365 1:306

340 417 508 478 ἐστιν,
563 413 676 486 (58)
723 415 860 488 ὅπερ
887 416 1155 489 ἠθέλησας
1182 421 1372 491 μαθεῖν
1399 436 1414 452 °
1471 441 1489 474 t
1528 425 1622 494 Μὴ
1651 424 1904 495 ἐκκλίνῃς
1932 471 1939 484 .

2015 435 2123 476 esse
2151 421 2380 475 videtur.
2421 419 2599 490 Atque
2626 418 2729 474 hoc
2759 413 2890 474 illud
2919 422 3003 472 est
3023 455 3040 483 ,
3071 415 3216 486 quod
3245 414 3456 471 discere
3485 429 3581 470 vo-

339 506 510 572 δεξιὰ,
549 507 673 576 μηδ’
727 507 1010 577 ἀριστερά.
1062 527 1081 560 ι
1141 509 1276 582 Ὀδῷ
1334 512 1586 586 βασιλικῇ
1634 515 1891 584 πορεύου.

355 596 573 665 Ἐπειδὴ
597 596 704 666 γὰρ
736 598 792 650 αἱ
819 615 893 652 πα
902 599 1207 670 ρεκκλίσεις
1236 601 1343 654 τῶν
1362 605 1572 673 ἀρετῶν
1604 605 1683 668 είς
1706 604 1906 657 κακίαν

341 687 605 754 λήγουσι⁸
652 687 884 758 θέλησας
910 691 1020 762 γάρ
1059 709 1144 756 τις
1200 688 1336 746 εἶναι
1369 695 1480 764 (59)
1531 695 1907 766 οίκονομικὺς,

342 776 556 839 πολλοῖς
581 776 692 846 (60)
725 781 805 843 είς
828 781 1112 848 φειδωλίαν
1140 783 1399 838 ἀνέπεσεν
1417 824 1432 849 ,
1466 786 1498 856 ἢ
1530 786 1807 856 φιλότιμος
1831 788 1912 850 είς

341 867 613 920 ἀσωτίαν·
653 870 713 921 οὐ
766 871 927 941 μόνον
970 874 1226 944 ἀμείνονα
1258 876 1354 947 τὴν
1407 876 1598 948 μέσην,
1633 877 1777 932 ἀλλὰ⁴
1815 877 1912 931 καὶ

345 953 776 1030 βασιλικωτάτην
799 961 1022 1028 εἰκότως
1051 960 1189 1018 εῖναι
1227 964 1516 1036 ὡρίσαντο.

2013 514 2156 568 luisti
2201 531 2216 567 :
2268 511 2396 567 «Ne
2445 511 2687 566 declines
2734 510 2800 563 ad
2851 509 3120 571 dextram,
3145 519 3320 575 neque
3382 506 3448 560 ad
3501 505 3578 560 si-

2013 605 2292 659 nistram.»
2355 602 2528 672 Regia
2555 601 2640 656 via
2683 599 2939 656 incedito.
2980 598 3115 665 Quia
3146 599 3288 652 enim
3321 594 3578 651 deﬂexio—

2011 711 2109 752 nes
2131 697 2388 750 virtutum
2421 695 2474 749 in
2495 694 2686 748 vitium
2716 693 2971 747 desinunt
2994 691 3161 760 (saepe
3186 689 3330 746 enim
3359 688 3580 756 aliquis,

2011 787 2139 843 dum
2183 786 2320 855 frugi
2352 794 2410 839 et
2459 785 2631 840 bonus
2683 779 3071 852 paterfamilias
3103 792 3225 834 esse
3257 777 3462 844 voluit,
3525 778 3578 830 in

2011 875 2202 931 sordes
2231 874 2421 928 incidit
2446 894 2460 930 :
2490 883 2590 926 aut
2606 873 2730 927 dum
2761 872 2988 932 honoris
3015 869 3252 924 studium
3283 866 3582 931 adamavit,

2012 964 2065 1018 in
2117 959 2532 1033 profusionem),
2589 960 2786 1015 merito
2815 959 2958 1014 viam
2994 957 3224 1016 mediam
3259 969 3366 1008 non
3407 953 3580 1008 solum

2011 1053 2291 1117 meliorem
2318 1090 2334 1118 ,
2387 1049 2486 1107 sed
2530 1051 2692 1106 etiam
2743 1049 2981 1105 maxime
3029 1047 3231 1117 regiam
3282 1059 3406 1108 esse
3466 1052 3602 1097 sta-.

1912 1137 1914 1139 ’
2014 1151 2246 1200 tueruut.

797 1238 943 1293 XIA'.
971 1269 1043 1280 —
1062 1241 1482 1314 ΛΔΑΜΑΝΤΙῼ.

353 1328 415 1384 Τί
436 1327 565 1383 ἐστι
589 1327 658 1383 τὸ
681 1327 995 1402 εἰρημένον
1018 1331 1087 1383 ἐν
1108 1330 1181 1399 τῇ
1203 1331 1328 1402 ᾠδῇ
1358 1333 1673 1402 Ἀὄακούμ·
1706 1352 1725 1385 ι
1746 1333 1914 1390 Ἐκά-

573 1401 776 1466 avdet!
805 1401 1097 1466 οὐρανοὺς
1134 1403 1173 1469 ἡ
1202 1401 1382 1470 ἀρετὴ
1407 1401 1620 1457 αὐτοῦ.
1665 1422 1685 1456 ι

427 1507 644 1579 Ἐπειδὴ
694 1507 817 1572 νοῦς
845 1507 913 1561 τὰ
961 1509 1100 1580 ὑπὲρ
1150 1512 1274 1566 νοῦν
1305 1514 1495 1583 νοῆσαι
1537 1515 1598 1567 οὐ
1642 1514 1907 1582 δύναται,

347 1595 467 1650 οὐδὲ
490 1597 646 1665 λόγος
681 1597 750 1650 τὰ
780 1599 920 1670 ὑπὲρ
945 1597 1102 1668 λόγον
1129 1602 1334 1671 φράσαι
1361 1618 1374 1631 ·
1401 1601 1558 1654 τοῦτο
1597 1604 1704 1673 γὰρ
1734 1601 1922 1667 οὕτως’

347 1689 471 1758 ἔχον
526 1687 668 1757 (62),
724 1689 1060 1760 ἰσχυρίζεται
1105 1689 1175 1743 τὰ
1228 1690 1347 1744 θεῖα
1388 1692 1582 1760 λόγια,
1640 1693 1904 1761 λέγονταο

354 1751 543 1842 ι’λόξα
586 1751 1049 1850 κυρίου-κρύπτει
1094 1765 1304 1846 λόγονξ
1325 1799 1342 1832 ι
1390 1751 1683 1848 τουτέστι,
1712 1751 1910 1846 παντὸς
1941 1751 1981 1805 Β

347 1866 507 1934 λόγου
546 1867 810 1937 κρείττων
841 1869 958 1922 ἐστὶ
999 1868 1094 1922 καὶ
1138 1871 1384 1941 ἁνωτέρα
1426 1873 1459 1942 ή
1489 1872 1614 1936 δόξα
1649 1874 1681 1942 ἡ
1716 1873 1914 1925 δεσποσ

344 1961 469 2030 τική
495 1977 508 1988 ο
537 1961 632 2012 καὶ
663 1961 762 2014 οὐκ
789 1957 1016 2033 εἷπεν,ή
1047 1963 1227 2031 φύσις,
1260 1965 1351 2031 ἀφ’
1375 1959 1441 2035 ἧς
1469 1966 1502 2034 ἡ
1533 1963 1656 2028 δόξα
1685 2006 1698 2029 ,
1738 1965 1912 2035 ἀλλ’ἢ

345 2049 470 2116 δόξα
493 2051 525 2119 ἡ
549 2050 613 2103 ἐκ
639 2050 738 2120 τῆς
765 2051 972 2114 οὐσίας’
1007 2055 1401 2124 παραχωρείτω
1424 2057 1570 2107 πᾶσα
1601 2055 1914 2126 ἀνθρωπίνη

349 2138 510 2207 φύσις
532 2138 609 2208 τῷ
640 2139 970 2207 μεγέθειτοῦ
996 2143 1337 2213 πράγματος·
1365 2143 1458 2197 καὶ
1493 2144 1568 2214 μὴ
1601 2145 1699 2214 τὴν
1728 2145 1912 2198 οὐσίαν

348 2227 810 2296 περιεργαζέσθω,
838 2229 973 2282 ἀλλὰ
994 2231 1368 2302 προσκυνείτω
1395 2233 1493 2302 τὴν
1524 2231 1699 2295 ἀξίαψ
1737 2249 1914 2302 παρα-

347 2317 596 2387 χωρείτω
624 2317 681 2370 δὲ
712 2321 820 2382 πᾶς
855 2320 966 2390 (6‘2)
1001 2322 1029 2372 ὁ
1057 2321 1165 2374 τῶν
1212 2323 1482 2391 ἀγγέλων,
1516 2324 1612 2376 καὶ
1640 2325 1913 2394 ἀρχαγγέ-

346 2406 473 2470 λων,
512 2410 612 2461 καὶ
637 2409 747 2462 τῶν
793 2411 905 2464 ἄνω
937 2411 1220 2482 δυνάμεων
1259 2413 1450 2484 δῆμος.
1483 2415 1577 2477 Εἰς
1616 2415 1774 2468 τοῦτο
1802 2418 1910 2486 γὰρ

347 2495 532 2564 βλέπει
571 2499 632 2550 τὸ
678 2499 863 2568 ῥητὸν,
908 2501 1043 2572 ὅπερ
1072 2501 1346 2573 ἠθέλησας
1381 2504 1603 2574 μαθεῖν·
1662 2523 1686 2556 ι-
1745 2505 1906 2558 Ἑκά-

344 2583 510 2653 λυψεν
548 2588 867 2660 οὐρανοὺςὴ
902 2591 1070 2662 ἀρετὴ
1104 2593 1291 2646 αὑτοῦ.
1345 2611 1364 2644 ι
1409 2593 1618 2663 Μηνύει
1647 2595 1777 2666 γὰρ,
1827 2597 1910 2649 ὅτι

345 2673 528 2743 πάσης
561 2676 660 2746 τῆς
688 2677 982 2750 ἀγγελικῆς
1026 2679 1263 2749 πληθύος
1305 2681 1399 2733 καὶ
1428 2680 1538 2735 τῶν
1564 2682 1751 2750 ζὰγίων
1781 2700 1912 2751 ταγ-

348 2762 534 2832 μάτων
584 2767 788 2836 μείζων
817 2769 966 2822 ἐστὶν
1013 2771 1042 2823 ὁ
1089 2771 1218 2840 περὶ
1255 2771 1354 2842 τῆς
1391 2771 1544 2835 θείας
1591 2772 1778 2836 οὐσίας
1823 2773 1911 2826 λό-

343 2870 438 2924 γος
475 2855 608 2926 (63),
623 2876 643 2910 ι

715 3052 857 3106 ΣΙΒ’.
888 3084 958 3107 -.-
985 3054 1530 3127 ΟΥΑΡΣΕΝΟΥΦΙῼ.

595 3143 698 3207 Εἰς
727 3141 814 3206 τὸ,
856 3160 873 3193 ι
916 3143 1143 3198 Μάθετε
1174 3145 1364 3198 καλὸν
1394 3143 1607 3198 ποιεῖν.
1639 3163 1658 3196 ι

427 3253 646 3325 Ἐπειδὴ
709 3255 894 3308 πολλοὶ
942 3257 1051 3310 τῶν
1101 3257 1168 3310 τὰ
1229 3257 1462 3327 μέγιστα
1510 3257 1923 3330 παραινούντων

346 3345 469 3399 οὐδὲ
497 3344 565 3406 τὰ
599 3347 768 3418 μικρὰ
797 3350 969 3400 ποιεῖν
997 3348 1281 3418 ἀνέχονται
1317 3347 1429 3417 (64)
1453 3389 1476 3413 ,
1505 3348 1628 3400 ἀλλ’
1651 3349 1709 3401 ὲν
1737 3347 1922 3416 λόγοις-

348 3435 780 3505 φιλοσοφοῦντες.
800 3439 858 3490 ἐν
876 3439 988 3501 τοῖς
1013 3437 1202 3508 ἔργοις,
1216 3437 1475 3508 αἰσχύνην
1502 3438 1910 3507 ὀφλισκάνουσι,

347 3524 437 3578 διὰ
475 3525 616 3578 τοῦτ’
645 3527 855 3597 εἴρηται
881 3527 962 3592 τό,
997 3546 1015 3578 ι
1050 3528 1265 3585 Μάθετε
1296 3528 1457 3582 καλὸν
1495 3531 1687 3582 ποιεῖν.
1730 3546 1748 3578 ι
1784 3527 1918 3581 Οὐκ-

345 3614 446 3671 οῦν,
465 3617 568 3687 χρὴ
604 3619 966 3688 συμϐαίνοντα
988 3618 1066 3689 τῷ
1093 3619 1234 3688 λόγῳ
1265 3619 1355 3673 τὸν
1382 3619 1500 3688 βίον
1513 3618 1675 3688 ἔχειν,
1709 3619 1799 3674 τὸν
1838 3619 1914 3690 μὴ

349 3704 609 3775 μέλλοντα
635 3708 807 3779 ὀνείδη
837 3726 895 3761 τε
925 3708 1090 3776 ἕξειν,
1125 3710 1219 3764 καὶ
1244 3710 1516 3780 τιμωρίαν
1553 3710 1790 3777 ὑφέξειν.

2325 1249 2488 1321 5m
2523 1246 2699 1303 (ποια.
2742 1277 2810 1288 -
2849 1244 3268 1301 ADAMANTIO.

2013 1337 2158 1405 Quid
2181 1338 2405 1408 sitquod
2435 1338 2490 1389 in
2535 1337 2738 1408 cantico
2767 1334 3020 1408 Habacuc
3045 1335 3247 1408 dictum
3270 1343 3380 1388 est:
3413 1338 3578 1403 «Ope-

2418 1408 2528 1459 ruit
2559 1405 2718 1459 calas
2759 1405 2925 1458 uirtus
2950 1404 3065 1472 ejus
3087 1404 3190 1460 ⁸⁷.»

2079 1518 2342 1586 Quoniam
2375 1516 2654 1588 (humana)
2685 1529 2836 1569 meus
2883 1529 2945 1568 ea
2973 1529 3091 1583 quae
3133 1529 3294 1582 supra
3343 1523 3573 1569 mentem

2011 1614 2136 1660 sunt
2184 1605 2487 1674 intelligere
2519 1617 2625 1656 non
2678 1611 2887 1672 potest,
2939 1617 3114 1671 neque
3155 1617 3334 1656 sermo
3361 1617 3425 1656 ea
3455 1619 3576 1672 quae

2010 1708 2259 1748 sermone
2285 1695 2472 1748 altiora
2497 1702 2642 1757 sunt,
2657 1692 2806 1747 eiiari
2834 1693 2962 1759 (hoc
2988 1692 3132 1746 enim
3164 1692 3237 1745 ita
3271 1707 3328 1745 se
3353 1693 3572 1755 habere,

2011 1786 2187 1839 divina
2220 1784 2486 1839 aiilrmant
2517 1785 2768 1848 oracula,
2797 1800 2918 1838 cum
2946 1784 3100 1837 aiunt
3126 1801 3140 1836 :
3197 1800 3216 1834 ι
3241 1783 3421 1838 Gloria
3460 1784 3571 1838 Do-

2011 1874 2140 1927 tniui
2199 1874 2340 1928 celat
2361 1888 2662 1926 sermonem
2685 1873 2769 1921 δεε
2806 1887 2825 1918 ι
2863 1867 2963 1926 hoc
2993 1881 3106 1935 est,
3142 1872 3287 1924 omni
3323 1887 3575 1926 sermone

2011 1964 2346 2033 praestantior
2396 1973 2479 2017 est
2536 1973 2694 2030 atque
2741 1961 2989 2030 superior
3049 1961 3217 2028 gloria
3272 1961 3570 2024 Dominica;

2009 2071 2112 2112 nec
2140 2053 2272 2107 dixit
2306 2052 2602 2123 (Salomon?-
2629 2072 2642 2105 :
2679 2051 2902 2116 Natura,
2937 2067 2966 2105 a
2994 2067 3096 2121 qua
3127 2061 3207 2106 est
3237 2051 3426 2120 gloria,
3455 2051 3570 2114 sed,

2011 2143 2180 2214 gloria
2211 2159 2330 2214 qum
2366 2152 2450 2199 est
2487 2159 2513 2196 a
2545 2142 2870 2211 substantia)
2899 2158 2914 2207 ;
2969 2141 3088 2196 ideo
3121 2143 3300 2196 omnis
3341 2143 3572 2195 humana

2012 2243 2202 2288 natura
2244 2235 2401 2290 cedat
2439 2231 2793 2302 magnitudini
2825 2232 2897 2286 rei
2930 2249 2944 2284 :
2992 2245 3163 2300 neque
3194 2232 3246 2285 in
3283 2229 3574 2284 essentiam

2011 2322 2292 2392 (divinam)
2317 2309 2530 2377 curiose
2560 2321 2826 2390 inquirat,
2865 2321 2957 2376 sed
2991 2322 3329 2388 maiestatem
3359 2320 3572 2374 adoret.

2010 2411 2166 2466 Cedit
2203 2410 2366 2465 etiam
2413 2410 2588 2465 omnis
2629 2411 2938 2480 angelorum
2972 2419 3026 2462 et
3059 2409 3496 2476 arcliangelorum
3523 2417 3575 2460 et

2009 2514 2361 2570 supernarum
2391 2500 2658 2553 virtutum-
2707 2499 2952 2570 pepulus.
3014 2499 3131 2554 Huc
3175 2500 3318 2554 enim
3367 2506 3576 2568 spectat

2009 2591 2208 2644 dictum
2261 2589 2388 2644 illud
2416 2631 2431 2655 ,
2487 2589 2638 2658 cujus
2686 2604 2903 2644 sensum
2954 2604 3280 2660 cognoscere
3312 2589 3581 2665 voluisti;

2015 2680 2278 2751 (Operuit
2330 2681 2496 2736 caelos
2529 2682 2699 2735 virtus
2728 2683 2862 2751 ejus.
2889 2700 2908 2733 ι
2970 2681 3178 2734 Iudicat
3215 2683 3358 2734 enim
3383 2719 3399 2744 ,
3431 2680 3574 2747 quod

2008 2775 2153 2828 omni
2190 2773 2432 2843 angelica
2485 2772 2832 2830 multitudine
2866 2780 2921 2827 et
2950 2772 3153 2826 sanctis
3187 2770 3294 2825 illis
3321 2769 3576 2825 exerciti-

2009 2863 2109 2917 bus
2153 2863 2324 2931 major
2368 2863 2438 2916 sit
2493 2862 2632 2917 ratio
2686 2870 2849 2930 atque
2899 2861 3074 2916 oratio
3117 2874 3238 2928 quae
3281 2858 3349 2914 de
3393 2857 3575 2912 divina

2010 2952 2242 3007 essentia
2285 2950 2600 3005 instituitur.

2361 3060 2566 3115 CCXII.
2605 3089 2677 3100 --
2717 3058 3225 3116 VARSENUPIIIO.

2259 3148 2325 3203 In
2359 3149 2490 3202 illud
2510 3189 2526 3214 ,
2564 3149 2790 3203 «Discite
2822 3149 3011 3202 bonum
3038 3148 3209 3217 facere
3229 3147 3331 3202 δ’.»

2087 3261 2352 3327 Quoniam
2424 3261 2575 3316 multi
2626 3276 2694 3318 ex
2754 3261 2821 3317 iis
2877 3262 2968 3330 qui
3035 3261 3355 3332 praecipiunt
3409 3259 3578 3332 (aliis)

2018 3354 2248 3408 maxima
2285 3365 2510 3420 quaeque
2539 3366 2703 3420 Opera
2733 3391 2750 3417 ,
2796 3353 2864 3406 ad
2896 3367 3066 3421 eaque
3118 3351 3456 3420 suscipienda
3485 3364 3581 3406 eos

2020 3442 2400 3504 exhortantur,
2454 3440 2554 3508 ipsi
2613 3457 2678 3497 ne
2707 3442 2900 3513 exigua
2929 3442 3146 3510 quidem
3198 3440 3379 3496 facere
3413 3441 3580 3496 susti-

2022 3538 2168 3596 nent,
2215 3531 2309 3584 scd
2343 3532 2522 3586 verbis
2558 3540 2762 3586 tantum
2793 3531 3260 3600 pltilosOpliantes,
3292 3528 3454 3583 factis
3482 3543 3580 3596 op-

2021 3621 2294 3690 probrium
2325 3621 2551 3678 debent:
2585 3622 2786 3676 idcirco
2820 3623 3020 3677 dictum
3053 3629 3138 3676 est
3168 3626 3221 3689 (a
3256 3618 3575 3688 propheta):

2025 3727 2045 3760 ι
2068 3707 2265 3764 Discite
2293 3711 2488 3764 bonum
2518 3709 2718 3765 facere.
2747 3728 2766 3761 ›
2810 3709 3036 3779 Oportet
3068 3709 3234 3779 igitur
3263 3711 3423 3762 vitam
3462 3707 3576 3774 pari

347 3812 507 3868 passu
549 3811 669 3852 cum
703 3815 950 3858 sermone
982 3800 1347 3862 ambulantem
1382 3802 1583 3858 habere
1623 3816 1777 3869 eum,
1815 3801 1906 3872 qui
1943 3815 2061 3857 non.
2109 3802 2238 3857 velit
2287 3812 2342 3856 et
2375 3803 2570 3870 probra
2634 3803 2925 3866 sustinere,
2957 3811 3013 3856 et
3043 3800 3360 3870 supplicium
3397 3800 3581 3854 subire

346 3889 754 3957 sempiternum.

593 4003 730 4056 Σιιν.
758 4031 820 4041 -
853 4004 1041 4076 eum
1071 4007 1469 4060 MONAZONTI
1494 4006 1628 4078 (65).

360 4110 652 4186 Ἰεζεκιήλ.
694 4115 906 4186 Τίνὲσντι
940 4117 1005 4169 τὸ
1025 4117 1461 4186 γεγραμμένον·
1514 4137 1532 4170 ι
1574 4121 1650 4174 Τὰ
1677 4120 1910 4174 δικαιῶ..

413 4181 578 4249 ματὰ
596 4181 1057 4261 μου-ἀπώσαντο
1081 4181 1338 4240 ·”καὶ’ὲν
1387 4187 1511 4258 τοῖς
1558 4191 1764 4259 νόμοις
1797 4190 1908 4261 (66)

410 4269 532 4319 μου
572 4255 684 4305 οὐκ
713 4253 1141 4321 ἐπορεύθησαν.
1177 4276 1196 4307 ι

2278 4005 2506 4061 CCXIII.
2544 4032 2614 4044 —
2657 4002 2920 4058 ΤΗΟΜᾹ)
2957 4002 3289 4058 MONACIIO

2011 4120 2273 4174 Ezechiel.
2334 4119 2471 4184 Quid
2501 4119 2602 4173 sibi
2630 4117 2751 4172 velit
2787 4117 2926 4186 quod
2955 4093 3203 4184 scriptum
3226 4124 3299 4168 est
3324 4131 3342 4168 :
3383 4114 3580 4168 «Justi-

2071 4191 2339 4258 ﬁcationes
2365 4205 2506 4242 meas
2548 4189 2848 4257 repulerunt
2870 4203 2890 4241 :
2916 4197 2964 4240 et
2990 4188 3040 4240 in
3075 4187 3291 4239 statutis
3325 4186 3449 4238 meis
3478 4202 3579 4237 non

2081 4260 2417 4312 ambularuut
2446 4258 2512 4310 ⁵ο.
2535 4277 2553 4308 υ

434 4360 652 4433 Ἐπειδὴ
683 4362 851 4434 ἔφης,
880 4364 946 4416 δι’
977 4365 1042 4435 ἣν
1085 4368 1265 4420 αἰτίαν
1296 4365 1448 4422 εἶπεν
1486 4371 1513 4422 ὁ
1542 4335 1784 4434 Θεὸς-διὰ
1810 4369 1905 4423 τοῦ

2081 4367 2342 4434 Quoniam
2379 4382 2442 4421 ex
2488 4381 2573 4419 me
2621 4365 2913 4434 quaesivisli
2943 4408 2958 4433 ,
2991 4379 3091 4418 cur
3119 4363 3261 4418 Deus
3309 4378 3401 4432 per
3435 4362 3574 4415 Eze-

361 4451 645 4526 Ἱεξεκιήλ·
698 4471 717 4504 ι
780 4453 862 4506 Τὰ
905 4455 1250 4527 δικαιώματά
1295 4477 1395 4530 μου
1441 4459 1768 4514 ἀπώσαντοο
1818 4462 1914 4515 καὶ

349 4543 411 4596 ὲν
441 4544 556 4607 τοῖς
595 4543 848 4614 νομίμοις
884 4563 986 4616 μου
1027 4547 1126 4601 οὑκ
1176 4548 1589 4621 ἐπορεύθησαν,
1646 4569 1664 4601 ι
1721 4552 1909 4605 συντό-

2018 4461 2243 4514 cliielem
2273 4459 2470 4512 dixerit
2499 4476 2512 4511 :
2555 4477 2573 4509 ι
2605 4456 3028 4512 Just-ilicationes
3058 4471 3204 4509 meas
3241 4453 3575 4522 repulerunt,

2019 4560 2073 4605 et
2103 4552 2156 4604 iu
2189 4551 2405 4604 statutis
2435 4551 2570 4605 meis
2614 4564 2718 4604 non
2747 4548 3088 4603 ambulatum
3109 4591 3124 4612 ,
3156 4564 3174 4598 ι
3199 4544 3577 4613 compendiosa

419 4719 464 4753 "
491 4718 688 4778 Habac.
719 4724 889 4790 iit,_5.
965 4722 1010 4755 ⁸⁸
1037 4723 1198 4786 Prov.
1235 4740 1364 4790 xxv,
1387 4727 1441 4778 2.
1517 4724 1563 4756 “
1587 4724 1688 4779 Isa.
1720 4740 1761 4789 ι,
1795 4725 1883 4788 i7,
1958 4725 2006 4756 ⁵ο
2036 4722 2235 4779 Ezecli.
2267 4737 2318 4787 v,
2347 4724 2397 4775 6.

1452 4875 1684 4931 VARIAE
1718 4875 2100 4932 LECTIONES
2132 4874 2220 4930 ET
2254 4871 2488 4929 NOTAE}.

355 5097 395 5151 Ρ
427 5025 539 5096 (58)
581 5025 724 5083 Inter
769 5028 913 5082 ἐστιν
961 5039 1014 5086 et
1042 5031 1178 5100 ὅπερ
1225 5032 1342 5086 cod.
1385 5029 1509 5086 Vat.
1561 5032 1749 5087 inserit
1781 5032 1910 5103 ἄρα.

399 5113 564 5151 essm.

399 5117 410 5146 ‹
475 5113 504 5147 Ἰ
549 5137 564 5151 .

415 5114 721 5240 ῗῖῗθῗγοτε.
763 5177 878 5240 post
909 5169 963 5233 5,
986 5169 1126 5240 inter
1147 5164 1284 5221 εἶναι
1326 5177 1380 5240 et
1406 5171 1740 5240 οἰκονομικὸς
1774 5173 1916 5240 ἱιιερη

357 5235 443 5290 rit
475 5235 772 5307 πολλάκις.
810 5236 966 5292 Vers.
1023 5238 1118 5292 ult.
1166 5248 1289 5292 ante
1337 5235 1603 5307 ὡρίσαντο
1655 5243 1792 5295 tollit
1835 5235 1912 5292 εἷ-

355 5324 461 5358 ναι.
497 5306 699 5359 Posstiv.
1392 5306 1398 5307 ⁷

431 5375 538 5443 (60)
572 5375 851 5440 Πολλοῖς.
891 5375 954 5430 F.
987 5377 1268 5436 πολλάκις.
1296 5376 1462 5431 Iii'r't'.

428 5446 540 5506 (lii)
578 5445 679 5496 Pro
707 5445 828 5514 ἔχον
856 5448 975 5498 cod.
1014 5445 1129 5514 Vat.
1155 5447 1262 5514 650
1304 5446 1488 5499 scribit
1511 5444 1675 5514 ἔχειν.
1709 5445 1914 5499 Possm.

427 5513 979 5581 (ϐἢΠαραχωρείι-ιυ
1002 5513 1070 5565 δὲ
1095 5513 1230 5578 πᾶς.
1260 5516 1396 5568 Ante
1424 5516 1530 5576 πᾶς
1565 5516 1790 5570 addend.
1839 5521 1882 5568 vi
1911 5545 1918 5556 ι

356 5585 512 5636 detur
535 5582 648 5635 καί.
675 5584 838 5635 lim“.

431 5653 542 5722 (63)
573 5652 874 5706 Notandum
909 5667 972 5706 cx
1003 5652 1100 5706 hac
1131 5651 1376 5720 epistola,
1408 5654 1639 5709 divinam
1670 5664 1910 5710 naturam

2022 5031 2222 5085 homini
2270 5046 2373 5083 non
2414 5044 2532 5082 esse
2565 5026 2925 5086 scrutandum,
2974 5025 3066 5076 sed
3112 5024 3458 5087 adorandum,
3517 5030 3576 5075 ut

2019 5116 2138 5168 qua:
2178 5101 2340 5154 etiam
2381 5099 2586 5166 angelis
2624 5105 2683 5150 ct
2711 5093 3048 5162 arcliungelis
3087 5097 3156 5147 sit
3202 5093 3575 5148 formidabilis.

2021 5171 2181 5224 Iit'r'r.

2029 5273 2036 5282 -
2093 5239 2204 5308 (64)
2243 5236 2446 5290 Alludit
2482 5235 2948 5308 ad_cvangelicaiu
2990 5231 3404 5308 pa-rmtni:nn_:_c
3444 5232 3580 5286 Aliis

2021 5301 2195 5376 ligant
2219 5322 2381 5360 onera
2432 5305 2634 5373 gravia,
2667 5301 2859 5376 atVipsi
2906 5322 2966 5361 ea
2992 5301 3227 5364 'ininiu'to
3271 5301 3436 5368 digito
3472 5317 3577 5354 noti

2025 5375 2315 5440 attingunt.
2339 5393 2356 5424 ι
2397 5375 2474 5428 In.

2092 5438 2205 5513 (65)
2240 5443 2518 5512 Inscriptio
2555 5447 2694 5495 nulla
2725 5454 2840 5498 erat
2870 5447 2918 5498 in
2949 5444 3078 5498 edit.
3117 5440 3328 5506 Paris.;
3365 5438 3579 5507 supple-

2020 5524 2189 5568 turex
2218 5515 2400 5567 codice
2432 5514 2705 5566 Vaticano.
2739 5515 2893 5567 Ευιτ.

2019 5652 2053 5704 Γ
2083 5584 2194 5653 (66)
2249 5585 2341 5636 Ἐν
2384 5582 2505 5647 τοῖς
2545 5583 2766 5650 νόμοις.
2818 5583 2945 5654 Leg.
3004 5583 3272 5651 νομίμοις,
3316 5589 3372 5635 ut
3417 5578 3574 5632 inira.

2037 5669 2182 5704 \ITT.

2037 5669 2182 5707 \I'I'T.
