4020 6140
474 312 609 376 1307

1640 303 1700 362 s.
1740 300 2031 361 ISIUORI
2066 272 2507 361 PELUSIOTE

3582 277 3709 341 1308

474 418 925 491 interpretatione
956 424 1094 472 utar.
1137 413 1251 468 Non
1284 410 1457 468 soium
1482 452 1496 477 ,
1534 411 1742 478 inquit,
1776 411 1921 478 impii
1959 409 2035 479 (in

2154 422 2225 474 np
2272 403 2385 471 (67)
2423 395 2688 470 ἑρμηνεία
2729 392 3083 462 κεχρήσομαι.
3142 390 3214 442 Οὐ
3266 387 3467 457 μόνον,
3524 387 3705 453 φησιν,

474 510 663 579 Deum)
712 506 1035 576 deprehensi
1099 513 1271 567 sunt,
1318 517 1504 557 verum
1560 502 1725 556 etiam
1773 501 2033 555 adversus

470 601 744 668 proximos
776 596 1003 663 improbi
1034 600 1419 663 apparuerunt.
1459 590 1595 659 Quia
1621 592 1763 647 enim
1794 590 2033 661 generali

469 691 697 759 quadam
730 688 1021 755 partitione
1069 686 1320 754 legitimae
1350 685 1656 738 sanctiones
1707 682 1759 735 in
1792 684 1898 736 duo
1932 682 2034 736 ista

469 782 647 846 capita
679 778 989 831 tribuuntur
1028 794 1041 829 :
1074 777 1124 829 in
1159 775 1361 829 cultum
1398 773 1528 840 Dei,
1567 781 1621 827 et
1650 773 2035 827 humanitatem

474 882 605 936 erga
655 876 946 936 cognatum
998 880 1211 936 genus;
1270 879 1432 933 quam
1484 862 1646 917 etiam
1699 863 1767 916 ob
1816 877 2037 916 causam

470 958 678 1012 duabus
738 956 935 1011 tabulis
996 955 1402 1025 comprehensa:
1463 961 1631 1017 sunt;
1693 953 2039 1021 contingebat

471 1056 688 1112 autem,
720 1055 777 1100 ut
824 1046 973 1115 plebs
1000 1047 1142 1099 circa
1193 1045 1340 1112 prius
1384 1042 1510 1097 illud
1564 1043 1748 1112 (caput.
1798 1041 2035 1110 pietatis)

472 1135 861 1190 alluciuaretur
892 1149 989 1204 per
1024 1133 1381 1201 ignorantiam
1416 1131 1651 1185 melioris
1681 1138 1735 1185 et
1763 1129 2036 1198 deceptio-

475 1239 595 1278 nem
624 1238 810 1279 eorum
837 1263 851 1286 ,
885 1224 976 1292 qui
1014 1222 1113 1292 ipsi
1152 1223 1430 1291 imponere
1458 1220 1810 1290 satagebant,
1840 1220 2040 1288 quippe

470 1322 593 1361 cum
625 1316 677 1360 et
707 1306 809 1360 sub
839 1315 1115 1373 aSpectum
1143 1319 1247 1358 nou
1277 1304 1431 1358 cadat
1466 1318 1661 1358 numen
1692 1302 1955 1366 divinum,
1985 1309 2041 1356 et

473 1398 753 1469 multiplex
781 1398 853 1451 sit
881 1398 948 1451 de
970 1396 1061 1451 illo
1083 1396 1223 1450 inter
1252 1395 1501 1450 homines
1530 1405 1693 1463 atque
1713 1393 2041 1448 dissentiens

472 1487 697 1556 opinio:
746 1486 947 1540 idcirco
998 1484 1271 1554 posterius
1301 1492 1463 1553 caput
1492 1482 1755 1551 adiunxit,
1809 1482 2038 1552 utquod

473 1576 722 1631 omnibus
788 1576 860 1629 sit
917 1573 1285 1629 manifestum.
1382 1573 1553 1628 Nemo
1600 1574 1746 1629 enim
1794 1583 1880 1629 est
1948 1571 2040 1642 qui

475 1666 722 1731 nesciat,
798 1672 1059 1732 quantum
1115 1663 1186 1717 sit
1246 1663 1447 1716 malunt
1514 1671 1569 1717 et
1625 1672 1827 1732 quanto
1880 1663 2039 1732 digna

2140 493 2359 557 ἀσεϐεῖς
2391 488 2775 559 ἐφωράθησαν,
2813 483 2949 537 ἀλλά
2979 482 3073 534 καὶ
3100 480 3229 549 περὶ
3258 480 3387 540 τοὺς
3419 476 3587 537 πέλας
3614 494 3704 527 πο-

2135 586 2289 655 νηροὶ
2327 579 2753 649 ἀναπεφῄνασιν.
2796 572 3015 641 Ἐπειδὴ
3063 571 3171 641 γὰρ
3215 570 3404 638 γενικῇ
3446 582 3552 618 τινι
3580 567 3705 618 διαι-

2140 675 2283 745 ρέσει
2316 674 2396 734 είς
2434 670 2526 723 δύο
2564 668 2737 722 ταῦτα
2762 666 3019 735 τέμνεται
3040 662 3109 713 τὸ.
3148 660 3355 729 νόμιμα
3377 697 3391 721 ,
3422 656 3503 719 εἴς
3536 674 3595 709 τε
3617 656 3707 725 τὴν

2136 740 2230 815 τοῦ
2246 758 2379 813 Θεοῦ
2399 756 2713 828 θεραπείαν,
2755 752 2835 815 εἷς
2856 768 2915 802 τε
2938 748 3046 802 τῶν
3067 744 3351 815 ὁμοφύλων
3382 743 3497 813 (68)
3530 740 3711 809 φιλανο

2138 851 2383 921 θρωπίαν
2408 864 2420 877 ⁸
2459 848 2539 900 διὸ
2570 847 2665 899 καὶ
2703 844 2797 897 δύο
2826 840 3039 902 πλάκας
3083 834 3393 909 γεγράφθαι
3423 833 3535 902 (69)
3554 847 3566 859 ·
3592 920 3599 921 7
3623 831 3708 921 εν-

2138 918 2351 1006 εθέχετο
2381 935 2437 988 δὲ
2488 932 2630 987 κατὰ
2666 932 2726 986 τὸ
2770 930 3034 1000 πρότερον
3076 922 3482 994 σφαλλέσθαιτὸ
3511 918 3710 987 πλῆθος

2137 1027 2330 1098 ἀγνοίᾳ
2367 1025 2459 1079 τοῦ
2510 1024 2849 1093 κρείττονος,
2890 1020 2984 1073 καὶ
3035 1017 3222 1087 ἀπάτῃ
3258 1013 3366 1066 τῶν
3400 1009 3709 1081 φενακίζειν

2141 1115 2475 1186 βουλομένων
2493 1153 2507 1180 ,
2536 1112 2631 1167 ἅτε
2671 1110 2768 1165 καὶ
2811 1108 3043 1178 ἀοράτου
3072 1106 3223 1167 ὄντος
3266 1102 3359 1156 τοῦ
3391 1101 3551 1155 Θείου
3573 1140 3591 1167 ,
3619 1099 3707 1153 καὶ

2138 1204 2494 1275 πολυσχιδοῶς
2551 1205 2650 1274 τῆς
2687 1201 2814 1271 περὶ
2849 1199 2980 1253 αὐτὸ
3004 1196 3194 1266 δύξης-
3247 1194 3311 1247 τὸ
3342 1191 3591 1262 δεύτερον
3620 1192 3709 1243 ἑπ-

2139 1295 2368 1364 ήγαγεν,
2395 1292 2423 1345 ὃ
2446 1294 2557 1355 τοῖς
2573 1292 2706 1345 πᾶσι
2728 1287 2991 1360 πρόδηλόν
3017 1288 3184 1340 ἐστιν.
3208 1283 3395 1346 Οὐδεὶς
3416 1282 3525 1351 γάρ
3543 1283 3711 1346 ἐστιν,

2138 1384 2197 1448 ὃς
2229 1384 2443 1451 ἀγνοεῖ,
2479 1380 2553 1444 ὡς
2585 1378 2753 1433 κακὸν
2783 1378 2876 1431 καὶ⁹
2901 1376 3177 1437 κολάσεως
3207 1372 3361 1437 ἀξιον
3389 1373 3550 1441 φόνος
3571 1410 3586 1435 ,
3618 1370 3711 1423 καὶ

2144 1470 2357 1542 μοιχεία
2382 1512 2397 1537 ,
2456 1469 2550 1523 κα)⁵
2604 1466 2923 1533 πλεονεξία,
2982 1465 3078 1518 καὶ
3120 1463 3289 1517 τᾶλλα
3344 1462 3460 1531 (70)
3498 1462 3705 1515 τούτων

2139 1561 2363 1631 ἀδελφά.
2410 1559 2563 1613 Ἐπεὶ
2588 1558 2769 1611 τοίνυν
2795 1558 2882 1609 ἐπ’
2918 1555 3144 1626 ἀσεόείᾳ
3172 1554 3420 1607 ἔσκωπτε
3446 1553 3545 1605 τὸν
3582 1553 3710 1605 ’1ου-

2141 1654 2326 1709 δαῖκὸν
2350 1652 2480 1706 λαὸν
2499 1693 2514 1716 ,
2554 1650 2630 1714 ὡς
2659 1649 2726 1703 ἂν
2757 1648 2833 1719 μὴ
2870 1647 3203 1717 σκήπτοιντο
3240 1644 3482 1712 ἄγνοιαν,
3521 1641 3555 1713 ἢ
3584 1658 3713 1710 συγ-

475 1754 737 1824 supplicio
760 1753 954 1819 caedes,
985 1761 1040 1806 et
1086 1752 1438 1815 adulterium,
1469 1763 1521 1806 et
1567 1753 1794 1806 avaritia
1837 1753 2038 1822 iniqui-

2154 1745 2365 1815 γνώμης
2398 1744 2538 1813 σφᾶς
2583 1740 2786 1803 αὐτοὺς
2822 1738 3005 1803 ἀξίους
3035 1733 3177 1791 εἶναι
3208 1740 3364 1805 φαῖεν
3383 1777 3398 1803 ,
3429 1736 3506 1799 ὡς
3536 1734 3715 1787 δελεα·

474 1842 600 1895 tatis
629 1841 803 1910 plena,
831 1849 886 1895 et
914 1838 1015 1893 alia
1047 1839 1196 1894 hisce
1228 1854 1500 1905 germana.
1533 1839 1688 1911 541
1713 1840 1847 1906 Quia
1879 1842 2041 1911 igitur

473 1926 764 1997 impietatis
784 1927 995 1980 nomine
1018 1928 1268 1997 populum
1280 1927 1561 1984 Judaicutn
1591 1930 2040 1998 reprehenderat,

473 2030 544 2070 ne
610 2029 873 2069 excusare
926 2026 1145 2083 possent
1193 2015 1569 2085 ignorantiam,
1625 2033 1756 2073 neve
1806 2019 2045 2074 dicereut

474 2104 628 2158 venia
683 2119 741 2159 se
789 2105 979 2173 dignos
1026 2119 1179 2171 esse,
1234 2114 1486 2175 tanquam
1544 2121 1637 2162 eos
1680 2110 1770 2173 qui
1824 2109 1893 2163 ab
1920 2110 2041 2164 aliis

475 2194 667 2249 astatis
693 2195 1003 2250 hominibus
1030 2194 1175 2249 circa
1204 2209 1293 2249 res
1324 2196 1536 2251 divinas
1567 2197 1775 2265 decepti
1806 2199 1918 2253 sint
1960 2210 2045 2253 at-

474 2298 578 2351 que
622 2283 673 2337 iu
715 2282 960 2337 fraudem
1010 2284 1265 2353 pellecti:
1315 2284 1436 2340 ideo
1479 2283 1800 2352 iniustitiam
1830 2304 2044 2356 quoque

473 2386 662 2425 corum
711 2372 968 2425 adversus
1021 2371 1246 2426 tribules
1295 2386 1422 2427 suos
1476 2372 1788 2443 redarguit,
1842 2392 2044 2444 eosque

2147 1837 2365 1901 σθέντες
2396 1835 2501 1888 ὑπό
2537 1850 2701 1887 τινων
2734 1830 2920 1883 δεινῶν
2946 1831 3074 1902 περὶ
3114 1829 3186 1883 τά
3210 1828 3437 1883 τοιαῦτα
3462 1869 3478 1893 ,
3505 1826 3716 1896 ἐλέγχει

2143 1925 2244 1996 τὴν
2279 1926 2408 1997 περὶ
2436 1926 2563 1985 τοὺς
2614 1920 2919 1989 ὁμοφύλους
2951 1920 3203 1984 ἀδικίαν,
3234 1918 3330 1971 καὶ
3368 1918 3551 1987 πάσης
3590 1933 3719 1984 συγ-

2146 2016 2372 2085 γνώμης
2393 2014 2497 2080 ἐξω
2524 2011 2866 2082 καθίστησιν,
2892 2010 3049 2080 εἰπερ
3081 2008 3202 2079 μηδ’
3226 2003 3302 2061 ὧν
3326 2010 3359 2078 ἠ
3385 2006 3541 2078 κοινὴ
3561 2006 3723 2077 φύσις

2146 2105 2255 2158 τῶν
2306 2102 2609 2172 ἀνθρώπων
2663 2102 2967 2172 κατήγορος
3022 2100 3282 2171 τυγχάνει
3307 2138 3322 2163 ,
3374 2098 3721 2168 ἀπέστησαν,

2147 2196 2261 2250 ἀλλ’
2286 2194 2481 2264 ἀνέδην
2510 2194 2603 2245 ἐπὶ
2649 2191 2749 2254 τάς
2782 2190 3131 2261 παρανομίας
3167 2189 3473 2260 ἐχώρησαν.
3522 2188 3601 2240 Δι’
3644 2180 3725 2242 ὧν.

2146 2284 2239 2343 οὖν
2269 2290 2329 2340 τὸ
2369 2286 2525 2356 δῆλον
2572 2282 2787 2355 παρέθη
2828 2282 2941 2353 (71)
2965 2320 2984 2344 ,
3015 2280 3103 2334 διὰ
3135 2281 3303 2333 τοῦτο⁸
3327 2279 3494 2343 ἔδειξε
3529 2279 3622 2331 καὶ
3663 2293 3725 2331 το

2148 2378 2339 2432 δοκοῦν
2364 2376 2557 2447 ἄδηλον
2580 2372 2922 2434 ὲθελοκάκως
2943 2371 3036 2424 καὶ
3065 2371 3350 2442 κακοήθως
3380 2368 3723 2439 παραϐαθέν.

473 2470 631 2514 extra
675 2475 890 2515 οιιιιιθιιι
925 2462 1135 2515 veniam
1167 2462 1434 2530 collocat,
1502 2466 1934 2537 quandoquidem
1978 2484 2078 2525 nec
2115 2471 2183 2525 ab
2237 2471 2323 2536 iis,
2367 2483 2595 2539 quarum
2661 2465 2965 2521 accusatrix
3012 2472 3098 2518 est
3147 2463 3450 2517 communis
3477 2461 3733 2517 omnium

477 2553 754 2608 hominum
786 2565 998 2621 natura,
1027 2557 1424 2624 abstinuerunt,
1457 2560 1551 2614 sed
1585 2558 1753 2615 eli‘use
1790 2562 1843 2615 in
1874 2578 2036 2618 omne
2119 2564 2420 2633 iniquitatis
2471 2577 2641 2633 genus
2731 2557 2966 2628 prolapsi
3029 2566 3175 2611 sunt.
3249 2554 3384 2609 Cum
3438 2555 3603 2623 igitur
3658 2552 3733 2607 ab

477 2642 610 2711 ipsis
659 2644 710 2696 id
758 2644 1014 2699 violatum
1055 2648 1147 2711 sit,
1193 2647 1337 2716 quod
1388 2659 1474 2703 est
1522 2651 1888 2719 manifestum,
1943 2670 2044 2723 per
2082 2656 2187 2709 hoc
2212 2654 2436 2719 evincit,
2471 2654 2540 2707 ab
2577 2650 2770 2706 iisdem
2833 2648 2999 2702 etiam
3039 2647 3291 2713 alterum,
3343 2646 3487 2715 quod
3527 2644 3727 2698 obscu-

477 2748 601 2789 rum
643 2744 761 2790 erat
807 2750 958 2806 aeque
997 2737 1297 2794 voluntaria
1336 2739 1543 2794 malitia
1581 2750 1637 2795 et
1694 2741 2039 2810 improbitate
2072 2743 2243 2799 fuisse
2269 2743 2545 2798 violatum.

930 2851 1161 2909 CCXIV.
1182 2883 1255 2895 —
1282 2853 1589 2910 ΙΙΕΒΜΙᾸΞ.

2572 2855 2713 2909 Σ1Δ⁰.
2748 2885 2817 2897 --
2860 2855 3117 2924 ΕΡΜΕΙᾼ
3166 2853 3297 2925 (72).

477 2958 548 3019 1η
586 2961 643 3017 td
680 2963 821 3035 quod
851 2964 905 3018 in
959 2964 1231 3033 Sapientia
1279 2965 1405 3019 Jesu
1435 2966 1741 3037 (Siracidw)
1792 2969 2041 3040 scriptum

756 3045 831 3088 est
862 3049 882 3088 .°
918 3051 937 3085 ι
976 3032 1059 3088 Ne
1081 3051 1287 3103 φαειναί
1308 3036 1426 3104 ﬁeri
1456 3037 1701 3105 judex“.
1740 3055 1760 3090 ι

2154 2971 2252 3036 Εἰς
2280 2968 2345 3023 τὸ
2374 2969 2443 3022 ἐν
2477 2965 2553 3033 τέ’
2586 2967 2775 3035 Σοφίᾳ
2837 2966 3041 3033 Ἰησοῦ
3076 2966 3486 3036 γεγραμμένον
3525 2981 3541 2997 ο
3568 2982 3589 3017 ι
3626 2963 3731 3031 Μὴ

2487 2986 2642 3105 ζζίτει
2675 3035 2956 3105 γενέσθαι
2974 3037 3333 3105 κριτής-(75).
3367 3053 3388 3087 ι

756 3045 831 3088 est
862 3049 882 3088 :
918 3051 937 3085 ι
976 3032 1059 3088 Ne
1081 3051 1287 3103 quwras
1308 3032 1701 3105 ﬁeri'judeas“.
1722 3032 1760 3090 ἰ

548 3164 606 3220 Si
628 3164 844 3235 quidem
869 3179 1043 3234 neque
1076 3166 1129 3219 id
1161 3166 1300 3235 quod
1326 3166 1526 3234 justum
1548 3176 1653 3230 cst,
1675 3166 1831 3223 facile
1857 3178 1941 3224 est
1963 3170 2047 3223 in-

477 3254 771 3324 vestigato,
815 3269 988 3323 neque
1013 3256 1101 3309 ubi
1133 3256 1493 3325 indagaveris,
1539 3273 1644 3311 non
1682 3261 1910 3326 prodere
1935 3262 2048 3330 (alii

481 3359 715 3413 namque
748 3358 846 3413 per
880 3345 1255 3401 hebetudinem
1301 3357 1462 3414 atque
1506 3350 1807 3403 socordiam
1851 3351 1903 3405 id
1943 3368 2047 3407 non

481 3435 765 3491 inveniunt
800 3451 816 3489 :
851 3434 942 3489 alii
984 3450 1114 3490 vero
1149 3438 1361 3491 tametsi
1404 3439 1537 3493 satis
1585 3448 1745 3494 acuto
1776 3442 1880 3494 sint
1910 3458 2051 3511 prae-

482 3522 579 3578 diti
615 3522 827 3590 ingenio
864 3522 930 3576 ad
964 3522 1017 3576 id
1066 3522 1207 3591 quod
1246 3522 1335 3591 jus
1380 3524 1549 3578 dietat
1601 3524 2046 3592 investigandum,

483 3621 663 3667 tamen
695 3630 791 3683 per
834 3628 1021 3668 eorum
1058 3613 1346 3670 illiherales
1379 3615 1547 3669 animi
1582 3624 1756 3670 motus
1792 3618 1869 3681 Iit,
1901 3625 1960 3670 ut
1997 3618 2049 3671 id

481 3702 733 3770 prodant,
764 3712 858 3755 aut
909 3710 1073 3769 metu,
1126 3713 1220 3757 aut
1266 3702 1502 3773 ignavia,
1552 3712 1646 3759 aut
1691 3704 1915 3771 divitiis,
1958 3715 2051 3761 aut

480 3790 740 3857 amicitia,
774 3801 866 3847 aut
893 3793 1016 3849 odio
1047 3792 1381 3865 corruptum)
1413 3796 1607 3852 merito
1652 3799 2044 3855 sententiarum
2116 3799 2348 3869 scriptor
2409 3798 2511 3853 hoc
2566 3797 2709 3853 dedit
2798 3800 3007 3856 consilii

476 3880 661 3956 iudex.
693 3899 716 3935 ι

546 4034 595 4074 ⁸¹
625 4036 794 4096 Eccli.
831 4052 928 4107 vtt,
960 4036 1017 4095 6.

2487 3035 2642 3105 ζήτει
2675 3035 2956 3105 γενέσθαι
2974 3035 3333 3106 κριτής-(75).
3367 3053 3388 3087 ι

2221 3169 2284 3222 Εἰ
2308 3166 2430 3220 οὔτε
2461 3166 2573 3236 (74)
2603 3165 2918 3236 ἀνιχνεῦσαι
2953 3167 3014 3219 τὸ
3037 3166 3244 3219 δίκαιον
3274 3165 3481 3237 ῥᾴδιον,
3501 3163 3628 3217 οὔτε
3664 3164 3729 3216 τὸ

2154 3253 2467 3325 θηράσαντα
2500 3252 2574 3323 μὴ
2609 3251 2899 3323 προδοῦναι
2920 3268 2937 3282 °
2986 3254 3058 3322 (οἱ
3092 3254 3188 3323 μὲν
3229 3254 3339 3324 γάρ
3367 3253 3459 3305 διὰ
3488 3252 3727 3323 νωθρίαν

2153 3346 2252 3415 οὐχ
2302 3344 2614 3414 εὑρίσκουσι
2660 3344 2854 3397 τοῦτο’
2910 3346 2959 3398 οἱ
3001 3345 3059 3398 δὲ
3105 3346 3173 3399 δι’
3215 3344 3452 3415 ὀξύτητα
3498 3345 3598 3414 μὲν
3632 3344 3729 3398 νοῦ

2154 3434 2449 3504 θηρῶνται,
2501 3434 2590 3487 διὰ
2638 3434 2695 3487 δὲ
2732 3435 3063 3506 ἀνελεύθερα
3108 3435 3256 3506 πάθη
3290 3436 3661 3506 προδιδόασιν,
3692 3436 3731 3505 ἢ

2154 3526 2321 3595 φόϐῳ.
2352 3526 2385 3596 ἢ
2418 3524 2762 3596 “evasisti
2811 3527 3109 3596 χρήμασιν.
3153 3528 3187 3597 ἢ
3236 3526 3417 3598 φιλίᾳ,
3460 3528 3495 3596 ἢ
3532 3526 3727 3597 ἔχθρᾳ.

2152 3614 2550 3684 διαφθείροντες
2570 3613 2609 3682 ο)
2628 3615 2854 3678 εἰκότως
2878 3618 2907 3669 ὁ
2926 3617 3260 3688 παραινετης
3287 3616 3682 3670 συνεϐούλευσε
3705 3630 3727 3648 “

2161 3725 2179 3758 ι
2214 3705 2306 3777 Μὴ
2341 3704 2492 3775 ζήτει
2521 3704 2774 3772 γενέσθαι
2808 3707 3021 3777 κριτής.
3052 3726 3072 3759 ι

3059 3817 3075 3857 :
3138 3818 3160 3854 ε
3216 3800 3297 3857 Ne
3343 3816 3559 3872 quaeras
3608 3800 3733 3862 ﬁeri

1571 4166 1809 4225 VARIZE
1847 4170 2234 4231 LECTIONES
2274 4175 2363 4231 ET
2396 4176 2633 4235 NOTIE.

556 4327 814 4409 (67)“Pro
861 4323 1108 4397 συντόμῳ
1154 4325 1274 4381 cod.
1341 4323 1462 4380 Vat.
1514 4323 1705 4379 scribit
1764 4340 2046 4397 συντομωο
2077 4331 2125 4388 D
2151 4327 2222 4408 tle
2248 4330 2640 4409 gistributione
2669 4342 2724 4409 et
2763 4349 2990 4409 nntnero
3038 4347 3435 4409 praceptorum
3468 4338 3728 4409 Decalogi

482 4397 879 4484 τάτγιιεῃΡρρειΝ.

562 4460 673 4535 (6's)
713 4468 853 4519 Idem
884 4463 1168 4535 ὁμοφύλων
1195 4470 1377 4535 mutat
1412 4462 1463 4515 ίη
1497 4460 1717 4535 699W.-
1748 4464 1825 4521 Ῐυο

561 4532 673 4607 (69)
698 4536 811 4588 Δύο
845 4532 1079 4598 πλάκας
1123 4532 1464 4607 τεγράρραι.
1505 4534 1634 4607 Vide
1678 4533 1846 4607 Exodi
1874 4552 1944 4607 xx
1990 4545 2047 4607 et

487 4599 778 4661 Deute'rnn.
826 4620 876 4668 v,
930 4619 992 4656 ac
1048 4599 1316 4671 praeterea
1353 4599 1767 4671 Josepltumlib.
1803 4619 1862 4659 lll
1891 4606 2045 4659 Anti—

488 4677 619 4744 quit.
653 4674 891 4744 Judqic.,
918 4688 1035 4740 cap.
1060 4672 1113 4735 5,
1136 4681 1201 4744 et_
1217 4670 1491 4744 Philonem
1512 4671 1612 4744 lib.
1650 4670 1722 4744 [ξε
1747 4674 1999 4744 decalogo
2024 4689 2044 4729 :

489 4739 698 4799 necnon
758 4739 1109 4795 Athanasium
1164 4739 1387 4807 Synapsi
1418 4740 1611 4792 divimc
1655 4739 1963 4809 Scripturai,
1990 4742 2043 4796 in

490 4813 807 4882 compendio
836 4810 1036 4873 Exodi;
1089 4819 1143 4882 et
1183 4809 1496 4882 Gregorium
1541 4809 1951 4882 Nazianzenunr
1992 4813 2044 4864 in

489 4877 830 4935 Carminibus
865 4883 946 4934 tit.
974 4896 986 4931 :
1021 4877 1131 4933 Τοῦ
1158 4878 1411 4943 Μωσέως
1445 4877 1797 4947 δεκάλογος·
1829 4890 1884 4933 et
1921 4880 2043 4935 Sul-

491 4951 690 5020 picium
745 4952 999 5003 Severum
1059 4948 1199 5001 Hist.
1233 4963 1383 5020 sua;
1432 4947 1662 5020 denique
1714 4948 1935 5020 Suidam
1993 4952 2045 5003 in

490 5017 656 5074 irerho
690 5020 918 5083 Πλαξιν
940 5035 954 5051 ·
990 5028 1047 5072 ut
1072 5032 1211 5070 nunc
1249 5017 1534 5085 Augustini
1570 5017 1684 5086 loca
1716 5019 1860 5071 varia
1913 5035 2047 5086 pra:-

492 5090 803 5143 termittatn.
855 5089 1082 5141 Maxime
1119 5095 1294 5141 autem
1338 5086 1404 5138 ad
1449 5087 1589 5139 hunc
1637 5085 1822 5140 lsidori
1872 5086 2045 5140 locum

492 5159 740 5228 pertinet,
785 5157 1177 5228 illustrandum,
1221 5157 1362 5228 quod
1402 5169 1469 5209 ex
1513 5153 1856 5228 llebraeorum
1903 5172 2050 5209 com-

495 5223 775 5283 inentariis
801 5226 1104 5281 observavit
1132 5224 1474 5279 doctissimus
1491 5224 1572 5277 vir
1586 5223 1782 5279 Joann.
1800 5224 2050 5281 Clemens

493 5296 717 5351 Drusius
746 5305 955 5350 centur.
994 5295 1045 5348 1.
1091 5293 1413 5354 Miscellan.,
1457 5307 1507 5347 ιε.
1544 5294 1643 5359 19,
1694 5295 1813 5349 illos
1864 5296 2050 5362 prima:

496 5364 744 5434 Decalogi
777 5364 971 5418 tabqu
1036 5364 1310 5434 ascribere
1366 5361 1540 5434 solere
1586 5372 1816 5430 quatuor
1867 5361 2049 5434 priora

495 5431 796 5503 praecepta;
834 5442 888 5487 et
930 5432 1177 5487 secunda:
1204 5446 1297 5485 sex
1325 5431 1623 5503 posteriora
1654 5450 1669 5503 ι
1700 5448 1927 5503 quorum
1962 5433 2047 5485 illa

495 5500 563 5556 ad
603 5500 789 5567 Deum,
837 5504 947 5555 lucc
983 5502 1047 5553 ad
1096 5503 1397 5567 proximum
1440 5500 1766 5566 diligendum
1806 5501 2050 5554 refcran-

498 5579 585 5622 tur
619 5586 635 5621 :
674 5572 883 5625 tametsi
908 5570 1060 5638 Philo
1085 5579 1139 5623 et.
1162 5569 1427 5638 Josephus
1452 5570 1615 5636 quina
1645 5572 1837 5638 cuique
1861 5572 2050 5625 tabulae

499 5638 758 5703 tribuant,
802 5648 861 5693 ut
893 5637 1029 5708 apud
1059 5652 1151 5693 eos
1192 5638 1351 5693 dictis
1378 5636 1511 5693 locis
1544 5640 1721 5696 videre
1748 5636 1848 5696 est.
1880 5638 2045 5696 Plura

2151 4397 2202 4450 in
2242 4398 2419 4453 Sacris
2452 4400 2779 4455 Lectionibus
2831 4405 3007 4458 attuli.
3038 4397 3192 4460 'Vide
3215 4397 3401 4461 'eliatn
3455 4397 3728 4465 memor;-

2346 4469 2519 4523 locuut
2552 4469 2677 4524 Jod.
2725 4471 2917 4527 Damlt.
2962 4474 3018 4527 in
3068 4474 3464 4545 Promptuario,
3504 4496 3559 4548 p.
3595 4478 3727 4535 646.

2181 4605 2539 4728 dgggssllzter
2597 4608 2765 4663 τᾶλλα
2827 4619 2881 4666 et
2931 4610 3138 4667 τούτων
3166 4614 3288 4669 cod.
3347 4614 3471 4671 Vat.
3536 4617 3736 4673 inserit

2145 4689 2234 4727 τα.
2273 4689 2480 4731 I’OSSIN.

2213 4744 2325 4812 (71)
2356 4745 2459 4824 Pro
2494 4747 2704 4824 παρέϐη
2742 4748 2917 4824 habet
2937 4750 3074 4824 idem
3108 4753 3226 4824 cod.
3255 4752 3570 4824 παρεόἀθη.
3595 4754 3735 4811 Pos-

2148 4825 2250 4892 sm.
2280 4843 2351 4852 ——
2392 4816 2945 4892 Παρεὸἀθηοοιιῄοίι
2996 4819 3265 4892 Rittersh.
3318 4816 3371 4876 in
3426 4816 3594 4887 notis,
3640 4828 3733 4892 qui

2148 4887 2312 4961 etiam
2348 4890 2610 4961 cumnhac
2639 4887 2909 4961 sententia
2955 4889 3190 4944 conferri
3214 4891 3371 4961 jubet
3406 4906 3535 4961 cpp.
3571 4887 3737 4947 20ft

2146 4949 2440 5021 2267hujus
2475 4955 2616 5008 libri.
2662 4955 2818 5009 Ευιτ.

2223 5019 2336 5091 (72)
2356 5019 2649 5091 inscriptio
2690 5026 2923 5078 sumitur
2946 5039 3011 5079 ex
3040 5027 3160 5080 cod.
3190 5027 3366 5083 Vatic.
3410 5027 3509 5082 Ed.
3553 5030 3736 5086 Paris.

2150 5087 2266 5167 l_oco
2294 5087 2447 5156 hujus
2476 5087 2708 5167 nominis
2737 5094 2994 5167 habebat,
3029 5097 3326 5167 Ἐρμηνεία
3356 5100 3439 5161 είς
3479 5099 3566 5167 τό,
3598 5112 3737 5166 etc.,

2151 5156 2520 5223 Interpretatio
2546 5163 2600 5214 in
2618 5162 2775 5226 illud,
2804 5172 2911 5217 etc.
2957 5156 3116 5220 Entr'.

2189 5226 2343 5306 ..(75)-
2366 5228 2567 5284 Confer
2612 5232 2772 5306 epist.
2823 5231 2928 5306 ενι
2963 5232 3057 5306 lib.
3104 5249 3180 5295 ut,
3228 5237 3319 5291 ubi
3359 5236 3618 5292 similiter
3667 5239 3739 5293 de

2151 5294 2459 5376 dilﬁcultate
2479 5294 2714 5354 muneris
2742 5300 3038 5367 judicamli,
3066 5294 3185 5370 quae
3217 5305 3339 5376 inde
3366 5309 3567 5373 oritur,
3598 5312 3731 5376 quia

2153 5372 2259 5444 tam
2292 5368 2472 5444 multa;
2504 5378 2633 5423 sunt
2664 5386 2838 5424 causa:
2879 5368 3288 5441 corrunipcntes
3312 5374 3505 5442 judicii
3551 5368 3734 5435 since-

2152 5439 2389 5489 ritatem.
2430 5439 2590 5493 Βιττ.

2227 5504 2339 5576 (74)
2379 5506 2432 5559 lu
2457 5507 2717 5575 principio
2759 5522 2844 5576 cp.
2876 5517 2991 5575 post
3029 5511 3076 5562 εἰ
3113 5510 3238 5564 οὔτε
3266 5512 3389 5567 cod.
3418 5511 3546 5567 Vat.
3582 5517 3735 5569 addit

2150 5573 2231 5658 το,
2260 5573 2329 5627 et'
2347 5591 2489 5658 vers.
2578 5573 2689 5658 ep._
2709 5573 2809 5658 pro
2826 5573 3057 5658 νέρθρίαν
3091 5581 3253 5639 habet
3275 5581 3531 5652 νοθείαν,
3577 5585 3733 5658 quod

2152 5655 2219 5697 an
2252 5654 2455 5700 rectum
2482 5646 2575 5713 sit,
2604 5644 2808 5704 dubito.
2848 5644 3055 5702 PoSsm.
