4020 6140
326 291 464 360 1309

637 404 779 462 2m.
803 434 873 446 —
916 405 1108 478 ΘΩΜᾼ
1147 408 1574 466 MONAZONTI.

319 496 424 563 Εις
451 494 540 563 τὸ,
606 514 627 550 ι
676 498 1005 572 Ἔστωσαν.
1044 496 1305 572 unciis-“al
1349 502 1581 572 ὀσφύες
1629 503 1893 572 περιεζω-

890 566 1107 635 σμένιιι
1129 568 1265 639 (75).
1308 590 1328 623 ι

282 663 287 673 ’
403 672 625 755 Ἐπειδὴ
657 673 727 728 τὰ
772 675 1006 745 μέγιστα
1039 679 1133 731 καὶ
1171 678 1419 734 θειότατα
1469 684 1745 755 συντόμως
1786 702 1895 756 μα-

319 766 435 820 θεῖν
468 763 668 835 βὸύλει,
703 764 828 833 ἴσθι,
866 769 948 822 δτι
983 768 1069 823 διὰ
1088 770 1233 824 τοῦτ’
1259 771 1361 843 ἔφη
1388 775 1416 826 ὁ
1446 775 1654 846 Σωτήρ
1687 777 1895 830 Ἔστω-

322 874 422 911 σαν
453 860 605 928 ὑμῶν
635 860 684 912 οί
713 858 897 929 λύχνοι
927 862 1226 932 καιόμενοι,
1263 862 1330 916 ἶν’
1353 865 1553 937 ἀρετὴν
1577 867 1892 934 ἀσκοῦντες,

323 949 415 1002 καὶ
446 949 537 1001 τὸν
560 951 912 1020 προφορικὸν,
968 954 1063 1007 καὶ
1120 953 1213 1006 τὸν
1260 955 1569 1010 ἐνδιάθετον
1599 958 1755 1026 λόγον
1783 958 1894 1029 (76)

321 1040 411 1093 διὰ
438 1041 639 1105 παντὸς
677 1043 1084 1112 ἀστράπτοντες
1128 1045 1238 1116 (77)
1273 1045 1330 1099 ἔν
1363 1062 1421 1099 τε
1450 1050 1517 1119 τῇ
1547 1047 1715 1120 ψυχῇ,
1742 1049 1799 1102 ἐν
1834 1068 1895 1105 τε

319 1133 390 1202 τῇ
437 1132 654 1204 γλώττῃ
698 1131 931 1203 ἔχωμεν.
1009 1134 1070 1188 '0
1103 1134 1204 1204 μὲν
1268 1134 1375 1207 γὰρ
1421 1136 1568 1189 ἔνδον
1623 1136 1717 1202 ὢν,
1748 1140 1895 1210 ἡμᾶς

326 1221 588 1289 φωτίζει·
625 1224 653 1276 ὁ
682 1222 727 1275 δ’
760 1221 886 1287 ἔξω,
924 1223 1052 1286 τοὺς
1093 1222 1285 1287 ἄλλους
1329 1227 1357 1278 ὁ
1414 1224 1594 1295 μέντοι
1642 1221 1898 1280 διδασκα-

324 1312 471 1375 λικδς
502 1311 693 1382 λύχνος
731 1311 1043 1381 ψυχούσθω,
1093 1313 1187 1367 καὶ
1235 1314 1565 1386 ἀρδευέσθω,
1623 1319 1717 1370 καὶ
1766 1334 1895 1388 τρε-

328 1402 515 1470 φέσοω
543 1403 650 1455 ὑπὸ
676 1403 777 1472 τῆς
806 1403 1079 1474 πατρικῆς
1106 1405 1329 1476 ἀρετῆς,
1361 1405 1445 1459 ἵνα
1500 1406 1577 1478 μὴ
1617 1407 1893 1471 σκοτεινὸς

327 1494 412 1565 εἴη
444 1494 538 1548 καὶ
570 1494 848 1565 ἁλαμπής.

757 1693 915 1758 Σισν.
949 1691 1421 1747 -1ΣΚΥΡΙΩΝΙ.

326 1807 430 1872 Εἷς
447 1805 512 1859 τὸ
532 1802 845 1873 εἰρημένον
871 1821 915 1855 ἰ
955 1806 1009 1855 Ἐ
1013 1803 1090 1856 ἀν
1100 1803 1185 1873 μὴ
1212 1806 1587 1873 περισσεύσῃ
1608 1805 1645 1873 ἡ
1673 1804 1893 1858 δικαιο-

394 1877 553 1952 σύῖη
583 1873 969 1952 ὑμῶν-πλέον
992 1873 1109 1952 ζῶν
1134 1874 1558 1952 Γραμμᾳεέῳις·
1588 1894 1630 1952 ³
1676 1875 1773 1952 xgl
1803 1875 1892 1927 ὅτι

393 1945 571 2023 τοῦτο
601 1947 712 1997 οὐκ
749 1943 1119 1997 ἐναντιοῦται
1136 1943 1233 2010 τῷ,
1271 1961 1289 1996 ι
1327 1945 1473 1999 Οὐαὶ
1504 1944 1665 2013 ὑμῖν,
1689 1944 1889 2013 Γραμ-

390 2030 616 2083 ματεις.
649 2032 668 2064 ι

409 2127 625 2198 Ἐπειδὴ
660 2128 789 2188 ἴσως
843 2125 1241 2195 ὲναντιολογίαν
1290 2128 1415 2181 τινὰ
1465 2127 1725 2196 ἐνόμισας
1779 2126 1893 2197 (78)

327 2219 541 2273 κεῖσθαι
589 2219 648 2271 ὲν
690 2220 802 2279 τοῖς
837 2218 1003 2288 ἱεροῖς
1045 2217 1419 2285 Εὖαγγελίοις,
1465 2218 1771 2288 γέγραφας,
1814 2219 1897 2270 εί-

328 2309 558 2384 ρηιιέναι
586 2310 674 2363 τὸν
718 2309 966 2380 Σωτῆρα,
1019 2310 1130 2372 τοῖς
1171 2308 1269 2378 μὲν
1304 2310 1618 2380 Φαρισαίοις
1654 2309 1728 2372 ὡς
1767 2310 1897 2380 ἐρή-

327 2417 450 2470 μοις
486 2399 706 2472 ἀρετῆς·
748 2417 766 2448 ι
821 2398 954 2451 Οὐαὶ
1007 2398 1157 2467 ὑμῖν,
1187 2397 1556 2467 Γραμματεῖς,
1604 2396 1699 2449 καὶ
1727 2397 1897 2466 Φαρι-

328 2494 491 2556 σαῖοι,
532 2490 857 2561 ὑποκριταί·
894 2508 912 2541 ι
960 2491 1073 2553 τοῖς
1113 2489 1158 2542 δ’
1190 2488 1528 2552 ἀποστόλοις,
1566 2506 1587 2540 ι
1638 2488 1764 2542 Ἐὰν
1818 2489 1896 2559 μὴ

324 2580 663 2652 περισσεύσῃ
702 2579 855 2649 ὑμῶν
897 2581 931 2649 ἡ
972 2577 1283 2650 δικαιοσύνη
1304 2578 1466 2632 πλέον
1494 2577 1603 2631 τῶν
1634 2579 1898 2648 Γραμμα-

323 2668 459 2721 τὲων
511 2666 603 2720 καὶ
659 2666 993 2737 Φαρισαίων,
1044 2666 1105 2718 ού
1183 2665 1259 2735 μὴ
1337 2665 1612 2737 εἰσέλθητε
1662 2668 1741 2729 είς
1785 2665 1887 2735 τὴν

326 2756 604 2826 βασιλείαν
629 2756 738 2810 τῶν
769 2755 1033 2828 οὐρανῶν.
1073 2775 1093 2808 ι
1139 2757 1589 2821 Ἀντεπιστέλλω,
1617 2758 1701 2810 ὅτι
1751 2760 1897 2810 νοεῖν

323 2846 450 2917 χρὴ,
497 2846 678 2911 πλέον,
731 2846 1009 2917 εἰρῆσθαι,
1074 2848 1173 2917 τῆς
1230 2847 1571 2918 δικαιοσύνης
1620 2842 1688 2920 ἧς
1730 2848 1898 2913 εἰκὸς,

327 2937 525 3008 μᾶλλον
553 2938 610 2992 δὲ
630 2939 795 3009 ἐχρῆν
818 2938 1056 3001 ἐκείνους
1084 2938 1245 3009 ἔχειν.
1282 2938 1356 2993 Ού
1382 2938 1491 3009 γὰρ
1512 2940 1563 2991 οί
1596 2938 1707 2993 τῶν
1730 2938 1901 2991 ταλα-

326 3029 624 3099 νιζομένων
705 3030 799 3083 καὶ
857 3030 1385 3100 καταορηνουμένων
1457 3029 1714 3092 πλέοντες
1764 3027 1899 3099 (79),

328 3121 642 3191 βασιλεῦσαι
668 3121 865 3174 δίκαιοι
904 3122 971 3175 ἂν
1002 3117 1111 3173 ε’ίεν
1131 3137 1145 3151 ο
1176 3121 1292 3175 ἀλλ’
1324 3122 1374 3174 οί
1394 3121 1523 3183 τοὺς
1567 3121 1709 3174 κατὰ
1738 3120 1901 3191 νόμον

326 3211 645 3283 εὐδοκίμους
683 3213 745 3266 ὲκ
777 3210 974 3265 πολλοῦ
1006 3211 1100 3264 τού
1132 3210 1414 3282 περιόντος
1456 3211 1897 3282 ύπερὸαίνοντες,

325 3302 425 3359 καὶ
490 3303 704 3375 οὐρανῷ
774 3303 1097 3376 πρέπουσαν
1159 3302 1437 3358 πολιτείαν
1508 3302 1903 3375 πολιτευσάμε-

328 3409 412 3448 νοι
434 3392 567 3465 (80).

841 3590 985 3644 ΣΙΖ’.
1018 3618 1084 3630 -
1107 3590 1351 3661 narra.

338 3703 437 3771 Εἰς
455 3702 545 3772 τὸ,
574 3720 594 3757 ι
629 3703 867 3758 Λύσατε
886 3703 995 3757 τὸν
1022 3703 1179 3772 ναὸν
1192 3701 1410 3756 τοῦτον
1429 3717 1446 3735 ο
1492 3702 1590 3757 καὶ
1618 3702 1689 3757 ἐν
1706 3702 1906 3769 τρισίν

718 3772 963 3843 ἡμέραις
1012 3770 1197 3841 ἐτερῶ
1246 3772 1454 3825 αὐτόν.
1492 3788 1514 3824 ι

415 3886 630 3957 Ἐπειδὴ
664 3885 918 3956 ἐνόμισας
936 3884 1047 3955 (8|)
1083 3885 1491 3954 ὲναντιολογίαν
1525 3884 1650 3940 τινὰ
1690 3884 1905 3954 γεγρά-

337 3974 467 4044 φθαι
533 3976 590 4029 ὲν
642 3973 719 4045 τῷ
772 3975 1113 4046 Εὑαγγελίῳ,
1149 3976 1452 4046 ὲμήνυσας,
1503 3976 1570 4029 δι’
1603 3975 1671 4046 ἣν
1723 3975 1905 4028 αἰτίαν

337 4064 805 4135 ψευδομαρτυρίαν
828 4066 1053 4121 ἐκάλεσε
1076 4066 1190 4136 (82)
1222 4066 1283 4119 τὸ
1320 4067 1604 4137 εἰρηκέναι
1635 4067 1747 4136 (83)
1775 4066 1904 4136 περὶ

342 4157 434 4228 τῆς
462 4156 668 4220 λύσεως
698 4157 792 4210 καὶ
813 4157 1161 4221 ἀναστάσεως
1192 4157 1287 4211 τοῦ
1317 4158 1446 4212 ναοῦ
1471 4173 1485 4187 ⁸
1510 4160 1726 4229 εἰρηται
1756 4158 1898 4230 γάρ·

1171 299 1703 365 EPISTOLARUM
1737 305 1884 366 LIB.
1926 306 2024 366 IV.
2061 330 2131 343 --
2168 306 2407 367 EPIST.
2446 304 2718 367 CCXVII.

1915 420 1963 476 Α

3424 293 3559 364 1310

2262 413 2470 470 CCXV.
2502 444 2573 454 —
2603 411 2861 468 TllOM.‘E
2892 408 3238 467 MONACIIO.

1996 504 2063 560 In
2099 505 2231 560 illud
2277 504 2478 561 Christi
2502 505 2698 557 dictum
2734 519 2752 556 :
2797 520 2816 554 ι
2862 501 2976 557 Sint
3020 502 3182 557 lumbi
3211 500 3379 570 .vestri
3406 514 3549 568 pra:-

2621 572 2777 627 cincti
2794 573 2861 627 ⁸⁸.
2905 591 2925 624 ι

2070 687 2332 755 Quoniam
2361 702 2447 742 res
2471 687 2739 742 maximas
2755 695 2918 755 alque
2942 685 3305 740 divinissimas
3327 683 3561 738 breviter

1995 780 2148 850 cupis
2180 779 2411 843 discere,
2439 792 2599 834 nosse
2629 776 2813 843 debes,
2841 776 2911 830 ob
2941 776 3043 829 hoc
3073 774 3274 829 dixisse
3313 772 3563 827 Salvato-

1998 887 2109 927 reni
2146 889 2160 926 :
2195 869 2318 927 Sitit
2356 869 2589 925 lucernae
2639 879 2834 922 vestra:
2882 867 3155 928 ardentes,
3204 874 3264 917 ut
3312 863 3562 917 virtutem

1996 971 2331 1025 exercentes,
2381 968 2491 1014 tam
2528 969 2815 1014 externam
2865 956 3043 1011 verbis
3090 956 3354 1025 prolatam
3403 969 3563 1022 quam

1998 1052 2264 1109 intentam
2292 1051 2555 1105 rationem
2587 1058 2844 1117 perpetuo
2873 1047 3161 1116 fulgentem
3195 1046 3492 1101 habeamus
3513 1046 3564 1096 iu

1996 1143 2176 1196 anima
2222 1140 2424 1209 pariter
2449 1150 2504 1192 et
2541 1138 2743 1208 lingua.
2776 1135 2909 1191 Nam
2941 1150 3004 1190 ea
3044 1151 3164 1204 qua:
3200 1146 3283 1189 est
3318 1135 3564 1195 interius,

1998 1232 2361 1299 nosmetipsos
2408 1230 2672 1293 illustrat;
2704 1243 2766 1282 ea
2798 1237 2978 1281 autem
3023 1242 3143 1296 quae
3187 1229 3333 1281 foras
3360 1224 3567 1295 profer-

2000 1331 2105 1385 tur,
2134 1320 2270 1374 alios
2295 1319 2585 1373 illuminat.
2617 1316 2861 1372 Docmris
2906 1317 3067 1385 igitur
3104 1316 3325 1372 lucerna
3362 1315 3569 1369 anime-

1998 1422 2085 1466 tur
2117 1420 2170 1464 et
2214 1410 2469 1479 irrigetur
2511 1417 2564 1463 et
2593 1406 2770 1462 alatur
2805 1421 2836 1461 a
2877 1406 3073 1461 virtute
3115 1407 3284 1477 patria
3312 1406 3567 1476 (interna:

1998 1500 2245 1556 videlicet
2290 1497 2538 1563 rationis)
2571 1512 2637 1554 ne
2665 1498 2952 1554 tenebrosa
3000 1497 3073 1552 sit
3099 1506 3156 1553 et
3201 1497 3418 1553 luminis
3472 1511 3567 1552 ex-

1996 1606 2137 1663 pers.

2381 1701 2610 1758 CCXVI.
2648 1732 2719 1742 —
2747 1701 3165 1761 ISClIYRlO-Nl.

1993 1814 2060 1869 Iit
2091 1813 2144 1865 id
2187 1812 2325 1883 quod
2389 1813 2589 1867 dictum
2640 1822 2729 1883 est,
2759 1830 2792 1867 a
2822 1812 3029 1867 Christo
3060 1830 3122 1883 gi
3162 1812 3283 1867 Nisi
3313 1811 3557 1883 abunda-

2063 1882 2425 1950 verit’juslilia
2466 1893 2637 1935 vestra
2678 1882 2795 1946 plus
2852 1900 3008 1946 quam
3045 1882 3352 1935 Scribarum
3368 1882 3435 1943 ⁸³,
3458 1890 3565 1934 etc.

2066 1951 2231 2021 quue
2263 1968 2365 2006 non
2390 1952 2658 2007 adversari
2682 1951 2803 2005 illi:
2833 1971 2850 2004 ι
2876 1951 2960 2007 Va:
2992 1954 3151 2019 vobis,
3183 1950 3492 2008 Scribw”.i

2066 2130 2203 2198 Quia
2256 2128 2509 2184 fortassis
2567 2127 3050 2183 contradictionem
3107 2127 3394 2196 quamdam
3450 2137 3571 2179 esse

1995 2222 2193 2292 putasti
2242 2220 2297 2275 in
2346 2220 2549 2274 sanctis
2592 2217 2923 2288 Evangeliis,
2970 2226 3025 2271 et
3055 2215 3321 2287 scripsisti
3371 2215 3572 2270 dixisse

1998 2311 2334 2367 Salvatorem
2386 2308 2678 2364 Pharisaeis
2723 2308 2980 2377 quidem,
3024 2316 3278 2376 tanquam
3309 2320 3339 2359 a
3370 2305 3571 2358 virtute

1996 2405 2181 2461 vacuis
2214 2419 2279 2459 ac
2327 2404 2555 2459 desertis
2585 2402 2898 2456 hominibus
2930 2417 2944 2453 :
2981 2420 3000 2452 ι
3036 2400 3128 2454 Vae
3155 2400 3332 2464 vobis,
3367 2398 3573 2453 Scriba:

1997 2504 2054 2550 et
2096 2494 2381 2560 Pharisaei,
2412 2493 2707 2564 hypocrita
2736 2507 2752 2557 ;
2797 2509 2816 2542 ι
2848 2490 3108 2559 apostolis
3151 2500 3328 2543 autem
3359 2504 3372 2540 :
3410 2506 3429 2539 ι
3457 2487 3571 2542 Nisi

1999 2584 2356 2640 abundaverit
2383 2592 2565 2641 vestra
2593 2581 2805 2653 justitia
2839 2580 2961 2649 plus
2990 2596 3149 2651 quam
3185 2580 3494 2633 Scribarum
3519 2588 3576 2633 et

1999 2674 2421 2741 Pharisaeorum,
2456 2688 2558 2728 non
2597 2671 2892 2727 introibitis
2916 2672 2967 2726 in
3006 2685 3226 2739 regnum
3251 2669 3569 2734 cmlorump

2002 2763 2245 2819 rescribo
2275 2780 2289 2816 :
2327 2763 2470 2832 quod
2503 2761 2806 2829 intelligere
2834 2768 3104 2827 oporteat,
3135 2757 3293 2828 542
3329 2757 3468 2826 plus,
3493 2757 3576 2810 di-

2002 2863 2147 2908 ctum
2175 2868 2319 2920 esse,
2348 2867 2412 2908 ea
2448 2852 2697 2906 videlicet
2729 2850 2963 2918 iustitia,
2998 2864 3159 2918 quam
3197 2850 3465 2914 convenit,
3491 2850 3574 2902 vel

2004 2941 2187 3010 petius
2222 2948 2437 3009 oportet
2464 2940 2582 2994 illos
2626 2940 2844 2995 habere.
2889 2939 3006 2993 Non
3046 2939 3191 2993 enim
3240 2938 3316 2993 illi
3348 2951 3577 3007 regnare

2005 3032 2152 3101 digni
2182 3031 2409 3097 fuerint,
2437 3030 2530 3101 qui
2560 3046 2680 3085 cum
2728 3032 2943 3086 miseris
2966 3046 3029 3086 ac
3063 3029 3318 3085 deﬂendis
3346 3028 3577 3083 homini-

2007 3122 2105 3176 bus
2137 3121 2437 3190 comparati
2481 3119 2598 3189 plus
2635 3121 2911 3191 aliquanto
2947 3136 3107 3191 quam
3142 3120 3244 3189 ipsi
3280 3120 3478 3173 habent
3521 3118 3577 3172 in

2006 3226 2066 3267 se
2093 3211 2223 3268 boni
2253 3228 2267 3265 :
2293 3212 2387 3266 sed
2415 3211 2491 3265 illi
2520 3212 2718 3280 potius,
2747 3213 2837 3280 qui
2860 3227 2974 3276 eos,
3000 3226 3133 3282 quos
3149 3220 3359 3266 constat
3387 3223 3580 3264 secun-

2007 3302 2133 3358 dum
2182 3302 2353 3371 legem
2403 3301 2749 3358 laudabiliter
2796 3302 3031 3367 vixisse,
3079 3302 3237 3371 longo
3292 3300 3577 3354 intervallo

2007 3399 2130 3461 post
2159 3405 2221 3447 se
2257 3391 2590 3461 relinquunt,
2631 3400 2684 3447 et
2712 3392 2852 3447 ccelo
2884 3393 3295 3447 convenientem
3331 3391 3452 3445 vita:
3488 3404 3577 3443 ra-

2013 3480 2215 3538 tionem
2240 3480 2612 3538 instituerunt.

2477 3591 2723 3649 CCXVII.
2754 3624 2825 3634 -—
2863 3591 3109 3647 PETRO.

2005 3706 2075 3760 In
2104 3705 2238 3763 illud
2264 3721 2285 3761 :
2316 3724 2336 3759 ι
2373 3705 2572 3762 Solvite
2597 3706 2842 3775 templum
2869 3705 2963 3775 lloc
2983 3721 3013 3775 ί
3030 3716 3076 3757 ει
3108 3704 3163 3757 in
3193 3703 3361 3757 tribus
3398 3702 3579 3759 diebus

2544 3774 2782 3828 excitabo
2816 3774 2949 3827 illud
2968 3774 3037 3827 ⁸⁵.

2075 3888 2343 3956 Quoniam
2373 3887 2720 3951 existimans,
2753 3887 2805 3940 in
2847 3885 3138 3954 Evangelio
3187 3884 3577 3941 contradictio-

2003 3993 2125 4035 nem
2159 3980 2449 4050 quamdam
2475 3978 2735 4047 scriptam
2764 3992 2906 4041 esse,
2940 3977 3006 4030 ad
3026 3990 3111 4031 me
3144 3974 3577 4043 retulisti,quam

2002 4072 2071 4127 ob
2111 4087 2328 4128 causam
2370 4071 2576 4126 vocarit
2607 4066 2799 4124 falSum
2826 4066 3214 4133 testimonium,
3245 4064 3386 4134 quod
3414 4064 3581 4119 dixis-

2006 4172 2110 4229 set,
2166 4164 2233 4219 de
2264 4162 2630 4219 destructione
2677 4172 2731 4216 et
2782 4157 3195 4217 resuscitatione
3230 4155 3412 4225 templi
3474 4156 3580 4226 (di-

338 4265 361 4301 ι
399 4247 612 4303 Λύσατε
654 4248 747 4302 τὸν
795 4248 920 4304 ναὸν
954 4249 1163 4316 τοῦτον,
1214 4249 1310 4303 καὶ
1342 4250 1399 4303 ὲν
1449 4250 1624 4321 τρισὶν
1668 4250 1904 4322 ἡμέραις

2008 4261 2155 4308 ctum
2180 4259 2264 4307 est
2297 4251 2439 4307 enim
2472 4266 2486 4303 :
2517 4270 2535 4303 ι
2560 4249 2763 4306 Solvite
2796 4249 3048 4321 templum
3068 4246 3205 4313 hoc,
3231 4254 3282 4302 et
3314 4245 3369 4299 in
3410 4244 3583 4303 tribus

408 4403 455 4436 “
482 4401 619 4462 Luc.
650 4418 751 4471 xu,
776 4404 869 4459 55.
944 4403 990 4436 ⁸³
1023 4403 1211 4461 Matth.
1236 4422 1291 4475 v,
1318 4404 1409 4462 20.
1484 4405 1533 4438 “
1566 4408 1755 4461 Matth.
1788 4422 1923 4461 xxtu

2004 4407 2053 4461 l5
2075 4420 2228 4477 seqq.
2306 4407 2353 4440 "
2383 4405 2536 4463 Joan.
2562 4421 2627 4471 ιι,
2667 4407 2755 4462 19.

1433 4560 1660 4616 VARLE
1703 4559 2084 4618 LECTIONES
2120 4560 2209 4615 ET
2247 4559 2477 4616 ΝΟΤᾹΞ.

410 4715 521 4786 (75)
552 4715 775 4772 Videtur
814 4717 929 4772 haec
968 4716 1246 4784 inscriptio
1279 4732 1384 4771 non
1437 4717 1704 4784 quadrare
1738 4732 1903 4784 argu-

341 4799 522 4841 mento
579 4786 749 4855 ipsius
797 4786 1072 4854 epistolae,
1123 4797 1180 4840 et
1236 4788 1600 4853 reponendum
1651 4786 1827 4854 potius
1892 4803 1907 4840 :

348 4855 632 4925 Ἔστωσαν
659 4855 810 4924 ὑμῶν
838 4857 886 4907 οἱ
914 4855 1097 4925 λύχνοι
1125 4856 1420 4925 καιόμενοι.
1463 4855 1624 4908 Ιὶιττ.

419 4923 529 4992 (76)
562 4923 730 4991 Λόγον
758 4923 1264 4993 Ιείιίιιτιιέοιιοιιηιιο
1282 4925 1721 4993 philosophorum
1744 4933 1794 4978 el
1828 4924 1915 4978 hic

345 5004 399 5043 cl
429 4993 553 5046 alibi
596 5008 812 5063 quoque
856 4991 985 5047 facit
1018 4991 1306 5063 (duplicem
1335 5012 1346 5045 :
1381 4993 1712 5062 προφορικὸν
1757 4994 1918 5046 alium

344 5072 400 5118 et
430 5063 593 5114 alium
632 5061 954 5116 ἐνδιάθετον.
988 5061 1127 5117 Vide
1162 5063 1253 5116 lib.
1285 5078 1321 5115 ιι
1350 5064 1508 5129 epist.
1541 5063 1631 5127 10,
1665 5062 1751 5115 tibi
1795 5064 1919 5117 huic

345 5131 609 5199 ἀλήθειαν
638 5131 710 5183 illi
746 5133 1038 5201 σαφήνειαν
1072 5144 1321 5196 tauquam
1355 5131 1624 5201 propriam
1661 5134 1916 5185 virtutem

349 5203 619 5255 attribuit.
668 5200 928 5254 Similiter
977 5203 1128 5255 Philo
1175 5201 1449 5255 Hebraeus.
1510 5200 1587 5254 In.
1660 5232 1731 5241 —
1785 5201 1916 5255 Cod.

348 5269 530 5324 Vatic.
553 5270 658 5326 650
691 5285 775 5339 ap.
832 5268 1093 5325 Pessinus
1132 5271 1257 5339 legit
1298 5269 1557 5338 λογισμὸν
1603 5286 1699 5340 pro
1742 5270 1917 5338 λόγον.

351 5340 512 5396 Eutr.

446 5410 537 5479 '77)
602 5409 1093 5479 Ἀστράπτοι-τες.
1144 5409 1206 5463 F.
1262 5408 1690 5479 ἀστράπτοντας.
1750 5407 1915 5479 Βιττ.

446 5420 511 5462 77
603 5420 1093 5476 Ἀστράπτοντες.
1146 5420 1206 5463 ιη’.
1262 5420 1690 5479 ἀστράπτοντας.
1751 5420 1915 5462 ιίιττ.

423 5420 538 5548 (78)
583 5480 925 5546 Ἐνόμισας.
952 5478 1011 5532 F.
1040 5481 1141 5548 leg.
1169 5479 1396 5548 νομίσας
1426 5480 1503 5548 (et
1532 5479 1609 5548 sic
1632 5479 1752 5532 cod.
1772 5477 1917 5546 Vat.)

358 5547 456 5603 nisi
509 5547 649 5605 forte
701 5559 824 5600 ante
850 5547 1151 5619 ,γέγραφας
1198 5547 1514 5619 deestix’al.
1557 5547 1727 5619 Porro
1775 5549 1918 5619 quod

360 5619 496 5672 nulla
535 5619 606 5672 sit
637 5620 686 5669 in
722 5617 894 5671 sacris
920 5617 1138 5671 Litteris
1156 5618 1531 5681 contradictio,
1568 5617 1725 5671 docet
1752 5618 1915 5670 etiam

362 5687 698 5759 Epiphanius
728 5684 820 5740 lib.
874 5704 934 5753 ιι,
972 5699 1098 5744 ιοιιι.
1136 5702 1173 5742 ιι
1222 5687 1414 5747 haeres.
1455 5688 1545 5752 66,
1594 5694 1648 5742 et
1701 5687 1796 5743 lib.
1831 5700 1917 5747 ιιι,

2012 4726 2144 4772 ιοιιι.
2174 4730 2261 4776 ιιι,
2288 4725 2477 4769 contra
2513 4713 2854 4769 Manil-bases.
2888 4714 2963 4768 lu.

2082 4786 2193 4856 (79)
2226 4786 2546 4850 Πλέοντες.
2620 4783 2683 4837 F.
2742 4783 2845 4856 leg.
2888 4784 3048 4856 πλρρν
3089 4781 3322 4856 εχρντες,
3384 4782 3466 4856 [Du
3527 4812 3595 4821 __

2012 4851 2344 4937 Coi’l;;lV:tl..
2381 4851 2880 4937 κατακρινομένωχ.
2904 4852 3076 4937 ,πλέον
3136 4851 3590 4937 ἔχοντες.ωβι)ιτ.

2097 4923 2208 4994 (80)
2238 4920 2759 4994 Πολιτευσᾷμείνο-ι.
2823 4922 2953 4976 Vide
3024 4920 3193 4991 supra
3235 4936 3321 4990 ep.
3378 4920 3466 4975 55.
3512 4921 3590 4973 Ιυ.

2021 4991 2248 5048 -Ὀοίλ
2288 4995 2429 5057 Vat.,
2454 4991 2903 5061 ἐπιδεικνύμενοι.

2096 5064 2204 5133 (8|)
2246 5062 2479 5129 Ἐπειδὴ
2510 5058 2814 5133 ἐνόμισας.
2848 5060 2908 5115 F.
2946 5060 3046 5133 leg.
3079 5058 3314 5133 vomica;
3358 5058 3441 5131 [ut
3468 5058 3588 5114 cod.

2022 5129 2146 5187 Vat.
2172 5129 2261 5185 aut
2289 5144 2411 5185 ante
2444 5129 2721 5201 ἐμήνυσας
2749 5131 2899 5201 tleest
2933 5129 3152 5201 xal._lb.

2089 5203 2200 5272 (82)
2264 5198 2572 5272 Ἐκάλεσέ.
2620 5200 2681 5272 F.
2720 5198 3001 5272 ἐκάλεσαν.
3056 5198 3317 5272 littellige‘,
3367 5200 3417 5251 οί
3463 5199 3593 5250 ’Ῑου-

2021 5267 2190 5331 δαΐοι,’
2210 5286 2329 5324 tnox
2361 5271 2504 5324 enim
2532 5269 2797 5337 sequitur,
2835 5269 3052 5337 ἐκείνοι.
3079 5268 3157 5319 An
3191 5267 3414 5337 ἐκάλεσε
3456 5276 3588 5337 rett-

2022 5341 2253 5396 neudum
2288 5352 2341 5394 et
2367 5336 2794 5392 subaudiendqu
2821 5336 2882 5389 τὸ
2906 5336 3278 5404 Εύαγγέλιονῗ
3303 5336 3407 5390 Sed
3443 5336 3590 5404 prius

2023 5412 2233 5464 videtur
2256 5409 2466 5463 melius.
2504 5408 2577 5461 In.

2093 5480 2204 5549 (85)
2242 5479 2382 5532 Inter
2426 5477 2710 5549 εἰρηκέναι
2762 5484 2816 5529 et
2848 5473 3171 5549 Δπερὶῃιξοιί.
3218 5473 3359 5549 Vat._
3385 5473 3591 5549 inserit

2022 5541 2286 5609 ὲκέίνόυς.
2323 5563 2462 5600 vers.
2483 5541 2617 5602 itide
2632 5545 2689 5612 ἓ,
2719 5560 2815 5614 pro
2845 5542 3041 5614 ἐγειρῶ
3070 5554 3211 5598 recte
3235 5541 3425 5597 scribit
3447 5542 3585 5597 idem

2021 5618 2218 5689 ἐγερῶ.
2256 5616 2462 5673 Possm.
