4020 6140
489 255 621 322 ῙἩΙ

1666 259 1726 317 S.
1767 257 2057 318 ISIDORI
2089 256 2524 318 PELUSIOT/E

3616 247 3748 314 131-2

489 370 679 426 diebus
721 369 970 426 excitabo
1005 368 1134 425 illud
1172 369 1256 442 ι),
1287 368 1632 439 respondeo:
1668 370 1790 425 illos
1842 372 2058 440 quidem

2183 370 2362 440 ιγειρῶ
2406 369 2589 424 αὐτόν·
2630 387 2648 420 ι
2713 367 2887 438 φημί·
2947 366 3030 420 ὅτι
3084 364 3282 419 ἐκεῖνοι
3329 364 3441 436 μὲν
3483 364 3615 432 περὶ
3655 364 3743 416 τοῦ

488 462 555 515 de
589 461 822 530 templo;
857 462 1029 529 ipsum
1076 476 1204 516 vero
1231 459 1564 532 (Christum)
1601 461 1666 516 de
1707 477 1932 532 corpore
1967 478 2066 517 suo

487 554 725 607 locutum
750 567 890 608 esse.
911 553 1062 615 Quod
1084 552 1130 606 si
1167 553 1218 606 id
1251 553 1428 608 minus
1450 553 1742 608 verisimile
1771 567 1890 608 esse
1917 554 2068 608 dixe-

485 647 590 707 ris,
627 658 800 713 neque
832 644 975 699 enim
1017 644 1121 698 hoc
1149 644 1438 698 scivissent
1470 644 1568 713 ipsi
1597 659 1856 712 unquam,
1893 660 2068 714 neque

484 731 736 798 discipuli
769 733 905 801 ejus,
933 733 976 787 si
1003 748 1109 787 non
1138 747 1204 786 ex
1233 732 1464 787 mortuis
1517 733 1930 798 resurrexisset,
1976 748 2066 788 re-

425 812 429 816 ’
495 824 768 890 spondcbo
808 842 823 878 :
873 822 1098 878 Etiamsi
1151 839 1257 876 non
1283 833 1506 879 nossent
1531 824 1653 891 hoc,
1693 833 1867 879 tamen
1898 839 1963 878 ne
1987 824 2068 879 sic

490 913 703 983 quidem
725 929 816 968 eos
849 930 1031 969 verum
1052 914 1391 984 perhibuisse
1419 915 2065 970 testimonium.Alternm

495 1003 633 1055 enim
657 1017 716 1057 se
743 1000 1012 1057 facturum
1037 1004 1306 1071 promisit,
1347 1018 1452 1057 non
1489 1013 1797 1072 utrumque.
1845 1005 2066 1058 Destru-

495 1096 599 1149 ctio
658 1095 801 1149 enim
854 1097 981 1164 ipsis
1027 1095 1382 1150 conveniebat
1415 1093 1656 1165 (ludatis)
1685 1114 1698 1150 :
1727 1081 2067 1152 resuscitatio

497 1197 674 1240 autem
735 1187 837 1256 ipsi
871 1186 1154 1255 (CliriSto.)
1207 1187 1298 1242 Sic
1345 1189 1488 1244 enim
1533 1187 1650 1241 ait:
1681 1187 1882 1243 Solvite
1937 1203 2065 1254 vos,

497 1284 547 1328 et
569 1291 670 1345 ego
694 1276 1048 1332 resuscitabo.
1105 1275 1318 1330 Etenim
1343 1277 1638 1332 destructio
1651 1277 2069 1344 cujuslibeterat

497 1377 671 1433 Opus;
704 1366 1048 1420 resuscitatio
1075 1377 1256 1420 autem
1289 1374 1343 1420 et
1365 1366 1712 1431 instauratio,
1738 1367 1853 1422 Dei.

617 1475 885 1532 CCXVIII.
916 1507 989 1519 -—
1031 1476 1417 1532 VALENTINO
1451 1477 1937 1536 PRESBYTERO.

499 1565 568 1623 In
589 1569 721 1620 illud
744 1567 938 1640 Christi
961 1569 1181 1640 dictum,
1213 1587 1231 1618 ι
1269 1568 1352 1640 Ne
1380 1571 1502 1640 silis
1540 1572 1775 1634 solliciti,
1806 1574 2067 1640 quomodo

568 1638 1191 1712 aut‘quidrloquaminif5.
1220 1656 1246 1712 ι.
1275 1638 1338 1712 Et
1371 1639 1423 1712 in
1446 1640 1603 1712 illud,
1627 1641 1772 1694 Petri
1795 1638 2022 1712 apostoli
2047 1661 2066 1698 :

576 1725 594 1758 ι
624 1707 814 1760 Parati
839 1723 1038 1775 semper
1065 1709 1132 1758 ad
1160 1707 1475 1761 reddendam
1504 1710 1756 1764 rationem
1775 1707 1841 1768 δτξ
1877 1733 1894 1763 ι

571 1820 836 1886 Quoniam
892 1831 943 1875 te
983 1821 1167 1875 mirari
1213 1822 1454 1887 dicebas,
1499 1825 1770 1892 quomodo
1821 1826 2072 1884 Salvator

500 1916 717 1983 quidem
768 1915 1002 1970 dixerit:
1039 1933 1058 1965 ι
1101 1913 1179 1968 Ne
1211 1915 1330 1970 sitis
1377 1917 1636 1982 Solliciti,
1674 1922 1943 1989 quomodo
1979 1933 2073 1976 aut

499 2006 628 2074 quid
669 2005 990 2074 loquamini,
1033 2022 1052 2054 ι
1083 2019 1222 2058 unus
1250 2015 1430 2060 autem
1471 2021 1535 2061 ex
1572 2009 1738 2063 choro
1775 2011 2072 2080 apostolico

502 2098 853 2167 praeceperit:
884 2115 902 2148 ι
958 2096 1137 2150 Parati
1181 2112 1395 2168 semper
1433 2098 1498 2152 ad
1544 2102 1869 2157 reddendam
1909 2105 2074 2156 ratio-

501 2203 646 2252 nem,
672 2208 691 2241 ι
727 2189 868 2247 scire
902 2189 1067 2243 debes
1112 2189 1310 2243 nullam
1357 2190 1410 2243 in
1462 2191 1546 2247 liis
1588 2194 2068 2254 contradictionem

501 2279 698 2333 inesse.
733 2280 974 2334 Alterum
1005 2281 1148 2334 enim
1201 2281 1268 2335 de
1302 2283 1563 2348 martyrio
1610 2283 1812 2338 dictum
1850 2285 2074 2350 est;.al-

503 2379 676 2423 terum
710 2372 926 2425 vero-de
956 2371 1220 2425 doctrina.
1252 2370 1480 2436 Quando
1501 2375 1645 2426 enim
1686 2375 1739 2428 in
1776 2386 1921 2433 coetu
1945 2378 2078 2432 ami-.

503 2475 688 2513 corum
716 2460 1106 2526 estagendum,
1143 2468 1270 2513 tunc
1301 2470 1355 2514 et
1394 2475 1493 2515 nos
1516 2461 1768 2528 iubemur
1807 2479 1932 2520 esse
1965 2467 2075 2522 sol-

504 2549 656 2602 liciti.
693 2549 993 2602 Absurdutn
1037 2551 1180 2602 enim
1221 2551 1316 2613 sit,
1347 2552 1558 2605 nescire
1594 2553 1644 2605 id
1675 2556 1825 2621 quod.
1850 2571 1952 2610 nos
1973 2560 2072 2611 do-

503 2650 630 2692 cere
661 2637 794 2690 velle
822 2637 957 2690 alios
980 2637 1339 2705 pollicemur:
1360 2641 1576 2707 quando
1607 2652 1796 2697 autem.
1809 2644 2076 2713 judicium

506 2725 745 2780 terribile
773 2727 1106 2782 antetoculos
1133 2739 1236 2792 est,
1266 2737 1319 2784 et
1346 2729 1600 2800 frequens
1636 2735 1881 2802 populus,
1906 2748 1960 2792 et
1988 2754 2076 2792 ra-

504 2817 639 2871 biosi
688 2817 992 2885 carniﬁces,
1026 2828 1080 2874 et
1113 2823 1257 2875 omni
1309 2836 1375 2874 ex
1425 2833 1580 2891 parte
1625 2835 1804 2880 metus
1852 2828 2074 2898 ingruit,

507 2919 617 2962 tum
665 2925 795 2963 vero
821 2926 977 2964 suum
1025 2926 1084 2966 se
1129 2913 1392 2966 auxilium
1444 2916 1798 2982 prazbituruut,
1827 2922 2078 2988 promisit

2171 465 2316 535 ἰεροῦ
2374 464 2592 532 ἔλεγον*
2645 463 2807 525 αὐτος
2840 462 2898 514 δὲ
2941 461 3068 534 περὶ
3120 458 3218 517 τοῦ
3272 458 3548 530 σώματος.
3587 459 3649 512 Εἰ
3690 458 3743 512 δὲ

2168 557 2333 628 φαίης
2378 554 2640 609 ἀπίθανον
2681 552 2868 607 τοῦτο·
2914 553 2978 604 οὐ
3017 552 3130 622 γάρ
3160 553 3360 622 ᾔδεσαν
3401 548 3563 603 τοῦτο
3599 549 3742 601 αύτοί

2167 663 2318 711 ποτε,
2353 646 2472 701 οὐδὲ
2510 646 2561 698 οἰ
2600 644 2840 716 μαθηταὶ
2869 643 3059 704 αὐτοῦ,
3104 643 3159 694 εἰ
3201 640 3368 712 μὴὲκ
3395 640 3609 711 νεκρῶν
3652 639 3739 692 ἀν-

2167 738 2333 808 ἐστη-
2363 738 2641 807 φήσαιμι·
2689 734 2771 787 ὅτι
2805 734 2855 786 εἰ
2905 733 3000 786 καὶ
3039 730 3114 802 μὴ
3160 731 3380 802 ᾔδεσαν,
3432 728 3555 782 οὐδὲ
3610 725 3742 779 οὓτω

2165 828 2374 899 τάληθῆ
2430 825 2843 899 ἐμαρτύρησαν.
2895 823 3136 894 Θάτε-ρον
3211 822 3322 892 γὰρ
3381 817 3739 889 ἐπηγγείλατο

2168 921 2435 991 ποιήσειν,
2464 919 2563 988 οὺχ
2597 919 2880 989 ἑκάτερον.
2911 916 2985 968 Τὸ
3039 914 3137 986 μὲν
3171 913 3280 983 γάρ
3315 912 3475 964 λῦσαι
3515 910 3738 973 ἐκείνοις

2168 1011 2374 1082 ἔπρεπε
2399 1028 2414 1042 ·
2444 1011 2507 1064 τὸ
2533 1009 2590 1063 δὲ
2619 1011 2926 1078 ἀναστῆσαι
2958 1004 3160 1074 ἑαυτῷ.
3186 1004 3403 1058 Λύσατε
3433 1003 3542 1073 γὰρ
3563 1003 3734 1071 ὑμεῖς,

2169 1101 2323 1171 κάγὼ
2351 1101 2664 1169 ἀναστήσω.
2707 1098 2782 1150 Τὸ
2812 1095 2913 1167 μὲν
2944 1095 3067 1168 γὰρ·
3086 1093 3270 1158 λῦσαι,
3302 1093 3398 1147 καὶ
3437 1091 3532 1145 τοῦ
3562 1089 3738 1160 τυχόν-

2167 1211 2259 1259 τος
2288 1189 2355 1262 ἦν
2380 1211 2395 1227 ·
2434 1193 2497 1247 τὸ
2520 1193 2576 1246 δὲ
2599 1189 2934 1260 ἀναστῆσαι,
2964 1185 3101 1241 Θεοῦ
3130 1186 3268 1256 (84).

2240 1487 2489 1540 Σ1Η’.-
2542 1479 2990 1549 ΟΥΑΛΕΝΤΙΝῼ
3045 1475 3160 1547 (85)
3203 1469 3671 1539 ΠΡΕΣΒΥΤΕΡῼ.

2171 1581 2275 1645 Εἰς
2298 1579 2389 1631 τόν
2425 1596 2441 1627 ι
2467 1576 2562 1642 Μὴ
2579 1566 3232 1648 μεριμνήσ·ητξ,ιπῶς.ἣ
3258 1567 3316 1648 τί
3354 1563 3689 1648 λςινίήσητε.
3714 1578 3734 1613 ι

2241 1636 2348 1703 Καὶ
2373 1650 2460 1712 εἰς
2482 1636 2619 1698 τότε
2649 1636 2919 1710 ἲ’ἕτοιμοι
2945 1639 3041 1694 ἀεὶ
3075 1637 3227 1706 πρὸς
3251 1636 3608 1702 ἀπολογίαν.
3643 1649 3664 1682 ι

2255 1825 2477 1894 Ἐπειδὴ
2511 1820 2812 1891 θαυμάζειν
2851 1817 3008 1887 ἔφης,
3053 1814 3170 1877 πῶς
3192 1816 3221 1866 ό
3255 1813 3355 1881 μὲν
3387 1808 3578 1878 Σωτὴρ
3599 1806 3700 1894 εφη
3723 1819 3742 1838 ο

2179 1942 2198 1973 ι
2251 1920 2337 1990 Μὴ
2381 1892 2776 1989 μεριμνήσητε,
2835 1908 3016 1977 πῶςῆ
3066 1907 3118 1958 τί
3157 1903 3456 1972 λαλήσετε·
3509 1917 3526 1949 ι
3571 1892 3648 1960 εἷς
3689 1895 3744 1948 δέ

2171 2030 2254 2075 τις
2289 1989 2352 2063 ὲκ
2370 2008 2462 2061 τοῦ
2497 2001 2853 2060 ἀποστολικοῦ
2890 1998 3053 2070 χοροῦ
3101 1993 3442 2065 παρῄνεσενο
3505 2008 3524 2042 ι
3560 1989 3739 2042 ’Ἑτοι-

2177 2121 2266 2172 μοι
2296 2101 2382 2154 ἀεὶ
2407 2098 2542 2168 πρὸς
2561 2093 2853 2160 ἀπολογίαν
2872 2109 2885 2120 ·
2923 2109 2942 2156 ι
2977 2087 3084 2142 ἴσθι
3116 2088 3199 2140 ὅτι
3223 2085 3322 2137 οὐκ
3341 2083 3489 2135 ἐστιν
3511 2082 3746 2132 ἐναντιο-

2173 2169 2348 2261 λογία,
2390 2187 2526 2242 ἀλλὰ
2552 2187 2612 2239 τὸ
2658 2185 2754 2255 μὲν
2793 2181 2922 2251 περί
2971 2175 3270 2249 μαρτυρίου
3315 2174 3530 2243 εἴρηται
3553 2189 3567 2202 ·
3605 2169 3749 2261 τὸδὲ

2174 2258 2303 2353 περὶ
2345 2277 2713 2337 διδασκαλίας.
2758 2273 2927 2327 ’Ὀταν
2977 2270 3074 2338 μὲν
3128 2267 3238 2336 γὰρ
3286 2266 3342 2317 ἐν
3371 2263 3618 2331 συλλόγῳ
3663 2258 3750 2353 φί-

2174 2349 2280 2428 λων
2300 2367 2356 2445 ᾗ,
2385 2364 2716 2437 κελευόμεθα
2735 2363 2829 2417 καὶ
2857 2363 3018 2432 ἡμεῖς
3050 2355 3590 2445 μεριμνᾷν.”Ατοπον
3619 2349 3750 2445 γὰρ,

2179 2465 2254 2538 μὴ
2305 2440 2523 2526 εἰδέναι,
2582 2459 2614 2511 ὃ
2644 2456 2919 2510 διδάσκειν
2953 2445 3430 2538 ἐπαγγελλόμεθαἶ
3459 2537 3466 2538 7
3491 2444 3664 2538 Ὅταν
3697 2440 3752 2493 δὲ

2174 2533 2583 2624 δικαστήριονῇ
2631 2545 2883 2618 φοϐερὸν.
2911 2543 3008 2597 καλ⁸
3046 2541 3236 2611 δῆμοι,
3274 2537 3370 2590 καὶ
3413 2536 3599 2604 δήμιοι
3631 2533 3756 2584 λυτο

2174 2647 2394 2707 τῶντες,
2425 2643 2519 2696 καὶ
2560 2637 2822 2693 πάντοθεν
2857 2632 2968 2704 (86)
3001 2631 3143 2696 δέος,
3187 2628 3287 2698 τὴν
3334 2624 3542 2680 οἰκείαν
3587 2624 3755 2690 ἐπηγ-

2174 2736 2392 2805 γείλατο
2460 2730 2717 2803 παρέξειν
2800 2725 2990 2797 ῥοπήν.
3047 2721 3158 2776 Καὶ
3205 2717 3314 2787 γὰρ
3357 2715 3614 2787 μέγιστον
3663 2707 3752 2805 ἦν,

2177 2803 2502 2897 ἀνθρώπους
2529 2822 2637 2874 τῶν
2689 2816 2886 2888 ἰχθύων
2944 2811 3127 2880 ὀλίγον
3181 2808 3325 2862 κατά
3369 2805 3470 2876 τὴν
3515 2803 3759 2897 ἀφωνίαν

2177 2896 2554 2988 διαφέροντας,
2604 2909 2882 2979 τυράννων
2906 2900 3313 2970 καθεζομένων,
3343 2898 3438 2951 καὶ
3473 2896 3758 2966 ὑπάρχων,

504 2997 713 3066 (Deus.)
746 2998 876 3054 Erat
900 3001 1042 3054 enim
1086 3018 1272 3058 revera
1309 3003 1603 3059 maximum
1657 2987 1936 3077 quiddam,
1973 3014 2074 3067 ho-

2183 3013 2276 3066 καὶ
2334 2987 2654 3078 στρατηγῶν
2705 2995 3094 3069 παρεστώτων,
3135 2991 3230 3044 καὶ
3262 2987 3434 3057 ξιφῶν
3466 3002 3758 3078 γεγυμνω-

505 3088 678 3144 mines
709 3090 993 3158 ejusmodi,
1025 3093 1115 3162 qui
1161 3093 1406 3147 mutitate
1431 3093 1512 3163 (ut
1541 3096 1620 3149 sic
1651 3075 1862 3168 loquar)
1904 3075 1968 3155 ac
1997 3103 2074 3159 si-

2183 3099 2379 3170 μένων,
2405 3075 2415 3078 ν
2438 3095 2534 3147 καὶ
2587 3089 2803 3143 πάντων
2843 3084 3070 3139 ἐκείνων
3119 3081 3231 3153 (87)
3295 3075 3761 3170 συμμαχούντων,

506 3179 671 3232 lentio
696 3195 800 3232 non
844 3182 1074 3234 multum
1109 3199 1137 3236 a
1168 3185 1404 3254 piscibus
1444 3185 1788 3254 dilIeneba-nt,
1820 3195 2075 3260 tyrannis

505 3267 836 3334 sedentibus,
897 3279 952 3324 et
1005 3270 1282 3338 praefectis.
1333 3283 1497 3342 atque
1543 3275 1776 3332 tribunis
1847 3279 2078 3342 militum

507 3357 834 3423 astantibus,
853 3370 905 3412 et
931 3359 1125 3430 gladiis
1149 3362 1384 3430 nudatis,
1408 3365 1776 3422 omnibusillis
1795 3368 1934 3428 inter
1961 3386 2080 3430 sese

509 3444 717 3514 (contra
746 3449 910 3520 ipsus)
936 3451 1398 3521 couSpirantibus,
1424 3454 1636 3510 vinctos
1675 3457 1881 3525 ingredi
1921 3461 2082 3531 insipi-

508 3553 692 3592 sorum
718 3551 1086 3610 conspectum.
1123 3543 1410 3611 deﬁxoque
1451 3544 1508 3598 in
1541 3554 1740 3601 terram
1783 3549 1958 3617 vultu,
1987 3569 2082 3608 vo-

2183 3167 2521 3247 εἰσελθόντας
2568 3179 2908 3251 δεδεμένους,
2982 3175 3080 3228 καὶ
3137 3173 3220 3235 εἰς
3290 3171 3394 3240 γῆν
3454 3167 3763 3226 κύπτοντας

2181 3279 2476 3351 δυνηθῆναι
2527 3272 2688 3345 ῥῆξαι
2719 3269 2944 3344 φωνήν·
2997 3265 3074 3328 ὼς
3144 3263 3369 3354 εἰκότως
3415 3261 3466 3312 οἱ
3517 3258 3620 3354 μὲι(
3663 3255 3765 3354 τῆξ

2185 3346 2334 3435 θεία-ς
2359 3346 2688 3422 ἀπολαύουσι
2733 3361 2944 3431 ῥοπῆς·
2985 3357 3037 3409 οἰ
3084 3355 3140 3407 δὲ
3170 3353 3515 3406 διδάσκονται
3561 3346 3639 3417 μὴ
3687 3346 3765 3414 τῷ

2184 3464 2284 3532 τῆς
2336 3455 2607 3529 ἀμαθείας
2656 3451 2920 3505 ἐκδιδόναι
2967 3445 3194 3508 ἑαυτοὺς
3243 3441 3415 3512 ὕπνῳ.
3461 3437 3627 3506 Σοφοὶ
3655 3435 3764 3504 γάρ

2188 3550 2328 3607 εἶναι
2347 3548 2650 3618 ὀφείλουσιν
2671 3544 2721 3596 οἰ
2749 3543 2847 3612 τῆς
2882 3539 3074 3608 σοφίας
3095 3533 3368 3606 φοιτηταί.

508 3643 625 3682 cem
661 3646 908 3699 rmnpere
953 3634 1214 3702 potuisse.
1263 3634 1445 3703 Itaque
1502 3638 1696 3693 merito
1720 3639 1806 3694 isti
1850 3645 2066 3710 quidem
2100 3647 2279 3704 divina
2315 3644 2569 3698 fruuntur
2599 3651 2734 3707 ope;
2764 3635 2840 3688 illi
2900 3648 3030 3686 vero
3096 3631 3378 3690 docentur,
3444 3631 3769 3692 semetipsos

509 3721 760 3776 ruditatis
787 3734 839 3777 et
868 3726 1151 3794 imperitiae
1199 3741 1390 3782 somno
1430 3727 1652 3784 minime
1696 3733 1927 3790 tradere.
1966 3736 2246 3811 Sapientes
2271 3735 2417 3812 enim
2455 3735 2625 3786 'csse.
2659 3728 2876 3791 debent,
2921 3722 3012 3793 qui
3060 3735 3121 3776 se
3168 3720 3222 3774 in
3259 3717 3554 3789 sapientiaa-
3586 3712 3752 3769 disci-

510 3812 748 3880 pulatum
791 3809 1149 3871 tradiderunt.

582 3924 933 4000 διε-544
961 3927 1189 3984 ccxrx.
1218 3960 1290 4008 —,
1314 3929 1650 3989 PALLADIO
1681 3934 1996 3994 DlACONO.

513 4014 581 4070 In
618 4017 751 4070 illud
782 4017 945 4072 Pauli
991 4018 1360 4142 dictuztér;
1383 4022 1516 4141 quis
1556 4024 1913 4094 episwpatum
1941 4028 2081 4082 desi-

581 4198 848 4265 Quoniam
882 4214 985 4253 non
1039 4201 1365 4270 perspexisti
1416 4212 1651 4258 mentem
1700 4207 2078 4276 apostolicam,

2501 3925 2619 3985 ΣΘν.
2654 3953 2722 3966 --
2746 3919 3092 3990 unum
3116 3916 3443 3988 ΔΙΑΚΟΝῼ.

2315 4026 2418 4089 εἰς
2441 4025 2530 4080 τό·
2577 4038 2598 4073 ι
2639 4017 2724 4074 Εἴ.
2753 4035 2846 4084 τις
2885 4012 3225 4083 ἐπισκοπῆς
3262 4012 3552 4082 ὀρέγεται.
3595 4029 3617 4065 ι

2264 4209 2484 4281 Ἐπειδὴ
2526 4207 2601 4280 μὴ
2647 4194 2738 4260 τὸν
2784 4199 3140 4258 ἀποστολικδν
3188 4216 3588 4261 κατωπτευσας
3615 4199 3767 4263 νοῦν,

509 4305 628 4358 qua:
660 4291 861 4359 scripto
909 4291 1079 4358 (velut
1124 4292 1345 4363 cortice)
1385 4295 1708 4364 occultatur,
1756 4299 1849 4352 sed
1905 4301 2076 4370 ipsum

2191 4305 2282 4358 τὸν
2307 4305 2366 4355 ὲν
2394 4301 2472 4371 τῷ
2508 4300 2800 4369 γράμματι
2838 4293 3236 4365 κρυπτόμενον,
3271 4290 3387 4343 ἀλλ’
3432 4289 3566 4342 αὐτὸ
3607 4288 3769 4358 μόνον

511 4381 774 4433 duntaxat
834 4377 1093 4449 scriptum
1158 4383 1589 4452 contemplatus,
1638 4401 1864 4447 sursum
1917 4377 2091 4459 atque:

511 4470 764 4523 deorsum
795 4468 970 4540 jactas
1001 4486 1065 4525 ac
1105 4473 1352 4528 volutas:
1401 4492 1418 4525 ι
1451 4475 1509 4529 Si
1548 4477 1668 4545 quis
1707 4479 2073 4548 episcopatum

511 4561 807 4626 desiderat,
840 4563 1041 4617 bonum
1068 4578 1202 4632 opus
1235 4567 1588 4635 concupiscit,
1627 4587 1646 4621 ι
1683 4573 1905 4638 proinde
1923 4574 2075 4643 quasi

511 4660 764 4716 oporteat
790 4652 898 4706 tale
927 4652 1215 4722 imperium
1261 4655 1514 4710 adamare
1549 4673 1562 4709 :
1599 4661 1807 4714 tametsi
1846 4677 1950 4715 non
1983 4666 2077 4716 de-

513 4743 784 4798 suntmihi
817 4754 1151 4813 argumenta,
1184 4747 1380 4816 quibus
1413 4751 1722 4816 ostendam,
1747 4769 1852 4807 non
1889 4754 1967 4808 sic
1997 4753 2076 4809 lo-

591 4895 639 4928 ⁸⁸
655 4899 844 4962 Matth.
878 4919 934 4970 ι,
971 4905 1056 4960 19.
1133 4905 1222 4960 ⁵⁷1
1253 4905 1396 4962 Petr.
1433 4919 1512 4966 ιιι.
1545 4905 1630 4961 15.
1710 4904 1758 4937 ⁵⁸
1789 4907 1805 4951 Ι
1832 4905 1972 4959 Tim.
2005 4923 2085 4973 ιιι,
2117 4911 2162 4964 1.

2193 4396 2528 4465 θεασάμενος
2555 4392 2615 4444 τὸ
2637 4390 2868 4460 γράμμα
2887 4388 2998 4446 ἀνω
3029 4385 3125 4444 καὶ
3143 4384 3294 4438 κάτω
3318 4382 3346 4435 0
3354 4380 3568 4452 ρυλλεῖς
3592 4396 3606 4410 ·
3639 4398 3659 4429 ι
3702 4379 3768 4430 Εἰ

2184 4501 2264 4547 τις
2284 4483 2590 4550 ἐπισκοπῆς
2611 4479 2884 4546 ὀρέγεται,
2904 4476 3070 4532 καλοῦ
3099 4475 3262 4546 ἔργου
3302 4471 3586 4541 ἐπιθυμεῖ,
3637 4489 3658 4520 ι
3691 4469 3768 4530 ὡς

2183 4574 2301 4627 δέον
2350 4575 2499 4643 ἱερᾶς
2540 4570 2640 4640 τῆς
2687 4569 2944 4639 τοιαύτης
2993 4566 3169 4636 ἀρχῆς
3223 4565 3369 4634 (88)’
3404 4563 3514 4632 ἔχω
3561 4561 3666 4630 μὲν
3708 4559 3776 4610 δι’

2183 4661 2258 4721 ὧν
2284 4666 2464 4732 δείξω,
2499 4666 2572 4735 μὴ
2616 4663 2790 4726 οὕτως
2841 4661 3125 4732 εἰρηκέναι
3156 4659 3247 4712 τὸν
3305 4655 3656 4719 ’Λπόστολον,
3699 4653 3775 4713 rb;

2188 4757 2252 4810 σὺ
2318 4759 2456 4827 φής·
2511 4757 2659 4826 ὅμως
2708 4755 2766 4808 δὲ
2823 4751 3193 4823 συγχωρήσας¹
3242 4746 3535 4818 ἀνατρέψω
3587 4745 3770 4798 τοῦτο.

1607 5059 1843 5117 VARI-1E
1881 5061 2269 5120 LECTIONES
2302 5063 2392 5120 ET
2425 5061 2659 5117 ΝΟΤᾹΞ.

590 5214 702 5285 (84)
739 5215 807 5268 ’I-‘d
837 5215 951 5285 μὲν
982 5217 1186 5277 λῦσαι,
1230 5215 1328 5268 καὶ
1365 5215 1472 5271 τοῦ
1515 5215 1805 5282 τυχόντος
1863 5212 1943 5284 ἦν
1967 5233 1985 5250 ο
2017 5218 2083 5272 τὸ

516 5285 584 5338 δὲ
605 5285 945 5352 ἀναστῆσαι
980 5287 1147 5339 Θεοῦ.
1173 5285 1284 5338 Non
1313 5286 1496 5355 procul
1523 5287 1631 5338 abit
1653 5286 1721 5340 ab
1752 5287 1850 5341 ista
1887 5288 2080 5340 Pinda-

519 5360 637 5407 τιιτιι-
680 5357 985 5408 sententia:
1044 5355 1279 5420 Ῥᾴδιον
1315 5354 1436 5421 μὲν
1488 5355 1669 5408 πόλιν
1719 5355 1922 5409 σεῖσαι
1982 5355 2082 5408 καί

519 5423 962 5492 φλαυροτέροις·
991 5427 1058 5476 τὸ
1081 5425 1147 5477 δὲ
1183 5425 1280 5476 ἐπὶ
1316 5423 1507 5490 χώρας
1531 5424 1709 5477 ἕσσαι
1739 5422 1910 5492 αὖτις
1933 5425 2081 5478 δινσ-

521 5494 712 5563 παλὲς
736 5492 811 5563 δὴ
838 5494 1077 5560 γίνεται.
1119 5494 1194 5546 ἂν
1222 5492 1306 5561 μὴ
1323 5494 1455 5557 θεὸς
1483 5493 1845 5563 ἁγεμόνεσσι
1881 5497 2086 5562 κυϐερ-

523 5560 713 5627 νατὴρ
739 5561 995 5627 γένηται.
1024 5563 1124 5616 Ιὶιτ
1135 5581 1187 5617 τ.

599 5580 713 5627 τηρ
765 5580 995 5627 emt-ac.
1025 5580 1187 5617 turr.

599 5631 712 5696 (Bb)
739 5580 942 5685 iVomcn
978 5632 1090 5699 ejus
1123 5633 1208 5688 cui
1236 5633 1347 5688 hch
1388 5633 1644 5689 scribitur
1680 5636 1923 5690 decurtat
1965 5635 2082 5690 cod.

2193 5217 2313 5273 Vat.
2356 5218 2460 5272 650
2481 5233 2544 5272 ex
2574 5215 2913 5286 Οὐαλεντίνῳ
2938 5215 2990 5268 in
3019 5214 3298 5286 Οὐάλεντι.
3325 5213 3539 5271 Possm.

2255 5288 2367 5354 (86)
2407 5287 2678 5342 Πάντοθεν
2697 5285 2832 5338 idem
2860 5285 2978 5340 σοιί.
3012 5285 3252 5350 auget‘in
3288 5285 3661 5354 πανταχόθεν.
3701 5286 3780 5339 in.

2259 5359 2370 5427 (87)
2395 5358 2534 5411 Idem
2560 5355 3054 5427 ἐκείνωνγιιιυιὲὶιῇἰιι
3089 5354 3340 5427 ,ἐκείνοιςἐ
3371 5354 3532 5410 Vers.
3569 5369 3694 5425 post
3727 5357 3783 5417 5,

2189 5421 2301 5498 pro,
2326 5421 2628 5498 κύπτοντας
2679 5425 2868 5498 scribit
2901 5421 3266 5498 κρύπτοντας.
3304 5421 3520 5498 Possm.

2263 5497 2371 5566 (88)
2415 5496 2508 5566 Ὡς
2537 5495 2676 5566 δέον
2713 5491 2894 5561 ἱερᾶς.
2943 5491 3084 5566 ch.
3136 5494 3269 5562 ὲρᾷν
3307 5492 3412 5566 [sic
3455 5497 3581 5566 cod.
3625 5495 3786 5566 νειμ]

2189 5561 2289 5632 τῆξ
2323 5561 2800 5634 τόιαύτηςὰρχῆς,
2837 5571 2891 5615 ιιι
2921 5561 3075 5634 paulo
3102 5561 3244 5634 post,
3281 5561 3380 5634 καὶ
3400 5565 3541 5629 μηδὲ
3573 5563 3787 5620 σαυτοῦ

2194 5631 2352 5705 ἄρξαι
2389 5631 2655 5702 δυνηθεὶς,
2688 5631 2818 5703 ἐρᾷς
2841 5631 3090 5700 τοιαύτης
3115 5631 3316 5700 ἀρχῆς.
3346 5632 3496 5686 Ιὶιΐτ
