4020 6140
337 315 469 381 1313

1204 319 1737 380 EPISTOLARUM
1776 321 1921 380 LIB.
1952 319 2055 382 TV.
2096 345 2162 356 ·-
2201 285 2437 384 EP‘IST.
2478 325 2688 385 CCXX.

3440 327 3572 393 1314

335 430 516 480 Ἔστω
536 424 665 495 γάρ,
701 425 897 487 ἐκεῖνος
920 421 1153 477 τοιοῦτόν
1183 441 1234 477 τι
1257 425 1492 497 ἔφρασεο
1521 427 1583 480 σὺ
1611 427 1680 478 δι’
1721 429 1788 496 ἢν
1817 428 1895 479 αἱ·

2013 435 2192 482 cutum
2213 445 2333 484 esse
2365 427 2703 500 ApoStolum,
2735 432 3002 501 quomodo
3038 441 3089 486 tu
3125 432 3343 504 accipis.
3371 435 3572 491 Tamen

341 520 450 571 τίαν
479 515 547 568 τὰ
569 515 707 568 κατά
734 515 924 569 σαυτὸν
947 515 1147 585 (89-90)
1169 515 1400 583 ἀγνοῶν,
1431 517 1525 569 καὶ
1557 517 1690 586 μηδὲ
1709 516 1902 569 σαυτοῦ

332 606 496 678 ἄρξαι
554 605 822 674 δυνηθεὶς,
882 606 1014 676 ἐρᾷς
1058 607 1313 684 τοιαύτης
1364 607 1560 678 ἀρχῆς,
1633 609 1755 678 ἣτις
1809 609 1903 661 καὶ

330 697 607 767 βασιλείας
647 697 793 749 ἐστὶν
818 697 878 749 ού
917 698 1075 767 μόνον
1103 697 1432 768 ὑψηλοτέρα,
1469 699 1606 751 ἀλλὰ
1634 699 1731 752 καὶ
1771 701 1895 751 em-

328 786 647 855 πονωτέρα;
696 785 803 838 Καὶ
860 786 934 857 μὴ
968 787 1210 857 νομίζεις
1257 787 1548 840 ἀνεύθυνον
1582 784 1722 842 εἶναι
1755 786 1902 852 ἐξου-

331 877 471 938 σίαν,
502 876 615 929 ἀλλ’
641 875 739 946 οὐχ
773 876 1073 930 ὑπεύθυνον
1101 877 1481 948 λειτουργίαν;
1534 878 1675 931 Ἀλλ’
1723 881 1771 931 εί
1807 879 1901 932 καὶ

331 966 490 1028 αὐτὸς
521 966 702 1035 πάσης
753 965 1011 1019 ἐπέκεινα
1054 965 1248 1035 μανίας
1287 968 1506 1036 χωρεῖς,
1578 966 1716 1020 ἀλλὰ
1744 967 1900 1036 κάγὼ

335 1045 742 1128 μανοίμηνᾶν,
782 1057 830 1110 εί
880 1057 1170 1129 φαινοίμην
1220 1059 1292 1130 μή
1342 1058 1453 1128 (9H
1485 1076 1580 1111 σου
1630 1059 1690 1112 τὸ
1731 1061 1900 1124 πάθος

334 1147 664 1217 θεραπεῦσαι
695 1147 1051 1218 πειρώμενος.
1092 1150 1246 1219 Ἐμοὶ
1274 1149 1406 1221 γὰρ,
1437 1148 1480 1202 ὧ
1517 1151 1774 1222 μακάριε,
1807 1152 1900 1204 καὶ

330 1240 410 1304 τὸ,
449 1258 466 1290 ι
507 1239 573 1291 Εἴ
594 1256 699 1302 τις,
751 1257 767 1288 ι
802 1239 1030 1309 φοϐερόν
1062 1241 1195 1304 ἐστι,
1224 1245 1316 1292 καὶ
1361 1241 1427 1292 ἐκ
1475 1241 1690 1311 βάθρων
1728 1241 1898 1312 αὐτὴν

330 1333 608 1386 κατασείει
635 1331 731 1402 τὴν
757 1331 965 1402 ψυχήν.
1009 1332 1115 1384 Τοῦ
1145 1329 1253 1404 γὰρ
1303 1332 1567 1403 μεγέθους
1596 1333 1694 1401 τῆς
1726 1332 1900 1402 ἀρχῆς

330 1424 477 1474 ἐστιν
526 1420 876 1473 ἐνδεικτικόν,
925 1420 988 1473 Εἰ
1027 1420 1081 1473 δὲ
1117 1422 1301 1490 φαίης,
1334 1421 1483 1487 πῶς;
1534 1421 1744 1490 εἴποιμι
1792 1421 1892 1487 ἂν,

330 1512 410 1564 ὅτι
447 1511 544 1564 οὐκ
579 1509 845 1581 ἐθάρσησε
893 1510 1212 1580 προστάξαι,
1264 1509 1378 1562 ἀλλ’
1406 1509 1515 1562 οὐδ’
1560 1511 1618 1562 ού
1667 1511 1898 1580 προτρέ-

328 1600 447 1668 ψαι,
491 1600 610 1652 οὐδὲ
661 1599 1094 1668 συμϐουλεύσαι·
1143 1599 1264 1652 οὐδὲ
1308 1599 1418 1669 γάρ
1465 1595 1761 1662 εἷπε-Πᾶς
1813 1617 1898 1662 τις

331 1693 638 1761 ἐπισκοπῆς
668 1691 943 1762 ὀρεγέσθω
969 1709 982 1720 ·
1030 1689 1208 1754 καλῶς
1237 1694 1400 1744 ποιεῖ.
1484 1693 1529 1744 Η
1559 1692 1669 1762 γὰρ
1702 1692 1772 1744 ἂν
1809 1691 1898 1744 τὸν

2004 522 2292 572 concedam
2335 521 2407 573 ita
2450 537 2604 586 esse,
2643 523 2802 591 idque
2852 533 3113 578 evertam.
3156 524 3239 578 Sit
3284 525 3430 579 enim
3465 528 3570 591 ita;

2002 607 2199 663 dixerit
2246 610 2336 664 ille
2379 611 2642 678 ejusmodi
2691 612 2896 682 aliquid
2945 631 2959 667 :
2997 612 3075 666 Tu
3125 629 3253 670 vero
3297 631 3454 684 quam
3503 618 3573 671 ob

2000 714 2217 753 causam
2256 702 2514 771 ignorans
2558 713 2678 759 tuas
2709 706 2874 768 vires,
2920 715 2974 758 et
3001 719 3066 758 ne
3094 705 3324 774 teipsum
3356 706 3570 773 quidem

2004 805 2186 860 regere
2210 794 2412 856 valens,
2447 796 2606 850 talem
2636 796 2854 849 adamas
2875 795 3258 865 principatum,
3293 797 3382 867 qui
3408 813 3572 866 regno

2000 898 2209 950 quoque
2245 884 2360 951 ipso
2388 900 2490 938 non
2521 886 2689 940 solum
2723 894 2804 941 est
2832 885 3136 953 sublimior,
3174 889 3268 943 sed
3307 889 3466 942 etiam
3497 887 3574 942 ia-

2001 973 2303 1027 boriosior?
2331 973 2395 1028 Et
2430 989 2600 1043 quare
2630 978 2910 1032 existimas
2936 985 3258 1046 potestatem
3287 979 3423 1033 hanc
3453 993 3572 1032 esse

2000 1063 2308 1117 rationibus
2342 1061 2503 1117 nullis
2532 1065 2816 1119 reddendis
2846 1067 3154 1131 obnoxiam,
3180 1082 3241 1120 ac
3264 1082 3366 1122 non
3397 1069 3572 1136 potius

1999 1152 2298 1206 rationibus
2336 1153 2626 1208 obnoxiam
2683 1154 2971 1210 ministerii
3023 1157 3137 1211 sive
3169 1158 3409 1212 muneris
3443 1158 3566 1211 fun-

1999 1241 2276 1295 ctionem?
2305 1243 2410 1296 Sed
2451 1243 2696 1312 quamvis
2733 1255 2787 1298 tu
2834 1259 3046 1299 omnem
3082 1247 3431 1301 transcendas
3471 1263 3568 1299 au-

2000 1331 2165 1385 daciae
2197 1333 2459 1397 furorem,
2485 1347 2582 1403 ego
2618 1349 2832 1404 quoque
2861 1335 3177 1400 insanirem,
3213 1337 3258 1392 si
3305 1352 3407 1391 non
3445 1352 3566 1392 eum

2002 1435 2088 1473 me
2117 1423 2482 1488 ostenderem,
2533 1423 2624 1491 qui
2675 1432 2823 1477 tuum
2859 1424 3057 1478 malum
3100 1439 3293 1480 curare
3322 1435 3566 1480 conetur.

2001 1509 2124 1562 Mihi
2177 1511 2342 1576 enim,
2374 1527 2407 1566 ο
2448 1512 2620 1578 beate,
2666 1523 2720 1566 et
2758 1514 3045 1568 admodum
3101 1524 3185 1568 est
3230 1514 3569 1571 formidabile

2000 1599 2129 1654 illud
2163 1599 2360 1654 dictum
2387 1619 2401 1655 :
2425 1621 2442 1650 ε
2464 1601 2519 1657 Si
2539 1605 2658 1673 quis
2684 1605 3049 1675 episcopatum
3082 1607 3402 1669 desiderat,»
3427 1618 3563 1669 etc.,

2000 1700 2052 1746 et
2093 1691 2334 1749 funditus
2364 1695 2534 1764 ipsam
2565 1696 2805 1751 concutit
2847 1699 3104 1750 animam.
3139 1697 3560 1768 Magnitudinem

333 1784 423 1836 σὸν
451 1784 576 1854 περὶ
610 1783 668 1836 τὸ
711 1784 939 1852 πρᾶγμα
985 1784 1161 1853 ἔρωτα
1206 1783 1336 1846 ἴσως
1361 1782 1494 1854 (92),
1528 1783 1671 1846 τινὲς
1708 1782 1895 1835 ἁπεδὲ-

2006 1797 2238 1850 namque
2285 1785 2445 1853 hujus
2487 1786 2623 1839 sacri
2684 1788 3019 1856 principatus
3069 1787 3287 1842 indicat.
3321 1788 3471 1854 Quod
3519 1788 3565 1842 si

332 1873 522 1936 ξαντο·
564 1871 679 1924 ἀλλ’
729 1870 1039 1940 ἀναρτήσας
1101 1870 1274 1940 μέσην
1307 1869 1406 1940 τὴν
1446 1870 1545 1938 τῆς
1593 1867 1897 1939 ἱερωσύνης

331 1962 645 2032 ἐπιθυμίαν,
665 1961 784 2015 οὔτε
813 1961 1073 2031 παρορμᾷ
1096 1961 1182 2010 ἐπ’
1213 1959 1380 2029 αὐτὴν
1406 1959 1542 2031 (95),
1564 1958 1649 2011 ἵνα
1679 1958 1752 2029 μὴ
1771 1958 1900 2022 τοὺς

327 2053 578 2117 ἀναξίους
604 2051 861 2122 ἐπεγείρῃ
899 2051 1184 2119 πράγματι
1228 2048 1513 2119 ἀμηχάνῳ,
1567 2049 1663 2102 καὶ
1718 2049 1898 2103 πᾶσαν

329 2144 711 2216 ὑπερϐαίνοντι
752 2143 1025 2196 πολιτείαν
1052 2158 1112 2194 τε
1143 2141 1236 2194 καὶ
1261 2140 1447 2205 ἀξίαν·
1477 2141 1588 2194 οὔτ’
1614 2140 1892 2212 ἀπείργει,

330 2235 416 2288 ἵνα
445 2235 519 2304 μὴ
548 2233 779 2302 φευκτὸν
805 2233 1120 2302 καταστήσῃ
1154 2231 1214 2284 τὸ
1245 2232 1422 2300 πάσης
1470 2231 1747 2301 βασιλείας
1779 2233 1898 2302 μεῖ-

329 2322 450 2386 Cor
485 2322 619 2377 ἀλλὰ
646 2323 921 2393 μετέωρον
946 2323 1046 2392 τὴν
1070 2321 1392 2390 παραίνεσιν
1422 2321 1601 2391 ἀφεὶς,
1629 2323 1724 2375 καὶ
1765 2322 1896 2376 ἕκα-

329 2432 453 2467 στον
489 2413 589 2484 τῆς
621 2415 812 2467 ἑαυτοῦ
851 2412 1084 2476 διανοίας
1114 2411 1306 2482 κριτὴν
1326 2415 1695 2484 καταστήσας,
1730 2413 1892 2477 αὐτὸς

327 2507 450 2560 οὔτε
505 2507 807 2576 ἐπιθυμεῖν,
847 2503 970 2557 οὔτε
993 2504 1213 2573 φεύγειν
1235 2505 1577 2574 προστάττει,
1613 2506 1896 2576 μονονουχὶ

328 2598 487 2670 βοῶν,
506 2597 600 2651 καὶ
625 2596 940 2667 ὀφθαλμοῖς,
967 2596 1060 2649 καὶ
1088 2594 1304 2666 ὀφρύσι,
1329 2598 1422 2651 καὶ
1445 2597 1606 2650 παντὶ
1629 2595 1705 2666 τῷ
1730 2614 1898 2667 προσ-

325 2689 488 2759 ώπῳ,
554 2689 717 2758 φόϐου
783 2689 982 2758 κέντρα
1039 2692 1149 2753 τοῖς
1188 2691 1472 2744 ἀκούουσιν
1514 2687 1696 2750 ὲνιείς·
1754 2688 1896 2756 Ἐγὼ

327 2778 427 2851 μὲν
461 2779 688 2848 πρᾶγμα
718 2777 816 2847 τῆς
847 2778 996 2841 θείας
1020 2780 1326 2849 ἠρτημένον
1357 2777 1540 2847 ψήφου
1567 2793 1626 2829 τε
1657 2777 1754 2830 καὶ
1776 2795 1894 2848 χει-

331 2869 596 2940 ροτονίας,
668 2868 970 2939 ἀνθρώπων
1037 2869 1353 2940 ἐπιθυμίαις
1419 2869 1518 2922 οὐκ
1593 2868 1894 2940 ὲκδίδωμιο

324 2960 573 3031 παραινῶ
601 2959 658 3012 δὲ
689 2959 780 3012 καὶ
807 2959 1269 3030 διαμαρτύρομαι,
1302 2960 1382 3012 ὅτι
1415 2960 1444 3012 ὁ
1474 2956 1664 3011 τούτου
1691 2958 1886 3011 ὲπιθυ-

325 3050 463 3118 μῶν,
487 3050 617 3102 ἴστω
652 3049 726 3118 μὴ
755 3049 868 3100 τῶν
917 3047 1183 3117 τυχόντων
1201 3047 1360 3119 ἐρῶν.
1395 3047 1744 3118 Λειτουργίας
1765 3047 1892 3118 γὰρ,

321 3141 424 3194 οὐκ
449 3139 684 3203 ἀνέσεώς
714 3141 828 3192 ἐστι
855 3139 914 3192 τὸ
931 3140 1030 3209 τῆς
1056 3140 1361 3209 ἐπισκοπῆς
1379 3139 1550 3208 ὄνομα
1572 3139 1888 3208 δηλωτικόν.

323 3232 467 3285 esse
517 3233 786 3295 ἀπιστεῖς,
827 3230 895 3282 τὰ
944 3229 1069 3299 ἑξῆς
1122 3231 1390 3298 ἀναγνοὺς
1431 3231 1618 3300 γνοίης
1657 3229 1766 3300 (94)
1800 3229 1891 3282 τὸν

323 3322 588 3393 ἡμέτερον
645 3321 791 3375 νοῦν.
824 3323 915 3373 Δεῖ
939 3319 1046 3390 γὰρ
1068 3322 1157 3374 τὸν
1184 3321 1478 3374 ἐπίσκοπον
1496 3321 1694 3380 πάσαις
1718 3321 1892 3390 κομᾷν

335 3413 446 3474 ταῖς
478 3413 698 3482 ἀρεταῖς
724 3429 738 3442 ο
769 3411 862 3463 καὶ
903 3409 1004 3473 τὰς
1051 3410 1338 3482 ἀλλοτρίας
1372 3410 1701 3464 οἰκειοῦσθαι
1750 3427 1892 3480 συμ-

329 3504 518 3573 φοράς.
571 3505 643 3556 Ού
689 3505 798 3573 γὰρ
840 3502 1038 3573 ἑαυτῷ,
1075 3503 1210 3557 ἀλλὰ
1255 3505 1366 3566 τοῖς
1415 3502 1738 3574 ἀρχομένοις
1780 3501 1844 3571 ζῇ
1871 3519 1885 3532 ·

328 3594 422 3647 καὶ
455 3595 560 3647 ὑπὸ
611 3595 822 3665 μυρίων
868 3594 1161 3664 ὀφθαλμῶν
1196 3595 1289 3648 καί⁸
1319 3595 1574 3664 γλωττῶν
1608 3596 1635 3648 ὁ
1679 3595 1886 3648 ἐκείνου

327 3685 668 3756 βασανίζεται
709 3686 841 3756 βίος.
1549 3703 1552 3706 ·

2001 1868 2203 1924 dixeris
2226 1889 2238 1924 :
2261 1868 2587 1936 Quomodo?
2618 1874 2972 1944 respondebo.
3001 1875 3133 1940 Quia
3155 1890 3258 1930 non
3289 1891 3448 1930 ausus
3481 1885 3568 1930 est
3645 1907 3648 1910 η

2003 1961 2332 2028 praecipere;
2365 1977 2428 2016 ac
2459 1977 2524 2017 ne
2552 1963 2770 2032 quidem
2804 1963 3101 2030 cohortari,
3130 1979 3302 2034 neque
3339 1965 3566 2019 suadere

2000 2049 2081 2116 (ut
2111 2049 2237 2117 quis
2264 2050 2637 2120 episcopatum
2691 2057 2952 2121 appetat).
2994 2051 3179 2122 Neque
3214 2052 3357 2106 enim
3383 2051 3514 2106 dixit
3546 2068 3563 2106 :

1999 2136 2381 2210 Unusquisque
2423 2144 2790 2213 episcopatum
2851 2144 3140 2200 desideret.
3191 2144 3357 2199 Recte
3408 2143 3559 2198 facit.

1998 2230 2150 2288 Tunc
2180 2234 2322 2288 enim
2355 2233 2602 2288 fortassis
2649 2233 2816 2302 aliqui
2858 2235 3049 2289 eodem
3087 2249 3271 2290 amore
3315 2233 3430 2304 ejus
3460 2235 3563 2297 rei,

1998 2339 2103 2394 quo
2133 2335 2210 2392 tu,
2232 2325 2378 2393 capti
2404 2323 2650 2379 fuissent.
2679 2325 2786 2380 Sed
2813 2325 2867 2380 in
2908 2326 3084 2381 medio
3117 2327 3428 2395 relinquens
3452 2341 3565 2380 sus-

1995 2429 2240 2484 pensum,
2266 2416 2555 2473 sacerdotii
2593 2416 2918 2473 desiderium
2950 2431 3124 2488 neque
3158 2417 3380 2488 instigat
3415 2419 3480 2471 ad
3511 2418 3564 2470 id

2001 2521 2347 2576 quemquam,
2396 2522 2466 2561 ne
2517 2507 2762 2578 indignos
2803 2511 3004 2565 excitet
3057 2509 3133 2564 “ad.
3169 2509 3554 2578 capessendam

1996 2611 2109 2651 rem
2159 2597 2556 2664 perdifﬁcilem,
2595 2611 2820 2669 quaque
2867 2609 3082 2654 omnem
3115 2611 3330 2670 superat
3391 2603 3566 2668 reipu-

1995 2687 2148 2743 blicae
2191 2689 2714 2746 administrationem
2754 2703 2823 2745 a'o
2858 2691 3173 2760 dignitatem
3217 2705 3233 2742 :
3276 2703 3453 2758 neque
3497 2691 3566 2744 ab

1997 2792 2062 2833 eo
2095 2787 2245 2834 arcet
2275 2791 2622 2850 quemquam,
2655 2794 2721 2835 ne
2758 2777 2809 2834 id
2841 2780 2981 2849 quod
3009 2780 3154 2834 omni
3193 2793 3361 2848 regno
3392 2781 3566 2850 majus

1998 2875 2102 2930 est,
2145 2865 2456 2936 fugiendum
2487 2883 2608 2923 esse
2633 2877 2914 2937 proponat.
2947 2864 3144 2923 Verum
3180 2869 3236 2922 in
3278 2882 3562 2938 suspenso,

1999 2966 2056 3012 ut
2081 2957 2216 3023 dixi,
2249 2958 2563 3026 relinquens
2610 2958 3075 3023 exhortationem,
3109 2968 3166 3013 et
3207 2963 3565 3029 unumquem-

1999 3063 2107 3119 que
2147 3049 2229 3104 sui
2280 3049 2479 3119 ingenii
2534 3050 2915 3104 :esﬁmatorem
2970 3064 3034 3104 ac
3080 3049 3317 3119 iudicem
3365 3051 3565 3106 consti-

2001 3152 2174 3207 tuens,
2200 3141 2314 3210 ipse
2368 3155 2544 3208 neque
2573 3151 2826 3210 expetere
2864 3155 3039 3210 neque
3086 3141 3274 3208 fugere
3303 3142 3562 3212 praecipit,

2000 3243 2203 3288 tantum
2241 3248 2346 3287 non
2396 3232 2658 3298 clamans,
2702 3244 2756 3287 et
2795 3234 2984 3302 oculis,
3027 3242 3081 3287 et
3129 3234 3464 3303 superciliis,
3511 3241 3566 3288 et

1999 3334 2109 3380 toto
2143 3323 2286 3378 vultu
2330 3325 2418 3395 (ad
2449 3327 2768 3391 gravitatem
2795 3326 3116 3395 composito)
3149 3327 3357 3381 timoris
3399 3326 3566 3397 (salu-

1997 3415 2152 3485 taris)
2183 3414 2433 3469 stimulos
2479 3415 2808 3469 audientium
2865 3416 3060 3470 anitnis
3092 3416 3359 3485 injiciens.
3398 3416 3565 3486 Equi-

1995 3508 2112 3561 dem
2134 3520 2232 3575 ego
2267 3507 2467 3576 (inquit
2502 3505 2720 3577 Paulus)
2753 3522 2866 3561 rem
2897 3521 2924 3560 a
2966 3509 3148 3562 divino
3174 3507 3562 3576 dependentem

1993 3597 2199 3652 Calculo
2233 3607 2395 3667 atque
2427 3596 2651 3651 arbitrio
2683 3598 2983 3665 electionis,
3032 3598 3310 3652 hominum
3360 3597 3565 3666 cupidi-

1996 3686 2196 3740 tatibus
2231 3702 2336 3741 non
2384 3702 2637 3757 expono:
2672 3703 2863 3744 moneo
2902 3698 3078 3742 autem
3111 3699 3270 3759 atque
3300 3690 3561 3755 obtestor,

325 3780 636 3850 quicunque
661 3780 800 3836 hanc
825 3794 939 3835 rem
988 3780 1214 3848 expetit,
1274 3779 1318 3833 is
1349 3779 1580 3842 noverit,
1649 3793 1708 3832 se
1770 3794 1882 3833 rem
1926 3779 2154 3855 minime
2198 3781 2473 3850 vulgarem
2524 3791 2616 3836 aut
2667 3783 2837 3838 levem
2885 3783 3214 3837 desiderare.
3277 3781 3561 3835 Minislcrii

325 3875 492 3940 enim,
519 3890 622 3930 non
654 3885 835 3931 autem
881 3875 1218 3931 remissionis
1286 3889 1351 3928 ac
1429 3874 1650 3928 desidiae
1725 3875 2173 3943 signiﬁcatiOueni
2231 3876 2394 3930 habet
2433 3877 2758 3945 episcopatus
2805 3878 2976 3944 ipsum
3021 3875 3363 3931 vocabulum.
3409 3875 3562 3940 Quod

326 3969 373 4023 si
407 3968 564 4023 tidem
590 3969 774 4039 (dictis
809 3969 976 4041 hisce)
1011 3984 1116 4023 non
1159 3968 1346 4033 habes,
1380 3967 1659 4036 sequentia
1689 3966 1893 4036 legens,
1967 3977 2199 4024 mentem
2246 3979 2487 4026 nostram
2549 3972 2715 4038 probe
2760 3971 3086 4038 assequeris.
3137 3967 3363 4038 Oportet
3408 3969 3556 4023 enim

326 4063 640 4132 episcopum
690 4063 942 4118 omnibus
1005 4072 1256 4117 ornatum
1310 4077 1433 4116 esse
1478 4061 1792 4126 virtutibus,
1844 4070 1898 4115 et
1963 4063 2170 4118 alienas
2232 4064 2570 4119 calamitates
2624 4065 2870 4134 proprias
2917 4078 2980 4118 ac
3036 4079 3162 4118 suas
3227 4065 3559 4118 existimare.

331 4155 446 4210 Non
473 4154 618 4209 enim
645 4153 745 4208 sibi
779 4153 903 4221 ipsi,
931 4152 1024 4208 sed
1057 4152 1293 4207 subditis
1325 4152 1496 4206 vivit:
1524 4160 1579 4205 et
1615 4165 1644 4204 a
1670 4152 1942 4207 sexcentis
1965 4154 2136 4209 oculis
2168 4169 2233 4210 ac
2253 4155 2448 4224 linguis
2477 4155 2585 4208 vita
2619 4152 2734 4222 ejus
2773 4154 3133 4208 examinatur.
3162 4188 3166 4193 -

643 4269 769 4325 ΣΚ’.
800 4300 870 4312 —
900 4271 1160 4340 ΙΣΙΔΩΡῼ
1194 4269 1570 4322 ΕΠΙΣΚΟΠΩ.

2103 4267 2452 4341 545-546
2473 4251 2676 4324 CCXX.
2709 4299 2780 4308 —
2806 4267 3077 4325 Ismono
3105 4267 3456 4326 EPISCOPO.

413 4386 629 4457 Ἐπειδὴ
674 4385 988 4455 γέγραφας,
1034 4382 1103 4444 δι’
1156 4383 1222 4452 ἣν
1272 4381 1450 4436 αἰτίαν
1506 4381 1604 4434 οὐκ
1669 4375 1820 4432 εἶπεν
1867 4381 1895 4433 ὁ

2069 4377 2332 4445 Quoniam
2376 4395 2441 4435 ex
2487 4395 2572 4435 me
2617 4397 2712 4449 per
2765 4381 3048 4450 epistolam
3105 4383 3423 4451 quaesivisti,
3463 4399 3563 4437 cur

330 4479 541 4542 Παῦλος
592 4477 813 4539 ἁπλῶς·
865 4495 883 4526 ι
942 4473 1098 4528 Μετὰ
1130 4474 1344 4526 πάντων
1399 4471 1702 4544 ἀνθρώπων
1744 4473 1896 4542 εἰρη-

329 4571 530 4634 νεύετε,
561 4587 580 4620 ι
616 4567 751 4622 ἀλλὰ
775 4564 1111 4636 προσέθηκεν
1131 4581 1146 4594 ·
1183 4582 1202 4616 ι
1240 4565 1300 4617 Ei
1327 4564 1568 4625 δυνατὸν,
1602 4580 1618 4607 ι
1641 4562 1900 4631 ἀντιγρά-

332 4675 447 4726 φω·
492 4658 708 4728 Ἐπειδή
741 4659 888 4710 ἐστιν
909 4657 1042 4709 ὅπου
1071 4655 1130 4707 ού
1156 4654 1400 4719 δυνατὸν,
1432 4654 1558 4706 ὅταν
1584 4652 1712 4721 περὶ
1738 4651 1892 4702 εὐσε-

333 4750 480 4812 ϐείας
524 4751 551 4800 ὁ
599 4749 755 4814 λόγος
779 4747 910 4818 (95),
943 4747 1072 4801 ὅταν
1122 4745 1251 4815 περὶ
1303 4743 1510 4798 δικαίου
1544 4743 1890 4812 πράγματος,

405 4905 451 4936 ⁵9
481 4904 637 4961 Rom.
673 4917 772 4969 xit,
803 4902 892 4957 18.

1996 4467 2192 4521 Paulus
2223 4483 2325 4522 non
2351 4470 2668 4538 simpliciter
2685 4470 2884 4524 dixerit
2914 4489 2928 4524 :
2969 4488 2991 4522 ι
3029 4469 3160 4525 Cum
3186 4472 3437 4526 omnibus
3464 4472 3561 4524 ho-

2003 4559 2236 4612 minibus
2259 4573 2442 4628 pacem
2469 4560 2626 4615 colite
2643 4561 2728 4628 ⁸⁹;
2764 4579 2783 4611 ›
2828 4563 2920 4616 sed
2964 4560 3269 4616 addiderit:
3307 4580 3324 4611 ι
3357 4560 3410 4612 Si
3447 4561 3562 4613 ﬁeri

2003 4657 2202 4718 potest,
2233 4667 2252 4700 ι
2291 4651 2528 4705 rescribo
2568 4652 2661 4706 tibi
2702 4668 2716 4704 :
2752 4643 2880 4720 quia'
2911 4662 2993 4706 cst
3029 4652 3118 4707 ubi
3143 4651 3257 4704 ﬁeri
3291 4665 3396 4704 non
3438 4666 3565 4718 pos-

1999 4741 2092 4805 sit,
2130 4753 2344 4810 nempe,
2367 4741 2583 4810 quando
2599 4742 2814 4812 pietatis
2837 4741 3108 4811 negotium
3133 4741 3333 4812 agitur,
3350 4741 3564 4808 quando

1423 5030 1661 5088 VARI/‘E
1693 5030 2076 5088 LECTIONES
2106 5031 2193 5086 ET
2225 5030 2454 5087 NOTAE.

409 5195 621 5265 (89-90)
655 5194 759 5250 Pro
801 5195 942 5248 κατὰ
986 5192 1178 5265 σαυτὸν
1229 5193 1354 5265 cod,
1383 5188 1503 5242 Vat.
1545 5187 1892 5265 _scribit_xa0:

335 5257 543 5319 ἑαυτόν.
576 5257 728 5318 Vers.
761 5281 858 5335 pro
889 5265 980 5317 καὶ
1025 5263 1101 5334 μὴ
1129 5279 1275 5332 νομ.,
1305 5261 1445 5314 idem
1481 5258 1650 5314 solum
1675 5257 1834 5312 habet
1865 5257 1900 5327 ἢ

335 5336 994 5474 νοῗθιῗοίῗῗῖ’φαινοίμην
1051 5399 1125 5470 μὴ
1169 5400 1306 5453 idem
1358 5396 1509 5467 ponit
1572 5395 1647 5466 μὴ
1696 5394 1896 5462 φαινοί-

338 5473 464 5544 μην.
495 5473 572 5544 In,

405 5531 517 5612 '(92)
554 5543 693 5612 inter
731 5541 861 5612 ἴσως
897 5547 951 5594 et
977 5536 1124 5597 τινὲς
1159 5534 1559 5612 idcm_in_iindit,
1597 5533 1682 5587 ἄν.
1717 5531 1790 5584 In.

406 5601 516 5682 (951
559 5611 700 5663 Idem
728 5601 908 5682 αὐτὴνΔ
957 5615 1127 5682 mutat
1161 5606 1212 5656 in
1267 5604 1420 5682 αύτῆ.
1463 5604 1609 5659 Vers.
1661 5613 1780 5671 post
1844 5601 1895 5660 5,

340 5671 656 5752 παραίνεσιν
692 5671 864 5732 mutat
897 5677 949 5731 in
980 5673 1274 5742 ἀπόφασιν.
1307 5671 1374 5724 In.

2079 5188 2189 5257 (94)
2227 5188 2303 5242 Τὰ
2323 5185 2470 5255 ἑξῆς
2497 5185 2814 5257 ἀναγνοὺς,
2837 5185 3064 5256 γνοίης.
3092 5184 3308 5251 Notum,
3338 5202 3400 5242 ex
3437 5203 3566 5242 con-

2011 5266 2154 5311 textu
2182 5269 2236 5311 et
2265 5259 2407 5312 serie
2444 5256 2699 5310 orationis
2727 5258 2840 5308 sive
2867 5257 3200 5310 connexione
3225 5260 3560 5323 sequentium

2005 5341 2126 5379 cum
2183 5325 2621 5381 antecedentibus
2687 5326 3144 5391 interpretandum
3211 5339 3329 5378 esse
3391 5326 3560 5378 locum

2004 5395 2221 5449 dubium
2272 5405 2327 5450 et
2363 5407 2766 5449 controversum
2813 5392 2968 5448 Conf.
3016 5408 3102 5461 ep.
3135 5393 3203 5446 59
3236 5395 3392 5462 hujus
3420 5395 3562 5447 libri.

2232 5535 2377 5587 inter
2412 5534 2566 5602 λόγος
2599 5543 2652 5588 ct
2683 5533 2808 5586 ὅταν
2857 5531 2976 5586 cod.
3019 5528 3185 5584 Vatic.
3227 5529 3332 5585 650
3381 5529 3566 5585 inserit

2001 5619 2056 5654 η.
2105 5606 2286 5654 ‘ossta.

2001 5606 2056 5673 ῄ.
2083 5606 2286 5656 l‘ossta.
