  <div class='ocr_page' id='page_1' title='image "/cluster/home/n/w/nwhite01/storage/ocr_20150623/78/mdp.39015010334699/665.png"; bbox 0 0 4020 6140; ppageno 0'>
   <div class='ocr_carea' id='block_1_1' title="bbox 516 247 653 315">
    <p class='ocr_par' dir='ltr' id='par_1_1' title="bbox 516 247 653 315">
     <span class='ocr_line' id='line_1_1' title="bbox 516 247 653 315; baseline 0.036 -5"><span class='ocrx_word' id='word_1_1' title='bbox 516 247 653 315; x_wconf 87' lang='grc'><strong>1315</strong></span> 
     </span>
    </p>
   </div>
   <div class='ocr_carea' id='block_1_2' title="bbox 1742 253 2597 317">
    <p class='ocr_par' dir='ltr' id='par_1_2' title="bbox 1742 253 2597 317">
     <span class='ocr_line' id='line_1_2' title="bbox 1742 253 2597 317; baseline 0 -3"><span class='ocrx_word' id='word_1_2' title='bbox 1742 254 1803 314; x_wconf 93' lang='lat' dir='ltr'><strong>S.</strong></span> <span class='ocrx_word' id='word_1_3' title='bbox 1838 253 2128 316; x_wconf 85' lang='lat' dir='ltr'><strong>ISIDORI</strong></span> <span class='ocrx_word' id='word_1_4' title='bbox 2162 253 2597 317; x_wconf 64' lang='lat' dir='ltr'><strong>PELUSIOTAZ</strong></span> 
     </span>
    </p>
   </div>
   <div class='ocr_carea' id='block_1_3' title="bbox 3631 246 3761 316">
    <p class='ocr_par' dir='ltr' id='par_1_3' title="bbox 3631 246 3761 316">
     <span class='ocr_line' id='line_1_3' title="bbox 3631 246 3761 316; baseline 0 0"><span class='ocrx_word' id='word_1_5' title='bbox 3631 246 3761 316; x_wconf 74' lang='lat' dir='ltr'><strong>i316</strong></span> 
     </span>
    </p>
   </div>
   <div class='ocr_carea' id='block_1_4' title="bbox 509 353 2085 432">
    <p class='ocr_par' dir='ltr' id='par_1_4' title="bbox 509 353 2085 428">
     <span class='ocr_line' id='line_1_4' title="bbox 509 353 2085 428; baseline -0.003 -13"><span class='ocrx_word' id='word_1_6' title='bbox 509 363 577 415; x_wconf 88' lang='lat' dir='ltr'><strong>de</strong></span> <span class='ocrx_word' id='word_1_7' title='bbox 607 357 819 428; x_wconf 75' lang='lat' dir='ltr'><strong>iustitia</strong></span> <span class='ocrx_word' id='word_1_8' title='bbox 868 355 1098 427; x_wconf 81' lang='lat' dir='ltr'><strong>alicujus</strong></span> <span class='ocrx_word' id='word_1_9' title='bbox 1126 355 1227 421; x_wconf 94' lang='lat' dir='ltr'><strong>rei,</strong></span> <span class='ocrx_word' id='word_1_10' title='bbox 1267 353 1482 426; x_wconf 83' lang='lat' dir='ltr'><strong>quando</strong></span> <span class='ocrx_word' id='word_1_11' title='bbox 1516 354 1583 411; x_wconf 90' lang='lat' dir='ltr'><strong>de</strong></span> <span class='ocrx_word' id='word_1_12' title='bbox 1629 358 2008 425; x_wconf 90' lang='lat' dir='ltr'><strong>temperantia,</strong></span> <span class='ocrx_word' id='word_1_13' title='bbox 2036 367 2085 411; x_wconf 91' lang='lat' dir='ltr'><strong>et</strong></span> 
     </span>
    </p>
   </div>
   <div class='ocr_carea' id='block_1_5' title="bbox 2186 353 3759 432">
    <p class='ocr_par' dir='ltr' id='par_1_5' title="bbox 2190 356 3759 432">
     <span class='ocr_line' id='line_1_5' title="bbox 2190 356 3759 432; baseline 0.001 -20"><span class='ocrx_word' id='word_1_14' title='bbox 2190 360 2319 412; x_wconf 79' lang='grc' dir='ltr'>ὅταν</span> <span class='ocrx_word' id='word_1_15' title='bbox 2340 360 2468 432; x_wconf 74' lang='grc' dir='ltr'>περὶ</span> <span class='ocrx_word' id='word_1_16' title='bbox 2505 356 2878 428; x_wconf 81' lang='grc' dir='ltr'><strong>σωφροσύνης,</strong></span> <span class='ocrx_word' id='word_1_17' title='bbox 2916 360 3049 412; x_wconf 84' lang='grc' dir='ltr'>ὅταν</span> <span class='ocrx_word' id='word_1_18' title='bbox 3072 358 3200 430; x_wconf 72' lang='grc' dir='ltr'>περὶ</span> <span class='ocrx_word' id='word_1_19' title='bbox 3228 359 3418 413; x_wconf 83' lang='grc' dir='ltr'>πασῶν</span> <span class='ocrx_word' id='word_1_20' title='bbox 3442 358 3628 422; x_wconf 80' lang='grc' dir='ltr'>ἁπλῶς</span> <span class='ocrx_word' id='word_1_21' title='bbox 3656 362 3759 413; x_wconf 81' lang='grc' dir='ltr'><strong>τῶν</strong></span> 
     </span>
    </p>
   </div>
   <div class='ocr_carea' id='block_1_6' title="bbox 510 445 2088 517">
    <p class='ocr_par' dir='ltr' id='par_1_6' title="bbox 510 445 2088 517">
     <span class='ocr_line' id='line_1_6' title="bbox 510 445 2088 517; baseline -0.001 -14"><span class='ocrx_word' id='word_1_22' title='bbox 510 449 750 505; x_wconf 76' lang='lat' dir='ltr'><strong>breviter</strong></span> <span class='ocrx_word' id='word_1_23' title='bbox 779 448 993 517; x_wconf 89' lang='lat' dir='ltr'><strong>quoties</strong></span> <span class='ocrx_word' id='word_1_24' title='bbox 1027 448 1093 501; x_wconf 89' lang='lat' dir='ltr'><strong>de</strong></span> <span class='ocrx_word' id='word_1_25' title='bbox 1143 448 1397 500; x_wconf 90' lang='lat' dir='ltr'><strong>omnibus</strong></span> <span class='ocrx_word' id='word_1_26' title='bbox 1446 446 1757 501; x_wconf 84' lang='lat' dir='ltr'><strong>virtutibus.</strong></span> <span class='ocrx_word' id='word_1_27' title='bbox 1790 445 1925 500; x_wconf 89' lang='lat' dir='ltr'><strong>Nam</strong></span> <span class='ocrx_word' id='word_1_28' title='bbox 1979 462 2088 516; x_wconf 91' lang='lat' dir='ltr'><strong>quo</strong></span> 
     </span>
    </p>
   </div>
   <div class='ocr_carea' id='block_1_7' title="bbox 510 536 2088 608">
    <p class='ocr_par' dir='ltr' id='par_1_7' title="bbox 510 536 2088 608">
     <span class='ocr_line' id='line_1_7' title="bbox 510 536 2088 608; baseline -0.001 -18"><span class='ocrx_word' id='word_1_29' title='bbox 510 546 673 607; x_wconf 84' lang='lat' dir='ltr'><strong>pacto</strong></span> <span class='ocrx_word' id='word_1_30' title='bbox 702 539 822 608; x_wconf 91' lang='lat' dir='ltr'><strong>pius</strong></span> <span class='ocrx_word' id='word_1_31' title='bbox 849 552 968 592; x_wconf 89' lang='lat' dir='ltr'><strong>cum</strong></span> <span class='ocrx_word' id='word_1_32' title='bbox 1000 537 1165 606; x_wconf 89' lang='lat' dir='ltr'><strong>impio</strong></span> <span class='ocrx_word' id='word_1_33' title='bbox 1205 551 1392 605; x_wconf 90' lang='lat' dir='ltr'><strong>pacem</strong></span> <span class='ocrx_word' id='word_1_34' title='bbox 1433 536 1610 591; x_wconf 87' lang='lat' dir='ltr'><strong>colet?</strong></span> <span class='ocrx_word' id='word_1_35' title='bbox 1644 536 1821 603; x_wconf 81' lang='lat' dir='ltr'><strong>justus</strong></span> <span class='ocrx_word' id='word_1_36' title='bbox 1850 553 1971 591; x_wconf 91' lang='lat' dir='ltr'><strong>cum</strong></span> <span class='ocrx_word' id='word_1_37' title='bbox 2006 538 2088 590; x_wconf 90' lang='lat' dir='ltr'><strong>in-</strong></span> 
     </span>
    </p>
   </div>
   <div class='ocr_carea' id='block_1_8' title="bbox 511 626 2090 698">
    <p class='ocr_par' dir='ltr' id='par_1_8' title="bbox 511 626 2090 698">
     <span class='ocr_line' id='line_1_8' title="bbox 511 626 2090 698; baseline 0.002 -21"><span class='ocrx_word' id='word_1_38' title='bbox 511 630 690 692; x_wconf 86' lang='lat' dir='ltr'><strong>iusto;</strong></span> <span class='ocrx_word' id='word_1_39' title='bbox 720 638 812 682; x_wconf 91' lang='lat' dir='ltr'><strong>aut</strong></span> <span class='ocrx_word' id='word_1_40' title='bbox 847 635 1157 698; x_wconf 84' lang='lat' dir='ltr'><strong>temperans</strong></span> <span class='ocrx_word' id='word_1_41' title='bbox 1201 644 1320 683; x_wconf 91' lang='lat' dir='ltr'><strong>cum</strong></span> <span class='ocrx_word' id='word_1_42' title='bbox 1364 626 1693 682; x_wconf 87' lang='lat' dir='ltr'><strong>libidinoso?</strong></span> <span class='ocrx_word' id='word_1_43' title='bbox 1720 628 1809 697; x_wconf 89' lang='lat' dir='ltr'><strong>qui</strong></span> <span class='ocrx_word' id='word_1_44' title='bbox 1853 644 2090 697; x_wconf 80' lang='lat' dir='ltr'><strong>sa-penu-</strong></span> 
     </span>
    </p>
   </div>
   <div class='ocr_carea' id='block_1_9' title="bbox 512 721 2091 790">
    <p class='ocr_par' dir='ltr' id='par_1_9' title="bbox 512 721 2091 790">
     <span class='ocr_line' id='line_1_9' title="bbox 512 721 2091 790; baseline -0.001 -14"><span class='ocrx_word' id='word_1_45' title='bbox 512 736 663 777; x_wconf 91' lang='lat' dir='ltr'><strong>mero</strong></span> <span class='ocrx_word' id='word_1_46' title='bbox 694 738 799 776; x_wconf 90' lang='lat' dir='ltr'><strong>non</strong></span> <span class='ocrx_word' id='word_1_47' title='bbox 826 721 1001 777; x_wconf 90' lang='lat' dir='ltr'><strong>solum</strong></span> <span class='ocrx_word' id='word_1_48' title='bbox 1025 722 1278 788; x_wconf 87' lang='lat' dir='ltr'><strong>aliorum,</strong></span> <span class='ocrx_word' id='word_1_49' title='bbox 1304 723 1397 777; x_wconf 90' lang='lat' dir='ltr'><strong>sed</strong></span> <span class='ocrx_word' id='word_1_50' title='bbox 1424 723 1586 777; x_wconf 90' lang='lat' dir='ltr'><strong>etiam</strong></span> <span class='ocrx_word' id='word_1_51' title='bbox 1614 737 1766 775; x_wconf 86' lang='lat' dir='ltr'><strong>suam</strong></span> <span class='ocrx_word' id='word_1_52' title='bbox 1798 721 1964 790; x_wconf 89' lang='lat' dir='ltr'><strong>ipsius</strong></span> <span class='ocrx_word' id='word_1_53' title='bbox 1983 721 2091 775; x_wconf 90' lang='lat' dir='ltr'><strong>for-</strong></span> 
     </span>
    </p>
   </div>
   <div class='ocr_carea' id='block_1_10' title="bbox 512 811 2086 881">
    <p class='ocr_par' dir='ltr' id='par_1_10' title="bbox 512 811 2086 881">
     <span class='ocr_line' id='line_1_10' title="bbox 512 811 2086 881; baseline -0.002 -15"><span class='ocrx_word' id='word_1_54' title='bbox 512 827 656 866; x_wconf 88' lang='lat' dir='ltr'><strong>mam</strong></span> <span class='ocrx_word' id='word_1_55' title='bbox 682 826 1031 881; x_wconf 84' lang='lat' dir='ltr'><strong>corrumpere</strong></span> <span class='ocrx_word' id='word_1_56' title='bbox 1062 814 1210 866; x_wconf 88' lang='lat' dir='ltr'><strong>velit.</strong></span> <span class='ocrx_word' id='word_1_57' title='bbox 1240 812 1391 879; x_wconf 85' lang='lat' dir='ltr'><strong>Quod</strong></span> <span class='ocrx_word' id='word_1_58' title='bbox 1428 815 1471 867; x_wconf 87' lang='lat' dir='ltr'><strong>si</strong></span> <span class='ocrx_word' id='word_1_59' title='bbox 1492 814 1574 866; x_wconf 79' lang='lat' dir='ltr'><strong>lue</strong></span> <span class='ocrx_word' id='word_1_60' title='bbox 1600 811 1697 865; x_wconf 86' lang='lat' dir='ltr'><strong>tibi</strong></span> <span class='ocrx_word' id='word_1_61' title='bbox 1731 826 1862 865; x_wconf 83' lang='lat' dir='ltr'><strong>meae</strong></span> <span class='ocrx_word' id='word_1_62' title='bbox 1884 820 2086 864; x_wconf 86' lang='lat' dir='ltr'><strong>tantum</strong></span> 
     </span>
    </p>
   </div>
   <div class='ocr_carea' id='block_1_11' title="bbox 513 901 2087 973">
    <p class='ocr_par' dir='ltr' id='par_1_11' title="bbox 513 901 2087 973">
     <span class='ocr_line' id='line_1_11' title="bbox 513 901 2087 973; baseline -0.003 -14"><span class='ocrx_word' id='word_1_63' title='bbox 513 906 965 959; x_wconf 85' lang='lat' dir='ltr'><strong>ratiocinationes</strong></span> <span class='ocrx_word' id='word_1_64' title='bbox 1006 920 1125 959; x_wconf 89' lang='lat' dir='ltr'><strong>esse</strong></span> <span class='ocrx_word' id='word_1_65' title='bbox 1166 906 1438 968; x_wconf 88' lang='lat' dir='ltr'><strong>videntur,</strong></span> <span class='ocrx_word' id='word_1_66' title='bbox 1474 906 1647 973; x_wconf 89' lang='lat' dir='ltr'><strong>ipsum</strong></span> <span class='ocrx_word' id='word_1_67' title='bbox 1684 902 1814 956; x_wconf 90' lang='lat' dir='ltr'><strong>mihi</strong></span> <span class='ocrx_word' id='word_1_68' title='bbox 1863 901 2087 955; x_wconf 89' lang='lat' dir='ltr'><strong>Paulum</strong></span> 
     </span>
    </p>
   </div>
   <div class='ocr_carea' id='block_1_12' title="bbox 512 993 2087 1065">
    <p class='ocr_par' dir='ltr' id='par_1_12' title="bbox 512 993 2087 1065">
     <span class='ocr_line' id='line_1_12' title="bbox 512 993 2087 1065; baseline -0.002 -16"><span class='ocrx_word' id='word_1_69' title='bbox 512 997 657 1062; x_wconf 91' lang='lat' dir='ltr'><strong>vide,</strong></span> <span class='ocrx_word' id='word_1_70' title='bbox 677 1012 743 1050; x_wconf 89' lang='lat' dir='ltr'><strong>an</strong></span> <span class='ocrx_word' id='word_1_71' title='bbox 769 1012 890 1051; x_wconf 90' lang='lat' dir='ltr'><strong>cum</strong></span> <span class='ocrx_word' id='word_1_72' title='bbox 917 998 1166 1051; x_wconf 91' lang='lat' dir='ltr'><strong>omnibus</strong></span> <span class='ocrx_word' id='word_1_73' title='bbox 1188 1012 1371 1065; x_wconf 85' lang='lat' dir='ltr'><strong>pacem</strong></span> <span class='ocrx_word' id='word_1_74' title='bbox 1406 997 1651 1050; x_wconf 86' lang='lat' dir='ltr'><strong>coluerit.</strong></span> <span class='ocrx_word' id='word_1_75' title='bbox 1691 994 1746 1048; x_wconf 90' lang='lat' dir='ltr'><strong>Si</strong></span> <span class='ocrx_word' id='word_1_76' title='bbox 1774 1009 1900 1048; x_wconf 88' lang='lat' dir='ltr'><strong>vero</strong></span> <span class='ocrx_word' id='word_1_77' title='bbox 1925 993 2087 1048; x_wconf 86' lang='lat' dir='ltr'><strong>etiam</strong></span> 
     </span>
    </p>
   </div>
   <div class='ocr_carea' id='block_1_13' title="bbox 514 1086 2087 1156">
    <p class='ocr_par' dir='ltr' id='par_1_13' title="bbox 514 1086 2087 1156">
     <span class='ocr_line' id='line_1_13' title="bbox 514 1086 2087 1156; baseline -0.004 -12"><span class='ocrx_word' id='word_1_78' title='bbox 514 1090 677 1144; x_wconf 86' lang='lat' dir='ltr'><strong>altius</strong></span> <span class='ocrx_word' id='word_1_79' title='bbox 716 1088 963 1144; x_wconf 89' lang='lat' dir='ltr'><strong>oratione</strong></span> <span class='ocrx_word' id='word_1_80' title='bbox 1002 1102 1289 1156; x_wconf 80' lang='lat' dir='ltr'><strong>assurgere</strong></span> <span class='ocrx_word' id='word_1_81' title='bbox 1321 1087 1517 1155; x_wconf 85' lang='lat' dir='ltr'><strong>placet,</strong></span> <span class='ocrx_word' id='word_1_82' title='bbox 1559 1087 1679 1140; x_wconf 88' lang='lat' dir='ltr'><strong>vide</strong></span> <span class='ocrx_word' id='word_1_83' title='bbox 1707 1086 1983 1140; x_wconf 88' lang='lat' dir='ltr'><strong>Christum</strong></span> <span class='ocrx_word' id='word_1_84' title='bbox 2019 1099 2087 1137; x_wconf 92' lang='lat' dir='ltr'><strong>an</strong></span> 
     </span>
    </p>
   </div>
   <div class='ocr_carea' id='block_1_14' title="bbox 516 1178 2086 1237">
    <p class='ocr_par' dir='ltr' id='par_1_14' title="bbox 516 1178 2086 1237">
     <span class='ocr_line' id='line_1_14' title="bbox 516 1178 2086 1237; baseline -0.004 0"><span class='ocrx_word' id='word_1_85' title='bbox 516 1198 637 1237; x_wconf 83' lang='lat' dir='ltr'><strong>cum</strong></span> <span class='ocrx_word' id='word_1_86' title='bbox 669 1181 918 1236; x_wconf 89' lang='lat' dir='ltr'><strong>omnibus</strong></span> <span class='ocrx_word' id='word_1_87' title='bbox 965 1182 1271 1235; x_wconf 68' lang='lat' dir='ltr'><strong>concordiae</strong></span> <span class='ocrx_word' id='word_1_88' title='bbox 1314 1181 1490 1235; x_wconf 75' lang='lat' dir='ltr'><strong>fmdus</strong></span> <span class='ocrx_word' id='word_1_89' title='bbox 1537 1181 1750 1235; x_wconf 88' lang='lat' dir='ltr'><strong>fecerit.</strong></span> <span class='ocrx_word' id='word_1_90' title='bbox 1786 1178 1844 1233; x_wconf 92' lang='lat' dir='ltr'><strong>ln</strong></span> <span class='ocrx_word' id='word_1_91' title='bbox 1880 1188 2086 1233; x_wconf 87' lang='lat' dir='ltr'><strong>tantum</strong></span> 
     </span>
    </p>
   </div>
   <div class='ocr_carea' id='block_1_15' title="bbox 518 1270 2091 1344">
    <p class='ocr_par' dir='ltr' id='par_1_15' title="bbox 518 1270 2091 1344">
     <span class='ocr_line' id='line_1_15' title="bbox 518 1270 2091 1344; baseline -0.004 -18"><span class='ocrx_word' id='word_1_92' title='bbox 518 1274 684 1344; x_wconf 83' lang='lat' dir='ltr'><strong>igitur</strong></span> <span class='ocrx_word' id='word_1_93' title='bbox 719 1271 956 1325; x_wconf 82' lang='lat' dir='ltr'><strong>furorem</strong></span> <span class='ocrx_word' id='word_1_94' title='bbox 1012 1272 1115 1325; x_wconf 88' lang='lat' dir='ltr'><strong>acti</strong></span> <span class='ocrx_word' id='word_1_95' title='bbox 1156 1281 1282 1325; x_wconf 92' lang='lat' dir='ltr'><strong>sunt</strong></span> <span class='ocrx_word' id='word_1_96' title='bbox 1321 1270 1628 1325; x_wconf 72' lang='lat' dir='ltr'><strong>Judtrorum</strong></span> <span class='ocrx_word' id='word_1_97' title='bbox 1680 1271 1976 1341; x_wconf 80' lang='lat' dir='ltr'><strong>principes,</strong></span> <span class='ocrx_word' id='word_1_98' title='bbox 2031 1276 2091 1321; x_wconf 90' lang='lat' dir='ltr'><strong>ut</strong></span> 
     </span>
    </p>
   </div>
   <div class='ocr_carea' id='block_1_16' title="bbox 518 1358 2088 1430">
    <p class='ocr_par' dir='ltr' id='par_1_16' title="bbox 518 1358 2088 1430">
     <span class='ocr_line' id='line_1_16' title="bbox 518 1358 2088 1430; baseline -0.002 -19"><span class='ocrx_word' id='word_1_99' title='bbox 518 1363 667 1416; x_wconf 73' lang='lat' dir='ltr'><strong>i-ruci</strong></span> <span class='ocrx_word' id='word_1_100' title='bbox 708 1376 921 1429; x_wconf 85' lang='lat' dir='ltr'><strong>quoque</strong></span> <span class='ocrx_word' id='word_1_101' title='bbox 948 1362 1118 1428; x_wconf 87' lang='lat' dir='ltr'><strong>ipsum</strong></span> <span class='ocrx_word' id='word_1_102' title='bbox 1148 1361 1440 1415; x_wconf 84' lang='lat' dir='ltr'><strong>affixerint.</strong></span> <span class='ocrx_word' id='word_1_103' title='bbox 1465 1360 1601 1426; x_wconf 88' lang='lat' dir='ltr'><strong>Quid</strong></span> <span class='ocrx_word' id='word_1_104' title='bbox 1628 1370 1711 1415; x_wconf 88' lang='lat' dir='ltr'><strong>est</strong></span> <span class='ocrx_word' id='word_1_105' title='bbox 1756 1361 1919 1430; x_wconf 81' lang='lat' dir='ltr'><strong>igitur</strong></span> <span class='ocrx_word' id='word_1_106' title='bbox 1947 1358 2088 1426; x_wconf 81' lang='lat' dir='ltr'><strong>quod</strong></span> 
     </span>
    </p>
   </div>
   <div class='ocr_carea' id='block_1_17' title="bbox 518 1450 2087 1520">
    <p class='ocr_par' dir='ltr' id='par_1_17' title="bbox 518 1450 2087 1520">
     <span class='ocr_line' id='line_1_17' title="bbox 518 1450 2087 1520; baseline -0.001 -18"><span class='ocrx_word' id='word_1_107' title='bbox 518 1454 595 1506; x_wconf 78' lang='lat' dir='ltr'><strong>ait</strong></span> <span class='ocrx_word' id='word_1_108' title='bbox 624 1470 637 1506; x_wconf 80' lang='grc' dir='ltr'><strong>ι</strong></span> <span class='ocrx_word' id='word_1_109' title='bbox 675 1471 694 1503; x_wconf 75' lang='grc' dir='ltr'><strong>ι</strong></span> <span class='ocrx_word' id='word_1_110' title='bbox 733 1453 788 1505; x_wconf 86' lang='lat' dir='ltr'><strong>Si</strong></span> <span class='ocrx_word' id='word_1_111' title='bbox 816 1453 928 1505; x_wconf 81' lang='lat' dir='ltr'><strong>fieri</strong></span> <span class='ocrx_word' id='word_1_112' title='bbox 956 1450 1166 1520; x_wconf 81' lang='lat' dir='ltr'><strong>potest?</strong></span> <span class='ocrx_word' id='word_1_113' title='bbox 1191 1470 1209 1502; x_wconf 72' lang='grc' dir='ltr'><strong>ι</strong></span> <span class='ocrx_word' id='word_1_114' title='bbox 1243 1450 1353 1504; x_wconf 92' lang='lat' dir='ltr'><strong>lloc</strong></span> <span class='ocrx_word' id='word_1_115' title='bbox 1378 1452 1689 1506; x_wconf 89' lang='lat' dir='ltr'><strong>vultdicere</strong></span> <span class='ocrx_word' id='word_1_116' title='bbox 1719 1469 1736 1506; x_wconf 87' lang='lat'><strong>:</strong></span> <span class='ocrx_word' id='word_1_117' title='bbox 1762 1450 1840 1503; x_wconf 87' lang='lat' dir='ltr'><strong>Tu</strong></span> <span class='ocrx_word' id='word_1_118' title='bbox 1871 1451 2087 1518; x_wconf 78' lang='lat' dir='ltr'><strong>quidem</strong></span> 
     </span>
    </p>
   </div>
   <div class='ocr_carea' id='block_1_18' title="bbox 518 1540 2087 1608">
    <p class='ocr_par' dir='ltr' id='par_1_18' title="bbox 518 1540 2087 1608">
     <span class='ocr_line' id='line_1_18' title="bbox 518 1540 2087 1608; baseline -0.003 -14"><span class='ocrx_word' id='word_1_119' title='bbox 518 1541 720 1595; x_wconf 85' lang='lat' dir='ltr'><strong>nemini</strong></span> <span class='ocrx_word' id='word_1_120' title='bbox 757 1540 1052 1608; x_wconf 63' lang='lat' dir='ltr'><strong>prmbueris</strong></span> <span class='ocrx_word' id='word_1_121' title='bbox 1091 1554 1277 1593; x_wconf 85' lang='lat' dir='ltr'><strong>ansam</strong></span> <span class='ocrx_word' id='word_1_122' title='bbox 1310 1540 1641 1604; x_wconf 69' lang='lat' dir='ltr'><strong>inimicitias;</strong></span> <span class='ocrx_word' id='word_1_123' title='bbox 1679 1554 1808 1593; x_wconf 87' lang='lat' dir='ltr'><strong>cave</strong></span> <span class='ocrx_word' id='word_1_124' title='bbox 1849 1552 2087 1607; x_wconf 89' lang='lat' dir='ltr'><strong>quoque,</strong></span> 
     </span>
    </p>
   </div>
   <div class='ocr_carea' id='block_1_19' title="bbox 516 1629 2085 1700">
    <p class='ocr_par' dir='ltr' id='par_1_19' title="bbox 516 1629 2085 1700">
     <span class='ocr_line' id='line_1_19' title="bbox 516 1629 2085 1700; baseline -0.003 -15"><span class='ocrx_word' id='word_1_125' title='bbox 516 1646 589 1686; x_wconf 85' lang='lat' dir='ltr'><strong>ne</strong></span> <span class='ocrx_word' id='word_1_126' title='bbox 614 1647 772 1700; x_wconf 87' lang='lat' dir='ltr'><strong>quem</strong></span> <span class='ocrx_word' id='word_1_127' title='bbox 794 1630 918 1699; x_wconf 80' lang='lat' dir='ltr'><strong>jure</strong></span> <span class='ocrx_word' id='word_1_128' title='bbox 946 1639 1000 1685; x_wconf 90' lang='lat' dir='ltr'><strong>et</strong></span> <span class='ocrx_word' id='word_1_129' title='bbox 1022 1629 1370 1699; x_wconf 82' lang='lat' dir='ltr'><strong>probabiliter</strong></span> <span class='ocrx_word' id='word_1_130' title='bbox 1408 1630 1609 1685; x_wconf 84' lang='lat' dir='ltr'><strong>habeas</strong></span> <span class='ocrx_word' id='word_1_131' title='bbox 1636 1629 1917 1684; x_wconf 86' lang='lat' dir='ltr'><strong>inimicum</strong></span> <span class='ocrx_word' id='word_1_132' title='bbox 1956 1646 1971 1682; x_wconf 87' lang='lat'><strong>:</strong></span> <span class='ocrx_word' id='word_1_133' title='bbox 2003 1629 2085 1683; x_wconf 92' lang='lat' dir='ltr'><strong>sin</strong></span> 
     </span>
    </p>
   </div>
   <div class='ocr_carea' id='block_1_20' title="bbox 2188 449 3757 522">
    <p class='ocr_par' dir='ltr' id='par_1_20' title="bbox 2188 449 3757 522">
     <span class='ocr_line' id='line_1_20' title="bbox 2188 449 3757 522; baseline -0.001 -19"><span class='ocrx_word' id='word_1_134' title='bbox 2188 451 2418 521; x_wconf 83' lang='grc' dir='ltr'>ἀρετῶν.</span> <span class='ocrx_word' id='word_1_135' title='bbox 2456 451 2518 503; x_wconf 84' lang='lat'><strong>&#39;0</strong></span> <span class='ocrx_word' id='word_1_136' title='bbox 2553 452 2651 520; x_wconf 82' lang='grc' dir='ltr'>μὲν</span> <span class='ocrx_word' id='word_1_137' title='bbox 2677 450 2785 520; x_wconf 74' lang='grc' dir='ltr'>γὰρ</span> <span class='ocrx_word' id='word_1_138' title='bbox 2830 449 3061 522; x_wconf 83' lang='grc' dir='ltr'>εὐσεϐὴς</span> <span class='ocrx_word' id='word_1_139' title='bbox 3093 451 3172 522; x_wconf 85' lang='grc' dir='ltr'>τῷ</span> <span class='ocrx_word' id='word_1_140' title='bbox 3218 451 3408 505; x_wconf 88' lang='grc' dir='ltr'>ἀσεϐεῖ</span> <span class='ocrx_word' id='word_1_141' title='bbox 3439 451 3559 515; x_wconf 86' lang='grc' dir='ltr'><strong>πῶς</strong></span> <span class='ocrx_word' id='word_1_142' title='bbox 3612 452 3757 522; x_wconf 77' lang='grc' dir='ltr'>εἰρη-</span> 
     </span>
    </p>
   </div>
   <div class='ocr_carea' id='block_1_21' title="bbox 2190 537 3756 610">
    <p class='ocr_par' dir='ltr' id='par_1_21' title="bbox 2190 537 3756 610">
     <span class='ocr_line' id='line_1_21' title="bbox 2190 537 3756 610; baseline -0.001 -18"><span class='ocrx_word' id='word_1_143' title='bbox 2190 541 2403 603; x_wconf 76' lang='grc' dir='ltr'>νεύσεις</span> <span class='ocrx_word' id='word_1_144' title='bbox 2447 541 2474 591; x_wconf 85' lang='grc' dir='ltr'>ὁ</span> <span class='ocrx_word' id='word_1_145' title='bbox 2523 539 2726 601; x_wconf 87' lang='grc' dir='ltr'>δίκαιος</span> <span class='ocrx_word' id='word_1_146' title='bbox 2778 537 2856 608; x_wconf 84' lang='grc' dir='ltr'>τῷ</span> <span class='ocrx_word' id='word_1_147' title='bbox 2904 539 3097 610; x_wconf 84' lang='grc' dir='ltr'>ἀδίκῳ,</span> <span class='ocrx_word' id='word_1_148' title='bbox 3154 540 3186 609; x_wconf 84' lang='grc' dir='ltr'>ἢ</span> <span class='ocrx_word' id='word_1_149' title='bbox 3238 540 3351 610; x_wconf 83' lang='lat'><strong>(96)</strong></span> <span class='ocrx_word' id='word_1_150' title='bbox 3402 537 3639 609; x_wconf 78' lang='grc' dir='ltr'><strong>σώφρων</strong></span> <span class='ocrx_word' id='word_1_151' title='bbox 3678 540 3756 609; x_wconf 82' lang='grc' dir='ltr'>τῷ</span> 
     </span>
    </p>
   </div>
   <div class='ocr_carea' id='block_1_22' title="bbox 2189 628 3753 699">
    <p class='ocr_par' dir='ltr' id='par_1_22' title="bbox 2189 628 3753 699">
     <span class='ocr_line' id='line_1_22' title="bbox 2189 628 3753 699; baseline 0 -18"><span class='ocrx_word' id='word_1_152' title='bbox 2189 630 2404 698; x_wconf 82' lang='grc' dir='ltr'>λάγνῳ;</span> <span class='ocrx_word' id='word_1_153' title='bbox 2436 628 2512 698; x_wconf 82' lang='grc' dir='ltr'>τῷ</span> <span class='ocrx_word' id='word_1_154' title='bbox 2550 628 2807 691; x_wconf 79' lang='grc' dir='ltr'><strong>πολλάκις</strong></span> <span class='ocrx_word' id='word_1_155' title='bbox 2832 630 2892 681; x_wconf 90' lang='grc' dir='ltr'><strong>οὐ</strong></span> <span class='ocrx_word' id='word_1_156' title='bbox 2924 629 3082 699; x_wconf 84' lang='grc' dir='ltr'>μόνον</span> <span class='ocrx_word' id='word_1_157' title='bbox 3112 630 3210 698; x_wconf 80' lang='grc' dir='ltr'><strong>τὴν</strong></span> <span class='ocrx_word' id='word_1_158' title='bbox 3242 630 3350 682; x_wconf 88' lang='grc' dir='ltr'><strong>τῶν</strong></span> <span class='ocrx_word' id='word_1_159' title='bbox 3376 628 3574 693; x_wconf 84' lang='grc' dir='ltr'>ἄλλων,</span> <span class='ocrx_word' id='word_1_160' title='bbox 3617 629 3753 681; x_wconf 71' lang='grc' dir='ltr'>ἀλλὰ</span> 
     </span>
    </p>
   </div>
   <div class='ocr_carea' id='block_1_23' title="bbox 2191 718 3763 790">
    <p class='ocr_par' dir='ltr' id='par_1_23' title="bbox 2191 718 3763 790">
     <span class='ocr_line' id='line_1_23' title="bbox 2191 718 3763 790; baseline 0.001 -18"><span class='ocrx_word' id='word_1_161' title='bbox 2191 721 2285 773; x_wconf 79' lang='grc' dir='ltr'><strong>καὶ</strong></span> <span class='ocrx_word' id='word_1_162' title='bbox 2327 721 2427 790; x_wconf 83' lang='grc' dir='ltr'>τὴν</span> <span class='ocrx_word' id='word_1_163' title='bbox 2477 718 2669 774; x_wconf 79' lang='grc' dir='ltr'>ἑαυτοῦ</span> <span class='ocrx_word' id='word_1_164' title='bbox 2717 719 3023 790; x_wconf 76' lang='grc' dir='ltr'><strong>βουλομένῳ</strong></span> <span class='ocrx_word' id='word_1_165' title='bbox 3065 719 3378 790; x_wconf 83' lang='grc' dir='ltr'>διαφθεῖραι</span> <span class='ocrx_word' id='word_1_166' title='bbox 3413 720 3584 789; x_wconf 81' lang='grc' dir='ltr'>ὥραν.</span> <span class='ocrx_word' id='word_1_167' title='bbox 3617 722 3680 773; x_wconf 74' lang='lat' dir='ltr'><strong>EE</strong></span> <span class='ocrx_word' id='word_1_168' title='bbox 3707 722 3763 774; x_wconf 80' lang='grc' dir='ltr'>δὲ</span> 
     </span>
    </p>
   </div>
   <div class='ocr_carea' id='block_1_24' title="bbox 2188 805 3761 880">
    <p class='ocr_par' dir='ltr' id='par_1_24' title="bbox 2188 805 3761 880">
     <span class='ocr_line' id='line_1_24' title="bbox 2188 805 3761 880; baseline 0 -19"><span class='ocrx_word' id='word_1_169' title='bbox 2188 809 2481 880; x_wconf 81' lang='grc' dir='ltr'>λογισμοὺς</span> <span class='ocrx_word' id='word_1_170' title='bbox 2514 809 2614 862; x_wconf 77' lang='grc' dir='ltr'>οἴει</span> <span class='ocrx_word' id='word_1_171' title='bbox 2643 808 2865 872; x_wconf 81' lang='grc' dir='ltr'><strong>τούτους</strong></span> <span class='ocrx_word' id='word_1_172' title='bbox 2894 805 3056 873; x_wconf 78' lang='grc' dir='ltr'>εἶναι,</span> <span class='ocrx_word' id='word_1_173' title='bbox 3088 808 3187 862; x_wconf 88' lang='grc' dir='ltr'><strong>θέα</strong></span> <span class='ocrx_word' id='word_1_174' title='bbox 3216 810 3379 861; x_wconf 83' lang='grc' dir='ltr'>αὐτὸν</span> <span class='ocrx_word' id='word_1_175' title='bbox 3409 812 3499 863; x_wconf 83' lang='grc' dir='ltr'>τὸν</span> <span class='ocrx_word' id='word_1_176' title='bbox 3528 810 3761 871; x_wconf 79' lang='grc' dir='ltr'>Παῦλον,</span> 
     </span>
    </p>
   </div>
   <div class='ocr_carea' id='block_1_25' title="bbox 2189 898 3765 970">
    <p class='ocr_par' dir='ltr' id='par_1_25' title="bbox 2189 898 3765 970">
     <span class='ocr_line' id='line_1_25' title="bbox 2189 898 3765 970; baseline -0.001 -18"><span class='ocrx_word' id='word_1_177' title='bbox 2189 901 2239 952; x_wconf 85' lang='grc' dir='ltr'>εἰ</span> <span class='ocrx_word' id='word_1_178' title='bbox 2272 899 2411 970; x_wconf 85' lang='grc' dir='ltr'>μετὰ</span> <span class='ocrx_word' id='word_1_179' title='bbox 2435 900 2650 951; x_wconf 86' lang='grc' dir='ltr'>πάντων</span> <span class='ocrx_word' id='word_1_180' title='bbox 2676 898 3011 968; x_wconf 83' lang='grc' dir='ltr'>εἰρήνευσεν.</span> <span class='ocrx_word' id='word_1_181' title='bbox 3049 899 3111 951; x_wconf 78' lang='lat' dir='ltr'><strong>Ei</strong></span> <span class='ocrx_word' id='word_1_182' title='bbox 3160 899 3219 951; x_wconf 83' lang='grc' dir='ltr'>δὲ</span> <span class='ocrx_word' id='word_1_183' title='bbox 3263 900 3357 953; x_wconf 74' lang='grc' dir='ltr'>καὶ</span> <span class='ocrx_word' id='word_1_184' title='bbox 3388 901 3649 970; x_wconf 80' lang='grc' dir='ltr'><strong>ἀνωτέρω</strong></span> <span class='ocrx_word' id='word_1_185' title='bbox 3673 901 3765 952; x_wconf 85' lang='grc' dir='ltr'><strong>τὸν</strong></span> 
     </span>
    </p>
   </div>
   <div class='ocr_carea' id='block_1_26' title="bbox 2191 987 3765 1059">
    <p class='ocr_par' dir='ltr' id='par_1_26' title="bbox 2191 987 3765 1059">
     <span class='ocr_line' id='line_1_26' title="bbox 2191 987 3765 1059; baseline 0.001 -18"><span class='ocrx_word' id='word_1_186' title='bbox 2191 989 2349 1056; x_wconf 84' lang='grc' dir='ltr'>λόγον</span> <span class='ocrx_word' id='word_1_187' title='bbox 2395 988 2603 1058; x_wconf 83' lang='grc' dir='ltr'>βούλοιο</span> <span class='ocrx_word' id='word_1_188' title='bbox 2635 989 2890 1057; x_wconf 81' lang='grc' dir='ltr'><strong>ἀγαγεῖν,</strong></span> <span class='ocrx_word' id='word_1_189' title='bbox 2947 987 3045 1039; x_wconf 82' lang='grc' dir='ltr'><strong>θέα</strong></span> <span class='ocrx_word' id='word_1_190' title='bbox 3096 988 3186 1040; x_wconf 83' lang='grc' dir='ltr'><strong>τὸν</strong></span> <span class='ocrx_word' id='word_1_191' title='bbox 3233 989 3487 1059; x_wconf 83' lang='grc' dir='ltr'>Χριστὸν,</span> <span class='ocrx_word' id='word_1_192' title='bbox 3542 993 3590 1042; x_wconf 88' lang='grc' dir='ltr'>εἰ</span> <span class='ocrx_word' id='word_1_193' title='bbox 3628 990 3765 1058; x_wconf 79' lang='grc' dir='ltr'>μετὰ</span> 
     </span>
    </p>
   </div>
   <div class='ocr_carea' id='block_1_27' title="bbox 2191 1078 3764 1152">
    <p class='ocr_par' dir='ltr' id='par_1_27' title="bbox 2191 1078 3764 1152">
     <span class='ocr_line' id='line_1_27' title="bbox 2191 1078 3764 1152; baseline -0.001 -16"><span class='ocrx_word' id='word_1_194' title='bbox 2191 1082 2405 1136; x_wconf 83' lang='grc' dir='ltr'>πάντων</span> <span class='ocrx_word' id='word_1_195' title='bbox 2432 1083 2740 1135; x_wconf 76' lang='grc' dir='ltr'>ἐσπείσατο.</span> <span class='ocrx_word' id='word_1_196' title='bbox 2792 1080 2886 1152; x_wconf 74' lang='lat' dir='ltr'><strong>Ei;</strong></span> <span class='ocrx_word' id='word_1_197' title='bbox 2928 1079 3200 1151; x_wconf 80' lang='grc' dir='ltr'>τοσαύτην</span> <span class='ocrx_word' id='word_1_198' title='bbox 3239 1078 3332 1134; x_wconf 79' lang='grc' dir='ltr'>οὖν</span> <span class='ocrx_word' id='word_1_199' title='bbox 3369 1081 3764 1152; x_wconf 77' lang='grc' dir='ltr'>ἐξεϐακχεύθη-</span> 
     </span>
    </p>
   </div>
   <div class='ocr_carea' id='block_1_28' title="bbox 2192 1171 3760 1243">
    <p class='ocr_par' dir='ltr' id='par_1_28' title="bbox 2192 1171 3760 1243">
     <span class='ocr_line' id='line_1_28' title="bbox 2192 1171 3760 1243; baseline -0.001 -18"><span class='ocrx_word' id='word_1_200' title='bbox 2192 1191 2289 1225; x_wconf 89' lang='grc' dir='ltr'><strong>σαν</strong></span> <span class='ocrx_word' id='word_1_201' title='bbox 2309 1173 2357 1227; x_wconf 87' lang='grc' dir='ltr'><strong>οί</strong></span> <span class='ocrx_word' id='word_1_202' title='bbox 2375 1173 2479 1225; x_wconf 87' lang='grc' dir='ltr'><strong>τῶν</strong></span> <span class='ocrx_word' id='word_1_203' title='bbox 2520 1171 2790 1226; x_wconf 83' lang='grc' dir='ltr'><strong>Ἰουδαίων</strong></span> <span class='ocrx_word' id='word_1_204' title='bbox 2809 1171 3069 1242; x_wconf 62' lang='grc' dir='ltr'>ἄρχοντες</span> <span class='ocrx_word' id='word_1_205' title='bbox 3091 1172 3309 1242; x_wconf 86' lang='grc' dir='ltr'>μανίαν,</span> <span class='ocrx_word' id='word_1_206' title='bbox 3328 1172 3401 1235; x_wconf 84' lang='grc' dir='ltr'>ὡς</span> <span class='ocrx_word' id='word_1_207' title='bbox 3424 1176 3518 1224; x_wconf 75' lang='grc' dir='ltr'><strong>καὶ</strong></span> <span class='ocrx_word' id='word_1_208' title='bbox 3542 1174 3760 1243; x_wconf 69' lang='grc' dir='ltr'>σταυρῷ</span> 
     </span>
    </p>
   </div>
   <div class='ocr_carea' id='block_1_29' title="bbox 2190 1258 3756 1335">
    <p class='ocr_par' dir='ltr' id='par_1_29' title="bbox 2190 1258 3756 1335">
     <span class='ocr_line' id='line_1_29' title="bbox 2190 1258 3756 1335; baseline 0 -17"><span class='ocrx_word' id='word_1_209' title='bbox 2190 1264 2352 1318; x_wconf 82' lang='grc' dir='ltr'>αὐτὸν</span> <span class='ocrx_word' id='word_1_210' title='bbox 2388 1263 2782 1335; x_wconf 86' lang='grc' dir='ltr'>προσηλῶσαι,</span> <span class='ocrx_word' id='word_1_211' title='bbox 2818 1263 2883 1315; x_wconf 89' lang='grc' dir='ltr'>Τί</span> <span class='ocrx_word' id='word_1_212' title='bbox 2928 1258 3021 1316; x_wconf 83' lang='grc' dir='ltr'>οὖν</span> <span class='ocrx_word' id='word_1_213' title='bbox 3064 1264 3234 1329; x_wconf 77' lang='grc' dir='ltr'>ἐστιν,</span> <span class='ocrx_word' id='word_1_214' title='bbox 3274 1284 3292 1316; x_wconf 83' lang='grc' dir='ltr'><strong>ι</strong></span> <span class='ocrx_word' id='word_1_215' title='bbox 3333 1266 3394 1317; x_wconf 79' lang='grc' dir='ltr'><strong>Εἰ</strong></span> <span class='ocrx_word' id='word_1_216' title='bbox 3431 1265 3693 1329; x_wconf 76' lang='grc' dir='ltr'>δυνατόν;</span> <span class='ocrx_word' id='word_1_217' title='bbox 3738 1288 3756 1318; x_wconf 72' lang='grc' dir='ltr'><strong>ι</strong></span> 
     </span>
    </p>
   </div>
   <div class='ocr_carea' id='block_1_30' title="bbox 2189 1353 3761 1427">
    <p class='ocr_par' dir='ltr' id='par_1_30' title="bbox 2189 1353 3761 1427">
     <span class='ocr_line' id='line_1_30' title="bbox 2189 1353 3761 1427; baseline 0.003 -22"><span class='ocrx_word' id='word_1_218' title='bbox 2189 1356 2285 1419; x_wconf 84' lang='grc' dir='ltr'>Σὺ,</span> <span class='ocrx_word' id='word_1_219' title='bbox 2317 1356 2468 1422; x_wconf 72' lang='grc' dir='ltr'>φησι,</span> <span class='ocrx_word' id='word_1_220' title='bbox 2510 1355 2584 1425; x_wconf 83' lang='grc' dir='ltr'>μὴ</span> <span class='ocrx_word' id='word_1_221' title='bbox 2613 1355 2756 1407; x_wconf 84' lang='grc' dir='ltr'>δίδου</span> <span class='ocrx_word' id='word_1_222' title='bbox 2776 1354 2882 1407; x_wconf 70' lang='grc' dir='ltr'>τινὶ</span> <span class='ocrx_word' id='word_1_223' title='bbox 2901 1353 3071 1424; x_wconf 84' lang='grc' dir='ltr'>λαϐὴν</span> <span class='ocrx_word' id='word_1_224' title='bbox 3099 1355 3317 1425; x_wconf 76' lang='grc' dir='ltr'>ἔχθρας,</span> <span class='ocrx_word' id='word_1_225' title='bbox 3363 1356 3499 1427; x_wconf 66' lang='grc' dir='ltr'>μηδὲ</span> <span class='ocrx_word' id='word_1_226' title='bbox 3538 1356 3761 1421; x_wconf 85' lang='grc' dir='ltr'>δικαίως</span> 
     </span>
    </p>
   </div>
   <div class='ocr_carea' id='block_1_31' title="bbox 2190 1443 3762 1516">
    <p class='ocr_par' dir='ltr' id='par_1_31' title="bbox 2190 1443 3762 1516">
     <span class='ocr_line' id='line_1_31' title="bbox 2190 1443 3762 1516; baseline 0.003 -20"><span class='ocrx_word' id='word_1_227' title='bbox 2190 1446 2283 1497; x_wconf 73' lang='grc' dir='ltr'>καὶ</span> <span class='ocrx_word' id='word_1_228' title='bbox 2311 1444 2548 1511; x_wconf 75' lang='grc' dir='ltr'>εὐλόγως</span> <span class='ocrx_word' id='word_1_229' title='bbox 2582 1445 2671 1516; x_wconf 79' lang='grc' dir='ltr'>έχε</span> <span class='ocrx_word' id='word_1_230' title='bbox 2692 1443 2910 1516; x_wconf 76' lang='grc' dir='ltr'>ἐχθρόν.</span> <span class='ocrx_word' id='word_1_231' title='bbox 2943 1446 3008 1498; x_wconf 77' lang='lat' dir='ltr'><strong>Ei</strong></span> <span class='ocrx_word' id='word_1_232' title='bbox 3042 1445 3099 1496; x_wconf 90' lang='grc' dir='ltr'>δὲ</span> <span class='ocrx_word' id='word_1_233' title='bbox 3141 1445 3354 1513; x_wconf 81' lang='grc' dir='ltr'>ἀλόγως</span> <span class='ocrx_word' id='word_1_234' title='bbox 3402 1449 3625 1513; x_wconf 82' lang='grc' dir='ltr'>ἐκεῖνοι,</span> <span class='ocrx_word' id='word_1_235' title='bbox 3666 1452 3762 1501; x_wconf 69' lang='grc' dir='ltr'><strong>καὶ</strong></span> 
     </span>
    </p>
   </div>
   <div class='ocr_carea' id='block_1_32' title="bbox 2190 1535 3760 1606">
    <p class='ocr_par' dir='ltr' id='par_1_32' title="bbox 2190 1535 3760 1606">
     <span class='ocr_line' id='line_1_32' title="bbox 2190 1535 3760 1606; baseline 0.003 -19"><span class='ocrx_word' id='word_1_236' title='bbox 2190 1535 2294 1588; x_wconf 78' lang='grc' dir='ltr'>ὐπὸ</span> <span class='ocrx_word' id='word_1_237' title='bbox 2339 1536 2533 1604; x_wconf 75' lang='grc' dir='ltr'>φθόνου</span> <span class='ocrx_word' id='word_1_238' title='bbox 2573 1535 3015 1605; x_wconf 83' lang='grc' dir='ltr'>ὐποσμυχόμενοι</span> <span class='ocrx_word' id='word_1_239' title='bbox 3054 1536 3190 1605; x_wconf 85' lang='grc'><strong>(97),</strong></span> <span class='ocrx_word' id='word_1_240' title='bbox 3235 1537 3656 1606; x_wconf 72' lang='grc' dir='ltr'>ἀπεχθάνονται,</span> <span class='ocrx_word' id='word_1_241' title='bbox 3701 1540 3760 1592; x_wconf 82' lang='grc' dir='ltr'>σὲ</span> 
     </span>
    </p>
   </div>
   <div class='ocr_carea' id='block_1_33' title="bbox 2188 1625 3761 1699">
    <p class='ocr_par' dir='ltr' id='par_1_33' title="bbox 2188 1625 3761 1699">
     <span class='ocr_line' id='line_1_33' title="bbox 2188 1625 3761 1699; baseline 0.003 -22"><span class='ocrx_word' id='word_1_242' title='bbox 2188 1626 2345 1678; x_wconf 81' lang='grc' dir='ltr'>τοῦτο</span> <span class='ocrx_word' id='word_1_243' title='bbox 2372 1627 2433 1679; x_wconf 92' lang='grc' dir='ltr'><strong>οὐ</strong></span> <span class='ocrx_word' id='word_1_244' title='bbox 2466 1626 2829 1694; x_wconf 72' lang='grc' dir='ltr'>παραϐλὰψει.</span> <span class='ocrx_word' id='word_1_245' title='bbox 2858 1625 2993 1678; x_wconf 83' lang='grc' dir='ltr'><strong>Οὐδὲ</strong></span> <span class='ocrx_word' id='word_1_246' title='bbox 3022 1626 3131 1697; x_wconf 81' lang='grc' dir='ltr'>γὰρ</span> <span class='ocrx_word' id='word_1_247' title='bbox 3154 1626 3181 1677; x_wconf 85' lang='grc' dir='ltr'>ὁ</span> <span class='ocrx_word' id='word_1_248' title='bbox 3212 1628 3466 1698; x_wconf 83' lang='grc' dir='ltr'>Χριστὸς,</span> <span class='ocrx_word' id='word_1_249' title='bbox 3504 1628 3761 1699; x_wconf 72' lang='grc' dir='ltr'>εἰρηκὼς,</span> 
     </span>
    </p>
   </div>
   <div class='ocr_carea' id='block_1_34' title="bbox 514 1692 2085 1790">
    <p class='ocr_par' dir='ltr' id='par_1_34' title="bbox 514 1692 2083 1790">
     <span class='ocr_line' id='line_1_34' title="bbox 514 1692 2083 1790; baseline -0.001 -11"><span class='ocrx_word' id='word_1_250' title='bbox 514 1692 697 1779; x_wconf 77' lang='lat' dir='ltr'><strong>autem</strong></span> <span class='ocrx_word' id='word_1_251' title='bbox 738 1724 812 1777; x_wconf 88' lang='lat' dir='ltr'><strong>illi</strong></span> <span class='ocrx_word' id='word_1_252' title='bbox 840 1725 960 1780; x_wconf 84' lang='lat' dir='ltr'><strong>sine</strong></span> <span class='ocrx_word' id='word_1_253' title='bbox 1003 1722 1150 1790; x_wconf 76' lang='lat' dir='ltr'><strong>iusta</strong></span> <span class='ocrx_word' id='word_1_254' title='bbox 1178 1722 1386 1777; x_wconf 88' lang='lat' dir='ltr'><strong>ratione</strong></span> <span class='ocrx_word' id='word_1_255' title='bbox 1418 1724 1510 1777; x_wconf 91' lang='lat' dir='ltr'><strong>tibi</strong></span> <span class='ocrx_word' id='word_1_256' title='bbox 1543 1723 1737 1779; x_wconf 81' lang='lat' dir='ltr'><strong>infensi</strong></span> <span class='ocrx_word' id='word_1_257' title='bbox 1769 1732 1948 1788; x_wconf 89' lang='lat' dir='ltr'><strong>erunt,</strong></span> <span class='ocrx_word' id='word_1_258' title='bbox 1981 1724 2083 1777; x_wconf 90' lang='lat' dir='ltr'><strong>hoc</strong></span> 
     </span>
    </p>
   </div>
   <div class='ocr_carea' id='block_1_35' title="bbox 2186 1692 3751 1790">
    <p class='ocr_par' dir='ltr' id='par_1_35' title="bbox 2196 1692 3751 1789">
     <span class='ocr_line' id='line_1_35' title="bbox 2196 1692 3751 1789; baseline 0.004 -22"><span class='ocrx_word' id='word_1_259' title='bbox 2196 1736 2213 1767; x_wconf 74' lang='grc' dir='ltr'><strong>ι</strong></span> <span class='ocrx_word' id='word_1_260' title='bbox 2235 1716 2534 1787; x_wconf 82' lang='grc' dir='ltr'>Ἐμίσησάν</span> <span class='ocrx_word' id='word_1_261' title='bbox 2550 1692 2629 1785; x_wconf 80' lang='grc' dir='ltr'><strong>με</strong></span> <span class='ocrx_word' id='word_1_262' title='bbox 2654 1692 2882 1785; x_wconf 81' lang='grc' dir='ltr'>δωρεάν,</span> <span class='ocrx_word' id='word_1_263' title='bbox 2912 1734 2930 1765; x_wconf 76' lang='grc' dir='ltr'><strong>ι</strong></span> <span class='ocrx_word' id='word_1_264' title='bbox 2956 1692 3210 1768; x_wconf 75' lang='grc' dir='ltr'>ἐκέλευσε</span> <span class='ocrx_word' id='word_1_265' title='bbox 3222 1692 3311 1787; x_wconf 52' lang='grc' dir='ltr'>μὴ</span> <span class='ocrx_word' id='word_1_266' title='bbox 3330 1718 3473 1788; x_wconf 77' lang='grc' dir='ltr'>ἔχειν</span> <span class='ocrx_word' id='word_1_267' title='bbox 3500 1692 3751 1789; x_wconf 55' lang='grc' dir='ltr'>ἐχθρούς</span> 
     </span>
    </p>
   </div>
   <div class='ocr_carea' id='block_1_36' title="bbox 520 1813 2080 1884">
    <p class='ocr_par' dir='ltr' id='par_1_36' title="bbox 520 1813 2080 1884">
     <span class='ocr_line' id='line_1_36' title="bbox 520 1813 2080 1884; baseline -0.003 -15"><span class='ocrx_word' id='word_1_268' title='bbox 520 1817 832 1871; x_wconf 87' lang='lat' dir='ltr'><strong>nullatenus</strong></span> <span class='ocrx_word' id='word_1_269' title='bbox 874 1823 928 1869; x_wconf 89' lang='lat' dir='ltr'><strong>te</strong></span> <span class='ocrx_word' id='word_1_270' title='bbox 965 1814 1142 1868; x_wconf 81' lang='lat' dir='ltr'><strong>laedet.</strong></span> <span class='ocrx_word' id='word_1_271' title='bbox 1188 1813 1326 1867; x_wconf 83' lang='lat' dir='ltr'><strong>Nam</strong></span> <span class='ocrx_word' id='word_1_272' title='bbox 1370 1824 1426 1869; x_wconf 90' lang='lat' dir='ltr'><strong>et</strong></span> <span class='ocrx_word' id='word_1_273' title='bbox 1463 1814 1733 1881; x_wconf 87' lang='lat' dir='ltr'><strong>Christus,</strong></span> <span class='ocrx_word' id='word_1_274' title='bbox 1767 1815 1855 1884; x_wconf 90' lang='lat' dir='ltr'><strong>qui</strong></span> <span class='ocrx_word' id='word_1_275' title='bbox 1904 1815 2080 1868; x_wconf 79' lang='lat' dir='ltr'><strong>dixit:</strong></span> 
     </span>
    </p>
   </div>
   <div class='ocr_carea' id='block_1_37' title="bbox 523 1905 2088 1976">
    <p class='ocr_par' dir='ltr' id='par_1_37' title="bbox 523 1905 2088 1976">
     <span class='ocr_line' id='line_1_37' title="bbox 523 1905 2088 1976; baseline -0.001 -15"><span class='ocrx_word' id='word_1_276' title='bbox 523 1926 544 1961; x_wconf 73' lang='grc' dir='ltr'><strong>ι</strong></span> <span class='ocrx_word' id='word_1_277' title='bbox 577 1907 819 1964; x_wconf 84' lang='lat' dir='ltr'><strong>Oderunt</strong></span> <span class='ocrx_word' id='word_1_278' title='bbox 844 1920 930 1960; x_wconf 81' lang='lat' dir='ltr'><strong>me</strong></span> <span class='ocrx_word' id='word_1_279' title='bbox 961 1905 1208 1975; x_wconf 80' lang='lat' dir='ltr'><strong>gratis“,</strong></span> <span class='ocrx_word' id='word_1_280' title='bbox 1240 1924 1258 1957; x_wconf 77' lang='grc' dir='ltr'><strong>ι</strong></span> <span class='ocrx_word' id='word_1_281' title='bbox 1295 1920 1398 1960; x_wconf 93' lang='lat' dir='ltr'><strong>non</strong></span> <span class='ocrx_word' id='word_1_282' title='bbox 1445 1908 1718 1976; x_wconf 64' lang='lat' dir='ltr'><strong>praecepit,</strong></span> <span class='ocrx_word' id='word_1_283' title='bbox 1752 1922 1818 1961; x_wconf 93' lang='lat' dir='ltr'><strong>ne</strong></span> <span class='ocrx_word' id='word_1_284' title='bbox 1839 1906 2088 1960; x_wconf 90' lang='lat' dir='ltr'><strong>inimicos</strong></span> 
     </span>
    </p>
   </div>
   <div class='ocr_carea' id='block_1_38' title="bbox 521 1994 2088 2066">
    <p class='ocr_par' dir='ltr' id='par_1_38' title="bbox 521 1994 2088 2066">
     <span class='ocr_line' id='line_1_38' title="bbox 521 1994 2088 2066; baseline 0.002 -17"><span class='ocrx_word' id='word_1_285' title='bbox 521 1996 663 2049; x_wconf 91' lang='lat' dir='ltr'><strong>ullos</strong></span> <span class='ocrx_word' id='word_1_286' title='bbox 712 1996 1000 2050; x_wconf 85' lang='lat' dir='ltr'><strong>habeamus</strong></span> <span class='ocrx_word' id='word_1_287' title='bbox 1030 1994 1104 2063; x_wconf 91' lang='lat' dir='ltr'><strong>(id</strong></span> <span class='ocrx_word' id='word_1_288' title='bbox 1150 1996 1292 2049; x_wconf 87' lang='lat' dir='ltr'><strong>enim</strong></span> <span class='ocrx_word' id='word_1_289' title='bbox 1325 2010 1430 2050; x_wconf 92' lang='lat' dir='ltr'><strong>non</strong></span> <span class='ocrx_word' id='word_1_290' title='bbox 1502 2006 1585 2051; x_wconf 90' lang='lat' dir='ltr'><strong>est</strong></span> <span class='ocrx_word' id='word_1_291' title='bbox 1619 1998 1670 2052; x_wconf 95' lang='lat' dir='ltr'><strong>in</strong></span> <span class='ocrx_word' id='word_1_292' title='bbox 1711 2006 1896 2052; x_wconf 90' lang='lat' dir='ltr'><strong>nostra</strong></span> <span class='ocrx_word' id='word_1_293' title='bbox 1938 2007 2088 2066; x_wconf 87' lang='lat' dir='ltr'><strong>pote-</strong></span> 
     </span>
    </p>
   </div>
   <div class='ocr_carea' id='block_1_39' title="bbox 516 2085 2089 2156">
    <p class='ocr_par' dir='ltr' id='par_1_39' title="bbox 516 2085 2089 2156">
     <span class='ocr_line' id='line_1_39' title="bbox 516 2085 2089 2156; baseline 0.001 -15"><span class='ocrx_word' id='word_1_294' title='bbox 516 2091 702 2153; x_wconf 82' lang='lat' dir='ltr'><strong>state),</strong></span> <span class='ocrx_word' id='word_1_295' title='bbox 730 2085 824 2140; x_wconf 90' lang='lat' dir='ltr'><strong>sed</strong></span> <span class='ocrx_word' id='word_1_296' title='bbox 848 2099 914 2139; x_wconf 93' lang='lat' dir='ltr'><strong>ne</strong></span> <span class='ocrx_word' id='word_1_297' title='bbox 936 2085 1184 2155; x_wconf 89' lang='lat' dir='ltr'><strong>cuiquam</strong></span> <span class='ocrx_word' id='word_1_298' title='bbox 1210 2086 1471 2142; x_wconf 82' lang='lat' dir='ltr'><strong>faciamus</strong></span> <span class='ocrx_word' id='word_1_299' title='bbox 1506 2087 1754 2156; x_wconf 85' lang='lat' dir='ltr'><strong>iujuriam</strong></span> <span class='ocrx_word' id='word_1_300' title='bbox 1787 2105 1801 2141; x_wconf 88' lang='lat'><strong>:</strong></span> <span class='ocrx_word' id='word_1_301' title='bbox 1833 2104 1904 2144; x_wconf 89' lang='lat' dir='ltr'><strong>ne</strong></span> <span class='ocrx_word' id='word_1_302' title='bbox 1926 2089 2089 2144; x_wconf 89' lang='lat' dir='ltr'><strong>semi-</strong></span> 
     </span>
    </p>
   </div>
   <div class='ocr_carea' id='block_1_40' title="bbox 516 2174 2088 2248">
    <p class='ocr_par' dir='ltr' id='par_1_40' title="bbox 516 2174 2088 2248">
     <span class='ocr_line' id='line_1_40' title="bbox 516 2174 2088 2248; baseline 0.002 -18"><span class='ocrx_word' id='word_1_303' title='bbox 516 2190 708 2230; x_wconf 85' lang='lat' dir='ltr'><strong>nemus</strong></span> <span class='ocrx_word' id='word_1_304' title='bbox 778 2174 1015 2229; x_wconf 90' lang='lat' dir='ltr'><strong>radicem</strong></span> <span class='ocrx_word' id='word_1_305' title='bbox 1072 2176 1219 2242; x_wconf 91' lang='lat' dir='ltr'><strong>belli,</strong></span> <span class='ocrx_word' id='word_1_306' title='bbox 1292 2178 1633 2246; x_wconf 79' lang='lat' dir='ltr'><strong>maximeque</strong></span> <span class='ocrx_word' id='word_1_307' title='bbox 1683 2188 1815 2244; x_wconf 90' lang='lat' dir='ltr'><strong>tum,</strong></span> <span class='ocrx_word' id='word_1_308' title='bbox 1872 2179 2088 2248; x_wconf 87' lang='lat' dir='ltr'><strong>quando</strong></span> 
     </span>
    </p>
   </div>
   <div class='ocr_carea' id='block_1_41' title="bbox 517 2263 2086 2334">
    <p class='ocr_par' dir='ltr' id='par_1_41' title="bbox 517 2263 2086 2334">
     <span class='ocr_line' id='line_1_41' title="bbox 517 2263 2086 2334; baseline 0.003 -17"><span class='ocrx_word' id='word_1_309' title='bbox 517 2263 725 2317; x_wconf 93' lang='lat' dir='ltr'><strong>nullum</strong></span> <span class='ocrx_word' id='word_1_310' title='bbox 772 2264 958 2331; x_wconf 86' lang='lat' dir='ltr'><strong>pietati</strong></span> <span class='ocrx_word' id='word_1_311' title='bbox 988 2264 1394 2319; x_wconf 89' lang='lat' dir='ltr'><strong>.detrimentum</strong></span> <span class='ocrx_word' id='word_1_312' title='bbox 1443 2267 1691 2321; x_wconf 89' lang='lat' dir='ltr'><strong>infertur.</strong></span> <span class='ocrx_word' id='word_1_313' title='bbox 1721 2268 1873 2334; x_wconf 87' lang='lat' dir='ltr'><strong>Quod</strong></span> <span class='ocrx_word' id='word_1_314' title='bbox 1905 2268 1952 2322; x_wconf 94' lang='lat' dir='ltr'><strong>si</strong></span> <span class='ocrx_word' id='word_1_315' title='bbox 1985 2270 2086 2322; x_wconf 86' lang='lat' dir='ltr'><strong>itu-</strong></span> 
     </span>
    </p>
   </div>
   <div class='ocr_carea' id='block_1_42' title="bbox 518 2350 2084 2427">
    <p class='ocr_par' dir='ltr' id='par_1_42' title="bbox 518 2350 2084 2427">
     <span class='ocr_line' id='line_1_42' title="bbox 518 2350 2084 2427; baseline 0.003 -23"><span class='ocrx_word' id='word_1_316' title='bbox 518 2351 668 2427; x_wconf 91' lang='lat' dir='ltr'><strong>probi</strong></span> <span class='ocrx_word' id='word_1_317' title='bbox 698 2350 869 2405; x_wconf 87' lang='lat' dir='ltr'><strong>bonos</strong></span> <span class='ocrx_word' id='word_1_318' title='bbox 906 2352 1033 2406; x_wconf 91' lang='lat' dir='ltr'><strong>odio</strong></span> <span class='ocrx_word' id='word_1_319' title='bbox 1066 2364 1487 2422; x_wconf 89' lang='lat' dir='ltr'><strong>prosequuntur,</strong></span> <span class='ocrx_word' id='word_1_320' title='bbox 1524 2356 1685 2409; x_wconf 89' lang='lat' dir='ltr'><strong>nolite</strong></span> <span class='ocrx_word' id='word_1_321' title='bbox 1717 2357 1923 2410; x_wconf 87' lang='lat' dir='ltr'><strong>mirari.</strong></span> <span class='ocrx_word' id='word_1_322' title='bbox 1952 2356 2084 2411; x_wconf 84' lang='lat' dir='ltr'><strong>Nam</strong></span> 
     </span>
    </p>
   </div>
   <div class='ocr_carea' id='block_1_43' title="bbox 517 2441 2089 2516">
    <p class='ocr_par' dir='ltr' id='par_1_43' title="bbox 517 2441 2089 2516">
     <span class='ocr_line' id='line_1_43' title="bbox 517 2441 2089 2516; baseline 0.005 -22"><span class='ocrx_word' id='word_1_323' title='bbox 517 2447 573 2494; x_wconf 91' lang='lat' dir='ltr'><strong>ct</strong></span> <span class='ocrx_word' id='word_1_324' title='bbox 626 2441 1058 2509; x_wconf 89' lang='lat' dir='ltr'><strong>pseudoapostoli</strong></span> <span class='ocrx_word' id='word_1_325' title='bbox 1102 2457 1260 2497; x_wconf 86' lang='lat' dir='ltr'><strong>veros</strong></span> <span class='ocrx_word' id='word_1_326' title='bbox 1307 2445 1598 2513; x_wconf 88' lang='lat' dir='ltr'><strong>apostolos,</strong></span> <span class='ocrx_word' id='word_1_327' title='bbox 1653 2458 1708 2499; x_wconf 92' lang='lat' dir='ltr'><strong>et</strong></span> <span class='ocrx_word' id='word_1_328' title='bbox 1761 2447 2089 2516; x_wconf 85' lang='lat' dir='ltr'><strong>pseudopro-</strong></span> 
     </span>
    </p>
   </div>
   <div class='ocr_carea' id='block_1_44' title="bbox 516 2532 2088 2606">
    <p class='ocr_par' dir='ltr' id='par_1_44' title="bbox 516 2532 2088 2606">
     <span class='ocr_line' id='line_1_44' title="bbox 516 2532 2088 2606; baseline 0.004 -20"><span class='ocrx_word' id='word_1_329' title='bbox 516 2533 695 2601; x_wconf 72' lang='lat' dir='ltr'><strong>phetae</strong></span> <span class='ocrx_word' id='word_1_330' title='bbox 737 2533 1032 2602; x_wconf 79' lang='lat' dir='ltr'><strong>praphetas</strong></span> <span class='ocrx_word' id='word_1_331' title='bbox 1057 2532 1183 2587; x_wconf 93' lang='lat' dir='ltr'><strong>odio</strong></span> <span class='ocrx_word' id='word_1_332' title='bbox 1214 2534 1505 2591; x_wconf 86' lang='lat' dir='ltr'><strong>habebant.</strong></span> <span class='ocrx_word' id='word_1_333' title='bbox 1534 2535 1702 2603; x_wconf 88' lang='lat' dir='ltr'><strong>Quod</strong></span> <span class='ocrx_word' id='word_1_334' title='bbox 1732 2537 1845 2605; x_wconf 91' lang='lat' dir='ltr'><strong>ipse</strong></span> <span class='ocrx_word' id='word_1_335' title='bbox 1876 2553 2088 2606; x_wconf 86' lang='lat' dir='ltr'><strong>quoque</strong></span> 
     </span>
    </p>
   </div>
   <div class='ocr_carea' id='block_1_45' title="bbox 515 2623 2087 2699">
    <p class='ocr_par' dir='ltr' id='par_1_45' title="bbox 515 2623 2087 2699">
     <span class='ocr_line' id='line_1_45' title="bbox 515 2623 2087 2699; baseline 0.002 -19"><span class='ocrx_word' id='word_1_336' title='bbox 515 2623 713 2680; x_wconf 88' lang='lat' dir='ltr'><strong>Paulus</strong></span> <span class='ocrx_word' id='word_1_337' title='bbox 734 2639 856 2679; x_wconf 91' lang='lat' dir='ltr'><strong>cum</strong></span> <span class='ocrx_word' id='word_1_338' title='bbox 905 2624 1105 2680; x_wconf 87' lang='lat' dir='ltr'><strong>diserte</strong></span> <span class='ocrx_word' id='word_1_339' title='bbox 1155 2626 1429 2695; x_wconf 84' lang='lat' dir='ltr'><strong>cognitum</strong></span> <span class='ocrx_word' id='word_1_340' title='bbox 1478 2640 1933 2699; x_wconf 89' lang='lat' dir='ltr'><strong>perspectumque</strong></span> <span class='ocrx_word' id='word_1_341' title='bbox 1993 2632 2087 2683; x_wconf 86' lang='lat' dir='ltr'><strong>ha-</strong></span> 
     </span>
    </p>
   </div>
   <div class='ocr_carea' id='block_1_46' title="bbox 513 2714 2087 2789">
    <p class='ocr_par' dir='ltr' id='par_1_46' title="bbox 513 2714 2087 2789">
     <span class='ocr_line' id='line_1_46' title="bbox 513 2714 2087 2789; baseline 0.002 -18"><span class='ocrx_word' id='word_1_342' title='bbox 513 2716 688 2781; x_wconf 84' lang='lat' dir='ltr'><strong>beret,</strong></span> <span class='ocrx_word' id='word_1_343' title='bbox 716 2715 935 2785; x_wconf 83' lang='lat' dir='ltr'><strong>scripsit</strong></span> <span class='ocrx_word' id='word_1_344' title='bbox 967 2733 980 2769; x_wconf 96' lang='lat'>:</span> <span class='ocrx_word' id='word_1_345' title='bbox 1014 2734 1034 2767; x_wconf 74' lang='grc' dir='ltr'><strong>ι</strong></span> <span class='ocrx_word' id='word_1_346' title='bbox 1076 2714 1299 2772; x_wconf 87' lang='lat' dir='ltr'><strong>Sectare</strong></span> <span class='ocrx_word' id='word_1_347' title='bbox 1321 2726 1502 2773; x_wconf 87' lang='lat' dir='ltr'><strong>autem</strong></span> <span class='ocrx_word' id='word_1_348' title='bbox 1535 2733 1722 2789; x_wconf 87' lang='lat' dir='ltr'><strong>pacem</strong></span> <span class='ocrx_word' id='word_1_349' title='bbox 1759 2735 1881 2774; x_wconf 91' lang='lat' dir='ltr'><strong>cum</strong></span> <span class='ocrx_word' id='word_1_350' title='bbox 1914 2722 2087 2774; x_wconf 90' lang='lat' dir='ltr'><strong>omni-</strong></span> 
     </span>
    </p>
   </div>
   <div class='ocr_carea' id='block_1_47' title="bbox 2190 1807 3761 1881">
    <p class='ocr_par' dir='ltr' id='par_1_47' title="bbox 2190 1807 3761 1881">
     <span class='ocr_line' id='line_1_47' title="bbox 2190 1807 3761 1881; baseline 0.001 -21"><span class='ocrx_word' id='word_1_351' title='bbox 2190 1808 2379 1861; x_wconf 87' lang='grc' dir='ltr'>τούτου</span> <span class='ocrx_word' id='word_1_352' title='bbox 2410 1807 2519 1879; x_wconf 87' lang='grc' dir='ltr'><strong>γὰρ</strong></span> <span class='ocrx_word' id='word_1_353' title='bbox 2548 1808 2647 1861; x_wconf 88' lang='grc' dir='ltr'><strong>οὐκ</strong></span> <span class='ocrx_word' id='word_1_354' title='bbox 2679 1808 2845 1878; x_wconf 80' lang='grc' dir='ltr'>ὲσμὲν</span> <span class='ocrx_word' id='word_1_355' title='bbox 2877 1809 3086 1881; x_wconf 86' lang='grc' dir='ltr'>κύριοι·</span> <span class='ocrx_word' id='word_1_356' title='bbox 3136 1809 3276 1863; x_wconf 85' lang='grc' dir='ltr'><strong>ἀλλά</strong></span> <span class='ocrx_word' id='word_1_357' title='bbox 3317 1810 3379 1862; x_wconf 79' lang='grc' dir='ltr'><strong>τὸ</strong></span> <span class='ocrx_word' id='word_1_358' title='bbox 3425 1811 3501 1878; x_wconf 83' lang='grc' dir='ltr'>μὴ</span> <span class='ocrx_word' id='word_1_359' title='bbox 3533 1811 3761 1871; x_wconf 82' lang='grc' dir='ltr'>ἀδικεῖν,</span> 
     </span>
    </p>
   </div>
   <div class='ocr_carea' id='block_1_48' title="bbox 2190 1899 3761 1970">
    <p class='ocr_par' dir='ltr' id='par_1_48' title="bbox 2190 1899 3761 1970">
     <span class='ocr_line' id='line_1_48' title="bbox 2190 1899 3761 1970; baseline 0.001 -19"><span class='ocrx_word' id='word_1_360' title='bbox 2190 1900 2252 1951; x_wconf 85' lang='grc' dir='ltr'><strong>τὸ</strong></span> <span class='ocrx_word' id='word_1_361' title='bbox 2282 1899 2356 1968; x_wconf 85' lang='grc' dir='ltr'>μὴ</span> <span class='ocrx_word' id='word_1_362' title='bbox 2411 1899 2800 1968; x_wconf 82' lang='grc' dir='ltr'>κατασπείρειν</span> <span class='ocrx_word' id='word_1_363' title='bbox 2854 1900 3010 1970; x_wconf 76' lang='grc' dir='ltr'>ῥίζαν</span> <span class='ocrx_word' id='word_1_364' title='bbox 3065 1899 3325 1970; x_wconf 85' lang='grc' dir='ltr'>πολέμου,</span> <span class='ocrx_word' id='word_1_365' title='bbox 3374 1901 3469 1953; x_wconf 74' lang='grc' dir='ltr'><strong>καὶ</strong></span> <span class='ocrx_word' id='word_1_366' title='bbox 3502 1900 3761 1969; x_wconf 75' lang='grc' dir='ltr'>μάλιστα,</span> 
     </span>
    </p>
   </div>
   <div class='ocr_carea' id='block_1_49' title="bbox 2192 1988 3761 2060">
    <p class='ocr_par' dir='ltr' id='par_1_49' title="bbox 2192 1988 3761 2060">
     <span class='ocr_line' id='line_1_49' title="bbox 2192 1988 3761 2060; baseline 0.003 -19"><span class='ocrx_word' id='word_1_367' title='bbox 2192 1988 2319 2041; x_wconf 84' lang='grc' dir='ltr'>ὅταν</span> <span class='ocrx_word' id='word_1_368' title='bbox 2351 1990 2384 2058; x_wconf 85' lang='grc' dir='ltr'>ἡ</span> <span class='ocrx_word' id='word_1_369' title='bbox 2417 1988 2668 2042; x_wconf 84' lang='grc' dir='ltr'>εὐσέϐεια</span> <span class='ocrx_word' id='word_1_370' title='bbox 2694 1989 2845 2043; x_wconf 87' lang='grc' dir='ltr'>οὐδὲν</span> <span class='ocrx_word' id='word_1_371' title='bbox 2872 1990 3352 2060; x_wconf 84' lang='grc' dir='ltr'>παραϐλάπτηται.</span> <span class='ocrx_word' id='word_1_372' title='bbox 3403 1992 3466 2043; x_wconf 89' lang='grc' dir='ltr'><strong>Εἰ</strong></span> <span class='ocrx_word' id='word_1_373' title='bbox 3491 1991 3539 2042; x_wconf 87' lang='grc' dir='ltr'>δ’</span> <span class='ocrx_word' id='word_1_374' title='bbox 3569 1992 3621 2043; x_wconf 84' lang='grc' dir='ltr'>οἱ</span> <span class='ocrx_word' id='word_1_375' title='bbox 3659 2010 3761 2045; x_wconf 71' lang='grc' dir='ltr'>πο-</span> 
     </span>
    </p>
   </div>
   <div class='ocr_carea' id='block_1_50' title="bbox 2191 2077 3763 2151">
    <p class='ocr_par' dir='ltr' id='par_1_50' title="bbox 2191 2077 3763 2151">
     <span class='ocr_line' id='line_1_50' title="bbox 2191 2077 3763 2151; baseline 0.003 -20"><span class='ocrx_word' id='word_1_376' title='bbox 2191 2078 2346 2149; x_wconf 73' lang='grc' dir='ltr'>νηροὶ</span> <span class='ocrx_word' id='word_1_377' title='bbox 2387 2077 2513 2141; x_wconf 80' lang='grc' dir='ltr'>τοὺς</span> <span class='ocrx_word' id='word_1_378' title='bbox 2558 2080 2795 2147; x_wconf 83' lang='grc' dir='ltr'>ἀγαθοὺς</span> <span class='ocrx_word' id='word_1_379' title='bbox 2854 2081 3093 2150; x_wconf 78' lang='grc' dir='ltr'>μισοῦσι,</span> <span class='ocrx_word' id='word_1_380' title='bbox 3141 2082 3215 2151; x_wconf 82' lang='grc' dir='ltr'>μὴ</span> <span class='ocrx_word' id='word_1_381' title='bbox 3260 2081 3598 2151; x_wconf 77' lang='grc' dir='ltr'>θαυμάζητε.</span> <span class='ocrx_word' id='word_1_382' title='bbox 3651 2083 3763 2136; x_wconf 78' lang='grc' dir='ltr'><strong>Καὶ</strong></span> 
     </span>
    </p>
   </div>
   <div class='ocr_carea' id='block_1_51' title="bbox 2191 2170 3760 2243">
    <p class='ocr_par' dir='ltr' id='par_1_51' title="bbox 2191 2170 3760 2243">
     <span class='ocr_line' id='line_1_51' title="bbox 2191 2170 3760 2243; baseline 0.002 -20"><span class='ocrx_word' id='word_1_383' title='bbox 2191 2170 2299 2239; x_wconf 83' lang='grc' dir='ltr'>γὰρ</span> <span class='ocrx_word' id='word_1_384' title='bbox 2323 2172 2371 2223; x_wconf 84' lang='grc' dir='ltr'>οἱ</span> <span class='ocrx_word' id='word_1_385' title='bbox 2397 2171 2811 2239; x_wconf 66' lang='grc' dir='ltr'>ψευδαπόστολοι</span> <span class='ocrx_word' id='word_1_386' title='bbox 2834 2174 2958 2235; x_wconf 78' lang='grc' dir='ltr'>τοὺς</span> <span class='ocrx_word' id='word_1_387' title='bbox 2992 2173 3343 2238; x_wconf 82' lang='grc' dir='ltr'>ἀποστόλους,</span> <span class='ocrx_word' id='word_1_388' title='bbox 3399 2174 3495 2226; x_wconf 75' lang='grc' dir='ltr'><strong>καὶ</strong></span> <span class='ocrx_word' id='word_1_389' title='bbox 3535 2176 3585 2227; x_wconf 80' lang='grc' dir='ltr'>οἱ</span> <span class='ocrx_word' id='word_1_390' title='bbox 3629 2175 3760 2243; x_wconf 77' lang='grc' dir='ltr'>ψευ-</span> 
     </span>
    </p>
   </div>
   <div class='ocr_carea' id='block_1_52' title="bbox 2192 2259 3760 2335">
    <p class='ocr_par' dir='ltr' id='par_1_52' title="bbox 2192 2259 3760 2335">
     <span class='ocr_line' id='line_1_52' title="bbox 2192 2259 3760 2335; baseline 0.004 -24"><span class='ocrx_word' id='word_1_391' title='bbox 2192 2259 2533 2329; x_wconf 78' lang='grc' dir='ltr'>δοπροφῆται</span> <span class='ocrx_word' id='word_1_392' title='bbox 2588 2261 2715 2323; x_wconf 84' lang='grc' dir='ltr'>τοὺς</span> <span class='ocrx_word' id='word_1_393' title='bbox 2772 2264 3055 2331; x_wconf 72' lang='grc' dir='ltr'>προφήτας</span> <span class='ocrx_word' id='word_1_394' title='bbox 3116 2263 3363 2333; x_wconf 81' lang='grc' dir='ltr'>ἐμίσουν.</span> <span class='ocrx_word' id='word_1_395' title='bbox 3426 2263 3605 2335; x_wconf 84' lang='grc' dir='ltr'>Ὅπερ</span> <span class='ocrx_word' id='word_1_396' title='bbox 3663 2266 3760 2317; x_wconf 70' lang='grc' dir='ltr'><strong>καὶ</strong></span> 
     </span>
    </p>
   </div>
   <div class='ocr_carea' id='block_1_53' title="bbox 2192 2350 3759 2426">
    <p class='ocr_par' dir='ltr' id='par_1_53' title="bbox 2192 2350 3759 2426">
     <span class='ocr_line' id='line_1_53' title="bbox 2192 2350 3759 2426; baseline 0.006 -25"><span class='ocrx_word' id='word_1_397' title='bbox 2192 2350 2349 2413; x_wconf 77' lang='grc' dir='ltr'>αὐτὸς</span> <span class='ocrx_word' id='word_1_398' title='bbox 2371 2352 2397 2401; x_wconf 85' lang='grc' dir='ltr'>ὁ</span> <span class='ocrx_word' id='word_1_399' title='bbox 2419 2351 2628 2415; x_wconf 72' lang='grc' dir='ltr'>Παῦλος</span> <span class='ocrx_word' id='word_1_400' title='bbox 2652 2352 2838 2422; x_wconf 83' lang='grc' dir='ltr'>σαφῶς</span> <span class='ocrx_word' id='word_1_401' title='bbox 2867 2354 3249 2423; x_wconf 76' lang='grc' dir='ltr'>ἐπιστάμενος,</span> <span class='ocrx_word' id='word_1_402' title='bbox 3272 2355 3508 2426; x_wconf 63' lang='grc' dir='ltr'>ἔγραφε·</span> <span class='ocrx_word' id='word_1_403' title='bbox 3539 2375 3556 2406; x_wconf 84' lang='lat' dir='ltr'><strong>t</strong></span> <span class='ocrx_word' id='word_1_404' title='bbox 3586 2356 3759 2410; x_wconf 85' lang='grc' dir='ltr'>Δίωκε</span> 
     </span>
    </p>
   </div>
   <div class='ocr_carea' id='block_1_54' title="bbox 2191 2442 3755 2519">
    <p class='ocr_par' dir='ltr' id='par_1_54' title="bbox 2191 2442 3755 2519">
     <span class='ocr_line' id='line_1_54' title="bbox 2191 2442 3755 2519; baseline 0.007 -26"><span class='ocrx_word' id='word_1_405' title='bbox 2191 2442 2248 2494; x_wconf 79' lang='grc' dir='ltr'>δὲ</span> <span class='ocrx_word' id='word_1_406' title='bbox 2297 2444 2517 2514; x_wconf 73' lang='grc' dir='ltr'>εἰρήνην</span> <span class='ocrx_word' id='word_1_407' title='bbox 2551 2445 2687 2515; x_wconf 79' lang='grc' dir='ltr'><strong>μετά</strong></span> <span class='ocrx_word' id='word_1_408' title='bbox 2745 2446 2962 2499; x_wconf 84' lang='grc' dir='ltr'>πάντων</span> <span class='ocrx_word' id='word_1_409' title='bbox 2994 2448 3104 2498; x_wconf 88' lang='grc' dir='ltr'><strong>τῶν</strong></span> <span class='ocrx_word' id='word_1_410' title='bbox 3156 2450 3599 2519; x_wconf 77' lang='grc' dir='ltr'>ἐπικαλουμένων</span> <span class='ocrx_word' id='word_1_411' title='bbox 3640 2451 3755 2518; x_wconf 82' lang='grc'><strong>(98)</strong></span> 
     </span>
    </p>
   </div>
   <div class='ocr_carea' id='block_1_55' title="bbox 2164 2533 3758 2609">
    <p class='ocr_par' dir='ltr' id='par_1_55' title="bbox 2164 2533 3758 2609">
     <span class='ocr_line' id='line_1_55' title="bbox 2164 2533 3758 2609; baseline 0.006 -25"><span class='ocrx_word' id='word_1_412' title='bbox 2164 2604 2165 2607; x_wconf 12' lang='grc' dir='ltr'><strong>η</strong></span> <span class='ocrx_word' id='word_1_413' title='bbox 2191 2533 2281 2585; x_wconf 75' lang='grc' dir='ltr'><strong>τὸν</strong></span> <span class='ocrx_word' id='word_1_414' title='bbox 2302 2534 2503 2603; x_wconf 78' lang='grc' dir='ltr'>Κύριον</span> <span class='ocrx_word' id='word_1_415' title='bbox 2528 2538 2591 2588; x_wconf 80' lang='grc' dir='ltr'>ὲκ</span> <span class='ocrx_word' id='word_1_416' title='bbox 2618 2537 2868 2607; x_wconf 78' lang='grc' dir='ltr'>καθαρᾶς</span> <span class='ocrx_word' id='word_1_417' title='bbox 2916 2538 3161 2608; x_wconf 89' lang='grc' dir='ltr'>καρδίας.</span> <span class='ocrx_word' id='word_1_418' title='bbox 3205 2558 3222 2589; x_wconf 73' lang='grc' dir='ltr'><strong>ι</strong></span> <span class='ocrx_word' id='word_1_419' title='bbox 3271 2540 3361 2609; x_wconf 81' lang='grc' dir='ltr'><strong>Μὴ</strong></span> <span class='ocrx_word' id='word_1_420' title='bbox 3382 2540 3558 2593; x_wconf 76' lang='grc' dir='ltr'>τοίνυν</span> <span class='ocrx_word' id='word_1_421' title='bbox 3600 2544 3758 2594; x_wconf 81' lang='grc' dir='ltr'>αἰτιῶ</span> 
     </span>
    </p>
   </div>
   <div class='ocr_carea' id='block_1_56' title="bbox 2193 2624 3759 2701">
    <p class='ocr_par' dir='ltr' id='par_1_56' title="bbox 2193 2624 3759 2701">
     <span class='ocr_line' id='line_1_56' title="bbox 2193 2624 3759 2701; baseline 0.006 -24"><span class='ocrx_word' id='word_1_422' title='bbox 2193 2624 2283 2677; x_wconf 82' lang='grc' dir='ltr'>τὸν</span> <span class='ocrx_word' id='word_1_423' title='bbox 2300 2627 2391 2695; x_wconf 85' lang='grc' dir='ltr'>ὲχθ</span> <span class='ocrx_word' id='word_1_424' title='bbox 2403 2627 2523 2696; x_wconf 72' lang='lat' dir='ltr'><strong>pob;</strong></span> <span class='ocrx_word' id='word_1_425' title='bbox 2552 2628 2764 2697; x_wconf 82' lang='grc' dir='ltr'>ἔχοντα,</span> <span class='ocrx_word' id='word_1_426' title='bbox 2784 2628 2920 2682; x_wconf 85' lang='grc' dir='ltr'><strong>ἀλλά</strong></span> <span class='ocrx_word' id='word_1_427' title='bbox 2940 2631 3028 2683; x_wconf 78' lang='grc' dir='ltr'><strong>τὸν</strong></span> <span class='ocrx_word' id='word_1_428' title='bbox 3053 2629 3229 2699; x_wconf 75' lang='grc' dir='ltr'>ἑαυτῷ</span> <span class='ocrx_word' id='word_1_429' title='bbox 3252 2632 3376 2693; x_wconf 74' lang='grc' dir='ltr'>τοὺς</span> <span class='ocrx_word' id='word_1_430' title='bbox 3400 2632 3628 2701; x_wconf 78' lang='grc' dir='ltr'>ἐχθροὺς</span> <span class='ocrx_word' id='word_1_431' title='bbox 3658 2650 3759 2686; x_wconf 73' lang='grc' dir='ltr'>κα-</span> 
     </span>
    </p>
   </div>
   <div class='ocr_carea' id='block_1_57' title="bbox 2189 2716 3759 2793">
    <p class='ocr_par' dir='ltr' id='par_1_57' title="bbox 2189 2716 3759 2793">
     <span class='ocr_line' id='line_1_57' title="bbox 2189 2716 3759 2793; baseline 0.006 -24"><span class='ocrx_word' id='word_1_432' title='bbox 2189 2716 2610 2781; x_wconf 77' lang='grc' dir='ltr'>τασκευάζοντα.</span> <span class='ocrx_word' id='word_1_433' title='bbox 2691 2720 2755 2772; x_wconf 76' lang='lat' dir='ltr'><strong>Ei</strong></span> <span class='ocrx_word' id='word_1_434' title='bbox 2811 2721 2866 2772; x_wconf 86' lang='grc' dir='ltr'><strong>δὲ</strong></span> <span class='ocrx_word' id='word_1_435' title='bbox 2920 2721 2994 2792; x_wconf 85' lang='grc' dir='ltr'>μὴ</span> <span class='ocrx_word' id='word_1_436' title='bbox 3051 2724 3337 2791; x_wconf 84' lang='grc' dir='ltr'>συμϐαίνει</span> <span class='ocrx_word' id='word_1_437' title='bbox 3376 2724 3452 2793; x_wconf 83' lang='grc' dir='ltr'>τῷ</span> <span class='ocrx_word' id='word_1_438' title='bbox 3512 2726 3649 2792; x_wconf 77' lang='grc' dir='ltr'>φωτὶ</span> <span class='ocrx_word' id='word_1_439' title='bbox 3694 2727 3759 2778; x_wconf 80' lang='grc' dir='ltr'><strong>τὸ</strong></span> 
     </span>
    </p>
   </div>
   <div class='ocr_carea' id='block_1_58' title="bbox 514 2806 2085 2886">
    <p class='ocr_par' dir='ltr' id='par_1_58' title="bbox 514 2806 2085 2878">
     <span class='ocr_line' id='line_1_58' title="bbox 514 2806 2085 2878; baseline 0.003 -16"><span class='ocrx_word' id='word_1_440' title='bbox 514 2807 617 2862; x_wconf 85' lang='lat' dir='ltr'><strong>bus</strong></span> <span class='ocrx_word' id='word_1_441' title='bbox 645 2807 735 2876; x_wconf 93' lang='lat' dir='ltr'><strong>qui</strong></span> <span class='ocrx_word' id='word_1_442' title='bbox 773 2806 1027 2861; x_wconf 87' lang='lat' dir='ltr'><strong>invocant</strong></span> <span class='ocrx_word' id='word_1_443' title='bbox 1056 2807 1346 2862; x_wconf 89' lang='lat' dir='ltr'><strong>Dominum</strong></span> <span class='ocrx_word' id='word_1_444' title='bbox 1390 2824 1457 2865; x_wconf 83' lang='lat' dir='ltr'><strong>ex</strong></span> <span class='ocrx_word' id='word_1_445' title='bbox 1507 2824 1643 2878; x_wconf 93' lang='lat' dir='ltr'><strong>puro</strong></span> <span class='ocrx_word' id='word_1_446' title='bbox 1675 2812 1917 2866; x_wconf 76' lang='lat' dir='ltr'><strong>corde“.</strong></span> <span class='ocrx_word' id='word_1_447' title='bbox 1953 2831 1972 2865; x_wconf 73' lang='grc' dir='ltr'><strong>ι</strong></span> <span class='ocrx_word' id='word_1_448' title='bbox 2007 2811 2085 2866; x_wconf 85' lang='lat' dir='ltr'><strong>Ne</strong></span> 
     </span>
    </p>
   </div>
   <div class='ocr_carea' id='block_1_59' title="bbox 2186 2806 3756 2886">
    <p class='ocr_par' dir='ltr' id='par_1_59' title="bbox 2192 2807 3756 2886">
     <span class='ocr_line' id='line_1_59' title="bbox 2192 2807 3756 2886; baseline 0.006 -25"><span class='ocrx_word' id='word_1_449' title='bbox 2192 2809 2380 2872; x_wconf 82' lang='grc' dir='ltr'>σκότος</span> <span class='ocrx_word' id='word_1_450' title='bbox 2400 2825 2413 2837; x_wconf 83' lang='lat'><strong><em>°</em></strong></span> <span class='ocrx_word' id='word_1_451' title='bbox 2458 2810 2579 2862; x_wconf 75' lang='grc' dir='ltr'>οὐδὲ,</span> <span class='ocrx_word' id='word_1_452' title='bbox 2607 2810 2714 2880; x_wconf 85' lang='grc' dir='ltr'>γὰρ</span> <span class='ocrx_word' id='word_1_453' title='bbox 2745 2807 2854 2865; x_wconf 76' lang='grc' dir='ltr'>οἷόν</span> <span class='ocrx_word' id='word_1_454' title='bbox 2884 2830 2944 2866; x_wconf 90' lang='grc' dir='ltr'><strong>τε</strong></span> <span class='ocrx_word' id='word_1_455' title='bbox 2966 2830 2981 2845; x_wconf 75' lang='grc' dir='ltr'><strong>ο</strong></span> <span class='ocrx_word' id='word_1_456' title='bbox 3021 2815 3171 2867; x_wconf 75' lang='grc' dir='ltr'>οὐδὲν</span> <span class='ocrx_word' id='word_1_457' title='bbox 3218 2818 3365 2886; x_wconf 81' lang='grc' dir='ltr'><strong>παρά</strong></span> <span class='ocrx_word' id='word_1_458' title='bbox 3406 2817 3467 2868; x_wconf 81' lang='grc' dir='ltr'><strong>τὸ</strong></span> <span class='ocrx_word' id='word_1_459' title='bbox 3497 2816 3612 2885; x_wconf 72' lang='grc' dir='ltr'><strong>φῶς</strong></span> <span class='ocrx_word' id='word_1_460' title='bbox 3635 2834 3649 2847; x_wconf 81' lang='grc'>⁶</span> <span class='ocrx_word' id='word_1_461' title='bbox 3705 2821 3756 2871; x_wconf 76' lang='grc' dir='ltr'>εἰ</span> 
     </span>
    </p>
   </div>
   <div class='ocr_carea' id='block_1_60' title="bbox 515 2896 2085 2976">
    <p class='ocr_par' dir='ltr' id='par_1_60' title="bbox 515 2896 2080 2970">
     <span class='ocr_line' id='line_1_60' title="bbox 515 2896 2080 2970; baseline 0.003 -17"><span class='ocrx_word' id='word_1_462' title='bbox 515 2896 700 2967; x_wconf 86' lang='lat' dir='ltr'><strong>itaque</strong></span> <span class='ocrx_word' id='word_1_463' title='bbox 737 2896 948 2967; x_wconf 89' lang='lat' dir='ltr'><strong>culpam</strong></span> <span class='ocrx_word' id='word_1_464' title='bbox 995 2898 1184 2953; x_wconf 87' lang='lat' dir='ltr'><strong>confer</strong></span> <span class='ocrx_word' id='word_1_465' title='bbox 1215 2899 1266 2953; x_wconf 94' lang='lat' dir='ltr'><strong>in</strong></span> <span class='ocrx_word' id='word_1_466' title='bbox 1301 2913 1425 2954; x_wconf 91' lang='lat' dir='ltr'><strong>eum</strong></span> <span class='ocrx_word' id='word_1_467' title='bbox 1452 2901 1546 2970; x_wconf 91' lang='lat' dir='ltr'><strong>qui</strong></span> <span class='ocrx_word' id='word_1_468' title='bbox 1595 2902 1847 2957; x_wconf 86' lang='lat' dir='ltr'><strong>inimicos</strong></span> <span class='ocrx_word' id='word_1_469' title='bbox 1898 2904 2080 2968; x_wconf 89' lang='lat' dir='ltr'><strong>habet,</strong></span> 
     </span>
    </p>
   </div>
   <div class='ocr_carea' id='block_1_61' title="bbox 2186 2896 3754 2976">
    <p class='ocr_par' dir='ltr' id='par_1_61' title="bbox 2189 2900 3754 2976">
     <span class='ocr_line' id='line_1_61' title="bbox 2189 2900 3754 2976; baseline 0.006 -23"><span class='ocrx_word' id='word_1_470' title='bbox 2189 2900 2250 2953; x_wconf 87' lang='grc' dir='ltr'><strong>οὐ</strong></span> <span class='ocrx_word' id='word_1_471' title='bbox 2309 2900 2555 2971; x_wconf 82' lang='grc' dir='ltr'>βούλεται</span> <span class='ocrx_word' id='word_1_472' title='bbox 2606 2905 2634 2955; x_wconf 90' lang='grc' dir='ltr'>ὁ</span> <span class='ocrx_word' id='word_1_473' title='bbox 2684 2904 2887 2975; x_wconf 85' lang='grc' dir='ltr'>ἀσεϐὴς</span> <span class='ocrx_word' id='word_1_474' title='bbox 2927 2904 3046 2976; x_wconf 82' lang='grc' dir='ltr'>[τὴν</span> <span class='ocrx_word' id='word_1_475' title='bbox 3107 2907 3391 2961; x_wconf 81' lang='grc' dir='ltr'>εὐσεϐείαν</span> <span class='ocrx_word' id='word_1_476' title='bbox 3444 2910 3754 2974; x_wconf 78' lang='grc' dir='ltr'>ἀσπάζειν,</span> 
     </span>
    </p>
   </div>
   <div class='ocr_carea' id='block_1_62' title="bbox 514 2985 2085 3071">
    <p class='ocr_par' dir='ltr' id='par_1_62' title="bbox 514 2985 2081 3058">
     <span class='ocr_line' id='line_1_62' title="bbox 514 2985 2081 3058; baseline 0.003 -17"><span class='ocrx_word' id='word_1_477' title='bbox 514 2986 611 3042; x_wconf 82' lang='lat' dir='ltr'><strong>sed</strong></span> <span class='ocrx_word' id='word_1_478' title='bbox 627 2985 723 3057; x_wconf 92' lang='lat' dir='ltr'><strong>qui</strong></span> <span class='ocrx_word' id='word_1_479' title='bbox 755 2988 857 3043; x_wconf 90' lang='lat' dir='ltr'><strong>sibi</strong></span> <span class='ocrx_word' id='word_1_480' title='bbox 885 2988 986 3057; x_wconf 92' lang='lat' dir='ltr'><strong>ipsi</strong></span> <span class='ocrx_word' id='word_1_481' title='bbox 1015 2988 1269 3045; x_wconf 89' lang='lat' dir='ltr'><strong>inimicos</strong></span> <span class='ocrx_word' id='word_1_482' title='bbox 1292 2992 1567 3046; x_wconf 87' lang='lat' dir='ltr'><strong>conciliat.</strong></span> <span class='ocrx_word' id='word_1_483' title='bbox 1586 2990 1737 3058; x_wconf 86' lang='lat' dir='ltr'><strong>Quod</strong></span> <span class='ocrx_word' id='word_1_484' title='bbox 1762 2994 1806 3047; x_wconf 87' lang='lat' dir='ltr'><strong>si</strong></span> <span class='ocrx_word' id='word_1_485' title='bbox 1838 2994 1943 3048; x_wconf 83' lang='lat' dir='ltr'><strong>luci</strong></span> <span class='ocrx_word' id='word_1_486' title='bbox 1960 3008 2081 3048; x_wconf 91' lang='lat' dir='ltr'><strong>cum</strong></span> 
     </span>
    </p>
   </div>
   <div class='ocr_carea' id='block_1_63' title="bbox 2186 2985 3756 3071">
    <p class='ocr_par' dir='ltr' id='par_1_63' title="bbox 2190 2991 3756 3071">
     <span class='ocr_line' id='line_1_63' title="bbox 2190 2991 3756 3071; baseline 0.008 -27"><span class='ocrx_word' id='word_1_487' title='bbox 2190 2991 2341 3044; x_wconf 82' lang='grc' dir='ltr'>οὐδὲν</span> <span class='ocrx_word' id='word_1_488' title='bbox 2370 2992 2519 3062; x_wconf 87' lang='grc' dir='ltr'><strong>παρά</strong></span> <span class='ocrx_word' id='word_1_489' title='bbox 2551 2993 2640 3046; x_wconf 85' lang='grc' dir='ltr'><strong>τὸν</strong></span> <span class='ocrx_word' id='word_1_490' title='bbox 2692 2996 2928 3067; x_wconf 84' lang='grc' dir='ltr'>εὐσεϐῆ·</span> <span class='ocrx_word' id='word_1_491' title='bbox 2985 2998 3035 3050; x_wconf 81' lang='grc' dir='ltr'><strong>εί</strong></span> <span class='ocrx_word' id='word_1_492' title='bbox 3085 2999 3146 3051; x_wconf 91' lang='grc' dir='ltr'><strong>οὐ</strong></span> <span class='ocrx_word' id='word_1_493' title='bbox 3198 2999 3447 3069; x_wconf 84' lang='grc' dir='ltr'>βούλεται</span> <span class='ocrx_word' id='word_1_494' title='bbox 3497 3005 3526 3054; x_wconf 88' lang='grc' dir='ltr'><strong>ὁ</strong></span> <span class='ocrx_word' id='word_1_495' title='bbox 3562 3002 3756 3071; x_wconf 83' lang='grc' dir='ltr'>λάγνος</span> 
     </span>
    </p>
   </div>
   <div class='ocr_carea' id='block_1_64' title="bbox 515 3078 2085 3164">
    <p class='ocr_par' dir='ltr' id='par_1_64' title="bbox 515 3078 2085 3155">
     <span class='ocr_line' id='line_1_64' title="bbox 515 3078 2085 3155; baseline 0.006 -23"><span class='ocrx_word' id='word_1_496' title='bbox 515 3078 754 3134; x_wconf 87' lang='lat' dir='ltr'><strong>tenebris</strong></span> <span class='ocrx_word' id='word_1_497' title='bbox 781 3095 885 3135; x_wconf 92' lang='lat' dir='ltr'><strong>non</strong></span> <span class='ocrx_word' id='word_1_498' title='bbox 920 3080 1057 3135; x_wconf 84' lang='lat' dir='ltr'><strong>bene</strong></span> <span class='ocrx_word' id='word_1_499' title='bbox 1083 3082 1337 3137; x_wconf 83' lang='lat' dir='ltr'><strong>convenit</strong></span> <span class='ocrx_word' id='word_1_500' title='bbox 1370 3083 1570 3153; x_wconf 88' lang='lat' dir='ltr'><strong>(neque</strong></span> <span class='ocrx_word' id='word_1_501' title='bbox 1596 3086 1741 3140; x_wconf 92' lang='lat' dir='ltr'><strong>enim</strong></span> <span class='ocrx_word' id='word_1_502' title='bbox 1779 3095 1955 3155; x_wconf 88' lang='lat' dir='ltr'><strong>potest</strong></span> <span class='ocrx_word' id='word_1_503' title='bbox 1986 3089 2085 3142; x_wconf 93' lang='lat' dir='ltr'><strong>hoc</strong></span> 
     </span>
    </p>
   </div>
   <div class='ocr_carea' id='block_1_65' title="bbox 2186 3078 3750 3164">
    <p class='ocr_par' dir='ltr' id='par_1_65' title="bbox 2186 3082 3750 3164">
     <span class='ocr_line' id='line_1_65' title="bbox 2186 3082 3750 3164; baseline 0.008 -29"><span class='ocrx_word' id='word_1_504' title='bbox 2186 3082 2284 3154; x_wconf 84' lang='grc' dir='ltr'>τὴν</span> <span class='ocrx_word' id='word_1_505' title='bbox 2307 3082 2416 3155; x_wconf 84' lang='lat'>(99)</span> <span class='ocrx_word' id='word_1_506' title='bbox 2439 3082 2458 3155; x_wconf 93' lang='lat'>]</span> <span class='ocrx_word' id='word_1_507' title='bbox 2497 3086 2849 3157; x_wconf 81' lang='grc' dir='ltr'>σωφροσύνην</span> <span class='ocrx_word' id='word_1_508' title='bbox 2883 3090 3144 3159; x_wconf 81' lang='grc' dir='ltr'>ἀσκῆσαι,</span> <span class='ocrx_word' id='word_1_509' title='bbox 3170 3093 3321 3145; x_wconf 81' lang='grc' dir='ltr'>οὐδὲν</span> <span class='ocrx_word' id='word_1_510' title='bbox 3348 3095 3498 3164; x_wconf 81' lang='grc' dir='ltr'><strong>παρά</strong></span> <span class='ocrx_word' id='word_1_511' title='bbox 3520 3095 3612 3147; x_wconf 75' lang='grc' dir='ltr'><strong>τὸν</strong></span> <span class='ocrx_word' id='word_1_512' title='bbox 3642 3095 3750 3147; x_wconf 84' lang='grc' dir='ltr'>σῶ-</span> 
     </span>
    </p>
   </div>
   <div class='ocr_carea' id='block_1_66' title="bbox 513 3168 2085 3255">
    <p class='ocr_par' dir='ltr' id='par_1_66' title="bbox 513 3168 2085 3248">
     <span class='ocr_line' id='line_1_66' title="bbox 513 3168 2085 3248; baseline 0.006 -26"><span class='ocrx_word' id='word_1_513' title='bbox 513 3168 680 3237; x_wconf 85' lang='lat' dir='ltr'><strong>ﬁeri),</strong></span> <span class='ocrx_word' id='word_1_514' title='bbox 717 3170 851 3223; x_wconf 89' lang='lat' dir='ltr'><strong>nihil</strong></span> <span class='ocrx_word' id='word_1_515' title='bbox 871 3171 978 3225; x_wconf 89' lang='lat' dir='ltr'><strong>hoc</strong></span> <span class='ocrx_word' id='word_1_516' title='bbox 1008 3173 1076 3227; x_wconf 92' lang='lat' dir='ltr'><strong>ad</strong></span> <span class='ocrx_word' id='word_1_517' title='bbox 1109 3173 1283 3229; x_wconf 90' lang='lat' dir='ltr'><strong>lucem</strong></span> <span class='ocrx_word' id='word_1_518' title='bbox 1311 3191 1326 3241; x_wconf 90' lang='lat'>;</span> <span class='ocrx_word' id='word_1_519' title='bbox 1353 3175 1397 3229; x_wconf 91' lang='lat' dir='ltr'><strong>si</strong></span> <span class='ocrx_word' id='word_1_520' title='bbox 1423 3191 1526 3229; x_wconf 93' lang='lat' dir='ltr'><strong>non</strong></span> <span class='ocrx_word' id='word_1_521' title='bbox 1556 3176 1668 3229; x_wconf 90' lang='lat' dir='ltr'><strong>vult</strong></span> <span class='ocrx_word' id='word_1_522' title='bbox 1699 3178 1895 3247; x_wconf 90' lang='lat' dir='ltr'><strong>impius</strong></span> <span class='ocrx_word' id='word_1_523' title='bbox 1916 3180 2085 3248; x_wconf 86' lang='lat' dir='ltr'><strong>pieta-</strong></span> 
     </span>
    </p>
   </div>
   <div class='ocr_carea' id='block_1_67' title="bbox 2186 3168 3751 3255">
    <p class='ocr_par' dir='ltr' id='par_1_67' title="bbox 2186 3176 3751 3255">
     <span class='ocr_line' id='line_1_67' title="bbox 2186 3176 3751 3255; baseline 0.009 -30"><span class='ocrx_word' id='word_1_524' title='bbox 2186 3190 2360 3246; x_wconf 82' lang='grc' dir='ltr'>φρονα</span> <span class='ocrx_word' id='word_1_525' title='bbox 2384 3189 2399 3204; x_wconf 79' lang='grc'><strong><em>⁸</em></strong></span> <span class='ocrx_word' id='word_1_526' title='bbox 2439 3177 2487 3227; x_wconf 80' lang='grc' dir='ltr'><strong>εί</strong></span> <span class='ocrx_word' id='word_1_527' title='bbox 2517 3177 2578 3228; x_wconf 90' lang='grc' dir='ltr'><strong>οὐ</strong></span> <span class='ocrx_word' id='word_1_528' title='bbox 2614 3176 2860 3246; x_wconf 84' lang='grc' dir='ltr'>βούλεται</span> <span class='ocrx_word' id='word_1_529' title='bbox 2879 3180 2908 3231; x_wconf 83' lang='grc' dir='ltr'><strong>ὁ</strong></span> <span class='ocrx_word' id='word_1_530' title='bbox 2951 3180 3135 3244; x_wconf 82' lang='grc' dir='ltr'>ἄδικος</span> <span class='ocrx_word' id='word_1_531' title='bbox 3174 3183 3476 3255; x_wconf 81' lang='grc' dir='ltr'>ἀποστῆναι</span> <span class='ocrx_word' id='word_1_532' title='bbox 3505 3186 3605 3255; x_wconf 80' lang='grc' dir='ltr'>τῆς</span> <span class='ocrx_word' id='word_1_533' title='bbox 3628 3187 3751 3239; x_wconf 83' lang='grc' dir='ltr'>ἀδι-</span> 
     </span>
    </p>
   </div>
   <div class='ocr_carea' id='block_1_68' title="bbox 515 3260 2085 3348">
    <p class='ocr_par' dir='ltr' id='par_1_68' title="bbox 515 3260 2085 3348">
     <span class='ocr_line' id='line_1_68' title="bbox 515 3260 2085 3348; baseline 0.01 -38"><span class='ocrx_word' id='word_1_534' title='bbox 515 3269 622 3348; x_wconf 80' lang='lat' dir='ltr'><strong>tem</strong></span> <span class='ocrx_word' id='word_1_535' title='bbox 656 3260 924 3328; x_wconf 90' lang='lat' dir='ltr'><strong>amplecti,</strong></span> <span class='ocrx_word' id='word_1_536' title='bbox 954 3262 1085 3316; x_wconf 86' lang='lat' dir='ltr'><strong>nihil</strong></span> <span class='ocrx_word' id='word_1_537' title='bbox 1114 3264 1217 3317; x_wconf 89' lang='lat' dir='ltr'><strong>hoc</strong></span> <span class='ocrx_word' id='word_1_538' title='bbox 1242 3265 1308 3319; x_wconf 90' lang='lat' dir='ltr'><strong>ad</strong></span> <span class='ocrx_word' id='word_1_539' title='bbox 1342 3267 1530 3334; x_wconf 89' lang='lat' dir='ltr'><strong>pium;</strong></span> <span class='ocrx_word' id='word_1_540' title='bbox 1587 3268 1631 3321; x_wconf 89' lang='lat' dir='ltr'><strong>si</strong></span> <span class='ocrx_word' id='word_1_541' title='bbox 1674 3283 1779 3323; x_wconf 90' lang='lat' dir='ltr'><strong>non</strong></span> <span class='ocrx_word' id='word_1_542' title='bbox 1814 3270 1929 3323; x_wconf 89' lang='lat' dir='ltr'><strong>vult</strong></span> <span class='ocrx_word' id='word_1_543' title='bbox 1966 3271 2085 3325; x_wconf 90' lang='lat' dir='ltr'><strong>libi-</strong></span> 
     </span>
    </p>
   </div>
   <div class='ocr_carea' id='block_1_69' title="bbox 2186 3260 3753 3348">
    <p class='ocr_par' dir='ltr' id='par_1_69' title="bbox 2186 3265 3753 3348">
     <span class='ocr_line' id='line_1_69' title="bbox 2186 3265 3753 3348; baseline 0.009 -31"><span class='ocrx_word' id='word_1_544' title='bbox 2186 3265 2333 3331; x_wconf 88' lang='grc' dir='ltr'>κίας,</span> <span class='ocrx_word' id='word_1_545' title='bbox 2375 3265 2525 3319; x_wconf 76' lang='grc' dir='ltr'>οὐδὲν</span> <span class='ocrx_word' id='word_1_546' title='bbox 2555 3267 2705 3335; x_wconf 85' lang='grc' dir='ltr'><strong>παρά</strong></span> <span class='ocrx_word' id='word_1_547' title='bbox 2730 3269 2821 3321; x_wconf 83' lang='grc' dir='ltr'><strong>τὸν</strong></span> <span class='ocrx_word' id='word_1_548' title='bbox 2859 3270 3067 3323; x_wconf 89' lang='grc' dir='ltr'>δίκαιον</span> <span class='ocrx_word' id='word_1_549' title='bbox 3092 3287 3105 3301; x_wconf 75' lang='grc'><strong><em>⁸</em></strong></span> <span class='ocrx_word' id='word_1_550' title='bbox 3147 3274 3286 3329; x_wconf 79' lang='grc' dir='ltr'><strong>ἀλλά</strong></span> <span class='ocrx_word' id='word_1_551' title='bbox 3327 3278 3455 3348; x_wconf 73' lang='grc' dir='ltr'>παρ’</span> <span class='ocrx_word' id='word_1_552' title='bbox 3485 3279 3753 3344; x_wconf 73' lang='grc' dir='ltr'>ἐκείνους,</span> 
     </span>
    </p>
   </div>
   <div class='ocr_carea' id='block_1_70' title="bbox 515 3344 2085 3436">
    <p class='ocr_par' dir='ltr' id='par_1_70' title="bbox 515 3344 2085 3416">
     <span class='ocr_line' id='line_1_70' title="bbox 515 3344 2085 3416; baseline 0.009 -17"><span class='ocrx_word' id='word_1_553' title='bbox 515 3344 741 3400; x_wconf 86' lang='lat' dir='ltr'><strong>dinosus</strong></span> <span class='ocrx_word' id='word_1_554' title='bbox 784 3348 1090 3403; x_wconf 89' lang='lat' dir='ltr'><strong>castitatem</strong></span> <span class='ocrx_word' id='word_1_555' title='bbox 1122 3351 1320 3416; x_wconf 89' lang='lat' dir='ltr'><strong>colere,</strong></span> <span class='ocrx_word' id='word_1_556' title='bbox 1370 3353 1507 3407; x_wconf 87' lang='lat' dir='ltr'><strong>nihil</strong></span> <span class='ocrx_word' id='word_1_557' title='bbox 1540 3355 1646 3408; x_wconf 86' lang='lat' dir='ltr'><strong>hoc</strong></span> <span class='ocrx_word' id='word_1_558' title='bbox 1699 3357 1765 3410; x_wconf 88' lang='lat' dir='ltr'><strong>ad</strong></span> <span class='ocrx_word' id='word_1_559' title='bbox 1813 3357 2085 3413; x_wconf 90' lang='lat' dir='ltr'><strong>hominem</strong></span> 
     </span>
    </p>
   </div>
   <div class='ocr_carea' id='block_1_71' title="bbox 2186 3344 3754 3436">
    <p class='ocr_par' dir='ltr' id='par_1_71' title="bbox 2186 3359 3754 3436">
     <span class='ocr_line' id='line_1_71' title="bbox 2186 3359 3754 3436; baseline 0.005 -25"><span class='ocrx_word' id='word_1_560' title='bbox 2186 3360 2309 3422; x_wconf 83' lang='grc' dir='ltr'>τοὺς</span> <span class='ocrx_word' id='word_1_561' title='bbox 2330 3359 2548 3429; x_wconf 74' lang='grc' dir='ltr'>ἔλεγχον</span> <span class='ocrx_word' id='word_1_562' title='bbox 2581 3360 2917 3431; x_wconf 83' lang='grc' dir='ltr'>ἡγουμένους</span> <span class='ocrx_word' id='word_1_563' title='bbox 2956 3366 3055 3436; x_wconf 83' lang='grc' dir='ltr'><strong>τῆς</strong></span> <span class='ocrx_word' id='word_1_564' title='bbox 3089 3366 3238 3433; x_wconf 77' lang='grc' dir='ltr'>σφῶν</span> <span class='ocrx_word' id='word_1_565' title='bbox 3278 3367 3479 3429; x_wconf 82' lang='grc' dir='ltr'>κακίας</span> <span class='ocrx_word' id='word_1_566' title='bbox 3510 3366 3609 3429; x_wconf 77' lang='grc' dir='ltr'>τὰς</span> <span class='ocrx_word' id='word_1_567' title='bbox 3640 3366 3754 3419; x_wconf 79' lang='grc' dir='ltr'><strong>τῶν</strong></span> 
     </span>
    </p>
   </div>
   <div class='ocr_carea' id='block_1_72' title="bbox 516 3443 2085 3521">
    <p class='ocr_par' dir='ltr' id='par_1_72' title="bbox 516 3443 2085 3515">
     <span class='ocr_line' id='line_1_72' title="bbox 516 3443 2085 3515; baseline 0.011 -27"><span class='ocrx_word' id='word_1_568' title='bbox 516 3446 909 3504; x_wconf 89' lang='lat' dir='ltr'><strong>temperantem</strong></span> <span class='ocrx_word' id='word_1_569' title='bbox 949 3447 1003 3494; x_wconf 92' lang='lat' dir='ltr'><strong>et</strong></span> <span class='ocrx_word' id='word_1_570' title='bbox 1039 3452 1285 3508; x_wconf 88' lang='lat' dir='ltr'><strong>castum;</strong></span> <span class='ocrx_word' id='word_1_571' title='bbox 1329 3443 1377 3498; x_wconf 92' lang='lat' dir='ltr'><strong>si</strong></span> <span class='ocrx_word' id='word_1_572' title='bbox 1424 3459 1528 3500; x_wconf 92' lang='lat' dir='ltr'><strong>non</strong></span> <span class='ocrx_word' id='word_1_573' title='bbox 1563 3446 1678 3501; x_wconf 88' lang='lat' dir='ltr'><strong>vult</strong></span> <span class='ocrx_word' id='word_1_574' title='bbox 1723 3446 1955 3515; x_wconf 88' lang='lat' dir='ltr'><strong>injustus</strong></span> <span class='ocrx_word' id='word_1_575' title='bbox 1994 3452 2085 3504; x_wconf 90' lang='lat' dir='ltr'><strong>de-</strong></span> 
     </span>
    </p>
   </div>
   <div class='ocr_carea' id='block_1_73' title="bbox 2186 3443 2599 3521">
    <p class='ocr_par' dir='ltr' id='par_1_73' title="bbox 2187 3450 2599 3521">
     <span class='ocr_line' id='line_1_73' title="bbox 2187 3450 2599 3521; baseline 0.005 -20"><span class='ocrx_word' id='word_1_576' title='bbox 2187 3450 2356 3513; x_wconf 83' lang='grc' dir='ltr'>πέλας</span> <span class='ocrx_word' id='word_1_577' title='bbox 2380 3451 2599 3521; x_wconf 85' lang='grc' dir='ltr'>ἀρετάς.</span> 
     </span>
    </p>
   </div>
   <div class='ocr_carea' id='block_1_74' title="bbox 513 3525 3749 3622">
    <p class='ocr_par' dir='ltr' id='par_1_74' title="bbox 513 3525 3749 3622">
     <span class='ocr_line' id='line_1_74' title="bbox 513 3525 3749 3622; baseline 0.01 -45"><span class='ocrx_word' id='word_1_578' title='bbox 513 3525 708 3580; x_wconf 84' lang='lat' dir='ltr'><strong>sistere</strong></span> <span class='ocrx_word' id='word_1_579' title='bbox 736 3528 803 3583; x_wconf 92' lang='lat' dir='ltr'><strong>ab</strong></span> <span class='ocrx_word' id='word_1_580' title='bbox 834 3528 1120 3596; x_wconf 86' lang='lat' dir='ltr'><strong>injustitia,</strong></span> <span class='ocrx_word' id='word_1_581' title='bbox 1163 3532 1298 3586; x_wconf 91' lang='lat' dir='ltr'><strong>nihil</strong></span> <span class='ocrx_word' id='word_1_582' title='bbox 1339 3534 1442 3589; x_wconf 91' lang='lat' dir='ltr'><strong>hoc</strong></span> <span class='ocrx_word' id='word_1_583' title='bbox 1479 3536 1548 3590; x_wconf 90' lang='lat' dir='ltr'><strong>ad</strong></span> <span class='ocrx_word' id='word_1_584' title='bbox 1594 3536 1821 3605; x_wconf 88' lang='lat' dir='ltr'><strong>justum,</strong></span> <span class='ocrx_word' id='word_1_585' title='bbox 1873 3541 1966 3593; x_wconf 91' lang='lat' dir='ltr'><strong>sed</strong></span> <span class='ocrx_word' id='word_1_586' title='bbox 2015 3541 2080 3593; x_wconf 90' lang='lat' dir='ltr'><strong>ad</strong></span> <span class='ocrx_word' id='word_1_587' title='bbox 2120 3555 2213 3595; x_wconf 91' lang='lat' dir='ltr'><strong>eos</strong></span> <span class='ocrx_word' id='word_1_588' title='bbox 2283 3542 2518 3610; x_wconf 89' lang='lat' dir='ltr'><strong>pertinet</strong></span> <span class='ocrx_word' id='word_1_589' title='bbox 2560 3557 2842 3610; x_wconf 81' lang='lat' dir='ltr'><strong>orourum,</strong></span> <span class='ocrx_word' id='word_1_590' title='bbox 2870 3547 2959 3615; x_wconf 87' lang='lat' dir='ltr'><strong>qui</strong></span> <span class='ocrx_word' id='word_1_591' title='bbox 3015 3562 3125 3602; x_wconf 73' lang='lat' dir='ltr'><strong>sum</strong></span> <span class='ocrx_word' id='word_1_592' title='bbox 3178 3548 3535 3618; x_wconf 86' lang='lat' dir='ltr'><strong>improbitatis</strong></span> <span class='ocrx_word' id='word_1_593' title='bbox 3563 3565 3749 3622; x_wconf 80' lang='lat' dir='ltr'><strong>repre-</strong></span> 
     </span>
    </p>
   </div>
   <div class='ocr_carea' id='block_1_75' title="bbox 512 3615 2501 3689">
    <p class='ocr_par' dir='ltr' id='par_1_75' title="bbox 512 3615 2501 3689">
     <span class='ocr_line' id='line_1_75' title="bbox 512 3615 2501 3689; baseline 0.009 -18"><span class='ocrx_word' id='word_1_594' title='bbox 512 3615 827 3673; x_wconf 88' lang='lat' dir='ltr'><strong>heusionem</strong></span> <span class='ocrx_word' id='word_1_595' title='bbox 859 3633 977 3675; x_wconf 87' lang='lat' dir='ltr'><strong>esse</strong></span> <span class='ocrx_word' id='word_1_596' title='bbox 1004 3621 1229 3677; x_wconf 88' lang='lat' dir='ltr'><strong>aliorum</strong></span> <span class='ocrx_word' id='word_1_597' title='bbox 1261 3624 1403 3679; x_wconf 87' lang='lat' dir='ltr'><strong>circa</strong></span> <span class='ocrx_word' id='word_1_598' title='bbox 1434 3641 1494 3680; x_wconf 88' lang='lat' dir='ltr'><strong>se</strong></span> <span class='ocrx_word' id='word_1_599' title='bbox 1560 3628 1837 3682; x_wconf 90' lang='lat' dir='ltr'><strong>hominum</strong></span> <span class='ocrx_word' id='word_1_600' title='bbox 1881 3630 2112 3687; x_wconf 84' lang='lat' dir='ltr'><strong>virtutes</strong></span> <span class='ocrx_word' id='word_1_601' title='bbox 2148 3632 2501 3689; x_wconf 87' lang='lat' dir='ltr'><strong>arbitrantur.</strong></span> 
     </span>
    </p>
   </div>
   <div class='ocr_carea' id='block_1_76' title="bbox 689 3768 1899 3835">
    <p class='ocr_par' dir='ltr' id='par_1_76' title="bbox 689 3768 1899 3835">
     <span class='ocr_line' id='line_1_76' title="bbox 689 3768 1899 3835; baseline 0.006 -9"><span class='ocrx_word' id='word_1_602' title='bbox 689 3768 917 3826; x_wconf 76' lang='lat' dir='ltr'><strong>CCXXI.</strong></span> <span class='ocrx_word' id='word_1_603' title='bbox 951 3800 1023 3812; x_wconf 97' lang='lat'><strong><em>—</em></strong></span> <span class='ocrx_word' id='word_1_604' title='bbox 1054 3771 1358 3829; x_wconf 81' lang='lat' dir='ltr'><strong>ALYMPIO</strong></span> <span class='ocrx_word' id='word_1_605' title='bbox 1395 3775 1899 3835; x_wconf 80' lang='lat' dir='ltr'><strong>SCHOLASTICO.</strong></span> 
     </span>
    </p>
   </div>
   <div class='ocr_carea' id='block_1_77' title="bbox 510 3878 2084 3958">
    <p class='ocr_par' dir='ltr' id='par_1_77' title="bbox 510 3878 2084 3958">
     <span class='ocr_line' id='line_1_77' title="bbox 510 3878 2084 3958; baseline 0.006 -23"><span class='ocrx_word' id='word_1_606' title='bbox 510 3878 590 3935; x_wconf 80' lang='lat' dir='ltr'><strong>De</strong></span> <span class='ocrx_word' id='word_1_607' title='bbox 617 3878 851 3958; x_wconf 67' lang='lat' dir='ltr'><strong>lectione,</strong></span> <span class='ocrx_word' id='word_1_608' title='bbox 876 3890 1060 3958; x_wconf 55' lang='lat' dir='ltr'><strong>contra</strong></span> <span class='ocrx_word' id='word_1_609' title='bbox 1094 3882 1327 3948; x_wconf 66' lang='lat' dir='ltr'><strong>Graecos,</strong></span> <span class='ocrx_word' id='word_1_610' title='bbox 1358 3887 1421 3940; x_wconf 80' lang='lat' dir='ltr'><strong>de</strong></span> <span class='ocrx_word' id='word_1_611' title='bbox 1477 3891 1650 3958; x_wconf 84' lang='lat' dir='ltr'><strong>gratia</strong></span> <span class='ocrx_word' id='word_1_612' title='bbox 1691 3891 1946 3945; x_wconf 81' lang='lat' dir='ltr'><strong>divinitus</strong></span> <span class='ocrx_word' id='word_1_613' title='bbox 2001 3894 2084 3945; x_wconf 81' lang='lat' dir='ltr'><strong>in-</strong></span> 
     </span>
    </p>
   </div>
   <div class='ocr_carea' id='block_1_78' title="bbox 580 3950 2081 4088">
    <p class='ocr_par' dir='ltr' id='par_1_78' title="bbox 580 3950 2081 4088">
     <span class='ocr_line' id='line_1_78' title="bbox 580 3950 2081 4088; baseline 0.009 -85"><span class='ocrx_word' id='word_1_614' title='bbox 580 3950 902 4088; x_wconf 49' lang='grc' dir='ltr'>εεζξεῖἑιηι</span> <span class='ocrx_word' id='word_1_615' title='bbox 931 3950 1348 4022; x_wconf 83' lang='lat' dir='ltr'><strong>Scripturarum,</strong></span> <span class='ocrx_word' id='word_1_616' title='bbox 1390 3950 1552 4026; x_wconf 47' lang='lat' dir='ltr'><strong>deq&#39;ue</strong></span> <span class='ocrx_word' id='word_1_617' title='bbox 1591 3962 1814 4014; x_wconf 86' lang='lat' dir='ltr'><strong>utilitate</strong></span> <span class='ocrx_word' id='word_1_618' title='bbox 1870 3979 1935 4016; x_wconf 80' lang='lat' dir='ltr'><strong>ea:</strong></span> <span class='ocrx_word' id='word_1_619' title='bbox 1974 3962 2081 4018; x_wconf 76' lang='lat' dir='ltr'><strong>illis</strong></span> 
     </span>
     <span class='ocr_line' id='line_1_79' title="bbox 580 4036 860 4074; baseline 0.004 -1"><span class='ocrx_word' id='word_1_620' title='bbox 580 4036 607 4073; x_wconf 84' lang='lat' dir='ltr'><strong>c</strong></span> <span class='ocrx_word' id='word_1_621' title='bbox 683 4037 698 4073; x_wconf 86' lang='lat' dir='ltr'><strong>i</strong></span> <span class='ocrx_word' id='word_1_622' title='bbox 844 4059 860 4074; x_wconf 97' lang='lat'><strong>.</strong></span> 
     </span>
    </p>
   </div>
   <div class='ocr_carea' id='block_1_79' title="bbox 683 4037 860 4074">
    <p class='ocr_par' dir='ltr' id='par_1_79' title="bbox 683 4037 860 4074">
     <span class='ocr_line' id='line_1_80' title="bbox 683 4037 860 4074; baseline 0.006 -1"><span class='ocrx_word' id='word_1_623' title='bbox 683 4037 860 4074; x_wconf 75' lang='grc' dir='ltr'>ιεηαα.</span> 
     </span>
    </p>
   </div>
   <div class='ocr_carea' id='block_1_80' title="bbox 577 4172 2075 4251">
    <p class='ocr_par' dir='ltr' id='par_1_80' title="bbox 577 4172 2075 4251">
     <span class='ocr_line' id='line_1_81' title="bbox 577 4172 2075 4251; baseline 0.012 -26"><span class='ocrx_word' id='word_1_624' title='bbox 577 4172 865 4239; x_wconf 82' lang='lat' dir='ltr'><strong>Quoniam,</strong></span> <span class='ocrx_word' id='word_1_625' title='bbox 893 4183 952 4228; x_wconf 92' lang='lat' dir='ltr'><strong>ut</strong></span> <span class='ocrx_word' id='word_1_626' title='bbox 980 4175 1186 4240; x_wconf 87' lang='lat' dir='ltr'><strong>aiebas,</strong></span> <span class='ocrx_word' id='word_1_627' title='bbox 1214 4175 1388 4232; x_wconf 85' lang='lat' dir='ltr'><strong>fontes</strong></span> <span class='ocrx_word' id='word_1_628' title='bbox 1411 4193 1719 4233; x_wconf 88' lang='lat' dir='ltr'><strong>sermonum</strong></span> <span class='ocrx_word' id='word_1_629' title='bbox 1738 4184 2075 4251; x_wconf 86' lang='lat' dir='ltr'><strong>quiescentes</strong></span> 
     </span>
    </p>
   </div>
   <div class='ocr_carea' id='block_1_81' title="bbox 508 4260 2073 4342">
    <p class='ocr_par' dir='ltr' id='par_1_81' title="bbox 508 4260 2073 4342">
     <span class='ocr_line' id='line_1_82' title="bbox 508 4260 2073 4342; baseline 0.011 -28"><span class='ocrx_word' id='word_1_630' title='bbox 508 4260 749 4315; x_wconf 87' lang='lat' dir='ltr'><strong>animam</strong></span> <span class='ocrx_word' id='word_1_631' title='bbox 781 4261 994 4333; x_wconf 80' lang='lat' dir='ltr'><strong>irrigari</strong></span> <span class='ocrx_word' id='word_1_632' title='bbox 1039 4266 1344 4333; x_wconf 90' lang='lat' dir='ltr'><strong>cupientem</strong></span> <span class='ocrx_word' id='word_1_633' title='bbox 1387 4268 1756 4326; x_wconf 83' lang='lat' dir='ltr'><strong>labefaciunt:</strong></span> <span class='ocrx_word' id='word_1_634' title='bbox 1789 4274 1909 4329; x_wconf 91' lang='lat' dir='ltr'><strong>illos</strong></span> <span class='ocrx_word' id='word_1_635' title='bbox 1945 4278 2073 4342; x_wconf 90' lang='lat' dir='ltr'><strong>tibi,</strong></span> 
     </span>
    </p>
   </div>
   <div class='ocr_carea' id='block_1_82' title="bbox 509 4349 2076 4424">
    <p class='ocr_par' dir='ltr' id='par_1_82' title="bbox 509 4349 2076 4424">
     <span class='ocr_line' id='line_1_83' title="bbox 509 4349 2076 4424; baseline 0.011 -20"><span class='ocrx_word' id='word_1_636' title='bbox 509 4349 591 4405; x_wconf 90' lang='lat' dir='ltr'><strong>vir</strong></span> <span class='ocrx_word' id='word_1_637' title='bbox 624 4352 1015 4419; x_wconf 85' lang='lat' dir='ltr'><strong>eruditissime,</strong></span> <span class='ocrx_word' id='word_1_638' title='bbox 1047 4358 1309 4412; x_wconf 88' lang='lat' dir='ltr'><strong>suaserim</strong></span> <span class='ocrx_word' id='word_1_639' title='bbox 1336 4369 1395 4413; x_wconf 90' lang='lat' dir='ltr'><strong>ut</strong></span> <span class='ocrx_word' id='word_1_640' title='bbox 1431 4363 1664 4417; x_wconf 86' lang='lat' dir='ltr'><strong>maxime</strong></span> <span class='ocrx_word' id='word_1_641' title='bbox 1692 4378 1937 4423; x_wconf 82' lang='lat' dir='ltr'><strong>reserare</strong></span> <span class='ocrx_word' id='word_1_642' title='bbox 1963 4380 2076 4424; x_wconf 89' lang='lat' dir='ltr'><strong>stu-</strong></span> 
     </span>
    </p>
   </div>
   <div class='ocr_carea' id='block_1_83' title="bbox 507 4442 2071 4527">
    <p class='ocr_par' dir='ltr' id='par_1_83' title="bbox 507 4442 2071 4527">
     <span class='ocr_line' id='line_1_84' title="bbox 507 4442 2071 4527; baseline 0.013 -31"><span class='ocrx_word' id='word_1_643' title='bbox 507 4442 657 4511; x_wconf 86' lang='lat' dir='ltr'><strong>deas,</strong></span> <span class='ocrx_word' id='word_1_644' title='bbox 683 4444 777 4514; x_wconf 92' lang='lat' dir='ltr'><strong>qui</strong></span> <span class='ocrx_word' id='word_1_645' title='bbox 825 4444 1087 4502; x_wconf 77' lang='lat' dir='ltr'><strong>divitibus</strong></span> <span class='ocrx_word' id='word_1_646' title='bbox 1136 4463 1202 4503; x_wconf 91' lang='lat' dir='ltr'><strong>ac</strong></span> <span class='ocrx_word' id='word_1_647' title='bbox 1242 4453 1572 4519; x_wconf 84' lang='lat' dir='ltr'><strong>perennibus</strong></span> <span class='ocrx_word' id='word_1_648' title='bbox 1610 4454 1824 4511; x_wconf 86' lang='lat' dir='ltr'><strong>fluentis</strong></span> <span class='ocrx_word' id='word_1_649' title='bbox 1866 4462 2071 4527; x_wconf 73' lang='lat' dir='ltr'><strong>praediti</strong></span> 
     </span>
    </p>
   </div>
   <div class='ocr_carea' id='block_1_84' title="bbox 504 4541 2074 4614">
    <p class='ocr_par' dir='ltr' id='par_1_84' title="bbox 504 4541 2074 4614">
     <span class='ocr_line' id='line_1_85' title="bbox 504 4541 2074 4614; baseline 0.01 -24"><span class='ocrx_word' id='word_1_650' title='bbox 504 4544 669 4603; x_wconf 88' lang='lat' dir='ltr'><strong>sunt;</strong></span> <span class='ocrx_word' id='word_1_651' title='bbox 697 4550 806 4591; x_wconf 93' lang='lat' dir='ltr'><strong>non</strong></span> <span class='ocrx_word' id='word_1_652' title='bbox 837 4545 1017 4592; x_wconf 86' lang='lat' dir='ltr'><strong>autem</strong></span> <span class='ocrx_word' id='word_1_653' title='bbox 1044 4551 1138 4594; x_wconf 89' lang='lat' dir='ltr'><strong>eos</strong></span> <span class='ocrx_word' id='word_1_654' title='bbox 1166 4541 1261 4611; x_wconf 92' lang='lat' dir='ltr'><strong>qui</strong></span> <span class='ocrx_word' id='word_1_655' title='bbox 1299 4542 1614 4614; x_wconf 85' lang='lat' dir='ltr'><strong>irrigatione</strong></span> <span class='ocrx_word' id='word_1_656' title='bbox 1644 4547 1861 4605; x_wconf 90' lang='lat' dir='ltr'><strong>aliunde</strong></span> <span class='ocrx_word' id='word_1_657' title='bbox 1890 4566 2074 4606; x_wconf 88' lang='lat' dir='ltr'><strong>accer-</strong></span> 
     </span>
    </p>
   </div>
   <div class='ocr_carea' id='block_1_85' title="bbox 2366 3783 3589 3859">
    <p class='ocr_par' dir='ltr' id='par_1_85' title="bbox 2366 3783 3589 3859">
     <span class='ocr_line' id='line_1_86' title="bbox 2366 3783 3589 3859; baseline 0.008 -24"><span class='ocrx_word' id='word_1_658' title='bbox 2366 3783 2516 3837; x_wconf 75' lang='grc' dir='ltr'><strong>ΣΚΡ.</strong></span> <span class='ocrx_word' id='word_1_659' title='bbox 2561 3814 2630 3824; x_wconf 90' lang='grc'><strong>-</strong></span> <span class='ocrx_word' id='word_1_660' title='bbox 2666 3784 2981 3857; x_wconf 80' lang='grc' dir='ltr'><strong>ΑΛΥΜΗΙῼ</strong></span> <span class='ocrx_word' id='word_1_661' title='bbox 3009 3786 3082 3857; x_wconf 86' lang='grc' dir='ltr'><strong>(ι)</strong></span> <span class='ocrx_word' id='word_1_662' title='bbox 3135 3786 3589 3859; x_wconf 78' lang='grc' dir='ltr'><strong>ΣΧΟΛΑΣΤΙΚῼ.</strong></span> 
     </span>
    </p>
   </div>
   <div class='ocr_carea' id='block_1_86' title="bbox 2176 3890 3749 3970">
    <p class='ocr_par' dir='ltr' id='par_1_86' title="bbox 2176 3890 3749 3970">
     <span class='ocr_line' id='line_1_87' title="bbox 2176 3890 3749 3970; baseline 0.008 -27"><span class='ocrx_word' id='word_1_663' title='bbox 2176 3890 2325 3970; x_wconf 43' lang='grc' dir='ltr'>Περὶ.</span> <span class='ocrx_word' id='word_1_664' title='bbox 2361 3893 2756 3970; x_wconf 48' lang='grc' dir='ltr'>ἀναγνώσεως</span> <span class='ocrx_word' id='word_1_665' title='bbox 2778 3934 2792 3958; x_wconf 90' lang='grc'><strong>,</strong></span> <span class='ocrx_word' id='word_1_666' title='bbox 2858 3897 3009 3970; x_wconf 62' lang='grc' dir='ltr'>κατὰ</span> <span class='ocrx_word' id='word_1_667' title='bbox 3070 3898 3398 3970; x_wconf 58' lang='grc' dir='ltr'><strong>Ἑλλήνων,</strong></span> <span class='ocrx_word' id='word_1_668' title='bbox 3462 3902 3591 3970; x_wconf 77' lang='grc' dir='ltr'>περὶ</span> <span class='ocrx_word' id='word_1_669' title='bbox 3638 3900 3749 3968; x_wconf 78' lang='grc' dir='ltr'>τῆς</span> 
     </span>
    </p>
   </div>
   <div class='ocr_carea' id='block_1_87' title="bbox 2249 3960 3749 4039">
    <p class='ocr_par' dir='ltr' id='par_1_87' title="bbox 2249 3960 3749 4039">
     <span class='ocr_line' id='line_1_88' title="bbox 2249 3960 3749 4039; baseline 0.006 -25"><span class='ocrx_word' id='word_1_670' title='bbox 2249 3960 2500 4039; x_wconf 58' lang='grc' dir='ltr'>χᾲριζοςί</span> <span class='ocrx_word' id='word_1_671' title='bbox 2542 3963 2661 4039; x_wconf 78' lang='grc' dir='ltr'><strong>τῷν</strong></span> <span class='ocrx_word' id='word_1_672' title='bbox 2702 3960 3121 4039; x_wconf 24' lang='grc' dir='ltr'>ᾂίεοπνεύστων</span> <span class='ocrx_word' id='word_1_673' title='bbox 3162 3960 3452 4039; x_wconf 29' lang='lat' dir='ltr'><strong>{magno},</strong></span> <span class='ocrx_word' id='word_1_674' title='bbox 3494 3960 3593 4027; x_wconf 57' lang='grc' dir='ltr'>καὶ</span> 
     </span>
    </p>
   </div>
   <div class='ocr_carea' id='block_1_88' title="bbox 2250 4031 2882 4101">
    <p class='ocr_par' dir='ltr' id='par_1_88' title="bbox 2250 4031 2882 4101">
     <span class='ocr_line' id='line_1_89' title="bbox 2250 4031 2882 4101; baseline 0.011 -19"><span class='ocrx_word' id='word_1_675' title='bbox 2250 4031 2318 4092; x_wconf 82' lang='grc' dir='ltr'><strong>ἐξ</strong></span> <span class='ocrx_word' id='word_1_676' title='bbox 2348 4032 2546 4084; x_wconf 77' lang='grc' dir='ltr'>αὐτῶν</span> <span class='ocrx_word' id='word_1_677' title='bbox 2568 4033 2882 4101; x_wconf 78' lang='grc' dir='ltr'>ὠφελείας.</span> 
     </span>
    </p>
   </div>
   <div class='ocr_carea' id='block_1_89' title="bbox 2262 4184 3745 4262">
    <p class='ocr_par' dir='ltr' id='par_1_89' title="bbox 2262 4184 3745 4262">
     <span class='ocr_line' id='line_1_90' title="bbox 2262 4184 3745 4262; baseline 0.007 -27"><span class='ocrx_word' id='word_1_678' title='bbox 2262 4184 2500 4254; x_wconf 82' lang='grc' dir='ltr'>Ἐπειδὴ,</span> <span class='ocrx_word' id='word_1_679' title='bbox 2549 4185 2625 4247; x_wconf 87' lang='grc' dir='ltr'>ὡς</span> <span class='ocrx_word' id='word_1_680' title='bbox 2684 4184 2858 4256; x_wconf 80' lang='grc' dir='ltr'>ἔφης,</span> <span class='ocrx_word' id='word_1_681' title='bbox 2914 4187 3089 4257; x_wconf 78' lang='grc' dir='ltr'>πηγαὶ</span> <span class='ocrx_word' id='word_1_682' title='bbox 3145 4188 3319 4258; x_wconf 78' lang='grc' dir='ltr'>λόγων</span> <span class='ocrx_word' id='word_1_683' title='bbox 3375 4192 3745 4262; x_wconf 78' lang='grc' dir='ltr'>ήσυχάζουσαι</span> 
     </span>
    </p>
   </div>
   <div class='ocr_carea' id='block_1_90' title="bbox 2178 4271 3741 4349">
    <p class='ocr_par' dir='ltr' id='par_1_90' title="bbox 2178 4271 3741 4349">
     <span class='ocr_line' id='line_1_91' title="bbox 2178 4271 3741 4349; baseline 0.009 -27"><span class='ocrx_word' id='word_1_684' title='bbox 2178 4271 2354 4342; x_wconf 70' lang='grc' dir='ltr'>ψυχὴν</span> <span class='ocrx_word' id='word_1_685' title='bbox 2384 4273 2671 4328; x_wconf 73' lang='grc' dir='ltr'>ἐθέλουσαν</span> <span class='ocrx_word' id='word_1_686' title='bbox 2703 4276 3026 4345; x_wconf 84' lang='grc' dir='ltr'>ἀρδεύεσθαι</span> <span class='ocrx_word' id='word_1_687' title='bbox 3066 4281 3449 4349; x_wconf 85' lang='grc' dir='ltr'>μαραίνουσιν·</span> <span class='ocrx_word' id='word_1_688' title='bbox 3506 4284 3741 4346; x_wconf 72' lang='grc' dir='ltr'>ὲκείνας,</span> 
     </span>
    </p>
   </div>
   <div class='ocr_carea' id='block_1_91' title="bbox 2179 4360 3737 4443">
    <p class='ocr_par' dir='ltr' id='par_1_91' title="bbox 2179 4360 3737 4443">
     <span class='ocr_line' id='line_1_92' title="bbox 2179 4360 3737 4443; baseline 0.01 -32"><span class='ocrx_word' id='word_1_689' title='bbox 2179 4360 2601 4431; x_wconf 78' lang='grc' dir='ltr'>ἑλλογιμώτατε,</span> <span class='ocrx_word' id='word_1_690' title='bbox 2639 4364 2879 4434; x_wconf 78' lang='grc' dir='ltr'>μάλιστα</span> <span class='ocrx_word' id='word_1_691' title='bbox 2914 4367 3305 4437; x_wconf 81' lang='grc' dir='ltr'>ἀναμοχλεύειν</span> <span class='ocrx_word' id='word_1_692' title='bbox 3349 4388 3431 4425; x_wconf 90' lang='grc' dir='ltr'><strong>σοι</strong></span> <span class='ocrx_word' id='word_1_693' title='bbox 3465 4374 3737 4443; x_wconf 86' lang='grc' dir='ltr'>παραινῶ,</span> 
     </span>
    </p>
   </div>
   <div class='ocr_carea' id='block_1_92' title="bbox 2179 4451 3742 4533">
    <p class='ocr_par' dir='ltr' id='par_1_92' title="bbox 2179 4451 3742 4533">
     <span class='ocr_line' id='line_1_93' title="bbox 2179 4451 3742 4533; baseline 0.008 -30"><span class='ocrx_word' id='word_1_694' title='bbox 2179 4451 2281 4513; x_wconf 82' lang='grc' dir='ltr'>τὰς</span> <span class='ocrx_word' id='word_1_695' title='bbox 2328 4452 2605 4517; x_wconf 85' lang='grc' dir='ltr'>πλουσίοις</span> <span class='ocrx_word' id='word_1_696' title='bbox 2647 4456 2741 4509; x_wconf 80' lang='grc' dir='ltr'><strong>καὶ</strong></span> <span class='ocrx_word' id='word_1_697' title='bbox 2779 4457 3025 4519; x_wconf 81' lang='grc' dir='ltr'>ἀεννάοις</span> <span class='ocrx_word' id='word_1_698' title='bbox 3070 4461 3275 4530; x_wconf 83' lang='grc' dir='ltr'>νάμασι</span> <span class='ocrx_word' id='word_1_699' title='bbox 3319 4460 3599 4533; x_wconf 79' lang='grc' dir='ltr'>κομώσας,</span> <span class='ocrx_word' id='word_1_700' title='bbox 3647 4462 3742 4518; x_wconf 76' lang='grc' dir='ltr'>καὶ</span> 
     </span>
    </p>
   </div>
   <div class='ocr_carea' id='block_1_93' title="bbox 2180 4542 3212 4619">
    <p class='ocr_par' dir='ltr' id='par_1_93' title="bbox 2180 4542 3212 4619">
     <span class='ocr_line' id='line_1_94' title="bbox 2180 4542 3212 4619; baseline 0.009 -24"><span class='ocrx_word' id='word_1_701' title='bbox 2180 4542 2255 4613; x_wconf 83' lang='grc' dir='ltr'>μὴ</span> <span class='ocrx_word' id='word_1_702' title='bbox 2277 4542 2376 4606; x_wconf 84' lang='grc' dir='ltr'>τὰς</span> <span class='ocrx_word' id='word_1_703' title='bbox 2404 4544 2625 4616; x_wconf 82' lang='grc' dir='ltr'>ἀρδείας</span> <span class='ocrx_word' id='word_1_704' title='bbox 2643 4547 2906 4616; x_wconf 79' lang='grc' dir='ltr'>ἑτέρωθεν</span> <span class='ocrx_word' id='word_1_705' title='bbox 2930 4548 3212 4619; x_wconf 82' lang='grc' dir='ltr'>δεομένας.</span> 
     </span>
    </p>
   </div>
   <div class='ocr_carea' id='block_1_94' title="bbox 501 4626 904 4697">
    <p class='ocr_par' dir='ltr' id='par_1_94' title="bbox 501 4626 904 4697">
     <span class='ocr_line' id='line_1_95' title="bbox 501 4626 904 4697; baseline 0.007 -17"><span class='ocrx_word' id='word_1_706' title='bbox 501 4627 606 4681; x_wconf 86' lang='lat' dir='ltr'><strong>sita</strong></span> <span class='ocrx_word' id='word_1_707' title='bbox 644 4626 904 4697; x_wconf 89' lang='lat' dir='ltr'><strong>indigent.</strong></span> 
     </span>
    </p>
   </div>
   <div class='ocr_carea' id='block_1_95' title="bbox 575 4777 1614 4855">
    <p class='ocr_par' dir='ltr' id='par_1_95' title="bbox 575 4777 1614 4855">
     <span class='ocr_line' id='line_1_96' title="bbox 575 4777 1614 4855; baseline 0.012 -22"><span class='ocrx_word' id='word_1_708' title='bbox 575 4778 623 4809; x_wconf 83' lang='lat'><strong>&#39;°</strong></span> <span class='ocrx_word' id='word_1_709' title='bbox 648 4777 804 4837; x_wconf 85' lang='lat' dir='ltr'><strong>Joan.</strong></span> <span class='ocrx_word' id='word_1_710' title='bbox 829 4794 923 4848; x_wconf 82' lang='lat' dir='ltr'><strong>xv,</strong></span> <span class='ocrx_word' id='word_1_711' title='bbox 950 4780 1043 4840; x_wconf 77' lang='lat'><strong>25.</strong></span> <span class='ocrx_word' id='word_1_712' title='bbox 1115 4785 1159 4817; x_wconf 82' lang='grc'><strong>⁶¹</strong></span> <span class='ocrx_word' id='word_1_713' title='bbox 1187 4784 1231 4840; x_wconf 90' lang='lat' dir='ltr'><strong>ll</strong></span> <span class='ocrx_word' id='word_1_714' title='bbox 1260 4784 1403 4842; x_wconf 87' lang='lat' dir='ltr'><strong>Tim.</strong></span> <span class='ocrx_word' id='word_1_715' title='bbox 1430 4786 1493 4855; x_wconf 82' lang='lat' dir='ltr'><strong>tt,</strong></span> <span class='ocrx_word' id='word_1_716' title='bbox 1523 4790 1614 4845; x_wconf 74' lang='grc'><strong>22.</strong></span> 
     </span>
    </p>
   </div>
   <div class='ocr_carea' id='block_1_96' title="bbox 1597 4922 2625 4995">
    <p class='ocr_par' dir='ltr' id='par_1_96' title="bbox 1597 4922 2625 4995">
     <span class='ocr_line' id='line_1_97' title="bbox 1597 4922 2625 4995; baseline 0.018 -20"><span class='ocrx_word' id='word_1_717' title='bbox 1597 4922 1828 4977; x_wconf 66' lang='grc' dir='ltr'><strong>ἾΑΒΙΑΞ</strong></span> <span class='ocrx_word' id='word_1_718' title='bbox 1862 4922 2242 4985; x_wconf 75' lang='lat' dir='ltr'><strong>LECTIONES</strong></span> <span class='ocrx_word' id='word_1_719' title='bbox 2270 4931 2358 4987; x_wconf 88' lang='lat' dir='ltr'><strong>ET</strong></span> <span class='ocrx_word' id='word_1_720' title='bbox 2394 4932 2625 4995; x_wconf 77' lang='grc' dir='ltr'><strong>ΝΟΤᾹΞ.</strong></span> 
     </span>
    </p>
   </div>
   <div class='ocr_carea' id='block_1_97' title="bbox 568 5085 1955 5164">
    <p class='ocr_par' dir='ltr' id='par_1_97' title="bbox 568 5085 1955 5164">
     <span class='ocr_line' id='line_1_98' title="bbox 568 5085 1955 5164; baseline 0.012 -25"><span class='ocrx_word' id='word_1_721' title='bbox 710 5086 859 5164; x_wconf 67' lang='lat' dir='ltr'><strong>inter</strong></span> <span class='ocrx_word' id='word_1_722' title='bbox 949 5091 1256 5164; x_wconf 31' lang='lat' dir='ltr'><strong>et‘stbgoptuv</strong></span> <span class='ocrx_word' id='word_1_723' title='bbox 1279 5093 1416 5149; x_wconf 82' lang='lat' dir='ltr'><strong>idem</strong></span> <span class='ocrx_word' id='word_1_724' title='bbox 1445 5096 1633 5149; x_wconf 90' lang='lat' dir='ltr'><strong>inserit</strong></span> <span class='ocrx_word' id='word_1_725' title='bbox 1664 5098 1713 5150; x_wconf 82' lang='grc' dir='ltr'><strong>ὁ.</strong></span> <span class='ocrx_word' id='word_1_726' title='bbox 1745 5098 1955 5155; x_wconf 75' lang='lat' dir='ltr'><strong>Possm.</strong></span> 
     </span>
    </p>
   </div>
   <div class='ocr_carea' id='block_1_98' title="bbox 563 5156 2067 5227">
    <p class='ocr_par' dir='ltr' id='par_1_98' title="bbox 563 5156 2067 5227">
     <span class='ocr_line' id='line_1_99' title="bbox 563 5156 2067 5227; baseline 0.012 -19"><span class='ocrx_word' id='word_1_727' title='bbox 563 5156 676 5223; x_wconf 87' lang='lat'><strong>(97)</strong></span> <span class='ocrx_word' id='word_1_728' title='bbox 708 5158 817 5210; x_wconf 78' lang='grc' dir='ltr'><strong>Καὶ</strong></span> <span class='ocrx_word' id='word_1_729' title='bbox 838 5156 942 5211; x_wconf 77' lang='grc' dir='ltr'>ὑπὸ</span> <span class='ocrx_word' id='word_1_730' title='bbox 966 5159 1059 5227; x_wconf 72' lang='lat' dir='ltr'><strong>cpi).</strong></span> <span class='ocrx_word' id='word_1_731' title='bbox 1091 5156 1184 5216; x_wconf 70' lang='grc' dir='ltr'><strong>ὑπ.</strong></span> <span class='ocrx_word' id='word_1_732' title='bbox 1217 5163 1443 5219; x_wconf 88' lang='lat' dir='ltr'><strong>deerant</strong></span> <span class='ocrx_word' id='word_1_733' title='bbox 1469 5166 1521 5218; x_wconf 92' lang='lat' dir='ltr'><strong>in</strong></span> <span class='ocrx_word' id='word_1_734' title='bbox 1564 5169 1649 5220; x_wconf 90' lang='lat' dir='ltr'><strong>ed.</strong></span> <span class='ocrx_word' id='word_1_735' title='bbox 1683 5168 1855 5225; x_wconf 80' lang='lat' dir='ltr'><strong>Paris.</strong></span> <span class='ocrx_word' id='word_1_736' title='bbox 1893 5182 1947 5225; x_wconf 90' lang='lat' dir='ltr'><strong>et</strong></span> <span class='ocrx_word' id='word_1_737' title='bbox 1978 5172 2067 5225; x_wconf 84' lang='lat' dir='ltr'><strong>ad-</strong></span> 
     </span>
    </p>
   </div>
   <div class='ocr_carea' id='block_1_99' title="bbox 492 5224 1520 5289">
    <p class='ocr_par' dir='ltr' id='par_1_99' title="bbox 492 5224 1520 5289">
     <span class='ocr_line' id='line_1_100' title="bbox 492 5224 1520 5289; baseline 0.009 -11"><span class='ocrx_word' id='word_1_738' title='bbox 492 5224 695 5278; x_wconf 89' lang='lat' dir='ltr'><strong>duntur</strong></span> <span class='ocrx_word' id='word_1_739' title='bbox 719 5242 783 5279; x_wconf 82' lang='lat' dir='ltr'><strong>ex</strong></span> <span class='ocrx_word' id='word_1_740' title='bbox 814 5224 998 5281; x_wconf 82' lang='lat' dir='ltr'><strong>codice</strong></span> <span class='ocrx_word' id='word_1_741' title='bbox 1036 5230 1308 5286; x_wconf 81' lang='lat' dir='ltr'><strong>Vaticano.</strong></span> <span class='ocrx_word' id='word_1_742' title='bbox 1361 5236 1520 5289; x_wconf 83' lang='lat' dir='ltr'><strong>Eutr.</strong></span> 
     </span>
    </p>
   </div>
   <div class='ocr_carea' id='block_1_100' title="bbox 561 5294 2056 5375">
    <p class='ocr_par' dir='ltr' id='par_1_100' title="bbox 561 5294 2056 5375">
     <span class='ocr_line' id='line_1_101' title="bbox 561 5294 2056 5375; baseline 0.009 -27"><span class='ocrx_word' id='word_1_743' title='bbox 561 5294 671 5375; x_wconf 81' lang='lat'><strong>(9_8)</strong></span> <span class='ocrx_word' id='word_1_744' title='bbox 697 5296 961 5375; x_wconf 60' lang='grc' dir='ltr'><strong>Εἰρήνην</strong></span> <span class='ocrx_word' id='word_1_745' title='bbox 993 5302 1143 5375; x_wconf 63' lang='grc' dir='ltr'>κατὰ</span> <span class='ocrx_word' id='word_1_746' title='bbox 1192 5300 1432 5375; x_wconf 61' lang='lat' dir='ltr'><strong>adifer</strong></span> <span class='ocrx_word' id='word_1_747' title='bbox 1460 5303 1577 5356; x_wconf 76' lang='grc' dir='ltr'>τῶν</span> <span class='ocrx_word' id='word_1_748' title='bbox 1620 5304 1855 5360; x_wconf 56' lang='lat' dir='ltr'><strong>amata}.</strong></span> <span class='ocrx_word' id='word_1_749' title='bbox 1906 5310 2056 5375; x_wconf 79' lang='lat' dir='ltr'><strong>Apud</strong></span> 
     </span>
    </p>
   </div>
   <div class='ocr_carea' id='block_1_101' title="bbox 2174 5107 3736 5190">
    <p class='ocr_par' dir='ltr' id='par_1_101' title="bbox 2174 5107 3736 5190">
     <span class='ocr_line' id='line_1_102' title="bbox 2174 5107 3736 5190; baseline 0.012 -30"><span class='ocrx_word' id='word_1_750' title='bbox 2174 5107 2304 5190; x_wconf 63' lang='lat' dir='ltr'><strong>Quae</strong></span> <span class='ocrx_word' id='word_1_751' title='bbox 2322 5115 2646 5190; x_wconf 65' lang='lat' dir='ltr'><strong>praecedunt</strong></span> <span class='ocrx_word' id='word_1_752' title='bbox 2691 5118 3065 5190; x_wconf 83' lang='grc' dir='ltr'>σωφροσύνην,</span> <span class='ocrx_word' id='word_1_753' title='bbox 3098 5136 3203 5176; x_wconf 91' lang='lat' dir='ltr'><strong>non</strong></span> <span class='ocrx_word' id='word_1_754' title='bbox 3228 5133 3351 5177; x_wconf 91' lang='lat' dir='ltr'><strong>sunt</strong></span> <span class='ocrx_word' id='word_1_755' title='bbox 3384 5125 3433 5178; x_wconf 92' lang='lat' dir='ltr'><strong>in</strong></span> <span class='ocrx_word' id='word_1_756' title='bbox 3464 5140 3601 5187; x_wconf 85' lang='lat' dir='ltr'><strong>ms.;</strong></span> <span class='ocrx_word' id='word_1_757' title='bbox 3644 5128 3736 5181; x_wconf 89' lang='lat' dir='ltr'><strong>sed</strong></span> 
     </span>
    </p>
   </div>
   <div class='ocr_carea' id='block_1_102' title="bbox 2174 5181 3737 5258">
    <p class='ocr_par' dir='ltr' id='par_1_102' title="bbox 2174 5181 3737 5258">
     <span class='ocr_line' id='line_1_103' title="bbox 2174 5181 3737 5258; baseline 0.012 -27"><span class='ocrx_word' id='word_1_758' title='bbox 2174 5181 2354 5234; x_wconf 90' lang='lat' dir='ltr'><strong>addidi</strong></span> <span class='ocrx_word' id='word_1_759' title='bbox 2396 5185 2705 5258; x_wconf 77' lang='lat' dir='ltr'><strong>postulante</strong></span> <span class='ocrx_word' id='word_1_760' title='bbox 2733 5181 2914 5253; x_wconf 73' lang='lat' dir='ltr'><strong>senisu,</strong></span> <span class='ocrx_word' id='word_1_761' title='bbox 2946 5181 3011 5243; x_wconf 65' lang='lat' dir='ltr'><strong>ut&#39;</strong></span> <span class='ocrx_word' id='word_1_762' title='bbox 3033 5181 3243 5258; x_wconf 83' lang='lat' dir='ltr'><strong>integer</strong></span> <span class='ocrx_word' id='word_1_763' title='bbox 3272 5204 3416 5247; x_wconf 89' lang='lat' dir='ltr'><strong>esset</strong></span> <span class='ocrx_word' id='word_1_764' title='bbox 3446 5181 3737 5250; x_wconf 65' lang='lat' dir='ltr'><strong>ora-clarus</strong></span> 
     </span>
    </p>
   </div>
   <div class='ocr_carea' id='block_1_103' title="bbox 2160 5248 3414 5318">
    <p class='ocr_par' dir='ltr' id='par_1_103' title="bbox 2160 5248 3414 5318">
     <span class='ocr_line' id='line_1_104' title="bbox 2160 5248 3414 5318; baseline 0.014 -19"><span class='ocrx_word' id='word_1_765' title='bbox 2160 5248 2329 5318; x_wconf 82' lang='lat' dir='ltr'><strong>locus,</strong></span> <span class='ocrx_word' id='word_1_766' title='bbox 2358 5248 2451 5318; x_wconf 82' lang='lat' dir='ltr'><strong>qui</strong></span> <span class='ocrx_word' id='word_1_767' title='bbox 2479 5254 2760 5309; x_wconf 89' lang='lat' dir='ltr'><strong>videbatur</strong></span> <span class='ocrx_word' id='word_1_768' title='bbox 2794 5248 2911 5311; x_wconf 83' lang='lat' dir='ltr'><strong>sine</strong></span> <span class='ocrx_word' id='word_1_769' title='bbox 2943 5260 3027 5314; x_wconf 90' lang='lat' dir='ltr'><strong>his</strong></span> <span class='ocrx_word' id='word_1_770' title='bbox 3061 5248 3301 5316; x_wconf 68' lang='lat' dir='ltr'><strong>mutilus.</strong></span> <span class='ocrx_word' id='word_1_771' title='bbox 3340 5262 3414 5316; x_wconf 86' lang='lat' dir='ltr'><strong>lu.</strong></span> 
     </span>
    </p>
   </div>
   <div class='ocr_carea' id='block_1_104' title="bbox 492 5317 2085 5414">
    <p class='ocr_par' dir='ltr' id='par_1_104' title="bbox 492 5317 2056 5414">
     <span class='ocr_line' id='line_1_105' title="bbox 561 5317 2056 5375; baseline 0.009 -27"><span class='ocrx_word' id='word_1_772' title='bbox 561 5317 671 5363; x_wconf 65' lang='lat' dir='ltr'><strong>tuo;</strong></span> <span class='ocrx_word' id='word_1_773' title='bbox 697 5317 961 5363; x_wconf 69' lang='grc' dir='ltr'>ιιιρηνην</span> <span class='ocrx_word' id='word_1_774' title='bbox 993 5317 1143 5353; x_wconf 82' lang='grc' dir='ltr'>κατα</span> <span class='ocrx_word' id='word_1_775' title='bbox 1192 5317 1432 5354; x_wconf 80' lang='grc' dir='ltr'>παντων</span> <span class='ocrx_word' id='word_1_776' title='bbox 1460 5321 1577 5356; x_wconf 75' lang='grc' dir='ltr'>των</span> <span class='ocrx_word' id='word_1_777' title='bbox 1620 5317 1855 5360; x_wconf 56' lang='lat' dir='ltr'><strong>emata].</strong></span> <span class='ocrx_word' id='word_1_778' title='bbox 1906 5317 2056 5375; x_wconf 81' lang='lat' dir='ltr'><strong>Apud</strong></span> 
     </span>
     <span class='ocr_line' id='line_1_106' title="bbox 492 5361 2049 5414; baseline 0 0"><span class='ocrx_word' id='word_1_779' title='bbox 492 5361 719 5414; x_wconf 75' lang='lat' dir='ltr'><strong>Paulum</strong></span> <span class='ocrx_word' id='word_1_780' title='bbox 750 5366 976 5414; x_wconf 80' lang='lat' dir='ltr'><strong>utuittur</strong></span> <span class='ocrx_word' id='word_1_781' title='bbox 1006 5369 1240 5414; x_wconf 79' lang='grc' dir='ltr'>πάντων,</span> <span class='ocrx_word' id='word_1_782' title='bbox 1298 5371 1340 5414; x_wconf 92' lang='lat' dir='ltr'><strong>ll</strong></span> <span class='ocrx_word' id='word_1_783' title='bbox 1392 5373 1528 5414; x_wconf 40' lang='lat' dir='ltr'><strong>Tim.</strong></span> <span class='ocrx_word' id='word_1_784' title='bbox 1562 5389 1595 5414; x_wconf 86' lang='grc' dir='ltr'><strong>ιι</strong></span> <span class='ocrx_word' id='word_1_785' title='bbox 1658 5375 1728 5414; x_wconf 61' lang='grc' dir='ltr'><strong>ἢιὶ</strong></span> <span class='ocrx_word' id='word_1_786' title='bbox 1776 5375 1940 5414; x_wconf 68' lang='grc' dir='ltr'><strong>Ιξροιη</strong></span> <span class='ocrx_word' id='word_1_787' title='bbox 1969 5389 2049 5414; x_wconf 66' lang='grc' dir='ltr'><strong>ια-</strong></span> 
     </span>
    </p>
   </div>
   <div class='ocr_carea' id='block_1_105' title="bbox 2186 5317 3733 5414">
    <p class='ocr_par' dir='ltr' id='par_1_105' title="bbox 2186 5317 3733 5414">
     <span class='ocr_line' id='line_1_107' title="bbox 2186 5317 3733 5414; baseline 0.006 -38"><span class='ocrx_word' id='word_1_788' title='bbox 2348 5319 2786 5414; x_wconf 29' lang='grc' dir='ltr'>’λξῇμμθτέῳὶὲἢ</span> <span class='ocrx_word' id='word_1_789' title='bbox 2837 5327 3103 5414; x_wconf 53' lang='grc' dir='ltr'><strong>Ἀλιειπίῳζ</strong></span> <span class='ocrx_word' id='word_1_790' title='bbox 3142 5329 3239 5414; x_wconf 57' lang='lat' dir='ltr'><strong>vel</strong></span> <span class='ocrx_word' id='word_1_791' title='bbox 3294 5329 3733 5414; x_wconf 52' lang='lat' dir='ltr'><strong>&#39;Olypniw,ha_tl</strong></span> 
     </span>
    </p>
   </div>
   <div class='ocr_carea' id='block_1_106' title="bbox 539 5366 3736 5462">
    <p class='ocr_par' dir='ltr' id='par_1_106' title="bbox 539 5366 3736 5462">
     <span class='ocr_line' id='line_1_108' title="bbox 539 5366 3736 5462; baseline 0.007 -31"><span class='ocrx_word' id='word_1_792' title='bbox 539 5366 719 5462; x_wconf 66' lang='grc' dir='ltr'><strong>ί¹υ¹¹¹¹ξ¹</strong></span> <span class='ocrx_word' id='word_1_793' title='bbox 750 5366 976 5462; x_wconf 48' lang='grc' dir='ltr'><strong>(ξηθίιιιυτ</strong></span> <span class='ocrx_word' id='word_1_794' title='bbox 1006 5369 1243 5462; x_wconf 59' lang='grc' dir='ltr'><strong>πᾴγζτωνς</strong></span> <span class='ocrx_word' id='word_1_795' title='bbox 1298 5371 1364 5452; x_wconf 46' lang='grc' dir='ltr'><strong>ΙΙ.</strong></span> <span class='ocrx_word' id='word_1_796' title='bbox 1392 5373 1533 5462; x_wconf 59' lang='grc' dir='ltr'><strong>Τιιιιἶ</strong></span> <span class='ocrx_word' id='word_1_797' title='bbox 1562 5389 1617 5462; x_wconf 36' lang='grc' dir='ltr'>ιιι,</span> <span class='ocrx_word' id='word_1_798' title='bbox 1650 5375 1748 5455; x_wconf 58' lang='grc'><strong>21.</strong></span> <span class='ocrx_word' id='word_1_799' title='bbox 1776 5366 2049 5462; x_wconf 58' lang='grc' dir='ltr'>ιὶειςιείξι-</span> <span class='ocrx_word' id='word_1_800' title='bbox 2159 5366 2319 5454; x_wconf 61' lang='lat' dir='ltr'><strong>quem</strong></span> <span class='ocrx_word' id='word_1_801' title='bbox 2835 5366 3736 5455; x_wconf 45' lang='lat' dir='ltr'><strong>£5365&quot;isilt‘é&#39;rusTWB&#39;f&#39;T&#39;rFs‘I</strong></span> 
     </span>
    </p>
   </div>
   <div class='ocr_carea' id='block_1_107' title="bbox 492 5430 3735 5557">
    <p class='ocr_par' dir='ltr' id='par_1_107' title="bbox 492 5430 3735 5557">
     <span class='ocr_line' id='line_1_109' title="bbox 492 5430 3735 5557; baseline 0.013 -76"><span class='ocrx_word' id='word_1_802' title='bbox 492 5430 1240 5557; x_wconf 46' lang='lat' dir='ltr'><strong>LniﬁzezgallifitigrfTatldiltll&#39;,</strong></span> <span class='ocrx_word' id='word_1_803' title='bbox 1277 5440 1401 5509; x_wconf 89' lang='lat' dir='ltr'><strong>quia</strong></span> <span class='ocrx_word' id='word_1_804' title='bbox 1449 5444 1719 5496; x_wconf 86' lang='lat' dir='ltr'><strong>iudetinita</strong></span> <span class='ocrx_word' id='word_1_805' title='bbox 1750 5448 2056 5516; x_wconf 56' lang='lat' dir='ltr'><strong>a’quipollet</strong></span> <span class='ocrx_word' id='word_1_806' title='bbox 2160 5430 3546 5557; x_wconf 42' lang='grc' dir='ltr'><strong>ἑιέιιι-εςέἒὲῐιυῚέάἬιίῐτιῖιέιιιυέύάῖδῆἶῖυέετῖιιέιιιιε</strong></span> 
     </span>
    </p>
   </div>
   <div class='ocr_carea' id='block_1_108' title="bbox 790 5521 2222 5559">
    <p class='ocr_par' dir='ltr' id='par_1_108' title="bbox 790 5521 2222 5559">
     <span class='ocr_line' id='line_1_110' title="bbox 790 5521 2222 5559; baseline 0.003 -5"><span class='ocrx_word' id='word_1_807' title='bbox 790 5539 804 5554; x_wconf 78' lang='grc' dir='ltr'><strong>ο</strong></span> <span class='ocrx_word' id='word_1_808' title='bbox 848 5521 1012 5559; x_wconf 75' lang='grc' dir='ltr'><strong>ιὶΙΤΤ.</strong></span> <span class='ocrx_word' id='word_1_809' title='bbox 2160 5526 2222 5559; x_wconf 66' lang='grc' dir='ltr'>ενι-ἶ</span> 
     </span>
    </p>
   </div>
   <div class='ocr_carea' id='block_1_109' title="bbox 559 5566 2054 5654">
    <p class='ocr_par' dir='ltr' id='par_1_109' title="bbox 559 5566 2054 5654">
     <span class='ocr_line' id='line_1_111' title="bbox 559 5566 2054 5654; baseline 0.018 -36"><span class='ocrx_word' id='word_1_810' title='bbox 559 5566 667 5638; x_wconf 88' lang='lat'><strong>(99)</strong></span> <span class='ocrx_word' id='word_1_811' title='bbox 691 5569 807 5637; x_wconf 73' lang='grc' dir='ltr'><strong>Τὴν</strong></span> <span class='ocrx_word' id='word_1_812' title='bbox 821 5574 1131 5628; x_wconf 79' lang='grc' dir='ltr'>εὐσέϐειαν</span> <span class='ocrx_word' id='word_1_813' title='bbox 1142 5574 1442 5638; x_wconf 74' lang='grc' dir='ltr'>ἀσπάζειν.</span> <span class='ocrx_word' id='word_1_814' title='bbox 1455 5618 1467 5632; x_wconf 95' lang='grc'><strong>.</strong></span> <span class='ocrx_word' id='word_1_815' title='bbox 1478 5618 1491 5633; x_wconf 92' lang='grc'><strong>.</strong></span> <span class='ocrx_word' id='word_1_816' title='bbox 1506 5598 1534 5632; x_wconf 86' lang='grc' dir='ltr'><strong>τ</strong></span> <span class='ocrx_word' id='word_1_817' title='bbox 1546 5580 1619 5649; x_wconf 72' lang='grc' dir='ltr'>ἱιι·</span> <span class='ocrx_word' id='word_1_818' title='bbox 1634 5588 2054 5654; x_wconf 53' lang='grc' dir='ltr'>σωφροσύνην.</span> 
     </span>
    </p>
   </div>
  </div>
