4020 6140
344 272 480 339 1817
1185 268 1711 331 EPISTOLARUM
1745 269 1892 331 LIB.

2019 316 2033 330 .
2076 292 2143 308 -
2180 268 2421 333 EPIST.
2465 270 2762 337 CCXXIV.
3452 277 3591 346 1318

1037 378 1205 434 εκιιί.
1931 384 1987 443 Α
2466 383 2825 455 547-548
2859 353 3167 443 (ςοιιιιιν.⁸

342 480 447 543 Εἰς
474 475 563 539 τὸ,
599 493 619 527 ι
658 473 803 544 Ἐγὼ
833 472 1031 544 όΑΘεδς
1085 471 1357 544 ’ᾼὸριιὰμ.
1402 473 1498 526 καὶ
1543 472 1761 544 Ἰσαὰκ,
1810 471 1909 544 καὶ

2016 471 2241 544 fnjllud
2279 490 2298 528 :
2344 493 2363 526 ι
2394 474 2504 544 Ego
2535 490 2669 544 sunt
2706 474 2845 544 Deus
2877 476 3162 544 Abraham,
3221 487 3273 533 et
3313 477 3494 544 haec.
3539 492 3591 537 et

427 540 635 601 Ἰακώϐ
654 561 667 575 ο
689 540 739 616 -ί
786 542 882 616 καὶ
915 544 1021 616 ,είς
1046 541 1148 616 τά·
1183 559 1201 592 ι
1245 540 1621 616 ’ῌΥπερασπιῷ
1663 541 1775 616 γῆς
1802 542 1910 596 πό.

2080 542 2243 597 Iacob
2261 544 2370 616 η.)
2425 540 2490 616 Et
2524 543 2578 595 in
2612 541 2745 595 illud
2787 560 2805 597 :
2842 562 2860 594 ι
2897 540 3181 616 Protegum
3228 550 3409 603 urbem
3453 540 3591 608 bene

421 620 560 678 ιεως
594 614 815 679 ταύτης
839 611 938 664 διὰ
958 609 1153 676 Δαϐὶδ,
1181 610 1286 665 τοῦ
1311 609 1507 665 σῶσαι
1525 609 1742 680 αὑτήν-ζ
1776 629 1796 663 ι

411 720 727 789 Θεϊόν-ΞΞ
743 717 933 789 χρῆμα
962 717 996 787 ἡ
1026 716 1215 787 ἀρετὴ,
1241 710 1285 768 ὧ
1315 717 1573 789 μακάριε,
1599 719 1694 771 καὶ
1731 718 1910 787 θεοφι-

342 814 451 875 λὲς,
483 812 578 864 καί
610 810 900 880 μακάριον,
939 808 1032 861 καὶ
1066 808 1353 874 ἀθάνατον,
1387 809 1481 863 καὶ
1502 810 1605 862 ὑπὸ
1630 809 1797 881 λήθης
1833 809 1908 880 μὴ

341 903 671 973 ἡττώμενον.
709 900 979 970 Ἀοίδιμος
1010 901 1107 971 μὲν
1131 900 1238 969 γάρ
1262 900 1376 954 ἐστι
1399 902 1549 972 παρὰ
1573 902 1903 973 ἀνθρώποις,

310 991 322 1010 ’
346 994 502 1064 παρὰ
543 993 601 1045 δὲ
646 992 767 1062 Θεῷ
816 990 1164 1061 ἀείμνηστος,
1197 989 1276 1060 τῷ
1310 991 1439 1043 ποτὲ
1476 992 1572 1061 μὲν
1612 993 1905 1061 φράζοντι·

347 1107 367 1139 ι
423 1085 613 1154 Ἐγὼὸ
641 1084 772 1147 Θεὸς
815 1083 1089 1155 Ἀϐραὰμ,
1113 1082 1208 1136 καὶ
1247 1082 1453 1145 Ἰσαὰκ,
1488 1082 1582 1134 καὶ
1623 1081 1814 1134 Ἰακώϐ
1839 1096 1851 1109 ·
1875 1100 1903 1135 -ι

346 1177 470 1231 κοτὲ
490 1176 567 1240 δὲ,
598 1195 616 1226 ι
653 1175 787 1227 ’Υπε
799 1176 1012 1244 ρασπιῶ
1034 1174 1131 1243 τῆς
1162 1173 1369 1236 πόλεως
1389 1172 1591 1241 ταύτης
1616 1172 1710 1224 τοῦ
1739 1173 1910 1226 σῶσαι

342 1269 528 1339 αὐτὴν,
582 1267 670 1321 διὰ
716 1267 881 1319 Δαϐὶδ
908 1265 1000 1317 τὸν
1033 1265 1197 1320 παῖδά
1244 1281 1370 1335 μου.
1436 1282 1455 1315 ι
1506 1264 1601 1325 Εἰς
1658 1263 1909 1317 τοσοῦτον

341 1362 534 1431 ἥκουσι
563 1360 640 1429 τῷ
672 1357 790 1428 Θεῷ
821 1357 1104 1429 φροντίδος
1147 1374 1206 1409 τε
1239 1357 1334 1409 καὶ
1358 1357 1543 1426 τιμῆς,
1586 1357 1681 1409 καὶ
1725 1356 1909 1408 τελευ-

343 1434 621 1524 τήσαντες,
650 1446 730 1514 οἷς
773 1450 941 1521 ἀρετὴ
973 1448 1455 1519 περισπούδαστον.
1492 1451 1553 1501 El
1579 1449 1635 1501 δὲ
1676 1447 1910 1501 ἐνταῦθα

344 1544 516 1607 οὕτως
541 1544 739 1605 αὐτοὺς
774 1541 1165 1611 ἀνακηρύττει,
1222 1540 1406 1604 ποίαις
1452 1540 1552 1593 οὐκ
1612 1539 1909 1611 ἀμείψεται

344 1636 538 1699 αὐτοὺς
567 1636 745 1687 ἐκεῖσε
771 1632 1001 1704 δωρεαῖς
1018 1648 1036 1694 ς

566 779 727 791 ..ᾗ

802 1823 970 1877 ΣΚΓν.
1002 1851 1072 1862 -
1104 1820 1312 1874 npeNt
1350 1819 1447 1891 (ε).

410 1939 591 2012 Θυμδς
628 1938 724 1992 καὶ
760 1935 896 2007 ὀργὴ
928 1935 1074 1989 δοκεῖ
1110 1934 1186 2005 (3)
1246 1932 1345 2004 μὲν
1382 1933 1443 1985 ἓν
1465 1950 1517 1985 τι
1548 1926 1686 1985 εῖναι
1720 1933 1810 1987 καλ¹
1843 1932 1904 1986 τὸ

343 2033 474 2086 αὐτὸ
507 2032 643 2100 τάχα
666 2047 679 2060 ·
707 2028 820 2082 ἀλλ’
849 2028 878 2079 6
911 2026 1008 2096 μὲν
1032 2024 1225 2096 μηνύει
1250 2024 1348 2095 τὴν
1377 2025 1554 2090 ὀξεῖαν
1584 2024 1677 2078 τοῦ
1701 2025 1905 2089 πάθους

342 2125 577 2191 κίνησιν,
607 2121 706 2190 τὴν
744 2118 840 2172 καὶ
882 2117 983 2179 τὰς
1021 2115 1242 2177 ἐννοίας·
1262 2113 1599 2166 κλέπτουσαν
1618 2130 1631 2144 ⁸
1665 2115 1697 2183 ἡ
1727 2114 1781 2166 δὲ
1806 2114 1904 2185 τὴν

345 2213 566 2285 χρονίαν
597 2212 654 2264 ἐν
678 2211 755 2280 τῷ
787 2207 950 2262 πάθει
981 2206 1283 2276 διατριϐήν.
1320 2204 1412 2258 Διὸ
1439 2205 1533 2257 καὶ
1562 2207 1590 2257 6
1614 2205 1713 2271 μὲν
1753 2205 1906 2276 παρὰ

341 2305 439 2375 τὴν
472 2300 836 2371 ἀναθυμίασιν
869 2299 1109 2369 εἴρηται·
1140 2297 1169 2350 6
1208 2297 1263 2350 δὲ
1306 2296 1456 2367 παρὰ
1480 2296 1541 2349 τὸ
1570 2296 1759 2367 ὀργᾷν,
1813 2299 1906 2352 καὶ

341 2392 552 2462 ἀμύνης
582 2391 730 2459 ὲρᾷν.

2079 622 2286 679 propter
2322 611 2591 676 Dauidem,
2625 620 2683 665 ut
2717 628 2906 666 servem
2939 611 3141 670 eam“.
3177 634 3197 668 ι

2078 723 2268 778 Divina
2297 723 2540 794 quaedam
2587 738 2675 778 res
2723 731 2806 778 est
2859 723 3053 789 virtus,
3086 738 3120 779 ο
3160 726 3338 792 beate,
3381 737 3437 782 et
3474 730 3588 784 Deo
3602 688 3746 805 βνίν
3770 731 3847 781 2t

3870 685 3922 740 ἲ

3886 770 3903 791 ι
3962 742 3992 817 ’1

2009 823 2182 886 grata,
2239 822 2295 868 et
2356 813 2502 878 felix,
2557 821 2612 868 et
2672 812 3016 878 immortalis,
3069 823 3121 868 et
3183 814 3252 869 ab
3322 816 3589 871 oblivione
3626 812 3909 887 2,52.3,
3934 812 3992 867 λ)

2015 904 2415 975 insuperabilis.
2450 904 2583 959 Nam
2615 914 2671 959 et
2694 905 2833 973 apud
2882 904 3129 964 homines
3172 906 3496 974 celebratur,
3530 918 3587 962 et
3644 915 3706 987 si
3733 893 3852 962 [(2
3877 957 3889 966 ,

2008 998 2146 1065 apud
2192 996 2362 1052 Deum
2414 996 2739 1065 sempiterna
2786 997 3047 1051 memoria
3078 1010 3450 1063 conservatur,
3492 1000 3584 1069 qni

2007 1088 2142 1142 alias
2190 1087 2405 1157 quidem
2457 1089 2580 1140 ait:
2637 1106 2655 1137 ι
2688 1087 2797 1157 Ego
2831 1102 2951 1141 sum
2984 1089 3127 1144 Dens
3172 1090 3470 1156 Abraham,
3524 1099 3581 1145 et

2006 1176 2180 1243 Isaac,
2228 1190 2282 1232 et
2312 1177 2516 1245 Jacob;
2553 1196 2571 1228 ι
2624 1178 2757 1233 alias
2787 1194 2915 1232 vero
2958 1194 2971 1230 :
3028 1198 3047 1233 ι
3076 1178 3363 1252 Protegam
3395 1183 3583 1235 urbem

2015 1269 2153 1324 hanc
2208 1279 2268 1323 ut
2314 1284 2433 1324 eam
2493 1285 2726 1337 servem,
2783 1279 3002 1339 propter
3050 1271 3306 1327 Davidem
3366 1288 3580 1327 servum

2008 1374 2240 1414 meum.»
2275 1358 2463 1413 Tantae
2486 1374 2631 1413 cura:
2660 1367 2786 1413 sunt
2815 1361 2944 1425 Deo,
2972 1370 3026 1415 et
3060 1361 3111 1415 in
3144 1372 3293 1416 tanto
3321 1362 3588 1418 habentur

2011 1450 2148 1517 apud
2185 1450 2359 1518 ipsum
2391 1450 2597 1504 honore
2625 1450 2787 1504 etiam
2816 1452 2926 1504 vita
2956 1451 3144 1516 functi,
3190 1453 3385 1521 quibus
3409 1454 3581 1507 virtu-

2012 1542 2079 1595 tis
2105 1542 2339 1595 studium
2374 1543 2522 1595 cordi
2553 1552 2655 1596 est.
2686 1542 2836 1608 Quod
2886 1544 2931 1598 si
2964 1551 3114 1596 tanto
3141 1544 3408 1613 praeconio
3442 1546 3588 1614 ipsos

2010 1632 2063 1685 in
2090 1632 2193 1685 hac
2227 1632 2333 1685 vita
2364 1641 2540 1696 ornat,
2571 1633 2765 1702 quibus
2798 1649 2905 1687 non
2950 1634 3261 1689 muneribus
3286 1636 3499 1691 eosdem
3531 1635 3586 1689 in

1935 1751 1976 1806 Β
2006 1720 2182 1776 futura
2212 1722 2318 1777 vita
2348 1725 2740 1791 prosequetur?

2459 1835 2736 1892 CCXXIII.
2767 1869 2837 1879 —
2864 1838 3141 1895 HERONI.

2077 1943 2259 2015 Θυμὺς
2301 1946 2423 2014 (hoc
2452 1956 2537 2002 est
2567 1951 3037 2019 excandescentia)
3071 1961 3125 2005 et
3161 1952 3298 2025 ὀργὴ
3346 1954 3473 2026 (hoc
3503 1966 3586 2011 est

2012 2033 2113 2105 ira)
2147 2037 2358 2091 videtur
2383 2039 2596 2107 quidem
2629 2041 2807 2095 forsan
2841 2058 2945 2097 una
2983 2043 3277 2113 eademque
3308 2061 3394 2100 res
3431 2061 3582 2112 esse;

2011 2124 2103 2176 sed
2132 2125 2279 2192 prius
2311 2141 2504 2181 nomen
2535 2128 2737 2183 indicat
2768 2131 3000 2186 celerem
3043 2134 3459 2189 commotionem
3493 2136 3580 2189 af-

2011 2213 2206 2279 fectus,
2240 2231 2358 2285 quae
2384 2228 2439 2272 et
2478 2221 2832 2288 cogitationes
2864 2223 3065 2278 homini
3095 2224 3387 2280 snll'uratur
3422 2238 3587 2295 atque

2010 2308 2322 2361 antevertit.
2367 2307 2607 2363 Alterum
2664 2325 2790 2366 vero
2838 2312 3144 2367 diuturnam
3188 2316 3241 2369 in
3286 2331 3353 2370 eo
3391 2316 3584 2371 affectu

2011 2397 2490 2453 commorationem
2577 2415 2641 2455 ac
2735 2404 3191 2471 perseverantiam
3295 2406 3583 2475 significat.

343 2483 696 2551 Quamobrem
746 2480 905 2536 etiam
954 2476 1122 2547 θυμὸς
1178 2476 1352 2531 dictus
1392 2486 1472 2532 est
1519 2478 1659 2547 quod
1725 2478 2081 2551 ἀναθυμίασιν
2137 2486 2443 2553 adjunctam
2516 2491 2731 2559 habeat,
2781 2494 2881 2550 hoc
2934 2504 3017 2549 est
3073 2495 3582 2561 efl‘ervesceutiam:

339 2578 477 2651 ὀργὴ
507 2586 684 2631 autem
712 2590 739 2628 a
771 2574 933 2627 verbo
963 2573 1152 2642 ὀργᾷν,
1184 2572 1325 2640 quod
1356 2581 1437 2624 est
1467 2573 1731 2641 turgidum
1766 2587 1906 2639 esse,
1942 2584 1996 2630 et
2019 2578 2087 2633 ob
2117 2581 2372 2637 vindictae
2397 2582 2764 2651 cupiditatem.

748 2686 913 2738 ΣΚΔν.
937 2715 1003 2725 -
1032 2684 1376 2753 ΗΡΑΚΛΕΙῼ
1412 2683 1511 2753 (ι).

338 2803 442 2868 Είς
471 2802 557 2855 τό·
599 2817 618 2850 ι
652 2798 835 2851 At}th
867 2795 965 2849 καὶ
989 2794 1165 2862 ἄρνες
1186 2794 1305 2862 ἅμα
1330 2794 1845 2861 βοσκηθτξσονται.
1885 2813 1905 2847 ι

412 2912 547 2968 Δίαν
583 2909 861 2980 θαυμάζω,
895 2907 1011 2969 πῶς
1040 2906 1103 2959 τὸ
1141 2906 1239 2976 μὲν
1266 2905 1421 2968 κλέος
1454 2904 1562 2957 τῶν
1602 2922 1816 2977 συγγρα
1839 2924 1909 2974 μ-

345 3006 554 3075 μάτων,
601 2994 674 3056 ὧν
735 2999 1087 3053 ἀπολέλοιπεν
1119 3000 1146 3050 ὁ
1191 2996 1463 3064 πάνσοφος
1519 2998 1770 3065 Ἰωάννης
1809 2997 1907 3066 (5),

2399 2693 2678 2749 CCXXIV.
2711 2725 2781 2737 —
2814 2695 3181 2754 HERACLIO.

2119 2803 2184 2859 In
2207 2806 2338 2859 illud
2366 2821 2385 2860 :
2423 2824 2441 2857 ι
2469 2804 2604 2874 Lupi
2630 2817 2676 2860 et
2713 2809 2836 2877 agni
2866 2808 3025 2862 simul
3056 2812 3418 2877 pascentur“.
3451 2830 3472 2866 ο

2085 2918 2444 2973 Vehementer
2484 2920 2674 2984 miror,
2722 2921 2812 2988 qui
2860 2920 3060 2975 factum
3094 2920 3183 2984 sit,
3234 2937 3355 2977 cum
3409 2923 3581 2993 gloria

2009 3008 2368 3076 scriptorum,
2416 3023 2537 3077 quae
2583 3009 3012 3078 sapientissimus
3066 3009 3303 3065 Joannes
3354 3023 3475 3080 post
3522 3030 3583 3070 se

346 3092 654 3163 πανταχόσε
681 3089 1051 3159 φοιτησάντων
1075 3088 1173 3154 (ϐ),
1197 3088 1323 3157 ἄχρι
1348 3089 1443 3156 τῆς
1470 3087 1573 3156 γῆς
1600 3086 1693 3140 καὶ
1718 3087 1910 3141 θαλάτ-

2018 3098 2255 3165 reliquit,
2291 3097 2489 3167 passim
2543 3108 2807 3151 terrarum
2856 3099 3246 3167 dispersorum,
3296 3117 3463 3169 usque
3516 3105 3583 3156 ad

343 3203 443 3257 της
482 3183 771 3255 τερμάτων
800 3181 1054 3250 ἔφθασεν,
1084 3180 1179 3248 τῆς
1214 3177 1272 3231 δὲ
1304 3178 1404 3247 σῆς
1434 3176 1509 3248 (7)
1542 3179 1602 3230 οὐ
1630 3178 1913 3247 καθήψατο

344 3276 606 3347 ἀμαθίας.
644 3270 950 3341 Θαυμάζων
985 3270 1041 3322 δὲ
1072 3270 1171 3321 οὑκ
1201 3269 1406 3320 ἐκεῖνον
1444 3268 1729 3338 αἰτιῶμαι,
1776 3269 1913 3323 ἀλλὰ

346 3368 445 3437 τὴν
498 3366 595 3437 σὴν
665 3364 952 3435 μέμφομαι
998 3360 1403 3431 ἀνυπέρϐλητον
1465 3360 1755 3431 ρᾳθυμίαν.
1812 3362 1912 3432 τὴν

347 3457 511 3509 ταὺτὸ
542 3454 872 3507 πεπονθυῖαν
914 3453 1027 3513 τοῖς
1072 3452 1128 3503 ὲν
1173 3451 1414 3521 σταθηρᾷ
1450 3452 1764 3523 μεσημϐρίᾳ
1816 3453 1910 3505 καὶ

350 3549 515 3616 λευκῇ
546 3545 753 3616 γαλήνῃ
792 3540 883 3596 τὸν
927 3542 1076 3611 ἥλιον
1112 3540 1187 3611 μὴ
1238 3540 1531 3611 καθορῶσι,
1572 3541 1658 3594 διά
1708 3542 1770 3594 τὸ
1810 3542 1910 3613 τὴν

349 3638 582 3707 ὀπτικήν
613 3637 795 3697 αὐτοῖς
840 3632 1116 3696 παντελῶς
1163 3630 1421 3684 ἐσϐέσθαι
1450 3631 1698 3701 δύναμιν.
1728 3634 1805 3686 Δι’
1834 3626 1909 3687 ὧν

347 3729 455 3801 γὰρ
481 3729 679 3796 λέγεις,
714 3725 908 3779 σαυτοῦ
939 3726 1283 3793 κατηγορεῖς,
1306 3724 1386 3776 ὅτι
1412 3723 1707 3792 ἀνέραστος
1730 3718 1780 3775 εἴ
1801 3724 1910 3778 τῶν

349 3820 554 3874 καλῶν.
585 3818 682 3882 Τίς
714 3816 823 3887 γὰρ
852 3817 949 3885 οὐχ
978 3814 1119 3868 ἑάλω
1147 3814 1406 3877 ὲκείνοιςς
1443 3814 1539 3876 Τίς
1570 3814 1625 3866 δὲ
1655 3814 1760 3866 τῶν
1795 3816 1911 3883 μετ’

348 3912 514 3968 αὑτὸν
564 3909 861 3980 τεχθέντων
893 3905 1193 3978 ἀνθρώπων
1222 3905 1279 3957 οὐ
1313 3904 1473 3975 χάριν
1509 3905 1650 3975 ἔχειν
1690 3901 1796 3958 οἵδε
1837 3906 1913 3974 (8)

347 4007 415 4075 τῇ
463 4003 588 4073 θείᾳ
637 4000 885 4071 προνοίᾳ,
934 3999 1016 4051 ὃτι
1065 3997 1181 4067 μετ’
1228 3996 1391 4049 αὐτὸν
1424 3996 1650 4067 ὲτέχοη;
1684 3997 1780 4049 καὶ
1815 3997 1914 4050 οὐκ

350 4098 574 4163 ἄπειρος
605 4091 814 4161 ἀπῆλθε
854 4090 954 4160 τῆς
996 4089 1147 4150 θείας
1184 4087 1375 4158 λύρας,
1404 4088 1503 4157 τῆς
1524 4088 1615 4139 τὸν
1659 4087 1914 4157 Ὀρφικὸν

355 4183 545 4253 μῦθον,
580 4183 672 4234 τὸν
723 4182 788 4250 τῇ
847 4178 1119 4249 ὑπερϐολῇ
1176 4177 1285 4229 τῶν
1335 4177 1643 4247 λεγομένων
1693 4177 1915 4241 δικαίως

351 4270 769 4343 ἀπιστούμενον,
819 4267 1308 4339 σφετερισαμένης.
1347 4266 1425 4320 Οὐ
1478 4265 1587 4338 γὰρ
1631 4266 1702 4320 τὰ
1749 4266 1914 4338 θηρία

422 4448 468 4481 ⁸³
498 4447 668 4503 Exod.
699 4462 782 4515 ιιι,
818 4447 872 4503 6.
947 4447 994 4480 “
1020 4447 1123 4503 lse.
1152 4461 1276 4512 va,
1309 4445 1402 4501 25.

2016 3189 2274 3243 terminus
2319 3198 2477 3243 terrae
2520 3197 2575 3243 et
2624 3190 2788 3244 maris
2832 3199 3108 3245 extremos
3166 3192 3489 3259 penetrarit,
3527 3202 3585 3246 nt

2019 3287 2161 3332 luam
2192 3288 2372 3333 tamen
2411 3279 2698 3333 rnditatem
2751 3295 2854 3334 non
2908 3279 3165 3349 attigerit.
3212 3279 3349 3335 Dum
3400 3292 3578 3335 autem

2014 3368 2116 3421 hoc
2149 3367 2337 3430 miror,
2365 3382 2467 3420 non
2498 3368 2549 3420 in
2587 3368 2759 3435 ipsum
2791 3368 3012 3422 confero
3040 3368 3275 3437 culpam,
3312 3370 3405 3423 sed
3435 3378 3580 3423 tuam

2015 3468 2313 3511 extremam
2358 3458 2696 3525 reprehendo
2737 3458 3062 3525 socordiam,
3101 3473 3163 3512 ac
3203 3459 3448 3527 supinam
3485 3474 3619 3513 ne--

2017 3546 2350 3617 gligentiam,
2387 3548 2470 3602 cui
2504 3549 2641 3601 idem
2673 3548 2830 3617 plane
2860 3549 3076 3615 accidit,
3111 3549 3252 3618 quod
3283 3548 3388 3602 illis
3424 3550 3581 3615 solet,

2014 3635 2106 3705 qui
2138 3637 2189 3689 in
2222 3636 2334 3705 ipso
2362 3638 2693 3691 consistente
2738 3637 2960 3692 meridie
3005 3646 3058 3690 et
3092 3652 3221 3706 pura
3269 3639 3582 3701 serenitate,

2017 3729 2184 3782 solem
2219 3737 2395 3782 tamen
2431 3744 2535 3782 non
2570 3729 2773 3792 vident,
2805 3730 2944 3797 quod
2982 3726 3210 3782 facultas
3238 3728 3447 3780 videndi
3492 3743 3586 3795 pe-

2018 3818 2161 3872 nitus
2189 3817 2261 3872 sit
2293 3816 2423 3885 ipsis
2450 3817 2736 3871 exstineta.
2775 3816 2878 3870 Per
2902 3833 2965 3871 ea
2992 3831 3220 3884 namque
3250 3830 3369 3883 qua:
3402 3830 3498 3883 pro
3532 3829 3584 3869 te

2020 3908 2330 3960 excusando
2362 3906 2543 3969 affers,
2578 3906 2749 3974 magis
2778 3920 3003 3961 accusas
3045 3907 3294 3975 teipsum,
3331 3907 3471 3973 quod
3499 3908 3586 3960 vi-

2020 3997 2216 4050 delicet
2263 3996 2409 4050 nullo
2470 4011 2647 4050 rerum
2699 3996 3045 4064 pulchrarum
3094 4011 3276 4049 amore
3326 3997 3582 4065 tangaris.

2020 4084 2151 4150 Quis
2180 4086 2322 4139 enim
2351 4086 2438 4153 qui
2469 4085 2573 4140 illis
2597 4101 2700 4140 non
2735 4085 3014 4156 capiatur?
3040 4084 3170 4151 Quis
3199 4094 3283 4139 est
3312 4097 3379 4137 ex
3415 4087 3587 4138 homi-

2018 4176 2180 4230 nibus
2209 4184 2326 4245 post
2353 4176 2526 4245 ipsum
2557 4176 2721 4241 natis,
2751 4178 2842 4245 qui
2877 4192 2981 4231 non
3018 4176 3244 4247 gratiam
3277 4175 3474 4230 habeat
3499 4176 3586 4229 di-

2020 4267 2159 4320 vinae
2186 4266 2557 4335 providentiae,
2582 4268 2722 4336 quod
2747 4276 2869 4338 post
2891 4266 3065 4338 ipsum
3095 4274 3253 4322 natus
3279 4266 3387 4321 sit?
3418 4267 3586 4336 quod-

1449 4579 1686 4635 "ARIIE
1718 4577 2106 4633 LECTIONES
2140 4577 2228 4631 ET
2254 4576 2479 4634 ΝΟΤᾸΞ.

426 4744 500 4811 (2)
532 4737 743 4811 Titulus
769 4733 925 4811 hujus
954 4748 1039 4811 ep_.
1074 4733 1139 4811 in_
1179 4733 1299 4788 cod.
1329 4731 1503 4811 Yatic.
1536 4730 1640 4811 65ft
1674 4730 1757 4811 hic
1783 4738 1864 4783 est
1898 4748 1911 4785 :
1946 4731 1990 4785 D
2020 4728 2232 4810 fluctuis
2275 4728 2326 4781 in
2372 4726 2690 4811 hodiernum
2733 4740 2903 4798 usque
2953 4727 3093 4811 diem
3140 4727 3352 4811 irrigari
3398 4729 3579 4810 orbem

365 4800 659 4879 Ἀμμωνίῳ
689 4800 1051 4879 ,ἀναγνώστῃῂ
1113 4803 1397 4856 Αιιιιιιοηῑο
1450 4801 1654 4854 lectori.
1694 4800 1911 4879 Possm.

430 4869 502 4948 I3)
532 4869 660 4932 Post
683 4869 839 4948 deus:
858 4869 1044 4948 accipe
1090 4888 1207 4948 qum
1239 4878 1534 4948 sequuntur
1553 4938 1566 4948 ‘
1586 4869 1802 4948 paulurn
1836 4869 1914 4919 di-

355 4931 507 5001 versa
545 4961 607 4997 ex
641 4946 759 4999 cod.
797 4943 917 4995 Vat.
950 4931 1074 5004 6'50,
1109 4931 1169 4993 ἓν
1196 4940 1293 5009 μέν
1317 4931 1371 4992 τι
1396 4938 1488 4990 καὶ
1517 4931 1731 5009 τὸάύτδ
1752 4931 1909 4989 εἶναι’

353 5021 490 5085 τάχα
522 5013 636 5088 δὲμδ
673 5014 791 5088 μέν,
821 5022 926 5088 etc.
956 5013 1105 5088 Vers.
1130 5012 1163 5061 5
1184 5008 1440 5088 epainler
1481 5008 1817 5088 κλέπτουσαν
1861 5013 1917 5057 et

354 5092 384 5157 ἡ
424 5075 549 5157 hang
587 5075 727 5136 ide-tn
769 5082 975 5143 inserit,
1009 5080 1107 5157 και
1138 5075 1914 5157 τού-λογισμούπροτρέχου-

356 5145 473 5207 σαν.
509 5154 661 5207 Vers.
696 5167 814 5218 pen.
839 5165 924 5215 cp.
959 5166 1054 5216 pro
1086 5151 1114 5201 6
1134 5150 1189 5200 δὲ
1217 5150 1355 5218 idem
1389 5145 1515 5211 legit
1544 5147 1577 5214 ἡ
1605 5145 1784 5218 δὲτ-Ιυ.

427 5224 500 5289 (4)
534 5212 812 5287 Inscriptio
846 5212 989 5272 nulla
1024 5230 1171 5283 erat;
1208 5216 1484 5285 suppletur
1510 5212 1576 5268 en
1600 5215 1784 5268 codice
1809 5212 1918 5265 Va-

358 5294 554 5345 licunt).
579 5291 734 5343 Eon.

428 5363 503 5428 (δι)
546 5362 610 5413 '0
647 5359 963 5424 πάνσοφος
1000 5354 1303 5428 ἸωάννηςΪ
1365 5352 1448 5428 De
1479 5348 1699 5428 Joannis
1745 5351 1914 5428 Chry:

360 5419 579 5485 sestertii
631 5419 1011 5495 scriptis'idem
1062 5434 1143 5495 est
1167 5422 1558 5495 _t_estimon_int_n_
1593 5419 1913 5471 Theodoreti

360 5498 593 5567 episc0pi
631 5488 776 5567 Cyri,
802 5496 889 5562 qni
924 5509 1045 5547 eum
1074 5490 1296 5567 i_n_flist.
1329 5490 1477 5549 eccl.,
1506 5488 1598 5567 lib.
1622 5502 1672 5566 γ,
1703 5502 1804 5567 non
1841 5501 1922 5567 se-

360 5553 467 5623 mel
514 5553 695 5619 v'ocat'
717 5553 988 5617 deciorem
1024 5561 1173 5614 orbis
1217 5568 1514 5621 terrarum;
1549 5566 1602 5609 et
1634 5556 1686 5609 in
1720 5553 1920 5607 Praefa-

360 5638 504 5692 tione
550 5635 615 5690 ad
665 5633 945 5689 Canticum
994 5629 1190 5683 cantic.
1241 5626 1446 5689 scribit,
1498 5626 1616 5694 ejus
1665 5624 1921 5679 doctrinae

2021 4799 2356 4852 universum.
2390 4796 2566 4864 Atque
2596 4797 2669 4849 ita
2700 4795 2885 4851 revera
2917 4806 3019 4850 est.
3052 4795 3310 4851 Enmdém
3344 4800 3581 4851 omnium

2020 4866 2380 4920 Ecclesiarum
2412 4866 2624 4919 oculum
2658 4865 2891 4920 Isidorus
2916 4873 3069 4917 vocat
3095 4865 3254 4931 epist.
3283 4864 3385 4919 156
3415 4866 3508 4921 lib.
3544 4883 3582 4928 ι,

2015 4947 2069 4989 et
2122 4935 2330 4989 Libanii
2373 4935 2439 4989 de
2481 4949 2545 4988 eo
2596 4934 2858 5002 judicium
2910 4934 3073 4988 refert
3118 4948 3203 5000 ep.
3260 4934 3330 4988 42
3373 4935 3469 4989 lib.
3522 4950 3580 4988 ιι.

2019 5006 2184 5059 Rt'rr.

2089 5074 2164 5143 (6)
2196 5072 2573 5143 Recteﬂcodex
2616 5072 2809 5143 Velie.~
2842 5071 3479 5143 (patrqcrivtwvcorripit
3528 5074 3580 5126 in

2018 5140 2303 5211 φοιτῆσαν.
2352 5140 2470 5195 Mox
2504 5150 2619 5208 post
2648 5141 2773 5211 ἄχρι
2799 5140 2911 5195 latro
2942 5141 3041 5211 τῆς
3070 5144 3203 5194 bene
3229 5141 3354 5195 item
3390 5140 3587 5195 Substi-

2019 5210 2118 5265 tuit
2140 5210 2268 5274 τῶν,
2302 5221 2356 5261 et.
2388 5219 2503 5277 post
2533 5210 2636 5277 γῆς
2668 5210 2814 5263 addit
2849 5226 2927 5261 τε.
2959 5210 3166 5262 Possm.
3336 5218 3339 5219 '

2091 5280 2167 5350 (7)
2194 5280 2289 5333 Ed.
2340 5276 2551 5350 Paris,
2596 5276 2782 5347 οΰσης.
2825 5279 2979 5333 Corr.
3036 5279 3157 5332 cod.
3214 5277 3337 5343 Vat,
3388 5276 3491 5332 650
3533 5287 3588 5331 et

2020 5349 2154 5402 Ritt.
2184 5350 2236 5402 in
2261 5350 2424 5412 nolis,
2456 5349 2611 5401 Enl'r.

2092 5419 2169 5484 (8)
2208 5420 2290 5470 Οὐ
2317 5417 2491 5484 χάριν
2513 5420 2676 5482 ἔχειν
2708 5412 3224 5484 οῖδεηΑιιειειιιιιιιιι
3277 5414 3409 5469 satis
3459 5422 3581 5467 est:

2021 5487 2106 5557 vel
2134 5480 2292 5557 χάριν
2317 5480 2475 5557 ἔχει,
2510 5480 2589 5537 vel
2629 5486 2787 5557 χάριν
2830 5480 2958 5541 οἶδε.
2992 5483 3176 5553 Itaque
3210 5494 3344 5553 puto
3387 5484 3583 5538 reduno

2024 5556 2152 5610 dare
2179 5556 2238 5608 τὸ
2266 5556 2429 5624 ἔχειν.
2458 5556 2620 5609 Ιὶιττ.
