4020 6140
507 285 640 352 ιςι-ιε)
1726 279 1786 341 S.
1832 281 2124 341 ISIDORI
2164 277 2605 342 PELUSIOTIE
3635 277 3771 342 1320

506 413 611 466 que
660 410 761 449 non
811 392 1004 448 abierit
1042 403 1244 459 expers
1298 397 1354 443 et
1418 389 1634 460 ignarus
1693 390 1885 444 divinae
1940 390 2082 445 illius

2205 391 2390 443 ιλῶναι
2418 393 2484 462 τῇ
2517 390 2640 460 θείᾳ
2675 388 2752 460 (9)
2789 390 3022 459 μουσικῇ
3076 387 3376 460 πεποίηκεν
3400 403 3414 421 ο
3466 390 3603 444 ἀλλά
3646 407 3770 455 τους

507 490 687 562 Lyrze,
720 503 836 557 qum
863 485 1097 541 fabulam
1145 482 1461 554 Orphicam,
1501 484 1586 540 cui
1628 485 1930 548 oh‘eorum,
1955 501 2083 553 ‘qure

2205 479 2470 552 ὶηριώδεις
2513 478 2835 551 ἀνθρώπους
2882 479 3256 544 ἑτιθάσσευσε,
3305 480 3407 551 τὴν
3462 481 3771 552 ἀγριότητα

507 584 575 636 de
600 583 713 650 ipsa
743 579 1107 644 celebrantur,
1133 576 1579 645 magnitudinem,
1605 592 1708 630 non
1736 576 1929 645 tnjuria
1953 576 2084 630 ﬁdes

2205 573 2371 627 ιύτῶν
2423 572 2732 643 έξημερῶν,
2775 573 2870 626 καὶ
2900 573 2979 635 είς
3029 573 3313 642 πραότητα
3361 572 3456 625 καὶ
3503 573 3773 643 ἁρμονίαν

509 673 819 739 derogatur,
870 669 973 722 sibi
1026 667 1318 736 arrogavit.
1366 665 1481 718 Non
1516 667 1658 719 enim
1696 666 1839 720 feras
1881 668 2084 720 bestias

2205 656 2462 717 ιαθιστῶν
2503 663 2671 716 Λύκοι
2701 662 2808 733 γάρ
2828 663 2920 716 καὶ
2949 663 3135 734 ἄρνες,
3166 662 3227 714 οὐ
3258 665 3468 733 μορφῇ,
3488 661 3626 714 ἀλλὰ
3658 663 3775 732 τρό-

509 763 688 816 divina
715 760 802 814 illa
836 775 929 814 sua
967 759 1172 814 nmsica
1208 757 1326 826 capi
1362 756 1522 822 fecit;
1576 757 1670 810 sed
1707 755 1893 810 ferinis
1925 758 2086 810 mori-

2205 772 2314 816 ποις
2343 755 2479 824 πρὸς
2508 752 2771 823 ἀλλήλους
2817 753 3196 821 σπεισάμενοι,
3231 753 3325 804 ἐπὶ
3364 753 3425 802 τὸ
3465 750 3599 804 αὐτὸ
3648 768 3775 803 συν-

513 855 610 906 hus
635 853 891 921 prazditos
915 851 1161 905 homines
1190 860 1497 906 mansuetos
1532 850 1782 916 reddidit,
1812 849 2080 903 feritatem

2205 845 2353 914 ἧψαν.
2393 843 2572 914 "Adaei;
2626 843 2807 896 τοίνυν
2851 842 3065 912 ἐκείνης
3127 843 3224 912 τῆς
3260 841 3455 913 λύρας,
3488 843 3584 895 καὶ
3622 844 3775 895 πᾶσα

514 945 749 1011 ipsorum
788 943 972 997 mitem
1008 958 1071 996 ac
1098 946 1337 997 cicurem
1381 943 1606 1006 faciens,
1637 951 1691 996 et
1729 943 1794 996 ad
1835 956 2083 995 mansue-

2205 937 2353 1006 ἡνῦν
2385 939 2442 989 ὲν
2481 938 2563 988 σοὶ
2615 934 2917 1006 χορεύουσα
2967 933 3209 1001 ἀκοσμία
3239 933 3420 987 τέλεον
3464 935 3771 1003 οἰχήσεται,

514 1033 752 1087 tudinem
815 1049 878 1089 ac
937 1034 1360 1088 concinnitatem
1430 1034 1716 1101 quamdam
1779 1033 2087 1086 traducens.

2205 1030 2293 1082 καὶ
2326 1031 2720 1100 παραχωρήσει
2750 1030 2817 1098 τῇ
2853 1026 3102 1097 ὲνὰρθρῳ
3130 1025 3313 1096 ἐκείνῃ
3342 1030 3599 1097 μουσικῇ.

515 1129 651 1199 Lupi
693 1130 834 1184 enim
881 1139 935 1184 et
979 1130 1124 1196 agni,
1162 1145 1266 1183 non
1298 1128 1471 1182 forma
1520 1128 1614 1182 sed
1650 1129 1909 1194 moribus,
1960 1140 2093 1196 pace
2132 1125 2359 1180 invicem
2407 1125 2550 1180 facta
2619 1127 2672 1181 in
2715 1125 2856 1180 idem
2925 1136 3313 1181 convenerunt.
3351 1128 3570 1197 Attinge
3608 1128 3772 1198 igitur

526 1218 669 1273 illam
709 1222 895 1291 lyram.
949 1219 1025 1273 lla
1062 1220 1172 1283 liel,
1216 1228 1274 1272 ut
1323 1218 1520 1282 omnis,
1569 1233 1686 1288 quae
1733 1233 1875 1273 nunc
1917 1218 1971 1272 in
2030 1228 2083 1272 te
2121 1216 2375 1284 exsultat,
2438 1218 2642 1272 ruditas
2714 1228 2877 1287 atque
2917 1218 3215 1284 insulsitas,
3251 1233 3473 1286 prorsus
3501 1220 3661 1276 abeat
3715 1231 3771 1278 et

526 1315 802 1368 concinnae
832 1313 910 1366 illi
945 1315 1161 1367 musicae
1191 1312 1491 1367 concedens
1524 1310 1699 1366 locum
1732 1313 1840 1375 det.

641 1448 802 1520 5E9
834 1447 1086 1504 CCXXV.
1123 1481 1190 1492 —
1217 1447 1600 1504 EUDEMONI
1648 1444 1967 1502 DIACONO.

2448 1446 2620 1502 ΣκΕν.
2671 1474 2744 1486 --
2774 1445 3156 1504 ΕΥΔΑιΜοΝι
3189 1453 3503 1526 ΔΙΑΚΟΝῼ.

521 1558 714 1614 Contra
760 1558 997 1646 Judwos.
1023 1556 1140 1646 “Ulbi
1181 1569 1226 1611 et
1271 1557 1486 1646 {osepltj
1527 1559 1670 1611 locus
1714 1560 1777 1612 de
1818 1559 2093 1614 Saluatore

2205 1563 2384 1646 ΚατὰΔ
2425 1560 2739 1646 ’ζουδᾳίρκ
2777 1561 3124 1646 ςΕνθα-κα]
3193 1564 3512 1646 lxx-{minam
3555 1567 3768 1636 χρῆσις

965 1629 1174 1681 totidem
1195 1628 1364 1682 verbis
1393 1629 1638 1696 refertur.

595 1779 856 1848 Quoniam
887 1788 942 1833 et
963 1772 1165 1834 Graecis
1195 1787 1248 1833 et
1280 1778 1529 1833 barbaris
1558 1787 1614 1833 et
1643 1779 1890 1833 omnibus
1914 1779 2090 1832 omni-
2122 1753 2164 1808 Β

522 1887 594 1926 no
641 1871 944 1924 hominibus
998 1870 1241 1934 videtur,
1293 1881 1347 1924 et
1387 1869 1510 1939 jure
1556 1871 1808 1938 quidem,
1863 1871 2097 1924 hostium

527 1963 892 2018 testimonium
928 1962 1030 2017 fide
1055 1962 1310 2030 dignum;
1340 1961 1506 2016 Judaei
1537 1976 1664 2016 vero
1693 1977 1909 2016 omnem
1939 1977 2100 2016 exce-

527 2057 714 2111 dentes
738 2055 1134 2125 improbitatem
1164 2067 1268 2107 non
1297 2055 1468 2108 solum
1497 2052 1772 2122 prophetis
1804 2052 1961 2106 [idem
1994 2069 2098 2108 non

526 2147 852 2213 habuerunt,
899 2148 990 2200 sed
1019 2145 1306 2214 nequidem
1353 2145 1450 2214 ipsi
1490 2143 1633 2209 Deo;
1678 2143 1885 2197 exstitit
1924 2153 2098 2196 autem

527 2235 794 2305 Josephus
842 2237 1084 2305 quidam,
1133 2234 1349 2289 Judaeus
1403 2248 1645 2288 summus
1699 2241 1753 2286 et
1802 2231 2100 2288 acerrimus

528 2326 664 2394 legis
705 2332 1105 2394 propugnator,
1156 2324 1357 2392 quique
1394 2319 1561 2376 Vetus
1599 2319 2001 2376 Testamentum
2032 2336 2099 2376 ex

431 2455 438 2461 ς
499 2405 506 2410 ’
533 2415 638 2470 lide
669 2416 780 2469 veri
805 2414 1214 2484 paraphrastice
1236 2414 1502 2484 exposuit,
1533 2421 1587 2467 et
1612 2427 1710 2482 pro
1740 2411 1938 2467 Judzeis
1960 2417 2103 2468 ‘stre—

533 2508 794 2562 nuissime
843 2506 1242 2572 fortissimeque
1296 2520 1355 2560 se
1401 2504 1586 2574 gessit,
1638 2518 1703 2558 ac
1770 2517 1866 2574 per
1921 2506 2101 2558 omnia

451 2655 459 2664 ,
533 2600 767 2668 ipsorum
810 2612 896 2651 res
946 2595 1195 2649 meliores
1242 2608 1403 2663 quam
1448 2593 1554 2648 dici
1601 2592 1796 2661 possit,
1847 2591 2100 2658 ostendit,

533 2701 712 2742 rerum
743 2695 922 2740 autem
951 2683 1168 2738 veritati
1191 2684 1384 2738 cedere
1417 2683 1666 2752 dignatus
1695 2692 1778 2737 est
1802 2681 1931 2753 (non
1957 2682 2102 2737 enim

536 2783 818 2851 impiorum
845 2779 1165 2835 sententiam
1197 2786 1414 2832 secutus
1440 2775 1542 2845 est)
1580 2775 1951 2832 necessarium
1985 2789 2106 2831 esse

535 2873 827 2927 arbitratus
858 2887 997 2933 sum,
1036 2869 1204 2938 ipsius
1238 2869 1399 2923 verba
1435 2882 1724 2937 apponere.
1772 2867 1907 2934 Quid
1944 2868 2105 2937 igitur

536 2963 645 3017 ait?
682 2981 701 3014 ι
729 2962 928 3016 Eodem
962 2970 1200 3029 tempore
1232 2960 1329 3014 fuit
1358 2957 1536 3024 Jesus,
1568 2960 1651 3014 vir
1679 2961 1916 3029 sapiens,
1946 2960 1989 3014 si
2025 2969 2106 3012 ta-

537 3067 657 3107 men
689 3053 858 3106 virum
901 3067 1023 3105 eum
1059 3051 1136 3104 fas
1163 3059 1246 3104 est
1273 3049 1474 3104 dicere.
1523 3050 1653 3104 Erat
1700 3051 1842 3104 enim
1889 3050 2108 3102 mirabi-

536 3146 666 3199 lium
701 3159 920 3213 operum
948 3150 1210 3211 patrator,
1241 3151 1296 3195 et
1327 3141 1517 3195 doctor
1542 3156 1726 3195 eorum
1758 3142 1846 3208 qui
1877 3140 2106 3194 libenter

537 3250 662 3289 vera
699 3233 999 3302 suspiciunt
1040 3250 1054 3286 :
1087 3232 1458 3299 plurimosque
1491 3241 1595 3284 tam
1624 3232 1690 3284 de
1716 3230 1916 3286 Judaeis
1944 3245 2103 3300 quam

540 3326 605 3381 de
646 3324 891 3393 gentibus
935 3330 1231 3376 sectatores
1281 3321 1490 3376 habuit.
1529 3321 1779 3374 Christus
1819 3321 1906 3374 hic
1943 3329 2101 3374 erat:

539 3430 699 3486 quem
730 3421 1038 3467 accusatum
1067 3426 1095 3464 a
1126 3419 1320 3465 nostrae
1349 3409 1523 3478 gentis
1549 3408 1876 3477 principibus
1906 3408 2106 3464 Pilatus

540 3521 661 3562 cum
715 3503 972 3557 aliixisset
1013 3501 1180 3564 cruci,
1237 3501 1583 3554 nihilominus
1633 3491 1736 3554 non
1787 3501 2108 3554 destiterunt

540 3608 662 3647 eum
690 3593 930 3662 diligere,
963 3593 1052 3658 qui
1075 3593 1140 3645 ab
1170 3591 1321 3646 initio
1344 3599 1636 3658 coeperant.
1667 3590 1930 3659 Apparuit
1959 3592 2103 3645 enim

540 3685 621 3739 eis
652 3684 809 3754 tertia
840 3683 928 3737 die
959 3685 1138 3748 vivus,
1167 3684 1242 3737 ita
1274 3692 1333 3737 ut
1363 3682 1617 3736 divinitus
1643 3682 1708 3736 de
1739 3697 1804 3736 eo
1833 3691 1978 3737 vates
2005 3683 2107 3736 hoc

540 3784 597 3831 et
624 3775 728 3828 alia
755 3774 920 3827 multa
953 3775 1191 3829 miranda
1215 3773 1595 3842 praedixerunt.
1633 3771 1696 3824 Et
1728 3787 1898 3842 usque
1929 3772 1979 3826 in
2007 3774 2105 3827 ho-

541 3867 787 3922 diernum
834 3865 1266 3920 Christianorum
1303 3879 1496 3934 genus,
1547 3862 1614 3917 ah
1647 3864 1750 3919 hoc
1795 3864 2108 3917 denomina-

541 3967 677 4022 tum,
711 3970 816 4010 non
851 3954 1050 4010 deﬁcit.
1097 3973 1116 4007 ι
1169 3953 1464 4026 [Hactenus
1495 3952 1807 4025 Josephus.]
1839 3952 1949 4023 Ego
1977 3969 2106 4009 vero
2152 3945 2154 3950 ’

540 4060 661 4101 cum
690 4043 873 4099 multis
901 4044 1022 4098 aliis
1050 4044 1102 4098 in
1134 4045 1292 4098 rebus
1315 4043 1470 4096 valde
1497 4043 1663 4095 miror
1695 4043 1925 4096 hominis
1958 4057 2106 4095 vera-

540 4135 782 4198 citatem,
818 4141 926 4186 tum
957 4147 1086 4186 vero
1121 4131 1200 4184 vel
1248 4131 1482 4183 maxime
1526 4130 1579 4183 in
1616 4130 1721 4184 illis
1753 4131 1952 4195 verbis,
1982 4146 2103 4186 cum

540 4225 654 4289 ait,
707 4223 956 4277 «Doctor
1013 4222 1326 4284 hominum,
1389 4221 1476 4288 qui
1542 4221 1768 4274 libenter
1827 4221 2103 4275 veritatem

538 4313 858 4382 suscipiunt.
892 4331 909 4362 ι
960 4311 1094 4366 Sunt
1122 4312 1262 4364 enim
1291 4311 1379 4378 qui
1407 4320 1645 4364 extrema
1677 4311 1982 4366 laborantes
2014 4328 2104 4367 so-

2338 1630 2604 1700 περὶτοῦ
2636 1628 2911 1698 Σωτῆρος
2937 1633 3146 1699 αὑταῖς
3175 1628 3386 1698 λέξεόι
3414 1628 3624 1689 κεῖτὶιῖ.

2279 1785 2496 1856 Ἐπειδὴ
2534 1784 2630 1839 καὶ
2670 1784 2896 1855 Ἕλλησι
2945 1785 3041 1838 καὶ
3103 1784 3419 1856 βαρϐάροις,
3463 1787 3557 1840 καὶ
3607 1789 3768 1841 πᾶσιν

2201 1875 2510 1946 ἀνθρώποις
2558 1878 2593 1946 ἡ
2621 1875 2731 1929 τῶν
2761 1875 2974 1947 ἐχθρῶν
3026 1877 3306 1947 μαρτυρία
3353 1877 3580 1939 εἰκότως
3625 1879 3771 1931 δοκεῖ

2200 1967 2482 2038 ἀξιόχρεος
2507 1963 2669 2035 εῖναι,
2716 1967 2963 2021 Ἰουδαῖοι
3005 1967 3062 2020 δὲ
3095 1969 3278 2020 πᾶσαν
3307 1967 3770 2038 ὑπερϐαλλόμενοι

2202 2059 2422 2121 κακίαν,
2457 2059 2516 2112 οὐ
2560 2058 2719 2129 μόνον
2766 2060 2880 2121 τοῖς
2919 2059 3230 2128 προφήταις
3275 2058 3375 2111 οὐκ
3424 2057 3766 2124 ἐπίστευσαν,

2205 2150 2318 2205 ἀλλ’
2345 2149 2466 2203 οὐδὲ
2521 2148 2672 2219 αὐτῷ
2711 2147 2790 2219 τῷ
2837 2134 2957 2219 Θεῷ
2982 2164 2998 2180 ·
3044 2148 3261 2216 ἐγένετο
3306 2148 3364 2201 δέ
3389 2165 3475 2213 τις
3511 2147 3769 2220 Ἰώσηπος

2215 2239 2462 2303 Ἰουδαῖος
2503 2240 2671 2309 ἄκρος
2719 2239 2814 2293 καὶ
2843 2237 2937 2292 τοῦ
2993 2239 3159 2310 νόμου
3214 2237 3482 2310 ζηλωτὴς,
3536 2240 3630 2292 καὶ
3673 2239 3768 2310 τὴν

2205 2328 2448 2381 Παλαιὰν
2472 2327 2747 2398 Διαθὴκην
2783 2325 2923 2398 μετά
2963 2326 3220 2397 ἀληθείας
3259 2328 3647 2399 παραφράσας,
3678 2329 3770 2380 καὶ

2205 2417 2345 2486 ὑπὲρ
2395 2417 2663 2470 Ἰουδαίων
2707 2416 2903 2486 ἄριστα
2956 2416 3369 2488 ἀνδρισάμενος.
3418 2416 3563 2470 κατά
3595 2418 3770 2470 πάντα

2202 2520 2260 2556 τε
2281 2503 2349 2556 τά
2367 2502 2590 2555 ἐκείνων
2612 2503 2896 2573 κρείττονα
2923 2503 3084 2571 λόγου
3111 2503 3450 2573 ἀποφαίνων,
3477 2505 3544 2574 τῇ
3574 2502 3632 2555 δὲ
3664 2502 3769 2556 τῶν

2204 2594 2549 2664 πραγμάτων
2578 2594 2807 2666 ἀληθείᾳ
2837 2596 3241 2668 παραχωρῆσαι
3276 2595 3512 2662 ἀξιώσας
3536 2613 3551 2626 ’
3579 2596 3640 2648 οὔ
3663 2597 3770 2666 γὰρ

2204 2685 2445 2757 ἐζήλωσε
2456 2683 2564 2738 τῶν
2574 2685 2784 2740 ἀσεϐῶν
2800 2686 2897 2754 τὴν
2921 2685 3167 2756 γνώμην·
3192 2687 3486 2754 ἀναγκαῖον
3503 2681 3653 2754 οἶμαι
3674 2685 3771 2749 τὰς

2204 2775 2417 2830 ἐκείνου
2449 2774 2792 2846 παραθέσθαι
2821 2777 3026 2846 ῥήσεις.
3061 2775 3128 2827 Τί
3165 2771 3258 2828 οὖν
3286 2791 3458 2846 φησις
3494 2794 3512 2826 ε
3560 2776 3770 2829 Γίνεται

2203 2867 2261 2921 δὲ
2292 2867 2404 2938 (10)
2437 2869 2556 2921 κατ’
2600 2869 2808 2920 ἐκεῖνον
2838 2866 2929 2920 τὸν
2973 2867 3165 2938 χρόνον
3196 2867 3307 2938 (Η)
3352 2867 3578 2939 Ἰησοῦς,
3612 2867 3770 2935 σοφὸς

2205 2959 2365 3029 ἀνὴρ,
2387 2961 2441 3011 εί
2460 2975 2522 3026 γε
2543 2958 2706 3012 αὐτὸν
2727 2957 2896 3028 ἄνδρα
2931 2957 3113 3012 λέγειν
3130 2953 3377 3028 χρὴῘΗν
3399 2959 3508 3028 γὰρ
3537 2957 3771 3028 παραδό-

2208 3050 2314 3129 ξων
2331 3050 2506 3118 ἔργων
2535 3051 2786 3120 ποιητὴς,
2813 3049 3135 3112 διδάσκαλος
3154 3049 3456 3120 ἀνθρώπων
3477 3047 3584 3102 τῶν
3613 3050 3768 3120 ἡδονῇ

2205 3143 2416 3214 τάληθῆ
2452 3143 2779 3214 δεχομένων*
2813 3143 2904 3198 καὶ
2925 3141 3149 3205 πολλοὺς
3175 3142 3271 3212 μὲν
3308 3140 3616 3204 Ἰουδαίους,
3646 3140 3772 3193 πολ-

2205 3235 2330 3298 λοὺς
2374 3236 2431 3289 δὲ
2459 3236 2553 3289 καὶ
2580 3236 2673 3288 τοῦ
2726 3217 3037 3307 Ἑλληνικοῦ
3066 3235 3396 3304 ἐπηγάγετο.
3448 3236 3505 3287 '0
3538 3233 3770 3304 Χριστὸς

2204 3321 2358 3389 οὗτος
2405 3321 2494 3394 ἦν,
2535 3325 2630 3378 καὶ
2680 3325 2840 3378 αὐτὸν
2887 3324 3108 3389 ἐνδείξει
3149 3342 3255 3376 των
3287 3324 3518 3394 πρώτων
3561 3323 3770 3394 ἀνδρῶν

2206 3419 2339 3488 παρ’
2404 3419 2538 3488 ἡμῖν
2598 3417 2819 3487 σταυρῷ
2851 3417 3301 3486 ἐπιτετιμηκότος
3349 3414 3609 3478 Πιλάτου,
3672 3415 3769 3466 οὐκ

2205 3507 2516 3560 ἐπαύσαντο
2541 3510 2591 3561 οἱ
2612 3509 2673 3561 τὸ
2710 3508 2930 3578 πρῶτον
2973 3509 3379 3577 ἀγαπήσαντες.
3428 3505 3633 3575 Ἐφάνη
3664 3505 3769 3572 γὰρ

2204 3600 2388 3662 αὐτοῖς
2417 3598 2607 3670 τρίτην
2643 3597 2782 3668 ἔχων
2832 3598 3046 3669 ἡμέραν
3091 3597 3251 3650 πάλιν
3300 3593 3428 3658 ζῶν,
3473 3593 3582 3646 τῶν
3613 3593 3770 3644 θείων

2207 3690 2499 3759 προφητῶν
2546 3689 2724 3743 ταῦτά
2765 3707 2824 3742 τε
2873 3689 3002 3759 περὶ
3048 3685 3238 3752 αὑτοῦ,
3284 3687 3376 3739 καὶ
3425 3684 3564 3738 ἀλλα
3605 3684 3769 3754 μυρία

2207 3781 2483 3851 θαυμάσια
2529 3780 2849 3852 εἰρηκότων.
2875 3781 2976 3848 ,Εἰς
3008 3781 3065 3833 δὲ
3098 3782 3160 3834 τὸ
3191 3779 3285 3832 νῦν
3323 3777 3436 3849 (12)
3474 3777 3586 3830 τῶν
3639 3778 3771 3846 Χριο

2210 3874 2459 3940 στιανῶν,
2490 3874 2599 3928 ἀπὸ
2631 3872 2785 3926 τοῦδε
2827 3871 3255 3943 ὠνομασμένων,
3306 3871 3406 3923 οὐκ
3456 3871 3682 3923 ἐπέλιπε
3713 3868 3770 3921 τὸ

2209 3962 2390 4030 φῦλον.
2427 3981 2446 4014 ι
2495 3961 2636 4030 Ἐγὼ
2668 3962 2725 4014 δὲ
2767 3961 2887 4016 λίαν
2914 3959 3179 4032 θαυμάζω
3206 3961 3430 4030 τάνδρὸς
3455 3962 3514 4012 ὲν
3563 3959 3770 4021 πολλοῖς

2210 4053 2309 4124 μὲν
2340 4053 2401 4106 τὸ
2449 4054 2743 4122 φιλάληθες
2768 4070 2783 4084 ⁸
2837 4054 3073 4124 μαλίστα
3106 4054 3183 4116 δὲ,
3215 4053 3272 4106 ἐν
3319 4048 3401 4115 οἷς
3428 4049 3571 4116 εἷπε,
3621 4071 3639 4102 t
3682 4054 3769 4127 At-

2204 4143 2467 4207 δάσκαλος
2494 4143 2794 4215 ἀνθρώπων
2821 4143 2928 4196 τῶν
2969 4145 3128 4215 ἡδονῇ
3159 4143 3364 4214 τάληθῆ
3396 4143 3721 4214 δεχομένων.
3746 4159 3766 4191 ι

2205 4236 2326 4288 Elui
2359 4235 2468 4306 γὰρ
2513 4237 2562 4289 oi
2595 4236 2661 4290 δι’
2706 4236 3119 4307 ἀνυπέρϐλητον
3163 4234 3455 4308 ρᾳθυμίαν,
3507 4228 3584 4286 ὧν
3634 4234 3769 4304 ἦσαν

2206 4327 2300 4380 καὶ
2332 4329 2381 4379 οἱ
2415 4328 2820 4398 ἀπιστήσαντες
2853 4327 3116 4393 Ἰουδαῖοι,
3149 4329 3241 4382 καὶ
3264 4327 3328 4380 τὰ
3359 4327 3480 4379 λίαν
3501 4329 3647 4395 σαφῆ
3680 4325 3770 4377 καὶ

537 4403 744 4471 cordia,
772 4413 826 4457 et
854 4401 1094 4456 infideles
1119 4398 1310 4465 Judaei,
1335 4401 1424 4469 qui
1451 4399 1612 4454 etiam
1642 4399 1795 4454 valde
1825 4402 2104 4470 perspicua

2209 4415 2327 4468 θεῖα
2358 4419 2825 4488 περιγραφόμενοι
2882 4418 3017 4489 (15),
3058 4418 3166 4471 ἀπὸ
3192 4419 3294 4488 τῆς
3338 4417 3546 4479 οἰκείας
3606 4415 3769 4486 ῥᾳθυ-

538 4504 698 4562 atque
746 4492 924 4548 divina
979 4490 1304 4560 rejicientes,
1351 4506 1416 4546 ex
1466 4505 1560 4544 sua
1607 4491 1785 4560 potius
1829 4493 2098 4557 vecordia,

539 4600 700 4653 quam
728 4599 792 4638 ex
841 4599 1018 4637 rermn
1069 4584 1302 4653 ipsarum
1344 4581 1674 4637 obscuritate
1718 4579 1895 4636 ferant
1924 4581 2103 4637 calcu-

539 4675 671 4728 lum.
721 4673 780 4729 Si
824 4674 986 4743 igitur
1033 4674 1198 4728 etiam
1252 4674 1432 4728 hostes
1467 4671 1684 4727 veritati
1732 4685 1790 4725 se
1832 4685 2102 4739 opponere

540 4765 657 4820 ausi
692 4781 796 4819 non
847 4764 1105 4831 fuerunt,
1151 4764 1275 4835 quis
1322 4763 1411 4819 ille
1461 4763 1569 4818 erit
1619 4771 1726 4815 tam
1773 4761 2100 4827 obsunatus,

538 4855 630 4926 qui
657 4855 787 4908 nolit
815 4855 1068 4926 deinceps
1104 4857 1261 4912 [idem
1290 4853 1551 4910 adhibere
1576 4852 1739 4908 rebus
1769 4849 1882 4906 sole
1909 4845 2102 4907 clario-

531 4947 684 5002 ribus
700 4945 723 5000 ?

2212 4509 2361 4578 μίας,
2396 4509 2512 4560 ἀλλ’
2558 4511 2658 4562 οὐκ
2695 4509 2802 4563 ἀπὺ
2842 4510 2943 4577 τῆς
2976 4511 3086 4563 τῶν
3119 4509 3462 4580 πραγμάτων
3505 4505 3771 4575 ἀσαφείας

2208 4599 2469 4669 φέροντες
2516 4600 2614 4672 τὴν
2649 4601 2848 4671 ψῆφον.
2895 4599 2961 4653 Εί
3009 4601 3188 4653 τοίνυν
3235 4602 3329 4654 καὶ
3379 4601 3428 4652 οἱ
3477 4598 3667 4668 ἐχθροὶ
3705 4598 3769 4666 τῇ

2205 4690 2434 4762 ἀληθείᾳ
2467 4691 2784 4762 ἀντιϐλέψαι
2816 4693 2915 4746 οὐκ
2945 4692 3268 4763 ἐτόλμησαν,
3293 4691 3377 4754 τίς
3399 4692 3429 4744 ό
3457 4689 3773 4760 ἀπιστήσων

2206 4783 2319 4844 τοῖς
2341 4780 2494 4851 ἡλίου
2519 4783 2935 4855 -φανερωτέροις
2972 4782 3330 4855 πράγμασιν;

1617 5116 1846 5174 νΑῐῖΙιΕ
1878 5116 2259 5175 LECTIONES
2295 5119 2383 5175 ET
2423 5119 2654 5178 NOTAE.

607 5297 707 5368 (θλ
735 5297 893 5368 δίειμι,
923 5297 1111 5368 eodem
1159 5303 1402 5368 auctore,
1445 5293 1566 5368 θεία
1611 5293 1669 5368 in,
1699 5294 1897 5365 οἰκείᾳ.
1944 5293 2096 5351 Vers.

537 5364 715 5424 inde!»
744 5365 885 5433 ἅψας
908 5381 974 5421 ex
998 5367 1186 5420 eodem
1214 5377 1360 5419 verte
1384 5367 1434 5418 in
1459 5364 1610 5433 ἅψαι.
1641 5364 1852 5433 Possm.

606 5435 718 5508 (ιθ)
745 5431 982 5508 Γίνεται
1004 5436 1092 5488 δέ.
1113 5431 1738 5508 Ῑεειίηιοηίυιιιίηιοεεριιί
1754 5431 1879 5490 Jud.
1905 5431 2098 5508 histor.

535 5502 857 5559 de'Christo
895 5513 1073 5559 exstat
1113 5504 1204 5559 lib.
1255 5518 1408 5558 xvnt.
1461 5504 1842 5574 Ἀρχαιολογη
1891 5517 2008 5573 cap.
2043 5502 2099 5558 4.

539 5574 715 5708 ιιΙᾶιιίι)
746 5639 875 5695 Cod.
910 5639 1032 5694 Vat.
1059 5639 1182 5706 650,
1214 5640 1424 5711 καιρόν.
1451 5640 1656 5698 Possm.

2285 5295 2544 5379 (12).‘Etl_..
2591 5297 2909 5379 Paris.,_l'6e
2952 5301 3130 5358 τοίνυν
3173 5305 3285 5379 τῶν
3328 5325 3490 5379 χρη..
3529 5309 3644 5379 ,οὖν
3687 5309 3778 5375 ἐξ·

2209 5363 2387 5442 έλιιπεέ
2414 5366 2664 5442 Codicem
2683 5369 3008 5442 _Vatic_anum
3034 5363 3420 5442 sequimurntt
3454 5363 3773 5433 intravere.

2209 5434 2335 5519 inde
2363 5445 2578 5519 quarto,
2610 5438 2697 5519 ubi
2724 5444 2809 5494 ed.
2836 5439 3009 5519 Paris.
3039 5434 3126 5519 ειείᾴ
3153 5434 3362 5519 legebat
3389 5463 3401 5498 :
3431 5445 3555 5519 lilia}
3591 5449 3705 5519 γὰρ
3729 5449 3780 5500 ot

2205 5504 2384 5579 dvugt;
2399 5505 2521 5579 ego.
2551 5509 2889 5579 νοσήσαντες,
2911 5511 3000 5563 καὶ
3021 5513 3068 5564 οί
3094 5504 3280 5566 ἀπιᾶτ.
3325 5515 3478 5569 Ἰουδ*
3507 5504 3669 5572 Ευῖτ.

2279 5573 2391 5653 (l3)
2423 5573 2562 5653 Idem
2593 5573 2713 5631 cod.
2754 5573 2880 5653 Vat.
2909 5584 3413 5653 παραγραφὸμενοι,
3452 5602 3577 5642 tnox
3629 5602 3778 5643 vers.

2209 5656 2325 5714 seq.
2352 5645 2617 5713 ἀσαφείας
2650 5657 2822 5702 mutat
2867 5650 2918 5704 in
2957 5645 3274 5719 ἀσφαλείας.
3312 5645 3524 5711 Possm.
