4020 6140
350 253 482 324 1321

834 366 1022 433 :Kq'.
1067 396 1133 408 -
1183 369 1434 440 nam).

352 459 484 512 Ὅτι
502 474 618 526 χρη
637 458 776 521 τοὺς
801 456 876 524 τῇ
902 457 1169 524 ὀρθότητι
1190 439 1308 510 τῖῖιν
1326 439 1634 526 δογμάτων
1656 459 1922 527 λάμπον-

423 545 561 592 τας,
615 527 846 579 καὶτὸν
905 527 1049 590 ,ϐίον
1081 529 1248 595 ἔχειν
1304 529 1385 592 τῷ
1464 530 1609 596 λόγῳ
1669 527 1922 595 συντρέ-

419 612 606 665 κοντα
627 596 757 666 (ιι).

421 707 485 759 Ei
516 707 755 774 νικῶμεν
777 708 1111 778 αἱρετικοὺς,
1131 707 1403 778 Ἕλληνάς
1426 725 1486 760 τε
1515 690 1607 761 ιὶαὶ
1641 705 1926 768 Ἰουδαίους

349 795 438 847 διὰ
464 794 566 863 τὴν
610 793 718 848 τῶν
750 793 1036 864 δογμάτων
1069 796 1333 867 ὀρθότητα
1353 837 1368 862 ,
1408 797 1605 848 δίκαιοι
1633 795 1699 848 ἂν
1732 796 1926 865 εἴημεν

351 885 445 938 καὶ
481 886 541 938 ὲν
573 888 687 948 τοῖς
719 885 905 957 ἔργοις
948 890 1146 953 αὐτοὺς
1179 891 1401 960 νικῆσαι
1445 890 1582 961 (15),
1611 890 1696 941 ἵνα
1725 889 1799 959 μὴ
1830 890 1926 958 ἡτ-

349 975 582 1046 τώμενοι
608 977 668 1029 ὲν
709 978 924 1049 ἐκείνῳ,
959 981 1019 1034 ἐν
1059 983 1232 1050 τούτῳ
1283 983 1442 1051 νικᾷν
1471 980 1754 1050 νομίσωσι,
1791 979 1924 1049 μηδὲ

352 1067 700 1136 προφέρωσιν
733 1071 864 1138 ἡμῖν
897 1072 988 1124 τὸν
1021 1071 1156 1141 βίον,
1196 1074 1246 1125 οἱ
1269 1073 1370 1142 τὴν
1396 1073 1579 1126 πίστιν
1607 1074 1923 1143 ἀρνησάμε-

351 1174 451 1209 νοιο
486 1159 620 1228 μηδὲ
649 1159 831 1226 λέγειν
866 1161 1060 1231 ἔχοιεν,
1096 1165 1162 1216 Οί
1197 1165 1327 1234 περὶ
1357 1164 1427 1216 τὰ
1449 1164 1587 1232 δῆλα
1614 1165 1920 1228 πταίοντες,

354 1248 472 1308 πῶς
516 1247 734 1310 ἀξιοῦτε
768 1249 1120 1304 πιστεύεσθαι
1173 1251 1283 1322 (16)
1340 1253 1470 1324 περὶ
1509 1253 1620 1306 τῶν
1669 1254 1920 1323 ἀδήλων;

353 1337 417 1389 Εἰ
440 1336 550 1406 γὰρ
573 1339 668 1390 καὶ
696 1339 1110 1410 προηγούμενον
1133 1344 1247 1394 ἐστι
1275 1343 1370 1396 xui.
1391 1343 1923 1411 κεφαλαιωδέστερον

352 1427 385 1496 ἡ
431 1428 710 1491 εὐσέϐεια,
755 1429 872 1481 ἀλλ’
910 1427 1005 1484 οὖν
1025 1447 1089 1498 γε
1116 1433 1307 1501 χρείαν
1346 1432 1462 1502 ἔχει
1509 1434 1604 1486 καὶ
1631 1434 1730 1501 τῆς
1757 1434 1923 1504 ὀρθῆς

355 1519 650 1583 πολιτείας,
683 1518 771 1571 ἵνα
794 1519 1105 1588 τελειοτάτη
1135 1523 1230 1574 καὶ
1255 1523 1531 1592 ἀκροτάτη
1555 1526 1589 1591 ή
1628 1522 1922 1592 εὐδοκίμη-

355 1631 440 1677 σις
471 1613 831 1685 ἀποφανθείη.
875 1616 985 1668 Καὶ
1013 1616 1223 1680 τούτοις
1281 1617 1671 1688 ἐπιψηφίζει-ται
1709 1620 1743 1687 ἡ
1802 1616 1921 1669 θεία

1187 253 1718 322 EPISTOLARUM
1753 255 1898 322 Lm.
1943 252 2042 323 IV.
2080 285 2149 296 -
2177 247 2412 318 EPIST.
2453 256 2810 318 CCXXVIII.

3464 250 3600 322 1322

2481 363 2758 420 CCXXVI.
2789 392 2858 404 —-
2894 362 3140 418 PAULO.

2032 457 2284 524 Oportere
2301 472 2411 522 eos,
2443 458 2533 526 qui
2561 466 2702 510 recta
2733 456 2834 520 ﬁde
2860 457 3161 526 dogmatth
3191 455 3411 525 fulgent,
3435 457 3599 511 vitam

2274 543 2478 596 quoque
2511 529 2662 580 verba
2691 536 3094 580 consentaneum
3124 525 3332 581 habere.

2099 710 2157 763 Si
2189 710 2455 763 vincimus
2504 710 2819 773 haereticos,
2870 724 2925 764 et
2975 724 3231 778 paganos,
3280 721 3336 762 et
3389 711 3602 767 .Iudaros

2025 801 2338 868 dogmatum
2384 800 2723 865 rectitudine,
2755 814 2964 868 aequum
2997 800 3156 853 fuerit
3182 799 3401 854 eosdem
3435 802 3600 855 etiam

2025 889 2276 958 operibus
2303 889 2542 952 vincere,
2571 904 2638 946 ne
2672 890 2725 943 in
2757 889 2847 943 illo
2877 889 3024 953 victi,
3072 891 3124 942 in
3161 889 3264 943 hoc
3295 904 3354 944 se
3387 891 3605 945 vincere

2025 980 2375 1046 arbitrentur,
2409 994 2586 1048 neque
2615 981 2782 1034 vitam
2817 980 2968 1034 nobis
3000 969 3298 1048 proferant,
3322 979 3412 1048 qui
3443 980 3599 1034 tidem

2026 1071 2384 1141 abnegarunt,
2433 1085 2606 1140 neque
2631 1073 2870 1141 ohjicere
2918 1071 3121 1140 possint
3149 1071 3276 1124 talia
3304 1071 3549 1140 quaedam
3587 1090 3600 1124 :

2024 1179 2120 1219 vos
2149 1163 2241 1232 qui
2268 1164 2412 1218 circa
2446 1178 2510 1218 ea
2541 1177 2661 1232 qua:
2691 1163 2971 1217 manifeSta
3019 1171 3147 1215 sunt
3173 1162 3600 1228 hallucinamini,

2023 1263 2130 1322 qua
2176 1256 2352 1309 fronte
2416 1255 2699 1324 postulatis
2759 1257 2828 1308 de
2875 1254 2941 1309 iis
2989 1269 3109 1322 quae
3174 1254 3382 1309 occulta
3443 1264 3607 1324 atque

2024 1344 2253 1398 obscura
2294 1354 2450 1406 sunt,
2495 1331 2648 1398 vobis
2701 1344 2858 1398 tidem
2906 1344 3128 1400 haberi?
3198 1344 3352 1414 551
3419 1344 3603 1411 Quan-

2023 1450 2183 1499 quam
2217 1436 2358 1489 enim
2388 1435 2641 1503 princeps
2668 1444 2832 1505 atque
2859 1437 3127 1502 praecipua
3175 1447 3256 1490 est
3296 1437 3489 1502 pietas,
3525 1443 3603 1487 ta—

2023 1538 2145 1577 men
2177 1535 2313 1593 Opus
2337 1524 2386 1578 ei
2419 1534 2504 1576 est
2531 1523 2695 1578 etiam
2724 1532 2867 1577 recta
2897 1526 3172 1593 prohaque
3197 1524 3326 1588 vita,
3353 1533 3413 1577 ut
3439 1526 3604 1578 abso-

2026 1612 2293 1668 lutissima
2326 1628 2388 1668 ac
2421 1628 2630 1668 summa
2659 1614 2730 1668 sit
2767 1614 2938 1670 laudis
2971 1616 3252 1683 perfectio.
3304 1616 3481 1685 Atque
3520 1618 3604 1672 his

357 1705 568 1775 Γραφὴ,
629 1705 949 1773 φάσκουσα*
1002 1724 1021 1755 ι
1072 1705 1135 1757 Ἦ
1168 1706 1353 1770 πίστις
1382 1706 1553 1777 χωρὶς
1603 1706 1712 1760 τῶν
1750 1698 1959 1777 ἔργων

2028 1721 2146 1774 quae
2179 1706 2290 1760 dixi
2325 1705 2643 1776 astipulatur
2676 1720 2888 1774 quoque
2920 1706 3097 1760 divina
3141 1705 3444 1775 Scriptura,
3478 1722 3600 1762 cum

353 1795 525 1865 νεκρά
547 1796 682 1847 ἐστι.
721 1811 740 1846 ι
777 1795 950 1848 Παντὶ
985 1794 1166 1847 τοίνυν
1197 1795 1373 1848 σθένει
1399 1797 1480 1858 εις
1510 1794 1610 1866 τὴν
1637 1799 1736 1866 τῆς
1776 1795 1926 1848 πολι·

352 1886 506 1948 τείας
556 1883 841 1955 ἀκρίϐειαν
899 1887 1124 1949 ἑαυτοὺς
1183 1886 1586 1957 συνελάσωμεν,
1636 1887 1723 1938 ἵνα
1784 1888 1926 1940 κατὰ

352 1977 531 2030 πάντα
547 1977 828 2039 νικῶντες,
870 1977 966 2029 καὶ⁵
1007 1977 1270 2044 σιγῶντες
1299 1977 1428 2040 τοὺς
1471 1977 1798 2041 ἀντιπάλους
1837 1978 1926 2029 λέ-

353 2084 472 2136 γειν
502 2067 616 2138 (17)
647 2067 964 2138 τολμῶντας
1004 2069 1465 2136 ὲπιστομίσωμεν.

601 2259 769 2312 ΣΚΖ’.
817 2287 886 2299 -
919 2259 1184 2330 ΕΡΜΙΝῼ
1221 2261 1496 2315 ΚΟΜΗΤῙ
1543 2263 1675 2332 (³18).

357 2347 463 2415 Εἰς
491 2351 578 2423 τὸ,
619 2349 1020 2423 ιῌΠροσέχετε
1044 2349 1609 2423 ζὴνᾼέλεημοσύνην
1632 2353 1801 2422 ὑμῶν
1836 2353 1924 2423 μὴ

423 2419 980 2559 ποιεῗῖο9ιῗμπροσθεν
1001 2419 1122 2474 τῶν
1148 2419 1475 2488 ἀνθρώπων
1502 2426 1591 2487 εὶς
1623 2419 1690 2477 τὸ
1713 2419 1924 2493 θεαθῆὲ

423 2505 525 2543 ναι
676 2527 689 2541 .
733 2508 750 2540 ι

437 2610 658 2680 Ἐπειδὴ
710 2610 1016 2680 γέγραφας,
1043 2609 1184 2675 ξΠῶς
1213 2605 1324 2662 οἷόν
1353 2625 1412 2662 τε
1453 2609 1528 2680 μὴ
1567 2611 1805 2680 φανῆναι
1833 2612 1925 2665 τὸν

353 2703 666 2773 ὲλεήμθνα;
704 2701 869 2771 φημὶ,
902 2702 984 2753 ὅτι
1020 2701 1120 2771 τὴν
1152 2700 1378 2773 γνώμην
1408 2701 1526 2754 νυνὶ¹
1563 2700 1804 2766 ἐξετάζει
1829 2701 1923 2755 τοῦ

355 2795 654 2856 ἐλεοῦντος.
699 2792 916 2860 Ἐπειδὴ
946 2791 1054 2861 γάρ
1079 2785 1162 2853 οἷς
1185 2807 1268 2853 τις
1291 2791 1548 2862 ἀρέσκειν
1574 2791 1739 2855 θέλει,
1774 2794 1926 2862 παρά

354 2887 562 2941 τούτων
590 2885 823 2954 θηρᾶται
851 2883 944 2935 τὸν
983 2882 1202 2934 ἔπαινον
1224 2897 1240 2912 ο
1270 2881 1298 2933 6
1336 2882 1392 2934 δὲ
1421 2880 1542 2950 Θεῷ
1571 2882 1763 2951 ἀρέσαι
1802 2881 1925 2951 βου-

356 2979 604 3050 λόμενος,
641 2975 768 3045 παρ’
797 2973 961 3027 αὑτοῦ
990 2972 1322 3043 κομίσασθαι
1354 2971 1605 3042 βούλεται
1641 2971 1733 3024 τὸν
1771 2972 1927 3024 ἔπαι-

2024 1799 2100 1851 ait
2128 1814 2142 1851 :
2178 1816 2198 1848 ι
2221 1797 2384 1853 Fides
2408 1798 2614 1867 absque
2641 1799 2896 1868 operibus
2924 1811 3138 1854 mortua
3164 1809 3246 1855 est
3262 1801 3331 1853 °'.
3368 1819 3386 1852 ι
3421 1800 3602 1866 Quare
3674 1809 3676 1812 '

2024 1889 2172 1943 omni
2212 1888 2262 1942 vi
2296 1889 2362 1942 ad
2396 1899 2705 1944 accuratam
2739 1901 2890 1946 recte
2928 1891 3139 1946 vivendi
3173 1893 3438 1946 rationem
3473 1906 3602 1946 nos-

2026 1979 2286 2046 metipsos
2306 1979 2748 2046 assuefaciamus,
2781 1989 2839 2033 ut
2869 1981 2940 2034 ita
2969 1995 3070 2050 per
3094 1981 3273 2035 omnia
3305 1981 3600 2046 vincentes,

2026 2071 2176 2125 taciti
2220 2085 2435 2140 quoque
2476 2071 2820 2125 adversarios
2869 2069 3086 2141 obloqui
3123 2070 3277 2125 nobis
3306 2080 3468 2141 atque
3505 2073 3602 2128 ob-

2025 2171 2270 2232 strepere
2295 2163 2556 2216 audentes
2582 2162 2882 2216 rel'utemus
2911 2176 2976 2215 ac
3007 2149 3386 2216 retundamus.

2294 2271 2595 2328 CCXXVII.
2630 2302 2698 2312 ——
2731 2269 3040 2327 HERMINO
3077 2270 3336 2328 COMITI.

2026 2357 2093 2416 In
2132 2363 2265 2415 illud
2295 2404 2310 2429 ,
2345 2380 2364 2412 ι
2395 2361 2680 2425 Atlendite,
2725 2378 2788 2414 ne
2834 2364 3209 2430 eleemosynam
3253 2373 3470 2416 vestram
3514 2364 3599 2426 {a-

2096 2433 2246 2485 ciatis
2296 2448 2472 2484 coram
2529 2431 2853 2497 hominibus,
2904 2431 2972 2484 ad
3021 2433 3153 2496 hoc,
3207 2440 3266 2484 ut
3307 2433 3599 2500 conspiria-

2095 2502 2226 2555 mini
2247 2501 2314 2555 “.
2361 2519 2380 2552 ι

2096 2613 2362 2681 Quoniam
2391 2628 2488 2682 per
2511 2615 2722 2668 litteras
2756 2613 3051 2681 quaesivisti
3089 2612 3224 2680 :Qui
3261 2612 3375 2668 ﬁeri
3405 2624 3596 2682 possu,

2024 2713 2084 2759 ut
2113 2705 2204 2774 qui
2230 2705 2626 2781 eleemosynam
2651 2709 2894 2766 exercet,
2934 2716 3038 2756 non
3067 2703 3454 2771 conspiciatur,
3486 2704 3594 2770 aio,

2025 2794 2303 2849 Christum
2325 2792 2436 2860 iam
2463 2792 2628 2846 animi
2663 2793 2997 2860 propositum
3027 2793 3336 2846 examinare
3365 2794 3483 2863 ejus
3505 2796 3596 2863 qui

2027 2883 2398 2938 misericordia
2434 2883 2621 2935 utitur.
2668 2881 2798 2935 Nam
2828 2881 2952 2950 quia
2990 2882 3058 2936 ab
3099 2883 3184 2944 iis,
3225 2884 3420 2950 quibus
3445 2885 3598 2953 quis-

2028 2986 2132 3040 que
2155 2972 2368 3040 placere
2398 2972 2596 3035 studet,
2629 2970 2836 3024 laudem
2880 2980 3106 3026 venatur
3137 2987 3150 3026 :
3182 2973 3273 3042 qui
3313 2989 3443 3028 vero
3486 2975 3599 3044 pla-

356 3087 470 3132 νον,
501 3069 644 3122 τοῦτ’
690 3066 817 3135 ἔφη.
851 3065 924 3118 Οὐ
952 3063 1061 3134 γὰρ
1099 3067 1128 3116 ὁ
1158 3063 1374 3126 Θεαθεὶς
1423 3063 1642 3125 πάντως
1691 3062 1830 3131 πρὸς
1867 3063 1928 3114 τὸ
1956 3059 1959 3063 ’

2040 3075 2170 3116 cere
2208 3067 2438 3115 conatur
2486 3061 2616 3123 Deo,
2653 3059 2722 3114 ab
2752 3061 2869 3127 ipso
2902 3070 3180 3128 reportare
3216 3062 3330 3116 ruit
3361 3065 3594 3122 laudem.

358 3160 622 3230 θεαθῆναι
655 3159 818 3220 ποιεῖ,
853 3155 970 3209 ἀλλ’
996 3157 1026 3208 6
1063 3153 1386 3224 θεωρεῖσθαι
1446 3153 1796 3224 βουλόμενος,
1836 3153 1933 3206 καὶ

2028 3149 2232 3204 idcirco
2258 3150 2359 3203 hoc
2385 3149 2543 3206 dixit.
2590 3148 2706 3204 Non
2739 3151 2884 3206 enim
2924 3150 3145 3206 omnino
3179 3151 3225 3206 is
3257 3152 3348 3220 qui
3385 3154 3598 3222 conspi-

356 3253 448 3306 διά
474 3253 633 3306 τοῦτο
671 3247 1014 3321 δημοσιεύων
1039 3247 1097 3300 τὸ
1127 3247 1448 3317 μυστήριον.
1495 3246 1558 3298 Et
1587 3245 1696 3316 γὰρ
1731 3245 1826 3298 καὶ
1863 3244 1925 3298 τὸ

2031 3241 2198 3304 citur,
2224 3239 2345 3294 ideo
2369 3240 2756 3297 misericordiae
2786 3255 2925 3310 opus
2955 3241 3089 3296 facit
3119 3251 3176 3295 ut
3205 3243 3595 3311 conspiciatur,

357 3346 594 3414 πρᾶγμα
631 3343 730 3395 οὐκ
762 3338 1393 3410 ἀνέχεταικρύπτεσθαι,
1424 3338 1538 3391 ἀλλ’
1568 3338 1597 3389 6
1631 3336 1798 3390 ὲλεῶν
1825 3338 1924 3390 οὐκ

2033 3332 2127 3391 sed
2160 3331 2208 3386 is
2234 3331 2472 3398 demum,
2498 3331 2677 3402 quiad
2697 3331 2751 3387 id
2765 3346 2987 3402 cperam
3005 3331 3120 3399 dat,
3141 3342 3199 3387 ut
3231 3333 3498 3398 videatur,
3547 3345 3600 3389 et

358 3433 564 3500 ὀφείλει
613 3427 1050 3483 ὲπιδείκνυσθαιο
1089 3428 1116 3478 6
1146 3427 1253 3494 γὰρ
1277 3425 1435 3478 τοῦτο
1458 3425 1625 3495 δρῶν,
1670 3427 1761 3478 καὶ
1799 3427 1924 3487 τοὺς

2031 3425 2103 3477 ob
2125 3423 2229 3478 hoc
2256 3424 2428 3492 ipsum
2448 3421 2704 3490 evulgaus
2729 3436 3008 3484 arcanum,
3037 3426 3178 3489 quod
3210 3423 3386 3491 potius
3419 3433 3598 3493 tegere

358 3525 735 3595 λαμϐάνοντας
754 3518 1117 3590 ὲκπομπεύει,
1143 3518 1238 3570 καὶ
1267 3517 1461 3570 ἑαυτοῦ
1488 3518 1578 3571 τὸν
1607 3517 1798 3587 μισθὸν
1830 3519 1924 3570 καὶ

2034 3524 2197 3584 atque
2229 3513 2506 3568 occultare
2532 3512 2780 3566 debebat.
2806 3511 2879 3566 Ut
2901 3514 3127 3566 utenim
3171 3527 3260 3568 res
3294 3513 3407 3582 ipsa
3441 3521 3598 3582 neget

358 3617 448 3670 τὸν
472 3617 690 3668 ἔπαινον
719 3612 1000 3684 κηρύττει.

2035 3602 2316 3668 occultari,
2375 3611 2552 3656 tamen
2601 3602 2716 3668 ipse
2743 3601 2832 3669 qui
2884 3601 3309 3654 misericordiam
3359 3610 3597 3662 exercet,

359 3725 464 3766 non
497 3710 656 3764 debet
676 3724 794 3762 eam
825 3716 1116 3759 ostentare.
1149 3702 1284 3756 Nam
1341 3705 1428 3772 qui
1487 3704 1586 3757 hoc
1623 3703 1773 3766 facit,
1845 3713 1900 3759 et
1966 3701 2292 3768 accipientes
2345 3698 2744 3766 cleemosynam
2796 3695 3048 3759 traducit,
3108 3703 3162 3748 et
3223 3709 3376 3748 suam
3432 3695 3600 3763 ipsius

358 3798 662 3854 mercedem
698 3806 753 3850 et
783 3795 990 3848 laudem
1017 3793 1320 3847 ebuccinat.

552 3908 729 3961 Σιςιιο.
777 3935 849 3947 -
889 3904 1254 3974 nas/usta
1284 3900 1720 3971 ΑΝΑΓΝΩΣΤῌ.

357 4001 497 4070 Περὶ
529 3999 648 4070 τῶν
664 3995 1175 4070 ξαραδειπιάτων,
1201 3994 1277 4070 δι’
1305 3987 1391 4070 dir
1423 3995 1455 4045 ὁ
1481 3991 1674 4070 σοφὸς
1697 3993 1933 4045 10.1mm-

627 4063 758 4132 δῶς(
780 4063 1224 4134 προσωποποιεῖ
1260 4063 1376 4130 τὴν
1406 4063 1649 4130 σοφίαν.

443 4153 667 4246 Ἐττειδὴ
694 4176 851 4244 ἔφης,
886 4176 965 4228 Δι’
991 4174 1058 4244 ἢν
1083 4173 1262 4227 αἰτίαν
1287 4172 1356 4225 τὰ
1388 4170 1808 4240 παραδείγματα
1835 4171 1931 4240 οὐχ

2243 3895 2563 3952 CCXXVII].
2603 3925 2673 3936 —
2704 3893 3046 3948 PALLADIO
3075 3892 3390 3949 LECTORI.

2033 3991 2109 4045 De
2150 3991 2399 4058 excinplis
2442 3989 2628 4058 quibus
2674 3987 2882 4053 sapiens
2926 3986 3068 4066 uarie
3109 4001 3170 4038 ac
3207 3984 3601 4052 multiformiter

2468 4065 2803 4126 reprmentat
2830 4064 3138 4122 sapientiam
3149 4093 3162 4106 .

2104 4171 2362 4239 Quoniam
2391 4184 2485 4239 per
2505 4168 2787 4238 epistolam
2813 4166 3130 4235 quaesivisti,
3158 4179 3328 4235 quare
3355 4165 3600 4233 exempla

359 4273 579 4325 ᾶπαντα
601 4265 712 4334 (‘20)
729 4264 1064 4335 λαμϐάνεται
1083 4280 1099 4328 ;
1122 4262 1310 4331 φαίην,
1326 4257 1464 4331 ἵνα
1487 4259 1928 4343 παραδείγματα,

2035 4279 2139 4318 non
2168 4277 2264 4332 per
2289 4263 2471 4315 omnia
2501 4261 2788 4328 capiantur
2817 4266 2871 4312 et
2898 4260 2963 4312 ad
3007 4273 3118 4312 rem
3156 4257 3481 4327 propositam
3513 4270 3602 4311 aco

358 4363 456 4417 καὶ
489 4359 564 4430 μὴ
603 4356 873 4426 ταυτότης
918 4359 1024 4429 εἴη.
1077 4355 1188 4408 Καὶ
1229 4353 1501 4423 ἀφέμενος
1532 4351 1592 4403 τὸ
1639 4350 1928 4419 λεγόμενον

428 4525 475 4558 ⁸⁸
502 4524 620 4579 Jac.
649 4541 706 4591 ιι,
731 4524 823 4578 20.
903 4525 948 4557 ⁸⁸
978 4524 1166 4580 Matth.
1199 4540 1269 4589 Vl,
1303 4523 1355 4575 I.

2038 4354 2468 4418 commodentur,
2508 4349 2826 4420 respondeo,
2879 4358 2940 4402 ut
2967 4349 3074 4402 sint
3109 4348 3373 4418 exempla,
3413 4356 3598 4402 etnon

1454 4683 1686 4741 vasta:
1727 4662 2108 4740 LECTIONES
2136 4683 2224 4738 ET
2257 4675 2484 4739 Νοτίιῖ.

433 4846 540 4915 (ιι)
574 4843 770 4915 Confer
800 4844 960 4915 epist.
987 4842 1056 4896 9.0
1079 4849 1132 4896 et
1152 4842 1259 4896 τιὸ
1282 4857 1444 4910 supra
1468 4840 1648 4910 hujus,
1687 4840 1808 4895 libri
1834 4855 1930 4895 nec

361 4930 467 4968 nou
491 4913 652 4980 epist.
681 4914 770 4967 65.
798 4913 962 4967 lim.

429 4983 542 5051 (15)
583 4983 713 5035 Cod.
751 4981 870 5034 Vat.
903 4981 1124 5048 νικῆσαι
1167 4989 1340 5051 mutat
1390 4981 1442 5034 in
1488 4981 1667 5048 νικᾷν.
1714 4981 1927 5051 Possis.

435 5050 547 5121 (16)
586 5052 796 5121 Omittit
843 5050 1372 5121 idenrmoretiecOat
1426 5059 1480 5103 ct
1510 5062 1627 5118 post
1669 5050 1928 5120 περὶτῶν

359 5119 572 5191 ἀδήλων
604 5120 751 5191 addit
782 5122 956 5189 νικᾷν.
988 5119 1061 5191 In.

432 5187 519 5259 (I7
550 5191 653 5243 Pro
674 5187 997 5252 ἀντιπάλους
1021 5189 1202 5255 λέγειν
1229 5202 1334 5242 uno
1375 5189 1538 5242 verbo
1579 5187 1765 5242 scribit
1787 5188 1925 5240 idem

359 5261 679 5328 ἀντιλέγειν.
714 5261 787 5312 In.

427 5325 854 5400 (Its)'l_nscriptio
884 5329 1118 5382 sumitur
1147 5343 1210 5384 ex
1243 5329 1432 5400 codice
1459 5325 1922 5400 Vaticano._Eni1-.

432 5395 540 5470 (19)
569 5397 771 5454 Confer
799 5399 1156 5470 insignemet
1187 5399 1311 5470 huic
1334 5397 1522 5470 Isidori
1559 5395 1799 5470 epistola:
1828 5409 1923 5470 ge-

356 5465 560 5522 minum
587 5471 762 5520 locum
789 5465 1035 5534 Gregorii
1068 5466 1267 5535 Magni,
1293 5468 1399 5522 .ubi
1432 5474 1632 5535 monet,
1661 5465 1797 5535 utin
1833 5465 1916 5535 ho

356 5539 437 5591 nis
467 5536 722 5605 operibus
745 5531 1033 5589 caveamus
1078 5531 1494 5589 ostiantationem
1535 5545 1588 5587 et
1621 5533 1791 5586 laudis
1831 5531 1924 5584 hu-

355 5621 529 5660 manae
577 5605 958 5672 captationem,
1011 5620 1074 5657 ac
1117 5605 1295 5672 potius
1342 5613 1607 5658 secretum
1657 5613 1922 5657 amemus.

552 5698 826 5756 PATROL.
882 5695 1002 5756 Gn.
1041 5694 1360 5755 LXXVIII.

2034 4840 2213 4894 Verba
2240 4838 2356 4908 ejus
2391 4837 2506 4891 haec
2525 4845 2698 4908 sunt:
2743 4853 2760 4884 ι
2802 4835 3056 4908 Inventus
3078 4831 3360 4908 thesaurus
3379 4833 3602 4908 abscon-

2034 4909 2181 4962 ditur
2210 4901 2560 4970 ut’servetur,
2585 4907 2710 4974 quia
2750 4905 2984 4957 studium
3016 4902 3261 4974 etelesljs
3280 4901 3531 4974 desiderii
3569 4915 3599 4954 a

2033 4977 2284 5045 malignis
2314 4969 2897 5044 spiritibus—custodire
2925 4987 3048 5045 non
3095 4969 3319 5045 sufﬁcit,
3357 4970 3448 5038 qui
3499 4973 3601 5045 hoc

2033 5049 2100 5100 ab
2146 5041 2393 5100 Humanis
2449 5045 2699 5098 laudibus
2736 5059 2842 5095 non
2890 5042 3188 5095 abscondit.
3235 5041 3290 5092 In
3343 5042 3599 5106 praesenti

2031 5116 2174 5169 enim
2195 5117 2302 5168 vita
2335 5114 2486 5183 quasi
2523 5114 2575 5166 in
2603 5115 2689 5166 via
2715 5127 2901 5165 sumus
2929 5126 3032 5178 qua
3059 5110 3123 5162 ad
3151 5110 3380 5177 patriam
3422 5111 3600 5183 pergi-

2034 5201 2173 5240 mus.
2200 5178 2412 5251 Maligni
2444 5192 2620 5235 autem
2645 5183 2865 5251 spiritus
2900 5184 3003 5233 iter
3028 5189 3270 5251 nostrum
3304 5179 3454 5251 quasi
3483 5178 3601 5242 qui-

2031 5257 2153 5306 dam
2187 5245 2472 5306 latrunculi
2504 5245 2768 5305 obsident.
2806 5250 3106 5314 Depraedari
3135 5264 3265 5318 ergo
3301 5245 3596 5318 desiderat,

2031 5324 2121 5391 qui
2176 5324 2488 5377 thesaurum
2539 5322 2746 5389 publice
2799 5313 3223 5391 portat_in_via,'
3253 5339 3271 5368 ι
3308 5326 3444 5391 etc._
3473 5313 3601 5391 Vide

2029 5382 2240 5458 quoque
2270 5382 2713 5459 Isidorum'epist.
2738 5382 2812 5444 δί’
2828 5399 2882 5444 et
2911 5389 3007 5443 I97
3037 5389 3159 5442 libri
3193 5405 3234 5453 ι,
3273 5395 3326 5441 et
3346 5383 3467 5439 cod.
3504 5382 3603 5434 hoc
3677 5413 3682 5418 -

2029 5462 2166 5513 libro
2191 5477 2241 5513 ιν
2270 5463 2428 5528 epist.
2463 5461 2586 5514 159.

2101 5530 2212 5598 (2η)
2246 5523 2349 5583 Pro
2372 5531 2469 5598 οὐχ
2497 5531 2710 5584 ἅπαντα
2740 5532 2857 5586 cod.
2891 5529 3011 5582 Vat.
3045 5527 3148 5581 650
3176 5529 3337 5581 habet
3374 5524 3434 5578 οὺ
3463 5523 3600 5578 κατά

2034 5600 2228 5652 πάντα.
2271 5600 2481 5654 Possm.

3091 5687 3163 5748 42
