4020 6140
465 220 602 282 1323

1654 214 1714 274 S.
1758 214 2053 273 ISIDORI
2094 215 2531 276 PELUSIOTt-E

3584 213 3714 276 1324

462 329 538 381 rei
586 333 669 396 (ut
697 324 776 380 sic
809 323 1017 395 loquar)
1050 323 1301 379 identitas
1330 322 1541 377 evadat.
1574 320 1640 375 Et
1666 321 1883 376 omissis
1919 321 2034 389 plu-

2141 323 2440 393 σαφηνίσαι
2481 324 2555 386 ὡς
2587 323 2654 377 ἂν
2683 317 2794 386 οἷός
2822 338 2881 375 τε
2932 313 2978 373 ὧ
3028 317 3385 389 πειράσομαι.
3429 319 3598 387 Σοφός
3636 337 3713 381 τις

463 419 612 473 ribus
640 433 759 487 quae
784 418 884 472 hac
912 419 978 472 de
1013 433 1069 471 re
1094 417 1196 470 dici
1230 424 1470 485 possent,
1500 416 1551 468 id
1587 415 1730 483 quod
1771 414 1883 467 dixi
1914 414 2038 467 illu-

465 518 639 562 strare
674 517 931 576 quantum
971 517 1181 576 potero,
1230 506 1488 561 conabor.
1541 504 1770 572 Sapiens
1818 505 2037 573 quidam

465 597 570 661 vir,
613 596 771 655 ﬁlius,
827 596 1069 663 inquam,
1105 593 1466 665 Syrachi,qui
1511 591 1844 661 Sapientiam
1892 591 2038 645 illam

464 686 807 754 conscripsit,
860 694 1252 753 repraesentans
1290 683 1609 751 sapientiam
1658 681 1805 735 velut
1851 697 2040 751 perso-

461 794 584 831 nam
617 777 930 843 qnamdam,
983 791 1105 829 cum
1154 791 1259 829 non
1294 773 1561 828 inveniret
1590 787 1698 842 quo
1744 783 1903 843 pacto
1945 788 2041 841 per

463 884 629 921 unum
662 866 879 934 aliquod
927 865 1227 933 exemplum
1270 872 1363 917 aut
1400 877 1560 916 unam
1592 862 1827 931 plantant
1870 862 2039 932 ipsius

462 957 918 1028 pulchritudinem
952 965 1006 1010 et
1033 955 1422 1010 sublimitatem
1449 962 1506 1007 et
1546 953 1869 1006 suavitatem
1912 953 2043 1007 odo~

461 1050 557 1112 ris,
604 1058 658 1103 et
687 1048 789 1102 alia
822 1062 941 1116 quae
970 1047 1248 1116 sapientiae
1289 1046 1505 1108 adsunt,
1547 1043 1849 1109 exhiberet,
1881 1059 2044 1113 vaga-

465 1150 569 1203 tus,
600 1149 861 1207 quantum
910 1146 1138 1206 poterat,
1189 1151 1283 1205 per
1334 1136 1516 1190 omnia
1557 1135 1854 1203 gignentia,
1888 1135 2042 1188 etab

465 1244 789 1299 unoquoque
818 1244 1019 1299 genere
1046 1228 1307 1296 colligens
1331 1226 1383 1277 id
1408 1226 1550 1292 quod
1585 1224 1818 1277 maxime
1845 1239 2042 1277 conve-

465 1322 623 1374 niens
653 1328 814 1387 atque
847 1320 1099 1372 decorum
1127 1326 1249 1369 erat
1280 1315 1345 1367 ad
1377 1329 1495 1367 eam
1527 1314 2040 1382 reprresentandam,

464 1413 538 1464 ita
574 1426 692 1464 eam
730 1410 1037 1464 hominibus
1083 1406 1443 1470 adumbravit,
1480 1414 1539 1458 ut
1573 1407 1641 1459 ab
1678 1408 1777 1460 hac
1823 1406 2040 1475 quidem

2144 413 2309 482 ἀνὴρ,
2340 414 2368 465 ὁ
2396 414 2490 466 τοῦ
2539 414 2710 485 Σιράχ
2741 428 2906 483 φημι,
2945 412 2974 463 ὁ
3005 410 3105 481 τὴν
3138 410 3253 479 (21)
3280 408 3475 477 σοφίαν
3507 410 3715 479 εκείνην

2147 502 2490 571 συγγράψας,
2546 502 3040 571 προσωποποιήσας
3094 500 3192 569 τὴν
3239 496 3459 566 σοφίαν,
3504 498 3598 550 καὶ
3646 500 3715 567 μὴ

2145 591 2323 661 εὑρὼν
2358 592 2427 645 δι’
2472 592 2589 654 ἑνὸς
2618 591 3019 661 ὑποδείγματος
3049 590 3081 660 ἢ
3112 590 3179 642 δι’
3214 589 3332 650 sva;
3354 588 3522 656 φυτοῦ
3545 589 3607 641 τὸ
3629 590 3713 642 αὐο

2143 682 2245 751 τῆς
2300 682 2497 745 κάλλος
2543 676 2602 734 τε
2635 682 2730 736 καὶ
2770 682 2903 751 ὕψος
2934 682 3032 734 καὶ
3080 680 3181 748 τὴν
3230 679 3484 745 εὐωδίαν,
3537 679 3717 735 καὶτὰ

2146 769 2280 823 ἄλλα
2306 771 2373 823 τά
2398 772 2464 841 τῇ
2497 772 2661 840 σοφίᾳ
2692 770 2967 841 προσόντα
3002 768 3380 839 παραστῆσαι,
3426 767 3722 836 περιελθὼν

2145 860 2222 924 ὡς
2249 855 2359 924 οἷός
2381 878 2441 914 τε
2481 857 2551 932 ἦν
2580 862 2759 914 πάντα
2784 861 2853 913 τὰ
2889 859 3054 930 φυτὰ,
3089 860 3185 913 καὶ
3213 858 3305 926 ἀφ’
3334 858 3569 910 ἑκάστου
3602 858 3723 910 συλσ

2149 952 2445 1025 λεξάμενος
2473 954 2532 1008 τὸ
2566 953 2809 1024 ἁρμόζον
2840 956 2934 1007 καὶ
2963 952 3417 1024 πρεπωδέστατον
3451 950 3589 1022 πρὸς
3620 966 3723 1001 πα-

2150 1050 2416 1118 ράστασιν
2445 1049 2637 1119 αὐτῆς,
2672 1048 2817 1102 οὕτω
2863 1050 2975 1110 τοῖς
3024 1046 3334 1116 ἀνθρώποις
3385 1043 3720 1115 ὑπέγραψεν,

2149 1139 2237 1191 ἵνα
2263 1139 2373 1191 ἀπὸ
2408 1140 2505 1209 μὲν
2534 1139 2728 1192 τούτου
2767 1138 2864 1191 τοῦ
2893 1138 3062 1206 φυτοῦ
3092 1138 3154 1190 τδ
3195 1137 3415 1199 κάλλος,
3444 1135 3553 1188 ἀπὸ
3572 1134 3617 1185 δ’
3638 1134 3719 1187 άλ-

2146 1226 2240 1278 λου
2266 1229 2326 1279 τὸ
2364 1227 2519 1296 ὕψος,
2550 1228 2662 1281 ἀπὸ
2682 1228 2738 1280 δὲ
2761 1227 2952 1297 ἑτέρου
2991 1227 3091 1298 τὴν
3126 1226 3359 1279 εὐωδίαν
3392 1223 3720 1296 ὲρανισάμε-

2144 1336 2256 1381 νος,
2286 1320 2381 1371 καὶ
2402 1319 2592 1391 ὥσπερ
2621 1323 2679 1372 ὲν
2720 1319 2981 1391 θησαυρῷ
3014 1336 3143 1383 τινι,
3171 1320 3231 1371 οὐ
3261 1318 3439 1371 πάντα
3458 1317 3529 1370 τὰ
3557 1332 3721 1387 προσ-

2143 1409 2273 1463 όντα
2311 1413 2425 1473 τοῖς
2477 1414 2700 1479 φυτοῖς,
2747 1411 2863 1464 ἀλλ’
2902 1412 3110 1473 ἐκεῖνα,
3162 1404 3238 1464 ὧν
3272 1410 3464 1479 χρείαν
3514 1404 3719 1477 εἶχενή

465 1502 647 1568 planta
676 1500 1153 1570 pulchritudinem,
1185 1497 1253 1551 ab
1276 1496 1380 1550 alia
1408 1496 1817 1561 sublimitatem,
1843 1497 1911 1550 ab
1938 1497 2034 1549 alia

2146 1504 2329 1567 εἰκὼν,
2387 1501 2740 1573 παραλαϐὼν,
2790 1502 2940 1565 ἄξιόν
2983 1519 3038 1554 τι
3079 1501 3181 1570 τῆς
3231 1500 3427 1568 σοφίας
3475 1497 3722 1566 ἐννοῆσαι

465 1594 651 1647 odoris
682 1592 1003 1646 suavitatem
1037 1604 1100 1642 ac
1152 1588 1507 1657 fragrantiam
1557 1589 1712 1657 quasi
1745 1594 2034 1651 mutuatus,

2145 1590 2555 1659 παρεσκεύασε.
2618 1591 2726 1645 Καὶ
2767 1592 2855 1645 ῐνα
2891 1591 2967 1661 μὴ
3014 1591 3313 1661 φαινοίμην
3348 1589 3592 1657 λεληθὼς
3642 1604 3721 1639 σοι

465 1695 519 1737 et
546 1684 661 1736 lnec
696 1681 839 1735 velut
886 1680 938 1733 in
988 1680 1245 1733 thesauro
1274 1679 1507 1747 quodam
1542 1677 1774 1746 reposita
1812 1678 2034 1743 habens,

2144 1683 2346 1747 ὄνειδος
2398 1682 2641 1754 ἀμαθίας
2682 1683 3166 1757 προστριϐόμενος,
3217 1682 3389 1744 αὐτὰς
3421 1682 3523 1734 οὐκ
3563 1678 3722 1743 ἔταξα

469 1789 571 1826 non
607 1772 857 1827 omnibus
891 1784 1010 1837 qua:
1039 1768 1232 1836 plantis
1273 1768 1480 1830 insunt,
1530 1768 1626 1821 sed
1664 1767 1769 1821 illis
1810 1776 2034 1833 tantum,

2146 1772 2247 1837 τὰς
2276 1774 2466 1842 ῥήσεις
2494 1774 2561 1835 ἃς
2590 1774 2848 1837 ἐναύλους
2868 1773 3012 1844 ἔχειν
3039 1790 3097 1826 σε
3130 1774 3297 1835 εἰκός.

469 1866 665 1933 quibus
700 1863 764 1916 ad
820 1861 1106 1928 imaginem
1157 1859 1537 1913 absolvendam
1588 1872 1723 1926 opus
1768 1867 1910 1922 erat,
1963 1865 2275 1932 assumptis,
2346 1867 2688 1921 occasionem
2750 1865 2939 1921 lectori
3013 1865 3279 1934 praeberet
3325 1862 3527 1932 aliquid
3570 1861 3715 1931 cogi-

472 1958 619 2010 tandi
664 1956 811 2025 quod
866 1954 1127 2022 sapientia
1174 1952 1396 2018 dignum
1448 1948 1605 2004 foret.
1654 1949 1720 2002 Et
1758 1965 1823 2003 ne
1862 1950 2050 2005 videar
2083 1954 2225 2009 aliud
2254 1972 2420 2026 agens
2482 1958 2576 2012 tibi
2630 1958 2933 2027 exprobare
2973 1958 3290 2020 ruditatem,
3344 1969 3451 2007 non
3501 1951 3720 2023 apposui

470 2050 560 2106 hic
589 2048 700 2117 ipsa
735 2045 901 2103 dicta,
927 2056 1045 2109 quae
1080 2039 1174 2094 tibi
1208 2038 1551 2092 familiariter
1595 2048 1720 2092 nota
1762 2052 1883 2093 esse
1925 2043 2197 2098 convenit.

821 2131 980 2202 552
1021 2127 1299 2184 ccxxnx.
1335 2156 1406 2168 —
1432 2127 1703 2183 zosmo.

713 2226 789 2279 De
840 2225 1017 2276 divina
1062 2223 1117 2275 in
1168 2223 1320 2275 terris
1363 2222 1794 2292 peregrinatione.
1886 2278 1889 2281 λ

540 2317 910 2385 Humanarum
959 2324 1304 2380 peccatorum
1351 2315 1665 2378 remedium,
1695 2314 1815 2367 Filii
1858 2314 1949 2369 Dei
1991 2315 2043 2372 in

469 2424 686 2463 carnem
720 2408 1001 2468 adventus,
1038 2420 1225 2458 omnes
1254 2403 1472 2473 quidem
1505 2419 1624 2457 cum
1658 2405 1901 2459 homines
1932 2414 2040 2459 tum

469 2499 739 2550 dtetnones
769 2495 979 2557 terruit,
1010 2493 1115 2546 illis
1144 2492 1355 2560 quidem
1388 2493 1735 2561 persuadens,
1766 2505 1823 2545 ut
1852 2508 2039 2563 parce-

469 2598 590 2643 rent
624 2597 828 2641 natura:
856 2586 968 2652 jam
1015 2586 1248 2637 consorti
1298 2584 1626 2649 divinitatis,
1682 2584 1877 2653 quippe
1920 2600 2038 2653 quae

467 2681 578 2733 Deo
626 2679 771 2732 unita
821 2678 937 2731 sit:
971 2676 1105 2729 istos
1151 2689 1277 2729 vero
1326 2676 1617 2744 subigens,
1670 2684 1728 2729 ut
1786 2678 2038 2745 deinceps

468 2770 804 2825 abstinerent
839 2769 906 2821 ah
936 2768 1144 2822 insidiis
1178 2767 1439 2821 adversus
1468 2766 1713 2820 homines
1743 2768 2035 2831 struendis,

2641 2138 2810 2192 Σκθι.
2854 2168 2924 2179 -
2964 2138 3239 2209 ΖΩΣΙΜῼ.

2502 2226 2642 2293 Περὶ
2682 2224 2788 2293 τῆς
2821 2226 2986 2291 θείας
3025 2225 3370 2294 ἐπιδημίας.

2229 2316 2295 2368 Ἣ
2326 2316 2436 2369 τῶν
2462 2317 2816 2384 ἀνθρωπίνων
2848 2317 3225 2389 ἁμαρτιῶν....
3257 2318 3424 2389 (22).)ί]
3460 2316 3556 2370 τοῦ
3592 2317 3721 2370 Υίοῦ

2146 2406 2240 2458 τοῦ
2279 2408 2415 2460 Θεοῦ
2451 2407 2716 2479 ἔνσαρκος
2749 2410 3064 2478 ἐπιφάνεια,
3104 2409 3315 2471 πάντας
3352 2409 3452 2479 μὲν
3484 2408 3723 2479 ἐφόϐησε

2147 2501 2242 2553 καὶ
2293 2499 2618 2571 ἀνθρώπους
2652 2504 2748 2554 καὶ
2789 2502 3069 2571 δαίμονας,
3121 2502 3248 2564 τοὺς
3296 2500 3394 2569 μὲν
3445 2498 3724 2567 φείδεσθαι

2145 2592 2243 2661 τῆς
2296 2590 2515 2659 φύσεως
2543 2592 2800 2654 πείσασα,
2838 2593 2912 2655 ὡς
2960 2591 3080 2662 Θεῷ
3129 2590 3453 2660 ἐνωθείσης’
3488 2591 3619 2654 τοὺς
3667 2590 3725 2642 δὲ

2148 2679 2444 2749 ἀπέχεσθαι
2478 2683 2575 2752 τῆς
2621 2682 2742 2735 κατ’
2781 2682 2961 2735 αὐτῶν
2999 2674 3294 2749 ἐπιϐουλῆς
3334 2680 3723 2747 ἁναγκάσασα,

2145 2769 2220 2832 ὡς
2270 2772 2654 2842 ἀναμαρτήτου
2720 2771 2906 2825 λοιπὸν
2959 2770 3287 2840 γενομένης’
3344 2770 3404 2820 σὲ
3454 2767 3515 2820 δὲ
3572 2768 3726 2820 οὐδὲν

471 2873 653 2932 utpote
673 2877 900 2931 quorum
929 2869 1115 2913 natura
1136 2859 1245 2927 jam
1283 2859 1485 2926 peccati
1516 2873 1709 2926 expers
1738 2858 1788 2911 in
1818 2857 2034 2913 Christo

2148 2862 2354 2915 τούτων
2394 2864 2691 2932 ἐμάλαξεν,
2718 2864 2839 2915 οὐδὲ
2876 2862 3105 2915 δεδιέναι
3130 2859 3567 2932 παρεσκεύασεν,
3601 2858 3723 2911 οὐδὲ

468 2954 653 3006 etlecta
706 2954 816 3007 sit:
852 2959 902 3005 te
940 2966 1070 3005 vero
1120 2948 1250 3004 nihil
1301 2949 1523 3007 istorum
1565 2947 1811 3014 emolliit,
1866 2964 2041 3017 neque

472 3056 707 3098 metuere
736 3043 881 3107 fecit,
907 3056 1079 3109 neque
1103 3043 1168 3096 ad
1196 3043 1603 3110 temperantiam
1633 3056 1696 3095 ac
1721 3042 2039 3095 modestiam

470 3138 725 3193 instituit.
776 3136 901 3188 Sive
942 3134 1108 3203 igitur
1162 3134 1324 3187 homo
1368 3146 1457 3195 es,
1498 3134 1646 3200 prius
1693 3140 1745 3185 te
1790 3132 2036 3196 erudiat;

469 3230 582 3283 sive
607 3230 814 3280 daemon
845 3226 1037 3293 aliquis
1067 3237 1147 3289 es,
1177 3223 1444 3292 posterius
1472 3231 1523 3276 te
1546 3223 1753 3285 doceat,
1802 3237 1869 3276 ne
1898 3236 2039 3291 pra:-

468 3318 800 3375 stantissima
859 3326 1048 3370 natura
1092 3315 1156 3367 ad
1198 3312 1423 3367 allectus
1466 3321 1521 3366 et
1577 3313 2041 3381 concupiscentias

469 3407 759 3477 explendas
784 3406 1025 3459 abutare.
1061 3400 1254 3456 Venics
1276 3400 1419 3454 enim
1457 3400 1510 3453 in
1535 3401 1819 3470 judicium,
1863 3402 2041 3455 reddi-

2152 2957 2449 3025 σωφρονεῖν
2483 2953 2957 3025 ὲπαιδαγώγησεν.
2998 2954 3061 3005 Εἰ
3097 2952 3276 3005 τοίνυν
3328 2950 3621 3021 ἄνθρωπος
3651 2946 3720 3011 εἴ,

2149 3043 2226 3114 τῷ
2253 3046 2504 3116 προτέρῳ
2545 3044 2902 3113 παιδεύθητι·
2940 3045 2989 3095 εί
3032 3043 3091 3096 δὲ
3115 3042 3345 3113 δαίμων,
3374 3038 3455 3110 τῷ
3482 3039 3725 3107 δευτέρῳ

2140 3134 2455 3205 διδάχθητι,
2473 3135 2547 3205 μὴ
2570 3133 3018 3204 κατακεχρῆσθαι
3044 3134 3111 3203 τῇ
3156 3130 3417 3200 καλλίστῃ
3451 3128 3617 3196 φύσει
3643 3129 3724 3189 είς

2141 3226 2310 3297 πάθη.
2345 3226 2535 3290 ’Ἦξεις
2561 3226 2667 3295 γὰρ
2702 3226 2781 3288 εἰς
2814 3225 3017 3296 κρίσιν,
3044 3223 3251 3277 τούτων
3274 3223 3533 3276 ἁπάντων
3564 3217 3721 3271 εὐθύ-

2143 3334 2236 3379 νας
2267 3317 2498 3386 ὑφέξων,
2553 3319 2777 3389 καὶτῆς
2840 3320 3058 3390 μακρᾶς
3111 3315 3447 3385 ἀναλγησίας
3505 3312 3719 3383 μακρὸν

2142 3409 2679 3481 είσπραχθησόμενος
2705 3411 2882 3479 λόγον.

469 3509 622 3554 turus
662 3500 851 3552 horum
939 3497 1177 3550 omnium
1221 3494 1475 3558 rationes,
1516 3505 1569 3545 et
1610 3494 1874 3547 diuturnae
1922 3494 2077 3562 hujus
2155 3501 2458 3557 indolentia:
2514 3518 2579 3557 ac
2627 3504 2864 3574 stuporis
2908 3503 3220 3558 diuturnam
3269 3500 3567 3570 exigendus
3625 3510 3715 3550 ra-

469 3602 686 3646 mnem.
751 3676 1011 3735 CCXXX.
1031 3708 1100 3717 —
1119 3675 1371 3732 ALPHIO
1401 3673 1748 3731 EPISCUPO.

1017 3770 1093 3825 De
1131 3769 1502 3824 Sennacherib.

539 3867 800 3935 Quoniam
828 3864 1201 3921 Sennacherib
1231 3863 1431 3930 majora
1463 3876 1621 3930 quant
1646 3875 1743 3929 pro
1775 3869 1966 3914 natura
1987 3869 2043 3914 et

2412 3671 2531 3723 ΣΝ.
2572 3700 2641 3709 -
2676 3673 2879 3743 ΑΛΦΙῼ
2916 3672 3026 3741 (25)
3054 3672 3425 3744 ΕΠΙΣΚΟΠῼ.

2571 3763 2707 3830 Περὶ
2736 3762 2842 3815 τοῦ
2871 3762 3263 3831 Σεναχειρήμ.

2220 3854 2440 3926 Ἐπειδὴ
2493 3856 2521 3906 ὁ
2570 3853 2909 3925 Σεναχειρὴμ
2964 3854 3314 3925 ἀνθρωπίνης
3362 3855 3583 3924 φύσεως
3621 3863 3716 3914 καὶ

467 3961 672 4015 viribus
707 3957 959 4013 humanis
991 3957 1225 4010 minatus
1254 3962 1338 4007 est
1371 3952 1633 4016 Ezechias,
1666 3952 1788 4005 ideo
1810 3952 2034 4020 pr0priat

2141 3947 2415 4018 δυνάμεως
2460 3946 2681 4016 μείζονα
2712 3945 2976 4016 ἠπείλησε
3030 3945 3106 4016 τῷ
3149 3946 3392 4017 Ἐζεκίᾳ,
3429 3947 3519 4001 διὰ
3554 3952 3717 4004 τοῦτο

467 4049 854 4105 imbecillitatis
890 4046 1191 4102 nullitatem
1227 4042 1498 4111 cognovit.
1550 4041 1684 4094 Nam
1722 4042 1812 4110 qui
1854 4056 2038 4110 spera-

2132 4042 2272 4110 ἔγνω
2312 4043 2411 4113 τῆς
2448 4044 2655 4106 οἰκείας
2681 4043 2967 4106 ἀσθενείας
2990 4042 3091 4113 τὴν
3138 4043 3431 4100 οὐδένειαν.
3494 4047 3553 4100 Ὀ
3604 4050 3714 4119 γάρ

461 4143 557 4194 bat
589 4155 648 4194 se
685 4137 1111 4206 Hierosolymam
1154 4135 1330 4203 primo
1361 4132 1515 4200 quasi
1558 4133 1756 4199 impetu
1805 4141 1860 4185 et
1909 4148 2029 4187 cum

2141 4136 2195 4199 ἐξ
2224 4135 2522 4207 ἐπιδρομῆς
2556 4136 2653 4189 καὶ
2710 4135 2958 4188 αὐτοϐοεὶ
3004 4136 3391 4206 προσδοκήσας
3436 4138 3581 4190 ἑλεῖν
3615 4142 3713 4209 τὴν

458 4231 692 4299 primunt
718 4226 1022 4281 sustulisset
1041 4225 1357 4283 clamorem,
1380 4230 1682 4291 capturum,
1712 4224 1757 4275 is
1778 4221 2031 4276 universo

2147 4225 2525 4295 Ἰερουσαλὴμ,
2562 4227 2741 4279 πᾶσαν
2771 4225 2955 4295 σχεδὸν
2974 4227 3071 4296 τὴν
3102 4226 3366 4295 στρατιάν
3397 4226 3529 4280 ἄνευ
3553 4230 3711 4282 πολέ-

461 4318 575 4372 lere
619 4317 859 4371 exercitu
891 4317 1095 4382 absque
1124 4313 1373 4369 ccullictu
1408 4313 1576 4382 praelii
1626 4313 1844 4377 amisso,
1896 4328 2030 4383 pree-

2141 4334 2240 4387 μου
2280 4318 2371 4370 καὶ
2418 4318 2596 4386 μάχης
2646 4315 2970 4379 ἀποϐαλὼν,
3011 4317 3300 4387 ἀγαπητὸν
3343 4317 3596 4387 ἡγήσατο
3652 4320 3711 4371 τὸ

464 4406 612 4461 clare
631 4418 813 4459 secum
836 4404 917 4472 agi
944 4403 1182 4471 putabat,
1208 4401 1251 4455 si
1277 4401 1359 4455 vel
1382 4401 1526 4455 solus
1547 4402 1725 4456 salvus
1751 4400 2024 4458 evaderet.

2133 4407 2459 4477 διασωθῆναι
2490 4409 2667 4477 μόνον.
2700 4406 2989 4476 Διαφυγὼιν
3038 4407 3083 4459 δ’
3114 4407 3321 4471 οἴκαδε,
3356 4408 3464 4460 ὑπὸ
3496 4410 3607 4465 τῶν
3636 4413 3713 4464 ot-

465 4498 598 4552 Cum
637 4505 815 4549 autent
856 4496 1071 4547 domum
1115 4491 1462 4561 profugisset,
1499 4507 1529 4546 a
1569 4492 1679 4547 suis
1717 4491 2028 4548 domesticis

2141 4498 2297 4551 κείων
2325 4498 2561 4569 ἀνῃρέθη
2588 4498 2722 4567 (24),
2757 4498 2821 4549 ἵν’
2850 4496 2986 4566 ὁμοῦ
3032 4500 3127 4551 καὶ
3157 4498 3257 4569 τὴν
3294 4498 3507 4553 οἰκείαν
3545 4500 3708 4554 ἀσθέ-

462 4589 818 4654 interemptus
841 4593 944 4647 est,
982 4593 1039 4635 ut
1070 4583 1228 4636 simul
1257 4594 1310 4636 et
1334 4598 1487 4637 suam
1523 4594 1840 4653 agnosceret
1871 4585 2020 4638 infir-

460 4679 723 4739 mitatem,
772 4683 825 4729 et
860 4672 1085 4739 justitia:
1122 4674 1315 4727 divinat
1357 4674 1878 4729 animadversionem
1914 4690 2021 4729 non

456 4769 734 4839 ellugcret.

2131 4607 2278 4644 νειαν
2309 4590 2483 4659 γνοίη,
2510 4590 2603 4642 καὶ
2635 4589 2709 4659 μὴ
2734 4588 2986 4658 διαφύγοι
3018 4593 3119 4660 τὴν
3149 4590 3323 4661 δίκην.

1566 4879 1797 4934 VARLE
1836 4879 2219 4935 LECTIONES
2256 4877 2342 4931 ET
2373 4875 2603 4931 ΝΟΤᾹΞ.

530 5025 640 5093 (Ἦ)
699 5020 825 5093 l’ost
856 5020 885 5073 ὁ
915 5018 1011 5088 τὴν
1039 5017 1189 5093 addit
1224 5016 1361 5093 idem
1409 5014 1709 5093 πανάρετον
1742 5025 1794 5069 et
1830 5013 2016 5093 sequi-

2128 5011 2498 5086 circumt'lectit
2545 5011 2667 5066 cod.
2730 5009 2907 5069 Vatic.
2981 5012 3087 5070 650
3147 5016 3395 5071 scribens
3474 5016 3700 5086 Ἀλφιῷ.

457 5083 561 5156 tut",
599 5083 813 5159 σοφίαν,
845 5083 1009 5158 agens
1045 5089 1110 5159 de
1151 5084 1531 5159 Ecclesiastico
1558 5083 2018 5159 Llibro_‘_c_anouico
2127 5083 2335 5159 l’ossnv.

456 5154 616 5231 quem
644 5154 792 5223 alibi,
814 5154 1219 5231 tit—notavimus,
1246 5154 1428 5216 ἁπλῶς
1456 5164 1507 5206 et
1528 5156 1643 5208 sine
1672 5154 1851 5207 addito
1881 5170 2016 5206 παν-

457 5227 647 5301 ἆρετον
672 5238 963 5301 nuncupat.
1000 5227 1210 5301 Possm.

524 5301 631 5367 (2'2)
668 5290 1009 5367 ’Λμαρὲιῷικ
1040 5294 1273 5367 Videtur
1288 5294 1449 5367 sequi
1484 5290 2010 5367 _debere_d_v'c_i80to;,

457 5362 537 5421 vel
564 5362 842 5439 θεραπεία,
874 5366 955 5419 vel
990 5366 1128 5435 quod
1159 5365 1333 5419 simile
1371 5362 1668 5431 epitheton,
1707 5363 1791 5416 hic
1822 5362 1875 5414 itt
1907 5377 2010 5415 nts.

454 5438 729 5491 omissum.
771 5438 933 5490 ltn'r.

2203 5153 2313 5221 (24)
2352 5151 2495 5223 Ὑπὸ
2542 5150 2932 5223 τῶνμοὶκείων
2969 5154 3254 5223 ἀνῃρέθη.
3301 5155 3698 5211 Sennacberib.

2128 5218 2223 5298 re};
2254 5218 2619 5298 A'ssyrius,_e_x
2654 5218 3100 5298 .ludwadonuuritw
3120 5218 3389 5298 reversus,
3423 5242 3453 5279 a
3480 5227 3703 5298 duobus

2125 5292 2249 5344 liliis
2284 5294 2394 5344 suis
2423 5292 2718 5344 trucidatus
2741 5303 2823 5346 est
2847 5295 2898 5345 in
2930 5294 3127 5361 templo
3156 5296 3298 5361 quod
3328 5307 3447 5349 erat
3480 5294 3699 5355 Ninire.

2122 5363 2209 5413 ubi
2251 5362 2445 5414 idolum
2494 5376 2648 5414 suum
2684 5362 3243 5417 venerabatur.-'t'ide
3275 5364 3469 5418 Isaiam
3518 5374 3703 5419 extre-

2122 5446 2209 5500 nto
2263 5446 2380 5499 cap.
2430 5445 2636 5493 xxxv",
2686 5440 2741 5486 et
2785 5433 2876 5486 lib.
2910 5431 2977 5485 ιν
3032 5434 3202 5500 Reg,
3241 5451 3291 5487 c.
3332 5450 3424 5488 XIX
3472 5436 3527 5489 in
3574 5435 3699 5488 line.

544 5508 633 5572 2'5)
663 5506 769 5558 Nec
805 5507 928 5556 illud
954 5505 1216 5557 minutum
1253 5502 1578 5569 neglexerint
1616 5514 1631 5553 :
1666 5515 1859 5554 nomen
1895 5499 2011 5567 ejus
2122 5499 2281 5555 lll'rr.

454 5572 539 5627 cui
574 5579 684 5629 truc
712 5575 940 5643 epistola
986 5573 1238 5626 scribitur
1268 5573 1319 5624 in
1352 5572 1533 5624 ultima
1565 5581 1761 5639 prmter
1805 5586 2007 5623 morem
