4020 6140
304 298 441 364 1325
1306 252 1835 356 EPISTOLARUM
1875 289 2017 351 LIB.
2058 292 2124 354 ν.
2157 319 2226 328 -
2256 291 2491 353 EPIS’I‘.
2534 294 2619 354 11.
3429 284 3562 353 meo

1636 583 1775 641 ΤΩΝ
1816 586 1954 640 ΤΟΥ
1992 586 2203 641 ΑΓΙΟΥ

820 751 1516 867 ΙΣΙΔΩΡΟΥ
1588 749 1887 865 ΤΟΥ
1963 743 3057 866 ΠΗΛΟΥΣΙΩΤΟΥ

1272 999 1915 1089 ΕΠΙΣΤΟΛΩΝ
1987 1001 2429 1086 ΒΙΒΑΙΟΝ
2502 990 2623 1083 E’.

1000 1356 1130 1483 S.
1254 1355 1844 1482 ISIDORI
1944 1355 2874 1484 PELUSIOT/E

1494 1608 2414 1717 EPISTOLARUM

1363 1858 1777 1944 LIBER
1863 1856 2515 1960 QUINTUS

1099 2048 1294 2101 Andrea
1323 2044 1521 2097 Scliotto
1546 2042 1901 2106 Antuerpiensi,
1923 2045 2040 2092 Soc.
2064 2045 2183 2093 Jesu
2202 2045 2508 2110 Presbytero,
2533 2046 2805 2112 interprete.

838 2368 916 2419 A'.
951 2396 1011 2407 -
1051 2362 1373 2434 ΑΝΤΙΟΧῼ.
2375 2360 2425 2431 5

2375 2360 2534 2431 553
2563 2361 2605 2417 1.
2636 2389 2701 2400 -
2726 2360 3094 2417 ANTIOCHO.

982 2457 1153 2515 Animi
1182 2457 1511 2524 corporisque
1538 2455 1827 2508 moderatio
1858 2457 2054 2523 optima
2088 2451 2325 2522 (Similia
2352 2454 2444 2507 lib.
2477 2469 2536 2521 ll,
2567 2455 2723 2522 epist.
2758 2454 2911 2524 241.)

396 2569 608 2639 Ὠσπερ
659 2569 717 2621 ὲν
765 2569 878 2630 τοῖς
917 2566 1166 2636 σώμασιν
1209 2566 1319 2619 ἀπὸ
1350 2565 1662 2631 πλεονεξίας
1686 2567 1741 2620 αἱ
1769 2566 1894 2619 δυσ·
1927 2556 1970 2608 Α

2074 2566 2141 2623 Ut
2163 2566 2215 2621 in
2234 2567 2488 2625 humanis
2505 2570 2827 2639 corporibus
2846 2586 2911 2627 ex
2928 2570 3218 2625 humerum
3238 2570 3571 2626 abundantia

319 2658 545 2730 κρασίαι
604 2657 877 2726 γίνονταισ
936 2657 1063 2710 ὅταν
1115 2656 1223 2726 γὰρ
1270 2656 1397 2718 τοὺς
1450 2656 1684 2718 οἰκείους
1734 2656 1892 2726 ὄρους

1995 2659 2159 2714 varias
2209 2660 2482 2714 exsistunt
2540 2660 2924 2730 intemperies,
2968 2662 3132 2726 dum,
3178 2662 3567 2717 excedentibus

320 2751 529 2818 ἀφέντα
557 2749 627 2802 τὰ
669 2750 931 2819 στοιχεῖα,
962 2748 1228 2818 ὑπερόρια
1258 2746 1476 2816 γίνηται
1516 2746 1611 2799 καὶ
1641 2747 1720 2808 εἰς
1753 2746 1891 2816 ἀμε-

1994 2745 2129 2799 tines
2182 2758 2312 2800 suos
2359 2746 2670 2812 elementis,
2727 2750 2877 2803 nimii
2921 2749 3055 2803 ﬁunt
3092 2758 3147 2805 et
3198 2750 3570 2811 immoderati.

319 2840 478 2909 τρίαν
510 2840 743 2911 ἐκπέσῃ,
776 2839 897 2891 τότε
931 2839 988 2891 αἱ
1016 2837 1160 2891 νόσοι
1192 2837 1289 2890 καὶ
1317 2837 1367 2889 οἱ
1393 2836 1616 2906 χαλεποὶ
1659 2836 1892 2905 συμϐαί-

1995 2834 2135 2889 unde
2162 2834 2336 2891 morbi
2354 2844 2670 2901 nascuntur,
2694 2848 2746 2892 et
2765 2838 2989 2893 molesta
3014 2854 3160 2895 mors
3192 2840 3570 2910 subsequitur;

318 2947 471 2985 νουσι
496 2929 736 2983 θάνατοι·
763 2927 906 2981 οὕτω
931 2928 1067 2999 κᾲπὶ
1082 2926 1189 2980 τῶν
1213 2926 1420 2996 ψυχῶν.
1442 2927 1505 2979 El
1526 2926 1635 2995 γὰρ
1658 2924 1766 2978 ἀπὸ
1795 2925 1891 2977 τοῦ

1995 2924 2133 2978 idem
2198 2933 2253 2978 et
2311 2925 2508 2979 animis
2573 2928 2793 2983 accidit.
2847 2927 2903 2982 Si
2949 2930 3091 2984 enim
3162 2946 3193 2985 a
3252 2934 3570 3001 temperanti

324 3022 602 3093 σώφρονος
634 3020 749 3091 βίου
802 3022 882 3083 είς
910 3020 1080 3091 ὀργὴν
1114 3016 1586 3089 ἐκκυλισθείημεν,
1621 3016 1714 3070 καὶ
1743 3033 1895 3069 τετυ-

1996 3015 2312 3085 placidaque
2350 3025 2532 3071 meme
2570 3018 2625 3072 in
2671 3020 2968 3076 iracundite
3012 3020 3252 3077 furorem
3304 3023 3424 3092 quis
3459 3039 3564 3077 una

322 3114 563 3183 φωμένοι
590 3114 684 3166 καὶ
715 3112 1103 3182 δουλοπρεπεῖς
1137 3109 1425 3179 γινόμεθα,
1460 3109 1528 3161 δι’
1558 3109 1767 3161 ἐκείνου
1797 3106 1894 3177 μὲν

1995 3110 2293 3179 prmeipilet
2324 3109 2593 3178 typhoque
2611 3112 2798 3165 ardeat
2826 3114 3095 3182 superbiat
3110 3124 3273 3184 atque
3309 3115 3565 3170 servilem

326 3206 579 3277 μισητοὶ,
630 3205 715 3258 διὰ
769 3205 961 3258 τοῦτου
1016 3204 1074 3257 δὲ
1134 3201 1528 3270 καταγέλαστοι
1593 3200 1891 3271 γινόμενοι.

1997 3201 2049 3253 in
2080 3201 2295 3253 modum
2320 3214 2441 3255 sese
2465 3208 2638 3270 gerat,
2663 3215 2728 3256 ex
2750 3194 2857 3255 illis
2878 3203 3093 3271 quidem
3119 3206 3357 3268 odiosus,
3377 3219 3443 3259 ex
3466 3205 3568 3259 hoc

335 3297 613 3360 Ἐναντίας
641 3297 748 3366 γὰρ
796 3294 994 3357 κακίας
1041 3295 1358 3365 κιρνῶντες,
1387 3293 1644 3346 ἀπόνοιαν
1674 3308 1732 3344 τε
1757 3290 1893 3361 ὁμοῦ

1998 3303 2124 3344 vero
2164 3290 2326 3343 etiam
2385 3289 2643 3344 ridiculus
2697 3293 2905 3346 evadet.
2958 3292 3091 3346 Mala
3149 3295 3292 3348 enim
3344 3296 3571 3350 invicem

323 3389 419 3442 καὶ
449 3388 758 3453 κολακείαν,
792 3387 886 3439 καὶ
930 3386 1087 3456 μίσος
1121 3385 1497 3457 κερδαίνομεν,
1542 3385 1636 3436 καὶ
1687 3384 1895 3450 γέλωτα

1994 3378 2288 3448 pugnantia
2330 3379 2637 3444 miscendo,
2684 3383 2976 3434 amentiam
3012 3384 3228 3451 quidem
3253 3424 3268 3448 ,
3319 3394 3564 3439 assenta-

323 3479 740 3548 ὀφλισκάνομεν.
786 3477 925 3529 Ἀλλ’
968 3476 1063 3529 ἐὰν
1093 3475 1190 3545 τὴν
1220 3473 1531 3539 πλεονεξίαν
1562 3474 1655 3526 τοῦ
1691 3473 1895 3536 πάθους

1996 3470 2197 3525 tionem
2236 3480 2291 3524 et
2330 3470 2514 3524 odium
2555 3471 2838 3539 acquirat,
2867 3482 2922 3525 et
2951 3473 3070 3527 aliis
3103 3475 3269 3527 risum
3306 3476 3566 3544 praebeat.

326 3569 732 3639 περικόψωμεν,
783 3568 878 3621 καὶ
937 3566 1183 3620 ταπεινοὶ
1245 3567 1383 3635 μετὰ
1436 3565 1738 3635 ἀκριὸείας,
1800 3566 1895 3618 καὶ

1994 3561 2065 3615 At
2107 3563 2153 3617 si
2187 3562 2528 3617 immodicam
2588 3574 2829 3618 motuum
2876 3565 3039 3619 animi
3090 3566 3425 3621 alfectionem
3480 3582 3570 3621 re-

325 3660 522 3729 ὑψηλοὶ
585 3659 723 3729 μετὰ
768 3658 1070 3726 ἀσφαλείας
1120 3656 1371 3727 ἐσόμεθα.
1429 3657 1663 3725 Τοιαύτη
1709 3654 1815 3725 γὰρ
1861 3658 1893 3724 ή

1995 3668 2265 3716 secemus.
2298 3664 2354 3708 et
2392 3655 2605 3724 egregie
2651 3656 2879 3710 humiles
2946 3666 2997 3709 et
3040 3666 3154 3710 tuto
3202 3659 3398 3713 excelsi
3443 3661 3566 3711 red-

324 3751 455 3819 παρ’
491 3751 621 3819 ἡμῖν
655 3748 962 3817 φιλοσοφία,
999 3747 1467 3819 μετριοφροσύνην
1500 3748 1594 3798 καὶ
1632 3746 1765 3815 ὕψος
1815 3748 1894 3808 εἰς

1997 3746 2204 3801 demur.
2241 3745 2369 3801 llaec
2410 3756 2493 3800 est
2526 3748 2671 3802 enim
2713 3758 2894 3801 nostra
2945 3748 3358 3815 philosophandi
3405 3750 3566 3813 ratio,

326 3843 457 3912 μίαν
508 3840 702 3893 συνείει
737 3840 849 3909 (25)
903 3839 1115 3909 ψυχήν·
1166 3836 1634 3907 μετριοφροσύνην
1674 3838 1896 3907 μὲν,τῷ

2001 3849 2059 3888 ιιι
2106 3836 2423 3890 modestiam
2459 3850 2554 3891 seu
2596 3838 3005 3905 temperantiam
3048 3848 3102 3891 et
3156 3841 3567 3907 generositatem

324 3906 466 3986 ᾆωιτά
525 3906 753 4001 μηδενὸς
807 3906 1177 4001 emissem:
1242 3929 1372 3998 ὕψος
1408 3906 1509 3993 δὲ,
1563 3928 1640 3997 τῷ
1679 3906 1898 3999 μηδένα

2001 3927 2090 3979 uni
2125 3927 2306 3981 animo
2335 3926 2662 3981 inseramus.
2689 3926 3005 3982 Modestiam
3036 3906 3276 3997 quidem,
3307 3940 3365 3983 ut
3404 3945 3561 4001 oppu-

330 4020 516 4087 ἀξιοῦν
544 4020 875 4074 κολακεύειν.

2003 4033 2101 4074 nas
2124 4028 2178 4072 te
2204 4019 2437 4085 nemini;
2475 4020 2893 4088 generositatem
2928 4033 3087 4083 vero,
3131 4029 3190 4073 ut
3223 4020 3354 4075 nulli
3391 4036 3572 4077 assen-

2001 4111 2217 4164 tandum
2240 4126 2359 4167 esse
2382 4111 2680 4167 existimes.

320 4223 396 4275 B'.
435 4251 500 4262 —-—
525 4222 916 4275 ΕΡΜΟΓΕΝΕΙ
950 4220 1071 4274 ΚΑΙ
1107 4219 1493 4289 ΛΑΜΙῙΕΤΙῼ,
1529 4220 1649 4272 ΚΑΙ
1685 4219 1897 4272 ΛΕΟΝ-

1770 4220 1897 4271 ὶΟΝ-
2214 4222 2277 4275 ll.
2300 4254 2368 4267 -ο
2394 4222 2821 4283 IIERMOGENI,
2850 4222 3199 4280 LAMPETIO
3219 4264 3235 4289 ,
3268 4224 3357 4279 ΕΤ

816 4291 926 4361 Tm
964 4286 1404 4343 ΕΠΙΣΚΟΠΟΙΣ.
1444 4286 1455 4289 '

2414 4292 2734 4356 LEON'I‘IO,
2765 4292 3145 4347 EPISCOI’IS.

1172 4396 1280 4450 Pro
1311 4397 1560 4465 improbis
1592 4396 1869 4450 orandum.
1916 4398 2045 4453 Vide
2076 4402 2174 4466 inf.
2213 4404 2364 4469 epist.
2399 4402 2501 4456 105
2523 4414 2570 4456 et
2596 4404 2719 4458 MO.

392 4515 453 4566 Ei
481 4513 730 4583 καὶπρὸς
755 4508 1023 4578 Ζώσιμον,
1051 4507 1144 4560 καὶ
1168 4506 1485 4570 Εὐστάθιον,
1511 4506 1606 4559 καὶ⁵
1630 4506 1893 4575 Μάρωνα,

2065 4512 2177 4566 Etsi
2214 4517 2280 4567 ad
2308 4513 2602 4581 Zosimum,
2628 4524 2679 4569 et
2724 4515 3088 4582 Eustathium,
3145 4527 3200 4572 et
3254 4516 3554 4585 Maronem,

318 4604 517 4675 ἄνδρας
553 4604 688 4674 μήτε
721 4618 772 4653 τι
804 4599 1037 4671 χρηστὸν
1066 4596 1277 4650 οἴκοθεν
1324 4596 1715 4665 κεκτημένους,
1756 4596 1894 4665 μήτε

1995 4605 2147 4659 viros
2192 4620 2367 4674 neque
2401 4620 2467 4660 ex
2510 4621 2629 4660 sese
2667 4606 2962 4675 quidquam
3006 4610 3319 4678 sapientes,
3369 4625 3470 4665 nec
3502 4627 3564 4666 ex

318 4700 418 4762 τὴν
461 4696 565 4747 ἀπὸ
604 4695 713 4746 τῶν
763 4690 1106 4762 πραγμάτων
1151 4687 1476 4757 δεχομένους
1523 4685 1892 4749 διδασκαλίαν,

1996 4707 2178 4746 rerum
2234 4694 2566 4763 experientia
2638 4696 3015 4763 proﬁcientes,
3085 4712 3261 4767 neque
3338 4700 3563 4754 aliorum

325 4788 461 4855 μήτε
494 4786 587 4855 τὴν
616 4784 769 4855 παρὰ
794 4783 904 4836 τῶν
933 4782 1107 4836 ἄλλων
1136 4798 1199 4832 συ
1210 4778 1447 4848 μὸουλὴν
1480 4779 1891 4848 προσιεμένους,

1995 4781 2209 4849 quidem
2250 4784 2492 4839 consiliis
2525 4785 2958 4853 acquiescentes,
3003 4783 3167 4855 554
3197 4786 3290 4839 sed
3320 4786 3370 4839 in
3407 4802 3565 4856 aper-

322 4877 435 4928 ὰλλ’
497 4879 576 4939 είς
644 4875 1072 4945 ὼμολογημένην
1129 4872 1404 4926 ἀπώλειαν
1464 4870 1893 4933 ἐκπεπτωκότας

1994 4881 2105 4926 tum
2166 4873 2445 4942 prolapsos
2509 4876 2837 4937 interitum,
2884 4875 2949 4928 de
3005 4876 3167 4928 rebus
3240 4878 3564 4930 necessariis

322 4966 598 5036 πάρελκόν
630 4967 765 5027 ἐστι,
798 4965 1035 5033 κρίνετε,
1068 4962 1197 5031 περὶ
1228 4961 1337 5013 τῶν
1360 4961 1746 5031 προσηκόντων
1773 4960 1889 5012 δια-

1990 4962 2154 5014 verha
2204 4962 2384 5016 facere
2426 4962 2765 5032 superﬂuum
2809 4963 3206 5030 essejudicelis
3236 4980 3249 5016 :
3284 4964 3560 5020 nihilomi-

317 5057 607 5124 λέγεσθαι·
645 5056 847 5121 (illata
895 5055 1094 5106 δίκαιοι
1145 5054 1211 5106 ἂν
1242 5053 1390 5120 εἴητε
1432 5052 1616 5120 εὐχαῖς
1667 5051 1803 5119 πρὸς
1832 5050 1891 5101 τὸ

1990 5068 2090 5106 nus
2119 5070 2332 5122 mquum
2371 5056 2530 5110 fuerit
2568 5071 2756 5125 preces
2785 5056 2853 5109 ad
2884 5056 3047 5109 Deum
3084 5071 3180 5125 pro
3210 5057 3276 5111 iis
3315 5057 3555 5111 fundere.

316 5149 459 5200 θεῖον
506 5145 818 5217 χρήσασθαι
868 5146 1028 5213 τάχα,
1069 5142 1186 5204 πῶς
1233 5141 1430 5203 αὐτοὺς
1485 5142 1549 5191 ἐκ
1598 5141 1692 5192 τοῦ
1722 5138 1886 5209 βυθοῦ

1992 5143 2153 5200 Forte
2200 5161 2294 5201 eos
2338 5160 2368 5198 e
2398 5147 2680 5202 .barathro
2729 5147 2945 5200 malitiae
2992 5147 3070 5203 sic
3110 5148 3426 5206 extrahetis.
3469 5148 3558 5202 Dei

311 5239 409 5307 τῆς
440 5239 641 5299 κακίας
682 5237 984 5305 ἀνιμήσητε
1004 5248 1019 5263 ⁸
1071 5232 1212 5287 θεῖον
1239 5232 1346 5303 γάρ
1374 5234 1520 5283 ἐστιν
1551 5231 1624 5292 ὡς
1652 5230 1793 5283 ἔοικε
1826 5230 1884 5282 τὸ

1406 5248 1520 5283 στιν
1551 5231 1624 5292 ὡς
1652 5230 1793 5283 ἔοικε
1826 5230 1884 5282 τὸ
1995 5236 2136 5289 enim
2167 5251 2327 5290 omne
2373 5237 2424 5291 id
2461 5252 2596 5306 opus
2616 5252 2734 5294 esse
2762 5246 2992 5293 constat.

312 5328 472 5399 ἔργον

1437 5494 1685 5575 ΫΑῘΗΔΕῚ
1716 5492 2092 5548 LECTIONES
2132 5494 2217 5547 ET
2257 5494 2486 5551 ΝΟΤίΕ.

384 5658 495 5727 (25)
546 5655 652 5710 Pro
704 5651 903 5705 συνείει
955 5652 1074 5707 cod.
1130 5651 1244 5705 Val.
1303 5649 1404 5703 650
1454 5649 1576 5718 legit
1634 5649 1869 5715 συνάγει.
1907 5647 2114 5703 Possm.
