4020 6140
563 271 702 351 ’1327
1054 310 1055 313 η
1714 266 1775 325 S.
1816 263 2110 323 ISIDORI

2153 264 2584 325 PELUSIOTIE
3642 284 3740 346 1323

1107 379 1195 436 Ill.
1215 410 1283 419 —
1305 377 1553 436 PAULO.
2225 434 2231 438 .

2225 434 2231 438 .
2810 380 2883 434 ιν.
2910 411 2975 422 -
3004 381 3256 453 namq.

1091 473 1169 528 De
1196 490 1370 528 rerum
1398 474 1749 526 humanarum
1786 473 2056 525 vanitate.
2104 470 2301 536 Confer
2326 471 2425 538 inf.
2451 486 2534 538 ep.
2566 472 2666 526 271
2708 484 2756 526 et
2784 475 2936 541 epist.
2962 475 3061 529 25l
3096 477 3187 529 lib.
3222 492 3303 530 ιιι.

636 589 693 646 Si
728 587 930 645 divitia
958 594 1015 643 et
1061 587 1409 656 pulchritudo
1455 601 1518 641 ac
1562 587 1757 647 robur,
1809 585 1981 655 gloria
2010 586 2140 640 item
2172 570 2218 625 Α

2172 570 2218 625 Α
2316 583 2380 635 Ei
2425 583 2455 634 ὁ
2485 583 2737 649 πλοῦτος,
2766 585 2862 638 καὶ
2905 586 2968 638 τὸ
2996 586 3215 649 κάλλος,
3251 586 3348 639 καὶ
3374 589 3406 657 ἡ
3436 586 3595 661 ῥώμη,
3620 594 3693 646 καὶ
3721 600 3744 667 ἡ

564 695 627 736 ac
662 679 927 749 potentia,
957 678 1250 751 omniaque
1277 679 1412 731 adeo
1442 675 1666 745 pulchra
1691 676 1997 743 existimata
2032 676 2142 729 cito

2245 672 2396 741 δόξα,
2433 674 2526 726 καὶ
2571 676 2604 742 ὴ
2631 675 2945 743 δυναστεία,
2977 678 3072 731 καὶ
3102 679 3280 731 πάντα
3309 678 3377 731 τά
3400 679 3628 734 δοκοῦντα
3650 681 3746 736 εἶναι

562 778 943 833 marcescunt,
995 776 1051 821 et
1107 765 1239 822 {nimi
1300 767 1352 821 in
1400 781 1605 821 morem
1657 766 1973 835 disparem;
2018 766 2142 836 quis

2245 763 2412 828 καλά,
2458 763 2652 818 θᾶττον
2705 766 3047 837 μαραίνεται,
3101 770 3197 822 καὶ
3245 771 3449 822 καπνοῦ
3496 771 3630 839 δίκην
3666 774 3749 825 δια-

561 874 668 916 tam
717 863 913 914 mentis
962 860 1153 928 inops,
1189 867 1247 911 ut
1288 858 1339 911 in
1388 858 1582 913 horum
1630 857 1812 926 aliquo
1854 858 2135 928 glorietur,

2244 856 2466 911 λύεται·
2519 858 2605 921 τίς
2652 850 2807 921 οὗτος
2848 859 3096 928 ἀνόητος,
3152 859 3227 922 ὼς
3257 861 3341 927 ἐφ’
3378 861 3456 911 ένὶ
3493 861 3587 912 τῶν
3637 864 3750 929 είρη-

557 968 727 1022 scqne
776 952 994 1021 iactet?
1034 950 1127 1005 llis
1170 949 1315 1004 enim
1375 949 1629 1004 omnibus
1671 949 1933 1016 spoliatur
1977 961 2142 1019 atque

2248 948 2426 1017 μένων
2481 948 2875 1020 ὲναόρύνεσθαι
2931 952 3028 1004 καὶ
3092 952 3235 1021 μέγα
3268 954 3507 1022 φρονεῖν;
3558 953 3647 1005 Τοῦ
3669 955 3746 1022 γὰρ

556 1046 775 1098 exuitur
801 1042 1074 1097 interdum
1098 1041 1262 1095 etiam
1281 1039 1453 1105 vivus,
1472 1041 1694 1094 omnino
1711 1055 1840 1094 vero
1868 1049 2131 1093 mortuus.

2243 1038 2421 1090 πάντα
2447 1036 2583 1108 ὁμοῦ
2622 1036 2773 1091 ταῦτ’
2818 1038 3034 1108 ἔχοντος
3078 1042 3449 1111 γυμνουμένου
3482 1043 3564 1095 καὶ
3586 1044 3746 1113 ἐρήμου

557 1134 659 1200 Qui
708 1149 837 1189 vero
891 1133 1051 1189 simul
1113 1132 1294 1186 omnia
1360 1145 1463 1185 non
1516 1130 1711 1184 habeat
1758 1129 1955 1200 (neque
1991 1130 2134 1183 enim

2244 1130 2594 1197 γιγνομένου,
2632 1129 2745 1182 ἐσθ’
2780 1130 2871 1183 ὅτε
2918 1129 3019 1199 μὲν
3073 1133 3170 1183 καὶ
3214 1132 3415 1196 ζῶντος
3460 1134 3645 1195 πάντως
3680 1132 3747 1185 καὶ

558 1234 751 1280 cuncta
802 1228 891 1279 uni
936 1224 1195 1278 obvenire
1236 1220 1526 1291 possunt),
1574 1219 1845 1289 quomodo
1887 1234 1995 1275 non
2045 1230 2138 1273 aut

2244 1218 2542 1283 τεθνεῶτος
2563 1238 2575 1250 ·
2608 1223 2635 1274 ὁ
2670 1222 2746 1293 μὴ
2776 1223 2954 1275 πάντα
2982 1221 3119 1291 ἔχων
3144 1223 3279 1292 ὁμοῦ
3315 1223 3467 1293 (οὐδὲ
3492 1223 3587 1294 γὰρ
3614 1223 3750 1277 πάντα

555 1314 727 1367 risum
774 1313 1095 1367 mortalibus
1136 1312 1391 1367 exhibeat
1440 1310 1740 1369 venditans'
1769 1325 1831 1365 se
1895 1311 2132 1376 umbris,

2244 1306 2358 1365 οἷόν
2383 1329 2442 1365 τε
2465 1312 2743 1366 συνελθεῖν
2768 1313 2884 1386 (‘26)
2914 1315 3029 1377 πῶς
3049 1314 3110 1367 οὐ
3133 1316 3573 1385 γέλωταόφλήσει
3598 1333 3749 1386 σεμνυ-

556 1406 785 1460 somniis
817 1415 979 1475 atque
1010 1405 1259 1460 obscuris
1290 1403 1467 1458 visis?

2242 1403 2467 1474 νόμενος
2493 1405 2587 1458 ἐπὶ
2618 1407 2800 1470 σκιαῖς
2822 1408 2920 1460 καὶ
2940 1407 3181 1477 ὀνείρασι
3208 1408 3301 1460 καὶ
3328 1407 3631 1480 ἀτρανὼτοις
3652 1426 3752 1475 φαν-

820 1490 835 1522 ε
2242 1493 2455 1559 τασίαις
2474 1512 2489 1561 ;

866 1603 955 1658 IV.
987 1634 1053 1644 —
1088 1600 1343 1658 ZOSIMO
1375 1598 1858 1655 PRESBYTERO.

2527 1607 2599 1659 A'.
2645 1634 2714 1647 υ-
2749 1606 3000 1677 ΖΩΣΙΜῼ
3052 1606 3520 1678 ΠΡΕΣΒΥΤΕΡῼ.

1444 1714 1825 1768 Concionantes
1859 1687 1976 1781 plus
2009 1716 2243 1783 exempla
2279 1733 2436 1787 quam
2469 1720 2617 1773 verbo
2648 1721 2938 1788 aediﬁcant.

629 1829 1070 1885 Persuadendum
1093 1867 1109 1892 ,
1150 1828 1288 1882 bone
1320 1826 1423 1892 vir,
1456 1824 1710 1895 operibus
1753 1838 1874 1880 esse
1922 1837 2144 1891 regnum
2180 1815 2216 1870 Β

2180 1815 2229 1870 Β
2320 1828 2465 1897 Χρὴ,
2506 1821 2550 1881 ὧ
2596 1828 2860 1897 βέλτιστε,
2926 1832 3110 1882 πεῖσαι
3156 1831 3243 1884 διὰ
3296 1832 3618 1901 πραγμάτων
3660 1834 3751 1895 τοὺς

557 1923 677 1988 Dei,
709 1921 826 1990 ejus
848 1920 1014 1975 etiam
1052 1918 1380 1974 desiderium
1429 1916 1773 1971 audientibus
1813 1915 2134 1985 ingeneran-

2241 1918 2557 1984 ἀκούοντας,
2589 1919 2669 1972 ὅτι
2705 1920 2820 1971 ἐστὶ
2856 1919 3103 1989 βασιλεία
3134 1922 3408 1993 οὐρανῶν,
3451 1923 3537 1976 καὶ
3579 1924 3647 1987 είς
3681 1923 3753 1993 τὴν

554 2011 707 2079 dum.
740 2007 1142 2064 Persuadentnr
1169 2015 1380 2074 autem,
1419 2006 1497 2072 si,
1525 2020 1645 2076 quae
1671 2018 1835 2075 regno
1869 2004 2131 2059 caelorum

2241 2009 2542 2080 ἐπιθυμίαν
2595 2010 2765 2080 αὐτῆς
2807 2011 3005 2083 τρέψαι
3053 2013 3180 2076 τοὺς
3232 2015 3618 2086 ἀκροωμένους.
3660 2014 3757 2066 Πεί-

548 2102 719 2171 digna
758 2109 905 2167 sunt,
940 2099 1019 2154 illi
1056 2099 1339 2153 docentem
1376 2110 1535 2168 agere
1564 2096 1873 2151 observent.
1910 2092 1966 2149 Si
2006 2107 2134 2148 vero

2244 2099 2426 2153 θονται
2465 2099 2523 2153 δὲ
2552 2101 2603 2153 οἱ
2649 2100 2959 2166 ἀκούοντες,
3008 2103 3135 2156 ὅταν
3169 2103 3447 2172 βασιλείας
3479 2104 3591 2167 ἄξια
3626 2104 3756 2171 πράτ-

560 2191 830 2261 supplicio
854 2192 1037 2260 digna,
1070 2198 1128 2243 ut
1153 2199 1204 2243 tu
1230 2189 1391 2252 soles,
1416 2187 1761 2242 committens
1788 2183 2133 2253 philosophe-

2240 2206 2403 2242 τοντα
2443 2190 2533 2242 τὸν
2577 2189 2894 2243 διδάσκαλον
2927 2190 3100 2244 ι’δωσι.
3155 2194 3220 2246 Ei
3258 2192 3316 2245 δὲ
3369 2193 3620 2254 κολάσεως
3665 2191 3757 2255 ἀξια

560 2294 681 2348 tur,
718 2282 846 2352 qui,
884 2296 1104 2351 quaeso,
1159 2280 1298 2348 apud
1343 2278 1617 2332 auditores
1660 2276 1818 2329 ﬁdem
1860 2274 2137 2329 inveniat?

2240 2280 2429 2351 ὥσπερ
2472 2281 2535 2333 σὺ
2563 2281 2819 2351 πράττων
2852 2282 2982 2353 περὶ
3009 2281 3287 2351 βασιλείας
3329 2281 3643 2352 φιλοσοφοίη,
3671 2278 3758 2337 πῶς

557 2376 703 2431 Idem
754 2376 898 2429 enim
949 2374 1101 2440 facit,
1138 2382 1299 2441 atque
1345 2370 1391 2425 si
1432 2370 1553 2439 quis
1604 2380 1717 2421 rem
1777 2367 2035 2420 adamare
2075 2380 2137 2419 se

2241 2371 2421 2423 πείσει
2466 2369 2593 2433 τοὺς
2624 2370 2897 2439 ἀκροατάς
2922 2387 2937 2435 ;
2970 2371 3179 2424 Ταυτὸν
3208 2370 3314 2441 γὰρ
3344 2373 3506 2438 ποιεῖ,
3536 2370 3603 2431 ὡς
3625 2368 3677 2421 ἀν
3700 2380 3760 2425 τις

557 2464 991 2521 auscultantibus
1036 2463 1381 2533 persuadeat,
1425 2475 1586 2529 quam
1631 2459 1685 2511 in
1715 2471 1897 2512 rerum
1928 2463 2121 2510 natura

2243 2461 2571 2531 πράγματος
2608 2462 2741 2530 ὲρᾷν
2770 2460 2947 2513 πείθοι
2974 2460 3102 2524 τοὺς
3137 2460 3464 2525 πεισθέντας
3490 2459 3607 2527 παρ’
3632 2450 3761 2508 αὖτοῦ

556 2574 664 2615 non
686 2572 810 2615 esse
840 2556 1087 2613 credant.

2244 2552 2534 2623 πρότερον,
2561 2552 2643 2607 ὅτι
2666 2551 2825 2605 τοῦτο
2851 2551 2950 2622 οὐχ
2980 2552 3306 2623 ὑφέστηκεν.

970 2666 1033 2722 V.
1069 2698 1135 2710 -—
1159 2662 1442 2720 DOMlTlO
1467 2660 1727 2719 COMlTl.

2608 2663 2686 2719 ιε’.
2718 2693 2787 2703 -
2821 2664 3129 2735 ΔΟΜΗΤΙῼ
3156 2665 3454 2719 ΚΟΜΗΤΙ.

1777 2773 2042 2844 Martyres
2078 2775 2348 2831 moriendo
2377 2776 2608 2831 vincunt.

626 2894 859 2952 Inferior
879 2898 985 2963 est,
1027 2904 1061 2945 ο
1092 2886 1515 2957 sapientissime,
1544 2898 1648 2939 non
1671 2882 1722 2939 in
1747 2883 1887 2939 bello
1916 2882 2137 2950 cadens,

2316 2878 2497 2939 ’Ἦττά
2542 2885 2710 2951 ἐστιν,
2745 2879 2791 2941 ὦ
2822 2883 3120 2954 σοφώτατε,
3151 2886 3213 2939 ού
3242 2886 3302 2941 τὸ
3353 2885 3590 2945 τεθνάναι
3622 2882 3671 2935 ὲν
3693 2897 3764 2932 τι»

562 2988 658 3043 sed
691 2989 878 3042 hostes
923 2984 1124 3053 timens
1152 2995 1215 3035 ac
1246 2980 1491 3051 clypeum
1531 2977 1763 3049 iaciens.
1807 2974 1978 3042 Quem
2008 2988 2140 3031 vero

2247 2976 2418 3048 λέμῳ,
2452 2977 2589 3033 ἀλλὰ
2624 2979 2685 3031 τὸ
2712 2979 2881 3033 δεῖσαι
2905 2979 3034 3042 τοὺς
3063 2979 3385 3050 πολεμίους,
3415 2979 3507 3033 καὶ
3534 2977 3668 3046 ῥίψαι
3692 2975 3768 3044 τὴν

558 3079 685 3133 forti
718 3078 903 3133 animo
934 3073 1289 3128 meditantem
1319 3082 1517 3139 corpus
1551 3067 1820 3131 destituit,
1849 3080 1972 3121 eum
2000 3065 2141 3120 inter

2246 3067 2451 3123 ἀσπίδα
2474 3081 2487 3098 ³
2533 3067 2592 3120 ὃν
2635 3067 2693 3121 δὲ
2724 3068 2951 3122 ἐπέλιπε
2978 3068 3040 3122 τὸ
3074 3070 3235 3139 σῶμα
3260 3071 3366 3142 τῆς
3395 3067 3653 3141 ἀριστείας
3675 3066 3768 3114 ἐπι·

559 3164 791 3219 victores
859 3159 1059 3213 ascribi
1125 3158 1212 3212 lex
1275 3165 1398 3224 est,
1471 3169 1595 3211 cum
1652 3163 1707 3210 et
1764 3168 1858 3208 eos
1909 3154 2140 3208 athletas

2185 3158 2525 3244 :Oopoivm
2573 3159 2631 3213 ὲν
2670 3163 2785 3223 τοῖς
2836 3160 3220 3231 τροπαιούχοις
3270 3153 3772 3244 ἀναγράφεσθαι,νό-

562 3254 860 3310 certamine
898 3253 1290 3307 occumbentes
1336 3249 1513 3321 magis
1552 3248 1849 3317 praedicent
1878 3247 2129 3303 ludorum

2185 3243 2192 3244 ί
2247 3265 2378 3319 μος·
2420 3250 2545 3301 ἐπεὶ
2583 3250 2679 3303 καὶ
2729 3249 2837 3303 τῶν
2883 3250 3131 3318 ἀθλητῶν
3180 3251 3307 3313 τοὺς
3355 3253 3413 3305 έν
3443 3251 3575 3318 αὐτῇ
3604 3243 3769 3299 ἀποθα-

561 3344 827 3415 praefecti,
865 3358 1025 3415 quam
1050 3343 1248 3413 quibus
1296 3342 1433 3398 nihil
1486 3341 1702 3411 accidit.
1734 3340 1864 3406 Quae.
1894 3354 2015 3394 cum
2059 3339 2135 3393 ita

2242 3338 2432 3402 νόντας
2480 3339 2646 3409 πάλῃ,
2676 3338 2788 3409 (27)
2826 3339 3029 3410 μᾶλλον
3066 3340 3301 3409 τιμῶσιν
3341 3342 3392 3393 οἱ
3446 3338 3568 3401 τοὺς
3598 3333 3772 3401 ἀγῶνας

564 3437 704 3502 sint,
746 3452 845 3492 cur
870 3446 1030 3505 putas
1056 3442 1321 3502 martyres
1349 3430 1626 3487 moriendo
1650 3430 1927 3500 superari,
1952 3438 2007 3484 et
2025 3443 2135 3484 non

2242 3428 2461 3492 τούτους
2486 3430 2758 3495 διαθέντες
2790 3431 2899 3484 τῶν
2935 3432 3012 3503 μὴ
3039 3430 3199 3487 τοῦτο
3222 3432 3530 3486 παθόντων.
3558 3431 3615 3483 Ei
3632 3425 3770 3479 τοίνυν

565 3528 743 3595 potius
771 3526 1043 3597 praconio
1073 3525 1263 3594 dignos
1297 3522 1522 3579 censes?
1570 3521 1736 3593 Hujus
1765 3521 1908 3575 enim
1936 3534 2136 3592 pugna!

2240 3519 2394 3573 ταῦθ’
2422 3520 2597 3585 οὕτως
2635 3521 2770 3593 ἔχει,
2811 3522 2880 3576 δι’
2909 3523 2976 3593 ἥν
3020 3524 3200 3578 αἰτίαν
3238 3524 3490 3595 νομίζεις
3518 3521 3633 3582 τοὺς
3658 3516 3770 3589 μάρ-

568 3617 689 3672 tlnis
729 3625 844 3685 cst,
890 3631 996 3674 non
1028 3625 1136 3671 tam
1176 3614 1342 3669 vitam
1389 3602 1609 3669 servare
1654 3626 1960 3683 corpusque
2001 3611 2141 3667 tueri

2238 3628 2414 3681 τυρας
2442 3612 2519 3683 τῷ
2542 3613 2794 3667 τεθνάναι
2845 3614 3108 3684 ἡττᾶσθαι
3141 3615 3278 3686 (28),
3307 3617 3411 3670 καὶ
3441 3616 3516 3687 μὴ
3546 3614 3625 3666 διὰ
3652 3608 3773 3663 τοῦτο

568 3702 794 3778 (cumet
820 3707 1011 3774 vivus,
1055 3707 1148 3776 qui
1199 3706 1426 3774 patitur,
1467 3702 1774 3773 occumbat)
1820 3716 1983 3771 quam
2028 3716 2135 3757 non

2245 3702 2445 3772 μᾶλλον
2494 3704 2927 3776 ἀνακηρύττεις;
2966 3706 3148 3769 ,Τέλος
3197 3706 3306 3778 γὰρ
3352 3708 3470 3760 ἐστι
3513 3704 3608 3772 τῆς
3636 3698 3775 3772 μάχης

570 3801 823 3871 amittere
850 3800 1064 3867 virtutis
1091 3801 1278 3858 decus.

2238 3792 2445 3864 ταύτης
2474 3794 2535 3847 ού
2583 3793 2641 3846 τὸ
2670 3794 2828 3864 σῶμα
2864 3794 2926 3865 (ὃ
2972 3794 3066 3849 κει)⁸
3099 3796 3290 3849 δοκοῦν
3328 3798 3435 3868 ζῇν
3473 3787 3774 3862 ένέκρωσαν)

1182 3885 1195 3904 ’
2246 3881 2384 3934 ἀλλά
2410 3880 2471 3933 τὸ
2497 3880 2573 3952 μὴ
2607 3880 2916 3952 διαφθεῖραι
2942 3881 3002 3941 τὸ
3028 3882 3128 3953 τῆς
3161 3883 3368 3955 ἀρετῆς
3401 3883 3575 3947 κλέος.

1070 4002 1254 4057 v1.——
1286 3997 1639 4054 ΡΑιιιΑοιο.
2042 4035 2052 4039 -
2563 3994 2655 4058 ς’.

2042 4035 2052 4039 -
2563 3994 2655 4058 ς’.
2694 4017 2767 4031 -
2803 3993 3146 4064 ΠΑΑΛΑΔΙῼ
3180 3994 3508 4066 ΔΙΑΚΟΝῼ.

1799 4111 1861 4166 In
1886 4113 2237 4181 episcopatum
2268 4109 2597 4162 ambientem.

638 4250 699 4350 Si
743 4264 933 4350 neque
978 4247 1301 4319 episcOpalis
1348 4248 1585 4317 dignitas
1612 4287 1628 4312 ,
1699 4262 1874 4318 neque
1917 4250 2135 4318 dignum
2174 4292 2223 4350 Β

2194 4292 2223 4350 )
2321 4240 2385 4293 Et
2414 4244 2538 4293 οὔτε
2567 4242 2667 4309 τῆς
2697 4244 3003 4313 ἐπισκοπῆς
3029 4244 3089 4297 τὸ
3124 4244 3383 4314 μέγεθος,
3415 4244 3542 4299 οὕτε
3574 4242 3628 4295 τὸ
3657 4235 3781 4311 μηδὲν

569 4340 699 4411 quid
743 4340 830 4395 illa
880 4355 911 4394 a
949 4349 1002 4396 te
1050 4340 1387 4405 confectum,
1419 4354 1484 4395 ac
1530 4355 1598 4396 ne
1646 4341 1939 4409 apostolica
1981 4339 2141 4410 555

2197 4326 2223 4349 ¹
2252 4328 2402 4395 ἄξιον
2453 4332 2626 4403 αὐτῆς
2686 4332 3149 4405 διαπράττεσθαι,
3213 4335 3341 4389 οὕτε
3410 4339 3445 4408 ἡ
3503 4326 3784 4392 ἀποστολικὴ

570 4411 791 4499 quidem
836 4443 941 4484 vox
975 4428 1216 4497 episcopi
1259 4428 1577 4484 describens
1620 4428 1854 4483 oﬂicium
1901 4448 1916 4484 :
1966 4444 2142 4498 neque

2250 4421 2465 4490 γλῶττα
2495 4425 2528 4493 ή
2566 4422 2658 4475 τὸν
2705 4424 3002 4478 ἐπίσκοπον
3026 4426 3213 4479 ὁποῖον
3252 4423 3403 4480 εἷναι
3456 4427 3563 4499 χρὴ
3605 4416 3782 4477 διαπλά·

574 4520 667 4575 Dei
711 4528 1083 4590 Incorruptum
1120 4520 1396 4585 tribunal,
1447 4535 1556 4590 quo
1608 4529 1755 4576 certa
1812 4520 2144 4588 deﬁnitaque

2252 4530 2425 4567 σασα·
2472 4512 2597 4566 οὔτε
2648 4514 2709 4566 τὸ
2759 4514 3060 4569 ἀδέκαστον
3104 4517 3468 4588 δικαστήριον
3513 4517 3572 4569 τὸ
3613 4516 3786 4579 ἀπαρα-

573 4612 777 4667 l'eretur
807 4610 1104 4676 sententia,
1128 4624 1229 4665 nec
1253 4610 1486 4680 denique
1520 4610 1665 4667 aliud
1691 4611 1821 4681 quid
1856 4610 1925 4665 ab
1961 4612 2061 4665 hac
2092 4619 2144 4664 te

2252 4602 2501 4672 λόγιστον
2539 4602 2638 4673 τὴν
2666 4603 2846 4674 ψῆφον
2880 4601 3048 4672 οἷσον,
3075 4605 3199 4659 οὔτε
3237 4606 3373 4660 ἄλλο
3402 4606 3558 4659 οὐδὲν
3596 4602 3684 4672 τῆς
3714 4612 3787 4667 μί’

573 4701 810 4756 amentia
847 4709 1099 4765 revocat;
1154 4699 1281 4770 quid
1319 4701 1499 4769 inepto
1552 4710 1608 4756 et
1651 4715 1681 4755 a
1740 4700 1952 4754 ratione
1996 4698 2142 4754 omni

2253 4694 2373 4757 νίας
2433 4711 2493 4746 σε
2547 4694 2751 4766 ταύτης
2808 4696 3086 4769 ἀπείργει,
3137 4699 3206 4752 δι’
3238 4694 3308 4768 ἧς
3361 4698 3478 4751 ὑπὸ
3527 4691 3789 4766 παραλόγσυ

573 4790 901 4845 abhorrente
953 4789 1223 4844 desiderio
1288 4788 1604 4860 dignitatem
1674 4797 2035 4843 mercatorum
2095 4797 2145 4844 te

2256 4785 2417 4838 ἐπιθυ
2428 4784 2555 4854 μίας
2576 4786 2966 4856 έκδακχευθεὶς
2993 4790 3093 4861 τὴν
3119 4790 3275 4856 ἀξίαν
3300 4788 3639 4861 ὲξαγοράσαι
3666 4792 3790 4849 πρ⁰⁶⁸

574 4879 799 4948 speras?
821 4877 1027 4933 Saltem
1053 4877 1261 4932 externi
1285 4892 1381 4932 seu
1407 4878 1602 4948 pagani
1634 4878 1872 4933 hominis
1894 4877 2145 4947 exemplo

2252 4877 2438 4948 δοκᾷς,
2477 4876 2581 4931 κᾶν
2622 4878 2726 4931 ὑπὸ
2759 4880 2867 4932 τῶν
2894 4880 3094 4945 ἔξωθεν
3136 4882 3532 4952 δυσωπήθητι.
3571 4876 3696 4931 Φασὶ
3717 4868 3794 4935 γάρ

576 4971 780 5037 pudore
808 4968 1159 5025 suﬂundaris.
1206 4968 1413 5025 Ferunt
1434 4970 1577 5024 enim
1618 4962 2143 5037 Pittacum‘acccpta

2254 4969 2330 5033 ὠς
2373 4968 2644 5032 Πιττακὸς
2690 4968 2873 5025 λαϐὼν
2904 4970 3003 5043 τὴν
3028 4972 3203 5043 ἀρχὴν
3233 4972 3398 5045 παρά
3433 4960 3792 5037 Μιτυληναίων

1682 5140 1917 5197 νΑιιιΑη]
1958 5140 2337 5197 LECTIONES
2375 5141 2465 5196 ET
2494 5141 2726 5199 NOTAE.

649 5330 761 5418 (26)
796 5330 930 5384 Οὐδὲ
962 5329 1071 5410 γὰρ
1116 5329 1292 5411 πάντα
1335 5323 1508 5381 οἷόντε
1545 5321 1831 5411 συνελθεῖν.
1866 5320 2148 5405 Homerica

649 5420 768 5464 ωμη
819 5409 902 5453 est
947 5399 1067 5451 llbl‘.
1114 5414 1163 5451 IV
1216 5397 1405 5461 Il:ad.,
1455 5410 1597 5450 vers.
1632 5394 1849 5464 030,4et
1895 5395 1988 5447 ιιι).
2027 5408 2147 5460 xm,

2338 5323 2418 5376 ’ΞΤ
2477 5324 2617 5379 Ante
2647 5323 2793 5397 πάλῃ
2832 5323 2971 5379 idem
3002 5306 3122 5379 cod.
3156 5321 3378 5393 supplet
3486 5361 3502 5375 .
3786 5390 3790 5394 _

2327 5326 2442 5464 issi
2492 5393 2802 5447 Ἠττᾶσθαι.
2834 5392 3041 5464 Scribit
3059 5393 3229 5464 ’ἰάσιηᾴ
3258 5323 3575 5461 ἡττῆῗθαι,
3605 5392 3673 5464 _et
3698 5392 3790 5464 νειξέ

649 5337 761 5418 ςὶϋ)
796 5337 930 5384 Οὐδὲ
962 5337 1071 5410 γὰρ
1116 5337 1292 5411 πάντα
1335 5337 1508 5381 οίόντε
1545 5337 1831 5411 συνελυειν.
1866 5337 2148 5405 Homerica
2351 5337 2415 5376 τι
2477 5337 2793 5411 θηιοηπαλῃ
2833 5337 2971 5405 idem
3001 5337 3122 5405 cog.
3156 5337 3405 5403 supplet_
3486 5361 3502 5375 .
3786 5390 3791 5394 _

578 5416 768 5471 γνωμη
819 5409 902 5453 εει
947 5399 1067 5451 Ιιιιτ.
1114 5414 1163 5451 ιν
1216 5397 1405 5461 ΙΙιαά..
1455 5410 1597 5450 vers.
1632 5394 1759 5454 .130,
1796 5403 1849 5446 et
1895 5395 1988 5447 ιιι).
2027 5408 2147 5460 xm,
2327 5337 2442 5464 228$
2510 5394 2802 5447 Ηττασθαι.
2841 5392 3041 5447 Scribit
3077 5393 3215 5447 idem
3258 5337 3575 5461 ἡττηῗθαι,
3605 5392 3807 5468 ,θιγετξο

587 5485 727 5525 vers.
762 5470 883 5530 729,
914 5478 967 5521 et
999 5468 1244 5535 Odyssea:
1275 5470 1365 5522 lib.
1395 5481 1510 5530 vnn,
1540 5478 1684 5519 vers.
1726 5462 1824 5515 167
1857 5482 1869 5516 :
2240 5473 2438 5535 ‘antep.
2477 5477 2563 5533 ep.
2618 5464 2763 5518 inter
2798 5462 2860 5515 τὸ
2915 5472 2971 5519 et
3017 5460 3178 5531 σῶμα
3217 5459 3517 5516 interserit
3564 5469 3722 5511 σωσαι
3756 5463 3812 5495 τι·

661 5579 853 5641 Οὕτως
893 5581 964 5629 οὺ
990 5581 1282 5631 πάντεσσι
1322 5578 1437 5630 θεοὶ
1470 5576 1747 5645 χαρίεντα
1778 5572 2049 5645 διδοῦσιν
2262 5531 2468 5587 P055“-

668 5646 1000 5710 ‘Arapdmr.
1470 5641 1501 5645 ’⁷
1544 5641 1554 5643 ἡ
1777 5641 2012 5694 διιιυττ.

840 5894 867 5945 ὶ
