4020 6140
338 296 474 363 1329

1286 302 1819 367 EPISTULARUM
1858 308 2003 369 LIB.
2044 310 2112 370 V.
2159 310 2462 369 -ΕΡΙδΤ,
2507 313 2579 370 Χ.

3447 317 3466 379 1
3480 322 3584 381 330

332 413 635 484 νενικηκὼς
661 411 871 495 Φρύονα
901 412 1015 483 (29)
1049 417 1353 486 μονομαχίᾳ
1382 419 1474 470 τὸν
1507 420 1741 491 ἄρχοντα
1783 422 1890 491 Ῥη·

2012 438 2040 476 a
2081 422 2399 493 Mitylenaeis
2440 420 2743 490 imperandi
2778 430 3074 489 potestate,
3126 438 3247 478 cum
3274 423 3579 495 Phryonem

327 522 475 573 γιου,
509 491 761 559 ἀπεδίδου
798 504 898 574 τὴν
942 506 1115 575 ἀρχήν
1141 523 1155 536 ο
1191 508 1301 561 τῶν
1349 510 1406 561 δὲ
1452 510 1526 581 μὴ
1563 511 1901 583 βουλομένων

330 595 702 662 κομίσασθαι,
750 595 1037 660 ἐϐιάσατο,
1108 597 1182 668 μὴ
1245 598 1567 670 βουλόμενος
1619 602 1899 672 τύραννος,

327 683 441 737 ἀλλ’
476 683 692 754 ἰδιώτης
717 681 874 739 εἶναι.
901 686 964 737 Εἰ
993 686 1172 741 τοίνυν
1201 691 1230 740 6
1255 689 1520 754 κινδύνοις
1547 692 1769 756 οἰκείοις
1807 694 1902 747 καὶ

329 775 524 844 αἵματι
581 777 927 845 κτησάμενος
973 778 1073 847 τὴν
1131 780 1307 852 ἀρχὴν
1356 781 1497 835 ἑκὼν
1546 783 1780 838 ἀπέθετο
1809 784 1902 839 τὸν

331 867 574 919 κίνδυνον
612 866 1033 936 ἀναδεξάμενος,
1063 869 1161 940 τὴν
1191 870 1249 924 δὲ
1276 873 1570 942 τυραννίδα
1604 875 1899 929 ἀποσεισά-

334 974 514 1026 μενος,
545 958 639 1011 καὶ
673 958 845 1012 ταῦτα
884 960 1272 1033 ἀλογοθέτητον
1300 959 1487 1017 οὖσαν·
1524 964 1589 1017 σὺ
1619 965 1649 1015 6
1677 965 1810 1035 μηδὲ
1839 967 1898 1020 ἐν

332 1049 595 1119 ὑπηκόοις
628 1050 828 1114 τελεῖν,
852 1050 927 1113 ὣς
959 1068 1113 1119 φασι,
1151 1052 1360 1118 δίκαιος
1387 1054 1485 1120 ὣν,
1521 1056 1697 1126 ἀρχὴν
1735 1056 1901 1109 ὑπεύ-

332 1142 486 1195 θυνον
516 1144 611 1195 καὶ
644 1144 867 1213 μυρίαις
895 1144 1233 1213 λογοθεσίαις
1256 1148 1624 1219 ὑποκειμένην
1656 1151 1751 1205 καὶ
1778 1152 1899 1220 μεί-

332 1230 460 1293 ζονα
508 1232 688 1300 πάσης
738 1232 1087 1306 ἀνθρωπίνης
1125 1236 1302 1300 ἀξίας,
1349 1238 1415 1307 ἢν
1464 1239 1585 1291 οὐδὲ
1615 1240 1898 1311 διδομένην

329 1322 583 1386 δέξασθαι
618 1322 869 1389 ὣφειλες,
909 1325 1177 1395 ἀγοράσαι
1212 1328 1593 1397 ὀνειροπολῶν,
1642 1331 1703 1382 ού
1737 1331 1898 1400 μόνον

328 1413 389 1464 οὐ
429 1412 685 1483 καταδύῃ,
712 1414 846 1467 ἀλλὰ
875 1415 968 1467 καὶ
1000 1417 1292 1490 ὲναὸρύνῃ.
1318 1420 1428 1473 Καὶ
1451 1420 1534 1483 τίς
1563 1438 1623 1474 σε
1653 1421 1752 1492 τῆς
1775 1439 1899 1475 τοσ-

328 1507 496 1575 αύτης
524 1504 729 1575 τόλμης
763 1505 1032 1576 γράψεται
1054 1524 1070 1573 ;

594 1786 696 1847 ”Ζ’.
738 1796 1081 1868 ΠΑΛΛΑΔῘῼ
1113 1799 1573 1873 ΥΠΟΔΙΑΚΟΝῼ.

2008 512 2400 581 ιὶιιοείεηςίῠιιε
2447 510 2760 579 praefectum
2816 509 3079 577 singulari
3114 512 3226 579 jam
3282 520 3580 574 certamine

2006 608 2241 673 vicisset,
2270 607 2591 675 magistratu
2634 617 2694 658 se
2738 602 3042 657 abdicasse.
3088 602 3146 657 Id
3191 603 3390 661 factum
3452 627 3574 665 cum

2004 696 2291 767 Mitylenaei
2337 702 2684 760 recusarent,
2730 692 2780 746 vi
2820 707 2913 747 eos
2940 690 3241 762 compulit:
3278 698 3421 762 quod
3462 702 3576 762 pri-

2002 798 2161 843 vatus
2187 788 2385 857 degere
2409 801 2572 856 quam
2595 786 2863 859 imperare
2898 782 3103 839 mallet.
3132 782 3362 852 Proprio
3397 784 3579 849 itaque
3664 860 3673 869 .

2002 880 2255 951 periculo
2304 887 2359 934 et
2410 876 2675 946 sanguine
2731 874 3018 943 imperium
3085 873 3313 943 adeptus
3384 881 3576 939 sponte

2002 968 2267 1038 deposuit,
2324 981 2424 1037 pro
2468 980 2579 1035 quo
2627 963 2958 1035 acquirendo
3008 961 3309 1031 periculum
3341 960 3574 1025 adierat,

2000 1061 2361 1132 principatum
2428 1056 2699 1127 deposuit,
2759 1056 2861 1111 etsi
2927 1054 3231 1109 rationibus
3286 1052 3577 1107 reddendis

2001 1150 2224 1205 minime
2261 1147 2573 1204 obnoxium.
2622 1145 2702 1200 Tu
2748 1160 2914 1208 vero,
2961 1144 3053 1212 qui
3088 1158 3264 1212 neque
3296 1143 3495 1212 dignus
3515 1155 3575 1195 es

2000 1240 2084 1294 vel
2143 1240 2282 1293 inter
2334 1236 2577 1293 subditos
2626 1235 2947 1298 numerari,
2999 1235 3378 1299 magistratum
3425 1233 3575 1287 mille

2001 1328 2298 1384 rationibus
2322 1325 2611 1382 reddendis
2632 1325 2927 1379 obnoxium
2963 1331 3017 1378 et
3056 1338 3221 1392 supra
3252 1323 3570 1391 dignitatem

1999 1433 2214 1473 omnem
2246 1418 2534 1472 humanam
2559 1456 2576 1484 ,
2616 1430 2775 1484 quem
2812 1428 2988 1483 neque
3029 1422 3221 1481 sponte
3252 1427 3571 1468 concessum

1999 1507 2277 1576 suscipere
2307 1506 2569 1571 debebas,
2602 1520 2720 1559 eum
2751 1504 3013 1560 continuo
3037 1503 3315 1557 somnians
3341 1503 3571 1557 mercari

1926 1628 1929 1633 ν
2000 1614 2107 1653 non
2148 1599 2309 1652 modo
2354 1610 2462 1650 non
2491 1595 2789 1659 erubescis,
2833 1596 3004 1650 sedet
3033 1593 3330 1649 extolleris.
3374 1594 3571 1665 Ecquis

2001 1688 2164 1759 igitur
2186 1688 2330 1741 hanc
2362 1693 2509 1741 tuam
2544 1686 2682 1741 satis
2711 1692 2930 1740 accuset
2955 1683 3283 1738 audaciam?

2224 1792 2336 1850 VII.
2367 1824 2438 1835 —
2465 1790 2813 1849 PALLADIO
2870 1793 3324 1851 SUBDIACONO.

781 1906 860 1960 De
891 1908 1160 1981 ἐπιεικείᾳ
1200 1927 1290 1965 seu
1321 1928 1467 1982 aequo
1494 1925 1543 1968 et
1584 1913 1736 1967 bona.
1772 1911 1890 1966 Vide

1994 1910 2158 1962 ristot.
2186 1908 2278 1963 lib.
2313 1923 2369 1971 ν,
2397 1907 2575 1962 Elltic.
2609 1904 2925 1963 Nicomach.
2958 1925 3005 1963 ε.
3037 1907 3126 1962 10.

402 2013 465 2070 '0
521 2016 771 2086 ἐπιεικὴς
826 2018 1342 2092 φιλανθρωποτέραν
1404 2024 1615 2087 δίκαιος
1672 2024 1739 2078 ἂν
1798 2022 1886 2095 εἴη

325 2105 465 2175 ἔχειν
490 2107 587 2177 τὴν
622 2106 844 2178 γνώμην
871 2109 966 2162 τοῦ
1011 2110 1130 2163 λίαν
1168 2112 1402 2175 δικαίου,
1462 2115 1558 2169 καὶ
1601 2115 1885 2187 ἀκριϐοῦς.

324 2196 527 2265 Πρέπει
567 2198 674 2267 γὰρ
700 2197 849 2269 αύτῷ
881 2199 1082 2268 μᾶλλον
1107 2200 1202 2254 τοῦ
1231 2201 1444 2256 δικαίου
1473 2204 1773 2275 κεχρῆσθαι
1817 2207 1886 2276 τῇ

323 2286 721 2359 φιλανθρωπίᾳ.

612 2399 699 2453 H'.
733 2429 804 2441 --
837 2401 1091 2472 ΔΛΦΙΝῼ
1123 2403 1585 2476 ΥΠΟΔῘΔΚΟΝῼ.

2068 2019 2176 2075 Par
2204 2028 2289 2075 est
2309 2022 2616 2076 modestum
2651 2021 2950 2090 mitemque
2973 2021 3245 2076 hominem
3266 2020 3571 2075 humaniori

1995 2112 2334 2182 eiviliorique
2370 2127 2494 2167 esse
2525 2113 2742 2178 animo,
2784 2113 3133 2182 moribusque
3185 2127 3353 2182 quam
3398 2113 3569 2176 lllum,

1996 2205 2085 2271 qui
2110 2204 2235 2271 justi
2268 2214 2425 2258 tenax
2454 2203 2767 2273 rigidusque
2795 2202 2887 2258 sit.
2915 2203 3078 2259 Decet
3097 2204 3239 2277 enim
3263 2202 3409 2256 illum
3426 2202 3572 2272 justo

1998 2294 2273 2371 magisttti
2329 2308 2491 2363 quam
2542 2294 2900 2349 humanitate.

2066 2406 2202 2466 Vill.
2235 2442 2304 2453 —
2335 2412 2631 2468 ALPllINO
2666 2412 2738 2485 (Ρ.
2770 2416 2979 2481 Αιιηιιο)
3021 2412 3481 2469 SUBDIACONO.

785 2500 789 2504 ”
839 2510 1067 2567 Pra'slat
1105 2530 1206 2568 non
1231 2514 1461 2570 incidere
1491 2518 1544 2569 in
1571 2526 1880 2586 peccatum;
1918 2528 2031 2585 aut,
2063 2519 2111 2573 si
2154 2521 2375 2588 incidat,
2403 2539 2562 2590 quam
2599 2524 2848 2579 citissime
2880 2526 3042 2582 exire.

390 2620 641 2687 ’Ἄμεινον
668 2620 763 2687 μὲν
796 2619 869 2690 μὴ
910 2620 1112 2674 ἁλῶναι
1140 2624 1233 2675 ἐπὶ
1264 2626 1431 2695 κακία
1454 2644 1466 2655 ·
1516 2627 1715 2682 ἁλόντα
1735 2629 1793 2681 δὲ
1818 2630 1881 2682 τὸ

2061 2628 2287 2685 Praestat
2329 2645 2433 2686 non
2474 2633 2594 2700 capi
2635 2632 3027 2701 improbitate;
3067 2646 3283 2706 captum
3337 2654 3467 2695 vero
3511 2655 3570 2696 se

316 2708 511 2763 εἰδέναι
541 2708 620 2761 ὅτι
649 2710 781 2779 ἥλω,
822 2710 915 2762 καὶ
946 2712 1155 2780 ταχέως
1193 2714 1381 2784 ὥσπερ
1422 2715 1486 2768 ἐκ
1530 2734 1674 2781 τινος
1711 2719 1881 2791 μέθης

1994 2718 2131 2773 scire
2172 2731 2391 2789 captum
2436 2736 2598 2784 esse,
2648 2723 2940 2792 statimque
2988 2724 3136 2779 velut
3171 2740 3202 2780 e
3251 2730 3567 2785 tcmulentia

315 2800 647 2867 ἀνενεγκεῖν.
694 2799 751 2852 ’0
799 2800 907 2871 γὰρ
959 2803 1124 2868 ἁλοὺς
1159 2803 1280 2874 μὲν,
1328 2806 1627 2861 ἑαλωκέναι
1670 2809 1728 2862 δὲ
1781 2812 1895 2865 οὐκΔ

313 2890 578 2959 οἰόμενος,
609 2891 887 2962 ἀνήκεστα
922 2896 1088 2947 νοσεῖ.

580 3002 657 3058 θ’.
695 3033 763 3044 -
791 3003 1110 3076 Attthth
1149 3007 1607 3081 ΣΧΟΛΑΣΤΙΚῼ.

1992 2810 2225 2875 quadam
2258 2825 2559 2879 emergere.
2603 2812 2805 2878 Captus
2843 2829 2973 2868 vero
3001 2829 3109 2871 non
3140 2815 3374 2887 eﬂ‘ugere
3403 2824 3568 2876 suSti-

1994 2911 2129 2952 nens
2146 2936 2163 2958 ,
2205 2898 2394 2953 morbo
2425 2899 2635 2954 laborat
2658 2902 2962 2957 incurabili.

2231 3022 2321 3077 IX.
2353 3054 2425 3064 -
2462 3022 2775 3082 ΑΜΜΟΝΙΟ
2818 3026 3315 3086 SCllOLASTlCO.

771 3113 849 3169 De
877 3124 1018 3169 recta
1057 3116 1338 3173 liberorum
1368 3119 1734 3185 institutione;
1767 3122 1833 3178 de
1867 3140 1974 3197 qua
2002 3139 2051 3184 et
2083 3131 2179 3201 inf.
2214 3134 2367 3201 epist.
2396 3124 2499 3188 517
2527 3144 2577 3188 et
2609 3135 2713 3190 506
2732 3139 2939 3206 gemina
2962 3139 3106 3194 huic.

383 3229 446 3281 Οί
490 3229 603 3291 τοῖς
635 3228 847 3282 ἑαυτῶν
877 3232 1067 3283 παισὶν
1095 3229 1175 3282 ἔτι
1209 3232 1428 3302 νηπίοις
1470 3230 1620 3288 οὖσιν
1651 3237 1882 3307 ἔγκατα-

2056 3246 2155 3313 Qui
2180 3249 2292 3304 suis
2313 3250 2489 3305 adhuc
2514 3254 2712 3307 teneris
2740 3253 2925 3308 liberis
2952 3255 3275 3312 documenta
3296 3260 3563 3327 inserunt,

317 3318 629 3387 σπείροντες
651 3319 868 3387 πρῶτον
900 3319 997 3388 μὲν
1027 3321 1117 3371 τὸν
1144 3320 1271 3391 περὶ
1300 3322 1398 3391 τῆς
1426 3323 1576 3387 θείας
1614 3327 1889 3401 ὑπεροχῆς

314 3425 376 3460 τε
407 3409 499 3462 καὶ
527 3409 782 3478 προνοίας
807 3408 966 3477 λόγον
988 3425 1002 3439 ⁸
1034 3409 1288 3482 δεύτερον
1316 3412 1370 3464 δὲ
1401 3414 1495 3467 τὸν
1528 3418 1655 3486 περῖ¹
1685 3420 1885 3493 ἀρετῆς

314 3499 537 3567 τρόπον,
565 3492 712 3552 οὗτοι
744 3500 805 3553 ού
846 3500 1003 3570 μόνον
1041 3503 1239 3568 γονεῖς,
1273 3502 1410 3556 ἀλλά
1448 3507 1541 3559 καὶ
1575 3507 1882 3566 διδάσκαλοι

315 3587 524 3658 ἄριστοι
570 3592 927 3661 τυγχάνοντες
975 3592 1258 3656 τεύξονται
1316 3593 1476 3649 θείων
1510 3598 1774 3667 ἀμοισῶν.
1819 3605 1883 3658 Οί

313 3677 370 3730 δὲ
400 3678 721 3733 πολυθεσίαν
753 3681 864 3749 (50)
893 3681 988 3732 καὶ
1041 3682 1242 3735 κακίαν
1273 3682 1441 3755 αὐτῆς
1471 3686 1584 3757 (3|)
1636 3706 1882 3759 καταφυ-

314 3764 627 3829 τεύσαντες,
669 3765 763 3819 ἆτε
817 3767 1081 3831 θύσαντες
1124 3769 1302 3823 αὐτῶν
1334 3771 1402 3825 τά
1435 3773 1600 3829 τέκνα
1629 3780 1740 3842 τοῖς
1766 3779 1883 3833 δαί-

318 3874 494 3930 μοσ.ν,
519 3858 645 3925 ἄξια
673 3857 990 3929 κομιοῦνται
1014 3859 1082 3912 τὰ
1111 3860 1386 3931 ἐπίχειρα.

839 3949 875 4001 ιν
901 3979 972 3988 -
997 3949 1358 4023 ΣΥΜΜΛΧῼ.

1996 3336 2228 3413 primum
2256 3340 2471 3407 quidem
2507 3342 2573 3396 de
2613 3341 2709 3396 Dei
2746 3346 3057 3412 praestantia
3083 3357 3247 3416 atque
3275 3352 3564 3418 providen-

1994 3425 2069 3479 tia
2097 3442 2112 3491 ;
2162 3429 2357 3484 dehinc
2385 3431 2642 3486 virtutem
2675 3449 2962 3504 moresque
2990 3440 3186 3507 probos
3222 3443 3564 3511 prazcipiunt,

1993 3516 2047 3570 bi
2100 3534 2202 3572 non
2244 3523 2403 3577 modo
2452 3534 2744 3593 parentes,
2802 3528 2895 3583 sed
2947 3538 3002 3583 et
3047 3532 3237 3599 optimi
3296 3534 3567 3591 exsistunt

1991 3609 2258 3677 magistri,
2307 3622 2362 3667 et
2397 3628 2427 3667 a
2459 3615 2567 3669 Deo
2597 3617 2903 3673 mercedem
2943 3619 3235 3689 accipient.
3290 3621 3391 3689 Qui
3439 3639 3567 3678 vero

1990 3698 2214 3753 deorum
2240 3702 2633 3760 multitudinem
2653 3707 3164 3781 itnprobitatemque
3189 3712 3325 3767 illius
3348 3714 3564 3777 docent,

1990 3790 2141 3856 quasi
2198 3792 2474 3849 daemoniis
2525 3810 2620 3850 eos
2668 3795 2988 3865 offerentes,
3051 3801 3260 3857 debitas
3302 3803 3568 3872 accipient

1989 3891 2201 3945 poenas.

2477 3971 2542 4027 X.
2574 4003 2645 4014 —
2677 3973 3077 4033 SYMMACHO.

1454 4110 1457 4113 .
1495 4068 1568 4123 De
1598 4068 1826 4127 hominis
1867 4078 2131 4137 interioris
2165 4101 2359 4154 pugna.

396 4173 485 4226 Ἐν
524 4174 639 4235 τοῖς
684 4173 966 4241 ἐμφυλίοις
1015 4176 1297 4246 πολέμοις,
1326 4180 1376 4229 εἰ
1404 4180 1498 4230 καὶ
1536 4182 1585 4232 oi
1619 4185 1882 4251 νικῶντες

308 4265 420 4319 τῶν
450 4264 777 4334 ἡττωμένων
807 4266 945 4317 εἰσὶν
972 4266 1310 4338 ἀθλιώτεροι·
1334 4268 1498 4323 πλέον
1524 4272 1631 4341 γὰρ
1656 4273 1880 4328 ἐκείνων

311 4356 692 4427 αἰσχύνονται,
741 4357 958 4426 ὅσῳπερ
991 4356 1055 4409 ἂν
1091 4357 1261 4410 πλείω
1292 4376 1341 4410 τι
1374 4359 1482 4412 τῶν
1513 4362 1685 4416 ἄλλων
1716 4365 1880 4435 ἐργά-

314 4462 536 4505 σωνται*
564 4445 680 4499 ἀλλ’
707 4441 799 4498 οὖν
831 4463 895 4513 γε
913 4446 1393 4516 διαλλαγησόμενοι
1424 4449 1732 4506 διοίσονται.
1790 4454 1879 4508 Ἐν

310 4539 367 4592 δὲ
415 4540 547 4608 ἡμῖν
607 4536 739 4592 ἔνθα
786 4540 815 4590 6
882 4539 1115 4608 πόλεμος
1157 4540 1570 4612 ἀργαλεώτερός
1622 4547 1737 4598 ἐστι
1784 4548 1878 4601 τοῦ
1910 4521 1958 4580 D

310 4630 575 4699 ἐμφυλίου
597 4632 637 4661 ”
660 4629 910 4699 σώματος
955 4631 1063 4700 γὰρ
1096 4632 1214 4694 ἑνός
1256 4633 1403 4685 ἐστιν
1445 4632 1679 4705 ἅμιλλαι·
1709 4639 1784 4702 ὡς
1817 4642 1876 4694 οὐ

308 4717 790 4787 διαλλαγησόμενοι
844 4718 1210 4787 διαφέρονται.
1256 4719 1395 4771 ’Λλλ’
1425 4723 1633 4785 ἐκεῖνος
1682 4726 1881 4793 ἐγκαλ-

309 4807 638 4871 λωπίζεσθαι
685 4809 833 4861 δοκεῖ
879 4810 907 4860 6
951 4807 1113 4860 πλέον
1158 4808 1266 4860 τῶν
1311 4807 1485 4864 ἄλλων
1528 4814 1749 4882 δράσας,
1787 4817 1882 4870 καὶ

310 4895 570 4965 ὲρυθριᾷν
601 4897 851 4980 όφείλων.
883 4899 1009 4961 Τοῖς
1034 4899 1142 4970 γὰρ
1177 4898 1376 4970 δρῶσιν
1412 4902 1446 4971 ἢ
1494 4905 1606 4968 τοῖς
1639 4904 1883 4977 πάσχου-

311 4999 394 5037 σιν
422 4985 455 5056 ἠ
485 4988 720 5058 τιμωρία
746 4989 1056 5045 ἀπόκειται.

2060 4198 2320 4256 Civilibus
2356 4204 2406 4256 in
2449 4203 2603 4258 bellis
2639 4205 2741 4260 etsi
2773 4205 3009 4259 victores
3064 4206 3375 4264 miseriores
3399 4224 3564 4279 quam

1988 4290 2115 4343 victi
2165 4293 2430 4346 exsistant
2465 4310 2479 4347 :
2518 4293 2636 4362 plus
2679 4294 2823 4349 enim
2857 4296 2959 4350 illis
3006 4290 3169 4367 556
3216 4298 3564 4365 erubescunt,

1988 4396 2095 4450 quo
2132 4381 2248 4448 plus
2271 4398 2428 4450 quam
2455 4384 2528 4438 illi
2552 4385 2904 4454 laborarunt;
2938 4384 3009 4441 at
3051 4399 3199 4443 certe
3229 4391 3564 4446 reconciliati

1986 4473 2159 4527 adhuc
2192 4474 2463 4528 differunt.
2500 4473 2555 4527 lu
2584 4476 2735 4531 nobis
2752 4492 2881 4531 vero
2914 4479 3038 4532 hinc
3060 4478 3257 4533 bellum
3287 4482 3566 4537 molestius

1988 4566 2204 4629 accidit,
2235 4581 2395 4633 quam
2436 4567 2775 4621 intestinum.
2832 4570 2905 4623 De
2956 4586 3063 4623 uno
3112 4572 3256 4624 enim
3300 4572 3565 4625 duntaxat

1992 4671 2220 4724 corpore
2248 4666 2523 4711 certamen
2547 4666 2649 4722 est,
2682 4666 2867 4712 utnon
2892 4661 3222 4715 reconciliati
3250 4661 3519 4715 dissident
3544 4680 3558 4715 :

1987 4746 2083 4801 sed
2132 4746 2221 4801 ille
2270 4746 2486 4815 placere
2532 4746 2636 4802 sibi
2688 4750 2919 4814 videtur,
2971 4752 3061 4818 qui
3124 4752 3357 4821 amplius
3398 4768 3561 4821 quam

1988 4839 2166 4892 caeteri
2192 4840 2462 4907 praestitit,
2500 4854 2622 4894 cum
2646 4842 2964 4894 erubescere
2982 4842 3224 4895 deberet.
3252 4843 3560 4898 Patrantetn

1993 4930 2134 4985 enim
2161 4940 2212 4984 et
2242 4946 2346 4984 non
2385 4931 2774 5000 perpetieutcm
2809 4943 2989 4985 manet
3009 4932 3352 5002 supplicium.

1437 5146 1668 5203 VARUE
1709 5148 2087 5205 LECTIONES
2128 5149 2213 5202 ET
2248 5148 2477 5204 NOTAE.

379 5294 491 5362 (9.9)
534 5295 785 5361 Φρύονα.
816 5297 1077 5364 Diogenes
1098 5298 1344 5354 Laertius
1377 5300 1464 5353 lib.
1500 5318 1536 5360 ι,
1565 5302 1616 5354 iu
1644 5303 1873 5365 Pittace,

2055 5304 2165 5378 (5_(_l)
2204 5302 2659 5378 ΡΓοΛπολυμθεᾳσίαν
2696 5313 3018 5378 tentaveram
3055 5308 3411 5377 πολυφασίαν,
3443 5328 3560 5378 quas

308 5365 603 5435 I’Itryonent
632 5370 1329 5444 vocat,eLAthenicnsibus
1355 5387 1456 5444 nun
1488 5370 1876 5444 lihegieusibus
1982 5365 2069 5427 est
2100 5365 2363 5442 llesycltiu
2393 5372 2702 5439 πολυλογία,
2746 5374 3059 5442 loquacitas,
3098 5365 3371 5433 Plaiunica
3402 5365 3515 5433 'vox

309 5439 617 5501 praefectum
649 5435 745 5486 ait.
786 5438 829 5487 A
865 5436 1069 5489 Pittace
1098 5448 1275 5489 autem
1310 5439 1503 5491 molam
1534 5435 1875 5493 constitutam

316 5505 484 5555 disces
519 5505 611 5556 lib.
637 5520 662 5579 _t
695 5504 1092 5579 lsidori,__epist._
1138 5506 1259 5579 170.
1304 5506 1447 5579 l_ul‘_ra
1483 5510 1568 5561 hic
1606 5509 1880 5579 ὲναϐρόνω

311 5588 415 5651 non
459 5582 514 5624 ιιι
545 5574 802 5651 scriptum
848 5575 1154 5651 a_librario_,
1192 5576 1498 5651 ἀναϐρύνω,
1538 5579 1634 5651 leg.
1670 5574 1876 5636 censui.

314 5642 552 5698 Scurrrr.
582 5670 652 5681 —-
683 5642 811 5696 Cod.
856 5644 973 5699 Vat.
1005 5654 1057 5699 et
1082 5647 1185 5699 Alt.
1216 5642 1490 5714 Φρύνωνά.

1984 5459 2123 5496 nunc
2173 5459 2276 5495 ttna
2312 5444 2573 5495 duntaxat
2602 5460 2665 5496 cx
2693 5444 2814 5496 trita
2849 5443 3049 5509 littera,
3094 5446 3402 5505 πολυθεΐαν.
3445 5443 3558 5503 deo?

1984 5528 2095 5563 rum
2124 5512 2536 5574 multitudinem,
2582 5510 2715 5579 lego.
2752 5512 2991 5568 Scuorr.

2056 5580 2164 5648 (51)
2204 5580 2305 5633 Pro
2340 5580 2508 5649 αςῦτῆς
2540 5586 2696 5639 ambo
2726 5583 2879 5638 codd.
2936 5580 3055 5637 Vat.
3086 5585 3190 5639 650
3230 5594 3282 5643 cl
3312 5589 3414 5649 Alt.
3462 5592 3557 5644 lut-

1987 5650 2112 5703 bent
2138 5650 2332 5712 αὐτοῖς.
2367 5648 2581 5704 Possm.
