4020 6140
415 199 541 264 1331

653 308 742 362 XI.
776 338 839 347 -—-
876 307 1302 363 ΜΑΠΤΙΝΙΛΝΟ
1334 306 1420 360 ΕΤ
1468 304 1738 361 ZOSIMO.

1592 200 1652 255 S.
1698 197 1988 254 ISIDORI
2029 191 2460 253 PELUSIOTrE

3513 175 3650 240 1332

2296 304 2396 355 IA'.
2422 328 2494 340 --
2522 294 2971 362 ΜΛΡΤΙΝΙΑΝῼ,
3011 291 3133 344 ΚΑΙ
3169 288 3440 359 ΖΩΣΙΜῼ.

1717 414 1937 470 Virtutis
1962 413 2364 470 commendatio.

488 528 686 581 Vitium
717 523 916 592 fugite,
945 537 981 575 ο
1005 522 1214 590 optimi.
1250 523 1402 579 Solet
1439 526 1582 579 enim
1618 526 1882 580 infatuare
1909 542 1975 582 at.

2151 521 2407 589 Φεύγετε,
2450 514 2496 573 ὧ
2526 518 2813 588 βέλτιστοι,
2840 514 2939 580 τὴν
2974 514 3195 568 κακίαν.
3229 512 3389 581 Δεινὴ
3417 511 3526 582 γὰρ
3559 506 3648 564 ἐκ·

412 622 685 675 dementes
720 612 943 667 reddere
982 628 1109 669 suos
1144 624 1435 673 amatores.
1471 615 1741 670 Virtutem
1798 619 1977 686 potius

2096 612 2341 679 tunﬁaat
2365 611 2459 663 καὶ
2495 611 2855 678 παράφρονας
2888 603 3227 674 ἐργάσασθαι
3254 604 3383 665 τοὺς
3417 603 3651 662 οἰκείους

409 702 714 757 sectemini.
776 701 903 757 Haec
954 704 1095 757 enim
1152 706 1436 774 sapientes.
1485 706 1697 761 eilicere
1758 716 1973 775 potest,

310 798 313 799 '
407 801 571 861 atque
604 794 656 845 in
688 793 900 848 decenti
928 794 1207 849 continere
1234 795 1412 849 oliicio
1433 836 1447 859 ,
1472 797 1563 864 qui
1590 811 1709 849 eam
1740 797 1974 864 amplexi

408 890 552 936 sunt.
589 882 718 947 Quae
739 883 901 936 etiam
927 897 992 936 ex
1035 884 1161 951 ipsis
1182 884 1352 939 oculis
1392 886 1521 940 mite
1557 886 1685 954 quid
1718 901 1782 939 ac
1808 886 1976 954 placi-

408 973 536 1026 dum
582 974 860 1028 tuentibus
899 988 1272 1043 sarpenumero
1311 990 1370 1029 se
1401 975 1599 1042 prodit,
1640 977 1981 1045 ostenditque

409 1077 514 1131 qua
542 1056 695 1117 mens
726 1062 953 1118 interius
978 1064 1241 1119 modestia
1265 1067 1339 1119 sit
1356 1064 1580 1119 imbuta.

690 1256 894 1312 Xll.—
928 1257 1179 1312 ZOSIMO
1220 1256 1698 1311 PRESBYTERO.

2081 703 2337 774 ἐραστάς.
2369 699 2602 754 Διώκετε
2634 699 2692 752 δὲ
2719 698 2818 768 τὴν
2851 697 3076 767 ἀρετήν.
3109 694 3267 764 Δεινὴ
3297 694 3406 763 γὰρ
3436 693 3654 760 σοφίσαι

2084 795 2179 847 καὶ
2222 794 2280 845 ἐν
2304 794 2371 863 τῇ
2417 789 2773 861 προσηκούσῃ
2812 786 3145 840 καταστάσει
3175 783 3503 854 διατηρῆσαι
3528 783 3655 844 τοὺς

2085 881 2475 951 ἀντεχομένους
2514 878 2707 946 αὐτῆς.
2732 877 2809 929 Ἥ
2837 892 2901 944 γε
2942 873 3041 928 καὶ
3093 872 3184 926 διὰ
3224 872 3334 926 τῶν
3360 869 3656 940 ὀφθαλμῶν

2086 971 2346 1033 πολλάκις
2382 968 2591 1040 ἥμερόν
2614 984 2669 1019 τι
2708 965 2804 1018 καὶ
2834 964 3064 1033 γαληνὸν
3107 962 3413 1033 βλεπόντων
3450 960 3659 1013 δείκνυ-

2090 1077 2197 1125 σιν,
2223 1060 2299 1125 ὡς
2344 1059 2665 1113 ἐνέστακται
2721 1055 2868 1109 ἔνδον
2909 1057 2938 1108 ὁ
2984 1052 3109 1117 νοῦς
3136 1050 3487 1123 σωφροσύνης
3522 1047 3656 1102 ἀνά-

2090 1152 2246 1213 πλεος
2257 1192 2269 1203 .

2385 1257 2483 1314 lB’.
2524 1290 2590 1301 .-
2625 1260 2874 1329 zozmo
2911 1255 3376 1325 ΠΡΕΣΒΥΤΕΡῼ.

933 1371 1089 1423 Jubet
1119 1388 1149 1421 α
1193 1370 1413 1423 scelesta
1439 1371 1539 1422 vita
1572 1371 1852 1434 abstinere,
1879 1381 1975 1423 aut
2001 1389 2032 1425 a
2071 1375 2237 1427 sacris
2278 1373 2560 1443 mysteriis.
2592 1372 2721 1425 Vide
2751 1371 2848 1437 inf.
2878 1386 2959 1439 ep.
2991 1370 3115 1423 23L

486 1487 740 1556 Plerique
770 1500 900 1540 sane
924 1484 1073 1555 (nam
1106 1500 1295 1539 omnes
1325 1486 1505 1540 dicere
1534 1486 1727 1539 durum
1765 1487 1987 1540 verbum

2159 1486 2350 1540 Πολλοὶ
2375 1487 2473 1556 μὲν
2529 1484 2609 1553 (τὸ
2646 1486 2749 1555 γὰρ
2804 1484 3011 1545 πάντας
3060 1483 3237 1536 εἰπεῖν
3284 1480 3490 1550 τραχὺν
3531 1477 3663 1542 ἴσως
3738 1450 3749 1459 ’

414 1581 525 1650 sit)
597 1578 771 1633 valide
819 1586 980 1644 atque
1016 1578 1151 1631 adeo
1198 1578 1391 1631 acerbe
1441 1586 1492 1630 te
1537 1576 1784 1631 mordent
1832 1586 1992 1645 atque

416 1672 785 1734 subeannant;
838 1678 1001 1735 atque
1053 1668 1258 1719 utinam
1313 1665 1469 1721 falso.
1505 1665 1698 1720 Frater
1721 1664 1991 1733 siquidem

418 1772 541 1815 tuus
562 1772 851 1828 germanus
876 1772 996 1811 cum
1020 1756 1270 1825 lacrymis
1292 1765 1346 1810 et
1369 1757 1512 1810 luctu
1541 1757 1693 1818 talia,
1718 1770 1789 1809 ne
1816 1756 1991 1809 dicam

419 1849 697 1919 graviora,
721 1846 881 1903 nobis
915 1847 1190 1910 narravit,
1225 1846 1499 1914 ingressus
1537 1847 1826 1899 extrahere
1846 1853 1920 1906 te,
1947 1843 1993 1898 si

421 1936 472 1989 id
524 1935 638 1990 ﬁeri
679 1936 837 1989 modo
885 1943 1083 2001 potest,
1137 1949 1168 1985 ο
1211 1934 1391 1988 nimiae
1435 1934 1691 1989 barathro
1734 1933 1992 1998 libidinis,

422 2027 473 2078 in
516 2040 624 2093 quo
652 2025 856 2094 ﬂagitio
907 2024 1103 2093 capitis
1134 2024 1209 2077 tui
1255 2025 1458 2077 damno
1500 2025 1995 2088 consenuisti,om-

422 2132 541 2170 nem
604 2114 937 2185 repudiando
1022 2112 1495 2179 admonitionem,
1564 2115 1734 2177 vitia,
1801 2112 1997 2180 quibus

420 2206 689 2273 subjaces,
723 2221 828 2260 non
851 2220 1185 2274 expugnans.
1217 2203 1420 2273 Scripsi
1449 2212 1721 2273 uuper,ut
1755 2205 1828 2258 tui
1856 2203 1996 2270 juris

426 2297 644 2361 factus,
700 2304 755 2350 et
800 2293 1148 2363 impudicitiae
1192 2300 1295 2346 tua:
1334 2293 1565 2347 dedecus
1614 2292 1893 2361 cogitans,
1942 2300 1996 2345 et

424 2385 658 2450 senium,
706 2384 847 2454 quod
884 2382 1113 2452 obrepit,
1146 2390 1200 2435 et
1238 2395 1452 2435 sacrum
1506 2381 1900 2446 sacerdotium,
1930 2381 1995 2435 ad

423 2476 566 2547 quod
602 2476 787 2531 nescio
816 2490 921 2545 qua
968 2474 1299 2543 impudentia
1341 2483 1395 2528 te
1427 2472 1737 2541 ingesseris,
1768 2487 1998 2542 praesen-

430 2563 500 2615 tia
545 2560 833 2623 dedecora,
886 2566 1048 2626 atque
1086 2556 1444 2618 oﬂ‘endieula,
1486 2556 1731 2607 luturum
1765 2555 1997 2623 denique

430 2653 748 2722 supplicium
782 2648 1113 2717 expenderes
1136 2690 1150 2713 ,
1194 2647 1450 2702 omnibus
1487 2652 1776 2715 coopertus
1823 2644 1995 2700 scele-

431 2747 581 2801 ribus
608 2745 662 2796 in
700 2743 825 2811 ipso
854 2742 992 2796 senii
1024 2743 1252 2811 vitaeque
1282 2740 1467 2794 limine
1492 2737 1752 2809 juvenilia
1782 2747 1836 2792 et
1874 2738 1996 2793 ina-

427 2838 517 2892 nia
571 2847 806 2892 sectans.
866 2834 1154 2901 Quomodo
1213 2848 1344 2888 vero
1380 2833 1671 2902 juvenibus
1704 2874 1718 2898 ,
1787 2841 1848 2887 ut
1879 2847 1992 2887 mo‘

424 2931 577 2984 deste
649 2943 709 2984 se
781 2936 1246 2996 temperanterque
1310 2935 1543 2995 gerant,
1608 2926 1936 2993 persuadeas
1972 2964 1990 2991 ,

2094 1575 2499 1629 κατασκευάσει
2517 1574 2607 1627 τὸν
2634 1573 2832 1643 λόγον)
2854 1570 3044 1634 δεινῶς
3066 1574 3209 1624 πάνυ
3238 1570 3334 1622 καὶ
3360 1569 3569 1638 πικρῶς
3601 1586 3662 1621 σε

2095 1668 2482 1740 κωμῳδοῦσιν·
2515 1666 2609 1729 οὓς
2645 1664 2873 1736 εὔχομαι
2906 1664 2979 1734 μὴ
3010 1661 3315 1733 ἀληθεύειν.
3361 1660 3574 1729 Ἐπειδὴ
3607 1660 3665 1713 δὲ

2093 1759 2189 1812 καὶ
2218 1757 2544 1828 όμογνήσιός
2572 1756 2679 1827 (52)
2704 1772 2797 1807 σου
2832 1752 3058 1821 ἀδελφὸς
3101 1751 3315 1823 θρηνῶν
3343 1768 3400 1803 σε
3424 1752 3518 1802 καὶ
3543 1750 3663 1803 ὁλο-

2095 1849 2401 1920 φυρόμενος
2455 1847 2523 1901 τὰ
2581 1846 2742 1910 αὐτὰ,
2803 1844 2891 1897 ῖνα
2944 1843 3018 1913 μὴ
3064 1843 3210 1910 λέγω
3263 1841 3663 1913 φορτικώτερα.

2109 1939 2468 2009 Ἀπήγγειλεν
2512 1939 2664 2006 ήμῖν,
2710 1933 3007 1987 ἀντιϐολῶν
3059 1930 3434 2001 ἀνιμήσασθαί
3484 1948 3565 1997 σε,
3616 1931 3666 1981 εί

2095 2029 2205 2085 οἷόν
2230 2049 2311 2094 τε,
2336 2031 2443 2084 ἀπὸ
2466 2030 2561 2083 τοῦ
2587 2027 2750 2098 βυθοῦ
2776 2028 2872 2096 τῆς
2900 2026 3172 2094 λαγνείας,
3208 2018 3255 2094 ᾧ
3282 2025 3377 2079 ἐπὶ
3404 2024 3481 2095 τῷ
3512 2021 3668 2091 κακῷ

2096 2126 2199 2195 τῆς
2247 2123 2414 2178 αὐτοῦ
2445 2121 2689 2190 κεφαλῆς
2740 2119 3188 2188 συγγεγήρακας,
3246 2116 3419 2169 πολλά
3456 2114 3668 2185 χαίρειν

2098 2219 2309 2289 φράσας
2354 2215 2434 2284 τῷ
2487 2210 2877 2283 παραινέσαντι
2933 2211 3048 2270 τοῖς
3102 2204 3533 2276 κεκρατημένοις
3589 2204 3667 2271 μὴ

2098 2308 2387 2377 ἐγχειρεῖν.
2415 2304 2674 2375 Γέγραφα
2712 2302 2862 2363 ὅπως
2895 2298 3094 2352 σαυτοῦ
3123 2297 3413 2366 γενόμενος
3450 2293 3545 2347 καὶ
3568 2293 3669 2361 τὴν

2096 2399 2199 2465 τῆς
2240 2394 2531 2462 ἀσελγείας
2559 2390 2826 2461 αἰσχύνην
2861 2389 3143 2459 ἐννοήσας,
3172 2386 3295 2438 τότε
3319 2385 3497 2453 γῆρας
3531 2385 3608 2444 εἰς
3638 2382 3668 2433 ὃ

2096 2488 2305 2556 ἕρπεις,
2337 2487 2436 2555 τήν
2466 2500 2524 2536 τε
2552 2482 2703 2535 θείαν
2731 2476 3056 2549 ἱερωσύνην,
3089 2479 3169 2538 είς
3192 2475 3259 2545 ἢν
3278 2474 3379 2527 οὐκ
3405 2469 3501 2525 οἶδ’
3521 2472 3670 2533 ὅπως

2097 2576 2465 2646 ἐπεκώμασας
2488 2573 2561 2627 τά
2580 2590 2640 2626 τε
2671 2570 2911 2640 παρόντα
2940 2567 3119 2637 ὀνείδη
3151 2565 3247 2618 καὶ
3267 2563 3338 2617 τὰ
3363 2562 3632 2617 σκάνδαλα
3650 2600 3667 2624 ,

2097 2668 2197 2738 τήν
2236 2684 2294 2719 τε
2330 2665 2632 2736 μέλλουσαν
2672 2661 2928 2715 κόλασιν’
2960 2659 3095 2712 πᾶσι
3141 2658 3254 2718 τοῖς
3297 2655 3487 2713 κακοῖς
3516 2654 3673 2718 ἐγκα-

2022 2793 2066 2851 C
2098 2759 2443 2828 λινδούμενος
2475 2756 2569 2810 ἐπὶ
2599 2756 2807 2825 γήραος
2837 2752 2979 2821 ούᾶῷ
3021 2746 3382 2848 νεωτερίζων,
3412 2744 3543 2851 Πῶς

2098 2852 2214 2912 τοῖς
2248 2847 2391 2910 νέοις
2437 2846 2737 2915 σωφρονεῖν
2783 2841 3158 2913 παραινέσεις,
3206 2834 3389 2906 σαυτῷ
3421 2835 3553 2905 μηδὲ
3580 2835 3675 2886 ἐπὶ

2098 2941 2307 3010 γήραος
2335 2935 2648 3007 παραινῶν;
2678 2932 2802 2997 Πῶς
2823 2933 2881 2984 δὲ
2906 2931 2968 2984 ού
2997 2930 3240 3000 φρίττεις
3258 2926 3485 2980 τοιαῦτα
3507 2924 3673 2994 δρῶν,

425 3013 470 3066 si
512 3026 580 3067 ne
630 3012 729 3068 tibi
792 3012 1008 3081 quidem
1069 3012 1137 3066 ad
1193 3020 1496 3067 extremum
1557 3025 1727 3081 usque
1787 3012 1992 3067 senium

2100 3031 2197 3085 καὶ
2218 3048 2298 3100 τῳ
2324 3025 2699 3096 θυσιαστηρίῳ
2721 3022 3067 3095 πλησιάζωνς
3096 3020 3222 3083 Πῶς
3251 3019 3310 3073 δὲ
3338 3018 3544 3086 τολμᾷς
3565 3014 3674 3067 τῶν

427 3102 813 3166 persuaseris?
872 3101 1015 3167 Quin
1059 3102 1222 3171 igitur
1266 3103 1458 3156 horres
1487 3102 1803 3173 vererisque
1868 3102 1992 3157 talia

2103 3120 2390 3191 ἀχράντων
2414 3118 2657 3187 ἅψασθαι
2686 3114 3033 3186 μυστηρίων;
3078 3110 3338 3183 Παραινῶ
3368 3108 3570 3167 τοίνυν,
3594 3106 3675 3174 (εί

428 3192 785 3257 committere,
829 3200 883 3246 et
927 3192 1119 3245 altaria
1166 3192 1552 3260 frequentare?
1591 3191 1871 3259 Quomodo
1895 3193 1992 3247 im-

2102 3211 2210 3282 γὰρ
2238 3209 2331 3263 καὶ
2348 3208 2525 3272 λυπεῖ,
2543 3208 2606 3260 τὸ
2627 3204 2824 3277 ἀληθὲς
2848 3202 2990 3274 μετὰ
3010 3200 3326 3272 παρρησίας
3345 3197 3614 3263 λελέξεται
3631 3194 3678 3263 ,)

429 3277 697 3332 maculata
774 3291 1049 3330 sacrorum
1119 3278 1378 3347 mysteria
1451 3278 1615 3332 audes
1696 3280 1992 3349 attingere?

2108 3304 2145 3373 ἢ
2170 3301 2378 3355 παῦσαι
2405 3299 2631 3353 τοιαῦτα
2656 3298 2819 3370 δρῶν,
2849 3297 2883 3369 ἢ
2922 3295 3016 3349 τοῦ
3043 3293 3241 3348 σεπτοῦ
3286 3288 3675 3359 θυσιαστηρίου

428 3366 627 3422 llortor
651 3367 835 3436 itaque
863 3374 913 3421 te
930 3364 1051 3435 (etsi
1069 3366 1215 3420 enim
1245 3366 1406 3433 dolet,
1433 3376 1799 3421 verumtamen
1838 3369 1992 3424 liberi

2116 3364 2312 3449 σαυτὸν
2352 3391 2624 3461 χώρισονυ
2679 3364 2915 3458 μήποτε
2964 3384 3077 3455 πῦρ
3108 3381 3397 3455 οὐρανόθεν
3441 3379 3534 3432 ἐπὶ
3578 3378 3678 3449 τὴν

427 3459 627 3529 dicam)
669 3467 729 3513 ut
758 3457 845 3513 vel
866 3458 1212 3513 committere
1249 3458 1553 3527 hujus‘modi
1581 3458 1818 3523 desinas,
1856 3461 1992 3516 vela

2107 3482 2303 3541 σαυτοῦ
2338 3457 2576 3553 καλέσῃς
2605 3457 2869 3549 κεφαλὴν,
2900 3477 3245 3548 παρέχουσαν
3278 3476 3391 3536 τοῖς
3414 3469 3678 3542 ῥᾳθύμοις

429 3547 747 3602 venerandis
787 3546 978 3602 altaris
1024 3546 1306 3602 sacriﬁciis
1332 3546 1627 3612 abstineas,
1676 3561 1746 3603 ne
1783 3550 1992 3617 quando

2105 3573 2363 3644 ἀφορμὰς
2391 3564 2466 3625 ὧν
2496 3546 2826 3640 ἐπιθυμοῦσι
2859 3546 3050 3635 λόγων.

432 3638 607 3706 ignem
628 3637 694 3692 de
725 3637 864 3693 coelo
890 3638 1054 3708 capiti
1080 3650 1366 3692 accersens
1389 3644 1499 3701 tuo,
1519 3639 1749 3707 turpiter
1775 3639 1996 3696 meritas

434 3738 624 3794 [uenas
650 3734 708 3782 ut
728 3730 954 3798 optasti,
984 3730 1119 3782 luas.

972 3836 1114 3893 XIII.
1140 3868 1213 3879 —
1239 3838 1467 3894 EIDEM.

2596 3843 2699 3900 II".
2736 3871 2803 3884 -
2842 3842 2931 3912 To
2967 3839 3171 3909 ΑΥἸᾨ.

1096 3950 1373 4007 Hominem
1410 3953 1695 4021 desperata;
1723 3956 1945 4012 malitia:
1977 3967 2032 4010 ut
2061 3955 2420 4011 conclavatum
2447 3971 2543 4009 suo
2566 3955 2813 4025 relinquit
2839 3953 3015 4024 genio.

502 4069 677 4124 Audio
728 4067 785 4123 in
812 4070 1110 4138 sapientem
1152 4078 1205 4122 te
1244 4069 1499 4124 incidisse
1535 4072 1712 4125 virum
1753 4074 1844 4140 qui
1890 4088 1992 4126 cor.

2185 4072 2533 4142 Πυνθάνομαι
2571 4068 2656 4124 ὅτι
2708 4069 2873 4138 σοφός
2912 4086 2996 4131 τις
3036 4067 3197 4138 ἀνὴρ,
3238 4066 3337 4121 καὶ
3380 4067 3682 4138 χρημάτων

436 4160 622 4228 rumpi
644 4160 868 4227 pecunia
903 4168 1155 4226 nequeat,
1184 4159 1403 4213 virtutis
1429 4162 1825 4227 perstudiosum
1849 4162 1992 4233 557

2117 4161 2414 4231 κρείττων’,
2455 4158 2552 4213 καὶ
2598 4159 2767 4228 ἀρετῇ
2823 4156 3229 4225 συναγωνιστὴς
3280 4154 3518 4225 ἐντυχών
3562 4172 3679 4210 σοι’

433 4260 760 4317 omnemque
778 4262 1000 4317 operam
1022 4248 1363 4303 adhibentem
1392 4250 1459 4305 ad
1493 4252 1565 4304 tui
1591 4253 1982 4307 correctionem

2116 4254 2212 4307 καὶ
2259 4254 2435 4307 πάντα
2478 4251 2709 4321 νικήσας
2756 4251 2857 4302 ὅσα
2902 4248 3069 4319 ἐχρῆν
3114 4245 3249 4315 πρὸς
3281 4246 3681 4317 ἐπανόρθωσιν,

438 4336 721 4391 remissum
740 4346 919 4391 tamen
941 4337 1035 4391 abs
1052 4345 1122 4401 te,
1139 4338 1333 4393 infecta
1356 4354 1434 4401 re.
1460 4341 1610 4408 quasi
1625 4343 1882 4410 prodesse
1903 4358 1992 4398 nor

2113 4340 2449 4410 ἀπεπέμφθη
2478 4338 2758 4409 ἄπρακτος
2795 4336 2961 4406 μηδὲν
3008 4331 3284 4403 ὠφελῆσαι
3315 4350 3375 4385 σε
3415 4333 3680 4404 δυνηθείς.

436 4436 634 4496 posset.
674 4426 773 4481 Tui
823 4427 966 4481 enim
1000 4428 1171 4483 morbi
1221 4420 1511 4498 vis’major
1560 4433 1707 4485 omni
1749 4431 1866 4500 ejus
1896 4447 2008 4488 me-

442 4519 557 4574 dela
600 4526 685 4573 est
715 4518 959 4573 inventa.
985 4517 1220 4574 Decebat
1246 4528 1423 4575 tamen
1450 4529 1503 4576 te
1527 4523 1707 4590 specie
1737 4524 2005 4578 rationum

437 4609 669 4680 eleganti
724 4608 963 4663 illectum
1020 4624 1132 4678 prae
1199 4610 1557 4666 admiratione
1636 4612 2003 4683 intelligentiae

438 4700 626 4767 ipsius,
656 4706 713 4753 et
742 4698 1031 4753 reveritum
1057 4697 1174 4766 ejus
1203 4700 1543 4768 prudentiam
1568 4700 1635 4754 ab
1660 4700 2003 4768 improbitate

439 4800 757 4858 temperare.
772 4787 851 4843 Te
867 4804 995 4845 vero
1006 4804 1111 4843 non
1134 4789 1330 4853 solum,
1356 4805 1414 4843 re
1439 4790 1818 4853 inl’ecta,illum
1838 4794 2002 4845 remi-

437 4879 595 4943 sisse,
650 4894 839 4935 verum
903 4880 1062 4933 etiam
1084 4894 1204 4933 cum
1265 4878 1460 4947 injuria
1513 4880 1846 4950 proﬂigasse,
1920 4881 2005 4934 in-

2114 4430 2436 4499 Κρείττονος
2462 4430 2575 4498 (55)
2620 4427 2716 4480 τοῦ
2751 4444 2846 4478 σου
2882 4426 3188 4495 νοσήματος
3217 4422 3319 4491 τῆς
3352 4423 3483 4494 παρ’
3534 4423 3688 4493 αὐτῷ

2115 4521 2366 4591 ἰατρικῆς
2416 4521 2609 4590 τέχνης
2650 4517 2987 4589 εὑρεθέντος.
3039 4515 3169 4567 Δέον
3218 4515 3324 4583 γάρ
3356 4530 3417 4565 σε
3458 4531 3684 4582 γοητευ-

2112 4613 2275 4666 θέντα
2325 4612 2425 4682 μὲν
2449 4611 2528 4682 τῷ
2565 4611 2751 4664 κάλλει
2798 4609 2909 4661 τῶν
2942 4608 3254 4677 νοημάτων,
3284 4605 3591 4674 ἀγασθέντα
3625 4606 3683 4658 δέ

2111 4702 2209 4774 τὴν
2242 4702 2482 4763 σύνεσιν,
2523 4700 2839 4755 αἰδεσθέντα
2882 4697 2939 4751 δὲ
2980 4697 3043 4749 τὸ
3076 4697 3335 4766 φρόνημα
3374 4695 3685 4749 παύσασθαι

2109 4793 2209 4860 τῆς
2259 4792 2491 4855 κακίας,
2533 4790 2595 4843 οὐ
2656 4790 2817 4858 μόνον
2873 4790 3182 4857 ἄπρακτον,
3234 4787 3371 4841 ἀλλά
3412 4789 3508 4841 καὶ
3565 4787 3685 4857 μεθ’

2113 4881 2324 4952 ύὸρεως
2361 4881 2549 4935 τοῦτον
2579 4880 2911 4951 ἀπεπέμψω.
2944 4878 3009 4931 Τί
3048 4873 3141 4931 οὖν
3164 4878 3454 4948 ποιητέον;
3484 4878 3550 4932 Et
3578 4877 3688 4946 γὰρ

1538 5053 1770 5109 VARl/E
1810 5054 2193 5111 LECTIONES
2228 5055 2318 5111 ET
2348 5053 2581 5111 ΝΟΤᾸΞ.

512 5222 621 5295 (32)
661 5221 1135 5298 Proﬁpoyvﬁazog,
1166 5238 1297 5277 voce
1331 5224 1609 5298 inusitata,
1639 5242 1835 5298 repone
1864 5227 1991 5298 ὁμό-

438 5292 603 5365 γνιος,
635 5292 785 5365 quasi
813 5293 1112 5365 ὁμογένιος,
1138 5301 1195 5365 ut
1220 5304 1273 5345 ct
1300 5296 1540 5365 γνήσιος,
1572 5292 1722 5363 quasi
1749 5292 1996 5365 γονήσιος

442 5362 519 5413 vel
559 5363 827 5429 γενήσιος.
850 5360 985 5414 Mox
1032 5376 1126 5427 pro
1164 5363 1559 5429 ἁνειμήσασθαι
1591 5360 1877 5418 ἰθηιειῦιιηί
1904 5368 1969 5417 ἀν

439 5429 767 5502 εμὸσασθαι,
808 5431 949 5502 quod
990 5446 1218 5502 euomere
1260 5441 1395 5502 est:
1440 5433 1519 5484 vel
1562 5432 1740 5500 potius
1790 5434 1972 5502 ἀνειλή

443 5496 623 5552 οισθαι
650 5502 716 5552 ab
742 5497 986 5565 ἀνειλέω,
1016 5500 1209 5564 aperio,
1252 5499 1470 5565 cmplico.
1517 5496 1774 5569 Suspecta
1815 5515 1868 5557 ct
1913 5496 2002 5557 illa

2106 5246 2205 5283 vox
2236 5230 2617 5299 ἐπεκάμασας,
2654 5232 2795 5296 quod
2846 5238 2927 5283 est
2973 5227 3297 5299 lasciviores,
3344 5228 3686 5299 nisiArectius

2107 5313 2185 5353 est
2216 5296 2631 5368 ὲπεπόρζπασας.
2665 5298 3414 5368 Ετυιίίιίοτθεῆιιεειίι-ιιςψυιιι.ν
3441 5296 3680 5352 Sruorr.

2179 5370 2289 5436 (55)
2335 5365 2435 5421 Pro
2466 5371 2768 5438 κρείττονος
2800 5370 2954 5425 codd.
2992 5366 3110 5421 Val.
3139 5365 3245 5421 650
3277 5377 3331 5422 et
3360 5367 3471 5422 All.
3501 5368 3681 5433 legum

2112 5442 2375 5510 κρεῖττον.
2412 5438 2618 5493 Possm.
