4020 6140
302 1004 320 1061 Ι

351 282 491 348 1.333

1292 246 1826 355 EPISTOLARUM
1867 297 2012 357 LIB.
2053 299 2121 357 V.
2162 297 2468 355 -EPIST.
2506 296 2685 356 XVII.

3468 298 3603 366 133A

348 390 580 456 ἕκαστος
623 391 774 446 οὐδὲν
811 391 1030 460 ὠφελεῖς,
1075 393 1212 448 ἀλλὰ
1251 395 1343 448 καὶ
1385 398 1774 469 ἡπαραίνεσις
1825 421 1923 455 κα-

2034 401 2230 468 lolligo.
2305 401 2442 468 Quid
2499 401 2662 470 igitur
2717 414 2901 455 censes
2979 400 3283 458 faciendum
3344 404 3400 459 Si
3456 407 3601 462 enim

349 481 794 551 ταπεφρόνηται.·
835 483 927 534 καὶ
951 485 978 534 ὁ
1007 481 1116 536 τῶν
1144 483 1448 556 ἀνθρώπων
1474 490 1647 556 γέλως
1673 493 1922 562 πεπάτη-

347 587 473 653 τειιξ
509 573 602 624 καὶ
639 571 700 623 τὸ
735 572 1182 636 σκανδαλίζεσθαι
1217 577 1369 646 παρὰ
1397 579 1481 630 σοὶ
1510 579 1740 645 πολλοὺς
1769 583 1922 636 οὐδὲν

349 663 636 734 κέκριται·
675 667 770 718 καὶ
812 668 840 718 ὁ
870 667 1011 731 θεῖος
1041 669 1205 738 φόϐος
1248 670 1448 734 eam;
1476 675 1592 725 ἐστι
1625 675 1775 745 παρὰ
1803 676 1919 728 σοί·

349 753 442 804 καὶ
477 755 509 824 ἡ
537 755 635 823 τῆς
669 757 907 826 κρίσεως
947 760 1147 831 ἀπειλὴ
1185 760 1431 829 γελᾶται,
1462 764 1725 835 ἐλάθομεν
1747 766 1921 838 λιθίνῃ

349 845 548 916 καρδίᾳ
568 845 963 919 διαλεγόμενοι.

517 963 614 1018 ιΔν.
650 994 718 1006 -
746 964 1010 1038 ΔΙΔΕΣΙῼ
1039 967 1150 1039 (at)
1187 969 1748 1042 ΠΟΛΙΤΕΥΟΜΕΝῼ.

2024 507 2181 546 nemo
2239 491 2486 560 iuverit,
2555 491 2664 546 imo
2715 498 2770 546 et
2835 491 3140 548 adhortatio
3206 497 3600 561 contemnitur,

2025 583 2191 637 etiam
2233 583 2374 638 risus
2420 583 2799 649 conculcetur,
2849 594 2904 638 ct
2954 585 3050 639 abs
3098 593 3150 639 te
3191 585 3453 654 plurimos
3482 588 3601 642 laedi

2027 675 2348 736 oﬂ'endiculo
2407 677 2563 731 nihili
2624 677 2902 742 restitues,
2957 692 3058 731 nec
3099 680 3152 730 in
3220 678 3316 732 Dei
3361 680 3606 734 ambules

2029 771 2244 835 timore,
2278 771 2457 826 rideas
2483 770 2647 824 etiam
2677 769 2846 825 divini
2870 768 3060 837 jud‘icii
3085 769 3292 833 minas,
3332 770 3607 824 nescimus

2027 876 2182 927 sane,
2217 861 2415 930 ecquid
2443 860 2667 915 remedii
2697 861 2832 914 duro
2864 871 2956 915 tuo
2981 857 3131 916 cordi
3154 860 3461 915 aderamus.

2081 975 2223 1032 XIV.
2263 1006 2332 1021 -ι
2374 975 2648 1032 ΛΕΒΕΞΙΟ
2689 975 3182 1031 REMPUBLICAM
3221 973 3550 1030 GERENTI.

759 1082 1082 1138 Deltortatur
1113 1085 1178 1138 ab
1199 1101 1258 1138 ea
1285 1086 1496 1151 militia,
1525 1102 1641 1153 qua:
1666 1102 1759 1140 nec
1784 1089 2015 1156 pietatis,
2055 1109 2147 1146 nec
2173 1093 2378 1148 virtutis
2408 1092 2747 1162 defendenda:
2777 1107 2941 1145 causa
2971 1091 3191 1160 geritur.

434 1191 654 1265 Ἐπειδὴ
692 1193 848 1265 θυμῷ
887 1195 987 1266 μὲν
1030 1197 1390 1268 ἀναπτομένῳ
1433 1199 1764 1252 συνάπτεται
1810 1200 1926 1270 (55)

355 1283 622 1354 πόλεμος,
677 1285 1021 1358 σϐεννυμένῳ
1065 1289 1122 1340 δὲ
1163 1289 1225 1342 οὐ
1279 1289 1603 1355 σῦέννυται,
1654 1289 1925 1360 μηδέποτε

355 1373 548 1428 σαυτὸν
567 1377 647 1437 είς
677 1375 945 1446 πολέμους
969 1377 1204 1448 ἔμϐαλλε
1233 1379 1501 1448 χαλεπούς
1525 1395 1539 1408 ·
1565 1379 1659 1431 κα)⁵
1693 1381 1926 1450 μάλιστα

352 1459 480 1513 ὅταν
505 1462 637 1533 μηδὲ
663 1463 787 1533 περ).
815 1465 1146 1536 εὐσεϐείαςῆ
1175 1467 1370 1536 ἀρετῆς
1397 1467 1426 1518 ὀ
1451 1467 1606 1534 λόγος
1741 1469 1798 1520 ὲν
1818 1469 1926 1539 γὰρ

354 1551 576 1616 ταύταις
605 1554 762 1626 χρεία
791 1555 896 1618 ἕως
937 1557 1166 1626 αἵματος
1200 1556 1581 1625 ἀγωνίζεσθαι,
1616 1559 1750 1629 μήτε
1784 1559 1924 1611 ὲκεί-

353 1658 470 1713 νην,
503 1643 638 1713 μήτε
666 1645 868 1715 ταύτην
902 1647 1220 1718 προδιδόντα

605 1753 704 1809 IE'.
739 1786 808 1796 —
836 1757 1180 1812 ιΣΧΥΡιΩΝι
1217 1759 1674 1831 ΣΧΟΛΛΣΤΙΚῼ.

2103 1204 2548 1275 Quandoquidem
2575 1204 2757 1259 animo
2803 1204 2881 1258 ira
2915 1204 3138 1258 incenso
3167 1202 3365 1257 bellant
3407 1201 3600 1256 incen-

2033 1296 2199 1360 ditur,
2228 1297 2552 1352 exstinctum
2602 1303 2780 1348 autem
2839 1294 2918 1347 ira
2964 1293 3256 1362 animoque
3293 1289 3607 1358 compositis

2032 1379 2232 1434 bellum
2280 1377 2510 1446 sopitur,
2544 1391 2818 1444 nunquam
2849 1384 2901 1428 te
2929 1374 3172 1430 molestae
3209 1374 3474 1427 immittas
3503 1387 3607 1440 pu-

2034 1483 2174 1536 gnae,
2205 1466 2504 1536 praesertim
2529 1479 2654 1521 cum
2691 1465 2908 1533 pietatis
2944 1465 3269 1532 virtutisque
3297 1479 3405 1517 non
3427 1462 3607 1532 agitur

2033 1557 2328 1626 negotium.
2377 1555 2435 1617 In
2471 1557 2556 1611 his
2602 1557 2803 1610 etenim
2854 1557 2919 1609 ad
2954 1557 3271 1625 sanguinem
3302 1569 3472 1625 usque
3507 1569 3607 1624 pu-

2035 1648 2329 1714 gnandum,
2365 1663 2433 1724 ne
2463 1647 2576 1701 haec
2607 1656 2700 1701 aut
2734 1647 2823 1700 illa
2861 1647 3144 1714 prodatur.

2238 1758 2358 1814 XV.
2391 1791 2463 1801 -—
2494 1757 2890 1815 ISCI-IYRIONI
2934 1754 3429 1813 SCIIOLASTICO.

1635 1870 2011 1942 Arrogantiam
2039 1869 2331 1926 dissuadet.

424 1987 592 2037 “(trav
629 1985 664 2054 ἡ
711 1985 1155 2057 μεγαλοφροσύνη
1189 1985 1301 2055 (56)
1332 1986 1406 2055 μὴ
1439 1985 1574 2056 πρὸς
1607 1986 1919 2051 ασῖιθάδειαν,

350 2076 484 2130 ἀλλὰ
517 2076 651 2146 πρὸς
675 2075 971 2128 ἐπιείκειαν
999 2075 1194 2145 βλέπῃ,
1216 2077 1338 2128 τότε
1365 2077 1459 2130 καὶ
1479 2078 1578 2147 τὴν
1606 2075 1924 2140 ἀλαζονείαν

351 2165 609 2235 ἐκφεύγει
643 2167 734 2220 καὶ
756 2167 854 2237 τὴν
879 2167 1324 2238 δουλοπρέπειαν,
1356 2169 1456 2221 οὐκ
1480 2169 1628 2222 ὲῶσα
1653 2169 1926 2240 κερασθῆ-

351 2275 440 2312 ναι
461 2255 530 2311 τὺ.
548 2258 792 2329 ἄσχημον
819 2257 897 2329 τῷ
919 2257 1202 2329 εὐπρεπεῖ.

884 2433 1002 2500 rq'.
1039 2461 1108 2472 —
1141 2433 1386 2504 ΠΕΤΡῼ.

2100 1984 2280 2039 Animi
2313 1984 2627 2053 magnitudo
2653 2000 2776 2040 cum
2809 2001 2918 2039 non
2951 1984 3019 2040 ad
3051 1984 3335 2039 audaciam
3359 2021 3376 2049 ,
3413 1983 3508 2038 sed
3538 1981 3608 2036 ad

2031 2074 2196 2129 atiimi
2246 2075 2534 2144 quamdam
2611 2075 2996 2132 liberalitatem
3067 2076 3609 2143 benevolentiamque

2033 2166 2227 2231 tendit,
2275 2167 2599 2235 arrogantia:
2627 2182 2693 2222 ac
2727 2167 2942 2222 servilis
2992 2167 3185 2222 indolis
3219 2165 3456 2234 speciem
3485 2177 3606 2217 om-

2033 2271 2158 2312 nem
2204 2255 2427 2328 effugit,
2477 2273 2655 2328 neque
2698 2259 2904 2329 patitur
2951 2268 3107 2330 turpe
3151 2259 3349 2314 decoro
3403 2255 3608 2325 permi-

2032 2361 2194 2403 SCCPL

2548 2436 2692 2494 XVI.
2727 2469 2790 2482 —-
2828 2437 3080 2494 PETRO.

1257 2548 1328 2602 De
1368 2546 1585 2604 Eusebii
1618 2550 1776 2604 vitiis.
1808 2548 2024 2619 Confer.
2064 2551 2216 2620 epist.
2246 2551 2370 2617 I40,
2412 2552 2534 2618 M7,
2575 2552 2703 2608 470.

419 2661 484 2714 El
518 2661 611 2713 καὶ
641 2658 734 2712 ἐπὶ
761 2660 860 2730 τῆς
890 2660 1173 2725 Εὑσεόίου,
1205 2661 1281 2723 ὡς
1319 2661 1623 2732 γέγραφας,
1671 2663 1924 2733 τυραννί-

2092 2663 2231 2730 Etsi,
2289 2675 2348 2720 ut
2393 2665 2591 2721 scribis
2633 2667 2700 2721 de
2743 2665 2959 2722 Eusebii
2993 2667 3293 2737 tyrannicis
3339 2649 3604 2734 moribus,

348 2751 436 2814 δος
465 2751 644 2804 αἰτίαν
677 2751 776 2821 τῆς
803 2751 1075 2816 ἀπωλείας
1103 2753 1210 2806 τῶν
1240 2751 1543 2822 φιλαρέτων
1571 2753 1745 2818 οὐδεὶς
1771 2754 1805 2823 ἢ
1828 2753 1926 2825 τὴν

2034 2755 2342 2826 perditionis
2390 2768 2609 2810 causam
2665 2769 2821 2810 nemo
2866 2756 3131 2824 agnoscit,
3184 2755 3276 2824 qui
3335 2758 3600 2812 virtutum

350 2843 548 2914 ἀρετὴν
580 2843 749 2914 μόνην
800 2837 939 2897 οἶδεν
984 2846 1047 2916 (ἡ
1089 2843 1197 2914 γὰρ
1226 2844 1350 2913 δίκη
1379 2845 1477 2914 τὴν
1501 2846 1681 2916 κρίσιν
1711 2845 1925 2915 φθάνει,

350 2933 384 3002 ἡ
417 2932 473 2985 δὲ
504 2931 604 3002 τῆς
649 2931 949 3002 μελλούσης
992 2932 1228 3003 κρίσεως
1277 2933 1466 3003 μνήμη
1518 2933 1770 3004 ὀξύτερός
1812 2935 1928 2986 ἐστι

348 3024 462 3086 τοῖς
503 3022 821 3092 μνησθείσιν
862 3022 1079 3094 ὄλεθρος
1098 3023 1142 3089 ),
1171 3023 1286 3076 ἀλλ’
1317 3019 1409 3076 οὖν
1434 3040 1497 3092 γε
1534 3024 1610 3094 μὴ
1653 3023 1925 3094 ὀλιγώρει.

2023 2847 2300 2900 studiosus
2341 2854 2454 2910 est,
2519 2853 2714 2913 praeter
2761 2845 3011 2899 virtutem
3065 2845 3282 2914 ipsam:
3328 2849 3597 2902 Sententia

2026 2936 2171 2991 enim
2221 2935 2482 3005 anticipat
2525 2936 2810 3006 judicium,
2871 2937 3145 3006 futurique
3187 2935 3377 3004 judicii
3427 2955 3608 2994 recor-

2033 3027 2200 3093 datio,
2240 3029 2448 3082 acutior
2484 3027 2896 3082 recordantibus
2929 3028 3198 3095 pernicies
3231 3039 3353 3082 est:
3395 3040 3447 3080 at
3475 3044 3606 3083 cave

351 3075 565 3186 ω’γὲιρ
597 3075 672 3186 in,
718 3075 1077 3186 συγχωρήςὲεἰ
1098 3075 1142 3167 ’ἑ
1188 3075 1924 3186 magniﬁcentiam;

2034 3120 2296 3190 negligas.
2332 3118 2515 3189 Neque
2545 3120 2688 3173 enim
2725 3120 3002 3187 permittet
3031 3119 3121 3187 qui
3149 3120 3329 3174 omnia
3363 3131 3605 3175 contem.

349 3206 448 3276 τὴν
487 3205 684 3276 ἀρετὴν
732 3205 838 3258 ὑπὸ
865 3205 965 3275 τῆς
998 3204 1195 3265 κακίας
1236 3203 1325 3256 διὰ
1367 3204 1552 3267 ⁶ιέλους
1596 3203 1927 3274 παρευδοκι-

356 3296 604 3364 μεῖσθαι·
629 3297 764 3350 ἀλλὰ
797 3299 1014 3366 ποιήσει
1035 3297 1216 3350 ἐκεῖνα
1244 3295 1280 3349 ἂ
1304 3295 1450 3366 αὐτῷ
1483 3295 1580 3364 μὲν
1610 3296 1828 3367 πρέπει,
1859 3299 1927 3368 τῇ

352 3386 410 3441 δὲ
435 3389 602 3458 ἀρετῇ
634 3389 728 3441 καὶ
756 3391 821 3458 τῇ
857 3387 1026 3458 κακίᾳ
1054 3387 1431 3457 χρεωστεῖται.

654 3503 752 3556 IZ'.
789 3529 861 3542 -—
896 3499 1124 3570 ΚΥΡΡῼ
1164 3501 1621 3570 ΣΧΟΛΑΣΤῙΚῼ.

2029 3209 2231 3279 piatur,
2280 3209 2374 3264 Dei
2426 3209 2639 3275 oculus,
2668 3209 2926 3264 virtutem
2958 3224 2986 3262 a
3019 3209 3155 3264 vitio
3179 3211 3244 3264 ad
3298 3219 3609 3265 extremum

2033 3310 2202 3366 usque
2237 3296 2405 3367 gloria
2444 3298 2713 3368 superari,
2752 3299 2861 3353 imo
2910 3297 3092 3364 faciet,
3125 3313 3244 3368 qua:
3267 3314 3326 3355 se
3355 3301 3604 3366 deceant,

2030 3387 2215 3442 virtuti
2248 3404 2311 3444 ac
2339 3389 2469 3443 vitio
2492 3399 2550 3442 ut
2573 3390 2750 3444 debita
2783 3391 3104 3445 reddantur.

2311 3497 2476 3554 XVII.
2508 3531 2575 3540 —
2601 3498 2790 3556 CYIlO
2827 3500 3321 3557 SCHOLASTICO.

739 3618 931 3674 Oculos
969 3636 1083 3674 esse
1116 3621 1299 3674 debere
1328 3621 1671 3674 continentes.
1715 3619 1889 3673 Parva
1927 3630 2139 3688 peccata
2185 3619 2605 3688 prwsrindenda,
2645 3635 2710 3673 ne
2741 3637 2931 3688 magna
2969 3622 3216 3676 evadant.

427 3735 566 3789 Ἶσθι
603 3738 687 3791 ὅτι
721 3738 893 3806 ’ἑρπον
925 3737 987 3789 τὸ
1018 3734 1207 3790 δοκοῦν
1242 3734 1435 3805 μικρὸν
1462 3737 1710 3801 πταῖσμα
1752 3728 1927 3798 εἶναι,

354 3832 434 3892 εἰς
486 3829 626 3899 μέγα
652 3828 809 3898 ἕρπει
845 3829 1033 3881 κακόν.
1082 3827 1156 3880 Τὸ
1194 3827 1300 3897 γὰρ
1333 3826 1545 3893 λέγειν,
1585 3825 1754 3878 Ούδὲν
1780 3823 1930 3894 παρὰ

351 3921 510 3973 τοῦτο
559 3919 704 3989 (57),
753 3917 850 3989 τὴν
907 3917 1103 3971 κακίαν
1165 3916 1515 3986 ἐπικωμάσαι
1561 3914 1640 3984 τῷ
1686 3915 1786 3984 βίῳ
1835 3932 1932 3966 πε-

353 4011 569 4077 ποίηκε.
612 4008 803 4062 Πολλοὶ
830 4008 938 4077 γὰρ
965 4008 1243 4077 νομίζουσι
1273 4005 1334 4058 τὺ
1373 4005 1830 4075 περιεργάζεσθαι
1860 4006 1929 4058 τὰ

353 4101 616 4171 ἀλλότρια.
637 4098 805 4170 κάλλη
837 4099 1002 4169 μηδὲν
1026 4096 1166 4152 εἶναι
1186 4116 1201 4130 ο
1224 4099 1289 4151 ὲκ
1315 4098 1371 4151 δὲ
1389 4098 1581 4151 τούτου
1611 4099 1665 4150 αί
1696 4101 1929 4168 μοιχεῖαι

2101 3734 2249 3788 Scito
2285 3734 2539 3803 exiguum
2573 3734 2624 3787 in
2661 3734 2844 3801 specie
2887 3735 3098 3796 vitium,
3137 3735 3405 3802 serpendo
3431 3748 3602 3801 gran-

2028 3823 2148 3876 dius
2180 3823 2315 3877 fieri.
2357 3823 2546 3876 Dicere
2594 3823 2738 3875 enim
2801 3821 2971 3876 illud:
3007 3823 3146 3888 Quid
3207 3831 3316 3876 tum
3380 3822 3606 3890 postea?

2029 3915 2156 3968 vitia
2197 3915 2249 3968 in
2288 3914 2397 3967 vita
2447 3914 2574 3968 fecit
2605 3915 2913 3967 mortalium
2963 3915 3291 3983 ingenerari.
3356 3914 3606 3983 Plerique

2029 4008 2172 4062 enim
2208 4007 2523 4061 existimant
2550 4005 2685 4059 nihil
2717 4019 2836 4060 esse
2869 4005 3101 4058 alienam
3150 4006 3605 4073 pulchritudinem

2030 4096 2272 4152 studiose
2298 4093 2565 4164 speculari
2610 4111 2624 4148 :
2672 4094 2818 4163 atqui
2860 4092 3247 4148 fornicationes
3295 4094 3419 4149 hinc
3454 4093 3608 4149 fami-

1435 4249 1668 4303 γΑιιιίΕ
1704 4248 2091 4304 LECTIONES
2123 4248 2210 4302 ET
2250 4248 2481 4304 NOTAE.

425 4407 538 4472 (54)
579 4403 808 4470 Αίδεσίῳ
839 4403 1187 4463 inscribitur;
1219 4402 1355 4473 forte
1389 4403 1623 4473 Δίδησίῳ
1654 4402 1735 4473 vel
1769 4402 1919 4456 Αίδεο
1956 4403 2010 4459 D.

356 4471 501 4545 σίμῳ
531 4474 633 4541 leg.
669 4473 865 4545 {Edesi
894 4473 1222 4545 cappadocis
1250 4471 1535 4545 ._lam_hlichi
1569 4471 1830 4545 auditoris
1862 4487 1926 4525 ac

356 4542 539 4600 schola
569 4543 900 4597 successoris
933 4543 1200 4610 Euuapius
1244 4542 1539 4596 Sardianus
1581 4542 1844 4603 meminit,
1873 4549 1934 4594 et.

357 4615 579 4668 alterius
601 4613 853 4679 snphista:
877 4612 966 4664 filii
987 4611 1481 4681 Chrysanthii._Ep.
1507 4627 1622 4678 seq.
1649 4625 1743 4677 pro
1769 4627 1930 4681 μεγα-

354 4681 680 4754 λοφροσύνῃ.
711 4681 819 4754 leg.
846 4682 1078 4754 arbitror
1103 4679 1471 4754 μεγαλοσύνη,
1501 4681 1642 4750 quod
1676 4679 1931 4748 majesta-

359 4750 656 4812 tem'nutat,
686 4761 740 4802 et
770 4750 855 4804 hic
887 4750 1135 4816 quadrat.
1171 4753 1406 4804 Senor'r.

433 4820 541 4888 (55)
580 4819 918 4872 Συνάπτεται
953 4818 1071 4872 cod.
1111 4818 1412 4872 Sfortianus
1447 4817 1690 4888 producit
1717 4816 1925 4888 Ῐιισυν-

358 4886 672 4943 ανᾶπτεται.
714 4888 861 4945 Vers.
900 4903 996 4952 pro
1043 4888 1328 4939 σὸέννυται
1376 4887 1534 4942 codd.
1570 4887 1691 4942 Vat.
1739 4886 1841 4941 650
1873 4896 1930 4940 et

360 4959 467 5012 Alt.
500 4957 740 5010 st-rihunt
767 4957 1137 5010 συσϐέννυται.
1165 4956 1374 5013 Possm.
1907 4984 1915 4991 -

435 5027 545 5095 (56)
583 5024 683 5098 P‘ro
711 5025 1154 5098 μεγαλοφροσύνη
1187 5027 1474 5098 sttbepisl.
1501 5027 1525 5079 1
1558 5037 1799 5081 extrema
1831 5046 1929 5098 με-

358 5093 702 5168 τρόφροσύνη
730 5094 952 5168 legitur;
969 5093 1191 5168 caetera
1214 5093 1410 5168 iisdem
1435 5111 1568 5162 pene
1591 5099 1788 5159 verbis,
1814 5093 1930 5166 quae

361 5164 446 5218 hic
506 5164 822 5235 tractantur.
876 5164 978 5235 Sed
1035 5164 1515 5235 μεγαλοφροσύνην
1571 5178 1789 5228 usurpat
1830 5164 1922 5234 ep.

355 5236 482 5289 277.
520 5232 702 5304 Posset
727 5243 784 5304 et
811 5232 1148 5304 μεγαλοσύνη
1179 5232 1299 5304 legi,
1325 5232 1546 5299 quodeo
1567 5236 1770 5303 ὑψηλὸν
1795 5232 1930 5290 dixit

357 5306 516 5373 epist.
553 5301 680 5373 251.
709 5301 857 5373 Adde
885 5313 937 5354 et
969 5302 1059 5373 lib.
1097 5301 1143 5355 tt
1166 5301 1253 5368 ep:
1275 5304 1400 5356 241.
1446 5301 1757 5358 Aristoteles
1794 5307 1931 5358 hanc

357 5369 608 5426 virtutem
640 5372 692 5424 in
723 5369 1084 5424 Nicomachiis
1115 5373 1294 5438 φιλίαν
1326 5383 1480 5425 vocat
1507 5384 1562 5426 et
1599 5374 1926 5438 ὲπιε,ικείαν;

362 5444 414 5494 in
445 5441 650 5510 magnis
677 5451 853 5495 autem
885 5440 1177 5510 Moralibus
1208 5441 1540 5510 σεμνότητα;
1591 5444 1725 5496 hanc
1760 5460 1929 5510 μεγα-

361 5509 718 5578 λοφροσύνην,
753 5511 871 5564 vide
914 5509 1304 5576 Paraphraslen
1344 5509 1704 5564 Andronicum
1747 5509 1850 5570 ibi,
1877 5523 1930 5564 et

362 5582 814 5651 interpret_es,__et
863 5578 1223 5651 Theophrasti
1285 5579 1530 5637 Cltw'act.
1583 5582 1707 5651 περὶ
1765 5580 1919 5637 αὑθὸν

354 5647 586 5720 itagct
614 5649 686 5703 ibi
716 5648 950 5705 Casaub.
987 5648 1226 5704 Scuor'r.

2102 4401 2214 4472 (57)
2258 4402 2449 4456 Οὐδὲν
2465 4401 2623 4468 παρὰ
2647 4403 2842 4456 τοῦτο.
2872 4402 3138 4456 ΡονιιιιιΙειξ
3171 4403 3283 4458 lnnc
3306 4413 3458 4457 vetus
3487 4420 3608 4472 pec-

2031 4481 2150 4525 cata
2175 4474 2355 4526 omnia
2389 4483 2444 4525 ut
2478 4473 2614 4524 levia
2647 4482 2696 4524 et
2732 4473 2858 4525 vitia
2885 4475 3366 4536 contemnentium,
3396 4475 3464 4540 de
3503 4489 3605 4540 qna

2031 4543 2246 4611 disserit
2301 4543 2517 4607 copiose
2566 4543 2626 4592 Β.
2679 4541 2761 4595 Jo.
2811 4543 3269 4611 Chrysostomus,
3326 4536 3607 4595 inculcatis

2032 4609 2322 4664 identidem
2356 4611 2572 4663 humilia
2616 4611 2681 4663 12
2716 4613 2766 4663 in
2815 4609 2982 4678 Epist.
3034 4613 3099 4664 ad
3137 4611 3429 4669 Romanos.
3465 4621 3519 4663 et
3553 4612 3605 4664 in

2032 4679 2263 4746 priorem
2295 4679 2358 4730 ad
2390 4679 2697 4733 CorinlltiOs
2730 4683 2874 4734 hotn.
2908 4681 2973 4745 8;
3018 4682 3144 4732 item
3198 4682 3248 4732 in
3296 4679 3604 4734 Matthe’cum

2030 4763 2277 4802 sermone
2312 4749 2400 4812 50,
2444 4751 2509 4802 de
2557 4751 2623 4803 iis
2668 4750 2888 4816 loquens
2921 4750 3009 4816 qui
3043 4749 3385 4816 elegantioris
3420 4747 3606 4802 ίυτιιιῖθ

2033 4817 2229 4871 calceis
2292 4819 2714 4871 delectabantur.
2769 4819 3000 4870 llursum
3071 4819 3215 4869 hom.
3277 4818 3604 4884 octogesima

2032 4889 2260 4953 septima
2299 4889 2348 4940 in
2389 4887 2577 4940 Matth.
2626 4897 2680 4941 et
2720 4887 3012 4954 Gregorius
3043 4885 3298 4940 Nazianz.
3343 4887 3393 4938 in
3430 4888 3603 4938 locum

2034 4955 2219 5007 Matth.
2265 4972 2382 5023 cap.
2431 4972 2540 5009 XIX.
2591 4957 2907 5008 Plutarchus
2940 4969 3153 5022 quoque
3195 4954 3286 5008 lib.
3325 4956 3601 5020 Quomodo

2032 5041 2085 5077 se
2114 5027 2230 5094 quis
2271 5027 2323 5077 in
2358 5027 2550 5078 virtute
2577 5027 2768 5079 sentiat
2805 5025 3110 5092 profecisse,
3152 5025 3472 5094 hancﬁponit
3506 5040 3604 5077 no-

2036 5093 2140 5144 tam
2187 5096 2228 5148 si
2266 5097 2384 5158 quis
2419 5110 2578 5148 voces
2631 5096 2791 5163 hasce
2829 5093 3241 5163 repudiaverit;
3281 5093 3344 5147 Ti
3394 5095 3502 5163 γὰρ
3543 5094 3606 5146 τὸ

2034 5163 2182 5232 παρὰ
2211 5165 2378 5232 κτοῦτο
2412 5183 2426 5222 ;
2487 5165 2613 5223 καὶ,
2666 5162 2778 5214 Νῦν
2823 5164 2921 5231 μὲν
2948 5161 3138 5226 οὕτως,
3177 5159 3330 5224 αὖθις
3374 5163 3430 5216 δὲ
3471 5159 3605 5231 ’βέλ-

2030 5231 2164 5284 τιον.
2195 5231 2351 5284 Nunc
2378 5235 2579 5301 quidem
2607 5235 2681 5285 ita
2705 5247 2722 5283 :
2755 5232 2889 5285 alias
2917 5248 3034 5285 vero
3067 5232 3274 5286 melius.
3309 5233 3467 5285 Plura
3493 5235 3604 5284 col-

2035 5301 2119 5368 ligi
2164 5318 2320 5363 posse
2359 5304 2552 5355 similia
2602 5303 3103 5368 procrastinationis
3156 5312 3604 5369 contemptusque

2036 5372 2282 5423 vitiorum
2334 5373 2471 5437 apud
2521 5373 2781 5424 Senecam
2831 5382 2887 5423 et
2931 5371 3109 5422 divum
3158 5371 3602 5439 Chrysostommn

2034 5453 2220 5492 auctor
2269 5451 2353 5494 est
2403 5441 2754 5494 Casaubonus
2803 5441 2868 5493 ad
2917 5442 2962 5491 Λ
3026 5439 3192 5493 l‘crsii
3227 5439 3400 5493 locum
3453 5441 3599 5493 illum

2034 5517 2213 5577 satyt'a
2250 5526 2298 5564 ν.

2036 5646 2214 5710 Quid?
2237 5645 2385 5714 quoii
2419 5661 2661 5714 magnum
2695 5660 2871 5712 nempe
2898 5646 3033 5696 diem
3061 5642 3244 5698 donas.
3325 5642 3562 5699 Scnorr.

3346 5841 3380 5869 Ὦ
