4020 6140
338 281 464 348 1337

1277 289 1807 355 EPISTOLARUM
1846 297 1990 356 LIB.
2032 298 2099 358 ν.
2130 325 2199 334 -
2235 296 2469 360 EPIST.
2505 276 2695 362 ium.

3454 304 3589 371 1338

331 400 419 451 λαι
439 397 532 451 τοῦ
559 389 728 450 Ἰοδδα
761 396 859 467 τὴν
885 397 1336 468 φιλοχρηματίαν,
1360 403 1453 456 καὶ
1476 405 1550 474 μὴ
1576 406 1854 476 άνυσάσης
1877 424 1892 473 ;

2023 408 2290 476 efﬁcacia,
2318 421 2377 465 ut
2396 411 2548 467 Judaa
2580 410 2842 481 proditori
2870 411 3082 481 eripere
3111 413 3352 469 avaritia:
3382 417 3586 471 crimen

330 492 392 542 οὐ
428 488 579 560 παρὰ
618 491 716 558 τὴν
746 489 951 540 οἰκείαν
997 488 1280 543 ἀσθένειαν
1303 531 1317 555 ,
1366 492 1502 546 ἀλλὰ
1535 496 1684 565 παρὰ
1715 497 1775 548 τὸ
1808 497 1902 550 τὸν

330 582 597 633 ἀκούοντα
641 580 830 649 κύριον
860 577 996 633 εἶναι
1026 581 1124 650 τῆς
1163 581 1372 646 οἰκείας
1413 583 1660 654 γνώμης,
1689 586 1776 639 διὰ
1804 587 1905 656 τῆς

330 671 805 740 αὑτεξουσιότητος
832 672 975 742 ὅρον,
1011 673 1078 725 δι’
1106 672 1167 726 ὃν
1195 674 1289 725 καὶ
1310 675 1341 725 6
1366 675 1464 744 τῆς
1495 676 1731 746 κρίσεως
1757 676 1905 741 ἀξιό-

328 763 502 833 χρεώς
535 764 651 814 ἐστι
682 762 855 830 λόγος·
886 766 934 816 εἰ
954 764 1133 817 τοίνυν
1160 764 1311 817 ταῦθ’
1341 764 1514 828 οὕτως
1541 765 1673 836 ἔχει,
1712 768 1904 821 ἀποδο-

328 857 429 922 χῆς
457 852 555 918 μὲν
594 851 741 915 ἄξιος
772 855 799 905 ὁ
824 853 892 906 τὰ
927 853 1090 907 αὑτοῦ
1120 853 1365 925 πληρῶν·
1407 854 1667 923 μέμψεως
1695 855 1752 908 δὲ
1807 857 1903 909 καὶ

222 1018 226 1022 ι
330 944 665 1013 κατηγορίας
715 945 743 995 6
776 946 896 1009 ταῖς
929 944 1161 1014 ἀγαθαῖς
1198 946 1553 1017 παραινέσεσι
1588 948 1666 1017 μὴ
1712 947 1899 1001 πειθό-

334 1057 489 1110 μενος
510 1058 523 1071 ο
556 1041 584 1092 6
607 1042 661 1094 δὲ
691 1041 788 1112 τὴν
827 1041 918 1094 τοῦ
951 1040 1061 1111 (49..)
1103 1040 1415 1103 πεισθέντος
1443 1042 1779 1114 κατηγορίαν
1810 1044 1903 1096 ἐπὶ

329 1135 417 1186 τὸν
442 1134 515 1203 μὴ
543 1134 807 1186 πείσαντα
835 1134 1070 1205 τρέπων,
1101 1134 1328 1203 ἠλίθιος,
1364 1135 1459 1188 ἆτε
1490 1136 1584 1187 καὶ
1608 1134 1717 1188 τῶν
1742 1134 1901 1189 θείων

334 1225 425 1276 καὶ
461 1224 566 1277 τῶν
612 1224 965 1294 ἀνθρωπίνων
1009 1226 1348 1297 πραγμάτων
1401 1226 1607 1295 ἀγνοῶν
1657 1225 1755 1296 τὴν
1799 1225 1903 1296 φύ-

334 1331 437 1369 σιν.

623 1424 752 1478 KA'.
795 1454 863 1463 -—
900 1424 1196 1495 ΛΕΟΝΠῼ
1229 1425 1605 1494 ΕΠΙΣΚΟΠῼ.

2007 512 2209 570 posset,
2228 514 2281 558 et
2310 519 2414 557 non
2448 504 2574 559 l‘ecit
2599 522 2612 558 :
2642 504 2803 572 idque
2834 519 2937 557 non
2973 516 3039 556 ex
3068 518 3164 557 sua
3194 504 3586 572 imbecillitate,

2006 594 2100 649 sed
2131 596 2271 663 quod
2301 595 2524 650 audiens
2556 594 2659 649 ista
2691 593 2859 649 ludas
2914 602 3137 664 propter
3182 594 3396 650 arbitrii
3428 597 3589 650 liber-

2009 693 2174 740 tatem
2208 692 2375 748 suam;
2403 686 2457 739 in
2496 693 2761 755 potestate
2794 686 3018 739 haberet
3056 686 3422 739 sententiam?
3472 685 3585 751 Qua

2007 780 2074 834 de
2121 794 2285 835 causa
2329 779 2519 848 judicii
2553 781 2744 836 idonea
2781 790 2865 834 est
2911 780 3176 835 defensio.
3208 780 3337 845 Quae
3365 795 3485 836 cum
3513 783 3585 835 ita

2009 871 2137 935 sint,
2169 871 2324 947 laude
2346 871 2538 941 dignus
2560 881 2643 926 cst
2669 872 2759 940 qui
2795 871 2917 924 talia
2964 886 3155 940 reapse
3200 880 3532 940 exsequatur
3568 889 3581 923 :

2010 958 2173 1030 559
2224 959 2676 1029 vituperationem
2733 968 2925 1016 contra
2982 975 3047 1016 ac
3098 961 3583 1029 reprehensionem

2012 1054 2311 1114 mereatur,
2367 1046 2459 1116 qui
2509 1048 2651 1101 bona
2690 1049 2938 1102 suadenti
2981 1063 3089 1103 non
3140 1056 3347 1115 parcat.
3376 1046 3589 1101 Stultus

2011 1138 2195 1206 itaque
2220 1138 2310 1206 qui
2342 1137 2397 1191 in
2420 1137 2761 1201 suadentem,
2785 1140 2926 1205 quod
2959 1153 3061 1192 non
3094 1138 3438 1208 persuadeat,
3465 1135 3585 1189 ideo

2010 1223 2456 1286 accusationem,
2521 1232 2707 1292 utpote
2755 1225 3058 1279 divinarum
3122 1227 3586 1291 humanarumque

2015 1327 2194 1367 rerum
2228 1315 2467 1387 ignarus,
2503 1325 2810 1369 convertat.
3089 1368 3102 1378 ,

2298 1426 2442 1481 XXI.
2467 1456 2538 1467 ——
2578 1426 2882 1483 LEONTIO
2917 1429 3269 1486 EPISCOI’O.

612 1513 860 1567 Priorum
886 1514 1210 1568 sarerdotum
1248 1530 1365 1569 cum
1394 1515 1478 1569 sui
1516 1515 1612 1569 a’vi
1650 1516 1855 1584 elegans
1894 1526 2237 1583 comparatio.
2288 1515 2412 1570 Vide
2447 1518 2545 1585 in].
2588 1518 2785 1571 similia
2822 1520 2973 1586 epist.
3006 1520 3073 1574 57
3115 1529 3165 1575 ct
3206 1522 3329 1577 126.

402 1628 627 1691 Ὄντως,
666 1625 847 1688 καθὼς
880 1625 1186 1695 γέγραφας,
1222 1626 1415 1679 πολλαί¹
1436 1628 1515 1689 εἰς
1537 1627 1635 1688 τὰς
1669 1626 1902 1696 Ἐκκλη-

334 1718 453 1780 σίας
482 1716 846 1786 ὲπεκὼμασαν
875 1718 1127 1786 ταραχαί.
1158 1717 1333 1772 Ὅπου
1355 1718 1458 1787 γὰρ
1473 1717 1536 1770 τὸ
1559 1718 1658 1786 τῆς
1682 1720 1904 1788 εἰρήνης

331 1802 519 1872 δνομα,
556 1804 733 1857 ἐκεῖσε
768 1806 837 1856 τά
881 1804 975 1857 τοῦ
1004 1804 1242 1873 πολέμου
1274 1806 1412 1875 ἔργα
1443 1806 1677 1876 χορεύει.
1717 1806 1903 1860 Ταῦτα

331 1892 386 1944 δὲ
430 1892 716 1960 συμϐαίνει
745 1893 809 1945 ὲκ
839 1892 933 1945 τοῦ
982 1894 1149 1948 πολλὰ
1179 1896 1272 1947 καὶ
1306 1894 1622 1947 παντοδαπὰ
1649 1894 1907 1965 ἡμαρτῆ-

334 1983 457 2037 σθαι
486 1986 598 2046 τοῖς
628 1982 690 2035 τὸ
722 1983 1097 2037 διδασκαλικὸν
1121 1984 1339 2055 ἀξίωμα
1374 1986 1868 2055 ὲγκεχειρισμένοις
1888 2001 1903 2016 ⁸

331 2069 403 2128 ὧν
427 2074 487 2126 τὸ
523 2074 645 2128 καθ’
675 2073 732 2127 ἓν
774 2074 963 2138 ἐάσας,
996 2074 1052 2127 ἒν
1084 2077 1163 2137 εἰς
1189 2074 1217 2127 ὃ
1258 2074 1435 2128 πάντα
1464 2074 1650 2144 βλέπει
1679 2075 1899 2145 γράψω,

333 2165 564 2234 πρᾶγμα
592 2164 806 2233 ἔντιμον
834 2167 927 2216 καὶ
959 2165 1101 2233 μέγα
1129 2165 1222 2218 καὶ
1260 2164 1510 2234 λαμπρόν
1536 2182 1550 2195 °
1584 2166 1678 2218 καὶ
1716 2165 1743 2217 ὃ
1778 2168 1905 2229 τοὺς

252 2291 267 2297 -
332 2258 643 2315 ἀποστόλων
681 2258 791 2327 (145)
846 2256 1163 2327 συλλόγους,
1196 2259 1270 2321 ὡς
1299 2260 1593 2328 φωστῆρας
1632 2256 1904 2327 πανταχοῦ

330 2348 431 2417 τῆς
454 2348 775 2418 οἰκουμένης
801 2343 940 2401 εἷναι
971 2349 1239 2418 πεποίηκε
1262 2364 1275 2378 ·
1303 2348 1396 2400 νῦν
1427 2348 1740 2420 ρᾳθυμηθὲν
1774 2365 1906 2416 συγ-

333 2439 540 2508 χύσεως
561 2439 823 2508 ἐνέπλησε
852 2438 951 2502 τὰς
993 2439 1319 2508 Ἐκκλησίας
1339 2454 1353 2469 ο
1388 2440 1440 2491 τί
1479 2439 1535 2491 δέ
1564 2441 1678 2491 ἐστι
1707 2439 1902 2505 τοῦτο;

332 2532 524 2599 φράσω
557 2531 694 2600 μετὰ
719 2531 1031 2601 παρρησίας
1054 2568 1069 2594 ,
1102 2531 1198 2583 καὶ
1232 2532 1341 2601 γὰρ
1366 2530 1473 2583 οὐδ’
1508 2530 1574 2584 ἂν
1602 2530 1777 2592 ἄλλως
1813 2530 1906 2582 δυ-

331 2620 565 2690 ναίμηνο
616 2621 699 2673 ὅτι
732 2620 850 2672 τότε
895 2620 993 2689 μὲν
1040 2622 1089 2673 oi
1142 2620 1420 2691 φιλάρετοι
1468 2621 1547 2682 είς
1603 2620 1905 2691 ἱερωσύνην

331 2713 653 2782 προήγοντο,
684 2712 799 2765 νυνὶ
827 2711 882 2764 δὲ
911 2713 960 2764 οἱ
999 2713 1355 2782 φιλάργυροι·
1385 2712 1505 2765 τότε
1538 2713 1587 2764 οί
1614 2711 1904 2781 φεύγοντες

328 2803 391 2856 τὸ
420 2804 651 2873 πρᾶγμα
678 2803 765 2857 διὰ
793 2804 853 2855 τὸ
886 2804 1113 2873 μέγεθος
1146 2805 1243 2874 τῆς
1272 2804 1468 2873 ἀρχῆς,
1497 2802 1591 2855 νῦν
1630 2803 1685 2855 δὲ
1710 2804 1760 2855 οἱ
1784 2805 1906 2856 ἐπι-

332 2893 608 2963 πηδῶντες
634 2892 710 2963 τῷ
737 2894 1017 2963 πράγματι
1043 2933 1057 2956 ,
1079 2894 1165 2946 διὰ
1197 2894 1259 2945 τὸ
1282 2893 1509 2963 μέγεθος
1536 2894 1633 2963 τῆς
1661 2895 1898 2964 τρυφῆς.

330 2985 465 3037 Τότε
510 2987 556 3037 0i
592 2985 945 3057 ἀκτημοσύνῃ
968 2986 1195 3057 ἑκουσίῳ
1228 2986 1669 3055 ἐναϐρυνόμενοι,
1702 2985 1820 3038 νυνὶ
1842 2984 1899 3036 δὲ
1930 3016 1975 3075 c

329 3078 377 3127 οί
421 3076 700 3147 πλεονεξίᾳ
743 3078 975 3146 ἑκουσίῳ
1024 3077 1519 3147 χρηματιζόμενοι·
1561 3076 1681 3128 τότε
1710 3076 1760 3127 οί
1796 3075 1902 3145 πρὸ

329 3167 621 3236 ὀφθαλμῶν
656 3169 871 3236 ἔχοντες
920 3169 981 3219 τὸ
1015 3167 1155 3220 θεῖον
1185 3168 1537 3237 δικαστήριον
1561 3205 1576 3229 ,
1612 3165 1729 3218 νυνὶ
1761 3165 1819 3218 δὲ
1853 3167 1902 3220 οἱ

333 3259 466 3329 μηδὲ
494 3259 696 3312 ἔννοιαν
722 3259 913 3311 τούτου
941 3258 1151 3328 ἔχοντες
1172 3276 1186 3289 ·
1222 3259 1343 3310 τότε
1366 3261 1414 3311 οί
1445 3257 1745 3310 τύπτεσθαι
1768 3273 1785 3287 ·
1808 3256 1905 3310 νῦν

329 3347 385 3399 δὲ
415 3348 462 3399 οἱ
481 3347 701 3401 τύπτειν
726 3347 932 3417 ἕτοιμοι
958 3364 972 3380 ο
1005 3349 1100 3400 καὶ
1128 3346 1180 3399 τί
1202 3347 1283 3399 δεῖ
1300 3348 1367 3399 τὰ
1385 3347 1555 3399 πολλὰ
1574 3346 1753 3413 λέγειν
1778 3363 1792 3413 ;
1816 3363 1905 3417 με·

330 3439 745 3490 ταπεπτωκέναι
772 3437 959 3489 λοιπὸν
994 3436 1056 3489 τὸ
1092 3436 1309 3506 ἀξίωμα
1341 3436 1519 3502 ἔδοξεν
1554 3436 1661 3489 ἀπὸ
1686 3435 1905 3506 ἱερωσύ-

330 3544 429 3596 νης
442 3528 521 3589 εἰς
546 3527 834 3598 τυραννίδα
851 3542 864 3555 '
884 3526 992 3580 ἀπὸ
1006 3528 1507 3599 ταπεινοφροσύνης
1525 3529 1604 3590 είς
1620 3528 1904 3597 ὑπερηφα-

331 3614 478 3668 νίανο
522 3616 628 3668 ἀπὸ
656 3617 905 3687 νηστείας
940 3619 1019 3681 είς
1046 3618 1290 3689 τρυφὴν,
1333 3619 1442 3672 ἀπὸ
1476 3620 1791 3689 οἰκονομίας
1823 3621 1904 3683 είς

329 3704 678 3757 δεσποτείανο
731 3707 792 3758 οὐ
822 3706 931 3777 γὰρ
969 3708 1042 3771 ὡς
1081 3709 1357 3776 οἰκονόμοι
1392 3709 1605 3775 ἀξιοῦσι
1642 3711 1899 3775 διοικεῖν,

328 3793 442 3845 ἀλλ’
479 3793 553 3855 ὡς
593 3794 846 3848 δεσπόται
886 3797 1315 3865 σφετερίζεσθαι.
1360 3797 1547 3849 Ταῦτα
1578 3797 1635 3851 δὲ
1664 3798 1726 3850 οὐ
1762 3798 1903 3851 κατά

330 3884 548 3937 πάντων
591 3886 804 3955 εἴρηται
825 3925 841 3950 ,
871 3886 1007 3940 ἀλλὰ
1034 3886 1175 3939 κατὰ
1216 3887 1327 3942 τῶν
1363 3887 1561 3957 ἐνόχων
1584 3904 1599 3918 ·
1652 3888 1759 3940 είσὶ
1786 3888 1905 3959 γάρ

329 3974 467 4025 εἰσιν
498 3973 546 4024 οἳ
578 3974 718 4027 κατὰ
748 3973 837 4026 τὸν
870 3975 1227 4030 ἀποστολικὸν
1260 3977 1359 4046 μὲν
1388 3976 1524 4038 ζῶσι
1557 3976 1901 4047 χαρακτῆρα,

333 4063 489 4132 ῥῆξαι
520 4064 575 4114 δὲ
604 4066 785 4135 φωνὴν
818 4067 892 4136 μὴ
908 4067 1218 4136 τολμῶντες
1238 4085 1252 4100 ν
1285 4070 1333 4121 εί
1363 4069 1458 4122 καὶ
1483 4069 1603 4124 λίαν
1630 4071 1737 4124 είσῖ
1764 4070 1903 4124 κατὰ

328 4153 485 4205 τοῦτο
518 4155 676 4223 μόνον
708 4159 976 4226 μεμπτοὶ,
1002 4160 1085 4211 ὅτι
1112 4159 1408 4223 δεδοικότες
1445 4161 1553 4215 τῶν
1589 4162 1902 4217 ἀκολάστων

328 4244 388 4295 τὸ
412 4246 648 4313 πλῆθος,
686 4249 746 4300 τό
784 4266 847 4316 γε
887 4251 966 4313 εἰς
1005 4252 1198 4315 αὐτοὺς
1235 4248 1391 4325 ἧκον,
1426 4253 1524 4322 τῆς
1559 4253 1899 4325 τηλικαύτης

326 4333 663 4406 διορθώσεως
695 4340 976 4408 ἁμελοῦσ..

2083 1627 2200 1682 Non
2230 1641 2417 1697 pauca:
2440 1627 2713 1697 proiecto,
2762 1639 2824 1684 ut
2871 1631 2938 1684 ad
2979 1645 3065 1686 me
3090 1633 3477 1702 perscripsisti,
3527 1635 3583 1691 in

2007 1717 2266 1774 Ecclesiis
2300 1718 2471 1774 turbae
2498 1729 2623 1775 sunt
2652 1722 2920 1776 excitatae.
2958 1721 3078 1797 ¹1.]Ιή
3119 1724 3265 1778 enim
3298 1727 3445 1794 pacis
3487 1742 3585 1781 no-

2009 1821 2156 1872 men,
2184 1807 2260 1864 ibi
2310 1823 2399 1864 res
2443 1809 2651 1864 bellica:
2698 1820 2952 1880 regnant.
2980 1811 3037 1866 1d
3070 1826 3199 1867 vero
3240 1814 3423 1870 multis
3462 1831 3583 1885 gra-

2008 1897 2274 1967 vibusque
2291 1913 2477 1954 eorum
2505 1901 2771 1969 peccatis,
2806 1902 3005 1971 quibus
3033 1902 3261 1959 docendi
3295 1904 3429 1959 alios
3462 1921 3584 1959 mu-

2009 2003 2111 2042 nus
2142 1989 2422 2053 iucumbit,
2456 1999 2542 2045 est
2584 1992 2955 2060 imputandum
2993 2009 3007 2045 :
3042 2008 3159 2062 quae
3191 2010 3298 2048 non
3346 1995 3583 2066 singula-

2010 2077 2103 2132 tim
2129 2079 2608 2135 excutiam.Uuum
2639 2082 2929 2147 duntaxat,
2951 2097 3061 2150 quo
3090 2094 3337 2153 spectant
3361 2095 3579 2152 caatera,

2008 2167 2074 2222 de
2102 2169 2284 2224 multis
2314 2185 2588 2241 magnum,
2611 2173 2983 2227 venerandum
3012 2184 3174 2244 atque
3198 2175 3407 2232 illustre
3431 2191 3583 2231 com-

2008 2262 2363 2316 memorabo:
2413 2263 2573 2332 idque
2620 2265 3039 2332 apostolicorum
3089 2266 3329 2321 virorum
3379 2277 3579 2321 emtum

2008 2361 2066 2406 ut
2112 2352 2399 2407 luminaria
2433 2368 2531 2422 per
2563 2363 2777 2420 totum,
2829 2371 2935 2423 qua
2972 2356 3268 2421 habitatur,
3313 2368 3581 2413 terrarum

2006 2442 2193 2498 orbem
2224 2444 2529 2507 constituit,
2563 2458 2709 2499 nunc
2742 2444 2797 2499 id
2836 2445 3009 2513 ipsum
3040 2447 3341 2515 neglectum
3398 2446 3583 2502 Eccle-

2006 2532 2118 2586 sias
2147 2532 2199 2586 in
2230 2534 2699 2589 conturbationem
2729 2536 2911 2592 vertit.
2955 2535 3093 2601 Quid
3140 2538 3358 2593 tandem
3383 2538 3436 2593 id
3463 2537 3584 2594 est?

2007 2621 2239 2692 inquies.
2287 2622 2496 2691 Dicam,
2536 2639 2712 2695 neque
2758 2626 2903 2681 enim
2954 2628 3114 2683 aliter
3138 2643 3357 2697 queam,
3391 2629 3580 2685 libere.

2007 2711 2455 2783 Quandoquidem
2493 2716 2695 2771 virtute
2727 2725 2838 2771 tum
2877 2719 3081 2787 praediti
3113 2719 3419 2773 sacerdotio
3451 2730 3578 2773 sunt

2005 2801 2209 2856 admoti
2247 2821 2262 2856 :
2306 2820 2451 2859 nunc
2479 2819 2610 2860 vero
2637 2807 2785 2860 avari
2820 2823 2885 2863 ac
2921 2807 3165 2878 pecunia:
3194 2808 3395 2877 cupidi.
3429 2807 3584 2863 Tunc

2005 2891 2232 2961 imperia
2284 2893 2679 2963 dignitatesque
2732 2897 2801 2951 ob
2851 2898 2927 2952 rei
2980 2899 3404 2967 magnitudinem
3429 2898 3584 2954 delu-

2009 2981 2248 3050 giebant,
2297 2992 2356 3036 ut
2398 2976 2794 3051 Nazianzenus,
2849 2986 3298 3058 Chrysostomus,
3344 3000 3399 3044 et
3448 2990 3580 3058 alii;

2007 3086 2150 3127 nunc
2167 3084 2297 3126 vero
2314 3086 2379 3127 ex
2402 3083 2592 3141 sponte
2615 3087 2917 3142 assumunt,
2937 3077 3008 3132 ob
3028 3078 3343 3131 deliciarum
3372 3078 3581 3146 copiam

2007 3172 2172 3234 atque
2198 3165 2479 3218 invadunt.
2513 3164 2668 3219 Tunc
2696 3166 2996 3220 voluntaria
3040 3176 3353 3237 paupertate
3382 3167 3582 3237 gloria-

2009 3255 2242 3321 bantur;
2287 3270 2430 3311 nunc
2476 3255 2706 3311 habendi
2752 3259 3049 3328 cupiditate
3095 3269 3391 3329 spontanea
3435 3273 3585 3327 quae-

2005 3358 2151 3402 stum
2214 3345 2444 3402 faciunt.
2511 3344 2665 3401 Tunc
2714 3348 2807 3403 Dei
2852 3349 3115 3416 judicium
3143 3358 3269 3405 ante
3302 3349 3488 3403 oculos
3516 3349 3584 3404 iis

2005 3440 2321 3495 versabatur
2348 3458 2363 3495 :
2390 3455 2533 3495 nunc
2568 3456 2636 3495 ne
2667 3440 2908 3509 cogitant
2933 3441 3153 3510 quidem
3191 3443 3256 3497 de
3284 3442 3395 3495 illo.
3426 3440 3583 3494 Ttmc

2004 3530 2165 3602 ﬂagra
2208 3532 2449 3602 perpeti;
2500 3548 2642 3587 nunc
2685 3533 2909 3587 verbera
2949 3533 3192 3602 inﬂigere
3224 3534 3420 3603 parati.
3463 3532 3575 3587 Sed

2003 3622 2131 3692 quid
2186 3621 2429 3689 pluribus
2474 3631 2558 3676 est
2595 3622 2768 3691 opus?
2805 3621 3086 3679 Recidisse
3125 3624 3237 3692 jam
3292 3622 3582 3679 sacerdotii

2003 3713 2321 3782 dignitatem
2346 3714 2415 3767 ad
2444 3713 2706 3781 regnandi
2747 3714 3057 3782 cupidinem
3104 3723 3347 3782 apparet,
3374 3715 3442 3768 ab
3478 3715 3580 3767 hu-

2004 3803 2233 3858 militate
2266 3806 2333 3858 ad
2369 3803 2705 3872 superbiam,
2755 3820 2784 3857 a
2833 3804 3041 3874 jejunio
3082 3805 3150 3859 ad
3188 3805 3408 3859 delicias
3456 3820 3580 3873 pro-

2004 3892 2233 3961 lapsam,
2281 3907 2311 3946 a
2358 3892 2762 3959 dispensatione
2808 3894 3042 3961 denique
3071 3895 3137 3947 ad
3162 3893 3460 3948 dominium
3485 3909 3580 3949 vc-

2004 3985 2171 4039 nisse.
2207 3981 2324 4037 Non
2350 3982 2494 4037 enim
2528 3991 2587 4036 ut
2630 3981 3028 4051 dispensatores
3055 3984 3437 4038 administrare
3464 3997 3579 4037 rem

2003 4074 2216 4138 volunt,
2258 4072 2352 4127 sed
2397 4082 2455 4126 ut
2503 4072 2708 4128 domini
2739 4073 2843 4127 sibi
2886 4074 3103 4143 propria
3134 4074 3425 4128 vindicant.
3456 4072 3580 4127 llaec

2004 4177 2132 4217 vero
2164 4176 2273 4216 non
2310 4161 2362 4214 in
2391 4175 2579 4215 omnes
2600 4160 2742 4215 dicta
2771 4160 2903 4228 sint,
2936 4162 3029 4216 sed
3057 4162 3108 4215 in
3142 4176 3263 4216 reos
3288 4177 3349 4216 ac
3375 4171 3576 4216 sontes.

2004 4254 2325 4318 Sunlenim,
2366 4262 2511 4318 sunt,
2536 4253 2778 4322 inquam,
2804 4253 2897 4322 qui
2931 4254 3091 4308 hodie
3118 4253 3186 4308 ad
3222 4253 3577 4323 apostolicam

1932 4341 1976 4397 D
2012 4348 2201 4401 vivunt
2239 4358 2710 4409 normam,vocem
2742 4355 2919 4399 tamen
2942 4345 3187 4399 emittere
3201 4360 3302 4401 non
3322 4344 3575 4398 audeant.

328 4429 445 4494 Quo
487 4431 649 4517 etiam
700 4443 827 4487 sunt
869 4438 1084 4490 nomine
1123 4438 1461 4505 potissimum
1512 4440 1847 4509 improbandi
1873 4482 1887 4506 ,
1923 4441 2069 4511 quod
2140 4440 2511 4510 improborum
2563 4439 2723 4493 veriti
2786 4440 3209 4506 multitudinem,
3244 4438 3386 4509 quod
3411 4436 3578 4492 ofﬁcii

329 4528 412 4574 est
452 4520 715 4589 ipsorum,
757 4534 949 4590 nempe
992 4525 1294 4594 huiusmodi
1320 4529 1610 4596 corripere,
1644 4530 1699 4584 id
1722 4532 2030 4602 negligunt.
2314 4520 2319 4523 ’
3090 4517 3104 4525 ’

600 4634 731 4687 ΚΒ’.
768 4663 839 4673 -
869 4636 1123 4691 ΔΑΝΙΗΛ
1160 4638 1632 4709 ΠΡΕΣΒΥΤΕΡῼ.

2274 4640 2441 4694 XXII.
2474 4671 2537 4682 -—
2556 4641 2822 4698 DANIELI
2852 4643 3325 4701 PRESBYTERO.

1432 4726 1809 4796 lgnoscendnm
1839 4730 1993 4785 etiam
2036 4746 2137 4783 non
2168 4730 2477 4799 postulanti.

399 4836 461 4887 Εί
492 4836 587 4889 καὶ
629 4838 658 4890 6
688 4837 981 4908 χρεωστῶν
1014 4856 1095 4893 σοι
1140 4840 1434 4907 ἀπολογίαν
1476 4840 1603 4893 οὔτε
1652 4844 1898 4896 ἀπαιτεῖ-

328 4940 418 4976 ται
456 4924 563 4975 άπὸ
590 4925 705 4991 σοῦ,
744 4926 867 4980 οὔτε
901 4928 1156 4999 ἄγχεται’
1187 4929 1265 4982 διὸ
1292 4930 1388 4983 καὶ¹
1416 4930 1576 4994 αὐτὸς
1607 4932 1901 4998 ἀπολογίαν

327 5013 434 5081 ἡγῇ
467 5012 609 5082 ἔχειν
634 5016 725 5066 τοῦ
763 5018 835 5086 μὴ
867 5018 1057 5088 ἐκείνῳ
1094 5022 1573 5092 συγκεχωρηκέναι
1604 5022 1662 5072 τὸ
1690 5021 1796 5074 τῶν
1821 5023 1900 5083 εἰς

331 5104 387 5154 σὲ
423 5106 776 5175 πταισμάτων
819 5111 996 5179 χρέος,
1038 5111 1154 5164 ἀλλ’
1196 5112 1356 5175 αὐτὸς
1394 5114 1487 5164 καὶ
1539 5114 1613 5181 μὴ
1645 5130 1896 5185 παρακα-

326 5192 541 5260 λοῦντι,
576 5198 712 5268 μηδὲ
743 5201 1074 5273 συγγνώμην
1105 5203 1344 5258 αἰτοῦντι
1389 5204 1529 5256 δίδου
1564 5204 1768 5274 ταύτην
1793 5243 1808 5269 ,
1844 5208 1892 5257 εἰ

2084 4843 2220 4913 Etsi,
2256 4847 2349 4914 qui
2384 4856 2435 4901 te
2466 4847 2711 4912 olfeudit,
2767 4862 2941 4917 nequc
2976 4849 3188 4900 veniam
3216 4863 3244 4900 a
3295 4857 3344 4901 te
3393 4860 3583 4917 postu-

2008 4936 2103 5001 lat,
2143 4951 2208 4990 ac
2255 4952 2321 4990 ne
2369 4948 2651 5007 propterea
2699 4939 2911 5007 quidem
2958 4941 3216 5008 angitur:
3265 4939 3404 4993 unde
3434 4950 3486 4993 et
3522 4951 3575 4991 tu

2004 5042 2266 5083 excusare
2304 5038 2354 5082 te
2388 5044 2548 5097 posse
2593 5030 2809 5093 videris,
2867 5045 2970 5084 non
3020 5030 3276 5098 impensa:
3314 5031 3575 5085 hactenus

2005 5116 2077 5169 illi
2128 5118 2179 5170 in
2215 5127 2267 5171 te
2322 5119 2734 5172 connuissorum
2778 5120 2983 5172 veniam
3018 5128 3070 5171 tu
3132 5129 3307 5173 tamen
3358 5121 3571 5173 veniam

2003 5206 2096 5269 illi,
2137 5206 2261 5260 licet
2296 5221 2415 5261 eam
2475 5221 2579 5260 non
2626 5206 2847 5275 rogeris,
2871 5215 2964 5259 aut
3005 5205 3277 5275 efllagitct,
3318 5207 3569 5277 indulge;

1433 5355 1665 5410 VARIIE
1704 5356 2086 5411 LECTIONES
2124 5357 2207 5411 ET
2239 5357 2470 5413 ΝΟΤᾹΞ.

403 5509 507 5576 (l2)
551 5508 690 5559 Inter
728 5508 824 5559 τοῦ
872 5518 927 5564 et
978 5510 1284 5571 πεισθέντος
1331 5511 1483 5565 codd.
1530 5507 1692 5564 iidem
1737 5510 1895 5563 ambo

331 5578 571 5634 inserunt
740 5577 943 5642 possin.

405 5645 513 5713 (45)
555 5645 656 5698 ίίὀ
687 5647 997 5700 ἀποστόλων
1030 5645 1147 5700 cod.
1190 5647 1304 5701 Val.
1340 5648 1441 5705 650
1473 5658 1527 5703 et
1556 5648 1719 5705 Sl'ort.
1766 5648 1901 5704 scri‘

2006 5511 2138 5589 bunt
2178 5512 2611 5589 αποστρλικούςτ.
2639 5513 2792 5589 Vers.
2837 5512 3052 5589 iudc_4,
3076 5522 3230 5589 _antc
3256 5513 3570 5589 ,ἱερωσύνην

2006 5583 2159 5635 codd.
2192 5582 2306 5637 Vat.
2342 5582 2444 5636 650
2473 5591 2525 5637 et
2551 5580 2659 5639 Alt.
2692 5583 2889 5638 addunt
2921 5583 3039 5653 τήν.
3072 5581 3146 5639 lo.
