4020 6140
481 261 614 325 I339
1642 267 1701 326 S.
1743 268 2032 329 ISIDORI
2072 269 2507 329 PELUSIOTAE
3582 270 3711 339 I340

460 378 523 430 ξεί
574 374 687 430 lieri
732 385 925 445 potest,
969 378 1276 445 quempiam
1322 379 1387 431 ad
1432 393 1555 432 eum
1605 379 1904 444 mittendo;
1948 381 2030 434 sin

2138 382 2235 451 μὲν
2280 381 2536 446 δυνατὸν,
2579 380 2786 433 ἐκεῖνον
2840 379 3337 450 μεταπεμψάμενος
3362 398 3375 412 ”
3416 382 3473 434 είς
3511 382 3571 434 δὲ
3615 385 3704 455 μὴ,

477 463 674 527 minus,
704 463 755 517 in
781 465 959 517 animo
988 474 1077 518 tuo
1107 465 1179 518 illi
1213 466 1456 530 remitte,
1494 476 1549 522 et
1574 468 1681 521 noli
1711 469 1880 521 videri
1918 469 2040 521 imi-

2146 467 2285 522 κατά
2311 469 2526 533 σαυτὸν,
2562 469 2656 520 καὶ
2684 469 2758 537 μὴ
2788 468 2903 537 (44)
2939 468 3129 535 φαίνου
3162 469 3304 538 δρῶν
3330 470 3401 523 τὰ.
3430 472 3539 523 τῶν
3573 473 3707 542 ἀμὺ·

477 561 617 605 tatus
666 566 779 613 eos,
825 555 1110 608 commissa
1149 554 1200 607 in
1255 571 1313 607 se
1362 556 1544 609 ulcisci
1581 557 1670 625 qui
1713 557 1893 610 velint.
1949 558 2040 612 Sic

2143 558 2330 610 νεσθαι
2364 558 2773 628 ἐπιθυμούντων
2800 576 2815 590 ·
2843 557 2985 611 οὕτω
3014 558 3123 627 γὰρ
3162 561 3411 625 κάκεῖνος
3449 563 3707 626 αἰδεσθείς

475 640 616 694 enim
657 650 713 696 et
742 642 830 695 ille
850 642 919 696 ob
946 652 1088 695 tuam
1122 645 1331 698 vivendi
1378 647 1635 699 rationem
1677 645 1870 699 rubore
1905 662 2036 699 con-

2146 663 2239 698 σου
2267 647 2365 717 τὴν
2398 648 2737 716 φιλοσοφίαν,
2766 647 2959 701 ἑαυτὸν
2985 649 3293 719 ἀμυνεῖται,
3342 651 3419 715 ὡς
3451 654 3590 723 ἀγῑῳ
3616 656 3704 707 ἀν-

473 729 645 796 fusus,
686 745 745 786 se
787 732 899 801 ipse
934 734 1245 798 ulciscatur,
1279 743 1339 787 ut
1382 746 1573 790 sancto
1602 735 1722 789 viro
1767 736 2031 792 infensus.

1150 744 1245 798 Lttr,
1279 743 1339 787 ut
1382 746 1573 790 sancto
1602 735 1722 789 viro
1767 736 2031 792 infensus.
2139 735 2227 806 δρὶ
2261 737 2737 808 προσκεκρουκώς.

605 841 766 912 560
795 842 1081 915 ΧΧΙΙΙ.ε-
1104 844 1490 902 THEODOSIO
1541 846 1893 905 EPISCOPO.

1831 849 1893 905 0.
2417 851 2543 905 Kl".
2581 881 2654 891 —
2688 851 3029 923 ΘΕΟΔΟΣΙῼ¹
3052 853 3418 925 ΕΠΙΣΚΟΠῼ.

683 953 747 1008 In
776 959 978 1024 magnis
1014 960 1088 1012 vel
1119 960 1341 1014 voluisse
1371 970 1454 1014 sat
1487 971 1581 1016 est.
1614 960 1682 1016 Ut
1717 964 1883 1016 desint
1921 966 2073 1028 vires,
2107 970 2279 1016 tamen
2302 970 2379 1016 est
2410 961 2681 1015 laudanda
2719 962 2981 1018 voluntas.
3015 962 3145 1017 Vide
3182 965 3331 1032 epist.
3368 964 3493 1019 εδδ.

539 1066 694 1122 Vinci
738 1069 805 1121 ab
847 1070 949 1125 illis
997 1073 1160 1126 rebus
1199 1082 1351 1142 turpe
1378 1089 1480 1127 non
1512 1084 1617 1138 est,
1657 1090 1791 1144 quas
1815 1076 2032 1144 exsequi

2208 1078 2324 1129 Οὐκ
2354 1076 2577 1147 αἰσχρὸν
2614 1075 2877 1145 ἡττᾶσθαι
2905 1076 3111 1131 τούτων
3131 1117 3146 1142 ,
3181 1070 3255 1130 ὧν
3295 1079 3571 1148 ἀμήχανον
3604 1100 3698 1134 πε-

470 1154 697 1208 arduum
744 1157 815 1211 sit
866 1171 930 1211 ac
973 1160 1307 1227 perdifficile.
1366 1162 1507 1216 Cave
1541 1163 1705 1232 igitur
1755 1172 2034 1232 superatos

2141 1168 2367 1237 ριεϊναιο
2418 1166 2493 1236 μὴ
2543 1166 2725 1220 τοίνυν
2772 1166 2908 1237 μηδὲ
2954 1166 3115 1229 αὐτὸς
3170 1167 3435 1236 ἡττᾶσθαι
3474 1171 3697 1241 νομίσῃς

469 1245 679 1312 credas,
723 1249 813 1317 qui
859 1250 967 1303 luis
1020 1250 1266 1306 laudibus
1311 1253 1665 1321 praedicandis
1700 1254 1917 1322 dignum
1954 1255 2036 1308 af-

2136 1256 2264 1317 τοὺς
2306 1256 2419 1317 τοῖς
2467 1256 2579 1317 σοῖς
2610 1254 2852 1319 ἐπαίνοις
2897 1255 3022 1318 τοὺς
3073 1255 3265 1324 λόγους
3318 1256 3574 1321 ἐξισῶσαι
3624 1260 3696 1329 μὴ

468 1333 611 1389 ferre
640 1348 907 1405 nequeant
939 1340 1284 1406 praeconium,
1330 1343 1423 1395 sed
1462 1342 1739 1396 voluntate
1784 1353 2031 1412 suscepta

2134 1345 2482 1415 δυναμένους,
2503 1344 2640 1398 ἀλλά
2656 1345 2753 1417 τὴν
2767 1345 3079 1416 προαίρεσιν
3097 1346 3488 1416 ἀποδεχόμενος
3510 1351 3697 1415 συγγί-

470 1425 827 1484 imbecillitati
877 1430 1110 1499 ignosce.
1167 1432 1353 1488 Melius
1391 1433 1533 1487 enim
1563 1448 1686 1489 esse
1721 1435 2032 1489 existimant

2131 1452 2307 1488 νωσκε
2340 1437 2408 1505 τῇ
2437 1435 2743 1506 ἀσθενενίᾳ.
2786 1437 3043 1507 Ἀμεινον
3068 1436 3176 1506 γὰρ
3204 1438 3494 1507 ἡγούμενοι
3526 1440 3588 1491 τὸ
3615 1441 3695 1491 ὲν-

469 1517 743 1581 mortales,
774 1519 951 1574 minus
980 1521 1205 1584 dixisse,
1240 1537 1400 1591 quam
1428 1525 1766 1594 negligentiae
1798 1535 2032 1580 contem-

2128 1523 2262 1588 δεῶς
2304 1526 2507 1595 φράσαι
2537 1526 2631 1579 τοῦ
2666 1527 2957 1596 ὀλιγωρίας
2989 1528 3205 1598 γραφὴν
3235 1529 3564 1600 ὑποστῆναι,
3596 1546 3695 1583 κα-

466 1614 701 1673 ptusque
745 1609 1165 1673 accusationem,
1208 1611 1360 1678 quasi
1412 1612 1599 1681 ingens
1643 1614 1865 1667 nimium
1920 1614 2029 1668 sint

1572 1627 1599 1666 s
1643 1614 1865 1667 nimium
1920 1614 2029 1668 sint
2061 1676 2099 1689 Ἀ
2129 1617 2470 1685 τατολμῶσιν
2498 1618 2787 1686 ἀνεφίκτου
2816 1619 3156 1689 πράγματος.

466 1696 735 1763 negotium
769 1698 1028 1767 aggressi,
1055 1676 1344 1753 sustinere.
1472 1676 1495 1681 ⁷
2060 1676 2101 1727 Β

700 1807 888 1867 XXIV.
917 1841 987 1851 —
1019 1810 1272 1867 ΖΟΖΙΜΟ
1300 1812 1779 1869 PRESBYTERO.

2404 1812 2529 1865 KA’.
2568 1840 2634 1851 —
2672 1810 2921 1880 ΣΩΣΙΜῼ
2953 1809 3416 1884 ΠΡΕΣΒΥΤΕΣῼ.

913 1922 1016 1992 Qui
1041 1920 1119 1977 bis
1155 1923 1207 1976 in
1230 1924 1465 1978 eumdem
1504 1926 1738 1994 impingit
1770 1925 2019 1994 lapidem,
2057 1940 2159 1979 non
2184 1932 2409 1977 meretur
2435 1922 2654 1975 veniam.
2680 1919 2894 1988 Confer.
2922 1923 3076 1988 epist.
3108 1922 3233 1975 567.

527 2031 802 2102 Nuperum
850 2041 998 2088 tuum
1038 2033 1292 2088 delictum
1337 2034 1424 2088 illa
1468 2036 1680 2090 occasio
1716 2035 2025 2102 excusavit,

2200 2034 2272 2085 Τὸ
2332 2033 2430 2101 μὲν
2485 2030 2751 2102 πρότερόν
2808 2048 2902 2084 σου
2952 2033 3323 2103 παρανόμημα
3348 2073 3364 2098 ,
3421 2035 3694 2104 πρόφασις

459 2125 599 2191 quod
634 2125 857 2178 fratrem
880 2125 1030 2177 visus
1054 2137 1203 2177 esses
1228 2123 1534 2180 defendere.
1568 2125 1695 2180 Ilaec
1733 2142 1861 2181 vero
1890 2127 2022 2195 legis

2126 2123 2402 2193 εὐπρεπὴς
2426 2123 2599 2176 ἐδόκει
2628 2124 2799 2176 ποιεῖν
2825 2122 3166 2191 συγγνωστὸν
3193 2125 3221 2176 ό
3243 2123 3464 2190 ἀδελφός
3485 2142 3578 2177 σου
3606 2128 3690 2179 ὲκ-

458 2214 826 2279 ιιτωνιιτίειιιὶο
873 2212 1078 2267 nullutn
1126 2222 1303 2268 tamen
1355 2214 1571 2284 praefert
1630 2228 1948 2284 praetextum
2002 2232 2019 2269 :

2126 2209 2437 2278 δεδικῆσθαι
2473 2209 2858 2279 νομιζόμενος·
2890 2207 2984 2261 τοῦ
3012 2209 3069 2262 δὲ
3096 2209 3193 2262 νῦν
3224 2213 3687 2281 παρανομήματος

455 2302 562 2355 imo
594 2311 646 2356 et
673 2303 852 2367 priore
883 2303 1034 2356 venia
1072 2304 1341 2358 excidisti.
1391 2304 1446 2358 Si
1493 2305 1635 2359 enim
1688 2306 1797 2360 laesi
1838 2307 2019 2363 fratris

2126 2300 2278 2351 οὐδὲν
2326 2298 2566 2351 τοιοῦτον
2616 2298 2760 2367 ἔχεις
2805 2299 3216 2368 παραπέτασμα
3236 2302 3267 2364 ,⁵
3287 2300 3425 2352 ἀλλά
3461 2302 3556 2353 καὶ
3592 2302 3690 2373 τῆς

457 2392 530 2444 ιιιὶ
554 2392 725 2460 gratia
755 2392 904 2460 prius
932 2392 997 2446 de
1020 2392 1125 2448 alio
1150 2395 1425 2462 sumpsisti
1458 2395 1775 2460 vindictam,
1797 2410 1903 2465 qua
1934 2411 2018 2448 ra-

2128 2390 2394 2459 προτέρας
2427 2388 2758 2457 συγγνώμης
2799 2388 3053 2452 ὲξέπεσες
3072 2406 3087 2420 ο
3131 2391 3181 2441 εί
3205 2388 3311 2459 γάρ
3340 2390 3430 2443 διὰ
3460 2390 3553 2444 τὸν
3577 2393 3692 2445 ἀδι-

451 2480 598 2533 tiuue
625 2480 798 2548 ipsum
828 2494 988 2543 nunc,
1006 2493 1176 2549 quem
1206 2495 1236 2533 a
1273 2490 1325 2535 te
1356 2490 1750 2551 propugnatura
1780 2481 2007 2546 asseris,

2120 2478 2358 2548 κηθέντα
2387 2496 2480 2530 σου
2514 2478 2741 2547 ἀδελφὺν
2772 2478 2965 2548 πρώην
2988 2479 3219 2548 ἠμύνου,
3243 2481 3360 2544 πῶς
3386 2482 3548 2535 αὑτὸν
3576 2484 3693 2536 νυνὶ

451 2569 644 2622 ιειειιετε
674 2568 865 2623 iterum
891 2582 955 2623 ac
984 2584 1078 2638 per
1104 2569 1287 2623 omnia
1325 2570 1601 2638 exagitare
1632 2571 1854 2626 minime
1885 2585 2011 2624 eru-

2119 2568 2211 2621 τδν
2236 2569 2376 2639 ὑπὲρ
2405 2560 2465 2620 οὗ
2497 2568 2639 2635 τότε,
2675 2569 2750 2631 ὡς
2780 2570 2907 2638 φῂς,
2948 2569 3157 2639 ἡμύνου
3184 2570 3386 2624 ἀδικῶν
3412 2574 3505 2626 καὶ
3534 2573 3698 2626 ἐλαύ-

448 2655 669 2712 bescis?
696 2656 1039 2715 Manifestum
1064 2658 1195 2714 hinc
1226 2660 1409 2715 evadit.
1450 2669 1507 2715 et
1548 2662 1652 2717 hoc
1684 2662 1805 2715 data
1838 2661 1932 2717 abs
1960 2673 2012 2717 te

2118 2675 2221 2712 νων
2281 2657 2542 2710 πάντοθεν
2587 2657 2688 2709 οὐκ
2750 2657 3010 2729 αἱσχύνῃ;
3067 2660 3235 2729 Δῆλος
3286 2661 3466 2714 τοίνυν
3533 2662 3690 2730 γιξγο⁴

446 2759 609 2811 opera
634 2746 1003 2801 commissum.
1034 2746 1136 2812 Qui
1181 2748 1324 2802 enim
1353 2748 1509 2804 fratri
1550 2764 1654 2805 non
1700 2750 1896 2819 parcit,
1942 2750 2011 2805 ab

2116 2764 2210 2811 νας
2235 2746 2431 2816 (45)¹ὲ.κ
2453 2745 2643 2799 τούτου
2673 2747 2895 2800 κάκεῖνο
2927 2750 2991 2801 ὲκ
3019 2750 3392 2821 προαιρέσεως
3416 2753 3649 2823 ποιήσας
3668 2769 3687 2781 ’

447 2832 676 2889 aliorum
700 2834 895 2904 injuria
925 2836 1195 2906 quomodo
1232 2836 1335 2891 sibi
1366 2839 1765 2907 temperaverit.

2117 2838 2146 2890 ὁ
2168 2836 2276 2906 γὰρ
2300 2835 2526 2907 ἀδελφοῦ
2559 2836 2637 2907 μὴ
2659 2837 2993 2908 φειδόμενος,
3026 2837 3149 2905 πῶς,
3164 2839 3230 2893 ἂν
3247 2840 3525 2912 ἀλλοτρίου
3552 2843 3692 2906 ἐφεί-

2119 2943 2277 2970 σατοτ

2119 2943 2279 2992 σατο;

512 3028 677 3095 XXV.
725 3062 798 3074 —
853 3032 1255 3174 HIERASlQN;
1291 3035 1388 3180 (
1444 3052 1656 3096 IllEnACl
1717 3053 1943 3094 macoao
2566 3038 2696 3091 ΚΕῖ.
2743 3066 2814 3080 -
2854 3037 3261 3109 IEPAKIQNI,

1171 3122 1222 3158 ιη
1252 3123 1309 3160 ra
1353 3148 1369 3162 .

1070 3120 1128 3159 ut
1171 3120 1309 3162 ιηιηι
1331 3120 1369 3162 I.

1618 3225 1849 3279 Mundus
1887 3221 2151 3277 muliebris
2188 3220 2301 3289 quis
2332 3234 2502 3272 verus.

510 3329 695 3399 Neque
719 3346 978 3400 purpura,
1013 3336 1199 3406 neque:
1229 3337 1570 3406 splendentes
1617 3350 1841 3405 gemmae
1884 3348 2016 3387 auro

2184 3327 2296 3397 Οὐχ
2339 3327 2657 3397 ὑφάσματος
2684 3328 2946 3399 ἁλουργὲς
2969 3326 3119 3393 αἶθος
3140 3370 3156 3397 ,
3189 3331 3309 3384 οὐδὲ
3349 3331 3515 3386 λίθων
3560 3349 3688 3387 ποι-

439 3420 678 3476 admistte
711 3437 837 3479 vere
886 3422 1129 3480 efficiunt
1176 3429 1432 3480 mundum
1464 3426 1799 3480 muliebrem.
1829 3422 2013 3476 Multae

2113 3418 2276 3472 κίλων
2301 3418 2475 3486 αὐγὰς
2496 3419 2632 3489 πρὸς
2664 3419 2864 3489 χρυσὸν
2887 3422 3246 3490 κερασθείσας
3269 3423 3473 3493 κόσμον
3499 3442 3683 3491 γυναι-

445 3512 592 3567 enim
632 3512 824 3582 ineptae
872 3523 1131 3569 matrona:
1172 3516 1316 3570 hunc
1361 3517 1688 3585 vestigantes
1734 3525 2008 3579 ornatum,

2110 3509 2204 3572 κὸς
2233 3505 2375 3562 εἶναι
2423 3510 2708 3579 νομιστέον
2730 3528 2742 3541 ·
2779 3510 2971 3563 πολλα)⁵
3003 3512 3111 3581 γὰρ
3153 3513 3264 3566 τῶν
3301 3514 3694 3585 ἀπειροκάλων.

439 3604 624 3660 invisae
665 3614 827 3673 atque
859 3606 1058 3660 ooliosze
1090 3607 1409 3675 coniugibus
1431 3605 1675 3661 redditae.
1730 3610 1801 3659 At
1839 3605 2005 3659 animi

2108 3602 2204 3654 καὶ
2251 3601 2457 3669 κόσμον
2504 3600 2742 3653 τοιοῦτον
2786 3601 3156 3672 θηρωμένων,
3208 3609 3535 3676 προσκορεῖς
3584 3608 3680 3661 καὶ

435 3705 678 3762 ornatus,
713 3699 805 3765 qui
841 3713 872 3752 e
916 3699 1113 3752 virtute
1140 3699 1402 3761 nascitur,
1454 3708 1508 3753 et
1537 3698 1812 3752 convictus
1866 3696 2007 3750 desi-

2109 3690 2329 3761 μισηταί
2352 3693 2463 3752 τοῖς
2492 3690 2797 3743 συνοικοῦσι
2820 3693 3161 3765 γεγένηνται.
3195 3694 3357 3747 Ἀλλά
3379 3696 3443 3748 τὸ
3460 3697 3558 3765 τῆς
3585 3697 3678 3765 ψυ-

436 3790 643 3844 derium
677 3792 903 3857 excitat,
949 3806 1015 3847 ac
1061 3800 1261 3847 mutuae
1300 3801 1386 3849 est
1432 3790 1817 3847 benevolentiae
1867 3789 2005 3861 phil-

2102 3781 2202 3851 χῆς
2240 3780 2432 3843 κάλλος
2456 3782 2516 3833 τὸ
2543 3780 2602 3844 ἐξ
2633 3781 2841 3849 ἀρετῶν
2875 3784 3250 3853 συγκείμενον,
3282 3785 3431 3856 ὅπερ
3463 3788 3558 3839 καὶ
3582 3788 3676 3839 πό-

435 3885 598 3933 trum.
2104 3872 2199 3925 θου
2237 3874 2355 3925 ἐστὶ
2393 3872 2530 3942 πρὸς
2575 3871 2667 3923 τὸν
2698 3872 2929 3943 σύμϐιον
2958 3875 3293 3943 συναγωγὸν,
3329 3877 3423 3930 καὶ
3464 3878 3683 3940 εὐνοίας

2106 3963 2368 4032 τυγχάνει
2398 3963 2712 4034 φάρμακον.

804 4079 991 4137 XXVI.
1016 4113 1087 4124 —
1118 4079 1625 4138 POLYCHRONIO.

2514 4075 2658 4140 KG’.
2690 4105 2759 4117 —-
2792 4076 3252 4148 ΠΟΛΥΧΡΟΝΙῼ.

1255 4173 1442 4226 Anima
1468 4173 1713 4226 virtutum
1751 4170 1992 4224 studiosa
2029 4165 2241 4235 facilius
2278 4163 2373 4217 Dei
2393 4180 2537 4231 opem
2564 4166 2827 4233 impetrat.

501 4279 572 4336 Ut
618 4282 685 4334 ad
736 4281 945 4335 urbium
995 4281 1157 4336 situm
1208 4290 1591 4351 opportunum,
1627 4288 2000 4347 tempestatum
2036 4262 2078 4315 ί)

2177 4276 2389 4344 Ὥσπερ
2440 4276 2533 4327 ἐπὶ
2585 4275 2696 4326 τῶν
2736 4275 2945 4328 πόλεων
2973 4278 3007 4346 ἡ
3037 4276 3290 4348 εὐκαιρία
3337 4278 3438 4346 τῆς
3468 4278 3667 4343 θέσεως

431 4387 645 4440 quoque
694 4373 1082 4441 opportunitas
1112 4374 1404 4441 quaaritur;
1464 4380 1537 4425 tta
1589 4380 1644 4426 et
1687 4372 1989 4424 animorum

2097 4366 2195 4435 τὴν
2219 4365 2500 4435 εὐκαιρίαν
2524 4365 2632 4418 τῶν
2667 4365 2825 4437 ὡρῶν
2849 4368 3165 4432 ἐπισπᾶται,
3208 4367 3349 4419 οὕτω
3388 4369 3526 4438 κάπὶ
3559 4368 3666 4420 τῶν

428 4478 555 4529 erga
581 4462 833 4516 virtutem
864 4463 1039 4516 studio
1074 4463 1313 4517 divinum
1344 4472 1567 4529 paratur
1600 4462 1885 4517 auxilium.

2094 4456 2281 4524 ψυχῶν
2304 4455 2336 4525 ὴ
2368 4454 2548 4507 εὔνοια
2574 4456 2607 4525 ἡ
2637 4454 2773 4525 πρὸς
2801 4456 2900 4527 τὴν
2926 4458 3127 4529 ἀρετὴν
3148 4460 3245 4529 τὴν
3271 4458 3422 4511 Θείαν
3449 4474 3662 4527 συμμαρ-

2096 4543 2220 4611 χίαν
2252 4541 2507 4611 θηρᾶται.

589 4654 798 4709 XXVII.
828 4686 898 4694 ——
929 4654 1327 4712 ARCIIONTIO
1359 4654 1839 4710 PRESBYTERO.

2313 4653 2439 4709 KZ'.
2482 4685 2551 4695 —
2595 4654 2946 4728 ΑΡΧΟΝΤΙῼ
2983 4655 3447 4726 ΠΡΕΣΒΥΤΕΡῼ.

1212 4747 1274 4803 Si
1303 4748 1499 4802 athleta
1531 4747 1753 4810 laboret,
1785 4744 1967 4817 quidni
1996 4743 2194 4799 Christi
2227 4744 2418 4798 miles?
2456 4745 2483 4798 Ι
2512 4744 2638 4802 Car.
2675 4762 2751 4812 Ix,
2781 4747 2872 4802 25.

496 4854 556 4910 Si
586 4856 677 4924 qui
717 4855 892 4911 aeutis
909 4860 1192 4911 mundanze
1226 4856 1403 4911 laudis
1430 4856 1664 4912 stimulis
1695 4856 1987 4925 agitantur,

2164 4855 2227 4907 Εἰ
2254 4854 2303 4907 οἱ
2325 4858 2435 4917 τοῖς
2455 4855 2603 4920 ὀξέσι
2631 4857 2732 4925 τῆς
2757 4858 3026 4927 κοσμικῆς
3050 4857 3210 4924 δόξης
3228 4854 3474 4927 κέντροις
3495 4855 3663 4926 πλητο

427 4947 668 5015 ingentes
698 4948 838 5000 ultro
888 4947 1190 5013 suscipiunt
1227 4945 1471 5013 labores;
1523 4960 1701 5001 nonne
1739 4946 1831 5013 qui
1878 4958 1988 4998 ca:-

2093 4945 2308 5015 τόμενοι
2360 4946 2553 5009 πόνους
2605 4947 2958 5017 αὐθαιρὲτους
3017 4947 3387 5010 ἀσπάζονται·
3444 4949 3493 4998 οἱ
3546 4950 3660 5011 τοῖς

427 5037 576 5090 lcstis
606 5037 789 5106 gloria:
814 5036 934 5090 telis
957 5036 1221 5092 vulnerati
1256 5046 1404 5102 sunt,
1449 5051 1545 5091 eos
1578 5052 1607 5089 a
1652 5036 1883 5107 pueritia
1917 5036 1988 5090 la-

2091 5034 2368 5099 όξυτάτοις
2401 5038 2499 5107 τῆς
2536 5038 2908 5109 ὑπερκοσμίου
2951 5039 3199 5099 εὐκλείας
3229 5036 3406 5106 βέλεσι
3457 5053 3662 5107 τετρωο

427 5126 573 5183 boris
597 5127 997 5184 contentionem
1023 5128 1298 5197 suscipere
1328 5141 1425 5195 par
1458 5137 1540 5183 est
1568 5127 1593 5181 ἲ

2097 5127 2245 5195 μένοι
2283 5127 2459 5197 πολλῷ
2520 5128 2717 5198 μᾶλλον
2764 5128 3025 5189 νεανικῶς
3059 5130 3152 5181 ἐπὶ
3198 5128 3290 5182 τὸν
3334 5127 3445 5181 τῶν
3480 5128 3668 5181 πόνων

2092 5219 2280 5287 ἀγῶνα
2309 5218 2635 5273 ἀποδύεσθαι
2664 5220 2730 5274 ἂν
2757 5216 2867 5273 εἷεν
2899 5219 3115 5275 δίκαιοι.

1521 5367 1752 5424 VARI/ﬁ
1793 5368 2171 5426 LECTIONES
2206 5371 2293 5426 ET
2330 5372 2557 5431 NOTAE.

495 5516 607 5583 (ιι)
656 5517 825 5595 (loud.
877 5518 992 5575 Vat.
1043 5520 1151 5583 650,
1194 5530 1247 5577 et
1287 5519 1394 5576 Alt.
1447 5522 1521 5593 μὴ
1584 5525 1881 5593 producunt
1929 5542 1980 5582 in

431 5585 829 5654 μηδὲνφοεδιη.

1864 5536 1881 5581 t
1929 5542 1980 5582 in
2159 5526 2269 5596 (55)
2308 5526 2537 5596 Γέγονας
2566 5528 2722 5586 iidem
2761 5540 2967 5587 mutant
2996 5532 3049 5587 in
3082 5532 3329 5603 γέγονεν.
3362 5536 3444 5591 In.
