4020 6140
357 250 484 319 1341

443 336 446 343 ’
624 372 757 427 KH'.
795 405 863 416 —
895 377 1152 450 ΔΙΔΥΜῼ
1191 381 1663 461 ΠΡΕΣΒΥΤΕΡῼ.

1219 273 1750 340 EPISTOLARUM
1788 282 1933 341 LIB.
1971 284 2040 345 V.
2075 309 2142 321 -
2181 284 2415 346 EPIST.
2460 288 2736 349 XXVIII.

1958 415 2004 462 Α

3480 291 3623 358 1⁸342

2245 394 2479 450 XXVIII.
2521 386 2592 437 —-°
2624 396 2883 454 DIIIYMO
2916 398 3403 460 PRESBYTERO.

878 488 1122 545 Fratrem
1151 495 1267 563 ejus
1291 496 1498 553 laudat.
1531 502 1613 554 Ad
1639 506 1866 575 quinque
1894 505 2070 574 capita
2105 522 2198 573 per
2226 508 2504 575 epistolam
2531 512 2753 578 quaesita
2792 514 3084 581 respondet.

246 654 249 657 _
422 594 730 666 Αφροδισίῳ
777 599 855 669 τῷ
911 604 1203 676 μακαρίῳ,
1256 607 1334 677 τῷ
1393 610 1470 679 σῷ
1521 612 1619 682 μὲν
1665 614 1919 683 ἀδελφῷ,

350 684 709 758 πρεσϐυτέρῳ
744 687 802 740 δὲ
853 690 952 759 τὴν
1003 694 1177 759 ἀξίαν,
1232 696 1396 761 αἰδὼς
1454 701 1552 769 μὲν
1614 705 1671 755 ἐν
1722 703 1922 771 ὀφθαλ-

353 777 472 845 μοῖς
518 776 779 847 κατῴκει,
831 784 1005 836 πειθὼ
1043 786 1099 839 δὲ
1141 787 1201 838 ὲν
1254 789 1475 857 χείλεσι,
1534 794 1692 861 σοφία
1730 794 1788 847 δὲ
1830 796 1924 848 ἐπὶ

349 862 604 953 γλώσσης
626 880 638 893 ⁸
674 869 766 921 καὶ
798 872 1104 942 αὐτάρκεια
1144 876 1245 946 μὲν
1279 879 1336 930 ὲν
1372 882 1593 949 γαστρὶ,
1624 883 1922 953 ἐγκράτεια

346 952 404 1006 δὲ
455 954 513 1005 ὲν
564 958 678 1018 τοῖς
730 961 869 1029 μετά
926 965 1190 1035 γαστέρα,
1233 969 1328 1020 καὶ
1373 970 1674 1041 συλλήόδην
1725 952 1919 1039 εἰπεῖν,

349 1043 540 1096 πασῶν
563 1047 748 1114 σχεδὸν
803 1050 911 1103 τῶν
944 1053 1154 1122 ἀρετῶν
1186 1058 1363 1110 κοινὸν
1403 1054 1471 1129 ἦν
1516 1064 1791 1130 ταμιεῖον,
1829 1064 1922 1116 καὶ

351 1132 690 1206 ἐνδιαίτημα.
739 1140 892 1192 Ἐπεὶ
946 1142 1125 1196 τοίνυν
1160 1147 1294 1216 περὶ
1321 1148 1419 1209 τὰς
1442 1150 1725 1220 οὐρανίους
1752 1152 1921 1215 αὐλὰς

353 1225 746 1311 μετεπέμφθη,
783 1228 908 1294 ἄξια
947 1231 1053 1284 τῶν
1104 1234 1282 1290 πόνων
1317 1236 1610 1307 δεξάμενος
1648 1240 1715 1294 τὰ
1753 1242 1917 1311 γέρα,

350 1309 411 1400 οὐ
467 1313 573 1383 χρὴ
626 1313 932 1395 λυπεῖσθαι,
981 1320 1118 1374 ἀλλά
1166 1325 1368 1392 μᾶλλον
1416 1328 1629 1400 χαίρειν
1693 1309 1921 1384 ὅτιτῶν

350 1399 526 1455 ἄθλων
578 1403 762 1460 λοιπὸν
814 1412 1124 1481 καρποῦται
1160 1417 1228 1470 τὰ
1282 1399 1522 1478 ἕπαθλαξ
1557 1425 1615 1476 'U
1676 1427 1785 1496 γὰρ
1822 1429 1922 1498 τὴν

350 1492 533 1546 ἐνθ’άδε
585 1495 694 1549 τῶν
746 1499 915 1567 ἁγίων
935 1504 1221 1574 οἰκτείρων
1271 1510 1548 1584 τελευτήν,
1593 1492 1803 1579 δίκαιος
1853 1492 1921 1570 ἀν

348 1584 431 1653 εἴη
464 1587 614 1655 παρά
646 1588 863 1643 πάντων
894 1593 1000 1645 τῶν
1035 1592 1092 1649 εὖ
1146 1602 1487 1667 φρονούντων
1526 1607 1913 1675 οἰκτείρεσθαι.

357 1673 443 1736 Ὠς
477 1676 568 1728 καὶ
595 1679 623 1730 6
652 1680 777 1742 τοὺς
799 1686 1150 1753 νενικηκότας
1190 1690 1284 1741 καὶ
1313 1693 1645 1760 στεφθέντας
1678 1673 1916 1767 θρηνῶν,

345 1766 524 1819 οἴκτου
558 1769 624 1821 ἂν
656 1770 741 1840 εἴη
796 1774 891 1825 καὶ
938 1776 1191 1847 δακρύων
1239 1781 1410 1846 ἄξιος.
1462 1786 1570 1838 Καὶ
1602 1788 1775 1841 ταῦτα
1814 1790 1915 1858 μὲν

347 1855 426 1914 είς
457 1855 728 1910 τοσοῦτον.
769 1859 908 1912 ’ῐσθι
949 1862 1006 1914 δὲ
1048 1860 1141 1917 οὖν
1171 1867 1253 1919 ὅτι
1299 1869 1458 1936 μόνος
1490 1874 1518 1924 6
1557 1873 1659 1941 τῆς
1716 1855 1918 1944 ἀρετῆς

348 1943 572 2007 πλοῦτος
592 1947 679 1998 ἐπ’
704 1950 1028 2019 ἀσφαλείαις
1056 1957 1282 2025 ὀχεῖται,
1303 1960 1431 2013 ὅταν
1457 1964 1484 2014 6
1506 1962 1695 2015 τοῦτον
1723 1981 1921 2033 κεκτη-

348 2032 511 2101 μένος
570 2036 751 2109 μὴ.τῇ
801 2042 1050 2115 ῥᾳστώνῃ
1110 2048 1331 2120 προδοίη
1392 2051 1453 2102 τὸ
1509 2052 1713 2121 κτῆμα,
1782 2032 1919 2123 μηδὲ

344 2124 518 2194 ἀρχῆς
565 2126 863 2198 ὲρασθείη’
920 2133 1101 2204 πάσης
1151 2139 1259 2209 γὰρ
1288 2140 1546 2193 ἐπέκεινα
1601 2143 1826 2213 τόλμης,
1856 2144 1917 2196 οὐ

344 2213 409 2265 σὺ
436 2214 614 2281 μόνον,
650 2218 783 2272 ἀλλὰ
816 2223 910 2274 καὶ
934 2223 1132 2293 ἔγωγε,
1166 2232 1364 2299 χωρεῖν
1387 2231 1758 2301 ὑπολαμϐάνω
1788 2234 1919 2296 τοὺς

344 2304 479 2373 μηδὲ
524 2307 658 2387 πρὸς
679 2311 803 2373 τοὺς
835 2314 1162 2383 ἀθλητικοὺς
1196 2319 1512 2389 ἁψαμένους
1565 2323 1781 2386 πόνους,
1817 2324 1914 2376 καὶ

340 2397 451 2458 τοῖς
473 2400 815 2467 στεφανίταις
852 2406 1323 2478 ἐπαποδυομένους
1342 2426 1356 2441 ο
1381 2413 1591 2475 οἵτινες
1634 2415 1767 2483 μηδὲ
1789 2432 1917 2485 γνη-

341 2485 476 2547 σίοις
496 2488 864 2559 ἐγγραφέντες
903 2496 1194 2566 μαθηταῖς,
1236 2502 1316 2563 είς
1336 2504 1460 2565 τοὺς
1485 2505 1759 2573 ἡγεμόνας
1778 2508 1913 2558 ἁνα-

336 2574 549 2645 τρέχειν
574 2580 983 2647 φιλονεικοῦσιν·
1004 2583 1078 2641 ὧν
1100 2591 1197 2659 οὐχ
1212 2592 1240 2643 6
1256 2592 1456 2661 τρόπος
1475 2594 1566 2647 τὸν
1584 2594 1773 2661 τόπον,
1787 2597 1905 2650 ἀλλ’

334 2666 364 2718 6
391 2666 556 2731 τόπος
597 2670 690 2722 τὸν
716 2674 915 2742 τρόπον
955 2680 1273 2733 πιστεύεται
1305 2698 1319 2711 ο
1371 2682 1633 2736 ὠνοῦνται
1665 2684 1775 2753 (46)
1805 2687 1913 2757 γὰρ

335 2757 435 2820 τὰς
472 2759 666 2831 ἀρχὰς,
703 2763 791 2818 ἵνα
835 2766 1101 2837 ὑϐρίσωσι
1152 2770 1251 2834 τάς
1308 2772 1540 2843 ἀρετάς·
1601 2776 1695 2828 καὶ
1734 2776 1913 2843 λέγειν

334 2847 731 2918 ἐπιχειροῦσιν,
797 2852 833 2907 ἃ
897 2856 1034 2927 μηδὲ
1099 2860 1294 2929 μαθεῖν
1363 2862 1759 2925 κατεδέξαντο·
1820 2866 1913 2918 καὶ

334 2939 698 3007 προστάττειν
728 2943 952 2998 τοιαῦτα
982 2947 1278 3018 τολμῶσιν,
1303 2949 1340 3005 ἃ
1366 2951 1503 3022 μηδὲ
1532 2952 1760 3006 ἀκούσαι
1781 2954 1910 3023 me.

335 3042 545 3096 σχοντο.
604 3029 700 3093 Τίς
742 3027 836 3085 οὖν
892 3034 996 3087 ὑπὸ
1044 3036 1313 3100 τοιούτοις
1357 3040 1594 3109 ἡγεμόσι
1652 3042 1911 3110 πράττων

1950 1845 1990 1899 Β

2096 615 2424 683 Aphrodisio
2470 618 2623 672 fratri
2687 628 2776 672 tuo
2826 620 2942 688 jam
2992 621 3269 686 defuncto,
3321 625 3477 697 561
3535 630 3617 683 di-

2027 706 2228 773 gnitate
2280 709 2571 772 sacerdoti,
2605 710 2775 777 pudor
2811 710 2860 762 in
2889 711 3064 765 oculis
3111 712 3410 779 habitabat,
3447 718 3615 771 suada

2024 794 2077 847 in
2126 793 2294 848 labris
2349 796 2591 860 sedebat,
2632 797 2897 866 sapientia
2948 800 3000 852 in
3043 799 3262 870 lingua;
3319 806 3618 859 ventriculo

2022 893 2281 953 quantum
2339 894 2427 939 sat
2488 895 2668 951 esset,
2732 889 3010 951 sumebat,
3065 889 3345 945 continens
3384 894 3437 946 in
3504 895 3569 947 iis
3590 914 3610 956 ’,

2021 988 2142 1043 quae
2200 976 2301 1029 sub
2364 985 2592 1043 ventre;
2643 987 2806 1043 utque
2863 980 3049 1047 paucis
3102 980 3315 1045 dicam,
3371 984 3611 1037 omnium

2024 1064 2137 1119 fere
2181 1066 2437 1120 virtutum
2481 1081 2701 1134 promus
2742 1071 3046 1123 communis
3091 1072 3211 1126 fuit.
3244 1071 3466 1127 Caelesti
3506 1074 3610 1127 ita-

2022 1169 2131 1223 que
2193 1156 2309 1210 sedi
2364 1158 2707 1223 prmmissus,
2766 1148 3038 1213 laberibus
3084 1160 3298 1230 dignam
3353 1174 3609 1233 acceptu-

2024 1260 2115 1299 rus
2169 1246 2509 1309 mercedem,
2559 1246 2775 1301 minime
2818 1248 3035 1316 quidem
3096 1250 3456 1319 deplorandus
3500 1262 3605 1318 est,

2022 1325 2163 1400 quin"
2192 1335 2372 1403 potius
2433 1334 2481 1389 ei
2531 1334 2943 1404 gratulandum,
2990 1339 3130 1405 quod
3185 1340 3496 1394 certaminis
3537 1340 3609 1395 sit

2021 1424 2275 1492 deinceps
2312 1426 2530 1494 przeinia
2561 1435 2971 1480 consecuturus.
3016 1427 3272 1505 Quisquis
3314 1430 3457 1483 enim
3504 1445 3605 1484 ex-

2021 1531 2229 1573 cessum
2280 1518 2422 1571 hunc
2468 1527 2779 1571 sanctorum
2846 1518 3085 1571 virorum
3134 1518 3350 1588 lugeat,
3384 1519 3430 1575 is
3473 1535 3605 1576 sane

2021 1619 2315 1671 mereatur,
2345 1620 2402 1661 ut
2445 1624 2474 1661 a
2516 1608 2654 1662 bene
2706 1609 3067 1665 sentientibus
3098 1610 3442 1665 miseratione
3469 1626 3602 1665 con-

2022 1698 2219 1767 dignus
2270 1699 2555 1762 habeatur,
2589 1699 2743 1767 quasi
2792 1699 2881 1766 qui
2938 1713 3110 1768 pugna
3167 1700 3399 1755 victores
3425 1708 3477 1754 et
3509 1716 3601 1755 c0-

2023 1801 2151 1839 rona
2185 1788 2570 1841 cohonestatos
2617 1786 2926 1855 deplorans.
2974 1787 3226 1856 laerymis
3273 1788 3389 1854 ipse
3437 1798 3600 1854 atque

2018 1875 2309 1943 ejulatione
2369 1876 2440 1930 sit
2495 1878 2709 1946 dignus.
2763 1876 2828 1928 lit
2880 1878 2991 1931 haec
3043 1878 3257 1945 quidem
3312 1879 3597 1932 hactenus.

2022 1967 2308 2025 Sciendum
2366 1968 2551 2035 itaque
2586 1967 2714 2021 solis
2766 1968 2984 2023 virtutis
3036 1968 3227 2036 Opibus
3278 1968 3597 2036 locupletem

2017 2058 2261 2124 quemvis
2293 2071 2484 2113 secure
2508 2058 2632 2111 hinc
2667 2057 2962 2126 emigrare,
2995 2058 3434 2126 quandoquidem
3464 2074 3598 2126 opes

2016 2146 2137 2202 illas
2179 2162 2286 2201 non
2320 2148 2627 2216 prodegerit
2667 2147 2829 2199 nimia
2893 2148 3103 2201 vivendi
3149 2148 3386 2213 licentia,
3423 2162 3597 2217 neque

2016 2235 2137 2290 aliis
2170 2236 2755 2305 imperare‘studuerit.
2791 2236 2869 2289 Ad
2898 2238 3175 2290 audaciam
3194 2238 3459 2306 siquidem
3489 2255 3595 2293 non

2018 2332 2070 2377 tu
2102 2324 2279 2387 modo,
2320 2324 2415 2378 sed
2467 2334 2521 2377 et
2576 2339 2676 2392 ego
2733 2324 2998 2393 proclives
3032 2341 3153 2381 esse
3188 2328 3461 2389 existimo,
3501 2327 3593 2394 qui

2014 2413 2250 2466 nondum
2275 2413 2561 2467 athleticos
2584 2415 2939 2467 certaminum
2968 2415 3183 2469 labores
3210 2415 3591 2484 degustarunt,

2013 2517 2116 2558 nec
2151 2504 2384 2557 victores
2425 2504 2565 2557 inter
2603 2514 2892 2559 coronatos
2925 2516 3306 2570 numerantur;
3338 2507 3427 2571 qui
3467 2508 3591 2575 qui-

2013 2594 2133 2651 dem
2168 2595 2311 2648 veris
2342 2595 2573 2647 nondum
2624 2595 2846 2663 ascripti
2905 2595 3208 2664 discipulis,
3258 2612 3378 2648 cum
3408 2600 3594 2650 docto-

2014 2685 2161 2739 ribus
2185 2694 2362 2740 tamen
2388 2697 2603 2741 certare
2628 2688 2961 2741 contendunt
2987 2704 3001 2751 ;
3026 2702 3254 2755 quorum
3274 2705 3378 2742 non
3402 2690 3595 2744 modus

2014 2776 2209 2838 locum,
2261 2778 2353 2829 sed
2400 2776 2553 2830 locus
2601 2777 2814 2831 modum
2852 2776 3065 2844 probet.
3103 2776 3414 2832 Mercantur
3445 2781 3588 2833 enim

2015 2866 2383 2931 magistratus,
2410 2882 2517 2935 quo
2538 2866 2791 2920 virtutem
2825 2867 3039 2933 laedant,
3065 2884 3237 2938 eaque
3277 2875 3473 2926 docere
3508 2874 3593 2925 ni-

2013 2962 2219 3021 tuntur,
2270 2970 2391 3023 qua:
2441 2972 2714 3025 nunquam
2748 2957 3078 3013 didicerunt.
3113 2961 3327 3014 Audent
3356 2979 3418 3016 ea
3454 2980 3589 3032 pra:-

2011 3040 2212 3109 cipcre,
2247 3056 2371 3110 qua:
2417 3044 2603 3097 audire
2650 3056 2808 3098 antea
2856 3062 2961 3099 non
3016 3050 3410 3119 sustinuerunt.
3457 3052 3590 3119 Quis

335 3114 479 3182 μέγα
508 3133 560 3168 τι
590 3119 685 3169 καὶ
715 3123 955 3186 γυναῖον,
979 3122 1010 3192 ἢ
1036 3125 1241 3194 πρᾶξαι
1273 3126 1306 3195 ἢ
1332 3127 1562 3179 συνιδεῖν
1588 3128 1905 3198 δυνήσεται;

335 3204 415 3227 _.'_
464 3204 513 3227 ΩΧ
556 3207 647 3227 -.1η
710 3210 723 3227 ι
810 3210 835 3227 n
918 3212 928 3226 ι
1079 3214 1091 3227 ι.
1142 3213 1165 3227 ιι
1213 3214 1238 3225 ι-
1363 3215 1409 3227 Al
1573 3217 1584 3227 ι
1728 3217 1739 3227 ι
1854 3221 1865 3227 -

2014 3133 2176 3201 igitur
2212 3134 2408 3187 talibus
2443 3150 2572 3190 usus
2626 3135 2916 3205 praefectis,
2956 3155 3203 3210 magnum
3252 3144 3379 3212 quid
3428 3161 3589 3214 agere

330 3204 415 3266 τίς
459 3204 514 3257 δὲ
550 3207 649 3259 οὐκ
707 3210 1021 3280 ὲρυθριάσει
1070 3213 1280 3284 ἀνδρῶν
1324 3215 1452 3283 χθὲς
1499 3217 1595 3268 καὶ
1631 3217 1821 3288 πρώην
1849 3221 1908 3271 ὲν

2014 3231 2107 3275 aut
2139 3222 2437 3293 intelligere
2464 3227 2671 3294 queat?
2698 3227 2866 3292 Quem
2911 3247 3014 3284 non
3060 3232 3254 3299 pudeat
3294 3233 3437 3288 viros
3462 3204 3589 3288 vllu-

334 3295 652 3366 καπηλείοις
686 3301 719 3368 ἢ
755 3301 1128 3375 δικαστηρίοις
1157 3308 1595 3378 κατατριϐέντων
1633 3311 1907 3381 ἀκροατής

2014 3328 2105 3380 per
2138 3323 2190 3367 et
2224 3314 2338 3368 heri
2391 3315 2443 3368 in
2495 3318 2754 3384 cauponis
2786 3329 2947 3387 atque
2981 3323 3031 3375 in
3064 3322 3370 3378 forensibus
3402 3339 3585 3379 versa-

332 3386 648 3457 γινόμενος;
685 3390 770 3453 τίς
820 3392 877 3444 δὲ
937 3393 1045 3447 τῶν
1097 3396 1309 3467 ἐχθρῶν
1362 3398 1424 3451 οὐ
1484 3400 1751 3466 γελάσειε,
1810 3401 1907 3454 καὶ⁵

2014 3411 2090 3456 tos
2109 3401 2328 3469 judiciis
2357 3405 2579 3460 audire?
2610 3406 2742 3472 Quis
2778 3386 2946 3464 hostis
2975 3427 3079 3466 non
3122 3413 3312 3477 rideat,
3361 3429 3581 3469 scenam

332 3476 535 3545 σκηνήν
568 3480 660 3530 καὶ
715 3481 1005 3553 ὑπόκρισιν
1056 3487 1299 3554 νομίσειε
1334 3487 1395 3540 τὸ
1448 3492 1718 3561 πρᾶγμα;
1766 3491 1904 3543 Ἀλλ’

329 3565 516 3636 ἐπειδὴ
545 3568 860 3638 γέγραφας,
892 3573 943 3625 τί
979 3577 1269 3645 ποιητέον,
1310 3581 1456 3650 φημὶ
1500 3582 1652 3634 οὐδὲν
1695 3583 1899 3655 ἕτερον,

327 3655 445 3708 ἀλλ’
508 3659 713 3730 ἀρετὴν
760 3661 1032 3732 ἀσκητέον
1087 3669 1181 3720 καὶ
1224 3671 1584 3740 ήσυχαστέον,
1648 3673 1744 3726 καὶ
1803 3675 1901 3745 τὴν

327 3745 511 3815 κρίσιν
544 3750 965 3821 προσδοκητέον,
1007 3752 1103 3807 καὶ
1154 3757 1254 3821 τάς
1295 3760 1609 3824 διαδολικάς
1645 3762 1900 3831 μεθόδους

323 3834 726 3905 διακρουστέον.
760 3842 941 3906 Δεινὸς
968 3844 1077 3915 γὰρ
1110 3847 1204 3899 καὶ
1235 3850 1478 3913 ποικίλος
1501 3850 1529 3901 ό
1559 3852 1658 3922 τῆς
1686 3853 1900 3923 ἀνθρω-

325 3927 558 3997 πότητος
586 3929 799 4002 ἐχθρὸς,
835 3933 903 3992 τὰ
941 3937 1042 4005 μὲν
1091 3938 1423 4006 κολακείαις,
1453 3943 1521 3995 τὰ
1562 3942 1618 3995 δὲ
1657 3944 1900 4014 παραλο-

323 4019 544 4086 γισμοῖς
596 4026 1065 4094 καταγοητεῦσαι·
1122 4031 1215 4084 καὶ
1250 4031 1485 4101 μάλιστα
1525 4034 1614 4086 ὅτε
1643 4035 1753 4105 (47)
1801 4037 1901 4090 οὐκ

322 4106 431 4160 οἶδε
464 4108 560 4179 τήν
586 4111 646 4176 ὲξ
666 4114 880 4179 εὐθείας
910 4119 1090 4189 μάχην
1109 4137 1123 4150 ο
1149 4121 1209 4173 οὐ
1241 4123 1350 4194 γὰρ
1382 4123 1450 4176 ἂν
1484 4124 1626 4178 έάλω
1653 4126 1860 4195 ταχέως
1883 4143 1897 4157 ο

321 4198 462 4252 ἀλλά
501 4204 851 4275 προσχήματι
900 4209 1080 4276 φιλίας
1101 4211 1361 4274 πολλάκις
1402 4214 1637 4284 κρύπτει
1664 4215 1755 4268 τὸν
1800 4216 1901 4286 τῆς

322 4291 579 4361 πορνείας
614 4294 709 4348 ίόν.
750 4295 839 4358 Ὠς
869 4301 977 4369 γὰρ
1020 4302 1100 4365 εἰς
1148 4302 1385 4356 ίσοθείαν
1436 4305 1661 4373 ἀγαγὼν
1688 4307 1779 4361 τὸν
1808 4308 1901 4361 ἄν·

322 4380 563 4449 θρωπον,
622 4383 733 4436 τῶν
781 4385 991 4454 ἀλόγων
1022 4390 1354 4461 κατέστησεν
1403 4392 1767 4464 ἐλεεινότερον
1795 4412 1806 4424 ’
1838 4397 1898 4449 οὐ

2005 3497 2059 3543 et
2104 3489 2326 3543 mimum
2376 3491 2479 3547 hoc
2502 3508 2623 3548 esse
2645 3496 2982 3553 existimans.
3020 3499 3213 3555 Verum
3239 3518 3360 3556 cum
3387 3504 3582 3573 ecquid

2005 3577 2147 3633 facto
2184 3580 2255 3633 sit
2294 3594 2432 3649 opus
2464 3597 2559 3651 per
2581 3585 2861 3651 epistolam
2897 3590 3124 3656 rogaris,
3158 3591 3289 3644 nihil
3322 3603 3582 3659 praeterea

2003 3670 2199 3733 dicam,
2261 3685 2423 3738 quam
2481 3673 2737 3729 virtutem
2797 3692 2917 3730 esse
2967 3685 3346 3745 exercendam,
3378 3693 3433 3736 et
3484 3698 3579 3736 ac-

2002 3758 2416 3827 quiescendum,
2472 3767 3003 3834 cxspectandumque
3052 3769 3142 3822 Dei
3185 3768 3473 3836 judicium,
3513 3787 3579 3826 ac

2003 3848 2294 3903 diabolicas
2319 3850 2536 3904 interim
2566 3852 2787 3909 fraudes
2820 3858 3173 3924 repellendas.
3211 3858 3405 3915 Gravis
3431 3863 3575 3915 enim

2001 3938 2290 4006 variusque
2338 3939 2556 3994 humani
2605 3953 2688 3997 est
2720 3948 2936 4014 generis
2965 3949 3157 4013 hostis,
3190 3966 3291 4018 qua
3327 3964 3576 4005 assenta-

2005 4026 2259 4092 tionibus,
2301 4043 2406 4096 qua
2458 4034 2718 4099 captiosis
2763 4036 3204 4091 conclusionibus
3249 4040 3575 4107 impos-turns

2002 4118 2231 4186 agendo,
2263 4121 2561 4187 pra-sertim
2607 4137 2732 4175 cum
2783 4124 2987 4178 directe
3016 4140 3325 4195 oppugnare
3373 4130 3578 4182 nesciat

2002 4206 2119 4279 [sed
2153 4223 2220 4263 ex
2256 4209 2514 4281 insidiis].
2547 4211 2639 4266 lllo
2670 4214 2811 4267 enim
2838 4216 2997 4268 modo
3028 4218 3145 4284 capi
3174 4218 3329 4271 facile
3361 4228 3574 4284 posset;

2001 4301 2095 4354 sed
2147 4301 2293 4355 larva
2348 4316 2413 4357 ac
2460 4304 2639 4371 specie
2685 4305 2937 4359 amicitias
2988 4307 3121 4376 tegit
3207 4310 3577 4364 fornicationis

2002 4403 2285 4444 venenum.
2321 4390 2387 4445 Ut
2439 4393 2581 4446 enim
2634 4395 2907 4450 hominem
2950 4394 3064 4452 Deo
3113 4396 3345 4452 similem
3406 4399 3578 4453 brutis

322 4467 485 4535 μόνον
531 4468 601 4521 τὰ
658 4474 926 4541 προσόντα
999 4479 1451 4549 πλεονεκτήματα
1508 4485 1895 4553 ἀπαμφιάσας,

2014 4480 2241 4535 reddidit
2271 4481 2746 4549 miserabiliorem,
2779 4501 2877 4542 nec
2906 4489 3265 4555 prresentibus
3295 4491 3454 4545 modo
3498 4492 3578 4544 Iu-

317 4556 456 4609 ἀλλά
500 4558 595 4611 καὶ
626 4558 697 4611 τὰ
725 4560 799 4632 μὴ
828 4564 1099 4632 προσόντα
1128 4556 1485 4637 ἐλαττώματα
1532 4570 1890 4641 προξενήσας,

320 4647 550 4714 ἱδρῶτάς
584 4666 728 4720 φημι
766 4653 864 4704 καὶ
893 4655 1110 4720 πόνους,
1146 4656 1381 4710 θάνατόν
1428 4676 1487 4711 τε
1532 4662 1628 4712 καὶ
1657 4661 1885 4731 φθοράν.

328 4735 469 4787 Ἀλλ’
510 4740 697 4811 ἐπειδὴ
724 4742 910 4795 πολλοὶ
939 4745 1249 4815 θηρώμενοι
1288 4749 1454 4803 αὐτοῦ
1487 4750 1584 4813 τὰς
1614 4752 1889 4821 μεθόδους,

2000 4572 2107 4625 cris
2148 4579 2202 4626 et
2247 4576 2549 4630 commodis
2604 4578 2873 4645 spoliavit,
2943 4597 3129 4635 verum
3186 4585 3347 4636 etiam
3383 4584 3579 4651 quibus

1999 4663 2341 4728 carebamus,
2366 4665 2493 4717 vitia
2517 4666 2822 4737 damnaque
2856 4672 3194 4726 conciliando
3219 4672 3422 4737 attulit,
3451 4684 3575 4739 puta

1997 4754 2226 4807 sudores
2255 4769 2318 4809 ac
2362 4755 2599 4819 labores,
2628 4770 2856 4814 mortem
2891 4774 2945 4816 et
2979 4764 3279 4818 interitum.
3319 4761 3424 4817 Sed
3453 4780 3573 4818 cum

316 4822 490 4888 ἀργὰς
540 4827 921 4895 ἀποδείξαντες
976 4833 1086 4905 (48)
1139 4836 1418 4901 ἑλεπόλεις
1465 4838 1579 4909 (49)
1642 4840 1747 4910 χρὴ
1795 4841 1892 4894 καὶ

2014 4840 2150 4894 nulti
2181 4842 2297 4911 ejus
2327 4845 2466 4913 capti
2496 4845 2636 4902 dolis
2671 4851 2844 4903 malos
2877 4867 2995 4904 esse
3024 4852 3385 4915 ostenderint,
3423 4851 3576 4903 det-et

320 4913 521 4981 πάντα,
567 4915 648 4981 οἷς
697 4924 1013 4994 φρονήσεως
1069 4927 1289 4997 μέτεστι
1320 4930 1416 4981 καὶ
1442 4930 1716 5001 σωτηρίας
1763 4930 1883 4983 ἐστὶ

2014 4930 2186 4998 juibus
2214 4949 2362 4987 mens
2384 4946 2467 4989 est
2494 4946 2548 4991 et
2577 4940 2725 4993 salus
2752 4943 2922 5006 cordi,
2951 4944 3223 4997 machinas
3246 4942 3365 5012 ejus
3388 4956 3574 4997 omnes

1416 5109 1650 5164 VARIAC
1690 5110 2070 5166 LECTIONES
2110 5113 2197 5167 ΕΤ
2234 5114 2469 5170 NOTAE.

388 5246 823 5348 (f6):l(‘3?d.rAlt.
849 5252 968 5348 Eo
996 5255 1271 5348 ⁹ὠνοῦνται
1293 5258 1452 5348 “legit
1489 5260 1754 5347 ὠνοῦντες
1772 5306 1799 5345 ,ο
1836 5272 1889 5317 et

2014 5266 2185 5348 ξαντες
2208 5268 2364 5322 codd.
2390 5268 2513 5348 Yat.
2549 5270 2653 5324 6ὕο
2676 5281 2743 5348 _et
2773 5273 2879 5348 Alt.
2921 5275 3120 5348 habent
3148 5280 3322 5348 ἀργὰς
3350 5282 3565 5334 ἀποδει-

318 5332 457 5393 vers.
492 5318 633 5393 inde
683 5321 715 5373 6
775 5318 1088 5393 καπηλείοις
1145 5329 1334 5382 scribit
1374 5318 1507 5382 cum
1574 5318 1894 5388 ths'énn-

317 5387 460 5455 plici.
492 5388 704 5441 Possm.

2002 5336 2217 5411 ξάντας,
2262 5340 2570 5411 inendose;_
2593 5343 2687 5394 sed
2722 5358 2783 5395 ex
2813 5344 2916 5406 his,
2953 5346 3003 5395 ni
3038 5336 3372 5411 falloffvéra
3413 5353 3565 5405 lectio

2001 5406 2078 5482 sic
2132 5404 2349 5482 Iu_rmari
2406 5409 2637 5475 poterit,
2682 5412 2857 5482 ἀργὰς
2899 5404 3333 5481 ἀπέδειξαν’τὰς
3376 5404 3564 5473 ἑλεπό-

384 5456 499 5537 (ίίςῖ)
522 5456 683 5537 ,ξ’(ῖὶτε.
708 5459 840 5513 idem
877 5474 1049 5537 mutat
1081 5464 1130 5517 in
1165 5465 1265 5517 ὅτι.
1294 5466 1444 5523 Vcrs.
1480 5468 1711 5537 ἀγαγὼν
1750 5470 1892 5525 idem

2014 5456 2145 5535 tete.
2179 5456 2256 5526 ID.

316 5524 637 5597 proi_lucit__itt
662 5526 967 5597 ἀναγαγών.
1007 5533 1077 5584 ID.

391 5594 503 5664 (48)
546 5591 653 5648 Pro
680 5610 745 5650 eo
776 5591 916 5668 quod
953 5602 1119 5658 editio
1157 5604 1375 5661 exhibet
1411 5622 1425 5660 ι
1471 5611 1644 5678 ἀργὰς
1679 5610 1892 5664 ἀποδείι

2071 5543 2183 5623 μθ.)
2228 5542 2285 5623 In
2321 5543 2437 5623 illos
2473 5547 2764 5623 invehitur,
2810 5550 3025 5623 laudato
3066 5553 3174 5619 jam
3213 5556 3559 5623 Aphrodisio,

2001 5611 2091 5681 qui
2125 5612 2410 5680 dignitates
2436 5618 2681 5674 ambiunt
2711 5611 3123 5680 eCclesiastieas.
3169 5611 3331 5693 Infra,
3358 5628 3421 5681 ου
3454 5611 3562 5696 γὰρ
