4020 6140
437 236 572 301 1343
1626 240 1688 300 S.
1725 239 2015 301 ISIDORI

2135 239 2491 299 ILUSIOTAZ
3547 231 3675 295 1344

435 357 602 417 atque
629 346 856 402 astutias
887 355 1213 415 investigare
1238 359 1300 400 ac
1339 345 1545 400 rimari.
1577 346 2012 402 Observandum-

2135 347 2287 413 όγος,
2318 346 2387 400 τὰ
2422 345 2795 416 μηχανήματα
2823 342 2989 398 αὐτοῦ
3022 341 3331 411 ἀνιχνεύειν
3350 339 3447 394 καὶ
3483 342 3677 410 φυλάτ·

436 450 543 503 que
602 436 779 503 quoad
818 434 933 501 ejus
990 434 1107 489 fieri
1155 445 1349 504 potest.
1379 436 1613 490 maxime
1656 451 1779 490 eum
1807 436 2009 491 amoris

2135 438 2303 491 ςεσθαι
2337 437 2413 500 ὼς
2442 437 2746 508 ἐνδέχεταιο
2774 438 2905 489 ὅταν
2942 436 3177 505 μάλιστα
3207 434 3392 503 φιλίας
3442 434 3677 503 προσχή⁸

434 522 614 589 colore
646 523 892 576 inescare
923 520 1171 577 homines
1212 523 1444 577 studeat.
1479 521 1631 579 Tune
1661 526 1806 581 enim
1836 537 2008 595 expu-

436 612 591 678 gnari
629 613 856 680 capique
887 620 1067 680 potest
1093 611 1380 668 difﬁcilius.

505 700 732 764 Quando
775 716 907 756 vero
956 703 1023 757 de
1065 703 1408 772 dogmatibus
1453 705 1810 774 significasti;
1850 704 2010 777 562

434 789 571 842 scito
600 791 819 853 audisse
852 806 939 846 me
988 794 1277 863 aliquando
1311 810 1375 848 ex
1411 795 1570 848 docto
1616 796 1736 859 viro
1778 811 2013 865 evange-

437 874 571 931 listze
598 894 840 948 sensum,
870 894 1159 952 propterea
1210 887 1350 954 quod
1389 883 1509 938 Filii
1548 884 1640 939 Dei
1673 901 1867 939 nomen
1893 894 2012 939 astu

439 971 768 1028 adornantes
808 973 1171 1042 inverterunt,
1188 982 1243 1030 et
1260 972 1459 1030 Filium
1473 974 1566 1030 Dei
1588 992 1696 1031 non
1713 991 1834 1031 esse
1855 991 2010 1031 crea-

440 1068 620 1116 turam
684 1072 827 1118 recte
876 1063 1196 1120 docuerunt.
1261 1065 1428 1120 Aiunt
1486 1064 1867 1131 enim:His,
1924 1066 2015 1137 qui

441 1153 661 1207 credunt
690 1155 745 1207 in
778 1156 987 1208 nomine
1024 1156 1158 1224 ejus,
1189 1154 1335 1209 dedit
1385 1156 1460 1210 eis
1515 1166 1825 1225 potestatem
1870 1157 2013 1226 ﬁlios

442 1242 545 1297 Dei
568 1243 740 1311 ﬁeri‘.
800 1243 867 1298 Et
893 1244 1021 1300 alibi
1052 1264 1065 1298 :
1112 1246 1381 1315 Quidquid
1427 1247 1681 1313 petieritis
1719 1248 1775 1300 in
1810 1249 2016 1301 nomine

444 1347 578 1399 meo,
601 1335 862 1402 accipietis
881 1335 924 1389 ⁸.
957 1334 1103 1390 Inter
1122 1344 1313 1390 caitera
1341 1352 1491 1402 vero,
1526 1352 1646 1405 qua:
1678 1338 1840 1392 multa
1866 1348 2015 1405 sunt,

446 1421 542 1477 Dei
571 1423 809 1489 nomina,
837 1425 1071 1480 maxime
1105 1427 1378 1495 proprium
1424 1436 1508 1482 est
1536 1426 1656 1481 Filii
1691 1426 1783 1481 Dei
1830 1429 2017 1497 appel-

447 1511 615 1566 latio:
644 1514 938 1569 ostendens
967 1529 1153 1569 verum
1182 1528 1306 1569 esse
1331 1529 1393 1568 ae
1422 1514 1735 1584 genuinum,
1771 1524 1825 1568 et
1860 1529 2017 1568 erea-

453 1612 583 1657 tura:
612 1618 829 1658 sensum
853 1618 1067 1659 omnem
1105 1603 1548 1674 intellectumque
1580 1607 1866 1659 excedens.
1895 1606 2020 1662 Cla-

2118 546 2247 599 ματι
2281 527 2508 599 δελεάζῃ
2530 542 2544 558 ⁸
2572 528 2695 580 τότε
2729 528 2837 600 γάρ
2866 526 3167 589 δυσάλωτός
3205 527 3321 577 ἐστι
3349 524 3443 577 καὶ
3474 522 3676 593 δὺσμα-

2115 634 2229 686 χος.

2201 709 2417 777 Ἐπειδὴ
2448 709 2506 761 δὲ
2533 708 2626 761 καὶ
2654 706 2783 778 περὶ
2812 704 3098 776 δογμάτων
3138 705 3436 775 ἐμήνυσας,
3473 702 3579 755 ἴσθι
3606 703 3685 755 ὅτι

2118 798 2329 870 ἤκουσά
2388 797 2521 851 ποτέ
2606 815 2754 861 τινος
2835 794 3011 848 δεινοῦ
3070 793 3415 862 καταμαθεῖν
3481 792 3687 861 ἀνδρῶν

2119 886 2521 955 εὐαγγελιστῶν
2546 886 2805 948 διάνοιαν,
2838 886 2919 938 ὅτι
2950 885 3112 937 τόκου
3146 882 3239 935 τοῦ
3292 881 3519 952 γνησίου
3565 880 3688 933 τοῦ-

2119 991 2258 1043 νομα
2321 974 2603 1041 ἔστρεφον,
2668 970 3169 1035 κατασκευάζοντες
3228 970 3290 1022 τὸ
3357 970 3432 1039 μὴ
3486 968 3690 1038 κτίσμα

2121 1059 2258 1115 εἶναι
2288 1063 2376 1117 τὸν
2400 1064 2549 1116 Υῐόν.
2589 1064 2838 1130 Ἐφασαν
2870 1063 2999 1133 γάρ’
3035 1060 3169 1128 Τοῖς
3194 1062 3585 1115 πιστεύοτσιν
3602 1062 3691 1127 εἰς

2120 1151 2187 1202 τὸ
2198 1149 2381 1217 ὄνομα
2390 1169 2427 1203 α
2436 1151 2574 1203 ὐτοῦ
2588 1149 2863 1204 δεδόσθαι
2876 1150 3167 1214 ἐξουσίαν
3179 1149 3357 1203 τέκνα
3372 1149 3520 1204 Θεοῦ
3532 1149 3692 1218 γενέ-

2121 1243 2261 1293 σθαι
2283 1278 2297 1292 .
2333 1240 2462 1291 Καί·
2500 1238 2569 1294 '0
2603 1240 2711 1293 ἐὰν
2733 1241 3023 1310 αἰτήσητε
3064 1241 3134 1294 ἐν
3165 1240 3245 1306 τῷ
3293 1241 3539 1309 ὀνόματί
3570 1259 3689 1310 μου

2122 1327 2420 1396 λήψεσθε·
2481 1330 2650 1399 ὄνομα
2701 1330 2757 1383 δὲ
2796 1330 2891 1384 τοῦ
2951 1329 3304 1400 πολυωνύμου
3359 1331 3693 1402 κυριώτερον

2121 1418 2230 1471 τῶν
2283 1418 2457 1472 ἄλλων
2507 1422 2539 1489 ἡ
2600 1418 2695 1472 τοῦ
2737 1420 2869 1474 Υίοῦ
2938 1422 3302 1491 προσηγορία,
3357 1421 3418 1473 τὸ
3470 1422 3693 1491 γνήσιον

2124 1509 2485 1577 ἐμφαίνουσα,
2514 1512 2609 1563 καὶ
2639 1511 2739 1581 τὴν
2760 1511 2854 1564 τοῦ
2875 1513 3171 1583 κτίσματος
3204 1511 3413 1566 ἔννοιαν
3434 1511 3694 1582 ἑξοστραο

2126 1600 2369 1663 κίζουσα.
2408 1601 2575 1672 Δῆλον
2619 1602 2797 1656 τοίνυν
2838 1602 2921 1656 ὅτι
2954 1605 3068 1673 τοῖς
3113 1604 3212 1672 μὲν
3244 1606 3378 1657 Υἱον
3412 1604 3572 1657 αὑτὸν
3608 1604 3698 1657 λέ-

452 1708 572 1746 rum
608 1692 789 1761 itaque
819 1696 999 1749 evadit
1034 1696 1428 1764 appellantibus
1453 1711 1577 1750 eum
1611 1693 1812 1748 Filium
1841 1697 2022 1751 datam

2135 1707 2312 1758 γουσιν
2347 1691 2505 1760 ἐδόθη
2557 1693 2591 1763 ἡ
2626 1694 2808 1763 χάρις,
2838 1696 2952 1757 τοῖς
2984 1692 3041 1746 δέ
3087 1694 3296 1764 κτίσμα
3326 1695 3489 1748 αὐτὸν
3517 1695 3696 1762 λέγειν

452 1793 574 1834 esse
603 1784 828 1850 gratiam
856 1801 872 1839 :
902 1784 1144 1853 refugere
1171 1793 1359 1839 contra
1398 1783 1572 1839 abhis
1596 1799 1711 1850 eos,
1746 1786 1837 1853 qui
1868 1800 2025 1841 creao

458 1880 631 1925 turam
659 1888 778 1928 esse
807 1876 1008 1929 audent
1038 1890 1305 1930 asserere.
1335 1874 1411 1930 De
1435 1876 1618 1943 politia
1647 1877 1787 1944 quod
1819 1892 2028 1945 quaere-

455 1960 571 2024 bas,
603 1976 766 2015 avens
792 1963 970 2016 omnia
1006 1962 1165 2018 simul
1196 1964 1425 2027 discere,
1458 1965 1645 2033 paucis
1688 1965 2025 2034 reSpoudeo;

454 2054 727 2121 videlicet,
758 2056 1037 2125 gentilium
1071 2058 1344 2126 sapientes
1392 2057 1622 2126 gloriam
1663 2055 1872 2111 dicendi
1901 2072 2027 2125 gra-

454 2146 623 2215 vitate
659 2155 713 2200 et
761 2146 914 2215 copia
960 2147 1181 2216 adeptos
1223 2147 1553 2202 constituere
1607 2146 1868 2213 volentes,
1899 2149 2028 2215 quid

451 2235 677 2304 justum,
713 2237 840 2306 quid
869 2238 1145 2301 decorum,
1171 2238 1303 2307 quid
1337 2237 1655 2306 legitimum,
1686 2248 1741 2290 et
1776 2237 2026 2303 denique,

454 2327 583 2394 quid
614 2327 895 2380 honestum
927 2327 1018 2391 sit,
1056 2330 1292 2381 rationes
1339 2327 1577 2381 infinitas
1611 2326 1930 2388 afferentes,
1968 2341 2029 2379 ac

456 2417 684 2484 prolixis
726 2420 1081 2482 sermonibus.
1115 2420 1264 2487 quasi
1319 2419 1686 2489 labyrinthum
1747 2420 2028 2482 ducentes,

459 2516 665 2558 tantum
694 2507 760 2560 ab
791 2521 879 2570 eo,
910 2507 1054 2577 quod
1083 2507 1370 2562 dicendum
1394 2517 1531 2575 erat,
1564 2509 1865 2574 aberrasse,
1898 2520 1955 2561 ut
1978 2518 2033 2563 et

457 2595 698 2663 ligentes
734 2595 1116 2651 confundenda
1159 2597 1391 2667 amplius
1439 2597 1841 2651 conturbarint.
1892 2597 2030 2653 Ver-

456 2686 584 2739 bum
612 2701 739 2741 vero
762 2685 853 2741 Dei
884 2685 1052 2742 Filius
1087 2688 1307 2742 insitum
1340 2687 1545 2742 homini
1589 2687 1918 2742 intellectum
1952 2692 2034 2741 in-

457 2789 799 2844 Staurans,et
825 2770 1035 2836 arbitrii
1062 2780 1324 2850 cujusque
1350 2781 1653 2838 libertatem
1671 2783 1821 2853 justo
1843 2798 1905 2838 ac
1934 2783 2035 2839 de-

342 2880 355 2894 ‘
458 2884 606 2936 coro,
633 2870 1017 2941 lcgitimoitem
1047 2882 1103 2928 et
1135 2873 1363 2927 honesto
1397 2874 1676 2943 colligans,
1722 2873 1870 2928 brevi
1914 2889 2033 2929 ser-

460 2977 617 3018 mone
644 2964 694 3016 id
729 2980 889 3019 omne
918 2965 1129 3034 aperuit
1168 2980 1299 3019 usus
1338 2965 1557 3020 verbis:
1596 2982 1615 3016 ι
1671 2963 1861 3020 Omnia
1913 2979 2035 3034 qua:

2125 1780 2395 1851 τολμῶσιν
2424 1784 2456 1852 ἡ
2482 1782 2635 1852 χάρις
2660 1784 2759 1836 οὐκ
2786 1784 3062 1854 ἐπιφοιτᾷ.
3108 1784 3329 1854 Ἐπειδὴ
3366 1784 3423 1837 δὲ
3450 1785 3543 1837 καὶ
3570 1785 3700 1853 περὶ

2127 1871 2401 1933 πολιτείας
2429 1872 2539 1942 (50)
2571 1873 2867 1940 ἐδήλωσας,
2912 1875 3091 1927 πάντα
3129 1872 3263 1944 ὁμοῦ
3299 1873 3490 1943 μαθεῖν
3517 1874 3700 1945 γλιχό-

2131 1977 2308 2029 μενος,
2366 1963 2765 2017 άντεπιστέλλω
2823 1965 3104 2034 συντόμως
3135 1982 3150 1997 ’
3186 1966 3266 2018 ὅτι
3310 1966 3359 2018 oi
3422 1966 3523 2034 μὲν
3561 1965 3699 2036 παρ’

2128 2049 2353 2118 Ἕλλησι
2385 2053 2560 2118 σοφοὶ,
2598 2054 2646 2104 οί
2689 2053 2845 2116 δόξαν
2887 2053 2979 2109 ἐπὶ¹
3029 2054 3320 2124 σεμνότητι
3350 2053 3445 2106 καλ⁸
3470 2053 3703 2122 δυνάμει

2125 2138 2299 2207 λόγων
2328 2139 2477 2209 παρά
2517 2143 2681 2194 πᾶσιν
2713 2143 3030 2214 ἐσχηκότες,
3064 2143 3379 2215 βουλόμενοι
3416 2145 3702 2215 παραστῆ-

2130 2245 2219 2281 σαι
2245 2229 2299 2281 τί
2322 2230 2383 2283 τὸ
2411 2230 2639 2298 δίκαιον,
2670 2233 2764 2286 καὶ
2790 2233 2842 2287 τί
2874 2234 2934 2287 τὸ
2966 2234 3203 2305 πρέπον,
3238 2237 3333 2290 καὶ
3363 2238 3419 2289 τί
3454 2237 3517 2289 τὸ
3551 2237 3706 2306 νόμι-

2132 2336 2231 2389 μον
2259 2321 2353 2374 καὶ¹
2393 2321 2446 2374 τί
2482 2322 2541 2375 τὸ
2570 2324 2757 2388 καλὸν,
2810 2324 3037 2396 μυρίους
3075 2326 3266 2397 λόγους
3298 2328 3703 2394 ἀναλώσαντες,

2130 2412 2222 2465 καὶ
2248 2413 2527 2481 διαλόγους
2553 2418 2795 2486 μακροὺς
2815 2416 3155 2489 λαϐυρίνθων
3175 2418 3328 2471 οὐδὲν
3348 2419 3707 2487 διαφέροντας

2132 2505 2424 2565 συνιέντες,
2453 2506 2708 2559 τοσοῦτον
2732 2507 2975 2578 ἀπέσχον
3013 2508 3109 2561 τοῦ
3138 2511 3313 2563 εἰπεῖν
3337 2528 3391 2563 τι
3428 2511 3539 2563 τῶν
3559 2511 3711 2565 δεόν⁴

2130 2611 2257 2657 των,
2288 2596 2370 2647 ὅτι
2398 2596 2491 2647 καὶ
2513 2595 2673 2650 πλέον
2697 2599 2824 2661 τοὺς
2855 2598 3331 2667 ἀναγινώσκοντας
3359 2603 3712 2670 συγχέουσιν..

2141 2684 2201 2737 '0
2241 2684 2298 2737 δὲ
2338 2684 2612 2749 θειότατος
2642 2688 2819 2757 Λόγος
2867 2688 3014 2759 δεῦρ’
3071 2692 3451 2761 ἐπιφοιτήσας,
3491 2692 3711 2745 καὶτὸν

2130 2771 2378 2853 ἔμφυτον
2409 2775 2753 2846 ἀνακινήσας
2801 2777 2912 2832 τῶν
2943 2777 3252 2849 ἀνθρώπων
3290 2780 3575 2852 λογισμὸν,
3607 2783 3707 2835 καὶ

2129 2863 2230 2934 τὴν
2260 2865 2495 2921 ἑκάστου
2552 2867 2811 2938 βούλησιν
2862 2870 2990 2940 ὅρον
3038 2868 3133 2923 τοῦ
3175 2870 3411 2936 δικαίου,
3464 2872 3559 2925 καὶ
3612 2871 3709 2925 to?)

2133 2956 2457 3025 πρέποντος,
2488 2959 2582 3012 τοῦ
2608 2975 2669 3011 τε
2719 2959 2955 3030 νομίμου
3005 2961 3101 3013 καὶ
3130 2962 3228 3014 τοῦ
3256 2961 3425 3015 καλοῦ
3459 2962 3714 3032 πηξάμε-

458 3051 619 3107 vultis
642 3061 696 3105 ιιι
719 3054 922 3108 iaciant
947 3054 1097 3108 vobis
1124 3053 1389 3115 homines,
1408 3063 1462 3107 et
1492 3068 1586 3108 vos
1612 3053 1774 3109 facile
1805 3052 1909 3108 illis
1936 3053 1977 3107 ³.
2008 3072 2029 3106 ι

2137 3064 2246 3109 νος,
2273 3047 2361 3101 διὰ
2390 3047 2648 3118 βραχείας
2687 3050 2899 3120 ρήσεως
2943 3050 3115 3104 τοῦτο’
3140 3046 3467 3120 διεσάφησεν
3499 3052 3675 3105 εἰπών
3696 3068 3711 3083 ⁸

459 3140 540 3196 Ne
568 3158 671 3197 non
709 3145 908 3213 scripta
938 3144 1181 3214 proferre
1226 3145 1521 3207 videretur,
1570 3144 1744 3215 sigillo
1783 3144 2034 3200 muniens

462 3250 581 3303 qua:
615 3236 843 3299 dixerat,
872 3237 1161 3306 omniaque
1186 3237 1504 3304 compendio
1552 3236 1831 3291 involvens
1860 3255 1873 3291 :
1905 3235 2035 3290 Hier:

461 3337 535 3378 est
576 3325 735 3388 enim,
762 3326 952 3395 inquit,
1008 3327 1091 3381 lea:
1138 3338 1185 3382 et
1238 3326 1526 3396 prop/reue.
1576 3326 1825 3379 Omnium
1875 3327 2037 3396 igitur

464 3418 685 3471 honeste
726 3419 1011 3486 factorum,
1040 3422 1153 3472 haec
1191 3419 1369 3487 regula
1399 3418 1489 3481 sit,
1525 3427 1581 3470 ut
1606 3418 1748 3485 quod
1785 3418 1940 3471 nobis
1970 3417 2037 3472 ab

463 3506 584 3561 aliis
640 3508 753 3562 ﬁeri
792 3509 1047 3578 petimus,
1078 3509 1215 3563 idem
1264 3507 1395 3561 illud
1436 3522 1531 3561 nos
1563 3507 1663 3575 ipsi
1700 3516 2035 3575 praestemus.

465 3599 622 3655 Scias
665 3613 721 3654 et
776 3602 929 3665 illud,
962 3602 1103 3669 quod
1154 3598 1244 3666 qui
1299 3613 1479 3650 rerum
1536 3597 1934 3665 pulchritudine
1984 3598 2038 3651 in

467 3692 629 3746 rebus
652 3693 883 3747 conditis
908 3707 1012 3745 non
1036 3692 1101 3744 ad
1128 3691 1379 3759 pietatem
1407 3687 1488 3742 usi
1521 3687 1742 3753 fuerint,
1762 3702 1857 3742 eos
1880 3688 2041 3742 etiam

466 3780 520 3833 in
554 3792 828 3835 creaturas
861 3780 1149 3849 impegisse
1177 3777 1409 3850 (tantum
1445 3779 1589 3834 enim
1623 3777 1793 3842 abest,
1833 3788 1894 3832 ut
1926 3777 2045 3846 opi-

471 3870 623 3923 ficem
661 3871 821 3925 Deum
854 3872 1191 3940 agnoverint,
1226 3882 1280 3925 ut
1328 3869 1438 3925 illis
1490 3870 1654 3923 etiam
1709 3868 1914 3923 cultum
1963 3870 2035 3923 di‘

469 3963 652 4015 vinum
700 3960 1006 4033 tribuerint)
1038 3963 1089 4016 hi
1121 3962 1393 4032 sapientes
1431 3976 1488 4017 se
1516 3976 1636 4016 esse
1670 3960 1772 4013 rati
1812 3960 1864 4012 in
1896 3960 2046 4029 igno-

472 4053 662 4107 rantiae
712 4052 899 4122 pelago
966 4052 1211 4122 naufragi
1269 4051 1701 4119 praecipitarunt.
1768 4048 2047 4105 Creaturis

471 4145 616 4199 enim
646 4145 908 4199 artilicem
942 4142 1363 4213 praedicantibus
1384 4144 1582 4210 (neque
1616 4141 1762 4196 enim
1804 4142 1922 4196 sine
1959 4156 2049 4195 ar-

472 4230 710 4283 chitecto
735 4230 923 4282 domus
955 4228 1272 4293 tedificatur,
1302 4243 1476 4297 neque
1524 4229 1643 4283 sine
1693 4227 1843 4282 fabro
1895 4231 2049 4283 navis

473 4316 857 4384 compingitur,
895 4331 1068 4384 neque
1124 4316 1241 4369 sine
1297 4315 1502 4370 musico
1543 4330 1805 4385 organum
1854 4317 2051 4371 consti-

477 4405 796 4475 tuitur),arti
825 4407 1002 4475 potius
1029 4420 1189 4475 quam
1230 4416 1493 4461 creatura:
1521 4407 1726 4460 faciunt
1756 4404 2041 4474 iniuriam;

475 4496 722 4566 opificem
778 4497 997 4551 interim
1057 4497 1455 4566 praescribcndo
1490 4499 1896 4552 Submoverunt.
1948 4498 2045 4554 His

477 4584 642 4657 igitur
686 4590 879 4642 merito
912 4588 1071 4642 etiam
1105 4588 1291 4658 politia
1345 4589 1584 4647 evanuit.
1617 4589 1862 4644 Universi
1898 4591 2040 4645 enim

2142 3157 2160 3189 ι
2200 3136 2385 3192 Πάντα
2413 3138 2515 3193 ὅσα
2544 3138 2726 3193 θέλετε
2756 3140 2845 3193 ἵνα
2888 3140 3118 3194 ποιῶσιν
3168 3141 3297 3211 ὑμῖν
3333 3145 3381 3196 οἱ
3410 3142 3715 3213 ἄνθρωποι,

2135 3230 2232 3283 καί
2255 3229 2415 3299 ὑμεῖς
2444 3234 2647 3284 ποιεῖτε
2677 3232 2881 3294 αὐτοῖς.
2929 3251 2949 3283 ι
2980 3233 3112 3285 Εἶτα
3145 3233 3231 3286 ἵνα
3270 3233 3347 3304 μὴ
3375 3234 3502 3305 δόξῃ
3545 3235 3718 3305 ἄγρα-

2138 3337 2236 3389 φον
2261 3322 2424 3391 νόμον
2453 3322 2573 3375 κατ’
2605 3323 2886 3392 ἐγγράφου
2921 3322 3150 3391 τιθέναι,
3187 3326 3719 3395 ἐπισφραγιζόμενος

2138 3410 2206 3462 τὰ
2229 3409 2495 3481 εἰρημένα
2547 3416 2641 3465 καὶ
2673 3410 2933 3476 δεικνὺς,’
2962 3415 3045 3467 ὅτι
3085 3415 3263 3468 πάντα
3302 3416 3584 3487 συντόμως
3618 3434 3719 3470 πε-

2143 3499 2437 3570 ριείληφεν,
2492 3498 2595 3571 ἔφη
2623 3518 2637 3533 ο
2674 3497 2867 3569 Οὗτος
2909 3504 3030 3572 reip:
3066 3504 3240 3557 ἐστιν
3263 3507 3297 3559 ό
3321 3507 3509 3574 νόμος
3536 3507 3723 3560 καίοι

2143 3591 2464 3661 προφῆται.
2497 3593 2586 3645 Ἑν
2616 3594 2801 3658 αὐτοῖς
2820 3595 3109 3666 τοιγαροῦν
3127 3596 3341 3666 ἔχοντες
3367 3599 3587 3652 πάντων
3612 3598 3723 3661 τῶν

2143 3686 2323 3739 καλῶν
2355 3687 2446 3739 τὸν
2474 3684 2695 3751 κανόνα,
2732 3685 2761 3738 ὃ
2811 3688 3114 3758 βουλόμεθα
3171 3689 3324 3758 παρά
3385 3688 3495 3741 τῶν
3546 3688 3722 3742 ἄλλων

2145 3778 2274 3848 ὑμῖν
2312 3778 2680 3849 ὑπαρχθῆναι,
2710 3779 2870 3832 τοῦτο
2899 3781 3029 3850 παρ’
3056 3779 3212 3850 ἡμῶν
3245 3782 3323 3843 είς
3353 3778 3595 3841 ἐκείνους
3629 3779 3721 3847 γέ-

2144 3870 2339 3929 νεσθω.
2367 3869 2506 3922 Ἵσθι
2546 3870 2604 3922 δὲ
2633 3869 2725 3922 καὶ
2760 3870 2940 3934 τοῦτο,
2973 3871 3057 3924 ὅτι
3078 3870 3129 3923 οἱ
3150 3870 3226 3939 τῷ
3278 3869 3501 3938 μεγέθει
3525 3864 3621 3923 uel.
3648 3868 3724 3939 τῷ

2145 3958 2333 4012 κάλλει
2376 3959 2485 4013 τῶν
2526 3940 2843 4030 κτισμάτων
2881 3961 2981 4013 οὐκ
3032 3962 3112 4023 είς
3154 3958 3441 4023 εὐσεϐείας
3468 3960 3723 4013 ὑπόθεσιν

2147 4047 2612 4118 άποχρησάμενοι,
2639 4046 2775 4102 ἀλλά
2802 4049 2898 4102 καὶ
2929 4049 3401 4120 προσπταίσαντες
3431 4050 3620 4111 αὐτοῖς
3644 4049 3723 4120 (οὗ

2148 4139 2259 4209 γὰρ
2302 4138 2460 4209 μόνον
2491 4138 2583 4192 τὸν
2631 4140 2973 4211 Δημιουργὺν
3019 4141 3119 4193 οὐκ
3167 4140 3434 4208 ἔγνωσαν,
3468 4141 3608 4194 άλλά
3634 4141 3725 4196 καὶ

2150 4229 2331 4292 αὐτοῖς
2352 4231 2411 4282 τὸ
2436 4228 2596 4294 σέϐας
2618 4232 2877 4285 ἀνέθεσαν
2902 4226 3066 4301 (οὗτοι
3087 4232 3240 4300 σοφοὶ
3263 4231 3541 4300 οἰηθέντες
3564 4228 3723 4297 εἶναι,

2151 4323 2229 4383 εἰς
2254 4318 2315 4372 τὸ
2343 4324 2443 4392 τῆς
2470 4321 2711 4391 ἀμαθίας
2763 4323 3110 4392 ἐναυάγησαν
3163 4321 3402 4390 πέλαγος
3424 4340 3440 4353 ·
3477 4323 3590 4375 τῶν
3621 4324 3726 4394 γάρ

2151 4411 2468 4481 κτισμάτων
2497 4414 2979 4484 ἀνακηρυττόντων
3012 4411 3104 4465 τὸν
3136 4412 3387 4483 τεχνίτην
3417 4414 3437 4482 (
3470 4414 3594 4466 οὐδὲ
3622 4415 3727 4483 γάρ

2150 4498 2277 4553 ἄνευ
2322 4500 2704 4571 ἀρχιτέκτονος
2766 4503 2913 4554 οἰκία
2957 4486 3348 4571 οἰκοδομεῖται,
3411 4500 3539 4554 οὔτε
3600 4503 3725 4555 ἄνευ

2152 4590 2435 4661 ναυπηγοῦ
2476 4591 2629 4655 ναῦς,
2689 4593 2812 4646 οὐδὲ
2876 4594 3007 4647 ἄνευ
3084 4592 3384 4663 ἁρμονικοῦ
3468 4595 3729 4664 μουσικὸν

550 4762 570 4795 ³
596 4760 752 4818 Joau.
780 4774 818 4828 ι,
848 4762 934 4816 12.
1012 4766 1033 4796 ³
1062 4761 1218 4817 Joan.
1260 4778 1368 4829 xtv,
1402 4763 1487 4818 li.
1564 4763 1583 4794 ³
1616 4762 1749 4815 Tob.
1794 4778 1865 4826 ιν,
1896 4761 1997 4826 16;
2030 4760 2216 4816 Matth.
2251 4779 2346 4829 vn,
2385 4762 2490 4827 12;
2530 4761 2662 4818 Luc.
2702 4780 2773 4832 v1,
2799 4760 2890 4819 5i.

1596 4918 1827 4971 VARIIE
1873 4914 2257 4972 LECTIONES
2294 4916 2379 4972 ET
2421 4914 2652 4975 NOTE.

485 5108 553 5181 ἂν
577 5107 718 5163 ἑάλω
741 5111 948 5180 ταχέως
978 5113 1112 5168 ἀλλά
1141 5113 1489 5181 προσχήματι
1525 5110 1727 5181 φίλιας,
1762 5107 1877 5181 lego
1902 5106 2045 5181 οῦτω

485 5180 615 5250 γὰρ,
653 5191 709 5250 ut
740 5178 974 5249 inrepist.
1005 5183 1106 5236 144
1136 5178 1255 5247 ἱιιΪ.,
1285 5178 1381 5236 ubi
1413 5178 1596 5235 eadem
1628 5178 2041 5250 Ie_gas.AAStatim,

485 5247 871 5322 ἀποδείξαντας
897 5251 1318 5322 ἐλεπόλειςῌχρή.
1353 5247 1915 5322 Ηοεγειιὶολὲλεπόλεις
1947 5264 2056 5322 μη-

487 5321 670 5391 χανα),
703 5322 1146 5391 μηχανήματσοδϋ
1171 5317 1245 5375 ὧν
1272 5317 1327 5373 αἱ
1350 5317 1531 5391 πόλεις
1552 5317 1963 5391 καθαιροῦνται.
1984 5318 2055 5369 De

491 5386 575 5442 his
602 5386 977 5445 Vitruviitslib.
1008 5408 1035 5445 ιι
1063 5386 1450 5446 etAtntnianus
1474 5387 1763 5440 Marcellin.
1790 5386 1882 5439 lib.
1906 5400 2053 5439 xxiv.

491 5456 612 5510 Mox
639 5460 701 5510 de
734 5462 970 5530 gentium
1008 5462 1356 5530 philosophis,
1394 5456 1832 5530 μυρίουςλόγους
1859 5453 2058 5530 evoma-

492 5542 703 5608 σαντες,
736 5522 833 5580 καὶ
874 5529 960 5581 διὰ
1006 5522 1195 5608 λόγους
1221 5522 1487 5608 ’μακροὺς
1530 5522 2058 5608 λαϐυρίνθων-οὐδέν

491 5594 845 5665 διαφέροντας
878 5594 1148 5664 συνιέντες
1172 5616 1185 5631 ·
1240 5594 1498 5669 ρυιυίιιε.
1535 5594 1834 5664 διαλόγους,
1873 5594 2059 5664 juncta

2150 5095 2304 5171 voce,
2341 5117 2396 5162 et
2422 5110 2722 5174 συνθέντες,
2749 5109 2835 5165 vel
2866 5109 3042 5180 potius
3074 5109 3428 5179 συνείροντες.
3459 5108 3733 5165 Platonem

2151 5180 2641 5250 euim__perstringit
2670 5180 2894 5250 dialogis
2918 5181 3095 5250 omnia
3129 5188 3557 5250 pertractantem
3592 5197 3607 5233 :
3640 5193 3735 5233 cu—

2149 5248 2242 5329 jus
2274 5246 2470 5329 dialogi
2495 5246 2960 5329 De'Bepub.'_1:spl
2989 5246 3201 5329 δικαίου
3245 5250 3637 5329 inscribuntur,
3681 5258 3736 5301 et

2158 5324 2336 5369 notata
2363 5316 2603 5389 Socratis
2622 5316 2876 5389 etpwveta
2907 5316 2959 5372 in
2991 5318 3307 5374 disserendo
3336 5321 3479 5387 apud
3508 5318 3730 5372 Cicero-

2159 5402 2302 5446 nem,
2337 5396 2392 5438 et
2417 5387 2571 5440 alios.
2605 5387 2846 5441 Scito'r'r.

2230 5454 2343 5525 (50)
2374 5453 2525 5525 inter
2562 5458 2939 5525 πολιτείας-ει
2972 5454 3245 5525 ἐδήλωσας
3286 5455 3446 5509 codd.
3478 5453 3598 5511 Vat:
3630 5453 3736 5508 650

2159 5531 2213 5576 et
2233 5523 2339 5576 Alt.
2370 5524 2613 5579 inserunt
2635 5525 2816 5595 τῆσδε.
2847 5523 3000 5595 ycrs.
3031 5523 3154 5581 inde
3182 5526 3236 5595 6,
3268 5526 3553 5589 συνθέντες
3576 5525 3737 5582 iidem

2162 5602 2366 5662 ponunt
2395 5608 2494 5664 pro
2524 5586 2813 5659 συνιέντες.
2845 5586 3053 5651 Possm.
