4020 6140
339 273 476 338 1345

1257 266 1793 333 EPISTOLARUM
1829 271 1974 332 LIB.
2016 272 2084 332 V.
2124 295 2195 306 -
2222 271 2458 333 EPIST.
2498 274 2711 335 XXXI.

3436 277 3584 343 ’1346

343 388 575 459 συσταίη
622 386 900 459 ὄργανον),
932 387 1137 440 ἐκεῖνοι
1174 389 1241 458 τῇ
1284 387 1448 458 τέχνῃ
1501 387 1699 457 μᾶλλον
1736 387 1909 457 ἤτοῖς

2018 387 2200 442 ducem
2235 394 2395 457 atque
2418 388 2774 444 architectum
2800 401 2831 444 e
2862 402 2962 444 suo
3010 390 3289 457 ejicientes
3317 406 3496 449 animo
3525 394 3582 450 in
3657 445 3661 449 .

335 480 642 551 τεχνηθεῖσι
700 479 1190 549 προσπταίσαντες,
1240 478 1331 531 τὸν
1393 478 1724 549 δημιουργὸν
1767 496 1905 548 παρ-

335 572 664 641 εγράψαντο.
715 570 839 632 Τοῖς
866 563 957 621 οὖν
1007 569 1270 632 τοιούτοις
1302 564 1547 632 εἰκότως,
1579 571 1673 621 καὶ
1718 567 1778 621 τδ
1806 567 1905 637 τῆς

335 661 611 723 πολιτείας
635 658 823 727 διέφθα
833 677 976 727 ρται.
1000 658 1105 712 Ίὸν
1129 658 1239 731 γὰρ
1280 659 1407 728 Ἥγε
1416 661 1553 729 μόνα
1579 659 1671 712 τοῦ
1705 658 1907 721 παντὸς

332 753 397 802 ἐκ
428 752 526 819 τῆς
556 750 767 803 ἑαυτῶν
790 749 1141 815 ἐκϐάλλονιες
1170 750 1366 821 ψυχῆς,
1392 752 1499 804 πᾶν
1523 746 1664 813 εἶδος
1693 748 1906 810 ἀδικίας

332 856 394 891 τε
418 841 511 892 καὶ
540 840 803 910 πονηρίας
828 840 998 904 ἀδεῶς
1025 840 1161 911 δρ.ν
1184 842 1246 894 ού
1269 840 1682 911 παραιτοῦνται.
1731 840 1910 891 Ἐπει-

334 930 400 1000 δὴ
433 930 490 983 δὲ
520 932 616 983 καὶ
654 932 784 1002 περὶ
818 932 927 985 τῶν
972 931 1271 1003 ἐλλογίμων
1310 933 1491 1001 ζητεῖς
1521 930 1656 1000 (5|),
1691 929 1800 981 ἴσθι
1825 930 1906 1012 ὅτι

322 1022 366 1072 .ὁ
392 1018 667 1101 θειότατος
697 1022 870 1091 Λόγος
908 1023 998 1076 τὸν
1025 1024 1307 1093 ἐλλόγιμον
1354 1024 1455 1076 ούκ
1484 1020 1820 1083 ἀποσείεται,
1858 1022 1905 1072 εί

2014 491 2172 530 omne
2196 492 2365 547 genus
2391 478 2670 545 injusﬁtia‘.
2693 486 2749 532 et
2776 478 3141 549 improbitatis
3168 483 3428 537 audacter
3452 498 3589 549 pro-2
3641 479 3647 485 ’

2012 564 2148 634 lapsi
2171 581 2395 634 peccare
2424 582 2529 623 non
2547 569 2814 623 dubitant.
2841 569 2995 636 Quod
3019 572 3250 642 denique
3270 571 3339 627 de
3367 573 3583 642 sapien-

2013 655 2153 711 tibus
2205 657 2527 727 interrogas,
2554 659 2769 713 noveris
2802 658 2894 713 Dei
2949 658 3141 715 Filium
3190 660 3425 716 Verbum
3476 678 3581 717 non

2011 746 2236 816 rejicere
2259 763 2473 803 omnem
2502 749 2921 819 praecellentem,
2966 752 3011 805 si
3066 767 3129 807 ex
3162 753 3373 808 ratione
3414 754 3583 808 vitam

2015 849 2304 906 componat
2335 857 2350 893 :
2392 848 2448 893 at
2471 840 2517 895 si
2558 840 2739 895 verbis
2762 840 3023 896 duntaxat
3052 843 3483 913 pliilOSOphatur,
3524 862 3589 917 re

2012 938 2192 982 autem
2220 930 2333 997 ipsa
2357 930 2599 985 moribus
2642 932 2878 1000 aberret,
2902 932 3045 987 nulla
3097 933 3213 1003 ejus
3263 935 3587 1005 eloquentiae

2012 1017 2207 1072 merito
2233 1027 2319 1073 est
2344 1018 2484 1073 ratio
2508 1019 2775 1074 habenda.

338 1112 481 1184 λόγῳ
503 1115 593 1169 τὸν
611 1117 810 1170 οἰκεῖον
848 1118 1101 1189 ῥυθμίζοι
1130 1119 1244 1189 βίον
1268 1134 1284 1150 ο
1318 1119 1367 1171 εί
1398 1118 1453 1172 δὲ
1490 1119 1549 1170 ὲν
1603 1116 1783 1184 λόγοις
1848 1111 2175 1185 φιλοσοφῶν,
2223 1112 2406 1185 ἔργοις
2462 1113 2790 1185 ἀφιλόσοφος
2854 1116 3068 1187 ὀφθείη,
3127 1118 3366 1189 εύλόγως
3412 1122 3532 1175 οὐδὲ
3555 1122 3588 1175 ὁ

339 1202 492 1271 λόγος
518 1205 610 1257 τὸν
636 1206 875 1260 τοιοῦτον
911 1210 1196 1278 προσίεται
1219 1209 1353 1279 (52).

480 1319 610 1375 ΚΘ.
657 1349 730 1360 -
765 1323 1036 1393 ΖΩΣΙΜῼ,
1085 1324 1370 1389 ΜΑΡΩΝΙ,
1414 1321 1748 1393 ΕΥΣΤΑΘΙῼ

2131 1315 2292 1387 533
2352 1313 2545 1370 xxux.
2599 1315 3022 1387 -έηιοξιιιο,
3079 1318 3340 1378 amnem
3391 1321 3478 1378 ET

2596 1385 3006 1442 EUSTATIIIO.

1685 1500 1729 1553 A
1759 1498 1885 1552 luxu
1908 1496 2233 1552 dehortatur.

416 1626 493 1678 -'H
523 1625 690 1697 πολλὴ
706 1625 800 1680 καὶ
816 1627 1104 1681 ἁκατάπαυ
1113 1645 1235 1693 στος
1250 1628 1430 1700 τρυφὴ
1457 1628 1551 1680 καὶ
1575 1628 1668 1694 ἐπὶ
1687 1628 1777 1680 τὸν
1796 1626 1907 1697 (55)

345 1716 499 1787 παρὰ
530 1715 693 1785 φύσιν
742 1718 1077 1789 παιδοτριϐεῖ
1112 1718 1311 1789 ἔρωτα,
1353 1719 1448 1773 καὶ
1470 1719 1649 1771 πᾶσαν
1688 1717 1779 1770 τοῦ
1812 1716 1911 1787 μὲν

348 1806 596 1876 σώματος
625 1808 724 1877 τὴν
765 1808 951 1876 ὑγείαν
970 1826 985 1840 ·
1016 1810 1111 1879 τῆς
1158 1810 1215 1862 δὲ
1238 1810 1418 1880 ψυχῆς
1464 1809 1787 1879 λυμαίνεται
1814 1807 1912 1878 τὴν

348 1897 643 1966 εὐγένειαν.
679 1899 967 1953 Παύσασθε
996 1900 1283 1971 τοιγαροῦν
1305 1903 1508 1970 ταύτης
1527 1916 1540 1929 ·
1570 1900 1663 1953 καὶ
1716 1900 1790 1970 μὴ
1817 1917 1914 1969 νη-

349 1988 576 2051 στείαις,
621 1987 758 2043 ἀλλά
806 2005 869 2058 γε
896 1993 962 2060 τῇ
1021 1991 1327 2064 αὐταρκείᾳ
1356 1994 1423 2062 τῇ
1464 1991 1633 2054 ὅντως
1677 1990 1912 2060 σώφρονι

344 2080 544 2148 τρυφῇ,
584 2078 820 2149 χρῆσθαι
850 2080 1079 2144 ἑαυτοὺς
1106 2081 1431 2135 παιδεύσατε
1452 2097 1467 2114 '
1497 2082 1594 2134 καὶ
1634 2081 1913 2151 οἰχήσεται

343 2170 378 2236 ἡ
428 2167 522 2221 νῦν
555 2170 676 2222 καθ’
716 2170 869 2240 ὑμῶν
893 2172 1042 2239 παρὰ
1075 2172 1292 2225 πάντων
1338 2172 1571 2243 ᾁδομένη
1624 2171 1910 2243 κωμῳδία.

344 2261 409 2313 Et
437 2260 495 2313 δὲ
522 2263 746 2324 ἑαυτοὺς
790 2263 871 2326 εἰς
905 2263 1003 2334 τὴν
1028 2263 1265 2317 ἆῦυσσον
1292 2265 1392 2334 τῆς
1419 2264 1672 2332 λαγνείας
1706 2262 1915 2335 ἐμϐάλ-

344 2350 485 2415 λετε,
545 2351 619 2423 μὴ
666 2355 780 2416 τοῖς
834 2354 1159 2424 κωμῳδοῦσι
1208 2355 1583 2434 χαλεπαίνετε,
1637 2354 1773 2408 ἀλλὰ
1811 2354 1914 2422 τῆς

344 2442 552 2505 οἰκείας
579 2443 788 2513 τρυφῆς
815 2444 1284 2515 καταψηφίζεσθε,
1322 2447 1442 2518 τῆς,
1490 2447 1566 2511 ὦς
1590 2465 1778 2516 φασιν,
1811 2448 1914 2501 οὐκ

344 2532 548 2585 οίκοθει.
568 2534 1123 2607 παρασκευαζομένης
1145 2537 1464 2609 (περίψηφοι
1482 2540 1591 2610 γάρ
1606 2539 1775 2609 ἐστε),
1797 2538 1912 2593 ἀλλ’

345 2623 410 2674 ἐκ
437 2622 531 2674 τοῦ
566 2623 872 2692 ἀλλοτρίαις
898 2627 1242 2697 ὲπιρῤίπτειν
1283 2628 1609 2697 τραπέζαις.
1656 2629 1782 2683 Ἐὰν
1804 2630 1914 2701 γὰρ

344 2710 735 2784 διασκεδάσητε
781 2715 881 2784 τὴν
913 2716 1104 2785 ἀχλὺν,
1153 2717 1272 2769 τότε
1327 2718 1522 2786 ὄψεσθε
1554 2719 1654 2789 τῆς
1701 2736 1916 2791 σωφρο-

349 2802 515 2878 σύνης
544 2806 606 2859 τὸ
627 2806 841 2874 κᾶλλος,
872 2808 901 2860 ὃ
926 2807 1021 2861 νῦν
1052 2811 1202 2861 ἐστιν
1228 2809 1359 2877 ύμῖν
1390 2807 1640 2863 ἀθέατον.

2085 1625 2276 1699 Ingens
2309 1642 2372 1682 ac
2401 1618 2688 1683 continuus
2716 1629 2876 1685 luxus
2914 1643 3035 1684 cum
3075 1631 3141 1685 ad
3169 1646 3407 1688 amorem
3445 1649 3587 1704 prae-

2015 1724 2096 1769 ter
2112 1726 2362 1770 naturam
2386 1717 2625 1779 instruit,
2652 1726 2760 1771 tum
2792 1719 3033 1786 corporis
3057 1733 3273 1774 omnem
3298 1721 3586 1778 sanitatem

2006 1805 2159 1873 juxta
2189 1815 2349 1875 atque
2388 1806 2550 1859 animi
2581 1806 2725 1861 laedit
2758 1808 3116 1862 nobilitatem.
3158 1809 3241 1864 Ab
3269 1810 3371 1865 hoc
3402 1811 3587 1881 itaque

2013 1896 2315 1961 abstinete;
2347 1905 2400 1950 et
2429 1910 2533 1950 non
2551 1896 2792 1966 jejuniis,
2819 1899 2912 1952 sed
2938 1898 3218 1955 snmcienti
3251 1900 3371 1956 cibo
3401 1905 3587 1957 mode-

2014 1988 2252 2054 ratisque
2285 1986 2492 2041 deliciis
2521 1986 2633 2055 jam
2677 2003 2820 2043 nunc
2864 1990 2942 2053 uti
3001 1991 3315 2045 assuescite.
3350 1990 3440 2047 Sic
3473 1993 3586 2058 liet,

2015 2085 2074 2128 ut
2100 2074 2237 2128 mala
2269 2074 2449 2129 omnis
2475 2075 2541 2128 de
2588 2074 2740 2139 vobis
2779 2076 3026 2145 evulgata
3076 2089 3253 2134 cesset
3291 2078 3454 2133 fama.
3490 2080 3589 2137 Sin

2013 2180 2143 2220 vero
2193 2167 2245 2220 in
2289 2180 2450 2221 omne
2495 2166 2735 2223 libidinis
2775 2184 2944 2237 genus
2982 2170 3128 2224 velut
3169 2171 3222 2225 in
3263 2172 3589 2241 profundum

2015 2256 2267 2324 abyssum
2323 2256 2692 2325 prmcipitatis,
2742 2258 2881 2312 male
2937 2261 3004 2314 de
3054 2260 3206 2315 vobis
3244 2261 3590 2330 loquentibus

2016 2344 2182 2398 nolite
2235 2344 2498 2415 indignari
2534 2363 2548 2412 ;
2599 2347 2729 2415 quin
2789 2348 3151 2402 domesticum
3189 2351 3367 2418 potius
3406 2351 3588 2404 luxum

2016 2436 2391 2501 condemnato,
2441 2451 2548 2491 non
2602 2446 2733 2504 tam,
2782 2448 2841 2492 ut
2906 2439 3108 2505 ferunt,
3156 2451 3339 2495 vestro
3373 2451 3587 2509 sumptu

2016 2511 2384 2595 apparatuque
2447 2527 2768 2582 instructum
2800 2527 2985 2599 (parce
3026 2529 3171 2584 enim
3214 2540 3459 2600 sumptus
3510 2529 3592 2586 fa-

2016 2617 2185 2685 citis),
2217 2632 2376 2686 quam
2409 2617 2636 2671 aliorum
2666 2634 2762 2675 vos
2791 2620 3097 2691 ingerentes
3145 2621 3366 2676 mensis.
3408 2619 3591 2686 Quare

2018 2707 2062 2763 si
2105 2707 2244 2766 hanc
2270 2708 2517 2777 caliginis
2546 2711 2743 2765 nubem
2785 2711 3141 2780 dissipabitis,
3180 2725 3408 2765 cernere
3455 2719 3589 2765 tunc

2019 2797 2203 2855 licebit
2248 2801 2638 2869 temperantia},
2687 2815 2852 2870 quam
2903 2815 3046 2857 nunc
3093 2801 3375 2870 ignoratis,
3424 2815 3595 2859 venu-

2020 2897 2216 2947 etatem
2231 2933 2245 2947 ι

348 3021 431 3079 Λν.
472 3050 544 3063 -
592 3027 1007 3087 EPMUI‘ENEI.
1065 3027 1390 3097 ΘΕΟΔΟΣΙῼ
1448 3027 1570 3079 ΚΑΙ
1610 3025 1909 3096 ΑΙΛΙΑΝῼ.

2086 3022 2255 3079 xxx.
2319 3053 2390 3065 —
2446 3024 3352 3097 ιιβιιιιοοιιιιι,ητιιιξοιιοειο,
3421 3024 3511 3082 E’l‘

922 3098 1356 3159 ΕΠΙΣΚΟΠΟΙΣ.

2448 3095 2749 3163 A‘ZLIANO,
2803 3094 3172 3151 EPISCOPIS.

1447 3204 1488 3257 A
1518 3205 1706 3259 virtute
1731 3188 1833 3258 tres
1856 3206 2184 3260 commendat
2210 3206 2498 3275 episcopos.

424 3320 487 3373 Εἰ
510 3319 583 3389 μὴ
612 3320 645 3389 ἡ
682 3316 967 3389 ὑπερφυὴς
992 3317 1145 3388 ὑμῶν
1169 3318 1337 3389 ἀρετὴ
1369 3318 1669 3389 ἐλέγχουσὰ
1696 3335 1799 3389 μου
1827 3320 1919 3371 τὸν

2095 3318 2206 3375 Nisi
2237 3317 2508 3375 excellens
2530 3326 2709 3375 vestra
2738 3320 2911 3375 virtus
2938 3333 3112 3374 meam
3152 3334 3454 3392 coarguens
3474 3338 3601 3379 ora-

357 3410 533 3479 λόγον,
570 3412 663 3463 καὶ
700 3410 793 3462 ἐπὶ
835 3408 942 3461 τῶν
968 3409 1083 3473 νῦν,
1120 3410 1314 3481 (πλείω
1352 3408 1459 3479 γὰρ
1507 3407 1677 3481 ίσασι)
1706 3410 1801 3463 καὶ
1828 3410 1914 3461 ἐπὶ

2027 3409 2252 3473 tionem,
2283 3424 2403 3463 cum
2434 3409 2573 3478 apud
2603 3424 2715 3475 eos,
2739 3411 2831 3481 qui
2880 3411 3037 3464 modo
3084 3420 3209 3465 sunt
3251 3412 3426 3482 (plura
3451 3416 3597 3468 enim

359 3501 468 3554 τῶν
506 3500 797 3571 ἐσομένων,
850 3500 1045 3571 (μείζω
1083 3499 1191 3570 γὰρ
1223 3499 1257 3568 ἣ
1302 3498 1710 3571 πιστεύσουσιν)
1750 3502 1914 3553 εἰπεῖν

2034 3500 2135 3566 ipsi
2181 3499 2405 3569 sciunt),
2435 3510 2546 3553 tum
2578 3502 2718 3570 apud
2752 3509 2997 3567 posteros
3031 3498 3245 3571 (horum
3292 3502 3436 3557 enim
3484 3504 3600 3572 opi-

360 3593 426 3647 ἃν
461 3592 728 3663 κατῆλθον
786 3593 867 3655 εἰς
909 3591 1002 3645 τὸν
1054 3591 1244 3661 ἀγῶνα
1283 3591 1394 3645 τῶν
1442 3592 1722 3662 ὑμετέρων
1753 3593 1914 3660 ἐγκω-

2031 3589 2194 3642 nione
2227 3588 2376 3657 plura
2406 3588 2574 3654 sunt),
2610 3601 2697 3641 me
2726 3587 2868 3657 loqui
2898 3598 3125 3655 vetaret,
3152 3591 3212 3645 in
3258 3590 3473 3646 laudum
3510 3606 3601 3647 ve.

364 3685 516 3754 μίων.

674 3814 798 3870 AA'.
840 3845 903 3856 -ο
925 3815 1266 3885 ΠΛΛΛΑΔΙῼ
1288 3813 1606 3883 ΔῙᾹΚΟΝῼ.

2018 3688 2265 3735 stratum
2293 3692 2543 3748 campum
2572 3693 2942 3734 excurrerem.

2303 3811 2497 3867 XXXI.
2537 3844 2605 3854 —
2636 3813 2975 3871 PALLADIO
3012 3817 3332 3875 DIACONO.

362 3927 424 3985 S.
458 3926 741 3997 Scriptura:
780 3929 1111 3990 incumbenti,
1161 3944 1263 3981 non
1309 3927 1543 3980 scientia:
1590 3940 1770 3985 causa,
1817 3941 2119 3997 responsum
2162 3929 2399 3995 denegat,
2433 3944 2515 3993 ne,
2559 3929 2699 3997 quod
2736 3938 2870 3981 vetat
2918 3928 3179 3997 Christus,
3228 3942 3469 3986 sanctum
3512 3934 3599 3988 det

1538 3996 1779 4046 canibus.
1816 3993 2029 4062 Confer.
2056 3997 2262 4065 epistol.
2295 3993 2422 4052 ἰδε.

433 4130 626 4184 Πολλοὶ
651 4130 752 4197 μέν
782 4145 964 4197 φασιν,
995 4128 1077 4181 ὅτι
1106 4128 1207 4180 οὐκ
1233 4125 1408 4197 ὀρθῶς
1434 4126 1584 4195 βιῶν,
1608 4124 1741 4178 ἀλλὰ
1776 4142 1930 4195 περι-

2107 4126 2366 4185 Referunt
2412 4128 2716 4198 complures
2765 4137 2837 4193 te,
2893 4144 3015 4185 cum
3075 4140 3221 4186 recte
3274 4132 3439 4187 vitam
3495 4148 3601 4187 non

367 4221 605 4275 στέλλειν
662 4219 981 4289 βουλόμενος
1042 4219 1111 4272 τὰ
1174 4217 1367 4271 ἑαυτοῦ
1445 4218 1787 4286 πταίσματα,
1833 4215 1914 4283 rip

2037 4220 2310 4282 instituas,
2387 4222 2479 4274 sed
2540 4230 2628 4274 tua
2682 4224 2937 4291 obtegere
2990 4222 3121 4276 vitia
3182 4224 3418 4292 labores,
3478 4226 3602 4294 glo-

369 4311 461 4365 τοῦ
491 4309 795 4379 φιλομαθὴς
850 4303 987 4360 εἶναι
1039 4308 1193 4374 δόξαν
1238 4305 1573 4378 θηρώμενος,
1622 4305 1931 4368 ἀκολουθῇς

2038 4310 2195 4371 riam,
2227 4312 2381 4378 quasi
2410 4311 2655 4366 discendi
2689 4314 2915 4382 cupidus
2943 4314 3041 4380 sis,
3076 4319 3348 4384 sequendo
3384 4312 3599 4373 sectari.

368 4405 480 4465 τοῖς
516 4402 699 4467 σοφοῖς
718 4416 731 4429 ·
770 4398 879 4465 ἐγὼ
911 4399 967 4451 δὲ
997 4397 1155 4451 τοῦτο
1181 4397 1280 4467 μὲν
1318 4399 1378 4449 οὐ
1411 4398 1665 4468 φήσαιμι,
1697 4396 1832 4448 ἀλλὰ
1864 4398 1914 4465 ei

2038 4399 2297 4467 Equidem
2359 4415 2464 4453 non
2514 4401 2587 4455 ita
2620 4416 2861 4467 censeo;
2913 4404 3007 4460 sed
3060 4406 3429 4473 experimento
3476 4408 3606 4462 edo-

370 4495 539 4563 πείρᾳ
587 4490 795 4560 μαθὼν,
833 4491 915 4542 ὅτι
935 4490 994 4542 οὐ
1045 4490 1134 4542 διὰ
1158 4490 1219 4541 τὸ
1247 4489 1444 4542 εἰδέναι
1472 4488 1540 4540 τὰ
1570 4488 1671 4557 τῆς
1714 4488 1936 4556 Γραφῆς

2039 4501 2158 4544 ctus
2188 4506 2327 4554 sum,
2373 4492 2513 4559 quod
2541 4508 2645 4547 non
2674 4503 2730 4545 ut
2759 4509 3053 4563 cognoscas
3083 4506 3325 4550 sanctam
3356 4497 3604 4565 Scriptu-

368 4586 533 4639 ἄδυτα
561 4584 784 4655 ὲρευνᾷν
813 4582 1103 4652 προσποιῇ,
1124 4580 1259 4634 ἀλλὰ
1278 4581 1434 4644 δόξαν
1465 4580 1615 4649 παρὰ
1637 4579 1731 4631 ἀνθ
1742 4578 1914 4648 ρώπωε

2039 4595 2176 4643 ram,
2210 4581 2365 4650 adyta
2417 4581 2534 4648 ejus
2585 4584 2913 4650 perscrutari
2958 4598 3068 4653 prae
3122 4593 3172 4637 te
3219 4585 3384 4648 feras,
3412 4586 3505 4639 sed
3548 4594 3607 4639 ut

374 4672 681 4743 μνώμενος·
732 4671 833 4722 οὐκ
868 4669 1270 4740 ἀποκρινοῦμαί
1305 4684 1410 4729 σοι,
1459 4666 1587 4735 θείῳ
1620 4664 1914 4734 πειθόμενοι

2041 4664 2250 4717 laudem
2282 4667 2559 4720 hominum
2613 4669 2857 4725 ambiens
2896 4689 2911 4725 :
2948 4687 3052 4725 non
3099 4672 3191 4725 tibi
3225 4673 3490 4725 assentior
3517 4674 3608 4726 Dei

372 4762 600 4833 χρησμῷ
644 4761 1134 4832 παρακελευομένῳ
1184 4761 1258 4831 μὴ
1308 4758 1506 4812 διδόναι
1556 4757 1626 4810 τὰ
1672 4758 1800 4823 ἇγια
1828 4759 1914 4808 τοῖη

2041 4754 2261 4809 oraculo
2290 4769 2602 4824 persuasus,
2636 4759 2725 4827 qui
2749 4759 2902 4829 jubet
2926 4768 3111 4814 sancta
3160 4774 3263 4813 non
3305 4774 3427 4815 esse
3459 4761 3609 4815 cani-

377 4853 523 4914 κυσὶ,
554 4853 687 4923 μηδὲ
723 4854 935 4923 ῥίπτειν
960 4853 1085 4914 τοὺς
1118 4849 1461 4922 μαργαρίτας
1501 4845 1810 4917 ἔμπροσθεν
1832 4845 1914 4897 τῶι

2044 4846 2144 4899 bus
2172 4844 2493 4914 objicienda,
2520 4856 2580 4902 ut
2609 4863 2705 4904 nec
2735 4850 2916 4919 porcis
2940 4849 3263 4919 margaritas
3283 4850 3326 4903 ⁸.

378 4942 593 5012 χοίρων.

448 5117 472 5148 ⁸
509 5116 701 5176 Matth.
745 5135 839 5186 vn,
868 5119 940 5185 6;
985 5135 1073 5183 xv,
1098 5118 1190 5173 26.

1430 5271 1661 5328 VARIAS
1693 5273 2073 5329 LECTIONES
2107 5272 2194 5327 ET
2230 5272 2463 5328 ΝΟΤᾸΞ.

451 5421 560 5492 (Si)
598 5421 750 5488 Quod
797 5428 917 5492 post
949 5419 1259 5492 ἐλλογίμων
1299 5433 1376 5492 .n_
1402 5417 1546 5492 edito
1583 5416 1796 5485 legitur,
1845 5418 1944 5489 ζη-

377 5486 490 5553 rei};
521 5486 675 5544 abest
704 5506 732 5542 a
758 5486 913 5543 cedd.
948 5490 1067 5543 Vat.
1096 5486 1210 5542 650
1233 5496 1286 5542 et
1317 5486 1422 5541 Alt.
1449 5486 1661 5541 Possm.

601 5559 707 5634 ξ)το
737 5557 994 5634 Ιιὶδηούὸε-
1013 5556 1346 5634 ὁ-λόγοςὴτὺν
1372 5554 1943 5634 τοιοῦτον-προσίεται,

385 5625 497 5684 huic
524 5625 730 5687 liabem
766 5628 923 5683 codd.
952 5627 1124 5682 Vatic.
1151 5626 1255 5681 650
1286 5633 1341 5681 οι
1366 5625 1495 5693 Alt.,
1518 5625 1636 5678 οὐδὲ
1665 5625 1819 5694 λόγον
1850 5626 1943 5677 τοῦ

2052 5421 2291 5490 τοιούτου
2319 5439 2479 5490 προσ.
2514 5421 2588 5473 In.

2122 5491 2231 5560 (55)
2273 5484 2377 5545 Pro
2402 5490 2494 5542 ἐπὶ
2521 5491 2608 5541 τὸν
2647 5486 2833 5560 legunt
2864 5489 2956 5541 ἐπὶ
2993 5488 3119 5549 τοὺς
3149 5485 3304 5560 cadd:
3354 5485 3466 5538 Vat.
3513 5484 3617 5560 (i250

2050 5569 2103 5613 et
2130 5555 2237 5614 Alt.
2269 5569 2324 5613 et
2361 5574 2503 5613 vers.
2535 5574 2647 5628 seq.
2685 5555 2781 5629 pro
2810 5559 2987 5629 ἔρωτα
3025 5564 3229 5626 ponunt
3275 5555 3498 5625 ἔρωτας.
3542 5555 3615 5605 lo.
