4020 6140
464 254 598 322 I347

740 369 955 427 XXXII.
1004 399 1070 412 —
1112 368 1390 428 ISIDOIIO
1432 372 1750 429 DIACONO.

1629 262 1688 322 S.
1728 258 2019 321 ISIDORI
2058 259 2493 322 PELUSIOT/E

3591 271 3631 335 li

2491 306 2493 316 ι
3591 274 3631 335 Ῑ.

2491 338 2613 429 sed
2646 404 2715 415 —
2747 372 3002 447 ΙΣΙΔΩΡῼ
3045 381 3371 455 ΔιΑκοΝςι.
3621 274 3726 339 m

917 482 1124 537 Laudat
1153 485 1378 542 Joannis
1418 487 1779 561 Chrysostomi
1803 492 1856 543 in
1901 490 2060 544 Pauli
2096 491 2383 557 Epistulam
2414 492 2483 545 ad
2524 491 2788 546 Romanos
2818 498 3272 553 commentarium.

532 597 587 649 lu
613 596 1009 650 commentario
1040 595 1293 663 Epistolaz
1312 601 1645 669 potissimum
1675 604 1742 656 ad
1768 601 2042 659 Romanos

462 687 516 755 (ο
558 684 760 738 Isidore
804 683 932 735 mihi
958 684 1341 757 cognominis),
1389 688 1776 756 sapientissimi
1818 687 2040 745 Joannis

460 771 722 842 sapientia
757 772 1041 827 thesaurus
1068 773 1286 841 quidam
1339 784 1441 830 est.
1486 775 1577 830 Sic
1604 776 1751 830 enim
1788 778 2040 832 existimo

461 863 697 934 (nequis
730 861 796 916 ad
837 864 1065 928 gratiam
1109 866 1198 921 hic
1239 881 1325 921 me
1365 865 1511 936 loqui
1546 866 1718 936 putet)
1750 868 1797 922 si
1824 868 2039 924 divinus

457 954 652 1007 Paulus
672 945 853 1007 Attico
877 954 952 1008 uti
979 968 1231 1011 sermone
1255 958 1534 1023 voluisset,
1563 974 1670 1028 quo
1700 960 1782 1013 sui
1806 959 2039 1015 exsiste-

458 1054 539 1099 ret
590 1044 877 1114 interpres,
941 1060 1047 1101 non
1106 1047 1264 1103 aliter
1317 1049 1797 1117 interpretaturum
1847 1049 2033 1115 fuisse,

452 1149 615 1203 quam
670 1149 830 1203 supra
884 1137 1066 1191 dictus
1113 1136 1533 1208 Chrysostomus
1567 1139 1652 1192 vir
1694 1141 2037 1195 venerandus

452 1222 743 1290 praestitit;
799 1222 938 1277 adeo
998 1225 1459 1295 enthymematis,
1514 1227 1801 1282 sententiis
1872 1236 2036 1298 atque

450 1310 717 1368 orationis
748 1312 1037 1383 elegantia,
1082 1315 1476 1386 verborumque
1510 1316 1598 1371 hic
1632 1327 1715 1371 est
1741 1332 1870 1372 usus
1902 1333 2031 1387 pro-

451 1403 704 1471 prietate.

688 1512 854 1584 564
884 1512 1123 1567 XXXIII.
1146 1543 1219 1553 —
1246 1512 1453 1567 EIDEM
1494 1514 1787 1572 ISIDOIIO.

2227 605 2317 657 Ἐν
2343 607 2411 675 τῇ
2438 605 2705 675 ἑρμηνείᾳ
2724 606 2824 676 τῆς
2858 607 2995 676 πρὸς
3032 608 3338 677 Ῥωμαίους
3399 610 3728 683 Ἐπιστολῆς

2147 692 2403 762 μάλιστα,
2466 688 2514 747 ὦ
2554 696 2836 766 ὁμώνυμε,
2892 699 2926 767 ἠ
2990 696 3237 751 Ἰωάννου
3303 698 3400 751 τοῦ
3435 700 3722 770 πανσόφου

2144 783 2305 851 σοφία
2323 783 2771 855 τεθησαύρισται.
2799 784 3114 858 Οῐμαιγάρ,
3150 789 3244 841 καὶ
3275 792 3351 859 μή
3373 790 3459 853 τίς
3494 807 3564 861 με
3586 792 3732 861 πρὸς

2140 872 2304 943 χάριν
2355 873 2534 942 λέγειν
2568 874 2859 945 νομιζέτω,
2912 876 2993 930 ὅτι
3025 879 3076 931 εί
3115 877 3328 941 Παῦλος
3367 879 3397 930 ὁ
3437 879 3727 945 θεσπέσιος

2155 962 2404 1034 Ἀττικὴν
2430 964 2620 1035 εἴληφε
2649 965 2916 1034 γλῶτταν,
2949 967 3093 1020 ὥστε
3136 968 3328 1041 ἑαυτὸν
3362 969 3727 1039 ἑρμηνεῦσαι,

2142 1052 2243 1105 οὐκ
2294 1053 2362 1107 ἂν
2408 1054 2584 1118 ἄλλως
2628 1057 2998 1127 ἡρμήνευσεν,
3045 1057 3079 1128 ἢ
3136 1058 3214 1122 ὡς
3264 1058 3294 1110 ὁ
3323 1062 3730 1131 προειρημένος

2142 1143 2385 1213 ἀοίδιμος
2450 1147 2631 1215 ἀνήρ’
2692 1145 2836 1200 οὕτω
2888 1147 2983 1200 καὶ
3031 1147 3401 1219 ἐνθυμήμασι,
3447 1150 3563 1219 (54)
3630 1150 3733 1204 καὶ

2139 1232 2350 1299 κάλλει,
2380 1235 2476 1287 καὶ
2508 1235 2822 1307 κυριολεξίᾳ⁵
2856 1236 3251 1309 κεκόσμηταιή
3273 1236 3560 1309 ἑρμηνεία.

2626 1519 2748 1573 AI".
2775 1550 2845 1559 —
2875 1521 2962 1590 To
3009 1520 3214 1591 arm.

1143 1625 1287 1681 Laus
1313 1629 1487 1682 sancti
1525 1646 1587 1682 ac
1616 1628 1800 1682 diserti
1838 1627 2069 1685 doctoris
2125 1630 2312 1702 (Forte
2335 1632 2571 1699 eiusdem
2606 1631 3012 1703 Chrysostomi).

521 1740 684 1794 Incidi
710 1739 849 1794 forte
877 1739 929 1793 in
958 1748 1204 1794 sanctum
1234 1741 1435 1808 virum,
1464 1741 1615 1810 cujus
1641 1742 1888 1796 docentis
1915 1756 2038 1797 ocu-
2066 1734 2109 1788 Β

452 1829 534 1885 lus
552 1830 830 1900 praeferret
848 1828 1182 1895 maiestatem
1210 1844 1274 1884 ac
1292 1831 1633 1899 sapientiam.
1646 1831 1875 1886 Aculeos
1889 1832 2030 1886 enim

449 1919 711 1987 plurimos
750 1920 976 1973 dicendo
1022 1920 1295 1987 inﬁgebat.
1333 1920 1693 1989 Supercilinm
1733 1936 1861 1977 vero
1904 1936 2032 1976 ocu-

447 2011 622 2065 lorum
654 2025 861 2077 eorum,
899 2025 1019 2079 quae
1066 2010 1414 2077 docerentur,
1447 2024 1682 2066 mentem
1719 2013 2028 2068 exhibebat.

447 2100 498 2156 Is
518 2112 749 2171 quantus
773 2111 1007 2172 quantus
1036 2112 1142 2170 est,
1171 2113 1231 2158 ut
1257 2104 1329 2157 ita
1359 2104 1557 2170 dicam,
1591 2104 1740 2157 utilia
1766 2105 2027 2173 spirabat,

447 2209 572 2248 cum
624 2203 805 2262 posset
855 2210 979 2249 eum
1019 2195 1368 2252 cernentibus
1426 2195 1708 2264 sapientiae
1763 2195 2029 2251 instillare

447 2299 709 2337 amorem.

446 2391 687 2451 XXXIV.
740 2424 810 2437 --
858 2394 1131 2457 ZOSIMO.
1193 2394 1483 2463 MARONI,
1538 2394 1877 2451 PALLADIO
1939 2395 2025 2449 ET

1029 2464 1446 2523 EUSTATIIIO.

2220 1746 2498 1818 Ἑνέτυχόν
2531 1764 2659 1800 ποτε
2690 1746 2848 1817 ἀνδρὶ
2899 1746 3065 1816 ἁγίῳ,
3116 1741 3177 1800 οὗ
3204 1745 3265 1798 τὸ
3309 1745 3408 1815 μὲν
3449 1744 3604 1815 ὁμμα
3636 1745 3719 1799 δι-

2132 1836 2424 1900 δάσκοντος
2457 1836 2687 1906 φοϐερὸν
2722 1835 2987 1905 ἐτύγχανε
3012 1837 3109 1889 καὶ
3158 1834 3341 1903 σοφόν.
3397 1834 3577 1887 Πολλὰ
3605 1837 3718 1905 γὰρ

2135 1927 2285 1998 αὑτῷ
2341 1923 2412 1998 ἦν
2456 1927 2593 1997 πρὸς
2635 1926 2729 1980 τὸν
2777 1926 2933 1994 λόγον
2979 1926 3049 1981 τὰ
3093 1927 3325 1995 κέντρα⁶
3368 1926 3403 1995 ἡ
3448 1925 3507 1977 δὲ
3539 1924 3715 1993 ὁφρὺς

2134 2018 2589 2091 ὑπερϐεϐλημένη
2622 2020 2734 2082 τοῖς
2769 2016 3069 2087 ὀφθαλμοῖς
3118 2016 3437 2086 διεσήμαινε
3470 2015 3562 2067 τὸν
3587 2014 3715 2067 νοῦν

2131 2108 2241 2160 τῶν
2269 2107 2636 2177 διδαγμάτων.
2667 2107 2775 2158 Καὶ
2801 2104 2942 2171 ὅλος,
2968 2104 3044 2167 ὼς
3065 2103 3192 2168 ἔπος
3210 2104 3406 2169 εἰπεῖν,
3442 2102 3712 2173 ὠφελείας

2131 2197 2311 2259 ἔπνεε,
2338 2195 2509 2249 δεινὸν
2534 2198 2646 2258 τοῖς
2668 2192 2868 2265 ὁρῶσιν
2892 2194 3055 2256 ἐνιεὶς
3087 2193 3188 2263 τῆς
3214 2193 3367 2257 θείας
3401 2194 3594 2263 σοφίας
3618 2194 3714 2245 δεῖν

2130 2288 2330 2358 ἔρωτα.
3280 2284 3283 2289 ’

2199 2400 2321 2452 ΛΔ¹.
2382 2428 2449 2439 -
2522 2399 2812 2468 ΖΩΣΙΜῼ,
2884 2399 3186 2463 ΜΑΡοΝι,
3259 2396 3638 2467 uuluam,

2751 2468 3107 2538 ΕΥΣΤΑΘΙῼ.

1554 2576 1592 2629 Λ
1634 2576 1761 2630 mali
1789 2575 2039 2631 societate
2070 2578 2331 2640 improbos
2362 2580 2611 2632 deterret.

516 2690 651 2746 Cum
684 2688 950 2743 audissem
1016 2702 1110 2743 vos
1159 2688 1304 2744 feras
1362 2687 1701 2743 immanitate
1743 2703 2023 2758 superare,

451 2792 613 2851 atque
640 2781 786 2836 omni
836 2780 978 2835 bello
1014 2794 1201 2851 pacem
1248 2777 1617 2834 molestiorem
1655 2778 1860 2835 {cedere
1909 2779 2026 2850 ipso

445 2875 585 2930 inter
607 2886 702 2927 vos
728 2885 985 2941 percusso
1023 2880 1232 2942 pactos,
1278 2871 1463 2926 mitem
1508 2885 1573 2926 ac
1611 2870 1880 2940 placidum
1924 2872 2026 2926 ho-

2204 2690 2511 2760 Πυθόμενος
2568 2691 2650 2743 ὄτι
2703 2688 2876 2761 θῆρας
2925 2690 3242 2762 ὠμοϐόρους
3299 2693 3709 2767 ὑπερϐαλλόμε-

2131 2796 2231 2843 νοι,
2299 2778 2394 2832 καὶ
2446 2778 2686 2848 πολέμου
2733 2778 2936 2842 παντὸς
2993 2779 3415 2852 ἀργαλεωτέραν
3479 2786 3707 2857 εἰρήνην

2133 2871 2487 2940 σπεισάμενοι
2547 2870 2683 2940 πρὸς
2740 2870 3003 2934 ἑαυτοὺς,
3068 2872 3245 2941 πρᾷον
3291 2872 3385 2924 καὶ
3444 2876 3708 2946 μειλίχιον

446 2967 673 3032 minem,
706 2965 793 3035 qui
820 2964 922 3019 sibi
956 2964 1187 3033 aliisque
1212 2965 1475 3034 prodesse
1508 2964 1871 3028 consueverit,
1898 2978 2027 3018 con-

2133 2961 2443 3032 ἇνθρωπον,
2479 2961 2575 3014 καὶ
2597 2960 2789 3013 ἑαυτὸν
2816 2961 2911 3012 καὶ
2961 2959 3153 3024 ἄλλους
3194 2962 3425 3032 ὠφελεῖν
3449 2967 3701 3031 εἰωθότα,

342 3070 363 3095 ι
450 3054 734 3109 tumeliose
756 3054 999 3129 accipere
1024 3071 1184 3109 ausos
1215 3069 1311 3110 vos
1340 3068 1482 3119 esse,
1523 3054 1649 3109 talia
1678 3055 1729 3110 ei
1761 3054 2019 3117 dicentes,

444 3161 565 3216 qute
589 3147 641 3201 in
679 3160 773 3200 vos
795 3143 1188 3215 potiusjactata
1212 3147 1577 3214 quadrarent;
1626 3145 1877 3215 equidem
1900 3160 2022 3199 cum

444 3235 698 3306 lacrymis
723 3236 965 3301 deploro.
995 3232 1174 3299 Quare
1210 3234 1381 3290 malos
1428 3244 1592 3304 atque
1628 3236 1904 3305 improbos
1928 3249 2024 3288 vos

445 3339 567 3381 esse
599 3324 928 3397 ignorantes,
967 3326 1176 3382 discere
1208 3326 1420 3380 tandem
1457 3337 1514 3379 ut
1564 3325 1740 3382 velitis
1771 3325 2019 3382 obsecro.

866 3436 1099 3497 XXXV.
1128 3468 1197 3487 -.-
1228 3436 1573 3493 DIONYSIO.

2130 3048 2439 3120 λοιδορῆσαι
2484 3050 2585 3101 οὐκ
2638 3046 2943 3117 ὲφοὸήθητε
3002 3050 3186 3100 ἐκεῖνοι
3239 3049 3388 3119 αὐτῷ
3433 3047 3704 3116 εἷπόντες,

2126 3144 2225 3196 ὃσα
2260 3140 2389 3205 ὑμῖν
2431 3138 2671 3209 ἔπρεπεν
2708 3137 2973 3190 ἀκοῦσαι·
3010 3137 3133 3190 λίαν
3168 3155 3228 3191 τε
3265 3140 3410 3209 ὑμᾶς
3436 3141 3705 3212 κατεθρή-

2127 3248 2282 3302 νησα,
2307 3231 2389 3283 ὅτι
2420 3228 2529 3281 οὐδ’
2578 3228 2627 3279 εἰ
2659 3226 2773 3297 (55)
2810 3225 2919 3280 τῶν
2964 3226 3152 3281 κακῶν
3198 3228 3327 3282 ὲστε
3356 3230 3658 3299 γινώσκετε
3683 3248 3698 3261 ·

2128 3319 2387 3391 μαθόντες
2413 3316 2592 3370 τοίνυν
2626 3317 2977 3385 ἀνενέγκατε.

2576 3429 2702 3483 AE'.
2765 3460 2836 3470 —
2903 3432 3243 3504 Atoerto.

1128 3547 1323 3602 Suadet
1356 3549 1556 3601 oratori
1592 3557 1648 3602 ut
1685 3551 1926 3604 virtutem
1949 3589 1964 3614 ,
1995 3562 2151 3618 quam
2178 3541 2364 3605 verbis,
2390 3542 2559 3607 reipsa
2588 3541 2745 3593 etiam
2773 3554 3005 3595 exornet.

511 3663 688 3718 Audio
736 3662 940 3732 optime
968 3675 1129 3715 nosse
1170 3668 1223 3715 te
1252 3675 1444 3713 vanam
1480 3661 1732 3730 aucupari
1766 3660 2013 3731 gloriam,

441 3765 498 3809 et
522 3754 830 3824 Opinionem
871 3767 977 3806 non
1010 3752 1143 3805 satis
1194 3762 1244 3805 te
1272 3751 1485 3821 dignam
1514 3750 1811 3820 collegisse.
1839 3751 2017 3817 Quare

443 3846 489 3899 si
546 3844 884 3899 venerandus
951 3843 1044 3897 tibi
1106 3842 1321 3897 virtutis
1378 3843 1592 3899 habitus
1624 3844 1855 3908 videtur,
1888 3841 2015 3910 quin

440 3937 568 3991 huic
617 3937 714 3990 das
762 3951 1018 4004 operam;
1060 3937 1153 3990 sed
1199 3948 1254 3989 tu
1296 3936 1469 3991 fructu
1509 3936 1749 4005 neglecto
1790 3935 1932 3988 foliis
1968 3945 2018 3986 te

439 4041 696 4081 evoruas.
730 4027 1008 4096 Siquidem
1034 4028 1197 4082 etiam
1233 4028 1286 4080 in
1320 4026 1593 4081 laboribus
1620 4026 1778 4078 radix
1808 4025 2017 4094 quidem

440 4134 649 4183 amara,
694 4128 752 4170 ut
804 4119 894 4171 ille
928 4119 1026 4182 ait,
1067 4118 1269 4186 fructus
1303 4132 1422 4170 vero
1465 4114 1635 4169 dulcis
1680 4115 1806 4169 inde
1855 4124 2018 4183 atque

440 4208 690 4262 amabilis
716 4208 951 4262 exsistit.

874 4392 1113 4449 XXXVI.
1147 4420 1220 4430 —
1247 4391 1572 4449 NEMESIO.

2190 3653 2536 3723 Πυνθάνομσι
2567 3653 2648 3705 ὅτι
2680 3652 2984 3717 δεινότατος
3012 3653 3126 3724 (56)
3170 3651 3222 3708 εῐ
3252 3659 3696 3725 σχηματίσασθαι

2116 3744 2274 3807 δόξαν
2308 3744 2522 3812 καινὴν,
2558 3741 2651 3796 καὶ
2688 3743 2956 3814 ὑπόληψιν
3003 3745 3156 3796 οὐδέν
3187 3763 3269 3797 σοι
3309 3751 3695 3818 προσήκουσαν

2120 3831 2498 3896 συλλέξασθαι.
2557 3831 2620 3883 Εἰ
2659 3831 2837 3885 τοίνυν
2874 3833 2934 3886 τὸ
2967 3834 3153 3905 σχῆμά
3206 3851 3287 3887 σοι
3339 3836 3439 3903 τῆς
3497 3836 3697 3905 ἀρετ-ἦς

2118 3925 2395 3995 αἰδέσιμον
2438 3922 2710 3992 φαίνεται,
2768 3924 2911 3977 διατι
2969 3925 3044 3996 μὴ
3118 3928 3217 3997 τὴν
3276 3927 3478 3998 ἀρετὴν
3527 3929 3695 3997 αὐτὴν

2122 4021 2349 4083 ἁσκεῖς;
2412 4016 2573 4070 Ἀλλὰ
2626 4017 2721 4069 τόὖ
2763 4018 2978 4087 καρποῦ
3030 4019 3269 4089 ἀμελῶν,
3316 4022 3431 4082 τοῖς
3475 4020 3693 4087 φύλλοις

2123 4111 2400 4183 σεμνύγῃ;
2431 4111 2495 4162 El
2527 4109 2635 4180 γὰρ
2688 4110 2781 4163 καὶ
2805 4111 2893 4163 διὰ
2924 4112 3050 4175 τοὺς
3100 4112 3293 4173 πόνους
3333 4111 3372 4177 ἡ
3407 4112 3551 4178 ῥίζα
3573 4111 3692 4164 τισὶ

2122 4204 2306 4271 πικρὰ
2354 4198 2492 4256 εἶναι
2545 4202 2713 4266 δοκεῖ,
2769 4202 2907 4256 ἀλλ’
2949 4205 2982 4255 ὁ
3013 4202 3266 4271 ’καρπὸς
3309 4203 3546 4272 γλυκὺς
3598 4202 3692 4254 καὶ

2121 4297 2403 4366 ἐράσμιος.

2567 4408 2704 4475 Δεῖν.
2756 4439 2824 4449 -
2895 4408 3221 4481 ΝΕΜΕΣῐῼ.

895 4529 976 4582 Ad
1004 4529 1331 4598 paupertatis
1369 4529 1614 4582 hortatur
1644 4526 1899 4582 studium.
1937 4524 2151 4578 Divitia:
2178 4532 2235 4576 ut
2269 4520 2551 4591 Babylonis
2580 4531 2757 4576 statua
2786 4539 2889 4576 non
2921 4523 3225 4577 adorandaz.

514 4618 635 4674 Prae
664 4617 914 4673 omnibus
937 4620 1233 4684 abundare,
1266 4619 1544 4689 magisque
1574 4619 1748 4689 regios
1776 4632 1895 4672 esse
1920 4630 2014 4671 eos

437 4726 654 4777 censeo,
677 4711 764 4780 qui
786 4711 1090 4765 divitiarum
1121 4712 1467 4781 cupiditatem
1498 4711 1797 4774 calcarunt,
1817 4709 2013 4778 quibus

438 4803 783 4857 annumerari
816 4805 962 4859 omni
988 4819 1092 4875 ope
1115 4805 1423 4859 adnitamur
1460 4821 1475 4857 :
1519 4805 1731 4859 tametsi
1770 4802 2012 4871 plerique

440 4895 779 4964 tyrannidem
823 4895 938 4964 ejus
966 4896 1115 4950 velut
1162 4903 1396 4950 statuam
1444 4896 1859 4966 Babyloniorum
1918 4897 2014 4947 ad-

439 4985 765 5039 amaverint.
811 4983 921 5041 Nos
950 5001 1077 5041 vero
1102 4987 1264 5041 trium
1293 4984 2010 5057 puerorum'roburimitati,

437 5074 539 5129 etsi
573 5076 849 5129 turbarum
890 5090 1048 5132 voces
1101 5092 1164 5132 ac
1204 5079 1531 5144 ﬁstularum,
1591 5075 1861 5144 t0tiusque
1889 5091 2011 5129 mu-

511 5226 531 5257 ⁵
568 5227 701 5282 Dan.
744 5242 830 5291 ιιι,
864 5226 889 5278 1
923 5240 1074 5296 seqq.

2195 4629 2418 4683 Πάντων
2455 4629 2866 4700 εὐπορωτέρους
2907 4630 3167 4702 ὁρίζομεν
3217 4627 3357 4685 εἶναι
3397 4635 3492 4686 καὶ
3540 4634 3697 4703 βασι-

2118 4716 2449 4787 λικωτέρους
2476 4718 2599 4779 τοὺς
2629 4718 2718 4769 τὸν
2765 4718 2942 4788 ἔρωτα
2986 4719 3079 4771 τοῦ
3112 4722 3342 4773 πλούτου
3375 4728 3696 4793 καταπατή-

2119 4822 2339 4871 σαντας,
2385 4799 2461 4858 ὧν
2507 4807 2670 4859 παντὶ
2721 4807 2897 4859 σθένει
2944 4810 3245 4881 ἐναρίθμιοι
3298 4813 3695 4881 σπουδάσωμεν

2116 4895 2398 4964 γενέσθαι·
2430 4898 2477 4948 εἰ
2503 4897 2609 4967 γὰρ
2645 4898 2740 4950 καὶ
2781 4899 2967 4951 πολλοὶ
3014 4900 3113 4971 τὴν
3145 4902 3337 4955 τούτου
3372 4903 3691 4973 τυραννίδα,

2117 4986 2371 5057 καθάπερ
2403 4986 2500 5056 τὴν
2522 4987 2705 5039 εἰκόνα
2730 4988 2823 5039 τοῦ
2858 4989 3198 5043 Βαϐυλωνίου
3222 4993 3647 5063 προσεκύνησαν
3674 5008 3690 5022 ⁶

2119 5077 2234 5130 ἀλλ’
2299 5079 2460 5146 ἡμεῖς
2520 5078 2892 5149 μιμησάμενοι
2954 5082 3061 5135 τῶν
3109 5083 3276 5154 τριῶν
3333 5084 3539 5138 παίδων
3597 5085 3694 5153 τήν

1576 5386 1808 5443 ΥΑΒΙᾸΞ
1847 5386 2229 5443 LECTIONES
2266 5388 2354 5443 ET
2393 5389 2622 5445 NOTAE.

510 5544 624 5617 (ει)
673 5544 816 5617 Inter
856 5543 1203 5617 ἐνθυμήμασι
1261 5559 1312 5604 et
1356 5549 1448 5602 καὶ
1501 5550 1620 5604 cod.
1670 5550 1778 5605 All.
1817 5550 2006 5605 inserit

438 5615 690 5683 νοήμασι.
731 5612 942 5667 Possm.

2186 5550 2297 5621 (55)
2338 5546 2404 5626 Οἵ
2425 5554 2663 5626 scribunt
2690 5571 2785 5626 pro
2822 5558 2868 5610 sl
2910 5558 3065 5613 ambo
3099 5559 3255 5616 codd.
3297 5560 3474 5617 Vatic.
3507 5564 3617 5620 650
3644 5579 3700 5624 et

2118 5620 2422 5677 Altaemsis.
2458 5621 2533 5677 lo.
