4020 6140
310 270 450 334 1349

1213 264 1748 329 EPISTOLARUM
1777 265 1940 327 ‘L'IB.
1983 268 2051 328 V.
2088 292 2156 301 —
2196 266 2430 327 EPIST.
2471 266 2739 327 XXXIX.

3433 265 3571 336 1350

309 380 553 451 ἀνδρίαν,
601 381 702 435 κᾶν
738 378 913 449 φωναὶ
946 376 1062 448 (57)
1117 373 1436 446 σαλπίγγων
1465 380 1559 431 καὶ
1585 379 1887 449 συρίγγων,
1921 388 1956 441 Α

1990 381 2123 436 sicae
2166 382 2300 436 artis
2332 396 2432 451 per
2468 396 2596 450 aera
2634 381 2826 436 delata:
2871 379 3095 436 auribus
3142 378 3569 441 circumsoneut,

310 473 407 525 καὶ
439 471 623 541 πάσης
662 472 929 541 μουσικῆς
978 467 1120 539 πρὸς
1166 468 1259 521 τὸν
1323 468 1522 538 αίθέρα
1577 472 1887 539 φερομένης

309 563 652 633 περιηχῶσιν
709 560 870 631 ἡμῶν
944 560 1042 622 τὰς
1088 559 1256 622 ἀκοὰς
1289 558 1425 630 (58),
1511 561 1605 612 καὶ
1660 561 1888 630 κάμινος

309 654 502 716 πενίας
527 652 860 718 ἀνακαίοιτο,
912 651 988 721 μὴ
1020 650 1377 720 προσέχωμεν
1415 652 1529 712 τοῖς
1561 651 1886 719 τυμπάνοις,

311 744 446 814 μηδὲ
462 747 572 807 τοῖς
589 743 947 813 αὑλοῖς,”μηδὲ
958 744 1025 813 τῇ
1042 742 1202 813 λοιπῇ
1227 740 1320 793 τοῦ
1346 740 1576 794 πλούτου
1595 742 1885 812 φαντασίᾳ.

322 835 481 890 Ἀλλὰ
514 834 614 888 κᾶν
645 836 723 897 είς
749 834 979 905 κάμινον
1012 835 1271 903 ἐμπεσεῖν
1297 831 1393 905 δέῃ
1414 871 1430 897 ,
1456 831 1731 900 πτωχείαν
1755 830 1888 883 ἐλώ-

313 921 473 993 μεθα,
505 921 645 974 ὥστε
678 921 759 991 μὴ
797 921 1176 991 προσκυνῆσαι
1200 920 1415 989 ἐκείνῳ,
1448 920 1546 973 καὶ
1579 920 1731 972 ἔσται
1754 920 1885 989 ἡμῖν

310 1017 343 1085 ὴ
389 1013 699 1082 φιλοσοφία,
741 1012 978 1065 ἐνθαῦθα
1022 1012 1120 1082 μὲν
1163 1010 1352 1083 ὥσπερ
1405 1010 1593 1081 δρόσος
1643 1014 1701 1064 ἐν
1732 1011 1885 1081 μέσῳ

239 1142 245 1147 -
308 1104 717 1174 διασυρίζουσα,
747 1105 842 1157 καὶ
873 1103 1185 1173 ἐλευθερίαν
1213 1103 1431 1155 ἅπασαν
1461 1102 1748 1167 ὠδίνουσα,
1772 1104 1891 1156 ἐκεῖ

312 1194 370 1247 δέ
408 1196 530 1257 τοὺς
554 1196 855 1263 στεφάνους
875 1197 971 1262 τῆς
1008 1194 1286 1263 ὑπομονῆς
1315 1193 1703 1247 ἀποτίκτουσα.

610 1307 733 1359 AZ'.
773 1335 841 1346 —
872 1306 1173 1376 ΛΕΟΝΤΙῼ
1206 1303 1573 1376 ΕΠΙΣΚΟΙΙῼ.

1988 482 2043 530 et
2070 473 2263 529 I‘ornax
2309 473 2505 543 inopiae
2534 473 2884 539 accendatur,
2927 486 2995 528 ne
3024 472 3295 543 tympanis
3327 471 3573 525 attenda-

1990 581 2133 630 mus,
2192 579 2367 635 neque
2418 564 2603 634 tybiis,
2655 578 2719 617 ac
2771 575 2840 617 ne
2886 562 3113 632 reliquis
3149 562 3364 631 quidem
3407 574 3570 629 opum

1989 656 2409 725 phantasmatis.
2434 655 2540 710 Sed
2567 655 2670 710 etsi
2706 654 2759 708 in
2794 654 3070 708 caminum
3119 651 3432 722 projieiendi
3480 666 3569 705 su-

1991 761 2133 810 mus,
2158 748 2560 802 mendicitatem
2586 758 2741 814 teque
2763 745 3003 801 feramus
3029 744 3234 807 animo,
3265 751 3323 796 ιιι
3351 758 3416 795 ne
3442 757 3573 811 opes

1990 838 2207 906 quidem
2242 839 2551 892 adoremus.
2580 835 2671 891 Sic
2722 836 2828 891 erit
2878 836 2992 890 hate
3042 834 3197 890 nobis
3235 833 3573 903 philosophia

1991 930 2187 984 exinde
2218 920 2361 984 velut
2395 941 2485 982 ros
2505 927 2558 981 in
2590 927 2771 981 medio
2801 925 3019 981 sibilum
3054 925 3223 980 edens
3249 924 3294 989 ⁸,
3324 936 3571 978 omnem-

1990 1033 2095 1087 que
2119 1019 2344 1089 gignens
2368 1017 2699 1081 libertatem,
2733 1014 2916 1085 ibique
2953 1029 3187 1071 coronas
3211 1014 3445 1069 ail‘erens
3467 1026 3565 1081 pa-

1989 1111 2217 1166 tientiae.

2135 1306 2297 1378 565
2345 1306 2611 1362 XXXVII.
2641 1338 2711 1348 —
2748 1305 3045 1363 LEONTIO
3082 1302 3431 1360 EPISCOPO.

454 1399 527 1453 De
559 1400 706 1452 bonis
743 1399 1051 1468 presbyteris
1081 1410 1266 1451 contra
1299 1398 1467 1453 malos
1498 1399 1798 1465 disseritur,
1832 1402 2024 1471 quique
2060 1416 2240 1454 eorum
2270 1417 2326 1455 se
2354 1410 2599 1455 excusent
2622 1400 2879 1468 exemplo.
2916 1397 3126 1467 Confer.
3157 1397 3308 1463 epist.
3337 1395 3430 1449 2|.

385 1511 447 1564 EI
478 1512 579 1582 μὲν
610 1511 719 1563 τῶν
768 1510 1086 1580 ἀρχομένων
1127 1510 1280 1573 τινὰς
1315 1511 1593 1580 ἐχειροῦτο
1621 1514 1654 1582 ἡ
1687 1514 1889 1576 κακία,

312 1605 465 1657 οὐδὲν
495 1603 629 1673 (χρὴ
655 1604 763 1671 γὰρ
790 1601 997 1671 τάληθῆ
1027 1601 1206 1670 λέγειν
1230 1602 1248 1672 )
1272 1601 1336 1654 ἂν
1359 1598 1427 1671 ἦν
1449 1602 1672 1655 τοσοῦτο
1695 1603 1887 1670 δεινὸν,

1994 1500 1997 1503 ’
2070 1513 2129 1568 Si
2155 1513 2371 1581 quidem
2407 1512 2748 1568 subditorum
2775 1512 3100 1581 quibusdam
3130 1510 3445 1580 improbitas
3475 1509 3573 1563 do-

1998 1604 2257 1668 minetur,
2309 1603 2444 1658 nihil
2484 1603 2690 1673 (verum
2744 1610 2827 1657 est
2873 1601 3017 1656 enim
3064 1599 3464 1671 proferendum)
3505 1613 3573 1653 eo

316 1696 519 1763 καίπερ
542 1693 603 1745 ὃν
631 1693 825 1747 δεινόν.
857 1692 1079 1761 Ἐπειδὴ
1100 1693 1154 1745 δὲ
1179 1692 1424 1762 ἕρπουσα
1448 1693 1583 1762 πρὸς
1605 1695 1670 1746 τά
1691 1694 1888 1764 χείρω,
1924 1693 1956 1748 II

1996 1693 2168 1763 magis
2202 1702 2288 1748 est
2324 1708 2511 1763 grave,
2559 1692 2777 1747 tametsi
2828 1691 2899 1747 sit
2933 1705 3119 1760 grave.
3159 1689 3295 1744 Cum
3339 1704 3468 1743 vero
3502 1690 3572 1743 ad

315 1784 408 1838 καί
430 1801 577 1845 τινας
599 1782 706 1834 τῶν
742 1782 992 1851 ἱερᾶσθαι
1010 1781 1281 1850 λαχόντων
1304 1783 1677 1835 ἐπιϐόσκεται·
1701 1785 1798 1837 καὶ
1816 1784 1892 1848 ὡς

313 1875 594 1945 γέγραφας
617 1873 712 1942 (τὸ
734 1874 840 1926 τῶν
869 1875 1053 1927 κακῶν
1075 1874 1392 1941 κεφάλαιον,
1419 1875 1517 1927 καὶ
1548 1876 1729 1945 πάσης
1755 1893 1893 1946 συμ-

312 1968 484 2037 φορᾶς
501 1964 819 2035 βαρύτερον)
841 1965 1157 2033 ἀπολογίαν,
1179 1966 1280 2018 οὑκ
1295 1962 1391 2018 οἷδ’
1408 1967 1576 2031 ὅπως.
1602 1966 1761 2021 τοῦτο
1779 1970 1892 2031 τοῖς

314 2054 572 2124 ὑπηκόοις
600 2054 796 2106 τίκτει.
832 2054 1202 2106 Ἀκονέτωσαν
1230 2055 1277 2105 οί
1306 2053 1480 2108 ταῦτα
1505 2055 1776 2121 λέγοντες,
1812 2054 1887 2125 μὴ

311 2148 423 2207 τοῖς
449 2143 633 2206 κακῶς
658 2144 976 2214 ίερωμένοις
995 2146 1370 2214 παραμετρεῖν
1392 2144 1483 2197 τὸν
1516 2146 1717 2197 οἰκεῖον
1750 2145 1886 2215 βίον,

312 2235 450 2287 ἀλλὰ
482 2237 602 2295 ταῖς
652 2234 914 2297 ἐντολαῖς.
973 2233 1034 2286 ’0
1068 2234 1178 2304 γάρ
1213 2235 1408 2305 κριτὴς
1455 2236 1749 2299 ἀδέκαστος
1790 2236 1888 2301 ὢν,

311 2326 607 2393 ἀπολογίαν
649 2326 841 2393 ἄλογον
876 2326 936 2377 οὑ
971 2324 1201 2389 δέξαιτο,
1232 2326 1348 2378 ἀλλ’
1378 2327 1494 2395 ἐρεῖ
1525 2327 1757 2396 μάλιστα
1790 2328 1890 2398 μὲν

311 2418 392 2469 ὅτι
438 2416 551 2486 (59)
599 2416 789 2468 πολλοὶ
835 2415 943 2469 τῶν
992 2416 1307 2486 ἱερωμένων
1360 2417 1755 2487 ηὐδοκίμησαν,
1808 2415 1889 2480 οἷς

314 2509 479 2579 ἐχρῆν
510 2508 872 2579 προσέχοντας
910 2509 1055 2577 ὑμᾶς
1087 2508 1180 2560 τὸν
1211 2508 1335 2560 νοὺν
1363 2508 1655 2579 διορθῶσαι
1686 2509 1777 2561 τὸν
1808 2512 1887 2562 οἰ-

311 2602 459 2651 κεῖον
505 2597 638 2667 βίον.
683 2596 901 2667 Ἐπειδὴ
933 2597 987 2649 δὲ
1019 2598 1336 2668 ἐφωράθητε
1366 2598 1466 2666 τῆς
1506 2599 1703 2661 κακίας
1735 2600 1886 2665 ὄντες

312 2691 540 2759 ἐρασταὶ
559 2730 573 2752 ,
615 2688 671 2754 ἐξ
696 2683 770 2742 ῶν
801 2688 861 2741 οὑ
889 2692 1000 2751 τοῖς
1028 2688 1412 2759 ἀριστεύσασιν
1446 2692 1651 2753 ἀτενῶς
1713 2709 1885 2762 προσ-

317 2783 611 2851 εσχήκατε,
631 2780 765 2832 ἀλλὰ
794 2783 903 2843 τοῖς
933 2780 1213 2843 πταίσασι,
1249 2780 1488 2833 κάκεῖνοι
1520 2784 1617 2851 μὲν
1658 2782 1887 2836 δώσουσι

310 2870 465 2939 δίκην
505 2869 661 2933 ἀξίαν
702 2863 777 2924 ὧν
818 2868 1073 2939 ἔδρασαν,
1107 2868 1202 2921 καὶ
1250 2868 1409 2938 ὑμεῖς
1456 2870 1642 2941 ἐπειδὴ
1687 2871 1887 2942 ἀρετὴν

308 2962 639 3032 ἡτοιμάσατε
675 2959 821 3029 (60),
875 2959 969 3012 καὶ
999 2959 1197 3012 κακίαν
1229 2960 1551 3028 ἡσπάσασθε
1575 2999 1590 3024 ,
1624 2962 1718 3015 καὶ
1761 2961 1885 3014 οὑτε

1994 1785 2265 1839 deteriora
2316 1798 2517 1854 urgens
2554 1784 2721 1837 etiam
2762 1781 3051 1837 sacerdotii
3096 1792 3299 1836 sortem
3348 1780 3573 1849 adeptos

1992 1876 2317 1943 depascitur,
2353 1884 2429 1938 et,
2469 1885 2525 1929 ut
2564 1874 2760 1929 scribis
2786 1874 2952 1943 (quod
2995 1873 3073 1927 rei
3113 1880 3275 1940 caput
3314 1871 3572 1939 omnique

1994 1964 2192 2018 damno
2216 1964 2481 2033 gravius),
2526 1964 2892 2018 defensionem
2935 1961 3449 2028 excusationemque
3477 1972 3571 2012 ne-

1993 2056 2108 2110 scio
2139 2055 2409 2124 quomodo
2452 2055 2554 2108 hoc
2586 2054 2925 2108 auditoribus
2974 2054 3139 2123 parit.
3186 2052 3443 2114 Andiant,
3476 2047 3571 2119 qui

1991 2142 2116 2197 talia
2149 2144 2358 2206 dicunt,
2390 2158 2459 2198 ne
2502 2143 2827 2198 conformari
2860 2146 2983 2197 vitae
3015 2144 3278 2196 malorum
3310 2137 3569 2195 sacerdo-

1992 2242 2101 2286 tum
2140 2247 2291 2287 snam
2327 2234 2491 2286 vitam
2540 2235 2730 2302 velint,
2771 2236 2865 2289 sed
2913 2234 3092 2303 potius
3136 2231 3440 2302 praeceptis.
3482 2230 3570 2284 ln-

1991 2334 2280 2392 corruptus
2312 2324 2456 2378 enim
2502 2323 2669 2393 judex
2710 2327 3112 2379 excusationem
3159 2323 3416 2391 injustam
3458 2336 3566 2375 non

1989 2416 2241 2485 recipiet,
2287 2417 2379 2471 sed
2429 2418 2616 2471 dicet:
2650 2417 2820 2483 Quam
2869 2416 3023 2470 multi
3067 2415 3380 2471 sacerdotes
3414 2414 3570 2469 bona:

1989 2505 2201 2561 fuerunt
2239 2506 2681 2571 existimationis,
2709 2506 2863 2576 queis
2900 2505 3127 2561 decebat
3153 2514 3388 2560 mentem
3416 2506 3569 2559 adhi-

1989 2597 2137 2663 bere,
2179 2613 2244 2652 ac
2273 2598 2435 2652 vitam
2462 2613 2747 2665 moresque
2775 2608 2985 2653 vestros
3014 2598 3065 2651 in
3095 2596 3286 2652 melius
3318 2612 3567 2651 commn-

1992 2700 2129 2745 tare.
2160 2689 2268 2745 Vos
2302 2698 2482 2745 autem
2507 2689 2724 2744 malitia:
2754 2688 2913 2743 nimis
2943 2697 3191 2741 amantes
3217 2688 3564 2756 deprehensi.

1988 2795 2086 2834 cur
2133 2797 2238 2834 non
2289 2781 2608 2835 melioribus
2655 2781 2801 2833 serio
2850 2777 3195 2833 intendistisl
3244 2778 3339 2832 sed
3387 2778 3564 2832 vitiosi

1990 2872 2091 2940 ipsi
2116 2873 2270 2927 estis.
2295 2871 2573 2941 Ilujusque
2596 2885 2785 2940 pinnas
2808 2870 3011 2924 dabunt
3032 2869 3203 2937 culpis
3222 2869 3518 2937 condignas
3542 2888 3558 2936 ;

1989 2976 2189 3030 vosque
2238 2962 2386 3030 quia,
2423 2962 2622 3016 virtute
2663 2960 2887 3029 rejecta,
2922 2962 3321 3031 improbitatem
3366 2963 3563 3029 cupide

312 3034 591 3123 βασιλείας
610 3050 792 3113 πόθος,
814 3048 938 3102 οὑτε
964 3049 1187 3118 γεέννης
1210 3049 1371 3117 φόϐος
1402 3050 1623 3118 ἐποίησε
1642 3049 1886 3118 φύλακας
1914 3033 1956 3089 C

1992 3053 2126 3106 estis
2154 3052 2409 3121 amplexi,
2440 3067 2614 3120 neque
2646 3054 2795 3122 regni
2825 3053 3063 3109 cceleStis
3092 3054 3439 3115 desiderium,
3468 3069 3565 3106 ne-

307 3144 417 3197 τῶν
444 3142 593 3213 ἐμῶν
640 3140 895 3210 γένεσθαι
935 3141 1136 3211 νόμων,
1166 3140 1265 3209 τὴν
1308 3141 1544 3211 ἐσχάτην
1573 3139 1773 3194 δώσετε
1802 3157 1885 3192 τι-

312 3235 543 3305 μωρίαν.

612 3349 743 3403 Αιιν.
781 3378 848 3389 -
879 3345 1164 3399 ABPAAM
1205 3344 1572 3415 ΕΠΙΣΚΟΠῼ.

1990 3158 2095 3212 que
2150 3144 2411 3213 gehennae
2464 3153 2638 3199 terror
2686 3160 2835 3202 meas
2881 3146 3010 3201 fecit
3056 3148 3349 3202 observare
3396 3147 3559 3215 leges,

1992 3233 2195 3288 idcirco
2222 3243 2478 3288 teter-nam
2510 3235 2669 3290 luetis
2710 3251 2946 3306 pmnam.

2175 3343 2461 3398 XXXVIII.
2492 3375 2563 3386 —
2589 3345 2977 3403 ABRAHAIIO
3016 3347 3369 3406 EPISCOI‘O.

1116 3457 1406 3512 Sacrarum
1447 3456 1766 3512 Litterarum
1801 3457 2033 3512 studium
2066 3458 2274 3512 virtutis
2303 3459 2467 3529 gignit
2503 3478 2755 3517 amorem.

382 3575 515 3629 Δίαν
550 3572 813 3643 θαύμαζω
861 3570 961 3641 τὴν
999 3569 1113 3623 τῶν
1154 3569 1365 3623 πολλῶν
1397 3570 1690 3640 ρᾳθυμίαν,
1722 3572 1802 3623 ὅτι
1834 3573 1881 3623 oi

314 3671 412 3739 μὲν
450 3669 685 3734 γενναῖοι
720 3665 812 3716 καὶ
837 3662 1145 3732 θαυμαστοὶ
1167 3661 1360 3731 ἄνδρες
1384 3662 1509 3724 τοὺς
1536 3664 1730 3725 πόνους
1756 3665 1882 3726 τοὺς

314 3759 455 3829 ὑπὲρ
494 3758 591 3828 τῆς
642 3757 843 3825 ἀρετῆς
887 3753 1184 3824 προθύμως
1217 3752 1600 3821 ὑπομένουσιν,
1640 3749 1782 3805 οὗτοι
1825 3753 1878 3806 δέ

311 3850 432 3904 ούδέ
470 3850 595 3909 τοὺς
627 3847 817 3913 λόγους
846 3844 905 3909 ἐξ
932 3839 1005 3898 ῶν
1036 3846 1085 3897 οἱ
1117 3844 1216 3914 τῆς
1253 3845 1454 3914 ἀρετῆς
1492 3844 1716 3897 εἰώθασι
1751 3845 1881 3914 φύε-

313 3940 436 3991 σθαι
484 3937 671 3999 πόνοι,
708 3933 924 3987 ἀκούειν
956 3934 1260 4002 ἀνέχονται.
1292 3932 1389 3994 Τίς
1431 3926 1524 3984 οὖν
1571 3932 1752 3994 αὑτοῖς
1789 3948 1881 3983 πι-

312 4029 514 4091 στεύει,
551 4028 631 4078 ὅτι
662 4028 790 4087 τοὺς
823 4023 961 4093 ὑπὲρ
1002 4023 1101 4092 τῆς
1131 4021 1333 4092 ἀρετῆς
1379 4022 1606 4090 ἱδρῶτας
1645 4022 1882 4091 γνησίως

309 4117 697 4187 ἑπαναιροὺσιν
741 4116 891 4185 (61),
944 4115 1072 4167 ὅταν
1111 4115 1238 4176 τοὺς
1292 4113 1431 4183 ὑπὲρ
1473 4114 1646 4182 αὑτῆς
1689 4113 1879 4181 λόγους

308 4212 491 4264 ἴδωσιν
522 4206 717 4268 αὑτοὺς
740 4205 1013 4267 δυσκόλως
1042 4204 1456 4274 προσιεμένους.
1485 4204 1745 4274 Παραίνει
1769 4204 1878 4255 τοί-

2062 3574 2228 3629 Valde
2260 3574 2512 3643 equidem
2563 3574 2733 3627 miror
2780 3574 3027 3643 supinam
3057 3576 3417 3643 quorumdam
3466 3592 3562 3629 ne-

1990 3666 2325 3737 gligentiam,
2363 3679 2484 3719 cum
2516 3664 2606 3727 alii
2638 3664 2886 3720 homines
2915 3667 3160 3735 generosi
3200 3677 3365 3736 atque
3389 3668 3562 3722 admi-

1988 3758 2138 3813 randi
2185 3756 2397 3810 labores
2438 3756 2655 3811 virtutis
2693 3758 2911 3811 nomine
2963 3758 3194 3813 libenter
3240 3759 3559 3826 suscipiant,

1989 3848 2062 3900 illi
2089 3861 2215 3900 vero
2246 3860 2310 3899 ne
2339 3845 2498 3899 verba
2535 3846 2769 3912 quidem,
2811 3846 3004 3914 quibus
3033 3848 3099 3901 ad
3128 3847 3365 3901 laborem
3394 3848 3562 3901 virtu-

1991 3938 2058 3991 tis
2086 3936 2311 3990 excitari
2358 3936 2610 3989 homines
2653 3934 2850 3999 solent,
2898 3937 3172 3990 sustinent
3203 3937 3408 3991 audire.
3446 3937 3561 3993 Hos

1988 4029 2110 4098 quis
2147 4028 2334 4081 credat
2379 4040 2478 4095 pro
2511 4026 2713 4080 virtute
2766 4027 3009 4082 sudores
3048 4042 3233 4082 revera
3276 4044 3560 4098 capessere

1988 4117 2148 4184 velle,
2180 4118 2397 4186 quando
2428 4131 2495 4170 ne
2520 4131 2799 4171 sermones
2833 4118 3049 4186 quidem
3091 4120 3277 4174 videas
3310 4134 3464 4189 aequo
3490 4121 3559 4174 ab

1985 4210 2053 4261 iis
2088 4208 2270 4262 animo
2315 4207 2538 4275 suscipi.
2578 4205 2808 4261 Ilortare
2849 4207 3028 4277 itaque
3065 4208 3220 4271 tales,
3256 4210 3321 4264 de
3363 4209 3557 4278 quibus

306 4319 398 4355 νυν
427 4298 657 4359 ἐκείνοις
691 4295 818 4366 περὶ
844 4288 917 4346 ὧν
948 4295 1039 4347 καὶ
1067 4296 1374 4364 γέγραφας,
1397 4295 1613 4364 ἔχεσθαι
1644 4295 1740 4363 τῆς
1770 4294 1878 4347 τῶν
1912 4364 1943 4370 _

1990 4300 2051 4351 ad
2103 4313 2190 4351 me
2234 4299 2657 4367 perscripseras,
2710 4313 2922 4352 sacram
2963 4298 3144 4368 legant
3194 4297 3555 4370 Scripturam,

306 4386 537 4457 Γραφῶν
585 4364 970 4450 ἁναγνῶσεως.
1029 4382 1310 4435 Ἐντεῦθεν
1342 4384 1451 4454 γὰρ
1478 4384 1572 4435 καὶ
1601 4385 1634 4453 ἡ
1678 4382 1877 4450 γνῶσις
1912 4364 1954 4417 D

1990 4404 2144 4459 quam
2184 4364 2469 4445 lectionem
2499 4389 2794 4444 comitatur
2829 4364 3068 4460 cognitio
3103 4400 3264 4461 atque
3307 4364 3554 4448 scientia.

306 4479 567 4531 τίκτεται.

598 4569 723 4625 Λθν.
780 4597 851 4609 -
884 4564 1142 4636 ῙΣΙΔΩΡῼ
1188 4564 1510 4635 ΔΙΛΚΟΝῼ.

2264 4562 2513 4619 XXXIX.
2546 4594 2617 4604 —
2644 4563 2921 4620 ISIDORO
2961 4565 3277 4620 DIACONO.

1126 4680 1444 4748 Multiplices
1480 4682 1823 4734 tentationum
1856 4682 2081 4752 fructus.
2118 4679 2331 4745 Confer.
2362 4679 2461 4748 inf.
2493 4677 2599 4734 226
2652 4695 2730 4747 ep.

376 4800 568 4852 Πολλοὶ
614 4798 865 4863 δόξαντες
901 4797 1136 4867 ἀνδρεῖοι
1169 4792 1307 4851 εἶναι
1356 4798 1452 4851 καὶ
1477 4801 1713 4866 γενναῖοι
1758 4800 1878 4852 οὑδέ

308 4893 404 4962 τὴν
435 4892 736 4960 προσϐολὴν
766 4893 861 4945 καὶ
891 4890 982 4942 τὸν
1005 4889 1403 4960 ἀκροϐολισμὸν
1425 4890 1533 4943 τῶν
1560 4893 1880 4963 πειρασμῶν

380 5050 403 5082 ⁸
425 5048 557 5105 ibid.
593 5047 684 5101 50.

2058 4796 2353 4863 Opinantes
2406 4795 2648 4864 plerique
2695 4796 2861 4850 fortes
2912 4812 2970 4848 se
3026 4810 3088 4848 ac
3143 4812 3436 4864 generosos
3492 4816 3556 4850 ne

1990 4887 2408 4959 impressionem
2444 4886 2659 4956 quidem
2695 4896 2750 4941 et
2794 4886 3153 4941 tentationum
3188 4885 3552 4941 velitationem

1437 5139 1674 5194 VARle
1718 5131 2098 5194 LECTIONES
2136 5138 2227 5193 ET
2265 5137 2494 5192 ΝΟΤᾹΞ.

376 5298 487 5366 (57)
531 5297 631 5351 Pro
666 5297 841 5365 φωναὶ
868 5295 1056 5350 scribit
1086 5296 1289 5362 φωναῖς
1321 5293 1439 5345 cmi.
1474 5294 1572 5366 alt.
1616 5293 1823 5366 Possm.

377 5362 485 5439 (58)
528 5362 944 5439 Intcr'dtxoitg-et
968 5366 1193 5433 κάμινος
1212 5366 1355 5439 idem
1379 5362 1573 5439 omittit
1605 5363 1699 5439 καὶ
1728 5378 1871 5417 vers.

304 5432 422 5507 post
451 5438 504 5501 4,
531 5437 806 5505 πτωχείαν
842 5432 1179 5507 idem-[nutat
1212 5434 1265 5507 in
1300 5432 1695 5507 nthsia;.__ln.

377 5507 485 5578 (59)
529 5500 793 5578 huefpty
824 5502 1093 5578 clamne).
1135 5503 1252 5578 cod.
1290 5501 1565 5578 A_It._tol_lit
1594 5500 1695 5553 ὅτι.
1732 5500 1875 5555 Idem

302 5571 449 5631 vers.
469 5571 607 5629 inde
632 5571 787 5637 5,“οὑ
832 5574 945 5634 τοῖς
974 5582 1147 5624 mutat
1176 5571 1228 5622 in
1276 5571 1457 5637 αὑτοῖς
1506 5571 1557 5623 in
1602 5579 1873 5636 contextu,

304 5657 565 5700 annotans
593 5655 771 5699 tamen
803 5643 867 5696 οὑ
904 5643 1015 5703 τοῖς
1043 5641 1096 5694 in
1125 5652 1293 5708 marg.
1328 5636 1404 5691 ID.

2056 5295 2168 5364 (60)
2208 5292 2313 5364 Pro
2352 5289 2914 5364 ﬂeetpdaatsdscribit
2943 5288 3091 5364 idem
3138 5287 3549 5364 ﬁnitumi-aet

1986 5359 2126 5418 vers.
2152 5359 2387 5431 ’ἐποίησε
2419 5359 2583 5414 mutat
2616 5365 2665 5413 in
2698 5360 2899 5421 ἔπεισε,
2942 5359 2995 5412 in
3029 5368 3253 5426 utraque
3296 5361 3548 5411 eruenda-

1984 5435 2124 5488 lione
2151 5435 2269 5488 sine
2298 5434 2459 5485 dubio
2492 5431 2816 5498 prohanilus.
2850 5431 2923 5482 In.

2053 5504 2163 5573 (61)
2200 5500 2302 5554 Pro
2334 5494 2717 5573 ἐπαναιροῦσιν
2760 5500 2879 5554 cod.
2923 5496 3046 5552 Vat.
3094 5494 3198 5551 650
3237 5495 3437 5551 et-Alt.
3474 5495 3548 5551 Ie-

1980 5571 2112 5642 gnnt
2141 5571 2578 5641 ἐπαναιροῦντες.
