  <div class='ocr_page' id='page_1' title='image "/cluster/home/n/w/nwhite01/storage/ocr_20150623/78/mdp.39015010334699/683.png"; bbox 0 0 4020 6140; ppageno 0'>
   <div class='ocr_carea' id='block_1_1' title="bbox 526 259 660 329">
    <p class='ocr_par' dir='ltr' id='par_1_1' title="bbox 526 259 660 329">
     <span class='ocr_line' id='line_1_1' title="bbox 526 259 660 329; baseline -0.015 0"><span class='ocrx_word' id='word_1_1' title='bbox 526 259 660 329; x_wconf 81' lang='lat'><strong>1351</strong></span> 
     </span>
    </p>
   </div>
   <div class='ocr_carea' id='block_1_2' title="bbox 1712 248 2573 311">
    <p class='ocr_par' dir='ltr' id='par_1_2' title="bbox 1712 248 2573 311">
     <span class='ocr_line' id='line_1_2' title="bbox 1712 248 2573 311; baseline -0.002 -1"><span class='ocrx_word' id='word_1_2' title='bbox 1712 252 1771 310; x_wconf 87' lang='lat' dir='ltr'><strong>S.</strong></span> <span class='ocrx_word' id='word_1_3' title='bbox 1808 250 2097 310; x_wconf 84' lang='lat' dir='ltr'><strong>ISIDORI</strong></span> <span class='ocrx_word' id='word_1_4' title='bbox 2137 248 2573 311; x_wconf 76' lang='lat' dir='ltr'><strong>PELUSIOT/E</strong></span> 
     </span>
    </p>
   </div>
   <div class='ocr_carea' id='block_1_3' title="bbox 3650 248 3768 316">
    <p class='ocr_par' dir='ltr' id='par_1_3' title="bbox 3650 248 3768 316">
     <span class='ocr_line' id='line_1_3' title="bbox 3650 248 3768 316; baseline 0.008 -1"><span class='ocrx_word' id='word_1_5' title='bbox 3650 248 3768 316; x_wconf 75' lang='lat'><strong>135?.</strong></span> 
     </span>
    </p>
   </div>
   <div class='ocr_carea' id='block_1_4' title="bbox 523 351 2118 435">
    <p class='ocr_par' dir='ltr' id='par_1_4' title="bbox 523 360 2115 435">
     <span class='ocr_line' id='line_1_4' title="bbox 523 360 2115 435; baseline -0.01 -6"><span class='ocrx_word' id='word_1_6' title='bbox 523 364 919 429; x_wconf 79' lang='lat' dir='ltr'><strong>sustinuerunt.</strong></span> <span class='ocrx_word' id='word_1_7' title='bbox 976 362 1275 435; x_wconf 78' lang='lat' dir='ltr'><strong>Redarguti</strong></span> <span class='ocrx_word' id='word_1_8' title='bbox 1338 376 1469 431; x_wconf 89' lang='lat' dir='ltr'><strong>ergo</strong></span> <span class='ocrx_word' id='word_1_9' title='bbox 1516 360 1633 417; x_wconf 86' lang='lat' dir='ltr'><strong>sola</strong></span> <span class='ocrx_word' id='word_1_10' title='bbox 1690 362 1948 429; x_wconf 87' lang='lat' dir='ltr'><strong>opinione</strong></span> <span class='ocrx_word' id='word_1_11' title='bbox 2007 374 2115 415; x_wconf 92' lang='lat' dir='ltr'><strong>non</strong></span> 
     </span>
    </p>
   </div>
   <div class='ocr_carea' id='block_1_5' title="bbox 2223 351 3769 435">
    <p class='ocr_par' dir='ltr' id='par_1_5' title="bbox 2223 351 3769 433">
     <span class='ocr_line' id='line_1_5' title="bbox 2223 351 3769 433; baseline 0.003 -20"><span class='ocrx_word' id='word_1_12' title='bbox 2223 362 2479 430; x_wconf 72' lang='grc' dir='ltr'>ἤνεγκαν·</span> <span class='ocrx_word' id='word_1_13' title='bbox 2515 357 2824 429; x_wconf 84' lang='grc' dir='ltr'>ὲλεχθὲντες</span> <span class='ocrx_word' id='word_1_14' title='bbox 2851 351 2947 412; x_wconf 74' lang='grc' dir='ltr'>οὗν</span> <span class='ocrx_word' id='word_1_15' title='bbox 2987 358 3045 411; x_wconf 79' lang='grc' dir='ltr'>ἐν</span> <span class='ocrx_word' id='word_1_16' title='bbox 3076 356 3212 429; x_wconf 76' lang='grc' dir='ltr'>μόνῃ</span> <span class='ocrx_word' id='word_1_17' title='bbox 3245 361 3311 430; x_wconf 82' lang='grc' dir='ltr'>τῇ</span> <span class='ocrx_word' id='word_1_18' title='bbox 3340 356 3468 433; x_wconf 78' lang='grc' dir='ltr'><strong>δόξῃ</strong></span> <span class='ocrx_word' id='word_1_19' title='bbox 3488 401 3503 426; x_wconf 90' lang='grc'><strong>,</strong></span> <span class='ocrx_word' id='word_1_20' title='bbox 3552 363 3661 415; x_wconf 81' lang='grc' dir='ltr'>ἀλλ’</span> <span class='ocrx_word' id='word_1_21' title='bbox 3686 368 3769 429; x_wconf 67' lang='grc' dir='ltr'><strong>οὐκ</strong></span> 
     </span>
    </p>
   </div>
   <div class='ocr_carea' id='block_1_6' title="bbox 523 453 2103 521">
    <p class='ocr_par' dir='ltr' id='par_1_6' title="bbox 523 453 2103 521">
     <span class='ocr_line' id='line_1_6' title="bbox 523 453 2103 521; baseline -0.008 -3"><span class='ocrx_word' id='word_1_22' title='bbox 523 464 667 519; x_wconf 83' lang='lat' dir='ltr'><strong>facto</strong></span> <span class='ocrx_word' id='word_1_23' title='bbox 725 458 1064 517; x_wconf 78' lang='lat' dir='ltr'><strong>fortitudinis</strong></span> <span class='ocrx_word' id='word_1_24' title='bbox 1109 456 1570 512; x_wconf 73' lang='lat' dir='ltr'><strong>existimationem</strong></span> <span class='ocrx_word' id='word_1_25' title='bbox 1619 467 1650 506; x_wconf 90' lang='lat' dir='ltr'><strong>a</strong></span> <span class='ocrx_word' id='word_1_26' title='bbox 1703 453 2103 521; x_wconf 84' lang='lat' dir='ltr'><strong>spectantibus,</strong></span> 
     </span>
    </p>
   </div>
   <div class='ocr_carea' id='block_1_7' title="bbox 523 543 2107 625">
    <p class='ocr_par' dir='ltr' id='par_1_7' title="bbox 523 543 2107 625">
     <span class='ocr_line' id='line_1_7' title="bbox 523 543 2107 625; baseline -0.009 -15"><span class='ocrx_word' id='word_1_27' title='bbox 523 555 667 625; x_wconf 91' lang='lat' dir='ltr'><strong>quod</strong></span> <span class='ocrx_word' id='word_1_28' title='bbox 697 552 911 606; x_wconf 90' lang='lat' dir='ltr'><strong>laudem</strong></span> <span class='ocrx_word' id='word_1_29' title='bbox 940 561 1167 618; x_wconf 82' lang='lat' dir='ltr'><strong>carpere</strong></span> <span class='ocrx_word' id='word_1_30' title='bbox 1190 547 1371 603; x_wconf 86' lang='lat' dir='ltr'><strong>conati</strong></span> <span class='ocrx_word' id='word_1_31' title='bbox 1408 555 1556 608; x_wconf 92' lang='lat' dir='ltr'><strong>sunt,</strong></span> <span class='ocrx_word' id='word_1_32' title='bbox 1583 543 1941 615; x_wconf 84' lang='lat' dir='ltr'><strong>supercilium</strong></span> <span class='ocrx_word' id='word_1_33' title='bbox 1971 558 2107 599; x_wconf 89' lang='lat' dir='ltr'><strong>con-</strong></span> 
     </span>
    </p>
   </div>
   <div class='ocr_carea' id='block_1_8' title="bbox 526 631 2107 705">
    <p class='ocr_par' dir='ltr' id='par_1_8' title="bbox 526 631 2107 705">
     <span class='ocr_line' id='line_1_8' title="bbox 526 631 2107 705; baseline -0.007 -10"><span class='ocrx_word' id='word_1_34' title='bbox 526 648 827 695; x_wconf 76' lang='lat' dir='ltr'><strong>traxerant.</strong></span> <span class='ocrx_word' id='word_1_35' title='bbox 885 638 1009 692; x_wconf 91' lang='lat' dir='ltr'><strong>Ideo</strong></span> <span class='ocrx_word' id='word_1_36' title='bbox 1050 650 1178 689; x_wconf 83' lang='lat' dir='ltr'><strong>vero</strong></span> <span class='ocrx_word' id='word_1_37' title='bbox 1226 634 1658 705; x_wconf 86' lang='lat' dir='ltr'><strong>permittuntur,</strong></span> <span class='ocrx_word' id='word_1_38' title='bbox 1722 641 1781 685; x_wconf 90' lang='lat' dir='ltr'><strong>ut</strong></span> <span class='ocrx_word' id='word_1_39' title='bbox 1830 631 2107 697; x_wconf 77' lang='lat' dir='ltr'><strong>arbitror,</strong></span> 
     </span>
    </p>
   </div>
   <div class='ocr_carea' id='block_1_9' title="bbox 527 722 2109 793">
    <p class='ocr_par' dir='ltr' id='par_1_9' title="bbox 527 722 2109 793">
     <span class='ocr_line' id='line_1_9' title="bbox 527 722 2109 793; baseline -0.006 -10"><span class='ocrx_word' id='word_1_40' title='bbox 527 730 721 783; x_wconf 87' lang='lat' dir='ltr'><strong>tentari</strong></span> <span class='ocrx_word' id='word_1_41' title='bbox 754 728 1018 792; x_wconf 89' lang='lat' dir='ltr'><strong>nonnulli,</strong></span> <span class='ocrx_word' id='word_1_42' title='bbox 1057 736 1114 780; x_wconf 91' lang='lat' dir='ltr'><strong>ut</strong></span> <span class='ocrx_word' id='word_1_43' title='bbox 1147 738 1203 780; x_wconf 91' lang='lat' dir='ltr'><strong>et</strong></span> <span class='ocrx_word' id='word_1_44' title='bbox 1233 724 1413 793; x_wconf 79' lang='lat' dir='ltr'><strong>magni</strong></span> <span class='ocrx_word' id='word_1_45' title='bbox 1460 731 1624 786; x_wconf 86' lang='lat' dir='ltr'><strong>atque</strong></span> <span class='ocrx_word' id='word_1_46' title='bbox 1664 722 2109 792; x_wconf 72' lang='lat' dir='ltr'><strong>inexpugnabiles</strong></span> 
     </span>
    </p>
   </div>
   <div class='ocr_carea' id='block_1_10' title="bbox 526 812 2111 877">
    <p class='ocr_par' dir='ltr' id='par_1_10' title="bbox 526 812 2111 877">
     <span class='ocr_line' id='line_1_10' title="bbox 526 812 2111 877; baseline -0.004 -5"><span class='ocrx_word' id='word_1_47' title='bbox 526 820 579 872; x_wconf 90' lang='lat' dir='ltr'><strong>in</strong></span> <span class='ocrx_word' id='word_1_48' title='bbox 615 820 730 874; x_wconf 86' lang='lat' dir='ltr'><strong>suis</strong></span> <span class='ocrx_word' id='word_1_49' title='bbox 766 820 936 874; x_wconf 85' lang='lat' dir='ltr'><strong>oculis</strong></span> <span class='ocrx_word' id='word_1_50' title='bbox 975 818 1298 871; x_wconf 80' lang='lat' dir='ltr'><strong>exsistentes</strong></span> <span class='ocrx_word' id='word_1_51' title='bbox 1351 817 1419 869; x_wconf 78' lang='lat' dir='ltr'><strong>ab</strong></span> <span class='ocrx_word' id='word_1_52' title='bbox 1461 828 1646 869; x_wconf 87' lang='lat' dir='ltr'><strong>amore</strong></span> <span class='ocrx_word' id='word_1_53' title='bbox 1692 814 1775 868; x_wconf 93' lang='lat' dir='ltr'><strong>sui</strong></span> <span class='ocrx_word' id='word_1_54' title='bbox 1804 813 2002 877; x_wconf 82' lang='lat' dir='ltr'><strong>curati,</strong></span> <span class='ocrx_word' id='word_1_55' title='bbox 2044 812 2111 866; x_wconf 90' lang='lat' dir='ltr'><strong>ad</strong></span> 
     </span>
    </p>
   </div>
   <div class='ocr_carea' id='block_1_11' title="bbox 526 903 2113 977">
    <p class='ocr_par' dir='ltr' id='par_1_11' title="bbox 526 903 2113 977">
     <span class='ocr_line' id='line_1_11' title="bbox 526 903 2113 977; baseline -0.004 -14"><span class='ocrx_word' id='word_1_56' title='bbox 526 910 847 964; x_wconf 78' lang='lat' dir='ltr'><strong>modestiam</strong></span> <span class='ocrx_word' id='word_1_57' title='bbox 900 908 1273 977; x_wconf 82' lang='lat' dir='ltr'><strong>impellantur.</strong></span> <span class='ocrx_word' id='word_1_58' title='bbox 1326 905 1442 959; x_wconf 84' lang='lat' dir='ltr'><strong>Non</strong></span> <span class='ocrx_word' id='word_1_59' title='bbox 1493 906 1749 974; x_wconf 82' lang='lat' dir='ltr'><strong>exiguum</strong></span> <span class='ocrx_word' id='word_1_60' title='bbox 1787 906 1969 972; x_wconf 86' lang='lat' dir='ltr'><strong>itaque</strong></span> <span class='ocrx_word' id='word_1_61' title='bbox 2011 903 2113 957; x_wconf 80' lang='lat' dir='ltr'><strong>hoc</strong></span> 
     </span>
    </p>
   </div>
   <div class='ocr_carea' id='block_1_12' title="bbox 528 992 2112 1063">
    <p class='ocr_par' dir='ltr' id='par_1_12' title="bbox 528 992 2112 1063">
     <span class='ocr_line' id='line_1_12' title="bbox 528 992 2112 1063; baseline -0.004 -12"><span class='ocrx_word' id='word_1_62' title='bbox 528 1000 725 1054; x_wconf 63' lang='lat' dir='ltr'><strong>animm</strong></span> <span class='ocrx_word' id='word_1_63' title='bbox 762 999 1127 1062; x_wconf 87' lang='lat' dir='ltr'><strong>commodum,</strong></span> <span class='ocrx_word' id='word_1_64' title='bbox 1175 996 1369 1049; x_wconf 83' lang='lat' dir='ltr'><strong>fastum</strong></span> <span class='ocrx_word' id='word_1_65' title='bbox 1415 994 1708 1063; x_wconf 76' lang='lat' dir='ltr'><strong>exstingui,</strong></span> <span class='ocrx_word' id='word_1_66' title='bbox 1752 1008 1817 1049; x_wconf 88' lang='lat' dir='ltr'><strong>ac</strong></span> <span class='ocrx_word' id='word_1_67' title='bbox 1862 992 2112 1063; x_wconf 87' lang='lat' dir='ltr'><strong>spiritum</strong></span> 
     </span>
    </p>
   </div>
   <div class='ocr_carea' id='block_1_13' title="bbox 528 1083 2110 1158">
    <p class='ocr_par' dir='ltr' id='par_1_13' title="bbox 528 1083 2110 1158">
     <span class='ocr_line' id='line_1_13' title="bbox 528 1083 2110 1158; baseline -0.006 -14"><span class='ocrx_word' id='word_1_68' title='bbox 528 1105 739 1153; x_wconf 90' lang='lat' dir='ltr'><strong>eorum,</strong></span> <span class='ocrx_word' id='word_1_69' title='bbox 787 1104 1014 1158; x_wconf 92' lang='lat' dir='ltr'><strong>quorum</strong></span> <span class='ocrx_word' id='word_1_70' title='bbox 1063 1088 1491 1156; x_wconf 82' lang='lat' dir='ltr'><strong>experimentum</strong></span> <span class='ocrx_word' id='word_1_71' title='bbox 1544 1084 1772 1146; x_wconf 90' lang='lat' dir='ltr'><strong>nullum,</strong></span> <span class='ocrx_word' id='word_1_72' title='bbox 1822 1098 1895 1136; x_wconf 83' lang='lat' dir='ltr'><strong>ne</strong></span> <span class='ocrx_word' id='word_1_73' title='bbox 1934 1083 2110 1137; x_wconf 89' lang='lat' dir='ltr'><strong>dicam</strong></span> 
     </span>
    </p>
   </div>
   <div class='ocr_carea' id='block_1_14' title="bbox 530 1172 2111 1244">
    <p class='ocr_par' dir='ltr' id='par_1_14' title="bbox 530 1172 2111 1244">
     <span class='ocr_line' id='line_1_14' title="bbox 530 1172 2111 1244; baseline -0.004 -12"><span class='ocrx_word' id='word_1_74' title='bbox 530 1186 806 1233; x_wconf 83' lang='lat' dir='ltr'><strong>certamen</strong></span> <span class='ocrx_word' id='word_1_75' title='bbox 844 1177 1060 1244; x_wconf 87' lang='lat' dir='ltr'><strong>quidem</strong></span> <span class='ocrx_word' id='word_1_76' title='bbox 1097 1176 1369 1229; x_wconf 85' lang='lat' dir='ltr'><strong>sustinere</strong></span> <span class='ocrx_word' id='word_1_77' title='bbox 1401 1184 1618 1240; x_wconf 88' lang='lat' dir='ltr'><strong>queant.</strong></span> <span class='ocrx_word' id='word_1_78' title='bbox 1653 1173 1816 1243; x_wconf 77' lang='lat'><strong>566</strong></span> <span class='ocrx_word' id='word_1_79' title='bbox 1840 1172 1941 1238; x_wconf 87' lang='lat' dir='ltr'><strong>Qui</strong></span> <span class='ocrx_word' id='word_1_80' title='bbox 1968 1173 2111 1227; x_wconf 92' lang='lat' dir='ltr'><strong>enim</strong></span> 
     </span>
    </p>
   </div>
   <div class='ocr_carea' id='block_1_15' title="bbox 532 1264 2115 1336">
    <p class='ocr_par' dir='ltr' id='par_1_15' title="bbox 532 1264 2115 1336">
     <span class='ocr_line' id='line_1_15' title="bbox 532 1264 2115 1336; baseline -0.004 -14"><span class='ocrx_word' id='word_1_81' title='bbox 532 1275 654 1336; x_wconf 89' lang='lat' dir='ltr'><strong>post</strong></span> <span class='ocrx_word' id='word_1_82' title='bbox 704 1267 866 1321; x_wconf 87' lang='lat' dir='ltr'><strong>multa</strong></span> <span class='ocrx_word' id='word_1_83' title='bbox 904 1267 1077 1321; x_wconf 79' lang='lat' dir='ltr'><strong>victus</strong></span> <span class='ocrx_word' id='word_1_84' title='bbox 1135 1275 1356 1335; x_wconf 69' lang='lat' dir='ltr'><strong>trepma,</strong></span> <span class='ocrx_word' id='word_1_85' title='bbox 1413 1266 1567 1319; x_wconf 89' lang='lat' dir='ltr'><strong>venia</strong></span> <span class='ocrx_word' id='word_1_86' title='bbox 1619 1265 1755 1318; x_wconf 82' lang='lat' dir='ltr'><strong>forte</strong></span> <span class='ocrx_word' id='word_1_87' title='bbox 1794 1264 1986 1333; x_wconf 81' lang='lat' dir='ltr'><strong>dignus</strong></span> <span class='ocrx_word' id='word_1_88' title='bbox 2018 1279 2031 1315; x_wconf 93' lang='lat'>:</span> <span class='ocrx_word' id='word_1_89' title='bbox 2059 1271 2115 1316; x_wconf 91' lang='lat' dir='ltr'><strong>at</strong></span> 
     </span>
    </p>
   </div>
   <div class='ocr_carea' id='block_1_16' title="bbox 530 1352 2112 1426">
    <p class='ocr_par' dir='ltr' id='par_1_16' title="bbox 530 1352 2112 1426">
     <span class='ocr_line' id='line_1_16' title="bbox 530 1352 2112 1426; baseline -0.003 -17"><span class='ocrx_word' id='word_1_90' title='bbox 530 1358 622 1426; x_wconf 89' lang='lat' dir='ltr'><strong>qui</strong></span> <span class='ocrx_word' id='word_1_91' title='bbox 662 1357 716 1410; x_wconf 92' lang='lat' dir='ltr'><strong>in</strong></span> <span class='ocrx_word' id='word_1_92' title='bbox 770 1356 1169 1410; x_wconf 76' lang='lat' dir='ltr'><strong>velitationibus</strong></span> <span class='ocrx_word' id='word_1_93' title='bbox 1207 1355 1513 1420; x_wconf 83' lang='lat' dir='ltr'><strong>occumbat,</strong></span> <span class='ocrx_word' id='word_1_94' title='bbox 1559 1368 1784 1407; x_wconf 69' lang='lat' dir='ltr'><strong>summae</strong></span> <span class='ocrx_word' id='word_1_95' title='bbox 1826 1352 2112 1407; x_wconf 88' lang='lat' dir='ltr'><strong>imbecilli-</strong></span> 
     </span>
    </p>
   </div>
   <div class='ocr_carea' id='block_1_17' title="bbox 533 1443 2115 1515">
    <p class='ocr_par' dir='ltr' id='par_1_17' title="bbox 533 1443 2115 1515">
     <span class='ocr_line' id='line_1_17' title="bbox 533 1443 2115 1515; baseline -0.003 -16"><span class='ocrx_word' id='word_1_96' title='bbox 533 1448 661 1501; x_wconf 88' lang='lat' dir='ltr'><strong>tatis</strong></span> <span class='ocrx_word' id='word_1_97' title='bbox 716 1445 802 1500; x_wconf 90' lang='lat' dir='ltr'><strong>vel</strong></span> <span class='ocrx_word' id='word_1_98' title='bbox 872 1445 1214 1515; x_wconf 76' lang='lat' dir='ltr'><strong>negligentia:</strong></span> <span class='ocrx_word' id='word_1_99' title='bbox 1272 1445 1451 1514; x_wconf 86' lang='lat' dir='ltr'><strong>potius</strong></span> <span class='ocrx_word' id='word_1_100' title='bbox 1511 1459 1622 1515; x_wconf 76' lang='lat' dir='ltr'><strong>pra:</strong></span> <span class='ocrx_word' id='word_1_101' title='bbox 1677 1457 1735 1497; x_wconf 91' lang='lat' dir='ltr'><strong>se</strong></span> <span class='ocrx_word' id='word_1_102' title='bbox 1790 1443 1898 1496; x_wconf 83' lang='lat' dir='ltr'><strong>fert</strong></span> <span class='ocrx_word' id='word_1_103' title='bbox 1950 1457 2115 1511; x_wconf 85' lang='lat' dir='ltr'><strong>argu-</strong></span> 
     </span>
    </p>
   </div>
   <div class='ocr_carea' id='block_1_18' title="bbox 530 1544 797 1588">
    <p class='ocr_par' dir='ltr' id='par_1_18' title="bbox 530 1544 797 1588">
     <span class='ocr_line' id='line_1_18' title="bbox 530 1544 797 1588; baseline -0.007 0"><span class='ocrx_word' id='word_1_104' title='bbox 530 1544 797 1588; x_wconf 84' lang='lat' dir='ltr'><strong>mentum.</strong></span> 
     </span>
    </p>
   </div>
   <div class='ocr_carea' id='block_1_19' title="bbox 862 1642 1791 1700">
    <p class='ocr_par' dir='ltr' id='par_1_19' title="bbox 862 1642 1791 1700">
     <span class='ocr_line' id='line_1_19' title="bbox 862 1642 1791 1700; baseline -0.001 0"><span class='ocrx_word' id='word_1_105' title='bbox 862 1645 977 1700; x_wconf 74' lang='lat' dir='ltr'><strong>XL.</strong></span> <span class='ocrx_word' id='word_1_106' title='bbox 1010 1676 1084 1688; x_wconf 91' lang='lat'><strong>—-</strong></span> <span class='ocrx_word' id='word_1_107' title='bbox 1112 1642 1346 1699; x_wconf 79' lang='lat' dir='ltr'><strong>TAURO</strong></span> <span class='ocrx_word' id='word_1_108' title='bbox 1386 1643 1791 1700; x_wconf 64' lang='lat' dir='ltr'><strong>PREFEC&#39;IO.</strong></span> 
     </span>
    </p>
   </div>
   <div class='ocr_carea' id='block_1_20' title="bbox 2209 451 3770 527">
    <p class='ocr_par' dir='ltr' id='par_1_20' title="bbox 2209 451 3770 527">
     <span class='ocr_line' id='line_1_20' title="bbox 2209 451 3770 527; baseline 0.004 -23"><span class='ocrx_word' id='word_1_109' title='bbox 2209 453 2269 504; x_wconf 84' lang='grc' dir='ltr'>ὲν</span> <span class='ocrx_word' id='word_1_110' title='bbox 2316 456 2383 523; x_wconf 84' lang='grc' dir='ltr'>τῇ</span> <span class='ocrx_word' id='word_1_111' title='bbox 2414 451 2651 522; x_wconf 80' lang='grc' dir='ltr'><strong>πράξει,</strong></span> <span class='ocrx_word' id='word_1_112' title='bbox 2691 452 2793 521; x_wconf 80' lang='grc' dir='ltr'><strong>τὴν</strong></span> <span class='ocrx_word' id='word_1_113' title='bbox 2826 452 2925 523; x_wconf 83' lang='grc' dir='ltr'>τῆς</span> <span class='ocrx_word' id='word_1_114' title='bbox 2964 452 3218 522; x_wconf 83' lang='grc' dir='ltr'><strong>ἀνδρείας</strong></span> <span class='ocrx_word' id='word_1_115' title='bbox 3264 454 3441 520; x_wconf 82' lang='grc' dir='ltr'>οῖησιν</span> <span class='ocrx_word' id='word_1_116' title='bbox 3482 456 3635 527; x_wconf 81' lang='grc' dir='ltr'><strong>παρά</strong></span> <span class='ocrx_word' id='word_1_117' title='bbox 3674 462 3770 523; x_wconf 78' lang='grc' dir='ltr'>τοῖς</span> 
     </span>
    </p>
   </div>
   <div class='ocr_carea' id='block_1_21' title="bbox 2211 544 3770 616">
    <p class='ocr_par' dir='ltr' id='par_1_21' title="bbox 2211 544 3770 616">
     <span class='ocr_line' id='line_1_21' title="bbox 2211 544 3770 616; baseline 0.004 -19"><span class='ocrx_word' id='word_1_118' title='bbox 2211 545 2431 607; x_wconf 83' lang='grc' dir='ltr'><strong>θεαταῖς</strong></span> <span class='ocrx_word' id='word_1_119' title='bbox 2463 544 2880 614; x_wconf 79' lang='grc' dir='ltr'>κεκαρπῶσθαι,</span> <span class='ocrx_word' id='word_1_120' title='bbox 2912 544 3266 598; x_wconf 75' lang='grc' dir='ltr'>κατέσπασαν</span> <span class='ocrx_word' id='word_1_121' title='bbox 3301 548 3401 615; x_wconf 78' lang='grc' dir='ltr'>τὴν</span> <span class='ocrx_word' id='word_1_122' title='bbox 3430 546 3625 616; x_wconf 75' lang='grc' dir='ltr'>ὀφρῦν.</span> <span class='ocrx_word' id='word_1_123' title='bbox 3649 552 3717 602; x_wconf 80' lang='grc' dir='ltr'><strong>Δι’</strong></span> <span class='ocrx_word' id='word_1_124' title='bbox 3749 552 3770 604; x_wconf 82' lang='grc' dir='ltr'><strong>ὃ</strong></span> 
     </span>
    </p>
   </div>
   <div class='ocr_carea' id='block_1_22' title="bbox 2210 632 3769 707">
    <p class='ocr_par' dir='ltr' id='par_1_22' title="bbox 2210 632 3769 707">
     <span class='ocr_line' id='line_1_22' title="bbox 2210 632 3769 707; baseline 0.003 -18"><span class='ocrx_word' id='word_1_125' title='bbox 2210 638 2305 690; x_wconf 76' lang='grc' dir='ltr'><strong>καὶ</strong></span> <span class='ocrx_word' id='word_1_126' title='bbox 2353 636 2800 706; x_wconf 81' lang='grc' dir='ltr'><strong>συγχωροῦνται,</strong></span> <span class='ocrx_word' id='word_1_127' title='bbox 2847 635 2920 700; x_wconf 84' lang='grc' dir='ltr'>ὡς</span> <span class='ocrx_word' id='word_1_128' title='bbox 2968 632 3145 698; x_wconf 75' lang='grc' dir='ltr'>οἶμαι,</span> <span class='ocrx_word' id='word_1_129' title='bbox 3201 637 3576 707; x_wconf 81' lang='grc' dir='ltr'>πειρασθῆναί</span> <span class='ocrx_word' id='word_1_130' title='bbox 3608 657 3769 703; x_wconf 85' lang='grc' dir='ltr'>τινες,</span> 
     </span>
    </p>
   </div>
   <div class='ocr_carea' id='block_1_23' title="bbox 2214 723 3772 799">
    <p class='ocr_par' dir='ltr' id='par_1_23' title="bbox 2214 723 3772 799">
     <span class='ocr_line' id='line_1_23' title="bbox 2214 723 3772 799; baseline 0.003 -19"><span class='ocrx_word' id='word_1_131' title='bbox 2214 729 2307 781; x_wconf 84' lang='grc' dir='ltr'><strong>τὸν</strong></span> <span class='ocrx_word' id='word_1_132' title='bbox 2334 727 2445 798; x_wconf 75' lang='lat'><strong>(6‘2)</strong></span> <span class='ocrx_word' id='word_1_133' title='bbox 2467 728 2561 781; x_wconf 77' lang='grc' dir='ltr'>τοῦ</span> <span class='ocrx_word' id='word_1_134' title='bbox 2594 727 2819 796; x_wconf 83' lang='grc' dir='ltr'>μεγάλοι</span> <span class='ocrx_word' id='word_1_135' title='bbox 2840 727 3015 780; x_wconf 82' lang='grc' dir='ltr'>δοκεῖν</span> <span class='ocrx_word' id='word_1_136' title='bbox 3040 723 3176 780; x_wconf 78' lang='grc' dir='ltr'>εἶναι</span> <span class='ocrx_word' id='word_1_137' title='bbox 3194 729 3289 781; x_wconf 75' lang='grc' dir='ltr'>καὶ</span> <span class='ocrx_word' id='word_1_138' title='bbox 3303 729 3569 799; x_wconf 82' lang='grc' dir='ltr'>δύσμαχοι</span> <span class='ocrx_word' id='word_1_139' title='bbox 3592 730 3772 785; x_wconf 76' lang='grc' dir='ltr'>ἔννοιαν</span> 
     </span>
    </p>
   </div>
   <div class='ocr_carea' id='block_1_24' title="bbox 2215 819 3774 895">
    <p class='ocr_par' dir='ltr' id='par_1_24' title="bbox 2215 819 3774 895">
     <span class='ocr_line' id='line_1_24' title="bbox 2215 819 3774 895; baseline 0.002 -22"><span class='ocrx_word' id='word_1_140' title='bbox 2215 820 2583 891; x_wconf 76' lang='grc' dir='ltr'>ἰαθησόμενοι,</span> <span class='ocrx_word' id='word_1_141' title='bbox 2620 819 2717 871; x_wconf 74' lang='grc' dir='ltr'><strong>καὶ</strong></span> <span class='ocrx_word' id='word_1_142' title='bbox 2752 820 2889 889; x_wconf 80' lang='grc' dir='ltr'>πρὸς</span> <span class='ocrx_word' id='word_1_143' title='bbox 2935 820 3403 895; x_wconf 80' lang='grc' dir='ltr'>μετριοφροσύνην</span> <span class='ocrx_word' id='word_1_144' title='bbox 3439 822 3774 894; x_wconf 78' lang='grc' dir='ltr'>συνελαθησὸ-</span> 
     </span>
    </p>
   </div>
   <div class='ocr_carea' id='block_1_25' title="bbox 2216 911 3774 984">
    <p class='ocr_par' dir='ltr' id='par_1_25' title="bbox 2216 911 3774 984">
     <span class='ocr_line' id='line_1_25' title="bbox 2216 911 3774 984; baseline 0.003 -21"><span class='ocrx_word' id='word_1_145' title='bbox 2216 928 2373 981; x_wconf 90' lang='grc' dir='ltr'>μενοι</span> <span class='ocrx_word' id='word_1_146' title='bbox 2413 911 2474 964; x_wconf 83' lang='grc' dir='ltr'><strong>ού</strong></span> <span class='ocrx_word' id='word_1_147' title='bbox 2516 912 2686 982; x_wconf 88' lang='grc' dir='ltr'>μικρά</span> <span class='ocrx_word' id='word_1_148' title='bbox 2725 911 2864 982; x_wconf 76' lang='grc' dir='ltr'>αὕτη</span> <span class='ocrx_word' id='word_1_149' title='bbox 2896 912 3075 981; x_wconf 73' lang='grc' dir='ltr'>ψυχῆς</span> <span class='ocrx_word' id='word_1_150' title='bbox 3111 911 3345 979; x_wconf 82' lang='grc' dir='ltr'>ὠφέλεια</span> <span class='ocrx_word' id='word_1_151' title='bbox 3367 956 3381 978; x_wconf 92' lang='grc'><strong>,</strong></span> <span class='ocrx_word' id='word_1_152' title='bbox 3413 914 3473 965; x_wconf 85' lang='grc' dir='ltr'><strong>τὸ</strong></span> <span class='ocrx_word' id='word_1_153' title='bbox 3507 915 3774 984; x_wconf 75' lang='grc' dir='ltr'>σϐεσθῆναι</span> 
     </span>
    </p>
   </div>
   <div class='ocr_carea' id='block_1_26' title="bbox 2216 1000 3774 1074">
    <p class='ocr_par' dir='ltr' id='par_1_26' title="bbox 2216 1000 3774 1074">
     <span class='ocr_line' id='line_1_26' title="bbox 2216 1000 3774 1074; baseline 0.003 -21"><span class='ocrx_word' id='word_1_154' title='bbox 2216 1001 2277 1053; x_wconf 83' lang='grc' dir='ltr'><strong>τὸ</strong></span> <span class='ocrx_word' id='word_1_155' title='bbox 2335 1000 2590 1071; x_wconf 84' lang='grc' dir='ltr'>φρόνημα</span> <span class='ocrx_word' id='word_1_156' title='bbox 2636 1000 2744 1053; x_wconf 85' lang='grc' dir='ltr'>τῶν</span> <span class='ocrx_word' id='word_1_157' title='bbox 2797 1001 2930 1071; x_wconf 83' lang='grc' dir='ltr'>μηδὲ</span> <span class='ocrx_word' id='word_1_158' title='bbox 2976 1001 3078 1070; x_wconf 80' lang='grc' dir='ltr'>τὴν</span> <span class='ocrx_word' id='word_1_159' title='bbox 3126 1005 3341 1071; x_wconf 86' lang='grc' dir='ltr'>πεῖραν,</span> <span class='ocrx_word' id='word_1_160' title='bbox 3392 1002 3451 1055; x_wconf 75' lang='grc' dir='ltr'>οὔ</span> <span class='ocrx_word' id='word_1_161' title='bbox 3512 1022 3653 1074; x_wconf 84' lang='grc' dir='ltr'>φημι</span> <span class='ocrx_word' id='word_1_162' title='bbox 3694 1007 3774 1058; x_wconf 71' lang='grc' dir='ltr'><strong>τὸν</strong></span> 
     </span>
    </p>
   </div>
   <div class='ocr_carea' id='block_1_27' title="bbox 2214 1090 3772 1165">
    <p class='ocr_par' dir='ltr' id='par_1_27' title="bbox 2214 1090 3772 1165">
     <span class='ocr_line' id='line_1_27' title="bbox 2214 1090 3772 1165; baseline 0.003 -22"><span class='ocrx_word' id='word_1_163' title='bbox 2214 1090 2425 1158; x_wconf 86' lang='grc' dir='ltr'>ἀγῶνα,</span> <span class='ocrx_word' id='word_1_164' title='bbox 2454 1092 2698 1159; x_wconf 78' lang='grc' dir='ltr'>ἐνεγκεῖν</span> <span class='ocrx_word' id='word_1_165' title='bbox 2727 1091 3079 1161; x_wconf 83' lang='grc' dir='ltr'>δυνηθέντων.</span> <span class='ocrx_word' id='word_1_166' title='bbox 3118 1090 3181 1145; x_wconf 82' lang='grc' dir='ltr'><strong>Ὀ</strong></span> <span class='ocrx_word' id='word_1_167' title='bbox 3211 1094 3309 1161; x_wconf 86' lang='grc' dir='ltr'><strong>μὲν</strong></span> <span class='ocrx_word' id='word_1_168' title='bbox 3330 1093 3437 1165; x_wconf 84' lang='grc' dir='ltr'><strong>γάρ</strong></span> <span class='ocrx_word' id='word_1_169' title='bbox 3464 1095 3601 1163; x_wconf 87' lang='grc' dir='ltr'><strong>μετά</strong></span> <span class='ocrx_word' id='word_1_170' title='bbox 3626 1097 3772 1149; x_wconf 80' lang='grc' dir='ltr'>πολλά</span> 
     </span>
    </p>
   </div>
   <div class='ocr_carea' id='block_1_28' title="bbox 2215 1183 3774 1254">
    <p class='ocr_par' dir='ltr' id='par_1_28' title="bbox 2215 1183 3774 1254">
     <span class='ocr_line' id='line_1_28' title="bbox 2215 1183 3774 1254; baseline 0.003 -20"><span class='ocrx_word' id='word_1_171' title='bbox 2215 1184 2448 1252; x_wconf 79' lang='grc' dir='ltr'>τρόπαια</span> <span class='ocrx_word' id='word_1_172' title='bbox 2484 1183 2766 1254; x_wconf 71' lang='grc' dir='ltr'>ἡττηθεὶς,</span> <span class='ocrx_word' id='word_1_173' title='bbox 2811 1184 2942 1245; x_wconf 79' lang='grc' dir='ltr'>ἴσως</span> <span class='ocrx_word' id='word_1_174' title='bbox 2974 1183 3337 1251; x_wconf 78' lang='grc' dir='ltr'>σύγγνωστοςο</span> <span class='ocrx_word' id='word_1_175' title='bbox 3369 1187 3397 1239; x_wconf 87' lang='grc' dir='ltr'><em>ὁ</em></span> <span class='ocrx_word' id='word_1_176' title='bbox 3438 1186 3495 1238; x_wconf 86' lang='grc' dir='ltr'><strong>δὲ</strong></span> <span class='ocrx_word' id='word_1_177' title='bbox 3532 1188 3590 1238; x_wconf 80' lang='grc' dir='ltr'>ἐν</span> <span class='ocrx_word' id='word_1_178' title='bbox 3616 1190 3774 1251; x_wconf 77' lang='grc' dir='ltr'>αὐτοῖς</span> 
     </span>
    </p>
   </div>
   <div class='ocr_carea' id='block_1_29' title="bbox 2213 1273 3774 1347">
    <p class='ocr_par' dir='ltr' id='par_1_29' title="bbox 2213 1273 3774 1347">
     <span class='ocr_line' id='line_1_29' title="bbox 2213 1273 3774 1347; baseline 0.003 -22"><span class='ocrx_word' id='word_1_179' title='bbox 2213 1276 2328 1335; x_wconf 86' lang='grc' dir='ltr'>τοῖς</span> <span class='ocrx_word' id='word_1_180' title='bbox 2359 1275 2808 1345; x_wconf 77' lang='grc' dir='ltr'>ἀκροϐωλισμοῖς</span> <span class='ocrx_word' id='word_1_181' title='bbox 2837 1273 3021 1326; x_wconf 86' lang='grc' dir='ltr'>πεσὼν</span> <span class='ocrx_word' id='word_1_182' title='bbox 3044 1275 3281 1346; x_wconf 81' lang='grc' dir='ltr'><strong>ἐσχάτης</strong></span> <span class='ocrx_word' id='word_1_183' title='bbox 3308 1276 3594 1340; x_wconf 81' lang='grc' dir='ltr'>ἀσθενείας</span> <span class='ocrx_word' id='word_1_184' title='bbox 3613 1317 3628 1342; x_wconf 90' lang='grc'><strong>,</strong></span> <span class='ocrx_word' id='word_1_185' title='bbox 3659 1280 3774 1347; x_wconf 78' lang='grc' dir='ltr'><strong>μᾶλ-</strong></span> 
     </span>
    </p>
   </div>
   <div class='ocr_carea' id='block_1_30' title="bbox 2214 1363 3206 1435">
    <p class='ocr_par' dir='ltr' id='par_1_30' title="bbox 2214 1363 3206 1435">
     <span class='ocr_line' id='line_1_30' title="bbox 2214 1363 3206 1435; baseline 0.004 -19"><span class='ocrx_word' id='word_1_186' title='bbox 2214 1363 2305 1417; x_wconf 90' lang='grc' dir='ltr'><strong>λον</strong></span> <span class='ocrx_word' id='word_1_187' title='bbox 2334 1364 2392 1419; x_wconf 83' lang='grc' dir='ltr'>δὲ</span> <span class='ocrx_word' id='word_1_188' title='bbox 2428 1365 2702 1435; x_wconf 78' lang='grc' dir='ltr'><strong>ῥᾳθυμίας</strong></span> <span class='ocrx_word' id='word_1_189' title='bbox 2727 1365 2954 1435; x_wconf 77' lang='grc' dir='ltr'>ἐκφέρει</span> <span class='ocrx_word' id='word_1_190' title='bbox 2986 1364 3206 1434; x_wconf 85' lang='grc' dir='ltr'>δεῖγμα.</span> 
     </span>
    </p>
   </div>
   <div class='ocr_carea' id='block_1_31' title="bbox 2612 1648 3410 1723">
    <p class='ocr_par' dir='ltr' id='par_1_31' title="bbox 2612 1648 3410 1723">
     <span class='ocr_line' id='line_1_31' title="bbox 2612 1648 3410 1723; baseline 0.004 -20"><span class='ocrx_word' id='word_1_191' title='bbox 2612 1648 2704 1703; x_wconf 89' lang='lat' dir='ltr'><strong>M&#39;.</strong></span> <span class='ocrx_word' id='word_1_192' title='bbox 2740 1679 2809 1689; x_wconf 95' lang='lat'><strong>—</strong></span> <span class='ocrx_word' id='word_1_193' title='bbox 2844 1650 3071 1721; x_wconf 80' lang='grc' dir='ltr'>ΤΑΥΡῼ</span> <span class='ocrx_word' id='word_1_194' title='bbox 3105 1650 3410 1723; x_wconf 80' lang='grc' dir='ltr'><strong>ΥΠΑΡΧῼ.</strong></span> 
     </span>
    </p>
   </div>
   <div class='ocr_carea' id='block_1_32' title="bbox 1230 1758 3098 1828">
    <p class='ocr_par' dir='ltr' id='par_1_32' title="bbox 1230 1758 3098 1828">
     <span class='ocr_line' id='line_1_32' title="bbox 1230 1758 3098 1828; baseline 0.001 -15"><span class='ocrx_word' id='word_1_195' title='bbox 1230 1758 1501 1813; x_wconf 78' lang='lat' dir='ltr'><strong>Hortatur</strong></span> <span class='ocrx_word' id='word_1_196' title='bbox 1526 1771 1582 1813; x_wconf 82' lang='lat' dir='ltr'><strong>ut</strong></span> <span class='ocrx_word' id='word_1_197' title='bbox 1615 1762 1915 1828; x_wconf 78' lang='lat' dir='ltr'><strong>reipublicte</strong></span> <span class='ocrx_word' id='word_1_198' title='bbox 1962 1775 2093 1815; x_wconf 74' lang='lat' dir='ltr'><strong>onus</strong></span> <span class='ocrx_word' id='word_1_199' title='bbox 2128 1776 2247 1815; x_wconf 84' lang='lat' dir='ltr'><strong>cum</strong></span> <span class='ocrx_word' id='word_1_200' title='bbox 2277 1759 2519 1827; x_wconf 74' lang='lat' dir='ltr'><strong>pluribus</strong></span> <span class='ocrx_word' id='word_1_201' title='bbox 2551 1759 2698 1813; x_wconf 81' lang='lat' dir='ltr'><strong>bonis</strong></span> <span class='ocrx_word' id='word_1_202' title='bbox 2727 1763 3098 1816; x_wconf 82' lang='lat' dir='ltr'><strong>communicet.</strong></span> 
     </span>
    </p>
   </div>
   <div class='ocr_carea' id='block_1_33' title="bbox 605 1865 2118 1945">
    <p class='ocr_par' dir='ltr' id='par_1_33' title="bbox 605 1868 2113 1940">
     <span class='ocr_line' id='line_1_33' title="bbox 605 1868 2113 1940; baseline 0.001 -15"><span class='ocrx_word' id='word_1_203' title='bbox 605 1870 831 1928; x_wconf 84' lang='lat' dir='ltr'><strong>Noveris</strong></span> <span class='ocrx_word' id='word_1_204' title='bbox 877 1881 1046 1937; x_wconf 88' lang='lat' dir='ltr'><strong>recte,</strong></span> <span class='ocrx_word' id='word_1_205' title='bbox 1090 1886 1124 1925; x_wconf 91' lang='grc' dir='ltr'><strong>ο</strong></span> <span class='ocrx_word' id='word_1_206' title='bbox 1174 1868 1528 1940; x_wconf 81' lang='lat' dir='ltr'><strong>sagacissime</strong></span> <span class='ocrx_word' id='word_1_207' title='bbox 1573 1872 1835 1936; x_wconf 88' lang='lat' dir='ltr'><strong>virorum,</strong></span> <span class='ocrx_word' id='word_1_208' title='bbox 1873 1873 2016 1940; x_wconf 92' lang='lat' dir='ltr'><strong>quod</strong></span> <span class='ocrx_word' id='word_1_209' title='bbox 2067 1871 2113 1926; x_wconf 93' lang='lat' dir='ltr'><strong>si</strong></span> 
     </span>
    </p>
   </div>
   <div class='ocr_carea' id='block_1_34' title="bbox 2223 1865 3772 1945">
    <p class='ocr_par' dir='ltr' id='par_1_34' title="bbox 2290 1865 3772 1945">
     <span class='ocr_line' id='line_1_34' title="bbox 2290 1865 3772 1945; baseline 0.006 -23"><span class='ocrx_word' id='word_1_210' title='bbox 2290 1866 2365 1923; x_wconf 78' lang='grc' dir='ltr'><strong>Εὖ</strong></span> <span class='ocrx_word' id='word_1_211' title='bbox 2403 1868 2532 1935; x_wconf 77' lang='grc' dir='ltr'>ἴσθι,</span> <span class='ocrx_word' id='word_1_212' title='bbox 2558 1865 2601 1922; x_wconf 85' lang='grc' dir='ltr'><strong>ὧ</strong></span> <span class='ocrx_word' id='word_1_213' title='bbox 2625 1871 2908 1940; x_wconf 79' lang='grc' dir='ltr'>ἀγχινοίας</span> <span class='ocrx_word' id='word_1_214' title='bbox 2938 1872 3187 1940; x_wconf 84' lang='grc' dir='ltr'>τέμενος,</span> <span class='ocrx_word' id='word_1_215' title='bbox 3222 1874 3304 1927; x_wconf 85' lang='grc' dir='ltr'>ὅτι</span> <span class='ocrx_word' id='word_1_216' title='bbox 3325 1875 3373 1926; x_wconf 86' lang='grc' dir='ltr'><strong>εί</strong></span> <span class='ocrx_word' id='word_1_217' title='bbox 3394 1876 3526 1940; x_wconf 69' lang='grc' dir='ltr'>τοὺς</span> <span class='ocrx_word' id='word_1_218' title='bbox 3546 1877 3772 1945; x_wconf 80' lang='grc' dir='ltr'>ἀρίστους</span> 
     </span>
    </p>
   </div>
   <div class='ocr_carea' id='block_1_35' title="bbox 533 1960 2117 2031">
    <p class='ocr_par' dir='ltr' id='par_1_35' title="bbox 533 1960 2117 2031">
     <span class='ocr_line' id='line_1_35' title="bbox 533 1960 2117 2031; baseline -0.001 -14"><span class='ocrx_word' id='word_1_219' title='bbox 533 1963 738 2018; x_wconf 87' lang='lat' dir='ltr'><strong>amicos</strong></span> <span class='ocrx_word' id='word_1_220' title='bbox 783 1963 1039 2031; x_wconf 90' lang='lat' dir='ltr'><strong>optimos,</strong></span> <span class='ocrx_word' id='word_1_221' title='bbox 1091 1960 1335 2022; x_wconf 77' lang='lat' dir='ltr'><strong>veritati,</strong></span> <span class='ocrx_word' id='word_1_222' title='bbox 1393 1961 1635 2028; x_wconf 89' lang='lat' dir='ltr'><strong>inquam,</strong></span> <span class='ocrx_word' id='word_1_223' title='bbox 1691 1962 2010 2028; x_wconf 89' lang='lat' dir='ltr'><strong>innutritos,</strong></span> <span class='ocrx_word' id='word_1_224' title='bbox 2062 1971 2117 2016; x_wconf 89' lang='lat' dir='ltr'><strong>et</strong></span> 
     </span>
    </p>
   </div>
   <div class='ocr_carea' id='block_1_36' title="bbox 532 2050 2116 2125">
    <p class='ocr_par' dir='ltr' id='par_1_36' title="bbox 532 2050 2116 2125">
     <span class='ocr_line' id='line_1_36' title="bbox 532 2050 2116 2125; baseline -0.003 -15"><span class='ocrx_word' id='word_1_225' title='bbox 532 2055 881 2125; x_wconf 85' lang='lat' dir='ltr'><strong>pecuniarum</strong></span> <span class='ocrx_word' id='word_1_226' title='bbox 922 2060 1321 2121; x_wconf 90' lang='lat' dir='ltr'><strong>contemptores</strong></span> <span class='ocrx_word' id='word_1_227' title='bbox 1348 2050 1414 2104; x_wconf 87' lang='lat' dir='ltr'><strong>ad</strong></span> <span class='ocrx_word' id='word_1_228' title='bbox 1458 2052 1804 2120; x_wconf 83' lang='lat' dir='ltr'><strong>magistratus</strong></span> <span class='ocrx_word' id='word_1_229' title='bbox 1834 2066 2116 2120; x_wconf 90' lang='lat' dir='ltr'><strong>promove-</strong></span> 
     </span>
    </p>
   </div>
   <div class='ocr_carea' id='block_1_37' title="bbox 533 2140 2116 2217">
    <p class='ocr_par' dir='ltr' id='par_1_37' title="bbox 533 2140 2116 2217">
     <span class='ocr_line' id='line_1_37' title="bbox 533 2140 2116 2217; baseline -0.003 -17"><span class='ocrx_word' id='word_1_230' title='bbox 533 2147 612 2201; x_wconf 91' lang='lat' dir='ltr'><strong>ris</strong></span> <span class='ocrx_word' id='word_1_231' title='bbox 643 2148 792 2217; x_wconf 91' lang='lat' dir='ltr'><strong>(nam</strong></span> <span class='ocrx_word' id='word_1_232' title='bbox 826 2144 1186 2214; x_wconf 88' lang='lat' dir='ltr'><strong>periculosum</strong></span> <span class='ocrx_word' id='word_1_233' title='bbox 1235 2149 1319 2196; x_wconf 88' lang='lat' dir='ltr'><strong>est</strong></span> <span class='ocrx_word' id='word_1_234' title='bbox 1352 2140 1670 2211; x_wconf 89' lang='lat' dir='ltr'><strong>plerumque</strong></span> <span class='ocrx_word' id='word_1_235' title='bbox 1697 2151 1901 2196; x_wconf 79' lang='lat' dir='ltr'><strong>tantam</strong></span> <span class='ocrx_word' id='word_1_236' title='bbox 1950 2157 2116 2209; x_wconf 79' lang='lat' dir='ltr'><strong>nego-</strong></span> 
     </span>
    </p>
   </div>
   <div class='ocr_carea' id='block_1_38' title="bbox 534 2231 2113 2302">
    <p class='ocr_par' dir='ltr' id='par_1_38' title="bbox 534 2231 2113 2302">
     <span class='ocr_line' id='line_1_38' title="bbox 534 2231 2113 2302; baseline -0.003 -13"><span class='ocrx_word' id='word_1_237' title='bbox 534 2237 731 2290; x_wconf 89' lang='lat' dir='ltr'><strong>tiorum</strong></span> <span class='ocrx_word' id='word_1_238' title='bbox 778 2234 971 2289; x_wconf 88' lang='lat' dir='ltr'><strong>molem</strong></span> <span class='ocrx_word' id='word_1_239' title='bbox 1009 2233 1101 2286; x_wconf 90' lang='lat' dir='ltr'><strong>uni</strong></span> <span class='ocrx_word' id='word_1_240' title='bbox 1136 2231 1438 2299; x_wconf 85' lang='lat' dir='ltr'><strong>imponere)</strong></span> <span class='ocrx_word' id='word_1_241' title='bbox 1478 2246 1690 2299; x_wconf 89' lang='lat' dir='ltr'><strong>eorum,</strong></span> <span class='ocrx_word' id='word_1_242' title='bbox 1723 2234 1813 2302; x_wconf 88' lang='lat' dir='ltr'><strong>qui</strong></span> <span class='ocrx_word' id='word_1_243' title='bbox 1867 2231 1986 2285; x_wconf 94' lang='lat' dir='ltr'><strong>illos</strong></span> <span class='ocrx_word' id='word_1_244' title='bbox 2015 2247 2113 2286; x_wconf 82' lang='lat' dir='ltr'><strong>ca-</strong></span> 
     </span>
    </p>
   </div>
   <div class='ocr_carea' id='block_1_39' title="bbox 532 2321 2115 2395">
    <p class='ocr_par' dir='ltr' id='par_1_39' title="bbox 532 2321 2115 2395">
     <span class='ocr_line' id='line_1_39' title="bbox 532 2321 2115 2395; baseline -0.002 -14"><span class='ocrx_word' id='word_1_245' title='bbox 532 2334 792 2395; x_wconf 77' lang='lat' dir='ltr'><strong>possunt,</strong></span> <span class='ocrx_word' id='word_1_246' title='bbox 852 2325 1056 2379; x_wconf 86' lang='lat' dir='ltr'><strong>virtute</strong></span> <span class='ocrx_word' id='word_1_247' title='bbox 1104 2321 1469 2377; x_wconf 72' lang='lat' dir='ltr'><strong>aristocratite</strong></span> <span class='ocrx_word' id='word_1_248' title='bbox 1522 2322 1862 2389; x_wconf 80' lang='lat' dir='ltr'><strong>gubernandi</strong></span> <span class='ocrx_word' id='word_1_249' title='bbox 1918 2322 2115 2378; x_wconf 83' lang='lat' dir='ltr'><strong>feceris</strong></span> 
     </span>
    </p>
   </div>
   <div class='ocr_carea' id='block_1_40' title="bbox 535 2415 949 2469">
    <p class='ocr_par' dir='ltr' id='par_1_40' title="bbox 535 2415 949 2469">
     <span class='ocr_line' id='line_1_40' title="bbox 535 2415 949 2469; baseline 0 0"><span class='ocrx_word' id='word_1_250' title='bbox 535 2415 783 2469; x_wconf 89' lang='lat' dir='ltr'><strong>formam.</strong></span> <span class='ocrx_word' id='word_1_251' title='bbox 946 2416 949 2420; x_wconf 88' lang='grc'><em>’</em></span> 
     </span>
    </p>
   </div>
   <div class='ocr_carea' id='block_1_41' title="bbox 812 2524 1818 2585">
    <p class='ocr_par' dir='ltr' id='par_1_41' title="bbox 812 2524 1818 2585">
     <span class='ocr_line' id='line_1_41' title="bbox 812 2524 1818 2585; baseline -0.002 -4"><span class='ocrx_word' id='word_1_252' title='bbox 812 2524 951 2582; x_wconf 77' lang='lat' dir='ltr'><strong>XLI.</strong></span> <span class='ocrx_word' id='word_1_253' title='bbox 996 2555 1068 2568; x_wconf 92' lang='lat'><strong><em>—</em></strong></span> <span class='ocrx_word' id='word_1_254' title='bbox 1107 2526 1459 2585; x_wconf 84' lang='lat' dir='ltr'><strong>LAMPETIO</strong></span> <span class='ocrx_word' id='word_1_255' title='bbox 1498 2524 1818 2583; x_wconf 84' lang='lat' dir='ltr'><strong>DIACONO.</strong></span> 
     </span>
    </p>
   </div>
   <div class='ocr_carea' id='block_1_42' title="bbox 2218 1960 3771 2038">
    <p class='ocr_par' dir='ltr' id='par_1_42' title="bbox 2218 1960 3771 2038">
     <span class='ocr_line' id='line_1_42' title="bbox 2218 1960 3771 2038; baseline 0.006 -25"><span class='ocrx_word' id='word_1_256' title='bbox 2218 1960 2327 2013; x_wconf 85' lang='grc' dir='ltr'><strong>τῶν</strong></span> <span class='ocrx_word' id='word_1_257' title='bbox 2358 1962 2549 2028; x_wconf 84' lang='grc' dir='ltr'>φίλων,</span> <span class='ocrx_word' id='word_1_258' title='bbox 2588 1962 2716 2025; x_wconf 82' lang='grc' dir='ltr'>τοὺς</span> <span class='ocrx_word' id='word_1_259' title='bbox 2751 1963 3041 2032; x_wconf 83' lang='grc' dir='ltr'>ἀληθείας,</span> <span class='ocrx_word' id='word_1_260' title='bbox 3075 1966 3252 2034; x_wconf 76' lang='grc' dir='ltr'>φημὶ,</span> <span class='ocrx_word' id='word_1_261' title='bbox 3297 1968 3663 2038; x_wconf 80' lang='grc' dir='ltr'>συντρόφους,</span> <span class='ocrx_word' id='word_1_262' title='bbox 3694 1972 3771 2023; x_wconf 81' lang='grc' dir='ltr'><strong>καὶ</strong></span> 
     </span>
    </p>
   </div>
   <div class='ocr_carea' id='block_1_43' title="bbox 2221 2052 3771 2131">
    <p class='ocr_par' dir='ltr' id='par_1_43' title="bbox 2221 2052 3771 2131">
     <span class='ocr_line' id='line_1_43' title="bbox 2221 2052 3771 2131; baseline 0.005 -26"><span class='ocrx_word' id='word_1_263' title='bbox 2221 2069 2325 2122; x_wconf 87' lang='grc' dir='ltr'><strong>χρη</strong></span> <span class='ocrx_word' id='word_1_264' title='bbox 2335 2052 2517 2122; x_wconf 83' lang='grc' dir='ltr'>μάτων</span> <span class='ocrx_word' id='word_1_265' title='bbox 2538 2053 2856 2123; x_wconf 82' lang='grc' dir='ltr'>κρείττονας</span> <span class='ocrx_word' id='word_1_266' title='bbox 2873 2056 3163 2119; x_wconf 81' lang='grc' dir='ltr'>κοινωνοὺς</span> <span class='ocrx_word' id='word_1_267' title='bbox 3180 2060 3468 2129; x_wconf 82' lang='grc' dir='ltr'>ποιήσειας</span> <span class='ocrx_word' id='word_1_268' title='bbox 3487 2061 3583 2130; x_wconf 85' lang='grc' dir='ltr'><strong>τῆς</strong></span> <span class='ocrx_word' id='word_1_269' title='bbox 3622 2061 3771 2131; x_wconf 77' lang='grc' dir='ltr'>ἀρχῆς</span> 
     </span>
    </p>
   </div>
   <div class='ocr_carea' id='block_1_44' title="bbox 2223 2142 3773 2217">
    <p class='ocr_par' dir='ltr' id='par_1_44' title="bbox 2223 2142 3773 2217">
     <span class='ocr_line' id='line_1_44' title="bbox 2223 2142 3773 2217; baseline 0.006 -24"><span class='ocrx_word' id='word_1_270' title='bbox 2223 2142 2564 2210; x_wconf 72' lang='grc' dir='ltr'>(ἐπισφαλὲς</span> <span class='ocrx_word' id='word_1_271' title='bbox 2605 2143 2714 2214; x_wconf 78' lang='grc' dir='ltr'>γὰρ</span> <span class='ocrx_word' id='word_1_272' title='bbox 2763 2144 2840 2206; x_wconf 86' lang='grc' dir='ltr'>ὡς</span> <span class='ocrx_word' id='word_1_273' title='bbox 2876 2144 2951 2197; x_wconf 51' lang='grc' dir='ltr'><strong>τάκ</strong></span> <span class='ocrx_word' id='word_1_274' title='bbox 2995 2145 3164 2199; x_wconf 87' lang='grc' dir='ltr'>πολλά</span> <span class='ocrx_word' id='word_1_275' title='bbox 3207 2147 3269 2200; x_wconf 82' lang='grc' dir='ltr'>τὸ</span> <span class='ocrx_word' id='word_1_276' title='bbox 3312 2149 3397 2217; x_wconf 69' lang='grc' dir='ltr'><strong>ἐφ’</strong></span> <span class='ocrx_word' id='word_1_277' title='bbox 3436 2150 3522 2202; x_wconf 76' lang='grc' dir='ltr'>ἐνὶ</span> <span class='ocrx_word' id='word_1_278' title='bbox 3551 2150 3773 2202; x_wconf 82' lang='grc' dir='ltr'>τοσοῦτον</span> 
     </span>
    </p>
   </div>
   <div class='ocr_carea' id='block_1_45' title="bbox 2221 2233 3771 2311">
    <p class='ocr_par' dir='ltr' id='par_1_45' title="bbox 2221 2233 3771 2311">
     <span class='ocr_line' id='line_1_45' title="bbox 2221 2233 3771 2311; baseline 0.006 -27"><span class='ocrx_word' id='word_1_279' title='bbox 2221 2233 2387 2300; x_wconf 78' lang='grc' dir='ltr'>ὄγκον</span> <span class='ocrx_word' id='word_1_280' title='bbox 2434 2236 2627 2303; x_wconf 81' lang='grc' dir='ltr'>ὁρμεῖν</span> <span class='ocrx_word' id='word_1_281' title='bbox 2676 2236 3074 2305; x_wconf 83' lang='grc' dir='ltr'>πραγμάτων),</span> <span class='ocrx_word' id='word_1_282' title='bbox 3111 2239 3229 2301; x_wconf 88' lang='grc' dir='ltr'>ταῖς</span> <span class='ocrx_word' id='word_1_283' title='bbox 3276 2239 3387 2293; x_wconf 82' lang='grc' dir='ltr'>τῶν</span> <span class='ocrx_word' id='word_1_284' title='bbox 3410 2240 3771 2311; x_wconf 70' lang='grc' dir='ltr'>ἀντιλαμϐανο-</span> 
     </span>
    </p>
   </div>
   <div class='ocr_carea' id='block_1_46' title="bbox 2225 2324 3772 2400">
    <p class='ocr_par' dir='ltr' id='par_1_46' title="bbox 2225 2324 3772 2400">
     <span class='ocr_line' id='line_1_46' title="bbox 2225 2324 3772 2400; baseline 0.005 -25"><span class='ocrx_word' id='word_1_285' title='bbox 2225 2324 2406 2394; x_wconf 82' lang='grc' dir='ltr'>μένων</span> <span class='ocrx_word' id='word_1_286' title='bbox 2465 2325 2692 2396; x_wconf 83' lang='grc' dir='ltr'>ἀρεταῖς</span> <span class='ocrx_word' id='word_1_287' title='bbox 2748 2328 3204 2397; x_wconf 86' lang='grc' dir='ltr'>άριστοκρατείαν</span> <span class='ocrx_word' id='word_1_288' title='bbox 3262 2330 3643 2395; x_wconf 84' lang='grc' dir='ltr'>ἀποτελέσειας</span> <span class='ocrx_word' id='word_1_289' title='bbox 3690 2332 3772 2400; x_wconf 75' lang='grc' dir='ltr'>τὴν</span> 
     </span>
    </p>
   </div>
   <div class='ocr_carea' id='block_1_47' title="bbox 2223 2416 2420 2486">
    <p class='ocr_par' dir='ltr' id='par_1_47' title="bbox 2223 2416 2420 2486">
     <span class='ocr_line' id='line_1_47' title="bbox 2223 2416 2420 2486; baseline -0.005 -18"><span class='ocrx_word' id='word_1_290' title='bbox 2223 2416 2257 2468; x_wconf 85' lang='grc' dir='ltr'><strong>ἀ</strong></span> <span class='ocrx_word' id='word_1_291' title='bbox 2267 2416 2420 2486; x_wconf 87' lang='grc' dir='ltr'>ρχήν.</span> 
     </span>
    </p>
   </div>
   <div class='ocr_carea' id='block_1_48' title="bbox 2474 2528 3517 2601">
    <p class='ocr_par' dir='ltr' id='par_1_48' title="bbox 2474 2528 3517 2601">
     <span class='ocr_line' id='line_1_48' title="bbox 2474 2528 3517 2601; baseline 0.002 -20"><span class='ocrx_word' id='word_1_292' title='bbox 2474 2528 2641 2595; x_wconf 57' lang='lat' dir='ltr'><strong>una</strong></span> <span class='ocrx_word' id='word_1_293' title='bbox 2677 2556 2749 2569; x_wconf 90' lang='grc'><strong><em>-</em></strong></span> <span class='ocrx_word' id='word_1_294' title='bbox 2785 2528 3146 2601; x_wconf 84' lang='grc' dir='ltr'><strong>ΛΑΜΠΕΤΙῼ</strong></span> <span class='ocrx_word' id='word_1_295' title='bbox 3193 2528 3517 2600; x_wconf 83' lang='grc' dir='ltr'><strong>ΔΙΑΚΟΝῼ.</strong></span> 
     </span>
    </p>
   </div>
   <div class='ocr_carea' id='block_1_49' title="bbox 1484 2638 2793 2713">
    <p class='ocr_par' dir='ltr' id='par_1_49' title="bbox 1484 2638 2793 2713">
     <span class='ocr_line' id='line_1_49' title="bbox 1484 2638 2793 2713; baseline 0.005 -18"><span class='ocrx_word' id='word_1_296' title='bbox 1484 2708 1489 2713; x_wconf 22' lang='grc' dir='ltr'><em>ι</em></span> <span class='ocrx_word' id='word_1_297' title='bbox 1536 2641 1774 2713; x_wconf 81' lang='lat' dir='ltr'><strong>Regnum</strong></span> <span class='ocrx_word' id='word_1_298' title='bbox 1800 2640 2049 2694; x_wconf 77' lang='lat' dir='ltr'><strong>cwlorum</strong></span> <span class='ocrx_word' id='word_1_299' title='bbox 2083 2638 2431 2698; x_wconf 75' lang='lat' dir='ltr'><strong>inculcatum.</strong></span> <span class='ocrx_word' id='word_1_300' title='bbox 2465 2644 2595 2712; x_wconf 83' lang='lat' dir='ltr'><strong>Sup.</strong></span> <span class='ocrx_word' id='word_1_301' title='bbox 2624 2662 2706 2713; x_wconf 80' lang='lat' dir='ltr'><strong>ep.</strong></span> <span class='ocrx_word' id='word_1_302' title='bbox 2738 2648 2793 2701; x_wconf 77' lang='grc'><strong>4.</strong></span> 
     </span>
    </p>
   </div>
   <div class='ocr_carea' id='block_1_50' title="bbox 605 2752 2115 2826">
    <p class='ocr_par' dir='ltr' id='par_1_50' title="bbox 605 2752 2115 2826">
     <span class='ocr_line' id='line_1_50' title="bbox 605 2752 2115 2826; baseline -0.003 -15"><span class='ocrx_word' id='word_1_303' title='bbox 605 2757 715 2813; x_wconf 82' lang='lat' dir='ltr'><strong>Res</strong></span> <span class='ocrx_word' id='word_1_304' title='bbox 759 2771 929 2813; x_wconf 73' lang='lat' dir='ltr'><strong>sacra:</strong></span> <span class='ocrx_word' id='word_1_305' title='bbox 973 2766 1137 2826; x_wconf 88' lang='lat' dir='ltr'><strong>atque</strong></span> <span class='ocrx_word' id='word_1_306' title='bbox 1182 2756 1380 2810; x_wconf 74' lang='lat' dir='ltr'><strong>divina:</strong></span> <span class='ocrx_word' id='word_1_307' title='bbox 1431 2754 1642 2810; x_wconf 85' lang='lat' dir='ltr'><strong>homini</strong></span> <span class='ocrx_word' id='word_1_308' title='bbox 1687 2752 1909 2807; x_wconf 88' lang='lat' dir='ltr'><strong>animali</strong></span> <span class='ocrx_word' id='word_1_309' title='bbox 1950 2752 2115 2807; x_wconf 88' lang='lat' dir='ltr'><strong>stulta</strong></span> 
     </span>
    </p>
   </div>
   <div class='ocr_carea' id='block_1_51' title="bbox 534 2844 2110 2919">
    <p class='ocr_par' dir='ltr' id='par_1_51' title="bbox 534 2844 2110 2919">
     <span class='ocr_line' id='line_1_51' title="bbox 534 2844 2110 2919; baseline -0.003 -14"><span class='ocrx_word' id='word_1_310' title='bbox 534 2851 704 2906; x_wconf 87' lang='lat' dir='ltr'><strong>videri</strong></span> <span class='ocrx_word' id='word_1_311' title='bbox 738 2849 982 2919; x_wconf 88' lang='lat' dir='ltr'><strong>possint:</strong></span> <span class='ocrx_word' id='word_1_312' title='bbox 1015 2848 1448 2918; x_wconf 89' lang='lat' dir='ltr'><strong>quandoquidem</strong></span> <span class='ocrx_word' id='word_1_313' title='bbox 1484 2847 1585 2901; x_wconf 89' lang='lat' dir='ltr'><strong>nisi</strong></span> <span class='ocrx_word' id='word_1_314' title='bbox 1612 2845 1696 2900; x_wconf 84' lang='lat' dir='ltr'><strong>vel</strong></span> <span class='ocrx_word' id='word_1_315' title='bbox 1729 2844 1931 2901; x_wconf 92' lang='lat' dir='ltr'><strong>nolenti</strong></span> <span class='ocrx_word' id='word_1_316' title='bbox 1958 2844 2110 2913; x_wconf 83' lang='lat' dir='ltr'><strong>prius</strong></span> 
     </span>
    </p>
   </div>
   <div class='ocr_carea' id='block_1_52' title="bbox 535 2937 2118 3011">
    <p class='ocr_par' dir='ltr' id='par_1_52' title="bbox 535 2937 2118 3011">
     <span class='ocr_line' id='line_1_52' title="bbox 535 2937 2118 3011; baseline -0.004 -16"><span class='ocrx_word' id='word_1_317' title='bbox 535 2943 869 3011; x_wconf 86' lang='lat' dir='ltr'><strong>persuadeas</strong></span> <span class='ocrx_word' id='word_1_318' title='bbox 901 2954 1128 3009; x_wconf 87' lang='lat' dir='ltr'><strong>regnum</strong></span> <span class='ocrx_word' id='word_1_319' title='bbox 1162 2952 1285 2994; x_wconf 86' lang='lat' dir='ltr'><strong>esse</strong></span> <span class='ocrx_word' id='word_1_320' title='bbox 1316 2938 1606 3003; x_wconf 75' lang='lat' dir='ltr'><strong>caelorum,</strong></span> <span class='ocrx_word' id='word_1_321' title='bbox 1644 2937 1775 3007; x_wconf 17' lang='lat' dir='ltr'><strong>ejus.</strong></span> <span class='ocrx_word' id='word_1_322' title='bbox 1796 2938 2118 3005; x_wconf 82' lang='lat' dir='ltr'><strong>ingenerare</strong></span> 
     </span>
    </p>
   </div>
   <div class='ocr_carea' id='block_1_53' title="bbox 538 3044 1065 3102">
    <p class='ocr_par' dir='ltr' id='par_1_53' title="bbox 538 3044 1065 3102">
     <span class='ocr_line' id='line_1_53' title="bbox 538 3044 1065 3102; baseline -0.004 -15"><span class='ocrx_word' id='word_1_323' title='bbox 538 3047 776 3102; x_wconf 87' lang='lat' dir='ltr'><strong>nequeas</strong></span> <span class='ocrx_word' id='word_1_324' title='bbox 803 3044 1065 3086; x_wconf 87' lang='lat' dir='ltr'><strong>amorem.</strong></span> 
     </span>
    </p>
   </div>
   <div class='ocr_carea' id='block_1_54' title="bbox 635 3160 2018 3221">
    <p class='ocr_par' dir='ltr' id='par_1_54' title="bbox 635 3160 2018 3221">
     <span class='ocr_line' id='line_1_54' title="bbox 635 3160 2018 3221; baseline -0.001 -2"><span class='ocrx_word' id='word_1_325' title='bbox 635 3164 791 3221; x_wconf 82' lang='lat' dir='ltr'><strong>XLII.</strong></span> <span class='ocrx_word' id='word_1_326' title='bbox 820 3191 891 3205; x_wconf 74' lang='lat'><strong>—--</strong></span> <span class='ocrx_word' id='word_1_327' title='bbox 919 3164 1143 3219; x_wconf 83' lang='lat' dir='ltr'><strong>ALIPIO</strong></span> <span class='ocrx_word' id='word_1_328' title='bbox 1180 3164 1392 3218; x_wconf 67' lang='lat' dir='ltr'><strong>REIIP.</strong></span> <span class='ocrx_word' id='word_1_329' title='bbox 1437 3160 1865 3217; x_wconf 78' lang='lat' dir='ltr'><strong>ADMINISTRA</strong></span> <span class='ocrx_word' id='word_1_330' title='bbox 1880 3161 2018 3220; x_wconf 83' lang='lat' dir='ltr'><strong>N&#39;I&#39;I.</strong></span> 
     </span>
    </p>
   </div>
   <div class='ocr_carea' id='block_1_55' title="bbox 2293 2759 3769 2834">
    <p class='ocr_par' dir='ltr' id='par_1_55' title="bbox 2293 2759 3769 2834">
     <span class='ocr_line' id='line_1_55' title="bbox 2293 2759 3769 2834; baseline 0.004 -24"><span class='ocrx_word' id='word_1_331' title='bbox 2293 2759 2491 2829; x_wconf 81' lang='grc' dir='ltr'>Μωρία</span> <span class='ocrx_word' id='word_1_332' title='bbox 2523 2759 2671 2812; x_wconf 84' lang='grc' dir='ltr'>δοκεῖ</span> <span class='ocrx_word' id='word_1_333' title='bbox 2696 2760 2775 2829; x_wconf 85' lang='grc' dir='ltr'><strong>τῷ</strong></span> <span class='ocrx_word' id='word_1_334' title='bbox 2804 2760 3019 2831; x_wconf 76' lang='grc' dir='ltr'>ψυχικῷ</span> <span class='ocrx_word' id='word_1_335' title='bbox 3038 2761 3310 2834; x_wconf 82' lang='grc' dir='ltr'>ἀνθρώπῳ</span> <span class='ocrx_word' id='word_1_336' title='bbox 3338 2763 3408 2815; x_wconf 87' lang='grc' dir='ltr'><strong>τά</strong></span> <span class='ocrx_word' id='word_1_337' title='bbox 3432 2763 3575 2816; x_wconf 66' lang='grc' dir='ltr'>θεῖον</span> <span class='ocrx_word' id='word_1_338' title='bbox 3608 2762 3769 2831; x_wconf 76' lang='grc' dir='ltr'>ἐπειδὴ</span> 
     </span>
    </p>
   </div>
   <div class='ocr_carea' id='block_1_56' title="bbox 2222 2846 3770 2922">
    <p class='ocr_par' dir='ltr' id='par_1_56' title="bbox 2222 2846 3770 2922">
     <span class='ocr_line' id='line_1_56' title="bbox 2222 2846 3770 2922; baseline 0.003 -23"><span class='ocrx_word' id='word_1_339' title='bbox 2222 2846 2302 2916; x_wconf 83' lang='grc' dir='ltr'>τῷ</span> <span class='ocrx_word' id='word_1_340' title='bbox 2328 2847 2387 2899; x_wconf 87' lang='grc' dir='ltr'><strong>οὐ</strong></span> <span class='ocrx_word' id='word_1_341' title='bbox 2437 2848 2642 2900; x_wconf 75' lang='grc' dir='ltr'>θελόντι</span> <span class='ocrx_word' id='word_1_342' title='bbox 2683 2849 2968 2919; x_wconf 85' lang='grc' dir='ltr'>πεισθῆναι</span> <span class='ocrx_word' id='word_1_343' title='bbox 3018 2852 3304 2922; x_wconf 77' lang='grc' dir='ltr'>πρότερον,</span> <span class='ocrx_word' id='word_1_344' title='bbox 3346 2854 3426 2905; x_wconf 87' lang='grc' dir='ltr'>ὅτι</span> <span class='ocrx_word' id='word_1_345' title='bbox 3480 2855 3513 2922; x_wconf 90' lang='grc' dir='ltr'>ἠ</span> <span class='ocrx_word' id='word_1_346' title='bbox 3560 2853 3770 2922; x_wconf 76' lang='grc' dir='ltr'>βασιλεία</span> 
     </span>
    </p>
   </div>
   <div class='ocr_carea' id='block_1_57' title="bbox 2225 2937 3769 3015">
    <p class='ocr_par' dir='ltr' id='par_1_57' title="bbox 2225 2937 3769 3015">
     <span class='ocr_line' id='line_1_57' title="bbox 2225 2937 3769 3015; baseline 0.003 -26"><span class='ocrx_word' id='word_1_347' title='bbox 2225 2937 2334 2991; x_wconf 84' lang='grc' dir='ltr'><strong>τῶν</strong></span> <span class='ocrx_word' id='word_1_348' title='bbox 2359 2938 2606 3009; x_wconf 83' lang='grc' dir='ltr'>οὐρανῶν</span> <span class='ocrx_word' id='word_1_349' title='bbox 2626 2939 2954 3009; x_wconf 73' lang='grc' dir='ltr'>ὑφέστηκεν,</span> <span class='ocrx_word' id='word_1_350' title='bbox 2984 2940 3165 3011; x_wconf 82' lang='grc' dir='ltr'>ἔρωτα</span> <span class='ocrx_word' id='word_1_351' title='bbox 3193 2942 3366 3011; x_wconf 85' lang='grc' dir='ltr'>αὐτῆς</span> <span class='ocrx_word' id='word_1_352' title='bbox 3389 2943 3641 3015; x_wconf 74' lang='grc' dir='ltr'>τεχθῆναι</span> <span class='ocrx_word' id='word_1_353' title='bbox 3664 2941 3769 2996; x_wconf 75' lang='grc' dir='ltr'>ἀδύ-</span> 
     </span>
    </p>
   </div>
   <div class='ocr_carea' id='block_1_58' title="bbox 2227 3040 2407 3076">
    <p class='ocr_par' dir='ltr' id='par_1_58' title="bbox 2227 3040 2407 3076">
     <span class='ocr_line' id='line_1_58' title="bbox 2227 3040 2407 3076; baseline 0 0"><span class='ocrx_word' id='word_1_354' title='bbox 2227 3040 2407 3076; x_wconf 85' lang='grc' dir='ltr'>νατον.</span> 
     </span>
    </p>
   </div>
   <div class='ocr_carea' id='block_1_59' title="bbox 2440 3156 3573 3237">
    <p class='ocr_par' dir='ltr' id='par_1_59' title="bbox 2440 3156 3573 3237">
     <span class='ocr_line' id='line_1_59' title="bbox 2440 3156 3573 3237; baseline 0.008 -26"><span class='ocrx_word' id='word_1_355' title='bbox 2440 3156 2572 3211; x_wconf 85' lang='lat' dir='ltr'><strong>MB&#39;.</strong></span> <span class='ocrx_word' id='word_1_356' title='bbox 2612 3187 2683 3199; x_wconf 91' lang='lat'><strong><em>—</em></strong></span> <span class='ocrx_word' id='word_1_357' title='bbox 2715 3158 2972 3232; x_wconf 83' lang='grc' dir='ltr'><strong>ΑΛΥΠΙῼ</strong></span> <span class='ocrx_word' id='word_1_358' title='bbox 3012 3161 3573 3237; x_wconf 78' lang='grc' dir='ltr'><strong>ΠΟΛΙΤΕΥΟΜΕΝῼ.</strong></span> 
     </span>
    </p>
   </div>
   <div class='ocr_carea' id='block_1_60' title="bbox 1555 3266 2783 3340">
    <p class='ocr_par' dir='ltr' id='par_1_60' title="bbox 1555 3266 2783 3340">
     <span class='ocr_line' id='line_1_60' title="bbox 1555 3266 2783 3340; baseline -0.001 -18"><span class='ocrx_word' id='word_1_359' title='bbox 1555 3269 1733 3324; x_wconf 79' lang='lat' dir='ltr'><strong>Pcena:</strong></span> <span class='ocrx_word' id='word_1_360' title='bbox 1759 3272 1895 3325; x_wconf 81' lang='lat' dir='ltr'><strong>lente</strong></span> <span class='ocrx_word' id='word_1_361' title='bbox 1924 3282 2046 3325; x_wconf 82' lang='lat' dir='ltr'><strong>sunt</strong></span> <span class='ocrx_word' id='word_1_362' title='bbox 2079 3271 2369 3340; x_wconf 74' lang='lat' dir='ltr'><strong>exigendw.</strong></span> <span class='ocrx_word' id='word_1_363' title='bbox 2399 3266 2513 3336; x_wconf 66' lang='lat' dir='ltr'><strong>In].</strong></span> <span class='ocrx_word' id='word_1_364' title='bbox 2545 3284 2625 3337; x_wconf 84' lang='lat' dir='ltr'><strong>ep.</strong></span> <span class='ocrx_word' id='word_1_365' title='bbox 2658 3267 2783 3322; x_wconf 72' lang='lat'><strong>207.</strong></span> 
     </span>
    </p>
   </div>
   <div class='ocr_carea' id='block_1_61' title="bbox 613 3383 2120 3453">
    <p class='ocr_par' dir='ltr' id='par_1_61' title="bbox 613 3383 2120 3453">
     <span class='ocr_line' id='line_1_61' title="bbox 613 3383 2120 3453; baseline -0.008 -6"><span class='ocrx_word' id='word_1_366' title='bbox 613 3390 789 3447; x_wconf 79' lang='lat' dir='ltr'><strong>Grave</strong></span> <span class='ocrx_word' id='word_1_367' title='bbox 814 3394 897 3442; x_wconf 86' lang='lat' dir='ltr'><strong>est</strong></span> <span class='ocrx_word' id='word_1_368' title='bbox 933 3401 1038 3440; x_wconf 91' lang='lat' dir='ltr'><strong>non</strong></span> <span class='ocrx_word' id='word_1_369' title='bbox 1068 3386 1220 3440; x_wconf 85' lang='lat' dir='ltr'><strong>tarde</strong></span> <span class='ocrx_word' id='word_1_370' title='bbox 1252 3398 1439 3453; x_wconf 87' lang='lat' dir='ltr'><strong>poenas</strong></span> <span class='ocrx_word' id='word_1_371' title='bbox 1468 3383 1600 3439; x_wconf 89' lang='lat' dir='ltr'><strong>dare</strong></span> <span class='ocrx_word' id='word_1_372' title='bbox 1630 3398 1775 3448; x_wconf 89' lang='lat' dir='ltr'><strong>eum,</strong></span> <span class='ocrx_word' id='word_1_373' title='bbox 1810 3383 1901 3451; x_wconf 87' lang='lat' dir='ltr'><strong>qui</strong></span> <span class='ocrx_word' id='word_1_374' title='bbox 1950 3394 2026 3446; x_wconf 89' lang='lat' dir='ltr'><strong>te,</strong></span> <span class='ocrx_word' id='word_1_375' title='bbox 2061 3396 2120 3436; x_wconf 88' lang='lat' dir='ltr'><strong>ut</strong></span> 
     </span>
    </p>
   </div>
   <div class='ocr_carea' id='block_1_62' title="bbox 545 3473 2122 3544">
    <p class='ocr_par' dir='ltr' id='par_1_62' title="bbox 545 3473 2122 3544">
     <span class='ocr_line' id='line_1_62' title="bbox 545 3473 2122 3544; baseline -0.01 -4"><span class='ocrx_word' id='word_1_376' title='bbox 545 3482 759 3544; x_wconf 84' lang='lat' dir='ltr'><strong>scribis,</strong></span> <span class='ocrx_word' id='word_1_377' title='bbox 808 3478 988 3532; x_wconf 77' lang='lat' dir='ltr'><strong>affecit</strong></span> <span class='ocrx_word' id='word_1_378' title='bbox 1034 3475 1257 3544; x_wconf 85' lang='lat' dir='ltr'><strong>injuria,</strong></span> <span class='ocrx_word' id='word_1_379' title='bbox 1306 3475 1399 3529; x_wconf 89' lang='lat' dir='ltr'><strong>sed</strong></span> <span class='ocrx_word' id='word_1_380' title='bbox 1452 3473 1632 3543; x_wconf 91' lang='lat' dir='ltr'><strong>potius</strong></span> <span class='ocrx_word' id='word_1_381' title='bbox 1685 3487 1831 3539; x_wconf 90' lang='lat' dir='ltr'><strong>eum,</strong></span> <span class='ocrx_word' id='word_1_382' title='bbox 1878 3474 1967 3542; x_wconf 90' lang='lat' dir='ltr'><strong>qui</strong></span> <span class='ocrx_word' id='word_1_383' title='bbox 2014 3473 2122 3526; x_wconf 92' lang='lat' dir='ltr'><strong>cito</strong></span> 
     </span>
    </p>
   </div>
   <div class='ocr_carea' id='block_1_63' title="bbox 543 3562 2119 3644">
    <p class='ocr_par' dir='ltr' id='par_1_63' title="bbox 543 3562 2119 3644">
     <span class='ocr_line' id='line_1_63' title="bbox 543 3562 2119 3644; baseline -0.006 -17"><span class='ocrx_word' id='word_1_384' title='bbox 543 3587 738 3644; x_wconf 66' lang='lat' dir='ltr'><strong>pinnas</strong></span> <span class='ocrx_word' id='word_1_385' title='bbox 785 3568 1064 3640; x_wconf 81' lang='lat' dir='ltr'><strong>persolvit,</strong></span> <span class='ocrx_word' id='word_1_386' title='bbox 1114 3567 1306 3629; x_wconf 85' lang='lat' dir='ltr'><strong>videri,</strong></span> <span class='ocrx_word' id='word_1_387' title='bbox 1367 3573 1552 3635; x_wconf 90' lang='lat' dir='ltr'><strong>postea</strong></span> <span class='ocrx_word' id='word_1_388' title='bbox 1604 3563 1858 3632; x_wconf 83' lang='lat' dir='ltr'><strong>injuriam</strong></span> <span class='ocrx_word' id='word_1_389' title='bbox 1920 3562 2119 3617; x_wconf 91' lang='lat' dir='ltr'><strong>nullam</strong></span> 
     </span>
    </p>
   </div>
   <div class='ocr_carea' id='block_1_64' title="bbox 546 3651 2120 3724">
    <p class='ocr_par' dir='ltr' id='par_1_64' title="bbox 546 3651 2120 3724">
     <span class='ocr_line' id='line_1_64' title="bbox 546 3651 2120 3724; baseline -0.007 -6"><span class='ocrx_word' id='word_1_390' title='bbox 546 3660 833 3724; x_wconf 75' lang='lat' dir='ltr'><strong>intulisse,</strong></span> <span class='ocrx_word' id='word_1_391' title='bbox 860 3667 919 3713; x_wconf 92' lang='lat' dir='ltr'><strong>ut</strong></span> <span class='ocrx_word' id='word_1_392' title='bbox 963 3655 1161 3711; x_wconf 85' lang='lat' dir='ltr'><strong>accidit</strong></span> <span class='ocrx_word' id='word_1_393' title='bbox 1201 3668 1592 3724; x_wconf 66' lang='lat' dir='ltr'><strong>saepenumero.</strong></span> <span class='ocrx_word' id='word_1_394' title='bbox 1645 3651 2008 3719; x_wconf 78' lang='lat' dir='ltr'><strong>Quamobrem</strong></span> <span class='ocrx_word' id='word_1_395' title='bbox 2051 3653 2120 3707; x_wconf 91' lang='lat' dir='ltr'><strong>ab</strong></span> 
     </span>
    </p>
   </div>
   <div class='ocr_carea' id='block_1_65' title="bbox 547 3744 2124 3823">
    <p class='ocr_par' dir='ltr' id='par_1_65' title="bbox 547 3744 2124 3823">
     <span class='ocr_line' id='line_1_65' title="bbox 547 3744 2124 3823; baseline -0.008 -14"><span class='ocrx_word' id='word_1_396' title='bbox 547 3768 612 3810; x_wconf 91' lang='lat' dir='ltr'><strong>eo</strong></span> <span class='ocrx_word' id='word_1_397' title='bbox 640 3766 827 3823; x_wconf 59' lang='lat' dir='ltr'><strong>poenas</strong></span> <span class='ocrx_word' id='word_1_398' title='bbox 855 3751 1072 3820; x_wconf 79' lang='lat' dir='ltr'><strong>exigere</strong></span> <span class='ocrx_word' id='word_1_399' title='bbox 1115 3747 1221 3801; x_wconf 87' lang='lat' dir='ltr'><strong>noli</strong></span> <span class='ocrx_word' id='word_1_400' title='bbox 1266 3746 1610 3809; x_wconf 88' lang='lat' dir='ltr'><strong>festinanter,</strong></span> <span class='ocrx_word' id='word_1_401' title='bbox 1641 3744 1735 3799; x_wconf 88' lang='lat' dir='ltr'><strong>sed</strong></span> <span class='ocrx_word' id='word_1_402' title='bbox 1769 3746 2011 3812; x_wconf 83' lang='lat' dir='ltr'><strong>expende</strong></span> <span class='ocrx_word' id='word_1_403' title='bbox 2039 3744 2124 3798; x_wconf 89' lang='lat' dir='ltr'><strong>di-</strong></span> 
     </span>
    </p>
   </div>
   <div class='ocr_carea' id='block_1_66' title="bbox 548 3837 2125 3917">
    <p class='ocr_par' dir='ltr' id='par_1_66' title="bbox 548 3837 2125 3917">
     <span class='ocr_line' id='line_1_66' title="bbox 548 3837 2125 3917; baseline -0.008 -16"><span class='ocrx_word' id='word_1_404' title='bbox 548 3847 779 3917; x_wconf 89' lang='lat' dir='ltr'><strong>ligenter</strong></span> <span class='ocrx_word' id='word_1_405' title='bbox 815 3858 883 3897; x_wconf 89' lang='lat' dir='ltr'><strong>an</strong></span> <span class='ocrx_word' id='word_1_406' title='bbox 936 3855 1122 3897; x_wconf 88' lang='lat' dir='ltr'><strong>revera</strong></span> <span class='ocrx_word' id='word_1_407' title='bbox 1160 3840 1364 3896; x_wconf 64' lang='lat' dir='ltr'><strong>laeserit</strong></span> <span class='ocrx_word' id='word_1_408' title='bbox 1396 3856 1409 3893; x_wconf 88' lang='lat'><strong>:</strong></span> <span class='ocrx_word' id='word_1_409' title='bbox 1442 3839 1593 3907; x_wconf 85' lang='lat' dir='ltr'><strong>quod</strong></span> <span class='ocrx_word' id='word_1_410' title='bbox 1625 3837 1767 3890; x_wconf 91' lang='lat' dir='ltr'><strong>enim</strong></span> <span class='ocrx_word' id='word_1_411' title='bbox 1817 3843 2031 3889; x_wconf 86' lang='lat' dir='ltr'><strong>mature</strong></span> <span class='ocrx_word' id='word_1_412' title='bbox 2071 3846 2125 3890; x_wconf 88' lang='lat' dir='ltr'><strong>et</strong></span> 
     </span>
    </p>
   </div>
   <div class='ocr_carea' id='block_1_67' title="bbox 552 3926 2128 3999">
    <p class='ocr_par' dir='ltr' id='par_1_67' title="bbox 552 3926 2128 3999">
     <span class='ocr_line' id='line_1_67' title="bbox 552 3926 2128 3999; baseline -0.008 -4"><span class='ocrx_word' id='word_1_413' title='bbox 552 3944 805 3994; x_wconf 85' lang='lat' dir='ltr'><strong>accurate</strong></span> <span class='ocrx_word' id='word_1_414' title='bbox 838 3949 952 3989; x_wconf 89' lang='lat' dir='ltr'><strong>rem</strong></span> <span class='ocrx_word' id='word_1_415' title='bbox 981 3932 1253 3999; x_wconf 80' lang='lat' dir='ltr'><strong>excutias,</strong></span> <span class='ocrx_word' id='word_1_416' title='bbox 1293 3928 1429 3985; x_wconf 87' lang='lat' dir='ltr'><strong>nihil</strong></span> <span class='ocrx_word' id='word_1_417' title='bbox 1463 3928 1589 3984; x_wconf 91' lang='lat' dir='ltr'><strong>inde</strong></span> <span class='ocrx_word' id='word_1_418' title='bbox 1621 3928 1714 3982; x_wconf 88' lang='lat' dir='ltr'><strong>tibi</strong></span> <span class='ocrx_word' id='word_1_419' title='bbox 1744 3926 1925 3982; x_wconf 87' lang='lat' dir='ltr'><strong>damni</strong></span> <span class='ocrx_word' id='word_1_420' title='bbox 1971 3942 2128 3982; x_wconf 85' lang='lat' dir='ltr'><strong>acce-</strong></span> 
     </span>
    </p>
   </div>
   <div class='ocr_carea' id='block_1_68' title="bbox 551 4018 2124 4095">
    <p class='ocr_par' dir='ltr' id='par_1_68' title="bbox 551 4018 2124 4095">
     <span class='ocr_line' id='line_1_68' title="bbox 551 4018 2124 4095; baseline -0.008 -10"><span class='ocrx_word' id='word_1_421' title='bbox 551 4031 661 4095; x_wconf 84' lang='lat' dir='ltr'><strong>dat,</strong></span> <span class='ocrx_word' id='word_1_422' title='bbox 700 4027 794 4084; x_wconf 85' lang='lat' dir='ltr'><strong>sed</strong></span> <span class='ocrx_word' id='word_1_423' title='bbox 823 4029 868 4081; x_wconf 90' lang='lat' dir='ltr'><strong>si</strong></span> <span class='ocrx_word' id='word_1_424' title='bbox 910 4027 1086 4081; x_wconf 88' lang='lat' dir='ltr'><strong>virum</strong></span> <span class='ocrx_word' id='word_1_425' title='bbox 1121 4025 1460 4078; x_wconf 91' lang='lat' dir='ltr'><strong>innocentem</strong></span> <span class='ocrx_word' id='word_1_426' title='bbox 1490 4033 1681 4088; x_wconf 87' lang='lat' dir='ltr'><strong>poenas</strong></span> <span class='ocrx_word' id='word_1_427' title='bbox 1710 4018 1841 4072; x_wconf 90' lang='lat' dir='ltr'><strong>dare</strong></span> <span class='ocrx_word' id='word_1_428' title='bbox 1883 4033 2124 4086; x_wconf 69' lang='lat' dir='ltr'><strong>praepro-</strong></span> 
     </span>
    </p>
   </div>
   <div class='ocr_carea' id='block_1_69' title="bbox 552 4110 2123 4189">
    <p class='ocr_par' dir='ltr' id='par_1_69' title="bbox 552 4110 2123 4189">
     <span class='ocr_line' id='line_1_69' title="bbox 552 4110 2123 4189; baseline -0.009 -13"><span class='ocrx_word' id='word_1_429' title='bbox 552 4134 681 4189; x_wconf 87' lang='lat' dir='ltr'><strong>pere</strong></span> <span class='ocrx_word' id='word_1_430' title='bbox 724 4131 909 4188; x_wconf 87' lang='lat' dir='ltr'><strong>coges,</strong></span> <span class='ocrx_word' id='word_1_431' title='bbox 959 4116 1149 4183; x_wconf 83' lang='lat' dir='ltr'><strong>ingens</strong></span> <span class='ocrx_word' id='word_1_432' title='bbox 1192 4110 1441 4166; x_wconf 88' lang='lat' dir='ltr'><strong>accidere</strong></span> <span class='ocrx_word' id='word_1_433' title='bbox 1487 4110 1872 4164; x_wconf 90' lang='lat' dir='ltr'><strong>detrimentum</strong></span> <span class='ocrx_word' id='word_1_434' title='bbox 1904 4110 2123 4176; x_wconf 84' lang='lat' dir='ltr'><strong>poterit.</strong></span> 
     </span>
    </p>
   </div>
   <div class='ocr_carea' id='block_1_70' title="bbox 742 4218 1924 4284">
    <p class='ocr_par' dir='ltr' id='par_1_70' title="bbox 742 4218 1924 4284">
     <span class='ocr_line' id='line_1_70' title="bbox 742 4218 1924 4284; baseline -0.009 0"><span class='ocrx_word' id='word_1_435' title='bbox 742 4228 927 4284; x_wconf 73' lang='lat' dir='ltr'><strong>XLIII.</strong></span> <span class='ocrx_word' id='word_1_436' title='bbox 958 4257 1028 4268; x_wconf 96' lang='lat'><strong>—</strong></span> <span class='ocrx_word' id='word_1_437' title='bbox 1055 4221 1427 4282; x_wconf 77' lang='lat' dir='ltr'><strong>DOROTHEO</strong></span> <span class='ocrx_word' id='word_1_438' title='bbox 1466 4219 1633 4276; x_wconf 66' lang='lat' dir='ltr'><strong>VIIIO</strong></span> <span class='ocrx_word' id='word_1_439' title='bbox 1671 4218 1924 4275; x_wconf 79' lang='lat' dir='ltr'><strong>CLARO.</strong></span> 
     </span>
    </p>
   </div>
   <div class='ocr_carea' id='block_1_71' title="bbox 2300 3382 3771 3455">
    <p class='ocr_par' dir='ltr' id='par_1_71' title="bbox 2300 3382 3771 3455">
     <span class='ocr_line' id='line_1_71' title="bbox 2300 3382 3771 3455; baseline 0.003 -20"><span class='ocrx_word' id='word_1_440' title='bbox 2300 3384 2479 3437; x_wconf 75' lang='grc' dir='ltr'>Δεινδν</span> <span class='ocrx_word' id='word_1_441' title='bbox 2513 3385 2574 3437; x_wconf 79' lang='grc' dir='ltr'>οὐ</span> <span class='ocrx_word' id='word_1_442' title='bbox 2601 3384 2662 3436; x_wconf 82' lang='grc' dir='ltr'><strong>τὸ</strong></span> <span class='ocrx_word' id='word_1_443' title='bbox 2694 3383 2914 3454; x_wconf 78' lang='grc' dir='ltr'>βράδιον</span> <span class='ocrx_word' id='word_1_444' title='bbox 2941 3382 3052 3454; x_wconf 79' lang='grc'><strong>(65)</strong></span> <span class='ocrx_word' id='word_1_445' title='bbox 3082 3382 3265 3437; x_wconf 83' lang='grc' dir='ltr'>δοῦναι</span> <span class='ocrx_word' id='word_1_446' title='bbox 3290 3385 3449 3455; x_wconf 86' lang='grc' dir='ltr'>δίκην</span> <span class='ocrx_word' id='word_1_447' title='bbox 3480 3385 3571 3439; x_wconf 82' lang='grc' dir='ltr'><strong>τὸν</strong></span> <span class='ocrx_word' id='word_1_448' title='bbox 3598 3387 3667 3448; x_wconf 78' lang='grc' dir='ltr'>ὡς</span> <span class='ocrx_word' id='word_1_449' title='bbox 3686 3385 3771 3455; x_wconf 64' lang='grc' dir='ltr'><strong>φῄς</strong></span> 
     </span>
    </p>
   </div>
   <div class='ocr_carea' id='block_1_72' title="bbox 2230 3471 3771 3547">
    <p class='ocr_par' dir='ltr' id='par_1_72' title="bbox 2230 3471 3771 3547">
     <span class='ocr_line' id='line_1_72' title="bbox 2230 3471 3771 3547; baseline -0.001 -19"><span class='ocrx_word' id='word_1_450' title='bbox 2230 3493 2290 3528; x_wconf 88' lang='grc' dir='ltr'><strong>σε</strong></span> <span class='ocrx_word' id='word_1_451' title='bbox 2322 3475 2647 3545; x_wconf 81' lang='grc' dir='ltr'>ἠδικηκότα,</span> <span class='ocrx_word' id='word_1_452' title='bbox 2680 3473 2817 3527; x_wconf 89' lang='grc' dir='ltr'><strong>ἀλλά</strong></span> <span class='ocrx_word' id='word_1_453' title='bbox 2844 3473 2905 3525; x_wconf 84' lang='grc' dir='ltr'><strong>τὸ</strong></span> <span class='ocrx_word' id='word_1_454' title='bbox 2932 3471 3121 3543; x_wconf 87' lang='grc' dir='ltr'>τάχιον</span> <span class='ocrx_word' id='word_1_455' title='bbox 3149 3474 3329 3538; x_wconf 86' lang='grc' dir='ltr'>δόντα,</span> <span class='ocrx_word' id='word_1_456' title='bbox 3366 3477 3603 3547; x_wconf 84' lang='grc' dir='ltr'>φανῆναι</span> <span class='ocrx_word' id='word_1_457' title='bbox 3640 3476 3771 3527; x_wconf 81' lang='grc' dir='ltr'>ὕστε-</span> 
     </span>
    </p>
   </div>
   <div class='ocr_carea' id='block_1_73' title="bbox 2230 3564 3771 3637">
    <p class='ocr_par' dir='ltr' id='par_1_73' title="bbox 2230 3564 3771 3637">
     <span class='ocr_line' id='line_1_73' title="bbox 2230 3564 3771 3637; baseline 0 -20"><span class='ocrx_word' id='word_1_458' title='bbox 2230 3581 2321 3635; x_wconf 93' lang='grc' dir='ltr'><strong>ρον</strong></span> <span class='ocrx_word' id='word_1_459' title='bbox 2349 3564 2423 3634; x_wconf 84' lang='grc' dir='ltr'>μὴ</span> <span class='ocrx_word' id='word_1_460' title='bbox 2447 3564 2797 3633; x_wconf 73' lang='grc' dir='ltr'>ἀδικήσαντα,</span> <span class='ocrx_word' id='word_1_461' title='bbox 2819 3564 2955 3634; x_wconf 85' lang='grc' dir='ltr'>ὅπερ</span> <span class='ocrx_word' id='word_1_462' title='bbox 2976 3564 3237 3627; x_wconf 80' lang='grc' dir='ltr'>πολλάκις</span> <span class='ocrx_word' id='word_1_463' title='bbox 3259 3565 3486 3636; x_wconf 71' lang='grc' dir='ltr'>συνέϐηο</span> <span class='ocrx_word' id='word_1_464' title='bbox 3515 3568 3584 3637; x_wconf 84' lang='grc' dir='ltr'>μὴ</span> <span class='ocrx_word' id='word_1_465' title='bbox 3607 3565 3771 3617; x_wconf 77' lang='grc' dir='ltr'>σπεῦδε</span> 
     </span>
    </p>
   </div>
   <div class='ocr_carea' id='block_1_74' title="bbox 2226 3654 3771 3726">
    <p class='ocr_par' dir='ltr' id='par_1_74' title="bbox 2226 3654 3771 3726">
     <span class='ocr_line' id='line_1_74' title="bbox 2226 3654 3771 3726; baseline 0.001 -19"><span class='ocrx_word' id='word_1_466' title='bbox 2226 3656 2514 3726; x_wconf 79' lang='grc' dir='ltr'>τοιγαροῦν</span> <span class='ocrx_word' id='word_1_467' title='bbox 2556 3656 2647 3707; x_wconf 75' lang='grc' dir='ltr'>ἐπὶ</span> <span class='ocrx_word' id='word_1_468' title='bbox 2673 3654 2733 3707; x_wconf 85' lang='grc' dir='ltr'><strong>τὸ</strong></span> <span class='ocrx_word' id='word_1_469' title='bbox 2778 3655 2937 3725; x_wconf 86' lang='grc' dir='ltr'>δίκην</span> <span class='ocrx_word' id='word_1_470' title='bbox 2967 3655 3304 3726; x_wconf 83' lang='grc' dir='ltr'>ἀπαιτῆσαι,</span> <span class='ocrx_word' id='word_1_471' title='bbox 3346 3658 3462 3710; x_wconf 82' lang='grc' dir='ltr'>ἀλλ’</span> <span class='ocrx_word' id='word_1_472' title='bbox 3507 3660 3595 3711; x_wconf 75' lang='grc' dir='ltr'><strong>ἐπὶ</strong></span> <span class='ocrx_word' id='word_1_473' title='bbox 3617 3658 3672 3711; x_wconf 81' lang='grc' dir='ltr'>τὸ</span> <span class='ocrx_word' id='word_1_474' title='bbox 3703 3657 3771 3708; x_wconf 76' lang='grc' dir='ltr'>δο-</span> 
     </span>
    </p>
   </div>
   <div class='ocr_carea' id='block_1_75' title="bbox 2230 3746 3772 3822">
    <p class='ocr_par' dir='ltr' id='par_1_75' title="bbox 2230 3746 3772 3822">
     <span class='ocr_line' id='line_1_75' title="bbox 2230 3746 3772 3822; baseline 0 -23"><span class='ocrx_word' id='word_1_475' title='bbox 2230 3748 2456 3815; x_wconf 85' lang='grc' dir='ltr'>κιμάσαι</span> <span class='ocrx_word' id='word_1_476' title='bbox 2486 3748 2533 3799; x_wconf 82' lang='grc' dir='ltr'><strong>εί</strong></span> <span class='ocrx_word' id='word_1_477' title='bbox 2562 3746 2776 3817; x_wconf 85' lang='grc' dir='ltr'>ἀληθῶς</span> <span class='ocrx_word' id='word_1_478' title='bbox 2804 3748 3066 3819; x_wconf 74' lang='grc' dir='ltr'>ἠδίκηκεν</span> <span class='ocrx_word' id='word_1_479' title='bbox 3088 3789 3103 3814; x_wconf 91' lang='grc'><strong>,</strong></span> <span class='ocrx_word' id='word_1_480' title='bbox 3137 3748 3245 3801; x_wconf 84' lang='grc' dir='ltr'><strong>ἀπὸ</strong></span> <span class='ocrx_word' id='word_1_481' title='bbox 3279 3750 3377 3819; x_wconf 81' lang='grc' dir='ltr'><strong>μὲν</strong></span> <span class='ocrx_word' id='word_1_482' title='bbox 3411 3750 3527 3822; x_wconf 80' lang='grc' dir='ltr'>γὰρ</span> <span class='ocrx_word' id='word_1_483' title='bbox 3555 3750 3643 3804; x_wconf 79' lang='grc' dir='ltr'>τοῦ</span> <span class='ocrx_word' id='word_1_484' title='bbox 3668 3750 3772 3820; x_wconf 75' lang='grc' dir='ltr'>μελο</span> 
     </span>
    </p>
   </div>
   <div class='ocr_carea' id='block_1_76' title="bbox 2231 3838 3771 3913">
    <p class='ocr_par' dir='ltr' id='par_1_76' title="bbox 2231 3838 3771 3913">
     <span class='ocr_line' id='line_1_76' title="bbox 2231 3838 3771 3913; baseline 0.002 -23"><span class='ocrx_word' id='word_1_485' title='bbox 2231 3838 2441 3908; x_wconf 86' lang='grc' dir='ltr'>λησμοῦ</span> <span class='ocrx_word' id='word_1_486' title='bbox 2487 3839 2639 3891; x_wconf 74' lang='grc' dir='ltr'>οὐδὲν</span> <span class='ocrx_word' id='word_1_487' title='bbox 2671 3839 2917 3911; x_wconf 77' lang='grc' dir='ltr'>βλαϐήσῃ</span> <span class='ocrx_word' id='word_1_488' title='bbox 2937 3879 2951 3905; x_wconf 94' lang='grc'><strong>,</strong></span> <span class='ocrx_word' id='word_1_489' title='bbox 2997 3840 3104 3892; x_wconf 86' lang='grc' dir='ltr'><strong>ἀπὸ</strong></span> <span class='ocrx_word' id='word_1_490' title='bbox 3140 3840 3195 3892; x_wconf 76' lang='grc' dir='ltr'>δὲ</span> <span class='ocrx_word' id='word_1_491' title='bbox 3236 3839 3331 3893; x_wconf 83' lang='grc' dir='ltr'>τοῦ</span> <span class='ocrx_word' id='word_1_492' title='bbox 3377 3842 3580 3913; x_wconf 83' lang='grc' dir='ltr'>τάχους</span> <span class='ocrx_word' id='word_1_493' title='bbox 3603 3882 3616 3906; x_wconf 86' lang='grc'><strong>,</strong></span> <span class='ocrx_word' id='word_1_494' title='bbox 3646 3843 3686 3894; x_wconf 84' lang='grc' dir='ltr'><strong>εί</strong></span> <span class='ocrx_word' id='word_1_495' title='bbox 3712 3840 3771 3910; x_wconf 80' lang='grc' dir='ltr'><strong>μὴ</strong></span> 
     </span>
    </p>
   </div>
   <div class='ocr_carea' id='block_1_77' title="bbox 2232 3928 3683 4001">
    <p class='ocr_par' dir='ltr' id='par_1_77' title="bbox 2232 3928 3683 4001">
     <span class='ocr_line' id='line_1_77' title="bbox 2232 3928 3683 4001; baseline -0.002 -19"><span class='ocrx_word' id='word_1_496' title='bbox 2232 3928 2560 3999; x_wconf 82' lang='grc' dir='ltr'>ἀδικήσαντα</span> <span class='ocrx_word' id='word_1_497' title='bbox 2585 3928 2909 3998; x_wconf 80' lang='grc' dir='ltr'>ἀπαιτήσεις</span> <span class='ocrx_word' id='word_1_498' title='bbox 2931 3928 3109 3998; x_wconf 89' lang='grc' dir='ltr'>δίκην,</span> <span class='ocrx_word' id='word_1_499' title='bbox 3139 3929 3336 4000; x_wconf 79' lang='grc' dir='ltr'>κομιδῆ</span> <span class='ocrx_word' id='word_1_500' title='bbox 3365 3929 3683 4001; x_wconf 79' lang='grc' dir='ltr'>ἀδικηθήσῃ.</span> 
     </span>
    </p>
   </div>
   <div class='ocr_carea' id='block_1_78' title="bbox 2557 4214 3485 4288">
    <p class='ocr_par' dir='ltr' id='par_1_78' title="bbox 2557 4214 3485 4288">
     <span class='ocr_line' id='line_1_78' title="bbox 2557 4214 3485 4288; baseline 0.009 -21"><span class='ocrx_word' id='word_1_501' title='bbox 2557 4215 2687 4268; x_wconf 80' lang='lat' dir='ltr'><strong>MF’.</strong></span> <span class='ocrx_word' id='word_1_502' title='bbox 2728 4243 2800 4255; x_wconf 83' lang='grc'><strong><em>-</em></strong></span> <span class='ocrx_word' id='word_1_503' title='bbox 2833 4214 3138 4285; x_wconf 74' lang='grc' dir='ltr'><strong>ΑοΡοθΕᾳ</strong></span> <span class='ocrx_word' id='word_1_504' title='bbox 3172 4215 3485 4288; x_wconf 79' lang='grc' dir='ltr'><strong>ΛΛΜΠΙᾮ.</strong></span> 
     </span>
    </p>
   </div>
   <div class='ocr_carea' id='block_1_79' title="bbox 1113 4316 3225 4409">
    <p class='ocr_par' dir='ltr' id='par_1_79' title="bbox 1113 4316 3225 4409">
     <span class='ocr_line' id='line_1_79' title="bbox 1113 4316 3225 4409; baseline -0.005 -14"><span class='ocrx_word' id='word_1_505' title='bbox 1113 4340 1307 4409; x_wconf 80' lang='lat' dir='ltr'><strong>Ingens</strong></span> <span class='ocrx_word' id='word_1_506' title='bbox 1340 4336 1654 4405; x_wconf 77' lang='lat' dir='ltr'><strong>supplicium</strong></span> <span class='ocrx_word' id='word_1_507' title='bbox 1695 4343 1744 4388; x_wconf 81' lang='lat' dir='ltr'><strong>et</strong></span> <span class='ocrx_word' id='word_1_508' title='bbox 1781 4333 2067 4387; x_wconf 80' lang='lat' dir='ltr'><strong>tolerantia</strong></span> <span class='ocrx_word' id='word_1_509' title='bbox 2096 4345 2233 4400; x_wconf 71' lang='lat' dir='ltr'><strong>agre</strong></span> <span class='ocrx_word' id='word_1_510' title='bbox 2262 4331 2420 4382; x_wconf 84' lang='lat' dir='ltr'><strong>durat</strong></span> <span class='ocrx_word' id='word_1_511' title='bbox 2453 4330 2504 4381; x_wconf 86' lang='lat' dir='ltr'><strong>in</strong></span> <span class='ocrx_word' id='word_1_512' title='bbox 2539 4329 2637 4404; x_wconf 77' lang='lat' dir='ltr'><strong>hac</strong></span> <span class='ocrx_word' id='word_1_513' title='bbox 2664 4330 2786 4393; x_wconf 83' lang='lat' dir='ltr'><strong>vita,</strong></span> <span class='ocrx_word' id='word_1_514' title='bbox 2816 4316 2906 4383; x_wconf 74' lang='lat' dir='ltr'><strong>sed</strong></span> <span class='ocrx_word' id='word_1_515' title='bbox 2933 4330 2986 4383; x_wconf 85' lang='lat' dir='ltr'><strong>in</strong></span> <span class='ocrx_word' id='word_1_516' title='bbox 3021 4330 3225 4399; x_wconf 79' lang='lat' dir='ltr'><strong>futura.</strong></span> 
     </span>
    </p>
   </div>
   <div class='ocr_carea' id='block_1_80' title="bbox 626 4464 2132 4542">
    <p class='ocr_par' dir='ltr' id='par_1_80' title="bbox 626 4464 2132 4542">
     <span class='ocr_line' id='line_1_80' title="bbox 626 4464 2132 4542; baseline -0.011 -13"><span class='ocrx_word' id='word_1_517' title='bbox 626 4476 723 4529; x_wconf 77' lang='lat' dir='ltr'><strong>llic</strong></span> <span class='ocrx_word' id='word_1_518' title='bbox 768 4471 1007 4542; x_wconf 87' lang='lat' dir='ltr'><strong>quidem,</strong></span> <span class='ocrx_word' id='word_1_519' title='bbox 1063 4469 1147 4521; x_wconf 90' lang='lat' dir='ltr'><strong>vir</strong></span> <span class='ocrx_word' id='word_1_520' title='bbox 1196 4467 1423 4534; x_wconf 89' lang='lat' dir='ltr'><strong>optime,</strong></span> <span class='ocrx_word' id='word_1_521' title='bbox 1479 4464 1635 4519; x_wconf 87' lang='lat' dir='ltr'><strong>simul</strong></span> <span class='ocrx_word' id='word_1_522' title='bbox 1681 4464 1970 4518; x_wconf 84' lang='lat' dir='ltr'><strong>convenire</strong></span> <span class='ocrx_word' id='word_1_523' title='bbox 2023 4477 2132 4515; x_wconf 89' lang='lat' dir='ltr'><strong>non</strong></span> 
     </span>
    </p>
   </div>
   <div class='ocr_carea' id='block_1_81' title="bbox 556 4552 2132 4639">
    <p class='ocr_par' dir='ltr' id='par_1_81' title="bbox 556 4552 2132 4639">
     <span class='ocr_line' id='line_1_81' title="bbox 556 4552 2132 4639; baseline -0.012 -16"><span class='ocrx_word' id='word_1_524' title='bbox 556 4576 781 4639; x_wconf 68' lang='lat' dir='ltr'><strong>pos.~unt</strong></span> <span class='ocrx_word' id='word_1_525' title='bbox 823 4564 1014 4632; x_wconf 87' lang='lat' dir='ltr'><strong>ingens</strong></span> <span class='ocrx_word' id='word_1_526' title='bbox 1062 4558 1387 4627; x_wconf 80' lang='lat' dir='ltr'><strong>supplicium</strong></span> <span class='ocrx_word' id='word_1_527' title='bbox 1429 4571 1494 4611; x_wconf 89' lang='lat' dir='ltr'><strong>ac</strong></span> <span class='ocrx_word' id='word_1_528' title='bbox 1540 4555 1838 4620; x_wconf 87' lang='lat' dir='ltr'><strong>cruciatus,</strong></span> <span class='ocrx_word' id='word_1_529' title='bbox 1883 4563 1938 4609; x_wconf 92' lang='lat' dir='ltr'><strong>et</strong></span> <span class='ocrx_word' id='word_1_530' title='bbox 1973 4552 2132 4607; x_wconf 67' lang='lat' dir='ltr'><strong>susti»</strong></span> 
     </span>
    </p>
   </div>
   <div class='ocr_carea' id='block_1_82' title="bbox 554 4643 2133 4719">
    <p class='ocr_par' dir='ltr' id='par_1_82' title="bbox 554 4643 2133 4719">
     <span class='ocr_line' id='line_1_82' title="bbox 554 4643 2133 4719; baseline -0.009 -7"><span class='ocrx_word' id='word_1_531' title='bbox 554 4656 735 4712; x_wconf 86' lang='lat' dir='ltr'><strong>uentia</strong></span> <span class='ocrx_word' id='word_1_532' title='bbox 778 4667 874 4707; x_wconf 90' lang='lat' dir='ltr'><strong>seu</strong></span> <span class='ocrx_word' id='word_1_533' title='bbox 906 4648 1334 4719; x_wconf 87' lang='lat' dir='ltr'><strong>perseverantia.</strong></span> <span class='ocrx_word' id='word_1_534' title='bbox 1383 4646 1626 4701; x_wconf 86' lang='lat' dir='ltr'><strong>Alterum</strong></span> <span class='ocrx_word' id='word_1_535' title='bbox 1672 4646 1818 4701; x_wconf 87' lang='lat' dir='ltr'><strong>enim</strong></span> <span class='ocrx_word' id='word_1_536' title='bbox 1848 4643 2005 4704; x_wconf 82' lang='lat' dir='ltr'><strong>alteri</strong></span> <span class='ocrx_word' id='word_1_537' title='bbox 2045 4656 2133 4697; x_wconf 82' lang='lat' dir='ltr'><strong>re-</strong></span> 
     </span>
    </p>
   </div>
   <div class='ocr_carea' id='block_1_83' title="bbox 554 4735 2128 4819">
    <p class='ocr_par' dir='ltr' id='par_1_83' title="bbox 554 4735 2128 4819">
     <span class='ocr_line' id='line_1_83' title="bbox 554 4735 2128 4819; baseline -0.011 -17"><span class='ocrx_word' id='word_1_538' title='bbox 554 4755 780 4819; x_wconf 87' lang='lat' dir='ltr'><strong>pugnat,</strong></span> <span class='ocrx_word' id='word_1_539' title='bbox 808 4742 949 4813; x_wconf 88' lang='lat' dir='ltr'><strong>quod</strong></span> <span class='ocrx_word' id='word_1_540' title='bbox 984 4755 1181 4808; x_wconf 90' lang='lat' dir='ltr'><strong>corpus</strong></span> <span class='ocrx_word' id='word_1_541' title='bbox 1208 4738 1448 4793; x_wconf 90' lang='lat' dir='ltr'><strong>interitui</strong></span> <span class='ocrx_word' id='word_1_542' title='bbox 1484 4746 1674 4791; x_wconf 89' lang='lat' dir='ltr'><strong>natura</strong></span> <span class='ocrx_word' id='word_1_543' title='bbox 1709 4737 1781 4792; x_wconf 90' lang='lat' dir='ltr'><strong>sit</strong></span> <span class='ocrx_word' id='word_1_544' title='bbox 1815 4735 2128 4797; x_wconf 82' lang='lat' dir='ltr'><strong>obnoxium,</strong></span> 
     </span>
    </p>
   </div>
   <div class='ocr_carea' id='block_1_84' title="bbox 554 4827 2128 4893">
    <p class='ocr_par' dir='ltr' id='par_1_84' title="bbox 554 4827 2128 4893">
     <span class='ocr_line' id='line_1_84' title="bbox 554 4827 2128 4893; baseline -0.008 0"><span class='ocrx_word' id='word_1_545' title='bbox 554 4840 747 4893; x_wconf 88' lang='lat' dir='ltr'><strong>horum</strong></span> <span class='ocrx_word' id='word_1_546' title='bbox 802 4848 906 4889; x_wconf 86' lang='lat' dir='ltr'><strong>non</strong></span> <span class='ocrx_word' id='word_1_547' title='bbox 961 4832 1144 4887; x_wconf 89' lang='lat' dir='ltr'><strong>ferens</strong></span> <span class='ocrx_word' id='word_1_548' title='bbox 1194 4846 1541 4888; x_wconf 89' lang='lat' dir='ltr'><strong>concursum.</strong></span> <span class='ocrx_word' id='word_1_549' title='bbox 1572 4830 1648 4885; x_wconf 90' lang='lat' dir='ltr'><strong>lbi</strong></span> <span class='ocrx_word' id='word_1_550' title='bbox 1686 4844 1815 4886; x_wconf 89' lang='lat' dir='ltr'><strong>vero</strong></span> <span class='ocrx_word' id='word_1_551' title='bbox 1856 4829 1910 4883; x_wconf 92' lang='lat' dir='ltr'><strong>in</strong></span> <span class='ocrx_word' id='word_1_552' title='bbox 1956 4827 2128 4881; x_wconf 84' lang='lat' dir='ltr'><strong>altera</strong></span> 
     </span>
    </p>
   </div>
   <div class='ocr_carea' id='block_1_85' title="bbox 555 4919 2128 4995">
    <p class='ocr_par' dir='ltr' id='par_1_85' title="bbox 555 4919 2128 4995">
     <span class='ocr_line' id='line_1_85' title="bbox 555 4919 2128 4995; baseline -0.006 -16"><span class='ocrx_word' id='word_1_553' title='bbox 555 4928 665 4981; x_wconf 87' lang='lat' dir='ltr'><strong>vita</strong></span> <span class='ocrx_word' id='word_1_554' title='bbox 708 4924 1070 4995; x_wconf 88' lang='lat' dir='ltr'><strong>perpetuitate</strong></span> <span class='ocrx_word' id='word_1_555' title='bbox 1106 4923 1413 4976; x_wconf 89' lang='lat' dir='ltr'><strong>introducta</strong></span> <span class='ocrx_word' id='word_1_556' title='bbox 1448 4921 1711 4990; x_wconf 84' lang='lat' dir='ltr'><strong>pulsaque</strong></span> <span class='ocrx_word' id='word_1_557' title='bbox 1761 4919 2128 4987; x_wconf 90' lang='lat' dir='ltr'><strong>corruptione,</strong></span> 
     </span>
    </p>
   </div>
   <div class='ocr_carea' id='block_1_86' title="bbox 557 5009 2129 5087">
    <p class='ocr_par' dir='ltr' id='par_1_86' title="bbox 557 5009 2129 5087">
     <span class='ocr_line' id='line_1_86' title="bbox 557 5009 2129 5087; baseline -0.008 -17"><span class='ocrx_word' id='word_1_558' title='bbox 557 5031 749 5087; x_wconf 83' lang='lat' dir='ltr'><strong>pugnae</strong></span> <span class='ocrx_word' id='word_1_559' title='bbox 794 5015 922 5071; x_wconf 87' lang='lat' dir='ltr'><strong>inde</strong></span> <span class='ocrx_word' id='word_1_560' title='bbox 982 5012 1251 5069; x_wconf 85' lang='lat' dir='ltr'><strong>exsistere</strong></span> <span class='ocrx_word' id='word_1_561' title='bbox 1308 5020 1477 5081; x_wconf 88' lang='lat' dir='ltr'><strong>potest</strong></span> <span class='ocrx_word' id='word_1_562' title='bbox 1536 5009 1864 5066; x_wconf 89' lang='lat' dir='ltr'><strong>dissolutio:</strong></span> <span class='ocrx_word' id='word_1_563' title='bbox 1902 5014 1961 5059; x_wconf 92' lang='lat' dir='ltr'><strong>ut</strong></span> <span class='ocrx_word' id='word_1_564' title='bbox 2015 5014 2129 5059; x_wconf 87' lang='lat' dir='ltr'><strong>tor-</strong></span> 
     </span>
    </p>
   </div>
   <div class='ocr_carea' id='block_1_87' title="bbox 557 5096 2131 5174">
    <p class='ocr_par' dir='ltr' id='par_1_87' title="bbox 557 5096 2131 5174">
     <span class='ocr_line' id='line_1_87' title="bbox 557 5096 2131 5174; baseline -0.006 -12"><span class='ocrx_word' id='word_1_565' title='bbox 557 5117 860 5162; x_wconf 87' lang='lat' dir='ltr'><strong>mentorum</strong></span> <span class='ocrx_word' id='word_1_566' title='bbox 928 5104 1361 5174; x_wconf 83' lang='lat' dir='ltr'><strong>exsuperantiam</strong></span> <span class='ocrx_word' id='word_1_567' title='bbox 1417 5115 1595 5171; x_wconf 90' lang='lat' dir='ltr'><strong>neque</strong></span> <span class='ocrx_word' id='word_1_568' title='bbox 1658 5101 1824 5155; x_wconf 87' lang='lat' dir='ltr'><strong>robur</strong></span> <span class='ocrx_word' id='word_1_569' title='bbox 1884 5096 2131 5167; x_wconf 86' lang='lat' dir='ltr'><strong>corporis</strong></span> 
     </span>
    </p>
   </div>
   <div class='ocr_carea' id='block_1_88' title="bbox 555 5190 2052 5270">
    <p class='ocr_par' dir='ltr' id='par_1_88' title="bbox 555 5190 2052 5270">
     <span class='ocr_line' id='line_1_88' title="bbox 555 5190 2052 5270; baseline -0.007 -15"><span class='ocrx_word' id='word_1_570' title='bbox 555 5200 845 5270; x_wconf 79' lang='lat' dir='ltr'><strong>expellere,</strong></span> <span class='ocrx_word' id='word_1_571' title='bbox 877 5211 1053 5267; x_wconf 80' lang='lat' dir='ltr'><strong>neque</strong></span> <span class='ocrx_word' id='word_1_572' title='bbox 1082 5211 1279 5266; x_wconf 89' lang='lat' dir='ltr'><strong>corpus</strong></span> <span class='ocrx_word' id='word_1_573' title='bbox 1314 5196 1367 5250; x_wconf 92' lang='lat' dir='ltr'><strong>in</strong></span> <span class='ocrx_word' id='word_1_574' title='bbox 1403 5194 1628 5249; x_wconf 86' lang='lat' dir='ltr'><strong>nihilum</strong></span> <span class='ocrx_word' id='word_1_575' title='bbox 1658 5192 1830 5261; x_wconf 85' lang='lat' dir='ltr'><strong>redigi</strong></span> <span class='ocrx_word' id='word_1_576' title='bbox 1860 5190 2052 5261; x_wconf 89' lang='lat' dir='ltr'><strong>possit.</strong></span> 
     </span>
    </p>
   </div>
   <div class='ocr_carea' id='block_1_89' title="bbox 2321 4453 3773 4531">
    <p class='ocr_par' dir='ltr' id='par_1_89' title="bbox 2321 4453 3773 4531">
     <span class='ocr_line' id='line_1_89' title="bbox 2321 4453 3773 4531; baseline 0.001 -22"><span class='ocrx_word' id='word_1_577' title='bbox 2321 4457 2583 4511; x_wconf 78' lang='grc' dir='ltr'>Ἐνταῦθα</span> <span class='ocrx_word' id='word_1_578' title='bbox 2616 4459 2738 4527; x_wconf 85' lang='grc' dir='ltr'>μὲν,</span> <span class='ocrx_word' id='word_1_579' title='bbox 2776 4453 2820 4511; x_wconf 79' lang='grc' dir='ltr'>ὧ</span> <span class='ocrx_word' id='word_1_580' title='bbox 2852 4458 3131 4528; x_wconf 84' lang='grc' dir='ltr'>βέλτιστε,</span> <span class='ocrx_word' id='word_1_581' title='bbox 3163 4459 3260 4529; x_wconf 73' lang='grc' dir='ltr'><strong>οὐχ</strong></span> <span class='ocrx_word' id='word_1_582' title='bbox 3286 4454 3401 4514; x_wconf 71' lang='grc' dir='ltr'>οἷόν</span> <span class='ocrx_word' id='word_1_583' title='bbox 3435 4477 3499 4515; x_wconf 85' lang='grc' dir='ltr'><strong>τε</strong></span> <span class='ocrx_word' id='word_1_584' title='bbox 3528 4459 3773 4531; x_wconf 71' lang='grc' dir='ltr'>ἀμφότερα</span> 
     </span>
    </p>
   </div>
   <div class='ocr_carea' id='block_1_90' title="bbox 2234 4549 3770 4621">
    <p class='ocr_par' dir='ltr' id='par_1_90' title="bbox 2234 4549 3770 4621">
     <span class='ocr_line' id='line_1_90' title="bbox 2234 4549 3770 4621; baseline -0.001 -21"><span class='ocrx_word' id='word_1_585' title='bbox 2234 4549 2581 4618; x_wconf 85' lang='grc' dir='ltr'>συνδραμεῖν,</span> <span class='ocrx_word' id='word_1_586' title='bbox 2625 4549 2962 4621; x_wconf 79' lang='grc' dir='ltr'>σφοδρότητα</span> <span class='ocrx_word' id='word_1_587' title='bbox 3008 4550 3152 4618; x_wconf 83' lang='grc' dir='ltr'>λέγω</span> <span class='ocrx_word' id='word_1_588' title='bbox 3176 4552 3460 4620; x_wconf 85' lang='grc' dir='ltr'>τιμωριῶν</span> <span class='ocrx_word' id='word_1_589' title='bbox 3499 4553 3588 4604; x_wconf 70' lang='grc' dir='ltr'><strong>καὶ</strong></span> <span class='ocrx_word' id='word_1_590' title='bbox 3631 4565 3770 4618; x_wconf 76' lang='grc' dir='ltr'>παρα-</span> 
     </span>
    </p>
   </div>
   <div class='ocr_carea' id='block_1_91' title="bbox 2236 4639 3773 4712">
    <p class='ocr_par' dir='ltr' id='par_1_91' title="bbox 2236 4639 3773 4712">
     <span class='ocr_line' id='line_1_91' title="bbox 2236 4639 3773 4712; baseline -0.003 -20"><span class='ocrx_word' id='word_1_591' title='bbox 2236 4640 2426 4710; x_wconf 83' lang='grc' dir='ltr'>μονήν.</span> <span class='ocrx_word' id='word_1_592' title='bbox 2461 4639 2698 4709; x_wconf 84' lang='grc' dir='ltr'>Θάτερον</span> <span class='ocrx_word' id='word_1_593' title='bbox 2738 4641 2847 4711; x_wconf 80' lang='grc' dir='ltr'>γὰρ</span> <span class='ocrx_word' id='word_1_594' title='bbox 2876 4640 3090 4712; x_wconf 86' lang='grc' dir='ltr'>θατέρῳ</span> <span class='ocrx_word' id='word_1_595' title='bbox 3129 4640 3394 4709; x_wconf 85' lang='grc' dir='ltr'>πολεμεῖ,</span> <span class='ocrx_word' id='word_1_596' title='bbox 3424 4640 3515 4693; x_wconf 74' lang='grc' dir='ltr'>διὰ</span> <span class='ocrx_word' id='word_1_597' title='bbox 3545 4640 3602 4693; x_wconf 79' lang='grc' dir='ltr'>τὸ</span> <span class='ocrx_word' id='word_1_598' title='bbox 3629 4640 3773 4706; x_wconf 83' lang='grc' dir='ltr'>φθαρ-</span> 
     </span>
    </p>
   </div>
   <div class='ocr_carea' id='block_1_92' title="bbox 2234 4727 3773 4803">
    <p class='ocr_par' dir='ltr' id='par_1_92' title="bbox 2234 4727 3773 4803">
     <span class='ocr_line' id='line_1_92' title="bbox 2234 4727 3773 4803; baseline -0.004 -20"><span class='ocrx_word' id='word_1_599' title='bbox 2234 4733 2331 4802; x_wconf 74' lang='grc' dir='ltr'><strong>τὴν</strong></span> <span class='ocrx_word' id='word_1_600' title='bbox 2365 4728 2532 4785; x_wconf 78' lang='grc' dir='ltr'>οὖσαν</span> <span class='ocrx_word' id='word_1_601' title='bbox 2560 4732 2654 4784; x_wconf 75' lang='grc' dir='ltr'>τοῦ</span> <span class='ocrx_word' id='word_1_602' title='bbox 2701 4730 2954 4802; x_wconf 86' lang='grc' dir='ltr'>σώματος</span> <span class='ocrx_word' id='word_1_603' title='bbox 2985 4734 3084 4801; x_wconf 84' lang='grc' dir='ltr'>τὴν</span> <span class='ocrx_word' id='word_1_604' title='bbox 3116 4733 3278 4801; x_wconf 78' lang='grc' dir='ltr'>φύσιν</span> <span class='ocrx_word' id='word_1_605' title='bbox 3310 4732 3386 4803; x_wconf 80' lang='grc' dir='ltr'>μὴ</span> <span class='ocrx_word' id='word_1_606' title='bbox 3416 4733 3601 4802; x_wconf 80' lang='grc' dir='ltr'>φέρειν</span> <span class='ocrx_word' id='word_1_607' title='bbox 3629 4727 3773 4781; x_wconf 72' lang='grc' dir='ltr'>αὐτῶν</span> 
     </span>
    </p>
   </div>
   <div class='ocr_carea' id='block_1_93' title="bbox 2234 4820 3772 4894">
    <p class='ocr_par' dir='ltr' id='par_1_93' title="bbox 2234 4820 3772 4894">
     <span class='ocr_line' id='line_1_93' title="bbox 2234 4820 3772 4894; baseline -0.001 -20"><span class='ocrx_word' id='word_1_608' title='bbox 2234 4823 2333 4893; x_wconf 82' lang='grc' dir='ltr'><strong>τὴν</strong></span> <span class='ocrx_word' id='word_1_609' title='bbox 2374 4822 2608 4876; x_wconf 72' lang='grc' dir='ltr'>σύνοδοψ</span> <span class='ocrx_word' id='word_1_610' title='bbox 2641 4824 2757 4875; x_wconf 76' lang='grc' dir='ltr'>ἐκεῖ</span> <span class='ocrx_word' id='word_1_611' title='bbox 2785 4823 2840 4875; x_wconf 81' lang='grc' dir='ltr'>δὲ</span> <span class='ocrx_word' id='word_1_612' title='bbox 2871 4824 2966 4892; x_wconf 82' lang='grc' dir='ltr'>τῆς</span> <span class='ocrx_word' id='word_1_613' title='bbox 3008 4824 3316 4894; x_wconf 88' lang='grc' dir='ltr'>ἀφθαρσίας</span> <span class='ocrx_word' id='word_1_614' title='bbox 3347 4820 3772 4889; x_wconf 71' lang='grc' dir='ltr'>εἰσϐιασαμένηςν</span> 
     </span>
    </p>
   </div>
   <div class='ocr_carea' id='block_1_94' title="bbox 2241 4910 3771 4985">
    <p class='ocr_par' dir='ltr' id='par_1_94' title="bbox 2241 4910 3771 4985">
     <span class='ocr_line' id='line_1_94' title="bbox 2241 4910 3771 4985; baseline -0.001 -20"><span class='ocrx_word' id='word_1_615' title='bbox 2241 4914 2339 4965; x_wconf 78' lang='grc' dir='ltr'><strong>καὶ</strong></span> <span class='ocrx_word' id='word_1_616' title='bbox 2371 4913 2467 4985; x_wconf 84' lang='grc' dir='ltr'>τὴν</span> <span class='ocrx_word' id='word_1_617' title='bbox 2502 4914 2707 4984; x_wconf 76' lang='grc' dir='ltr'>φθορὰν</span> <span class='ocrx_word' id='word_1_618' title='bbox 2745 4914 3242 4985; x_wconf 77' lang='grc' dir='ltr'>ὲξοστρακισάσης,</span> <span class='ocrx_word' id='word_1_619' title='bbox 3281 4915 3375 4967; x_wconf 74' lang='grc' dir='ltr'><strong>καὶ</strong></span> <span class='ocrx_word' id='word_1_620' title='bbox 3416 4916 3449 4984; x_wconf 80' lang='grc' dir='ltr'>ἡ</span> <span class='ocrx_word' id='word_1_621' title='bbox 3484 4914 3584 4982; x_wconf 83' lang='grc' dir='ltr'><strong>τῆς</strong></span> <span class='ocrx_word' id='word_1_622' title='bbox 3625 4910 3771 4979; x_wconf 68' lang='grc' dir='ltr'>μάχης</span> 
     </span>
    </p>
   </div>
   <div class='ocr_carea' id='block_1_95' title="bbox 2236 4996 3772 5075">
    <p class='ocr_par' dir='ltr' id='par_1_95' title="bbox 2236 4996 3772 5075">
     <span class='ocr_line' id='line_1_95' title="bbox 2236 4996 3772 5075; baseline -0.004 -17"><span class='ocrx_word' id='word_1_623' title='bbox 2236 5005 2443 5075; x_wconf 85' lang='grc' dir='ltr'>ταύτης</span> <span class='ocrx_word' id='word_1_624' title='bbox 2486 5006 2728 5069; x_wconf 82' lang='grc' dir='ltr'>διάλυσις</span> <span class='ocrx_word' id='word_1_625' title='bbox 2770 5006 2965 5074; x_wconf 80' lang='grc' dir='ltr'>γένοιτ’</span> <span class='ocrx_word' id='word_1_626' title='bbox 3011 5007 3078 5061; x_wconf 86' lang='grc' dir='ltr'><strong>ἂν</strong></span> <span class='ocrx_word' id='word_1_627' title='bbox 3111 5006 3186 5067; x_wconf 85' lang='grc' dir='ltr'>ὼς</span> <span class='ocrx_word' id='word_1_628' title='bbox 3227 5005 3326 5075; x_wconf 81' lang='grc' dir='ltr'><strong>τὴν</strong></span> <span class='ocrx_word' id='word_1_629' title='bbox 3363 5004 3662 5075; x_wconf 75' lang='grc' dir='ltr'>ὑπερϐολὴν</span> <span class='ocrx_word' id='word_1_630' title='bbox 3687 4996 3772 5048; x_wconf 57' lang='grc' dir='ltr'><strong>τῶν</strong></span> 
     </span>
    </p>
   </div>
   <div class='ocr_carea' id='block_1_96' title="bbox 2237 5091 3767 5168">
    <p class='ocr_par' dir='ltr' id='par_1_96' title="bbox 2237 5091 3767 5168">
     <span class='ocr_line' id='line_1_96' title="bbox 2237 5091 3767 5168; baseline -0.007 -18"><span class='ocrx_word' id='word_1_631' title='bbox 2237 5096 2695 5168; x_wconf 86' lang='grc' dir='ltr'>βασανιστηρίων,</span> <span class='ocrx_word' id='word_1_632' title='bbox 2723 5098 2860 5168; x_wconf 84' lang='grc' dir='ltr'>μήτε</span> <span class='ocrx_word' id='word_1_633' title='bbox 2894 5097 2994 5166; x_wconf 83' lang='grc' dir='ltr'><strong>τὴν</strong></span> <span class='ocrx_word' id='word_1_634' title='bbox 3030 5098 3183 5165; x_wconf 72' lang='grc' dir='ltr'>ἰσχὺν</span> <span class='ocrx_word' id='word_1_635' title='bbox 3211 5097 3462 5163; x_wconf 75' lang='grc' dir='ltr'>ἐξελάσαι</span> <span class='ocrx_word' id='word_1_636' title='bbox 3493 5096 3585 5148; x_wconf 81' lang='grc' dir='ltr'>τοῦ</span> <span class='ocrx_word' id='word_1_637' title='bbox 3619 5091 3767 5159; x_wconf 67' lang='grc' dir='ltr'>σώμαι</span> 
     </span>
    </p>
   </div>
   <div class='ocr_carea' id='block_1_97' title="bbox 2233 5186 3574 5260">
    <p class='ocr_par' dir='ltr' id='par_1_97' title="bbox 2233 5186 3574 5260">
     <span class='ocr_line' id='line_1_97' title="bbox 2233 5186 3574 5260; baseline -0.003 -19"><span class='ocrx_word' id='word_1_638' title='bbox 2233 5206 2346 5253; x_wconf 87' lang='grc' dir='ltr'>τος,</span> <span class='ocrx_word' id='word_1_639' title='bbox 2390 5188 2525 5257; x_wconf 86' lang='grc' dir='ltr'>μήτε</span> <span class='ocrx_word' id='word_1_640' title='bbox 2550 5189 2607 5241; x_wconf 73' lang='grc' dir='ltr'><strong>τὸ</strong></span> <span class='ocrx_word' id='word_1_641' title='bbox 2630 5188 2789 5258; x_wconf 81' lang='grc' dir='ltr'>σῶμα</span> <span class='ocrx_word' id='word_1_642' title='bbox 2818 5189 2896 5251; x_wconf 76' lang='grc' dir='ltr'>εἰς</span> <span class='ocrx_word' id='word_1_643' title='bbox 2924 5188 2985 5240; x_wconf 77' lang='grc' dir='ltr'>τὸ</span> <span class='ocrx_word' id='word_1_644' title='bbox 3016 5189 3091 5258; x_wconf 80' lang='grc' dir='ltr'>μὴ</span> <span class='ocrx_word' id='word_1_645' title='bbox 3116 5186 3176 5242; x_wconf 80' lang='grc' dir='ltr'><strong>ὃν</strong></span> <span class='ocrx_word' id='word_1_646' title='bbox 3207 5187 3574 5260; x_wconf 70' lang='grc' dir='ltr'>παραπέμψαι</span> 
     </span>
    </p>
   </div>
   <div class='ocr_carea' id='block_1_98' title="bbox 1684 5360 2730 5421">
    <p class='ocr_par' dir='ltr' id='par_1_98' title="bbox 1684 5360 2730 5421">
     <span class='ocr_line' id='line_1_98' title="bbox 1684 5360 2730 5421; baseline -0.002 0"><span class='ocrx_word' id='word_1_647' title='bbox 1684 5363 1916 5421; x_wconf 71' lang='lat' dir='ltr'><strong>VARUE</strong></span> <span class='ocrx_word' id='word_1_648' title='bbox 1957 5360 2336 5419; x_wconf 79' lang='lat' dir='ltr'><strong>LECTIONES</strong></span> <span class='ocrx_word' id='word_1_649' title='bbox 2374 5360 2462 5416; x_wconf 90' lang='lat' dir='ltr'><strong>ET</strong></span> <span class='ocrx_word' id='word_1_650' title='bbox 2500 5360 2730 5419; x_wconf 67' lang='lat' dir='ltr'><strong>NOTAE.</strong></span> 
     </span>
    </p>
   </div>
   <div class='ocr_carea' id='block_1_99' title="bbox 628 5520 2118 5596">
    <p class='ocr_par' dir='ltr' id='par_1_99' title="bbox 628 5520 2118 5596">
     <span class='ocr_line' id='line_1_99' title="bbox 628 5520 2118 5596; baseline -0.003 -19"><span class='ocrx_word' id='word_1_651' title='bbox 628 5524 741 5596; x_wconf 67' lang='grc' dir='ltr'><strong>(ϐαι)</strong></span> <span class='ocrx_word' id='word_1_652' title='bbox 780 5526 905 5596; x_wconf 33' lang='grc' dir='ltr'>Τὸνη</span> <span class='ocrx_word' id='word_1_653' title='bbox 923 5533 1090 5579; x_wconf 88' lang='lat' dir='ltr'><strong>mutat</strong></span> <span class='ocrx_word' id='word_1_654' title='bbox 1139 5526 1191 5579; x_wconf 91' lang='lat' dir='ltr'><strong>in</strong></span> <span class='ocrx_word' id='word_1_655' title='bbox 1235 5524 1335 5596; x_wconf 82' lang='grc' dir='ltr'><strong>τὴν</strong></span> <span class='ocrx_word' id='word_1_656' title='bbox 1379 5521 1499 5577; x_wconf 86' lang='lat' dir='ltr'><strong>cod.</strong></span> <span class='ocrx_word' id='word_1_657' title='bbox 1543 5522 1653 5596; x_wconf 85' lang='lat' dir='ltr'><strong>_Alt.</strong></span> <span class='ocrx_word' id='word_1_658' title='bbox 1693 5528 1748 5575; x_wconf 92' lang='lat' dir='ltr'><strong>et</strong></span> <span class='ocrx_word' id='word_1_659' title='bbox 1793 5534 1934 5576; x_wconf 83' lang='lat' dir='ltr'><strong>vers.</strong></span> <span class='ocrx_word' id='word_1_660' title='bbox 1980 5520 2118 5574; x_wconf 88' lang='lat' dir='ltr'><strong>inter</strong></span> 
     </span>
    </p>
   </div>
   <div class='ocr_carea' id='block_1_100' title="bbox 563 5592 1614 5664">
    <p class='ocr_par' dir='ltr' id='par_1_100' title="bbox 563 5592 1614 5664">
     <span class='ocr_line' id='line_1_100' title="bbox 563 5592 1614 5664; baseline 0.001 -21"><span class='ocrx_word' id='word_1_661' title='bbox 563 5592 733 5662; x_wconf 74' lang='grc' dir='ltr'>μικρὶ</span> <span class='ocrx_word' id='word_1_662' title='bbox 763 5606 816 5648; x_wconf 82' lang='lat' dir='ltr'><strong>et</strong></span> <span class='ocrx_word' id='word_1_663' title='bbox 844 5594 987 5664; x_wconf 71' lang='grc' dir='ltr'>αὕτη</span> <span class='ocrx_word' id='word_1_664' title='bbox 1020 5596 1209 5650; x_wconf 79' lang='lat' dir='ltr'><strong>inserit</strong></span> <span class='ocrx_word' id='word_1_665' title='bbox 1246 5594 1372 5664; x_wconf 85' lang='grc' dir='ltr'>γάρ.</span> <span class='ocrx_word' id='word_1_666' title='bbox 1409 5592 1614 5662; x_wconf 90' lang='lat' dir='ltr'><strong>possin.</strong></span> 
     </span>
    </p>
   </div>
   <div class='ocr_carea' id='block_1_101' title="bbox 2302 5509 3771 5586">
    <p class='ocr_par' dir='ltr' id='par_1_101' title="bbox 2302 5509 3771 5586">
     <span class='ocr_line' id='line_1_101' title="bbox 2302 5509 3771 5586; baseline -0.001 -18"><span class='ocrx_word' id='word_1_667' title='bbox 2302 5515 2410 5585; x_wconf 78' lang='lat'><strong>(63)</strong></span> <span class='ocrx_word' id='word_1_668' title='bbox 2452 5514 2595 5569; x_wconf 81' lang='lat' dir='ltr'><strong>Inter</strong></span> <span class='ocrx_word' id='word_1_669' title='bbox 2619 5516 2834 5586; x_wconf 83' lang='grc' dir='ltr'>βράδιον</span> <span class='ocrx_word' id='word_1_670' title='bbox 2859 5527 2912 5573; x_wconf 85' lang='lat' dir='ltr'><strong>cl</strong></span> <span class='ocrx_word' id='word_1_671' title='bbox 2942 5517 3122 5571; x_wconf 74' lang='grc' dir='ltr'>δοῦναι</span> <span class='ocrx_word' id='word_1_672' title='bbox 3144 5519 3303 5575; x_wconf 89' lang='lat' dir='ltr'><strong>codd.</strong></span> <span class='ocrx_word' id='word_1_673' title='bbox 3334 5516 3453 5574; x_wconf 78' lang='lat' dir='ltr'><strong>Vat.</strong></span> <span class='ocrx_word' id='word_1_674' title='bbox 3482 5514 3587 5572; x_wconf 70' lang='lat'><strong>650</strong></span> <span class='ocrx_word' id='word_1_675' title='bbox 3609 5522 3659 5572; x_wconf 87' lang='lat' dir='ltr'><strong>et</strong></span> <span class='ocrx_word' id='word_1_676' title='bbox 3681 5509 3771 5564; x_wconf 66' lang='lat' dir='ltr'><strong>All-</strong></span> 
     </span>
    </p>
   </div>
   <div class='ocr_carea' id='block_1_102' title="bbox 2238 5586 2698 5641">
    <p class='ocr_par' dir='ltr' id='par_1_102' title="bbox 2238 5586 2698 5641">
     <span class='ocr_line' id='line_1_102' title="bbox 2238 5586 2698 5641; baseline -0.002 -1"><span class='ocrx_word' id='word_1_677' title='bbox 2238 5586 2480 5641; x_wconf 87' lang='lat' dir='ltr'><strong>inseruut</strong></span> <span class='ocrx_word' id='word_1_678' title='bbox 2509 5586 2588 5639; x_wconf 86' lang='grc' dir='ltr'><strong>τό.</strong></span> <span class='ocrx_word' id='word_1_679' title='bbox 2622 5587 2698 5639; x_wconf 84' lang='lat' dir='ltr'><strong>In.</strong></span> 
     </span>
    </p>
   </div>
  </div>
