4020 6140
382 265 520 334 1353
1273 272 1617 339 EPISTOLA

710 383 841 440 MA'.
876 414 948 424 —-
977 385 1249 460 ΣΕΡΗΝῼ
1296 393 1617 468 ΔΙΑΚΟΝῼ.

1273 272 1808 342 EPISTOLARUM
1846 283 1993 344 LIB.
2030 285 2095 347 V.
2141 311 2203 324 -
2239 287 2474 351 EPIST.
2516 295 2749 358 XLVII.
3485 305 3616 374 1354

1980 411 2028 467 Α
2365 411 2544 468 XLIV.
2580 445 2648 457 --
2679 415 2950 475 SERENO
2990 419 3309 481 DIACONO.

1367 505 1548 563 Virtus
1574 511 1826 566 laudatur
1853 523 1902 567 et
1929 513 2088 584 alget.
2121 516 2334 588 (Confer
2358 537 2438 589 ep.
2474 522 2624 593 413.)

448 610 657 680 Ὥσπερ
711 609 896 664 πολλοὶ
942 613 1050 666 τῶν
1083 615 1387 687 ἀνθρώπων
1439 622 1699 690 μέγιστον
1741 624 1943 692 ἀγαθὸν

369 700 683 770 νομίζοντες
711 699 853 757 εἶναι
884 704 983 776 τὴν
1030 707 1240 775 ὐγίειαν
1269 711 1362 764 τοῦ
1390 712 1660 784 σώματος,
1705 718 1766 770 οὐ
1797 718 1939 771 πάνυ

368 793 539 861 αὐτῆς
562 794 930 862 φροντίζουσι.
958 797 1041 853 Τὰ
1065 801 1177 872 γάρ
1202 802 1335 873 ἡδέα
1360 804 1470 858 τῶν
1491 806 1780 879 ὠφελίμων
1808 827 1943 881 προ-

368 885 675 954 τιμῶντες,
726 887 1157 960 διαμαρτάνουσι
1204 895 1444 966 ταύτης·
1501 897 1644 953 οὕτω
1698 901 1793 954 καὶ
1843 901 1942 971 τὴν

366 969 565 1046 ἀρετὴν
587 977 956 1043 ἐπαινοῦντες,
985 981 1087 1052 τὴν
1117 981 1234 1038 ὁδὸν
1262 985 1362 1058 τὴν
1390 987 1482 1040 ἐπὶ
1508 988 1710 1061 ταύτην
1739 969 1939 1062 φέρου-

369 1081 468 1117 σαν
495 1065 1004 1136 ἀποδιδράσκουσιν.

645 1178 778 1231 ME'.
821 1210 891 1218 —
924 1181 1274 1255 ΑΝΛΤΟΛΙῼ
1317 1188 1642 1262 ΔΙΑΚΟΝῼ.

2126 630 2194 686 Ut
2243 633 2539 688 maximum
2582 636 2894 693 existimant
2939 641 3134 697 bonum
3168 656 3290 701 esse
3326 650 3612 706 sanitatem

2048 722 2294 790 corporis
2335 723 2578 793 plerique
2615 728 2946 794 mortalium,
2994 731 3073 787 sic
3118 747 3236 789 eam
3279 751 3385 792 non
3436 739 3614 793 admo-

2048 811 2177 866 dum
2221 826 2366 868 curae
2414 813 2633 869 habent.
2669 815 3016 876 Delectabilia
3040 822 3184 877 enim
3232 825 3452 882 utilibus
3480 840 3616 894 pra:-

2046 901 2286 961 ferentes
2326 906 2522 961 laedunt
2559 910 2944 967 valetudinem.
2987 914 3080 971 Sic
3107 925 3164 972 et
3201 917 3456 974 virtutem
3495 917 3616 988 qui-

2045 995 2167 1051 dam
2214 997 2525 1061 laudantes,
2563 1012 2592 1051 a
2638 1001 2722 1053 via
2768 1011 2969 1071 tamen,
3001 1021 3122 1076 qua:
3159 1007 3226 1062 ad
3265 1024 3386 1063 eam
3427 1009 3612 1075 ducat,

2045 1084 2314 1140 aberrant.

2224 1193 2383 1268 567
2412 1197 2572 1256 XLV.
2607 1231 2676 1242 -
2706 1199 3055 1257 ANATOLIO
3096 1204 3412 1262 sucoso.

1277 1287 1284 1292 ’
1310 1302 1389 1357 De
1414 1304 1547 1360 bona
1581 1307 1688 1361 vini
1720 1308 1921 1361 modice
1951 1309 2165 1373 sumpti.
2199 1307 2374 1380 (ϐοαί.
2409 1328 2489 1378 ep.
2519 1311 2666 1383 415.)

446 1404 504 1458 '0
532 1401 674 1470 οἶνος
693 1445 710 1471 ,
740 1406 790 1460 εἰ
820 1381 1052 1482 καιρίως
1085 1414 1180 1466 καὶ
1210 1416 1451 1488 μετρίως
1488 1420 1703 1492 ποθείη,
1736 1423 1832 1478 ἅτε
1861 1442 1942 1478 τι·

365 1495 592 1567 μηθεὶς,
637 1498 974 1571 εὐφροσύνης
1011 1504 1183 1567 αἴτιος
1213 1505 1444 1574 γίνεται.
1487 1509 1550 1562 Εί
1578 1509 1636 1563 δὲ
1677 1529 1940 1586 παροινη-

362 1587 504 1658 θείη,
550 1586 817 1658 ἀμύνεται
865 1591 964 1662 τὴν
1016 1591 1192 1665 ὕϐριν,
1245 1597 1341 1652 καὶ
1374 1598 1528 1662 δίκας
1563 1602 1787 1658 ἀπαιτεῖ
1815 1607 1942 1669 τοὺς

2115 1421 2308 1477 Vinum
2348 1435 2650 1495 opportune
2691 1441 2753 1479 ac
2802 1427 3082 1481 moderate
3118 1438 3411 1500 sumptum,
3455 1433 3610 1501 quasi

2039 1509 2246 1565 honore
2270 1509 2543 1577 affectum,
2576 1514 2778 1568 laetitiae
2813 1514 3210 1584 hilaritatisque
3254 1531 3416 1572 causa
3465 1520 3614 1574 exsi-

2037 1601 2148 1655 ειίι.
2191 1601 2248 1656 Si
2281 1617 2410 1658 vero
2444 1603 2648 1675 largius
2674 1605 2975 1672 hauriatur,
3009 1607 3266 1674 inebriat,
3305 1609 3612 1665 ulciscitur-

364 1671 623 1740 ὑϐριστὰς
648 1713 664 1739 ,
695 1675 908 1743 γέλωτα
930 1680 1026 1732 καὶ
1059 1681 1342 1754 αἰσχύνην,
1375 1686 1471 1738 καὶ
1501 1691 1813 1762 κωμῳδίαν,
1841 1695 1920 1749 κα¹

2036 1707 2144 1761 que
2174 1691 2448 1762 iniuriam,
2489 1671 2554 1750 et
2588 1708 2776 1766 pmnas
2814 1671 3083 1766 exposcit,
3114 1713 3146 1752 ιι
3192 1699 3386 1768 quibus
3416 1700 3610 1768 injuria

363 1760 638 1832 μώλωπας
664 1767 848 1832 αὐτοῖς
878 1771 1172 1840 προξενῶν.

620 1960 773 2034 MG'.
825 1997 895 2008 --
929 1969 1160 2044 ΠΑΥΛῼ
1199 1972 1669 2050 ΠΡΕΣΒΥΤΕΡῼ.

2037 1783 2288 1839 allectum
2327 1793 2436 1851 est,
2475 1787 2665 1851 risum,
2703 1787 3079 1857 ignominiam,
3125 1790 3609 1861 reprehensionem

2034 1884 2197 1944 atque
2225 1876 2362 1931 adeo
2388 1878 2614 1934 verbera
2643 1880 2916 1950 propinat.

2288 1988 2470 2044 XLVI.
2501 2019 2572 2030 --
2605 1989 2833 2048 PAULO
2865 1988 3344 2052 PRESBYTERO.

732 2057 949 2128 Oculos,
975 2073 1028 2116 ut
1061 2065 1226 2118 animi
1260 2069 1535 2137 fenestras,
1568 2075 1960 2132 custodiendos.
1998 2077 2131 2148 (fni.
2166 2083 2318 2149 epist.
2355 2081 2442 2148 I7,
2471 2081 2570 2139 291
2609 2093 2657 2138 et
2694 2084 2796 2138 146
2821 2101 2938 2139 cum
2967 2087 3228 2157 sclioliis.)

427 2170 500 2228 Οὐ
547 2173 705 2244 μόνον
737 2171 797 2228 τὸ
825 2176 983 2246 σῶμα
1022 2175 1320 2250 ἀνέπαφον,
1351 2184 1485 2241 ἀλλὰ
1519 2189 1614 2242 καὶ
1643 2189 1742 2254 τὰς
1769 2191 1929 2262 βολὰς

356 2264 463 2318 τῶν
486 2265 798 2338 ὀφθαλμῶν,
829 2269 896 2334 ἃς
928 2270 1096 2341 κόρας
1127 2271 1215 2326 διὰ
1260 2274 1419 2329 τοῦτο
1445 2278 1746 2351 καλοῦμεν,
1783 2303 1926 2355 παρ-

356 2356 539 2420 θένους
569 2355 707 2412 εἶναι
740 2361 868 2432 χρὴ,
899 2363 994 2414 καὶ
1021 2362 1095 2434 μὴ
1118 2365 1393 2420 πιστεύειν
1419 2369 1610 2434 αὐταῖς
1637 2373 1928 2444 ἀναισχύνο

353 2464 461 2511 τως
486 2450 582 2502 καὶ
603 2451 858 2521 ἀκρατῶς
876 2453 1160 2508 ἑστιᾶσθαι
1181 2458 1297 2520 τοῖς
1323 2457 1626 2530 ἀλλοτρίοις
1648 2465 1923 2532 κάλλεσιν,

357 2536 443 2590 ἵνα
490 2537 567 2610 μὴ
607 2539 714 2594 ἀπὸ
755 2542 857 2613 τῆς
902 2543 1030 2609 θέας
1059 2545 1153 2598 ἐπὶ
1193 2545 1292 2617 τὴν
1323 2549 1522 2619 πρᾶξιν
1570 2554 1924 2626 παιδαγωγη-

355 2627 542 2684 θῶσιν.

671 2742 806 2800 MZ'.
842 2775 912 2785 -
943 2746 1240 2817 ΕΥΓΕΝΙῼ
1286 2749 1606 2824 annosae.

2105 2194 2222 2250 Non
2277 2211 2470 2265 corpus
2521 2199 2680 2253 modo
2723 2197 2984 2254 intactum
3035 2214 3361 2271 purumque,
3415 2205 3510 2258 sed
3553 2211 3610 2260 et

2035 2288 2313 2344 oculorum
2342 2290 2522 2356 jactus
2547 2288 2713 2360 (unde
2739 2299 2796 2345 et
2833 2290 3021 2362 κόρας,
3059 2291 3109 2344 id
3139 2299 3221 2346 est
3245 2291 3476 2361 puellas,
3508 2309 3606 2364 ap-

2035 2379 2294 2448 pellamus
2337 2379 2588 2451 pupillas)
2629 2380 2866 2451 virgines
2910 2396 3004 2436 seu
3050 2390 3230 2438 castos
3260 2383 3419 2440 decet
3461 2401 3631 2455 esse,-

2031 2485 2208 2539 neque
2245 2471 2560 2541 permittere
2612 2472 2882 2543 impudice
2914 2481 3076 2543 atque
3127 2473 3460 2544 impotenter
3499 2491 3629 2531 va-'

2029 2562 2145 2630 gari
2179 2562 2229 2617 in
2256 2563 2485 2617 aliarum
2517 2563 2690 2619 forma
2719 2578 2782 2619 ac
2808 2563 3212 2633 pulchritudine
3235 2567 3564 2634 speculanda
3592 2587 3608 2638 ;

2031 2669 2098 2707 ne
2133 2670 2163 2707 a
2198 2663 2491 2722 conspectu
2530 2654 2741 2710 lubrico
2771 2654 2839 2710 ad
2874 2668 3165 2710 venereum
3213 2655 3620 2726 perducantur.

2314 2764 2514 2820 xevu.
2550 2795 2623 2806 —
2652 2764 2952 2822 EUGENIO
2991 2765 3314 2823 DIACONO.

1247 2839 1504 2900 Virtutem
1537 2852 1739 2904 amanti
1781 2854 2052 2908 hominum
2099 2859 2478 2912 contemnenda
2517 2859 2716 2925 opinio.

435 2947 654 3021 Ἐπειδὴ
697 2951 803 3025 χρὴ
831 2952 941 3007 ἀπὸ
969 2954 1082 3008 τῶν
1115 2957 1462 3027 γραμμάτων
1490 2960 1600 3015 τῶν
1627 2963 1736 3017 σῶν
1759 2983 1920 3019 κατα-

2098 2969 2543 3040 Qnandoqnidem
2573 2985 2604 3026 e
2635 2972 2743 3027 tuis
2781 2972 2980 3028 litteris
3018 2972 3263 3030 divinare
3300 2974 3428 3045 quid
3469 2991 3600 3034 sen-

363 3043 727 3114 στοχάσασθαι
751 3047 850 3117 τῆς
884 3046 984 3115 σῆς
1007 3049 1262 3118 διανοίας,
1290 3053 1550 3123 αίσθομαί
1584 3070 1643 3106 σε
1676 3055 1799 3118 τοὺς
1828 3055 1927 3127 μὲν

351 3136 491 3209 ὑπὲρ
517 3138 614 3207 τῆς
638 3138 838 3210 ἀρετῆς
859 3140 1054 3204 πόνους
1080 3143 1251 3211 ἡδέως
1279 3145 1642 3216 ὑπομένοντα,
1681 3147 1776 3199 καὶ
1799 3150 1924 3212 τοὺς

349 3227 489 3301 ὑπὲρ
523 3229 691 3298 αὐτῆς
720 3231 968 3301 καρποὺς
997 3232 1266 3301 μεγάλους
1291 3230 1430 3289 εἷναι
1456 3234 1762 3305 νομίζοντα’
1793 3238 1924 3291 ἀθυ-

354 3320 559 3388 μοῦντα
579 3321 633 3373 δὲ
673 3321 752 3391 τῷ
785 3323 898 3384 τοῖς
929 3321 1236 3394 ἀνθρώποις
1276 3325 1594 3396 νομίζεσθαι
1619 3328 1919 3399 δυστυχεῖν,

349 3412 505 3481 ὀλίγα
544 3414 752 3486 γράψαι
795 3413 1080 3484 διέγνωκα.
1126 3417 1421 3481 Λανθάνεις
1451 3419 1558 3490 γὰρ
1606 3420 1801 3474 σαυτὸν
1827 3421 1922 3474 ἐπὶ

347 3505 558 3569 τούτοις
600 3506 989 3578 δυσχεραίνων,
1022 3507 1108 3577 ἐφ’
1131 3501 1213 3572 οἷς
1251 3509 1477 3579 ἥδεσθαι
1513 3512 1811 3581 προσῆκεν.
1856 3512 1918 3563 Ei

348 3599 456 3669 γὰρ
499 3600 597 3651 οὐκ
641 3599 1006 3669 ἀμφιϐάλλεις
1028 3641 1041 3662 ,
1069 3601 1150 3655 ὅτι
1182 3601 1361 3672 μέγας
1404 3621 1485 3656 σοι
1519 3604 1728 3674 καρπὸς
1766 3604 1918 3658 ἔσται

349 3687 498 3758 παρὰ
527 3686 646 3758 Θεῷ
673 3687 774 3758 τῆς
815 3690 947 3760 περὶ
996 3689 1095 3761 τὴν
1135 3689 1335 3763 ἀρετὴν
1369 3693 1602 3758 εὐνοίας,
1643 3695 1696 3747 τί
1732 3711 1792 3748 σε
1819 3713 1916 3749 τα-

351 3779 533 3848 ράττει
567 3779 600 3848 ή
633 3777 742 3830 τῶν
777 3778 1082 3850 ἀνθρώπων
1113 3783 1356 3846 ὑπόνοια,
1385 3785 1435 3836 εί
1461 3787 1552 3837 καὶ
1587 3785 1809 3856 δοίημεν
1833 3788 1918 3840 οὐ·

344 3885 452 3931 τως
505 3869 702 3932 αὐτοὺς
751 3871 1107 3938 ὑποπτεύειν;
1157 3873 1281 3926 ’Ότι
1324 3873 1382 3926 δὲ
1429 3874 1572 3927 οὕτω
1599 3877 1914 3946 νομίζουσι,

347 3962 522 4031 ῥᾷστα
554 3960 724 4024 δεῖξαι
764 3963 1120 4034 πειράσομαι.
1150 3965 1213 4018 Εἰ
1247 3964 1354 4035 γὰρ
1388 3967 1480 4019 καὶ
1509 3967 1573 4019 σὺ
1607 3968 1766 4037 μόνος
1805 3968 1916 4022 τῶν

345 4051 545 4122 ἀρετὴν
573 4053 892 4123 ἠσκηκότων
922 4055 1124 4109 τοιαῦτ’
1165 4057 1396 4123 ἔπαθες,
1420 4053 1490 4128 ἦν
1521 4059 1620 4127 μὲν
1649 4061 1768 4113 οὐδὲ
1794 4060 1914 4113 τότε

344 4139 549 4210 ἀληθὴς
589 4143 623 4211 ἡ
680 4143 923 4197 ὑπόνοια.
967 4143 1116 4215 Πλὴν
1149 4145 1262 4198 ἀλλ’
1314 4143 1461 4217 εἶχον
1500 4149 1550 4200 oi
1589 4152 1702 4212 τοῖς
1729 4149 1915 4212 καλοῖς

343 4232 773 4302 ἀπεχθανόμενοι
816 4234 976 4286 σκιὰν
1005 4235 1136 4302 γοῦν
1165 4239 1564 4309 ἀναισχυντίας.
1600 4241 1662 4293 Ei
1695 4240 1752 4293 δὲ
1790 4240 1912 4294 οὐτε

343 4323 576 4393 πρῶτος,
605 4322 728 4375 οὔτε
754 4323 912 4394 μόνος
936 4327 1211 4392 τοιαύταις
1234 4333 1542 4401 συμφοραῖς
1564 4332 1912 4402 περιέπεσες,

342 4413 478 4467 ἀλλὰ
507 4413 707 4476 πάντες
739 4414 923 4484 σχεδὸν
953 4417 1002 4468 οἱ
1046 4416 1280 4488 ἄριστοι,
1313 4420 1372 4472 οὐ
1406 4419 1565 4490 μόνον
1594 4422 1745 4492 παρὰ
1775 4425 1912 4491 Χρισ-

343 4508 596 4573 στιανοῑς,
627 4505 764 4569 ἀλλ’,
813 4507 861 4559 εί
893 4507 998 4580 χρὴ
1033 4510 1240 4573 πάντας
1283 4513 1616 4582 περιλαϐεῖν,
1651 4515 1745 4566 καὶ
1784 4514 1910 4566 σϐέ-

343 4612 432 4647 σαι
459 4611 553 4647 σου
580 4593 680 4665 τὴν
709 4594 969 4666 ἀθυμίαν,
1003 4599 1096 4652 καὶ⁸
1134 4601 1262 4670 παρ’
1305 4602 1575 4665 Ἰουδαίοις
1612 4603 1780 4656 πάλαι
1815 4607 1910 4657 καὶ

344 4687 587 4757 Ἕλλησι,
617 4688 712 4741 καὶ
744 4687 1062 4759 βαρϐάροις,
1091 4692 1144 4744 τί
1185 4691 1396 4757 axem;
1425 4694 1486 4745 Εἰ
1522 4693 1630 4764 γὰρ
1652 4695 1913 4759 κάκεῖνοι,

342 4777 528 4848 ὥσπερ
556 4779 788 4850 ἀθληταὶ
817 4782 1054 4846 γενναῖοι
1096 4782 1458 4848 τυπτόμενοι,
1488 4783 1583 4837 καὶ
1611 4801 1916 4855 τραυματι-

345 4867 580 4937 ζόμενοι,
605 4873 697 4924 καὶ
718 4873 916 4942 αἵμασι
941 4873 1372 4944 καταρῤεόμενοι
1393 4876 1487 4928 καὶ
1513 4875 1762 4939 θανάτοις
1791 4879 1916 4947 ὀμι-

343 4959 559 5023 λοῦντες
597 4962 920 5028 διετέλεσαν,
962 4965 1015 5017 τί
1066 4968 1130 5020 σὺ
1156 4969 1223 5036 τῇ
1263 4967 1473 5039 ἀθυμίᾳ
1514 4969 1916 5034 καταϐλάπτεις

345 5054 563 5118 σαυτὸν,
598 5055 691 5107 καὶ
726 5060 899 5119 ποιεῖς
940 5059 1032 5111 τὸν
1079 5060 1484 5130 ἀνταγωνιστὴν
1535 5061 1911 5131 ἰσχυρότερον;

342 5145 386 5196 Τ
389 5145 550 5197 αυτὸν
579 5147 687 5216 γὰρ
738 5151 909 5212 ποιεῖς
931 5192 944 5215 ,
975 5150 1050 5212 ὡς
1090 5151 1157 5204 ἂν
1197 5153 1247 5203 εί
1274 5152 1492 5219 ἔλεγες,
1525 5153 1590 5205 δι’
1634 5153 1700 5223 ἢν
1738 5152 1916 5205 αἰτίαν

341 5235 529 5288 οὐδένα
560 5237 668 5290 τῶν
707 5237 918 5292 θεατῶν
968 5239 1195 5312 πλήττει
1239 5242 1267 5294 ὁ
1313 5243 1754 5313 ἀνταγωνιστὴς,
1799 5241 1915 5297 ἀλλ’

342 5327 503 5380 αὐτὸν
530 5327 622 5380 τὸν
650 5330 1122 5402 ἀπογραψάμενον
1157 5331 1252 5385 καὶ
1279 5334 1360 5395 είς
1385 5333 1446 5386 τὸ
1471 5333 1681 5386 στάδιον
1707 5337 1914 5414 εἰσφοι-

340 5420 615 5489 τήσωτα,
649 5422 740 5492 Μὴ
775 5424 956 5476 τοίνυν
998 5424 1130 5478 ἄλυε
1167 5425 1396 5478 τοιαῦτα
1436 5425 1661 5494 πάσχων
1691 5421 1777 5476 οἷα.
1820 5424 1916 5476 κά-

342 5513 527 5575 κεῖνοι,
566 5531 583 5561 ι
611 5504 685 5565 ὧν
707 5513 808 5567 οὐκ
831 5510 897 5585 ἦν
923 5515 1071 5579 ἄξιος
1095 5517 1123 5569 ὁ
1148 5519 1370 5588 κόσμος
1407 5539 1423 5568 ι
1449 5516 1562 5570 ἀλλ’
1591 5514 1910 5585 εὐφραίνου,

409 5664 428 5694 ⁷
461 5665 623 5721 Hebr.
667 5682 744 5732 χι,
767 5667 857 5722 ⁸58.

669 5756 944 5818 Ριιτιιοι..
992 5756 1108 5816 Gn.
1163 5755 1490 5816 LXXVIII.

2031 3061 2134 3114 tias
2172 3069 2420 3130 oportet,
2473 3060 2728 3116 existimo
2781 3073 2833 3118 te
2879 3078 3040 3128 eum,
3089 3065 3183 3134 qui
3235 3065 3450 3123 labores
3504 3082 3602 3137 pro

2027 3151 2230 3206 virtute
2263 3167 2385 3207 cum
2408 3153 2752 3222 iucunditate
2785 3155 3072 3221 sustineat,
3111 3158 3471 3229 opinetnrque
3513 3161 3600 3214 in.

2025 3251 2214 3313 gentes
2239 3245 2364 3299 inde
2391 3245 2602 3301 fructus
2623 3247 2910 3304 exsistere.
2937 3241 3117 3305 Pauca
3153 3264 3284 3306 vero
3313 3253 3600 3323 scripsisse

2025 3335 2422 3396 animadverto,
2457 3335 2602 3404 quod
2650 3336 2833 3392 doleas
2863 3339 3133 3395 infelicem
3178 3350 3230 3395 te
3259 3341 3328 3395 ab
3362 3343 3602 3399 homini.

2023 3422 2120 3478 bus
2156 3424 2391 3478 censeri.
2440 3422 2633 3480 Nescis
2657 3426 2801 3482 enim
2839 3437 2892 3482 te
2938 3429 3004 3484 iis
3052 3429 3320 3498 indignari
3363 3447 3430 3488 ac
3470 3447 3599 3490 suc.

2021 3528 2268 3580 censere,
2305 3529 2402 3584 pro
2435 3516 2634 3586 quibs
2675 3532 2777 3586 par
2821 3527 2938 3574 erat
2972 3520 3162 3575 laetari.
3217 3522 3274 3577 Si
3308 3523 3449 3578 enim
3489 3539 3599 3581 non

2018 3605 2252 3670 dubitas,
2309 3607 2436 3676 quin
2488 3622 2586 3677 pro
2640 3610 2820 3664 studio
2875 3611 3093 3667 virtutis
3147 3627 3403 3685 magnum
3457 3619 3599 3686 apud

2023 3695 2188 3750 Deum
2232 3707 2282 3752 te
2314 3699 2593 3766 praemium
2630 3709 2866 3766 maneat,
2908 3702 3104 3771 ecquid
3151 3705 3430 3760 hominum
3484 3717 3599 3762 tur¢

2019 3787 2165 3841 baris
2193 3791 2538 3856 suspicione?
2571 3791 2680 3845 Etsi
2731 3794 2809 3846 sic
2841 3793 3087 3848 dedimus
3119 3795 3249 3864 ipsis
3286 3799 3597 3866 suspicandi

2020 3893 2232 3943 ansam,
2261 3881 2510 3948 quodque
2561 3880 2633 3933 ita
2687 3881 2944 3946 sentiant,
2982 3882 3239 3938 facillime
3285 3893 3593 3941 ostendam.

2021 3969 2077 4024 Si
2107 3970 2250 4024 enim
2295 3970 2394 4025 soli
2439 3970 2534 4025 tibi
2569 3983 2779 4033 eorum,
2828 3973 2918 4040 qni
2951 3974 3137 4028 virtuti
3188 3975 3316 4029 dant
3350 3991 3593 4045 cperam,

2020 4061 2070 4115 id
2117 4061 2332 4124 accidit,
2389 4075 2494 4114 non
2545 4060 2708 4115 fuerit
2745 4075 2872 4116 vera
2923 4063 3040 4118 haec
3084 4066 3344 4134 suspicio.
3389 4065 3593 4123 Verum

2018 4152 2304 4206 habuerint
2348 4152 2693 4221 impudentia:
2722 4152 2991 4221 umbram,
3028 4155 3117 4224 qni
3150 4156 3310 4212 rebus
3350 4159 3596 4214 honestis

2019 4243 2300 4298 invident:
2336 4258 2441 4297 non
2493 4251 2670 4296 tamen
2718 4243 2923 4313 primus
2972 4260 3144 4315 neque
3181 4247 3330 4301 solus
3381 4249 3432 4302 in
3493 4251 3594 4305 has

2021 4334 2257 4390 incidisti
2306 4334 2679 4398 calamitates,
2736 4335 2829 4389 sed
2881 4337 3118 4406 optimus
3150 4337 3323 4392 ferme
3365 4341 3595 4410 quisque

2023 4441 2126 4479 non
2171 4427 2330 4480 modo
2364 4424 2506 4495 apud
2538 4423 2899 4492 Christianos,
2938 4426 3030 4481 sed
3066 4427 3133 4498 (si
3175 4429 3461 4500 complecti
3513 4430 3596 4485 fas

2021 4526 2107 4572 est
2137 4531 2327 4572 omnes
2360 4527 2568 4586 gentes,
2611 4526 2669 4571 et
2705 4518 2822 4572 haec
2869 4518 2963 4572 tibi
3004 4520 3172 4574 animi
3224 4524 3594 4577 consternatio

2022 4612 2107 4658 est
2131 4603 2429 4674 eripienda)
2464 4605 2602 4672 apud
2631 4604 2846 4661 Judteos
2876 4606 3003 4661 olim
3035 4617 3090 4663 et
3118 4611 3345 4677 gentiles
3375 4626 3437 4665 ac
3464 4612 3594 4666 bar-

2020 4697 2199 4761 baros,
2231 4697 2540 4752 inciderunt
2576 4697 2751 4751 multi.
2784 4698 2858 4753 Ut
2897 4699 3024 4767 quid
3061 4715 3192 4769 ergo
3216 4703 3594 4759 contristaris?

2021 4782 2078 4837 Si
2109 4785 2255 4839 enim
2287 4785 2360 4839 illi
2398 4796 2655 4855 tanquam
2691 4787 2908 4842 athleta:
2939 4791 3188 4856 generosi
3219 4792 3390 4860 plagis
3421 4794 3592 4863 impo-

2019 4874 2138 4930 sitis
2161 4885 2216 4930 et
2246 4876 2534 4943 vulnerati,
2564 4878 2932 4947 sanguineque
2964 4880 3205 4947 profuso,
3231 4883 3392 4936 etiam
3418 4895 3594 4939 morte

2021 4981 2127 5021 una
2157 4969 2547 5033 occubuerunt,
2580 4977 2634 5023 tn
2673 4969 2799 5038 quid
2839 4971 3052 5023 interim
3084 4973 3247 5026 animi
3291 4974 3594 5044 ahjectione

2021 5071 2073 5112 te
2113 5060 2229 5129 ipse
2281 5060 2453 5123 lzedis,
2509 5059 2803 5129 reddisque
2847 5062 3218 5115 adversarium
3268 5063 3593 5120 fortiorem?

2020 5147 2160 5202 Idem
2190 5151 2331 5203 enim
2369 5149 2502 5203 facis
2543 5163 2607 5204 ac
2647 5150 2690 5204 si
2722 5149 2931 5204 diceres
2973 5169 2986 5204 :
3019 5150 3127 5205 Cur
3171 5155 3436 5208 neminem
3473 5171 3595 5223 spei

2018 5243 2279 5295 ctantium
2319 5241 2659 5295 adversarius
2689 5241 2958 5304 vulnerat,
2996 5243 3086 5296 sed
3139 5245 3313 5312 ipsum
3359 5255 3590 5309 tantum,

2017 5332 2106 5401 qui
2144 5347 2337 5387 nomen
2369 5331 2598 5396 dederit,
2637 5340 2798 5401 atque
2827 5332 2879 5387 in
2919 5327 3151 5388 Stadium
3183 5337 3446 5403 prodeat?
3471 5337 3594 5392 Trio

2017 5425 2147 5478 stari
2178 5425 2376 5490 itaque
2406 5437 2556 5489 cave,
2593 5437 2653 5477 ea
2691 5424 2899 5492 patiens
2939 5438 3056 5492 quae
3085 5427 3322 5493 perpessi
3361 5439 3487 5482 sunt
3531 5431 3586 5494 ii,

2021 5533 2038 5566 ι
2078 5515 2272 5584 quibus
2299 5515 2493 5584 dignus
2539 5529 2645 5569 non
2686 5524 2806 5570 erat
2857 5517 3085 5570 mundus
3111 5515 3166 5583 ";
3199 5535 3218 5590 ρ
3254 5517 3382 5586 quin
3415 5519 3596 5588 potius

3167 5761 3238 5824 43
