4020 6140
498 294 634 365 1359

1602 291 1681 362 lS.
1721 293 2012 356 ISIDORI
2049 292 2480 353 PELUSIOTE

3580 292 3693 356 1360

498 410 642 470 neris
670 415 891 470 luctum.
948 410 1059 466 llic
1077 426 1208 467 vero
1232 426 1328 467 vos
1356 418 1413 467 ut
1443 410 1717 482 improbos
1764 426 1826 467 ac
1873 413 2042 482 perni-

2153 411 2247 462 καὶ
2268 407 2624 479 μηδεπώποτε
2660 407 3030 477 γευσαμένους
3062 406 3235 478 αὐτῆς
3255 408 3572 478 τεθρήνηκε.
3597 412 3692 464 [liv

496 509 691 573 ciosos,
728 508 927 575 quique
958 505 1087 558 nihil
1136 505 1201 557 de
1231 504 1344 573 ipsa
1389 503 1727 571 philosophia
1763 502 2051 572 gustarint,

499 596 812 666 deploravit.
842 594 968 649 .Vos
1026 594 1240 662 quidem
1269 607 1427 647 omne
1473 593 1723 647 vitiorum
1756 608 1943 662 genus,
1973 594 2055 646 di-

497 695 642 739 ctum
673 686 929 739 indictum
949 693 1224 754 patrantes
1255 685 1513 737 inducens
1534 700 1548 751 ;
1568 682 1900 736 contendens
1925 697 2054 736 vero

494 790 593 844 pro
624 775 829 829 viribus
861 774 1078 827 virtutis
1106 770 1304 825 nullam
1339 780 1546 839 partem
1586 771 1638 823 in
1680 778 1913 823 mentem
1963 782 2053 820 vo-

495 865 599 930 bis,
630 878 695 919 ne
726 878 821 933 per
847 864 1115 917 somnium
1144 861 1358 931 quidem
1390 860 1609 914 venisse
1641 871 1831 915 sancte
1851 858 2054 913 conﬁr-

493 962 624 1008 mat.
653 952 805 1020 Quod
843 968 971 1008 vero
1000 952 1291 1006 maximum
1324 960 1600 1021 appareat,
1645 949 1699 1003 id
1746 964 1851 1004 non
1905 948 2054 1018 prius

493 1042 673 1096 dicere
720 1043 984 1096 desinam.
1040 1040 1301 1107 Quoniam
1354 1041 1603 1110 quisquis
1650 1040 1702 1092 in
1750 1039 2050 1092 monodiam

495 1131 635 1185 hanc
678 1130 949 1194 inciderit,
1002 1144 1101 1183 vos
1140 1140 1199 1183 ut
1245 1129 1455 1184 bcllnas‘
1488 1128 1673 1182 noxias
1703 1136 1864 1196 alque
1891 1141 2051 1181 exse-

492 1222 722 1276 crandos
752 1223 1044 1283 daemonas,
1111 1221 1401 1287 hostesque
1453 1218 1751 1273 communis
1811 1218 2049 1270 omnium

491 1322 698 1367 natura:
728 1312 920 1367 merito
956 1322 1267 1366 exsecretur
1316 1329 1328 1364 :
1368 1310 1517 1364 illum
1559 1324 1686 1364 vero
1732 1311 2049 1375 scriptorem

489 1402 756 1471 vituperet
787 1402 928 1471 quod
970 1402 1019 1455 id
1048 1415 1332 1470 aggressus
1372 1401 1444 1455 sit
1486 1407 1880 1467 argumentum,
1910 1401 2051 1465 quod

487 1507 701 1547 summa
731 1493 1074 1547 accuratione
1105 1492 1366 1559 perficere
1390 1490 1727 1560 nequiverit:
1753 1489 1885 1543 adeo
1906 1491 2050 1544 onmi

488 1582 735 1637 oratione
762 1583 1163 1651 scriptioneque
1198 1582 1368 1651 major
1411 1583 1652 1651 nequitia
1698 1592 1878 1638 vestra
1915 1598 2050 1637 cun-

486 1673 593 1729 ctis
621 1681 864 1742 apparet.
902 1671 1108 1740 Singuli
1136 1675 1283 1727 enim
1313 1672 1730 1740 prmtermissum
1765 1674 1833 1728 ab
1860 1673 1953 1730 illo
1976 1675 2053 1727 vi-

2159 502 2258 570 μέν
2285 496 2422 564 εἶδος
2450 501 2858 571 ἁμαρτημάτων
2881 500 3059 570 ῥητῶν
3078 516 3138 552 τε
3170 501 3267 553 καὶ
3294 502 3691 571 ἀρῤήτωνύμᾶς

2154 592 2654 663 διαπραττομένους
2702 592 3047 660 είσαγαγὼν,
3095 590 3205 643 τῶν
3260 590 3318 642 δὲ
3370 590 3470 659 τῆς
3514 592 3690 661 ἀρετῆς

2158 683 2344 753 μερῶν
2373 684 2507 751 μηδέ
2557 685 2637 745 είς
2666 682 2874 735 ἔννοιάν
2912 699 3042 734 ποτε
3077 680 3398 751 ἐληλυθέναι
3439 682 3695 750 ἰσχυρισά-

2157 790 2337 844 μενος.
2371 776 2435 827 Ὃ
2471 772 2528 826 δὲ
2582 774 2840 843 μέγιστον
2871 773 3068 841 φάναι,
3116 770 3274 824 τοῦτο
3318 771 3378 823 οὐ
3426 773 3552 842 πρὶν
3600 773 3694 841 (70)

2154 864 2434 933 παύσομαι
2463 881 2476 894 ο
2512 865 2593 917 ὃτι
2619 865 2847 927 ἕκαστος
2879 864 2989 916 τῶν
3019 863 3451 932 ἐντυγχανόντων
3487 866 3551 931 τῇ
3582 880 3693 933 μον-

2150 953 2286 1024 ῳδία
2312 994 2326 1015 ,
2363 956 2507 1023 ὑμᾶς
2537 956 2633 1024 μὲν
2674 953 2749 1017 ὡς
2793 953 3035 1023 ἀργαλέα
3079 953 3280 1023 θηρία,
3322 955 3419 1005 καὶ
3462 939 3696 1023 δαίμονας

2153 1047 2482 1114 ἀλάστορας,
2510 1046 2606 1099 καὶ
2631 1046 2729 1115 τῆς
2757 1046 2943 1114 κοινῆς
2966 1043 3180 1112 φύσεως
3203 1043 3429 1113 ἐχθροὺς
3452 1043 3695 1113 ἀποστρέ-

2153 1155 2312 1205 φεται
2338 1154 2351 1167 ·
2387 1140 2591 1190 ἐκεῖνον
2609 1137 2666 1188 δὲ
2701 1135 2995 1206 μέμφεται,
3032 1136 3458 1203 ἐπιχειρήσαντα
3498 1134 3609 1202 μὲν,
3634 1135 3696 1203 μὴ

2151 1227 2446 1296 δυνηθέντα
2494 1226 2549 1278 δὲ
2582 1225 2868 1294 ἐφικέσθαι
2919 1226 3019 1297 τῆς
3076 1225 3379 1296 ἀκριϐείας.
3425 1224 3574 1277 Οὕτω
3616 1228 3697 1278 καὶ

2151 1317 2309 1384 λόγου
2358 1315 2556 1378 παντὸς
2606 1317 2700 1368 καὶ
2748 1316 3178 1385 συγγράμματος
3223 1314 3425 1381 μείζων
3474 1315 3505 1383 ή
3548 1314 3697 1365 κακία

2151 1410 2184 1478 ἡ
2239 1408 2483 1477 ὑμετέρα
2537 1409 2702 1460 πᾶσιν
2747 1403 2887 1460 εἶναι
2932 1407 3102 1460 δοκεῖ.
3163 1406 3435 1467 Ἕκαστος
3495 1404 3597 1475 γὰρ
3646 1403 3696 1454 τὸ

2152 1500 2345 1568 ἐκείνῳ
2383 1498 2749 1567 παραλειφθὲν
2782 1497 2939 1566 ὑμῶν
2996 1497 3300 1565 ἁμάρτημα
3355 1492 3695 1563 ἐκκωμῳδῶν,

2152 1593 2359 1643 ἐκεῖνον
2396 1590 2496 1658 μὲν
2530 1587 2793 1658 ἡττῆσθαι
2824 1587 3035 1657 νομίζει
3064 1627 3080 1651 ,
3110 1587 3244 1656 πρὸς
3276 1585 3375 1653 τὴν
3428 1585 3537 1653 (Ἡ)
3562 1583 3697 1652 ὑμῶν

2153 1679 2353 1731 κακίαν
2396 1678 2766 1748 ἀμιλληθῆναι
2800 1676 2877 1747 τῷ
2907 1677 3052 1747 λόγῳ
3083 1676 3454 1745 τολμήσαντα.
3486 1674 3563 1726 Τὰ
3602 1671 3696 1741 γὰρ

484 1760 623 1829 tium
664 1760 1124 1829 reprehendentes
1164 1761 1367 1815 victum
1413 1761 1563 1815 illum
1614 1762 1945 1827 existimant,
1990 1772 2042 1818 ut

2147 1770 2521 1839 ἁμαρτήματα
2552 1768 2707 1837 ὑμῶν
2739 1768 2861 1838 οὐχὶ
2887 1766 3219 1837 συγγνώμης
3252 1766 3436 1835 μόνον,
3467 1762 3595 1817 άλλά
3616 1762 3698 1815 καὶ

489 1867 679 1906 ausum
712 1867 834 1906 cum
889 1854 1082 1908 vestris
1140 1852 1358 1921 ﬂagitiis
1405 1868 1655 1909 sermone
1701 1856 2047 1913 contendere.

489 1943 651 2014 57o
685 1944 924 1999 Crimina
956 1946 1097 1998 enim
1126 1955 1302 1999 vestra
1338 1960 1441 1998 non
1468 1944 1620 1998 venia
1642 1946 1825 2009 modo,
1862 1960 2048 1999 verum

490 2037 652 2089 etiam
686 2035 949 2104 supplicio
977 2036 1253 2103 superiora
1286 2036 1599 2106 maioraque
1641 2036 1906 2107 judicant.
1942 2035 2051 2093 Vos

490 2139 622 2180 vero
655 2141 757 2179 nou
786 2124 978 2195 injuria
1006 2134 1288 2191 accusant,
1312 2125 1461 2195 quod
1476 2141 1651 2196 neque
1677 2128 1942 2197 exemplis
1969 2130 2052 2181 iu-

480 2217 660 2280 ,citati,
707 2230 883 2283 neque
912 2215 1153 2273 asseclas
1183 2218 1449 2286 repertori
1476 2218 1530 2272 in
1562 2226 1641 2272 tot
1684 2226 1939 2289 tantaque
1968 2221 2051 2273 in-

480 2304 735 2359 cideritis
760 2306 974 2369 delicta,
1000 2320 1117 2374 qua!
1135 2321 1317 2370 nemo,
1343 2321 1410 2361 ne
1432 2306 1903 2377 eloquentissimus
1925 2309 2045 2376 qni-

487 2395 631 2461 dem,
656 2397 900 2450 oratione
921 2396 1181 2464 consequi
1216 2396 1442 2451 dicendo
1482 2400 1672 2466 possit.
1717 2397 1916 2453 Verum
1962 2401 2045 2454 vel

2156 1860 2423 1930 τιμωρίας
2461 1860 2675 1929 ἡγεῖται
2719 1855 2861 1911 εἶναι
2897 1857 3139 1928 μείζονα.
3185 1857 3363 1925 ’Υμᾶς
3406 1855 3467 1907 δὲ
3504 1853 3696 1917 κακίζει

2156 1950 2235 2003 ὄτι
2264 1948 2387 2002 οὔτε
2437 1948 2877 2020 παραδείγμασιν
2906 1948 3290 2009 ἐκϐιασθέντες
3314 1989 3329 2010 ,
3364 1946 3482 2000 οὐθ’
3506 1946 3697 2009 ἕξοντες

2153 2040 2279 2101 τοὺς
2333 2038 2741 2108 μιμησομένους
2788 2039 2869 2101 είς
2922 2038 3179 2108 τοιαύτην
3218 2038 3458 2106 ὴλάσατε
3496 2035 3695 2094 κακίαν,

2151 2124 2219 2201 ἦς
2249 2130 2423 2192 οὐδεὶς
2451 2128 2560 2182 τῶν
2610 2129 2749 2198 ἄγαν
2796 2128 3247 2199 πεπαιδευμένων
3287 2128 3400 2199 (79.)
3438 2125 3697 2195 ἐφικέσθαι

2150 2221 2230 2291 τῷ
2251 2222 2393 2292 λόγῳ
2427 2221 2738 2292 δυνήσεται.
2782 2221 2922 2274 Ἀλλ’
2954 2222 3027 2284 ὡς
3060 2221 3366 2292 πράξαντες
3394 2219 3497 2272 ὅσα
3528 2215 3697 2287 μηδεὶς

2148 2310 2256 2365 τῶν
2287 2310 2508 2365 πώποτε
2545 2311 2637 2365 ἐπὶ
2668 2312 3037 2383 παρανομίαις
3077 2311 3445 2383 βεδοημένων,
3476 2309 3573 2363 κᾶν
3615 2306 3699 2375 ἀμ

2149 2419 2300 2465 ποτε,
2331 2404 2654 2475 γνωσιμαχή
2663 2420 2815 2460 σατε.

485 2501 610 2544 sero
640 2487 858 2543 tandem
890 2489 1209 2557 resipiscite,
1245 2502 1311 2543 ac
1334 2486 1702 2558 pmniteamini
1729 2488 1797 2544 de
1823 2490 2051 2558 patratis
2078 2505 2108 2546 a
2150 2492 2363 2548 nemine
2391 2507 2628 2560 unquam
2665 2501 2744 2547 tot
2772 2492 3010 2555 delictis,
3047 2505 3168 2560 quas
3200 2506 3341 2559 saepe
3364 2490 3479 2560 jam
3505 2489 3697 2560 vulgata

487 2578 803 2639 innotescunt
813 2593 852 2637 ι.

831 2691 965 2749 LIV.
992 2721 1065 2733 -—
1095 2690 1359 2750 HEHONI
1387 2694 1702 2753 DIACONO.

2524 2691 2648 2746 NA’.
2681 2720 2749 2731 -
2774 2690 2982 2745 HPQNT
3016 2692 3337 2763 ΑιΑκυΝῼ.

1586 2808 1764 2864 Virtus
1793 2810 2071 2877 sequenda,
2104 2817 2157 2862 ut
2185 2808 2381 2860 hostem
2415 2810 2615 2859 uincas.

554 2938 939 2994 Accusatlones
982 2937 1243 3005 quasdam
1299 2936 1545 2993 refellere
1585 2936 1720 2991 solet
1775 2936 2040 2991 interdum

2234 2935 2412 3000 Ἐνίας
2449 2935 2559 2988 τῶν
2594 2934 2938 3005 κατηγοριῶν
2965 2935 3155 2988 εἴωθεν
3192 2937 3459 3002 ἀπίστους
3486 2942 3645 2992 ποιεῖν
3672 2941 3696 2991 ὁ

481 3030 595 3084 vita
630 3030 797 3099 proba
841 3028 983 3097 ejus,
1013 3028 1104 3097 qui
1130 3029 1185 3082 in
1208 3028 1300 3096 jus
1318 3037 1560 3084 vocatur.
1598 3029 1693 3083 Vir
1726 3028 1906 3097 itaque
1930 3028 2042 3082 bo—

2146 3028 2250 3081 τῶν
2292 3028 2709 3097 ἐγκαλουμένων
2747 3028 2879 3097 βίας.
2931 3028 3198 3091 Πολλάκις
3226 3029 3356 3096 γοῦν
3394 3031 3540 3102 ἀνὴρ
3572 3035 3693 3100 ἀγα-

484 3137 586 3177 nus
613 3130 819 3175 tantum
847 3128 1173 3188 conspectus
1227 3127 1282 3174 et
1316 3120 1554 3175 nondum
1600 3118 1854 3175 defensus
1877 3134 2046 3189 strpe-

480 3226 711 3267 numero
738 3226 841 3265 nou
874 3210 1051 3267 solum
1085 3225 1299 3265 omnem
1346 3210 1566 3279 depellit
1616 3211 2044 3274 accusationem.

483 3312 540 3357 et
574 3300 1038 3365 maledicentiam,
1069 3301 1160 3354 sed
1212 3309 1269 3354 et
1304 3300 1551 3355 laudibus
1581 3307 1806 3354 ornatus
1839 3301 2045 3355 disces-

478 3394 574 3452 sit.
604 3392 781 3459 Quare
799 3392 843 3445 si
870 3390 956 3443 vel
980 3392 1047 3445 ab
1078 3392 1313 3446 inimicis
1337 3393 1554 3462 exigere
1583 3406 1769 3461 pinnas
1793 3392 1896 3457 vis,
1930 3393 2043 3445 vir-

478 3493 648 3540 tutem
681 3483 766 3537 fac
805 3496 1083 3537 exerceas.
1135 3481 1266 3547 Quae
1296 3484 1439 3537 enim
1487 3498 1612 3538 orsa
1661 3491 1786 3537 sunt
1826 3483 2042 3539 laudum

482 3583 693 3627 tuarum
716 3571 1006 3641 praeconia,
1036 3570 1281 3625 hostibus
1306 3585 1466 3641 quam
1490 3584 1663 3641 pinnae
1695 3584 1883 3625 omnes
1910 3573 2040 3639 sint,

481 3662 729 3733 graviora
762 3660 899 3715 fiunt
932 3661 1207 3730 magisque
1241 3662 1458 3717 acerba.

606 3774 719 3832 LV.
749 3805 819 3815 —
844 3772 1413 3830 AGATHODASMONI
1434 3773 1909 3831 GRAMMATICO.

2142 3121 2234 3183 θὸς
2261 3121 2481 3189 ὁραθεὶς
2520 3120 2699 3189 μόνον,
2726 3121 2822 3172 καὶ
2856 3120 2931 3189 μὴ
2969 3119 3453 3191 ἀπολογησάμενος
3476 3164 3490 3186 ,
3515 3125 3573 3177 οὺ
3608 3124 3690 3193 μό-

2146 3230 2235 3266 νον
2273 3214 2456 3265 πᾶσαν
2490 3210 2827 3281 ἀπετρίψατο
2860 3210 3196 3280 κατηγορίαν
3237 3228 3297 3264 τε
3330 3215 3431 3266 καὶ
3477 3232 3697 3285 κακηγο-

2141 3304 2284 3373 ρίαν,
2318 3302 2454 3356 ἀλλὰ
2481 3303 2575 3356 καὶ
2603 3302 2841 3362 ἐπαίνοις
2870 3302 3121 3369 στεφθεὶς
3149 3303 3415 3371 ἀπῆλθεν.
3453 3307 3513 3358 Et
3535 3306 3695 3359 τοίνυν

2143 3394 2321 3464 βούλει
2353 3395 2480 3456 τοὺς
2511 3392 2738 3463 ἐχθροὺς
2775 3393 2902 3454 τοὺς
2944 3391 3144 3443 σαυτοῦ
3199 3391 3357 3455 δίκας
3391 3395 3694 3463 ἀπαιτῆσαι,

2138 3480 2338 3551 ἀρετὴν
2362 3483 2540 3535 ἄσκει.
2571 3480 2652 3532 Τὰ
2675 3479 2785 3550 γάρ
2825 3497 2905 3531 σοι
2933 3479 3084 3549 παρὰ
3122 3480 3339 3533 πάντων
3379 3482 3693 3551 ὑφαινόμενα

2140 3574 2391 3643 ἐγκώμια
2414 3611 2428 3637 ,
2465 3572 2694 3635 ἐκείνοις
2725 3570 2996 3641 τιμωρίας
3030 3571 3249 3639 ἁπάσης
3288 3573 3410 3625 ἐστὶ
3437 3572 3693 3645 βαρύτερά

2138 3682 2197 3719 τε
2237 3666 2332 3719 καὶ
2365 3665 2687 3735 πικρότερα.

2278 3774 2405 3827 NE'.
2440 3803 2510 3815 —
2537 3770 3042 3826 ΑΓΑΘΟΔΑῙΜΟΝΙ
3080 3770 3563 3843 ΓΡΑΜΜΑΤΙΚῼ.

1492 3890 1753 3946 Avaritia:
1780 3887 2078 3945 detestatio.
2105 3883 2322 3957 (Confer
2352 3883 2451 3952 inf.
2474 3882 2569 3953 lep.
2603 3881 2717 3951 67.)

548 4025 605 4084 Si
631 4026 868 4084 nonnulli
902 4034 1007 4081 tuae
1024 4022 1218 4080 traditi
1249 4021 1564 4091 disciplinae,
1596 4021 1793 4076 furoris
1834 4019 2033 4073 rabiei-

474 4132 579 4185 que
623 4117 762 4187 pleni
797 4116 1035 4172 insolens
1066 4114 1195 4183 quid
1237 4125 1302 4166 ac
1338 4119 1535 4179 praeter
1580 4109 1916 4177 disciplinam
1951 4115 2033 4160 at-

477 4210 753 4272 tentarint,
805 4206 905 4261 hos
961 4206 1105 4259 ferro
1154 4202 1396 4264 retrahe,
1447 4199 1849 4267 silentiumque,
1882 4214 1949 4253 ne
1976 4199 2031 4253 in

444 4320 445 4325 π
473 4312 713 4368 pmceps
742 4296 1009 4359 ferantur,
1034 4294 1265 4360 impera.
1292 4291 1349 4344 Si
1378 4304 1508 4345 vero
1547 4293 1893 4359 pecuniarum
1938 4288 2032 4342 fla-

2208 4016 2270 4068 Εί
2301 4017 2400 4086 μέν
2427 4030 2570 4077 τινες
2596 4013 2704 4067 τῶν
2723 4013 2828 4067 ὑπὸ
2844 4012 2937 4066 σοῦ
2964 4015 3389 4084 ἡνιοχουμένων,
3421 4015 3615 4085 λύσσης
3638 4031 3686 4066 τε

2137 4107 2230 4157 καὶ
2280 4103 2456 4174 ἀφροῦ
2510 4102 2701 4172 μεστοὶ
2755 4103 3136 4171 τυγχάνοντες,
3164 4104 3448 4173 άγέρωχόν
3511 4121 3558 4155 τι
3608 4104 3688 4154 καὶ

2138 4194 2289 4265 παρὰ
2324 4197 2425 4263 τὴν
2452 4194 2607 4262 ἡνίαν
2640 4192 2933 4262 πράττοιεν
2958 4232 2973 4255 ,
3008 4192 3337 4262 ἀνασείραζε
3366 4193 3585 4256 τούτους
3609 4194 3689 4245 καὶ

2139 4282 2477 4353 ἐπιστόμιζε,
2522 4282 2607 4335 ἵνα
2649 4282 2723 4352 μὴ
2761 4283 2905 4334 κατὰ
2932 4283 3195 4352 κρημνῶν
3230 4284 3521 4353 ἐνεχθείεν.
3556 4285 3613 4336 Et
3636 4282 3685 4334 δὲ

472 4402 632 4457 grare
663 4387 866 4441 sentias
904 4400 1114 4446 amore,
1146 4384 1232 4436 dic
1270 4381 1337 4435 iis
1374 4381 1589 4435 assidue
1618 4396 1632 4434 :
1676 4380 1870 4448 Ecqua:
1894 4394 2029 4433 nova

2146 4375 2435 4445 χρημάτων
2474 4373 2681 4426 αἴσθοιο
2727 4374 2985 4443 ἐραστὰς,
3012 4374 3103 4425 ἀεὶ
3148 4372 3303 4441 λέγει
3337 4375 3437 4438 Τίς
3483 4378 3515 4445 ὴ
3547 4374 3687 4439 καινὴ

473 4479 589 4531 haec
641 4486 697 4529 et
724 4474 953 4530 absurda
988 4473 1140 4541 plura
1192 4470 1423 4524 habendi
1458 4469 1767 4538 cupiditatis
1794 4471 2028 4525 amentia

2146 4468 2229 4518 καὶ
2255 4464 2566 4534 παράλογος
2588 4462 2689 4533 τῆς
2716 4463 3145 4533 φιλοχρηματίας
3165 4463 3351 4533 μανία,
3451 4464 3511 4515 τὸ
3538 4479 3688 4533 προσ-

471 4564 589 4620 est?
614 4562 725 4618 Cur
755 4562 949 4631 injecta
981 4558 1210 4614 materie
1235 4573 1298 4611 ac
1325 4557 1511 4612 fomite
1540 4558 1782 4627 subjecto
1801 4556 2029 4626 amplior

471 4655 533 4709 ﬁt
563 4654 872 4725 possidendi
923 4650 1121 4705 ardor?
1152 4647 1396 4717 Undique
1435 4651 1579 4702 enim
1620 4647 1852 4716 rapiens,
1887 4662 2025 4699 nun-

470 4762 631 4815 quam
676 4745 941 4814 expletur.
991 4742 1260 4809 Quantum
1323 4742 1368 4795 si
1441 4741 1677 4809 capitum
1739 4739 2025 4792 multorum

470 4838 637 4909 hydra
669 4837 873 4891 infinita
898 4835 1097 4889 habeat
1124 4847 1243 4898 ora,
1277 4832 1473 4901 quibus
1493 4831 1671 4885 cibum
1704 4830 1755 4883 in
1787 4838 2023 4882 ventrem

470 4928 843 4998 inexplebilem
882 4926 1152 4989 demittat,
1191 4934 1341 4979 tanto
1359 4924 1478 4992 plus
1509 4930 1748 4992 appetat,
1774 4929 1829 4974 et
1869 4918 2023 4988 quasi

470 5020 600 5075 nihil
622 5029 774 5073 antea
807 5017 1097 5087 acceperit.
1127 5015 1326 5086 Ecquis
1355 5015 1516 5085 igitur
1555 5013 1811 5067 cordatus
1838 5012 2026 5080 hujus-

2133 4556 2412 4625 τιθέμενον
2461 4553 2562 4622 ὕλη
2623 4553 2717 4606 καὶ
2774 4553 3113 4622 ὑπέκκαυμα
3161 4552 3260 4621 τῆς
3319 4552 3417 4605 τοῦ
3462 4552 3687 4613 πλείονος

2127 4645 2358 4714 ὀρέξεως
2396 4645 2675 4712 γίγνεται;
2717 4644 2954 4697 Πάντοτε
2985 4644 3095 4713 γὰρ
3123 4644 3410 4714 δεχομένη,
3448 4643 3685 4698 οὐδέποτε

2129 4736 2465 4805 πληροῦται’
2515 4728 2628 4787 οἷον
2684 4736 2741 4788 δέ
2796 4751 2881 4797 τις
2913 4734 3286 4801 πολυκέφαλος
3313 4734 3453 4806 ὕδρα
3494 4734 3689 4805 μυρίοις

2130 4828 2359 4896 στόμασι
2402 4825 2498 4895 τὴν
2544 4826 2751 4895 τροφὴν
2794 4827 2862 4896 τῇ
2908 4826 3107 4896 γαστρὶ
3153 4828 3217 4896 τῇ
3267 4826 3555 4897 ἀκορέστῳ
3597 4840 3687 4875 πα·

2131 4921 2494 4989 ραπέμπουσα
2519 4958 2534 4983 ,
2590 4920 2845 4972 τοσοῦτον
2893 4920 3062 4989 αὐτῆς
3122 4921 3379 4987 ὀρέγεται
3434 4918 3617 4984 πλέον,
3658 4913 3687 4983 ἢ

2128 5012 2250 5063 ὅσον
2282 5011 2433 5063 οὐδὲν
2472 5011 2519 5062 εί
2553 5011 2703 5081 παρά
2729 5010 2828 5080 τὴν
2857 5010 3031 5080 ἀρχὴν
3060 5010 3297 5077 ἐδέξατο.
3324 5011 3426 5072 Τίς
3454 5006 3550 5063 οὖν
3573 5007 3688 5060 ταύ-

1548 5185 1782 5241 ἾΑΙὶΙᾹΞ
1820 5182 2199 5240 LECTIONES
2238 5186 2323 5240 ET
2360 5184 2591 5241 NOTIE.

469 5365 589 5419 μοις
630 5347 893 5419 Siquidem
926 5346 1188 5419 meliorem
1221 5352 1451 5419 metuent
1474 5342 1728 5419 indicaris,
1748 5341 2019 5419 ‘goudebo,

464 5410 519 5470 in
548 5410 922 5487 Pythdgoricus
952 5416 1162 5487 quidam
1194 5412 1527 5487 philosophus
1568 5410 1765 5487 jlfysisj
1798 5410 2018 5487 dicebat,

465 5502 578 5537 cum
593 5479 836 5555 'prol'npsi
870 5479 1076 5555 sedulis
1108 5479 1267 5536 vicem
1293 5482 1527 5555 lugeret."
1561 5481 1654 5530 Sin
1696 5481 1887 5543 minus,
1933 5480 2019 5532 ille
2117 5479 2193 5533 lo.

465 5547 666 5619 quidem
690 5547 916 5621 scripsit,
949 5553 1077 5604 mihi
1112 5547 1449 5621 mortuusies.
1496 5547 1736 5621 _S_cut_)_'r1'_.

2120 5341 2226 5395 Alt.
2257 5342 2503 5394 inserunt
2530 5342 2721 5393 εἰπεῖν.
2758 5340 2964 5396 Possm.

2188 5411 2301 5479 (71)
2339 5411 2469 5465 Post
2496 5410 2631 5479 πρὸς
2663 5410 2761 5480 τὴν
2793 5414 2912 5466 cod.
2936 5410 3043 5466 Alt.
3076 5410 3223 5465 addit
3253 5407 3683 5481 ἀφθαστον(εὲε).

2175 5549 2295 5618 (79.)
2335 5547 2791 5618 Πεπαιδευμένων
2842 5547 2921 5618 in;
2952 5549 3207 5617 prmsenti
3254 5548 3489 5605 efferunt
3535 5546 3683 5601 ambo

536 5623 645 5693 (70)
683 5615 827 5676 Inter
858 5615 987 5688 πρίν
1019 5630 1071 5674 et
1100 5618 1377 5686 παύσομαι
1415 5618 1569 5672 codd.
1612 5615 1783 5672 Vatic.
1824 5616 1928 5669 650
1962 5626 2016 5671 ct

2146 5615 2283 5671 odd.
2305 5615 3051 5685 scribentesstottdsuoitévuw.
3089 5618 3166 5673 Ib.
