4020 6140
330 345 467 413 1361

1258 344 1799 404 EPISTULARUM
1844 344 1987 402 LIB.
2030 344 2096 402 V.
2137 367 2204 377 --
2239 344 2475 403 EPIST.
2519 346 2641 403 LX’

3430 333 3563 404 1362

323 476 426 531 της
459 454 519 511 εὖ
564 455 776 527 φρονῶν
804 455 976 509 ἕλοιτο
1007 448 1148 507 εἶναι
1186 456 1440 526 ἐραστὴς,
1476 457 1571 524 τῆς
1606 454 1884 508 κάνταῦθα

2001 453 2131 507 modi
2179 454 2295 508 vitii
2343 456 2611 510 sustineat
2659 454 3075 511 esse'amator?
3122 450 3264 520 quod
3335 458 3389 503 et
3457 462 3561 500 non

323 550 403 618 τῷ
437 550 513 619 μὴ
543 546 895 619 κορέννυσθαι
928 546 1265 616 κολαζούσης
1288 548 1381 599 τὸν
1410 548 1627 613 ἁλόντα,
1659 549 1883 601 κάκεῖσε

324 642 404 703 είς
430 640 492 693 τὸ
518 639 779 694 ἄσϐεστον
811 638 924 708 πῦρ
956 638 1434 709 παραπεμπούσης
1458 655 1473 705 ;

807 838 948 905 Nq'.
978 867 1048 878 —
1081 837 1398 907 ΔυΜΕΤΙῼ.

1993 544 2257 611 explendo
2277 559 2435 610 quem
2465 545 2630 599 semel
2652 545 2878 615 ceperit,
2906 545 2984 599 sic
3011 544 3214 613 puniat,
3246 547 3303 595 ut
3328 545 3383 591 et
3405 545 3565 591 reter-

1998 635 2081 687 nis
2144 633 2439 689 inferorum
2496 635 2744 703 ignibus,
2794 638 2886 705 qui
2945 633 3211 702 exstingui
3270 635 3562 696 nequeant,

1995 723 2228 779 addicat.

2481 837 2610 893 LVI.
2665 868 2735 879 -ι-
2776 836 3074 897 DOMITIO.

1416 942 1567 998 Beati
1596 942 1688 1013 qui
1726 945 2132 1012 persecutionem
2166 947 2462 1012 patiuntur.

393 1065 469 1118 Οὐ
500 1065 598 1117 τὸν
628 1065 806 1134 πάντη
830 1065 939 1117 τῶν
965 1064 1231 1118 εἰωθότων
1252 1064 1364 1126 τοῖς
1391 1056 1702 1132 ἀνθρώποις
1729 1059 1883 1111 ἀνια-

328 1158 436 1228 ρῶν
472 1156 789 1228 συμϐαίνειν
828 1156 1142 1226 ἀπείρατον,
1198 1156 1461 1225 μακάριον
1491 1147 1631 1206 εἶναι
1669 1150 1719 1203 οἱ
1755 1148 1889 1201 πολ-

324 1251 405 1302 λοί⁵
432 1248 713 1317 νομίξουσι
755 1246 937 1317 (τοῦτο
973 1248 1084 1317 γὰρ
1128 1247 1438 1314 ἀδύνατον),
1473 1245 1611 1299 ἀλλὰ
1654 1244 1746 1296 τὸν
1786 1241 1893 1295 ὀλί-

324 1358 434 1409 γων
467 1340 860 1410 μετεσχηκότα.
905 1340 1005 1394 Διὰ
1054 1340 1163 1409 γὰρ
1218 1339 1423 1409 πλῆθος
1464 1336 1780 1406 συμφορῶν,
1831 1333 1887 1387 αἳ

322 1435 447 1496 τοὺς
492 1432 787 1494 «πλείστους
837 1432 1277 1496 καταελύζουσι,
1320 1430 1589 1501 μακάριον
1636 1427 1729 1480 τὸν
1780 1425 1889 1478 ὀλίο

322 1543 437 1592 γοις
483 1525 595 1595 (75)
644 1523 1125 1593 προσομιλήσαντα
1172 1518 1313 1575 εἶναι
1354 1520 1643 1591 ὁρίζονται.
1696 1518 1889 1584 Ἡμεῖς

322 1615 379 1668 δὲ
416 1614 507 1667 καὶ
563 1613 654 1666 τὸν
702 1612 872 1665 πολλὰ
928 1612 1023 1681 μὲν
1062 1610 1188 1681 τῇδε
1235 1609 1582 1673 πεπονθότα,
1625 1604 1889 1674 γενναίως

320 1707 376 1758 δὲ
420 1703 708 1773 ἐνηνοχότα
731 1742 745 1767 ,
776 1702 870 1754 τοῦ
904 1702 1060 1767 όλίγα
1095 1700 1424 1761 πεπονθότος
1461 1697 1661 1768 μᾶλλον
1708 1710 1889 1765 μακα-

2063 1063 2294 1118 Felicem
2328 1066 2547 1133 quidam
2594 1048 2911 1119 existimant
2964 1079 3068 1119 non
3120 1080 3263 1131 eum,
3293 1065 3385 1136 qui
3433 1064 3565 1120 nihil

1999 1154 2393 1220 molestiarum,
2438 1155 2634 1224 quibus
2675 1156 2983 1210 mortalium
3018 1157 3249 1211 obnoxia
3306 1155 3414 1208 vita
3458 1165 3564 1214 est,

1998 1247 2167 1299 sensit
2192 1261 2430 1315 unquam
2472 1248 2546 1317 (id
2575 1248 2718 1302 enim
2769 1248 2884 1303 ﬁeri
2934 1262 3039 1302 non
3072 1247 3290 1317 potest),
3345 1248 3438 1300 sed
3471 1246 3560 1314 qui

1997 1350 2158 1403 quam
2190 1337 2428 1391 minimis
2458 1346 2683 1405 urgetur
2715 1337 2892 1393 malis.
2921 1338 3297 1392 Calamitatum
3325 1336 3466 1391 enim
3496 1336 3566 1388 ob

1993 1430 2224 1498 copiam,
2264 1428 2461 1499 quibus
2485 1428 2724 1498 plerique
2761 1428 3161 1491 circumﬂuunt,
3198 1428 3415 1483 beatum
3442 1440 3567 1494 pro-

1996 1518 2268 1582 nuntiant,
2303 1519 2392 1585 qui
2430 1520 2771 1586 paucissimis
2810 1520 3041 1574 lzeditur.
3092 1517 3201 1572 Nos
3230 1531 3360 1571 vero
3387 1513 3567 1587 [Chri-

1994 1608 2176 1677 stiani]
2205 1617 2259 1660 et
2290 1608 2454 1661 multa
2482 1609 2701 1678 quidem
2738 1625 3077 1679 perpessum,
3125 1607 3346 1663 excelso
3385 1617 3565 1661 tamen

1995 1699 2179 1752 animo
2202 1698 2541 1764 tolerantem,
2573 1701 2732 1771 longe
2757 1702 3004 1756 ducimus
3027 1700 3323 1755 feliciorem
3359 1714 3445 1765 eo,
3472 1698 3565 1766 qui

324 1794 563 1866 ρίζομενο
595 1797 677 1848 ὅτι
711 1794 843 1861 πρὸς
891 1792 957 1845 τὰ
1006 1792 1360 1859 παλαίσματα
1401 1790 1495 1841 καὶ
1526 1789 1575 1840 οἰ
1621 1786 1876 1855 στέφανοι

2001 1787 2188 1841 nodica
2216 1787 2515 1855 pertulerit.
2552 1788 2684 1842 Nam
2728 1796 2782 1845 et
2819 1788 3064 1844 luctaturi
3102 1803 3313 1843 corome
3343 1803 3409 1843 ex
3449 1802 3565 1841 me-

325 1885 640 1949 πλέκονται,
673 1883 767 1937 καὶ
791 1884 902 1945 τοῖς
936 1882 1119 1944 ἄθλοις
1146 1880 1215 1932 τὰ
1248 1879 1459 1933 ἔπαθλα
1484 1875 1786 1931 ἀκολουθεῖ.

604 1996 727 2053 NZ'.
762 2027 835 2037 —
864 1996 1110 2065 ΖΩΣΙΜῼ
1143 1993 1609 2064 ΠΡΕΣΒΥΤΕΡῼ.

1994 1876 2097 1929 rito
2120 1875 2435 1942 obveniant,
2462 1886 2514 1931 et
2540 1888 2813 1933 certantes
2848 1896 2943 1934 sua
2972 1880 3192 1949 praemia
3216 1879 3564 1933 comitantur.

2130 1984 2287 2056 571
2336 1986 2492 2041 LVII.
2536 2016 2609 2027 -
2648 1956 2900 2045 Zosruo
2951 1987 3426 2046 rnusnvrnno.

1480 2109 1525 2161 A
1560 2109 1703 2162 uitiis
1735 2106 2049 2161 dehortatur
2073 2116 2120 2157 et
2151 2106 2404 2172 nequitia.

393 2231 638 2303 Κηλίδα,
672 2228 768 2282 καὶ
807 2228 1021 2299 μίασμα
1043 2269 1057 2294 ,
1092 2229 1188 2281 καὶ
1212 2227 1368 2295 ἄγος,
1408 2227 1503 2279 καὶ
1537 2226 1589 2278 τί
1629 2224 1739 2295 γὰρ
1764 2224 1913 2293 οὐχὶ,

322 2324 429 2377 τῶν
473 2322 752 2391 προδήλων
792 2319 1035 2390 αἰσχρῶν
1090 2317 1447 2387 ὀνομάζοντές
1503 2316 1564 2369 σέ
1607 2332 1788 2380 τινες,
1843 2309 1889 2367 ὦ

326 2415 536 2486 σχέτλιε
584 2413 834 2483 Ζώσιμε,
866 2412 1171 2483 περιίασινς
1213 2409 1307 2473 οὓς
1352 2408 1476 2462 οὔτε
1514 2408 1724 2478 καιρὸς,
1766 2405 1888 2460 οὕτε

322 2505 383 2557 τὸ
410 2502 585 2567 πάθος
626 2502 973 2571 ἐπιστομίσαι
1002 2500 1250 2563 δύναται,
1290 2499 1507 2553 πάντων
1548 2496 1890 2568 μαρτυρούν-

320 2612 428 2648 των
457 2593 564 2647 τῶν
600 2594 905 2647 ἀκουόντων
926 2631 941 2655 ,
972 2591 1049 2654 ὼς
1072 2592 1230 2659 ὀλίγα
1257 2591 1378 2643 ἀντὶ
1410 2588 1643 2652 πολλῶν,
1675 2588 1769 2641 καὶ
1804 2605 1893 2640 σεο

324 2686 432 2756 μνὰ
478 2685 601 2739 ἀντὶ
644 2684 885 2754 αἰσχρῶν
923 2683 1209 2754 φράζουσι.
1251 2682 1451 2735 Σκόπει
1496 2680 1697 2745 τοίνυν,
1742 2681 1890 2743 ὅπως

320 2778 541 2842 τούτους
559 2776 940 2847 ἐπιστομίσῃςο
963 2775 1332 2845 ὲπιστομίσεις
1359 2772 1437 2837 δὲ,
1466 2773 1514 2824 εί
1543 2772 1769 2825 παύσοιο
1790 2773 1888 2840 τῆς

319 2864 619 2933 ἀκορέστου
653 2864 943 2934 ῥᾳθυμίας.

639 2977 771 3029 Νιιι.
807 3005 875 3017 --
903 2974 1224 3045 ΕΠΙΦΛΝῘῼ
1252 2975 1572 3045 ΔΙΔΚΟΝῼ.

2062 2221 2345 2288 Probrum,
2384 2222 2649 2291 piaculum
2681 2238 2744 2278 ac
2772 2225 2966 2288 scelus,
2993 2236 3047 2279 et
3076 2224 3201 2294 quid
3240 2238 3344 2279 non
3380 2233 3569 2279 contu-

1990 2316 2197 2371 meliosl
2227 2317 2460 2372 nominis
2484 2318 2602 2379 tibi,
2626 2332 2658 2370 ο
2689 2318 2853 2372 miser
2902 2318 3135 2384 Zosime,
3163 2319 3404 2387 quidam,
3440 2318 3566 2371 dum

1990 2408 2274 2475 accedunt,
2312 2409 2632 2477 imponunt?
2660 2424 2885 2478 quorum
2934 2424 3106 2480 neque
3136 2418 3363 2477 tempus,
3396 2420 3569 2476 neque

1991 2503 2183 2572 pathos
2202 2501 2463 2556 obturare
2488 2516 2550 2557 os
2584 2513 2767 2570 queat,
2812 2503 3244 2558 contestantibus
3294 2500 3564 2563 omnibus,

1996 2595 2086 2661 qui
2121 2595 2370 2658 audiunt,
2407 2602 2463 2647 ut
2490 2608 2659 2662 pauca
2703 2593 3114 2664 multis,gravia
3149 2594 3391 2662 turpibus
3421 2605 3573 2660 repo-

1996 2694 2146 2738 nant.
2171 2684 2352 2750 Quare
2376 2684 2519 2750 vide,
2564 2700 2669 2755 qua
2700 2685 2909 2739 ratione
2937 2684 3208 2739 silentium
3244 2683 3350 2736 illis
3392 2682 3567 2751 impo-

1997 2789 2115 2829 nas.
2152 2775 2398 2844 lmpones
2425 2786 2603 2829 autem
2649 2775 2695 2829 si
2742 2776 2810 2829 ab
2840 2773 3136 2828 insatiabili
3188 2773 3291 2827 hac
3333 2769 3569 2840 nequitia

1997 2865 2254 2920 cessabis.
2692 2878 2699 2881 '

2268 2977 2448 3035 Lvut.
2480 3009 2550 3019 —
2578 2977 2942 3034 EPIPHANO
2969 2974 3282 3064 bneque.

1314 3090 1461 3159 [Spes
1489 3092 1611 3144 vita:
1637 3092 1889 3147 anchora.
1927 3091 2146 3164 (Confer
2170 3112 2253 3164 ep.
2283 3096 2350 3150 50
2390 3106 2438 3150 et
2468 3096 2619 3167 271.)

404 3212 469 3266 Ἦ
508 3212 587 3275 εἰς
623 3211 720 3280 τὴν
750 3210 962 3281 ἄμαχον
1005 3207 1101 3261 τοῦ
1140 3208 1207 3261 τὰ
1237 3208 1416 3261 πάντα
1455 3207 1789 3287 οίακίξοντος
1818 3208 1895 3261 δε-

2079 3210 2233 3281 Spes,
2276 3228 2393 3281 quae
2424 3220 2509 3267 est
2535 3214 2601 3267 ad
2646 3212 2903 3269 invictam
2929 3213 3209 3266 dexteram
3241 3219 3433 3265 cuncta
3471 3224 3571 3279 gu-

326 3304 444 3373 ξιὰν
470 3304 642 3366 ἐλπὶς,
677 3302 736 3354 ού
771 3300 931 3368 μόνον
958 3299 1058 3369 τὴν
1091 3298 1199 3350 τῶν
1232 3297 1532 3366 μελλόντων
1563 3297 1739 3350 ὠδίνει
1763 3298 1896 3352 ἀπό-

325 3394 535 3453 λαυσιν,
563 3390 698 3444 ἀλλὰ
728 3390 821 3442 καὶ
858 3389 984 3451 τοὺς
1013 3387 1287 3457 παρόντας
1314 3388 1651 3456 ἐπικουφίζει
1680 3390 1891 3453 πόνους.

338 3482 495 3550 Ῥᾷον
530 3482 643 3551 γάρ
679 3497 765 3542 τις
796 3477 954 3549 φέρει
992 3479 1117 3539 τοὺς
1152 3476 1347 3540 ἄθλους
1381 3481 1446 3547 τῇ
1479 3477 1587 3530 τῶν
1622 3480 1900 3549 στεφάνων

328 3572 503 3627 ὲλπίὲ).
542 3570 931 3642 πτερούμενος.
969 3570 1032 3622 El
1076 3569 1257 3622 τοίνυν
1291 3568 1575 3622 κάνταῦθα
1605 3571 1737 3639 ἡμῖν
1778 3586 1902 3623 συν-

330 3662 652 3731 αγωνίζεται
695 3663 790 3714 καὶ
833 3662 1131 3731 συμμαχεῖ,
1177 3661 1398 3713 κάκεῖσε
1426 3661 1711 3729 στεφάνοις
1753 3663 1901 3732 ἡμᾶς

331 3756 528 3822 κοσμεῖ
551 3753 647 3806 καί¹
678 3752 961 3824 φαιδρύνει
982 3793 997 3817 ,
1030 3754 1125 3806 καὶ
1154 3752 1531 3816 ἀποϐλέπτους
1571 3754 1703 3822 παρ’
1735 3754 1903 3822 ἀγγέ-

330 3844 443 3904 λοις
472 3842 567 3895 καλ⁸
595 3842 901 3912 ἀνθρώποις
935 3843 1270 3914 καθίστησι,
1308 3843 1512 3913 ταύτην
1560 3844 1903 3913 περιπτυξὼ-

336 3932 498 4003 μεθα,
529 3932 625 3985 καί¹
647 3935 895 3987 σύνοικον
918 3934 1143 4004 ,ἔχωμεν
1169 3936 1263 3988 καὶ
1293 3934 1687 4005 ὁμοτράπεζον.

629 4045 757 4101 ΝΘ’.
784 4075 853 4085 --
876 4045 1079 4099 ΘΕΩΝῙ
1119 4045 1590 4116 ΠΡΕΣΒΥΤΕΡῼ.

2003 3302 2306 3368 bernantis,
2346 3318 2454 3359 non
2483 3303 2657 3359 solum
2691 3303 2744 3358 in
2781 3302 3021 3361 futurum
3048 3303 3191 3373 parit
3224 3303 3573 3369 voluptatem,

2002 3394 2095 3450 sed
2120 3405 2175 3449 et
2202 3395 2483 3462 praesentis
2520 3396 2642 3450 vita:
2680 3394 2923 3450 sublevat
2963 3395 3193 3449 labores.
3222 3391 3403 3447 Facile
3432 3392 3575 3447 enim

2002 3487 2124 3556 quis
2170 3488 2525 3541 certaminum
2561 3485 2773 3541 labores
2819 3484 3071 3551 sustinet,
3112 3484 3201 3554 qui
3256 3497 3575 3539 coronarum

2001 3592 2066 3632 ac
2099 3578 2443 3646 praemiorum
2475 3592 2570 3646 spe
2598 3578 2808 3634 nititur.
2838 3579 2893 3633 Si
2936 3578 3051 3633 huic
3081 3577 3261 3646 itaque
3294 3575 3576 3630 uobiscum

2002 3667 2091 3721 hic
2120 3676 2291 3721 certat
2319 3678 2373 3721 et
2403 3678 2625 3737 pugnat,
2651 3668 2724 3722 ibi
2764 3683 2892 3722 vero
2916 3667 3131 3722 coronis
3157 3673 3387 3720 exornat
3414 3672 3577 3731 atque

2002 3757 2289 3822 cxhilarat,
2337 3759 2785 3826 venerandosque
2834 3759 3037 3829 angelis
3069 3766 3229 3827 atque
3271 3752 3581 3810 hominibus

2001 3863 2101 3904 nos
2127 3850 2440 3915 constituat,
2483 3849 2620 3904 hanc
2647 3848 3069 3919 complectamur
3098 3856 3152 3903 et
3191 3860 3375 3901 mensa
3405 3851 3574 3898 tecto-

2002 3954 2107 4009 que
2134 3939 2487 4007 excipiamus.

2264 4052 2401 4107 LIX.
2427 4083 2499 4094 —
2535 4051 2794 4108 THEONI
2840 4047 3317 4108 PRESBYTERO.

1249 4163 1503 4231 Asperius
1538 4164 1670 4221 nihil
1701 4175 1775 4219 est
1806 4167 1996 4223 humili
2029 4186 2149 4226 cum
2185 4174 2352 4243 surgit
2386 4173 2440 4227 in
2471 4172 2660 4226 altum.

406 4280 496 4351 Μὴ
526 4279 644 4334 λίαν
682 4279 1016 4348 ἐκπλήττου,
1065 4278 1200 4348 μηδὲ
1240 4278 1522 4348 θαύμαζε,
1570 4282 1621 4335 εἰ
1662 4282 1911 4354 Ζώσιμος

337 4373 445 4427 ἀπὸ
468 4373 776 4439 οἰκετικῆς,
812 4371 887 4434 ὼς
932 4371 1071 4441 φὴς,
1116 4372 1269 4442 ῥίζης
1308 4372 1630 4445 ὁρμώμενος
1655 4378 1911 4446 φανητιᾷ,

2086 4286 2201 4342 Noli
2223 4288 2440 4359 percelli
2477 4296 2568 4343 aut
2598 4287 2881 4353 admirari,
2930 4287 2975 4343 si
3011 4285 3259 4341 Zosimus
3301 4283 3471 4352 stirpe
3519 4296 3580 4335 se

2003 4378 2236 4448 jactans,
2268 4389 2327 4434 ut
2362 4380 2580 4444 scribis,
2612 4388 2666 4435 et
2712 4380 2912 4449 aliquis
2951 4379 3119 4433 videri
3158 4378 3403 4447 cupiens,
3445 4374 3581 4429 nihil

338 4466 430 4515 καὶ
459 4465 681 4532 μέτριον
720 4462 877 4515 οὐδὲν
909 4465 1113 4531 φρονεῖ.
1144 4463 1313 4516 Είωθε
1340 4463 1448 4533 γὰρ
1470 4465 1504 4533 ἡ
1546 4467 1674 4535 παρ’
1712 4466 1895 4521 ἐλπίδα

2010 4471 2185 4540 sapiat
2216 4470 2502 4526 moderari.
2532 4470 2661 4536 Quae
2688 4472 2831 4526 enim
2858 4470 3132 4539 insperata
3165 4468 3363 4523 accidit
3408 4466 3581 4522 felici-

338 4555 607 4625 εὐημερία
637 4554 763 4615 τοὺς
793 4554 1209 4622 ἀνοηταίνοντας
1240 4554 1371 4625 πρὸς
1400 4552 1559 4624 ὕϐριν
1592 4556 1833 4626 τρέπειν.

716 4667 793 4721 Ξ’.
825 4696 896 4707 ——
920 4667 1151 4722 IEPAKI
1185 4668 1504 4737 ΔΙΔΚΟΝῼ.

2017 4569 2119 4626 tas,
2151 4575 2213 4616 ea
2246 4560 2628 4615 contumeliam
2662 4562 2777 4616 fere
2810 4560 3055 4616 attrahit.

2345 4671 2460 4727 LX.
2499 4704 2570 4717 —
2625 4673 2899 4730 lllERACl
2930 4671 3247 4730 DIACONO.

1598 4805 1602 4808 ~
1645 4782 1800 4835 Amat
1834 4784 2046 4837 victoria
2073 4799 2276 4839 curam.

416 4873 626 4941 Σφόδρα
657 4870 959 4940 ἀπατῶμεν
987 4871 1236 4933 ἑαυτοὺς,
1266 4870 1361 4923 καὶ
1386 4869 1863 4941 παραλογιζόμεθα
1888 4912 1903 4935 ,

2089 4871 2254 4927 Valde
2304 4873 2665 4942 nosmetipsos
2715 4872 3031 4941 decipimus,
3086 4871 3326 4940 falsaque
3383 4872 3582 4926 utimur

348 4966 396 5017 εί
446 4962 611 5030 μηδὲν
659 4962 992 5031 πράττοντες
1042 4955 1117 5015 ῶν
1161 4962 1432 5031 προσήκει
1472 4962 1736 5032 πράττειν
1782 4962 1895 5025 τοὺς

2017 4963 2454 5029 ratiocinatione,
2515 4964 2560 5017 si
2609 4962 2744 5017 nihil
2778 4971 2996 5032 agentes
3037 4969 3244 5027 eorum,
3278 4978 3396 5032 quae
3428 4964 3585 5017 decet

347 5054 501 5123 νικᾷν
544 5052 933 5122 βουλομένους,
975 5054 1085 5107 τῶν
1121 5055 1301 5108 πάντα
1344 5054 1690 5126 πραττόντων
1732 5054 1895 5123 (74H

2017 5069 2198 5125 agere,
2226 5054 2318 5124 qui
2370 5054 2589 5109 vincere
2628 5054 2935 5118 contendat,
2976 5052 3283 5122 superiores
3324 5068 3421 5106 nos
3465 5053 3582 5107 fore

346 5144 451 5213 χρὴ
480 5143 739 5213 πράττειν
766 5144 891 5206 τοὺς
919 5147 1160 5215 νικήσειν
1196 5144 1486 5214 μέλλοντας
1505 5185 1519 5211 ,
1565 5144 1888 5217 περιέσεσθα

2018 5160 2302 5215 speramus
2328 5144 2421 5208 iis,
2448 5146 2538 5213 qui
2570 5144 2700 5199 nihil
2732 5158 2835 5198 non
2868 5152 3033 5213 agunt
3071 5157 3255 5198 eorum
3298 5157 3417 5208 quae
3453 5158 3583 5198 con-

348 5234 753 5305 προσδοκῶμεν.
791 5235 1000 5289 Ταυτὸν
1024 5237 1133 5307 γάρ
1168 5237 1283 5289 ἐστι
1306 5277 1321 5302 ,
1362 5236 1424 5288 τὸ
1450 5237 1545 5291 καὶ
1567 5238 1692 5299 τοὺς
1713 5236 1913 5290 καθεύ-

345 5324 531 5389 δοντας
564 5324 657 5379 καὶ
688 5326 984 5396 ῥέγχοντας
1016 5326 1123 5379 τῶν
1143 5328 1519 5398 ἐγρηγορότων
1545 5328 1638 5379 καὶ
1666 5327 1897 5379 σπουδα-

2020 5238 2167 5291 venit
2187 5237 2423 5291 victores
2453 5250 2611 5305 agere
2658 5249 2720 5290 ac
2752 5234 2885 5303 pati.
2913 5234 3028 5288 Hoc
3066 5234 3208 5289 enim
3243 5232 3464 5301 perinde
3489 5232 3581 5298 sit,

2013 5336 2172 5397 atque
2204 5326 2534 5381 dormientes
2564 5332 2962 5394 stertentesque
2992 5322 3342 5393 vigilantibus
3375 5336 3439 5377 ac
3469 5330 3583 5377 sat-

1443 5499 1677 5554 VARIrE
1719 5495 2103 5556 LECTIONES
2140 5500 2228 5556 ET
2268 5500 2497 5557 ΝΟΤᾹΞ.

417 5657 529 5725 (75)
571 5654 809 5724 Uterque
837 5657 1025 5720 codex,
1050 5654 1262 5723 ὀλίγων.
1296 5655 1501 5725 Possm.

423 5723 535 5787 (74)
577 5725 681 5781 Pro
706 5723 884 5791 πάντα
905 5725 1253 5788 πραττόντων
1277 5723 1431 5779 codd.
1467 5726 1582 5781 Vat.
1615 5724 1717 5783 650
1743 5735 1796 5781 el.
1816 5726 1920 5780 Alt.

2029 5655 2206 5726 legunt
2230 5654 2354 5718 τοὺς
2391 5654 2563 5709 πάντα
2592 5651 2946 5725 πράττοντας,
2984 5651 3060 5710 lu.
