4020 6140
402 281 541 352 1365

1242 292 1779 358 EPISTOLARUM
1813 299 1960 359 LIB.
2003 299 2071 359 ν.
2099 320 2166 336 ·-
2200 297 2440 358 EPIST.
2484 296 2717 358 LXVII.

3505 298 3643 364 1366

401 401 685 473 πολεμίῳ,
739 401 873 473 μηδὲ
905 401 972 457 τὰ
1013 404 1307 476 σπέρματα
1358 408 1659 480 δεχομένῳ.
1694 412 1759 464 Ei
1796 411 1971 465 τοίνυν

2081 424 2215 480 opus
2252 409 2359 479 est)
2391 408 2440 465 ei
2470 407 2562 479 qui
2596 406 2735 463 hosti
2765 420 2871 462 non
2901 405 3077 476 aperit
3116 414 3324 477 portas,
3349 407 3432 463 vel
3463 419 3652 465 auctor

397 492 518 559 ἐξὸν
543 494 713 564 χωρὶς
753 494 1079 566 συμπλοκῆς
1114 497 1310 567 στῆσαι
1350 498 1412 552 τὸ
1444 501 1722 572 τρόπαιον,
1754 501 1808 555 τί
1835 501 1974 571 πρά-

394 597 581 649 γματα
618 582 803 655 σαυτῷ
842 584 1103 656 παρέχεις
1144 588 1406 659 περιττά;
1463 592 1536 644 Οὐ
1570 592 1676 660 γὰρ
1718 593 1974 657 τοσοῦτος

395 672 558 744 ἱδρὼς
588 673 883 755 ,συμσαίνει
919 676 977 727 ὲν
996 677 1075 748 τῷ
1114 678 1188 749 μὴ
1209 680 1342 750 ὀρᾷν
1367 719 1382 744 ,
1409 680 1533 744 ὅσος
1565 684 1622 735 ὲν
1656 682 1733 753 τῷ
1759 683 1973 752 ὁρῶντα

394 765 668 836 κρατῆσαι
693 782 708 797 ο
756 767 959 837 μᾶλλον
997 767 1055 822 δὲ
1080 769 1200 823 οὐδὲ
1245 771 1408 835 πόνος
1434 772 1496 825 τὸ
1529 774 1817 845 πρότερον,
1856 775 1972 829 ἀλλ’

395 855 424 905 6
448 854 612 918 πολὺς
649 855 846 926 μόχθος
878 857 1017 928 μετὰ
1046 859 1145 930 τὴν
1175 857 1302 911 θέαν
1328 860 1721 929 φύεται.”οταν
1750 859 1847 918 οὖν
1877 864 1971 918 καὶ

399 946 460 998 τὸ
488 945 675 1016 κέρδος
701 947 958 1017 μέγιστον
985 946 1039 1022 ᾖ,
1074 950 1215 1004 καὶὸ
1259 952 1417 1015 πόνος
1448 955 1660 1025 μικρὸς,
1686 959 1738 1008 τί
1774 958 1973 1011 σαυτὸν

396 1038 683 1109 ἐμϐάλλεις
744 1041 856 1113 (76)
899 1044 977 1105 είς
1008 1042 1071 1095 τὸ
1105 1043 1474 1107 άδιεξόδευτον
1528 1047 1627 1116 τῆς
1680 1048 1975 1118 ἐπιθυμίας

398 1128 662 1196 πέλαγος;
686 1131 748 1183 οὐ
771 1130 881 1201 γὰρ
912 1132 1299 1203 εὐχερέστερον
1340 1135 1499 1203 μόνον
1521 1137 1548 1187 6
1581 1136 1654 1206 μὴ
1679 1136 1969 1206 θεώμενος,

397 1219 531 1272 ἀλλὰ
551 1220 644 1273 καὶ
666 1221 1050 1298 καθαρώτερον
1082 1223 1389 1293 περιέσται.
1407 1226 1614 1295 ’Ὠσπερ
1635 1227 1741 1297 γὰρ
1777 1228 1805 1279 6
1825 1228 1965 1298 ὁρῶν

401 1310 539 1381 μετὰ
574 1311 737 1363 πόνου
767 1295 1010 1376 πλείονος
1041 1313 1136 1366 καὶ
1175 1314 1389 1384 κηλῖδος
1412 1316 1843 1381 ἀπαλλάττεται,
1873 1320 1965 1372 ἐὰν

399 1401 522 1470 ἄρα)
540 1402 828 1474 ἀπαλλαγῇ
852 1420 865 1433 ⁸
899 1404 1071 1468 οὕτως
1106 1407 1133 1458 ὁ
1165 1406 1239 1475 μὴ
1284 1406 1404 1459 ἰδὼν
1437 1408 1530 1460 καὶ
1557 1408 1652 1477 τῆς
1675 1408 1966 1479 ἐπιθυμίας

402 1493 518 1547 ἐστὶ
542 1492 683 1547 καθα
690 1493 803 1565 ρός.

660 1692 797 1762 ΞΕῘἏ
835 1725 905 1735 —-
944 1697 1188 1770 ΟΦΕΛΙῼ
1223 1696 1700 1770 ΓΡΑΜΜΑΤῙΚῼ.

2080 518 2190 557 non
2218 511 2302 557 est
2338 501 2588 557 movendi
2614 500 2764 555 belli.
2798 498 2854 553 Si
2888 500 3051 569 igitur
3074 499 3235 555 liceat
3258 501 3375 556 sine
3394 500 3648 556 conﬂictu

2080 603 2342 663 tropaeum
2376 602 2637 656 statuere,
2662 590 2790 660 quid
2839 605 3273 659 supervacaneos
3313 591 3544 659 suscipis
3570 592 3651 645 la-

2072 685 2277 742 bores?
2305 683 2421 739 Non
2451 682 2595 759 enim
2630 666 2988 738 tantuslabor
3017 691 3101 738 est
3137 698 3243 737 non
3276 682 3508 736 videndo
3534 682 3649 738 ior-

2076 791 2243 840 mam,
2280 781 2515 846 quantus
2556 773 2654 837 illi,
2690 774 2747 828 in
2796 773 3121 842 superando.
3169 773 3261 842 qui
3312 773 3491 839 videt;
3537 773 3648 825 imo

2077 867 2129 920 in
2166 869 2345 936 priore
2381 864 2537 920 labor
2560 880 2662 918 non
2697 874 2800 927 est,
2846 865 2939 919 sed
2972 873 3091 933 post
3127 875 3471 933 conspectum
3504 862 3648 917 difﬁ-

2077 954 2197 1013 cilis
2228 957 2440 1012 exsistit
2470 955 2640 1010 labor.
2686 954 2847 1024 573
2889 954 3023 1008 Cum
3056 954 3219 1025 igitur
3240 964 3294 1008 et
3340 954 3551 1009 lucrum
3579 956 3652 1010 sit

2076 1050 2390 1115 maximum,
2422 1047 2575 1101 labor
2610 1047 2773 1101 etiam
2829 1045 3077 1113 exiguus,
3113 1061 3211 1099 cur
3246 1056 3295 1099 te
3342 1046 3392 1097 in
3430 1045 3652 1114 pelagus
3696 1048 3700 1052 ’

2071 1140 2483 1201 dcsideriormn,
2524 1137 2665 1205 quod
2701 1136 2908 1190 exitum
2952 1153 3055 1190 non
3093 1135 3350 1206 reperiat,
3382 1135 3654 1204 conjicis‘!

2071 1248 2176 1287 non
2203 1231 2348 1287 enim
2384 1238 2609 1298 superat
2642 1229 2801 1284 modo
2833 1228 2992 1284 facile
3024 1228 3115 1298 qui
3157 1244 3263 1284 non
3292 1237 3524 1296 spectat,
3556 1243 3649 1281 ve-

2073 1336 2188 1375 rum
2222 1321 2382 1373 etiam
2411 1318 2595 1385 purior
2620 1318 2850 1373 exsistit.
2881 1316 2950 1373 Ut
2981 1319 3125 1371 enim
3157 1317 3343 1372 fortine
3381 1326 3653 1385 spectator

2073 1419 2192 1478 post
2228 1409 2439 1462 labores
2470 1407 2736 1475 plurimos
2764 1422 2793 1458 ιι
2820 1406 3026 1458 macula
3060 1394 3343 1469 liberatur,
3369 1404 3412 1459 si
3436 1404 3651 1474 quidem

2073 1501 2334 1554 liberatur
2367 1516 2381 1552 :
2418 1499 2497 1553 sic
2527 1514 2631 1553 non
2660 1508 2912 1567 spectans
2943 1499 3112 1552 etiam
3149 1512 3177 1551 a
3210 1496 3485 1553 desiderio
3517 1496 3654 1552 liber

2072 1591 2273 1645 evadit.
3074 1586 3115 1625 ⁸

2303 1701 2484 1757 LXVI.
2525 1731 2596 1743 --
2633 1698 2930 1755 OPIIELIO
2963 1697 3439 1757 GRAMMATICO;

666 1834 670 1837 Α
718 1805 842 1860 Non
871 1824 932 1863 ea
955 1825 1155 1879 semper
1186 1810 1337 1864 utilia
1360 1827 1479 1881 qum
1514 1812 1681 1877 nobis,
1712 1814 1802 1867 sed
1823 1830 1937 1883 qua:
1975 1813 2079 1869 Deo
2114 1812 2368 1867 videntur.
2404 1810 2622 1883 (Confer
2661 1827 2743 1880 ep.
2786 1810 2912 1876 4M,
2942 1812 3093 1865 initio
3117 1819 3167 1865 et
3190 1810 3337 1879 ﬁne.)

470 1918 544 1972 Οὐ
589 1920 809 1984 πάντως
856 1921 971 1993 (77)
1024 1925 1093 1978 τὰ
1135 1925 1400 1981 δοκοῦντα
1448 1930 1582 2000 ἡμῖν
1636 1932 1962 2003 συμφέρειν,

397 2011 567 2067 ταῦτα
598 2016 695 2068 καὶ
741 2014 1025 2070 λυσιτελεῖ.
1052 2018 1244 2072 Πολλοὶ
1282 2020 1392 2093 γὰρ
1431 2022 1657 2087 πολλοὺς
1684 2025 1967 2093 νενικηκό-

397 2122 509 2169 τες,
543 2106 784 2171 ἐκείνους
817 2109 918 2178 μὲν
943 2109 1185 2179 ἔϐλαψαν
1219 2113 1392 2177 οὐδὲν,
1424 2115 1650 2178 ἑαυτοὺς
1679 2115 1734 2168 δὲ
1761 2117 1828 2169 τὰ
1853 2117 1968 2185 χεί-

403 2212 560 2266 ριστα
579 2196 856 2267 διέθηκαν·
886 2200 968 2252 διὸ
987 2201 1082 2254 καὶ
1099 2201 1275 2268 ἔδοξεν
1300 2205 1511 2269 ἐκεῖνος
1535 2204 1969 2276 διημαρτηκέναι

398 2289 498 2359 τῆς
529 2290 784 2361 ἀληθείας
810 2294 838 2346 6
866 2293 1055 2348 είπών’
1091 2314 1110 2345 ι
1151 2296 1437 2369 Μακάριος
1472 2299 1701 2364 ἐκεῖνος,
1733 2292 1777 2367 ᾧ
1802 2300 1861 2351 τὸ
1888 2301 1973 2351 τό-

399 2376 488 2442 ξον
524 2379 924 2449 μεριμνήσειας
953 2380 982 2433 6
1011 2382 1282 2454 συμφέρει
1317 2384 1432 2456 (78)
1465 2388 1667 2439 πεσεῖν.
1711 2405 1731 2439 ›
1779 2389 1973 2457 Ἐχρῆν

397 2470 527 2540 γὰρ,
551 2471 670 2539 εἴγε
697 2471 858 2541 σοφὸς
885 2467 976 2543 ἦν,
1003 2474 1208 2527 εἰπεῖν’
1250 2493 1270 2527 ι
1304 2478 1592 2548 Μακάριος
1618 2478 1825 2541 ἐκεῖνος
1854 2473 1897 2547 ᾧ
1924 2481 1975 2533 τὸ

396 2561 550 2626 τόξον
599 2566 995 2635 μεριμνήσειας
1033 2566 1061 2618 ὃ
1108 2569 1379 2642 συμφέρει
1439 2573 1647 2624 πεσεῖν.
1706 2591 1725 2622 ι
1783 2573 1977 2626 Πολλοὶ

397 2655 508 2723 γὰρ
533 2652 777 2724 ὲνζήλων
805 2656 897 2708 καὶ
922 2654 1187 2728 λαμπρῶν
1222 2660 1573 2730 ἐπιτυχόντες
1611 2663 1974 2732 πραγμάτων,

399 2743 465 2796 ἐκ
503 2744 694 2798 τούτου
756 2748 833 2808 εἰς
874 2748 1046 2817 χείρω
1085 2750 1312 2812 ἑαυτοὺς
1358 2750 1585 2821 ἤλειψαν
1634 2754 1800 2806 κακά.
1853 2755 1978 2807 Ἐπὶ

398 2833 509 2905 γάρ
535 2837 648 2900 τοῖς
689 2839 979 2908 προτέροις
1018 2840 1231 2908 μεγάλα
1268 2843 1660 2913 φρονήσαντες,
1711 2845 1978 2916 τολμηρο-

2139 1928 2254 1983 Non
2282 1929 2537 1984 continuo
2571 1944 2693 1999 qua:
2744 1928 3001 1997 prodesse
3057 1925 3214 1980 nobis
3248 1924 3518 1985 videntur,
3558 1935 3651 1977 ea-

2069 2019 2190 2073 dem
2221 2020 2513 2089 expediunt
2563 2019 2821 2087 ntiliaque
2849 2025 2998 2072 sunt.
3046 2016 3196 2071 Multi
3236 2015 3380 2071 enim
3408 2028 3532 2069 eum
3572 2012 3653 2067 vi-

2071 2112 2246 2167 cerint
2276 2111 2494 2175 multos,
2519 2109 2651 2164 nihil
2676 2125 2804 2165 vero
2832 2109 2951 2163 illos
2984 2109 3246 2172 laeserint,
3280 2107 3381 2161 sibi
3418 2104 3653 2173 pessimo

2077 2205 2480 2261 consuluerunt.
2540 2203 2899 2270 Quamobrem
2946 2211 2999 2256 et
3046 2201 3136 2256 ille
3189 2215 3221 2254 a
3269 2198 3504 2255 veritate
3557 2195 3655 2251 ab-

2077 2311 2292 2350 errasse
2328 2294 2459 2349 mihi
2499 2295 2766 2357 videatur,
2800 2293 2894 2362 qui
2927 2292 3056 2347 olim
3089 2291 3265 2346 dixit:
3331 2307 3349 2340 ι
3374 2289 3522 2343 Felix
3567 2287 3656 2341 cui

2083 2386 2280 2450 telum,
2319 2398 2441 2438 cum
2479 2383 2627 2437 anxit
2674 2390 2728 2437 et
2761 2382 2991 2437 sollicite
3024 2380 3314 2451 cogitavit,
3348 2380 3484 2432 bene
3515 2390 3650 2431 con-

2080 2476 2201 2543 tigit
2222 2475 2467 2530 cadere.»
2512 2473 2881 2537 Aliter‘enim,
2911 2472 2956 2527 si
2990 2480 3230 2541 saperet,
3265 2469 3469 2524 dixisse
3494 2481 3657 2535 opor-

2080 2568 2179 2620 tuit
2205 2585 2219 2621 :
2264 2564 2516 2628 «Beatus,
2546 2565 2786 2632 inquam,
2813 2564 2898 2618 cui
2924 2562 3165 2631 iaculum
3188 2561 3349 2616 anxie
3370 2558 3653 2630 cogitanti,

2079 2659 2144 2711 ad
2183 2658 2256 2721 id,
2286 2657 2431 2726 quod
2463 2655 2564 2709 sibi
2596 2663 2678 2710 est
2705 2654 2856 2719 utile,
2892 2655 3087 2709 cadere
3116 2651 3447 2721 contingat.»
3485 2649 3656 2704 Pleri-

2077 2762 2183 2813 que
2220 2749 2363 2801 enim
2408 2747 2463 2801 in
2500 2747 2684 2800 arduis
2728 2745 2999 2815 clarisque
3027 2745 3223 2800 versati
3273 2743 3527 2814 negotiis,
3581 2756 3650 2796 ex

2080 2839 2161 2893 his
2210 2839 2261 2891 in
2312 2836 2579 2892 deteriora
2620 2835 2759 2889 mala
2819 2851 2878 2891 se
2925 2834 3284 2904 pracipitant.
3338 2831 3421 2889 οι)
3470 2832 3652 2902 priora

398 2924 571 2996 τέρως
598 2929 711 2990 τοῖς
753 2927 1029 2997 δευτέροις
1057 2931 1436 3002 ἐνεχείρησαν.
1474 2934 1668 2988 Πολλοὶ
1696 2934 1752 2987 δὲ
1780 2937 1971 2989 ἀποτυ-

2088 2942 2320 2997 namque
2345 2942 2567 2995 magnos
2592 2927 2854 2982 habentes
2893 2926 3140 2994 spiritus,
3166 2923 3453 2981 temerarie
3483 2924 3654 2993 magis

400 3016 605 3087 χόντες,
659 3020 1050 3091 συμφερόντως
1095 3022 1498 3093 ὲπαιδεύθησαν
1544 3026 1655 3088 τοῖς
1694 3026 1973 3095 ἀργαλεω-

400 3107 583 3170 τάτοις
650 3109 939 3179 πράγμασι
995 3110 1069 3180 μὴ
1117 3111 1409 3181 ἐγχειρεῖν.
1472 3112 1626 3165 Ἐπεὶ
1675 3109 1770 3167 οὖν
1803 3114 1863 3166 τὸ
1905 3114 1973 3168 τὰ

404 3199 749 3269 συμφέροντα
790 3200 992 3255 είδέναι
1018 3218 1078 3253 τε
1108 3204 1204 3255 καὶ
1253 3202 1475 3268 διδόναι,
1517 3206 1584 3275 τῇ
1616 3203 1736 3276 θείᾳ
1783 3205 1973 3275 ἀνήκει

403 3289 646 3361 προνοίᾳ,
674 3288 863 3357 ηταῦτα
890 3293 1021 3362 παρ’
1074 3292 1246 3361 αὐτῆς
1274 3292 1537 3362 αἰτῶμεν,
1597 3296 1691 3347 καὶ
1724 3295 1975 3365 διδόμενα

407 3378 743 3452 στέργωμεν,
775 3385 825 3437 εἰ
861 3384 956 3437 καὶ
989 3384 1202 3437 ἐναντία
1235 3383 1420 3456 δοκοίη
1458 3379 1620 3440 εἶναι.

615 3574 731 3630 εῖν.
772 3608 839 3619 -
878 3576 1092 3630 apem
1135 3574 1245 3649 (79)
1284 3575 1752 3649 ΠΡΕΣΒΥΤΕΡῼ.

2079 3020 2380 3086 posteriora
2414 3026 2787 3085 susceperunt.
2828 3014 3029 3072 Contra
3066 3015 3219 3070 multi
3252 3015 3412 3071 bonis
3438 3013 3653 3083 spoliati

2080 3107 2283 3162 utiliter
2309 3114 2437 3162 sunt
2466 3105 2664 3161 eruditi
2696 3102 2994 3160 ditliciliora
3021 3119 3131 3159 non
3168 3104 3386 3174 aggredi
3414 3102 3651 3172 negotia.

2078 3196 2245 3268 Igitur
2276 3210 2397 3252 cum
2445 3209 2604 3251 nosse
2631 3194 2805 3263 utilia,
2836 3206 2893 3250 et
2926 3196 3076 3261 dare,
3118 3194 3187 3250 ad
3216 3194 3454 3249 divinam
3481 3193 3653 3264 perti-

2084 3297 2172 3343 net
2198 3288 2614 3356 providentiam,
2654 3288 2769 3344 haec
2806 3289 2874 3342 ab
2915 3286 3003 3342 illa
3042 3286 3400 3356 postulemus,
3443 3293 3500 3339 et
3526 3284 3652 3340 data

2081 3378 2219 3448 aequi
2260 3378 2496 3448 b0nique
2543 3380 2926 3443 consulamus,
2979 3378 3196 3434 tametsi
3242 3376 3485 3448 [adversa
3535 3389 3655 3431 esse

2082 3467 2382 3522 videantur.

2300 3574 2510 3632 LXVII.
2546 3608 2617 3620 —
2667 3576 2927 3633 HERONI
2964 3574 3441 3636 PBESBYTEBO.

1461 3691 1709 3745 Avaritiae
1745 3692 2039 3746 detestatio.
2087 3691 2305 3762 (Confer
2335 3709 2416 3761 ep.
2463 3693 2575 3763 55.)

478 3802 687 3872 ’Ὥσπερ
712 3803 741 3855 6
767 3801 854 3855 διὰ
884 3802 1084 3867 παντὸς
1133 3803 1325 3875 διψῶν,
1361 3803 1463 3858 κᾶν
1511 3805 1661 3877 παρέ
1697 3806 1976 3877 negotique

404 3892 1119 3965 xgmﬂgxaraxéqrat,
1163 3898 1264 3952 οὐκ
1297 3898 1615 3970 αἰσθήσεται
1640 3899 1739 3969 τῆς
1777 3900 1976 3970 εὐφρο-

2150 3800 2223 3857 Ut
2275 3803 2433 3872 plane
2474 3804 2802 3872 sitibundus,
2838 3806 2941 3862 etsi
2999 3806 3065 3858 ad
3105 3803 3324 3858 ﬂumina
3372 3802 3655 3873 fontesque
3750 3853 3767 3861 -

2082 3894 2394 3959 descendat,
2422 3909 2525 3949 non
2556 3896 2774 3960 sentiet,
2796 3895 2898 3950 nisi
2930 3896 3074 3951 sitim
3099 3895 3271 3966 possit
3294 3895 3648 3963 restinguere,

407 3985 594 4054 σύνης,
626 3983 703 4054 τῷ
741 3984 814 4054 μὴ
855 3985 1113 4040 δύνασθαι
1149 3989 1339 4043 σϐέσαι
1372 3989 1433 4043 τὺ
1465 3989 1637 4053 πάθος
1657 4008 1671 4020 ·
1698 3988 1846 4044 οὕτω
1872 3991 1967 4043 καὶ

2081 3984 2510 4052 delectationem;
2529 3985 2609 4041 sic
2637 3994 2691 4040 et
2710 3985 2863 4056 plura
2891 3999 3107 4055 semper
3129 3995 3411 4055 appetens,
3435 3987 3649 4040 tametsi

403 4077 433 4130 6
448 4074 709 4134 πλειόνων
733 4076 1081 4147 ὀρεγόμενος,
1117 4079 1220 4133 κᾶν
1242 4079 1466 4152 μυρίους
1488 4080 1577 4150 ἔχε
1586 4098 1617 4155 ε
1620 4080 1966 4151 θησαυροὺς,

2077 4075 2365 4130 thesauros
2416 4077 2615 4131 habeat
2660 4075 2923 4142 inﬁnitos,
2975 4077 3302 4148 voluptatem
3372 4090 3647 4145 nunquam

404 4165 657 4219 οὐδέποτε
686 4166 881 4236 ἡδονῆς
912 4168 1250 4239 αίσθήσεται,
1270 4168 1347 4239 τῷ
1383 4171 1458 4241 μὴ
1481 4170 1874 4239 είδέναικόρον.
1913 4168 1971 4221 '0

2081 4165 2312 4229 sentiet,
2362 4178 2427 4219 eo
2458 4166 2602 4234 quod
2654 4165 2842 4221 satiari
2892 4166 3116 4222 neseiat.
3185 4164 3288 4232 Qui
3332 4179 3463 4222 vero
3509 4165 3649 4219 intra
3710 4154 3729 4181 ί

403 4256 460 4309 δὲ
472 4255 550 4327 τῷ
575 4258 671 4327 τῆς
696 4226 882 4327 χρείας
900 4260 1011 4329 ὅρῳ
1032 4226 1164 4313 είσω
1188 4226 1698 4333 ἐαυτὸν-δίατηρῶν,
1716 4226 1971 4314 οόδέποτε

2081 4254 2218 4310 lines
2254 4255 2478 4323 utendi,
2515 4264 2774 4324 quantum
2803 4256 3018 4325 quidem
3069 4257 3201 4313 satis
3234 4263 3359 4320 est,
3405 4256 3645 4324 seipsutn

405 4346 578 4417 τούτῳ
627 4348 704 4417 τῷ
745 4350 1031 4421 ἀνηκέστῳ
1084 4350 1351 4405 ἁλώσεται
1411 4354 1703 4424 νοσήματι,
1755 4351 1870 4404 ἀλλ’
1914 4352 1973 4403 ὲν

407 4436 645 4509 θυμηδίᾳ
695 4438 850 4491 ἔσται
897 4440 991 4493 καὶ
1024 4443 1189 4512 χαρᾷ,
1238 4442 1511 4504 ἁνάλωτός
1547 4458 1607 4493 τε
1648 4443 1761 4502 τοῖς
1795 4438 1974 4501 ἄλλοις

407 4527 602 4581 πάθεσι
644 4529 911 4598 διαμενεῖ,
942 4524 1022 4593 οἷς
1051 4534 1077 4584 6
1107 4533 1194 4584 ἀεὶ
1230 4531 1372 4602 ἐρῶν
1417 4531 1716 4584 ἁλίσκεται.
1748 4528 1822 4581 Οὐ
1862 4528 1969 4598 γὰρ

2079 4354 2382 4409 conservet,
2416 4347 2697 4401 lncurabili
2727 4347 2828 4402 hoc
2848 4348 3039 4402 morbo
3068 4361 3341 4416 nunquam
3379 4345 3646 4414 capietur,

2080 4437 2174 4490 sed
2211 4437 2264 4489 in
2295 4436 2653 4493 delectatione
2691 4439 2799 4492 erit
2839 4448 2894 4493 et
2937 4439 3157 4509 gaudio,
3198 4446 3251 4492 et
3305 4437 3373 4491 ab
3404 4436 3528 4490 aliis
3560 4434 3645 4490 af-

2079 4526 2313 4582 fectibus
2365 4531 2662 4598 expugnari
2734 4533 2948 4585 nescius
3003 4538 3259 4585 constans
3311 4537 3643 4599 perseverat,

1501 4703 1731 4760 VARIIE
1766 4702 2144 4760 LECTIONES
2177 4701 2266 4757 ΕΤ
2302 4701 2534 4758 NOTAE.

408 4865 554 4935 dum.
590 4863 783 4935 Statim
815 4863 885 4916 τὰ
915 4867 1207 4935 σπέρματα
1240 4864 1468 4928 retineo,
1495 4878 1613 4931 quae
1640 4864 1846 4935 Isidoro
1888 4866 1964 4917 fn-

407 4933 634 5056 giiliaris
660 4947 761 4986 vox
788 4948 909 4988 cum
941 4933 1317 5001 Demoswene,
1354 4942 1412 4988 ut
1441 4937 1599 5003 epist.
1638 4934 1737 4986 104
1764 4945 1815 4987 et
1846 4936 1966 4988 M7.

447 5016 650 5056 cnorr.

429 5004 650 5057 icnorr.

478 5072 591 5141 (76)
632 5069 1052 5141 Pro_ép€6t)t).etg
1086 5073 1241 5129 codd.
1275 5073 1393 5126 Vat.
1424 5072 1528 5127 650
1563 5080 1615 5127 et
1643 5073 1748 5125 Alt.
1774 5075 1973 5130 habent

403 5138 705 5212 ἐμϐαίνεις.
738 5138 947 5194 Pussm.

478 5212 591 5281 (77)
632 5210 747 5263 Huc
780 5212 1013 5277 pertinet
1049 5211 1219 5280 lepida
1254 5210 1461 5263 Phaedri
1495 5210 1668 5264 fabula
1703 5213 1769 5266 12
1801 5213 1892 5267 lib.
1930 5231 1968 5274 ι,

405 5281 468 5334 de
496 5295 655 5334 cervo
683 5282 766 5334 cui
805 5290 990 5335 tenues
1025 5284 1186 5349 pedes
1214 5281 1586 5347 displicebant,
1617 5290 1667 5333 et
1697 5297 1818 5336 mox
1853 5284 1970 5349 fuga

408 5360 725 5417 servarunt;
770 5364 973 5403 cornua
1010 5366 1137 5403 vero
1178 5349 1488 5418 placebant,
1521 5350 1715 5417 quibus
1753 5352 1808 5404 in
1841 5352 1977 5405 silva

410 5421 571 5473 ramis
601 5419 891 5489 impeditus
929 5423 1143 5486 capitur
1177 5434 1205 5470 a
1241 5420 1485 5471 canibus.

513 5504 793 5570 Laudatis,
828 5507 925 5569 ait,
962 5506 1177 5559 utiliora
1203 5521 1319 5574 quae
1347 5506 1739 5574 contempseris,

513 5576 665 5643 Swpe
690 5575 934 5641 inveniri,
970 5577 1080 5630 Itazc
1106 5575 1299 5628 emerit
1322 5577 1579 5628 narratio.

413 5665 527 5719 Μος
559 5683 652 5734 pro
682 5665 919 5737 ἐνςήλων
944 5668 1060 5737 lego
1091 5667 1356 5738 εὑζήλων.
1383 5668 1547 5738 Cujus
1572 5678 1746 5722 autem
1778 5668 1959 5737 antiqu

2077 4865 2274 4920 dielum
2323 4868 2424 4921 hoc
2470 4865 2563 4929 sit,
2615 4864 2847 4919 nondum
2889 4864 3136 4932 equidem
3190 4864 3431 4918 divinare
3476 4870 3646 4932 potui.

2078 4935 2208 4989 Aliis
2236 4935 2476 5005 lampada
2515 4935 2567 4988 in
2597 4949 2756 4988 cursu
2790 4935 2961 4986 trado.
2998 4934 3237 4989 Seuorr.

2150 5025 2261 5107 (78)
2304 5024 2701 5107 Ρτοήσυμφέρει
2734 5022 2898 5107 codd.
2942 5023 3059 5076 Vat.
3107 5024 3210 5078 650
3241 5023 3432 5107 et_Alt.
3466 5027 3647 5095 legunt

2081 5093 2346 5162 βούλεται.
2396 5093 2553 5149 Solus
2590 5093 2769 5165 autem
2815 5093 2923 5145 Alt.
2975 5108 3070 5165 pro
3114 5095 3445 5165 praecedente
3487 5093 3645 5165 μερι-

2082 5161 2343 5243 μνήσειας
2376 5164 2566 5243 scrib-it
2607 5161 2969 5243 papipV'Q-O’tg.‘
2993 5163 3155 5243 ,γει-ε.
3204 5164 3326 5243 hinc
3362 5161 3520 5243 tertio
3548 5161 3646 5230 pro

2083 5230 2473 5302 μεριμνήσειας
2520 5230 2709 5285 iterum
2764 5234 2883 5285 cod.
2943 5230 3048 5309 All.
3101 5233 3245 5310 ponit
3296 5232 3641 5303 μερίμνησις.

2080 5301 2233 5354 Vt-rs.
2280 5318 2395 5366 seq.
2443 5317 2535 5366 pro
2572 5299 2807 5366 ὲνζήλων
2852 5302 2943 5352 καὶ
2983 5301 3249 5366 Ααμπρὼν
3293 5305 3449 5354 ambo
3484 5303 3641 5355 codd.

2089 5318 2233 5354 vt-rs.
2280 5318 2395 5369 seq.
2443 5318 2535 5369 pro
2572 5318 2807 5366 ενςηιων
2852 5318 2943 5352 και
2983 5318 3249 5370 Λαμπρων
3293 5318 3449 5354 amoo
3484 5318 3642 5355 coua.

2078 5371 2322 5423 scribunt
2367 5370 2573 5439 ἐζήλων
2622 5371 2715 5421 καὶ
2760 5369 3010 5438 οἰκτρῶν.
3072 5368 3221 5423 Vers.
3272 5371 3394 5423 inde
3439 5371 3497 5434 2,
3549 5385 3644 5438 pro

2079 5440 2447 5509 φρονήσαντες
2480 5448 2684 5509 ponunt
2710 5440 3057 5511 φρονήσεται.
3089 5439 3299 5494 Possm.

2148 5532 2261 5613 (79)
2288 5531 2467 5613 ,Νοιιη
2494 5533 2704 5613 ςΉρωνι
2723 5573 2738 5597 ,
2792 5533 2906 5613 sed
2939 5532 3139 5613 Ἱέρωνι
3162 5571 3176 5594 ,
3218 5531 3479 5613 "Hieroni,
3499 5532 3644 5613 iure

2084 5603 2233 5681 epist.
2276 5602 2598 5723 linscribitur
2653 5604 2707 5656 in
2775 5604 2928 5657 codd.
2987 5602 3154 5657 Vatic.
3214 5603 3316 5657 650
3379 5612 3430 5655 et
3484 5603 3642 5655 Alta-

2084 5686 2232 5723 emsr.
2299 5688 2350 5723 ιι.

2079 5686 2232 5724 (ιιιιει.
2276 5686 2350 5726 ill.
