4020 6140
434 265 569 333 1369

892 382 1008 436 ou'.
1050 412 1117 427 --
1162 383 1522 456 ΓΕΝΝΑΔΙῼ.

1277 270 1811 335 EPISTOLARUM
1849 276 1995 337 LIB.
2041 280 2112 338 V.
2145 304 2203 315 -
2246 280 2485 341 EPIST.
2528 284 2743 347 LXXV.

2022 401 2069 455 Α

2418 292 2485 341 '1‘.
2528 292 2743 347 LXXV.
3538 292 3675 359 1370

2418 392 2591 466 5751
2629 396 2837 451 Lxxu.
2883 429 2954 439 —
2993 401 3359 463 GENNADIO.

434 495 588 553 Hanc
611 496 767 550 vitam
794 511 909 549 cum
944 497 1259 588 (reatitugi‘ne
1304 510 1493 588 interna
1532 517 1633 588 non
1662 501 2055 588 conferendam.
2091 520 2112 555 ί
2143 502 2342 588 (huius
2374 522 2477 561 non
2512 508 2666 588 cidit,
2698 528 2719 561 ι
2749 520 2868 588 etc;
2899 512 3010 569 Isa.
3039 530 3186 588 ui},
3220 517 3289 586 4;
3315 518 3341 571 1
3369 516 3494 574 Cor.
3521 534 3578 588 Il,
3602 521 3671 586 9;

953 576 999 619 et
1022 582 1042 619 :
1075 584 1095 617 ι
1122 565 1242 621 Non
1274 579 1396 622 sunt
1428 572 1699 640 condigna:
1740 565 2033 638 passiones,
2057 590 2077 625 ι
2116 584 2217 628 etc.
2250 574 2407 630 Rom.
2450 593 2567 642 Vill,
2601 565 2709 646 IS;
2738 580 2795 634 Il
2826 565 2950 638 Cor.
2985 565 3181 650 Ivi“:

499 677 563 729 Εἰ
597 676 691 728 καὶ
731 676 989 745 μειζόνων
1021 677 1055 749 ἢ
1087 678 1229 732 κατά
1276 681 1335 733 σὲ
1381 682 1667 753 ἀκροατῶν
1715 682 1886 737 δεῖται
1938 682 1998 735 τὸ

2175 687 2289 742 Etsi
2315 698 2365 741 te
2388 690 2593 759 majore
2618 701 2703 747 est
2722 707 2859 762 opus
2885 687 3153 761 auditore,
3178 698 3446 764 proferam
3470 700 3672 755 nihilo-

429 767 848 837 λεχθησόμενον,
893 770 1007 822 ἀλλ’
1053 774 1201 841 ὅμως
1229 772 1538 837 λελέξεταιο
1583 776 1667 827 ὅτι
1724 777 1773 827 εἰ
1819 779 1986 830 πᾶσαι

2102 776 2286 831 minus
2307 776 2511 831 dictum
2538 778 2663 832 illud
2692 798 2706 834 :
2737 782 3017 849 nimirum,
3048 784 3098 839 si
3122 787 3243 853 quis
3270 802 3482 842 omnem
3508 789 3669 844 simul

429 859 565 930 ὁμοῦ
615 859 714 931 τὴν
746 861 837 928 ἀφ’
884 854 946 913 οὗ
972 863 1263 931 γεγόνασιν
1308 865 1583 935 ἄνθρωποι
1621 867 1986 937 μακαριότητα

2100 869 2343 923 omnium
2393 877 2511 936 post
2537 870 2784 925 homines
2808 881 2968 928 natos
3010 874 3395 932 beatitudinem
3420 893 3673 935 sermone

430 955 507 1025 τῷ
542 954 687 1025 λόγῳ
732 972 815 1018 τις
851 955 1123 1022 συλλάϐοι,
1156 958 1248 1011 καὶ
1278 960 1357 1022 εἰς
1401 959 1458 1011 ἒν
1502 960 1824 1029 ἀθροίσειεν,
1875 963 1996 1014 οὐδὲ

435 1044 713 1116 μυριοστῷ
754 1045 911 1115 μέρει
938 1046 1046 1099 τῶν
1072 1049 1346 1118 ἐσομένων
1385 1050 1604 1117 ἀγαθῶν
1643 1054 1866 1123 εὑρήσει
1894 1072 1998 1107 πα-

434 1136 741 1208 ραπλησίαν
761 1153 774 1168 °
807 1138 943 1189 ἀλλά
973 1139 1134 1192 πλέον
1161 1139 1255 1193 τοῦ
1283 1142 1340 1193 ὲν
1372 1142 1601 1206 ἐκείνοις
1632 1144 1996 1215 σμικροτάτου

428 1227 499 1281 τὰ
530 1228 656 1298 τῇδε
689 1228 829 1281 κατά
857 1230 955 1300 τὴν
988 1231 1145 1296 ἀξίαν
1182 1232 1504 1302 λειπόμενα,
1555 1235 1587 1303 ἢ
1616 1234 1715 1287 ὃσα
1743 1235 1873 1287 σκιὰ
1899 1236 1992 1288 καὶ

429 1318 562 1390 ὄναρ
594 1318 702 1371 τῶν
735 1319 953 1390 ἀληθῶν
976 1323 1253 1393 ἀφέστηκε
1284 1325 1627 1394 πραγμάτων
1646 1341 1657 1351 ·
1696 1325 1891 1394 μᾶλλον
1910 1326 1989 1387 δὲ,

432 1409 518 1463 ἴνα
546 1410 971 1482 πρεπωδεστέρᾳ
1016 1414 1308 1483 χρήσωμαι
1336 1415 1526 1479 εἰκόνι,
1560 1414 1670 1484 ὅσῳ
1702 1414 1849 1485 ψυχὴ
1885 1414 1992 1467 σώ-

434 1519 601 1572 ματος
650 1503 974 1575 τιμιωτέρα,
1027 1505 1270 1577 τοσούτῳ
1312 1509 1542 1561 κάκεῖνα
1571 1507 1775 1563 τούτων
1818 1509 1990 1579 διενήο

430 1607 603 1647 νογεν.

488 1609 501 1629 δ
525 1609 603 1647 εν.

488 1609 522 1662 χ
716 1682 833 1736 01".
875 1714 942 1724 —
982 1685 1191 1737 ΗΡΩΝΙ
1234 1686 1691 1759 ΣΧΟΛΑΣΤΙΚῼ.

2095 958 2376 1025 complecti
2403 966 2584 1027 queat,
2608 967 2662 1012 et
2697 960 2751 1013 in
2780 976 2943 1015 unum
2967 974 3242 1032 congerat,
3273 980 3340 1019 ne
3365 966 3658 1020 millesima

2094 1051 2308 1119 quidem
2353 1058 2506 1120 parte
2546 1050 2849 1106 futurorum
2897 1052 3163 1108 bonorum
3202 1056 3663 1124 comparationem

2095 1141 2351 1210 reperiat.
2405 1140 2658 1207 Quinimo
2708 1142 2808 1208 iis,
2845 1157 2963 1211 quae
3007 1144 3148 1198 inter
3178 1142 3266 1197 illa
3311 1144 3492 1198 futura
3536 1154 3665 1198 sunt

2099 1232 2320 1287 minima
2343 1269 2358 1296 ,
2407 1232 2695 1301 praesentia
2739 1232 2966 1289 multum
2995 1234 3257 1303 dignitate
3277 1234 3492 1299 cedunt,
3518 1235 3667 1289 velut

2099 1324 2287 1377 umbra
2329 1331 2385 1376 et
2439 1322 2705 1377 sontnium
2755 1338 3005 1379 verorum
3046 1326 3311 1380 exsistant
3370 1327 3660 1381 bonorum.

2098 1411 2208 1465 Iino
2233 1412 2428 1478 potius,
2476 1422 2532 1465 ut
2558 1412 2768 1478 aptiore
2794 1421 2913 1466 utar
2939 1414 3369 1483 comparatione,
3393 1422 3658 1481 quantum

2097 1502 2308 1571 corpori
2335 1503 2510 1556 anima
2539 1511 2776 1570 praestat,
2805 1512 2953 1557 tanto
2976 1504 3063 1557 his
3093 1503 3181 1558 illa
3209 1504 3555 1559 antecellunt.

2302 1676 2536 1732 LXXIII.
2569 1708 2635 1718 —
2674 1675 2926 1732 HERONI
2969 1674 3456 1731 SCIIOLASTICO.

682 1771 748 1826 In
776 1774 906 1826 illud
948 1773 1052 1827 VII
1083 1776 1415 1842 sapientum:
1452 1795 1469 1827 t
1514 1777 1593 1830 Ne
1616 1778 1739 1847 quid
1765 1778 1956 1841 nimis;
1994 1794 2011 1826 ι
2048 1770 2287 1826 Platonis
2315 1768 2427 1822 loco
2452 1770 2840 1837 conﬁrmatum.
2871 1767 3028 1838 (Vide
3067 1769 3217 1836 epist.
3249 1766 3398 1836 M3.)

496 1880 590 1947 Εἷς
619 1884 717 1953 μὲν
737 1886 845 1938 τῶν
870 1886 1009 1940 ἑπτὰ
1033 1885 1258 1956 θρυλλου
1268 1888 1442 1958 μένων
1477 1892 1652 1959 σοφῶν
1686 1890 1952 1962 παρῄνεσε
1972 1906 1986 1923 ο

432 1994 451 2025 ε
478 1975 660 2044 Μηδὲν
685 1974 853 2042 ἄγανῖ
907 1995 926 2027 ›
958 1978 1184 2032 Πλάτων
1210 1980 1267 2033 δὲ
1298 1982 1325 2033 ό
1349 1980 1455 2035 τῶν
1482 1981 1789 2051 φιλοσόφων
1824 1999 1989 2052 κορυ-

427 2067 581 2132 φαῖος
600 2064 701 2134 ἔφη
720 2081 734 2094 θ
761 2084 777 2116 ι
805 2064 894 2136 Τῷ
918 2066 1028 2119 ὄντι
1050 2067 1111 2120 τὸ
1136 2068 1274 2135 ἄγαν
1291 2074 1550 2138 τιποιεῖν,
1576 2072 1819 2142 μεγάλην
1842 2072 1987 2140 φιλεῖ

427 2157 825 2219 είςτοὺναντίον
846 2157 1153 2228 μεταϐολὴν
1172 2160 1576 2215 ἀνταποδιδόναι
1606 2165 1661 2216 ὲν
1678 2162 1871 2233 ὥραις,
1893 2163 1986 2215 καὶ

425 2246 483 2297 ὲν
527 2248 731 2313 φυτοῖς,
764 2248 857 2299 καὶ
890 2248 947 2299 ὲν
980 2248 1219 2318 σώμασι,
1261 2251 1358 2303 καὶ
1382 2251 1444 2322 δὴ
1484 2254 1577 2306 καὶ
1612 2254 1670 2307 ἐν
1690 2254 1985 2316 πολιτείαις

424 2336 520 2405 οὐχ
544 2336 764 2405 ἥκιστα.
804 2356 822 2388 t
857 2338 1081 2408 Ποτέρῳ
1118 2340 1300 2393 τοίνυν
1335 2342 1701 2412 ἀκολουθῆσαι
1752 2344 1988 2413 προῄρη·

425 2442 553 2494 crat;
584 2427 673 2495 Τῷ
701 2428 805 2480 τῶν
838 2429 1016 2498 σοφῶν
1067 2430 1240 2501 ἄκρῳ,
1272 2432 1305 2501 ἢ
1343 2432 1419 2502 τῷ
1449 2434 1558 2487 τῶν
1587 2434 1890 2502 φιλοσόφων
1921 2432 1985 2484 σὺ

424 2516 618 2583 πλέον;
646 2521 757 2572 τοῖν
784 2520 890 2587 γὰρ
926 2522 1129 2588 ἀμφοῖν
1172 2522 1379 2586 δίκαιος
1409 2525 1475 2576 ἂν
1516 2524 1633 2594 εἴης
1675 2525 1981 2593 πεισθῆναι.

436 2604 492 2657 ’0
526 2606 623 2674 μὲν
667 2606 774 2677 γὰρ
818 2607 1141 2677 παρῄνεσενσ
1172 2611 1200 2661 ὁ
1227 2610 1284 2663 δὲ
1334 2611 1430 2664 καὶ
1459 2613 1559 2683 τὴν
1590 2613 1767 2667 αἰτίαν
1810 2613 1876 2665 δι’
1919 2612 1985 2681 ἢν

421 2694 527 2767 χρὴ
557 2697 841 2766 πεισθῆναι
874 2703 939 2769 τῇ
968 2701 1285 2769 παραινέσει
1308 2701 1597 2772 ἐδήλωσεν.

735 2810 848 2863 ΟΔ’.
884 2839 954 2852 --
982 2811 1340 2882 ΛΛΜΠΕΤΙῼ
1377 2814 1697 2885 ΔΙΑΚΟΝῼ.

2166 1885 2381 1953 Septem
2414 1882 2638 1951 Graeciaa
2678 1882 2983 1949 sapientum
3010 1895 3134 1934 vere
3156 1880 3375 1949 quidam
3408 1878 3664 1933 hortaba-

2096 1984 2223 2031 tur:
2270 1991 2290 2025 ι
2313 1972 2391 2027 Ne
2427 1973 2555 2040 quid
2593 1972 2774 2027 nimis.
2796 1990 2816 2023 ι
2874 1970 3026 2025 Plato
3053 1985 3179 2024 vero
3219 1970 3659 2038 philosophorum

2092 2064 2341 2133 princeps
2362 2062 2575 2117 dicebat
2599 2081 2611 2116 :
2641 2061 2905 2116 «Nimium
2928 2061 3055 2129 quid
3078 2074 3258 2129 agere,
3293 2074 3538 2126 magnam
3566 2074 3661 2115 so-

2089 2153 2202 2209 lere
2260 2153 2314 2206 in
2357 2151 2691 2206 contrarium
2733 2149 3152 2218 disputationem
3203 2147 3397 2201 alierre
3445 2157 3557 2202 tum
3604 2149 3658 2202 in

2087 2243 2218 2300 anni
2260 2240 2594 2309 temporibus
2623 2246 2679 2293 et
2720 2238 2970 2292 humanis
2990 2236 3332 2305 corporibus,
3380 2244 3493 2290 tum
3544 2252 3660 2291 ma-

2091 2334 2235 2387 xime
2277 2331 2329 2386 in
2357 2330 2519 2384 rebus
2549 2328 2834 2395 publicis.»
2880 2326 3064 2382 Utrius
3108 2326 3437 2393 sequendam
3465 2341 3660 2382 censes

2090 2424 2267 2493 potius
2293 2421 2641 2484 sententiam,
2668 2418 3046 2486 sapientumne
3068 2431 3136 2469 an
3177 2416 3438 2484 principis
3479 2417 3657 2483 philo-

2089 2512 2419 2583 sophorum?
2446 2511 2527 2566 Ab
2555 2519 2674 2564 ntro
2705 2524 2810 2578 que
2841 2509 2984 2562 enim
3010 2508 3220 2577 justum
3245 2516 3391 2563 esset
3448 2520 3501 2562 te
3536 2524 3659 2577 per-

2089 2602 2301 2658 suaderi
2325 2601 2348 2653 ?
2389 2600 2479 2655 Ille
2515 2602 2660 2654 enim
2691 2600 2946 2653 admonet
2974 2614 2989 2661 ;
3035 2598 3123 2652 hic
3145 2613 3272 2653 vero
3299 2613 3534 2663 causam,
3562 2614 3659 2652 cur

2088 2692 2342 2747 assentiri
2377 2691 2497 2759 quis
2521 2692 2714 2745 debeat
2737 2690 3107 2755 admonitioni,
3133 2690 3389 2743 ostendit.

2338 2801 2574 2855 LXXIV.
2616 2830 2685 2842 —
2724 2800 3073 2855 LAMPETIO
3111 2798 3427 2855 DIACONO.

421 2899 611 2955 Melior
648 2901 734 2956 ille
760 2904 849 2972 qui
874 2920 1091 2973 peccans
1120 2908 1215 2959 scit
1242 2923 1295 2959 se
1317 2922 1553 2974 peccare,
1586 2924 1643 2962 eo
1674 2907 1936 2976 qui,_cun_t
1976 2911 2174 2976 peccat,
2199 2905 2475 2976 peccatum
2504 2896 2750 2965 ignorans
2784 2894 2878 2946 illo
2908 2902 2965 2946 ut
2994 2903 3126 2946 recte
3165 2895 3305 2961 facta
3356 2894 3655 2951 delectetur.

1756 2968 1985 3046 (Confer
2003 2972 2159 3038 epist.
2193 2968 2342 3034 159.)

502 3084 561 3137 '0
614 3084 943 3153 ἁμαρτάνων
995 3086 1093 3154 μέν
1134 3103 1209 3149 τι,
1270 3084 1556 3153 γινώσκων
1605 3086 1685 3151 δὲ,
1738 3084 1834 3138 τοῦ
1892 3084 1986 3136 καὶ

2163 3077 2402 3131 Peccans
2424 3074 2662 3143 quidem,
2685 3073 2779 3127 sed
2808 3087 3107 3142 agnoscens
3129 3083 3428 3141 peccatum,
3451 3090 3535 3141 eo,
3559 3077 3653 3145 qni

425 3175 827 3244 ἁμαρτάνοντος
877 3176 971 3227 κοιλ⁸
1013 3176 1085 3246 μὴ
1139 3176 1504 3242 γινώσκοντος
1556 3176 1795 3247 ἀμείνων
1847 3172 1986 3229 εἷναί

2093 3176 2298 3237 peccat,
2324 3174 2630 3220 nontamen
2656 3179 2715 3218 se
2758 3179 3013 3232 peccasse
3048 3166 3265 3229 fatetur,
3317 3165 3474 3235 longe
3508 3182 3653 3236 prae-

428 3282 517 3334 μοι
539 3266 704 3322 δοκεῖ.
753 3267 811 3318 ὐ
839 3267 935 3335 μὲν
957 3266 1064 3334 γὰρ
1094 3266 1281 3336 ὀρθὴν,
1316 3271 1342 3321 ὁ
1368 3268 1423 3319 δὲ
1452 3268 1855 3338 διεφθαρμένην
1876 3268 1986 3337 ἔχει

2093 3260 2326 3315 stantior
2348 3257 2476 3311 mihi
2502 3255 2717 3325 quidem
2746 3256 2975 3310 videtur.
3019 3255 3111 3311 Ille
3134 3258 3276 3311 enim
3303 3266 3510 3311 rectum
3560 3261 3657 3312 lia-a

424 3353 530 3405 τῶν
560 3355 903 3423 πραγμάτων.
926 3353 1027 3423 τὴν
1050 3355 1230 3425 κρίσιν
1253 3372 1267 3385 ·
1301 3359 1437 3410 καὶὸ
1463 3357 1561 3427 μὲν
1594 3360 1675 3420 εἰς
1701 3359 1986 3427 μετάνοιαν

2093 3355 2203 3419 bet,
2261 3351 2348 3404 hic
2376 3364 2504 3403 vero
2528 3358 2841 3418 corruptum
2867 3349 2932 3403 de
2954 3349 3117 3403 rebus
3139 3347 3400 3415 judicium
3428 3364 3442 3413 ;
3482 3350 3569 3403 ille
3590 3351 3659 3403 ad

428 3442 724 3512 βαδιεῖται,
774 3446 803 3497 ό
829 3444 885 3496 δὲ
928 3446 1005 3507 εἰς
1054 3446 1388 3515 ἀναλγησίαν
1432 3448 1774 3519 τελευτήσει·
1813 3449 1842 3500 ὀ
1883 3448 1980 3518 μὲν

2091 3442 2458 3514 paenitentiam
2497 3440 2714 3504 tendit,
2782 3440 2872 3493 hic
2917 3440 3035 3494 sine
3069 3439 3256 3493 dolore
3308 3450 3658 3508 peccatorum

426 3535 740 3605 ὲρυθριάσει
793 3537 1019 3598 πταίων,
1046 3538 1074 3588 ό
1100 3537 1145 3588 δ’
1187 3538 1296 3589 οὐδ’
1342 3539 1688 3609 ἐρυθριάσει·
1713 3539 1829 3601 πῶς
1874 3538 1981 3607 γὰρ

2091 3533 2487 3600 exstinguetur:
2520 3529 2608 3583 ille
2630 3530 2901 3597 peccando
2918 3529 3187 3583 erubescit
3215 3568 3228 3589 ,
3289 3529 3376 3582 hic
3401 3543 3529 3582 vero
3552 3529 3657 3581 mi-

430 3624 745 3694 ὲρυθριόισει
776 3626 930 3696 (80)ό
954 3627 1087 3697 μηδὲ
1117 3626 1249 3680 αὐτὸ
1270 3628 1428 3680 τοῦτο
1447 3630 1529 3682 ὅτι
1553 3629 1735 3683 πταίει
1761 3630 1981 3682 ἐπιστά-

425 3730 583 3782 μενος
604 3731 617 3779 ;
652 3715 741 3769 Διὸ
766 3717 794 3767 ὁ
824 3717 930 3768 τῶν
948 3716 1290 3786 πραγμάτων
1313 3718 1554 3787 ἀκριϐῶς
1575 3718 1864 3787 βασανίσας
1881 3718 1977 3786 τὴν

432 3808 615 3877 φύσιν,
643 3809 782 3877 ἔφη·
825 3830 841 3860 t
882 3811 955 3863 Οὐ
993 3813 1155 3881 μόνον
1199 3813 1339 3866 αὐτά
1392 3813 1657 3877 ποιοῦσιν,
1703 3813 1839 3867 ἀλλά
1893 3816 1986 3867 καὶ

428 3898 806 3952 συνευδοκοῦσι
861 3904 972 3964 τοῖς
1028 3905 1375 3974 πράττουσιν,
1408 3923 1426 3954 ι
1474 3903 1534 3955 τὸ
1590 3906 1830 3956 ἐπαινεῖν
1894 3905 1987 3956 τοῦ

427 3994 687 4063 πράττειν
728 3992 1139 4065 ἀργαλεώτερον
1184 3991 1345 4059 εἶναι,
1385 3994 1610 4057 εἰκότως
1644 3995 1985 4065 ὁρισάμενος.

426 4083 545 4151 Χρὴ
577 4069 668 4134 οὖν
708 4082 798 4135 τὸν
830 4082 927 4152 μὲν
966 4086 1045 4145 εἰς
1101 4085 1386 4153 μετάνοιαν
1429 4084 1861 4153 παρακελεῦσαι·
1910 4083 1987 4152 τῷ

422 4174 479 4227 δὲ
509 4173 759 4243 αἴσθησιν
782 4174 890 4226 τῶν
936 4174 1272 4243 γιγνομένων
1302 4176 1617 4244 ἐμποιῆσαι.
1651 4176 1714 4228 Εἰ
1756 4177 1831 4246 μὴ
1877 4178 1986 4245 γὰρ

422 4264 680 4329 αἴσθοιτο,
709 4264 831 4317 οὔτε
862 4266 1201 4336 ἁμαρτάνειν
1233 4266 1517 4319 παύσοιτο.

737 4458 857 4512 οΕ’.
887 4491 956 4499 -
1004 4461 1316 4513 ΔΙΟΓΕΝΕΙ
1346 4460 1663 4531 ΔΙΑΚΟΝῼ.

2086 3623 2251 3675 nime.
2293 3621 2408 3685 Qua
2436 3620 2579 3674 enim
2605 3618 2813 3673 ratione
2841 3619 3158 3681 erubescat,
3184 3632 3305 3670 cum
3330 3632 3388 3671 se
3432 3632 3659 3685 peccare

2093 3709 2338 3765 nesciat?
2376 3707 2512 3760 Hinc
2531 3717 2586 3760 et
2611 3722 2789 3760 rerum
2815 3707 3054 3758 omnium
3103 3716 3354 3759 accurate
3379 3706 3663 3773 explorare

2094 3808 2341 3854 naturam
2368 3800 2554 3851 solitus
2581 3797 2719 3850 dixit
2746 3814 2760 3848 :
2809 3794 2956 3849 «Non
2981 3798 3152 3849 solum
3181 3796 3293 3848 haec
3315 3795 3539 3859 faciunt,
3564 3796 3660 3849 sed

2094 3899 2148 3943 et
2174 3889 2520 3943 consentiunt
2560 3885 2880 3940 facientibus
2924 3885 2990 3947 ⁸⁸,
3024 3904 3042 3937 ι
3109 3894 3255 3938 recte
3302 3885 3656 3949 concludens,

2092 3979 2308 4049 gravius
2332 3991 2455 4031 esse
2498 3974 2719 4028 laudare
2742 3987 2903 4041 quam
2935 3973 3137 4025 facere.
3181 3973 3332 4025 Illum
3380 3974 3561 4040 itaque
3588 3974 3658 4027 ad

2095 4066 2514 4136 resipiscendutn
2541 4063 2788 4117 convenit
2820 4062 3084 4128 invitare;
3128 4063 3253 4115 huic
3278 4076 3406 4115 vero
3434 4076 3652 4116 sensum

2094 4161 2279 4212 indere
2319 4154 2690 4224 judiciutnque
2735 4151 2875 4204 male
2917 4161 3083 4219 gesta:
3117 4152 3193 4205 rei
3238 4157 3473 4219 Oportet.
3540 4151 3659 4205 Nisi

2092 4252 2235 4304 enim
2282 4255 2558 4315 peccatum
2607 4244 2728 4312 quis
2775 4252 3098 4310 cognoscat,
3144 4256 3375 4311 peccare
3418 4258 3524 4296 non
3564 4242 3653 4295 dc‘

2093 4342 2257 4395 sinet.

2384 4447 2593 4503 LXXV.
2634 4477 2688 4487 —
2742 4444 3016 4501 DIOGENI
3056 4444 3375 4500 DIACON‘).

1466 4553 1831 4623 Ἀχαριστίας,
1864 4550 2152 4620 ingratique
2193 4552 2407 4598 accusat
2445 4541 2631 4594 animi-

489 4662 622 4718 Δίαν
654 4678 735 4715 σοι
766 4662 1073 4732 μέμφομαι,
1103 4666 1185 4718 ὅτι
1207 4665 1434 4735 τέθνηκε
1463 4666 1613 4736 παρὰ
1633 4668 1714 4717 σοὶ
1742 4668 1774 4736 ἠ
1798 4666 1975 4735 χάρις,

419 4749 485 4820 ἢν
514 4749 765 4819 δεόμενος
791 4753 912 4803 τότε
945 4752 1212 4805 ἀθάνατον
1243 4754 1387 4818 ἕξειν
1425 4755 1535 4821 (Μ)
1576 4752 1944 4807 διεϐεϐαιώσω
1964 4767 1976 4783 ’

423 4840 531 4892 ἴσθι
557 4842 865 4912 τοιγαροῦν,
910 4843 991 4895 ὅτι
1026 4845 1337 4914 περιπεσὼν
1386 4843 1539 4908 αὖθις
1589 4846 1841 4915 συμφορᾷ
1883 4846 1980 4914 οὐχ

422 4928 561 4990 ἕξεις
617 4933 707 4983 τὸν
755 4934 1213 5003 ἀντιληψόμενον·
1268 4936 1476 5004 βοηθῶν
1531 4938 1636 5007 γὰρ
1664 4934 1979 5003 ἀναγκαίως

424 5018 718 5086 ἀποροῦσιν
746 5023 793 5072 οἱ
819 5023 1177 5093 ἐπιλήσμονες
1207 5024 1359 5085 ὄντες
1394 5025 1649 5094 χαρίτων.

492 5237 537 5266 ¹⁰
562 5236 718 5291 Rom.
746 5253 783 5300 t,
816 5238 905 5293 5.2.

2156 4656 2271 4711 Non
2300 4654 2499 4723 injuria
2526 4653 2619 4705 tibi
2644 4666 2962 4715 succenseo,
2993 4651 3135 4719 quod
3184 4649 3323 4717 apud
3371 4657 3422 4701 te
3460 4649 3661 4716 gratia,

2085 4761 2245 4815 quam
2288 4745 2513 4798 reddere
2558 4750 2816 4811 perpetuo
2841 4740 3143 4807 oportebat,
3192 4738 3355 4807 576
3412 4738 3653 4805 perierit.

2087 4837 2469 4905 Scitoitaque,
2513 4848 2633 4887 cum
2661 4834 2838 4885 denuo
2880 4831 2931 4883 in
2958 4831 3256 4883 discrimen
3301 4829 3520 4896 aliquod
3573 4829 3658 4881 in—

2086 4928 2304 4990 cideris,
2355 4922 2652 4989 adjutorem
2699 4931 2750 4974 te
2798 4919 3028 4973 minime
3076 4928 3447 4984 reperturum.
3490 4918 3660 4971 Auxi-

2087 5018 2275 5070 liatore
2299 5016 2441 5070 enim
2481 5012 2603 5078 jure
2631 5018 2784 5063 caret
2808 5008 2899 5077 qui
2925 5008 3221 5062 obliviosos
3248 5016 3330 5062 est
3356 5008 3546 5077 gratiae
3566 5022 3658 5062 ac-

2089 5115 2277 5173 ceptcc.

1540 5324 1771 5378 VARle
1812 5325 2193 5380 LECTIONES
2227 5325 2314 5380 ET
2351 5324 2578 5381 ΝΟΤᾸΞ.

490 5474 597 5543 (80)
640 5475 783 5546 Η-ίιξρ,
824 5476 938 5539 πῶς
984 5476 1109 5546 γὰρ.
1142 5516 1152 5527 .
1181 5514 1194 5529 .
1224 5517 1235 5529 .
1264 5517 1276 5528 .
1306 5516 1318 5529 .
1348 5516 1360 5528 .
1412 5478 1725 5546 ὲρυθριάσει
1771 5480 1981 5533 omitte-

548 5546 631 5665 (ἓι.
676 5544 868 5611 Paris.,
906 5556 960 5601 et
1002 5544 1271 5602 adduntur
1306 5561 1371 5601 ex
1402 5544 1563 5601 codd.
1597 5548 1766 5604 Vntic.
1796 5550 1901 5604 650
1928 5562 1981 5605 et

516 5652 529 5664 .
606 5627 716 5665 ΒΓΕ.

516 5652 529 5664 .
562 5627 716 5667 LDI'E.

2162 5480 2271 5552 (8i)
2315 5482 2416 5538 Pro
2445 5482 2586 5548 ἕξειν
2615 5481 2797 5549 legunt
2824 5482 2936 5550 ἕξιν
2968 5484 3126 5537 codd.
3175 5484 3297 5538 Vat.
3328 5483 3431 5538 650
3460 5494 3511 5537 et
3540 5484 3649 5537 Alt.

2086 5552 2359 5625 Iidemque
2389 5562 2767 5625 _vers._antep.
2818 5569 3042 5625 eplpro
3090 5554 3179 5606 τὸν
3229 5554 3651 5625 ἀντιληψόμενον

2085 5621 2327 5675 scribunt
2355 5623 2401 5673 τ’
2432 5622 2876 5693 ἀντιληψόμενον.
2911 5622 3119 5679 Possm.
