4020 6140
443 211 582 280 ’1371

661 329 894 390 LXXVI.
939 365 1006 376 -
1048 332 1380 390 ASCLEPIO
1421 329 1809 391 SUPHISTAE.

1629 220 1689 280 S.
1729 219 2022 281 ISIDORI
2054 220 2497 282 PELUSIOTE

3584 215 3724 282 1372

2426 339 2562 403 οςι.
2606 366 2673 377 -
2712 333 3068 404 Δ-ΣΚΔΗΠΙῼ
3109 331 3427 403 ΣΟΦΙΣΤῌ.

1559 449 1690 515 Quis
1719 467 1834 504 vere
1861 451 2037 520 fortis.
2071 453 2286 523 (Confer
2314 454 2465 521 epist.
2503 450 2619 519 88.)

521 560 736 616 Fortem
759 574 860 630 ego
883 561 1031 616 hunc
1058 575 1249 617 revera
1276 563 1453 617 virum
1501 565 1812 633 pronuntio,
1867 582 2027 636 quem

451 665 626 720 neque
647 651 887 706 adversae
913 666 1021 717 res,
1051 667 1224 722 neque
1259 653 1498 708 hostium
1523 656 1752 710 vicerint
1793 657 2024 713 insidize.

451 742 582 796 Cum
607 742 751 796 enim
773 743 891 812 capi
919 744 1038 798 istis
1066 744 1314 814 plerique
1342 749 1758 813 consueverint,
1787 749 1877 804 ille
1909 750 2030 818 qui-

449 830 571 884 dem
599 831 689 900 qui
719 832 920 886 auxilio
945 834 1091 887 omni
1119 835 1411 890 destitutus
1444 836 1586 890 vinci
1619 852 1724 892 non
1762 854 1921 906 posse
1957 839 2028 892 sit

450 921 843 990 deprehensus,
891 923 984 977 sed
1022 933 1076 978 et
1103 925 1208 978 vim
1237 925 1451 996 egregie
1488 927 1790 996 perferens,
1833 938 1888 982 et
1941 932 2026 982 in-

452 1010 617 1066 sidias
639 1012 786 1067 laudi
823 1014 929 1068 sibi
957 1015 1182 1078 ducens,
1212 1029 1390 1085 neque
1432 1017 1484 1070 in
1520 1017 1747 1072 serviles
1769 1018 2029 1086 delapsus

453 1102 793 1160 adulationes
837 1121 899 1160 ac
924 1105 1238 1170 blanditias,
1269 1107 1639 1163 sublimiorem
1667 1125 1795 1164 vero
1822 1112 2028 1166 habens

450 1207 611 1260 quam
660 1195 1003 1250 insidiatores
1050 1198 1389 1263 prudentiam
1417 1240 1432 1262 ,
1479 1199 1636 1253 fortis
1681 1202 1766 1254 hic
1789 1204 1867 1255 vir
1899 1219 2030 1256 ccu-

452 1285 671 1347 sendus,
698 1287 742 1341 si
768 1289 910 1357 quod
964 1290 1013 1340 in
1057 1289 1140 1342 his
1183 1289 1445 1356 judicium
1479 1307 1680 1346 meum.
1721 1293 1856 1346 Cum
1884 1295 2026 1348 enim

453 1377 504 1432 iu
552 1395 811 1449 prospera
857 1381 1068 1436 fortuna
1117 1383 1422 1451 expeditius
1477 1385 1642 1438 etiam
1687 1387 1876 1442 molles
1935 1390 2029 1441 ho-

453 1470 626 1524 mines
660 1473 946 1541 prudentia
982 1485 1224 1538 utantur,
1260 1489 1344 1528 rcs
1368 1485 1514 1530 certe
1540 1477 1781 1532 adversae
1826 1481 2026 1547 probos

454 1559 736 1615 declarant
763 1564 929 1617 viros.
971 1564 1026 1617 Itt
1080 1566 1331 1619 felicibus
1373 1566 1555 1634 itaque
1602 1573 1910 1622 moderatus
1933 1569 2025 1638 qui

2222 571 2459 622 Ἐκεῖνον
2485 569 2657 632 ὅντως
2687 565 2934 636 ἀνδρεῖον
2973 563 3258 634 ὁρίζομαι,
3287 564 3349 617 ὃν
3373 562 3496 618 οὔτε
3524 564 3727 618 δυσκο-

2134 661 2225 714 λία
2273 659 2618 731 πραγμάτων
2650 697 2664 720 ,
2723 656 2845 711 οὕτε
2908 656 3121 727 ἐχθρῶν
3169 655 3396 726 ἤλεγξεν
3442 656 3728 730 ἐπιϐουλή.

2135 753 2177 802 Τ
2181 752 2255 804 ὦν
2285 753 2394 821 γὰρ
2442 749 2654 803 πολλῶν
2699 750 2805 802 ὑπὸ
2832 749 2942 802 τῶν
2979 748 3239 801 τοιούτων
3283 747 3550 802 εἰωθότων
3607 748 3728 801 ἀλί-

2138 843 2383 907 σκεσθαι,
2405 847 2431 896 ὁ
2457 843 2532 914 μὴ
2555 845 2611 895 ἐν
2635 843 2750 905 τοῖς
2766 840 3091 911 ἀϐουλήτοις
3115 839 3389 903 εὐάλωτος
3426 840 3732 912 φωραθεὶς,

2138 937 2272 990 ἀλλά
2305 939 2400 989 καὶ
2431 935 2700 1006 ἐπηρείας
2733 934 2980 1004 κοσμίως
3017 936 3222 1004 φέρων,
3258 933 3354 985 καὶ
3390 933 3553 1002 δόξης
3589 932 3727 985 ὑπό-

2135 1029 2284 1081 θεσιν
2326 1027 2651 1096 ποιούμενος
2677 1026 2778 1090 τὰς
2810 1026 3131 1088 ἐπιϐουλὰς,
3190 1025 3287 1078 καὶ
3326 1024 3403 1096 μὴ
3434 1027 3513 1087 είς
3537 1025 3729 1078 δουλο-

2137 1121 2366 1188 πρεπεῖς
2400 1119 2876 1187 καταγιγνόμενος
2935 1117 3196 1181 θωπείας,
3247 1117 3360 1171 ἀλλ’
3393 1117 3731 1188 ὑψηλότερον

2135 1214 2242 1265 τῶν
2267 1213 2729 1265 ἐπιϐουλευόντων
2753 1211 2893 1282 ἔχων
2916 1212 2975 1263 τὸ
3009 1212 3287 1282 φρόνημα,
3305 1205 3458 1274 οὗτος
3488 1210 3732 1279 ἀνδρεῖός

2137 1307 2251 1356 ἐστι
2283 1305 2412 1374 παρ’
2446 1305 2569 1373 ἐμοὶ
2589 1307 2774 1375 κριτῇ.
2826 1303 3044 1374 Ἐπειδὴ
3089 1303 3196 1374 γὰρ
3232 1305 3291 1354 ἐν
3339 1305 3436 1372 μὲν
3490 1305 3617 1365 ταῖς
3642 1303 3730 1354 εὑ-

2136 1396 2394 1466 ημερίαις
2419 1397 2614 1465 ῥᾷστον
2642 1397 2733 1448 καὶ
2763 1398 2873 1458 τοῖς
2916 1396 3203 1465 ἀνάνδροις
3237 1397 3547 1464 φρονήματι
3594 1396 3731 1464 χρή-

2141 1485 2355 1549 σασθαι,
2409 1487 2462 1539 αξ
2497 1484 2781 1538 δυσκολίαι
2813 1486 2869 1539 δὲ
2903 1487 3029 1548 τοὺς
3069 1485 3311 1552 ἀγαθοὺς
3337 1486 3611 1554 κρίνουσι·
3640 1485 3730 1537 τὸν

2145 1577 2241 1647 μὲν
2285 1578 2342 1629 ἐν
2380 1577 2651 1647 εὐημερίᾳ
2693 1577 2938 1647 μέτριον,
2980 1579 3037 1629 ἐν
3070 1577 3128 1628 δέ
3174 1576 3436 1646 δυσκολίᾳ
3466 1575 3733 1644 πραγμά-

454 1651 561 1716 sit,
593 1652 649 1707 in
693 1655 935 1709 adversis
962 1672 1089 1709 vero
1131 1657 1289 1710 rebus
1336 1658 1516 1711 celsus
1563 1659 1892 1726 minimeque
1935 1661 2033 1713 ab-

2144 1684 2266 1732 των,
2308 1668 2701 1733 ἀταπείνωτον,
2764 1666 3152 1736 ἀνδρειότατον
3201 1663 3347 1720 εἶναι
3393 1666 3574 1736 ἔγωγε
3623 1666 3734 1737 ὁρί-

446 1740 658 1808 jectus,
699 1742 1058 1800 fortissimum
1103 1761 1204 1817 ego
1258 1749 1402 1802 hunc
1456 1748 1633 1801 virum
1683 1763 1882 1804 censeo
1930 1765 2032 1821 ap-

454 1832 789 1900 peHanduuL

477 1921 737 1979 LXXVII.
769 1957 842 1967 —-
877 1924 1332 1989 MARTINIANO,
1368 1926 1618 1984 ZOSIMO
1648 1936 1703 1983 et
1733 1927 2020 1984 MARONI.

2145 1759 2331 1828 ζομαι.

2254 1938 2374 1992 OZ'.
2412 1967 2482 1979 —
2518 1937 2978 2008 ΜΑΡΤΙΝΙΑΝῼ,
3022 1938 3293 2009 ΖΩΣΙΜῼ,
3334 1938 3630 1991 ΜΑΡΩΝΙ.

561 2014 821 2071 Hortatur
846 2011 900 2070 u‘t
925 2036 957 2072 a
989 2020 1130 2072 vitiis
1154 2021 1410 2074 desistant
1440 2038 1457 2074 :
1488 2038 1605 2086 qum
1638 2031 1711 2100 tot
1739 2032 2011 2100 tantamne,
2046 2035 2102 2079 ut
2145 2047 2236 2082 nec
2265 2032 2364 2084 vivi
2392 2033 2558 2084 verbis
2583 2031 2792 2100 quidem
2816 2031 3138 2098 exprimant,
3173 2048 3264 2084 nec
3291 2033 3485 2099 posteri
3513 2033 3623 2084 sint

1510 2093 1778 2144 credituri.
1811 2093 2031 2163 (Confer
2058 2103 2213 2165 epist.
2248 2102 2316 2153 55
2349 2102 2418 2154 ad
2449 2093 2716 2164 cosdém.)

529 2197 625 2257 Si,
677 2207 736 2250 ut
779 2196 978 2264 ferunt,
1025 2200 1242 2267 quidam
1278 2203 1430 2257 valde
1481 2206 1675 2274 periti,
1719 2207 2042 2276 dicendique

457 2297 573 2340 arte
599 2289 905 2354 exercitati,
936 2302 1174 2346 vestram
1207 2309 1314 2347 non
1345 2294 1502 2349 facile
1531 2298 2038 2370 audeanttragicam

459 2377 666 2432 referre
686 2379 850 2432 vitam
883 2397 896 2433 :
945 2392 1204 2436 verentur
1229 2387 1372 2440 enim
1415 2400 1626 2452 eorum,
1655 2391 1747 2458 qui
1796 2406 1938 2445 nunc
1961 2393 2039 2445 vi-

457 2478 614 2532 vunt,
661 2471 1161 2538 reprehensionem,
1192 2485 1244 2529 et
1291 2486 1537 2542 posteros
1579 2495 1686 2533 non
1711 2483 2037 2537 credituros.

461 2559 560 2630 (illi
587 2561 729 2614 enim
777 2560 925 2629 plura
976 2577 1036 2617 se
1089 2566 1230 2619 scire
1282 2566 1513 2630 dicunt,
1561 2585 1720 2638 quam
1773 2575 1840 2626 de
1893 2575 2044 2628 vobis

459 2651 749 2705 enuntiare
778 2663 984 2718 queant
1007 2670 1028 2719 _;
1086 2657 1286 2723 posteri
1315 2672 1447 2712 vero
1474 2660 1680 2713 minora
1713 2677 1809 2716 vos
1843 2662 2043 2731 ﬂagitia

459 2739 823 2805 commisisse,
867 2756 1027 2810 quam
1077 2759 1198 2811 qua:
1245 2758 1561 2815 narrentur,
1610 2752 2042 2826 existimabunt),

457 2846 576 2900 qua:
625 2831 741 2886 haec
788 2832 952 2903 igitur
977 2843 1158 2888 vestra
1210 2837 1524 2896 iucttrabilis
1573 2851 1656 2895 est
1699 2846 1938 2897 amentia
1990 2852 2045 2899 et

460 2923 834 2988 debacchatio,
866 2924 992 2979 talia
1029 2941 1122 2980 vos
1163 2939 1382 2994 patrare
1404 2931 1631 2998 scelera,
1661 2949 1780 3003 qum
1803 2945 1858 2989 et
1883 2936 2043 2992 hodie

458 3013 692 3069 disertos
717 3024 949 3084 arguant
977 3016 1200 3080 silentii,
1226 3027 1280 3073 et
1301 3021 1439 3088 apud
1465 3033 1713 3088 posteros
1742 3024 1900 3080 fidem
1931 3042 2037 3081 non

461 3105 783 3160 inveniant?
822 3105 934 3160 Nec
964 3108 1107 3160 enim
1143 3107 1303 3164 facile
1331 3113 1634 3167 utcredant
1669 3116 1862 3170 adduci
1890 3127 2044 3186 pote-

459 3204 589 3248 runt
630 3195 829 3262 posteri
862 3211 926 3251 ea
949 3197 1017 3250 ab
1041 3197 1351 3253 hominibus
1380 3202 1614 3256 admissa
1643 3205 1898 3271 crimina,
1924 3223 2046 3276 qua:

461 3300 533 3339 ne
582 3285 833 3341 exitiales
874 3287 1092 3357 quidem
1139 3291 1408 3347 daemones
1429 3295 1766 3350 committere
1792 3300 2042 3354 audeant.

460 3374 581 3430 Vivi
609 3377 755 3430 enim
783 3386 994 3447 patrata
1013 3391 1302 3437 cernentes
1329 3383 1533 3438 scelera
1559 3385 1744 3441 dicent
1781 3387 2043 3444 inferiora

421 3476 424 3480 '
459 3465 569 3520 illis
616 3468 818 3538 tragica
861 3483 984 3524 esse
1027 3471 1294 3525 dramata.
1333 3471 1543 3528 Posteri
1580 3491 1714 3530 vero
1737 3478 2042 3546 audientes,

463 3558 667 3628 majora
710 3560 816 3616 illis
855 3563 1265 3618 existimabunt.
1324 3564 1404 3619 Illi
1449 3568 1631 3622 verbis
1669 3569 1912 3637 potuisse
1951 3572 2045 3626 ad-

459 3651 660 3718 :equari
704 3653 1073 3708 narrationem
1119 3655 1282 3709 rebus
1327 3669 1358 3708 a
1405 3657 1558 3711 vobis
1606 3660 1832 3726 patratis
1885 3675 2048 3729 nega-

460 3744 635 3809 bunt;
677 3745 875 3811 posteri
902 3756 1084 3800 autem
1110 3758 1489 3817 exaggeratam
1544 3750 1596 3804 in
1623 3751 1902 3820 majusque
1928 3753 2044 3808 ela‘

460 3842 572 3888 tam
593 3836 897 3891 orationem
945 3839 1387 3907 suspicabuntur.
1431 3838 1508 3894 Illi
1548 3843 1769 3911 quidem
1799 3855 2046 3901 oratores

462 3927 637 3980 victos
685 3942 807 3981 esse
861 3943 1044 3982 rerum
1103 3931 1470 3999 enormitate,
1527 3937 1727 4002 posteri
1780 3952 1911 3992 vero
1956 3954 2046 3993 su-

463 4013 684 4084 perasse
708 4018 954 4072 oratione
986 4018 1327 4086 judicabunt.
1381 4021 1526 4090 Illos,
1578 4026 1835 4094 inquam,
1884 4043 2047 4098 argu-

464 4115 644 4160 mento
693 4108 883 4173 victos,
933 4109 984 4161 hi
1039 4110 1159 4178 plus
1201 4127 1357 4178 aequo
1409 4129 1493 4167 res
1553 4116 1770 4170 auxisse
1835 4118 2040 4173 dicent.

464 4195 644 4261 Quare
664 4211 786 4250 cum
815 4199 1014 4262 omnia,
1047 4215 1165 4268 quae
1189 4202 1561 4271 dicijpossuut,
1593 4222 1715 4260 cum
1737 4212 1930 4264 vestris
1953 4225 2045 4265 ex-

2221 2214 2303 2274 Ei,
2333 2212 2407 2276 ὥς
2435 2212 2568 2281 φασί
2587 2230 2751 2275 τινες,
2783 2212 2907 2265 οὑδέ
2927 2213 2975 2264 οί
2993 2211 3113 2264 λίαν
3137 2213 3324 2274 δεινοὶ,
3347 2215 3443 2266 καὶ
3473 2215 3536 2266 τὸ
3556 2212 3732 2282 λᾷγειν

2146 2305 2343 2375 τέχνην
2374 2305 2754 2374 πεποιημένοι,
2790 2305 2890 2368 τὰς
2922 2305 3196 2374 ὑμετέρας
3254 2307 3457 2375 ῥᾳδίως
3493 2309 3729 2378 τολμῶσι

2148 2395 2498 2465 στηλιτεῦσαι
2522 2395 2830 2464 τραγῳδίας
2877 2395 3130 2463 (φοϐοὖντ
3147 2413 3204 2449 αι
3238 2396 3346 2465 γὰρ
3373 2397 3482 2449 τῶν
3515 2399 3616 2467 μὲν
3641 2399 3729 2452 νῦν

2143 2485 2234 2537 τὸν
2269 2484 2512 2553 ἔλεγχον,
2546 2485 2658 2537 τῶν
2693 2485 2750 2538 δὲ
2797 2486 3076 2554 ἐσομένων
3119 2485 3217 2556 τὴν
3265 2487 3552 2542 ἀπιστίαν.
3596 2491 3728 2552 Τοὺς

2146 2577 2243 2648 μὲν
2274 2577 2382 2646 γὰρ
2420 2577 2644 2631 πλείονα
2689 2576 2889 2630 εἰδέναι
2933 2579 3118 2646 φασὶν,
3142 2570 3217 2630 ὧν
3261 2578 3328 2631 ἂν
3358 2581 3542 2634 εἰπεῖν
3569 2581 3721 2651 δυνη-

2144 2669 2318 2722 θεῖεν·
2353 2671 2403 2723 οί
2431 2670 2505 2739 ,δὲ
2544 2669 2769 2723 ἔλαττον
2811 2670 2956 2739 ὑμᾶς
2987 2670 3312 2740 δεδρακέναι
3345 2671 3456 2724 τῶν
3503 2674 3727 2742 ῥηθησο-

2151 2762 2328 2831 μένων
2363 2761 2708 2833 ἡγήσονται),
2746 2761 2828 2825 τίς
2869 2763 2901 2831 ἡ
2953 2763 3253 2832 ἀνήκεστος
3282 2763 3418 2830 αὕτη
3481 2764 3722 2834 μανία,ὴ

2151 2856 2572 2925 ἐκϐακχεὺσασα
2604 2857 2750 2925 ὑμᾶς
2775 2854 3003 2910 τοιαῦτα
3029 2856 3251 2926 δρᾶσαι,
3280 2855 3315 2908 ἃ
3346 2857 3439 2908 καὶ
3472 2859 3597 2920 τοὺς
3617 2858 3725 2909 νυνὶ

2070 2971 2112 3026 C
2149 2945 2492 3009 δεινοτάτους
2521 2945 2755 3014 ἐλέγξει,
2782 2945 2880 3000 καὶ
2917 2947 3046 3010 τοὺς
3073 2947 3211 3016 μετά
3228 2947 3403 3000 ταῦτα
3430 2949 3725 3018 ἀπιστῆσαι

2146 3037 2559 3108 παρασκευάσει
2619 3036 2770 3108 (8'2);
2806 3038 2882 3091 Οὐ
2920 3038 3030 3110 γὰρ
3069 3037 3361 3091 πιστεῦσαι
3415 3038 3721 3108 ἐθελήσουσι

2147 3129 2366 3200 ῥᾳδίως,
2415 3129 2496 3182 ὅτι
2533 3128 2814 3200 ἄνθρωποι
2860 3129 3089 3183 τοιαῦτα
3120 3130 3376 3201 ἔδρασαν,
3427 3130 3466 3184 ἃ.
3517 3131 3624 3184 οὐδ’
3664 3129 3723 3183 ἀν

2143 3220 2396 3289 δαίμονες
2439 3219 2709 3291 ἀλιτήριοι
2746 3221 2945 3290 δρᾶσαι
3001 3221 3330 3292 ἐτόλμησαν.
3377 3223 3442 3277 0i
3497 3223 3597 3294 μὲν
3624 3221 3724 3290 γὰρ

2146 3310 2384 3381 ὁρῶντες
2397 3310 2466 3364 τὰ
2487 3311 2588 3382 δρα
2595 3329 2767 3382 ματου
2777 3313 2905 3382 ργού
2915 3329 3052 3381 μενα
3063 3313 3278 3383 ,ἥττους
3291 3313 3401 3367 τῶν
3414 3312 3722 3384 τραγῳδιῶν

2145 3405 2274 3466 τοὺς
2307 3402 2520 3471 λόγους,
2550 3405 2602 3456 oi
2649 3404 2694 3457 δ’
2744 3404 3099 3469 ἀκούσαντες,
3140 3405 3360 3474 μείζους
3408 3407 3718 3478 ἡγήσονται.

2147 3496 2210 3548 Oi
2253 3494 2354 3564 μὲν
2385 3494 2460 3565 μὴ
2507 3494 2832 3565 δεδυνῆσθαι
2880 3497 2981 3566 τὴν
3027 3497 3230 3568 φράσιν
3286 3496 3610 3568 ἐξισωθῆναι
3660 3497 3719 3564 τῇ

2147 3587 2345 3657 πράξει
2383 3586 2703 3657 νομιοῦσιν·
2740 3587 2791 3640 οἱ
2835 3587 2894 3640 δέ
2925 3587 3305 3656 ἐξωγκῶσθαι,
3351 3588 3447 3642 καὶ
3492 3589 3624 3658 πρὸς
3667 3588 3722 3639 τὸ

2151 3677 2334 3746 μεῖζον
2376 3673 2544 3748 ἦρθαι
2579 3677 2648 3731 τὰ
2683 3678 3035 3750 γεγενημένα
3065 3680 3459 3751 ὑπολήψονται.
3518 3681 3579 3733 Ui
3631 3678 3720 3748 μὲν

2147 3770 2414 3840 ἡττῆσθαι
2454 3771 2581 3835 τοὺς
2629 3773 2888 3844 ῥήτορας,
2939 3773 2989 3824 οἱ
3027 3772 3073 3826 δ’
3122 3772 3569 3843 ὑπερϐεϐηκέναι
3623 3771 3717 3840 ψη-

2149 3859 2414 3928 φιοῦνται.
2447 3861 2587 3923 Τοὺς
2611 3861 2709 3930 μὲν
2739 3861 2848 3931 γὰρ
2877 3860 3110 3914 κατόπιν
3137 3861 3238 3929 τῆς
3261 3859 3575 3923 ὑποθέσεως
3599 3859 3717 3911 ὑπο-

2147 3949 2422 4019 λελεῖφθαι
2448 3950 2583 4022 (85),
2628 3953 2756 4014 τοὺς
2797 3951 2856 4005 δέ
2887 3952 3324 4022 ὑπερϐεϐηκέναι
3351 3952 3636 4023 φήσουσιν.
3660 3947 3716 4001 El

2145 4040 2326 4093 τοίνυν
2353 4041 2529 4094 πάντα
2586 4041 2761 4112 μικρά
2806 4042 2943 4113 πρὸς
2983 4045 3083 4112 τὴν
3125 4043 3400 4114 ὑμετέραν
3446 4041 3716 4112 βδελυρίαν

2149 4131 2506 4199 φθέγξασθαι,
2558 4131 2839 4184 παύσασθε
2868 4130 3096 4184 τοιαῦτα
3123 4132 3378 4202 δρῶντες,
3404 4131 3439 4185 ἃ.
3466 4133 3564 4185 καὶ
3597 4129 3711 4188 τοὺς

2148 4223 2242 4274 νῦν
2275 4220 2517 4290 ἐλέγξει,
2559 4223 2653 4277 καὶ
2686 4223 2812 4286 τοὺς
2859 4222 3155 4293 ἐσομένους
3207 4223 3518 4292 ἀπιστῆσαι
3557 4236 3716 4291 παρα-

465 4288 745 4342 secrandis
768 4290 914 4343 vitiis
945 4305 1254 4360 comparata
1296 4298 1485 4364 exigua
1537 4299 1668 4362 sint,
1699 4303 2039 4357 committere
2075 4314 2116 4366 Ι)
2148 4288 2432 4368 σκευάσέι,

469 4376 594 4431 talia
623 4377 874 4442 desinite,
898 4396 1019 4449 quae
1044 4391 1098 4437 et
1127 4394 1421 4452 praesentes
1448 4398 1695 4443 oratores
1719 4400 1968 4458 arguant,
1995 4403 2048 4445 ct

467 4468 604 4534 apud
643 4479 885 4535 posteros
921 4471 1076 4527 (idem
1112 4490 1215 4529 non
1249 4489 1580 4532 mereantur.

613 4579 773 4650 577
807 4581 1086 4640 LXXVIII.
1118 4614 1189 4627 -—
1219 4587 1519 4644 EUGENIO
1573 4590 1890 4650 DIACOt‘tO.

2397 4596 2524 4651 ou'.
2561 4629 2630 4639 _
2668 4597 2962 4669 ΕΥΓΕΝῘῼ
2998 4596 3112 4668 (si)
3149 4596 3478 4666 ΔΙΛΚΟΝῼ.

469 4670 647 4741 Major
687 4675 741 4726 in
785 4675 966 4743 futura
1008 4679 1116 4732 vita
1172 4697 1367 4737 merces
1397 4685 1493 4738 erit
1523 4688 1840 4826 eorum,(¢gui
1870 4688 1999 4769 nihil

1796 4774 1881 4826 up.
1915 4769 2038 4826 epist

2144 4703 2321 4812 gnumIn
2342 4689 2408 4829 in)
2433 4691 2530 4744 hac
2564 4692 2672 4744 vita
2719 4707 2981 4760 accepere,
3011 4701 3063 4742 ut
3094 4689 3402 4756 Harpocras
3446 4687 3701 4756 Saphista.

2144 4776 2153 4788 '
2210 4771 2254 4812 et
2291 4762 2378 4814 οὗ.
3269 4803 3274 4810 ,

1796 4774 1881 4826 up.
1915 4771 2064 4826 epist.
2099 4771 2168 4812 52
2210 4771 2254 4812 et
2291 4771 2378 4814 55.

539 4859 709 4928 Scito,
733 4864 935 4934 optime
986 4867 1088 4932 vir,
1147 4879 1292 4923 recte
1349 4881 1598 4938 agentem
1641 4873 1922 4941 praat'nium
1973 4875 2024 4926 in

2212 4874 2378 4938 Ἴσθι,
2422 4868 2465 4926 ὧ
2500 4875 2760 4945 μακάριε,
2793 4875 2875 4927 ὅτι
2916 4873 3017 4926 οὑκ
3053 4873 3132 4936 είς
3165 4872 3227 4925 τὺ
3259 4872 3334 4944 μὴ
3355 4873 3541 4926 λαϐεῖν
3574 4871 3714 4935 ἀμοι-

1605 5024 1841 5081 νΑΙὶΙιιΕ
1881 5025 2266 5084 LECTIONES
2302 5028 2390 5082 ET
2431 5026 2662 5082 NOTAE.

543 5181 658 5254 (82)
697 5178 839 5233 Inter
873 5181 1284 5251 παρασκευάσει
1321 5191 1370 5254 et
1398 5184 1460 5236 οὑ
1497 5185 1607 5237 haec
1640 5180 1795 5254 plane
1826 5182 2037 5254 sincera

470 5251 659 5307 et'ad
715 5254 1033 5306 sententiain
1100 5251 1405 5306 "emissario
1455 5253 1738 5307 inserenda
1794 5252 2042 5319 supplent.

470 5324 621 5393 codd.
660 5321 780 5393 vat.
811 5321 1002 5393 650m
1033 5324 1160 5393 ΑΗ..
1188 5322 1422 5383 Τούτους
1452 5324 1548 5393 μὲν
1579 5321 1686 5389 γὰρ
1712 5319 1943 5393 ἐλέγξει,
1967 5321 2042 5384 ὡς

475 5392 550 5462 μὴ
571 5391 894 5462 δυνηθέντας
921 5392 1157 5457 ἐπαξίως
1183 5393 1278 5460 τῆς
1303 5391 1572 5462 ἡμετέρας
1595 5391 1789 5462 κακίας
1813 5391 2039 5460 φράσαι¹

473 5459 711 5525 ἐκείνους
762 5461 816 5513 δὲ
852 5463 1149 5532 ἀπιστῆσαι
1198 5459 1624 5532 παρασκευάσει.
1682 5459 1793 5532 Hoc
1822 5459 2042 5515 verbum

474 5529 721 5600 ultimum
772 5531 1202 5600 παρασκευάσει,
1247 5529 1486 5585 secundo
1529 5531 1842 5600 repetitum,
1881 5546 2035 5600 occa-

477 5597 682 5652 sionem
712 5597 961 5654 oscitanti
990 5600 1308 5670 descriptori
1351 5597 1640 5670 praebuisse
1671 5599 1926 5656 credibile
1963 5610 2047 5655 est

2146 5321 2298 5389 λεῖφθ

2149 5183 2251 5236 hoc
2279 5196 2488 5234 comma
2521 5181 2824 5234 omittendi.
2863 5177 3077 5235 Possm.

2219 5252 2328 5320 (85)
2381 5250 2794 5319 Ὑπολελεῖφθαι
2823 5250 2984 5304 iidem
3015 5249 3172 5305 codd.
3217 5258 3428 5303 mittant
3457 5249 3506 5302 iu
3533 5243 3710 5299 ἀπολε-

2306 5339 2381 5374 αι.
2417 5321 2497 5374 In.

2220 5388 2331 5461 (84)
2376 5391 2476 5444 Pro
2493 5390 2766 5462 Εὑγενίῳ,
2797 5388 2886 5456 qui
2919 5389 3112 5462 unicus
3145 5389 3248 5462 hoc
3279 5389 3438 5456 libro,
3478 5397 3603 5457 pulo
3635 5397 3709 5462 re-

2151 5459 2452 5531 ponendum
2490 5459 2758 5531 Ejbzoviq),
2781 5468 2964 5531 exstat
2990 5460 3139 5531 enim
3181 5459 3248 5531 ad
3277 5459 3707 5531 eumdeurpersi-

2153 5527 2294 5587 inilis
2317 5532 2472 5598 epist.
2515 5529 2615 5582 221
2652 5527 2708 5585 ct
2734 5529 2858 5583 ἓξὲξ.
2903 5529 3036 5583 Vide
3065 5537 3118 5584 et
3157 5529 3315 5598 epist.
3360 5527 3447 5594 96,
3483 5527 3546 5580 ad
3575 5536 3710 5578 euut-

2153 5604 2293 5658 dem.
2331 5599 2572 5655 Scuor'r.
