4020 6140
392 281 528 348 1373

1255 283 1785 345 EPISTOLARUM
1822 282 1967 343 LIB.
2008 283 2076 342 V.
2108 303 2176 316 -·
2212 280 2446 339 EPIST.
2485 279 2772 344 LXXXII.

3483 275 3622 341 1374

386 399 508 464 εάς,
552 396 666 451 ἀλλ’
719 396 797 460 είς
837 395 897 448 τὸ
947 395 1330 466 λαμπροτέρας
1361 388 1569 461 λαϐεῖν,
1602 400 1648 451 εἰ
1681 399 1740 451 ὲν
1785 399 1950 450 πᾶσιν

2054 408 2292 462 praesens
2323 408 2428 448 non
2461 393 2728 462 accipere,
2759 392 2987 461 idipsum
3013 405 3120 446 non
3151 398 3208 446 ut
3238 390 3472 457 amittat,
3518 398 3616 448 sed

385 485 822 554 εύδοκιμήσειας,
849 485 910 537 τὸ
946 483 1171 553 μηδέπω
1199 483 1382 538 λαϐεῖν
1417 486 1808 556 περιστήσεταί
1844 501 1946 538 σοι.

395 577 454 629 '0
487 577 584 646 μὲν
613 576 721 645 γὰρ
747 574 982 628 ἐνταῦθά
1006 591 1059 626 τι
1093 573 1270 627 λαϐὼν
1299 575 1580 646 λαμπρόν·
1607 578 1634 629 ὁ
1661 576 1717 629 δὲ
1749 576 1821 648 μὴ
1853 575 1951 629 λα.-

384 668 517 732 6ὼν,
564 665 948 737 λαμπρότερον
996 668 1175 718 ἐκεῖσε
1230 666 1339 730 ἕξει
1385 667 1476 720 τὸν
1527 668 1810 736 στέφανον.
1858 669 1949 737 Μὴ

383 763 584 826 τοίνυν,
624 759 652 811 ὅ
696 759 965 828 θυμηδίας
1011 758 1128 811 ἐστὶ
1173 759 1456 829 πρόξενον,
1503 759 1664 812 τοῦτο
1715 759 1953 829 ἀθυμίας

384 869 467 903 σοι
498 851 673 905 αἴτιον
697 848 952 918 γινέσθω.
1001 848 1088 918 Τῷ
1121 850 1220 919 μὲν
1269 852 1376 920 γὰρ
1422 850 1655 904 ἐνταῦθα
1684 851 1948 920 εἰληφότι,

381 940 610 1002 εἰκότως
666 940 1031 1009 ὑποτέμνεται
1064 942 1092 992 ὁ
1123 941 1343 1010 μισθός·
1371 940 1450 1010 τῷ
1493 941 1550 994 δὲ
1594 943 1668 1011 μὴ
1707 941 1952 1013 εἰληφότι

381 1032 637 1104 ἀκέραιος
668 1030 830 1100 δῆλον
857 1032 941 1084 ὅτι
977 1031 1327 1099 φυλάττεται.

601 1271 605 1274 _
685 1193 802 1248 06'.
835 1223 905 1234 —
938 1193 1241 1262 ΚΥΡΙΛΛῼ
1278 1195 1642 1266 ΕΠΙΣΚΟΠῼ.

2058 494 2114 537 ut
2161 483 2557 538 muniﬁcentius
2633 484 2896 552 accipiat,
2937 483 3276 538 occasionem
3327 498 3469 539 esse.
3519 484 3618 550 Qui

2058 576 2204 631 enim
2260 574 2350 629 hic
2408 574 2552 644 capit
2591 574 2816 642 aliquid,
2853 574 3118 628 illustrem
3163 575 3401 643 quidem,
3440 585 3496 628 at
3527 575 3618 643 qui

2058 667 2191 722 nihil
2225 667 2514 734 receperit,
2555 665 2899 720 illustriorem
2936 665 2990 718 in
3016 665 3184 718 altera
3213 664 3322 717 vita
3365 679 3617 718 coronam

2058 765 2440 826 consequetur.
2474 755 2616 810 Cave
2656 756 2822 824 igitur
2877 769 2943 810 ne
2988 754 3131 824 quod
3184 753 3350 808 animi
3388 754 3621 808 delecta-

2059 848 2257 900 tionem
2283 845 2562 911 conciliat,
2591 846 2767 914 pariat
2807 845 2898 898 tibi
2947 827 3122 912 pusilli
3168 843 3337 897 animi
3380 842 3619 896 occasio-

2058 953 2200 992 nem.
2288 934 2398 1012 llicv
2460 936 2605 990 enim
2678 935 2961 1004 recipienti
3013 933 3209 988 merito
3282 934 3620 1001 intercipitur

2056 1041 2296 1091 merces;
2323 1025 2401 1080 illi
2423 1040 2554 1080 vero
2583 1039 2689 1079 non
2721 1024 3020 1094 accipientil
3042 1025 3308 1091 integrum
3352 1021 3619 1078 asservari

2054 1119 2354 1187 praemium,
2385 1115 2730 1170 manifestum
2774 1126 2876 1169 est.

2301 1206 2538 1260 LXXIX.
2588 1236 2659 1246 --
2691 1204 2988 1260 CYRILLO
3021 1203 3363 1260 El‘lSCOPO.

1135 1283 1488 1356 ElecmOsynw
1516 1289 1578 1341 de
1608 1290 1752 1357 justc
1779 1297 1943 1354 partis
1979 1308 2144 1364 graue
2183 1296 2304 1352 Deo.
2342 1298 2520 1368 (Conf.
2553 1299 2701 1365 epist.
2735 1298 2883 1365 949.)

451 1391 572 1451 Οἷδε
631 1397 848 1457 πάντως
892 1398 924 1464 ἡ
978 1396 1044 1465 σὴ
1095 1396 1338 1462 σύνεσις,
1391 1399 1466 1461 ὡς
1511 1400 1631 1452 οὐδὲ
1666 1402 1726 1453 τὸ
1761 1402 1946 1454 ἄδικον

383 1491 572 1559 κέρδος
600 1490 676 1551 εἰς
705 1489 1068 1558 ἐλεημοσύνην
1098 1490 1402 1558 ἐπιτήδειον
1422 1507 1436 1521 '
1469 1490 1591 1544 οὔτε
1616 1494 1648 1560 ἡ
1679 1493 1950 1560 ἀπληστία

2128 1408 2304 1462 Probe
2335 1420 2420 1460 tua
2467 1408 2614 1461 novit
2645 1408 2926 1475 prudentia
2961 1410 3170 1462 lucrum
3217 1407 3476 1476 injustum
3506 1422 3612 1461 non

2058 1500 2188 1552 satis
2228 1513 2349 1552 esse
2389 1499 2741 1568 elecmosynaz
2777 1499 3048 1560 idoneum,
3100 1511 3272 1565 neque
3319 1497 3616 1564 inexplebi-

383 1582 490 1632 τῶν
539 1583 960 1649 οἱκονομούντων
1005 1580 1102 1648 τὴν
1165 1581 1558 1651 Πηλουσιωτῶν
1625 1585 1946 1653 Ἐκκλησίαν

2060 1590 2158 1640 lem
2210 1588 2441 1641 habendi
2495 1588 2839 1656 cupiditatem
2889 1587 3319 1654 dispensatorum
3357 1584 3612 1639 Ecclesia:

383 1672 541 1740 κόρον
574 1667 730 1723 οἶδεν.
768 1672 998 1739 "Aptata
1028 1666 1119 1722 οῦν
1150 1670 1434 1741 πράξειας,
1468 1673 1514 1723 εἰ
1547 1674 1811 1735 παύσειας
1839 1676 1945 1726 τῶν

381 1764 450 1814 τὰ
491 1761 919 1831 ἐκκλησιαστικὰ
962 1758 1304 1814 διοικούντων
1335 1764 1590 1832 χρήματα
1626 1763 1724 1826 τὰς
1757 1765 1947 1817 πλεον-

383 1853 562 1919 εξίας·
608 1855 657 1906 εἰ
699 1852 805 1922 γὰρ
853 1850 912 1904 τὸ
945 1851 1003 1915 ἐξ
1031 1851 1242 1913 ἀδικίας
1273 1853 1588 1922 πορίζεσθαι
1621 1857 1732 1916 τοῖς
1758 1855 1947 1924 δεομέ-

382 1961 492 2006 νοις
521 1944 589 1996 τὰ
635 1945 909 2010 ἀναγκαῖα
961 1943 1062 1995 οὐκ
1112 1943 1328 2010 εὐαγὲς,
1361 1945 1422 1994 τὸ
1455 1944 1586 2013 μηδὲ
1621 1946 1731 2008 τοῖς
1761 1946 1947 2015 δεομέ-

381 2052 492 2098 νοις
524 2034 663 2087 αὐτὰ
702 2034 964 2104 πορίζειν,
1017 2033 1131 2088 ἀλλ’
1166 2035 1385 2097 οἰκείοις
1426 2036 1720 2106 θησαυροῖς
1754 2039 1947 2090 ἐναπο-

382 2123 601 2186 κλείειν,
655 2123 826 2193 πάντη
891 2123 1270 2190 ἐναγέστατον.
1335 2122 1769 2177 Μανθανέτωσαν
1829 2122 1942 2190 οὖν,

382 2215 462 2266 ὅτι
510 2214 604 2266 καὶ
635 2213 910 2283 διανέμειν
948 2214 1219 2281 ὀφείλουσι
1268 2214 1524 2284 καθαρῶς
1551 2218 1664 2278 τοῖς
1717 2217 1946 2286 πενομέ·

380 2324 492 2370 νοις
541 2305 609 2358 τὰ
654 2305 875 2367 δικαίως
912 2306 1182 2374 προσόντα
1215 2306 1309 2358 καὶ
1354 2307 1566 2369 ἀδικίας
1594 2307 1811 2376 ἁπάσης
1843 2324 1943 2359 xa-

383 2395 653 2464 θαρεύειν,
681 2395 914 2465 μάλιστα
948 2395 1045 2464 μὲν
1076 2396 1262 2463 ἐπειδὴ
1288 2395 1365 2464 τῷ
1394 2398 1567 2466 Κριτῇ
1596 2397 1751 2449 τοῦτο
1779 2397 1940 2449 δοκεῖ·

379 2487 570 2541 ἔπειτα
603 2488 682 2551 δὲ,
713 2489 794 2540 ὅτι
836 2487 956 2539 οὐδὲ
986 2488 1207 2539 ἐκείνων
1258 2488 1462 2549 ἕνεκεν,
1507 2483 1580 2541 ὧν
1615 2506 1746 2557 φασι
1779 2506 1942 2559 φρον-

379 2579 570 2641 τίζειν,
599 2576 1030 2641 πλεονεκτοῦσιν,
1062 2576 1196 2629 ἀλλὰ
1225 2578 1349 2641 τοὺς
1375 2579 1608 2641 οἰκείους
1638 2579 1944 2649 θησαυροὺς

381 2668 662 2737 ἐμπλῆσαι
710 2667 1039 2738 γλιχόμενοι.
1098 2669 1160 2720 Et
1191 2667 1298 2739 γάρ
1354 2668 1600 2731 σϐέσειας
1651 2670 1761 2722 τῶν
1813 2671 1942 2723 διοι-

381 2758 617 2811 κούντων
643 2759 741 2827 τὴν
771 2758 1096 2827 ἀπληστίαν,
1129 2758 1328 2829 πολλῆς
1365 2759 1730 2814 ἀπολαύονται
1758 2762 1807 2813 οι
1841 2763 1943 2814 πέ-

379 2864 536 2918 νητες
565 2848 868 2918 εὐετηρίας.

712 2940 793 2991 11'.
826 2969 896 2980 —-
932 2938 1259 3008 ΑΡΠΟΚΡᾼ
1297 2938 1606 3009 ΣΟΦΙΣΤῌ.

2049 1679 2439 1733 Pelusiotarum
2476 1696 2632 1749 posse
2662 1679 2869 1733 satiari.
2914 1679 3127 1748 Optime
3174 1678 3356 1745 itaque
3399 1676 3610 1742 feceris,

2049 1767 2091 1820 si
2127 1781 2336 1831 eorum,
2371 1767 2464 1834 qui
2527 1768 2776 1821 Ecclesia:
2835 1768 2971 1820 bona
3021 1767 3342 1834 gubernant,
3393 1779 3612 1818 cessare

2047 1853 2325 1905 avaritiam
2373 1869 2552 1922 cogas.
2599 1853 2653 1908 Si
2705 1856 2848 1907 enim
2901 1871 2994 1923 per
3045 1852 3196 1907 nefas
3241 1862 3394 1922 parta
3440 1866 3507 1906 ne
3558 1853 3613 1906 in

2041 1941 2264 2011 judiciis
2316 1944 2530 2010 quidem
2577 1959 2803 2012 erogare
2857 1944 2938 1998 fas
2989 1956 3104 2009 est;
3141 1945 3407 2011 quomodo
3460 1942 3611 1996 nefas

2049 2048 2152 2085 non
2176 2033 2281 2086 erit
2310 2049 2370 2087 ea
2395 2034 2447 2086 in
2477 2037 2710 2103 propriis
2744 2036 3011 2089 thesauris
3035 2036 3340 2103 repellere?
3373 2034 3612 2093 Docean-

2048 2133 2133 2176 tur
2188 2124 2390 2191 itaque,
2442 2126 2658 2193 quando
2730 2141 2859 2194 pure
2908 2135 2962 2179 et
3009 2125 3236 2178 candide
3287 2125 3611 2192 pauperibus

2047 2215 2374 2269 distribuere
2403 2230 2466 2269 ea
2499 2215 2714 2278 debent,
2737 2231 2857 2284 quae
2879 2215 3026 2284 juste
3058 2229 3122 2268 ac
3151 2214 3386 2284 legitime
3417 2213 3607 2281 acqui-

2046 2307 2289 2368 siverint,
2344 2307 2412 2360 ab
2479 2306 2741 2375 iujustitia
2807 2306 2950 2360 onmi
2999 2319 3163 2374 puros
3227 2318 3286 2357 se
3359 2304 3604 2367 reddere,

2046 2399 2280 2452 maxime
2329 2413 2452 2452 cum
2508 2396 2683 2452 Judici
2731 2396 2889 2468 [Deo]
2945 2397 3023 2451 sic
3077 2395 3352 2465 placitum,
3399 2394 3612 2462 quando

2046 2502 2218 2555 neque
2252 2487 2459 2541 illorum
2484 2488 2676 2556 gratia,
2704 2503 2820 2556 qua:
2838 2501 3030 2541 curare
3057 2500 3115 2540 se
3146 2485 3350 2548 dicunt,
3383 2481 3611 2552 amplius

2045 2578 2377 2645 possideant,
2413 2580 2504 2632 sed
2534 2577 2775 2645 quotidie
2817 2577 2931 2629 suis
2967 2576 3291 2645 impleantur
3318 2572 3606 2626 thesauris.

2049 2668 2107 2722 Si
2135 2668 2276 2721 enim
2320 2667 2732 2737 gubernantium
2771 2667 3074 2721 resecueris
3123 2662 3352 2718 habendi
3399 2660 3611 2730 cupidi-

2050 2766 2241 2823 tatem,
2275 2756 2619 2810 emolumenti
2652 2755 2940 2824 plurimum
2970 2754 3155 2821 inopes
3192 2767 3222 2805 e
3245 2750 3612 2820 proventibus

2047 2855 2464 2990 cap‘elltIZXXX.
2486 2964 2552 2974 —
2590 2932 2988 2987 IIARPOCRE
3017 2929 3399 2988 SOPHISTAE.

936 3027 1002 3081 In
1041 3029 1407 3081 ratiocinando
1447 3041 1596 3081 caute
1620 3027 1902 3096 agendum,
1931 3042 1993 3079 ne
2019 3026 2210 3079 veritas
2247 3026 2381 3076 male
2423 3022 2744 3090 defendendo
2779 3023 3051 3089 prodatur.

460 3143 520 3200 '0
551 3145 649 3215 μὲν
680 3146 739 3196 ὲν
777 3145 888 3206 τοῖς
919 3143 1116 3212 κομιδῆ
1166 3141 1517 3211 ζητουμένοις
1542 3141 1682 3210 ἔχων
1719 3142 1941 3210 ίσχυράν

378 3232 532 3286 λύσιν
578 3235 900 3299 ἐπαγαγεῖν,
949 3231 1173 3292 εἰκότως
1200 3230 1262 3282 οὐ
1305 3229 1506 3284 δέδοικε
1556 3227 1942 3298 χαλεπωτέραν

381 3323 548 3377 ποιῶν
569 3323 666 3394 τὴν
696 3323 990 3375 ἀντίθεσιν.
1031 3322 1086 3373 Ὀ
1115 3321 1171 3374 δὲ
1201 3321 1274 3392 μὴ
1306 3322 1466 3390 ἔχων,
1496 3319 1594 3391 τὴν
1628 3319 1681 3371 δὲ
1715 3319 1940 3387 δύναμιν

380 3413 488 3464 τῶν
509 3412 680 3481 λόγων
711 3415 767 3465 ὲν
789 3416 855 3483 τῇ
901 3411 1171 3464 ἀντιθέσει
1209 3412 1667 3481 ἐπιδεικνύμενος,
1696 3413 1753 3463 ὲν
1780 3410 1837 3463 δὲ
1871 3412 1936 3480 τῇ

379 3502 529 3556 λύσει
577 3503 808 3572 ἀσθενὴς
855 3503 1212 3572 φαινόμενος,
1247 3501 1498 3554 λανθάνει
1554 3501 1939 3571 λαμπροτέραν

376 3592 475 3662 τὴν
520 3593 724 3646 οἰκείαν
759 3593 1202 3663 ἐπιδεικνύμενος
1261 3588 1452 3664 ἧτταν.
1502 3592 1574 3645 Οὐ
1621 3592 1731 3661 γὰρ
1776 3592 1939 3663 ἐχρῆν

376 3683 518 3734 οὓτω
567 3681 716 3750 παρά
767 3682 863 3752 τὴν
919 3681 1090 3752 ἀρχὴν
1129 3679 1497 3748 ἀγωνίσασθαι
1532 3680 1624 3732 τὸν
1676 3681 1938 3749 μέλλοντα

374 3773 795 3843 ἡττηθήσεσθαι·
834 3774 1030 3842 μᾶλλον
1089 3774 1165 3838 δὲ,
1202 3774 1249 3824 εί
1295 3773 1376 3824 δεῖ
1427 3770 1683 3840 τάκριϐὲς
1744 3772 1936 3834 εἰπεῖν,

375 3863 643 3931 προδότης
691 3863 790 3930 τῆς
849 3863 1102 3932 ἀληθείας
1162 3861 1577 3932 φωραθήσεται,
1637 3861 1704 3912 δι’
1737 3855 1812 3912 ὧν
1840 3860 1937 3929 τὴν

373 3954 605 4022 δύναμιν
639 3953 747 4006 τῶν
809 3953 983 4019 λόγων
1017 3953 1115 4023 τὴν
1153 3955 1210 4005 ὲν
1255 3954 1319 4022 τῇ
1355 3951 1645 4014 ἀντιθέσει,
1697 3951 1798 4002 οὐκ
1840 3952 1936 4001 ἐπ-

371 4045 608 4108 εδείξατο
638 4048 694 4097 ὲν
718 4049 784 4115 τῇ
814 4045 985 4097 λύσει.

885 4137 1009 4189 IlA'.
1045 4161 1110 4175 -υ
1150 4135 1416 4204 ΖΩΣΙΜῼ.

2117 3135 2218 3201 Qui
2259 3136 2326 3190 ad
2373 3141 2726 3204 exaggeratas
2765 3133 3090 3202 quaestiones
3138 3131 3368 3186 validam
3436 3137 3611 3199 potest

2047 3227 2242 3282 all'erre
2281 3227 2626 3290 solutionem,
2672 3224 2862 3279 merito
2911 3239 3015 3279 non
3049 3223 3254 3288 timeat,
3297 3221 3388 3292 qui
3421 3221 3608 3276 diliiei—

2047 3317 2235 3372 liorem
2263 3313 2856 3384 alTeratobjectionem.
2892 3311 2963 3367 At
2998 3312 3224 3368 solidam
3261 3325 3364 3364 non
3402 3309 3609 3363 habens

2045 3409 2404 3473 solutionem,
2462 3407 2515 3460 in
2573 3405 2801 3474 objectis
2849 3419 2979 3459 vero
3032 3403 3300 3457 rationum
3363 3400 3612 3455 ostendat

2044 3510 2336 3568 momenta,
2354 3512 2409 3557 et
2439 3503 2491 3556 in
2514 3501 2782 3557 solutione
2807 3497 3092 3554 imbecillis
3117 3505 3410 3567 appareat;
3438 3494 3612 3549 nescit

2049 3592 2191 3659 quod
2223 3590 2524 3647 diliicultati
2578 3604 2639 3644 se
2697 3587 3048 3643 succubuisse
3107 3586 3305 3641 clarius
3338 3585 3608 3640 ostendat.

2041 3681 2156 3736 Non
2181 3682 2324 3736 enim
2367 3682 2445 3737 sic
2479 3681 2762 3750 Oportebat
2811 3694 2932 3733 eum
2965 3679 3032 3733 ab
3071 3679 3222 3732 initio
3251 3677 3604 3740 contendere,

2040 3772 2130 3839 qui
2156 3771 2365 3824 futurus
2388 3779 2508 3825 erat
2541 3769 2786 3833 inferior,
2822 3770 2904 3823 vel
2933 3771 3133 3838 potius,
3181 3768 3226 3822 si
3268 3767 3592 3835 loquendum

2040 3863 2244 3924 verius,
2295 3861 2538 3930 proditor
2591 3863 2836 3915 veritatis
2881 3859 3435 3929 comprehendendus,
3466 3857 3609 3924 quod

2041 3968 2148 4006 non
2170 3951 2363 4005 viderit
2389 3952 2438 4004 in
2463 3950 2728 4005 solutione
2773 3953 2880 4004 vim
2931 3951 3220 4015 rationum,
3252 3962 3370 4017 qua:
3407 3947 3462 4000 in
3507 3946 3609 4000 ob-

2039 4044 2269 4114 iectione
2290 4045 2608 4114 apparebat.

2524 4131 2760 4189 LXXXI.
2781 4161 2854 4174 —
2883 4131 3156 4188 ZOSIMO.

1635 4227 1716 4280 Ad
1753 4227 1986 4279 virtutem
2032 4226 2352 4280 exstimulat.

438 4339 501 4390 Εί
536 4336 610 4407 μὴ
663 4337 841 4406 βούλει
871 4336 1045 4407 ὀνείδη
1099 4353 1156 4388 τε
1207 4337 1367 4401 ἕξειν,
1404 4337 1498 4390 καὶ
1529 4338 1796 4408 τιμωρίας
1834 4339 1934 4404 ὑφ-

2106 4338 2218 4394 Nisi
2259 4340 2444 4393 subire
2476 4339 2554 4395 vis
2583 4340 2928 4409 ignominiam
2962 4349 3262 4408 poenasque
3293 4334 3402 4403 pati
3443 4331 3609 4401 578

370 4426 510 4491 ἐξειν
543 4425 602 4478 οὗ
631 4444 772 4496 φημι
824 4425 1006 4478 ἐνθάδε
1065 4426 1272 4494 (καίτοι
1314 4426 1372 4477 οὗ
1434 4424 1624 4495 μικρὸν
1657 4425 1749 4476 καὶ
1777 4423 1932 4476 τοῦτο

367 4519 444 4588 τῷ
498 4518 819 4588 ἐχέφρονι)ῗ,
866 4517 979 4569 ἀλλ’
1018 4519 1073 4568 ἐν
1123 4519 1232 4579 τοῖς
1263 4518 1367 4568 εἴτε
1397 4516 1489 4567 ἐπὶ
1531 4516 1652 4584 γῆς,
1702 4514 1809 4565 εἴτε
1843 4515 1934 4567 καὶ

367 4608 768 4679 ὁπουδηποτοῦν
799 4605 889 4658 τοῦ
919 4606 1118 4668 παντὸς
1150 4606 1404 4674 τυγχάνει
1430 4603 1815 4672 δικαστηρίοις,
1839 4604 1936 4672 τὴν

372 4699 643 4768 ρᾳθυμίαν
673 4697 1104 4765 ἀποσεισάμενος
1133 4697 1255 4765 ἔχου
1284 4696 1381 4763 τῆς
1414 4695 1632 4765 ἀρετῆς.

785 4811 910 4864 ΠΒ’.
949 4839 1018 4849 -
1056 4810 1506 4878 ΛΡΤΕΜΙΔΩΡῼ.

2040 4443 2144 4482 non
2183 4430 2232 4483 in
2273 4430 2462 4483 altera‘
2486 4433 2642 4484 modo
2671 4431 2776 4484 vita
2810 4433 2948 4499 (quae
2979 4443 3066 4482 res
3098 4441 3228 4481 sane
3260 4439 3360 4477 non
3395 4424 3605 4490 exigua,

2043 4520 2085 4572 si
2116 4520 2272 4574 modo
2314 4520 2606 4587 prudenter
2633 4520 2860 4588 iudicas)
2913 4520 3008 4573 sed
3070 4520 3122 4572 in
3182 4517 3303 4579 hac,
3360 4515 3474 4567 sive
3507 4513 3606 4564 sub

2047 4619 2210 4676 terra,
2246 4611 2361 4664 sive
2390 4613 2444 4664 in
2477 4613 2668 4680 quovis
2699 4613 2804 4666 alio
2834 4613 3141 4678 ubicunque
3177 4605 3462 4666 tribunali,
3498 4602 3603 4663 fac,
3703 4624 3717 4633 -

2044 4699 2192 4768 pulsa
2228 4700 2459 4769 ignavia,
2491 4702 2674 4756 virtuti
2706 4702 3007 4756 incuri-thas.

2422 4811 2751 4866 LXXXli.—-
2781 4809 3246 4865 ARTEMIDORO.

371 4899 455 4952 Ex
482 4901 674 4963 animo,
714 4917 816 4952 non
840 4916 904 4953 ex
933 4909 1110 4953 eventu
1145 4916 1224 4952 res
1259 4897 1598 4951 wstimandw.
1638 4895 1796 4972 (Vide
1821 4899 1967 4972 epist.
1995 4900 2127 4972 _‘290,
2160 4921 2214 4956 ιη
2248 4904 2380 4955 illud
2407 4903 2566 4972 Pauli
2589 4917 2608 4956 :
2643 4920 2662 4952 ι
2699 4901 3061 4972 Unusquisque
3097 4901 3360 4970 propriam
3385 4900 3601 4966 accipiet

1519 4969 1823 5020 mercedem.
1869 4987 1887 5018 ι
1919 4968 1946 5020 1
1981 4969 2103 5025 Cor.
2145 4989 2226 5035 III,
2264 4974 2300 5026 8
2326 4983 2375 5025 et
2417 4971 2527 5041 14.)

448 5061 508 5112 '0
555 5061 729 5114 πάντα
769 5061 836 5113 τὰ
868 5062 945 5123 εἰς
990 5060 1152 5112 αὐτὸν
1196 5061 1396 5130 ἥκοντα
1433 5060 1722 5130 πληρώσας
1756 5061 1832 5121 είς
1870 5059 1932 5111 τὸ

368 5153 573 5213 πεῖσαι,
615 5149 710 5201 καὶ
750 5150 825 5220 μὴ
872 5151 1087 5213 πείσας,
1145 5151 1219 5213 ὼς
1247 5151 1449 5212 ἀνύσας
1495 5151 1700 5213 δίκαιος
1736 5148 1802 5202 ἂν
1849 5151 1931 5218 εἴη

369 5240 775 5311 θαυμάζεσθαι·
823 5243 1077 5295 τοσοῦτον
1125 5243 1318 5311 ἀπέχει
1350 5241 1441 5294 τοῦ
1495 5243 1751 5311 μέμψεως
1783 5242 1933 5306 ἄξιος

367 5330 524 5385 εἶναι.
577 5333 636 5384 EE
667 5333 723 5384 δὲ
771 5333 1083 5401 θαυμαστὸν
1134 5332 1271 5386 εἷναί
1322 5352 1402 5386 σοι
1436 5333 1593 5385 τοῦτο
1620 5334 1782 5396 δόξει,
1818 5335 1935 5384 ἐπι-

365 5424 644 5494 ψηφιεῖται
672 5423 782 5493 (85)
813 5425 842 5475 ὁ
883 5425 1093 5488 Παῦλος
1136 5427 1386 5495 φάσκων·
1427 5445 1445 5478 ι
1486 5428 1747 5487 Ἕκαστος
1775 5426 1830 5477 δὲ
1850 5426 1936 5477 τὸν

2109 5065 2208 5129 Qui
2245 5065 2384 5132 quod
2415 5063 2466 5116 in
2517 5063 2632 5128 ipso
2671 5069 2775 5123 est,
2805 5060 2983 5114 omnia
3023 5059 3338 5126 exsequitur
3377 5068 3437 5112 ut
3479 5073 3601 5127 pcr—

2039 5156 2282 5217 Suadeat,
2340 5170 2442 5207 non
2492 5151 2780 5222 persuadet
2829 5160 3029 5214 tamen,
3092 5159 3296 5202 tantum
3356 5149 3507 5203 abest
3546 5159 3602 5201 ut

2039 5247 2458 5314 reprehensione
2493 5244 2739 5296 videatur
2761 5243 2971 5312 dignus,
3012 5252 3066 5294 ut
3091 5241 3264 5295 omnis
3293 5239 3363 5294 sit
3385 5253 3597 5307 expers.

2043 5338 2096 5390 Id
2109 5339 2152 5390 si
2174 5339 2304 5389 mire
2322 5337 2519 5388 dictum
2543 5334 2635 5386 tibi
2660 5334 2921 5397 videatur,
2946 5333 3208 5387 calculum
3230 5331 3388 5384 addet
3413 5330 3602 5383 beatus

2042 5427 2238 5481 Paulus
2261 5426 2444 5480 dicens
2469 5444 2480 5479 :
2509 5445 2526 5476 ι
2558 5425 2934 5494 Unusquisque
2957 5423 3260 5479 mercedem
3279 5437 3428 5478 suam
3455 5420 3602 5475 acci-

1453 5553 1683 5607 VARle
1717 5551 2098 5608 LECTlONES
2135 5552 2225 5608 ET
2263 5552 2493 5608 NOTIE.

447 5665 556 5738 (85)
604 5665 1008 5740 Ἐπιψηφιεῖται
1039 5671 1192 5727 codd.
1236 5671 1355 5727 Val.
1379 5681 1432 5727 et
1465 5673 1570 5729 Alt.
1605 5670 1844 5727 breviant
1874 5670 1927 5725 in

2047 5670 2269 5740 ιψηφιεῖ.
2304 5670 2509 5725 Possm.
