4020 6140
490 198 626 265 1375

1687 210 1744 269 S.
1790 211 2079 271 ISlDOIlI
2120 215 2555 276 PELUSIO’LE

3615 220 3743 289 1376

486 309 764 380 pietjuxta
790 309 1023 366 laborem
1042 326 1232 370 suum:
1270 332 1288 364 ι
1318 328 1421 368 non
1447 315 1604 381 dixit,
1634 337 1651 369 ι
1679 318 1834 387 juxta
1872 321 2071 378 laboris

2179 325 2308 379 ἴδιον
2361 328 2550 396 μισθὸν
2603 326 2834 395 λήψεται
2866 326 3006 381 κατά
3052 328 3143 380 τὸν
3173 327 3305 381 ἴδιον
3348 328 3540 384 κόποψ
3578 350 3596 382 ι
3649 337 3741 388 οὐκ

484 408 737 454 eventqu
779 411 871 455 aut
902 402 1126 456 exitum.
1152 422 1170 453 ι
1224 402 1325 468 Qui
1365 405 1507 459 enim
1555 407 1688 483 nihil
1750 411 1934 464 omisit
1977 426 2071 466 eo-

489 507 787 562 rum,-qua:
840 494 1038 549 fecisse
1074 496 1338 565 oportuit,
1393 497 1439 552 is
1490 512 1690 553 corona
1744 502 1939 571 dignus
1987 506 2068 558 vi-

486 584 699 637 deatur.

769 695 1057 751 LXXXIII.
1093 728 1165 741 —
1195 697 1429 755 PAULI)
1458 700 1780 758 DIACONO.

2173 413 2332 470 eim'
2385 418 2542 471 Κατά
2588 419 2687 488 τὴν
2736 417 2828 473 τοῦ
2910 418 3163 488 καμάτου
3235 419 3479 475 ἔκϐασιν.
3528 421 3589 475 '0
3646 425 3743 494 γὰρ

2177 507 2343 577 μηδὲν
2373 508 2717 578 παραλείψεις
2749 509 2858 561 τῶν
2887 509 3214 577 ὀφειλόντων
3262 513 3605 583 πεπρᾶχθαι,
3637 532 3721 568 στε

2176 598 2362 666 φάνων
2391 601 2538 655 ἐστὶν
2572 600 2798 662 εἰκότως
2830 600 3000 665 ἄξιος.

2528 713 2653 767 nrt.
2694 743 2765 753 —
2796 714 3032 784 ΠΑΥΛῼ
3075 678 3400 788 ΑιΑΚοΝῼ.

726 788 1042 845 Convivator
1071 795 1296 862 optimus
1326 796 1465 864 quis.
1506 793 1595 850 Sic
1644 795 1948 852 Timorhens
1981 799 2188 856 dicebat
2227 802 2472 860 Platonis
2504 807 2740 860 convivia
2771 807 2928 860 etiam
2961 817 3169 875 postero
3200 810 3285 862 die
3308 826 3514 875 sapere.

558 902 972 959 Convivatorem
1025 922 1125 976 ego
1165 907 1313 962 illum
1345 908 1612 977 insignem
1650 926 1771 966 esse
1810 913 2069 978 arbitror,

490 1010 598 1049 non
629 996 719 1065 qui
751 996 1086 1052 redundante
1126 1000 1263 1053 cibis
1294 1015 1476 1054 mensa
1518 1003 1800 1056 convivam
1846 1004 2070 1072 excipit,

486 1093 543 1138 et
567 1086 849 1139 saturitate
878 1085 1132 1155 iujuriam
1160 1088 1381 1154 inferat,
1406 1091 1501 1145 sed
1532 1093 1622 1160 qui
1653 1102 1912 1162 quantum
1940 1094 2072 1147 satis

488 1173 562 1227 sit
583 1185 870 1243 apparatas
895 1177 1080 1247 epulas
1100 1180 1302 1248 condit,
1336 1183 1633 1252 miscetque
1660 1185 1885 1239 rationis
1913 1185 2069 1255 plena

491 1267 825 1336 hortatione,
850 1270 1004 1341 cujus
1039 1271 1247 1327 utilitas
1289 1277 1485 1329 anima:
1529 1275 1689 1329 etiam
1740 1286 1897 1347 queat
1948 1293 2075 1345 pro-

489 1358 669 1413 desse.

493 1468 780 1530 Lxxxw.
815 1504 883 1512 —
923 1474 1389 1547 maximam,
1454 1478 1737 1546 zosmo,
1770 1478 2070 1547 ΜΑῐιοΝῐξ,

1074 1545 1494 1605 EUSTATIIIO.

2245 918 2512 990 Λαμπρὸν
2542 918 2829 987 ἑστιάτορα
2852 916 2991 973 εἶναι
3032 920 3240 973 ἐκεῖνον
3270 921 3539 993 ἡγοῦμαι,
3570 924 3631 976 οὑ
3667 926 3749 978 τὸν

2175 1007 2584 1081 φλεγμαινούσῃ
2635 1011 2883 1082 τραπέζῃ
2917 1011 3189 1065 ἑστιῶντα
3237 1015 3365 1075 τοὺς
3408 1015 3747 1085 δαιτυμόνας,

2174 1099 2269 1151 καὶ
2300 1099 2391 1152 τὸν
2423 1102 2584 1171 κόρον
2610 1101 2931 1171 ὑϐρίζεσθαι
2962 1104 3479 1172 παρασκευάζοντα,
3508 1108 3644 1160 ἀλλά
3668 1110 3749 1160 τὸν

2174 1192 2241 1260 τῇ
2273 1192 2575 1263 αὐταρκείᾳ
2604 1193 2714 1245 τῶν
2757 1195 3329 1264 παρασκευασθέντων
3353 1198 3629 1267 κιρνῷντα
3660 1199 3747 1269 τὴν

2174 1281 2400 1353 λογικὴν
2438 1284 2781 1350 παραίνεσιν,
2816 1280 2885 1357 ἧς
2916 1288 2949 1358 ἠ
2976 1287 3212 1357 ὠφέλεια
3255 1290 3353 1343 καὶ
3389 1290 3571 1360 ψυχῆς
3598 1292 3748 1345 ἆπτε-

2178 1372 2303 1426 σθαι
2330 1374 2599 1443 πέφυκεν.

2175 1482 2297 1535 ΠΔ’.
2340 1512 2409 1521 --
2444 1485 3251 1628 ΜΔΡΤῘΝΙΛΝΞῨΔΞἙΙΜῼ,
3306 1487 3576 1543 ΜΔΡΩΝΙ
3599 1527 3613 1551 ,
3647 1487 3749 1540 ΕΥ-

1736 1662 1995 1715 Hortatur
2027 1663 2097 1717 ad
2131 1666 2515 1733 paenitentiam.

563 1764 820 1833 Quamvis
846 1769 1000 1825 multi
1050 1772 1115 1825 de
1153 1771 1330 1827 salute
1383 1773 1626 1828 omnium
1663 1786 1906 1829 vestrum
1976 1777 2069 1830 de-

2243 1776 2309 1831 Εί
2343 1777 2435 1830 καὶ
2487 1776 2674 1830 πολλοὶ
2726 1775 2828 1845 τὴν
2864 1774 3136 1847 ὑμετέραν
3172 1777 3456 1848 σωτηρίαν
3508 1779 3747 1848 ἀπέγνωο

380 1926 397 1939 ο
493 1869 740 1928 Speraui,
785 1862 1033 1929 equidem
1069 1873 1245 1918 tamen
1276 1867 1452 1919 denuo
1492 1867 1557 1920 ad
1594 1881 1687 1920 vos
1715 1868 1915 1921 accedo
1936 1882 2065 1921 sua-

494 1964 695 2016 surus,
758 1961 815 2005 ut
875 1969 907 2009 a
956 1956 1103 2009 vitiis
1150 1956 1500 2021 abstineatis,
1551 1958 1775 2011 hortans
1829 1973 1956 2012 vero
2006 1957 2071 2011 ad

494 2041 752 2096 virtutem
812 2044 1310 2113 complectendam;
1350 2048 1718 2115 pramuntians
1777 2049 1938 2103 etiam
1980 2050 2076 2104 im-

495 2132 676 2201 probis
712 2148 831 2202 quae
862 2149 1022 2203 pinna
1058 2147 1509 2202 maneat;contra
1536 2154 1667 2194 vero
1696 2156 1816 2209 qua;
1851 2141 2070 2195 virtutis

500 2224 758 2279 studiosis
815 2228 1037 2305 praemia
1086 2230 1381 2286 dabuntur.
1450 2231 1509 2285 Si
1553 2232 1735 2301 itaque
1804 2233 2070 2287 rationem

494 2329 603 2369 non
635 2316 861 2371 omnino
905 2319 1274 2387 exstinxistis,
1311 2322 1405 2376 sed
1446 2332 1609 2376 restat
1661 2322 1915 2385 scintilla,
1952 2338 2077 2391 qua}

494 2409 714 2463 accendi
739 2420 924 2478 queat,
944 2427 1064 2467 eam
1086 2412 1267 2465 inllam
1278 2415 1471 2468 mando
1498 2416 1777 2469 suscitante.
1799 2413 2076 2483 Forsitan,

496 2497 706 2554 tametsi
736 2515 883 2564 sero,
910 2501 959 2555 id
995 2502 1289 2570 aliquando
1334 2507 1693 2574 cognoscetis.

743 2611 1009 2670 LXXXV.
1051 2645 1124 2656 —
1186 2617 1465 2672 HIERACI
1503 2618 1825 2675 DIACONO.

2180 1883 2298 1931 σαν,
2336 1867 2449 1920 ἀλλ’
2493 1868 2604 1936 ἐγὼ
2650 1867 2811 1921 πάλιν
2857 1868 2977 1937 ἥκω
3018 1866 3448 1937 συμϐουλεύσων
3486 1869 3585 1939 μὲν
3628 1871 3743 1938 ὑμῖν

2176 1958 2538 2027 ἀποφοιτῆσαι
2566 1959 2664 2028 τῆς
2698 1957 2914 2019 κακίας,
2950 1956 3274 2028 προτρέψων
3304 1958 3362 2010 δὲ
3392 1959 3485 2011 ἐπ’
3522 1959 3711 2028 ἀρετήν
3730 1975 3742 1987 ·

2177 2048 2271 2100 καὶ
2299 2048 2664 2118 προμηνύσων
2697 2048 2796 2119 μὲν
2825 2046 2892 2099 τὰ
2920 2049 3031 2110 τοῖς
3059 2046 3284 2116 φαύλοις
3308 2047 3743 2119 ἀποδοθησόμενα

2178 2137 2453 2208 ἐπίχειρα,
2508 2136 2933 2209 προαγορεύσων
2979 2136 3037 2190 δὲ
3064 2137 3134 2190 τά
3171 2141 3283 2202 τοῖς
3337 2138 3649 2209 φιλαρέτοις
3671 2138 3745 2191 δο-

2180 2228 2459 2298 θησόμενα
2497 2229 2728 2283 ἔπαθλα.
2768 2230 2830 2281 Ei
2860 2229 3040 2283 τοίνυν
3073 2228 3135 2283 τὸ
3169 2229 3483 2298 λογιστικὸν
3530 2229 3601 2300 μὴ
3630 2247 3746 2282 παν-

2177 2320 2348 2383 τελῶς
2372 2319 2735 2390 ὲνεκρὼσατε,
2766 2320 2879 2374 ἀλλ’
2916 2320 3029 2391 ἔχει
3060 2338 3112 2373 τι
3147 2321 3492 2393 ἐμπύρευμα
3530 2322 3747 2391 ἀναλάμ·

2177 2411 2277 2481 ea;
2305 2412 2628 2483 δυνάμενον,
2656 2413 2800 2465 τοῦτ’
2830 2413 3293 2485 ἀναῤῥιπίσαντες
3318 2414 3579 2485 ὲξάψατε.
3610 2414 3742 2486 Τάχα

2179 2520 2296 2567 πως
2321 2503 2423 2557 κᾶν
2446 2504 2543 2574 ὀψέ
2567 2522 2697 2557 ποτε
2723 2505 2843 2557 τόδε
2876 2506 3119 2575 γνοίητε.

2533 2618 2659 2672 ΠΕ’.
2694 2646 2766 2656 -
2800 2617 3035 2671 IEPAKI
3074 2617 3400 2687 ΔΙΑΚΟΝῼ.

726 2725 1151 2783 Christianorum
1180 2732 1480 2787 discordia.
1517 2731 1582 2786 In
1609 2734 1825 2802 justitia
1859 2732 2067 2803 ﬁdeque
2110 2726 2369 2783 servanda
2400 2729 2628 2781 latrones
2659 2726 2895 2796 exentplo
2918 2736 3062 2781 sunt.
3100 2727 3240 2797 (Cic.
3275 2727 3302 2780 Ι
3341 2726 3522 2798 Ome.)

565 2840 732 2896 Miror
800 2844 1049 2913 equidem
1094 2847 1448 2901 vehementer
1502 2861 1595 2901 eos
1650 2847 1917 2911 latrones,
1981 2844 2071 2914 qui

2244 2840 2379 2893 Λίαν
2410 2839 2696 2907 θαυμάζω,
2732 2839 2881 2904 ὅπως
2904 2842 2953 2893 οί
2980 2840 3079 2910 μὲν
3104 2840 3323 2913 λῃσταὶ,
3354 2842 3405 2892 οί
3434 2840 3560 2912 ξίφη
3582 2842 3741 2911 γυμνά

491 2933 697 2989 strictis
723 2946 1044 3004 grassantur
1079 2936 1291 3006 gladiis,
1326 2950 1380 2993 et
1416 2940 1468 2992 in
1515 2937 1692 3007 justos
1731 2938 1892 2991 etiam
1925 2952 2071 2990 arma

2177 2932 2533 2997 ἐπισείοντες,
2566 2932 2660 2984 καὶ
2686 2931 2827 2984 κατὰ
2850 2932 2960 2986 τῶν
2988 2931 3155 3004 μηδὲν
3178 2931 3517 2985 ἀδικούντων
3554 2932 3742 2995 61:).th-

490 3023 694 3089 ferunt,
732 3027 796 3080 de
825 3028 1003 3096 prteda
1054 3030 1405 3097 participare.
1470 3030 1737 3084 Desinunt
1780 3030 1925 3082 enim
1961 3027 2071 3095 jam

2182 3042 2355 3095 μενοι,
2379 3026 2523 3078 ἀλῶν
2552 3028 3006 3097 κοινωνήσαντες,
3028 3029 3128 3081 οὑκ
3155 3027 3237 3080 ἔτι
3269 3030 3376 3083 είσὶ
3409 3028 3598 3099 λῃσταὶ
3626 3027 3739 3098 πρὸς

490 3132 609 3171 esse
644 3118 883 3173 latrones
913 3134 1035 3189 erga
1067 3136 1182 3186 eos,
1212 3122 1533 3189 quibuscum
1571 3121 1739 3175 ictum
1765 3118 1940 3174 ftedus
1964 3129 2068 3181 est,

2177 3117 2266 3181 οὓς
2304 3118 2369 3170 ἂν
2406 3118 2766 3182 σπείσωνται,
2805 3119 2945 3174 ἀλλά
2999 3119 3440 3203 μεταρῤυθμίζει
3466 3121 3555 3173 τὸν
3601 3119 3739 3190 ἀμεί-

491 3210 585 3262 sed
642 3223 823 3264 mensa
893 3212 1087 3265 durum
1135 3213 1502 3282 acerbumque
1574 3212 1791 3267 vivendi
1866 3225 2069 3264 morem

2179 3210 2363 3262 λικτον
2388 3210 2593 3281 τρόπον
2614 3212 2650 3282 ἡ
2678 3213 2947 3281 τράπεζα.
2984 3213 3175 3283 Ἡμεῖς
3197 3212 3255 3265 δὲ
3280 3212 3436 3275 θείας
3457 3211 3737 3281 ἀξιούμενοι

489 3312 681 3351 eorum
720 3308 1001 3368 temperat.
1033 3301 1142 3356 Nos
1192 3319 1320 3356 vero
1356 3304 1554 3358 divinis
1589 3303 1668 3374 [in
1708 3298 2071 3371 Eucharistia]

2182 3299 2486 3371 τραπέζης,
2538 3301 2802 3355 ἄσπονδον
2852 3302 3052 3373 ἔχομεν
3095 3302 3232 3372 πρὸς
3264 3302 3501 3366 ἑαυτοὺς
3541 3301 3625 3354 τὸν
3660 3300 3739 3353 πό-

491 3389 695 3457 dignati
745 3392 947 3463 epulis,
1005 3394 1457 3450 irreconciliabile
1520 3395 1663 3450 inter
1729 3409 1828 3447 nos
1875 3392 2072 3446 bellum

492 3496 663 3551 gerum
706 3501 751 3538 ε.
1774 3502 1775 3505 ‘

617 3594 783 3668 579
809 3596 1094 3655 LXXXVI.
1117 3629 1190 3639 —
1219 3598 1421 3655 CASIO
1453 3597 1949 3657 SCIIOLASTICO.

2183 3388 2243 3442 λε
2250 3406 2375 3460 μον.

2473 3591 2618 3657 HG".
2650 3621 2721 3633 —-
2749 3591 2959 3662 ΚΑΣΙῼ
3000 3592 3463 3666 ΣΧΟΛΑΣΤΙΚῼ.

1474 3694 1661 3749 Patris
1692 3694 1921 3764 offensas
1954 3692 2008 3745 in
2036 3683 2212 3741 liberis
2243 3682 2424 3736 ulcisci
2450 3684 2780 3738 indecorum.

563 3804 621 3861 Si
655 3807 872 3875 quidem
911 3810 1152 3877 parentis
1210 3821 1438 3865 mortem
1472 3810 1713 3866 studiose
1744 3807 2070 3870 observasti,

492 3910 601 3965 quo
636 3898 805 3951 tutius
835 3899 901 3951 de
946 3898 1076 3953 ﬁliis
1132 3900 1428 3956 vindictam
1486 3914 1733 3969 caperes,
1788 3898 1987 3969 duplici
2023 3907 2073 3951 te

492 3989 623 4043 vitio
671 3984 912 4044 ostendis
961 3991 1344 4056 obstrinxisse,
1394 3993 1659 4047 socordia:
1709 3990 1965 4043 nimirum
2017 3996 2073 4041 et

490 4080 766 4144 vindictae,
821 4094 919 4135 seu
967 4082 1242 4136 memoria:
1275 4083 1617 4152 iniuriarum.
1649 4079 1926 4135 Socordiae
1951 4077 2071 4146 qui-

492 4169 637 4233 dem,
677 4170 820 4236 quod
853 4170 906 4222 in
943 4171 1088 4224 illum
1137 4173 1316 4225 minus
1360 4185 1580 4240 posses;
1622 4169 1873 4222 vindictae
1915 4182 2066 4232 vero,

492 4263 635 4326 quod
668 4259 737 4313 ab
759 4260 844 4313 his
870 4261 1057 4316 ulcisci
1084 4271 1135 4315 te
1166 4263 1411 4326 studens,
1444 4260 1719 4315 memoriae
1747 4259 2067 4327 injuriarum

492 4362 546 4417 in
581 4356 632 4400 te
660 4347 883 4403 exhibes
912 4354 1243 4420 exemplum.
1288 4354 1355 4404 At
1380 4354 1423 4405 si
1453 4366 1518 4405 ne
1546 4352 1645 4404 hos
1684 4350 1900 4420 quidem
1929 4350 2074 4416 igno-

2251 3798 2314 3850 Εί
2355 3797 2457 3868 μὲν
2484 3797 2583 3868 τὴν
2615 3796 2711 3851 τοῦ
2755 3797 2962 3866 πατρὸς
2996 3795 3255 3868 τελευτὴν
3276 3798 3358 3860 είς
3382 3796 3487 3870 τὴν
3508 3796 3611 3851 τῶν
3630 3795 3733 3851 παί-

2177 3891 2285 3944 δων
2315 3889 2587 3960 τιμωρίαν
2619 3888 3101 3960 ἐκαιροφυλάκεις,
3129 3888 3222 3942 δύο
3265 3889 3523 3957 ἀγεννέσι
3563 3887 3731 3941 πάθεσι

2181 3980 2378 4031 σαυτόν
2406 3979 2773 4049 κεχειρῶσθαι
2800 3979 3088 4044 δεικνύεις,
3117 3978 3379 4049 ἀνανδρία
3403 3997 3466 4032 τε
3507 3980 3593 4033 καὶ
3620 3992 3731 4047 μνη-

2180 4070 2424 4140 σικακίᾳ.
2462 4069 2609 4140 Πρὸς
2636 4068 2845 4123 ἐκεῖνον
2885 4070 2984 4141 μὲν
3012 4071 3122 4141 γὰρ
3168 4071 3243 4140 μὴ
3293 4071 3567 4142 δυνηθεὶς,
3599 4071 3731 4123 ἀναν-

2177 4161 2367 4232 δρίας·
2423 4161 2650 4223 τούτους
2700 4161 2758 4214 δὲ
2811 4162 3125 4233 ἀμύνασθαι
3176 4163 3516 4227 σπουδάζων,
3556 4179 3732 4233 μνησι-

2177 4253 2375 4316 κακίας
2437 4252 2663 4318 ἐξοίσεις
2703 4254 2845 4306 κατά
2907 4255 3105 4307 σαυτοῦ
3164 4254 3382 4325 δεῖγμα.
3430 4256 3494 4308 El
3537 4254 3588 4307 δὲ
3619 4251 3730 4323 μηδὲ

2176 4344 2397 4407 τούτους
2453 4343 2658 4418 ἀμύνῃ,
2706 4345 2802 4398 καὶ
2848 4345 2945 4416 τὴν
3005 4347 3106 4417 τῆς
3144 4347 3441 4418 ἀνανδρίας
3490 4344 3731 4415 ἀποτρίψῃ

492 4439 695 4493 scendo
731 4440 1029 4507 ulcisceris,
1062 4444 1288 4513 ignavia:
1341 4443 1641 4498 declinabis
1686 4442 1994 4511 opiniOuem
2025 4449 2071 4495 el

2184 4436 2473 4505 ὑπόληψιν.
2510 4437 2694 4505 Δόξεις
2718 4437 2827 4509 γὰρ
2862 4438 2957 4493 καὶ
2995 4441 3116 4493 τότε
3145 4441 3206 4493 οὑ
3239 4440 3388 4509 φόϐῳ
3437 4454 3729 4512 παρακεχωο

494 4530 765 4587 videberis
797 4542 925 4589 tunc
974 4550 1079 4589 non
1133 4546 1275 4589 metu
1320 4536 1571 4603 cessisse,
1618 4535 1713 4591 sed
1756 4534 1934 4603 reipsa
1966 4547 2078 4587 mo-

493 4624 665 4678 derati
701 4625 864 4679 animi
897 4626 1107 4695 signum
1132 4628 1466 4681 exhibuisse.

953 4737 1259 4795 LXXXVII.
1286 4770 1356 4780 —
1379 4738 1623 4794 ESAIAE.

2179 4527 2430 4598 ρηκέναι,
2463 4527 2579 4582 ἀλλ’
2626 4528 2773 4600 ἔργῳ
2802 4530 3318 4602 πεφιλοσοφηκέναι.

2726 4734 2854 4789 112'.
2884 4764 2954 4774 --
2987 4736 3219 4806 ΗΣΑΙᾼ.

493 4848 591 4905 Dei
620 4850 990 4919 longanimitas
1012 4853 1081 4906 ad
1118 4854 1386 4916 virtutem,
1418 4856 1606 4907 nonad
1632 4861 1904 4922 peccatum
1929 4865 2023 4904 nos
2053 4848 2284 4902 excitare
2313 4847 2486 4901 debet.
2516 4846 2597 4899 Ad
2624 4847 2759 4901 illud
2784 4845 2948 4901 Isaia
2972 4862 2990 4900 :
3014 4866 3031 4898 ι
3069 4846 3178 4902 Cur
3203 4848 3358 4901 timui
3381 4849 3407 4901 .’
3432 4866 3453 4902 ι
3479 4863 3591 4917 cap.
3616 4839 3726 4902 mi"

563 4964 641 5018 Ne
668 4965 736 5018 ab
768 4965 874 5028 his,
912 4968 1153 5021 virorum
1209 4967 1437 5037 optime,
1484 4968 1551 5020 ad
1591 4968 1857 5023 deteriora
1894 4965 2072 5033 prola—

494 5055 663 5121 baiis,
707 5072 737 5109 a
783 5057 979 5125 quibus
1038 5058 1441 5127 prudentiorem
1498 5058 1637 5113 eﬂici
1689 5067 1937 5127 Oportet;
2003 5073 2071 5112 ne

494 5163 625 5202 vero
665 5148 839 5203 basim
893 5149 1085 5204 salutis
1145 5150 1309 5207 ducas
1354 5151 1605 5205 interitus
1643 5166 1767 5203 esse
1826 5166 2068 5216 causam,

500 5240 595 5294 sed
629 5237 724 5293 Dei
754 5238 1219 5309 Ionganimitatem
1256 5242 1519 5295 reveritus
1550 5242 1805 5293 virtutem
1855 5240 2068 5311 arripe;

498 5346 672 5400 neque
729 5334 873 5386 enim
924 5342 1184 5403 perpetuo
1218 5334 1398 5404 sperni
1447 5350 1505 5388 se
1546 5333 1838 5387 sustinebit
1893 5332 2068 5387 Judex

499 5421 608 5487 ille,
639 5422 731 5475 sed
767 5421 961 5477 inferet
998 5424 1361 5493 extendetquc
1404 5424 1683 5478 dexteram
1730 5440 1882 5478 suam
1914 5425 2075 5478 robu-

502 5518 663 5562 stam.
688 5510 820 5563 llinc
850 5521 905 5565 et
928 5523 1222 5578 prannonet
1256 5523 1306 5566 et
1336 5514 1630 5582 redarguit,
1662 5529 1759 5568 cur
1791 5530 1895 5568 non
1939 5515 2077 5569 irrc-

506 5599 785 5653 tractabile
812 5601 980 5669 ipsius
1031 5603 1305 5658 decretum
1337 5603 1545 5660 feratur
1581 5605 1633 5661 iu
1691 5620 1832 5663 reos.
1873 5624 1892 5658 ι
1947 5606 2076 5674 Cur,

2264 4962 2356 5031 Μὴ
2401 4960 2510 5013 ἀπὸ
2540 4959 2767 5023 τούτων,
2805 4953 2850 5013 ὦ
2882 4959 3144 5030 βέλτιστε,
3180 4962 3271 5014 ἐπὶ
3311 4960 3373 5014 τὸ
3413 4963 3589 5031 χεῖρον
3628 4954 3727 5025 τρέ-

2180 5072 2305 5120 που,
2337 5053 2429 5120 ἀφ⁹
2478 5044 2554 5106 ὧν
2586 5052 2696 5123 χρὴ
2737 5053 3177 5123 σωφρονέστερον
3222 5050 3578 5106 καθεστάναι·
3617 5044 3726 5116 μηδὲ

2179 5149 2275 5216 τὴν
2296 5144 2553 5198 ὑπόθεσιν
2574 5148 2673 5214 τῆς
2700 5146 2976 5216 σωτηρίας
2995 5144 3271 5215 πρόφασιν
3290 5143 3563 5205 ἀπωλείας
3583 5134 3697 5210 ήγοῦ
3712 5150 3733 5177 '-

2179 5238 2292 5293 ἀλλ’
2334 5236 2603 5301 αἰδεσθεὶς
2656 5238 2755 5305 τὴν
2788 5237 2941 5290 θείαν
2990 5236 3375 5308 μακροθυμίαν
3418 5236 3518 5305 τῆς
3550 5221 3725 5301 ἀρῆς

2180 5329 2465 5384 ἀντιλαὸοὖ
2488 5346 2501 5360 °
2530 5330 2590 5383 οὑ
2624 5330 2728 5401 γὰρ
2759 5330 2840 5393 είς
2878 5328 3031 5391 τέλος
3062 5328 3201 5381 οἴσει
3244 5323 3723 5397 καταφρονούμενος

2179 5426 2207 5477 ὁ
2235 5422 2463 5494 Κριτής,
2487 5420 2602 5474 ἀλλ’
2642 5420 2849 5472 ἐποίσει
2879 5418 2978 5489 τὴν
3024 5420 3181 5489 χεῖρα
3210 5419 3308 5489 τὴν
3332 5414 3606 5489 κραταιάν.
3650 5404 3723 5459 Διὸ

2181 5515 2275 5568 καὶ
2304 5515 2608 5587 προμηνύει
2641 5516 2735 5569 καὶ
2781 5516 3262 5586 προαπολογεῖται,
3292 5514 3368 5578 ὡς
3394 5513 3493 5566 οὐκ
3523 5510 3716 5576 ἄκριτος

2182 5608 2351 5663 αὑτοῦ
2391 5610 2423 5681 ἡ
2454 5608 2634 5680 ψῆφος
2675 5608 2814 5664 κατὰ
2836 5608 2944 5664 τῶν
2970 5607 3295 5665 ὑπευθύνων
3337 5605 3586 5677 φέρεται·
3622 5614 3639 5647 t
3665 5589 3717 5643 Τί
