4020 6140
364 246 498 312 1377

1284 246 1821 310 EPISTOLARUM
1870 248 2019 309 LIB.
2044 248 2113 311 ν.
2154 275 2224 287 -
2266 248 2504 313 EPIST.
2545 247 2712 318 EXCI.

3458 258 3593 325 1378

358 358 491 427 γαρ,
550 353 747 425 φησιν’,
790 354 1099 424 ὲσιώπησας
1156 354 1231 427 μὴ
1290 357 1387 409 καὶ
1424 357 1514 410 ἀεὶ
1558 357 1925 426 σιωπήσομαι,

2033 356 2241 426 inquit,
2303 362 2499 414 timui?
2553 377 2653 417 nec
2705 375 2920 430 semper
2977 364 3166 418 tacebo
3212 373 3270 419 ct
3314 366 3589 426 sulfcram.

359 448 453 500 καὶ
493 446 782 516 ἀνέξομαι;
839 448 1139 517 Ἐκστήσω,
1173 448 1268 500 καὶ
1298 448 1516 519 ξηρανῶ
1558 447 1693 515 ἅμα.
1753 466 1773 498 ι
1810 450 1923 501 Μο-

357 540 569 607 νονουχὶ
609 538 780 603 λέγων
801 555 813 567 ·
851 539 914 590 Εἰ
937 539 1036 607 μὲν
1059 541 1510 609 γνωσιμαχήσετε
1529 543 1545 560 ‘
1586 540 1724 608 ὅπερ
1742 538 1929 608 προεί-

360 646 505 699 ρηκα
533 628 667 699 (86).
702 628 765 680 Εἰ
814 628 872 681 δὲ
916 630 1284 699 ἐπιμείνοιτε,
1328 631 1454 697 τόγε
1507 630 1777 701 ἡμέτερον
1819 629 1925 695 ἔξω

355 720 553 781 αἰτίας.
598 719 787 789 Ὑμεῖς
807 720 916 791 γὰρ
946 720 1044 791 τὴν
1066 721 1334 791 τιμωρίαν
1369 721 1488 773 καθ’
1514 721 1723 774 ἑαυτῶν
1750 720 1929 774 ἐλθεῖν

356 810 730 878 ὲξεὸιάσασθε.

880 927 1012 980 [ιη’.
1046 955 1113 966 -
1148 925 1401 995 namq.

2035 448 2330 515 Exsistam,
2357 462 2413 504 et
2437 451 2651 506 siecabo
2668 452 2900 506 simul“.
2930 471 2948 504 ι
2979 451 3207 508 Tantum
3238 471 3340 510 non
3366 457 3588 514 dicens:

2030 536 2399 604 Pmniteniini,
2435 542 2572 595 sicut
2598 543 2820 609 praedixi
2851 545 3021 599 vobis.
3063 546 3133 600 At
3162 546 3207 601 si
3256 540 3589 617 perdurabi-

2030 627 2099 679 tis
2129 628 2178 680 in
2213 629 2381 693 vitiis,
2421 640 2573 684 extra
2598 632 2808 701 culpam
2849 649 2964 690 ero.
3002 634 3106 691 Vos
3150 639 3349 693 etenim
3381 656 3593 710 pmnam

2029 720 2194 787 capiti
2227 729 2403 775 vestro
2426 724 2723 778 accersitis.

2446 921 2774 978 LXXXVIII.
2812 953 2879 965 --
2919 925 3172 984 PAULO.

496 1017 745 1073 Animum
783 1021 974 1089 fortem
999 1023 1154 1089 periti
1187 1022 1355 1073 instar
1387 1017 2157 1157 gubematorizcndv’rrsimiter:
2184 1017 2386 1154 )ﬂuctus
2415 1034 2661 1086 superare
2689 1024 2940 1090 decettne
2965 1024 3031 1075 iis
3072 1025 3453 1093 subiungatur.

1799 1105 1863 1139 οη
1894 1104 1949 1138 er
1975 1103 2057 1154 ep.
2162 1126 2175 1139 .

1799 1103 1949 1154 outer
1975 1103 2057 1154 ep.
2097 1103 2175 1139 iu.

426 1201 530 1255 Τὸν
549 1200 831 1270 εὐδόκιμον
851 1202 1133 1271 κρείττονα
1160 1199 1300 1254 εἶναι
1329 1202 1433 1272 χρὴ
1466 1202 1574 1255 τῶν
1602 1202 1917 1273 συμφορῶν.

358 1292 526 1345 Τοῦτο
555 1294 611 1346 δὲ
639 1292 813 1355 ἔσται,
846 1294 895 1344 εἰ
920 1294 1011 1345 τὸν
1040 1294 1296 1362 λογισμὸν
1325 1293 1654 1364 ὑψηλότερον
1681 1293 1790 1346 τῶν
1817 1309 1921 1345 πα·

356 1383 467 1436 θῶν
499 1384 926 1454 κατακτήσαιτο,
981 1384 1077 1438 καὶ
1105 1383 1357 1452 καθάπερ
1399 1383 1710 1456 κυϐερνήτῃ
1752 1399 1919 1453 μετα-

358 1472 616 1544 χειρίςειν
646 1475 773 1537 τοὺς
818 1472 1013 1536 οἴακας
1043 1474 1139 1528 καὶ
1167 1474 1429 1538 οίακίζειν
1460 1473 1823 1542 ἐπιτρέψειεν.
1858 1472 1920 1523 EI

355 1564 413 1616 δὲ
451 1563 543 1616 τὸν
570 1563 909 1634 κυϐερνήτην
960 1564 1408 1629 καταϐαπτίσειε,
1457 1564 1715 1631 ναυάγιον
1748 1564 1921 1631 ἀργα-

355 1652 622 1706 λεὼτατον
668 1654 1053 1724 ὑποστήσεται,
1098 1655 1206 1706 τῶν
1247 1653 1434 1707 παθῶν
1478 1654 1917 1723 κορυφουμένων,

356 1746 452 1797 καὶ
492 1746 582 1799 τὸν
631 1746 888 1815 λογισμὸν
937 1748 1018 1808 εἰς
1065 1746 1230 1800 αὑτὸν
1266 1745 1360 1798 τοῦ
1395 1744 1663 1812 πελάγους
1690 1745 1779 1797 τὸν
1819 1762 1920 1796 πυ-

357 1836 528 1906 Θμένα
560 1839 1062 1907 παραπεμπόντων.

603 1950 726 2005 ΠΘἏ
775 1980 843 1993 --
876 1951 1162 2022 ΕΥΣΕΒΙῼ
1201 1946 1674 2017 ΠΡΕΣΒΥΤΕΡῼ.

2101 1197 2333 1251 Probum
2383 1209 2792 1268 spectatumque
2829 1203 3002 1256 virum
3059 1195 3205 1258 omni
3255 1207 3592 1275 superiorem

2027 1302 2144 1343 esse
2169 1289 2475 1344 calamitate
2499 1290 2670 1345 decet.
2710 1291 2763 1345 ld
2791 1294 3020 1358 accidet,
3048 1295 3093 1349 si
3128 1296 3335 1351 ratioin
3362 1298 3451 1352 illo
3471 1314 3599 1368 per-

2029 1379 2427 1435 turbationibus
2459 1381 2785 1448 dominetur,
2821 1396 3050 1453 eamque
3082 1386 3308 1449 siverit,
3333 1396 3394 1440 ut
3441 1391 3592 1444 navis

2026 1468 2234 1521 clavum
2285 1468 2610 1537 gubernator
2666 1471 2867 1542 dirigit,
2922 1472 3161 1527 habenas
3227 1476 3500 1531 moderari
3539 1485 3596 1531 et.

2026 1573 2232 1626 regere.
2256 1558 2311 1613 Si
2342 1572 2469 1615 vero
2499 1560 2634 1614 mari
2661 1562 2993 1628 gubernator
3031 1575 3326 1635 mergatur,
3372 1566 3593 1622 naufra-

2026 1649 2171 1715 gium
2203 1649 2414 1703 eveniet
2434 1650 2897 1716 molestissimum,
2939 1656 3282 1720 passionibus
3316 1657 3590 1725 imperan-

2023 1741 2183 1800 tibus,
2215 1753 2268 1793 et
2310 1742 2573 1795 rationem
2607 1742 2662 1794 in
2696 1742 2867 1810 ipsum
2903 1746 3076 1815 pelagi
3110 1746 3333 1801 fututum
3376 1750 3591 1802 demer-

2028 1822 2297 1900 gentibus.

2208 1942 2568 1998 LXXXIX.-—
2586 1943 2879 2000 EUSEBIO
2924 1944 3061 2000 PRE
3074 1945 3413 2004 SBYTERO.

1152 2041 1228 2094 De
1252 2041 1375 2093 cleri
1401 2040 1564 2109 fastu,
1603 2039 1815 2106 ejusque
1855 2052 2037 2091 causa.
2071 2036 2287 2105 (Confer
2316 2039 2467 2101 epist.
2495 2038 2564 2092 57
2596 2048 2643 2091 et
2670 2037 2823 2108 268).

427 2137 489 2189 Εί
524 2136 639 2199 καὶ,
663 2134 737 2198 ὡς
781 2134 1087 2205 γέγραφας,
1124 2134 1156 2200 ἡ
1193 2128 1299 2184 τῶν
1348 2128 1737 2198 βασιλευόντων
1790 2128 1919 2196 περὶ

354 2227 414 2280 τὸ
435 2226 585 2279 Θεῖον
630 2224 880 2279 εὐλάϐεια
905 2224 1005 2293 τὴν
1032 2222 1344 2275 ἐπισκόπων
1384 2219 1731 2273 ἀνευλάϐειαν
1759 2218 1918 2287 ἤλεγ-

356 2317 478 2382 ξενο
541 2318 636 2370 καὶ
678 2318 712 2385 ἡ
766 2315 900 2384 πρὸς
979 2314 1174 2377 αὐτοὺς
1226 2313 1447 2365 ἐκείνων
1509 2308 1918 2379 ὑπερϐάλλουσα

352 2409 484 2479 τιμὴ
532 2408 655 2471 τοὺς
684 2406 1025 2475 τιμωμένους
1052 2404 1297 2470 ἐξέλυσε,
1350 2402 1444 2454 καὶ
1474 2404 1509 2471 ἡ
1540 2400 1707 2467 πολλὴ
1737 2397 1918 2450 αὐτῶν

353 2496 631 2569 φιλοτιμία
687 2496 897 2566 τρυφῆς
948 2496 1043 2548 καὶ
1096 2494 1362 2555 άσωτείας
1409 2491 1617 2552 τούτοις
1662 2487 1918 2547 ὑπόθεσις

351 2591 606 2657 γέγονεν·
652 2586 786 2639 ἀλλὰ
834 2588 897 2638 σὺ
950 2586 1023 2655 μὴ
1055 2584 1441 2645 σκανδαλίζου·
1478 2581 1539 2633 οὺ
1572 2579 1682 2647 γὰρ
1720 2578 1918 2639 πάντες

356 2678 726 2751 ἐχειρώθησαν
754 2678 863 2739 τοῖς
912 2675 1217 2745 εἰρημένοις
1259 2673 1507 2735 πάθεσιν,
1556 2670 1678 2723 ’ἀλλ’
1713 2668 1851 2721 εἰσὶν
1871 2667 1920 2720 οἱ

360 2774 749 2837 σπουδάζοντες
798 2770 940 2824 κατὰ
992 2769 1083 2821 τὸν
1138 2765 1492 2821 ἀποστολικὸν
1541 2763 1701 2833 ζῆσαι
1746 2777 1917 2831 χαρα-

352 2866 545 2935 κτῆρα.
578 2864 641 2917 Εί
687 2863 742 2915 δὲ
773 2862 959 2930 φαίης,
998 2859 1207 2926 Ὀλίγοι
1240 2856 1473 2925 κομιδῇ,
1507 2856 1625 2906 οὐδὲ
1656 2854 1923 2923 αὐτὸςὰρ-

2096 2126 2228 2189 Etsi,
2252 2136 2306 2178 ut
2350 2127 2565 2189 scribis,
2595 2140 2776 2196 regum
2815 2141 2938 2195 erga
2971 2126 3135 2183 Deum
3164 2130 3335 2198 pietas
3368 2131 3592 2198 episco-

2024 2232 2211 2285 porum
2234 2216 2586 2284 quorumdam
2605 2216 3009 2271 irreverentiatu
3035 2220 3327 2287 redarguit,
3365 2221 3591 2274 nimius—

2023 2320 2128 2375 que
2184 2307 2313 2374 ipsis
2382 2306 2655 2361 exhibitus
2728 2308 2899 2379 honos
2943 2322 3037 2363 eos
3083 2320 3340 2372 enervat,
3401 2310 3591 2380 ingens

2023 2411 2237 2465 quoque
2275 2396 2485 2449 illorum
2518 2397 2735 2450 honoris
2766 2399 3022 2463 studium,
3056 2399 3478 2469 deliciarumque
3534 2410 3590 2455 et

2024 2486 2298 2553 epularum
2355 2485 2635 2539 materiam
2684 2488 3100 2555 suppeditavit:
3136 2496 3188 2542 tn
3230 2496 3404 2542 tamen
3460 2504 3591 2545 cave

2025 2590 2092 2629 ne
2142 2576 2463 2631 oﬂendieulo
2512 2576 2605 2631 tibi
2640 2591 2725 2631 res
2759 2592 2819 2631 ea
2850 2578 2921 2632 sit
2964 2594 2978 2631 :
3038 2593 3143 2632 non
3200 2581 3343 2633 enim
3404 2596 3589 2635 omnes

2030 2666 2234 2734 pariter
2264 2666 2536 2734 praedictis
2572 2666 2817 2721 laborant
2845 2667 3065 2731 morbis,
3121 2667 3285 2739 580
3320 2670 3413 2724 sed
3462 2681 3589 2725 sunt

2025 2756 2117 2823 qui
2174 2757 2466 2823 apostolico
2524 2757 2701 2812 vivere
2766 2761 3079 2813 charactere
3131 2760 3459 2814 desiderant.
3530 2760 3589 2816 Si

2029 2846 2231 2901 dixeris
2282 2867 2293 2900 :
2358 2846 2587 2910 Demus;
2656 2849 2744 2900 sed
2793 2850 2904 2900 rari
2943 2848 3227 2901 admodum
3275 2861 3414 2911 sunt,
3472 2865 3579 2904 non

352 2956 657 3025 νησαίμηνο
710 2954 843 3006 ἀλλὰ
874 2952 979 3005 κὰν
1022 2950 1197 3019 τούτῳ
1230 2948 1328 3018 τὴν
1371 2948 1463 2999 τοῦ
1504 2947 1751 3015 Σωτῆρος
1789 2948 1922 3017 πρό-

2025 2937 2272 3006 eqnidem
2305 2935 2513 2991 inﬁcias
2542 2939 2707 2991 ivero.
2776 2939 2879 2992 Sed
2919 2950 2971 2992 et
3023 2938 3315 2993 Salvatoris
3348 2942 3585 2995 admire-

353 3066 551 3117 γνωσιν
603 3046 946 3117 θαυμάσαιμι
989 3044 1081 3096 τοῦ
1132 3042 1470 3113 φράσαντος·
1530 3058 1547 3089 t
1585 3039 1773 3091 Πολλοὶ
1824 3040 1922 3109 μὲν

353 3144 559 3214 κλητοὶ,
594 3142 763 3209 ὀλίγοι
791 3141 847 3192 δὲ
878 3137 1141 3191 ἐκλεκτοί.
1178 3154 1196 3186 ι
1287 3186 1291 3188 γ

599 3260 666 3322 Lf.
697 3282 764 3292 —-
793 3249 1155 3317 ΜΑΡΚΙΑΝῼ
1201 3246 1670 3317 ΠΡΕΣΒΥΤΕΡῼ.

2028 3043 2149 3080 mur
2193 3028 2586 3096 prmscientiam
2640 3030 2910 3083 dicentis:
2966 3047 2985 3080 ι
3027 3030 3175 3083 Multi
3209 3041 3333 3085 sunt
3381 3031 3580 3097 vocati,

2023 3120 2178 3190 pauci
2208 3134 2335 3174 vero
2358 3120 2594 3174 electi".
2643 3138 2661 3170 ι

2249 3250 2359 3306 XC.
2400 3282 2469 3292 -—-
2508 3251 2859 3309 MARCIANO
2897 3252 3373 3309 PRESBYTERO.

1015 3341 1348 3394 Delatoribus
1379 3356 1480 3393 non
1515 3352 1702 3394 temere
1731 3344 2061 3408 credendum,
2098 3345 2185 3398 sed
2222 3356 2439 3413 utraque
2467 3361 2588 3412 pars
2618 3346 2904 3399 audienda.

426 3462 515 3531 Μὴ
547 3459 713 3528 ὕπεχε
765 3459 876 3521 τοῖς
921 3454 1261 3522 λογοποιοῦσι
1321 3454 1417 3517 τὰς
1474 3456 1671 3519 ἀκοάςο
1708 3460 1755 3511 εἰ
1811 3458 1919 3530 γὰρ

359 3554 551 3623 ῥᾳδίως
588 3550 859 3611 πιστεύοις
890 3550 1003 3610 τοῖς
1042 3546 1457 3616 κατηγοροῦσιν,
1485 3549 1583 3601 οὐκ
1616 3549 1921 3619 ἐπιλείψου-

357 3660 442 3695 σιν
468 3643 515 3694 οί
538 3638 987 3707 καταψευδόμενοι
1016 3637 1111 3688 καὶ
1142 3636 1463 3699 πλάττοντες
1486 3653 1499 3666 ⁸
1528 3638 1641 3690 ἀλλ’
1668 3640 1714 3691 εί
1741 3639 1920 3706 βούλει

355 3734 441 3795 δὸς
488 3730 778 3801 ἀκεραίους
825 3728 923 3791 τὰς
970 3727 1166 3789 ἀκοὰς,
1193 3728 1283 3777 καὶ
1321 3728 1717 3797 ἀπολογήσεται
1777 3729 1920 3797 μάλα

356 3824 616 3892 γενναίως
662 3824 689 3874 ὁ
719 3820 1108 3892 κατηγορηθείς
1130 3836 1141 3848 ·
1174 3822 1268 3872 καὶ
1300 3820 1377 3881 είς
1417 3820 1659 3883 ἐκείνους
1700 3822 1918 3891 τρέψεις

353 3917 455 3993 τὴν
485 3917 562 3977 εἰς
588 3914 749 3969 αὑτὸν
778 3912 952 3982 μάτην
974 3914 1199 3981 φυεῖσαν
1228 3909 1426 3981 λύπην.

852 4024 965 4090 ιιΑθ.
999 4053 1068 4064 -
1100 4023 1187 4093 To
1217 4019 1417 4093 ΑΥΤῼ.

2094 3458 2310 3515 Fabulis
2359 3474 2517 3514 aures
2560 3474 2624 3513 ne
2684 3459 3051 3514 accommoda.
3101 3459 3157 3513 Si
3215 3460 3361 3515 enim
3424 3460 3588 3514 facile

2024 3550 2395 3604 accusantibus
2444 3550 2654 3613 credas,
2710 3563 2815 3603 non
2874 3549 3122 3605 desinent
3161 3549 3297 3606 falso
3332 3564 3587 3604 accusare

2024 3658 2088 3695 ac
2116 3642 2337 3711 lingere.
2372 3639 2477 3694 Sed
2528 3640 2574 3693 si
2611 3640 2805 3709 placet,
2831 3648 2989 3696 aures
3027 3642 3203 3711 praebe
3225 3642 3489 3703 sinceras,
3530 3652 3587 3695 et

2025 3730 2341 3785 defendetur
2383 3732 2616 3800 egregie,
2661 3734 2752 3799 qui
2797 3734 3079 3787 calumniis
3132 3748 3421 3802 oppressus
3459 3744 3581 3795 est,

2026 3832 2307 3889 vertesque
2360 3820 2414 3873 in
2467 3820 2588 3874 illos
2635 3820 2891 3885 dolorem,
2923 3836 3084 3891 quem
3128 3822 3398 3877 innocenti
3438 3830 3584 3874 stru-

2024 3921 2233 3965 xerant.

2549 4026 2683 4081 XCI.
2708 4057 2777 4066 —
2816 4024 3046 4080 EIDEM.

1224 4113 1382 4167 Pauli
1413 4114 1481 4167 ad
1509 4112 1668 4166 Hebr.
1701 4119 1863 4166 locus.
1890 4113 2016 4183 Cap.
2045 4131 2115 4180 tv,
2145 4134 2189 4170 υ.
2218 4118 2269 4172 8.
2295 4116 2367 4170 De
2402 4117 2526 4171 Jesu
2562 4116 2727 4171 Nave.

430 4227 501 4279 Οὐ
554 4226 683 4294 περὶ
732 4223 832 4292 τῆς
878 4221 1273 4284 καταπαύσεως
1321 4221 1429 4275 τῶν
1482 4222 1769 4292 Ἐϐραίων,
1819 4224 1917 4292 τῆς

2090 4228 2282 4282 Beatus
2306 4229 2502 4283 Paulus
2546 4245 2649 4285 non
2706 4231 2772 4284 de
2827 4231 3007 4299 requie
3052 4229 3381 4296 Iudaeorum,
3423 4249 3583 4302 quam

356 4318 655 4388 γενομένης
708 4316 765 4368 ἐν
822 4315 1151 4385 Παλαιστίνῃ
1210 4315 1297 4368 διὰ
1365 4315 1540 4385 Ἰησοῦ
1592 4315 1707 4367 υἱοῦ
1763 4316 1918 4386 Ναυῆ

358 4407 710 4480 στρατηγίας,
761 4405 838 4475 τῷ
878 4406 1147 4475 θεσπεσίῳ
1201 4405 1395 4473 Παύλῳ
1421 4407 1448 4457 ὁ
1482 4405 1672 4473 λόγος’
1707 4406 1918 4475 ἐκείνης

357 4502 463 4570 γὰρ
489 4500 665 4560 οὐδεὶς
704 4497 861 4564 λόγος
906 4496 1071 4567 αὐτῷ,
1119 4498 1200 4559 είς
1228 4496 1284 4549 δὲ
1317 4498 1415 4567 τὴν
1458 4496 1918 4567 προσδοκωμένην

355 4593 572 4645 ἔσεσθαι
618 4590 837 4660 βλέπει,
889 4590 981 4642 καὶ
1020 4589 1140 4641 κατ’
1178 4589 1390 4657 ἐκείνης
1419 4589 1447 4640 ὁ
1490 4588 1597 4639 τῶν
1632 4590 1917 4657 νοημάτων

355 4685 553 4746 σκοπὸς
611 4682 971 4735 συντείνεταιο
1021 4682 1103 4733 ὅτι
1163 4681 1219 4732 δὲ
1274 4679 1431 4732 τοῦτό
1492 4680 1640 4732 ἐστιν
1696 4680 1913 4748 ἀληθὲς,

354 4773 514 4836 αὐτὸς
563 4774 752 4827 ἑαυτὸν
799 4770 1339 4842 ἐρμηνεύειζλέγων·
1396 4788 1414 4820 t
1457 4772 1518 4822 Ei
1562 4769 1668 4840 γὰρ
1723 4771 1919 4833 αὐτοὺς

367 4863 572 4933 Ἰησοῦς
612 4864 805 4933 (δῆλον
828 4863 886 4914 δέ
932 4864 1046 4914 ἐστι
1084 4860 1177 4912 τοῦ
1211 4859 1395 4929 Ναυῆ)
1424 4861 1785 4923 κατέπαυσεν,
1818 4860 1941 4914 οὐκ.

357 4955 423 5007 ἂν
450 4953 578 5021 περὶ
613 4952 779 5020 ἄλλης
809 4951 982 5005 ἐλάλει
1028 4950 1163 5020 μετὰ
1189 4950 1360 5003 ταῦτα
1390 4951 1630 5019 ἡμέραςο
1658 4950 1761 5018 ἄρα
1784 4950 1919 5001 ἀπο-

355 5045 601 5096 λείπεται
645 5041 1016 5111 σαϐϐατισμὴς
1051 5040 1126 5111 τῷ
1168 5040 1279 5110 λαῷ
1323 5040 1417 5092 τοῦ
1459 5039 1613 5093 Θεοῦ.
1666 5060 1684 5090 ι
1722 5043 1782 5092 Ei
1810 5042 1918 5108 γὰρ

353 5136 572 5195 αὐτοὺς,
619 5134 801 5201 φησιν,
831 5134 1035 5194 ἐκεῖνος
1059 5132 1424 5194 κατέπαυσεν,
1451 5132 1548 5183 οὐκ
1572 5130 1637 5183 ἂν
1678 5132 1707 5183 ὁ
1756 5132 1921 5183 Δαὸὶδ

355 5225 493 5295 μετὰ
542 5225 740 5286 πολλὰς
791 5224 980 5291 γενεὰς
1009 5224 1319 5290 γενόμενος,
1365 5222 1491 5291 περὶ
1524 5223 1916 5285 καταπαύσεως

2022 4318 2179 4372 Jesus
2204 4316 2350 4373 Nave
2386 4320 2438 4372 in
2470 4319 2750 4375 Pal-.estina
2774 4323 3003 4390 peperit,
3030 4324 3189 4376 verba
3220 4324 3348 4377 lacit
3375 4342 3387 4377 :
3431 4326 3589 4391 hujus

2021 4408 2162 4461 enim
2188 4408 2332 4462 nulla
2354 4419 2436 4463 est
2471 4410 2535 4464 ab
2589 4424 2654 4463 eo
2688 4411 2824 4463 ratio
2853 4410 3066 4476 habita;
3104 4412 3194 4464 sed
3227 4411 3279 4465 in
3335 4428 3451 4466 eam
3495 4429 3585 4467 re-

2020 4499 2196 4566 quiem
2250 4499 2465 4566 respicit
2528 4513 2644 4566 qua:
2705 4499 2756 4552 in
2818 4498 3053 4553 futurum
3112 4509 3474 4568 exspectatur,
3533 4504 3582 4556 in

2020 4602 2247 4654 eamque
2297 4588 2662 4656 intelligentia:
2727 4602 2919 4655 scopns
2965 4588 3155 4643 fertur.
3207 4589 3357 4655 Quod
3400 4603 3584 4643 verunt

2026 4691 2146 4731 esse
2177 4678 2289 4744 ipse
2317 4678 2397 4731 sui
2429 4678 2695 4746 interpres
2732 4679 2812 4733 sic
2851 4679 3102 4747 explanat
3135 4680 3354 4732 dicens:
3398 4697 3416 4729 ι
3452 4679 3584 4733 Nam

2026 4767 2069 4821 si
2091 4768 2169 4821 eis
2187 4766 2344 4822 Jesus
2365 4767 2558 4840 [Nave]
2580 4770 2814 4837 requiem
2839 4770 3195 4836 praestitisset,
3222 4784 3490 4835 nunquam
3520 4771 3587 4823 de

2024 4858 2127 4911 alia
2172 4859 2480 4926 loqueretur
2521 4871 2641 4928 post
2687 4860 2825 4913 hanc
2870 4860 2977 4912 die.
3027 4859 3209 4926 Itaque
3266 4861 3587 4927 relinquitur

2024 4948 2388 5002 sabbatisrnus
2425 4950 2622 5018 populo
2664 4950 2753 5001 Dei
2778 4949 2841 5000 ¹³.
2876 4968 2893 5000 ι
2926 4948 2979 5001 Si
3019 4949 3159 5003 enim
3211 4948 3336 5012 illis,
3366 4951 3441 5001 ait
3471 4949 3580 5012 ille,

2024 5041 2257 5108 quietem
2294 5040 2458 5105 dedit,
2487 5055 2591 5094 non
2626 5042 2809 5108 utique
2843 5040 3006 5093 David
3039 5050 3157 5107 post
3199 5040 3392 5093 multas
3421 5058 3585 5107 gene-

2024 5131 2261 5185 rationes
2296 5141 2451 5185 natus
2476 5134 2539 5186 de
2566 5133 2802 5197 requiete
2826 5132 3051 5200 loquens
3072 5132 3291 5184 dixisset
3324 5151 3335 5186 :
3376 5151 3393 5182 ι
3422 5132 3588 5192 llndie

2024 5221 2071 5273 si
2132 5235 2316 5276 vocem
2385 5220 2506 5290 ejus
2555 5222 2859 5288 audieritis,
2892 5223 3061 5277 nolite
3118 5221 3386 5277 obdurare
3424 5225 3587 5278 corda

426 5357 467 5387 “
503 5357 604 5410 lsa.
650 5372 780 5419 xui,
820 5356 905 5410 M.
989 5356 1029 5387 ¹¹
1062 5356 1250 5410 Matth.
1292 5372 1429 5421 uti,
1470 5356 1557 5409 14.
1637 5355 1680 5384 ¹³
1723 5354 1885 5409 llebr.
1925 5368 1999 5420 tv,
2042 5354 2093 5407 8.

1474 5503 1709 5560 VARI/11‘.
1748 5503 2134 5560 LECTIUNES
2171 5506 2256 5558 ΕΤ
2294 5504 2523 5558 ΝΟΤᾹΞ.

431 5628 539 5699 (86)
581 5626 686 5681 I’rn
732 5628 866 5697 ὅπερ
912 5628 1215 5697 προείρηκα
1259 5627 1415 5680 iidem
1461 5628 1613 5682 codd.
1658 5627 1854 5682 habent
1894 5628 1922 5680 ὂ

2025 5626 2312 5696 mimum.
2355 5626 2539 5677 Possm
