4020 6140
517 265 654 334 1379

1721 273 1784 332 S.
1815 268 2109 331 ISIDORI
2144 264 2583 328 PELUSIOTZE

3610 258 3733 325 1380

521 383 806 450 vestra“;
848 402 867 436 ι
912 398 1020 438 non
1056 383 1221 447 enim,
1274 383 1470 452 inquit,
1518 397 1643 438 vera
1707 384 1859 451 quies
1898 382 2094 451 populo

2201 379 2575 448 διαλεγόμενος
2602 376 2755 444 ἔλεγε
2774 391 2788 407 ⁶
2821 394 2840 428 ι
2872 378 3121 447 Σήμερον
3143 374 3243 428 ἐὰν
3267 373 3365 444 τῆς
3384 372 3568 441 φωνῆς
3593 371 3735 425 αὑτοῦ

519 474 637 539 Dei,
660 476 713 528 id
746 484 848 540 est,
888 473 1075 527 electis
1096 488 1192 540 per
1220 472 1377 527 ﬁdem
1410 482 1465 526 et
1513 487 1576 526 ex
1631 472 1733 527 ﬁde
1777 474 2083 527 viventibus

520 566 574 620 in
622 566 901 621 Palaestina
968 566 1224 633 reposita,
1266 566 1358 618 sed
1414 565 1465 618 iu
1530 563 1739 618 coelein
1781 563 2079 619 Jerusalem

520 668 814 727 praeparata
836 669 937 711 est.

836 942 990 999 XCII.
1021 975 1090 984 —
1116 942 1369 997 THEONI
1400 942 1749 999 EPISCOPO.

2188 471 2478 541 ἀκούσητε,
2517 469 2590 539 μὴ
2620 469 2961 540 σκληρύνητε
2983 468 3082 527 τὰς
3115 466 3342 535 καρδίας
3382 463 3554 532 ὑμῶν.
3583 481 3604 514 ι
3649 463 3738 514 Οὑ-

2190 561 2339 620 κοῦν,
2383 558 2565 628 φησιν,
2611 556 2838 627 ἀληθινὴ
2882 557 3185 617 ἀνάπαυσις
3228 554 3308 621 τῷ
3344 551 3454 620 λαῷ
3478 550 3569 603 τοῦ
3599 549 3735 613 Θεοῦ,

2192 652 2458 713 τουτέστι,
2497 652 2610 710 τοῖς
2636 649 2936 716 εὐδοκίμως
2970 648 3083 717 (87)
3116 646 3253 716 μετά
3276 647 3375 714 τὴν
3407 645 3587 696 πίστιν
3611 643 3739 729 πολέ-

2189 741 2540 809 τευσαμένοις
2590 740 2897 801 ἀπόκειται,
2924 740 3024 790 οὐκ
3072 739 3130 788 ὲν
3157 739 3223 805 τῇ
3258 734 3605 803 Παλαιστίνη,
3641 732 3738 785 ἀλλ’

2192 833 2249 884 ἐν
2274 833 2339 901 τῇ
2365 828 2717 900 ὑπερκοσμίῳ
2755 827 3113 898 Ἰερουσαλὴμ
3141 824 3577 895 εὐτρεπισθείσα.

2544 942 2658 1007 ιιιιι.
2690 968 2761 978 -
2792 939 2995 992 θεΩΝι
3044 938 3412 1006 ΕΠΙΣΚΟΠῼ.

520 1032 725 1090 Dubius
750 1037 995 1105 primum,
1027 1036 1089 1088 ob
1119 1036 1327 1090 diversa
1371 1038 1659 1089 amicorum
1693 1037 1934 1098 consilia,
1991 1042 2197 1088 tandem
2236 1036 2498 1105 hortatur,
2530 1044 2586 1085 ut
2627 1032 2695 1105 ad
2737 1048 2922 1105 sonant
2966 1044 3183 1086 mentem
3235 1032 3431 1092 redeat,
3459 1044 3550 1081 nec
3598 1029 3739 1079 bonos

1531 1107 1717 1159 lwdere
1739 1117 1936 1174 pergat.
1970 1106 2183 1175 (Confer
2206 1106 2355 1173 epist.
2400 1104 2524 1167 164,
2555 1105 2610 1156 in
2639 1102 2788 1170 ﬁne.)

590 1216 1025 1272 Admonitionem
1078 1216 1143 1270 ad
1185 1224 1237 1269 te
1282 1216 1495 1269 mittere
1545 1231 1665 1269 cum
1703 1216 2087 1281 decrevissem,

522 1310 708 1372 malui,
734 1324 767 1362 ο
804 1309 993 1375 amice,
1030 1308 1179 1377 prius
1212 1309 1276 1360 ad
1311 1323 1470 1362 aures
1514 1318 1630 1360 tuas
1674 1317 1731 1361 ut
1766 1308 2088 1376 perveniret,

524 1404 651 1471 quid
680 1402 735 1455 in
759 1415 821 1455 ea
856 1416 915 1456 re
942 1402 1227 1455 necessarii
1264 1401 1368 1454 mei
1429 1402 1682 1464 sentiant,
1727 1400 1919 1468 quibus
1962 1413 2091 1452 con-

523 1492 702 1547 silium
732 1504 894 1543 omne
923 1505 1098 1543 meum
1128 1491 1373 1558 exposui.
1420 1489 1637 1544 Illorum
1689 1490 1870 1557 itaque
1918 1488 2087 1556 pleri-

524 1596 629 1649 que
654 1593 976 1649 magnopere
1003 1579 1161 1634 veriti
1197 1588 1343 1644 sunt,
1374 1594 1441 1633 ne
1485 1579 1893 1633 inimicitiarum
1928 1593 2087 1632 oeca-

525 1677 730 1728 sionem
793 1677 894 1728 hac
948 1689 1064 1726 mea
1113 1673 1519 1740 praainonitioue
1585 1682 1885 1742 captarem.
1950 1674 2089 1727 Fore

523 1766 691 1828 enim,
756 1774 813 1818 nt
865 1763 1246 1819 insinuationis
1293 1766 1480 1819 amicae
1533 1769 1711 1832 Specie
1759 1765 1855 1819 tibi
1908 1766 2094 1819 videar

525 1854 904 1908 contumeliam
936 1853 1181 1921 irrogare
1214 1853 1466 1907 voluisse.
1505 1850 1621 1905 Non
1674 1854 1835 1921 igitur
1889 1854 2092 1907 miran-

524 1944 655 1998 dum
710 1956 829 1998 esse
887 1943 1164 2005 dicebant,
1213 1942 1257 1995 si
1318 1942 1481 1996 verba
1528 1941 1718 1995 bellum
1765 1943 1896 1995 mihi
1949 1943 2093 1996 velut

528 2033 798 2088 Persicum
858 2041 1127 2088 moveant.
1180 2032 1349 2085 Erant
1405 2041 1459 2087 et
1502 2033 1595 2102 qui
1647 2032 1951 2087 audendum
1974 2046 2094 2087 esse

528 2126 837 2187 suaderent,
870 2132 927 2178 et
972 2135 1022 2178 te
1075 2132 1449 2190 suscepturum
1505 2123 1747 2177 dicerent
1779 2133 1834 2177 et
1884 2134 2089 2177 tantum

526 2215 718 2268 abesse
773 2215 1005 2277 aiebant,
1048 2223 1105 2265 ut
1148 2212 1272 2265 mali
1316 2211 1444 2280 quid
1499 2223 1895 2281 exspectarent,
1939 2224 1997 2268 ut
2027 2223 2081 2269 et

528 2305 804 2372 praemium
837 2319 895 2357 se
942 2303 1069 2358 inde
1102 2318 1323 2372 sperare
1365 2304 1624 2357 dicer’eut.
1679 2304 1836 2374 581
1870 2304 2097 2373 Utrique

530 2394 661 2448 mihi
726 2394 974 2447 videnlur
1014 2395 1208 2462 partim
1270 2393 1515 2447 veritatis
1561 2396 1803 2463 attigisse
1850 2410 2092 2464 scopum,

531 2485 723 2554 partim
754 2487 1060 2538 aberrasse.
1086 2482 1220 2537 Nam
1246 2485 1401 2539 initio
1423 2500 1563 2554 aegre
1588 2484 1820 2537 laturum
1866 2494 1916 2540 te
1978 2486 2095 2539 exi-

531 2575 783 2640 stimavi;
825 2575 1041 2629 tandem
1072 2588 1200 2628 vero
1238 2590 1347 2629 non
1374 2576 1538 2640 item;
1569 2575 1661 2629 sed
1687 2584 1742 2629 et
1778 2590 1864 2629 me
1896 2577 2097 2643 gratias

533 2674 670 2729 ate,
728 2667 794 2718 ab
844 2665 1095 2719 omnibus
1151 2679 1489 2734 nequaquam
1538 2675 1878 2731 recepturum
1916 2668 2096 2732 spero.

536 2753 815 2811 Utrumvis
846 2764 1022 2811 tamen
1048 2764 1393 2824 exspectans,
1419 2770 1523 2809 non
1550 2756 1788 2810 desinam
1811 2758 1952 2825 quod
1977 2770 2100 2809 sen-

537 2847 632 2911 tio,
659 2848 854 2902 dicere.
893 2847 1131 2901 Primum
1156 2846 1370 2915 quidem
1394 2848 1580 2916 Optimi
1629 2849 1834 2916 quique
1882 2863 1913 2900 a
1944 2848 2099 2902 nobis

535 2941 771 3005 stabunt,
802 2954 905 2993 non
932 2938 1102 2994 solum
1154 2950 1222 3005 te,
1270 2941 1363 2994 sed
1391 2948 1446 2993 et
1495 2940 1815 3009 prohibituri
1862 2954 1977 3002 eos,
2008 2940 2099 3008 qui

2266 1213 2598 1283 Παραίνεσιν
2642 1212 2947 1283 διεγνωκὼς
2990 1210 3201 1280 πέμψαι
3238 1225 3339 1271 σοι,
3393 1207 3663 1276 βούλομαι,
3704 1201 3741 1259 ὦ
3838 1218 3841 1221 ‘

2192 1304 2365 1373 φίλος,
2412 1304 2744 1374 προδιελθεῖν
2795 1306 2930 1373 πρὸς
2971 1304 3051 1368 σὲ,
3094 1302 3169 1363 ὡς
3218 1300 3420 1369 συνέϐη
3460 1300 3740 1367 διατεθῆναι

2189 1398 2298 1455 τοῖς
2322 1397 2474 1464 ἐμοῖς
2505 1397 2852 1465 ἐπιτηδείοις,
2892 1393 3191 1461 ἐπειδήπερ
3241 1392 3426 1451 αὐτοῖς
3460 1388 3741 1441 ἀνεκοινούο

2196 1504 2325 1557 μην,
2346 1487 2443 1556 τὴν
2470 1487 2610 1557 ὑπὲρ
2647 1487 2747 1556 τῆς
2774 1484 3082 1555 συμϐουλῆς
3123 1482 3468 1552 προαίρεσιν.
3516 1478 3741 1531 Ἐκείνων

2193 1579 2368 1631 τοίνυν
2408 1580 2457 1631 οί
2497 1579 2596 1648 μὲν
2640 1579 2734 1632 καὶ
2776 1577 2975 1646 κομιδῇ
3024 1575 3255 1635 ἔδεισαν,
3299 1573 3372 1642 μὴ
3406 1571 3599 1641 ἔχθρας
3630 1571 3741 1622 ὑπό-

2198 1672 2345 1722 θεσιν
2396 1670 2504 1723 ἀπὸ
2569 1670 2671 1738 τῆς
2716 1668 2975 1739 προνοίας
3023 1664 3225 1733 ταύτης
3272 1660 3738 1729 κατασκευάσαιμι.

2191 1760 2371 1824 Δόξειν
2409 1761 2515 1830 γάρ
2546 1777 2627 1812 σοι
2662 1761 2720 1812 ὲν
2765 1760 3100 1828 εἰσηγήσεως
3125 1756 3364 1825 σχήματι
3420 1750 3736 1822 προῃρῆσθαί

2194 1869 2254 1905 σε
2281 1850 2466 1914 κακῶς
2498 1851 2696 1919 λέγειν.
2733 1849 2941 1903 Οὐκοῦν
2968 1848 3173 1916 ἔφασαν
3198 1845 3527 1914 θαυμάζειν,
3550 1844 3596 1894 εἰ
3630 1842 3740 1911 παρ’

2193 1944 2389 2006 αὐτοὺς
2440 1944 2563 2006 τοὺς
2604 1943 2793 2010 λόγους
2833 1943 3096 2009 πόλεμος
3144 1938 3218 2008 μὴ
3264 1936 3555 2005 Περσικὸς
3605 1950 3736 2003 περι-

2193 2036 2350 2103 σταίη
2373 2052 2386 2064 ·
2423 2030 2562 2104 ἦσαν
2596 2034 2654 2086 δὲ
2686 2033 2779 2086 καὶ
2816 2031 2869 2084 οἳ
2921 2032 3064 2084 πάνυ
3104 2030 3324 2099 θαρρεῖν
3347 2026 3737 2097 προετρέποντο,

2192 2127 2266 2189 ὡς
2283 2125 2677 2194 ἀποδεξομένου
2703 2142 2794 2178 σου
2816 2139 2829 2153 ’
2854 2125 2947 2178 καὶ
2971 2121 3222 2175 τοσοῦτον
3240 2121 3452 2188 ἔφασαν
3473 2118 3735 2187 ἀφεστάναι

2195 2217 2500 2287 προσδοκᾷν
2550 2234 2601 2269 τι
2631 2216 2822 2279 δεινὸν,
2859 2215 2937 2279 ῶς
2976 2214 3071 2267 καὶ
3113 2212 3418 2282 ἀνάρρησιν
3460 2209 3735 2280 προσδοκᾷν

2193 2305 2281 2359 διὰ
2306 2306 2486 2360 τοῦτο.
2524 2306 2678 2375 Ἐμοὶ
2701 2307 2757 2359 δὲ
2786 2304 3033 2358 δοκοῦσιν
3063 2302 3370 2373 ἀμφότεροι
3395 2302 3469 2371 πῆ
3498 2299 3588 2370 μὲν
3613 2299 3735 2349 ὲστο-

2195 2397 2391 2467 χᾶσθαι
2438 2395 2726 2465 τάληθοῦς,
2768 2395 2845 2465 πῆ
2873 2394 2931 2447 δὲ
2966 2392 3427 2463 διημαρτηκέναι.
3469 2387 3557 2452 Ἐξ
3584 2384 3733 2456 ἀρχῆς

2200 2488 2299 2556 μὲν
2337 2487 2445 2556 γὰρ
2480 2487 2882 2555 ἀγανακτήσειν
2930 2501 2989 2537 σε
3020 2484 3385 2542 πεπίστευκα,
3419 2482 3497 2542 εἰς
3528 2478 3663 2539 τέλος
3688 2474 3733 2527 δὲ

2197 2578 2477 2647 οὐδαμῶς*
2530 2577 2663 2631 ἀλλὰ
2716 2578 2809 2630 καὶ
2861 2574 3225 2638 ἀποδέξασθαί
3287 2591 3359 2642 με
3392 2571 3527 2626 κατά
3570 2566 3735 2621 σαυτὸν

2196 2669 2502 2739 προσδοκῶ,
2548 2669 2641 2720 ἐπὶ
2689 2669 2905 2721 πάντων
2943 2666 3002 2719 δὲ
3030 2667 3263 2736 ἥκιστα·
3315 2666 3466 2735 ὅμως
3510 2662 3732 2729 ἑκάτερον

2198 2758 2535 2831 προσδοκῶν,
2569 2760 2671 2810 οὑκ
2720 2759 3101 2828 ἀποστήσομαι
3146 2757 3208 2809 τὸ
3246 2755 3636 2826 παριστάμενον
3667 2752 3729 2809 εἰ·

2203 2856 2346 2907 πεῖν.
2390 2851 2613 2922 Πρῶτον
2657 2851 2755 2920 μὲν
2785 2850 2894 2920 γὰρ
2924 2851 2975 2902 οἱ
3003 2849 3266 2918 βέλτιστοι
3301 2848 3424 2918 μεθ’
3446 2845 3590 2916 ἡμῶν
3610 2843 3731 2896 ἔσονο

2200 2959 2311 3004 ται,
2346 2938 2679 3007 κωλύσοντες
2710 2939 2771 2993 οὐ
2807 2939 2964 3008 μόνον
2997 2939 3081 3001 σε,
3127 2936 3263 2990 ἀλλὰ
3293 2938 3389 2990 καὶ
3419 2937 3539 2997 τοὺς
3571 2932 3727 2993 ἄλλους

538 3044 731 3084 nocere
765 3031 919 3084 nobis
967 3031 1245 3085 auderent.
1302 3030 1503 3085 Deinde
1560 3035 1604 3085 si
1635 3030 1823 3085 vuhms
1858 3031 2101 3099 accipere

2203 3035 2328 3095 τοὺς
2360 3032 2546 3083 λυπεῖν
2587 3031 2973 3101 τολμήσοντας.
3031 3029 3264 3082 Ἔπειτα
3315 3028 3374 3080 δε
3406 3029 3453 3079 εί
3484 3026 3568 3079 καὶ
3613 3039 3728 3092 τρω-

533 3121 809 3188 contingat
835 3135 977 3184 eum,
1015 3122 1104 3187 qui
1162 3121 1416 3173 virtutem
1470 3121 1865 3175 defendendam
1906 3137 2095 3175 susce-

546 3212 706 3277 perit,
747 3226 852 3264 non
885 3222 1101 3278 gravate
1136 3211 1185 3264 id
1219 3210 1376 3265 feret.
1418 3212 1553 3277 Quid
1590 3213 1749 3281 igitur
1778 3213 2101 3266 dicendum?

538 3302 752 3355 Dictum
808 3303 914 3354 sit:
944 3302 1099 3355 Jacta
1136 3312 1242 3354 esto
1291 3301 1425 3354 alea.
1457 3302 1702 3356 Gladium
1750 3305 1804 3358 in
1850 3314 1898 3358 te
1937 3306 2102 3373 potis-

539 3394 731 3447 simum
784 3394 1052 3463 stringere
1097 3393 1310 3459 desine,
1365 3396 1556 3461 quovis
1618 3396 1781 3448 etiam
1872 3396 2101 3451 barbaro

540 3484 710 3553 magis
767 3484 995 3537 barbare
1053 3492 1104 3536 te
1153 3498 1301 3549 usus,
1350 3485 1582 3553 taliaque
1624 3485 1676 3537 in
1732 3494 1782 3538 te
1812 3487 2103 3540 committis

540 3576 700 3638 mala,
727 3576 906 3643 qualia
935 3591 1000 3629 ne
1058 3575 1208 3629 valde
1235 3575 1447 3644 quidem
1490 3574 1669 3629 infesti
1730 3577 1909 3631 hostes
1964 3578 2104 3629 iutu-

542 3666 721 3719 leriut.
773 3664 829 3720 Si
889 3667 1051 3735 igitur
1098 3669 1148 3721 iu
1208 3668 1410 3721 malitia
1448 3668 1740 3737 perdurare
1796 3670 2101 3733 decrevisti,

540 3771 713 3824 neque
737 3768 943 3810 mutare
974 3758 1054 3811 vis
1079 3759 1423 3821 sententiam,
1457 3759 1643 3813 desine
1695 3758 1889 3811 saltem
1930 3759 2104 3812 virtu-

538 3847 609 3901 tis
647 3862 958 3917 oppugnare
988 3848 1255 3902 alumnos.
1290 3847 1403 3901 Non
1438 3850 1581 3902 enim
1609 3863 1837 3917 peccare
1875 3858 2102 3914 tantum,

538 3934 633 3989 sed
680 3945 734 3990 et
782 3937 1067 3993 detrahere
1135 3937 1299 3989 vitam
1350 3938 1765 3991 emendantibus
1830 3935 1906 4005 (in
1969 3951 2104 4004 quos

539 4026 729 4094 linguae
762 4028 937 4095 gladio
996 4027 1272 4096 armaris),
1325 4041 1531 4080 summa
1590 4026 1793 4078 malitia
1843 4034 1947 4089 est,
2000 4028 2106 4080 imo

539 4118 925 4186 itupmnitentis
956 4120 1195 4188 nihilque
1224 4119 1453 4171 dolentis
1481 4127 1689 4172 certum
1716 4126 2105 4187 estargumeu-

539 4219 675 4263 tum.

827 4298 1443 4355 XClll.—-PALLADIO
1491 4299 1812 4356 DlACONO.

2203 3130 2359 3198 θῆναι
2416 3126 2656 3197 συμϐαίη
2706 3128 2772 3195 τῇ
2807 3127 2974 3194 ἀρετῇ
3020 3121 3452 3193 συνηγοροῦντα,
3482 3119 3624 3172 τοῦτο
3651 3134 3728 3168 πα-

2201 3221 2309 3272 θεῖν
2336 3220 2394 3272 οὐ
2429 3218 2585 3290 βαρύ.
2618 3216 2682 3271 Τί
2730 3215 2822 3271 οὖν
2854 3220 2998 3270 ἐστιν
3028 3217 3054 3269 ὃ
3088 3216 3348 3286 βούλομαι
3386 3216 3574 3276 είπεῖν;
3597 3209 3729 3279 Εἰρή-

2203 3326 2373 3361 σεται’
2399 3310 2745 3377 Ἁνερῤίφθω
2768 3307 2875 3377 γὰρ
2902 3310 3080 3375 κύϐος
3100 3325 3111 3336 '
3143 3308 3381 3377 μάλιστα
3412 3307 3503 3376 μὲν
3522 3304 3729 3355 πέπαυσο

2202 3401 2341 3452 κατά
2384 3401 2581 3453 σαυτοῦ
2622 3399 2682 3452 τὸ
2718 3399 2867 3467 ξίφος
2899 3399 3078 3463 ὠθῶν,
3123 3400 3217 3451 καὶ
3252 3399 3453 3460 παντὸς
3494 3393 3726 3465 βαρϐάρου

2205 3488 2269 3558 βα
2277 3490 2582 3559 ρ6αρικώτε
2592 3506 2680 3558 ρον
2717 3489 2895 3558 σαυτῷ
2916 3488 3194 3558 χρώμενος
3214 3506 3225 3516 ·
3255 3487 3354 3539 καὶ
3382 3485 3600 3539 τοσαῦτα
3625 3496 3726 3532 σαν-

2203 3579 2293 3631 τὸν
2324 3578 2580 3642 διατιθεὶς
2622 3580 2787 3645 κακὰ,
2820 3581 2919 3632 ὅσα
2948 3579 3013 3632 ἂν
3047 3580 3164 3630 οὐδὲ
3201 3579 3249 3630 oi
3294 3577 3488 3645 κομιδῇ
3520 3574 3727 3640 πολέμιοι

2204 3670 2483 3741 διέθηκαν.
2519 3672 2584 3723 Εἰ
2613 3670 2668 3723 δὲ
2699 3671 2795 3740 τῆς
2828 3672 3025 3732 κακίας
3047 3669 3213 3739 ἀπρὶξ
3232 3669 3453 3737 ἔχεσθαι
3481 3668 3723 3735 κέκρικας,

2206 3758 2302 3809 καὶ
2324 3759 2384 3810 τὸ
2410 3759 2586 3829 δόγμα
2602 3759 2760 3812 τοῦτο
2786 3759 3041 3827 ἀκίνητόν
3066 3762 3180 3811 ἐστι
3212 3760 3367 3828 παρά
3383 3759 3483 3811 σοί·
3510 3755 3601 3809 κᾶν
3629 3752 3726 3811 τοὺς

2206 3852 2304 3918 τῆς
2326 3852 2525 3922 ἀρετῆς
2551 3852 2849 3922 τροφίμους
2877 3851 3082 3903 παῦσαι
3114 3850 3529 3920 καταπολεμῶν.
3552 3847 3615 3898 Τὸ
3643 3842 3725 3909 γὰρ

2210 3943 2285 4012 μὴ
2333 3945 2493 4013 μόνον
2524 3945 2757 4008 πταίειν,
2789 3944 2925 3997 ἀλλὰ
2957 3944 3051 3997 καὶ
3092 3945 3221 4006 τοὺς
3254 3940 3635 4013 κατορθοῦντας
3674 3932 3726 3985 δι’

2208 4030 2282 4089 ὧν
2325 4037 2424 4105 τὴν
2467 4035 2713 4102 γλῶτταν
2765 4039 2883 4087 κατ’
2934 4036 3112 4088 αὐτῶν
3164 4034 3431 4099 όπλίζεις,
3476 4030 3724 4097 διασύρειν,

2209 4126 2437 4194 ἔσχατος
2475 4125 2598 4194 ὅρος
2634 4125 2849 4188 κακίας,
2886 4124 3084 4193 μᾶλλον
3112 4122 3167 4175 δὲ
3201 4121 3530 4191 ἀναλγησίας
3559 4116 3726 4184 τεκμή-

2215 4218 2325 4285 ριόν
2357 4219 2522 4269 ἐστιν.

2531 4307 2642 4372 L1".
2675 4335 2743 4345 -
2770 4307 3111 4375 ΠΑΛΛΑΔΙῼ
3141 4306 3461 4374 ΔΙΛΚΟΝῼ.

1351 4392 1427 4442 Ad
1458 4394 1803 4445 constantiam
1834 4394 2075 4446 hortatur
2105 4395 2155 4447 in
2186 4397 2337 4449 bono.
2371 4396 2583 4466 (Confer
2609 4397 2756 4464 epist.
2793 4396 2944 4463 155.)

604 4494 882 4565 Particeps
913 4496 1040 4551 olim
1070 4495 1220 4549 chori
1258 4513 1499 4552 meorum
1527 4500 1935 4567 discipulorum,
1966 4502 2096 4555 cho-
2135 4490 2176 4543 ι)

539 4603 699 4656 ragus
727 4587 889 4642 etiam
943 4588 1195 4643 videbare
1228 4590 1435 4643 caneris
1465 4591 1944 4658 vehementius§Dei
1978 4605 2099 4643 ver-

538 4680 663 4732 lmm
710 4679 1053 4748 investigare.
1086 4678 1282 4732 Verum
1307 4680 1416 4746 jam
1464 4681 1538 4733 tui
1579 4682 1776 4735 oblitus
1812 4698 1915 4734 non
1948 4682 2105 4733 modo

538 4770 797 4825 defecisse
827 4772 1192 4840 cognosceris,
1220 4774 1310 4825 sed
1341 4782 1394 4825 et
1430 4773 1818 4840 voluptatibus,
1849 4788 1965 4840 qua:
1987 4772 2104 4824 illas

537 4863 753 4929 pariunt
811 4862 1150 4927 all‘ectiones,
1206 4878 1325 4931 quae
1365 4879 1434 4917 ex
1487 4876 1679 4918 ventre
1724 4863 1860 4917 bene
1920 4872 2105 4916 curato

536 4954 819 5022 provenire
848 4956 1042 5019 solent,
1089 4964 1137 5009 te
1180 4966 1349 5009 totum
1402 4956 1644 5021 tradens,
1676 4955 1809 5007 mihi
1866 4953 2103 5007 dolorem

537 5039 716 5094 allers.
744 5039 973 5111 Cognito
1003 5044 1185 5111 itaque
1232 5044 1448 5113 gravius
1496 5058 1617 5098 esse
1670 5044 1869 5096 malum
1920 5044 2106 5112 negle-

536 5133 775 5195 ctum,in
811 5134 1097 5200 pristinum
1133 5145 1183 5188 te
1222 5136 1447 5203 cultum,
1488 5146 1739 5190 ornatum
1795 5144 2109 5205 statumque

538 5234 595 5277 ut
628 5224 859 5293 recipias
898 5239 1046 5291 rogo.

610 5381 653 5413 ιδ
686 5381 830 5437 Psal.
863 5396 1003 5448 xcw,
1038 5381 1092 5437 8.

2282 4506 2558 4575 Μετέσχες
2600 4507 2696 4574 μὲν
2724 4503 2818 4557 τοῦ
2845 4503 2950 4557 τῶν
2982 4505 3237 4573 μαθητῶν
3269 4504 3450 4576 χοροῦ,
3485 4500 3573 4553 καὶ
3602 4510 3728 4564 κορυ-

2216 4600 2372 4667 φαῖος
2434 4596 2657 4661 ἐδόκεις,
2686 4596 3042 4665 σφοδρότερον
3065 4596 3173 4649 τῶν
3220 4596 3396 4649 ἄλλων
3431 4586 3728 4663 μεταδιώκων

2214 4689 2311 4756 τὴν
2345 4684 2452 4738 τῶν
2516 4685 2675 4737 θείων
2724 4684 2898 4751 λόγων
2946 4685 3153 4753 θήραν·
3208 4684 3343 4738 ἀλλά
3373 4684 3466 4736 νῦν
3497 4676 3729 4749 ἀμελήσας

2212 4778 2270 4828 οὐ
2306 4775 2462 4845 μόνον
2509 4773 2871 4841 ἀποφοιτῆσαι
2921 4774 3167 4841 διέγνως,
3219 4774 3353 4825 ἀλλὰ
3404 4772 3493 4825 καὶ
3520 4761 3727 4837 τρυφαῖς.

2213 4866 2286 4928 ὡς
2316 4865 2616 4934 ἐπυθόμην,
2651 4864 2953 4926 ἐκδέδωκας
2978 4866 3194 4929 σαυτὸν,
3226 4867 3345 4927 ταῖς
3370 4857 3655 4915 τικτούσαις
3678 4846 3730 4900 τὰ

2209 4956 2346 5025 μετὰ
2374 4955 2616 5024 γαστέρα
2654 4954 2821 5024 πάθη.
2858 4955 3182 5022 Γιγνώσκων
3220 4954 3420 5018 τοίνυν,
3468 4952 3545 5003 ὅτι
3590 4946 3727 5011 ἀργα-

2203 5045 2467 5114 λεώτερον
2494 5044 2740 5111 γίγνεται
2769 5044 3137 5115 ἀμελούμενον
3166 5045 3225 5097 τὸ
3259 5044 3448 5109 κακὸν,
3477 5041 3552 5101 είς
3574 5034 3655 5101 τὴν
3680 5025 3727 5087 ἐξ

2214 5139 2388 5207 ἀρχῆς
2436 5139 2774 5206 κοσμιότητα
2805 5136 2903 5208 τὴν
2932 5137 3196 5206 ταχίστην
3251 5134 3442 5189 σαυτὸν
3498 5116 3725 5201 μέταρῤὖ-

2218 5227 2430 5297 θμισον.

1632 5473 1866 5530 νΑῐιιίΕ
1906 5473 2287 5530 LECTIONES
2325 5474 2413 5529 ET
2442 5474 2677 5529 NGT/E.

609 5633 724 5703 (87)
762 5633 864 5690 Pro
893 5636 1003 5695 τοῖς
1035 5632 1332 5701 εὑδοκίμως
1365 5632 1516 5688 codd.
1563 5633 1719 5688 ambo
1748 5632 1944 5704 legunt
1979 5635 2090 5697 τοῖς

2201 5632 2450 5703 δοκίμοις.
2485 5632 2697 5689 Possm.
