4020 6140
373 287 508 353 1381
1246 289 1780 351 EPISTOLARUM
1819 289 1960 348 LIB.

2016 289 2058 349 l.
2092 313 2159 323 -
2187 290 2421 350 EPIST.
2466 291 2730 351 XCVIII.
3466 293 3603 358 1382

691 403 800 466 ίιΔθ.
841 430 912 442 —-
971 403 1250 472 ΣΣΙΡΗΝῼ
1280 404 1601 473 ΔΙΑΚΟΝῼ.
1965 416 2008 468 Α

1965 416 2008 468 Α
2358 402 2915 459 xum—senem
2960 403 3288 462 DIACONO.

1081 519 1271 570 Omnia
1307 535 1454 588 a’quo
1493 529 1540 572 et
1583 520 1851 572 moderato
1878 520 2053 570 animo
2077 516 2311 585 ferenda.
2363 517 2576 586 (Confer
2597 518 2744 580 epist.
2793 516 2940 586 195.)

435 630 658 694 Πολλοῖς
690 632 745 683 αἱ
778 636 1091 702 παραυτίκα
1120 636 1413 706 εύημερίαι
1466 637 1551 687 ἐπ’
1586 636 1776 705 ἐνέδρα
1800 652 1936 704 συμ-

2115 633 2290 686 Multis
2327 644 2698 687 mmncntanea
2733 649 2796 688 ac
2825 633 3001 688 subita
3049 632 3280 687 felicitas
3303 649 3369 689 ex
3392 634 3606 689 insidiis

366 721 668 785 ϐαίνουσιν,
702 723 935 776 ἀνιάτων
965 721 1121 778 οὖσαι
1149 726 1335 780 κακῶν
1376 726 1658 797 προοίμια.
1706 725 1799 794 Μὴ
1824 726 1936 776 τοί-

2041 724 2277 787 obvenit,
2311 734 2472 792 atque
2531 725 2665 779 adeo
2713 723 3187 778 immedicabilium
3230 725 3384 793 origo
3440 726 3607 780 malo-

366 829 458 864 νυν
487 815 544 864 ἐν
574 813 706 865 πᾶσι
739 812 839 877 τὰς
869 815 1125 879 τοιαύτας
1155 815 1407 886 ζητῶμεν
1441 818 1618 882 νίκας,
1675 816 1789 869 ἀλλ’
1815 816 1933 878 ἐνὸς

2045 815 2410 868 rumexsistit.
2442 814 2517 868 Ne
2541 814 2705 878 igitur
2731 815 2783 868 in
2812 816 3064 869 omnibus
3112 815 3164 869 id
3214 831 3384 883 genus
3437 817 3609 870 vieto-

365 903 684 972 γιγνώμεθα
720 904 815 958 τοῦ
864 907 1041 960 πάντα
1065 908 1135 961 τὰ
1195 909 1558 978 συμϐαίνοντα
1601 908 1821 978 ὁμαλῶς
1843 908 1938 961 κού⁴

2041 907 2151 960 rias
2184 921 2507 973 qnmramus,
2541 907 2632 960 sed
2675 922 2834 959 unatn
2880 907 3242 975 potissimum,
3267 907 3442 960 omnia
3489 923 3607 976 qua:

367 999 626 1068 μετρίως,
697 999 792 1054 καὶ
845 1001 980 1070 μετά
1012 1001 1104 1053 τοῦ
1141 1001 1441 1072 πρέποντος
1496 1001 1775 1069 σχήματος
1842 999 1936 1051 καὶ⁵

2042 997 2313 1060 accidunt,
2345 996 2527 1050 sedate
2560 996 2941 1065 moderateque
2979 993 3228 1062 ferendo,
3256 1009 3377 1049 cum
3405 1007 3601 1049 ornatu

366 1091 736 1160 φρονήματος,
776 1091 1021 1146 διοικεῖν.

963 1094 1021 1146 ἵν.
2042 1087 2238 1141 ἀεί-οτο
2263 1096 2550 1141 sectemur.

850 1221 964 1286 te.
999 1249 1070 1258 -
1089 1220 1454 1291 summa.
2498 1215 3142 1275 XCV.—ATIIANASIO.

693 1312 914 1365 Virtutis
948 1316 1294 1383 t-itiorumque
1333 1312 1674 1380 comparatio.
1724 1310 1904 1364 Virtus
1934 1314 2004 1363 ad
2041 1326 2267 1376 superna
2298 1326 2528 1379 semper,
2564 1312 2742 1363 uitium
2774 1313 2842 1364 ad
2881 1311 3053 1380 infera
3088 1313 3278 1367 tendit.

443 1421 506 1473 Εἰ
537 1421 641 1491 χρὴ
693 1422 975 1492 συντόμως
1027 1425 1126 1493 τὴν
1193 1424 1394 1493 ἀρετὴν
1432 1424 1528 1475 καὶ
1579 1422 1677 1493 τὴν
1736 1421 1934 1474 κακίαν

2117 1419 2319 1481 Dicam,
2353 1420 2398 1474 si
2431 1419 2499 1474 de
2521 1422 2719 1473 virtute
2745 1421 2982 1474 breviter
3014 1436 3076 1475 ac
3102 1422 3233 1479 vitio
3255 1424 3604 1480 circumscri-

371 1510 513 1580 λόγῳ
561 1511 895 1580 ὑπογράψαι,
956 1513 1214 1582 φήσαιμι,
1292 1513 1375 1564 ὃτι
1419 1512 1629 1582 ’Ὠσπερ
1707 1510 1766 1564 τὸ
1822 1510 1934 1580 πῦρ

2040 1508 2212 1561 benda
2238 1510 2412 1563 oratio
2428 1520 2510 1564 est
2542 1526 2554 1560 :
2591 1511 2661 1564 Ut
2694 1511 2831 1576 ignis
2863 1513 3114 1565 deorsum
3139 1513 3390 1569 detentus
3418 1524 3472 1570 et.
3500 1518 3603 1568 im-

372 1601 745 1670 πεπεδημένον
767 1603 1033 1671 τυγχάνον
1059 1602 1195 1671 πρὸς
1223 1601 1320 1672 τὴν
1345 1603 1496 1655 κάτω
1534 1602 1730 1671 ὁρμὴν,
1758 1600 1932 1653 ἀεικί-

2041 1597 2276 1662 peditum
2307 1596 2512 1652 habens
2567 1605 2773 1652 naturae
2821 1598 3101 1668 impetum,
3137 1615 3354 1656 sursum
3395 1618 3607 1672 semper

370 1693 528 1760 νητόν
559 1693 674 1744 ἐστι
701 1692 839 1762 πρὸς
872 1694 967 1761 τὴν
988 1693 1100 1746 ἄνω
1134 1692 1327 1762 φορὰν,
1359 1693 1499 1745 οὕτω
1531 1694 1625 1745 καὶ
1657 1695 1688 1762 ἡ
1741 1693 1930 1763 ἀρετή.

2041 1686 2265 1752 nititur;
2293 1687 2430 1741 idem
2468 1696 2523 1742 et
2552 1689 2730 1743 virtuti
2760 1691 3027 1744 usuvenit.
3059 1689 3234 1760 thue
3256 1701 3450 1747 contra
3481 1707 3605 1747 cor-

369 1781 481 1833 Καὶ
509 1779 696 1851 ὥσπερ
724 1781 793 1834 τά
842 1780 1017 1851 βαρέα
1053 1781 1282 1850 σώματα
1327 1783 1424 1852 τὴν
1458 1782 1556 1851 μὲν
1605 1783 1715 1835 ἄνω
1767 1782 1938 1852 φορὰν

2037 1790 2167 1845 pora
2208 1778 2391 1845 gravia
2421 1793 2634 1833 sursum
2685 1777 2815 1836 ferri
2859 1796 2962 1834 non
3000 1791 3244 1851 possunt,
3275 1781 3435 1852 582
3474 1799 3600 1852 gra-

370 1875 720 1926 παντάπασιν
777 1875 982 1941 ἀγνοεῖ,
1013 1874 1111 1944 τὴς
1160 1874 1216 1925 δὲ
1270 1874 1404 1943 πρὸς
1454 1873 1522 1925 τά
1568 1875 1719 1926 κάτω
1763 1873 1937 1942 ὁρμὴν

2035 1867 2201 1920 vitate
2228 1868 2300 1920 ita
2333 1879 2538 1921 motum
2570 1871 2904 1938 intendente,
2929 1882 2988 1925 ut
3025 1872 3140 1940 ejus
3185 1874 3439 1929 velocitas
3485 1890 3606 1929 ver-

371 1966 688 2031 ἐπίσταται,
731 1965 825 2018 τοῦ
873 1965 1075 2036 βάρους
1107 1966 1206 2035 τὴν
1243 1965 1417 2035 φορὰν
1444 1965 1832 2028 ἐπιτείνοντος,
1861 1964 1938 2027 ὡς

2035 1961 2118 2014 bis
2150 1972 2379 2029 nequeat
2406 1963 2700 2032 explicari;
2737 1964 2816 2019 sic
2839 1975 2891 2019 et
2919 1965 3108 2019 vitium
3149 1981 3382 2034 quoque.
3403 1966 3603 2021 Virtuti

370 2055 614 2125 κρεῖττον
639 2055 798 2123 λόγου
841 2051 1072 2108 εἶναιτὸ
1121 2056 1319 2124 τάχοςο
1370 2053 1514 2107 οὕτω
1557 2055 1650 2107 καὶ
1693 2057 1725 2124 ή
1763 2071 1933 2124 πονη-

2034 2051 2216 2119 itaque
2249 2053 2640 2121 inhaerendum,
2674 2071 2704 2109 a
2740 2056 2871 2111 vitio
2909 2064 3088 2111 autem
3125 2057 3527 2112 absnnendum.

372 2146 485 2218 ρία.
539 2146 748 2198 Οὐκοῦν
801 2146 1017 2214 ἐκείνης
1073 2145 1172 2216 μὲν
1237 2146 1560 2209 ἀνθεκτέον,
1619 2145 1822 2214 ταύτης
1881 2145 1939 2198 δὲ

369 2239 652 2306 ἀφεκτέον.

651 2354 781 2417 ιιςῖσ.
837 2379 906 2390 -
959 2349 1256 2420 ΕΥΤΟΝΙῼ
1303 2350 1621 2418 ΔΙΑΚΟΝῼ.

2347 2357 2532 2414 XCVI.
2550 2392 2616 2402 —
2634 2358 2938 2415 EUTONIO
2979 2360 3295 2416 DIACONG.

543 2441 772 2494 Adversa
805 2457 919 2492 cum
952 2458 981 2492 a
1005 2442 1246 2506 Deo,-aut
1281 2444 1347 2494 ad
1379 2443 1792 2509 castigationem,
1824 2451 1914 2494 aut
1946 2446 2013 2498 ad
2027 2449 2387 2516 probationem
2417 2451 2796 2518 immittuntur,
2821 2453 2952 2505 bona
2985 2454 3159 2505 animo
3186 2451 3425 2520 ferenda.

438 2570 564 2626 "Ott
589 2570 688 2640 μὲν
716 2571 772 2622 ἐν
801 2573 919 2634 ταῖς
935 2570 1042 2622 τῶν
1061 2571 1227 2633 πέλας
1253 2570 1581 2641 εὐπραγίαις
1610 2569 1707 2633 τάς
1725 2571 1933 2635 οίκείας

2107 2576 2257 2642 Quod
2288 2577 2340 2632 in
2370 2577 2542 2632 aliena
2571 2576 2826 2632 felicitate
2857 2577 3104 2647 proprias
3129 2578 3375 2634 miserias
3401 2578 3602 2634 clarius

368 2662 706 2730 σαφέστερον
733 2660 969 2730 καθορᾷν
1011 2660 1232 2714 εἰώθασι
1275 2662 1473 2724 πάντες
1518 2663 1565 2712 οἱ
1604 2666 1933 2732 πειρασμοῖς

2038 2666 2356 2722 intueantur
2400 2683 2608 2732 omnes,
2665 2668 2756 2737 qui
2818 2669 3202 2723 tentationibus
3252 2679 3601 2734 exercentur,

367 2751 789 2821 περιπίπτοντες
837 2751 1142 2820 συμφορὰς,
1181 2750 1337 2818 δῆλον
1361 2766 1372 2777 ·
1416 2752 1499 2803 ὅτι
1533 2751 1588 2803 δέ
1623 2751 1931 2815 ἐννοοῦντες

2038 2758 2379 2812 manifestum
2425 2771 2508 2814 est
2545 2778 2556 2813 :
2601 2759 2740 2828 quod
2787 2774 2915 2813 vero
2977 2760 3065 2827 qui
3119 2775 3270 2813 suam
3307 2759 3357 2812 in
3392 2759 3458 2812 iis
3519 2760 3601 2813 vel

364 2844 465 2912 τὴν
495 2844 702 2897 ἑαυτῶν
737 2843 769 2914 ἢ
803 2843 1117 2913 θεραπείαν,
1146 2844 1178 2912 ἢ
1207 2843 1555 2912 εὐδοκίμησιν
1595 2845 1662 2913 (οἱ
1695 2844 1793 2911 μὲν
1820 2845 1928 2914 γὰρ

2039 2850 2374 2902 curationem
2405 2850 2488 2904 vel
2547 2850 2914 2918 probationem
2950 2851 3251 2904 consistere
3296 2852 3601 2922 intelligunt

367 2936 506 3004 ὑπὲρ
529 2936 813 3004 ἁμαρτιῶν
843 2933 1115 2988 τιννύουσι
1144 2935 1320 2997 δίκας,
1367 2937 1414 2986 oi
1463 2935 1518 2987 δὲ
1551 2935 1929 3002 ἀγωνίζονται,

2039 2937 2200 3006 (nam
2260 2937 2348 2990 alii
2399 2953 2494 3005 pro
2544 2939 2778 3005 peccatis
2828 2954 3013 3006 poenas
3067 2939 3302 3004 solvunt,
3358 2941 3447 2994 alii
3503 2956 3600 3010 pro

366 3028 453 3079 ἵνα
485 3027 879 3096 λαμπροτέρων
921 3027 1126 3095 τύχωσι
1163 3025 1483 3094 στεφάνων),
1508 3026 1635 3094 ῥᾷον
1664 3024 1935 3090 ὀφείλουσι

2046 3025 2417 3092 splendidiore
2444 3035 2654 3078 certant
2680 3026 2930 3092 corona),
2965 3027 3120 3080 facile
3167 3029 3389 3081 debeanl
3423 3039 3598 3082 tenta-

366 3119 492 3179 τοὺς
512 3118 855 3187 πειρασμοὺς
889 3119 1152 3184 ἐνεγκεῖν,
1187 3117 1281 3168 καὶ
1322 3116 1396 3185 μὴ
1438 3116 1597 3185 μόνον
1622 3114 1695 3185 μὴ
1731 3115 1933 3182 ἀλύειν,

2045 3114 2213 3167 tiones
2247 3113 2508 3180 perferre,
2535 3123 2587 3168 et
2643 3131 2749 3169 non
2808 3117 2979 3169 solum
3013 3133 3116 3169 non
3169 3119 3396 3180 tristari,
3425 3122 3515 3171 sed
3545 3129 3601 3173 el

369 3209 503 3261 ἀλλὰ
534 3209 627 3261 καὶ
670 3209 936 3276 θυμηδίας
986 3207 1363 3278 ἐμφορεῖσθαι,
1404 3205 1749 3277 θαρρούντως
1787 3208 1936 3274 ἰσχυ-

2041 3205 2274 3269 gandere
2303 3205 2698 3258 incredibiliter
2747 3216 2998 3274 oportere
3040 3207 3212 3262 valide
3243 3209 3595 3264 aﬂirmamus.

373 3300 803 3368 ρισαίμην.”υτι
861 3300 972 3367 γάρ
1024 3315 1166 3359 τινες
1222 3295 1455 3348 ἐνταῦοα
1520 3293 1931 3365 θεραπεύονται,

2041 3294 2177 3348 Hine
2202 3297 2342 3349 enim
2376 3298 2548 3350 curari
2579 3299 2820 3367 quadam
2876 3300 3140 3366 promittit
3171 3301 3360 3355 beatus
3396 3303 3591 3358 Paulus

371 3392 629 3456 ἐγγυᾶται
687 3392 714 3442 ὀ
746 3388 958 3450 Παῦλος
994 3387 1246 3456 κράζωνο
1307 3404 1323 3436 ι
1363 3385 1686 3454 Κρινόμενοι
1721 3384 1776 3436 δέ
1832 3384 1934 3436 ὑπὸ

2039 3389 2323 3443 clamans:
2361 3407 2379 3440 ι
2417 3389 2546 3443 Dum
2574 3391 2881 3458 jndicamnr
2918 3408 2947 3446 a
2997 3393 3220 3446 Domino
3249 3395 3595 3463 eorripimur,

369 3479 574 3547 Κυρίου
629 3477 1014 3546 παιδευόμεθα,
1079 3475 1163 3527 ἵνα
1207 3476 1279 3544 μὴ
1335 3475 1429 3526 σὺν
1473 3473 1550 3542 τῷ
1597 3473 1785 3541 κόσμῳ
1832 3489 1931 3524 κα-

2038 3491 2096 3534 ιιι
2130 3497 2232 3536 non
2274 3498 2394 3534 eum
2426 3483 2526 3536 hoc
2561 3483 2756 3536 mundo
2811 3485 3133 3535 damnemur
3164 3483 3225 3535 ⁸⁵.
3266 3502 3284 3534 ι
3326 3486 3595 3549 Quosdam

369 3568 736 3638 τακριθῶμεν.
778 3587 795 3619 ι
849 3567 968 3619 Ὅτι
1018 3565 1072 3616 δέ
1125 3583 1268 3628 τινες
1303 3566 1394 3617 καὶ
1437 3564 1714 3633 στεφάνων
1744 3564 1930 3616 ἕνεκεν

2037 3586 2166 3626 vero
2215 3589 2426 3628 corona:
2482 3573 2653 3642 gratia
2701 3574 3046 3638 centenderc,
3083 3574 3322 3628 divinum
3369 3581 3597 3628 testatur

369 3659 744 3727 ἀγωνίζονται,
799 3659 1110 3728 μαρτυρείὁ
1136 3658 1276 3719 θεῖος
1303 3655 1569 3728 χρησμὸς,
1605 3657 1632 3708 ὁ
1680 3657 1814 3726 πρὸς
1846 3657 1932 3709 τὸν

2038 3664 2314 3716 oraculum
2355 3678 2384 3715 a
2418 3664 2522 3715 Deo
2559 3663 2624 3716 ad
2654 3662 2754 3716 Job
2809 3662 3081 3728 prolatum
3111 3681 3124 3714 :
3156 3683 3175 3714 ι
3238 3663 3477 3718 Putasne
3512 3677 3598 3718 me

380 3748 501 3801 ’lt‘o6
524 3749 840 3819 εἰρημένος·
887 3767 903 3799 ι
942 3746 1056 3800 Οἴει
1105 3765 1170 3817 με
1203 3747 1374 3808 ἄλλως
1404 3763 1484 3797 σοι
1523 3745 1926 3814 κεχρηματικέ-

2031 3751 2185 3803 aliter
2217 3751 2550 3819 respondisse
2581 3752 2696 3815 tibi,
2723 3766 2880 3818 quam
2915 3759 2972 3803 ut
3005 3751 3452 3820 appareasjuslus
3478 3753 3522 3783 “
3540 3753 3590 3804 is

366 3856 490 3902 ναι,
551 3839 584 3907 ἢ
649 3839 735 3891 ἵνα
787 3838 1066 3908 ἀναφανῇς
1135 3837 1383 3902 δίκαιος;
1451 3855 1470 3886 ›
1544 3836 1752 3887 Οὐκοῦν
1818 3837 1926 3887 εἴτε

2035 3843 2172 3907 Quin
2208 3843 2368 3911 igitur
2389 3843 2500 3896 sive
2527 3843 2627 3896 hoc
2661 3844 2773 3896 sive
2801 3842 2888 3896 illo
2914 3858 3266 3897 exerceamur
3289 3846 3464 3910 modo,
3505 3845 3598 3898 bo-

363 3928 560 3994 ούτως,
612 3929 719 3981 εἴτε
792 3929 1010 3991 ἐκείνως
1067 3928 1384 3997 πάσχομεν,
1435 3925 1675 3997 χρηστὰς
1715 3925 1928 3994 ἔχωμεν

1513 3925 1675 3995 ηστὰς
1715 3925 1928 3994 ἔχωμεν
2038 3950 2104 3988 na
2149 3945 2294 3988 certe
2332 3933 2596 3988 nutrimur
2619 3949 2712 4002 spe
2737 3934 3100 3990 beatitudinis.

365 4020 604 4082 ἐλπίδας.

611 4134 723 4198 ι,Ζ’.
764 4160 833 4172 -
859 4131 1162 4200 ΘΕΟΔΩΡῼ
1195 4128 1649 4197 ΣΧΟΛΑΣΤΙΚῼ.

2198 4122 2408 4178 XCVII.
2435 4119 2892 4179 -ΤΙ-ΙΕΟΟΟΒΟ
2937 4121 3427 4181 SCHOLASTICO.

1110 4221 1195 4274 Vis
1221 4222 1455 4274 veritatis
1491 4230 1563 4272 est
1589 4218 1830 4271 euntibus
1857 4215 2214 4284 anteferenda.
2258 4214 2465 4269 Similia
2504 4214 2858 4268 Nazianzeni.

435 4337 527 4408 Μὴ
573 4337 670 4408 τὴν
703 4337 960 4407 ἀλήθειαν
1010 4339 1121 4398 τοῖς
1163 4336 1456 4404 ἐριστικοῖς
1503 4333 1681 4400 λόγοις
1713 4331 1920 4401 βιάζου,
1959 4315 2001 4369 υ

2098 4330 2237 4385 Cave
2268 4329 2542 4383 veritatem
2560 4328 2908 4382 cententiosis
2933 4326 3099 4381 violes
3121 4327 3589 4395 disputationibus,

369 4429 506 4499 μηδὲ
553 4427 851 4496 καθύϐριζε
891 4428 1056 4496 αὐτὴν
1095 4425 1402 4488 συσκιὰζων
1440 4425 1598 4494 τέχνῃ
1638 4425 1924 4492 σοφιστικῇ

2035 4436 2208 4488 neque
2275 4431 2390 4473 arte
2443 4420 2738 4489 sophistica
2775 4418 2975 4473 allicias
3031 4418 3224 4486 injuria
3280 4430 3588 4474 accuratam

367 4517 464 4588 τὴν
493 4516 692 4587 ἀκριϐῆ
739 4516 964 4584 γνῶσιν·
1014 4516 1148 4569 ἀλλὰ
1195 4516 1370 4566 πάντα
1403 4514 1627 4584 δεύτερα
1673 4512 1767 4565 τοῦ
1802 4514 1932 4582 ἀλη-

2033 4512 2202 4581 ipsius
2232 4510 2620 4579 cognitionem,
2640 4509 2733 4563 sed
2763 4509 2942 4562 Omnia
2976 4507 3185 4560 veritati
3226 4507 3591 4576 postltabenda

368 4607 492 4671 (ἶοῦς
547 4607 868 4676 ἡγούμενος,
925 4607 1303 4675 ἀκαπήλευτον
1362 4604 1455 4658 καὶ
1511 4604 1804 4657 ἀδέκαστον
1832 4604 1929 4672 τὴν

2034 4613 2204 4662 ratus,
2235 4616 2336 4652 non
2367 4600 2742 4668 cauponando,
2794 4613 2967 4667 neque
3004 4599 3314 4652 muneribus
3345 4612 3587 4652 corrum-

368 4701 494 4771 ιεερὶ
520 4699 684 4753 αὐτοῦ
717 4698 896 4768 ψῆφον
923 4699 1166 4766 ἔνεγκον.

2030 4692 2202 4759 pendo
2230 4692 2548 4744 sententiam
2570 4689 2936 4757 iudiciumque
2977 4690 3041 4744 de
3073 4704 3133 4742 ea
3165 4687 3325 4741 feras.

669 4815 788 4879 AH'.
821 4842 893 4852 —
923 4812 1321 4881 ΑΠΟΛΛΩΝΙῼ
1352 4811 1625 4880 ΓΕΩΡΓῼ.
2239 4803 2256 4857 1

2239 4801 2468 4858 XCVIII.
2489 4801 2948 4857 -—APOLLON|O
2987 4799 3380 4856 AGRICOLE.

1664 4900 2014 4968 Agriculturae
2044 4897 2304 4951 laudatio.

446 5015 511 5064 'H
567 5014 805 5083 γεωργία
846 5015 942 5068 καὶ
988 5015 1292 5082 ἀναγκαία,
1340 5013 1434 5067 καὶ
1484 5015 1672 5067 πασῶν
1720 5013 1926 5083 τεχνῶν

2103 5007 2446 5078 Agricultura
2495 5014 2549 5060 et
2585 5005 2890 5059 necessaria
2922 5002 2974 5056 in
3029 5001 3239 5071 primis,
3273 5009 3326 5054 et
3366 5007 3587 5053 canora-

367 5104 550 5173 μήτηρ
597 5103 714 5156 ἐστὶ
762 5105 853 5157 καὶ
895 5105 1093 5174 τροφός
1143 5104 1277 5175 (88).
1312 5099 1385 5157 Εὖ
1437 5104 1534 5175 μὲν
1586 5104 1695 5174 γὰρ
1756 5102 1927 5172 αὐτῆς

2033 5116 2152 5156 rutn
2185 5112 2378 5168 parens
2430 5096 2722 5164 nutrixque
2755 5102 2839 5149 est
2871 5093 3086 5147 artium.
3124 5091 3220 5144 Illa
3275 5090 3469 5144 etenim
3511 5089 3591 5144 vi-

435 5256 478 5288 ”
512 5255 528 5310 Ι
565 5257 692 5312 Cor.
723 5274 797 5324 xt,
838 5258 930 5311 52.
1009 5257 1053 5288 ¹⁸
1089 5257 1191 5313 Job
1231 5273 1426 5324 xxxnl,
1456 5257 1551 5312 52.

1451 5405 1686 5464 VARI/E
1725 5403 2108 5459 LECTIONES
2147 5402 2236 5456 ΕΤ
2262 5401 2494 5457 ΝΟΤῙΕ.

429 5572 544 5644 (88)
593 5568 773 5644 l_dem_
803 5567 1095 5644 Xenophon
1148 5569 1198 5620 in
1220 5562 1611 5644 _(Economicis
1661 5560 1914 5644 disputat,
2023 5551 3596 5644 sint:filii—litaAristot;In);v_t_folit,,_cap:iUnion-so:

360 5622 679 5711 Γεδῖργικὴν
709 5638 816 5691 τῶν
862 5622 1035 5692 ἀλλῖυν
1081 5635 1284 5705 τεχνῶν
1341 5632 1550 5703 μητέρα
1595 5631 1686 5683 καὶ
1734 5622 1928 5696 τροφὸν

2039 5627 2144 5680 Ιυιιι
2181 5625 2418 5678 altricem
2445 5665 2460 5682 .
2508 5622 2596 5677 sed
2637 5623 2958 5690 praecipuam
3002 5622 3420 5692 etianrreipub.
3467 5638 3590 5680 esse
