4020 6140
451 269 597 339 i383
1644 258 1708 319 S.
1746 252 2042 316 ISIDORI
2082 246 2526 311 PELUSIOT/E
3571 237 3705 307 1384

455 390 640 455 gente,
687 379 884 435 ﬂorent
947 376 1113 431 etiam
1170 373 1422 442 reliqua:
1484 377 1676 424 contra
1744 365 2099 423 infeliciterA

2160 359 2447 431 ›ερομένης
2518 357 2765 411 κάκεῖναι
2839 354 3141 429 ἔρρωνταιο
3218 350 3595 425 ἀστοχησάσης
3647 355 3709 407 δὲ

457 443 655 545 agente
693 471 804 536 illa,
841 477 1051 523 caeterae
1079 473 1223 518 artes
1249 461 1638 533 propemodum
1669 457 2026 527 exstinguun-

2160 452 2331 521 ιύτῆς,
2369 450 2555 521 σχεδὸν
2612 449 3058 503 ἀποσϐέννυνται.
3109 447 3201 516 Μὴ
3242 446 3421 499 τοίνυν
3457 443 3709 514 αἰσχύνου

458 534 568 621 ttir.
597 564 743 618 Cave
791 534 965 630 igitur
1005 558 1203 626 pudeat
1248 564 1301 608 te
1345 554 1487 608 hanc
1542 564 1819 611 exercere,
1852 546 1945 601 sed
1978 556 2029 600 te

2160 544 2229 594 πὶ
2267 541 2346 611 τῷ
2386 541 2698 612 πράγματι,
2754 540 2892 593 ἀλλά
2933 537 3223 609 σεμνύνου,
3276 534 3712 601 ἀναγκαιοτάτην

459 658 640 728 potius
675 655 787 723 ipse
818 659 1081 713 ostentes,
1117 657 1173 701 ut
1206 644 1571 700 necessariam
1633 642 1870 694 maxime
1925 637 2029 690 itii—

2160 633 2228 685 εαὶ
2295 631 2723 701 χρησιμωτάτην
2776 629 2975 699 τέχνην
3035 625 3574 698 μεταχειρισάμενος.
3649 624 3715 675 υἱ

460 707 753 815 [ru-imisque
805 736 1115 808 frugiferam
1164 744 1340 787 artem
1396 731 1702 786 tractando.
1739 728 1840 793 Qui
1880 728 2028 781 enim

2160 720 2244 790 ’ἀρ
2279 719 2376 783 τὰς
2409 720 2545 790 πρὸς
2602 718 2797 790 ἡδονὴν
2834 716 3135 789 μετιόντες,
3190 716 3447 787 ὲρυθριᾷν
3502 712 3566 767 ἂν
3603 707 3717 764 εἷεν

462 811 528 891 ad
578 811 906 901 voluptatem
963 836 1114 881 artes
1180 831 1525 893 comparatas
1582 826 1864 881 exercent,
1913 817 2034 887 jure
2134 811 2354 865 δίκαιοι.

462 927 665 996 optimo
693 924 1039 978 erubescant.

784 1027 1341 1087 XCIX.-—IIIERACI
1384 1024 1703 1080 DIACONO.

2521 1031 2638 1097 ιιθυ.
2677 1061 2746 1071 -ε-
2770 1031 3004 1083 ΙΕΡΑΚΙ
3037 1027 3360 1100 ΔΙΑΚΟΝῼ.

464 1128 800 1184 Continentia
830 1128 885 1177 in
902 1126 1114 1194 juvene,
1144 1122 1347 1194 virtus_;_
1377 1131 1423 1171 et
1478 1118 1747 1194 laudanda
1825 1118 1880 1194 in
1926 1133 2049 1194 seu;
2107 1122 2457 1178 imbecillitas.
2508 1124 2755 1178 Senectus
2800 1142 2833 1177 α
2884 1124 3099 1176 libidine
3128 1131 3443 1189 temperans.
3477 1102 3631 1187 (Cic;
3667 1120 3724 1172 in

1308 1189 1527 1242 Catone.
1561 1185 1757 1254 Confer
1785 1188 1934 1254 epist.
1970 1188 2036 1241 12
2062 1202 2110 1245 et
2138 1195 2265 1259 25!,
2305 1196 2394 1248 ubi
2428 1196 2489 1247 de
2524 1204 2693 1263 etymo
2731 1195 2909 1262 senii.)

537 1308 933 1376 Quiesumma
985 1309 1307 1371 tempestate
1366 1299 1545 1353 navim
1593 1298 1955 1362 conservarit,
1986 1307 2043 1354 et

469 1399 819 1454 ferocientem
838 1394 1369 1459 frenaritnaturam,
1404 1406 1486 1444 nae
1519 1390 1609 1444 ille
1643 1390 1835 1460 dignus
1856 1390 2040 1455 fuerit,

471 1505 629 1560 quem
663 1490 807 1543 mille
831 1486 1002 1542 modis
1033 1486 1275 1549 beatum,
1309 1492 1363 1536 et
1398 1481 1546 1535 mille
1599 1481 1820 1535 coronis
1850 1494 2045 1533 ornan-

471 1583 595 1636 dum
625 1592 816 1634 omnes
864 1576 1127 1645 judicent.
1153 1571 1283 1640 Quae
1332 1572 1476 1627 enim
1525 1570 1578 1624 in
1624 1570 1780 1626 senio
1829 1570 2039 1625 accedit

471 1671 829 1733 continentia,
855 1683 961 1722 non
997 1678 1107 1720 tam
1158 1675 1247 1719 est
1289 1662 1683 1732 temperantiae,
1707 1676 1868 1730 quam
1900 1661 2042 1731 quod
2075 1666 2099 1726 1

2160 1672 2316 1735 ἐστὶν,
2390 1670 2506 1723 ἀλλ’
2557 1670 2853 1733 ἀκολασίας
2896 1669 3209 1739 ἀδυναμίαι
3262 1668 3344 1721 διὸ
3390 1667 3449 1720 τὸ
3466 1667 3576 1736 (89)
3634 1667 3733 1736 μὲν

474 1761 681 1817 libidini
734 1766 968 1828 nequeat
1024 1755 1323 1824 indulgere.
1372 1753 1732 1819 Quamobrem
1784 1751 2050 1807 Jeremias

2160 1761 2416 1832 πρότερον
2498 1760 2891 1830 ἀνακηρύττων
2951 1762 2981 1813 ὁ
3039 1760 3367 1832 χρησμῳδὸς
3446 1742 3733 1828 Ἱερεμίας

475 1854 737 1924 propheta
765 1852 994 1920 primam
1028 1849 1329 1917 praedicans
1360 1855 1577 1900 atatem
1604 1860 1619 1896 :
1649 1844 1810 1915 583
1848 1860 1877 1896 ι
1910 1843 2043 1899 Bea-

2160 1850 2338 1919 Ξλεγε·
2371 1869 2389 1901 ι
2428 1850 2712 1922 Μακάριος
2750 1849 2808 1912 ὃς
2837 1846 2938 1920 ἦρε
2993 1850 3129 1918 βαρὺ
3164 1848 3327 1916 ζυγὸν
3373 1849 3437 1899 ἐκ
3478 1847 3735 1912 meum;

478 1958 585 2010 tus,
614 1943 810 2011 inquit,
852 1942 943 2009 qui
1008 1953 1171 2009 grave
1220 1937 1430 1992 Domini
1473 1936 1660 2005 jngum
1715 1937 2053 2005 ajuventnte

2160 1939 2343 1994 αὐτοῦ.
2379 1958 2395 1991 ι
2434 1940 2507 1992 Τὸ
2536 1941 2593 1993 δὲ
2623 1939 2878 2011 δεύτερον
2908 1940 3083 2002 οὐδεὶς
3118 1939 3422 2008 μακαρίσαι
3458 1935 3730 2006 ἠξίωσεν,

474 2036 707 2105 portarit
736 2033 801 2087 ".
845 2050 865 2084 ι
923 2029 1271 2085 Senectutem
1343 2042 1475 2084 vero
1554 2027 1766 2082 felicem
1841 2031 2052 2085 censuit

2160 2031 2270 2086 ἀλλ’
2299 2030 2605 2100 ἀγέραστον
2666 2028 3125 2084 καταλελοίπασιν
3181 2029 3443 2091 ἆπαντες.
3498 2026 3596 2097 Μὴ
3623 2025 3735 2078 τοί·

2232 1307 2290 1360 Ὀ
2328 1307 2387 1362 ὲν
2422 1307 2557 1378 αὐτῇ
2591 1310 2656 1378 τῇ
2684 1308 2835 1378 ἀκμῇ
2868 1305 2965 1359 τοῦ
3010 1305 3280 1375 χειμῶνος
3314 1303 3595 1369 διασώζων
3624 1303 3727 1372 τὴν

2147 1396 2300 1461 ναῦν,
2348 1397 2440 1450 καὶ
2496 1397 2831 1468 μαινομένην
2890 1395 3124 1467 χαλινῶν
3152 1396 3252 1467 τὴν
3284 1394 3463 1463 φύσιν,
3513 1395 3727 1465 μυρίων

2147 1487 2501 1558 ἀναῤῥήσεων
2550 1489 2647 1541 καὶ
2695 1486 3065 1557 μακαρισμῶν
3110 1486 3205 1540 καὶ
3245 1486 3521 1553 στεφάνων
3576 1483 3729 1535 ἐστὶν

2156 1575 2304 1643 ἄξιος
2327 1596 2340 1608 ’
2380 1581 2414 1649 ἡ
2465 1579 2571 1650 γὰρ
2627 1579 2684 1631 ἐν
2722 1580 2873 1649 γήρᾳ
2906 1580 3232 1649 σωφροσύνη
3268 1578 3369 1630 οὐκ
3397 1576 3731 1646 ἐγκρατείας
3816 1598 3819 1601 λ

476 2135 690 2183 aetatem
738 2138 920 2186 nemo,
974 2122 1069 2177 sed
1126 2130 1184 2175 ut
1241 2121 1445 2175 honore
1497 2119 1809 2173 destitutam
1868 2134 2056 2174 omnes

479 2215 781 2283 defugiunt.
812 2211 934 2266 Noli
984 2212 1167 2279 itaque
1202 2223 1323 2262 eam
1378 2217 1588 2276 optare,
1623 2208 1777 2276 quasi
1829 2208 1880 2260 in
1934 2208 2049 2276 ipsa

481 2308 557 2361 sis
585 2314 890 2372 temperans
918 2301 1151 2355 iuturus.
1182 2298 1552 2366 Prteterqnam
1586 2299 1729 2352 enim
1756 2299 1901 2365 quod
1960 2299 2047 2352 in-

480 2399 692 2448 certum
718 2391 788 2444 sit
821 2399 872 2443 te
904 2389 971 2443 ad
1035 2388 1181 2441 illam
1244 2394 1653 2456 perventurum,
1684 2386 1879 2442 exinde
1936 2385 2055 2440 nul-

482 2480 594 2537 lum
623 2479 931 2550 assequeris
961 2478 1241 2533 honorem.

1065 2589 1126 2644 (ἶ.
1145 2620 1213 2629 -
1236 2588 1467 2643 EIDEM.

2154 2141 2248 2177 νυν
2271 2124 2534 2194 περίμενε
2567 2124 2628 2176 τὸ
2656 2123 2857 2194 γῆρας,
2908 2121 2983 2185 ὡς
3035 2122 3095 2175 ὲν
3149 2121 3299 2191 αὐτῷ
3342 2118 3732 2188 σωφρονήσων.

2152 2215 2339 2283 Χωρὶς
2368 2213 2479 2284 γὰρ
2505 2213 2599 2266 τοῦ
2638 2212 2831 2281 ἄδηλον
2854 2207 2995 2266 εἶναι
3025 2213 3085 2265 τὺ
3115 2212 3196 2273 είς
3242 2209 3376 2265 αὐτὸ
3404 2209 3583 2279 ἥξειν,
3616 2208 3736 2261 οὐδὲ

2156 2302 2470 2373 φιλοτιμίαν
2494 2301 2609 2373 εχει
2628 2301 2690 2354 τὸ
2719 2303 2973 2372 πρᾶγμα.

2683 2593 2762 2649 ι».
2792 2625 2858 2637 -
2882 2594 2969 2667 τᾳ
2995 2591 3200 2666 arra.

1258 2680 1488 2745 Adversa
1518 2680 1790 2748 praeterita
1820 2678 2076 2750 imprimis
2122 2686 2431 2756 perferenda
2458 2686 2641 2740 animo
2667 2701 2939 2756 generoso.

555 2793 1006 2864 Quandoquidem
1044 2792 1224 2848 tristia
1258 2792 1501 2862 perferre
1522 2803 1575 2846 et
1605 2793 1805 2849 acerba
1857 2808 2052 2849 neces-

486 2902 605 2942 sum
637 2894 740 2952 est,
772 2886 873 2940 etsi
908 2900 1051 2955 mgre
1081 2884 1298 2939 tolerari
1327 2893 1905 2953 queant,contemptus
1926 2899 2055 2940 vero

2240 2802 2457 2873 Ἐπειδὴ
2509 2801 2727 2870 ἀνάγκη
2759 2800 2945 2871 φέρειν
2982 2799 3051 2853 τὰ
3095 2794 3333 2867 λυπηρὰ,
3376 2795 3583 2867 καίπερ
3614 2796 3735 2850 ὄντα

2112 2920 2119 2929 -
2158 2890 2403 2961 δύσιρορα
2453 2890 2535 2959 (τὸ
2569 2890 2676 2958 γὰρ
2715 2889 3000 2957 ὀλιγωρεῖν
3050 2886 3113 2938 οὐ
3149 2888 3311 2955 μειοῖ,
3362 2886 3507 2953 τάχα
3541 2884 3598 2936 δὲ
3648 2884 3733 2936 καὶ

486 2992 593 3031 ιιοη
618 2975 813 3031 minuit
839 2990 923 3042 ea,
956 2976 1048 3031 sed
1082 2986 1241 3046 anget
1290 2978 1490 3045 potius,
1527 2976 1670 3030 feras
1698 2975 1824 3030 forti
1852 2978 2055 3042 animo,
2086 3010 2099 3060 ε

2160 2979 2310 3044 αὔξει
2333 2984 2402 3033 τὰ
2431 2979 2624 3049 δεινὰ),
2663 2978 2929 3048 γενναίως
2955 2976 3178 3044 ἔνεγκον
3216 2976 3284 3028 τά
3325 2975 3732 3044 συμϐεϐηκότα,

480 3083 607 3136 quae
642 3068 915 3133 accidunt,
938 3071 1171 3124 maxime
1194 3084 1321 3123 vero
1347 3070 1486 3137 quod
1511 3084 1630 3137 quze
1652 3070 2054 3138 praeterierunt,

2164 3072 2257 3124 καὶ
2278 3070 2512 3141 μάλιστα
2526 3069 2605 3139 τῷ
2622 3067 3056 3140 παρεληλυθέναι
3073 3065 3214 3119 κατά
3228 3066 3289 3118 τὸ
3306 3066 3561 3117 πλεῖστον
3579 3065 3732 3135 μέρος

488 3160 780 3229 plurimum
828 3158 941 3226 jam
989 3160 1265 3215 debilitata
1328 3170 1686 3230 superataque
1740 3171 1887 3216 sunt.
1937 3162 2068 3227 Quae

2171 3160 2650 3229 ὲκνενευρισμένα.
2689 3158 2749 3210 Ὀ
2772 3159 2867 3228 μὲν
2897 3157 3006 3227 γὰρ
3023 3155 3400 3225 ἀποφοιτήσας
3426 3154 3729 3226 πειρασμὸς

486 3249 636 3302 enim
671 3248 897 3303 tentatio
926 3248 1037 3317 iam
1065 3250 1348 3319 praeteriit,
1376 3252 1633 3305 oblivioni
1661 3251 1769 3305 cito
1805 3253 2059 3317 traditur,

484 3350 550 3394 at
594 3355 715 3410 quae
757 3349 1124 3431 exspectatur,
1156 3342 1320 3398 toties
1358 3343 1673 3407 discruciat,
1707 3348 1922 3413 quoties
1953 3359 2066 3399 me-

496 3430 769 3487 tuebatur.

1054 3565 1140 3622 Cl.
1159 3566 1495 3623 —PETRO.

2166 3251 2363 3303 αὐτίκα
2395 3251 2539 3320 μάλα
2571 3250 2709 3321 πρὸς
2739 3250 2909 3318 λήθην
2945 3247 3150 3319 βλέπει,
3184 3250 3211 3300 ὁ
3246 3247 3304 3299 δὲ
3356 3246 3734 3318 προσδοκώμε-

2165 3360 2255 3405 νος
2275 3344 2601 3406 τοσαυτάκις
2639 3342 2788 3413 ἀνιᾷ,
2818 3341 3005 3404 ὁσάκις
3032 3339 3098 3393 ἀν
3118 3337 3370 3408 ἐλπισθῇ.

2674 3567 2799 3621 PA'.
2849 3596 2921 3607 -
2951 3565 3198 3635 nmen.

1815 3662 1969 3718 Fidei
2015 3666 2417 3720 commendatio.

562 3775 751 3833 Fidem
811 3776 866 3833 in
924 3776 1092 3832 Deum
1159 3779 1344 3836 nescio
1401 3779 1668 3852 quomodo
1714 3785 2064 3833 contemnunt

497 3868 746 3925 inﬁdeles
782 3885 797 3923 :
833 3868 985 3937 cuius
1042 3871 1257 3940 quidem
1295 3887 1462 3941 prona
1501 3881 1557 3928 et
1592 3871 1768 3927 facilis
1822 3872 2060 3941 cognitio

495 3966 600 4023 est,
644 3958 796 4011 ﬁrma
829 3972 959 4013 vero
980 3960 1273 4027 possessio,
1327 3961 1451 4016 ﬁnis
1489 3962 1719 4031 denique
1746 3960 1977 4016 invictus
2009 3969 2065 4015 et

496 4047 952 4118 inexpugnabilis.

762 4157 869 4212 CII.
889 4188 959 4199 —-
978 4156 1373 4212 HARPOCRAE
1409 4156 1793 4215 SOPHISTIE.

2238 3776 2349 3848 Τὴν
2376 3778 2456 3837 εις
2492 3774 2622 3826 Θεὸν
2645 3772 2828 3825 πίστιν
2861 3770 2962 3824 οὐκ
2997 3766 3094 3822 οἷδ’
3114 3767 3262 3830 ὅπως
3307 3763 3730 3831 ἐξευτελίζουσιν

2169 3871 2219 3923 οἱ
2246 3868 2464 3923 ἄπιστοι
2490 3880 2502 3893 ·
2534 3860 2601 3937 ἧς
2630 3862 2877 3932 εὐμαρὴς
2930 3860 3027 3930 μὲν
3058 3858 3091 3928 ἡ
3125 3856 3347 3927 γνῶσις,
3381 3855 3639 3926 ἀσφαλὴς
3680 3853 3730 3907 δὲ

2169 3960 2203 4030 ἠ
2231 3957 2443 4028 κτῆσις,
2471 3955 2738 4023 ἀήττητον
2760 3951 2817 4004 δὲ
2840 3949 2901 4003 τὸ
2933 3948 3124 4018 πέρας.

2402 4153 2523 4206 PB'.
2558 4182 2624 4192 —-
2657 4148 2985 4220 ΑΡΠΟΚΡᾼ
3010 4148 3321 4220 ΣΟΦΙΣἹᾘ.

499 4247 688 4303 Lauda
712 4248 926 4317 (lingua:
956 4249 1268 4315 libertatem,
1299 4264 1404 4318 qua
1430 4249 1781 4318 improborum
1808 4252 1932 4305 vitia
1955 4253 2241 4306 insectatus
2267 4247 2466 4318 fuerat.
2485 4243 2667 4318 (Cani.
2696 4244 2849 4311 epist.
2884 4241 2972 4306 5‘2,
3002 4242 3091 4304 55,
3121 4240 3207 4304 77,
3237 4246 3300 4293 de
3331 4240 3445 4308 ejus
3476 4239 3731 4293 monodia.

1680 4319 1814 4373 Item
1848 4324 2001 4390 epist.
2034 4322 2304 4391 sequentia
2327 4325 2375 4370 et
2412 4314 2559 4382 105.)

569 4424 754 4480 Laudo
788 4425 1035 4495 equidem
1063 4435 1115 4481 et
1151 4426 1386 4482 admiror
1412 4436 1555 4483 tuam
1626 4444 1748 4483 cum
1782 4431 2063 4499 prudentia
2099 4416 2142 4469 D

503 4517 849 4588 coniunctam
918 4516 1128 4571 dicendi
1184 4516 1510 4585 libertatem,
1540 4535 1701 4589 quam
1750 4523 1840 4592 qui
1892 4524 2072 4579 servili

503 4620 629 4665 sunt
658 4624 721 4665 ac
750 4608 1024 4678 degenere
1073 4610 1281 4676 praediti
1335 4610 1549 4679 ingenio
1608 4612 1937 4681 improbant,
1969 4617 2070 4669 rati

502 4716 615 4758 suae
640 4701 1004 4771 improbitatis
1050 4711 1213 4771 atque
1247 4699 1544 4758 cﬂeminati
1602 4704 1769 4759 animi
1831 4721 1952 4762 esse
1977 4706 2066 4777 ju-

501 4801 640 4847 stam
697 4792 1195 4860 reprehensionem.
1241 4792 1386 4847 Ebrii
1444 4796 1644 4849 etenim
1679 4806 1828 4850 metu
1878 4798 1946 4851 ob
1982 4812 2069 4852 res

503 4883 644 4939 male
678 4898 704 4936 a
737 4898 795 4938 se
815 4894 1021 4953 gestas,
1054 4892 1109 4938 et
1136 4896 1523 4939 concurrentes
1567 4901 1688 4939 cum
1717 4887 1801 4953 iis,
1839 4888 1928 4956 qui
1979 4902 2071 4943 so-

503 4973 621 5030 brie
668 4989 908 5044 pureque
957 4975 1186 5046 degunt,
1215 4977 1638 5048 intemperantes
1694 4991 1825 5032 suas
1873 4989 2069 5033 acuunt

502 5065 735 5136 linguas.

573 5219 617 5251 ¹⁷
655 5216 856 5273 Thren.
889 5232 973 5285 ιιι,
1002 5216 1094 5271 27.

2244 4427 2491 4499 ’Ἃγαμαί
2513 4443 2605 4479 σου
2636 4426 2734 4497 τὴν
2764 4426 3007 4496 ἔμφρονα
3040 4421 3373 4495 παρρησίαν,
3406 4422 3472 4492 ἣν
3511 4424 3559 4474 οῖ
3592 4421 3735 4487 ἀγεν-

2177 4525 2288 4586 νεῖς
2314 4521 2407 4575 καὶ
2440 4518 2827 4589 δουλοπρεπεῖς
2850 4516 3185 4581 κακίζουσιν,
3211 4513 3433 4584 ἔλεγχον
3465 4513 3566 4583 τῆς
3602 4510 3735 4579 σφῶν

2170 4615 2367 4675 κακίας
2432 4628 2492 4663 τε
2552 4611 2646 4665 καὶ
2706 4609 3002 4679 ἀνανδρίας
3075 4606 3277 4676 ταύτην
3326 4605 3557 4667 εἰκότως
3612 4599 3733 4655 εἶναι

2172 4708 2489 4778 ἡγούμενοι.
2537 4702 2846 4764 Μεθύοντες
2896 4699 3005 4770 γὰρ
3062 4698 3139 4769 τῷ
3192 4697 3341 4767 φόϐῳ
3398 4697 3509 4749 τῶν
3565 4692 3736 4753 κακῶς

2174 4799 2356 4861 αὐτοῖς
2376 4796 2688 4866 δρωμένων,
2724 4794 2819 4847 καὶ
2855 4791 3273 4859 κατασειόμενοι
3306 4788 3449 4843 κατὰ
3472 4786 3584 4840 τῶν
3618 4784 3737 4837 καί]-

2176 4888 2325 4959 αρῶς
2393 4886 2705 4955 νηφόντων,
2747 4884 2845 4947 τὰς
2902 4883 3161 4951 ἀκρατεῖς
3207 4880 3421 4935 ἑαυτῶν
3470 4877 3772 4942 ὁπλίζουσι⁸

2178 4980 2445 5048 γλώττας.

1591 5300 1825 5357 νΑιιιτΕ
1865 5302 2245 5359 LECTIONES
2275 5302 2363 5356 ET
2398 5304 2629 5363 NOTAE.

542 5428 708 5472 artem
778 5417 887 5483 agri
941 5414 1148 5470 colendi
1194 5412 1449 5483 cilicium:
1514 5410 1673 5464 Plura
1712 5412 1807 5483 7C.
1867 5413 2071 5467 Plinius

527 5490 599 5543 ιι».
626 5502 754 5540 χνιιι
790 5482 986 5538 Natur.
1015 5485 1191 5550 -llist.,
1225 5493 1279 5536 et
1313 5485 1363 5536 in
1406 5482 1670 5551 Georgicis
1703 5482 1851 5537 Maro
1879 5485 1972 5539 lib.
2010 5501 2069 5546 It,

504 5571 554 5608 ν.
586 5556 709 5615 490.
752 5565 804 5608 et
830 5557 893 5620 Q.
932 5555 1179 5609 lloratius
1207 5553 1376 5621 epodo
1410 5568 1469 5605 ιι.

714 5644 907 5697 Beatus
939 5645 1047 5709 ille,
1083 5646 1172 5714 qui
1200 5645 1380 5712 procul
1405 5643 1640 5713 negotiis,

2387 5423 2455 5468 Ut
2487 5423 2662 5479 prisca
2690 5436 2812 5489 gena
2844 5423 3172 5488 mortalium,
3204 5430 3307 5478 etc.
3436 5423 3671 5477 Scnorr.

2245 5500 2357 5578 (‘89)
2400 5502 2545 5578 inter
2575 5508 2658 5560 διὸ
2689 5518 2746 5563 et
2774 5509 2874 5578 μὲν
2905 5511 2966 5563 τὸ
2999 5513 3050 5565 in
3076 5513 3171 5565 τὸν
3206 5524 3415 5567 mutant
3435 5515 3591 5569 codd.
3623 5514 3729 5563 Vat.

2387 5413 2455 5468 Ut
2487 5418 2662 5479 prisca
2690 5436 2812 5489 gena
2844 5421 3172 5488 mortalium,
3204 5430 3307 5478 etc.

2304 5573 2514 5697 «301:3;
2545 5588 2599 5634 et
2635 5569 2787 5636 vers.‘
2810 5580 2933 5637 inde
2965 5582 3019 5647 5,
3056 5583 3251 5638 iterum
3279 5596 3378 5650 pro
3409 5582 3470 5637 τὸ
3503 5584 3731 5639 scribunt
