4020 6140
337 278 479 351 I385

582 397 698 451 PI".
729 427 799 439 -——
835 394 1148 464 οΛΥΜΠῙῼ
1191 391 1662 462 ΠΡΕΣΒΥΤΕΡῼ.

1301 273 1836 340 EPISTOLARUM
1868 270 2017 336 LIB.
2056 274 2127 335 V.
2158 297 2228 309 --
2264 273 2500 336 EPIST.
2546 277 2655 338 CV.

3445 270 3579 337 I386

2268 386 2401 441 CIII.
2421 415 2486 426 -ο
2506 387 2594 442 OL
2606 385 2692 439 YM
2704 385 2813 441 PlO
2847 383 3327 441 PRESBYTERO.

852 511 1052 579 Rogat,
1091 521 1150 563 ut
1184 524 1279 577 pro
1306 509 1594 575 desperata:
1624 504 1870 577 nequitia:
1897 502 2192 556 hominibus
2222 500 2389 556 Deum
2426 512 2555 556 oret.
2602 500 2727 555 Vide
2754 503 2907 570 epist.
2933 500 3058 554 MO.

405 626 467 679 Ei
494 624 591 679 καὶ
610 624 671 677 τὸ
699 625 801 694 μὲν
846 624 1109 694 ἐπιτιμᾷν
1157 621 1363 693 ῥᾴδιον,
1395 621 1490 673 καὶ
1534 618 1735 683 παντός
1759 618 1906 669 ἐστιν

329 714 646 790 ἀνθρώπου,
704 715 764 768 τὺ
817 715 876 767 δὲ
928 715 1069 785 ὑπὲρ
1124 713 1233 766 τῶν
1265 710 1584 783 πρεπόντων
1625 711 1655 763 ὅ
1684 726 1738 762 τι
1796 707 1904 779 χρὴ

331 809 593 879 πράττειν
640 806 1066 877 ἀποφαίνεσθαι,
1123 804 1350 876 ἀρίστου
1404 802 1744 874 συμϐούλου·
1790 802 1907 855 ἀλλ’

329 898 455 952 οὕτε
498 898 856 969 ἐπιτιμᾶσθαι
914 896 1194 968 ἀνέχονται
1235 898 1285 951 οἱ
1320 898 1446 966 περὶ
1496 896 1747 966 Ζὼσιμον
1800 894 1891 947 καὶ

330 989 595 1063 Μάρωνα.
630 987 754 1041 οὔτε
801 988 1296 1061 συμϐουλεύεσθαι·
1341 988 1456 1043 ἀλλ’
1499 988 1582 1053 εἰς
1631 986 1904 1054 τοσαύτην

331 1080 537 1150 ἦλασαν
584 1078 805 1147 μανίαν,
853 1079 993 1135 ὥστε
1028 1081 1120 1135 καὶ
1161 1080 1290 1142 τοὺς
1320 1078 1689 1149 ἐπιτιμῶντας
1729 1077 1901 1132 λοιδο-

332 1170 467 1237 ρεῖν,
493 1167 587 1220 καὶ
616 1168 741 1231 τοὺς
754 1167 1222 1238 συμϐουλεύοντας
1261 1167 1616 1238 κακηγορεῖν.
1682 1166 1902 1236 Ἐπειδὴ

329 1258 385 1310 δέ
414 1274 558 1320 τινες
582 1256 707 1310 οὔτε
754 1260 1194 1332 ἐπιτιμηθέντες,
1221 1259 1343 1314 οὔτε
1388 1257 1899 1329 συμϐουλευθέντες,

331 1347 691 1417 θρηνηθέντες
718 1348 776 1402 δὲ
821 1350 1150 1427 ἀνήνεγκαν,
1190 1354 1284 1408 καὶ
1316 1352 1476 1408 τοῦτο
1520 1354 1583 1408 τὸ
1621 1352 1764 1419 εἶδος
1798 1352 1899 1420 τῆς

332 1438 633 1511 θεραπείας
671 1439 903 1508 ἤλεγξαν
920 1457 933 1471 ·
978 1442 1178 1506 γελῶσι
1205 1443 1314 1515 γὰρ
1345 1440 1470 1507 τοὺς
1494 1445 1651 1499 τοῦτο
1675 1446 1740 1497 ἐκ
1766 1444 1899 1499 πολ-

332 1524 429 1593 λῆς
478 1524 856 1595 φιλοστοργίας
895 1527 1156 1597 δρῶντας.
1228 1532 1293 1582 Τί
1345 1528 1440 1587 οὖν
1487 1534 1593 1605 χρὴ
1639 1534 1898 1604 ποιῆσαι;

351 1612 496 1681 Ἐγὼ
522 1615 630 1685 γάρ
656 1632 713 1667 σε
741 1615 926 1669 λοιπὸν
972 1619 1263 1691 ἐρήσομαι,
1297 1622 1386 1675 τὸν
1435 1624 1738 1694 πράγματα
1765 1626 1900 1695 ἡμῖν

331 1705 662 1777 παρέχοντα,
688 1708 783 1762 καὶ
811 1710 1131 1780 ἐνοχλοῦντα
1164 1713 1239 1778 ὡς
1268 1714 1588 1785 δυναμένοις
1623 1716 1898 1770 ἀπελάσαι
1930 1733 1973 1788 Β

332 1795 509 1848 αὐτῶν
537 1797 636 1867 τὴν
665 1798 881 1867 μανίαν.
925 1801 1049 1853 Εῑθε
1086 1804 1185 1871 μὲν
1209 1798 1303 1857 οὖν
1326 1805 1627 1875 ἐδυνάμην,
1663 1806 1759 1859 καὶ
1798 1806 1896 1859 ούκ

332 1883 398 1939 ἂν
422 1885 646 1956 ἐδεήθην
678 1886 771 1939 τοῦ
806 1889 1286 1959 συμϐουλεύοντος,
1324 1893 1439 1946 ἀλλ’
1466 1893 1627 1957 αὐτὸς
1656 1893 1721 1946 ἂν
1749 1894 1903 1964 ταχί-

332 1992 463 2045 στην
488 1976 833 2051 ἐποιησάμην
874 1980 975 2049 τὴν
1016 1980 1323 2050 διόρθωσιν.
1374 1982 1593 2052 Ἐπειδὴ
1628 1982 1684 2034 δὲ
1717 1985 1902 2052 κρεῖτ-

329 2078 420 2116 τον
443 2063 625 2135 πάσης
660 2064 959 2139 θεραπείας
979 2069 1097 2119 ἐστὶ
1125 2069 1185 2122 τὸ
1219 2069 1411 2135 πάθος,
1436 2070 1529 2123 καὶ
1574 2072 1685 2133 τοῖς
1732 2072 1903 2141 ἰατρι-

330 2155 447 2216 κοῖς
492 2156 805 2226 φαρμάκοις
840 2159 1178 2228 ἐπιτρίϐεται
1227 2156 1447 2229 μᾶλλον,
1480 2160 1579 2231 τὴν
1630 2159 1737 2212 ἀπὸ
1791 2159 1899 2211 τῶν

331 2243 502 2312 ἁγίων
529 2263 624 2300 σου
648 2247 822 2318 εὐχῶν
841 2249 1063 2320 χάρισαι
1085 2250 1267 2323 αὐτοῖς
1294 2249 1548 2321 βοήθειαν
1573 2265 1586 2279 °
1616 2251 1758 2325 τάχα
1781 2268 1899 2314 πως

328 2335 360 2387 ὁ
391 2336 485 2389 καὶ
505 2337 693 2393 παθῶν
716 2340 809 2393 καὶ
836 2338 1019 2411 πάσης
1035 2341 1449 2412 περιγινόμενος
1481 2341 1679 2405 κακίας
1700 2342 1901 2404 αὐτοὺς

333 2423 563 2481 ίάσεται.

638 2557 755 2611 PA'.
775 2586 844 2596 —
870 2554 1077 2609 ΗΡΩΝΙ
1118 2555 1588 2626 ΠΡΕΣΒΥΤΕΡῼ.

2079 592 2191 647 Etsi
2224 592 2621 662 reprehendere
2650 590 2810 645 facile
2840 601 2893 645 et
2917 589 3156 661 cujusvis
3197 599 3281 645 est
3326 590 3578 656 hominis,

2014 696 2196 736 verum
2233 683 2376 751 quod
2431 690 2513 736 est
2542 680 2701 736 officii
2750 680 3032 750 cujusque,
3071 694 3283 749 quoque
3335 680 3477 736 facto
3508 682 3582 736 sit

2008 786 2143 841 opus
2171 771 2566 835 demonstrare,
2598 771 2786 843 optimi
2838 779 2922 826 est
2976 770 3268 824 consiliarii
3324 768 3579 825 cilicium.

2009 864 2124 918 Sed
2174 863 2644 931 reprehensionem
2706 877 2811 917 non
2841 860 3021 916 ferunt
3047 861 3298 917 Zosimus
3324 870 3379 916 et
3409 860 3580 925 Maro,

2010 968 2185 1023 neque
2219 954 2501 1007 consilium
2529 953 2769 1021 capiunt,
2809 954 2904 1008 sed
2932 967 2994 1008 ea
3021 952 3277 1022 exagitati
3303 953 3583 1007 dementia

2009 1054 2062 1098 et
2095 1043 2549 1112 reprehendentes
2570 1043 2765 1111 injuria
2800 1042 3059 1110 adiciunt,
3091 1052 3148 1099 et
3167 1057 3298 1097 sana
3347 1043 3581 1097 suaden—

2011 1144 2091 1188 tes
2120 1134 2419 1193 maledictis
2447 1136 2747 1190 incessunt.
2771 1133 3217 1205 Quandoquidem
3266 1148 3395 1189 τοι-ο
3448 1148 3584 1187 non-

2010 1226 2137 1279 nulli
2182 1240 2354 1295 ncque
2409 1214 2850 1294 reprehensores,
2880 1241 3052 1297 neque
3102 1240 3375 1291 suasores,
3400 1227 3493 1280 sed
3524 1235 3585 1279 ut

2008 1316 2353 1385 deplorantes
2382 1326 2754 1382 accesserunt,
2784 1317 2946 1372 etiam
2997 1317 3101 1373 hoc
3140 1317 3421 1373 medicinae
3462 1314 3581 1370 olli-

2008 1410 2149 1459 cium
2190 1414 2537 1461 accusarunt.
2563 1407 2796 1461 lrrident
2829 1407 2975 1462 enim
3028 1410 3188 1463 etiam
3224 1422 3335 1471 eos,
3370 1406 3459 1477 qui
3494 1407 3582 1475 pio

2009 1498 2059 1549 i'd
2110 1495 2304 1552 affectu
2354 1508 2642 1567 peragunt.
2696 1492 2835 1563 Quid
2890 1497 3051 1567 igitur
3094 1498 3235 1553 facto
3262 1507 3345 1553 est
3400 1496 3586 1567 Opus?

2008 1588 2250 1641 ultimum
2306 1587 2410 1642 hoc
2465 1587 2558 1642 tibi
2612 1588 3081 1657 deunntiabo,qui
3120 1587 3387 1657 negotium
3445 1588 3579 1641 mihi

2008 1678 2256 1745 lacessis,
2286 1689 2425 1734 etes
2462 1678 2825 1747 importunus,
2855 1682 3015 1749 quasi
3070 1680 3308 1749 ipsorum
3355 1679 3581 1733 insaniae

2005 1769 2301 1824 remedium
2352 1767 2547 1825 afferre
2594 1770 2823 1824 valeam.
2854 1772 3030 1839 Atque
3092 1771 3295 1823 utinam
3364 1783 3577 1837 possem

2004 1856 2335 1929 nequeOpns
2362 1859 2730 1915 admonitione
2754 1870 2925 1923 esset,
2953 1860 3051 1915 sed
3109 1868 3334 1928 repente
3378 1857 3577 1911 all‘erre

2005 1953 2403 2008 correctionem
2430 1966 2671 2032 ‘queam.
2735 1952 2869 2007 Cum
2925 1965 3053 2007 vero
3110 1950 3313 2005 malum
3357 1963 3575 2004 omnem

2006 2052 2223 2112 superet
2272 2044 2634 2106 curationem,
2672 2041 3237 2114 ﬂuminibusque
3297 2039 3597 2095 medicinae.

2009 2135 2318 2201 pharmacis
2358 2134 2727 2199 exulceratur,
2768 2134 2969 2188 sanctis
3002 2135 3111 2189 tuis
3144 2132 3396 2200 precibus
3416 2145 3573 2199 opem

2009 2224 2142 2292 ipsis
2173 2221 2337 2288 foras,
2365 2224 2409 2277 si
2451 2238 2555 2289 qua
2592 2223 2821 2278 fortasse
2869 2223 3079 2279 ratione
3131 2222 3275 2278 malo
3325 2229 3581 2289 superato

2008 2313 2154 2366 omni
2182 2313 2303 2368 illus
2333 2324 2600 2381 expurges
2632 2312 2783 2365 vitio.

2005 2543 2210 2599 ClV.-—
2227 2543 2482 2600 IIERONI
2511 2545 2686 2600 PRES
2699 2544 2996 2613 BY'I‘ERO,
3028 2545 3256 2602 FORTE
3276 2545 3578 2615 IIIERONI,

2530 2626 2584 2667 ut
2619 2632 2765 2684 supr.
2794 2619 2947 2682 epist.
2980 2617 3070 2671 67.

408 2705 587 2761 Monet
619 2716 676 2760 ut
711 2708 849 2774 lites,
879 2723 1033 2777 quas,
1064 2693 1288 2760 auaritia
1315 2711 1551 2773 cogente,
1578 2705 1737 2760 alteri
1763 2707 2069 2769 intentarnt,
2096 2706 2260 2760 amice
2294 2705 2468 2775 potius
2498 2715 2796 2776 componat,
2826 2723 2985 2777 quam
3027 2708 3249 2761 dubium
3273 2716 3510 2763 eventum

1821 2786 2095 2845 exspectet.

399 2891 515 2943 οὐκ
536 2886 840 2959 ἀγνοοῦμεν
870 2890 951 2942 ὅτι
986 2889 1185 2960 ἡάρχὴ
1233 2889 1327 2943 τοῦ
1359 2888 1497 2960 πρὸς
1531 2887 1625 2941 τὸν
1675 2888 1768 2942 σὺν
1792 2887 1901 2942 διά-

2075 2887 2190 2940 Non
2215 2900 2301 2941 me
2322 2856 2470 2958 fugit.
2488 2887 2810 2957 principium
2856 2888 2975 2956 ejus
3025 2889 3412 2957 contentionis,
3438 2906 3560 2961 qua:

329 2986 477 3039 δικον
501 2984 739 3055 πολέμου
761 2985 825 3036 ἐκ
853 2982 1163 3047 πλεονεξίας
1188 2982 1425 3035 λαϐοῦσα
1451 2982 1513 3035 τὸ
1531 2981 1773 3051 σπέρμα,
1804 2979 1901 3032 καὶ

2010 2978 2105 3031 tibi
2134 2977 2185 3030 in
2215 2976 2332 3032 l'oro
2354 2992 2475 3031 eum
2538 2977 2783 3047 litigante
2833 2986 2937 3043 est,
2997 2993 3062 3033 ex
3114 2979 3341 3033 avaritia
3396 2990 3578 3035 ortum

330 3077 420 3129 διὰ
452 3029 715 3129 πλειόνιιῦν
770 3074 944 3127 ἄλλων
987 3029 1309 3146 χοῖρήσασα,
1344 3072 1533 3143 ἔληξεν
1563 3029 1906 3141 εἰςτκήατηγο-

2011 3066 2235 3131 habere,
2291 3074 2347 3118 et
2407 3080 2501 3135 per
2548 3067 2699 3119 varia
2755 3068 3053 3134 procedens
3082 3067 3231 3133 vitia,
3267 3070 3319 3122 in
3350 3084 3577 3125 accusa-

336 3167 459 3236 ρὶαν
478 3184 494 3200 ο
530 3164 885 3235 συμϐουλεύω
916 3164 996 3231 δὲ,
1030 3165 1112 3216 ὅτι
1144 3164 1350 3227 δίκαιος
1394 3164 1461 3217 ἂν
1488 3163 1602 3233 εῑης
1633 3161 1905 3232 ἀρκεσθῆ-

2013 3158 2224 3211 tionem
2260 3156 2483 3211 ﬁniisse.
2512 3154 2712 3214 Hortor
2748 3157 2950 3227 itaque,
2973 3157 3226 3228 justeque
3279 3158 3499 3223 feceris,
3530 3162 3577 3215 si

333 3274 420 3308 ναι
456 3258 568 3319 τοῖς
600 3255 1011 3325 γεγενημένοις.
1046 3254 1224 3307 Πολλά
1268 3252 1377 3324 γὰρ
1425 3252 1652 3322 δράσας,
1686 3251 1905 3304 πλείονα

2009 3246 2061 3299 in
2103 3246 2187 3308 iis,
2210 3260 2327 3315 quae
2354 3247 2614 3302 hactenus
2644 3246 2785 3302 facta
2821 3257 2967 3313 sunt,
3001 3248 3378 3318 conquiescas.
3408 3250 3576 3306 Multa

334 3346 620 3410 πέπονθεν,
663 3346 751 3398 ἵνα
785 3345 861 3415 μὴ
894 3343 955 3395 τὸ
985 3342 1176 3396 δοκοῦν
1204 3342 1356 3405 τέλος
1381 3338 1522 3396 εἶναι
1565 3341 1666 3410 τῆς
1701 3342 1901 3410 μάχης,

2009 3334 2150 3389 enim
2203 3350 2367 3405 agens
2413 3336 2618 3405 perpeti
2665 3338 2803 3391 solet
2860 3338 3034 3407 plura,
3064 3353 3133 3393 ne
3179 3338 3336 3409 cujus
3383 3355 3578 3411 pugnte

333 3436 481 3507 ἀρχὴ
509 3436 728 3506 γένηται
774 3433 1037 3506 μειζόνων
1081 3432 1397 3502 συμφορῶν.
1448 3430 1608 3494 Δέξαι
1640 3426 1734 3482 οὖν
1778 3431 1903 3491 τοὺς

2012 3428 2134 3482 linis
2190 3439 2310 3481 esse
2343 3427 2576 3491 videtur,
2605 3428 2817 3483 initium
2864 3430 2957 3484 liat
2988 3430 3255 3499 majorum
3291 3430 3576 3486 calamita-

335 3530 475 3599 ὑπὲρ
527 3528 687 3581 αὑτοῦ
718 3527 830 3599 (90)
885 3522 1356 3595 παρακαλοῦντας,
1410 3522 1504 3576 καὶ
1574 3519 1812 3575 κατάθου
1841 3518 1903 3572 τὸ

2009 3528 2143 3573 tum.
2174 3516 2354 3584 Quare
2390 3520 2604 3588 suscipe
2627 3533 2721 3575 eos
2749 3521 2840 3590 qui
2889 3537 2988 3589 pro
3038 3522 3146 3577 illis
3207 3524 3579 3588 intercedunt,

332 3620 567 3690 πρᾶγμα
591 3634 605 3648 ·
646 3618 865 3688 ἄμεινον
895 3614 1241 3687 ἡγησάμενος
1275 3614 1609 3684 χρηστότητι
1641 3612 1903 3680 καθυφεῖ-

2010 3624 2231 3679 remque
2255 3609 2489 3674 conﬁce,
2516 3610 2709 3667 melius
2740 3612 3060 3668 existimans
3095 3612 3299 3685 aliquid
3330 3615 3573 3671 clemen-

333 3725 422 3761 ναι
452 3708 655 3777 μᾶλλον
692 3707 727 3776 ἢ
771 3706 950 3777 κρίσει
998 3704 1268 3758 δικαστῶν
1308 3702 1629 3773 ἡττηθῆναι.
1676 3700 1906 3769 Ἀδηλον

2015 3703 2104 3755 tite
2168 3701 2496 3765 condonare,
2529 3717 2692 3772 quam
2744 3704 3004 3773 judicium
3052 3707 3325 3761 sententia
3374 3708 3578 3761 victum

332 3799 443 3866 γὰρ
470 3797 532 3850 τὸ
552 3798 745 3867 πέρας,
794 3797 889 3849 καὶ
933 3795 1119 3849 πολλοὶ
1169 3794 1385 3865 μυρίοις
1427 3792 1781 3863 ὡχυρωμένοι
1828 3790 1907 3843 δι-

334 3889 539 3952 καίοις,
569 3887 644 3949 ὡς
666 3886 820 3941 οὐδὲν
874 3886 1087 3957 ἔχοντες
1128 3885 1349 3955 ἰσχυρὸν
1379 3884 1718 3954 ἡττήθησαν.
1754 3880 1819 3936 Εἰ
1850 3881 1907 3934 δὲ

336 3979 431 4032 καὶ
458 3976 634 4048 σαφὴς
658 3972 726 4047 ἦν
755 3979 787 4047 ἡ
828 3977 974 4047 νίκη,
1012 3976 1077 4029 τὸ
1113 3975 1445 4048 χρηστότητι
1472 3973 1678 4043 μᾶλλον
1697 3972 1905 4042 χρήσα-

339 4068 465 4124 σθαι
503 4068 878 4139 λαμπρότερόν
905 4084 965 4120 σε
1003 4068 1274 4136 ἀποφανεῖ
1295 4064 1391 4119 τοῦ
1422 4064 1766 4133 νενικηκέναι

445 4266 570 4321 re.
608 4292 677 4304 —
719 4263 1173 4333 ΜΑΡΤΙΝΙΑΝῼ,
1213 4259 1481 4332 ΖοΣιΜᾳ,
1512 4259 1802 4326 meum,

952 4333 1307 4403 ΕΥΣΤΑΘΙῼ.

1941 4327 1995 4388 D

2015 3806 2156 3846 esse.
2202 3791 2404 3846 Litium
2444 3795 2588 3848 enim
2646 3797 2888 3849 incertus
2919 3804 3004 3851 cst
3060 3797 3268 3861 exitus,
3300 3783 3569 3865 multique

2014 3882 2149 3938 adeo
2173 3897 2385 3936 summo
2418 3882 2587 3936 innixi
2612 3883 2733 3951 jure
2756 3884 3202 3941 imbecillioribus
3226 3887 3358 3943 victi
3385 3901 3572 3942 cesse-

2016 3980 2164 4027 runt.
2194 3970 2308 4025 Etsi
2354 3986 2485 4025 vero
2532 3972 2678 4027 clara
2724 3975 2797 4029 sit
2828 3975 3080 4041 victoria,
3112 3977 3345 4046 benigno
3400 3985 3580 4031 tamen

2016 4062 2196 4115 animo
2240 4062 2445 4116 utendo
2493 4063 2845 4120 illustriorem
2904 4075 2977 4132 te,
3004 4082 3164 4137 quam
3214 4068 3331 4137 ipsa
3389 4068 3584 4124 reddes

2015 4154 2261 4210 victoria.

2157 4267 3121 4344 CV.-—-MARTI1§I_QI§{9,10$IMO,
3160 4274 3444 4343 nanum,

2600 4340 3011 4399 EUSTATHIO.

1573 4424 1775 4478 Bonam
1807 4425 1916 4479 illis
1950 4437 2092 4498 optat
2119 4439 2357 4485 mentem.

426 4531 626 4586 Ἱκανὸν
672 4529 773 4600 μὲν
818 4530 1106 4600 σύμϐολον,
1164 4532 1259 4585 καὶ
1305 4532 1560 4602 μέγιστον
1612 4532 1912 4604 τεκμήριον

342 4621 440 4691 τῆς
490 4620 628 4689 ἐμῆς
678 4620 757 4683 είς
783 4620 927 4689 ὑμᾶς
976 4621 1201 4691 γνώμης
1257 4621 1392 4673 αὐτὸ
1424 4621 1486 4673 τὸ
1527 4620 1913 4690 συμϐουλεύειν

342 4709 557 4762 ἑλέσθαι
588 4726 601 4740 ·
642 4709 830 4765 ἅπασα
860 4710 969 4781 γὰρ
1012 4710 1293 4781 συμϐουλὴ
1317 4710 1378 4763 τὸ
1408 4709 1516 4763 τῶν
1538 4711 1912 4780 ἀκροωμένων

343 4802 495 4870 ζητεί
521 4801 818 4872 συμφέρον.
869 4797 964 4864 Οἷς
1001 4801 1059 4854 δέ
1110 4801 1391 4871 ἐκπορίζει
1450 4820 1535 4866 τις
1563 4802 1633 4855 τὰ
1681 4802 1913 4872 χρηστὰ,

342 4890 554 4953 τούτοις
582 4891 682 4943 οὐκ
719 4892 800 4945 ἔνι
850 4893 1019 4962 φῆσαι
1072 4893 1351 4963 δυσμενῶς
1403 4893 1547 4965 ἔχειν
1591 4894 1683 4949 τὸν
1716 4912 1914 4966 παραι-

344 4979 538 5034 νοῦντα
563 4996 577 5010 ⁸
612 4982 688 5045 ὡς
739 4982 783 5034 δ’
811 4984 876 5035 ἂν
909 4984 1045 5054 μηδὲ
1079 4984 1228 5049 σκιὰ,
1263 4980 1437 5056 οἶμαι,
1492 4986 1779 5050 αἱτιὰσεως
1799 4985 1913 5055 (91)

343 5072 455 5142 ύπῇ
484 5072 597 5133 τοῖς
626 5072 856 5142 ἑτοίμως
890 5074 1163 5145 διασύρειν
1214 5075 1455 5129 ἐθέλουσι
1517 5077 1622 5148 πρὸ
1656 5078 1755 5147 τῆς
1800 5078 1913 5129 eic-

340 5163 618 5232 ηγήσεως,
654 5162 852 5232 μᾶλλον
881 5163 938 5216 δὲ
969 5166 1001 5235 ἠ
1029 5166 1161 5236 εὐχὴ
1183 5167 1465 5241 είσήγησις
1491 5166 1653 5231 ἔστω,
1686 5166 1913 5237 εὔξομαι

341 5252 484 5323 πρὸς
536 5252 598 5304 τὸ
645 5252 822 5319 Θεῖον,
856 5253 997 5307 ὥστε
1045 5256 1170 5312 νοῦν
1207 5257 1336 5327 ὑμῖν
1371 5256 1616 5326 βελτίονα
1656 5258 1910 5325 ἐνθεῖναι,

2092 4538 2319 4608 Signum
2344 4549 2431 4595 sat
2459 4540 2709 4597 idoneum
2736 4546 3137 4615 maximumque
3166 4555 3249 4602 est
3296 4563 3587 4617 argumen-

2022 4635 2133 4680 tum
2159 4642 2291 4682 meae
2324 4642 2452 4699 erga
2506 4645 2602 4685 vos
2643 4633 3031 4687 benevolentiae
3063 4637 3204 4705 quod
3246 4636 3377 4691 dare
3429 4636 3589 4692 insti-

2021 4717 2217 4773 tuerim
2245 4718 2550 4775 consilium.
2582 4720 2771 4777 Omnis
2801 4725 2945 4777 enim
2974 4728 3155 4780 suasio
3195 4728 3590 4799 consiliumque

2022 4805 2355 4861 audientium
2386 4820 2597 4878 spectat
2642 4811 2954 4867 utilitatem.
2983 4813 3190 4879 Quibus
3230 4831 3360 4871 vero
3389 4834 3585 4889 suppe-

2019 4896 2155 4950 ditat
2175 4898 2297 4967 quis
2333 4898 2508 4968 utilia,
2539 4900 2597 4954 hi
2638 4918 2743 4956 non
2773 4904 2967 4958 debent
3011 4906 3190 4961 dicere
3212 4906 3478 4963 hostiliter
3504 4924 3591 4967 se-

2018 5001 2143 5041 cum
2170 5002 2330 5057 agere
2358 4991 2762 5058 admonentem,
2792 4995 2884 5048 sed
2920 5004 2981 5049 ut
3003 5011 3071 5059 ne
3095 4998 3338 5051 umbram
3371 5000 3587 5068 quidem

2018 5079 2381 5134 accusationis
2432 5094 2723 5149 superesse
2767 5086 2984 5138 credam
3035 5086 3123 5153 iis,
3148 5088 3241 5157 qui
3299 5099 3588 5159 antequam

2018 5167 2429 5235 admoneamur,
2460 5173 2645 5226 volunt
2668 5174 3002 5244 obstrepere,
3037 5177 3163 5246 quin
3198 5181 3374 5246 potius
3401 5193 3591 5249 preces

2019 5258 2137 5312 loco
2161 5261 2473 5318 monitionis
2497 5264 2625 5318 sint.
2660 5264 2826 5321 Deum
2874 5266 3055 5335 itaque
3094 5284 3307 5339 precor,
3339 5280 3399 5325 ut
3433 5284 3589 5327 men-

1473 5408 1708 5464 VARIA'I
1744 5408 2134 5467 LECTIONES
2171 5411 2261 5466 ET
2299 5410 2530 5470 NOTAE.

411 5561 524 5630 (90)
564 5562 736 5633 Codd.
766 5563 953 5633 iambo,
983 5564 1121 5633 ὑπὲρ
1151 5564 1349 5616 αὐτῶν.
1392 5562 1602 5619 Possm.

414 5632 527 5701 (9|)
572 5630 675 5685 l’ro
721 5631 1009 5693 αἰτιάσεως
1052 5630 1172 5686 cod.
1209 5635 1315 5685 Alt.
1352 5635 1403 5683 in
1442 5641 1693 5691 contextu
1725 5633 1914 5689 scribit

706 5723 982 5783 Parnm.
1027 5727 1142 5786 (in.
1193 5724 1524 5784 LXXVIII.

1944 5572 1954 5582 ’
2020 5566 2199 5628 αἰτίας
2228 5566 2333 5628 ὡς·
2377 5567 2659 5628 lectionem
2694 5579 2870 5626 tamen
2910 5571 3038 5627 editi
3069 5574 3332 5631 adnotans
3364 5575 3415 5629 in
3448 5590 3591 5628 mar-

2021 5637 2165 5704 gine.
2208 5635 2283 5688 lo.

3186 5735 3271 5804 ,44
