  <div class='ocr_page' id='page_1' title='image "/cluster/home/n/w/nwhite01/storage/ocr_20150623/78/mdp.39015010334699/702.png"; bbox 0 0 4020 6140; ppageno 0'>
   <div class='ocr_carea' id='block_1_1' title="bbox 309 314 450 381">
    <p class='ocr_par' dir='ltr' id='par_1_1' title="bbox 309 314 450 381">
     <span class='ocr_line' id='line_1_1' title="bbox 309 314 450 381; baseline 0.028 -3"><span class='ocrx_word' id='word_1_1' title='bbox 309 314 450 381; x_wconf 81' lang='lat'><strong><em>1389</em></strong></span> 
     </span>
    </p>
   </div>
   <div class='ocr_carea' id='block_1_2' title="bbox 787 434 1377 506">
    <p class='ocr_par' dir='ltr' id='par_1_2' title="bbox 787 434 1377 506">
     <span class='ocr_line' id='line_1_2' title="bbox 787 434 1377 506; baseline 0.007 -22"><span class='ocrx_word' id='word_1_2' title='bbox 787 434 904 486; x_wconf 72' lang='lat' dir='ltr'><strong><em>re.</em></strong></span> <span class='ocrx_word' id='word_1_3' title='bbox 935 464 1003 473; x_wconf 85' lang='lat'><em>—</em></span> <span class='ocrx_word' id='word_1_4' title='bbox 1037 434 1377 506; x_wconf 78' lang='grc' dir='ltr'><strong><em>ΦΙΛΙΙΤΡΙῼ.</em></strong></span> 
     </span>
    </p>
   </div>
   <div class='ocr_carea' id='block_1_3' title="bbox 1259 317 2685 384">
    <p class='ocr_par' dir='ltr' id='par_1_3' title="bbox 1259 317 2685 384">
     <span class='ocr_line' id='line_1_3' title="bbox 1259 317 2685 384; baseline -0.004 -2"><span class='ocrx_word' id='word_1_5' title='bbox 1259 320 1791 384; x_wconf 78' lang='lat' dir='ltr'><strong><em>EPISTOLARUM</em></strong></span> <span class='ocrx_word' id='word_1_6' title='bbox 1824 320 1968 380; x_wconf 86' lang='lat' dir='ltr'><strong><em>LIB.</em></strong></span> <span class='ocrx_word' id='word_1_7' title='bbox 2003 320 2068 380; x_wconf 87' lang='lat' dir='ltr'><strong><em>V.</em></strong></span> <span class='ocrx_word' id='word_1_8' title='bbox 2113 344 2182 354; x_wconf 92' lang='grc'><strong><em>-</em></strong></span> <span class='ocrx_word' id='word_1_9' title='bbox 2223 318 2457 378; x_wconf 86' lang='lat' dir='ltr'><strong><em>EPIST.</em></strong></span> <span class='ocrx_word' id='word_1_10' title='bbox 2504 317 2685 377; x_wconf 80' lang='lat' dir='ltr'><strong><em>CXII.</em></strong></span> 
     </span>
    </p>
   </div>
   <div class='ocr_carea' id='block_1_4' title="bbox 3410 315 3542 379">
    <p class='ocr_par' dir='ltr' id='par_1_4' title="bbox 3410 315 3542 379">
     <span class='ocr_line' id='line_1_4' title="bbox 3410 315 3542 379; baseline 0.008 -1"><span class='ocrx_word' id='word_1_11' title='bbox 3410 315 3542 379; x_wconf 81' lang='lat'><strong><em>1390</em></strong></span> 
     </span>
    </p>
   </div>
   <div class='ocr_carea' id='block_1_5' title="bbox 2428 423 3082 486">
    <p class='ocr_par' dir='ltr' id='par_1_5' title="bbox 2428 423 3082 486">
     <span class='ocr_line' id='line_1_5' title="bbox 2428 423 3082 486; baseline -0.005 -4"><span class='ocrx_word' id='word_1_12' title='bbox 2428 427 2566 482; x_wconf 69' lang='lat' dir='ltr'><strong><em>CIX.</em></strong></span> <span class='ocrx_word' id='word_1_13' title='bbox 2599 456 2667 464; x_wconf 96' lang='lat'><strong><em>—-</em></strong></span> <span class='ocrx_word' id='word_1_14' title='bbox 2705 423 3082 486; x_wconf 80' lang='lat' dir='ltr'><strong><em>PlliLETRIO,</em></strong></span> 
     </span>
    </p>
   </div>
   <div class='ocr_carea' id='block_1_6' title="bbox 1190 538 2667 621">
    <p class='ocr_par' dir='ltr' id='par_1_6' title="bbox 1190 538 2667 621">
     <span class='ocr_line' id='line_1_6' title="bbox 1190 538 2667 621; baseline -0.001 -27"><span class='ocrx_word' id='word_1_15' title='bbox 1190 541 1396 596; x_wconf 87' lang='lat' dir='ltr'><strong><em>Virtute</em></strong></span> <span class='ocrx_word' id='word_1_16' title='bbox 1429 543 1654 612; x_wconf 85' lang='lat' dir='ltr'><strong><em>insignes</em></strong></span> <span class='ocrx_word' id='word_1_17' title='bbox 1681 542 1940 595; x_wconf 74' lang='lat' dir='ltr'><strong><em>imitandi.</em></strong></span> <span class='ocrx_word' id='word_1_18' title='bbox 1973 538 2128 606; x_wconf 77' lang='lat' dir='ltr'><strong><em>Conf.</em></strong></span> <span class='ocrx_word' id='word_1_19' title='bbox 2156 541 2306 607; x_wconf 78' lang='lat' dir='ltr'><strong><em>epist.</em></strong></span> <span class='ocrx_word' id='word_1_20' title='bbox 2334 539 2455 604; x_wconf 77' lang='grc'>186,</span> <span class='ocrx_word' id='word_1_21' title='bbox 2495 540 2667 621; x_wconf 81' lang='lat' dir='ltr'><strong><em>initio.</em></strong></span> 
     </span>
    </p>
   </div>
   <div class='ocr_carea' id='block_1_7' title="bbox 376 654 1882 726">
    <p class='ocr_par' dir='ltr' id='par_1_7' title="bbox 376 654 1882 726">
     <span class='ocr_line' id='line_1_7' title="bbox 376 654 1882 726; baseline -0.001 -19"><span class='ocrx_word' id='word_1_22' title='bbox 376 657 444 708; x_wconf 75' lang='lat' dir='ltr'><strong><em>0t</em></strong></span> <span class='ocrx_word' id='word_1_23' title='bbox 472 655 594 708; x_wconf 79' lang='grc' dir='ltr'>κατ’</span> <span class='ocrx_word' id='word_1_24' title='bbox 629 654 834 726; x_wconf 82' lang='grc' dir='ltr'>ἀρετὴν</span> <span class='ocrx_word' id='word_1_25' title='bbox 865 655 1150 726; x_wconf 83' lang='grc' dir='ltr'>κράτιστοι</span> <span class='ocrx_word' id='word_1_26' title='bbox 1173 656 1346 719; x_wconf 74' lang='grc' dir='ltr'>ὄντες,</span> <span class='ocrx_word' id='word_1_27' title='bbox 1377 657 1474 709; x_wconf 56' lang='grc' dir='ltr'><strong><em>καὶ⁵</em></strong></span> <span class='ocrx_word' id='word_1_28' title='bbox 1499 657 1568 709; x_wconf 87' lang='grc' dir='ltr'>δι’</span> <span class='ocrx_word' id='word_1_29' title='bbox 1601 656 1882 708; x_wconf 78' lang='grc' dir='ltr'>εὐσέϐειαν</span> 
     </span>
    </p>
   </div>
   <div class='ocr_carea' id='block_1_8' title="bbox 306 746 1882 818">
    <p class='ocr_par' dir='ltr' id='par_1_8' title="bbox 306 746 1882 818">
     <span class='ocr_line' id='line_1_8' title="bbox 306 746 1882 818; baseline -0.001 -20"><span class='ocrx_word' id='word_1_30' title='bbox 306 747 712 817; x_wconf 80' lang='grc' dir='ltr'>ὑπερφέροντες</span> <span class='ocrx_word' id='word_1_31' title='bbox 737 746 833 799; x_wconf 67' lang='grc' dir='ltr'><strong><em>καὶ¹</em></strong></span> <span class='ocrx_word' id='word_1_32' title='bbox 851 746 1121 818; x_wconf 77' lang='grc' dir='ltr'>ἐγκριτοι,</span> <span class='ocrx_word' id='word_1_33' title='bbox 1147 748 1242 801; x_wconf 67' lang='grc' dir='ltr'><strong><em>καὶ</em></strong></span> <span class='ocrx_word' id='word_1_34' title='bbox 1267 747 1518 800; x_wconf 77' lang='grc' dir='ltr'>τοσοῦτον</span> <span class='ocrx_word' id='word_1_35' title='bbox 1542 747 1667 809; x_wconf 83' lang='grc' dir='ltr'>τοὺς</span> <span class='ocrx_word' id='word_1_36' title='bbox 1691 746 1882 807; x_wconf 83' lang='grc' dir='ltr'>ἄλλους</span> 
     </span>
    </p>
   </div>
   <div class='ocr_carea' id='block_1_9' title="bbox 308 835 1879 909">
    <p class='ocr_par' dir='ltr' id='par_1_9' title="bbox 308 835 1879 909">
     <span class='ocr_line' id='line_1_9' title="bbox 308 835 1879 909; baseline -0.003 -17"><span class='ocrx_word' id='word_1_37' title='bbox 308 837 755 909; x_wconf 80' lang='grc' dir='ltr'>ὑπερὸαίνοντες,</span> <span class='ocrx_word' id='word_1_38' title='bbox 779 838 918 890; x_wconf 81' lang='grc' dir='ltr'>’ὅσον</span> <span class='ocrx_word' id='word_1_39' title='bbox 961 841 990 891; x_wconf 98' lang='lat'><strong><em>6</em></strong></span> <span class='ocrx_word' id='word_1_40' title='bbox 1018 839 1295 908; x_wconf 78' lang='grc' dir='ltr'><strong><em>ἑωσφόρος</em></strong></span> <span class='ocrx_word' id='word_1_41' title='bbox 1327 839 1452 900; x_wconf 80' lang='grc' dir='ltr'>τοὺς</span> <span class='ocrx_word' id='word_1_42' title='bbox 1499 838 1689 898; x_wconf 80' lang='grc' dir='ltr'>ἄλλους</span> <span class='ocrx_word' id='word_1_43' title='bbox 1719 835 1879 890; x_wconf 89' lang='grc' dir='ltr'>ἀστέ-</span> 
     </span>
    </p>
   </div>
   <div class='ocr_carea' id='block_1_10' title="bbox 308 923 1879 1001">
    <p class='ocr_par' dir='ltr' id='par_1_10' title="bbox 308 923 1879 1001">
     <span class='ocr_line' id='line_1_10' title="bbox 308 923 1879 1001; baseline -0.001 -19"><span class='ocrx_word' id='word_1_44' title='bbox 308 947 430 1001; x_wconf 86' lang='grc' dir='ltr'>ρας,</span> <span class='ocrx_word' id='word_1_45' title='bbox 481 923 628 982; x_wconf 76' lang='grc' dir='ltr'>οὗτοι</span> <span class='ocrx_word' id='word_1_46' title='bbox 667 929 956 998; x_wconf 80' lang='grc' dir='ltr'><strong><em>φωστῆρες</em></strong></span> <span class='ocrx_word' id='word_1_47' title='bbox 994 930 1060 983; x_wconf 86' lang='grc' dir='ltr'><strong><em>ἂν</em></strong></span> <span class='ocrx_word' id='word_1_48' title='bbox 1085 929 1310 992; x_wconf 77' lang='grc' dir='ltr'><strong><em>εἰκότως</em></strong></span> <span class='ocrx_word' id='word_1_49' title='bbox 1348 927 1764 999; x_wconf 75' lang='grc' dir='ltr'>χρηματίζοιεν,</span> <span class='ocrx_word' id='word_1_50' title='bbox 1806 927 1879 995; x_wconf 83' lang='grc' dir='ltr'>μὴ</span> 
     </span>
    </p>
   </div>
   <div class='ocr_carea' id='block_1_11' title="bbox 307 1010 1877 1091">
    <p class='ocr_par' dir='ltr' id='par_1_11' title="bbox 307 1010 1877 1091">
     <span class='ocr_line' id='line_1_11' title="bbox 307 1010 1877 1091; baseline -0.003 -17"><span class='ocrx_word' id='word_1_51' title='bbox 307 1024 469 1089; x_wconf 89' lang='grc' dir='ltr'>μόνον</span> <span class='ocrx_word' id='word_1_52' title='bbox 493 1021 721 1083; x_wconf 76' lang='grc' dir='ltr'>ἑαυτοὺς</span> <span class='ocrx_word' id='word_1_53' title='bbox 744 1022 824 1084; x_wconf 82' lang='grc' dir='ltr'>εἰς</span> <span class='ocrx_word' id='word_1_54' title='bbox 856 1020 1124 1091; x_wconf 81' lang='grc' dir='ltr'><strong><em>τοσαύτην</em></strong></span> <span class='ocrx_word' id='word_1_55' title='bbox 1150 1020 1516 1088; x_wconf 81' lang='grc' dir='ltr'><strong><em>ἀναγαγόντες</em></strong></span> <span class='ocrx_word' id='word_1_56' title='bbox 1540 1010 1716 1084; x_wconf 75' lang='grc' dir='ltr'>ἀξίαν,</span> <span class='ocrx_word' id='word_1_57' title='bbox 1739 1017 1877 1070; x_wconf 82' lang='grc' dir='ltr'>ἀλλὰ</span> 
     </span>
    </p>
   </div>
   <div class='ocr_carea' id='block_1_12' title="bbox 305 1109 1874 1179">
    <p class='ocr_par' dir='ltr' id='par_1_12' title="bbox 305 1109 1874 1179">
     <span class='ocr_line' id='line_1_12' title="bbox 305 1109 1874 1179; baseline -0.003 -15"><span class='ocrx_word' id='word_1_58' title='bbox 305 1112 402 1164; x_wconf 83' lang='grc' dir='ltr'>καὶ</span> <span class='ocrx_word' id='word_1_59' title='bbox 429 1111 558 1172; x_wconf 85' lang='grc' dir='ltr'>τοὺς</span> <span class='ocrx_word' id='word_1_60' title='bbox 589 1109 1002 1179; x_wconf 85' lang='grc' dir='ltr'>τυφλώττοντας</span> <span class='ocrx_word' id='word_1_61' title='bbox 1044 1111 1390 1178; x_wconf 76' lang='grc' dir='ltr'>φωτίζοντες,</span> <span class='ocrx_word' id='word_1_62' title='bbox 1427 1111 1518 1164; x_wconf 75' lang='grc' dir='ltr'><strong><em>καὶ</em></strong></span> <span class='ocrx_word' id='word_1_63' title='bbox 1547 1111 1626 1172; x_wconf 87' lang='grc' dir='ltr'><strong><em>είς</em></strong></span> <span class='ocrx_word' id='word_1_64' title='bbox 1653 1110 1752 1178; x_wconf 74' lang='grc' dir='ltr'>τὴν</span> <span class='ocrx_word' id='word_1_65' title='bbox 1777 1110 1874 1178; x_wconf 79' lang='grc' dir='ltr'><strong><em>τῆς</em></strong></span> 
     </span>
    </p>
   </div>
   <div class='ocr_carea' id='block_1_13' title="bbox 304 1198 1872 1270">
    <p class='ocr_par' dir='ltr' id='par_1_13' title="bbox 304 1198 1872 1270">
     <span class='ocr_line' id='line_1_13' title="bbox 304 1198 1872 1270; baseline -0.003 -16"><span class='ocrx_word' id='word_1_66' title='bbox 304 1200 507 1270; x_wconf 84' lang='grc' dir='ltr'>ἀρετῆς</span> <span class='ocrx_word' id='word_1_67' title='bbox 548 1201 1015 1269; x_wconf 80' lang='grc' dir='ltr'><strong><em>χειραγωγοῦντες</em></strong></span> <span class='ocrx_word' id='word_1_68' title='bbox 1062 1202 1368 1270; x_wconf 83' lang='grc' dir='ltr'>περιωπήν.</span> <span class='ocrx_word' id='word_1_69' title='bbox 1411 1199 1645 1261; x_wconf 85' lang='grc' dir='ltr'><strong><em>Τούτους</em></strong></span> <span class='ocrx_word' id='word_1_70' title='bbox 1693 1198 1872 1250; x_wconf 89' lang='grc' dir='ltr'>τοίνυν</span> 
     </span>
    </p>
   </div>
   <div class='ocr_carea' id='block_1_14' title="bbox 308 1289 1870 1362">
    <p class='ocr_par' dir='ltr' id='par_1_14' title="bbox 308 1289 1870 1362">
     <span class='ocr_line' id='line_1_14' title="bbox 308 1289 1870 1362; baseline -0.003 -18"><span class='ocrx_word' id='word_1_71' title='bbox 308 1292 495 1361; x_wconf 74' lang='grc' dir='ltr'>ζήλου,</span> <span class='ocrx_word' id='word_1_72' title='bbox 529 1292 623 1344; x_wconf 75' lang='grc' dir='ltr'>καὶ</span> <span class='ocrx_word' id='word_1_73' title='bbox 660 1291 736 1362; x_wconf 83' lang='grc' dir='ltr'>μὴ</span> <span class='ocrx_word' id='word_1_74' title='bbox 760 1292 888 1355; x_wconf 79' lang='grc' dir='ltr'>τοὺς</span> <span class='ocrx_word' id='word_1_75' title='bbox 913 1294 1092 1346; x_wconf 84' lang='grc' dir='ltr'>πάντα</span> <span class='ocrx_word' id='word_1_76' title='bbox 1121 1291 1432 1358; x_wconf 85' lang='grc' dir='ltr'>ποιοῦντας,</span> <span class='ocrx_word' id='word_1_77' title='bbox 1456 1291 1603 1354; x_wconf 80' lang='grc' dir='ltr'>ὅπως</span> <span class='ocrx_word' id='word_1_78' title='bbox 1633 1289 1870 1350; x_wconf 79' lang='grc' dir='ltr'>καὶτοὺς</span> 
     </span>
    </p>
   </div>
   <div class='ocr_carea' id='block_1_15' title="bbox 304 1381 892 1452">
    <p class='ocr_par' dir='ltr' id='par_1_15' title="bbox 304 1381 892 1452">
     <span class='ocr_line' id='line_1_15' title="bbox 304 1381 892 1452; baseline 0.003 -18"><span class='ocrx_word' id='word_1_79' title='bbox 304 1381 545 1452; x_wconf 81' lang='grc' dir='ltr'>ὁρῶντας</span> <span class='ocrx_word' id='word_1_80' title='bbox 573 1383 892 1436; x_wconf 86' lang='grc' dir='ltr'>σκοτίσοιεν.</span> 
     </span>
    </p>
   </div>
   <div class='ocr_carea' id='block_1_16' title="bbox 640 1471 1536 1544">
    <p class='ocr_par' dir='ltr' id='par_1_16' title="bbox 640 1471 1536 1544">
     <span class='ocr_line' id='line_1_16' title="bbox 640 1471 1536 1544; baseline 0.001 -18"><span class='ocrx_word' id='word_1_81' title='bbox 640 1471 740 1527; x_wconf 87' lang='lat' dir='ltr'><strong><em>Pl&#39;.</em></strong></span> <span class='ocrx_word' id='word_1_82' title='bbox 768 1501 839 1514; x_wconf 91' lang='lat'><strong><em>—</em></strong></span> <span class='ocrx_word' id='word_1_83' title='bbox 863 1472 1193 1544; x_wconf 80' lang='grc' dir='ltr'><strong><em>ΑΡΠυΚΡᾼ</em></strong></span> <span class='ocrx_word' id='word_1_84' title='bbox 1230 1472 1536 1542; x_wconf 66' lang='lat' dir='ltr'><strong><em>meum.</em></strong></span> 
     </span>
    </p>
   </div>
   <div class='ocr_carea' id='block_1_17' title="bbox 2051 652 3544 722">
    <p class='ocr_par' dir='ltr' id='par_1_17' title="bbox 2051 652 3544 722">
     <span class='ocr_line' id='line_1_17' title="bbox 2051 652 3544 722; baseline 0 -16"><span class='ocrx_word' id='word_1_85' title='bbox 2051 653 2152 719; x_wconf 98' lang='lat' dir='ltr'><strong><em>Qui</em></strong></span> <span class='ocrx_word' id='word_1_86' title='bbox 2183 654 2380 706; x_wconf 88' lang='lat' dir='ltr'><strong><em>virtute</em></strong></span> <span class='ocrx_word' id='word_1_87' title='bbox 2405 661 2660 722; x_wconf 71' lang='lat' dir='ltr'><strong><em>prtestant</em></strong></span> <span class='ocrx_word' id='word_1_88' title='bbox 2693 667 2755 707; x_wconf 92' lang='lat' dir='ltr'><strong><em>ac</em></strong></span> <span class='ocrx_word' id='word_1_89' title='bbox 2783 653 2982 722; x_wconf 88' lang='lat' dir='ltr'><strong><em>pietate</em></strong></span> <span class='ocrx_word' id='word_1_90' title='bbox 3012 652 3357 719; x_wconf 81' lang='lat' dir='ltr'><strong><em>antecellunt,</em></strong></span> <span class='ocrx_word' id='word_1_91' title='bbox 3392 662 3544 707; x_wconf 84' lang='lat' dir='ltr'><strong><em>extra</em></strong></span> 
     </span>
    </p>
   </div>
   <div class='ocr_carea' id='block_1_18' title="bbox 1980 743 3546 812">
    <p class='ocr_par' dir='ltr' id='par_1_18' title="bbox 1980 743 3546 812">
     <span class='ocr_line' id='line_1_18' title="bbox 1980 743 3546 812; baseline 0 -14"><span class='ocrx_word' id='word_1_92' title='bbox 1980 759 2195 799; x_wconf 90' lang='lat' dir='ltr'><strong><em>omnem</em></strong></span> <span class='ocrx_word' id='word_1_93' title='bbox 2227 744 2410 812; x_wconf 84' lang='lat' dir='ltr'><strong><em>judicii</em></strong></span> <span class='ocrx_word' id='word_1_94' title='bbox 2444 755 2571 797; x_wconf 91' lang='lat' dir='ltr'><strong><em>sunt</em></strong></span> <span class='ocrx_word' id='word_1_95' title='bbox 2600 743 2792 808; x_wconf 88' lang='lat' dir='ltr'><strong><em>aleam,</em></strong></span> <span class='ocrx_word' id='word_1_96' title='bbox 2819 752 3130 812; x_wconf 87' lang='lat' dir='ltr'><strong><em>tantumque</em></strong></span> <span class='ocrx_word' id='word_1_97' title='bbox 3158 746 3365 799; x_wconf 68' lang='lat' dir='ltr'><strong><em>caneris</em></strong></span> <span class='ocrx_word' id='word_1_98' title='bbox 3392 755 3546 798; x_wconf 85' lang='lat' dir='ltr'><strong><em>ante-</em></strong></span> 
     </span>
    </p>
   </div>
   <div class='ocr_carea' id='block_1_19' title="bbox 1979 834 3548 904">
    <p class='ocr_par' dir='ltr' id='par_1_19' title="bbox 1979 834 3548 904">
     <span class='ocr_line' id='line_1_19' title="bbox 1979 834 3548 904; baseline 0 -15"><span class='ocrx_word' id='word_1_99' title='bbox 1979 845 2141 900; x_wconf 85' lang='lat' dir='ltr'><strong><em>eunt,</em></strong></span> <span class='ocrx_word' id='word_1_100' title='bbox 2177 845 2434 904; x_wconf 89' lang='lat' dir='ltr'><strong><em>quantum</em></strong></span> <span class='ocrx_word' id='word_1_101' title='bbox 2491 835 2701 889; x_wconf 68' lang='lat' dir='ltr'><strong><em>caneris</em></strong></span> <span class='ocrx_word' id='word_1_102' title='bbox 2745 834 2915 888; x_wconf 90' lang='lat' dir='ltr'><strong><em>stellis</em></strong></span> <span class='ocrx_word' id='word_1_103' title='bbox 2945 835 3158 890; x_wconf 73' lang='lat' dir='ltr'><strong><em>excellit</em></strong></span> <span class='ocrx_word' id='word_1_104' title='bbox 3209 836 3548 904; x_wconf 86' lang='lat' dir='ltr'><strong><em>phosphorus</em></strong></span> 
     </span>
    </p>
   </div>
   <div class='ocr_carea' id='block_1_20' title="bbox 1979 924 3544 993">
    <p class='ocr_par' dir='ltr' id='par_1_20' title="bbox 1979 924 3544 993">
     <span class='ocr_line' id='line_1_20' title="bbox 1979 924 3544 993; baseline 0 -13"><span class='ocrx_word' id='word_1_105' title='bbox 1979 926 2247 990; x_wconf 89' lang='lat' dir='ltr'><strong><em>claritate,</em></strong></span> <span class='ocrx_word' id='word_1_106' title='bbox 2283 936 2339 978; x_wconf 90' lang='lat' dir='ltr'><strong><em>ut</em></strong></span> <span class='ocrx_word' id='word_1_107' title='bbox 2373 926 2425 979; x_wconf 91' lang='lat' dir='ltr'><strong><em>hi</em></strong></span> <span class='ocrx_word' id='word_1_108' title='bbox 2461 925 2653 979; x_wconf 88' lang='lat' dir='ltr'><strong><em>merito</em></strong></span> <span class='ocrx_word' id='word_1_109' title='bbox 2702 924 2868 978; x_wconf 70' lang='lat' dir='ltr'><strong><em>stellae</em></strong></span> <span class='ocrx_word' id='word_1_110' title='bbox 2899 924 3156 993; x_wconf 83' lang='lat' dir='ltr'><strong><em>appellari</em></strong></span> <span class='ocrx_word' id='word_1_111' title='bbox 3198 936 3416 993; x_wconf 86' lang='lat' dir='ltr'><strong><em>queant,</em></strong></span> <span class='ocrx_word' id='word_1_112' title='bbox 3458 941 3544 980; x_wconf 90' lang='lat' dir='ltr'><strong><em>se-</em></strong></span> 
     </span>
    </p>
   </div>
   <div class='ocr_carea' id='block_1_21' title="bbox 1982 1016 3548 1086">
    <p class='ocr_par' dir='ltr' id='par_1_21' title="bbox 1982 1016 3548 1086">
     <span class='ocr_line' id='line_1_21' title="bbox 1982 1016 3548 1086; baseline -0.001 -15"><span class='ocrx_word' id='word_1_113' title='bbox 1982 1017 2126 1086; x_wconf 92' lang='lat' dir='ltr'><strong><em>ipsos</em></strong></span> <span class='ocrx_word' id='word_1_114' title='bbox 2154 1031 2258 1069; x_wconf 92' lang='lat' dir='ltr'><strong><em>non</em></strong></span> <span class='ocrx_word' id='word_1_115' title='bbox 2290 1016 2450 1069; x_wconf 92' lang='lat' dir='ltr'><strong><em>modo</em></strong></span> <span class='ocrx_word' id='word_1_116' title='bbox 2489 1027 2554 1068; x_wconf 91' lang='lat' dir='ltr'><strong><em>eo</em></strong></span> <span class='ocrx_word' id='word_1_117' title='bbox 2583 1016 2940 1083; x_wconf 88' lang='lat' dir='ltr'><strong><em>provehentes</em></strong></span> <span class='ocrx_word' id='word_1_118' title='bbox 2974 1016 3299 1084; x_wconf 86' lang='lat' dir='ltr'><strong><em>dignationis</em></strong></span> <span class='ocrx_word' id='word_1_119' title='bbox 3322 1054 3337 1079; x_wconf 90' lang='lat'><strong><em>,</em></strong></span> <span class='ocrx_word' id='word_1_120' title='bbox 3369 1017 3460 1070; x_wconf 87' lang='lat' dir='ltr'><strong><em>sed</em></strong></span> <span class='ocrx_word' id='word_1_121' title='bbox 3494 1026 3548 1069; x_wconf 86' lang='lat' dir='ltr'><strong><em>et</em></strong></span> 
     </span>
    </p>
   </div>
   <div class='ocr_carea' id='block_1_22' title="bbox 1979 1103 3544 1172">
    <p class='ocr_par' dir='ltr' id='par_1_22' title="bbox 1979 1103 3544 1172">
     <span class='ocr_line' id='line_1_22' title="bbox 1979 1103 3544 1172; baseline -0.004 -12"><span class='ocrx_word' id='word_1_122' title='bbox 1979 1105 2140 1161; x_wconf 77' lang='lat' dir='ltr'><strong><em>caecis</em></strong></span> <span class='ocrx_word' id='word_1_123' title='bbox 2161 1105 2340 1158; x_wconf 85' lang='lat' dir='ltr'><strong><em>lumen</em></strong></span> <span class='ocrx_word' id='word_1_124' title='bbox 2357 1105 2674 1166; x_wconf 86' lang='lat' dir='ltr'><strong><em>allucentes,</em></strong></span> <span class='ocrx_word' id='word_1_125' title='bbox 2699 1112 2752 1156; x_wconf 90' lang='lat' dir='ltr'><strong><em>et</em></strong></span> <span class='ocrx_word' id='word_1_126' title='bbox 2775 1104 2825 1156; x_wconf 92' lang='lat' dir='ltr'><strong><em>in</em></strong></span> <span class='ocrx_word' id='word_1_127' title='bbox 2849 1104 3064 1156; x_wconf 88' lang='lat' dir='ltr'><strong><em>virtutis</em></strong></span> <span class='ocrx_word' id='word_1_128' title='bbox 3086 1103 3356 1172; x_wconf 84' lang='lat' dir='ltr'><strong><em>speculam</em></strong></span> <span class='ocrx_word' id='word_1_129' title='bbox 3386 1119 3544 1156; x_wconf 77' lang='lat' dir='ltr'><strong><em>nianu</em></strong></span> 
     </span>
    </p>
   </div>
   <div class='ocr_carea' id='block_1_23' title="bbox 1976 1193 3542 1263">
    <p class='ocr_par' dir='ltr' id='par_1_23' title="bbox 1976 1193 3542 1263">
     <span class='ocr_line' id='line_1_23' title="bbox 1976 1193 3542 1263; baseline -0.002 -14"><span class='ocrx_word' id='word_1_130' title='bbox 1976 1197 2252 1249; x_wconf 79' lang='lat' dir='ltr'><strong><em>ducentes.</em></strong></span> <span class='ocrx_word' id='word_1_131' title='bbox 2285 1193 2395 1249; x_wconf 86' lang='lat' dir='ltr'><strong><em>llos</em></strong></span> <span class='ocrx_word' id='word_1_132' title='bbox 2437 1195 2616 1263; x_wconf 86' lang='lat' dir='ltr'><strong><em>itaque</em></strong></span> <span class='ocrx_word' id='word_1_133' title='bbox 2650 1193 2880 1256; x_wconf 84' lang='lat' dir='ltr'><strong><em>imitare,</em></strong></span> <span class='ocrx_word' id='word_1_134' title='bbox 2915 1207 3020 1246; x_wconf 91' lang='lat' dir='ltr'><strong><em>non</em></strong></span> <span class='ocrx_word' id='word_1_135' title='bbox 3048 1207 3163 1257; x_wconf 86' lang='lat' dir='ltr'><strong><em>eos,</em></strong></span> <span class='ocrx_word' id='word_1_136' title='bbox 3210 1193 3301 1261; x_wconf 87' lang='lat' dir='ltr'><strong><em>qui</em></strong></span> <span class='ocrx_word' id='word_1_137' title='bbox 3349 1203 3542 1248; x_wconf 90' lang='lat' dir='ltr'><strong><em>cuncta</em></strong></span> 
     </span>
    </p>
   </div>
   <div class='ocr_carea' id='block_1_24' title="bbox 1981 1284 3320 1354">
    <p class='ocr_par' dir='ltr' id='par_1_24' title="bbox 1981 1284 3320 1354">
     <span class='ocr_line' id='line_1_24' title="bbox 1981 1284 3320 1354; baseline 0.001 -16"><span class='ocrx_word' id='word_1_138' title='bbox 1981 1284 2061 1338; x_wconf 91' lang='lat' dir='ltr'><strong><em>sic</em></strong></span> <span class='ocrx_word' id='word_1_139' title='bbox 2091 1293 2283 1354; x_wconf 86' lang='lat' dir='ltr'><strong><em>agunt,</em></strong></span> <span class='ocrx_word' id='word_1_140' title='bbox 2323 1293 2382 1339; x_wconf 88' lang='lat' dir='ltr'><strong><em>ut</em></strong></span> <span class='ocrx_word' id='word_1_141' title='bbox 2408 1293 2463 1340; x_wconf 91' lang='lat' dir='ltr'><strong><em>et</em></strong></span> <span class='ocrx_word' id='word_1_142' title='bbox 2505 1285 2752 1338; x_wconf 86' lang='lat' dir='ltr'><strong><em>videntes</em></strong></span> <span class='ocrx_word' id='word_1_143' title='bbox 2780 1297 3057 1338; x_wconf 78' lang='lat' dir='ltr'><strong><em>excaecare</em></strong></span> <span class='ocrx_word' id='word_1_144' title='bbox 3089 1284 3320 1353; x_wconf 84' lang='lat' dir='ltr'><strong><em>possint.</em></strong></span> 
     </span>
    </p>
   </div>
   <div class='ocr_carea' id='block_1_25' title="bbox 2227 1458 3290 1518">
    <p class='ocr_par' dir='ltr' id='par_1_25' title="bbox 2227 1458 3290 1518">
     <span class='ocr_line' id='line_1_25' title="bbox 2227 1458 3290 1518; baseline -0.001 -2"><span class='ocrx_word' id='word_1_145' title='bbox 2227 1460 2336 1516; x_wconf 81' lang='lat' dir='ltr'><strong><em>CX.</em></strong></span> <span class='ocrx_word' id='word_1_146' title='bbox 2374 1490 2445 1500; x_wconf 95' lang='lat'><strong><em>—</em></strong></span> <span class='ocrx_word' id='word_1_147' title='bbox 2477 1458 2875 1516; x_wconf 65' lang='lat' dir='ltr'><strong><em>IIARPOCRE</em></strong></span> <span class='ocrx_word' id='word_1_148' title='bbox 2906 1459 3290 1518; x_wconf 72' lang='lat' dir='ltr'><strong><em>SOPHISTAS.</em></strong></span> 
     </span>
    </p>
   </div>
   <div class='ocr_carea' id='block_1_26' title="bbox 1008 1551 2708 1631">
    <p class='ocr_par' dir='ltr' id='par_1_26' title="bbox 1008 1551 2708 1631">
     <span class='ocr_line' id='line_1_26' title="bbox 1008 1551 2708 1631; baseline -0.004 -17"><span class='ocrx_word' id='word_1_149' title='bbox 1008 1561 1137 1628; x_wconf 80' lang='lat' dir='ltr'><strong><em>Quis</em></strong></span> <span class='ocrx_word' id='word_1_150' title='bbox 1169 1563 1375 1631; x_wconf 87' lang='lat' dir='ltr'><strong><em>sapiens</em></strong></span> <span class='ocrx_word' id='word_1_151' title='bbox 1402 1560 1609 1630; x_wconf 82' lang='lat' dir='ltr'><strong><em>proprie</em></strong></span> <span class='ocrx_word' id='word_1_152' title='bbox 1637 1575 1700 1612; x_wconf 88' lang='lat' dir='ltr'><strong><em>ac</em></strong></span> <span class='ocrx_word' id='word_1_153' title='bbox 1726 1559 1889 1612; x_wconf 84' lang='lat' dir='ltr'><strong><em>bonus</em></strong></span> <span class='ocrx_word' id='word_1_154' title='bbox 1917 1554 2189 1612; x_wconf 84' lang='lat' dir='ltr'><strong><em>dicendus.</em></strong></span> <span class='ocrx_word' id='word_1_155' title='bbox 2215 1551 2373 1622; x_wconf 78' lang='lat' dir='ltr'><strong><em>Conf.</em></strong></span> <span class='ocrx_word' id='word_1_156' title='bbox 2403 1552 2553 1621; x_wconf 88' lang='lat' dir='ltr'><strong><em>epist.</em></strong></span> <span class='ocrx_word' id='word_1_157' title='bbox 2577 1551 2708 1608; x_wconf 75' lang='grc'><strong><em>264.</em></strong></span> 
     </span>
    </p>
   </div>
   <div class='ocr_carea' id='block_1_27' title="bbox 376 1659 1872 1745">
    <p class='ocr_par' dir='ltr' id='par_1_27' title="bbox 376 1671 1864 1745">
     <span class='ocr_line' id='line_1_27' title="bbox 376 1671 1864 1745; baseline 0 -22"><span class='ocrx_word' id='word_1_158' title='bbox 376 1671 582 1740; x_wconf 81' lang='grc' dir='ltr'>Σοφοὺς</span> <span class='ocrx_word' id='word_1_159' title='bbox 605 1672 780 1741; x_wconf 73' lang='grc' dir='ltr'>ἔγωγε</span> <span class='ocrx_word' id='word_1_160' title='bbox 822 1672 1074 1744; x_wconf 80' lang='grc' dir='ltr'>ὁρίζομαι</span> <span class='ocrx_word' id='word_1_161' title='bbox 1128 1673 1209 1745; x_wconf 81' lang='grc' dir='ltr'>(οὐ</span> <span class='ocrx_word' id='word_1_162' title='bbox 1255 1673 1363 1744; x_wconf 89' lang='grc' dir='ltr'><strong><em>γάρ</em></strong></span> <span class='ocrx_word' id='word_1_163' title='bbox 1397 1671 1691 1743; x_wconf 87' lang='grc' dir='ltr'>νομεθετῶ,</span> <span class='ocrx_word' id='word_1_164' title='bbox 1727 1671 1864 1726; x_wconf 87' lang='grc' dir='ltr'><strong><em>ἀλλά</em></strong></span> 
     </span>
    </p>
   </div>
   <div class='ocr_carea' id='block_1_28' title="bbox 1978 1659 3543 1745">
    <p class='ocr_par' dir='ltr' id='par_1_28' title="bbox 2038 1663 3543 1736">
     <span class='ocr_line' id='line_1_28' title="bbox 2038 1663 3543 1736; baseline -0.003 -14"><span class='ocrx_word' id='word_1_165' title='bbox 2038 1665 2320 1736; x_wconf 89' lang='lat' dir='ltr'><strong><em>Sapientes</em></strong></span> <span class='ocrx_word' id='word_1_166' title='bbox 2356 1665 2570 1736; x_wconf 89' lang='lat' dir='ltr'><strong><em>quidem</em></strong></span> <span class='ocrx_word' id='word_1_167' title='bbox 2618 1664 2716 1720; x_wconf 85' lang='lat' dir='ltr'><strong><em>hos</em></strong></span> <span class='ocrx_word' id='word_1_168' title='bbox 2765 1663 3106 1735; x_wconf 77' lang='lat' dir='ltr'><strong><em>appellavero</em></strong></span> <span class='ocrx_word' id='word_1_169' title='bbox 3163 1664 3334 1736; x_wconf 85' lang='lat' dir='ltr'><strong><em>(nihil</em></strong></span> <span class='ocrx_word' id='word_1_170' title='bbox 3369 1675 3543 1719; x_wconf 84' lang='lat' dir='ltr'><strong><em>tamen</em></strong></span> 
     </span>
    </p>
   </div>
   <div class='ocr_carea' id='block_1_29' title="bbox 305 1762 1870 1834">
    <p class='ocr_par' dir='ltr' id='par_1_29' title="bbox 305 1762 1870 1834">
     <span class='ocr_line' id='line_1_29' title="bbox 305 1762 1870 1834; baseline 0.002 -21"><span class='ocrx_word' id='word_1_171' title='bbox 305 1762 530 1831; x_wconf 82' lang='grc' dir='ltr'>γνώμην</span> <span class='ocrx_word' id='word_1_172' title='bbox 596 1763 1002 1834; x_wconf 71' lang='grc' dir='ltr'>ἀποφαίνομαιζ)</span> <span class='ocrx_word' id='word_1_173' title='bbox 1052 1765 1178 1826; x_wconf 86' lang='grc' dir='ltr'>τοὺς</span> <span class='ocrx_word' id='word_1_174' title='bbox 1234 1763 1342 1817; x_wconf 89' lang='grc' dir='ltr'><strong><em>τῶν</em></strong></span> <span class='ocrx_word' id='word_1_175' title='bbox 1390 1763 1592 1834; x_wconf 88' lang='grc' dir='ltr'>νοερῶν</span> <span class='ocrx_word' id='word_1_176' title='bbox 1649 1763 1870 1834; x_wconf 80' lang='grc' dir='ltr'>ἀρεταῖς</span> 
     </span>
    </p>
   </div>
   <div class='ocr_carea' id='block_1_30' title="bbox 305 1848 1875 1922">
    <p class='ocr_par' dir='ltr' id='par_1_30' title="bbox 305 1848 1875 1922">
     <span class='ocr_line' id='line_1_30' title="bbox 305 1848 1875 1922; baseline 0.003 -20"><span class='ocrx_word' id='word_1_177' title='bbox 305 1851 775 1921; x_wconf 79' lang='grc' dir='ltr'>κεκοσμημένους,</span> <span class='ocrx_word' id='word_1_178' title='bbox 803 1848 905 1905; x_wconf 74' lang='grc' dir='ltr'>οἷοι</span> <span class='ocrx_word' id='word_1_179' title='bbox 949 1849 1091 1922; x_wconf 78' lang='grc' dir='ltr'>ἦσαν</span> <span class='ocrx_word' id='word_1_180' title='bbox 1120 1854 1171 1906; x_wconf 86' lang='grc' dir='ltr'><strong><em>οί</em></strong></span> <span class='ocrx_word' id='word_1_181' title='bbox 1207 1853 1365 1922; x_wconf 86' lang='grc' dir='ltr'>λόγον</span> <span class='ocrx_word' id='word_1_182' title='bbox 1401 1852 1616 1922; x_wconf 72' lang='grc' dir='ltr'>ἔχοντες</span> <span class='ocrx_word' id='word_1_183' title='bbox 1655 1854 1750 1907; x_wconf 80' lang='grc' dir='ltr'>καὶ</span> <span class='ocrx_word' id='word_1_184' title='bbox 1785 1869 1875 1906; x_wconf 86' lang='grc' dir='ltr'>σο·-</span> 
     </span>
    </p>
   </div>
   <div class='ocr_carea' id='block_1_31' title="bbox 305 1940 1872 2012">
    <p class='ocr_par' dir='ltr' id='par_1_31' title="bbox 305 1940 1872 2012">
     <span class='ocr_line' id='line_1_31' title="bbox 305 1940 1872 2012; baseline 0.002 -21"><span class='ocrx_word' id='word_1_185' title='bbox 305 1940 434 2007; x_wconf 85' lang='grc' dir='ltr'>φίαν</span> <span class='ocrx_word' id='word_1_186' title='bbox 476 1940 730 2007; x_wconf 87' lang='grc' dir='ltr'>γνώσεως</span> <span class='ocrx_word' id='word_1_187' title='bbox 753 1956 766 1970; x_wconf 79' lang='grc'><strong><em>⁸</em></strong></span> <span class='ocrx_word' id='word_1_188' title='bbox 812 1941 1051 2010; x_wconf 77' lang='grc' dir='ltr'>ἀγαθοὺς</span> <span class='ocrx_word' id='word_1_189' title='bbox 1095 1942 1176 2006; x_wconf 84' lang='grc' dir='ltr'><strong><em>δὲ,</em></strong></span> <span class='ocrx_word' id='word_1_190' title='bbox 1207 1943 1334 2005; x_wconf 81' lang='grc' dir='ltr'>τοὺς</span> <span class='ocrx_word' id='word_1_191' title='bbox 1368 1945 1485 2006; x_wconf 80' lang='grc' dir='ltr'>ταῖς</span> <span class='ocrx_word' id='word_1_192' title='bbox 1534 1942 1687 2012; x_wconf 86' lang='grc' dir='ltr'><strong><em>παρά</em></strong></span> <span class='ocrx_word' id='word_1_193' title='bbox 1711 1958 1872 1996; x_wconf 90' lang='grc' dir='ltr'>τινων</span> 
     </span>
    </p>
   </div>
   <div class='ocr_carea' id='block_1_32' title="bbox 306 2027 1872 2104">
    <p class='ocr_par' dir='ltr' id='par_1_32' title="bbox 306 2027 1872 2104">
     <span class='ocr_line' id='line_1_32' title="bbox 306 2027 1872 2104; baseline 0.003 -24"><span class='ocrx_word' id='word_1_194' title='bbox 306 2028 668 2098; x_wconf 81' lang='grc' dir='ltr'>καλουμέναις</span> <span class='ocrx_word' id='word_1_195' title='bbox 693 2030 932 2099; x_wconf 80' lang='grc' dir='ltr'>ἀλόγοις.</span> <span class='ocrx_word' id='word_1_196' title='bbox 966 2029 1082 2085; x_wconf 56' lang='lat' dir='ltr'><strong><em>Olet</em></strong></span> <span class='ocrx_word' id='word_1_197' title='bbox 1107 2027 1249 2104; x_wconf 78' lang='grc' dir='ltr'>ἦσαν</span> <span class='ocrx_word' id='word_1_198' title='bbox 1279 2033 1326 2086; x_wconf 92' lang='grc' dir='ltr'><strong><em>οί</em></strong></span> <span class='ocrx_word' id='word_1_199' title='bbox 1354 2033 1516 2101; x_wconf 84' lang='grc' dir='ltr'>σοφὸν</span> <span class='ocrx_word' id='word_1_200' title='bbox 1559 2033 1658 2101; x_wconf 87' lang='grc' dir='ltr'><strong><em>μὲν</em></strong></span> <span class='ocrx_word' id='word_1_201' title='bbox 1697 2033 1872 2084; x_wconf 74' lang='grc' dir='ltr'>εἰπεῖν</span> 
     </span>
    </p>
   </div>
   <div class='ocr_carea' id='block_1_33' title="bbox 305 2120 1872 2192">
    <p class='ocr_par' dir='ltr' id='par_1_33' title="bbox 305 2120 1872 2192">
     <span class='ocr_line' id='line_1_33' title="bbox 305 2120 1872 2192; baseline 0 -20"><span class='ocrx_word' id='word_1_202' title='bbox 305 2120 458 2173; x_wconf 81' lang='grc' dir='ltr'>οὐδὲν</span> <span class='ocrx_word' id='word_1_203' title='bbox 480 2121 789 2191; x_wconf 86' lang='grc' dir='ltr'>δυνάμενοι,</span> <span class='ocrx_word' id='word_1_204' title='bbox 821 2122 908 2175; x_wconf 80' lang='grc' dir='ltr'>διὰ</span> <span class='ocrx_word' id='word_1_205' title='bbox 951 2122 1008 2175; x_wconf 84' lang='grc' dir='ltr'>δὲ</span> <span class='ocrx_word' id='word_1_206' title='bbox 1037 2122 1135 2191; x_wconf 84' lang='grc' dir='ltr'><strong><em>τῆς</em></strong></span> <span class='ocrx_word' id='word_1_207' title='bbox 1171 2123 1399 2192; x_wconf 86' lang='grc' dir='ltr'>ἀρίστης</span> <span class='ocrx_word' id='word_1_208' title='bbox 1435 2121 1706 2184; x_wconf 85' lang='grc' dir='ltr'>πολιτείας</span> <span class='ocrx_word' id='word_1_209' title='bbox 1745 2121 1872 2181; x_wconf 86' lang='grc' dir='ltr'>τοὺς</span> 
     </span>
    </p>
   </div>
   <div class='ocr_carea' id='block_1_34' title="bbox 305 2206 1870 2284">
    <p class='ocr_par' dir='ltr' id='par_1_34' title="bbox 305 2206 1870 2284">
     <span class='ocr_line' id='line_1_34' title="bbox 305 2206 1870 2284; baseline 0.001 -22"><span class='ocrx_word' id='word_1_210' title='bbox 305 2210 615 2280; x_wconf 86' lang='grc' dir='ltr'>θεωμένους</span> <span class='ocrx_word' id='word_1_211' title='bbox 651 2213 1029 2277; x_wconf 76' lang='grc' dir='ltr'>παιδεύοντεςο</span> <span class='ocrx_word' id='word_1_212' title='bbox 1074 2206 1150 2266; x_wconf 82' lang='grc' dir='ltr'>ὧν</span> <span class='ocrx_word' id='word_1_213' title='bbox 1190 2215 1223 2284; x_wconf 79' lang='grc' dir='ltr'><strong>ή</strong></span> <span class='ocrx_word' id='word_1_214' title='bbox 1270 2213 1396 2282; x_wconf 83' lang='grc' dir='ltr'>σιγὴ</span> <span class='ocrx_word' id='word_1_215' title='bbox 1437 2212 1531 2265; x_wconf 80' lang='grc' dir='ltr'>τοῦ</span> <span class='ocrx_word' id='word_1_216' title='bbox 1577 2212 1735 2280; x_wconf 85' lang='grc' dir='ltr'>λόγου</span> <span class='ocrx_word' id='word_1_217' title='bbox 1775 2211 1870 2264; x_wconf 77' lang='grc' dir='ltr'>τοῦ</span> 
     </span>
    </p>
   </div>
   <div class='ocr_carea' id='block_1_35' title="bbox 305 2301 1876 2374">
    <p class='ocr_par' dir='ltr' id='par_1_35' title="bbox 305 2301 1876 2374">
     <span class='ocr_line' id='line_1_35' title="bbox 305 2301 1876 2374; baseline 0.002 -23"><span class='ocrx_word' id='word_1_218' title='bbox 305 2301 516 2370; x_wconf 78' lang='grc' dir='ltr'>ἐρήμου</span> <span class='ocrx_word' id='word_1_219' title='bbox 576 2303 826 2372; x_wconf 79' lang='grc' dir='ltr'>πράξεων</span> <span class='ocrx_word' id='word_1_220' title='bbox 853 2304 1267 2374; x_wconf 80' lang='grc' dir='ltr'>χρησιμωτέρα.</span> <span class='ocrx_word' id='word_1_221' title='bbox 1305 2304 1367 2356; x_wconf 90' lang='grc' dir='ltr'><strong>Εἰ</strong></span> <span class='ocrx_word' id='word_1_222' title='bbox 1405 2302 1461 2355; x_wconf 82' lang='grc' dir='ltr'><strong><em>δέ</em></strong></span> <span class='ocrx_word' id='word_1_223' title='bbox 1516 2320 1599 2364; x_wconf 89' lang='grc' dir='ltr'><strong><em>τις</em></strong></span> <span class='ocrx_word' id='word_1_224' title='bbox 1629 2303 1721 2356; x_wconf 77' lang='grc' dir='ltr'>καὶ</span> <span class='ocrx_word' id='word_1_225' title='bbox 1775 2302 1876 2365; x_wconf 91' lang='grc' dir='ltr'><strong><em>τάς</em></strong></span> 
     </span>
    </p>
   </div>
   <div class='ocr_carea' id='block_1_36' title="bbox 304 2390 1872 2462">
    <p class='ocr_par' dir='ltr' id='par_1_36' title="bbox 304 2390 1872 2462">
     <span class='ocr_line' id='line_1_36' title="bbox 304 2390 1872 2462; baseline 0.002 -22"><span class='ocrx_word' id='word_1_226' title='bbox 304 2390 532 2459; x_wconf 82' lang='grc' dir='ltr'>νοεράς,</span> <span class='ocrx_word' id='word_1_227' title='bbox 568 2392 662 2444; x_wconf 78' lang='grc' dir='ltr'>καὶ</span> <span class='ocrx_word' id='word_1_228' title='bbox 700 2392 764 2454; x_wconf 73' lang='grc' dir='ltr'>ἇς</span> <span class='ocrx_word' id='word_1_229' title='bbox 794 2409 956 2460; x_wconf 91' lang='grc' dir='ltr'>φασιν</span> <span class='ocrx_word' id='word_1_230' title='bbox 985 2393 1214 2462; x_wconf 85' lang='grc' dir='ltr'>ἀλόγους</span> <span class='ocrx_word' id='word_1_231' title='bbox 1246 2391 1379 2462; x_wconf 78' lang='grc' dir='ltr'>ἔχοι,</span> <span class='ocrx_word' id='word_1_232' title='bbox 1398 2391 1588 2445; x_wconf 82' lang='grc' dir='ltr'>τοῦτον</span> <span class='ocrx_word' id='word_1_233' title='bbox 1617 2391 1712 2445; x_wconf 72' lang='grc' dir='ltr'>καὶ</span> <span class='ocrx_word' id='word_1_234' title='bbox 1735 2391 1872 2459; x_wconf 86' lang='grc' dir='ltr'>ἀγα-</span> 
     </span>
    </p>
   </div>
   <div class='ocr_carea' id='block_1_37' title="bbox 305 2477 1058 2550">
    <p class='ocr_par' dir='ltr' id='par_1_37' title="bbox 305 2477 1058 2550">
     <span class='ocr_line' id='line_1_37' title="bbox 305 2477 1058 2550; baseline 0.004 -18"><span class='ocrx_word' id='word_1_235' title='bbox 305 2477 396 2532; x_wconf 82' lang='grc' dir='ltr'>θὸν</span> <span class='ocrx_word' id='word_1_236' title='bbox 423 2480 516 2532; x_wconf 75' lang='grc' dir='ltr'><strong><em>καὶ</em></strong></span> <span class='ocrx_word' id='word_1_237' title='bbox 551 2480 711 2548; x_wconf 84' lang='grc' dir='ltr'>σοφὸν</span> <span class='ocrx_word' id='word_1_238' title='bbox 740 2480 1058 2550; x_wconf 77' lang='grc' dir='ltr'>όρισαίμην.</span> 
     </span>
    </p>
   </div>
   <div class='ocr_carea' id='block_1_38' title="bbox 1974 1754 3546 1827">
    <p class='ocr_par' dir='ltr' id='par_1_38' title="bbox 1974 1754 3546 1827">
     <span class='ocr_line' id='line_1_38' title="bbox 1974 1754 3546 1827; baseline -0.001 -16"><span class='ocrx_word' id='word_1_239' title='bbox 1974 1755 2294 1827; x_wconf 71' lang='lat' dir='ltr'><strong><em>praeiudico,</em></strong></span> <span class='ocrx_word' id='word_1_240' title='bbox 2315 1755 2410 1812; x_wconf 83' lang='lat' dir='ltr'><strong><em>sed</em></strong></span> <span class='ocrx_word' id='word_1_241' title='bbox 2437 1754 2760 1810; x_wconf 87' lang='lat' dir='ltr'><strong><em>sententiam</em></strong></span> <span class='ocrx_word' id='word_1_242' title='bbox 2799 1754 3012 1824; x_wconf 76' lang='lat' dir='ltr'><strong><em>profero</em></strong></span> <span class='ocrx_word' id='word_1_243' title='bbox 3039 1755 3238 1814; x_wconf 81' lang='lat' dir='ltr'><strong><em>meam)</em></strong></span> <span class='ocrx_word' id='word_1_244' title='bbox 3269 1755 3357 1823; x_wconf 83' lang='lat' dir='ltr'><strong><em>qui</em></strong></span> <span class='ocrx_word' id='word_1_245' title='bbox 3389 1754 3546 1810; x_wconf 82' lang='lat' dir='ltr'><strong><em>intel-</em></strong></span> 
     </span>
    </p>
   </div>
   <div class='ocr_carea' id='block_1_39' title="bbox 1975 1847 3546 1918">
    <p class='ocr_par' dir='ltr' id='par_1_39' title="bbox 1975 1847 3546 1918">
     <span class='ocr_line' id='line_1_39' title="bbox 1975 1847 3546 1918; baseline -0.001 -16"><span class='ocrx_word' id='word_1_246' title='bbox 1975 1848 2145 1902; x_wconf 90' lang='lat' dir='ltr'><strong><em>lectus</em></strong></span> <span class='ocrx_word' id='word_1_247' title='bbox 2184 1847 2476 1901; x_wconf 77' lang='lat' dir='ltr'><strong><em>virtutibus</em></strong></span> <span class='ocrx_word' id='word_1_248' title='bbox 2505 1857 2633 1902; x_wconf 88' lang='lat' dir='ltr'><strong><em>sunt</em></strong></span> <span class='ocrx_word' id='word_1_249' title='bbox 2665 1849 2877 1913; x_wconf 89' lang='lat' dir='ltr'><strong><em>ornati,</em></strong></span> <span class='ocrx_word' id='word_1_250' title='bbox 2910 1848 3099 1918; x_wconf 80' lang='lat' dir='ltr'><strong><em>quales</em></strong></span> <span class='ocrx_word' id='word_1_251' title='bbox 3125 1858 3288 1913; x_wconf 87' lang='lat' dir='ltr'><strong><em>sunt,</em></strong></span> <span class='ocrx_word' id='word_1_252' title='bbox 3329 1848 3419 1917; x_wconf 92' lang='lat' dir='ltr'><strong><em>qui</em></strong></span> <span class='ocrx_word' id='word_1_253' title='bbox 3468 1863 3546 1901; x_wconf 86' lang='lat' dir='ltr'><strong><em>ra-</em></strong></span> 
     </span>
    </p>
   </div>
   <div class='ocr_carea' id='block_1_40' title="bbox 1977 1935 3544 2009">
    <p class='ocr_par' dir='ltr' id='par_1_40' title="bbox 1977 1935 3544 2009">
     <span class='ocr_line' id='line_1_40' title="bbox 1977 1935 3544 2009; baseline 0.002 -20"><span class='ocrx_word' id='word_1_254' title='bbox 1977 1936 2109 1991; x_wconf 92' lang='lat' dir='ltr'><strong><em>tioni</em></strong></span> <span class='ocrx_word' id='word_1_255' title='bbox 2135 1935 2522 1991; x_wconf 89' lang='lat' dir='ltr'><strong><em>convenienter</em></strong></span> <span class='ocrx_word' id='word_1_256' title='bbox 2543 1937 2767 2004; x_wconf 91' lang='lat' dir='ltr'><strong><em>vivunt,</em></strong></span> <span class='ocrx_word' id='word_1_257' title='bbox 2792 1937 2992 2007; x_wconf 88' lang='lat' dir='ltr'><strong><em>quique</em></strong></span> <span class='ocrx_word' id='word_1_258' title='bbox 3025 1952 3204 1994; x_wconf 88' lang='lat' dir='ltr'><strong><em>rerum</em></strong></span> <span class='ocrx_word' id='word_1_259' title='bbox 3237 1937 3544 2009; x_wconf 82' lang='lat' dir='ltr'><strong><em>cOgnitione</em></strong></span> 
     </span>
    </p>
   </div>
   <div class='ocr_carea' id='block_1_41' title="bbox 1977 2028 3546 2098">
    <p class='ocr_par' dir='ltr' id='par_1_41' title="bbox 1977 2028 3546 2098">
     <span class='ocr_line' id='line_1_41' title="bbox 1977 2028 3546 2098; baseline -0.001 -15"><span class='ocrx_word' id='word_1_260' title='bbox 1977 2028 2352 2097; x_wconf 81' lang='lat' dir='ltr'><strong><em>sapientiaque</em></strong></span> <span class='ocrx_word' id='word_1_261' title='bbox 2377 2029 2584 2096; x_wconf 66' lang='lat' dir='ltr'><strong><em>praediti</em></strong></span> <span class='ocrx_word' id='word_1_262' title='bbox 2612 2032 2754 2083; x_wconf 86' lang='lat' dir='ltr'><strong><em>sunt.</em></strong></span> <span class='ocrx_word' id='word_1_263' title='bbox 2794 2029 2972 2084; x_wconf 88' lang='lat' dir='ltr'><strong><em>Bonos</em></strong></span> <span class='ocrx_word' id='word_1_264' title='bbox 3011 2043 3144 2084; x_wconf 86' lang='lat' dir='ltr'><strong><em>vero</em></strong></span> <span class='ocrx_word' id='word_1_265' title='bbox 3177 2029 3386 2094; x_wconf 80' lang='lat' dir='ltr'><strong><em>dixero,</em></strong></span> <span class='ocrx_word' id='word_1_266' title='bbox 3413 2030 3504 2098; x_wconf 80' lang='lat' dir='ltr'><strong><em>qui</em></strong></span> <span class='ocrx_word' id='word_1_267' title='bbox 3529 2067 3546 2093; x_wconf 90' lang='lat'><strong><em>,</em></strong></span> 
     </span>
    </p>
   </div>
   <div class='ocr_carea' id='block_1_42' title="bbox 1979 2118 3548 2186">
    <p class='ocr_par' dir='ltr' id='par_1_42' title="bbox 1979 2118 3548 2186">
     <span class='ocr_line' id='line_1_42' title="bbox 1979 2118 3548 2186; baseline 0.001 -16"><span class='ocrx_word' id='word_1_268' title='bbox 1979 2133 2098 2186; x_wconf 71' lang='lat' dir='ltr'><strong><em>qua:</em></strong></span> <span class='ocrx_word' id='word_1_269' title='bbox 2126 2118 2319 2171; x_wconf 79' lang='lat' dir='ltr'><strong><em>rationi</em></strong></span> <span class='ocrx_word' id='word_1_270' title='bbox 2350 2127 2708 2173; x_wconf 83' lang='lat' dir='ltr'><strong><em>consentanea</em></strong></span> <span class='ocrx_word' id='word_1_271' title='bbox 2739 2134 2842 2174; x_wconf 88' lang='lat' dir='ltr'><strong><em>non</em></strong></span> <span class='ocrx_word' id='word_1_272' title='bbox 2882 2128 3028 2186; x_wconf 91' lang='lat' dir='ltr'><strong><em>sunt,</em></strong></span> <span class='ocrx_word' id='word_1_273' title='bbox 3063 2134 3156 2174; x_wconf 88' lang='lat' dir='ltr'><strong><em>seu</em></strong></span> <span class='ocrx_word' id='word_1_274' title='bbox 3182 2134 3292 2174; x_wconf 87' lang='lat' dir='ltr'><strong><em>non</em></strong></span> <span class='ocrx_word' id='word_1_275' title='bbox 3321 2120 3548 2174; x_wconf 86' lang='lat' dir='ltr'><strong><em>rationa-</em></strong></span> 
     </span>
    </p>
   </div>
   <div class='ocr_carea' id='block_1_43' title="bbox 1980 2210 3544 2280">
    <p class='ocr_par' dir='ltr' id='par_1_43' title="bbox 1980 2210 3544 2280">
     <span class='ocr_line' id='line_1_43' title="bbox 1980 2210 3544 2280; baseline 0.001 -18"><span class='ocrx_word' id='word_1_276' title='bbox 1980 2210 2056 2262; x_wconf 91' lang='lat' dir='ltr'><strong><em>les</em></strong></span> <span class='ocrx_word' id='word_1_277' title='bbox 2081 2210 2329 2275; x_wconf 86' lang='lat' dir='ltr'><strong><em>virtutes,</em></strong></span> <span class='ocrx_word' id='word_1_278' title='bbox 2363 2220 2473 2264; x_wconf 89' lang='lat' dir='ltr'><strong><em>uta</em></strong></span> <span class='ocrx_word' id='word_1_279' title='bbox 2511 2211 2830 2280; x_wconf 87' lang='lat' dir='ltr'><strong><em>quibusdam</em></strong></span> <span class='ocrx_word' id='word_1_280' title='bbox 2856 2213 3223 2275; x_wconf 89' lang='lat' dir='ltr'><strong><em>nominantur,</em></strong></span> <span class='ocrx_word' id='word_1_281' title='bbox 3251 2211 3544 2280; x_wconf 84' lang='lat' dir='ltr'><strong><em>possident.</em></strong></span> 
     </span>
    </p>
   </div>
   <div class='ocr_carea' id='block_1_44' title="bbox 1977 2297 3546 2369">
    <p class='ocr_par' dir='ltr' id='par_1_44' title="bbox 1977 2297 3546 2369">
     <span class='ocr_line' id='line_1_44' title="bbox 1977 2297 3546 2369; baseline 0 -19"><span class='ocrx_word' id='word_1_282' title='bbox 1977 2297 2142 2368; x_wconf 72' lang='lat'><strong><em>586</em></strong></span> <span class='ocrx_word' id='word_1_283' title='bbox 2175 2298 2371 2363; x_wconf 85' lang='lat' dir='ltr'><strong><em>Quales</em></strong></span> <span class='ocrx_word' id='word_1_284' title='bbox 2406 2308 2580 2363; x_wconf 88' lang='lat' dir='ltr'><strong><em>erant,</em></strong></span> <span class='ocrx_word' id='word_1_285' title='bbox 2615 2300 2705 2368; x_wconf 90' lang='lat' dir='ltr'><strong><em>qui</em></strong></span> <span class='ocrx_word' id='word_1_286' title='bbox 2739 2299 2954 2367; x_wconf 89' lang='lat' dir='ltr'><strong><em>sapiens</em></strong></span> <span class='ocrx_word' id='word_1_287' title='bbox 2988 2299 3118 2353; x_wconf 87' lang='lat' dir='ltr'><strong><em>nihil</em></strong></span> <span class='ocrx_word' id='word_1_288' title='bbox 3150 2299 3393 2369; x_wconf 81' lang='lat' dir='ltr'><strong><em>proferre</em></strong></span> <span class='ocrx_word' id='word_1_289' title='bbox 3421 2313 3546 2352; x_wconf 89' lang='lat' dir='ltr'><strong><em>eum</em></strong></span> 
     </span>
    </p>
   </div>
   <div class='ocr_carea' id='block_1_45' title="bbox 1975 2387 3547 2458">
    <p class='ocr_par' dir='ltr' id='par_1_45' title="bbox 1975 2387 3547 2458">
     <span class='ocr_line' id='line_1_45' title="bbox 1975 2387 3547 2458; baseline 0 -18"><span class='ocrx_word' id='word_1_290' title='bbox 1975 2397 2226 2458; x_wconf 90' lang='lat' dir='ltr'><strong><em>possent,</em></strong></span> <span class='ocrx_word' id='word_1_291' title='bbox 2275 2401 2334 2442; x_wconf 88' lang='lat' dir='ltr'><strong><em>se</em></strong></span> <span class='ocrx_word' id='word_1_292' title='bbox 2382 2389 2525 2457; x_wconf 91' lang='lat' dir='ltr'><strong><em>ipsos</em></strong></span> <span class='ocrx_word' id='word_1_293' title='bbox 2567 2389 3002 2454; x_wconf 88' lang='lat' dir='ltr'><strong><em>considerantes,</em></strong></span> <span class='ocrx_word' id='word_1_294' title='bbox 3050 2387 3310 2456; x_wconf 89' lang='lat' dir='ltr'><strong><em>optimum</em></strong></span> <span class='ocrx_word' id='word_1_295' title='bbox 3365 2397 3547 2440; x_wconf 87' lang='lat' dir='ltr'><strong><em>tamen</em></strong></span> 
     </span>
    </p>
   </div>
   <div class='ocr_carea' id='block_1_46' title="bbox 1974 2477 3548 2546">
    <p class='ocr_par' dir='ltr' id='par_1_46' title="bbox 1974 2477 3548 2546">
     <span class='ocr_line' id='line_1_46' title="bbox 1974 2477 3548 2546; baseline 0.001 -17"><span class='ocrx_word' id='word_1_296' title='bbox 1974 2479 2098 2532; x_wconf 70' lang='lat' dir='ltr'><strong><em>vitae</em></strong></span> <span class='ocrx_word' id='word_1_297' title='bbox 2147 2477 2491 2532; x_wconf 60' lang='lat' dir='ltr'><strong><em>instituenda:</em></strong></span> <span class='ocrx_word' id='word_1_298' title='bbox 2531 2479 2749 2531; x_wconf 90' lang='lat' dir='ltr'><strong><em>modum</em></strong></span> <span class='ocrx_word' id='word_1_299' title='bbox 2784 2493 2848 2532; x_wconf 90' lang='lat' dir='ltr'><strong><em>ac</em></strong></span> <span class='ocrx_word' id='word_1_300' title='bbox 2880 2479 3142 2533; x_wconf 89' lang='lat' dir='ltr'><strong><em>rationem</em></strong></span> <span class='ocrx_word' id='word_1_301' title='bbox 3182 2478 3456 2546; x_wconf 79' lang='lat' dir='ltr'><strong><em>praebent,</em></strong></span> <span class='ocrx_word' id='word_1_302' title='bbox 3491 2486 3548 2530; x_wconf 80' lang='lat' dir='ltr'><strong><em>et</em></strong></span> 
     </span>
    </p>
   </div>
   <div class='ocr_carea' id='block_1_47' title="bbox 303 2573 3547 2647">
    <p class='ocr_par' dir='ltr' id='par_1_47' title="bbox 303 2573 3547 2647">
     <span class='ocr_line' id='line_1_47' title="bbox 303 2573 3547 2647; baseline -0.001 -18"><span class='ocrx_word' id='word_1_303' title='bbox 303 2575 382 2629; x_wconf 81' lang='lat' dir='ltr'><strong><em>sic</em></strong></span> <span class='ocrx_word' id='word_1_304' title='bbox 409 2575 539 2644; x_wconf 90' lang='lat' dir='ltr'><strong><em>ipsis</em></strong></span> <span class='ocrx_word' id='word_1_305' title='bbox 571 2576 733 2630; x_wconf 87' lang='lat' dir='ltr'><strong><em>etiam</em></strong></span> <span class='ocrx_word' id='word_1_306' title='bbox 768 2577 1135 2643; x_wconf 87' lang='lat' dir='ltr'><strong><em>spectantibus</em></strong></span> <span class='ocrx_word' id='word_1_307' title='bbox 1169 2577 1409 2633; x_wconf 88' lang='lat' dir='ltr'><strong><em>docendo</em></strong></span> <span class='ocrx_word' id='word_1_308' title='bbox 1439 2574 1960 2647; x_wconf 68' lang='lat' dir='ltr'><strong><em>praeeunt,‘quorum</em></strong></span> <span class='ocrx_word' id='word_1_309' title='bbox 2025 2573 2078 2626; x_wconf 92' lang='lat' dir='ltr'><strong><em>in</em></strong></span> <span class='ocrx_word' id='word_1_310' title='bbox 2107 2587 2358 2628; x_wconf 90' lang='lat' dir='ltr'><strong><em>sermone</em></strong></span> <span class='ocrx_word' id='word_1_311' title='bbox 2427 2574 2768 2628; x_wconf 84' lang='lat' dir='ltr'><strong><em>taciturnitas</em></strong></span> <span class='ocrx_word' id='word_1_312' title='bbox 2837 2573 3019 2628; x_wconf 88' lang='lat' dir='ltr'><strong><em>utilior</em></strong></span> <span class='ocrx_word' id='word_1_313' title='bbox 3059 2582 3141 2627; x_wconf 91' lang='lat' dir='ltr'><strong><em>est</em></strong></span> <span class='ocrx_word' id='word_1_314' title='bbox 3169 2612 3183 2636; x_wconf 88' lang='lat'><strong><em>,</em></strong></span> <span class='ocrx_word' id='word_1_315' title='bbox 3210 2588 3372 2644; x_wconf 87' lang='lat' dir='ltr'><strong><em>quam</em></strong></span> <span class='ocrx_word' id='word_1_316' title='bbox 3405 2573 3547 2627; x_wconf 87' lang='lat' dir='ltr'><strong><em>illius</em></strong></span> 
     </span>
    </p>
   </div>
   <div class='ocr_carea' id='block_1_48' title="bbox 303 2662 3546 2733">
    <p class='ocr_par' dir='ltr' id='par_1_48' title="bbox 303 2662 3546 2733">
     <span class='ocr_line' id='line_1_48' title="bbox 303 2662 3546 2733; baseline -0 -15"><span class='ocrx_word' id='word_1_317' title='bbox 303 2678 504 2728; x_wconf 81' lang='lat' dir='ltr'><strong><em>sermo,</em></strong></span> <span class='ocrx_word' id='word_1_318' title='bbox 541 2663 631 2732; x_wconf 86' lang='lat' dir='ltr'><strong><em>qui</em></strong></span> <span class='ocrx_word' id='word_1_319' title='bbox 663 2663 911 2732; x_wconf 70' lang='lat' dir='ltr'><strong><em>prtesidio</em></strong></span> <span class='ocrx_word' id='word_1_320' title='bbox 954 2680 1131 2719; x_wconf 89' lang='lat' dir='ltr'><strong><em>rerum</em></strong></span> <span class='ocrx_word' id='word_1_321' title='bbox 1172 2665 1456 2721; x_wconf 89' lang='lat' dir='ltr'><strong><em>destitutus</em></strong></span> <span class='ocrx_word' id='word_1_322' title='bbox 1501 2664 1592 2717; x_wconf 88' lang='lat' dir='ltr'><strong><em>sit.</em></strong></span> <span class='ocrx_word' id='word_1_323' title='bbox 1645 2663 1702 2716; x_wconf 87' lang='lat' dir='ltr'><strong><em>Si</em></strong></span> <span class='ocrx_word' id='word_1_324' title='bbox 1737 2676 1864 2717; x_wconf 88' lang='lat' dir='ltr'><strong><em>vero</em></strong></span> <span class='ocrx_word' id='word_1_325' title='bbox 1905 2663 2028 2730; x_wconf 92' lang='lat' dir='ltr'><strong><em>quis</em></strong></span> <span class='ocrx_word' id='word_1_326' title='bbox 2056 2669 2110 2716; x_wconf 89' lang='lat' dir='ltr'><strong><em>et</em></strong></span> <span class='ocrx_word' id='word_1_327' title='bbox 2139 2662 2526 2717; x_wconf 88' lang='lat' dir='ltr'><strong><em>intellectuales</em></strong></span> <span class='ocrx_word' id='word_1_328' title='bbox 2550 2671 2605 2717; x_wconf 90' lang='lat' dir='ltr'><strong><em>et</em></strong></span> <span class='ocrx_word' id='word_1_329' title='bbox 2623 2677 2758 2733; x_wconf 88' lang='lat' dir='ltr'><strong><em>quas</em></strong></span> <span class='ocrx_word' id='word_1_330' title='bbox 2823 2671 3020 2719; x_wconf 84' lang='lat' dir='ltr'><strong><em>vocant</em></strong></span> <span class='ocrx_word' id='word_1_331' title='bbox 3078 2677 3184 2718; x_wconf 90' lang='lat' dir='ltr'><strong><em>non</em></strong></span> <span class='ocrx_word' id='word_1_332' title='bbox 3218 2663 3546 2719; x_wconf 85' lang='lat' dir='ltr'><strong><em>intellectua-</em></strong></span> 
     </span>
    </p>
   </div>
   <div class='ocr_carea' id='block_1_49' title="bbox 304 2755 2322 2825">
    <p class='ocr_par' dir='ltr' id='par_1_49' title="bbox 304 2755 2322 2825">
     <span class='ocr_line' id='line_1_49' title="bbox 304 2755 2322 2825; baseline 0 -16"><span class='ocrx_word' id='word_1_333' title='bbox 304 2756 382 2812; x_wconf 88' lang='lat' dir='ltr'><strong><em>les</em></strong></span> <span class='ocrx_word' id='word_1_334' title='bbox 405 2757 598 2811; x_wconf 89' lang='lat' dir='ltr'><strong><em>habeat</em></strong></span> <span class='ocrx_word' id='word_1_335' title='bbox 627 2757 885 2820; x_wconf 82' lang='lat' dir='ltr'><strong><em>virtutes;</em></strong></span> <span class='ocrx_word' id='word_1_336' title='bbox 913 2755 1053 2810; x_wconf 90' lang='lat' dir='ltr'><strong><em>hunc</em></strong></span> <span class='ocrx_word' id='word_1_337' title='bbox 1077 2771 1179 2825; x_wconf 91' lang='lat' dir='ltr'><strong><em>ego</em></strong></span> <span class='ocrx_word' id='word_1_338' title='bbox 1202 2769 1254 2811; x_wconf 88' lang='lat' dir='ltr'><strong><em>et</em></strong></span> <span class='ocrx_word' id='word_1_339' title='bbox 1278 2759 1475 2812; x_wconf 92' lang='lat' dir='ltr'><strong><em>bonum</em></strong></span> <span class='ocrx_word' id='word_1_340' title='bbox 1503 2763 1557 2810; x_wconf 88' lang='lat' dir='ltr'><strong><em>et</em></strong></span> <span class='ocrx_word' id='word_1_341' title='bbox 1590 2755 1884 2825; x_wconf 88' lang='lat' dir='ltr'><strong><em>sapientem</em></strong></span> <span class='ocrx_word' id='word_1_342' title='bbox 1922 2769 2322 2825; x_wconf 81' lang='lat' dir='ltr'><strong><em>nuncupavere.</em></strong></span> 
     </span>
    </p>
   </div>
   <div class='ocr_carea' id='block_1_50' title="bbox 562 2866 1539 2940">
    <p class='ocr_par' dir='ltr' id='par_1_50' title="bbox 562 2866 1539 2940">
     <span class='ocr_line' id='line_1_50' title="bbox 562 2866 1539 2940; baseline 0 -18"><span class='ocrx_word' id='word_1_343' title='bbox 562 2866 713 2922; x_wconf 80' lang='lat' dir='ltr'><strong><em>PlA&#39;.</em></strong></span> <span class='ocrx_word' id='word_1_344' title='bbox 755 2900 822 2909; x_wconf 91' lang='lat'><strong><em>—-</em></strong></span> <span class='ocrx_word' id='word_1_345' title='bbox 863 2869 1184 2939; x_wconf 73' lang='grc' dir='ltr'><strong><em>ΕΠΙΦΑΝΙῼ</em></strong></span> <span class='ocrx_word' id='word_1_346' title='bbox 1221 2868 1539 2940; x_wconf 76' lang='grc' dir='ltr'><strong><em>ΔΙΑΚΟΝῼ.</em></strong></span> 
     </span>
    </p>
   </div>
   <div class='ocr_carea' id='block_1_51' title="bbox 1894 2853 1941 2912">
    <p class='ocr_par' dir='ltr' id='par_1_51' title="bbox 1894 2853 1941 2912">
     <span class='ocr_line' id='line_1_51' title="bbox 1894 2853 1941 2912; baseline 0 0"><span class='ocrx_word' id='word_1_347' title='bbox 1894 2853 1941 2912; x_wconf 86' lang='lat' dir='ltr'><strong><em>C</em></strong></span> 
     </span>
    </p>
   </div>
   <div class='ocr_carea' id='block_1_52' title="bbox 2254 2865 3264 2927">
    <p class='ocr_par' dir='ltr' id='par_1_52' title="bbox 2254 2865 3264 2927">
     <span class='ocr_line' id='line_1_52' title="bbox 2254 2865 3264 2927; baseline 0.006 -6"><span class='ocrx_word' id='word_1_348' title='bbox 2254 2868 2390 2921; x_wconf 76' lang='lat' dir='ltr'><strong><em>CXI.</em></strong></span> <span class='ocrx_word' id='word_1_349' title='bbox 2425 2896 2492 2907; x_wconf 83' lang='lat'><strong>—</strong></span> <span class='ocrx_word' id='word_1_350' title='bbox 2521 2866 2890 2923; x_wconf 74' lang='lat' dir='ltr'><strong><em>EPIPHANIO</em></strong></span> <span class='ocrx_word' id='word_1_351' title='bbox 2945 2865 3264 2927; x_wconf 80' lang='lat' dir='ltr'><strong><em>DIACONO.</em></strong></span> 
     </span>
    </p>
   </div>
   <div class='ocr_carea' id='block_1_53' title="bbox 547 2961 3290 3034">
    <p class='ocr_par' dir='ltr' id='par_1_53' title="bbox 547 2961 3290 3034">
     <span class='ocr_line' id='line_1_53' title="bbox 547 2961 3290 3034; baseline 0.002 -18"><span class='ocrx_word' id='word_1_352' title='bbox 547 2964 885 3034; x_wconf 84' lang='grc' dir='ltr'>Συγγνώμης</span> <span class='ocrx_word' id='word_1_353' title='bbox 912 2965 1048 3018; x_wconf 86' lang='lat' dir='ltr'><strong><em>unde</em></strong></span> <span class='ocrx_word' id='word_1_354' title='bbox 1078 2981 1260 3017; x_wconf 84' lang='lat' dir='ltr'><strong><em>nomen</em></strong></span> <span class='ocrx_word' id='word_1_355' title='bbox 1292 2966 1566 3030; x_wconf 83' lang='lat' dir='ltr'><strong><em>scriptum.</em></strong></span> <span class='ocrx_word' id='word_1_356' title='bbox 1601 2965 1794 3019; x_wconf 77' lang='lat' dir='ltr'><strong><em>Matth.</em></strong></span> <span class='ocrx_word' id='word_1_357' title='bbox 1831 2978 1882 3027; x_wconf 87' lang='grc' dir='ltr'><strong><em>ν,</em></strong></span> <span class='ocrx_word' id='word_1_358' title='bbox 1911 2963 2018 3016; x_wconf 68' lang='lat'><strong><em>26:</em></strong></span> <span class='ocrx_word' id='word_1_359' title='bbox 2059 2981 2077 3013; x_wconf 75' lang='grc' dir='ltr'><strong><em>ι</em></strong></span> <span class='ocrx_word' id='word_1_360' title='bbox 2121 2961 2246 3015; x_wconf 89' lang='lat' dir='ltr'><strong><em>Esto</em></strong></span> <span class='ocrx_word' id='word_1_361' title='bbox 2277 2961 2602 3015; x_wconf 76' lang='lat' dir='ltr'><strong><em>consentiens</em></strong></span> <span class='ocrx_word' id='word_1_362' title='bbox 2642 2963 2945 3017; x_wconf 83' lang='lat' dir='ltr'><strong><em>aduersario</em></strong></span> <span class='ocrx_word' id='word_1_363' title='bbox 2973 2974 3085 3029; x_wconf 87' lang='lat' dir='ltr'><strong><em>tuo,</em></strong></span> <span class='ocrx_word' id='word_1_364' title='bbox 3133 2983 3152 3018; x_wconf 72' lang='grc' dir='ltr'><strong><em>ι</em></strong></span> <span class='ocrx_word' id='word_1_365' title='bbox 3184 2976 3290 3022; x_wconf 89' lang='lat' dir='ltr'><strong><em>etc.</em></strong></span> 
     </span>
    </p>
   </div>
   <div class='ocr_carea' id='block_1_54' title="bbox 386 3078 1870 3150">
    <p class='ocr_par' dir='ltr' id='par_1_54' title="bbox 386 3078 1870 3150">
     <span class='ocr_line' id='line_1_54' title="bbox 386 3078 1870 3150; baseline 0 -18"><span class='ocrx_word' id='word_1_366' title='bbox 386 3079 602 3149; x_wconf 80' lang='grc' dir='ltr'>Ἐπειδὴ</span> <span class='ocrx_word' id='word_1_367' title='bbox 616 3078 925 3149; x_wconf 81' lang='grc' dir='ltr'>γέγραφας,</span> <span class='ocrx_word' id='word_1_368' title='bbox 945 3079 1109 3132; x_wconf 87' lang='grc' dir='ltr'>πόθεν</span> <span class='ocrx_word' id='word_1_369' title='bbox 1128 3079 1196 3132; x_wconf 76' lang='grc' dir='ltr'><strong><em>τὸ</em></strong></span> <span class='ocrx_word' id='word_1_370' title='bbox 1221 3080 1321 3148; x_wconf 86' lang='grc' dir='ltr'>τῆς</span> <span class='ocrx_word' id='word_1_371' title='bbox 1355 3079 1679 3150; x_wconf 88' lang='grc' dir='ltr'>συγγνώμης</span> <span class='ocrx_word' id='word_1_372' title='bbox 1701 3079 1870 3148; x_wconf 78' lang='grc' dir='ltr'>ὄνομα</span> 
     </span>
    </p>
   </div>
   <div class='ocr_carea' id='block_1_55' title="bbox 303 3166 1871 3238">
    <p class='ocr_par' dir='ltr' id='par_1_55' title="bbox 303 3166 1871 3238">
     <span class='ocr_line' id='line_1_55' title="bbox 303 3166 1871 3238; baseline -0.001 -17"><span class='ocrx_word' id='word_1_373' title='bbox 303 3170 398 3222; x_wconf 75' lang='grc' dir='ltr'><strong><em>ἐπὶ</em></strong></span> <span class='ocrx_word' id='word_1_374' title='bbox 424 3169 523 3238; x_wconf 85' lang='grc' dir='ltr'><strong><em>τῆς</em></strong></span> <span class='ocrx_word' id='word_1_375' title='bbox 563 3168 837 3236; x_wconf 65' lang='grc' dir='ltr'>ἀφέσεως</span> <span class='ocrx_word' id='word_1_376' title='bbox 871 3168 972 3220; x_wconf 81' lang='grc' dir='ltr'>καὶ</span> <span class='ocrx_word' id='word_1_377' title='bbox 1026 3168 1472 3236; x_wconf 77' lang='grc' dir='ltr'>συγχωρήσεως</span> <span class='ocrx_word' id='word_1_378' title='bbox 1510 3166 1871 3238; x_wconf 81' lang='grc' dir='ltr'>παραλαμϐά-</span> 
     </span>
    </p>
   </div>
   <div class='ocr_carea' id='block_1_56' title="bbox 305 3260 1870 3331">
    <p class='ocr_par' dir='ltr' id='par_1_56' title="bbox 305 3260 1870 3331">
     <span class='ocr_line' id='line_1_56' title="bbox 305 3260 1870 3331; baseline -0.002 -17"><span class='ocrx_word' id='word_1_379' title='bbox 305 3277 482 3314; x_wconf 89' lang='grc' dir='ltr'>νεται·</span> <span class='ocrx_word' id='word_1_380' title='bbox 515 3262 732 3331; x_wconf 83' lang='grc' dir='ltr'>ήγοῦμα</span> <span class='ocrx_word' id='word_1_381' title='bbox 757 3280 794 3325; x_wconf 93' lang='grc' dir='ltr'><strong><em>ι,</em></strong></span> <span class='ocrx_word' id='word_1_382' title='bbox 811 3261 892 3313; x_wconf 81' lang='grc' dir='ltr'>ὅτι</span> <span class='ocrx_word' id='word_1_383' title='bbox 915 3261 1103 3330; x_wconf 76' lang='grc' dir='ltr'>ἐπειδὴ</span> <span class='ocrx_word' id='word_1_384' title='bbox 1120 3264 1146 3314; x_wconf 92' lang='lat'><strong><em>6</em></strong></span> <span class='ocrx_word' id='word_1_385' title='bbox 1163 3262 1326 3329; x_wconf 79' lang='grc' dir='ltr'>γνοὺς</span> <span class='ocrx_word' id='word_1_386' title='bbox 1345 3260 1555 3326; x_wconf 74' lang='grc' dir='ltr'>ἑαυτὸν,</span> <span class='ocrx_word' id='word_1_387' title='bbox 1575 3260 1870 3323; x_wconf 86' lang='grc' dir='ltr'>τουτέστιν,</span> 
     </span>
    </p>
   </div>
   <div class='ocr_carea' id='block_1_57' title="bbox 305 3352 1869 3424">
    <p class='ocr_par' dir='ltr' id='par_1_57' title="bbox 305 3352 1869 3424">
     <span class='ocr_line' id='line_1_57' title="bbox 305 3352 1869 3424; baseline -0.002 -17"><span class='ocrx_word' id='word_1_388' title='bbox 305 3357 335 3407; x_wconf 91' lang='lat'><strong><em>6</em></strong></span> <span class='ocrx_word' id='word_1_389' title='bbox 369 3356 504 3424; x_wconf 86' lang='grc' dir='ltr'>μήτε</span> <span class='ocrx_word' id='word_1_390' title='bbox 549 3356 640 3407; x_wconf 76' lang='grc' dir='ltr'>ἐπὶ</span> <span class='ocrx_word' id='word_1_391' title='bbox 673 3357 786 3417; x_wconf 88' lang='grc' dir='ltr'>τοῖς</span> <span class='ocrx_word' id='word_1_392' title='bbox 815 3354 1149 3423; x_wconf 81' lang='grc' dir='ltr'>πταίσμασιν</span> <span class='ocrx_word' id='word_1_393' title='bbox 1175 3354 1407 3421; x_wconf 81' lang='grc' dir='ltr'>ἀγνοῶν,</span> <span class='ocrx_word' id='word_1_394' title='bbox 1457 3353 1540 3406; x_wconf 82' lang='grc' dir='ltr'>ὅτι</span> <span class='ocrx_word' id='word_1_395' title='bbox 1589 3352 1869 3417; x_wconf 79' lang='grc' dir='ltr'>ἔπταισεν,</span> 
     </span>
    </p>
   </div>
   <div class='ocr_carea' id='block_1_58' title="bbox 307 3444 1872 3515">
    <p class='ocr_par' dir='ltr' id='par_1_58' title="bbox 307 3444 1872 3515">
     <span class='ocr_line' id='line_1_58' title="bbox 307 3444 1872 3515; baseline -0.002 -16"><span class='ocrx_word' id='word_1_396' title='bbox 307 3445 444 3499; x_wconf 89' lang='grc' dir='ltr'><strong><em>ἀλλά</em></strong></span> <span class='ocrx_word' id='word_1_397' title='bbox 492 3446 770 3513; x_wconf 84' lang='grc' dir='ltr'>φυλάττων</span> <span class='ocrx_word' id='word_1_398' title='bbox 818 3444 880 3498; x_wconf 83' lang='grc' dir='ltr'>τὺ</span> <span class='ocrx_word' id='word_1_399' title='bbox 927 3445 1090 3513; x_wconf 86' lang='grc' dir='ltr'>σοφὸν</span> <span class='ocrx_word' id='word_1_400' title='bbox 1138 3445 1465 3515; x_wconf 70' lang='grc' dir='ltr'>ἀπόφθεγμα</span> <span class='ocrx_word' id='word_1_401' title='bbox 1501 3445 1583 3510; x_wconf 83' lang='grc' dir='ltr'><strong><em>τὸ,</em></strong></span> <span class='ocrx_word' id='word_1_402' title='bbox 1626 3463 1644 3496; x_wconf 81' lang='grc' dir='ltr'><strong><em>ι</em></strong></span> <span class='ocrx_word' id='word_1_403' title='bbox 1699 3444 1872 3497; x_wconf 90' lang='grc' dir='ltr'>Γνῶθι</span> 
     </span>
    </p>
   </div>
   <div class='ocr_carea' id='block_1_59' title="bbox 310 3533 1869 3606">
    <p class='ocr_par' dir='ltr' id='par_1_59' title="bbox 310 3533 1869 3606">
     <span class='ocr_line' id='line_1_59' title="bbox 310 3533 1869 3606; baseline 0 -18"><span class='ocrx_word' id='word_1_404' title='bbox 310 3535 535 3590; x_wconf 77' lang='grc' dir='ltr'>σαυτόν’</span> <span class='ocrx_word' id='word_1_405' title='bbox 591 3555 608 3588; x_wconf 77' lang='grc' dir='ltr'><strong><em>ι</em></strong></span> <span class='ocrx_word' id='word_1_406' title='bbox 645 3539 780 3606; x_wconf 85' lang='grc' dir='ltr'>μήτε</span> <span class='ocrx_word' id='word_1_407' title='bbox 824 3537 882 3588; x_wconf 85' lang='grc' dir='ltr'>ὲν</span> <span class='ocrx_word' id='word_1_408' title='bbox 904 3538 1016 3597; x_wconf 89' lang='grc' dir='ltr'>τοῖς</span> <span class='ocrx_word' id='word_1_409' title='bbox 1051 3533 1492 3606; x_wconf 76' lang='grc' dir='ltr'>κατορθώμασιν,</span> <span class='ocrx_word' id='word_1_410' title='bbox 1534 3536 1582 3587; x_wconf 88' lang='grc' dir='ltr'><strong><em>εί</em></strong></span> <span class='ocrx_word' id='word_1_411' title='bbox 1613 3534 1707 3588; x_wconf 86' lang='grc' dir='ltr'><strong><em>καί</em></strong></span> <span class='ocrx_word' id='word_1_412' title='bbox 1739 3551 1869 3588; x_wconf 85' lang='grc' dir='ltr'>ποτε</span> 
     </span>
    </p>
   </div>
   <div class='ocr_carea' id='block_1_60' title="bbox 307 3625 1868 3697">
    <p class='ocr_par' dir='ltr' id='par_1_60' title="bbox 307 3625 1868 3697">
     <span class='ocr_line' id='line_1_60' title="bbox 307 3625 1868 3697; baseline -0.001 -18"><span class='ocrx_word' id='word_1_413' title='bbox 307 3626 487 3696; x_wconf 86' lang='grc' dir='ltr'>ὀλίγον</span> <span class='ocrx_word' id='word_1_414' title='bbox 522 3626 894 3690; x_wconf 80' lang='grc' dir='ltr'>ἀπονυστάξας</span> <span class='ocrx_word' id='word_1_415' title='bbox 923 3627 1003 3689; x_wconf 84' lang='grc' dir='ltr'><strong><em>είς</em></strong></span> <span class='ocrx_word' id='word_1_416' title='bbox 1030 3625 1345 3690; x_wconf 80' lang='grc' dir='ltr'>ἀλαζονείαν</span> <span class='ocrx_word' id='word_1_417' title='bbox 1384 3626 1526 3696; x_wconf 72' lang='grc' dir='ltr'>ἤρθη</span> <span class='ocrx_word' id='word_1_418' title='bbox 1562 3625 1705 3696; x_wconf 87' lang='grc' dir='ltr'>μέγα</span> <span class='ocrx_word' id='word_1_419' title='bbox 1737 3642 1868 3697; x_wconf 84' lang='grc' dir='ltr'>φρο-</span> 
     </span>
    </p>
   </div>
   <div class='ocr_carea' id='block_1_61' title="bbox 309 3716 1864 3786">
    <p class='ocr_par' dir='ltr' id='par_1_61' title="bbox 309 3716 1864 3786">
     <span class='ocr_line' id='line_1_61' title="bbox 309 3716 1864 3786; baseline 0 -17"><span class='ocrx_word' id='word_1_420' title='bbox 309 3717 416 3770; x_wconf 86' lang='grc' dir='ltr'><strong><em>νῶν</em></strong></span> <span class='ocrx_word' id='word_1_421' title='bbox 439 3733 452 3747; x_wconf 89' lang='grc'><strong>·</strong></span> <span class='ocrx_word' id='word_1_422' title='bbox 501 3717 637 3770; x_wconf 86' lang='grc' dir='ltr'><strong><em>ἀλλά</em></strong></span> <span class='ocrx_word' id='word_1_423' title='bbox 675 3716 774 3786; x_wconf 78' lang='grc' dir='ltr'><strong><em>τὴν</em></strong></span> <span class='ocrx_word' id='word_1_424' title='bbox 803 3717 1011 3770; x_wconf 84' lang='grc' dir='ltr'>οίκείαν</span> <span class='ocrx_word' id='word_1_425' title='bbox 1055 3716 1215 3785; x_wconf 79' lang='grc' dir='ltr'>φύσιν</span> <span class='ocrx_word' id='word_1_426' title='bbox 1246 3717 1340 3770; x_wconf 72' lang='grc' dir='ltr'><strong><em>καὶ</em></strong></span> <span class='ocrx_word' id='word_1_427' title='bbox 1385 3717 1670 3770; x_wconf 88' lang='grc' dir='ltr'>ἀσθένειαν</span> <span class='ocrx_word' id='word_1_428' title='bbox 1705 3733 1864 3770; x_wconf 82' lang='grc' dir='ltr'>κατα-</span> 
     </span>
    </p>
   </div>
   <div class='ocr_carea' id='block_1_62' title="bbox 321 3805 1875 3878">
    <p class='ocr_par' dir='ltr' id='par_1_62' title="bbox 321 3805 1875 3878">
     <span class='ocr_line' id='line_1_62' title="bbox 321 3805 1875 3878; baseline 0 -18"><span class='ocrx_word' id='word_1_429' title='bbox 321 3807 630 3878; x_wconf 82' lang='grc' dir='ltr'>μανθάνων,</span> <span class='ocrx_word' id='word_1_430' title='bbox 676 3805 876 3876; x_wconf 78' lang='grc' dir='ltr'>καὶμὴ</span> <span class='ocrx_word' id='word_1_431' title='bbox 916 3809 1056 3877; x_wconf 84' lang='grc' dir='ltr'>πέρα</span> <span class='ocrx_word' id='word_1_432' title='bbox 1103 3809 1204 3876; x_wconf 82' lang='grc' dir='ltr'>τῆς</span> <span class='ocrx_word' id='word_1_433' title='bbox 1258 3807 1606 3877; x_wconf 86' lang='grc' dir='ltr'>ἀνθρωπίνης</span> <span class='ocrx_word' id='word_1_434' title='bbox 1661 3807 1875 3877; x_wconf 86' lang='grc' dir='ltr'>φύσεως</span> 
     </span>
    </p>
   </div>
   <div class='ocr_carea' id='block_1_63' title="bbox 309 3896 1872 3967">
    <p class='ocr_par' dir='ltr' id='par_1_63' title="bbox 309 3896 1872 3967">
     <span class='ocr_line' id='line_1_63' title="bbox 309 3896 1872 3967; baseline -0.002 -16"><span class='ocrx_word' id='word_1_435' title='bbox 309 3896 721 3966; x_wconf 81' lang='grc' dir='ltr'>φανταζόμενος</span> <span class='ocrx_word' id='word_1_436' title='bbox 752 3900 1110 3967; x_wconf 57' lang='grc' dir='ltr'>γνωσιμαχεῖζ</span> <span class='ocrx_word' id='word_1_437' title='bbox 1156 3898 1215 3950; x_wconf 91' lang='lat'><strong><em>&#39;0</em></strong></span> <span class='ocrx_word' id='word_1_438' title='bbox 1257 3898 1545 3965; x_wconf 81' lang='grc' dir='ltr'>συγγνοὺς,</span> <span class='ocrx_word' id='word_1_439' title='bbox 1576 3897 1872 3962; x_wconf 86' lang='grc' dir='ltr'>τουτέστιν,</span> 
     </span>
    </p>
   </div>
   <div class='ocr_carea' id='block_1_64' title="bbox 306 3984 1872 4057">
    <p class='ocr_par' dir='ltr' id='par_1_64' title="bbox 306 3984 1872 4057">
     <span class='ocr_line' id='line_1_64' title="bbox 306 3984 1872 4057; baseline -0.001 -18"><span class='ocrx_word' id='word_1_440' title='bbox 306 3989 338 4040; x_wconf 82' lang='grc' dir='ltr'><strong><em>ό</em></strong></span> <span class='ocrx_word' id='word_1_441' title='bbox 389 3987 710 4056; x_wconf 81' lang='grc' dir='ltr'>συννοήσας,</span> <span class='ocrx_word' id='word_1_442' title='bbox 779 3985 862 4038; x_wconf 81' lang='grc' dir='ltr'><strong><em>ὅτι</em></strong></span> <span class='ocrx_word' id='word_1_443' title='bbox 906 3984 1111 4049; x_wconf 79' lang='grc' dir='ltr'>ἐκεῖνος</span> <span class='ocrx_word' id='word_1_444' title='bbox 1157 3986 1302 4057; x_wconf 75' lang='grc' dir='ltr'>ἔργῳ</span> <span class='ocrx_word' id='word_1_445' title='bbox 1353 3985 1681 4057; x_wconf 81' lang='grc' dir='ltr'>παλινῳδίαν</span> <span class='ocrx_word' id='word_1_446' title='bbox 1734 3985 1872 4057; x_wconf 75' lang='grc' dir='ltr'>ᾄδει,</span> 
     </span>
    </p>
   </div>
   <div class='ocr_carea' id='block_1_65' title="bbox 311 4075 1869 4149">
    <p class='ocr_par' dir='ltr' id='par_1_65' title="bbox 311 4075 1869 4149">
     <span class='ocr_line' id='line_1_65' title="bbox 311 4075 1869 4149; baseline 0.001 -19"><span class='ocrx_word' id='word_1_447' title='bbox 311 4079 586 4148; x_wconf 86' lang='grc' dir='ltr'>συγχωρεί</span> <span class='ocrx_word' id='word_1_448' title='bbox 632 4075 710 4149; x_wconf 83' lang='grc' dir='ltr'>τῷ</span> <span class='ocrx_word' id='word_1_449' title='bbox 745 4079 924 4146; x_wconf 91' lang='grc' dir='ltr'>γνόντι</span> <span class='ocrx_word' id='word_1_450' title='bbox 973 4079 1196 4132; x_wconf 77' lang='grc' dir='ltr'>ἑαυτόν·</span> <span class='ocrx_word' id='word_1_451' title='bbox 1249 4081 1278 4131; x_wconf 92' lang='lat'><strong><em>6</em></strong></span> <span class='ocrx_word' id='word_1_452' title='bbox 1307 4078 1364 4132; x_wconf 82' lang='grc' dir='ltr'>δὲ</span> <span class='ocrx_word' id='word_1_453' title='bbox 1413 4078 1490 4149; x_wconf 83' lang='grc' dir='ltr'>μὴ</span> <span class='ocrx_word' id='word_1_454' title='bbox 1523 4081 1787 4147; x_wconf 84' lang='grc' dir='ltr'>συγγνοὺς</span> <span class='ocrx_word' id='word_1_455' title='bbox 1808 4079 1869 4132; x_wconf 82' lang='grc' dir='ltr'><strong><em>ού</em></strong></span> 
     </span>
    </p>
   </div>
   <div class='ocr_carea' id='block_1_66' title="bbox 2047 3077 3545 3153">
    <p class='ocr_par' dir='ltr' id='par_1_66' title="bbox 2047 3077 3545 3153">
     <span class='ocr_line' id='line_1_66' title="bbox 2047 3077 3545 3153; baseline 0.007 -23"><span class='ocrx_word' id='word_1_456' title='bbox 2047 3077 2270 3144; x_wconf 83' lang='lat' dir='ltr'><strong><em>Quando</em></strong></span> <span class='ocrx_word' id='word_1_457' title='bbox 2311 3078 2526 3146; x_wconf 89' lang='lat' dir='ltr'><strong><em>quidem</em></strong></span> <span class='ocrx_word' id='word_1_458' title='bbox 2571 3078 2870 3147; x_wconf 80' lang='lat' dir='ltr'><strong><em>interrogas</em></strong></span> <span class='ocrx_word' id='word_1_459' title='bbox 2907 3085 3059 3146; x_wconf 75' lang='lat' dir='ltr'><strong><em>unde</em></strong></span> <span class='ocrx_word' id='word_1_460' title='bbox 3105 3080 3461 3153; x_wconf 82' lang='grc' dir='ltr'>συγγνώμης,</span> <span class='ocrx_word' id='word_1_461' title='bbox 3494 3086 3545 3141; x_wconf 92' lang='lat' dir='ltr'><strong><em>id</em></strong></span> 
     </span>
    </p>
   </div>
   <div class='ocr_carea' id='block_1_67' title="bbox 1978 3169 3545 3240">
    <p class='ocr_par' dir='ltr' id='par_1_67' title="bbox 1978 3169 3545 3240">
     <span class='ocr_line' id='line_1_67' title="bbox 1978 3169 3545 3240; baseline 0.004 -18"><span class='ocrx_word' id='word_1_462' title='bbox 1978 3177 2061 3222; x_wconf 88' lang='lat' dir='ltr'><strong><em>est</em></strong></span> <span class='ocrx_word' id='word_1_463' title='bbox 2124 3169 2294 3222; x_wconf 84' lang='lat' dir='ltr'><strong><em>veniae</em></strong></span> <span class='ocrx_word' id='word_1_464' title='bbox 2313 3207 2328 3232; x_wconf 89' lang='lat'><strong><em>,</em></strong></span> <span class='ocrx_word' id='word_1_465' title='bbox 2359 3183 2549 3222; x_wconf 89' lang='lat' dir='ltr'><strong><em>nomen</em></strong></span> <span class='ocrx_word' id='word_1_466' title='bbox 2574 3179 2847 3237; x_wconf 88' lang='lat' dir='ltr'><strong><em>acceptum</em></strong></span> <span class='ocrx_word' id='word_1_467' title='bbox 2885 3185 2983 3240; x_wconf 93' lang='lat' dir='ltr'><strong><em>pro</em></strong></span> <span class='ocrx_word' id='word_1_468' title='bbox 3015 3173 3313 3227; x_wconf 79' lang='lat' dir='ltr'><strong><em>remissione</em></strong></span> <span class='ocrx_word' id='word_1_469' title='bbox 3327 3184 3389 3227; x_wconf 77' lang='grc' dir='ltr'>σει</span> <span class='ocrx_word' id='word_1_470' title='bbox 3419 3191 3545 3228; x_wconf 89' lang='lat' dir='ltr'><strong><em>eon-</em></strong></span> 
     </span>
    </p>
   </div>
   <div class='ocr_carea' id='block_1_68' title="bbox 1981 3258 3543 3332">
    <p class='ocr_par' dir='ltr' id='par_1_68' title="bbox 1981 3258 3543 3332">
     <span class='ocr_line' id='line_1_68' title="bbox 1981 3258 3543 3332; baseline 0.004 -21"><span class='ocrx_word' id='word_1_471' title='bbox 1981 3260 2280 3323; x_wconf 89' lang='lat' dir='ltr'><strong><em>donatione,</em></strong></span> <span class='ocrx_word' id='word_1_472' title='bbox 2316 3258 2516 3313; x_wconf 90' lang='lat' dir='ltr'><strong><em>idcirco</em></strong></span> <span class='ocrx_word' id='word_1_473' title='bbox 2546 3260 2781 3315; x_wconf 87' lang='lat' dir='ltr'><strong><em>arbitror</em></strong></span> <span class='ocrx_word' id='word_1_474' title='bbox 2828 3262 2967 3328; x_wconf 90' lang='lat' dir='ltr'><strong><em>quod</em></strong></span> <span class='ocrx_word' id='word_1_475' title='bbox 2993 3261 3084 3331; x_wconf 90' lang='lat' dir='ltr'><strong><em>qui</em></strong></span> <span class='ocrx_word' id='word_1_476' title='bbox 3114 3276 3174 3317; x_wconf 90' lang='lat' dir='ltr'><strong><em>se</em></strong></span> <span class='ocrx_word' id='word_1_477' title='bbox 3208 3263 3320 3332; x_wconf 89' lang='lat' dir='ltr'><strong><em>ipse</em></strong></span> <span class='ocrx_word' id='word_1_478' title='bbox 3359 3264 3543 3329; x_wconf 80' lang='lat' dir='ltr'><strong><em>novit,</em></strong></span> 
     </span>
    </p>
   </div>
   <div class='ocr_carea' id='block_1_69' title="bbox 1981 3349 3547 3423">
    <p class='ocr_par' dir='ltr' id='par_1_69' title="bbox 1981 3349 3547 3423">
     <span class='ocr_line' id='line_1_69' title="bbox 1981 3349 3547 3423; baseline 0.004 -19"><span class='ocrx_word' id='word_1_479' title='bbox 1981 3351 2084 3404; x_wconf 93' lang='lat' dir='ltr'><strong><em>hoc</em></strong></span> <span class='ocrx_word' id='word_1_480' title='bbox 2109 3359 2186 3404; x_wconf 87' lang='lat' dir='ltr'><strong><em>est</em></strong></span> <span class='ocrx_word' id='word_1_481' title='bbox 2205 3389 2220 3414; x_wconf 95' lang='lat'><strong><em>,</em></strong></span> <span class='ocrx_word' id='word_1_482' title='bbox 2248 3351 2336 3418; x_wconf 88' lang='lat' dir='ltr'><strong><em>qui</em></strong></span> <span class='ocrx_word' id='word_1_483' title='bbox 2363 3364 2535 3418; x_wconf 90' lang='lat' dir='ltr'><strong><em>neque</em></strong></span> <span class='ocrx_word' id='word_1_484' title='bbox 2561 3349 2756 3405; x_wconf 89' lang='lat' dir='ltr'><strong><em>delicta</em></strong></span> <span class='ocrx_word' id='word_1_485' title='bbox 2781 3366 2900 3416; x_wconf 88' lang='lat' dir='ltr'><strong><em>sua,</em></strong></span> <span class='ocrx_word' id='word_1_486' title='bbox 2921 3367 3042 3406; x_wconf 92' lang='lat' dir='ltr'><strong><em>cum</em></strong></span> <span class='ocrx_word' id='word_1_487' title='bbox 3069 3360 3151 3407; x_wconf 88' lang='lat' dir='ltr'><strong><em>est</em></strong></span> <span class='ocrx_word' id='word_1_488' title='bbox 3175 3353 3376 3423; x_wconf 87' lang='lat' dir='ltr'><strong><em>lapsus,</em></strong></span> <span class='ocrx_word' id='word_1_489' title='bbox 3403 3355 3547 3422; x_wconf 84' lang='lat' dir='ltr'><strong><em>igno-</em></strong></span> 
     </span>
    </p>
   </div>
   <div class='ocr_carea' id='block_1_70' title="bbox 1980 3439 3548 3505">
    <p class='ocr_par' dir='ltr' id='par_1_70' title="bbox 1980 3439 3548 3505">
     <span class='ocr_line' id='line_1_70' title="bbox 1980 3439 3548 3505; baseline 0.004 -11"><span class='ocrx_word' id='word_1_490' title='bbox 1980 3449 2082 3505; x_wconf 85' lang='lat' dir='ltr'><strong><em>rat,</em></strong></span> <span class='ocrx_word' id='word_1_491' title='bbox 2143 3439 2252 3496; x_wconf 90' lang='lat' dir='ltr'><strong><em>imo</em></strong></span> <span class='ocrx_word' id='word_1_492' title='bbox 2305 3439 2433 3494; x_wconf 90' lang='lat' dir='ltr'><strong><em>illud</em></strong></span> <span class='ocrx_word' id='word_1_493' title='bbox 2489 3442 2624 3496; x_wconf 87' lang='lat' dir='ltr'><strong><em>scite</em></strong></span> <span class='ocrx_word' id='word_1_494' title='bbox 2682 3442 2882 3497; x_wconf 90' lang='lat' dir='ltr'><strong><em>dictum</em></strong></span> <span class='ocrx_word' id='word_1_495' title='bbox 2928 3452 3144 3498; x_wconf 88' lang='lat' dir='ltr'><strong><em>servat:</em></strong></span> <span class='ocrx_word' id='word_1_496' title='bbox 3194 3462 3214 3495; x_wconf 75' lang='grc' dir='ltr'><strong><em>ι</em></strong></span> <span class='ocrx_word' id='word_1_497' title='bbox 3268 3443 3439 3499; x_wconf 87' lang='lat' dir='ltr'><strong><em>Nosce</em></strong></span> <span class='ocrx_word' id='word_1_498' title='bbox 3494 3454 3548 3501; x_wconf 85' lang='lat' dir='ltr'><strong><em>te</em></strong></span> 
     </span>
    </p>
   </div>
   <div class='ocr_carea' id='block_1_71' title="bbox 1979 3533 3548 3605">
    <p class='ocr_par' dir='ltr' id='par_1_71' title="bbox 1979 3533 3548 3605">
     <span class='ocr_line' id='line_1_71' title="bbox 1979 3533 3548 3605; baseline 0.003 -19"><span class='ocrx_word' id='word_1_499' title='bbox 1979 3533 2176 3600; x_wconf 89' lang='lat' dir='ltr'><strong><em>ipsum,</em></strong></span> <span class='ocrx_word' id='word_1_500' title='bbox 2223 3549 2242 3582; x_wconf 75' lang='grc' dir='ltr'><strong><em>ι</em></strong></span> <span class='ocrx_word' id='word_1_501' title='bbox 2277 3546 2448 3600; x_wconf 91' lang='lat' dir='ltr'><strong><em>neque</em></strong></span> <span class='ocrx_word' id='word_1_502' title='bbox 2481 3533 2534 3585; x_wconf 91' lang='lat' dir='ltr'><strong><em>in</em></strong></span> <span class='ocrx_word' id='word_1_503' title='bbox 2575 3534 2931 3598; x_wconf 86' lang='lat' dir='ltr'><strong><em>emendando,</em></strong></span> <span class='ocrx_word' id='word_1_504' title='bbox 2991 3535 3093 3589; x_wconf 91' lang='lat' dir='ltr'><strong><em>etsi</em></strong></span> <span class='ocrx_word' id='word_1_505' title='bbox 3141 3534 3429 3605; x_wconf 89' lang='lat' dir='ltr'><strong><em>aliquando</em></strong></span> <span class='ocrx_word' id='word_1_506' title='bbox 3463 3539 3548 3590; x_wconf 85' lang='lat' dir='ltr'><strong><em>ni-</em></strong></span> 
     </span>
    </p>
   </div>
   <div class='ocr_carea' id='block_1_72' title="bbox 1981 3623 3547 3695">
    <p class='ocr_par' dir='ltr' id='par_1_72' title="bbox 1981 3623 3547 3695">
     <span class='ocr_line' id='line_1_72' title="bbox 1981 3623 3547 3695; baseline 0.003 -19"><span class='ocrx_word' id='word_1_507' title='bbox 1981 3632 2133 3677; x_wconf 87' lang='lat' dir='ltr'><strong><em>etans</em></strong></span> <span class='ocrx_word' id='word_1_508' title='bbox 2160 3630 2216 3676; x_wconf 93' lang='lat' dir='ltr'><strong><em>et</em></strong></span> <span class='ocrx_word' id='word_1_509' title='bbox 2244 3623 2568 3690; x_wconf 89' lang='lat' dir='ltr'><strong><em>connivens,</em></strong></span> <span class='ocrx_word' id='word_1_510' title='bbox 2603 3623 2656 3677; x_wconf 92' lang='lat' dir='ltr'><strong><em>in</em></strong></span> <span class='ocrx_word' id='word_1_511' title='bbox 2689 3626 3052 3694; x_wconf 80' lang='lat' dir='ltr'><strong><em>arrogantiam</em></strong></span> <span class='ocrx_word' id='word_1_512' title='bbox 3083 3626 3362 3695; x_wconf 84' lang='lat' dir='ltr'><strong><em>magniﬁce</em></strong></span> <span class='ocrx_word' id='word_1_513' title='bbox 3390 3627 3458 3681; x_wconf 89' lang='lat' dir='ltr'><strong><em>de</em></strong></span> <span class='ocrx_word' id='word_1_514' title='bbox 3486 3641 3547 3680; x_wconf 87' lang='lat' dir='ltr'><strong><em>se</em></strong></span> 
     </span>
    </p>
   </div>
   <div class='ocr_carea' id='block_1_73' title="bbox 1981 3713 3546 3788">
    <p class='ocr_par' dir='ltr' id='par_1_73' title="bbox 1981 3713 3546 3788">
     <span class='ocr_line' id='line_1_73' title="bbox 1981 3713 3546 3788; baseline 0.001 -19"><span class='ocrx_word' id='word_1_515' title='bbox 1981 3714 2223 3769; x_wconf 87' lang='lat' dir='ltr'><strong><em>sentiens</em></strong></span> <span class='ocrx_word' id='word_1_516' title='bbox 2275 3713 2516 3782; x_wconf 74' lang='lat' dir='ltr'><strong><em>edertur,</em></strong></span> <span class='ocrx_word' id='word_1_517' title='bbox 2567 3716 2662 3771; x_wconf 86' lang='lat' dir='ltr'><strong><em>sed</em></strong></span> <span class='ocrx_word' id='word_1_518' title='bbox 2697 3731 2808 3772; x_wconf 76' lang='lat' dir='ltr'><strong><em>sua:</em></strong></span> <span class='ocrx_word' id='word_1_519' title='bbox 2853 3718 3102 3773; x_wconf 88' lang='lat' dir='ltr'><strong><em>conscius</em></strong></span> <span class='ocrx_word' id='word_1_520' title='bbox 3135 3727 3342 3773; x_wconf 56' lang='lat' dir='ltr'><strong><em>natura».</em></strong></span> <span class='ocrx_word' id='word_1_521' title='bbox 3387 3729 3546 3788; x_wconf 90' lang='lat' dir='ltr'><strong><em>atque</em></strong></span> 
     </span>
    </p>
   </div>
   <div class='ocr_carea' id='block_1_74' title="bbox 1982 3802 3545 3874">
    <p class='ocr_par' dir='ltr' id='par_1_74' title="bbox 1982 3802 3545 3874">
     <span class='ocr_line' id='line_1_74' title="bbox 1982 3802 3545 3874; baseline 0.003 -16"><span class='ocrx_word' id='word_1_522' title='bbox 1982 3802 2401 3869; x_wconf 88' lang='lat' dir='ltr'><strong><em>imbeclllitatis,</em></strong></span> <span class='ocrx_word' id='word_1_523' title='bbox 2434 3820 2609 3874; x_wconf 88' lang='lat' dir='ltr'><strong><em>neque</em></strong></span> <span class='ocrx_word' id='word_1_524' title='bbox 2639 3821 2799 3874; x_wconf 88' lang='lat' dir='ltr'><strong><em>supra</em></strong></span> <span class='ocrx_word' id='word_1_525' title='bbox 2829 3807 3118 3860; x_wconf 87' lang='lat' dir='ltr'><strong><em>humanam</em></strong></span> <span class='ocrx_word' id='word_1_526' title='bbox 3158 3808 3330 3862; x_wconf 90' lang='lat' dir='ltr'><strong><em>elatus</em></strong></span> <span class='ocrx_word' id='word_1_527' title='bbox 3360 3811 3545 3862; x_wconf 90' lang='lat' dir='ltr'><strong><em>condi-</em></strong></span> 
     </span>
    </p>
   </div>
   <div class='ocr_carea' id='block_1_75' title="bbox 1981 3891 3546 3963">
    <p class='ocr_par' dir='ltr' id='par_1_75' title="bbox 1981 3891 3546 3963">
     <span class='ocr_line' id='line_1_75' title="bbox 1981 3891 3546 3963; baseline 0.004 -18"><span class='ocrx_word' id='word_1_528' title='bbox 1981 3891 2186 3946; x_wconf 91' lang='lat' dir='ltr'><strong><em>tionem</em></strong></span> <span class='ocrx_word' id='word_1_529' title='bbox 2237 3892 2526 3960; x_wconf 89' lang='lat' dir='ltr'><strong><em>resipiscit.</em></strong></span> <span class='ocrx_word' id='word_1_530' title='bbox 2570 3893 2670 3948; x_wconf 85' lang='lat' dir='ltr'><strong><em>llic</em></strong></span> <span class='ocrx_word' id='word_1_531' title='bbox 2705 3894 2796 3963; x_wconf 92' lang='lat' dir='ltr'><strong><em>qui</em></strong></span> <span class='ocrx_word' id='word_1_532' title='bbox 2842 3895 3092 3950; x_wconf 89' lang='lat' dir='ltr'><strong><em>conscius</em></strong></span> <span class='ocrx_word' id='word_1_533' title='bbox 3134 3897 3234 3950; x_wconf 92' lang='lat' dir='ltr'><strong><em>sibi</em></strong></span> <span class='ocrx_word' id='word_1_534' title='bbox 3275 3905 3395 3960; x_wconf 85' lang='lat' dir='ltr'><strong><em>est,</em></strong></span> <span class='ocrx_word' id='word_1_535' title='bbox 3445 3898 3546 3951; x_wconf 93' lang='lat' dir='ltr'><strong><em>hoc</em></strong></span> 
     </span>
    </p>
   </div>
   <div class='ocr_carea' id='block_1_76' title="bbox 1978 3981 3544 4054">
    <p class='ocr_par' dir='ltr' id='par_1_76' title="bbox 1978 3981 3544 4054">
     <span class='ocr_line' id='line_1_76' title="bbox 1978 3981 3544 4054; baseline 0.002 -18"><span class='ocrx_word' id='word_1_536' title='bbox 1978 3990 2091 4045; x_wconf 86' lang='lat' dir='ltr'><strong><em>est,</em></strong></span> <span class='ocrx_word' id='word_1_537' title='bbox 2127 3981 2220 4051; x_wconf 91' lang='lat' dir='ltr'><strong><em>qui</em></strong></span> <span class='ocrx_word' id='word_1_538' title='bbox 2259 3995 2440 4036; x_wconf 88' lang='lat' dir='ltr'><strong><em>secum</em></strong></span> <span class='ocrx_word' id='word_1_539' title='bbox 2466 3982 2781 4052; x_wconf 90' lang='lat' dir='ltr'><strong><em>perpendit,</em></strong></span> <span class='ocrx_word' id='word_1_540' title='bbox 2828 3983 2970 4053; x_wconf 90' lang='lat' dir='ltr'><strong><em>quod</em></strong></span> <span class='ocrx_word' id='word_1_541' title='bbox 3001 3998 3189 4052; x_wconf 88' lang='lat' dir='ltr'><strong><em>reapse</em></strong></span> <span class='ocrx_word' id='word_1_542' title='bbox 3223 3985 3544 4054; x_wconf 74' lang='lat' dir='ltr'><strong><em>palinodiam</em></strong></span> 
     </span>
    </p>
   </div>
   <div class='ocr_carea' id='block_1_77' title="bbox 1981 4069 3545 4143">
    <p class='ocr_par' dir='ltr' id='par_1_77' title="bbox 1981 4069 3545 4143">
     <span class='ocr_line' id='line_1_77' title="bbox 1981 4069 3545 4143; baseline 0.003 -19"><span class='ocrx_word' id='word_1_543' title='bbox 1981 4069 2069 4125; x_wconf 92' lang='lat' dir='ltr'><strong><em>ille</em></strong></span> <span class='ocrx_word' id='word_1_544' title='bbox 2100 4080 2297 4136; x_wconf 89' lang='lat' dir='ltr'><strong><em>canat,</em></strong></span> <span class='ocrx_word' id='word_1_545' title='bbox 2327 4071 2558 4142; x_wconf 88' lang='lat' dir='ltr'><strong><em>ignoscit</em></strong></span> <span class='ocrx_word' id='word_1_546' title='bbox 2591 4071 2692 4140; x_wconf 93' lang='lat' dir='ltr'><strong><em>illi,</em></strong></span> <span class='ocrx_word' id='word_1_547' title='bbox 2720 4073 2810 4143; x_wconf 90' lang='lat' dir='ltr'><strong><em>qui</em></strong></span> <span class='ocrx_word' id='word_1_548' title='bbox 2849 4089 2906 4129; x_wconf 87' lang='lat' dir='ltr'><strong><em>se</em></strong></span> <span class='ocrx_word' id='word_1_549' title='bbox 2933 4072 3047 4143; x_wconf 85' lang='lat' dir='ltr'><strong><em>ipse</em></strong></span> <span class='ocrx_word' id='word_1_550' title='bbox 3077 4073 3245 4129; x_wconf 91' lang='lat' dir='ltr'><strong><em>novit.</em></strong></span> <span class='ocrx_word' id='word_1_551' title='bbox 3283 4073 3383 4141; x_wconf 88' lang='lat' dir='ltr'><strong><em>Qui</em></strong></span> <span class='ocrx_word' id='word_1_552' title='bbox 3418 4089 3545 4129; x_wconf 90' lang='lat' dir='ltr'><strong><em>vero</em></strong></span> 
     </span>
    </p>
   </div>
   <div class='ocr_carea' id='block_1_78' title="bbox 309 4163 1872 4241">
    <p class='ocr_par' dir='ltr' id='par_1_78' title="bbox 309 4167 1867 4241">
     <span class='ocr_line' id='line_1_78' title="bbox 309 4167 1867 4241; baseline 0.001 -20"><span class='ocrx_word' id='word_1_553' title='bbox 309 4169 611 4239; x_wconf 77' lang='grc' dir='ltr'>συγχωρεῖ.</span> <span class='ocrx_word' id='word_1_554' title='bbox 651 4167 741 4221; x_wconf 80' lang='grc' dir='ltr'><strong><em>Διὸ</em></strong></span> <span class='ocrx_word' id='word_1_555' title='bbox 782 4169 879 4222; x_wconf 78' lang='grc' dir='ltr'><strong><em>καὶ</em></strong></span> <span class='ocrx_word' id='word_1_556' title='bbox 911 4170 940 4222; x_wconf 91' lang='lat'><strong><em>6</em></strong></span> <span class='ocrx_word' id='word_1_557' title='bbox 983 4169 1102 4239; x_wconf 87' lang='grc' dir='ltr'>μὲν,</span> <span class='ocrx_word' id='word_1_558' title='bbox 1139 4169 1399 4240; x_wconf 76' lang='grc' dir='ltr'>μέμψεως</span> <span class='ocrx_word' id='word_1_559' title='bbox 1431 4169 1541 4240; x_wconf 77' lang='grc'><strong><em>(94)</em></strong></span> <span class='ocrx_word' id='word_1_560' title='bbox 1575 4171 1743 4235; x_wconf 78' lang='grc' dir='ltr'>ἄξιος,</span> <span class='ocrx_word' id='word_1_561' title='bbox 1791 4171 1867 4241; x_wconf 81' lang='grc' dir='ltr'>μὴ</span> 
     </span>
    </p>
   </div>
   <div class='ocr_carea' id='block_1_79' title="bbox 1978 4163 3546 4241">
    <p class='ocr_par' dir='ltr' id='par_1_79' title="bbox 1980 4163 3546 4234">
     <span class='ocr_line' id='line_1_79' title="bbox 1980 4163 3546 4234; baseline 0.003 -17"><span class='ocrx_word' id='word_1_562' title='bbox 1980 4163 2230 4218; x_wconf 88' lang='lat' dir='ltr'><strong><em>conscius</em></strong></span> <span class='ocrx_word' id='word_1_563' title='bbox 2270 4163 2372 4218; x_wconf 89' lang='lat' dir='ltr'><strong><em>sibi</em></strong></span> <span class='ocrx_word' id='word_1_564' title='bbox 2419 4179 2523 4219; x_wconf 94' lang='lat' dir='ltr'><strong><em>non</em></strong></span> <span class='ocrx_word' id='word_1_565' title='bbox 2553 4164 2669 4234; x_wconf 67' lang='lat' dir='ltr'><strong><em>est},</em></strong></span> <span class='ocrx_word' id='word_1_566' title='bbox 2718 4181 2823 4220; x_wconf 93' lang='lat' dir='ltr'><strong><em>non</em></strong></span> <span class='ocrx_word' id='word_1_567' title='bbox 2877 4167 3125 4234; x_wconf 85' lang='lat' dir='ltr'><strong><em>ignoscit.</em></strong></span> <span class='ocrx_word' id='word_1_568' title='bbox 3172 4165 3349 4232; x_wconf 88' lang='lat' dir='ltr'><strong><em>Quare</em></strong></span> <span class='ocrx_word' id='word_1_569' title='bbox 3378 4175 3431 4221; x_wconf 89' lang='lat' dir='ltr'><strong><em>et</em></strong></span> <span class='ocrx_word' id='word_1_570' title='bbox 3459 4167 3546 4222; x_wconf 87' lang='lat' dir='ltr'><strong><em>hic</em></strong></span> 
     </span>
    </p>
   </div>
   <div class='ocr_carea' id='block_1_80' title="bbox 306 4258 1869 4332">
    <p class='ocr_par' dir='ltr' id='par_1_80' title="bbox 306 4258 1869 4332">
     <span class='ocr_line' id='line_1_80' title="bbox 306 4258 1869 4332; baseline 0.003 -20"><span class='ocrx_word' id='word_1_571' title='bbox 306 4261 468 4329; x_wconf 80' lang='grc' dir='ltr'>γνοὺς</span> <span class='ocrx_word' id='word_1_572' title='bbox 493 4258 682 4315; x_wconf 80' lang='grc' dir='ltr'>ἑαυτόν</span> <span class='ocrx_word' id='word_1_573' title='bbox 702 4276 716 4290; x_wconf 74' lang='grc' dir='ltr'><strong>ο</strong></span> <span class='ocrx_word' id='word_1_574' title='bbox 754 4261 783 4316; x_wconf 88' lang='lat'><strong><em>6</em></strong></span> <span class='ocrx_word' id='word_1_575' title='bbox 809 4259 868 4314; x_wconf 77' lang='grc' dir='ltr'>δὲ</span> <span class='ocrx_word' id='word_1_576' title='bbox 899 4259 976 4332; x_wconf 78' lang='grc' dir='ltr'>μὴ</span> <span class='ocrx_word' id='word_1_577' title='bbox 1024 4261 1290 4329; x_wconf 79' lang='grc' dir='ltr'>συγγνοὺς</span> <span class='ocrx_word' id='word_1_578' title='bbox 1315 4261 1392 4332; x_wconf 84' lang='grc' dir='ltr'>τῷ</span> <span class='ocrx_word' id='word_1_579' title='bbox 1451 4261 1632 4330; x_wconf 88' lang='grc' dir='ltr'>γνόντι</span> <span class='ocrx_word' id='word_1_580' title='bbox 1657 4263 1869 4317; x_wconf 78' lang='grc' dir='ltr'>ἑαυτόν.</span> 
     </span>
    </p>
   </div>
   <div class='ocr_carea' id='block_1_81' title="bbox 793 4545 1395 4617">
    <p class='ocr_par' dir='ltr' id='par_1_81' title="bbox 793 4545 1395 4617">
     <span class='ocr_line' id='line_1_81' title="bbox 793 4545 1395 4617; baseline 0.003 -19"><span class='ocrx_word' id='word_1_581' title='bbox 793 4545 938 4599; x_wconf 88' lang='lat' dir='ltr'><strong><em>PlB’.</em></strong></span> <span class='ocrx_word' id='word_1_582' title='bbox 979 4576 1049 4585; x_wconf 88' lang='lat'><strong>—</strong></span> <span class='ocrx_word' id='word_1_583' title='bbox 1081 4547 1166 4617; x_wconf 78' lang='lat' dir='ltr'><strong><em>To</em></strong></span> <span class='ocrx_word' id='word_1_584' title='bbox 1194 4548 1395 4617; x_wconf 86' lang='grc' dir='ltr'><strong><em>ΑΥΤῼ.</em></strong></span> 
     </span>
    </p>
   </div>
   <div class='ocr_carea' id='block_1_82' title="bbox 1977 4253 3544 4325">
    <p class='ocr_par' dir='ltr' id='par_1_82' title="bbox 1977 4253 3544 4325">
     <span class='ocr_line' id='line_1_82' title="bbox 1977 4253 3544 4325; baseline 0.001 -18"><span class='ocrx_word' id='word_1_585' title='bbox 1977 4253 2195 4322; x_wconf 86' lang='lat' dir='ltr'><strong><em>quidem</em></strong></span> <span class='ocrx_word' id='word_1_586' title='bbox 2247 4255 2665 4322; x_wconf 87' lang='lat' dir='ltr'><strong><em>reprehensione</em></strong></span> <span class='ocrx_word' id='word_1_587' title='bbox 2707 4256 2900 4325; x_wconf 91' lang='lat' dir='ltr'><strong><em>dignus</em></strong></span> <span class='ocrx_word' id='word_1_588' title='bbox 2939 4264 3052 4322; x_wconf 89' lang='lat' dir='ltr'><strong><em>est,</em></strong></span> <span class='ocrx_word' id='word_1_589' title='bbox 3108 4269 3167 4311; x_wconf 87' lang='lat' dir='ltr'><strong><em>se</em></strong></span> <span class='ocrx_word' id='word_1_590' title='bbox 3216 4257 3388 4325; x_wconf 92' lang='lat' dir='ltr'><strong><em>ipsum</em></strong></span> <span class='ocrx_word' id='word_1_591' title='bbox 3438 4272 3544 4313; x_wconf 92' lang='lat' dir='ltr'><strong><em>non</em></strong></span> 
     </span>
    </p>
   </div>
   <div class='ocr_carea' id='block_1_83' title="bbox 1980 4345 3545 4420">
    <p class='ocr_par' dir='ltr' id='par_1_83' title="bbox 1980 4345 3545 4420">
     <span class='ocr_line' id='line_1_83' title="bbox 1980 4345 3545 4420; baseline 0.004 -21"><span class='ocrx_word' id='word_1_592' title='bbox 1980 4358 2208 4400; x_wconf 91' lang='lat' dir='ltr'><strong><em>noscens</em></strong></span> <span class='ocrx_word' id='word_1_593' title='bbox 2242 4362 2256 4399; x_wconf 93' lang='lat'><strong>:</strong></span> <span class='ocrx_word' id='word_1_594' title='bbox 2301 4345 2392 4399; x_wconf 92' lang='lat' dir='ltr'><strong><em>ille</em></strong></span> <span class='ocrx_word' id='word_1_595' title='bbox 2432 4360 2560 4401; x_wconf 92' lang='lat' dir='ltr'><strong><em>vero</em></strong></span> <span class='ocrx_word' id='word_1_596' title='bbox 2598 4361 2971 4419; x_wconf 23' lang='lat' dir='ltr'><strong><em>nequaquam,</em></strong></span> <span class='ocrx_word' id='word_1_597' title='bbox 2989 4349 3332 4405; x_wconf 84' lang='lat' dir='ltr'><strong><em>consentiens</em></strong></span> <span class='ocrx_word' id='word_1_598' title='bbox 3367 4348 3545 4420; x_wconf 79' lang='lat' dir='ltr'><strong><em>[igno-</em></strong></span> 
     </span>
    </p>
   </div>
   <div class='ocr_carea' id='block_1_84' title="bbox 1980 4431 2845 4504">
    <p class='ocr_par' dir='ltr' id='par_1_84' title="bbox 1980 4431 2845 4504">
     <span class='ocr_line' id='line_1_84' title="bbox 1980 4431 2845 4504; baseline 0.003 -15"><span class='ocrx_word' id='word_1_599' title='bbox 1980 4431 2158 4502; x_wconf 88' lang='lat' dir='ltr'><strong><em>sceus]</em></strong></span> <span class='ocrx_word' id='word_1_600' title='bbox 2188 4431 2236 4487; x_wconf 90' lang='lat' dir='ltr'><strong><em>ei</em></strong></span> <span class='ocrx_word' id='word_1_601' title='bbox 2256 4473 2271 4499; x_wconf 91' lang='lat'><strong><em>,</em></strong></span> <span class='ocrx_word' id='word_1_602' title='bbox 2295 4433 2386 4502; x_wconf 90' lang='lat' dir='ltr'><strong><em>qui</em></strong></span> <span class='ocrx_word' id='word_1_603' title='bbox 2413 4435 2644 4504; x_wconf 89' lang='lat' dir='ltr'><strong><em>seipsum</em></strong></span> <span class='ocrx_word' id='word_1_604' title='bbox 2678 4438 2845 4492; x_wconf 91' lang='lat' dir='ltr'><strong><em>novit.</em></strong></span> 
     </span>
    </p>
   </div>
   <div class='ocr_carea' id='block_1_85' title="bbox 2502 4548 3021 4607">
    <p class='ocr_par' dir='ltr' id='par_1_85' title="bbox 2502 4548 3021 4607">
     <span class='ocr_line' id='line_1_85' title="bbox 2502 4548 3021 4607; baseline 0.012 -6"><span class='ocrx_word' id='word_1_605' title='bbox 2502 4548 2659 4604; x_wconf 82' lang='lat' dir='ltr'><strong><em>CXII.</em></strong></span> <span class='ocrx_word' id='word_1_606' title='bbox 2698 4581 2764 4589; x_wconf 94' lang='lat'><strong>—</strong></span> <span class='ocrx_word' id='word_1_607' title='bbox 2797 4551 3021 4607; x_wconf 83' lang='lat' dir='ltr'><strong><em>EIDEM.</em></strong></span> 
     </span>
    </p>
   </div>
   <div class='ocr_carea' id='block_1_86' title="bbox 371 4637 3541 4765">
    <p class='ocr_par' dir='ltr' id='par_1_86' title="bbox 371 4637 3541 4765">
     <span class='ocr_line' id='line_1_86' title="bbox 371 4637 3541 4765; baseline 0.002 -70"><span class='ocrx_word' id='word_1_608' title='bbox 371 4642 569 4696; x_wconf 82' lang='lat' dir='ltr'><strong><em>Suadet</em></strong></span> <span class='ocrx_word' id='word_1_609' title='bbox 597 4637 824 4695; x_wconf 85' lang='lat' dir='ltr'><strong><em>caducas</em></strong></span> <span class='ocrx_word' id='word_1_610' title='bbox 855 4653 974 4705; x_wconf 86' lang='lat' dir='ltr'><strong><em>opes</em></strong></span> <span class='ocrx_word' id='word_1_611' title='bbox 1028 4640 1102 4692; x_wconf 88' lang='lat' dir='ltr'><strong><em>ita</em></strong></span> <span class='ocrx_word' id='word_1_612' title='bbox 1133 4641 1451 4708; x_wconf 81' lang='lat' dir='ltr'><strong><em>impendere,</em></strong></span> <span class='ocrx_word' id='word_1_613' title='bbox 1478 4649 1532 4692; x_wconf 88' lang='lat' dir='ltr'><strong><em>ut</em></strong></span> <span class='ocrx_word' id='word_1_614' title='bbox 1569 4641 1869 4761; x_wconf 46' lang='lat' dir='ltr'><strong><em>thesaﬁtltrosh</em></strong></span> <span class='ocrx_word' id='word_1_615' title='bbox 1890 4639 1944 4693; x_wconf 92' lang='lat' dir='ltr'><strong><em>in</em></strong></span> <span class='ocrx_word' id='word_1_616' title='bbox 2008 4641 2149 4765; x_wconf 43' lang='lat' dir='ltr'><strong><em>cogit?</em></strong></span> <span class='ocrx_word' id='word_1_617' title='bbox 2191 4643 2337 4696; x_wconf 86' lang='lat' dir='ltr'><strong><em>nobis</em></strong></span> <span class='ocrx_word' id='word_1_618' title='bbox 2377 4659 2662 4710; x_wconf 88' lang='lat' dir='ltr'><strong><em>paremus:</em></strong></span> <span class='ocrx_word' id='word_1_619' title='bbox 2700 4663 2717 4694; x_wconf 80' lang='grc' dir='ltr'><strong><em>ι</em></strong></span> <span class='ocrx_word' id='word_1_620' title='bbox 2768 4645 3138 4701; x_wconf 82' lang='lat' dir='ltr'><strong><em>Thesaurizate</em></strong></span> <span class='ocrx_word' id='word_1_621' title='bbox 3185 4647 3348 4710; x_wconf 77' lang='lat' dir='ltr'><strong><em>vobis,</em></strong></span> <span class='ocrx_word' id='word_1_622' title='bbox 3385 4665 3400 4696; x_wconf 75' lang='grc' dir='ltr'><strong><em>ι</em></strong></span> <span class='ocrx_word' id='word_1_623' title='bbox 3437 4654 3541 4701; x_wconf 89' lang='lat' dir='ltr'><strong><em>etc.</em></strong></span> 
     </span>
     <span class='ocr_line' id='line_1_87' title="bbox 1759 4721 2144 4765; baseline 0.016 -5"><span class='ocrx_word' id='word_1_624' title='bbox 1759 4721 1832 4761; x_wconf 89' lang='lat' dir='ltr'><strong><em>att</em></strong></span> <span class='ocrx_word' id='word_1_625' title='bbox 1877 4748 1890 4762; x_wconf 97' lang='lat'><strong><em>.</em></strong></span> <span class='ocrx_word' id='word_1_626' title='bbox 1940 4725 2014 4765; x_wconf 79' lang='lat' dir='ltr'><strong><em>v1.</em></strong></span> <span class='ocrx_word' id='word_1_627' title='bbox 2129 4751 2144 4765; x_wconf 94' lang='lat'><strong><em>.</em></strong></span> 
     </span>
    </p>
   </div>
   <div class='ocr_carea' id='block_1_87' title="bbox 1759 4721 2144 4774">
    <p class='ocr_par' dir='ltr' id='par_1_87' title="bbox 1759 4721 2144 4774">
     <span class='ocr_line' id='line_1_88' title="bbox 1759 4721 2144 4774; baseline 0.013 -14"><span class='ocrx_word' id='word_1_628' title='bbox 1759 4721 1890 4762; x_wconf 82' lang='lat' dir='ltr'><strong><em>atth.</em></strong></span> <span class='ocrx_word' id='word_1_629' title='bbox 1940 4725 2014 4774; x_wconf 81' lang='lat' dir='ltr'><strong><em>Vt,</em></strong></span> <span class='ocrx_word' id='word_1_630' title='bbox 2057 4721 2144 4765; x_wconf 77' lang='grc'><strong><em>16.</em></strong></span> 
     </span>
    </p>
   </div>
   <div class='ocr_carea' id='block_1_88' title="bbox 375 4818 1873 4893">
    <p class='ocr_par' dir='ltr' id='par_1_88' title="bbox 375 4818 1873 4893">
     <span class='ocr_line' id='line_1_89' title="bbox 375 4818 1873 4893; baseline 0.002 -20"><span class='ocrx_word' id='word_1_631' title='bbox 375 4823 552 4876; x_wconf 79' lang='grc' dir='ltr'>Πολλά</span> <span class='ocrx_word' id='word_1_632' title='bbox 573 4824 688 4876; x_wconf 77' lang='grc' dir='ltr'>ἐστι</span> <span class='ocrx_word' id='word_1_633' title='bbox 717 4823 812 4877; x_wconf 69' lang='grc' dir='ltr'>καὶ</span> <span class='ocrx_word' id='word_1_634' title='bbox 833 4823 1089 4893; x_wconf 86' lang='grc' dir='ltr'>διάφορα,</span> <span class='ocrx_word' id='word_1_635' title='bbox 1125 4818 1170 4875; x_wconf 79' lang='grc' dir='ltr'><strong>ὧ</strong></span> <span class='ocrx_word' id='word_1_636' title='bbox 1200 4823 1650 4892; x_wconf 82' lang='grc' dir='ltr'>προσφιλέστατε,</span> <span class='ocrx_word' id='word_1_637' title='bbox 1679 4823 1873 4892; x_wconf 88' lang='grc' dir='ltr'>λυμαι-</span> 
     </span>
    </p>
   </div>
   <div class='ocr_carea' id='block_1_89' title="bbox 305 4913 1874 4985">
    <p class='ocr_par' dir='ltr' id='par_1_89' title="bbox 305 4913 1874 4985">
     <span class='ocr_line' id='line_1_90' title="bbox 305 4913 1874 4985; baseline 0.001 -21"><span class='ocrx_word' id='word_1_638' title='bbox 305 4913 505 4982; x_wconf 77' lang='grc' dir='ltr'>νόμενα</span> <span class='ocrx_word' id='word_1_639' title='bbox 555 4917 623 4982; x_wconf 78' lang='grc' dir='ltr'>τῇ</span> <span class='ocrx_word' id='word_1_640' title='bbox 669 4915 780 4966; x_wconf 90' lang='grc' dir='ltr'><strong><em>τῶν</em></strong></span> <span class='ocrx_word' id='word_1_641' title='bbox 826 4915 1124 4984; x_wconf 82' lang='grc' dir='ltr'>χρημάτων</span> <span class='ocrx_word' id='word_1_642' title='bbox 1169 4916 1387 4984; x_wconf 81' lang='grc' dir='ltr'>κτήσει’</span> <span class='ocrx_word' id='word_1_643' title='bbox 1442 4915 1502 4967; x_wconf 83' lang='grc' dir='ltr'><strong><em>οὐ</em></strong></span> <span class='ocrx_word' id='word_1_644' title='bbox 1556 4916 1715 4985; x_wconf 89' lang='grc' dir='ltr'>μόνον</span> <span class='ocrx_word' id='word_1_645' title='bbox 1766 4914 1874 4983; x_wconf 82' lang='grc' dir='ltr'>γὰρ</span> 
     </span>
    </p>
   </div>
   <div class='ocr_carea' id='block_1_90' title="bbox 306 5002 1868 5074">
    <p class='ocr_par' dir='ltr' id='par_1_90' title="bbox 306 5002 1868 5074">
     <span class='ocr_line' id='line_1_91' title="bbox 306 5002 1868 5074; baseline 0.002 -22"><span class='ocrx_word' id='word_1_646' title='bbox 306 5002 490 5070; x_wconf 81' lang='grc' dir='ltr'>σῆτες,</span> <span class='ocrx_word' id='word_1_647' title='bbox 524 5002 619 5054; x_wconf 75' lang='grc' dir='ltr'><strong><em>καὶ</em></strong></span> <span class='ocrx_word' id='word_1_648' title='bbox 649 5004 839 5072; x_wconf 87' lang='grc' dir='ltr'>χρόνος</span> <span class='ocrx_word' id='word_1_649' title='bbox 890 5005 1120 5074; x_wconf 80' lang='grc' dir='ltr'>μακρὸς,</span> <span class='ocrx_word' id='word_1_650' title='bbox 1173 5003 1308 5056; x_wconf 84' lang='grc' dir='ltr'>ἀλλὰ</span> <span class='ocrx_word' id='word_1_651' title='bbox 1354 5005 1446 5055; x_wconf 75' lang='grc' dir='ltr'>καὶ</span> <span class='ocrx_word' id='word_1_652' title='bbox 1495 5005 1868 5072; x_wconf 83' lang='grc' dir='ltr'>συκοφαντίαι,</span> 
     </span>
    </p>
   </div>
   <div class='ocr_carea' id='block_1_91' title="bbox 303 5093 1869 5164">
    <p class='ocr_par' dir='ltr' id='par_1_91' title="bbox 303 5093 1869 5164">
     <span class='ocr_line' id='line_1_92' title="bbox 303 5093 1869 5164; baseline 0.001 -20"><span class='ocrx_word' id='word_1_653' title='bbox 303 5094 399 5145; x_wconf 79' lang='grc' dir='ltr'>καὶ</span> <span class='ocrx_word' id='word_1_654' title='bbox 417 5093 636 5163; x_wconf 75' lang='grc' dir='ltr'>λῃσταὶ,</span> <span class='ocrx_word' id='word_1_655' title='bbox 665 5093 759 5146; x_wconf 74' lang='grc' dir='ltr'>καὶ</span> <span class='ocrx_word' id='word_1_656' title='bbox 784 5095 1010 5160; x_wconf 87' lang='grc' dir='ltr'>οίκέται,</span> <span class='ocrx_word' id='word_1_657' title='bbox 1041 5096 1132 5147; x_wconf 81' lang='grc' dir='ltr'>καὶ</span> <span class='ocrx_word' id='word_1_658' title='bbox 1161 5094 1328 5147; x_wconf 75' lang='grc' dir='ltr'>τὸτοῦ</span> <span class='ocrx_word' id='word_1_659' title='bbox 1347 5095 1630 5164; x_wconf 81' lang='grc' dir='ltr'>μέλλοντος</span> <span class='ocrx_word' id='word_1_660' title='bbox 1659 5095 1869 5164; x_wconf 85' lang='grc' dir='ltr'>ἄδηλον,</span> 
     </span>
    </p>
   </div>
   <div class='ocr_carea' id='block_1_92' title="bbox 2051 4824 3545 4898">
    <p class='ocr_par' dir='ltr' id='par_1_92' title="bbox 2051 4824 3545 4898">
     <span class='ocr_line' id='line_1_93' title="bbox 2051 4824 3545 4898; baseline 0.006 -22"><span class='ocrx_word' id='word_1_661' title='bbox 2051 4824 2213 4879; x_wconf 87' lang='lat' dir='ltr'><strong><em>Multa</em></strong></span> <span class='ocrx_word' id='word_1_662' title='bbox 2257 4834 2382 4880; x_wconf 92' lang='lat' dir='ltr'><strong><em>sunt</em></strong></span> <span class='ocrx_word' id='word_1_663' title='bbox 2423 4828 2718 4896; x_wconf 88' lang='lat' dir='ltr'><strong><em>variaque,</em></strong></span> <span class='ocrx_word' id='word_1_664' title='bbox 2772 4829 3119 4891; x_wconf 76' lang='lat' dir='ltr'><strong><em>charissima,</em></strong></span> <span class='ocrx_word' id='word_1_665' title='bbox 3171 4844 3290 4898; x_wconf 70' lang='lat' dir='ltr'><strong><em>qua:</em></strong></span> <span class='ocrx_word' id='word_1_666' title='bbox 3329 4844 3545 4898; x_wconf 89' lang='lat' dir='ltr'><strong><em>posses-</em></strong></span> 
     </span>
    </p>
   </div>
   <div class='ocr_carea' id='block_1_93' title="bbox 1980 4915 3546 4973">
    <p class='ocr_par' dir='ltr' id='par_1_93' title="bbox 1980 4915 3546 4973">
     <span class='ocr_line' id='line_1_94' title="bbox 1980 4915 3546 4973; baseline 0.001 -3"><span class='ocrx_word' id='word_1_667' title='bbox 1980 4916 2158 4970; x_wconf 87' lang='lat' dir='ltr'><strong><em>siones</em></strong></span> <span class='ocrx_word' id='word_1_668' title='bbox 2193 4931 2371 4969; x_wconf 88' lang='lat' dir='ltr'><strong><em>rerum</em></strong></span> <span class='ocrx_word' id='word_1_669' title='bbox 2415 4917 2630 4971; x_wconf 66' lang='lat' dir='ltr'><strong><em>laedunt.</em></strong></span> <span class='ocrx_word' id='word_1_670' title='bbox 2676 4915 2792 4972; x_wconf 88' lang='lat' dir='ltr'><strong><em>Non</em></strong></span> <span class='ocrx_word' id='word_1_671' title='bbox 2835 4921 2976 4972; x_wconf 90' lang='lat' dir='ltr'><strong><em>enim</em></strong></span> <span class='ocrx_word' id='word_1_672' title='bbox 3025 4919 3180 4972; x_wconf 66' lang='lat' dir='ltr'><strong><em>tineae</em></strong></span> <span class='ocrx_word' id='word_1_673' title='bbox 3229 4920 3384 4973; x_wconf 91' lang='lat' dir='ltr'><strong><em>modo</em></strong></span> <span class='ocrx_word' id='word_1_674' title='bbox 3431 4920 3546 4973; x_wconf 86' lang='lat' dir='ltr'><strong><em>lon-</em></strong></span> 
     </span>
    </p>
   </div>
   <div class='ocr_carea' id='block_1_94' title="bbox 1980 5007 3543 5074">
    <p class='ocr_par' dir='ltr' id='par_1_94' title="bbox 1980 5007 3543 5074">
     <span class='ocr_line' id='line_1_95' title="bbox 1980 5007 3543 5074; baseline 0.003 -17"><span class='ocrx_word' id='word_1_675' title='bbox 1980 5021 2210 5074; x_wconf 82' lang='lat' dir='ltr'><strong><em>gumque</em></strong></span> <span class='ocrx_word' id='word_1_676' title='bbox 2238 5021 2500 5059; x_wconf 86' lang='lat' dir='ltr'><strong><em>annorum</em></strong></span> <span class='ocrx_word' id='word_1_677' title='bbox 2537 5007 2796 5074; x_wconf 84' lang='lat' dir='ltr'><strong><em>spatium,</em></strong></span> <span class='ocrx_word' id='word_1_678' title='bbox 2833 5009 2925 5060; x_wconf 90' lang='lat' dir='ltr'><strong><em>sed</em></strong></span> <span class='ocrx_word' id='word_1_679' title='bbox 2957 5017 3014 5060; x_wconf 87' lang='lat' dir='ltr'><strong><em>et</em></strong></span> <span class='ocrx_word' id='word_1_680' title='bbox 3042 5008 3343 5073; x_wconf 74' lang='lat' dir='ltr'><strong><em>calumnize,</em></strong></span> <span class='ocrx_word' id='word_1_681' title='bbox 3381 5009 3543 5062; x_wconf 78' lang='lat' dir='ltr'><strong><em>latro-</em></strong></span> 
     </span>
    </p>
   </div>
   <div class='ocr_carea' id='block_1_95' title="bbox 1979 5096 3542 5166">
    <p class='ocr_par' dir='ltr' id='par_1_95' title="bbox 1979 5096 3542 5166">
     <span class='ocr_line' id='line_1_96' title="bbox 1979 5096 3542 5166; baseline 0.002 -18"><span class='ocrx_word' id='word_1_682' title='bbox 1979 5112 2097 5158; x_wconf 90' lang='lat' dir='ltr'><strong><em>nes,</em></strong></span> <span class='ocrx_word' id='word_1_683' title='bbox 2130 5096 2480 5164; x_wconf 80' lang='lat' dir='ltr'><strong><em>servique,.et</em></strong></span> <span class='ocrx_word' id='word_1_684' title='bbox 2513 5096 2689 5149; x_wconf 80' lang='lat' dir='ltr'><strong><em>futura</em></strong></span> <span class='ocrx_word' id='word_1_685' title='bbox 2719 5097 2945 5165; x_wconf 80' lang='lat' dir='ltr'><strong><em>incerta,</em></strong></span> <span class='ocrx_word' id='word_1_686' title='bbox 2973 5112 3118 5152; x_wconf 89' lang='lat' dir='ltr'><strong><em>mors</em></strong></span> <span class='ocrx_word' id='word_1_687' title='bbox 3149 5097 3377 5166; x_wconf 90' lang='lat' dir='ltr'><strong><em>denique</em></strong></span> <span class='ocrx_word' id='word_1_688' title='bbox 3420 5097 3542 5151; x_wconf 82' lang='lat' dir='ltr'><strong><em>ﬁnis</em></strong></span> 
     </span>
    </p>
   </div>
   <div class='ocr_carea' id='block_1_96' title="bbox 1434 5250 2471 5308">
    <p class='ocr_par' dir='ltr' id='par_1_96' title="bbox 1434 5250 2471 5308">
     <span class='ocr_line' id='line_1_97' title="bbox 1434 5250 2471 5308; baseline 0.002 -4"><span class='ocrx_word' id='word_1_689' title='bbox 1434 5250 1664 5304; x_wconf 80' lang='lat' dir='ltr'><strong><em>VARle</em></strong></span> <span class='ocrx_word' id='word_1_690' title='bbox 1704 5250 2082 5307; x_wconf 80' lang='lat' dir='ltr'><strong><em>LECTIONES</em></strong></span> <span class='ocrx_word' id='word_1_691' title='bbox 2117 5251 2205 5305; x_wconf 88' lang='lat' dir='ltr'>ET</span> <span class='ocrx_word' id='word_1_692' title='bbox 2242 5252 2471 5308; x_wconf 64' lang='lat' dir='ltr'><strong><em>NOTAE.</em></strong></span> 
     </span>
    </p>
   </div>
   <div class='ocr_carea' id='block_1_97' title="bbox 299 5399 1874 5470">
    <p class='ocr_par' dir='ltr' id='par_1_97' title="bbox 299 5399 1874 5470">
     <span class='ocr_line' id='line_1_98' title="bbox 299 5399 1874 5470; baseline -0.001 -18"><span class='ocrx_word' id='word_1_693' title='bbox 299 5400 618 5470; x_wconf 65' lang='grc' dir='ltr'>Τροιζῆνος</span> <span class='ocrx_word' id='word_1_694' title='bbox 641 5401 720 5461; x_wconf 85' lang='grc' dir='ltr'><strong><em>είς</em></strong></span> <span class='ocrx_word' id='word_1_695' title='bbox 762 5399 992 5470; x_wconf 81' lang='grc' dir='ltr'>Ἀθήνας</span> <span class='ocrx_word' id='word_1_696' title='bbox 1025 5401 1121 5470; x_wconf 20' lang='grc' dir='ltr'>ίγὼν</span> <span class='ocrx_word' id='word_1_697' title='bbox 1158 5401 1300 5465; x_wconf 79' lang='grc' dir='ltr'>ὁδοῦ,</span> <span class='ocrx_word' id='word_1_698' title='bbox 1348 5400 1874 5470; x_wconf 15' lang='grc' dir='ltr'>πάρεργοννὲξέκοψε</span> 
     </span>
    </p>
   </div>
   <div class='ocr_carea' id='block_1_98' title="bbox 299 5469 1875 5536">
    <p class='ocr_par' dir='ltr' id='par_1_98' title="bbox 299 5469 1875 5536">
     <span class='ocr_line' id='line_1_99' title="bbox 299 5469 1875 5536; baseline 0.001 -16"><span class='ocrx_word' id='word_1_699' title='bbox 299 5471 422 5531; x_wconf 78' lang='grc' dir='ltr'>τοὺς</span> <span class='ocrx_word' id='word_1_700' title='bbox 452 5469 794 5536; x_wconf 86' lang='grc' dir='ltr'>κακούργους</span> <span class='ocrx_word' id='word_1_701' title='bbox 814 5484 826 5497; x_wconf 84' lang='lat'><strong><em>°</em></strong></span> <span class='ocrx_word' id='word_1_702' title='bbox 865 5469 986 5521; x_wconf 86' lang='lat' dir='ltr'><strong><em>Nisi</em></strong></span> <span class='ocrx_word' id='word_1_703' title='bbox 1022 5469 1242 5524; x_wconf 72' lang='lat' dir='ltr'><strong><em>Theseus</em></strong></span> <span class='ocrx_word' id='word_1_704' title='bbox 1265 5485 1327 5523; x_wconf 75' lang='lat' dir='ltr'><strong><em>ex</em></strong></span> <span class='ocrx_word' id='word_1_705' title='bbox 1351 5469 1591 5523; x_wconf 61' lang='lat' dir='ltr'><strong><em>Troezene</em></strong></span> <span class='ocrx_word' id='word_1_706' title='bbox 1614 5469 1875 5536; x_wconf 81' lang='lat' dir='ltr'><strong><em>digressus</em></strong></span> 
     </span>
    </p>
   </div>
   <div class='ocr_carea' id='block_1_99' title="bbox 302 5537 1872 5660">
    <p class='ocr_par' dir='ltr' id='par_1_99' title="bbox 302 5537 1872 5660">
     <span class='ocr_line' id='line_1_100' title="bbox 302 5537 1872 5660; baseline 0.001 -70"><span class='ocrx_word' id='word_1_707' title='bbox 302 5556 369 5660; x_wconf 81' lang='lat' dir='ltr'><strong><em>aSC</em></strong></span> <span class='ocrx_word' id='word_1_708' title='bbox 362 5540 467 5602; x_wconf 88' lang='lat' dir='ltr'><strong><em>via,</em></strong></span> <span class='ocrx_word' id='word_1_709' title='bbox 506 5537 848 5606; x_wconf 79' lang='lat' dir='ltr'><strong><em>proﬁciscens</em></strong></span> <span class='ocrx_word' id='word_1_710' title='bbox 880 5537 1109 5592; x_wconf 82' lang='lat' dir='ltr'><strong><em>Athenas</em></strong></span> <span class='ocrx_word' id='word_1_711' title='bbox 1146 5542 1373 5593; x_wconf 85' lang='lat' dir='ltr'><strong><em>latrones</em></strong></span> <span class='ocrx_word' id='word_1_712' title='bbox 1417 5540 1536 5592; x_wconf 83' lang='lat' dir='ltr'><strong><em>illos</em></strong></span> <span class='ocrx_word' id='word_1_713' title='bbox 1575 5540 1872 5592; x_wconf 69' lang='lat' dir='ltr'><strong><em>excidisset.</em></strong></span> 
     </span>
     <span class='ocr_line' id='line_1_101' title="bbox 375 5624 541 5660; baseline 0 0"><span class='ocrx_word' id='word_1_714' title='bbox 375 5624 541 5660; x_wconf 76' lang='grc' dir='ltr'>ηοττ.</span> 
     </span>
    </p>
   </div>
   <div class='ocr_carea' id='block_1_100' title="bbox 375 5624 1876 5747">
    <p class='ocr_par' dir='ltr' id='par_1_100' title="bbox 375 5624 1876 5747">
     <span class='ocr_line' id='line_1_102' title="bbox 375 5624 1876 5747; baseline 0 -15"><span class='ocrx_word' id='word_1_715' title='bbox 375 5624 717 5747; x_wconf 53' lang='grc' dir='ltr'>ῗὲὦτῇιειὶυε</span> <span class='ocrx_word' id='word_1_716' title='bbox 750 5675 1107 5745; x_wconf 81' lang='grc' dir='ltr'>πράττοντας.</span> <span class='ocrx_word' id='word_1_717' title='bbox 1143 5676 1235 5732; x_wconf 73' lang='lat' dir='ltr'><strong>Vel</strong></span> <span class='ocrx_word' id='word_1_718' title='bbox 1262 5678 1436 5732; x_wconf 87' lang='lat' dir='ltr'><strong><em>locum</em></strong></span> <span class='ocrx_word' id='word_1_719' title='bbox 1464 5678 1540 5732; x_wconf 90' lang='lat' dir='ltr'><strong><em>sic</em></strong></span> <span class='ocrx_word' id='word_1_720' title='bbox 1570 5688 1876 5747; x_wconf 85' lang='lat' dir='ltr'><strong><em>transpone,</em></strong></span> 
     </span>
    </p>
   </div>
   <div class='ocr_carea' id='block_1_101' title="bbox 1975 5402 3538 5522">
    <p class='ocr_par' dir='ltr' id='par_1_101' title="bbox 1975 5402 3538 5522">
     <span class='ocr_line' id='line_1_103' title="bbox 1975 5402 3538 5477; baseline 0.006 -25"><span class='ocrx_word' id='word_1_721' title='bbox 1975 5402 2036 5453; x_wconf 82' lang='grc' dir='ltr'><strong><em>οὐ</em></strong></span> <span class='ocrx_word' id='word_1_722' title='bbox 2082 5402 2188 5472; x_wconf 82' lang='grc' dir='ltr'><strong><em>γάρ</em></strong></span> <span class='ocrx_word' id='word_1_723' title='bbox 2218 5403 2414 5465; x_wconf 79' lang='grc' dir='ltr'>ἀδίκως</span> <span class='ocrx_word' id='word_1_724' title='bbox 2448 5402 2769 5470; x_wconf 83' lang='grc' dir='ltr'>πάσχοντας,</span> <span class='ocrx_word' id='word_1_725' title='bbox 2803 5404 2939 5457; x_wconf 86' lang='grc' dir='ltr'><strong><em>ἀλλά</em></strong></span> <span class='ocrx_word' id='word_1_726' title='bbox 2975 5404 3196 5467; x_wconf 86' lang='grc' dir='ltr'>δικαίως</span> <span class='ocrx_word' id='word_1_727' title='bbox 3227 5407 3538 5477; x_wconf 71' lang='grc' dir='ltr'>πάσχοντας</span> 
     </span>
     <span class='ocr_line' id='line_1_104' title="bbox 1977 5471 2714 5522; baseline 0 0"><span class='ocrx_word' id='word_1_728' title='bbox 1977 5471 2257 5522; x_wconf 81' lang='grc' dir='ltr'>λυπεῖσθαι</span> <span class='ocrx_word' id='word_1_729' title='bbox 2291 5477 2412 5522; x_wconf 66' lang='lat' dir='ltr'><strong><em>von.</em></strong></span> <span class='ocrx_word' id='word_1_730' title='bbox 2449 5474 2670 5522; x_wconf 81' lang='lat' dir='ltr'><strong><em>Ovidius</em></strong></span> <span class='ocrx_word' id='word_1_731' title='bbox 2701 5489 2714 5522; x_wconf 88' lang='lat'><strong>:</strong></span> 
     </span>
    </p>
   </div>
   <div class='ocr_carea' id='block_1_102' title="bbox 1979 5473 3462 5616">
    <p class='ocr_par' dir='ltr' id='par_1_102' title="bbox 1979 5473 3462 5616">
     <span class='ocr_line' id='line_1_105' title="bbox 1979 5473 3371 5542; baseline 0.008 -21"><span class='ocrx_word' id='word_1_732' title='bbox 1979 5473 2257 5536; x_wconf 82' lang='grc' dir='ltr'>λυπεῖσθαι</span> <span class='ocrx_word' id='word_1_733' title='bbox 2289 5477 2412 5542; x_wconf 84' lang='grc' dir='ltr'><strong><em>χρή.</em></strong></span> <span class='ocrx_word' id='word_1_734' title='bbox 2449 5474 2670 5527; x_wconf 77' lang='lat' dir='ltr'><strong><em>Ovidius</em></strong></span> <span class='ocrx_word' id='word_1_735' title='bbox 2701 5489 2714 5526; x_wconf 88' lang='lat'><strong>:</strong></span> <span class='ocrx_word' id='word_1_736' title='bbox 3341 5473 3371 5477; x_wconf 63' lang='grc'><em>”</em></span> 
     </span>
     <span class='ocr_line' id='line_1_106' title="bbox 1979 5541 3462 5616; baseline 0.005 -25"><span class='ocrx_word' id='word_1_737' title='bbox 1979 5541 2265 5616; x_wconf 55' lang='lat' dir='ltr'><strong><em>Qutei&#39;enit</em></strong></span> <span class='ocrx_word' id='word_1_738' title='bbox 2295 5557 2373 5594; x_wconf 72' lang='lat' dir='ltr'><strong><em>ex‘</em></strong></span> <span class='ocrx_word' id='word_1_739' title='bbox 2393 5543 2574 5616; x_wconf 77' lang='lat' dir='ltr'><strong><em>merito</em></strong></span> <span class='ocrx_word' id='word_1_740' title='bbox 2607 5559 2754 5610; x_wconf 73' lang='lat' dir='ltr'><strong><em>pwna</em></strong></span> <span class='ocrx_word' id='word_1_741' title='bbox 2784 5544 3009 5616; x_wconf 81' lang='lat' dir='ltr'><strong><em>dolenda</em></strong></span> <span class='ocrx_word' id='word_1_742' title='bbox 3035 5547 3190 5601; x_wconf 82' lang='lat' dir='ltr'><strong><em>venit.</em></strong></span> <span class='ocrx_word' id='word_1_743' title='bbox 3226 5546 3462 5601; x_wconf 67' lang='grc' dir='ltr'>δαείη-τ.</span> 
     </span>
    </p>
   </div>
   <div class='ocr_carea' id='block_1_103' title="bbox 2053 5610 3537 5689">
    <p class='ocr_par' dir='ltr' id='par_1_103' title="bbox 2053 5610 3537 5689">
     <span class='ocr_line' id='line_1_107' title="bbox 2053 5610 3537 5689; baseline 0.007 -27"><span class='ocrx_word' id='word_1_744' title='bbox 2053 5611 2160 5689; x_wconf 58' lang='grc' dir='ltr'><strong><em>(θῷ)</em></strong></span> <span class='ocrx_word' id='word_1_745' title='bbox 2201 5610 2342 5663; x_wconf 82' lang='lat' dir='ltr'><strong><em>Inter</em></strong></span> <span class='ocrx_word' id='word_1_746' title='bbox 2370 5611 2626 5689; x_wconf 58' lang='grc' dir='ltr'>μέμψεως</span> <span class='ocrx_word' id='word_1_747' title='bbox 2677 5623 2730 5666; x_wconf 79' lang='lat' dir='ltr'><strong><em>et</em></strong></span> <span class='ocrx_word' id='word_1_748' title='bbox 2768 5615 2913 5681; x_wconf 81' lang='grc' dir='ltr'>ἄξιος</span> <span class='ocrx_word' id='word_1_749' title='bbox 2944 5617 3100 5672; x_wconf 85' lang='lat' dir='ltr'><strong><em>codd.</em></strong></span> <span class='ocrx_word' id='word_1_750' title='bbox 3154 5617 3318 5672; x_wconf 85' lang='lat' dir='ltr'><strong><em>Vatic.</em></strong></span> <span class='ocrx_word' id='word_1_751' title='bbox 3347 5619 3449 5673; x_wconf 81' lang='grc'><strong><em>650</em></strong></span> <span class='ocrx_word' id='word_1_752' title='bbox 3483 5627 3537 5672; x_wconf 94' lang='lat' dir='ltr'><strong><em>ct</em></strong></span> 
     </span>
    </p>
   </div>
   <div class='ocr_carea' id='block_1_104' title="bbox 1980 5677 2725 5737">
    <p class='ocr_par' dir='ltr' id='par_1_104' title="bbox 1980 5677 2725 5737">
     <span class='ocr_line' id='line_1_108' title="bbox 1980 5677 2725 5737; baseline 0.004 -7"><span class='ocrx_word' id='word_1_753' title='bbox 1980 5677 2087 5732; x_wconf 87' lang='lat' dir='ltr'><strong><em>All.</em></strong></span> <span class='ocrx_word' id='word_1_754' title='bbox 2118 5677 2725 5737; x_wconf 29' lang='lat' dir='ltr'><strong><em>inserunt’6t‘z.‘Possm.</em></strong></span> 
     </span>
    </p>
   </div>
  </div>
