4020 6140
332 279 467 346 1393
1227 291 1760 355 EPISTOLABUM
1792 297 1945 363 LIB.
1986 296 2051 360 V.
2083 322 2154 336 —
2192 298 2430 363 EPIST.
2473 305 2680 363 CXIX.
3436 300 3570 367 I394

329 391 579 465 Ζώσιμον
600 393 773 449 δεινὸν
796 394 879 463 ὃν,
913 395 973 448 σὺ
1007 396 1181 452 δεινὸν
1211 395 1353 453 εῖναι
1385 402 1536 457 δοκεί
1564 405 1641 475 τῷ
1662 409 1901 477 παρανό-

2011 413 2152 467 nefas
2182 415 2283 479 sit,
2317 416 2588 482 quomodo
2619 429 2722 469 non
2748 394 2816 467 id
2848 412 3137 468 nefandum
3172 412 3244 467 sit
3285 412 3459 468 visum
3486 419 3567 481 ei,

330 498 449 549 μως
469 486 909 555 χειροτονήσαντι
936 504 949 516 ·
983 486 1409 556 ἀντεπιστέλλω,
1451 493 1533 545 ὅτι
1567 496 1632 547 σὺ
1666 496 1770 564 μὲν
1790 497 1896 549 ἀπὸ

2011 504 2084 570 jui
2134 517 2330 572 praeter
2374 506 2544 575 legem
2578 520 2701 560 eum
2750 504 3062 560 initiaverit.
3112 502 3436 573 Respondeo
3476 521 3573 575 pro

330 570 703 639 μισοπονήρου
722 571 927 642 τρόπου
950 573 1180 639 εἰκότως
1200 578 1528 646 ἀγανακτεῖς
1548 598 1561 611 °
1594 584 1770 647 οὐδεὶς
1789 586 1896 655 γὰρ

327 656 465 725 πρὸς
511 656 669 712 τοῦτο
718 660 1002 717 ἀντείποι·
1048 668 1224 721 ἐκεῖνο
1263 667 1321 722 δέ
1355 686 1437 723 σοι
1483 675 1895 745 παραινέσαιμι,

326 746 578 832 καθαρὰν
628 753 968 824 κακηγορίας
1015 757 1113 829 τὴν
1160 752 1406 829 γλῶτταν
1435 760 1778 832 διαφυλάξαι.
1835 765 1899 820 Ei

326 830 434 906 γὰρ
484 839 689 905 ἐκεῖνος
724 845 932 915 μυρίων
963 848 1131 914 ἄξιος,
1163 849 1239 913 ὡς
1270 830 1575 923 γέγραφας,
1615 856 1894 926 σκηπτῶν,

332 926 465 1019 μηδὲ
488 931 553 999 τῇ
580 934 713 1003 τιμῇ
744 933 1075 1004 βελτιωθεὶς,
1099 939 1212 993 ἀλλ’
1242 942 1391 1013 ὅπλῳ
1414 945 1614 1009 κακίας
1644 949 1709 1018 τῇ
1744 948 1899 1019 ἱερω-

332 1015 464 1108 σύνη
504 1024 868 1093 χρησάμενος,
905 1029 1000 1083 καὶ
1034 1032 1248 1103 τολμῶν
1295 1034 1608 1107 ἀτόλμητα·
1660 1015 1810 1094 ἀλλὰ-
1836 1037 1903 1093 σύ

330 1121 394 1174 γε
426 1110 487 1161 τὸ
518 1113 719 1166 σαυτοῦ
757 1117 933 1188 στόμα
961 1122 1196 1189 μιαίνειν
1220 1123 1320 1176 οὐκ
1354 1124 1610 1192 ὀφείλεις,
1638 1126 1737 1191 τάς
1764 1145 1895 1197 μια-

333 1196 433 1267 ράς
449 1200 659 1255 ἐκείνου
678 1206 905 1276 πράξεις
926 1209 1284 1282 ἐκτραγῳδῶν
1305 1215 1399 1267 κα)⁸
1422 1214 1519 1285 τὴν
1547 1217 1657 1271 τῶν
1682 1196 1896 1288 τρόπων

335 1288 631 1360 σκαιότητα
660 1294 1036 1367 διηγούμενος.

860 1506 1005 1562 PIZ'.
1040 1536 1110 1547 —
1140 1508 1406 1582 namq.)

1995 593 2178 647 animo
2206 596 2423 665 quidem
2457 605 2581 661 tuo,
2613 611 2720 667 quo
2746 594 2887 650 mala
2918 593 3098 649 omnia
3125 596 3436 649 adversaris
3462 636 3477 660 ,
3514 609 3566 649 te

1990 680 2133 751 juste
2166 684 2451 754 indignari,
2478 686 2622 755 quod
2663 700 2824 741 nemo
2850 687 3149 757 negaverit.
3182 683 3313 738 Illud
3356 686 3573 739 interim

1999 788 2313 832 moneamus
2345 790 2410 832 ac
2436 776 2832 846 praecipiamus,
2862 790 3047 845 puram
3085 783 3141 829 ut
3168 789 3197 827 a
3232 775 3560 829 maledicen—

2002 864 2076 918 tia
2106 864 2344 936 linguam
2390 867 2684 924 custodias.
2736 866 2849 921 Etsi
2897 868 3041 921 enim
3073 866 3299 921 infinitis
3349 868 3471 931 ille,
3520 877 3575 920 ut

2004 955 2239 1023 scribis,
2295 959 2490 1028 dignus
2536 967 2620 1014 est
2650 958 2996 1023 fulminibus,
3039 973 3213 1027 neque
3265 959 3470 1013 honore
3512 974 3577 1012 ac

1997 1046 2258 1115 dignitate
2284 1048 2525 1104 redditus
2556 1048 2767 1112 melior,
2798 1048 2890 1103 sed
2924 1048 3039 1117 ipso
3082 1048 3390 1102 sacerdotio
3420 1049 3571 1101 velut

2001 1138 2257 1207 nequitiae
2296 1139 2652 1195 instrumento
2692 1139 2893 1195 abusus
2925 1139 3138 1200 audeat,
3165 1154 3286 1207 quae
3332 1139 3575 1192 audenda

2002 1244 2110 1285 non
2145 1239 2321 1297 erant,
2358 1245 2490 1286 cave
2529 1240 2708 1285 tamen
2739 1239 2887 1285 tuum
2926 1244 2988 1284 os
3023 1229 3310 1298 inquinare
3354 1226 3577 1282 sceleri-

2003 1317 2103 1373 bus
2128 1317 2246 1387 ejus
2285 1318 2511 1389 impuris
2539 1318 2862 1389 arguendis,
2895 1333 2957 1373 ac
2999 1331 3207 1371 morum
3259 1316 3377 1384 ejus
3435 1329 3577 1369 sarva

2006 1408 2280 1462 narrando
2308 1408 2448 1463 aliis.

2389 1520 2556 1592 533
2586 1521 2787 1579 cxvu.
2829 1553 2898 1563 -α
2934 1519 3186 1575 PAULO.

769 1591 885 1647 Vim
907 1596 1006 1664 fati
1035 1605 1083 1649 et
1114 1601 1489 1667 necessitatem,
1529 1603 1701 1673 lepido
1730 1618 2036 1674 argumento
2061 1608 2333 1665 subvertit.
2365 1591 2545 1682 (Cani.
2574 1611 2668 1666 lib.
2711 1628 2795 1676 ιη,
2822 1613 2972 1681 epist.
3009 1610 3159 1678 156.)

403 1698 465 1790 Εί
500 1701 607 1764 πᾶς
638 1701 898 1774 λογισμὸς
940 1707 1035 1760 καὶ
1090 1710 1237 1762 πᾶσα
1277 1711 1597 1783 ἐνθύμησις,
1644 1715 1723 1780 ὠς
1768 1718 1897 1788 φὴς,

2080 1718 2136 1772 Si
2169 1721 2372 1788 quaevis
2394 1761 2410 1788 ,
2441 1730 2497 1775 ut
2532 1721 2643 1786 ais,
2697 1720 2996 1790 speculatio
3028 1720 3331 1787 mentisque
3362 1716 3581 1787 agitatio

334 1788 652 1880 ’παρὰ-τῆς-
688 1794 1030 1867 εἱμαρμένης
1085 1800 1198 1862 τοῖς
1255 1802 1565 1872 ἀνθρώποις
1617 1806 1896 1880 ἐπιφοιτᾷ,

334 1875 685 1933 ἀτοπώτατόν
721 1898 769 1934 τι
813 1883 1096 1954 πάσχουσα
1127 1887 1533 1960 φωραθήσεται.
1565 1894 1630 1946 Ei
1661 1875 1774 1958 τοίς
1800 1875 1899 1965 μέν

336 1968 693 2038 καταπέμπει
751 1972 1141 2044 ἐνθυμήματα,
1183 1976 1325 2030 ὥστε
1376 1980 1899 2053 ύπεραπολογεῖσθαι

328 2056 520 2126 αὐτῆς,
568 2061 695 2144 τοῖς,
716 2061 773 2114 δὲ
816 2062 1012 2135 τέχνην
1058 2067 1153 2119 καὶ
1201 2067 1663 2139 ὲπιστημονικοὺς
1709 2074 1899 2144 λόγους

329 2146 540 2216 ὀρέγει,
564 2150 631 2201 δι’
659 2142 734 2203 ὧν
763 2152 967 2223 ταύτην
990 2155 1409 2225 ἀνατρέψουσιν.
1457 2162 1521 2214 Et
1546 2163 1725 2217 τοίνυν
1762 2142 1900 2238 αὐτὴ

333 2238 533 2309 ἑαυτὴν
557 2241 875 2312 ἀνατρέπει,
914 2244 985 2296 δι’
1010 2239 1087 2299 ὧν
1115 2252 1343 2317 χορηγεῖ
1373 2252 1485 2314 τοῖς
1507 2253 1906 2323 ἀνατρέπουσιν

331 2327 501 2411 αύτὴν
525 2329 943 2401 ἐνθυμημάτων,
984 2334 1101 2398 πῶς
1122 2337 1385 2405 συστῆναι
1418 2339 1585 2410 αὐτὴν
1606 2336 1717 2397 οἷόν
1748 2361 1830 2399 τε.

633 2446 775 2500 PII".
812 2479 875 2492 —
917 2450 1253 2522 ΕΥΣΤΛΘΙῼ
1279 2452 1601 2525 ΔΙΑΚΟΝῼ.

2007 1822 2036 1861 a
2087 1808 2196 1863 fato
2250 1811 2481 1879 pendeat
2539 1810 2780 1877 homini,
2829 1810 3277 1864 absurdissimum
3335 1806 3465 1876 quid
3504 1807 3579 1860 illi

2007 1899 2165 1972 [fato]
2202 1902 2450 1957 accidere
2488 1903 2880 1970 deprehendes.
2922 1901 3197 1969 Siquidem
3231 1898 3315 1952 his
3344 1898 3580 1953 rationes

2005 2001 2258 2060 suggerat
2312 1991 2508 2060 quibus
2566 1990 2918 2057 defendatur;
2977 1990 3083 2044 illis
3149 2004 3279 2042 vero
3343 1987 3579 2043 rationes

2006 2081 2332 2139 scientificas
2366 2085 2609 2152 adeoque
2649 2091 2822 2136 artem
2872 2083 3143 2151 praebeat,
3187 2094 3294 2148 qua
3337 2079 3578 2133 vicissim

2007 2181 2304 2228 evertatur.
2335 2168 2517 2238 Quare
2558 2173 2605 2227 si
2634 2188 2694 2229 se
2727 2172 2904 2239 ipsum
2944 2172 3140 2226 evertit
3169 2170 3335 2223 fatum
3367 2184 3460 2237 per
3491 2183 3578 2230 ea,

2006 2276 2126 2330 qua:
2173 2262 2405 2330 praebet,
2439 2263 2842 2331 enthymemata
2874 2261 3051 2329 ipsum
3081 2262 3414 2327 evertentia,
3449 2273 3581 2328 quo-

2006 2353 2185 2416 modo,
2210 2360 2414 2419 quaeso,
2442 2361 2620 2421 potest
2651 2351 2818 2406 fatum
2841 2351 3137 2406 subsistere
3164 2350 3189 2401 1

2214 2458 2445 2514 CXVIII.
2479 2488 2549 2500 —-
2603 2457 2996 2515 EUSTATIIIO
3035 2457 3352 2515 DIACONO.

1076 2540 1155 2593 Ad
1187 2540 1308 2594 vita:
1356 2543 1771 2599 emendationem
1805 2546 2126 2601 adhortatio.
2161 2546 2258 2602 Sui
2302 2548 2541 2614 victoria,
2577 2551 2833 2603 maxima.

403 2644 575 2710 Τοῦτο
598 2657 660 2711 τὸ
686 2656 782 2712 νῦν
803 2655 1075 2728 τολμηθὲν
1103 2672 1179 2710 πα
1189 2657 1259 2729 ρά
1288 2659 1383 2713 σοῦ
1403 2660 1514 2716 τῶν
1537 2662 1727 2717 δεινῶν
1754 2664 1900 2718 ὲκεί-

332 2763 440 2798 νων
489 2747 608 2800 ἐστὶ
635 2746 965 2817 δεινότερον
997 2745 1305 2819 ήμιλλήθης
1368 2750 1506 2819 πρὸς
1547 2752 1763 2818 σαυτὸν,
1810 2754 1906 2806 καὶ

332 2837 625 2908 νενίκηκας
645 2853 662 2871 ’
705 2837 776 2891 τά
804 2840 1051 2909 πρωτεῖα
1096 2838 1278 2891 τοίνυν
1315 2840 1373 2893 ὲν
1403 2839 1482 2909 τῷ
1510 2840 1611 2911 τῆς
1652 2842 1905 2907 ἀσεϐείας

334 2924 430 2979 καὶ
457 2926 748 2994 ἀσελγείας
780 2926 954 2992 ἀγῶνι
981 2927 1124 2981 κατά
1152 2924 1369 2982 πάντων
1403 2927 1565 3001 φέρῃ,
1600 2929 1906 3000 ὑπερηκόν-

2082 2662 2230 2718 lnter
2267 2678 2353 2729 ea,
2405 2679 2527 2734 qua:
2574 2674 2799 2720 strenue
2848 2666 3084 2734 gessisti,
3131 2664 3262 2719 illud
3311 2680 3579 2719 summum

2011 2762 2113 2821 est,
2145 2754 2286 2820 quod
2313 2762 2493 2810 tecum
2516 2753 2630 2821 ipse
2656 2761 2872 2808 certans
2890 2752 3105 2808 viceris.
3144 2751 3354 2807 Primas
3386 2753 3571 2821 itaque

2013 2846 2066 2899 in
2099 2844 2200 2898 hac
2227 2857 2351 2899 cum
2375 2842 2650 2912 impietate
2675 2856 2739 2896 ac
2772 2842 2995 2897 libidine
3018 2856 3195 2912 pugna
3232 2842 3298 2895 ab
3330 2841 3582 2895 omnibus

2012 2935 2255 2989 referens
2273 2933 2475 2997 vicisti,
2508 2947 2806 3002 omnesque
2833 2932 2994 2987 facile
3018 2932 3281 3000 superasti
3308 2951 3321 2985 :
3365 2940 3585 2999 propter

331 3033 510 3083 τισας,
550 3016 758 3078 πάντας
788 3017 1204 3088 ὑπερϐέϐηκαςο
1244 3016 1326 3071 διὸ
1353 3018 1451 3072 καὶ
1499 3016 1749 3089 δακρύων
1773 3022 1906 3090 ἡμῖν

2011 3021 2099 3075 illa
2125 3020 2280 3075 nobis
2302 3019 2664 3090 Iacrymarum
2690 3020 2943 3092 perennis
2977 3035 3139 3075 causa
3184 3022 3496 3075 exstiteras.
3523 3021 3580 3074 Si

336 3106 595 3170 ὑπόθεσις
633 3107 865 3176 γέγονας
904 3108 1165 3163 ἀεννάων.
1205 3104 1267 3161 Εί
1317 3108 1497 3162 τοίνυν
1546 3107 1725 3178 βούλει
1747 3111 1910 3179 ἡμῶν

335 3198 437 3268 τὴν
466 3198 641 3269 λύπην
668 3200 770 3269 τὴν
792 3200 887 3253 ἐπὶ
940 3200 1026 3253 σοὶ
1067 3198 1343 3263 ίάσασθαι,
1373 3199 1550 3252 πάντα
1571 3200 1739 3267 ποίει,
1763 3203 1911 3265 ὅπως

336 3288 669 3360 ἀποτρίψαιο
696 3289 797 3359 τὴν
826 3287 1147 3351 κακοδοξίαν
1169 3286 1303 3358 (96).

573 3402 721 3456 PIO’.
751 3431 821 3443 -—
860 3401 1164 3471 ΘΕΟΔΩΡῼ
1196 3400 1670 3472 ΣΧΟΛΑΣΤΙΚῼΛ

2018 3110 2198 3179 itaque
2221 3110 2460 3165 dolorem
2500 3121 2745 3166 nostrum
2800 3112 2873 3165 tui
2922 3111 3099 3180 gratia
3131 3121 3437 3179 susceptum
3491 3109 3583 3163 tol-

2018 3200 2129 3256 lere
2158 3202 2260 3267 vis,
2290 3216 2506 3256 omnem
2550 3216 2705 3259 move
2753 3202 3006 3272 lapidem,
3050 3214 3116 3255 ne
3151 3202 3290 3256 male
3327 3201 3580 3267 deinceps

2019 3292 2226 3346 audias.

2190 3403 2374 3461 CXIX.
2413 3434 2481 3445 —
2506 3400 2877 3459 THEODORO
2914 3400 3405 3458 SCHOLASTICO.

550 3491 752 3563 Lingua
781 3490 1041 3562 quomodo
1071 3490 1195 3544 bene
1224 3491 1494 3545 utendum.
1528 3490 1548 3560 (
1577 3488 1693 3559 Ini.
1719 3491 1872 3561 epist.
1908 3492 2036 3557 455,
2066 3500 2116 3545 et
2147 3508 2211 3546 ex
2239 3491 2605 3562 Chrysostomo
2647 3491 2835 3580 (Iason.
2867 3492 2921 3545 in
2958 3498 3065 3545 sat.
3092 3490 3125 3544 4
3167 3488 3383 3557 Persii.)
3492 3502 3495 3503 '

411 3604 475 3658 EI
496 3602 759 3673 ὀξυτάτην
783 3603 927 3673 ἔχεις
947 3600 1046 3672 τὴν
1067 3600 1335 3669 γλῶτταν,
1361 3600 1596 3672 μάλιστα
1622 3600 1720 3670 μὲν
1740 3599 1908 3673 αὐτὴν

342 3693 685 3762 ὲπιστόμιζε,
715 3691 810 3743 καὶ⁵
823 3689 1025 3759 χαλινῷ
1053 3689 1379 3759 ἀνασείραζε
1400 3704 1415 3718 ο
1439 3691 1489 3741 εί
1515 3689 1572 3743 δὲ
1603 3690 1906 3755 ἀδυνατεῖς,

342 3786 545 3855 χρῆται
574 3782 710 3851 αὐτῇ
748 3781 826 3841 είς
855 3779 970 3832 δέον
999 3780 1139 3849 ὑπὲρ
1180 3780 1280 3849 τῆς
1319 3778 1468 3840 θείας
1504 3779 1599 3832 καὶ⁹
1634 3781 1909 3849 ἀκηράτου

339 3876 524 3944 δόξης,
548 3873 689 3943 ὑπὲρ
718 3872 816 3940 τῆς
834 3872 941 3923 τῶν
969 3871 1337 3941 ἀδικουμένων
1362 3870 1629 3940 βοηθείας,
1656 3871 1793 3942 ὑπὲρ
1815 3872 1913 3941 τῆς

2085 3601 2142 3657 Si
2183 3604 2513 3658 mordentem
2581 3612 2902 3669 acutamque
2967 3598 3134 3656 habes
3198 3602 3454 3671 linguam,
3522 3614 3583 3652 os

2015 3692 2204 3747 obtura
2264 3693 2531 3756 maxime,
2581 3700 2634 3746 et
2677 3692 2831 3747 freno
2885 3703 3156 3748 coerceto.
3209 3691 3263 3747 ld
3314 3693 3360 3747 si
3406 3692 3584 3745 minus

2016 3791 2191 3849 potes,
2222 3791 2373 3833 utere
2405 3796 2482 3844 .ea
2517 3797 2611 3849 pro
2658 3781 2839 3833 divina
2867 3789 2921 3833 et
2966 3780 3273 3848 incorrupta
3309 3779 3430 3833 fidei
3455 3794 3578 3847 pro-

2022 3870 2254 3924 fessione
2305 3870 2358 3923 in
2405 3869 2711 3937 praesidium
2763 3870 2961 3937 injuste
2995 3883 3398 3937 oppressorum,
3432 3869 3577 3935 opti-

342 3964 454 4018 τῶν
482 3962 784 4016 καλλίστων
812 3962 1159 4032 συνηγορίας,
1182 3961 1327 4013 κατά
1347 3960 1448 4030 τῆς
1462 3959 1573 4013 τῶν
1588 3960 1906 4014 ἀδικούντωκ

2024 3973 2232 4012 morum
2264 3957 2665 4023 defensionem;
2694 3967 2887 4011 contra
2919 3957 3203 4010 avaritiam
3247 3971 3455 4019 eorum,
3490 3958 3581 4025 qui

344 4052 659 4119 πλεονεξίας
688 4051 827 4125 (97),
859 4051 1003 4105 κατά
1024 4054 1125 4121 τῆς
1154 4051 1264 4105 τῶν
1284 4050 1503 4121 δαίμοσι
1534 4053 1791 4121 πονηροῖς
1817 4051 1906 4119 τὴν

2016 4067 2114 4120 per
2184 4050 2335 4105 nefas
2401 4051 2672 4117 ditantur;
2731 4058 2922 4103 contra
2972 4062 3158 4102 eorum
3221 4048 3581 4117 imperitiam,

344 4144 441 4198 τοῦ
485 4143 683 4206 παντὸς
716 4141 984 4212 Πρόνοιαν
1033 4140 1441 4212 ἐπιτρεπόντων
1472 4139 1732 4211 ἀμαθίας,
1777 4138 1906 4193 κατᾶ

2019 4140 2109 4207 qui
2142 4137 2513 4193 universitatis
2549 4137 2641 4192 Dei
2692 4136 3088 4207 providentiam
3117 4137 3273 4192 malis
3300 4137 3582 4193 ascribunt

343 4234 448 4303 τῆς
484 4234 593 4286 τῶν
616 4230 918 4302 αἱρετικῶν
941 4230 1390 4301 φρενοϐλαϐείας,
1415 4231 1558 4284 κατὰ
1589 4230 1688 4300 τῆς
1725 4230 1906 4299 Ἐλλή-

2018 4228 2331 4297 spiritibus;
2386 4228 2646 4283 adversus
2701 4228 3077 4283 haereticorum
3138 4228 3457 4294 amentiam,
3529 4237 3584 4283 et

346 4339 454 4375 νων
476 4319 926 4389 δεισιδαιμονίας,
953 4318 1095 4371 κατά
1115 4318 1214 4387 τῆς
1247 4318 1513 4373 Ἰουδαίων
1536 4318 1906 4384 ἀπαιδευσίας,

2020 4319 2256 4387 gentium
2306 4319 2784 4387 superstitionem;
2825 4328 3014 4373 contra
3060 4316 3370 4374 Judaaorum
3418 4318 3586 4373 insci-

348 4412 490 4465 κατὰ
516 4412 617 4481 τῆς
640 4411 750 4462 τῶν
779 4409 1204 4479 ἁμαρτανόντων
1228 4409 1586 4480 κατηγορίας.
1614 4410 1677 4460 El
1715 4408 1772 4463 δὲ
1800 4408 1922 4462 τού-

348 4519 459 4555 των
492 4501 784 4570 ἀφέμενος,
813 4502 881 4569 τῇ
923 4497 1141 4568 ὀξύτητι
1169 4498 1310 4552 κατά
1344 4498 1452 4550 τῶν
1488 4500 1919 4567 ἐντυγχανόντων

350 4589 517 4661 χρῷο,
550 4588 904 4644 ἀτοπώτατόν
940 4605 993 4640 τι
1023 4590 1292 4659 ποιήσεις.
1334 4588 1541 4641 Ταυτὺν
1564 4589 1671 4657 γάρ
1696 4604 1749 4640 τι
1782 4588 1921 4658 πρά-

352 4682 491 4749 ξεις,
517 4678 629 4735 οἷον
678 4682 743 4735 ἂν
786 4681 835 4734 εί
881 4681 1153 4751 μάχαιραν
1209 4679 1348 4750 ἔχων
1387 4679 1589 4743 ὀξεῖαν,
1640 4678 1779 4732 κατὰ
1813 4678 1921 4731 τῶν

353 4772 672 4841 ἐπιτηδείων
701 4771 993 4841 ὲπέφερες,
1023 4771 1055 4840 ἢ
1085 4769 1298 4839 ῥώμην,
1330 4769 1470 4822 κατά
1498 4770 1605 4822 τῶν
1654 4767 1918 4822 πολιτῶν·

355 4860 474 4913 δέον
503 4864 572 4932 τῇ
618 4862 715 4931 μὲν
770 4862 913 4915 κατὰ
956 4860 1067 4913 τῶν
1112 4859 1410 4929 πολεμίων,
1448 4860 1599 4930 τῇδὲ
1635 4859 1779 4911 κατὰ
1813 4860 1923 4912 τῶν

356 4949 661 5003 ἀντιπάλων
702 4951 959 5021 χρῆσθαι.
1005 4950 1097 5021 Μὴ
1132 4951 1312 5003 τοίνυν
1352 4951 1414 5003 τὸ
1446 4950 1737 5020 φάρμακον
1761 4950 1923 5020 δηλη-

356 5040 544 5110 τήριον
565 5041 963 5106 κατασκεύαξε,
988 5040 1126 5094 ἀλλὰ
1152 5041 1380 5103 δεόντως
1413 5041 1564 5112 αύτῷ
1592 5041 1848 5111 κέχρησο.

2021 4409 2185 4475 tiam;
2234 4417 2420 4463 contra
2484 4409 2825 4477 peccantium
2868 4410 3104 4464 convitia
3165 4420 3221 4463 et
3274 4409 3580 4464 maledicta.

2021 4500 2176 4564 Quod
2210 4500 2253 4553 si
2309 4514 2416 4553 non
2479 4498 2696 4564 feceris,
2746 4500 2926 4569 lingua
2976 4509 3067 4553 tua
3110 4509 3267 4555 acuta
3298 4502 3364 4553 ad
3423 4500 3585 4555 obvia

2022 4606 2249 4659 quamne
2295 4590 2514 4654 abusus,
2576 4591 2868 4644 absurdum
2926 4589 3143 4644 feceris.
3196 4587 3386 4643 Facies
3439 4588 3585 4643 enim

2025 4682 2265 4751 perinde,
2304 4689 2464 4750 atque
2491 4681 2533 4735 si
2564 4682 2938 4736 acutissimum
2990 4692 3183 4735 nactus
3232 4679 3490 4748 gladium,
3527 4680 3584 4731 in

2021 4771 2357 4830 necessarios
2383 4770 2587 4824 ferrum
2635 4780 2958 4835 convertas;
3010 4774 3091 4824 vel
3120 4770 3283 4822 robur
3334 4769 3588 4839 viresque

2019 4872 2205 4917 contra
2240 4863 2383 4916 cives
2409 4871 2530 4917 tuos
2548 4862 2826 4926 adhibeas,
2858 4875 2980 4915 cum
3009 4876 3103 4914 eos
3148 4862 3215 4913 ab
3252 4860 3408 4913 hoste
3445 4874 3579 4928 pro-

2020 4967 2258 5023 pugnare
2298 4962 2595 5021 oporteret,
2646 4961 2699 5005 et
2747 4952 2923 5019 lingua
2970 4952 3022 5003 in
3065 4950 3429 5014 adversarios,
3481 4966 3587 5004 non

2020 5042 2226 5095 amicos
2272 5042 2600 5111 stringenda.
2635 5041 2779 5096 Cave
2822 5042 3005 5110 igitur,
3047 5054 3113 5094 ne
3152 5054 3249 5108 pro
3294 5040 3589 5108 pharmace

359 5141 515 5186 utare
570 5145 809 5198 veneno,
880 5134 1009 5201 quin
1090 5135 1272 5201 potius
1338 5134 1606 5201 quomodo
1676 5142 1910 5202 oportet,
1952 5141 2126 5189 utere.

1457 5309 1691 5365 VAIiIIE
1731 5310 2110 5367 LECTIONES
2149 5310 2235 5365 ET
2275 5312 2504 5366 NOTAE.

433 5467 547 5535 (96)
600 5466 701 5518 Pro
746 5465 842 5534 τὴν
895 5465 1206 5535 κακοδοξίαν
1260 5467 1506 5520 scribunt
1553 5466 1651 5529 τὰς
1694 5468 1916 5521 κακοδο-

363 5534 478 5601 ξίας
514 5535 670 5586 ambo
708 5537 865 5586 codd.
906 5534 1113 5588 PessIN.

433 5605 544 5671 (97)
585 5603 727 5657 Inter
756 5601 1058 5667 πλεονεξίας
1089 5614 1141 5657 et
1185 5604 1322 5655 κατά
1371 5604 1523 5660 codd.
1559 5603 1677 5660 Val.
1730 5606 1834 5661 650
1864 5616 1918 5662 ct

2024 5470 2131 5523 Alt.
2165 5470 2279 5523 litec
2304 5471 2480 5537 omnia
2512 5468 2790 5520 inserenda
2825 5476 3133 5536 suggerunt,
3182 5469 3321 5519 κατὰ
3349 5468 3445 5537 τῆς
3477 5470 3585 5521 τῶν

2025 5539 2363 5607 εἱμαρμένην
2411 5533 2549 5589 εἶναι
2597 5537 2857 5607 λεγόντων
2891 5533 3132 5604 ἀλογίας,
3184 5537 3322 5589 κατὰ
3351 5533 3449 5603 τῆς
3476 5540 3582 5591 τῶν

2024 5605 2425 5675 αὐτοματισμὸν
2458 5605 2871 5674 φανταζομένων
2900 5607 3103 5673 ἀνοίας,
3140 5607 3277 5661 κατά
3311 5624 3358 5661 τ.
3401 5608 3475 5662 ID.
