4020 6140
474 248 634 330 1395‘
1702 268 1767 331 s.
1808 264 2102 329 ISIDORI
2141 264 2581 329 PELUSIOTE
3592 256 3725 323 1396

640 374 805 432 CXX.
849 405 922 419 —
977 375 1277 435 HYPATIO
1321 378 1530 436 REMP.
1578 380 1903 439 CERENTI.
2067 387 2116 446 Α

2067 387 2116 446 Α
2353 387 2485 439 Ριιν.
2522 413 2592 424 --
2638 379 2893 451 ruma
2930 373 3496 446 ΠΟΛΙΤΕΥΟΜΕΝῼ.

1235 494 1662 553 Procrustinatto
1711 501 2092 556 emendationis
2125 503 2335 556 tandem
2370 500 2464 554 Dei
2498 500 2634 553 iram
2675 500 2941 563 provocat.

546 599 781 665 Norunt,
818 602 1035 670 opinor,
1066 616 1258 659 omnes
1301 620 1395 661 eos
1428 607 1518 676 qui
1558 607 1610 660 in
1642 609 1804 666 rebus
1848 626 2043 681 geren-

2218 612 2343 669 Ὅτι
2368 610 2466 682 μὲν
2492 611 2540 662 οἱ
2567 606 2992 677 ἀναϐαλλόμενοι
3024 602 3229 675 πρᾶξαι
3247 600 3317 654 τά
3344 598 3561 662 δέοντα,
3598 597 3730 652 ίδεῖν

472 689 558 745 dis
596 692 957 747 cunctabundi
1009 703 1169 761 sunt,
1209 708 1411 763 cupere
1485 698 1707 767 propius
1772 700 2042 769 inspicere

2148 703 2378 774 ἐγγύθεν
2406 701 2681 772 βούλονται
2708 698 2776 751 τὰ
2800 697 2967 752 δεινά.
2998 697 3082 762 (Oi
3110 694 3219 763 γὰρ
3239 692 3328 746 διὰ
3345 689 3631 761 ρᾳθυμίαν
3651 690 3731 752 είς

471 795 658 834 earum
696 795 878 835 rerum
928 783 1225 839 molestias.
1265 784 1366 852 Qui
1421 786 1566 841 enim
1621 804 1714 858 per
1770 790 2039 856 ignaviam

2145 794 2246 863 τὴν
2275 790 2477 863 ἀρετὴν
2522 788 2917 859 ἐξυϐρίζοντες,
2940 785 3041 848 τὰς
3070 781 3341 852 τιμωρίας
3368 780 3453 848 ἐφ’
3490 779 3730 840 ἑαυτοὺς

470 871 654 925 virtuti
686 871 935 942 injuriam
968 872 1195 939 faciunt,
1228 889 1415 945 poenas
1440 877 1540 932 sibi
1566 890 1868 945 arcessunt,
1897 897 2036 950 qua),

2146 883 2387 945 ἕλκουσι,
2427 878 2667 949 διψὼσας
2711 876 2989 947 μετελθεῖν
3054 873 3180 935 τοὺς
3238 869 3515 939 ἁλόντας,)
3571 865 3730 938 οἶμαι

472 980 607 1034 quos
635 967 1115 1036 apprehenderint,
1162 970 1339 1034 avide,
1395 973 1637 1038 graviter
1679 974 2037 1029 ulciscuntur.

2146 974 2356 1034 πάντας
2400 969 2633 1022 εἰδέναι·
2681 967 2764 1019 ὅτι
2788 966 2845 1019 δὲ
2882 965 2956 1026 είς
2999 960 3249 1021 κολάσεις
3298 958 3728 1027 περιστήσονται

470 1054 623 1122 Quod
649 1072 777 1111 vero
801 1058 854 1111 in
876 1058 1070 1113 delicta
1098 1059 1327 1115 ultiones
1352 1062 1659 1118 constitutae
1680 1075 1879 1133 paratae
1912 1065 2040 1133 sint,

2145 1066 2214 1117 τὰ
2256 1060 2740 1133 πλημμελήματα,
2789 1056 2855 1110 ἂν
2898 1054 2976 1125 μὴ
3010 1052 3270 1124 μετανοίᾳ
3307 1048 3724 1119 θεραπευθῶσι,

472 1145 638 1216 589
668 1147 766 1201 nisi
802 1150 1131 1217 poenitentia:
1171 1152 1393 1207 accedat
1430 1156 1717 1222 medicina,
1753 1154 1879 1211 Noae
1902 1157 2041 1211 dilu-

2152 1153 2248 1208 καὶ
2276 1155 2304 1206 ό
2333 1148 2739 1219 κατακλυσμὸς,
2772 1144 2949 1199 καὶτὰ
2973 1144 3067 1196 ἐπὶ
3098 1140 3404 1210 Σοδομιτῶν
3429 1154 3492 1189 συ
3501 1135 3726 1205 μϐάντα

474 1236 640 1297 vium,
672 1250 900 1306 qumque
932 1239 983 1293 in
1025 1239 1276 1300 Sodomis
1322 1248 1656 1311 acciderunt,
1706 1255 1896 1316 aperte
1926 1246 2041 1301 cla-

2148 1244 2446 1316 διαρρήδην
2470 1241 2589 1311 βοᾷ.
2627 1239 2743 1307 Ἐφ’
2764 1232 2862 1300 ὧν,
2888 1238 2936 1288 εί
2963 1235 3058 1287 καὶ
3090 1230 3347 1303 μέλλησις
3369 1245 3451 1290 τις
3471 1226 3723 1294 γέγονεν,

472 1335 644 1379 maut.
677 1325 782 1382 Pro
803 1329 997 1397 quibus
1016 1333 1117 1387 etsi
1138 1338 1410 1392 cunctatio
1434 1338 1503 1394 sit
1538 1353 1601 1393 ac
1626 1338 2045 1407 procrastinatio

2145 1336 2261 1391 ἀλλ’
2305 1335 2404 1387 οὐκ
2446 1334 2527 1396 είς
2554 1330 2703 1393 τέλος
2748 1328 3004 1397 ἀκίνητος
3041 1324 3281 1395 ἔμεινεν,
3313 1320 3348 1390 ἢ
3392 1318 3552 1388 μόλις
3603 1316 3727 1383 μὲν,

473 1418 744 1485 quaedam,
780 1434 885 1475 non
921 1428 1101 1479 tamen
1153 1426 1204 1479 in
1260 1428 1420 1483 ﬁnem
1453 1428 1757 1494 differetur,
1798 1429 1881 1484 vel
1934 1428 2045 1484 fere

1362 1443 1420 1482 rm
1453 1428 1757 1494 differetur,
1798 1429 1881 1484 vel
1934 1428 2045 1484 fere
2147 1426 2365 1488 πάντως
2398 1422 2457 1477 δὲ
2484 1421 2776 1491 κινουμένη
2806 1418 2949 1488 δίκη.

472 1507 717 1573 quidem,
746 1524 850 1565 non
882 1511 1096 1579 penitus
1121 1521 1299 1569 tamen
1342 1530 1500 1585 poena
1533 1517 1760 1573 tollitur.

703 1616 887 1673 CXXI.
919 1647 972 1661 —
1013 1618 1311 1680 OPHELIO
1339 1626 1817 1685 GRAMMATICO.
2077 1625 2121 1681 B

2077 1625 2121 1681 B
2398 1626 2576 1679 PKA'.
2610 1653 2679 1663 —
2706 1622 2949 1692 ΩΦΕΛΙῼ
2986 1613 3475 1687 ΓΡᾹΜΜᾹΤΙΚῼ.

1034 1752 1043 1755 -
1688 1721 1763 1776 De
1793 1721 2054 1776 Laconica
2103 1720 2340 1775 oratione
2375 1716 2509 1788 (98).

546 1823 680 1878 Cum
726 1825 892 1882 multa
947 1827 1243 1886 funduntur
1310 1835 1493 1900 verba,
1525 1845 1580 1892 et
1635 1838 1939 1907 importuna
1983 1836 2045 1892 ﬁt

2225 1832 2340 1902 Οὐχ
2367 1833 2495 1885 ὅταν
2524 1829 2691 1893 πολὺς
2722 1829 2751 1882 ό
2778 1827 2936 1895 λόγος
2977 1824 3097 1898 ῥέῃ,
3131 1822 3227 1877 καὶ
3249 1820 3354 1886 ἔξω
3378 1819 3489 1872 τῶν
3514 1818 3724 1907 καιρῶν

478 1914 675 1980 oratio,
709 1931 814 1972 non
843 1930 1128 1988 propterea
1162 1920 1473 1979 admiranda
1503 1934 1606 1991 est,
1637 1905 1730 1982 sed
1758 1942 1879 1982 cum
1917 1927 2045 1982 bre-

2152 1924 2411 1995 φέρηται,
2437 1919 2748 1991 θαυμαστός
2783 1920 2959 1972 ἐστιν’
2986 1915 3101 1969 ἀλλ’
3138 1915 3268 1967 ὅταν
3295 1911 3502 1982 βραχὺς
3544 1909 3644 1979 μὲν

478 2005 562 2058 vis
596 2005 813 2075 quidem
861 2010 1190 2078 prolixitate,
1221 2013 1376 2084 longa
1425 2030 1553 2070 vero
1585 2016 1657 2071 sit
1682 2017 1950 2083 sensibus,
1980 2030 2044 2071 ac

2150 2020 2227 2090 τῷ
2267 2020 2454 2091 μήκει,
2477 2016 2643 2079 πολὺς
2663 2015 2719 2068 δὲ
2743 2016 2856 2078 τοῖς
2890 2013 3265 2083 ἐνθυμήμασι,
3292 2009 3385 2062 καὶ
3412 2008 3472 2059 ὲν
3501 2006 3583 2076 τῷ
3609 2023 3722 2059 συν-

478 2097 819 2166 compendio,
848 2111 1109 2170 quantum
1162 2112 1246 2159 est
1288 2105 1422 2160 satis
1463 2109 1768 2173 continens,
1798 2107 1901 2163 loci
1945 2122 2046 2177 op-

2150 2110 2303 2181 τόμῳ
2320 2109 2382 2163 τὸ
2396 2107 2807 2173 ἀπαράλειπτον
2825 2104 2986 2175 ἔχων,
3017 2101 3124 2155 ὑπὸ
3141 2099 3236 2155 τοῦ
3258 2098 3452 2170 καιροῦ
3481 2098 3716 2167 μάλιστα

478 2188 808 2254 portunitate
837 2192 1072 2248 maxime
1104 2194 1340 2249 animata
1370 2196 1602 2251 vividior
1635 2205 1878 2267 apparet.

1585 2212 1602 2250 ι·
1635 2205 1878 2267 apparet.
2151 2200 2448 2272 ψυχωθεὶς,
2487 2196 2864 2267 ζωτικώτερος
2891 2194 3172 2263 φαίνηται.

552 2323 759 2381 cxxn.
789 2358 861 2369 —
892 2328 1343 2400 maximam,
1382 2330 1657 2400 zosmo,
1685 2333 1973 2400 uanum,

2222 2333 2398 2388 PKB’.
2446 2359 2519 2372 —
2553 2326 3325 2400 MAPTINtayp._zQXIM9,
3361 2323 3652 2389 meum,

1059 2398 1469 2456 EUSTATIIIO.
1643 2397 1652 2400 ⁷
1960 2397 1967 2400 '

1643 2397 1652 2400 '
1960 2397 1967 2400 ·
2754 2397 3110 2465 summa.

1441 2489 1784 2557 Reprehendit
1815 2493 2044 2561 ipsorum
2071 2493 2422 2562 impudentem
2451 2492 2760 2559 nequitiam.

549 2615 780 2682 Quando
801 2630 907 2672 non
938 2616 1110 2673 solum
1133 2634 1239 2674 non
1270 2620 1436 2689 pudet
1459 2635 1552 2676 vos
1575 2636 1638 2677 ea
1663 2633 1901 2691 patrare,
1929 2639 2048 2693 quae

2238 2622 2457 2693 Ἐπειδὴ
2479 2622 2539 2675 οὐ
2575 2620 2653 2691 τῷ
2688 2621 2850 2690 μόνον
2883 2616 3289 2689 διαπράξασθαι
3315 2616 3510 2680 ταῦτα,
3543 2614 3580 2668 ἃ
3612 2631 3712 2684 μη-

481 2719 641 2760 nemo
687 2705 845 2769 alius,
900 2706 1122 2763 infamia
1168 2708 1444 2777 laborans,
1499 2713 1813 2776 committit,
1859 2729 2044 2768 verum

2151 2718 2261 2781 δεὶς
2287 2717 2505 2771 πώποτε
2534 2715 2693 2777 ἄλλος
2718 2714 2826 2768 τῶν
2854 2714 2948 2767 ἐπὶ
2969 2715 3082 2776 τοῖς
3113 2711 3415 2781 αἰσχίστοις
3451 2707 3711 2778 βεϐοημέ-

481 2798 644 2849 etiam
681 2797 902 2867 gloriari
934 2799 1144 2855 audetis
1175 2800 1241 2855 de
1264 2801 1350 2866 iis,
1380 2817 1500 2869 quae
1528 2804 1809 2858 obscurari
1844 2819 1909 2859 ac
1940 2806 2045 2873 tegi

2153 2823 2283 2871 νων,
2309 2804 2572 2874 αἰσχύνην
2600 2801 2917 2872 ὠφλήκατε,
2942 2799 3082 2854 ἀλλὰ
3109 2800 3205 2852 καὶ
3232 2797 3308 2868 τῷ
3328 2795 3710 2867 ὲναϐρύνεσθαι

482 2896 601 2941 erat
639 2902 873 2957 azquum,
904 2889 956 2943 ln
1007 2904 1073 2945 eo
1105 2904 1317 2947 omnem
1372 2894 1668 2962 superastis
1714 2896 2044 2961 amentiam;

2152 2898 2236 2965 ἐφ’
2283 2889 2364 2958 οἷς
2407 2893 2846 2962 ὲγκαλύπτεσθαι
2883 2892 3112 2957 δίκαιον,
3148 2893 3331 2944 πᾶσαν
3368 2887 3714 2959 ὑπερηκοντι-

483 2976 684 3029 idcirco
724 2976 791 3030 ad
824 2992 921 3032 vos
957 2978 1072 3033 haec
1119 2979 1246 3034 duxi
1299 2982 1717 3050 praescribenda.
1766 2982 1875 3038 Illis
1901 2985 2047 3039 enim

2148 3005 2277 3041 σατε
2323 2987 2551 3057 μανίαν·
2592 2984 2798 3039 δίκαιον
2843 2983 3034 3055 ᾠήθην
3095 2981 3258 3036 τοῦτο
3302 2980 3542 3052 χαράξαι
3587 2978 3711 3049 πρὸς

484 3072 630 3118 tanto
653 3063 949 3120 deteriores
981 3067 1137 3132 estis,
1167 3070 1309 3137 quod
1349 3083 1468 3137 quas
1500 3070 1599 3139 ipsi
1648 3071 1864 3140 quidem
1900 3086 2050 3127 com-

2147 3078 2292 3147 ὑμᾶς
2330 3077 2392 3129 τὸ
2432 3075 2687 3147 γράμμα.
2730 3073 2989 3143 Τοσούτῳ
3031 3071 3143 3142 γὰρ
3199 3072 3426 3125 ἐκείνων
3466 3069 3613 3133 ἐστὲ,
3646 3067 3712 3129 ὥς

486 3155 750 3210 miserunt
778 3158 1025 3223 crimina,
1062 3160 1328 3227 texerint;
1360 3175 1458 3216 vos
1502 3172 1688 3216 contra
1723 3162 1776 3216 in
1811 3162 1877 3217 iis
1896 3176 2048 3216 arro-

2147 3184 2299 3236 φασι,
2328 3165 2563 3237 χείρους,
2587 3166 2710 3218 ὅσον
2743 3164 2940 3216 ἐκεῖνοι
2972 3163 3242 3234 ἔπραττον
3296 3162 3421 3228 μὲν,
3456 3160 3712 3230 ἔκρυπτον

482 3257 675 3312 ganter
705 3263 798 3302 vos
816 3247 1052 3314 iactatis.
1084 3249 1365 3304 Summum
1389 3266 1520 3307 vero
1546 3253 1807 3307 malorum
1834 3253 2047 3308 illorum

2146 3258 2205 3311 δέ
2235 3272 2249 3286 ·
2282 3259 2441 3326 ὑμεῖς
2469 3256 2527 3309 δὲ
2571 3256 2666 3309 καὶ
2706 3254 3201 3323 ὲγκαλλωπίζεσθε.
3234 3254 3337 3306 Τὸν
3370 3252 3427 3305 δὲ
3449 3250 3710 3318 κολοφῶνα

483 3350 604 3390 esse
633 3336 895 3402 referunt,
932 3339 1074 3408 quod
1107 3340 1159 3393 hi
1191 3340 1345 3395 vobis
1374 3341 1657 3396 videantur
1680 3342 1933 3408 delirare,
1956 3342 2046 3411 qui

2151 3351 2260 3404 τῶν
2297 3350 2483 3407 κακῶν
2511 3350 2737 3403 ἐκείνων
2768 3345 2910 3404 εἶναί
2942 3365 3127 3417 φασιν,
3171 3348 3254 3401 ὅτι
3291 3348 3384 3401 καὶ
3440 3341 3709 3414 μαίνεσθαι

487 3427 711 3481 honeste
739 3427 959 3495 degunt,
991 3437 1046 3482 et
1074 3427 1311 3483 irridetis
1349 3444 1462 3495 eos,
1487 3430 1577 3499 qui
1604 3444 1701 3486 vos
1735 3431 2046 3486 admonent.

2157 3444 2288 3512 ὑμῖν
2311 3441 2559 3495 δοκοῦσιν
2588 3442 2637 3493 οἱ
2669 3441 2912 3510 κοσμίως
2936 3439 3160 3505 ζῶντες,
3194 3438 3290 3492 καὶ
3325 3436 3651 3509 παραπαίειν
3668 3432 3708 3484 οἱ

483 3515 613 3580 Quae
635 3529 754 3569 cum
785 3518 857 3571 ita
883 3518 1011 3583 sint,
1044 3518 1236 3587 ecquid
1278 3519 1429 3575 vobis
1472 3520 1716 3575 relictum
1751 3530 1837 3577 est
1868 3529 2051 3589 patro-

2158 3531 2536 3603 παραινοῦτες.
2586 3532 2722 3587 Ποία
2754 3527 2847 3585 οὖν
2905 3531 3033 3601 ὑμῖν
3075 3530 3377 3599 λελείψεται
3421 3524 3706 3593 ἁπολογία;

482 3605 727 3659 ciuium?
751 3622 870 3676 quae
903 3608 1343 3663 commiseratio?
1386 3624 1569 3679 ecqua:
1601 3610 1758 3666 venia
1804 3612 2050 3682 reliqua?

1895 3613 2050 3682 iqua?
2155 3624 2241 3687 τίς
2271 3621 2437 3687 ἕλεος,
2472 3622 2601 3676 ποία
2635 3621 2965 3692 συγγνώμη;
3001 3621 3116 3674 Οὐκ
3146 3620 3254 3690 ἔχω
3283 3618 3482 3687 λέγειν.

482 3695 744 3764 Equidem
774 3711 882 3753 non
916 3699 1087 3754 habeo
1112 3699 1311 3755 dicere.

937 3827 1168 3885 CXXIII.
1199 3861 1268 3871 —
1303 3830 1589 3888 ΤΗΟΜΑΞΣ.Ι

2681 3840 2852 3892 PKA'.
2884 3866 2958 3879 -
2984 3838 3194 3908 eam.

1115 3920 1358 3976 zElernis
1387 3931 1437 3975 et
1477 3922 1743 3976 mansuris
1774 3922 2147 3977 adluerendnm
2173 3944 2195 3991 ;
2219 3928 2456 3993 peritura
2483 3937 2658 3982 autem
2696 3927 3094 3982 contemnenda.

554 4025 679 4080 Haec
705 4029 1144 4094 possessionibus
1175 4030 1288 4085 sola
1320 4031 1679 4096 ascribamus,
1710 4031 1907 4100 quibus
1935 4046 2055 4086 cum

2226 4038 2410 4108 Μάνης
2440 4038 2541 4107 τῆς
2583 4038 2830 4109 κτήσεως
2881 4039 3105 4092 ἐκείνων
3148 4036 3421 4107 ἐχώμεθα,
3475 4027 3551 4089 ὧν
3585 4030 3703 4104 μετά

484 4116 590 4169 erit
620 4117 979 4184 moriendum,
1010 4135 1146 4188 Opus
1172 4122 1299 4176 erit.
1328 4121 1555 4191 Reliqua
1589 4135 1718 4176 vero
1745 4133 2059 4178 contemna-

2162 4128 2261 4198 τὴν
2285 4127 2608 4198 ἀπαλλαγὴν
2625 4128 2777 4181 τοῦδε
2812 4127 2907 4181 τοῦ
2939 4128 3056 4198 βίου
3085 4127 3467 4199 δεηθησόμεθα
3486 4144 3502 4159 ·
3532 4126 3631 4181 τῶν
3656 4123 3703 4176 δὲ

484 4222 623 4261 unus.
2089 4216 2137 4272 D
2161 4217 2366 4271 λοιπῶν
2395 4219 2919 4289 καταφρονήσωμεν.
2958 4204 2965 4213 ί

659 4314 895 4375 CXXIV.
922 4348 991 4358 —
1020 4315 1414 4375 HARPOCIUE
1448 4320 1832 4380 SOPHISTIE.

1819 4362 1832 4375 .
2426 4325 2600 4380 PKI'.
2633 4356 2704 4366 -
2735 4326 3067 4399 ΑΡΠΟΚΡᾼ
3096 4328 3404 4398 meum.

1798 4413 2093 4469 Colcibenda
2123 4416 2407 4471 calumnia.
3162 4422 3165 4423 ⁷

558 4518 987 4577 Calumniantem
1034 4523 1146 4577 fere
1205 4524 1489 4580 universos
1537 4525 1749 4582 refrena
1802 4530 2053 4599 graviore

2229 4532 2334 4585 Τὸν
2378 4531 2738 4587 διαϐάλλοντα
2786 4534 2974 4605 σχεδὸν
3003 4534 3135 4586 πᾶσι
3183 4533 3411 4597 πάντας,
3466 4530 3700 4603 ἐμϐριθε-

489 4610 924 4677 cumminatione,
946 4626 1013 4667 ne
1038 4612 1298 4683 supplicio
1330 4624 1517 4685 postea
1555 4616 1811 4688 indigeat.

2158 4623 2330 4694 στέρᾳ
2358 4625 2557 4697 ἀπειλῇ
2597 4627 2930 4695 σωφρόνισον
2950 4644 2963 4657 ·
2996 4627 3083 4679 ἵνα
3110 4626 3187 4697 μὴ
3212 4625 3482 4697 τιμωρίας
3504 4625 3704 4694 ὕστερον

2155 4715 2389 4787 δεηθείη.

980 4819 1192 4878 CXXV.
1229 4852 1298 4863 —
1330 4823 1559 4880 EIDEM.

2604 4825 2778 4879 PKE'.
2809 4854 2879 4864 —
2911 4826 2998 4896 Τῼ
3028 4826 3231 4897 ΔΥΤῼ.

1673 4919 1754 4972 Ad
1783 4918 2074 4988 frequentes
2105 4918 2307 4972 litteras
2336 4916 2540 4972 invitat.

556 5019 783 5086 Quoties
830 5032 949 5077 tuas
1001 5025 1207 5094 accipio
1256 5026 1467 5084 litteras
1513 5030 1748 5086 disertas
1799 5029 1939 5093 illas,
2001 5040 2056 5086 et

2238 5030 2428 5083 Ἦνίκα
2471 5029 2775 5100 γράμματα
2823 5029 3081 5099 δεχοίμην
3118 5028 3217 5097 τῆς
3250 5028 3348 5097 σῆς
3396 5028 3700 5096 λογιότητος,

488 5111 653 5164 multa
688 5112 859 5175 disco,
907 5125 961 5167 et
991 5130 1242 5185 magnam
1280 5118 1401 5172 inde
1431 5120 1582 5186 capio
1613 5120 1918 5175 utilitatem.
1962 5122 2059 5176 Est

2159 5122 2251 5174 καὶ
2302 5119 2637 5182 παιδεύσεως
2689 5118 3026 5189 πληροῦμαι,
3090 5118 3183 5170 καὶ
3239 5116 3446 5186 σφόδρα
3494 5110 3698 5182 γέγηθα.

491 5201 633 5255 enim
675 5203 727 5256 in
765 5203 831 5261 iis
878 5213 934 5258 et
958 5204 1204 5270 affectus,
1252 5217 1306 5261 et
1339 5209 1623 5263 verborum
1653 5210 1755 5265 vis.
1784 5210 1841 5265 Si
1876 5220 2055 5265 autem

2163 5211 2318 5263 Ἐστι
2346 5210 2456 5278 γὰρ
2505 5210 2561 5261 ὲν
2588 5210 2769 5271 αὐτοῖς
2796 5209 2891 5261 καὶ
2917 5208 3233 5270 διαθέσεως,
3261 5208 3355 5259 καὶ
3409 5205 3579 5273 λόγων
3600 5195 3702 5252 kni-

494 5292 733 5347 scribere
763 5294 831 5349 ad
867 5308 953 5349 me
975 5295 1264 5367 aliquando
1293 5300 1559 5364 cessabis,
1588 5301 1889 5356 discrucior
1909 5303 2062 5370 equi-

2161 5297 2345 5363 δειξις.
2379 5299 2442 5350 Εἰ
2471 5298 2528 5351 δὲ
2563 5297 2702 5367 πρὸς
2735 5297 2907 5369 βραχὺ
2939 5296 3195 5366 ὑπέρθοιο
3225 5295 3287 5347 τὸ
3320 5295 3571 5365 γράφειν,
3598 5285 3698 5340 λίαν

1595 5474 1829 5529 VARIzE
1864 5474 2245 5532 LECTIONES
2276 5475 2363 5528 ET
2404 5475 2639 5531 ΝΟΤΛΞ.

564 5617 675 5688 (98)
715 5618 791 5672 De
814 5616 1131 5677 Laconismo
1154 5623 1314 5678 etiam
1342 5624 1557 5694 elegans
1580 5625 1820 5697 Gregorii
1852 5625 2175 5685 Nazianzeni
2203 5634 2380 5684 exstat
2408 5629 2474 5683 ad
2501 5625 2814 5685 Nicobulum
2848 5626 3099 5698 cpistola.
3134 5628 3373 5685 Scnon.
