4020 6140
335 266 471 333 I397

1227 275 1752 344 EPISTOLARUM
1790 285 1935 349 LIB.
1970 287 2036 349 V.
2064 311 2136 325 --
2166 288 2409 350 EPISI.
2443 289 2762 352 CXXVIII.

3431 289 3570 358 1398
3618 314 3627 367 ῗ

330 385 550 456 ἀθυμῶ,
581 383 677 438 καὶ
727 384 825 456 τὴν
874 384 1114 453 γλῶτταν
1143 387 1513 462 ἀμϐλύνομαι,
1544 393 1667 448 οὔτε
1693 396 1791 467 τῆς
1816 398 1905 450 εὑ-

2008 398 2128 454 dem
2160 401 2386 455 nimium
2434 412 2714 471 quantum,
2746 409 2803 456 et
2843 399 3020 472 lingua
3050 409 3246 473 torpet,
3278 416 3451 471 neque
3480 403 3573 457 lm-

332 474 611 544 φροσύνης
656 492 746 545 μοι
781 478 1235 549 προσγινομένης,
1265 479 1388 534 οὔτε
1421 484 1518 553 τῆς
1548 484 1655 538 ἀπὸ
1682 486 1790 540 τῶν
1814 486 1904 540 λό-

332 582 448 630 γων
475 564 762 633 ὠφελείας.
791 565 882 636 Μὴ
925 567 1103 620 τοίνυν
1133 569 1304 623 ὰδίκει
1333 572 1425 627 τὸν
1466 574 1567 644 τῆς
1603 574 1786 644 φιλίας
1815 579 1904 630 θε-

333 655 471 720 σμὸν
497 656 631 725 (99),
663 656 798 709 ἀλλὰ
847 659 1058 727 συχνῶς
1089 661 1292 731 γράφε.
1340 663 1497 718 Οὕτω
1534 666 1642 736 γὰρ
1672 667 1769 738 ἔσῃ
1816 686 1904 737 μοι

330 739 495 795 πλέον
526 745 944 814 κεχαρισμένος.

763 858 953 923 ΡΚςν.
995 888 1064 898 -
1098 861 1442 933 amarem.

2006 498 2117 543 tum
2148 492 2275 561 quid
2325 493 2539 559 accidit,
2576 507 2751 563 neque
2783 494 3070 549 utilitatem
3116 493 3355 563 percipio
3380 508 3410 547 e
3444 508 3564 549 ser-

2004 594 2165 634 mone
2200 590 2312 637 tuo.
2339 581 2459 636 Noli
2487 582 2671 650 itaque
2715 582 2968 637 amicitiae
3001 581 3178 638 Icedus
3212 581 3436 645 violare,
3477 583 3573 637 sed

2003 667 2319 739 frequenter
2349 671 2546 727 scribe.
2582 669 2673 727 Sic
2710 672 2841 728 mihi
2869 671 3028 742 longe
3051 671 3148 727 ﬂes
3181 671 3417 727 charior.

2312 871 2474 942 590
2510 871 2744 929 cxxvr.
2776 903 2847 914 —
2874 872 3258 929 PHILETRIO.

643 944 723 999 De
750 945 1000 1003 Ecclesia:
1027 952 1325 1007 vulneribus
1352 955 1590 1025 vitiisque
1624 959 1995 1025 persanandis,
2040 970 2207 1016 aurea
2244 963 2487 1031 epistola.
2521 964 2734 1032 Confer.
2766 966 2918 1033 epist.
2949 966 3012 1020 21
3055 975 3100 1019 et
3130 963 3246 1031 57.)

413 1056 577 1125 Ἐγὼ,
603 1057 684 1110 ὅτι
722 1058 821 1127 μὲν
864 1060 1057 1130 πρώην
1090 1063 1122 1132 ἡ
1164 1062 1259 1115 τοῦ
1308 1063 1547 1134 Χριστοῦ
1602 1066 1897 1139 Ἐκκλησία

328 1148 424 1201 καὶ
460 1148 588 1212 τοὺς
620 1148 973 1213 διδασκάλους
1006 1150 1118 1222 εἶχε
1154 1154 1462 1225 λαμπροὺς,
1491 1156 1588 1211 καὶ
1617 1162 1744 1222 τοὺς
1778 1177 1898 1229 φοι-

326 1237 496 1309 τητὰς
523 1238 863 1311 εὐδοκίμους,
893 1241 1037 1311 μάλα
1062 1244 1306 1315 ἀκριϐῶς
1337 1241 1451 1300 οῖδα
1473 1265 1488 1280 ο
1510 1249 1607 1301 καὶ
1634 1248 1723 1302 ἐπ’
1761 1250 1896 1321 ἐμοῦ

326 1330 458 1401 γὰρ,
487 1330 607 1400 οὐχὶ
632 1331 799 1385 πάλαι
831 1331 1013 1401 μόνον,
1040 1336 1231 1404 γέγονε
1259 1336 1434 1393 ταῦτα
1456 1340 1743 1412 ἀμφότερα
1765 1357 1776 1370 ’
1804 1342 1887 1396 ὅτι

322 1418 384 1471 δὲ
420 1419 515 1471 καὶ
542 1417 639 1472 νῦν
677 1419 838 1472 τοῦτο
868 1420 970 1474 οὐκ
1022 1422 1170 1476 ἐστιν
1198 1423 1458 1479 ἀδύνατον
1499 1427 1776 1495 γενέσθαι,
1814 1429 1889 1493 ὣς

326 1508 453 1578 φὴς,
494 1507 632 1562 ἀλλά
669 1508 914 1574 δυνατὸν,
947 1511 1047 1563 οὐκ
1078 1510 1223 1565 ἐστιν
1271 1514 1595 1585 ἀμφίϐολον.
1640 1517 1764 1571 Ἐάν
1784 1519 1893 1590 γάρ

325 1599 476 1670 παρὰ
500 1599 610 1653 τῶν
635 1600 931 1670 ὑφηγητῶν
953 1602 1187 1672 βεϐαίως
1219 1604 1457 1678 ὑπάρξῃ,
1486 1608 1583 1661 καὶ
1611 1611 1895 1682 παυσάμε-

325 1706 405 1742 νοι
436 1689 538 1758 τῆς
571 1690 883 1762 τυραννίδος
906 1696 1180 1765 πατρικὴν
1220 1697 1548 1768 κηδεμονίαν
1579 1701 1892 1766 ἐπιδείξωνο

324 1797 436 1846 ται,
466 1780 589 1833 τότε
623 1781 716 1833 καὶ
750 1781 880 1851 περὶ
933 1782 1030 1834 τοῦ
1058 1783 1180 1837 τίνα
1208 1785 1412 1855 τρόπον
1458 1788 1799 1859 σωθήσονται
1840 1792 1891 1845 oi

325 1869 577 1938 ὑπήκοοι,
629 1869 845 1935 ἐξέσται
895 1873 1158 1926 σκοπεῖν·
1216 1875 1347 1941 πρὶν
1399 1875 1458 1927 δὲ
1510 1876 1609 1945 τὴν
1654 1878 1893 1948 κρηπίδα

320 1958 499 2029 ὀρθῶς
534 1960 849 2027 ὑποθέσθαι,
893 1961 1014 2015 λίαν
1056 1964 1312 2035 περιττὸν
1342 1965 1605 2038 ήγοῦμαι,
1639 1969 1729 2022 τὸν
1763 1970 1894 2043 περὶ

327 2051 430 2119 τῆς
467 2052 759 2120 κορωνίδος
787 2053 1061 2106 ποιεῖσθαι
1106 2054 1280 2123 λόγον.
1318 2056 1394 2109 Οὐ
1426 2058 1533 2129 γὰρ
1563 2059 1893 2130 ἐθελήσωσιν

320 2143 541 2206 ἐκεῖνοι,
573 2141 676 2195 κᾶν
734 2144 996 2213 μυριάκις
1021 2144 1317 2211 ἀκούσωσι,
1356 2146 1658 2216 πείθεσθαι,
1704 2149 1772 2205 ἂν
1815 2150 1891 2221 μὴ

320 2232 773 2303 διάηπραγμάτων
813 2234 1057 2305 μάθοιεν.
1101 2237 1163 2292 Ὀ
1196 2236 1297 2307 μὲν
1323 2234 1417 2292 οὖν
1460 2239 1654 2311 παρὼν
1702 2241 1893 2313 καιρὸς

322 2323 416 2374 καὶ
461 2322 657 2394 βουλῆς
688 2325 782 2377 καὶ
812 2325 1070 2395 προνοίας
1098 2326 1271 2382 δεῖται
1301 2328 1501 2401 πολλῆς
1520 2346 1533 2360 ·
1568 2330 1680 2400 ἐγὼ
1704 2332 1761 2386 δὲ
1794 2333 1893 2405 οὐχ

320 2414 349 2465 ὅ
384 2431 435 2466 τι
465 2413 572 2485 χρὴ
604 2416 955 2484 παραινέσαι,
991 2416 1397 2474 δυσκολώτατον
1432 2422 1694 2494 ἡγοῦμαι.
1750 2424 1890 2477 Ἀλλ’

320 2503 497 2556 ἐκεῖνο
536 2504 751 2575 ἀπσρῶ,
783 2506 907 2560 τίνα
933 2507 1039 2579 χρὴ
1071 2508 1275 2581 τρόπον
1304 2513 1443 2582 πρὸς
1467 2512 1665 2576 αὐτοὺς
1691 2514 1885 2568 είπεϊν.

320 2594 586 2662 Πείθομαι
619 2596 727 2668 γάρ
766 2598 1031 2667 ἀκριϐῶς,
1061 2601 1121 2665 ἐξ
1167 2593 1242 2655 ὧν
1272 2603 1366 2655 καὶ
1391 2603 1579 2673 παρὼν
1609 2606 1702 2658 καὶ
1758 2623 1891 2661 πυν-

322 2688 621 2758 θανόμενος
654 2689 963 2755 σύνοιδα,τά
992 2691 1159 2745 πλείω
1183 2693 1293 2749 τῶν
1315 2694 1473 2747 θείων
1500 2695 1887 2766 θεσπισμάτων

322 2776 517 2843 αὐτοὺς
543 2780 826 2849 ἐκφυγεῖν,
851 2780 929 2850 τῷ
970 2781 1045 2852 μὴ
1069 2782 1244 2834 θέλειν
1277 2782 1346 2835 τά
1376 2782 1565 2837 δέοντα
1605 2786 1886 2855 πράττειν,

322 2866 463 2920 οὕτω
496 2868 569 2937 μὴ
610 2869 868 2923 συνιέναι.
904 2870 1161 2941 Παραινῶ
1186 2871 1366 2925 τοίνυν
1391 2873 1593 2940 αὐτοῖς,
1624 2875 1719 2929 ἐὰν
1752 2878 1911 2946 μετὰ

320 2958 635 3028 παρρησίας
673 2960 903 3029 εἴποιμι,
932 2962 1118 3030 φέρειν
1144 2961 1323 3027 τοῦτο,
1368 2963 1676 3033 θεωμένους
1703 2966 1753 3018 εί
1788 2967 1888 3019 τά-

319 3047 458 3118 ληθῆ
490 3046 708 3117 λέξαιμι
750 3050 842 3101 καὶ
876 3048 963 3107 διὰ
991 3049 1171 3115 τοῦτο,
1207 3050 1295 3103 ἴνα
1325 3050 1567 3120 βελτίους
1606 3054 1887 3121 γένωνται.
1916 3088 1965 3150 C

333 3137 429 3190 Ἐκ
470 3139 578 3208 γὰρ
610 3138 704 3191 τοῦ
748 3138 1064 3193 κολακεύειν
1095 3139 1294 3207 ἐνίους,
1328 3142 1411 3205 είς
1434 3142 1690 3212 τοιαύτην
1722 3162 1892 3216 ταρα-

322 3226 421 3295 χὴν
438 3226 660 3279 ἐνέπεσε
681 3228 747 3281 τὰ
763 3228 868 3281 τῶν
892 3229 1239 3297 Χριστιανῶν
1255 3230 1577 3301 πράγματα.
1598 3235 1664 3286 Τί
1679 3230 1772 3288 οὖν
1787 3237 1891 3307 χρὴ

322 3321 525 3386 ποιεῖν;
578 3322 867 3392 Συντόμως
913 3321 1045 3391 ἐρῶ,
1080 3323 1175 3376 καὶ
1218 3324 1318 3377 οὐκ
1375 3326 1786 3400 ἀποκρύψομαι.
1827 3331 1891 3383 Εί

325 3410 424 3477 μὲν
456 3408 654 3477 μύθους
676 3408 936 3480 ἡγοῦνται
964 3412 1064 3474 τὰς
1092 3411 1243 3477 θείας
1263 3414 1303 3465 Γ
1309 3415 1504 3483 ραφὰς,
1530 3418 1689 3487 σιγὴν
1711 3420 1891 3473 ἀσκεί-

322 3511 530 3549 τωσανο
557 3498 605 3549 εί
625 3499 681 3550 δὲ
702 3499 871 3563 ὄντως
898 3500 1186 3571 οὐρανίους
1207 3501 1462 3573 θεσμοὺς,
1492 3509 1887 3576 πραττέτωσαν

323 3589 561 3657 πρῶτον,
613 3586 731 3644 εἷτα
775 3591 1296 3663 δημηγορείτωσανο
1345 3596 1420 3666 μὴ
1467 3598 1725 3653 τοιούτων
1774 3603 1886 3672 γὰρ

321 3682 503 3736 αὐτῶν
537 3683 728 3752 ὄντων,
765 3687 794 3738 δ
822 3685 963 3750 θεῖος
989 3688 1152 3759 νόμος
1178 3690 1459 3745 ἀποκλείει
1486 3692 1549 3746 τὸ
1580 3694 1771 3765 στόμα.

709 3889 878 3944 ΡΚΖ’.
907 3918 975 3931 -
1001 3890 1497 3950 ΔΝΕΠΙΙῬΑΦΟΣ.

2073 1072 2248 1128 Probe
2294 1075 2509 1143 quidem
2550 1075 2673 1130 novi
2714 1076 2765 1130 in
2805 1075 3003 1131 Christi
3054 1075 3286 1145 primum
3333 1075 3572 1132 Ecclesia

2003 1168 2255 1224 doctores
2289 1168 2533 1238 egregios
2561 1169 2843 1233 claruisse,
2874 1169 3110 1237 itemque
3132 1170 3385 1238 probatos
3412 1170 3573 1225 disci-

2004 1257 2159 1327 pulos
2189 1268 2282 1314 :et
2311 1272 2431 1314 meo
2455 1261 2670 1329 quidem
2703 1268 2964 1329 tempore,
3017 1274 3121 1314 non
3169 1259 3304 1314 olim
3342 1270 3568 1326 tantum,

1991 1352 2286 1414 utrumque
2316 1345 2508 1401 horum
2534 1346 2734 1402 factum
2754 1358 2860 1403 est.
2886 1348 2938 1401 ld
2970 1357 3148 1403 autem
3182 1348 3343 1403 hodie
3373 1349 3573 1418 impos-

1993 1435 2168 1502 sibile,
2188 1446 2316 1491 uttu
2344 1437 2560 1506 quidem
2584 1437 2804 1503 scribis,
2823 1454 2937 1493 non
2970 1452 3113 1504 esse,
3136 1440 3229 1493 sed
3259 1440 3371 1494 fieri
3391 1455 3569 1509 posse,

1995 1525 2196 1580 nemini
2230 1527 2453 1580 dubium
2501 1536 2603 1584 est.
2645 1528 2702 1583 Si
2736 1527 2882 1582 enim
2930 1542 3017 1583 res
3068 1528 3169 1583 ista
3225 1529 3290 1582 ab
3340 1528 3426 1592 iis,
3474 1530 3566 1598 qni

1996 1625 2254 1685 praesunt,
2298 1618 2470 1675 solide
2522 1618 2734 1673 initium
2785 1629 2983 1685 sumat,
3034 1629 3089 1675 et
3140 1620 3235 1687 illi,
3287 1620 3571 1689 tyrannide

1997 1709 2194 1777 posita,
2228 1708 2646 1765 sollicitudinem
2677 1724 2830 1766 suam
2864 1724 3155 1779 curamque
3184 1725 3307 1781 erga
3334 1710 3566 1779 patriam

1999 1799 2360 1861 ostenderint,
2386 1807 2514 1855 tunc
2547 1799 2710 1854 etiam
2757 1814 2860 1869 qua
2892 1801 3101 1855 ratione
3142 1799 3335 1853 salvari
3369 1807 3571 1868 queant

1999 1886 2226 1956 subditi,
2263 1887 2447 1943 licebit
2471 1887 2873 1951 videre.,Prius
2893 1889 3036 1944 enim
3069 1903 3229 1959 quam
3258 1889 3567 1955 rectejaeta

1998 1976 2107 2032 sint
2127 1977 2497 2045 fundamenta,
2526 1978 2594 2033 de
2623 1979 2883 2033 coronide
2909 1978 3233 2048 lastigioque
3262 1993 3566 2033 sermonem

2000 2066 2307 2130 instituere,
2340 2065 2496 2120 valde
2526 2080 2988 2133 supervacaneum
3015 2068 3173 2123 duco.
3206 2067 3391 2136 Neque
3422 2067 3564 2121 enim

1999 2160 2184 2215 volunt
2225 2160 2321 2226 illi,
2357 2160 2459 2214 etsi
2489 2158 2685 2215 millies
2712 2160 3005 2226 audierint,
3023 2161 3265 2225 credere,
3285 2159 3384 2215 nisi
3403 2173 3569 2227 expe-

1998 2250 2229 2305 rimento
2277 2249 2586 2304 didicerint.
2636 2249 2885 2305 Praesens
2942 2249 3125 2320 itaque
3156 2257 3367 2320 tempus
3398 2248 3568 2305 multo

1998 2343 2198 2413 indiget
2225 2341 2451 2398 consilio
2488 2349 2543 2394 et
2569 2341 2869 2410 prudentia.
2904 2339 3013 2411 Ego
3042 2354 3170 2395 vero
3197 2338 3566 2395 dillicillimum

1998 2431 2253 2495 arbitror,
2316 2445 2420 2484 non
2472 2428 2615 2497 quod
2648 2436 2894 2498 oporteat
2926 2426 3250 2493 admonere;
3287 2434 3344 2480 at
3391 2426 3456 2480 de
3502 2438 3585 2478 co.

1996 2518 2205 2583 dubito,
2244 2533 2481 2588 quonam
2538 2519 2696 2574 modo
2756 2517 3082 2588 compellare
3126 2515 3246 2571 illos
3302 2525 3567 2585 oporteat.

1998 2608 2161 2665 Certo
2195 2611 2340 2665 enim
2370 2610 2504 2666 mihi
2538 2611 2837 2680 persuadeo
2868 2609 3047 2673 exiis,
3081 2622 3202 2678 quae
3221 2616 3278 2662 et
3306 2621 3489 2663 coram
3514 2614 3570 2662 et

1998 2701 2324 2757 sciscitando
2347 2702 2596 2773 cognovi,
2630 2701 2814 2770 lugere
2836 2700 2956 2754 illos
2981 2700 3233 2768 pleraque
3261 2698 3565 2753 divinorum

1998 2792 2381 2859 oraculorum;
2424 2795 2567 2860 quod
2585 2791 2779 2854 nolint,
2811 2804 2932 2859 qua:
2963 2796 3196 2857 oportet,
3239 2787 3437 2851 facere,
3473 2801 3569 2840 ne-

1997 2899 2102 2954 que
2131 2885 2431 2940 addiscere.
2464 2884 2821 2949 Quamobrem
2851 2881 2970 2935 illos
2990 2881 3247 2936 exhortor
3269 2878 3351 2949 (ut
3379 2879 3562 2943 libere,

1997 2976 2142 3043 quod
2176 2974 2372 3036 sentio,
2410 2974 2609 3044 dicam)
2640 2972 2906 3042 patienter
2946 2972 3060 3026 haec
3109 2969 3272 3037 ferre,
3304 2985 3367 3024 ac
3398 2970 3566 3039 dispi-

1999 3072 2144 3123 cere,
2181 3071 2305 3110 num
2341 3071 2468 3110 vera
2497 3057 2692 3118 dicam,
2734 3064 2793 3107 ut
2828 3067 2892 3106 ea
2945 3053 3156 3107 ratione
3190 3054 3565 3107 emendentur.

2001 3148 2155 3216 Quod
2182 3147 2325 3201 enim
2360 3153 2705 3201 assentantur
2729 3143 2989 3207 nonnulli,
3021 3143 3224 3197 idcirco
3252 3143 3302 3195 in
3335 3143 3433 3196 has
3458 3150 3571 3195 tur~

1998 3238 2095 3293 bas
2121 3254 2208 3293 res
2232 3245 2317 3291 est
2341 3235 2646 3291 Christiana
2671 3234 2930 3302 conjecta.
2962 3234 3099 3301 Quid
3125 3234 3287 3304 igitur
3318 3232 3457 3287 facto
3485 3242 3568 3288 est

1999 3328 2177 3398 opus?
2227 3327 2410 3407 Dicam
2462 3325 2635 3391 brevi,
2678 3341 2776 3382 nec
2810 3325 3015 3382 celabo.
3048 3325 3105 3380 Si
3134 3324 3351 3394 quidem
3382 3337 3568 3378 sacras

1999 3421 2236 3477 Litteras
2272 3435 2371 3489 pro
2407 3418 2602 3474 fabulis
2653 3407 2924 3489 reputant,
2962 3431 3072 3473 tum
3102 3417 3317 3473 sileant.
3351 3417 3409 3473 Si
3438 3432 3566 3471 vero

1996 3517 2266 3572 caelestem
2309 3529 2430 3570 esse
2476 3513 2706 3568 credunt
2751 3513 3051 3569 doctrinam
3100 3513 3563 3582 sanctionemque,

1994 3618 2157 3673 Opere
2193 3603 2281 3658 illa
2311 3603 2458 3672 prius
2485 3611 2877 3671 exsequantur,
2907 3602 3100 3657 dehinc
3129 3600 3341 3671 publice
3367 3600 3563 3670 praedi-

1994 3702 2138 3749 cent.
2172 3693 2229 3748 Id
2269 3694 2413 3747 enim
2448 3690 2551 3747 nisi
2583 3690 2832 3758 fecerint,
2862 3692 2946 3747 lex
2979 3692 3159 3748 divina
3213 3707 3277 3749 os
3327 3692 3433 3748 illis
3462 3693 3563 3748 ob-

1993 3797 2181 3843 struet.

2331 3902 2589 3963 CXXVII.
2620 3933 2691 3945 -—
2716 3903 3213 3971 ΔΝΕΠΙΓΡΑΦΟΣ.

1370 3986 1643 4045 Modestiae
1676 4002 1725 4045 et
1755 3993 2065 4051 humilitatis
2106 3996 2509 4051 commendatio.

422 4090 623 4161 Επειδὴ
677 4092 829 4147 οὐδὲν
874 4095 1235 4165 μεγαλοφυές,
1283 4099 1405 4152 οὐδὲ
1450 4102 1727 4173 ὑπερφυὲς
1773 4105 1888 4176 ἔχει

321 4180 480 4252 ἡμῶν
508 4182 541 4251 ἡ
574 4181 757 4250 φύσις,
799 4185 896 4238 ἐπὶ
936 4184 998 4239 τὸ
1037 4187 1258 4258 μέτριον
1287 4191 1458 4260 αὐτὴν
1496 4195 1591 4247 καὶ
1627 4196 1890 4264 ἐπιεικὲς,

321 4271 419 4325 ἅτε
466 4272 534 4343 δὴ
580 4274 779 4327 οἰκεῖον
828 4276 925 4331 καὶ
957 4278 1240 4347 συγγενὲς,
1272 4283 1673 4356 συνελάσωμεν,
1707 4289 1893 4342 πᾶσαν

321 4362 643 4428 ἀλαζονείαν
677 4364 1034 4435 ἐξορίζοντες.

845 4478 1027 4533 mur.
1062 4509 1130 4520 —
1164 4480 1388 4552 narro

2069 4107 2125 4163 Si
2164 4107 2381 4177 quidem
2416 4106 2818 4176 magnanimum
2846 4107 2979 4163 nihil
3005 4117 3095 4163 aut
3122 4122 3283 4177 supra
3312 4116 3562 4164 naturam

1995 4197 2231 4252 humana
2257 4197 2498 4253 continet
2530 4206 2747 4261 natura,
2779 4196 2922 4252 illam
2963 4198 3029 4253 ad
3066 4197 3400 4254 moderatum
3433 4198 3563 4267 quid

1995 4303 2061 4345 ac
2080 4289 2208 4344 mite
2228 4300 2593 4359 agnatumque
2620 4288 2775 4358 nobis
2792 4302 2857 4343 ac
2878 4289 3152 4358 proprium
3178 4290 3561 4360 astringamus,

1926 4393 1970 4448 ι)
1995 4391 2211 4435 omnem
2249 4378 2563 4448 ablegantes
2592 4377 2983 4447 arrogantiam.

2436 4486 2715 4543 CXXVIII.
2746 4516 2817 4529 —
2850 4485 3096 4542 PETRO.

807 4564 936 4631 Quis
964 4568 1240 4635 spiritalis,
1266 4572 1511 4626 animalis
1539 4582 1585 4626 et
1619 4576 1851 4629 carnalis
1888 4576 1951 4629 “.
1983 4574 2139 4642 Conf.
2177 4577 2331 4644 epist.
2377 4577 2500 4643 127,
2528 4577 2622 4630 lib.
2663 4592 2718 4631 Iv
2759 4578 2828 4631 ad
2852 4576 3078 4644 _Nilum.

394 4675 720 4744 Σαρκικοὺς
768 4674 926 4727 καλεῖ
950 4676 984 4745 ὴ
1016 4676 1209 4747 Γραφὴ
1253 4680 1381 4742 τοὺς
1407 4682 1487 4745 είς
1522 4682 1592 4735 τά
1618 4683 1716 4754 τῆς
1751 4700 1887 4755 σαρ·

2068 4684 2349 4756 Scriptura
2399 4701 2556 4743 sacra
2610 4696 2768 4744 vocat
2817 4688 3080 4754 carnales,
3125 4688 3219 4756 qui
3264 4688 3330 4742 ad
3383 4691 3560 4744 carnis

327 4759 420 4825 κὸς
447 4760 523 4832 (I)
568 4761 1081 4831 κατολισθήσαντας,
1132 4765 1432 4832 ψυχικοὺς
1461 4767 1518 4819 δὲ
1564 4771 1691 4832 τοὺς
1743 4772 1886 4841 πέρα

1997 4791 2151 4845 opera
2183 4777 2416 4848 prolapsi
2439 4787 2597 4844 sunt;
2622 4778 2879 4834 animales
2901 4793 3052 4842 vero,
3091 4779 3182 4847 qui
3240 4778 3434 4833 mentis
3478 4780 3564 4832 in-

324 4852 423 4919 τῆς
468 4852 788 4915 ἀκολουθίας
827 4852 937 4904 τῶν
970 4853 1245 4924 λογισμῶν
1296 4857 1466 4927 μηδὲν
1519 4860 1882 4932 καταδεχομέ-

404 5005 447 5035 ¹⁸
484 5004 501 5057 I
531 5004 657 5059 Cor.
690 5021 771 5071 ιιι,
803 5007 871 5075 ’ἦς
906 5021 964 5072 ιι,
997 5007 1091 5062 15.

1999 4867 2350 4925 tellectusuue
2394 4869 2857 4925 ratiocinationem
2900 4876 3236 4938 sequuntur;
3300 4868 3566 4937 spiritales

1490 5120 1725 5177 VARIAS
1756 5122 2142 5185 LECTIONES
2180 5129 2271 5186 ET
2301 5131 2531 5191 NOTAE.

404 5278 511 5353 {99)
552 5282 1008 5353 Multorumrenim
1052 5280 1321 5353 amicitias
1348 5277 1630 5353 silentium
1653 5280 1888 5353 diremit,

322 5346 520 5406 att‘lih'.
555 5353 789 5406 Ethicor.
822 5352 1037 5405 Nicom.
1070 5352 1316 5409 Aristot.,
1338 5346 1549 5417 πολλῶν
1565 5348 1682 5417 γὰρ
1711 5352 1889 5417 φιλίας

323 5421 357 5489 ἡ
380 5421 756 5493 ἀπροσηγορία
780 5422 1039 5493 διέλυσεν.
1067 5419 1134 5493 Et
1155 5418 1293 5493 apud
1318 5415 1665 5493 Columellam
1695 5415 1890 5493 Alphe-

326 5485 427 5563 IIIIS
462 5485 753 5563 'Ienerator
775 5509 799 5563 *ε
822 5491 1068 5563 At‘Bona,
1095 5485 1316 5563 __inquit_,
1365 5485 1888 5563 nominajnterdum

326 5562 464 5631 mata
519 5559 687 5622 liunt,
736 5559 837 5612 nisi
868 5551 1213 5631 interpelles:
1279 5551 1781 5631 Scribcndijtaquc
1822 5555 1888 5610 ad

326 5628 553 5693 amicos,
590 5644 655 5680 nc
675 5619 835 5682 amor
866 5619 1150 5683 interc-idat
1188 5634 1421 5681 mutuus.
1454 5619 1891 5678 oilicium'inter-

2002 5286 2137 5359 mitti
2170 5301 2273 5359 non
2305 5287 2483 5354 debet,
2507 5288 2620 5359 sed
2652 5288 2991 5359 exaggerari.
3006 5307 3033 5359 ι
3077 5288 3313 5344 Scuor'r.

2071 5356 2148 5427 (il)
2187 5356 2314 5411 Post
2362 5357 2560 5427 σαρκὸς
2607 5356 2930 5427 codd."Vat.
2965 5358 3069 5411 650
3116 5370 3170 5412 et
3202 5359 3311 5413 Alt.
3364 5357 3567 5411 addunt

1999 5426 2164 5494 πάθη.
2192 5428 2344 5480 Vers.
2364 5427 2399 5479 2
2428 5426 2523 5495 pro
2546 5426 2693 5495 παρὰ
2723 5427 2882 5480 iidem
2907 5428 3107 5495 optime
3134 5428 3378 5481 scribunt
3403 5427 3563 5495 πέρα,

1998 5505 2222 5566 ct‘vers.
2255 5496 2288 5548 5
2321 5494 2715 5566 κατεχομένους
2742 5496 2869 5566 item
2909 5494 3109 5566 optime
3129 5502 3350 5566 mutant
3383 5495 3432 5547 in
3464 5511 3564 5566 κα-

1997 5563 2405 5633 ταδεχομένους.
2456 5562 2667 5620 I’dssm.
2713 5594 2781 5606 —
2810 5562 3011 5619 Confer
3055 5565 3213 5634 epist.
3259 5564 3329 5619 56
3369 5572 3423 5619 et
3473 5562 3561 5619 68.
