4020 6140
398 264 531 332 1399

1590 262 1649 321 s.
1691 260 1981 320 131130111
2018 242 2455 318 PELUSIOTAE

3503 242 3636 305 1400

397 381 649 450 denique,
664 379 755 449 qui
783 377 945 434 divini
976 376 1210 447 Spiritus
1232 378 1372 431 dono
1388 383 1513 432 sunt
1530 377 1730 442 ornati,
1753 375 1968 431 ratioci-

2096 390 2224 437 ους·
2264 365 2703 438 πνευματικοὺς
2731 364 2787 417 δὲ
2833 361 2960 423 τοὺς
2991 359 3123 430 θείῳ
3159 356 3255 412 καὶ
3288 354 3639 424 πνευματικῷ

398 471 559 524 nandi
595 472 702 523 vim
733 478 1072 537 superantes,
1103 482 1166 522 ac
1189 483 1353 536 supra
1380 478 1629 522 naturam
1661 466 1969 523 illuminati.

400 556 557 628 591
586 559 745 613 Verbi
775 558 966 625 gratia,
990 564 1100 611 tres
1132 556 1251 611 illos
1278 560 1472 625 pueros
1509 556 1560 609 in
1590 554 1973 623 Babylonicum

400 646 670 697 caummm
723 645 915 697 missos
945 658 1049 697 non
1081 644 1299 708 rsisse,
1333 656 1491 697 nemo
1531 642 1727 696 dixerit
1771 652 1977 696 natum

400 745 521 784 esse
548 745 701 798 opus.
752 729 904 795 Quod
952 730 998 783 si
1046 730 1223 784 simile
1263 729 1386 797 quis
1431 728 1737 795 investiget,
1769 742 1851 781 nae
1884 725 1971 780 ille

404 820 602 873 mentis
631 819 1054 875 imbecillitatem
1080 819 1390 887 perSpiciet.
1416 817 1512 871 Sin
1537 816 1771 870 divinam
1797 815 1972 883 potius

403 909 711 963 consideret
746 918 1016 973 naturam,
1051 923 1174 977 quae
1212 910 1502 962 humanam
1536 907 1695 977 longe
1734 904 1970 970 excedit,

404 1008 455 1051 et
475 1000 885 1068 argumentandi
918 1001 1047 1062 vim,
1074 1012 1375 1069 omnesque
1403 1000 1537 1053 adeo
1569 1009 1716 1054 artes
1732 1003 1972 1066 superat,

407 1090 658 1158 praedicta
692 1091 871 1145 omnia
913 1091 1187 1146 intellectu
1218 1091 1585 1159 consequitur.

788 1289 1024 1345 CXXIX.
1064 1321 1132 1332 ——
1159 1290 1601 1348 THEOPOMPO.

2069 464 2372 535 χαρίσματι
2427 454 2909 527 κεκοσμημένους,
2958 452 3055 521 τήν
3106 466 3167 502 τε
3214 448 3324 500 τῶν
3368 444 3642 516 λογισμῶν

2070 552 2396 606 ἀκολουθίαν
2428 546 2861 618 ἀναδεϐηκότας,
2894 541 2989 596 καὶ
3015 541 3085 595 τὰ
3121 540 3263 610 ὑπὲρ
3292 539 3459 607 φύσιν
3486 552 3644 604 φωτι-

2072 641 2356 711 ζομένους.
2394 632 2519 692 Οἷον
2557 635 2641 701 τὸ,
2672 635 2798 696 τοὺς
2828 633 2978 703 τρεῖς
3023 627 3420 699 μειρακίσκους
3446 623 3643 695 ἐμϐλη-

2074 732 2267 793 θέντας
2326 733 2385 784 ἐν
2418 732 2483 799 τῇ
2534 724 2854 793 Βαϐυλωνίᾳ
2901 721 3120 791 καμίνῳ
3169 719 3244 789 μὴ
3278 712 3643 783 κατακαῆναι,

2073 824 2175 876 οὐκ
2202 823 2269 875 ἂν
2305 821 2420 890 ἔχοι
2450 819 2635 888 φύσιν,
2663 817 2717 869 εἰη
2745 814 2806 867 τδ
2834 813 2983 876 εἰκός
3014 828 3099 874 τις
3133 808 3398 873 ὲξετάζοι,
3429 807 3521 859 καὶ
3548 803 3646 874 τὴν

2074 914 2183 968 τῶν
2220 911 2495 980 λογισμῶν
2542 907 2829 962 ἀσθένειαν
2877 901 3114 974 θηρῷτο.
3161 900 3227 953 El.
3270 898 3329 952 δὲ
3368 896 3466 966 τὴν
3498 893 3646 947 θείαν

2077 1002 2310 1070 δύναμιν
2342 999 2608 1068 ὲννοήσει,
2648 994 2745 1064 τὴν
2769 993 2865 1047 καὶ
2895 992 3113 1061 φύσεως
3166 983 3646 1059 περιγιγνομένην,

2078 1094 2174 1147 καὶ
2199 1090 2475 1161 λογισμῶν
2502 1086 2826 1140 ἀκολουθίαν
2857 1082 3321 1155 ὐπερϐαίνουσαν,
3347 1076 3442 1131 καὶ
3472 1074 3650 1144 πάσης

2081 1183 2366 1254 κρείττονα
2400 1179 2670 1251 μηχανῆς,
2694 1175 3053 1245 καταδέχεται
3086 1172 3155 1226 τὰ
3186 1170 3480 1240 λεγόμενα.

2509 1288 2684 1341 ΡΚΘ¹.
2721 1314 2791 1325 --
2832 1281 3231 1351 ΘΕΟΠΟΜΠῼ.

512 1380 604 1434 Vel
638 1380 982 1451 TlteOpempto
1022 1392 1077 1438 ut
1116 1384 1212 1453 inf.
1253 1384 1377 1449 508,
1420 1384 1542 1438 509.
1592 1383 1759 1453 Epist.
1804 1382 1879 1438 De
1916 1383 2152 1451 fraterna
2203 1380 2547 1453 correptione.
2593 1376 2919 1445 Deprchondi
2947 1375 3003 1427 in
3038 1381 3274 1441 peccato,
3315 1371 3544 1425 alienant

1395 1457 1643 1508 invertere
1672 1470 1945 1507 censuram
1973 1463 2023 1506 et
2053 1452 2456 1521 suspectionem,
2484 1464 2662 1519 grave.

484 1560 816 1627 Depreltendi
841 1561 1060 1629 quidem
1095 1560 1147 1614 in
1174 1561 1262 1623 iis,
1307 1561 1358 1614 in
1390 1564 1586 1630 quibus
1623 1577 1726 1618 non
1762 1571 1986 1631 oporte-
2026 1588 2041 1609 ο

2158 1560 2232 1614 Τὸ
2268 1558 2368 1630 μὲν
2400 1559 2485 1625 ἐφ’
2514 1551 2597 1619 οἷς
2628 1556 2691 1608 οὐ
2735 1552 3040 1625 προσῆκεν,
3080 1551 3195 1613 τοῖς
3224 1548 3304 1619 μὴ
3343 1548 3465 1600 λίαν
3497 1545 3659 1599 ἀναλ-

411 1650 524 1712 bat,
556 1665 799 1705 amarum
844 1662 927 1707 est
960 1654 1048 1716 iis,
1090 1654 1184 1723 qui
1214 1654 1498 1709 sensibiles
1525 1656 1678 1709 valde
1714 1665 1881 1710 sunt:
1926 1663 1981 1707 at

2096 1655 2263 1723 τήτως
2288 1648 2653 1719 διακειμένοις
2678 1687 2695 1711 ,
2737 1643 2945 1699 ἁλῶναι
2973 1641 3222 1709 ἀλγεινόν
3243 1655 3257 1669 ⁸
3290 1639 3354 1691 τὸ
3380 1638 3436 1691 δὲ
3465 1634 3661 1706 κριθῆο

412 1740 751 1806 gravioribus
806 1743 1040 1812 judicari
1106 1760 1268 1813 grave
1346 1753 1448 1800 est.
1508 1746 1568 1798 lu
1621 1746 1986 1813 suspicionem

414 1844 593 1884 autem
647 1834 827 1888 vocari
873 1833 1015 1897 illos,
1080 1834 1170 1903 qui
1221 1836 1438 1890 virtutis
1466 1839 1695 1905 attigere
1744 1837 1978 1900 culmen,

415 1924 649 1977 maxime
675 1923 1048 1981 calamitosum
1087 1936 1190 1982 est.

938 2030 1151 2089 CXXX.
1182 2062 1252 2073 —
1276 2032 1452 2088 NlLO.

2090 1759 2180 1798 vat
2197 1783 2213 1807 ,
2241 1744 2354 1804 τοῖς
2385 1736 2753 1808 σεμνοτέροις.
2788 1732 2864 1785 Τὸ
2888 1731 2945 1785 δὲ
2976 1727 3388 1797 ὐποπτευθῆναι
3408 1765 3425 1790 ,
3450 1727 3561 1786 τοὶς
3584 1725 3666 1785 εἰς

2092 1833 2261 1904 ἄκρον
2279 1826 2674 1899 ἀναϐεϐηκόσιν
2697 1823 2899 1894 ἀρετῆς
2923 1820 3184 1892 μεγίστην
3214 1818 3328 1889 ἔχει
3352 1812 3656 1886 συμιρορὰν.

2638 2023 2760 2075 PA'.
2792 2048 2863 2059 *-
2893 2017 3123 2086 Nemo.

1176 2125 1254 2181 De
1290 2125 1779 2181 comminationibus
1817 2124 2195 2194 promissisque
2230 2119 2326 2174 Dei
2366 2118 2566 2187 passim
2607 2112 2923 2179 coniunctis.

487 2231 932 2288 Comminabatur
963 2234 1091 2289 olim
1138 2235 1278 2290 Deus
1325 2234 1587 2295 Hebraeis,
1638 2244 1694 2289 et
1730 2236 1988 2290 salutaria

422 2323 835 2385 ptaanuntiabat.
859 2322 961 2388 Qui
996 2322 1138 2377 enim
1177 2325 1413 2379 minatur
1438 2331 1643 2377 tantum
1673 2333 1726 2378 et
1768 2322 1992 2376 molesta

423 2412 693 2477 praedicit,
747 2415 814 2466 ad
878 2415 1312 2482 desperationem
1365 2413 1645 2468 meliorum
1716 2423 1992 2479 provocat,

421 2511 583 2570 atque
618 2503 955 2559 auditoribus
1003 2505 1223 2559 omnino
1257 2505 1565 2573 persuadet,
1617 2513 1676 2558 ut
1721 2504 1994 2573 pejoribus

422 2608 541 2646 sese
566 2593 785 2649 dedant.
818 2596 886 2647 At
918 2603 1104 2649 contra
1146 2609 1268 2663 spes
1304 2596 1444 2649 bona
1492 2595 1738 2659 inclinat,
1786 2593 1853 2648 ad
1883 2610 1994 2648 me-

425 2684 669 2751 lioraque
720 2684 986 2753 perducit.
1033 2683 1158 2740 Ideo
1207 2685 1405 2754 ubique
1457 2687 1822 2740 comminatur
1857 2687 1994 2739 Deus

422 2770 624 2831 Judaais
661 2774 1048 2846 Babylonicam
1101 2778 1491 2846 captivitatem,
1541 2775 1701 2829 simul
1762 2776 1993 2830 reditum

425 2867 480 2918 iu
514 2866 744 2933 patriam
773 2866 1019 2935 promisit
1040 2862 1105 2919 ".

2166 2230 2277 2285 Καὶ
2304 2226 2515 2298 ἠπείλει
2559 2222 2728 2277 πάλαι
2761 2222 2874 2283 τοῖς
2912 2212 3186 2287 Ἑϐραίοις
3214 2215 3241 2267 ὁ
3273 2210 3437 2273 Θεὸς,
3474 2207 3566 2262 καὶ
3602 2210 3672 2262 τὰ

2098 2318 2310 2392 χρηστά
2339 2313 2723 2387 ἐπηγγέλλετο.
2765 2311 2825 2363 '0
2851 2309 2948 2380 μὲν
2967 2304 3075 2376 γὰρ
3103 2299 3665 2392 μόνονᾉὰπειλῶν,ᾼκαὶ

2192 2387 2345 2462 δεινά
2390 2403 2694 2477 προλέγων,
2738 2400 2818 2463 εἰς
2864 2398 3178 2464 ἀπόγνωσιν
3208 2390 3317 2445 τῶν
3351 2387 3673 2459 κρειττόνων

2103 2500 2359 2572 ἐρεθίζει,
2392 2497 2487 2551 καὶ
2519 2493 2833 2549 παντάπασι
2854 2488 2980 2551 τοὺς
3007 2483 3390 2557 ἀκροωμένους
3547 2477 3673 2572 13-i-

2099 2567 2248 2663 ροσιν
2280 2588 2525 2643 ἐκδοῦναι
2558 2585 2782 2646 ἑαυτοὺς
2811 2577 3128 2635 ἀναπείθειο
3166 2576 3201 2644 ἡ
3232 2572 3287 2626 δὲ
3313 2568 3490 2663 ἀγαθὴ
3521 2567 3672 2663 ἐλπὶς

2098 2658 2243 2737 νεύει
2275 2679 2375 2751 (9.),
2409 2680 2505 2732 καὶ
2540 2676 2677 2745 πρὸς
2720 2672 2782 2726 τὸ
2811 2670 3058 2741 κρεῖττον
3084 2658 3674 2751 παρασκευάζειίᾜν-

2098 2747 2293 2826 τεῦθεν
2328 2747 2605 2836 πανταχοῦ
2636 2760 2878 2819 ἀπειλῶν
2904 2758 3107 2827 [αὐτοῖς
3136 2754 3236 2824 τὴν
3266 2753 3346 2816 είς
3382 2747 3673 2831 Βαϐυλῶνα

2100 2859 2495 2933 αΓχμαλωσίανο
2528 2856 2623 2909 καὶ
2656 2853 2757 2923 τὴν
2789 2846 3049 2904 ὲπάνοδον
3078 2840 3399 2917 προύλεγον.

427 2993 661 3053 CXXXI.
722 3024 793 3035 ——
865 2992 1096 3049 PAULO
1154 2990 1612 3050 PRESBYTERO
1680 2992 1996 3049 ANACHO-

2100 2994 2273 3047 PAA'.
2319 3017 2388 3029 -
2439 2985 2675 3054 mmo
2729 2975 3179 3046 ΠΡΕΣΒΥΤΕΡῼ
3229 2965 3674 3035 ANaannTe.

1089 3063 1321 3119 ΒΕΤΑΞ.

490 3204 491 3207 η
533 3156 612 3211 De
649 3158 906 3226 corruptis
947 3157 1073 3211 cieri
1114 3158 1369 3221 moribus,
1407 3172 1666 3226 quantque
1702 3155 2053 3225 periculosum
2090 3156 2159 3209 sit
2197 3160 2471 3223 peccantes
2511 3146 2816 3207 admonere,
2843 3148 2895 3196 et
2923 3133 3185 3209 quomodo
3226 3127 3571 3186 admonendi.

500 3262 604 3328 Qui
639 3262 853 3316 virtutis
896 3269 951 3314 et
978 3261 1095 3319 vitii
1126 3274 1186 3317 se
1225 3276 1345 3316 esse
1368 3262 1578 3331 jactant
1626 3262 1885 3327 arbitros,
1938 3262 2000 3327 ii,

431 3355 574 3423 quod
604 3351 787 3407 virtuti
815 3350 1053 3406 dandum
1096 3359 1179 3406 est
1208 3353 1453 3407 victoriae
1480 3351 1821 3421 suffragium,
1869 3352 2003 3407 dant

2179 3260 2342 3315 Αὐτοὶ
2384 3259 2434 3312 οι
2482 3257 2583 3327 τῆς
2614 3255 2815 3327 ἀρετῆς
2861 3249 2956 3303 καὶ
3001 3248 3105 3317 τῆς
3150 3245 3347 3305 κακίας
3395 3237 3681 3308 αὐχοῦντες

2108 3351 2249 3407 εἶναι
2269 3352 2541 3419 διαιτηταὶ
2564 3348 2642 3420 (5)
2661 3387 2677 3414 ,
2701 3345 2799 3415 τὴν
2821 3341 3058 3396 νικῶσαν
3078 3338 3260 3409 ψῆφον
3287 3336 3405 3420 δέον
3429 3334 3497 3401 τῇ
3519 3332 3681 3399 ἀρετῇ

432 3417 785 3512 improbitati.
829 3444 1006 3513 Atque
1036 3444 1140 3500 hoc
1164 3444 1383 3514 quidem
1412 3445 1572 3500 modo
1598 3417 1996 3513 probosexsilit

2106 3443 2325 3507 δοῦναι,
2365 3417 2445 3511 τῇν
2466 3417 2637 3508 κακία
2668 3435 3020 3506 παρέχονται.
3057 3430 3170 3484 Καὶ
3201 3426 3268 3481 δι’
3302 3417 3381 3480 ὧν
3427 3420 3554 3484 τοὺς
3587 3421 3683 3491 μὲν

432 3538 711 3601 damnant,
765 3536 1043 3605 improbos
1096 3551 1227 3592 vero
1270 3544 1618 3606 congregant.
1657 3537 1763 3592 Eos
1797 3548 2000 3605 autem,

434 3627 548 3693 qui,
608 3623 749 3693 quod
791 3631 1007 3692 oportet
1050 3622 1253 3686 facere,
1303 3621 1580 3689 gestiunt,
1642 3622 2012 3691 pusillanimes

435 3713 808 3779 reddiderunt,
856 3721 1019 3780 atque
1048 3712 1184 3766 adeo
1234 3725 1348 3777 eos,
1393 3711 1483 3778 qui
1530 3725 1792 3781 generose
1842 3713 2008 3767 vitam

436 3807 743 3869 instituunt,
792 3811 1193 3874 oppugnarunt,
1224 3812 1283 3855 ut
1313 3816 1526 3857 omnem
1584 3818 1751 3872 prope
1779 3804 1847 3859 ad
1890 3820 2006 3859 me-

437 3897 571 3948 liora
624 3896 882 3963 impetum
933 3892 1255 3948 retuderint.
1300 3890 1471 3947 Rabie
1527 3893 1710 3962 itaque
1755 3904 2007 3964 aguntur,

438 4001 632 4039 canum
668 4001 731 4040 ac
761 3999 919 4039 suum
960 3984 1066 4038 ritu
1109 3982 1274 4038 vitam
1318 3985 1599 4048 ducentes,
1643 3983 1767 4037 vitae
1792 3990 2012 4053 apostov

438 4077 557 4130 liae
592 4076 748 4143 longe
794 4076 1141 4131 contrariam.
1177 4076 1356 4142 Quare
1386 4090 1485 4143 par
1518 4083 1604 4130 est
1651 4088 1746 4130 eos
1799 4086 2012 4139 arcere,

439 4168 531 4236 qui
564 4168 780 4236 planctu
810 4167 967 4236 digna
1002 4168 1057 4221 in
1104 4167 1271 4221 risum
1305 4173 1649 4230 c0nvertunt,
1683 4181 1789 4220 non
1839 4167 2012 4221 solum

2118 3532 2439 3594 σπουδαίους
2480 3526 2924 3599 ἐξοστρακίζουσι
2947 3561 2964 3588 ,
3010 3521 3137 3583 τοὺς
3178 3518 3236 3571 δὲ
3278 3514 3514 3585 φαύλους
3553 3525 3683 3599 συγ-

2116 3620 2405 3691 κροτοῦσι,
2433 3618 2562 3681 τοὺς
2604 3598 2673 3668 τά
2698 3615 2886 3669 δέοντα
2930 3611 3105 3664 ποιεῖν
3135 3605 3493 3678 βουλομένους
3518 3639 3534 3665 ,
3561 3598 3687 3652 ἀθυ-

2119 3712 2380 3782 μοτέρους
2414 3708 2768 3777 πεποιήκασι.
2815 3700 2929 3756 Καὶ
2975 3699 3231 3754 τοσοῦτον
3275 3692 3686 3762 πεπολεμήκασι

2115 3805 2242 3865 τοὺς
2266 3798 2579 3874 παρρησίαν
2607 3797 2848 3868 ἔχοντας,
2883 3794 2959 3856 ὡς
2999 3791 3188 3844 σϐέσαι
3217 3786 3405 3857 σχεδὸν
3434 3782 3684 3874 ἁπάντων

2116 3894 2215 3963 τὴν
2240 3870 2598 3944 manu
2624 3887 2822 3956 ὁρμήνο
2855 3881 3088 3936 λυττῶσι
3112 3876 3401 3949 τοιγαροῦν
3432 3876 3485 3927 oi.
3514 3870 3683 3963 κυνῷν

2118 3961 2213 4035 καὶ
2247 3980 2444 4051 χοίρων
2486 3976 2599 4047 βίον
2635 3975 2849 4045 ἔχοντες
2877 3966 3021 4026 κατὰ
3049 3969 3160 4024 τῶν
3193 3963 3570 4021 ἁποστολικῶν
3598 3961 3687 4051 τδν

2121 4072 2234 4143 βίον
2264 4050 2362 4141 (4).
2399 4070 2509 4121 Καὶ
2537 4067 2656 4120 δέον
2690 4064 2930 4125 ἐκείνους
2957 4059 3268 4124 ἀποσοϐεῖν,
3302 4056 3536 4126 γέλωτος

2120 4140 2283 4215 θεσινν
2316 4159 2387 4212 τὰ
2427 4158 2624 4227 θρήνου
2662 4152 2789 4220 ἀξια
2837 4150 3147 4213 ποιοῦνται,
3193 4148 3255 4201 οὐ
3297 4146 3459 4216 μόνον
3504 4140 3691 4196 οὐδένα

440 4230 645 4308 nullam
692 4230 959 4307 babenies
989 4253 1203 4306 virtutis
1233 4252 1520 4316 rationem,
1547 4253 1639 4308 sed
1668 4261 1724 4308 et
1751 4267 1812 4308 se
1844 4254 1990 4323 ipsos

2120 4252 2221 4321 τῆς
2247 4250 2447 4321 ἀρετῆς
2476 4246 2792 4315 ποιούμενοι
2828 4236 3008 4310 λόγον,
3035 4239 3177 4293 ἀλλὰ
3204 4237 3299 4290 καὶ
3324 4235 3448 4288 καθ’
3470 4230 3691 4290 ἑαυτοὺς

441 4358 509 4396 eo
544 4341 687 4409 quod
716 4341 807 4409 qui
841 4341 1094 4394 virtutem
1116 4339 1380 4405 colerent,
1416 4340 1651 4408 pessime
1677 4348 1991 4411 paterentur

2116 4340 2195 4410 τῷ
2222 4340 2347 4401 τοὺς
2369 4336 2568 4408 ἀρετὴν
2598 4333 2900 4395 ἀσκοῦντας
2927 4332 2997 4384 τὰ
3016 4330 3125 4383 τῶν
3154 4328 3433 4382 κακίστων
3464 4325 3693 4391 πάσχειν

443 4429 782 4495 extollentes,
814 4429 1079 4498 laudeque
1098 4444 1163 4487 ac
1201 4432 1674 4487 commendatione
1689 4434 1996 4503 dignantes‘

2124 4428 2478 4499 σεμνύνοντες
2517 4424 2614 4477 καὶ
2647 4421 2917 4493 ἀποδοχῆς
2949 4417 3243 4487 ἀξιοῦντες.
3275 4415 3373 4479 Τίς
3406 4411 3501 4468 οὖν
3532 4414 3561 4465 ὁ
3583 4412 3695 4472 τοῖς

444 4520 578 4587 Quis
608 4520 791 4588 itaque
811 4520 887 4574 ita
921 4518 1147 4577 alfectos
1180 4523 1576 4590 reprehendat?
1611 4524 1768 4590 Quis,
1796 4539 1996 4595 quaeso

2125 4519 2269 4573 οὐτω
2309 4515 2674 4584 διακειμένοις
2718 4512 3096 4582 ὲπιτιμήσων;
3131 4508 3230 4571 Τίς
3272 4508 3302 4559 ὁ
3345 4503 3691 4574 διορθώσωνς

444 4612 723 4682 corrigat?
761 4613 951 4680 ecquis
999 4614 1250 4669 accuset?
1295 4614 1427 4681 Quis
1464 4630 1650 4670 eorum
1702 4627 1996 4670 comment:

2126 4612 2221 4673 Τίς
2246 4611 2275 4662 ὁ
2301 4607 2571 4677 ὲλέγξων;
2599 4605 2681 4669 τίς
2709 4606 2738 4657 ό
2780 4603 2987 4657 σϐἑσων
3026 4598 3208 4675 αὐτῶν
3235 4597 3305 4650 τὰ
3334 4596 3655 4666 φρονήματα
3679 4607 3694 4653 ;

445 4704 735 4759 retundat?
786 4705 909 4774 quis
948 4707 1294 4775 supercilium
1344 4707 1626 4761 detrahat?
1658 4709 1780 4776 quis
1830 4708 1996 4764 admo

2122 4705 2217 4767 Τίς
2242 4705 2271 4755 ὁ
2297 4698 2663 4754 κατασπάσων
2689 4695 2789 4767 τὴν
2815 4694 3029 4764 ὀφρύη
3050 4688 3147 4754 Τίς
3168 4691 3198 4742 ὁ
3222 4686 3589 4759 παραινέσων,
3622 4683 3697 4751 μὴ

408 4810 409 4813 ‘
444 4795 626 4850 uendo
665 4809 770 4850 non
808 4793 969 4849 modo
1008 4810 1076 4849 ex
1121 4795 1367 4865 imperio,
1399 4796 1493 4849 sed
1533 4796 1694 4849 etiam
1730 4810 1798 4848 ex
1821 4796 1996 4850 νὶτιιιιι

2125 4795 2285 4865 μόνον
2330 4792 2422 4845 ὲπὶ
2466 4792 2534 4861 τῇ
2572 4791 2717 4860 ἀρχῇ
2753 4784 3154 4857 σεμνύνεσθαι,
3199 4779 3337 4835 ἀλλὰ
3366 4779 3461 4833 καὶ
3502 4778 3594 4829 ἐπὶ
3630 4777 3696 4843 τῇ

447 4884 658 4938 laudem
694 4885 934 4952 quaerat?
976 4885 1107 4951 Quis
1140 4887 1269 4956 ipsis
1308 4886 1647 4954 persuadeat,
1702 4887 1845 4953 quod
1892 4900 1996 4953 gra-

2122 4887 2330 4956 ἀρετῇ;
2362 4882 2458 4945 Τίς
2485 4882 2514 4933 ὁ
2542 4881 2744 4933 πείσων
2777 4876 2999 4941 αὐτοὺς,
3038 4876 3120 4928 ὅτι
3174 4871 3566 4943 χαλεπωτάτας
3601 4868 3699 4933 ὐφ-

448 4975 700 5030 vissitnas
728 4975 984 5031 subibunt
1011 4977 1236 5045 paruas?
1264 4975 1426 5046 592
1481 4976 1539 5031 Si
1578 4976 1721 5030 enim
1749 4975 1914 5043 iudici
1964 4976 1996 5031 it

2127 4978 2306 5044 έξουσι
2334 4974 2433 5037 τὰς
2454 4972 2706 5036 εὐθύνας;
2733 4970 2797 5023 Ei
2824 4968 2933 5040 γὰρ
2958 4970 2987 5021 ὁ
3010 4964 3202 5037 κριτὴς
3226 4963 3285 5016 ὲν
3313 4963 3429 5024 τοῖς
3457 4959 3701 5024 Ιιῖύαγγε-

523 5127 569 5159 ⁸⁸
597 5124 801 5181 Jerem.
841 5142 991 5194 xxiv,
1020 5126 1111 5181 32.

1538 5231 1773 5288 VABUE
1807 5230 2193 5289 LECTIONES
2224 5230 2314 5286 ET
2337 5228 2569 5285 NOTAE.

522 5394 601 5461 (2)
654 5392 757 5447 Pro
814 5390 959 5444 νεύει
1013 5390 1167 5443 codd.
1232 5389 1353 5443 Vat.
1412 5386 1517 5448 6,50
1577 5397 1632 5440 et
1681 5386 1791 5442 Alt.
1843 5386 1996 5457 legun

2128 5386 2362 5461 ἔχοντες,
2387 5395 2444 5440 et
2474 5385 2787 5461 sequens_in
2818 5384 2962 5461 edito
2994 5383 3086 5461 καὶ
3113 5378 3517 5461 ρηιίιιιιιιιιλιιιι.

454 5448 654 5516 νεύεὶν.
696 5461 909 5515 Possm.
1897 5448 1925 5457 ⁷

2159 5448 2277 5524 ”(4)
2315 5455 2419 5508 Pro
2468 5448 2608 5508 κατά
2656 5454 2768 5524 τῶν
2810 5452 3183 5524 ἀπωτολικᾶιν
3381 5449 3495 5519 βίον
3544 5448 3707 5524 ambo

529 5532 607 5595 (3)
648 5529 791 5584 Inter
831 5528 1102 5595 διαιτηταὶ
1133 5536 1189 5581 et
1233 5526 1333 5593 τὴν
1383 5526 1544 5579 iidem
1589 5526 1745 5579 codd.
1779 5525 1996 5579 inserun

2128 5517 2283 5580 codd.
2318 5526 2520 5594 legunt,
2557 5523 2698 5577 κατά
2726 5523 2818 5577 τὸν
2844 5520 3199 5575 ἁποστολικδν
3232 5517 3509 5591 βίον,”οιο.
3553 5517 3629 5571 lo.

458 5599 572 5651 καί.
605 5598 755 5652 Vers.
779 5599 813 5652 5
834 5613 920 5666 ep.
953 5597 1113 5651 iidem
1151 5612 1246 5663 pro
1272 5597 1597 5666 παρέχονται
1624 5596 1865 5650 scribunt
1887 5611 2025 5663 παρ-
2053 5653 2071 5672 ο
