4020 6140
401 217 532 284 1101

1284 232 1811 295 EPISTOLARUM
1846 237 1996 295 LIB.
2030 240 2098 296 V.
2122 265 2192 277 -
2220 241 2463 301 EPIST.
2500 242 2758 304 CXXXI.

3493 244 3631 309 1402
3660 248 3665 255 ’

397 334 529 398 λίοις
571 338 906 408 χρησμῳδιῖη
935 339 999 391 ού
1032 341 1345 395 πιστεύεται
1368 383 1381 405 ,
1412 345 1496 408 τίς
1528 348 1561 399 ὁ
1599 348 1728 418 παρ’
1772 350 1958 414 αὐτοῖς

2063 352 2347 424 Evangelio
2372 358 2517 409 danti
2544 362 2856 425 responsuri:
2884 358 3014 412 [lch
3042 374 3148 412 non
3206 354 3456 423 habetur,
3502 364 3625 428 quis

398 427 923 500 πιστευθησόμενος,
954 432 1049 484 καὶ
1082 431 1360 487 λυττῶσιν
1387 437 1564 490 αὐτῶν
1605 439 1706 510 τὴν
1739 442 1960 511 μανίαν,

395 518 491 569 καὶ
520 518 711 588 στῆναι
742 522 818 591 μὴ
846 522 1198 595 βουλομένην,
1236 525 1349 578 ἀλλ’
1382 529 1653 598 ὁσημέραι
1682 533 1965 602 ἀργαλεω-

394 608 559 676 τέραν
603 613 899 683 γενομένην
940 615 1234 677 κωλύσεως
1283 618 1477 673 Πολλοὶ
1523 621 1631 693 γὰρ
1681 626 1968 696 ἐπιχειρήα

396 712 588 762 σαντες
609 738 627 763 ,
652 701 895 767 ἐκείνους
930 705 1029 775 μὲν
1055 707 1274 778 ὤνησαν
1320 710 1495 776 οὐδὲν,
1523 713 1749 777 ἑαυτοὺς
1777 716 1834 767 δὲ
1872 733 1970 785 με-

396 787 601 854 γίστοις
619 790 895 863 διέπειραν
917 794 994 866 (5)
1016 800 1226 861 κακοῖς.
1251 798 1377 851 Ὀτι
1395 798 1451 853 δὲ
1481 802 1654 855 ἐκεῖσε
1681 805 1968 874 μεγίστους

398 877 656 947 λήψονται
696 884 994 952 στεφάνους
1017 925 1033 951 ,
1067 886 1178 955 ἐγὼ
1227 888 1327 958 μὲν
1361 890 1603 960 ἀκριϐῶς
1631 887 1748 946 οἶδα
1769 910 1783 925 ·
1831 896 1881 948 οἱ
1912 897 1970 950 δὲ

399 969 697 1040 παχύτεροι
742 974 849 1027 ἀπὸ
885 976 993 1031 τῶν
1030 979 1158 1049 τῇδε
1201 979 1501 1050 γινομένων
1543 982 1636 1035 καὶ
1682 984 1967 1053 ἐνάγονται

397 1059 476 1120 είς
500 1059 724 1130 ἀρετὴν,
757 1066 852 1117 καὶ
897 1067 1161 1135 φεύγουσι
1194 1069 1291 1138 τὴν
1323 1071 1538 1125 κακίαν.
1589 1075 1740 1128 Ἐπεὶ
1788 1078 1969 1131 τοίνυν

396 1149 554 1204 τοῦτο
584 1152 742 1222 μόνον
785 1156 851 1207 ἐκ
877 1157 986 1209 τῶν
1014 1159 1253 1230 ἐλέγχων
1296 1163 1615 1233 περιγέγονε
1640 1205 1654 1230 ,
1682 1168 1743 1220 rb
1777 1169 1971 1223 παθεῖν

394 1238 594 1304 ἀδίκως
644 1258 698 1294 τι
748 1243 915 1297 κακὸν
960 1244 1053 1300 τὸν
1114 1251 1653 1322 παρῤησιασάμενον,
1705 1258 1871 1327 μηδὲν
1910 1259 1968 1312 δὲ

394 1328 737 1401 ὠφεληθῆναι
781 1335 906 1398 τοὺς
964 1336 1063 1406 τὴν
1109 1341 1421 1413 συμϐουλὴν
1467 1344 1829 1414 δεξαμένους,
1881 1349 1969 1402 διὰ

394 1416 549 1506 τοῦτο
583 1420 784 1487 μᾶλλον
807 1421 904 1475 νῦν
943 1424 976 1493 ἢ
1018 1427 1281 1498 πρότερον
1308 1431 1370 1483 rb
1412 1432 1479 1484 τὰ
1511 1432 1762 1502 βέλτιστα
1790 1437 1968 1506 λέγειν

393 1505 765 1579 φοϐερώτερον
805 1513 1049 1580 γέγονεν.
1090 1517 1150 1569 Ei
1186 1518 1276 1583 δὲ,
1326 1523 1402 1584 ῶς
1429 1526 1571 1593 φὴς,
1604 1527 1745 1591 τινὲς
1787 1505 1967 1582 αὐτῶν

393 1596 488 1649 καὶ
537 1600 871 1668 παραινέτας
914 1602 1190 1674 ζητοῦσιν,
1223 1608 1325 1677 (οὐ
1374 1612 1481 1683 γὰρ
1532 1613 1733 1679 πάντες
1782 1619 1864 1681 εἰς
1905 1619 1966 1672 τὸ

2070 442 2265 497 habeat
2302 444 2498 499 iidem?
2527 444 2659 512 Quis
2691 446 3029 502 furibundam
3087 448 3296 503 illorum
3337 450 3628 515 insaniam,

2069 546 2188 601 qua!
2218 533 2463 602 componi
2507 534 2710 602 nequit,
2744 534 2835 588 sed
2884 534 2938 587 in
2990 536 3104 589 dies
3143 536 3314 605 magis
3354 536 3630 605 magisque

2071 622 2371 686 invalescit,
2401 621 2690 676 cohibeat?
2716 621 2862 675 Multi
2894 622 3038 677 enim
3090 623 3141 677 id
3183 624 3362 676 facere
3392 625 3627 692 aggressi

2070 708 2203 761 nihil
2234 716 2413 762 tamen
2456 718 2859 776 promoverunt,
2890 710 3019 777 quin
3064 710 3270 779 seipsos
3318 710 3501 764 multis
3547 712 3629 763 in-

2070 798 2354 852 volverunt
2384 797 2560 863 malis,
2591 812 2731 866 quos
2763 798 3014 868 equidem
3044 809 3194 853 certo
3220 800 3336 854 scio
3366 800 3629 853 maximas

2070 887 2123 940 in
2150 887 2321 941 altera
2349 895 2659 955 recepturos
2690 888 2799 941 vita
2841 901 3091 943 coronas.
3124 887 3227 954 Qui
3289 902 3418 942 vero
3450 890 3630 942 rudic-

2070 992 2157 1033 res
2181 985 2326 1043 sunt,
2350 992 2444 1045 per
2472 992 2559 1043 ea,
2591 992 2709 1046 qua:
2732 978 3044 1033 acciderunt
3084 979 3151 1033 ad
3184 979 3432 1034 virtutem
3476 981 3630 1033 indu-

2069 1080 2263 1126 cuntur
2291 1069 2608 1138 fugiuntque
2654 1068 3077 1138 improbitatem.
3125 1068 3258 1125 Cum
3292 1070 3474 1138 itaque
3530 1070 3631 1123 hoc

2075 1163 2245 1220 solum
2296 1177 2363 1218 ex
2394 1160 2813 1229 reprehensione
2844 1161 3107 1225 evenerit,
3143 1169 3200 1214 ut
3228 1162 3422 1228 injuste
3455 1161 3629 1230 patia-

2072 1264 2155 1308 tur
2183 1252 2382 1322 aliquid
2406 1251 2551 1317 mali,
2570 1252 2660 1321 qui
2686 1252 2905 1307 liberius
2930 1253 3296 1317 reprehendit,
3337 1253 3469 1306 nihil
3502 1268 3630 1306 vero

2071 1345 2338 1406 utilitatis,
2370 1347 2456 1398 cui
2478 1344 2661 1399 datum
2682 1352 2764 1397 est
2792 1343 3099 1407 consilium,
3131 1343 3346 1412 accipit,
3382 1352 3633 1413 propter«

2068 1449 2131 1489 ea
2165 1450 2304 1488 nunc
2339 1436 2517 1502 potius
2554 1448 2713 1502 quam
2756 1441 2912 1485 antea
2965 1433 3164 1501 Optima
3214 1432 3395 1486 dicere
3438 1431 3629 1486 terrori

2069 1537 2152 1581 est
2186 1526 2377 1593 magis.
2411 1525 2467 1579 Si
2494 1522 2587 1594 qui
2630 1537 2758 1578 vero
2798 1524 3059 1592 ipsorum,
3090 1531 3145 1575 ut
3178 1522 3391 1588 scribis,
3445 1521 3632 1575 admo-

2074 1620 2277 1671 nitores
2303 1624 2552 1685 quaerunt
2582 1615 2780 1687 (neque
2812 1614 2953 1670 enim
3000 1628 3188 1668 omnes
3227 1615 3279 1668 in
3314 1612 3628 1668 barathrum

394 1684 665 1779 βάραθρον
687 1690 793 1779 τῆς
823 1692 1109 1762 φιλαυτίας
1143 1699 1238 1750 καὶ
1277 1700 1374 1768 τῆς
1407 1703 1604 1766 κακίας
1628 1709 1959 1779 κατηνέχθη-

2063 1710 2188 1765 eieci
2222 1709 2421 1762 amoris
2451 1708 2533 1762 sui
2570 1721 2634 1762 ac
2660 1707 2911 1761 vitiorum
2936 1702 3380 1774 przccipitarunt),
3415 1718 3628 1771 :equum

393 1776 525 1846 σαν)
574 1777 806 1834 ἀκοῦσαι
851 1782 918 1836 ἂν
961 1782 1151 1853 εἴησαν
1188 1788 1421 1854 δίκαιοι,
1471 1792 1552 1845 ὅτι
1598 1776 1841 1863 μάλιστα-
1860 1776 1961 1868 μέν

390 1866 526 1917 εἰσιν
569 1868 625 1920 αἱ
674 1868 815 1922 θεῖαι
860 1866 1107 1943 Γραφαὶ,
1145 1868 1233 1940 αἷς
1277 1870 1699 1947 ἀκολουθοῦντες
1742 1886 1800 1938 rb
1844 1866 1962 1941 δέον

389 1959 623 2031 γνοίητε.
650 1962 713 2014 Ei
736 1963 793 2016 δὲ
822 1965 917 2018 καὶ
937 1969 1241 2037 συμϐούλου
1269 1973 1465 2040 δεῖσθε,
1491 1976 1768 2030 παύσασθε
1793 1978 1960 2048 δρῶν-

388 2051 525 2113 τεςᾶ
552 2051 734 2121 δρᾶτε,
764 2055 858 2107 καὶ
873 2056 993 2109 τότε
1026 2060 1236 2129 ζητεῖτε
1265 2063 1355 2116 τὸν
1391 2068 1743 2138 παραινέτην.
1783 2048 1962 2122 Ἐπει-

387 2139 482 2191 δάν
514 2142 621 2212 γὰρ
653 2143 861 2199 τούτων
891 2147 1196 2219 παύσησθε,
1228 2154 1322 2206 καὶ
1361 2156 1459 2225 τὴν
1488 2154 1582 2210 τοῦ
1610 2158 1677 2212 τὰ
1712 2158 1962 2229 βέλτιστα

388 2230 567 2299 λέγειν
603 2235 720 2288 ὁδὸν
755 2240 1211 2313 κατασκευάσητε
1251 2246 1504 2316 ἀσφαλῆ,
1539 2252 1843 2317 τηνικαῦτα
1870 2252 1962 2305 τὸν

390 2324 823 2393 συμϐουλεύοντα
854 2330 930 2399 (6)
980 2332 1048 2385 τὰ
1087 2333 1277 2388 δέοντα
1304 2335 1538 2406 ζητεῖτε.
1573 2341 1708 2412 Πρὶν
1737 2341 1793 2395 δὲ
1824 2344 1962 2395 παύ-

389 2418 555 2485 σησθε
582 2461 598 2483 ,
644 2419 718 2490 μὴ
750 2420 963 2490 ζητεῖτε
990 2461 1005 2488 ,
1049 2425 1133 2487 τίς
1179 2426 1306 2495 ὑμῖν
1345 2426 1555 2499 φράσας
1606 2433 1674 2484 τὰ
1702 2432 1961 2487 κάλλιστα

388 2506 478 2573 ὑφ’
503 2507 656 2587 ύμῶν
688 2510 1163 2583 ἐξοστρακισθῆναι
1195 2516 1430 2588 θελήσει·
1456 2522 1517 2574 οὐ
1542 2522 1649 2592 γὰρ
1676 2523 1959 2593 εὑρήσετε.

386 2592 571 2650 Ταῦτα
596 2598 654 2651 δὲ
681 2602 905 2671 γράφω,
937 2605 1033 2673 οὐχ
1062 2606 1137 2668 ὡς
1158 2606 1342 2671 δεδιώς
1370 2627 1424 2662 τι
1459 2611 1651 2666 παθεῖν
1680 2592 1916 2667 ἐνταῦθα
1937 2656 1953 2678 ,

389 2686 595 2773 (πολλὰ
625 2689 733 2760 γὰρ
761 2691 952 2745 τούτου
981 2693 1142 2749 ἕνεκα
1168 2735 1183 2759 ,
1214 2697 1289 2760 ὼς
1336 2695 1516 2765 οἶσθα,
1550 2702 1831 2773 πέπονθα)
1867 2702 1961 2757 καὶ

386 2770 540 2829 εἷπον
595 2776 672 2847 τῷ
733 2782 1229 2838 κατασκευάσαντιο
1297 2805 1316 2837 ι
1382 2788 1793 2857 Ἐστεφάνωσας
1862 2793 1961 2862 οὐχ

386 2865 547 2918 ἑκών·
585 2886 605 2918 ι
639 2868 805 2938 κάμοὶ
828 2870 935 2939 γὰρ
970 2889 987 2922 ι
1025 2874 1366 2944 ἐχαρίσατοὸ
1393 2876 1523 2940 Θεὸς
1562 2898 1583 2928 ι
1615 2879 1677 2930 ού
1713 2880 1871 2947 μόνον
1900 2881 1962 2935 rb

392 2974 411 3006 ι
456 2957 536 3019 είς
556 2957 719 3011 αὐτὸν
754 2962 1053 3029 πιστεύειν,
1095 2964 1232 3019 ἀλλὰ
1262 2968 1358 3019 καὶ
1394 2968 1457 3020 τὸ
1490 2969 1632 3039 ὑπὲρ
1656 2970 1818 3023 αὑτοῦ
1850 2973 1957 3024 πάι

2066 1798 2231 1850 l'ucrit
2277 1798 2497 1851 obedire
2551 1812 2616 1851 ac
2668 1797 2891 1851 credere
2950 1796 3182 1849 maxime
3245 1808 3365 1848 esse
3419 1807 3627 1847 sacram

2067 1886 2398 1954 Scripturam
2450 1886 2816 1953 sequendam,
2878 1893 2937 1938 ut
2993 1898 3201 1950 aequum
3264 1881 3625 1953 cognoscatis.

2064 1976 2218 2043 Quod
2253 1976 2299 2030 si
2321 1975 2550 2037 consilio
2580 1976 2849 2045 indigetis,
2884 1975 3113 2029 desinite
3148 1974 3273 2029 talia
3307 1984 3543 2041 patrare,
3574 1983 3630 2026 et

2066 2080 2192 2123 tunc
2220 2067 2540 2136 investigate
2583 2067 2910 2120 hortantem.
2949 2065 3049 2122 Ubi
3083 2080 3209 2119 vero
3239 2064 3308 2119 ab
3343 2066 3408 2118 iis
3462 2064 3627 2117 ahsti-

2066 2160 2260 2219 ncbitis
2294 2158 2461 2222 vitiis,
2503 2169 2557 2211 et
2593 2167 2704 2211 tuto
2732 2158 2935 2225 Optima
2971 2156 3220 2210 suadenti
3252 2155 3393 2208 viam
3422 2163 3629 2210 sterne-

2068 2242 2152 2308 tis,
2190 2256 2314 2297 tunc
2341 2256 2484 2299 recte
2511 2254 2813 2297 monentem
2845 2245 3088 2310 quaerite.
3121 2245 3261 2297 Ante
3298 2258 3429 2298 vero
3462 2257 3625 2310 quam

2064 2335 2308 2399 cessatis,
2333 2334 2496 2388 nolite
2517 2348 2758 2402 quacrere
2779 2334 2900 2401 quis
2928 2334 3080 2388 vobis
3106 2334 3304 2403 optima
3329 2346 3623 2401 suggerens

2063 2423 2298 2491 ablegari
2330 2438 2359 2476 a
2411 2423 2562 2477 vobis
2590 2420 2754 2489 volet,
2788 2437 2961 2490 neque
2992 2424 3136 2476 enim
3172 2421 3472 2491 reperietis.
3503 2421 3629 2476 llaec

2063 2513 2259 2577 scribo,
2312 2528 2416 2567 non
2468 2512 2763 2567 formidans
2812 2512 2899 2566 hic
2948 2512 3147 2581 aliquid
3206 2514 3409 2582 perpeti
3439 2513 3628 2582 (multa

2062 2606 2204 2657 enim
2252 2604 2411 2672 hujus
2450 2606 2623 2673 gratia
2648 2644 2663 2670 ,
2705 2612 2762 2657 ut
2814 2604 3003 2670 nostis,
3051 2618 3169 2657 sum
3206 2606 3533 2673 perpessus),
3573 2612 3629 2658 et

2064 2694 2170 2746 dixi
2194 2693 2474 2746 adornanli
2515 2713 2526 2747 :
2559 2709 2578 2744 ι
2602 2691 2884 2747 Coronasti
2919 2708 3021 2745 non
3055 2694 3259 2747 volens.
3293 2711 3311 2743 ι
3334 2692 3458 2747 Mihi
3482 2695 3626 2748 enim

2068 2798 2086 2831 ι
2113 2782 2378 2834 concessit
2406 2781 2565 2845 Dens,
2592 2800 2611 2831 ›
2634 2798 2740 2836 non
2760 2792 2967 2835 tantum
2991 2802 3009 2832 ι
3037 2792 3092 2834 ut
3111 2783 3162 2835 in
3186 2782 3359 2851 ipsum
3386 2784 3625 2852 credam,

2061 2872 2153 2923 sed
2182 2871 2340 2924 etiam
2383 2881 2439 2923 ut
2463 2886 2558 2939 pro
2588 2872 2704 2938 ipso
2734 2873 2907 2939 patiar
2942 2891 2955 2925 :
2990 2890 3008 2923 ι
3047 2886 3228 2925 verum
3265 2872 3520 2927 obturare
3564 2888 3626 2928 os

2063 2958 2247 3012 volens
2267 2960 2352 3022 iis,
2366 2959 2455 3026 qui
2478 2959 2753 3028 linguntse
2770 2959 3049 3013 consilium
3072 2966 3272 3029 petere,
3289 2973 3395 3013 non
3414 2968 3471 3013 ut
3493 2974 3621 3011 cou-

294 3052 300 3058 '
388 3060 555 3113 σχειν’
612 3064 631 3099 ι
698 3047 813 3101 ἀλλ’
884 3051 1129 3115 ἐκείνους
1182 3055 1531 3125 ἐπιστομίσαι
1600 3058 1954 3129 βουλόμενος,

2063 3050 2237 3102 silium
2260 3049 2549 3116 accipiant,
2581 3052 2673 3105 sed
2717 3059 2775 3103 ut
2807 3049 3095 3117 decipiant.
3129 3049 3282 3117 Quod
3309 3058 3486 3103 autem
3527 3050 3628 3103 hoc

385 3132 508 3194 τοὺς
538 3137 1032 3207 προσποιουμένους
1062 3137 1362 3210 σύμϐουλον
1402 3145 1604 3215 ζητεῖν,
1643 3148 1740 3217 οὐχ
1772 3148 1857 3201 ἵνα
1880 3148 1957 3219 (7)

386 3224 877 3295 συμϐουλευθῶσιν,
924 3228 1036 3283 ἀλλ’
1062 3230 1148 3286 ἵνα
1182 3233 1655 3293 ἐπιϐουλεύσωσιν.
1685 3237 1808 3294 Ὀτι
1849 3241 1957 3311 γὰρ

389 3312 448 3365 ού
502 3316 667 3382 φόϐου
709 3316 896 3372 ἕνεκεν
943 3320 1118 3374 ταῦτα
1172 3322 1455 3393 γέγραφα,
1499 3327 1845 3382 ἁκουέτωσαν
1905 3331 1955 3383 οξ

383 3405 614 3458 τοιοῦτοι
646 3408 748 3477 (ὅτι
799 3409 957 3478 ὑμεῖς
988 3409 1055 3462 δι’
1085 3404 1161 3465 ὧν
1193 3412 1486 3482 πράττετε,
1521 3418 1615 3468 καὶ
1642 3419 1767 3480 τοὺς
1792 3420 1956 3490 ἀρχο-

388 3493 577 3562 μένους
617 3499 694 3557 είς
736 3498 934 3552 κακίαν
970 3508 1359 3571 χειραγωγείτε
1381 3546 1397 3570 ,
1438 3507 1528 3559 καὶ
1555 3507 1747 3578 διπλῆν
1779 3527 1952 3578 τιμω-

387 3585 506 3653 ρίαν
547 3587 809 3657 ὑφέξετε)
850 3591 931 3642 ὃτι
967 3608 1026 3643 τε
1056 3592 1133 3662 μὴ
1171 3595 1232 3646 τὸ
1257 3594 1375 3648 δέον
1420 3597 1693 3666 ἐπράξατε
1717 3638 1733 3662 ,
1770 3599 1851 3652 ὅτι
1894 3617 1953 3651 τε

385 3673 775 3727 ὑπεσκελίσατε
826 3679 951 3739 τοὺς
997 3680 1236 3750 σωθῆναι
1268 3681 1597 3751 δυναμένους
1641 3686 1728 3750 ἂν,
1776 3689 1824 3739 εί
1879 3688 1952 3757 μὴ

384 3764 516 3831 παρ’
562 3761 715 3830 ὑμῶν
759 3765 1277 3837 ἐσκανδαλίσθησαν.
1332 3770 1621 3825 Παύσασθε
1653 3774 1944 3842 τοιγαροῦν

385 3851 609 3905 τοιαῦτα
637 3853 872 3923 δρῶντες
895 3892 911 3919 ,
935 3856 971 3910 ἃ
1003 3859 1120 3913 οὐδὲ
1142 3861 1193 3912 οἱ
1222 3861 1408 3930 ἐχθροὶ
1436 3863 1531 3915 τοῦ
1555 3863 1795 3933 Χριστοῦ
1815 3864 1954 3932 πρὸς

386 3943 733 4012 βλασφημίαν
764 3944 858 3997 τοῦ
886 3947 1147 4018 ὀνόματος
1173 3951 1341 4004 αὑτοῦ
1367 3953 1586 4023 δρῶσιν.
1626 3956 1863 4012 Σὸέσατε
1891 3961 1953 4013 τὸ

382 4033 476 4084 ἐπὶ
501 4032 576 4101 τῷ
599 4033 889 4104 προεδρίας
917 4037 1184 4104 ἠξιῶσθαι
1199 4042 1351 4111 παρὰ
1366 4044 1492 4107 τοὺς
1512 4045 1738 4110 πολλοὺς
1756 4049 1948 4119 οἴημα’

382 4122 655 4191 χαλάσατε
706 4125 795 4178 τὸν
823 4126 1012 4196 τύφον·
1049 4133 1438 4185 κατασπάσατε
1487 4134 1585 4205 τὴν
1629 4139 1821 4209 ὀφρὺν,
1863 4143 1951 4195 ὲν-

379 4214 629 4283 νοήσατε,
661 4216 742 4268 ὃτι
768 4216 843 4285 τῆ
867 4219 988 4271 ἐστε
1018 4221 1114 4274 καὶ
1141 4224 1384 4287 σποδός*
1425 4228 1733 4297 σκοπήσατε
1756 4230 1818 4283 τὸ
1847 4232 1953 4301 πρὸ

380 4306 627 4376 βραχέος,
655 4309 748 4361 καὶ
771 4309 833 4360 rb
861 4310 998 4377 μετὰ
1021 4311 1214 4381 βραχύ.
1254 4314 1553 4382 Ἐπίγνωτε
1583 4320 1710 4382 τοὺς
1741 4322 1951 4375 ἑαυτῶν

378 4399 488 4450 ἀπὸ
515 4398 617 4465 τῆς
633 4399 834 4467 ἀρετῆς
864 4400 1137 4469 ἀμείνους*
1160 4404 1235 4474 μὴ
1262 4408 1373 4467 τοῖς
1392 4407 1578 4470 ὅπλοις
1605 4410 1701 4477 τῆς
1735 4412 1955 4479 ἱερωσύ-

377 4505 475 4555 νης
498 4490 619 4541 κατ’
653 4490 823 4560 αὐτῆς
855 4492 954 4562 τῆς
984 4494 1280 4563 ἱερωσύνης
1308 4499 1575 4566 χρήσεσθε
1600 4517 1613 4529 ·
1647 4501 1723 4569 μὴ
1754 4503 1834 4565 εἰς
1859 4503 1949 4555 τὸν

376 4576 476 4646 τῆς
492 4579 632 4647 ἀκτη
643 4580 879 4649 μοσύνης
896 4584 1361 4654 χρηματιζόμενοι
1382 4590 1748 4658 παροινήσατε
1776 4594 1851 4662 (8)
1874 4594 1953 4645 δι-

2063 3155 2172 3193 non
2198 3149 2373 3193 metus
2402 3153 2566 3194 causa
2601 3140 2932 3211 scripserim,
2980 3142 3079 3209 ipsi
3122 3141 3281 3196 velim
3328 3140 3651 3208 intelligant

2065 3228 2227 3302 [quod
2272 3246 2367 3284 vos
2409 3240 2627 3300 prapter
2667 3248 2729 3287 ea
2773 3249 2892 3301 qure
2944 3233 3141 3299 facitis,
3193 3242 3249 3287 et
3279 3234 3520 3288 subditos
3556 3237 3621 3287 ad

2061 3333 2261 3387 malum
2296 3334 2605 3403 perducitis,
2632 3343 2688 3390 et
2716 3337 2980 3407 duplicem
3023 3337 3337 3408 persolvetis
3385 3340 3624 3411 poenam]

2060 3426 2201 3493 quod
2230 3437 2426 3492 neque,
2461 3425 2604 3492 quod
2645 3427 2904 3495 oportuit,
2953 3428 3180 3491 fecistis,
3222 3438 3276 3483 et
3308 3431 3626 3499 supplanta-

2058 3519 2156 3573 stis
2185 3532 2301 3585 eos,
2329 3518 2421 3587 qui
2447 3518 2641 3573 salvari
2676 3521 2889 3586 quidem
2917 3529 3186 3590 poterant,
3232 3524 3334 3577 nisi
3367 3539 3463 3578 vos
3497 3524 3629 3593 ipsis

2058 3608 2313 3662 seandalo
2357 3607 2612 3662 fuissetis.
2665 3610 3024 3680 Supersedete
3084 3613 3265 3682 itaque
3304 3614 3432 3668 talia
3477 3630 3625 3669 coms

2059 3699 2291 3762 mittere,
2324 3713 2443 3766 qua:
2470 3714 2535 3753 ne
2573 3699 2772 3755 Christi
2804 3704 3018 3769 quidem
3051 3705 3253 3769 hostes,
3283 3707 3350 3759 ad
3386 3706 3618 3761 nominis

2056 3796 2171 3860 ejus
2204 3796 2588 3862 blasphemiam
2621 3799 2978 3854 committant.
3001 3801 3196 3857 Tollite
3229 3804 3296 3857 de
3327 3808 3501 3858 medio
3538 3821 3628 3859 ve-

2057 3886 2155 3939 stri
2189 3900 2351 3953 super
2379 3885 2481 3939 loci
2508 3888 2858 3955 prmrogativa
2889 3904 2953 3942 ac
2978 3891 3286 3958 dignatione
3308 3903 3624 3961 conceptam

2058 3974 2200 4042 apud
2227 3972 2425 4027 multos
2444 3975 2625 4027 animo
2656 3974 2987 4042 opinionem.
3019 3977 3398 4044 Arrogantiam
3448 3978 3624 4031 refre-

2055 4071 2213 4127 nate;
2237 4059 2506 4129 supercilii
2537 4058 2734 4115 fastum
2755 4060 3026 4129 deponite.
3055 4060 3247 4115 Veniat
3278 4062 3330 4115 in
3362 4072 3622 4126 mentem,

2055 4148 2197 4222 quod
2221 4153 2342 4207 sitis
2367 4153 2599 4221 pulvini
2632 4153 2766 4207 cinis
2800 4155 2868 4205 ὀ.
2897 4152 3249 4207 Considerate
3277 4154 3421 4222 quod
3461 4154 3624 4220 paulo

2057 4251 2181 4291 ante
2210 4237 2411 4302 fuistis,
2444 4248 2501 4293 et
2528 4239 2686 4306 paulo
2707 4249 2829 4309 post
2845 4240 3017 4295 eritis.
3043 4240 3369 4311 Cognoscite
3398 4243 3620 4311 quinam

2060 4339 2295 4383 vestrum
2320 4329 2521 4397 virtute
2551 4339 2841 4397 praestent;
2873 4330 3040 4385 nolite
3074 4332 3418 4388 sacerdotum
3452 4335 3623 4389 armis

2057 4428 2242 4473 contra
2274 4421 2636 4474 sacerdotium
2665 4423 2837 4489 abuti,
2883 4439 3016 4478 neve
3050 4424 3102 4478 in
3140 4426 3478 4494 paupertatis
3506 4440 3624 4479 ma-

2056 4510 2281 4576 gistrum
2306 4511 2532 4577 quaestui
2563 4513 2935 4569 incumbentes
2968 4516 3408 4570 debacchemini.
3445 4514 3625 4571 Nolite

2051 4613 2149 4665 pro
2182 4596 2380 4652 fabulis
2410 4600 2627 4662 ducere,
2655 4615 2774 4669 qua:
2797 4605 3104 4670 evangelica
3133 4606 3463 4672 cognovistis
3490 4620 3623 4673 prae-

378 4667 664 4764 δάσκαλον.
695 4670 787 4740 Μὴ
823 4672 1024 4739 μύθους
1054 4676 1273 4743 ἡγεῖσθε
1300 4678 1423 4738 τοὺς
1457 4679 1791 4748 ἐπᾳσθέντας
1825 4684 1952 4753 ὑμῖν

2063 4696 2237 4755 rapta;
2270 4689 2434 4741 nolite
2466 4691 2778 4747 existimare
2803 4705 3080 4760 peccatum
3109 4696 3333 4764 relinqui
3369 4696 3610 4764 impuni-

386 4754 773 4822 εύαγγελικοὺς
815 4759 1036 4827 λόγους·
1084 4765 1159 4833 μὴ
1188 4765 1433 4833 νομίζετε
1467 4769 1798 4838 ἁμαρτάνειν
1833 4774 1950 4827 ἀτι-

390 4847 628 4913 μωρητί’
666 4846 740 4916 μὴ
777 4849 838 4901 rb
869 4849 1011 4905 θεῖον
1039 4853 1223 4907 ἄδικον
1256 4850 1393 4907 εἶναι
1426 4860 1706 4930 νομίσητε·
1744 4862 1817 4931 μὴ
1860 4864 1950 4915 τὸν

386 4934 776 5006 πανππὸπτην
802 4939 935 4995 Θεὸν
963 4945 1211 5015 παρορᾷν
1239 4945 1499 5015 ξοίηθῆτε.
1531 4950 1620 5020 Μὴ
1678 4952 1804 5014 τοὺς
1846 4954 1965 5022 φιλ-

453 5084 499 5115 ”
538 5086 673 5141 Gen.
713 5102 796 5153 Ill,
833 5091 917 5147 l9.

2048 4785 2178 4841 tum,
2216 4777 2376 4848 593
2420 4778 2588 4834 Deum
2624 4780 2873 4848 injustam
2908 4796 3032 4837 esse
3059 4798 3127 4837 ne
3166 4783 3388 4849 putetis,
3442 4799 3620 4852 neque

2049 4867 2363 4923 hallucinari
2418 4885 2593 4937 neque
2617 4872 2869 4925 caecutiie
2901 4872 3069 4927 Deum
3091 4872 3272 4928 omnia
3305 4875 3608 4929 intuentem

2070 4958 2423 5013 arbitremini.
2462 4956 2657 5014 Virtuti
2694 4961 2901 5017 deditos
2934 4963 3099 5019 nolite
3140 4964 3408 5034 ablegare.
3434 4962 3621 5019 Omni—

1464 5209 1699 5267 VARIAS
1737 5212 2124 5272 LECTIONES
2163 5218 2248 5272 ΕΤ
2284 5217 2515 5273 NOTAE.

451 5347 1271 5435 (5)nP_ro_§témtpavuterque
1322 5363 1441 5417 cod.
1496 5361 1621 5431 legit
1666 5365 1943 5435 περιέπει-

382 5434 499 5485 ραν.
541 5418 750 5470 Possm.

572 5485 1148 5573 Efgffitftﬁoiuledovra
1181 5500 1339 5555 iidem
1381 5503 1577 5558 habent
1608 5504 1910 5573 συμϐουλεύ
1930 5538 1941 5545 —

384 5570 543 5606 σοντα
572 5555 625 5609 in
658 5555 856 5612 futuro.
887 5559 964 5616 lo.

2120 5372 2197 5438 (7)
2234 5371 2336 5445 [fro
2369 5374 2466 5443 οὐχ
2501 5373 2588 5425 ἵνα
2620 5374 2781 5445 iidem
2818 5375 3019 5445 addunt
3046 5379 3142 5445 μή.
3187 5377 3260 5431 Ξῖ).
3400 5406 3427 5429 ι.

2049 5446 2195 5581 ang)
2239 5442 2359 5563 ΙΙιζιϊ)
2415 5442 2780 5514 παροινήσατε
2835 5443 2992 5500 iidem
3048 5442 3296 5502 scribunt
3349 5448 3610 5517 παροινή-
