4020 6140
467 261 607 332 Ῑίθ3
1675 266 1735 325 S.
1772 264 1799 323 Ι
1805 264 2063 324 SIDORI
2103 262 2544 323 PELUSIOT/B
3588 256 3707 324 Ιίθι

465 380 565 432 bus
592 382 879 445 coopertos
903 372 1119 443 ﬂagitiis
1146 388 1216 427 ne
1247 371 1434 442 plausu
1473 370 1665 442 dignos
1686 374 2027 427 existimetis.

2132 373 2360 439 αρέτους
2389 368 2833 440 ἐξοστρακίσητε·
2851 368 2928 439 μὴ
2946 368 3073 431 τοὺς
3098 368 3283 421 πᾶσαν
3307 364 3598 436 μετιόντας
3619 387 3707 422 κα-

461 467 737 521 iuventuti
756 466 1049 520 formanda:
1067 472 1279 527 cavete,
1304 479 1371 517 ne
1392 464 1669 532 improbos
1689 463 2035 530 praeticiatis;

2142 462 2269 513 κξαν
2309 464 2746 531 συγκροτήσητε·
2782 460 2858 530 μὴ
2900 458 3361 528 παιδοτριϐήσητε
3391 459 3527 521 τοὺς
3557 459 3712 528 ὁρῶν-

374 539 399 561 “
465 557 634 611 nolite
668 556 906 625 abjicere
943 569 1060 619 eos,
1095 555 1187 622 qui
1210 554 1305 608 Dei
1341 554 1557 607 adducti
1598 552 1716 606 zelo
1748 553 1961 606 liberet

2142 567 2240 611 τας
2269 552 2345 613 είς
2381 550 2601 602 κακίαν*
2635 548 2712 618 μὴ
2752 548 2981 618 σϐέσητε
3012 548 3119 600 τῶν
3148 547 3279 615 θείῳ
3310 545 3465 615 ζήλῳ
3493 548 3715 615 ἐχόντων

466 662 586 700 rum
619 646 991 715 pronuntiant.
1019 646 1158 700 Aliis
1178 646 1435 699 damnum
1469 644 1666 700 aﬂ'erre
1696 644 1939 713 fugitote,
1970 660 2040 699 ne

2142 640 2241 707 τὴν
2285 639 2617 709 παρρησίαν
2658 638 2733 706 μὴ
2777 637 2876 699 τὰς
2924 636 3213 707 ἀλλοτρίας
3262 636 3714 706 πραγματεύεσθε

471 734 779 799 honestum,
810 734 954 802 quod
982 736 1147 788 verbo
1183 734 1440 796 laudatis,
1465 748 1629 801 Opere
1665 735 1781 802 ipso
1816 735 2037 787 inhono-

2149 730 2454 799 συμφοράς·
2509 730 2585 798 μὴ
2638 729 2784 797 λόγῳ
2837 730 2901 781 τὸ
2944 729 3064 782 δέον
3110 728 3534 797 ὑποτιθέμενοι,
3585 728 3719 797 ἔργῳ

468 826 618 877 retis.
650 824 757 878 Sed
788 825 917 893 quid
942 825 1185 893 pluribus
1211 834 1292 878 est
1321 838 1478 890 opus,
1513 840 1635 878 cum
1668 824 1781 878 haec
1805 840 1911 878 non
1939 825 2038 877 ad-

2134 821 2291 872 τοῦτο
2313 820 2616 889 ἀτιμάσητε
2635 861 2651 884 ,
2688 818 2826 874 ἀλλὰ
2852 820 2904 872 τί
2939 819 3046 889 χρὴ
3074 821 3359 888 μηκύνειν,
3388 820 3491 872 καὶ
3525 818 3716 871 τούτων

469 917 689 969 modum
719 915 1084 985 impudentem
1104 926 1308 983 queant
1334 916 1616 969 emollire?
1643 916 1829 970 Finem
1860 917 2043 984 itaque

2140 910 2343 963 ἱκανῶν
2372 910 2544 963 ὅντων
2570 911 2697 973 τοὺς
2731 910 2807 980 μὴ
2841 910 2962 963 λίαν
3006 911 3349 980 ἀναισθήτως
3375 910 3605 978 ἔχοντας
3627 926 3717 962 κα·

467 1007 627 1070 facio,
657 1007 826 1061 Deum
870 1009 970 1061 rite
998 1017 1274 1077 precatus,
1308 1015 1366 1061 ut
1401 1008 1541 1063 banc
1573 1007 1724 1062 vobis
1748 1007 2040 1062 salutarem

2138 1001 2493 1068 τατοξεῦσαι;
2528 1002 2729 1073 Διόπερ
2770 1003 3123 1072 παυσάμενος
3154 1002 3248 1054 ἐπὶ
3292 1002 3459 1070 σιγὴν
3488 1002 3568 1070 (9)
3599 1001 3714 1071 τρέ-

466 1112 588 1152 esse
610 1098 895 1167 epistolam
924 1098 1178 1167 patiatur.
1334 1174 1341 1179 _

2141 1092 2334 1162 ψομαι,
2368 1093 2632 1162 ἀνύσιμον
2653 1094 2803 1146 τουτί
2823 1093 3076 1161 γενέσθαι
3103 1094 3165 1147 τὺ
3188 1093 3431 1164 γράμμα
3448 1134 3466 1159 ,
3488 1095 3552 1147 τὸ
3569 1094 3715 1148 Θεῑον

2144 1183 2457 1238 ἀντιϐολῶν.

703 1292 963 1349 CXXXII.
991 1322 1062 1333 —
1091 1292 1434 1349 PALLADIO
1473 1292 1791 1350 DIACONO.

2422 1293 2591 1347 PAB'.
2624 1322 2695 1331 -
2728 1292 3077 1363 musam
3120 1290 3446 1363 ΔΙΔΚΟΝῼ.

819 1386 898 1441 De
934 1387 1029 1441 illo
1066 1387 1331 1440 consultus
1360 1401 1378 1438 :
1410 1384 1606 1441 Sancta
1636 1403 1699 1441 ne
1738 1388 1978 1450 canibus,
2000 1396 2137 1450 etc.,
2167 1386 2359 1439 Matth.
2400 1400 2497 1450 vn,
2525 1388 2579 1448 6,
2616 1385 2835 1453 indigno
2857 1395 3008 1454 negat
3048 1399 3375 1451 responsum.

535 1496 616 1549 Ad
646 1495 696 1550 id
722 1495 865 1564 quod
892 1494 1087 1548 scribis
1117 1494 1292 1548 habeo
1320 1493 1461 1562 quod
1487 1494 1684 1558 dicam,
1706 1493 1837 1546 nihil
1856 1502 2033 1546 autem

2216 1492 2351 1562 Περὶ
2377 1486 2439 1544 οὗ
2468 1491 2752 1559 γέγραφας
2774 1530 2789 1553 ,
2824 1490 2935 1559 ἔχω
2982 1490 3082 1559 μὲν
3111 1492 3286 1543 εἰπεῖν
3306 1508 3319 1520 ·
3357 1490 3445 1543 σοὶ
3482 1491 3528 1542 δ’
3556 1492 3714 1545 είπείν

472 1590 539 1641 a-J
567 1596 639 1653 te,
669 1586 762 1640 Dei
799 1586 945 1639 dicto
973 1586 1229 1647 audiens,
1260 1584 1494 1653 iubenti,
1530 1602 1549 1633 ι
1584 1583 1781 1637 Sancta
1817 1581 2041 1636 canibus

2144 1584 2244 1635 οὐκ
2278 1583 2404 1652 ἔχω,
2434 1581 2564 1649 θείῳ
2595 1580 2917 1649 πειθόμενος
2946 1580 3182 1651 χρησμῷ
3210 1580 3710 1652 παρακελευομένῳ,

472 1640 581 1727 non
613 1640 936 1737 obiicienda.
972 1689 991 1722 ι
1024 1670 1176 1736 Quod
1208 1640 1493 1723 si'canum'
1514 1669 1716 1722 rabiem
1753 1668 2043 1737 depuleris,

2157 1692 2176 1725 ι
2209 1640 2463 1741 Μηῧδιῖιτε
2504 1640 2574 1723 ea
2602 1669 2735 1738 ἀγια
2757 1640 3107 1732 ’τοῖς-κυσίν.-
3132 1640 3164 1721 ι’
3199 1671 3263 1722 Ei
3291 1640 3367 1723 ’δὲ
3412 1670 3524 1723 τῶν

476 1772 534 1815 et
580 1762 833 1816 humanae
878 1760 1072 1815 indolis
1099 1775 1163 1815 ac
1203 1760 1552 1830 benignitatis
1594 1761 1866 1829 specimen
1891 1758 2047 1813 exhi-

2150 1764 2251 1834 τὴν
2278 1762 2481 1816 λύσσαν
2519 1761 2883 1830 ἀποτρίψαιο,
2914 1761 3009 1814 καὶ
3054 1761 3152 1832 τῆς
3183 1763 3539 1832 ἀνθρωπίνης
3570 1762 3712 1829 εὐγε-

472 1852 577 1907 buc
586 1851 682 1919 ris,
698 1852 862 1906 etiam
873 1865 979 1905 non
994 1850 1351 1919 interroganti
1376 1850 1732 1918 respondebo,
1753 1851 2050 1906 mutatione

2151 1853 2300 1917 νείας
2344 1852 2444 1923 τὴν
2485 1851 2771 1923 πραότητα
2812 1850 3146 1918 ἐπιδείξαιο,
3177 1853 3273 1905 καὶ
3327 1852 3408 1922 μὴ
3458 1852 3713 1922 ἐρωτῶντι

473 1958 581 1998 nou
610 1951 718 1997 tam
740 1943 928 1999 form
954 1957 1116 2013 quam
1145 1956 1356 1997 morum
1377 1941 1694 1996 delectatus.

2153 1944 2379 2012 φράσω,
2411 1944 2477 2011 τῇ
2505 1940 2771 2011 μεταϐολῇ
2804 1940 2867 1993 οὐ
2895 1940 2995 2010 τῆς
3026 1942 3241 2011 μορφῆς
3261 1982 3280 2008 ,
3312 1941 3454 1995 ἀλλὰ
3480 1941 3588 1995 τῶν
3612 1940 3714 2011 τρό-

2142 2050 2260 2087 πων
2287 2032 2493 2103 ἡσθείς.

636 2139 923 2196 cxxxm.
949 2168 1023 2181 —
1056 2119 1355 2196 OPHELIO
1399 2137 1877 2194 GRAMMATICO.
2398 2141 2569 2196 PAI".
2599 2171 2673 2182 —
2707 2140 2952 2211 nemo
2988 2140 3493 2212 PPAMMATIKQJ

1799 2230 1872 2285 De
1909 2233 2044 2302 style
2068 2234 2359 2302 epistolari.

547 2338 815 2407 Epistolas
874 2338 1146 2393 scribendi
1198 2337 1480 2392 character
1534 2352 1640 2391 non
1690 2352 1913 2392 ommno
1973 2342 2047 2393 sit

2233 2345 2295 2393 ὐ
2326 2339 2728 2410 ὲπιστολιμαίος
2752 2339 3037 2412 χαρακτὴρ
3060 2340 3194 2410 (10),
3225 2342 3365 2411 μήτε
3387 2342 3709 2397 παντάπασιν

470 2446 671 2499 expers
700 2430 980 2499 elegantia:
1004 2439 1166 2498 atque
1192 2440 1441 2493 ornatus,
1458 2445 1629 2498 neque
1661 2431 1819 2485 nimis
1839 2430 2048 2485 dicendi

2154 2431 2465 2502 ἀκόσμητος
2492 2431 2653 2491 ἔστω.
2686 2433 2826 2502 μήτε
2852 2432 2960 2501 μὴν
2988 2433 3068 2494 είς
3093 2432 3289 2502 θρύψιν
3314 2436 3708 2506 κεκοσμημένος

476 2523 704 2577 mollitie
745 2537 811 2575 ac
848 2521 1063 2574 deliciis
1107 2530 1415 2574 enervatus.
1471 2522 1602 2575 Illud
1645 2523 1788 2575 enim
1816 2521 2049 2590 simplex

2154 2521 2188 2592 ἢ
2218 2524 2451 2592 τρυφήν.
2484 2522 2558 2574 Τὸ
2594 2522 2693 2591 μὲν
2727 2522 2837 2593 γὰρ
2880 2521 3117 2587 εὐτελὲς,
3145 2524 3208 2576 τὸ
3237 2524 3295 2576 δὲ
3341 2526 3704 2597 ἀπειρόκαλον

473 2631 541 2667 ac
576 2625 767 2667 tenue:
790 2613 890 2666 hoc
915 2627 1043 2667 vero
1066 2611 1304 2678 ineptmn
1328 2618 1445 2677 est;
1471 2621 1525 2664 at
1547 2613 1822 2665 moderate
1840 2613 2046 2679 ornari,

2154 2613 2213 2665 τὸ
2254 2613 2311 2666 δὲ
2364 2615 2601 2683 μετρίως
2640 2614 3051 2684 κεκοσμῆσθαι,
3085 2616 3181 2668 καὶ
3210 2616 3347 2685 πρὸς
3380 2608 3707 2689 χρείαν,’καὶ

475 2720 597 2758 cum
629 2703 696 2757 ad
727 2720 905 2769 usum,
937 2712 1048 2756 tum
1074 2704 1141 2757 ad
1174 2713 1511 2758 venustatem
1538 2703 1754 2757 suﬂicit.

1129 2704 1141 2755 Ι
1174 2713 1511 2758 venustatem
1538 2703 1754 2757 suﬂicit.
2156 2708 2290 2777 πρὸς
2320 2708 2516 2771 κάλλος
2543 2709 2716 2778 ἀρκεῖ.

758 2832 1049 2889 CXXXIV.
1073 2863 1144 2873 —
1171 2831 1384 2886 ΜΕΝίΕ
1437 2831 1758 2887 ΒΙᾹΟΟΝΟ.

2504 2835 2671 2888 PAA'.
2694 2836 2780 2902 [——
2812 2836 3016 2907 ΜΗΝᾼ
3040 2836 3385 2908 martem.

851 2924 1143 2993 Alfectibus
1171 2923 1326 2976 malis
1349 2923 1571 2986 vincere,
1603 2932 1678 2975 est
1712 2923 1872 2985 vinci,
1900 2933 1948 2975 et
1985 2921 2144 2975 noxia
2180 2938 2240 2975 ea
2268 2923 2488 2975 victona
2532 2932 2629 2975 est.
2666 2920 2833 2990 (Vide
2858 2923 2987 2991 infr.
3018 2926 3167 2992 epist.
3197 2924 3345 2992 142.)

547 3033 651 3100 Qui
680 3032 732 3087 in
756 3032 963 3087 duabus
993 3033 1145 3087 hisce
1174 3030 1548 3086 affectionibus
1577 3031 1671 3084 ira:
1709 3030 1964 3084 nimirum
1992 3039 2045 3084 et
2073 3015 2120 3077 ο

2117 3018 2120 3075 ἶ
2218 3030 2281 3082 Oi
2310 3029 2368 3081 ἐν
2395 3031 2506 3091 τοῖς
2532 3027 2787 3097 χαλεποῖς
2810 3029 3006 3083 πάθεσι
3028 3070 3042 3094 ,
3077 3029 3232 3100 θυμῷ
3262 3031 3411 3099 λέγω
3442 3033 3530 3085 καὶ
3542 3031 3704 3083 πλεον⁴

478 3124 718 3178 avaritia:
746 3124 963 3179 vincere
986 3124 1256 3187 videntur,
1282 3123 1347 3175 iis
1383 3120 1660 3175 molestior
1688 3132 1773 3175 est
1802 3120 2049 3183 victoria,

2155 3119 2293 3189 εξίᾳ,
2328 3121 2485 3189 νικᾷν
2513 3119 2791 3182 δοκοῦντες
2814 3158 2829 3181 ,
2861 3120 3032 3189 ἥττης
3094 3122 3310 3190 ἀπάσης
3340 3121 3701 3191 χαλεπωτέραν

476 3232 642 3281 quant
695 3215 852 3270 victis
898 3216 965 3269 ¹¹.
1013 3216 1107 3268 Est
1136 3214 1280 3267 enim
1316 3227 1438 3265 cum
1467 3212 1608 3265 vinci
1638 3227 1799 3279 quam
1835 3212 2053 3265 vincere

2154 3210 2347 3263 νικῶσι
2389 3211 2565 3278 νίκην.
2619 3210 2775 3262 Ἔστι
2806 3210 2915 3280 γὰρ
2960 3212 3093 3264 ὅπου
3147 3212 3271 3282 νίκη
3326 3215 3524 3283 χείρων
3557 3214 3699 3282 ἥττης

476 3314 715 3375 praestet,
746 3320 919 3374 neque
950 3307 1000 3358 in
1030 3305 1250 3358 victoria
1278 3302 1472 3357 merito
1510 3303 1579 3355 sit
1612 3303 1972 3371 gaudendum.
2004 3303 2050 3357 si

2154 3301 2292 3363 ἐστὶ,
2324 3301 2417 3353 καὶ
2445 3301 2504 3352 οὑ
2539 3301 2621 3353 δεῖ
2649 3300 2861 3369 χαίρειν
2891 3301 2985 3352 ἐπὶ
3019 3303 3087 3371 τῇ
3134 3303 3363 3375 τοιαύτῃ
3410 3305 3559 3374 νίκῃ,
3593 3303 3701 3355 ὅταν

476 3412 537 3448 ea
570 3394 766 3463 injuste
794 3395 1065 3451 obveniat.
1092 3393 1220 3460 Quae
1251 3394 1396 3449 enim
1420 3392 1669 3461 voluptas
1701 3394 1790 3446 bic
1816 3394 2049 3460 capitur,

2155 3393 2355 3455 ἀδίκως
2378 3392 2671 3464 συμϐαίνῃ.
2723 3391 2789 3445 Ἦ
2824 3393 2932 3464 γὰρ
2980 3394 3045 3446 ὲκ
3079 3393 3283 3465 ταύτης
3316 3396 3481 3465 ἡδονὴ
3511 3396 3587 3446 ἐπ’
3613 3391 3701 3444 ὀλί-

476 3488 543 3539 ad
575 3489 734 3541 breve
770 3487 1003 3541 delectat
1044 3495 1293 3554 tempus,
1337 3484 1570 3538 dedecus
1601 3496 1753 3548 vero,
1788 3485 2050 3552 temporis

2156 3499 2251 3550 γον
2278 3482 2469 3553 χρόνον
2494 3481 2885 3551 εὐφραίνουσα,
2913 3483 3137 3537 αἰωνίαν
3160 3484 3429 3555 αἰσχύνην
3455 3486 3700 3554 προϊόντος

479 3579 664 3641 ductu,
696 3577 837 3647 parit
863 3576 1276 3645 sempiternum.

1236 3591 1276 3628 1.
2154 3573 2325 3626 τίκτει
2354 3571 2445 3624 τοῦ
2471 3572 2685 3642 χρόνου.

753 3703 1019 3761 CXXXV.
1049 3735 1120 3750 -—
1148 3705 1423 3762 HIERACI
1456 3704 1774 3761 DIACONO.
2488 3703 2655 3760 PAE'.
2688 3735 2759 3747 -—
2799 3704 3034 3760 [EPAKI
3067 3704 3390 3775 ΔΙΔΚΟΝῼ.

889 3796 1252 3852 Periculosum
1276 3815 1509 3865 peccare,
1541 3807 1590 3851 et
1621 3798 1818 3852 nescire
1846 3812 1899 3851 se
1934 3811 2167 3865 peccare.
2209 3795 2374 3868 (Vide
2400 3797 2476 3865 epi

1734 3798 1818 3849 :ire
1846 3812 1899 3851 se
1934 3811 2167 3865 peccare.
2209 3795 2374 3868 (Vide
2400 3797 2556 3865 epist.
2587 3795 2642 3859 8,
2678 3796 2746 3849 7i
2772 3805 2822 3849 et
2851 3794 2979 3859 159,
3009 3795 3136 3860 508,
3167 3793 3321 3861 404.)

551 3903 779 3970 Quando
812 3904 1080 3968 gravium,
1106 3918 1223 3972 qua:
1248 3905 1478 3974 agimus,
1507 3918 1682 3972 neque
1710 3903 1809 3972 ipsi
1833 3916 2053 3958 sensum

2179 3922 2189 3933 '
2243 3902 2458 3973 Ἐπειδὴ
2508 3902 2617 3955 τῶν
2656 3901 2866 3967 δεινῶν,
2911 3896 2987 3955 ὧν
3030 3902 3271 3971 δρῶμεν,
3318 3900 3566 3970 αἴσθησιν
3606 3894 3701 3950 οὐδ’

480 3992 749 4049 habemus
793 3993 865 4048 ob
912 3993 1294 4065 negligentiam
1346 4008 1697 4063 amoremque
1737 3994 1844 4061 sui,
1877 4006 2056 4061 neque

2159 3993 2315 4046 αὐτοὶ
2343 3992 2539 4062 ἔχομεν
2579 3991 2667 4046 διὰ
2691 3991 2964 4062 ῥαθυμίαν
2994 3992 3089 4045 καὶ
3124 3991 3435 4059 φιλαυτίαν,
3460 3990 3576 4045 οὔτε
3604 3984 3700 4040 ἑτέ·

480 4081 604 4135 aliis
641 4083 964 4149 praebemus,
988 4096 1057 4137 eo
1076 4083 1220 4151 quod
1247 4083 1418 4137 nihilo
1458 4082 1654 4138 melius
1681 4082 1759 4137 illi
1787 4096 1915 4151 erga
1949 4082 2053 4137 ista

2163 4100 2275 4153 ροις
2324 4082 2657 4154 παρέχομεν,
2705 4082 2795 4136 διὰ
2838 4083 2900 4135 τδ
2943 4082 3232 4145 κάκείνους
3283 4082 3457 4152 μηδὲν
3502 4081 3697 4150 ἄμεινον

482 4170 661 4226 alecti
697 4172 810 4227 sint
852 4174 1066 4242 negotia
1099 4190 1114 4226 :
1149 4174 1350 4229 idcirco
1370 4186 1468 4228 nos
1494 4172 1840 4228 rectevalere
1859 4172 2053 4250 opina;

2157 4172 2317 4243 ἡμῶν
2360 4172 2700 4237 διακεῖσθαι,
2738 4173 2829 4226 διά
2873 4172 3033 4226 τοῦτο
3079 4171 3396 4243 νομίζοντες
3442 4172 3694 4240 ὑγιαίνειν,

481 4277 624 4326 mur,
668 4271 843 4330 neque
898 4263 1138 4319 medicos
1192 4265 1514 4333 quaerimus,
1566 4278 1743 4334 neque
1796 4264 1977 4319 curari
2020 4279 2052 4318 a

2157 4262 2282 4317 οὔτε
2324 4264 2539 4335 ἰατροὺς
2570 4262 2958 4334 ἐπιζητοῦμεν,
3000 4264 3124 4317 οὔτε
3159 4263 3559 4335 θεραπευθῆναι
3591 4260 3695 4329 βου-

481 4354 672 4407 morbo
707 4362 1002 4422 optamus:
1042 4364 1099 4408 et
1153 4370 1222 4409 ne
1262 4355 1366 4410 hoc
1404 4355 1582 4424 ipsum
1625 4354 1872 4425 quidem,
1905 4355 2050 4425 quod

2109 4354 2376 4424 >λόμεθαο
2416 4353 2532 4408 ἀλλ’
2564 4354 2674 4408 οὐδ’
2703 4354 2835 4408 αὐτὸ
2861 4353 3055 4418 τοῦτο,
3083 4355 3167 4408 ὅτι
3212 4354 3497 4425 νοσοῦμεν,
3537 4354 3696 4419 ίσμεν·

479 4450 829 4509 :egrotamus,
849 4443 1232 4512 cognoscimus
1251 4461 1267 4507 ;
1291 4445 1433 4513 quod
1456 4460 1617 4514 supra
1635 4446 1852 4501 modum
1869 4455 1954 4501 est
1967 4445 2049 4501 in-

2152 4446 2292 4515 ὅπερ
2322 4445 2557 4516 ὲσχάτης
2591 4445 2743 4501 ἐστὶν
2785 4444 3155 4517 ἀναλγησίας,
3206 4444 3409 4515 μᾶλλον
3439 4446 3495 4499 δὲ
3521 4436 3698 4511 νεκρὼ-

479 4532 792 4588 sensibilem
823 4547 963 4595 esse,
990 4534 1121 4604 quin
1154 4545 1211 4589 et
1233 4535 1392 4605 quasi
1430 4545 1706 4592 mortuum
1735 4551 1879 4593 esse.
1982 4538 2048 4554 "‘
2157 4553 2317 4601 σεως.

832 4637 995 4710 594
1042 4638 1328 4696 cxxxvr.
1357 4670 1428 4682 —
1466 4640 1694 4697 EIDEM.

1670 4644 1694 4696 '.
2608 4646 2795 4713 ΡΑςν.
2831 4674 2902 4686 -
2936 4646 3026 4717 τᾳ
3057 4647 3257 4728 arra.

583 4728 868 4783 Peccatum
906 4745 1137 4798 penam,
1163 4732 1325 4785 virtus
1352 4734 1628 4802 premium
1663 4734 1846 4803 parit:
1873 4750 2031 4802 quam
2071 4735 2204 4790 illud
2250 4736 2576 4805 fugiendum,
2611 4736 2721 4791 lucc
2764 4737 3000 4792 colenda.
3032 4736 3269 4807 (Confer.
3315 4740 3467 4804 epist.
3500 4734 3605 4801 87.)

550 4838 743 4896 Omnis
810 4842 1132 4913 improbitas
1177 4858 1389 4913 ptenam
1447 4849 1709 4915 parturit,
1765 4857 1823 4903 ut
1880 4850 2050 4919 probe

2228 4851 2350 4903 Ὅτι
2386 4851 2485 4921 μὲν
2529 4854 2691 4906 παντὶ
2717 4853 2904 4924 τρόπῳ
2951 4855 3186 4927 πονηρία
3218 4859 3492 4928 τιμωρίαν
3515 4853 3694 4912 ὠδίνειν

481 4932 678 4986 novisti
713 4949 727 4987 :
760 4933 857 4987 sed
908 4948 1008 4989 nec
1055 4933 1183 4990 illud
1212 4943 1263 4990 te
1298 4936 1450 5007 fugit,
1483 4938 1811 5005 probitatem
1852 4951 2042 4995 contra

2156 4940 2300 5012 μάλα
2326 4941 2567 5010 ἀκριϐῶς
2592 4937 2766 4997 οῐσθα·
2796 4946 2879 4998 ὅτι
2908 4945 2965 4999 δὲ
2996 4947 3089 5001 καὶ
3128 4949 3162 5018 ἠ
3186 4948 3458 5020 ἀγαθότης
3479 4946 3552 5017 τῷ
3579 4942 3698 5010 ἄγαν

551 5089 595 5120 ²¹
640 5087 840 5158 Ephes.
876 5102 951 5154 tv,
990 5089 1061 5143 26
1086 5106 1102 5156 ;
1127 5091 1303 5147 Galat.
1348 5105 1397 5154 ν,
1423 5091 1525 5157 2ος
1552 5091 1761 5147 Coloss.
1797 5108 1876 5156 Ill,
1904 5094 1973 5159 8;
2009 5092 2125 5150 Jac.
2161 5110 2200 5161 ι,
2244 5096 2331 5151 19.

1584 5245 1817 5300 ΥΑΒΙᾹΞ
1854 5244 2233 5306 LECTIONES
2268 5250 2353 5305 ET
2392 5249 2623 5307 ΝΟΤΛΕ.

691 5397 815 5481 ξπ).
844 5397 1002 5481 σιγὴν
1032 5398 1190 5481 iidem
1213 5406 1421 5481 mutant
1526 5399 1612 5479 te:
1639 5400 1799 5481 ἠχὴν.
1824 5398 2051 5481 Possim.

2164 5406 2481 5481 ἑρμηνείας.
2524 5406 2756 5481 Elegans
2788 5422 2917 5481 vero
2941 5409 3166 5481 epistola
3206 5410 3453 5481 Gregorii
3498 5404 3692 5481 [iacian-

556 5466 669 5535 (to)
725 5468 801 5548 pe
850 5466 968 5548 hoc
1020 5468 1335 5548 charactere
1396 5466 1875 5548 LibaniiesStat,
1938 5473 2052 5548 sive
2160 5466 2365 5548 zeni'ad
2391 5466 2723 5548 Nicobnlﬁm,
2750 5478 2908 5545 cujus
2938 5466 3039 5535 hbe
3066 5466 3692 5543 ίοτοὶηἰιὶἶηηεραίερί·

489 5537 739 5605 anonymi
784 5546 885 5601 est,
934 5537 1192 5604 perbreve
1239 5548 1553 5605 syntagma,
1598 5546 1652 5605 et
1700 5540 1945 5604 quzedam
1986 5539 2054 5593 de
2160 5544 2325 5599 stolas
2359 5547 2615 5600 scribunt.
2659 5537 2896 5602 Sénoh'.

490 5602 731 5670 epistolis
759 5613 904 5660 recte
920 5602 1221 5660 scribendis
1242 5602 1293 5658 in
1324 5604 1591 5659 Demetrio
1611 5602 1891 5673 Phalereo,
1917 5608 2051 5678 Περὶ
