4020 6140
358 274 498 344 1405
1228 287 1764 349 EPISTOLARUM
1804 286 1931 347 LIB

2030 288 2063 347 ν.
2099 310 2160 322 -
2188 283 2427 346 EPIST.
2465 281 2775 344 CXXXIX.
3460 272 3599 340 1100

355 392 476 446 θεία
500 386 662 459 εἶναι,
689 393 725 464 ἢ
752 392 831 465 τῷ
862 394 1002 463 ἄγαν
1039 396 1121 460 είς
1162 398 1223 451 τὸ
1266 398 1421 452 Θεῖον
1460 400 1608 469 ἡμᾶς
1642 398 1816 466 ἄγειν,
1857 398 1924 451 τὰ

2030 414 2141 453 rem
2169 414 2293 454 esse
2335 397 2488 451 valde
2540 397 2776 451 divinam
2828 392 2894 447 ad
2938 391 3209 460 Deumque
3238 388 3596 443 adducentem

354 484 484 537 νοῦν
532 485 925 556 ὑπερϐαίνοντα
974 488 1147 543 τίκτει
1197 490 1372 560 γέρα·
1417 492 1511 545 καὶ
1553 490 1697 544 τοῦτ’
1748 485 1925 545 οἶσθα.

2030 504 2155 555 nos,
2189 498 2243 543 et
2267 488 2520 557 prtemia,
2560 476 2693 555 (μιαί
2717 498 2931 538 omnem
2967 490 3294 549 exsuperent
3341 494 3600 545 sensum,

355 573 565 629 Οὐκοῦν
591 574 690 648 τὴν
729 577 829 647 μὲν
872 577 1043 648 φεῦγε
1065 620 1080 644 ,
1115 581 1214 653 τὴν
1254 582 1312 635 δὲ
1341 583 1539 637 δίωκε·
1569 582 1664 637 καὶ
1710 582 1786 653 μὴ
1831 581 1929 651 τὴν

2030 594 2247 652 parare.
2272 579 2425 649 Illam
2454 579 2637 647 itaque
2672 575 2827 644 fuge;
2878 575 3016 627 hanc
3046 573 3101 626 in
3138 570 3328 640 primis
3362 578 3598 632 sectare,

354 668 503 751 θείαν
538 671 919 742 μακροθυμίαν
959 675 1220 746 ἀμέλειαν
1263 677 1420 746 ήγοῦ.
1453 677 1677 740 Πάντως
1707 677 1819 748 γὰρ
1849 677 1931 741 είς

2032 688 2097 729 ac
2156 670 2253 726 Dei
2300 667 2767 739 longanimitatem
2823 677 2955 719 cave
3002 661 3299 731 neglectum
3352 673 3473 712 esse
3512 658 3597 711 in-

354 750 536 831 κρίσιν
567 762 969 838 ἀκριϐεστάτην
1001 768 1245 840 προοίσει
1270 768 1339 824 τὰ
1367 768 1606 840 πρόόοτα
1634 768 1769 841 (Η).

2035 763 2371 830 terpreteris.
2427 757 2570 814 Oves
2615 756 2757 813 enim
2794 755 2847 810 in
2903 752 3163 824 judicium
3197 750 3598 806 severissimum

2036 851 2199 908 etiam
2222 850 2578 904 adducentur.

866 968 1031 1022 PAZ'.
1057 999 1129 1010 —
1147 970 1398 1042 ΠΑΥΛῼ.

2479 950 2789 1011 CXXXVII.
2816 980 2887 991 —
2910 947 3158 1006 PAULO.

360 1054 497 1123 Quid
523 1054 735 1124 «ὕπεισι
764 1059 945 1113 amicis
969 1070 1015 1113 et
1041 1061 1267 1116 inimicis
1307 1041 1650 1131 bene'facere.
1675 1061 1740 1115 In
1770 1060 1906 1113 illud
1931 1058 2124 1131 Matth.
2149 1071 2206 1131 ν3
2228 1053 2372 1131 48.}
2401 1050 2460 1105 Si
2501 1048 2721 1117 diligitis
2760 1061 2870 1108 eos,
2903 1044 2992 1114 qui
3021 1059 3104 1096 vos
3131 1041 3377 1111 diligunt,
3432 1055 3600 1095 nonne

1578 1141 1626 1185 et
1666 1131 1933 1199 publicani
1969 1131 2067 1183 hoc
2097 1123 2346 1197 faciunt?
2385 1140 2404 1173 ι

430 1250 605 1303 Καλὸν
671 1250 771 1321 μὲν
820 1252 881 1305 τὸ
926 1253 1052 1318 τοὺς
1098 1255 1283 1325 φίλους
1340 1258 1516 1309 ποιεῖν
1572 1250 1653 1309 εὖ·
1707 1255 1924 1309 κάλλιον

2101 1250 2307 1306 Amicis
2359 1244 2678 1302 benefacere
2719 1241 2999 1310 pulchrum
3031 1248 3144 1303 est,
3176 1235 3450 1306 pulchrius
3478 1250 3598 1290 om-

359 1340 414 1393 δὲ
444 1340 553 1410 (l2)
577 1341 637 1395 τὸ
659 1344 751 1399 καὶ
773 1345 979 1408 πάντας
1002 1324 1128 1411 τοὺς
1148 1347 1437 1418 δεομένους
1456 1365 1471 1380 ·
1500 1347 1561 1401 τὸ
1592 1347 1648 1400 δὲ
1678 1347 1772 1399 καὶ
1800 1346 1926 1409 τοὺς

2031 1337 2191 1391 nibus
2233 1332 2596 1402 indigentibus
2628 1347 2641 1383 :
2670 1329 2762 1383 sed
2812 1336 2868 1381 ct
2913 1328 2978 1380 de
3019 1325 3252 1379 inimicis
3292 1324 3421 1391 ipsis
3464 1324 3601 1377 bene

361 1430 618 1500 ἐχθροὺς,
653 1432 935 1488 κάλλιστον
958 1450 971 1463 ·
1014 1453 1033 1486 ι
1053 1434 1127 1488 Τὸ
1172 1413 1273 1505 μὲν
1303 1435 1411 1507 γὰρ
1439 1436 1534 1489 καὶ
1577 1434 1803 1490 τελῶναι
1835 1435 1931 1488 καὶ

2030 1426 2227 1482 mereri
2254 1422 2698 1494 pulcherrimum.
2745 1435 2764 1468 ι
2801 1417 2943 1470 Istud
2975 1416 3119 1470 enim
3149 1422 3201 1468 et
3236 1413 3509 1483 publicani
3546 1420 3601 1467 et

362 1518 562 1572 ἐθνικοὶ
585 1519 829 1590 ἀνύουσι,
857 1541 877 1576 ι
909 1523 971 1577 τὸ
993 1524 1050 1579 δὲ
1076 1525 1126 1577 οῖ
1148 1525 1225 1596 τῷ
1256 1506 1390 1597 θείῳν
1407 1526 1717 1597 πειθόμενοι
1746 1526 1927 1595 νόμῳ,

2030 1525 2213 1587 gentes
2241 1514 2480 1577 faciunt;
2504 1530 2522 1563 ι
2549 1510 2676 1564 illud
2699 1509 2885 1571 etiam,
2910 1508 2999 1575 qui
3033 1506 3122 1559 Dei
3144 1506 3313 1574 legem
3342 1514 3597 1571 servant;

358 1609 422 1662 τὸ
450 1610 508 1664 δὲ
543 1612 593 1665 οῖ
643 1612 858 1684 οὐρανῷ
901 1595 1218 1685 πρέπουσαν
1252 1595 1531 1673 πολιτείαν
1570 1595 1930 1689 πολιτευόμε-

2030 1607 2133 1663 hoc
2184 1605 2455 1674 denique,
2514 1601 2608 1672 qui
2672 1599 2811 1654 ctelo
2859 1598 3077 1665 dignam
3141 1598 3343 1650 ducunt
3406 1595 3598 1649 vitam.

358 1716 470 1804 νον
498 1701 610 1804 dum
642 1697 736 1757 οὖν
776 1703 998 1804 ἄγγελοι
1030 1707 1279 1804 νομίμως
1327 1707 1591 1778 βιούντων
1624 1686 1929 1779 ἀνθρώπων

2041 1700 2316 1766 Quantum
2346 1696 2510 1765 igitur
2539 1691 2769 1763 angelici
2794 1690 3020 1760 spiritus
3051 1686 3363 1742 hominibus
3392 1702 3459 1741 ex
3484 1686 3602 1756 lege

2070 1791 2082 1802 ι
2196 1789 2282 1804 -u,
2315 1802 2326 1804 -
2368 1792 2623 1804 ,-,--_-.__‘
2681 1790 2888 1804 .--ιη-..ι
2938 1788 2984 1804 ..ι
3025 1780 3079 1804 1.:
3115 1778 3412 1804 _..I-l:--n:-
3444 1784 3568 1804 ιιι-..Λ

358 1789 718 1862 διαφέρουσιν,
749 1794 998 1849 τοσοῦτον
1037 1791 1184 1850 οὗτοι
1223 1797 1330 1851 τῶν
1358 1797 1625 1852 τελωνῶν.
1661 1796 1928 1852 Τοσοῦτον

357 1882 464 1951 γὰρ
489 1881 867 1937 πλεονεκτοῦσι
886 1885 1111 1950 τούτων,
1134 1888 1256 1941 ὅσον
1282 1888 1505 1943 ἐκείνων
1530 1888 1828 1946 λείπονται.
1854 1889 1929 1941 Th

360 1971 460 2039 μὲν
481 1970 593 2042 γὰρ.
608 1972 830 2043 εὔλογόν
851 1977 989 2041 ἐστι,
1010 1976 1072 2030 τὸ
1093 1976 1151 2030 δὲ
1177 1977 1573 2050 φιλάνθρωπον,
1599 1980 1662 2032 τὸ
1687 1979 1743 2032 δὲ
1768 1979 1929 2048 λόγου

360 2066 622 2135 κρεῖττον.
649 2066 741 2137 Τῷ
764 2068 889 2131 τοὺς
914 2067 1013 2139 μὲν
1050 2068 1240 2138 φίλους
1268 2070 1599 2140 εὐεργετεῖν,
1637 2070 1671 2141 ἢ
1702 2071 1928 2141 εὐεργεεο

358 2155 661 2225 τήσαντας,
708 2157 742 2229 ἢ
789 2158 1346 2231 ἁντευεργετήσοντας
1379 2161 1475 2216 καὶ
1503 2160 1928 2232 ἀμειψομένους.

360 2246 498 2308 Τοὺς
533 2247 591 2300 δὲ
635 2248 727 2301 κα)⁵
761 2249 889 2313 τούς
917 2250 1213 2321 τυχόντας,
1261 2252 1323 2305 οὐ
1359 2251 1577 2313 πάντως
1608 2253 1927 2321 ἀντευποιή-

362 2352 576 2401 σοντας.
608 2339 746 2402 Τοὺς
764 2338 833 2411 δὲ)
851 2339 945 2393 καὶ
973 2340 1100 2404 τοὺς
1125 2341 1296 2396 κακόν
1324 2359 1378 2396 τι
1409 2342 1753 2405 διατιθέντας
1773 2383 1787 2407 ,
1814 2341 1928 2394 ἔσθ’

358 2427 445 2479 ὅτε
487 2428 544 2481 δὲ
579 2430 673 2482 καὶ
699 2431 825 2495 τοὺς
872 2428 1029 2496 αὖθις
1073 2432 1401 2502 βλάψοντας.
1438 2432 1630 2486 Πολλοὶ
1662 2433 1770 2504 γὰρ
1809 2431 1930 2485 οὐδὲ

359 2519 479 2581 ταῖς
543 2519 884 2590 εὐεργεσίαις
949 2522 1207 2592 ἀμείνους
1256 2522 1518 2590 γίνονται,
1578 2522 1675 2576 τοῦ
1731 2523 1929 2591 φθόνου

359 2612 583 2678 αὐτοὺς,
616 2613 677 2666 οὐ
709 2631 850 2685 φημι
887 2616 967 2679 είς
1011 2616 1110 2688 τὴν
1149 2616 1258 2669 τῶν
1295 2615 1519 2686 θηρίων,
1551 2616 1699 2687 (εἰσὶ
1733 2615 1840 2686 γὰρ
1872 2616 1931 2670 ἐν

360 2702 544 2765 αὐτοῖς
576 2704 671 2756 καὶ⁸
713 2705 968 2759 εὐποιιῶν
996 2705 1265 2774 ἀμοιϐαὶ)
1292 2706 1408 2759 ἀλλ’
1440 2708 1520 2770 είς
1551 2707 1649 2776 τὴν
1681 2706 1789 2759 τῶν
1817 2706 1932 2760 δαι-

364 2791 540 2861 μόνων
578 2795 970 2865 καταλέγοντος
1000 2796 1231 2867 πληθὺν,
1271 2797 1370 2867 τὴν
1397 2800 1570 2850 ποιεῖν
1611 2797 1710 2867 μὲν
1748 2796 1934 2867 βουλο-

364 2880 534 2953 μένην
575 2884 728 2938 οὐδὲν
770 2886 1079 2953 κάλλιστον,
1125 2884 1264 2940 ἀλλὰ
1303 2885 1400 2939 καὶ
1438 2889 1549 2950 τοῖς
1581 2886 1931 2956 βουλομένοις

360 2972 782 3041 ἐμποδίζουσαν.

546 3262 721 3317 PAH'.
761 3292 833 3304 -—
868 3262 1211 3334 ΔΘΑΝΑΣῘῼ
1249 3260 1721 3333 ΠΡΕΣΒΥΤΕΡῼ.

2031 1789 2336 1845 viventibus
2365 1792 2647 1856 praestant,
2681 1790 2889 1836 tantum
2935 1788 2990 1835 et
3025 1780 3079 1834 hi
3115 1778 3414 1856 publicanis
3444 1784 3599 1831 ante-

2033 1880 2253 1936 cellunt.
2277 1877 2452 1931 Tanto
2470 1875 2615 1930 enim
2647 1873 2732 1927 his
2755 1871 3065 1942 superiores
3092 1868 3398 1930 exsistunt,
3429 1881 3602 1937 quan-

2034 1979 2146 2026 tum
2171 1970 2239 2024 ab
2260 1966 2464 2037 angelis
2484 1973 2830 2035 superantur.
2852 1961 3057 2015 Amicis
3080 1960 3345 2029 siquidem
3374 1957 3601 2026 benigne

2032 2075 2218 2134 agere,
2240 2072 2294 2115 et
2314 2060 2423 2124 his,
2447 2057 2536 2128 qui
2560 2059 2625 2111 de
2646 2070 2705 2110 se
2726 2055 2862 2109 bene
2890 2060 3018 2108 sunt
3040 2050 3239 2117 meriti,
3262 2058 3316 2104 et
3341 2048 3601 2104 beneﬁcia

2033 2151 2417 2224 reponentibus
2482 2161 2546 2202 ac
2611 2142 3082 2200 remunerautibus
3142 2139 3499 2205 benefacere;
3547 2137 3602 2191 id

2035 2242 2231 2300 rationi
2264 2250 2340 2296 est
2371 2245 2817 2295 consentaneum.
2848 2232 3036 2288 Obviis
3064 2240 3242 2286 autem
3267 2231 3595 2299 quibusque,

2031 2332 2245 2390 etiamsi
2273 2331 2508 2386 vicissim
2529 2326 2788 2383 beneficia
2820 2339 2924 2378 non
2951 2330 3235 2393 reponant,
3263 2318 3602 2382 benefacere,

2033 2423 2086 2478 id
2136 2423 2450 2476 humanum.
2507 2415 2706 2469 Malum
2764 2412 2999 2481 denique
3058 2425 3153 2480 pro
3206 2408 3470 2473 beneficio
3522 2420 3604 2460 re-

2034 2510 2380 2582 ponentibus,
2418 2508 2527 2561 imo
2574 2502 2892 2559 laedentibus
2943 2501 3129 2562 etiam,
3176 2498 3405 2567 benigne
3426 2495 3605 2550 facere

2035 2603 2137 2657 hoc
2164 2599 2358 2668 majus,
2402 2611 2564 2665 quam
2599 2602 2657 2647 ut
2699 2592 2930 2663 exprimi
2964 2591 3214 2646 oratione
3244 2597 3427 2659 queat.
3455 2586 3602 2639 Multi

2032 2693 2178 2748 enim
2211 2690 2489 2746 beneficiis
2524 2702 2629 2741 non
2672 2686 2805 2739 fiunt
2850 2683 3134 2747 meliores,
3162 2681 3255 2735 sed
3285 2678 3486 2732 invidia
3524 2677 3605 2744 ip-

2034 2799 2125 2841 sos
2176 2796 2286 2837 non
2329 2781 2511 2836 dicam
2559 2776 2855 2833 bestiarum
2904 2773 3048 2843 (nam
3089 2779 3144 2824 et
3188 2770 3269 2823 ha:
3324 2766 3604 2820 benefacta

2034 2872 2304 2929 interdum
2336 2864 2714 2937 reposuerunt)
2754 2865 2849 2919 sed
2886 2863 3189 2915 daemonum
3240 2869 3463 2909 numero
3507 2869 3604 2921 ag-

2035 2960 2339 3033 gregandos
2389 2970 2583 3011 censeo
2628 2971 2642 3008 :
2685 2952 2775 3022 qui
2832 2953 3106 3005 dmmones
3178 2947 3309 3000 nihil
3375 2946 3606 3012 benigne

1956 3081 2001 3139 ο
2037 3060 2235 3107 norunt
2284 3049 2483 3110 facere,
2536 3044 2645 3097 imo
2703 3048 2848 3096 recte
2904 3052 3067 3108 agere
3110 3045 3458 3106 satagentes,
3496 3046 3602 3120 qua

2037 3151 2281 3215 possunt,
2310 3148 2515 3194 tantum
2550 3134 2868 3205 impediunt.

2149 3246 2475 3305 CXXXVIII.
2491 3274 2559 3285 —-—
2583 3237 2973 3297 ATHANASIO
3016 3233 3497 3291 PRESBYTERO.

1016 3376 1035 3409 ι
1089 3357 1243 3413 Beati
1279 3359 1427 3423 estis,
1456 3374 1574 3411 cum
1609 3353 1976 3411 maledizerint
2014 3349 2155 3404 vobis
2199 3345 2456 3398 homines.
2487 3360 2504 3393 ι
2539 3338 2756 3410 (Matth.
2796 3347 2850 3400 Vt
2879 3335 2992 3405 ll.)

444 3488 502 3540 '0
534 3488 806 3555 Δεσπότης
854 3485 1090 3555 Χριστὸς
1134 3486 1438 3557 ἐμακάρισε
1485 3488 1612 3548 τοὺς
1659 3485 1726 3539 δι’
1770 3484 1931 3539 αὐτὸν

363 3575 695 3640 ἀκούσαντας
746 3577 883 3647 ῥητά
929 3592 990 3628 τε
1033 3577 1128 3629 κα)⁵
1169 3576 1382 3647 ἄρρητα
1404 3617 1418 3642 ,
1449 3577 1500 3629 εί
1532 3575 1853 3645 ψευδόμενοι
1882 3576 1931 3627 οί

363 3668 674 3738 ἐλέγχοντες
694 3668 890 3722 ἁλοῖεν.
928 3667 1048 3738 Χρὴ
1071 3664 1165 3720 οὖν
1188 3667 1405 3733 εἰδέναι,
1432 3668 1515 3720 ὅτι
1539 3666 1748 3735 ἁμφότε
1759 3682 1828 3735 ρα
1853 3665 1934 3717 δεῖ

363 3760 643 3827 προσεῖναι
670 3756 748 3826 τῷ
778 3756 914 3825 πρὸς
941 3758 1038 3826 τὴν
1078 3757 1385 3828 ἀκροτάτην
1420 3756 1798 3827 μακαριότητα
1821 3756 1930 3823 ὰφ-

368 3847 619 3915 ιξομένῳ,
650 3847 744 3898 καὶ
767 3844 829 3898 τδ
851 3845 916 3897 δι’
938 3846 1098 3899 αὐτὸν
1122 3850 1375 3918 πάσχειν,
1397 3847 1492 3899 καὶ
1519 3847 1580 3898 τὸ
1598 3846 1769 3915 ψευδῆ
1792 3842 1931 3898 εἶναι

364 3939 433 3992 τὰ
467 3938 754 4007 λεγόμενα,
794 3938 883 4000 '0;
924 3937 990 3992 ἂν
1017 3938 1129 4009 (15)
1176 3939 1251 4009 μὴ
1294 3938 1505 4007 θατέρῳ
1537 3940 1714 4007 προσῇ
1747 3936 1844 3989 καὶ
1871 3935 1933 3987 τὸ

363 4030 572 4099 ἕτερον,
616 4028 678 4081 οὐ
702 4026 953 4081 τοσοῦτον
980 4027 1197 4096 ὠφελεῖ·
1228 4027 1429 4097 ὠφελεῖ
1469 4027 1568 4097 μὲν
1600 4026 1730 4098 γὰρ,
1770 4026 1832 4079 ού
1860 4041 1945 4077 το-

364 4120 554 4172 σοῦτον
602 4118 681 4171 δέ.
732 4118 858 4171 Εἴτε
906 4118 1012 4188 γὰρ
1056 4118 1125 4170 δι’
1166 4117 1329 4172 αὐτὸν
1370 4119 1672 4187 πάσχοντες
1728 4117 1936 4187 τάληθῆ

362 4210 679 4280 ἀκούοιμεν,
740 4209 998 4280 ἐρυθριᾷ-ι
1038 4209 1276 4279 ἀνάγκησ
1335 4210 1463 4263 καθ’
1504 4210 1563 4264 ἒν
1608 4210 1717 4281 γὰρ
1772 4209 1937 4278 μέρος

2107 3474 2357 3529 Christus
2382 3471 2645 3523 Dominus
2678 3466 2864 3522 beatos
2879 3464 3139 3533 prazdicat
3162 3461 3249 3529 qui
3293 3461 3607 3529 propterip-

2038 3581 2155 3624 sum
2174 3565 2423 3621 audirent
2446 3560 2691 3623 dicenda,
2727 3568 2782 3612 et
2812 3555 3197 3617 noudicenda;
3225 3553 3268 3605 si
3302 3553 3391 3621 qui
3423 3565 3608 3621 repre-

2041 3657 2315 3719 hendunt,
2365 3652 2574 3707 mentiti
2611 3664 2733 3703 esse
2776 3645 3271 3715 deprehendantur.
3313 3643 3605 3697 Sciendum

2038 3751 2220 3814 itaque
2249 3749 2356 3801 duo
2386 3746 2577 3798 adesse
2606 3749 2873 3810 oportere
2897 3778 2914 3801 ,
2947 3748 3004 3790 ut
3034 3751 3241 3789 summe
3268 3736 3456 3789 beatus
3487 3735 3609 3803 quis

2037 3838 2391 3907 praedicetur;
2427 3848 2547 3888 cum
2596 3842 2654 3886 ut
2691 3840 2912 3899 propter
2952 3829 3226 3883 Christum
3257 3828 3517 3896 patiatur,
3551 3836 3608 3880 et

2036 3928 2235 3981 falsum
2266 3924 2373 3987 sit,
2404 3921 2546 3991 quod
2596 3920 2891 3988 imponitur
2918 3934 2936 3974 :
2968 3925 3029 3972 ut
3055 3918 3102 3971 si
3133 3915 3362 3970 alterum
3385 3915 3606 3983 quidem

2035 4018 2201 4081 adsit,
2230 4013 2374 4069 absit
2411 4026 2541 4066 vero
2570 4008 2797 4063 alterum
2819 4046 2835 4073 ,
2881 4023 2988 4062 non
3022 4006 3157 4060 adeo
3189 4004 3379 4074 prosit,
3435 4004 3609 4072 prosit

2038 4119 2250 4173 tamen,
2302 4103 2397 4161 sed
2441 4117 2547 4158 non
2593 4107 2825 4154 tantum.
2868 4096 2998 4153 Sive
3050 4097 3195 4151 enim
3243 4110 3342 4163 pro
3390 4094 3608 4151 Christo

2034 4195 2303 4263 patientes
2356 4192 2495 4247 bene
2548 4188 2884 4244 audierimus
2913 4225 2931 4252 ,
2984 4198 3212 4241 necesse
3264 4194 3349 4239 est
3408 4186 3609 4240 rubore

363 4273 786 4373 εὐδοκιμοῦντες.
817 4273 961 4355 κατα
993 4301 1054 4354 τὸ
1079 4273 1266 4373 ἕτερον
1294 4273 1661 4373 ἐλεγχόμεθα.
1686 4273 1931 4368 Ἐἴτε-μὴ

2031 4282 2268 4339 ευιῐυηᾱὶ
2294 4295 2363 4336 ex
2396 4278 2503 4335 una
2528 4278 2743 4355 quidem
2791 4284 2942 4346 parte
2968 4273 3123 4345 probi
3150 4273 3502 4335 exsistentes,
3538 4286 3607 4325 ex
3634 4341 3637 4344 γ

361 4395 427 4447 δι’
453 4364 618 4447 αὐτὸν
640 4393 759 4463 μὲν,
784 4392 854 4446 τὰ
871 4391 1041 4463 ψευδῆ
1062 4393 1139 4459 δὲ,
1164 4364 1455 4463 ύπομονῆςν
1468 4364 1567 4463 μὲν
1591 4364 1931 4461 κομιούμεθα

2034 4373 2205 4427 altera
2252 4384 2384 4426 vero
2425 4369 2575 4437 juste
2640 4365 2976 4435 reprehensi.
3036 4364 3165 4420 Sive
3220 4376 3327 4416 non
3387 4370 3609 4429 propter

1898 4471 1926 4497 τ

366 4485 578 4554 μισθὸν,
607 4484 670 4537 οὐ
699 4483 808 4555 μὴν
832 4482 927 4536 τοῦ
959 4484 1132 4554 ἄκρου
1171 4483 1433 4555 τύχοιμεν
1467 4479 1844 4553 μακαρισμοῦο
1868 4479 1930 4533 οὐ

363 4576 621 4647 τύχοιμεν
647 4574 736 4640 ἂν,
764 4574 815 4628 εἰ
841 4575 1133 4648 ἀμφότερα
1160 4575 1479 4646 συνδράμοι.

734 4844 901 4900 me.
936 4872 1010 4885 —
1036 4844 1204 4914 ΗΛΙᾼ
1234 4841 1554 4912 ΔΙΑΚΟΝῼ.

1963 4434 2008 4489 D
2035 4461 2310 4517 Christum
2340 4434 2585 4529 quidem,
2621 4434 2716 4513 sed
2754 4456 2893 4525 falso
2928 4455 3091 4527 [male
3122 4451 3428 4524 audiamus]
3475 4454 3606 4506 tole-

2037 4550 2226 4605 rantia:
2273 4549 2553 4619 praemium
2608 4548 2921 4616 capiemus,
2999 4562 3105 4601 non
3152 4554 3328 4602 tamen
3383 4559 3608 4601 summa:

2038 4638 2331 4709 participes
2384 4639 2734 4695 beatitudinis
2771 4639 2974 4693 erimus
3009 4654 3024 4702 ;
3059 4651 3219 4706 quam
3253 4645 3365 4689 tum
3390 4638 3606 4689 demum

2040 4744 2456 4799 consequemur,
2484 4745 2607 4784 cum
2644 4739 2874 4799 utraque
2902 4728 3297 4784 concurrerint.

2210 4836 2370 4908 595
2419 4836 2796 4892 CXXXIX.—
2835 4835 3065 4890 IIELLE
3117 4831 3439 4889 DIACONO.

1114 4933 1432 5000 Spectando,
1462 4942 1516 4984 ut
1548 4929 1767 5000 agendo,
1793 4929 2016 4996 peccari.
2050 4927 2289 4998 (Confer.
2317 4930 2464 4996 epist.
2498 4928 2584 4993 I7,
2607 4928 2696 4991 46,
2724 4926 2840 4995 65.)

437 5042 501 5095 Ei
528 5042 629 5111 μὲν
653 5043 760 5094 τῶν
800 5041 1152 5112 προπυλαίων
1182 5042 1382 5105 μόνων,
1422 5040 1518 5094 καὶ
1558 5040 1634 5111 μὴ
1672 5038 1778 5092 τῶν
1807 5038 1934 5091 ἀδύ-

2117 5040 2171 5094 Si
2227 5038 2486 5093 vestibula
2543 5038 2805 5092 duntaxat
2856 5046 2910 5091 et
2954 5052 3057 5091 non
3120 5037 3276 5105 adyta
3324 5051 3608 5091 sacrorum

1458 5192 1694 5250 VARUE
1730 5192 2110 5250 LECTIONES
2138 5194 2226 5248 ET
2253 5193 2486 5249 ΝΟΤᾸΕ.

436 5352 547 5423 (Η)
582 5352 686 5407 Pro
728 5353 831 5416 his,
883 5352 1125 5423 προοίσει
1158 5353 1225 5423 τὰ
1256 5351 1524 5423 πρόὸατα,
1577 5348 1696 5402 cod.
1742 5350 1843 5423 Alt.
1884 5351 1933 5401 in

365 5419 615 5477 contextu
652 5422 834 5485 habet,
884 5419 1022 5475 οἴσει
1075 5422 1183 5491 πρὸ
1213 5421 1280 5472 τὰ
1306 5419 1632 5491 πράγματα,
1664 5419 1755 5471 sed
1781 5420 1930 5491 [idem

368 5493 416 5543 in
464 5492 702 5560 margine
754 5491 970 5556 scribit,
1018 5487 1260 5560 προοίσει
1307 5487 1377 5560 τὰ
1428 5487 1746 5556 πράγματα.
1795 5487 1927 5541 Cod.

371 5561 488 5612 Vat.
522 5558 624 5614 650
663 5574 784 5612 cum
821 5560 970 5612 edito
1003 5558 1288 5612 consentit.
1329 5558 1541 5611 Possm.

442 5628 555 5698 (12)
596 5627 654 5683 In
692 5630 953 5697 elegantis
983 5628 1223 5699 epistola:
1268 5628 1421 5681 initio
1459 5627 1540 5681 sic
1585 5626 1923 5695 interpungo,

2042 5352 2212 5401 ποιεῖν
2246 5344 2324 5401 εὖ·
2356 5347 2570 5399 κάλλιον
2598 5346 2750 5414 δέ.ΙΙιι
2788 5356 3027 5399 extrema
3063 5361 3191 5399 vero
3222 5347 3320 5408 sic,
3363 5347 3469 5398 εἰσὶ
3500 5336 3603 5413 γὰρ

2039 5420 2097 5469 ἐν
2127 5420 2309 5481 αὐτοῖς
2342 5419 2466 5484 (leg.
2491 5435 2549 5469 τε
2577 5416 2799 5485 νυΙγκαὶ)
2828 5416 3061 5485 εὐποιῶν
3087 5416 3330 5485 ἁμοιϐαί.
3364 5416 3601 5469 ὃςιιοττ.

2108 5488 2220 5549 (15)
2262 5486 2402 5539 Inter
2430 5486 2503 5549 ὡς
2532 5496 2585 5542 ct
2621 5484 2696 5555 μὴ
2731 5486 2918 5541 ιοΙΙυιιι
2944 5484 3009 5538 ἂν
3050 5484 3205 5541 codd.
3252 5485 3373 5540 Vat.
3409 5485 3511 5538 650
3547 5494 3600 5540 et

2035 5558 2139 5610 Alt.
2182 5555 2387 5610 Possm.
