4020 6140
452 222 585 289 1407

1644 225 1703 283 S.
1746 224 2035 284 ISIDORI
2076 223 2514 283 PELUSIOT/B

3564 216 3699 283 1408

448 332 663 388 foeditas
713 333 1044 403 attingeret,
1091 332 1267 387 curari
1319 332 1547 389 fortasse
1596 334 1794 388 malum
1840 345 2023 402 queat.

2138 351 2238 387 των
2267 335 2472 403 ἥπτετο
2514 335 2543 387 ὁ
2590 333 2884 404 μολυσμὸς,
2917 331 3067 402 ἴσως]
3103 332 3170 387 ἀν
3213 327 3455 403 ίατδνιῆν
3486 332 3550 385 τὸ
3605 334 3704 386 πά-

447 425 503 479 Si
554 439 683 478 vero
726 424 961 477 animum
1006 436 1069 475 ea
1104 423 1404 491 contingat;
1448 437 1682 479 nemose
1718 424 1833 492 ipse
1855 423 2024 477 fallat.

446 513 600 579 Quod
654 514 698 569 si
757 514 880 583 quis
932 513 1128 567 dixerit
1173 513 1416 570 homines
1466 515 1894 570 circumveniens
1963 529 2028 569 ac

446 605 724 673 decipiens
753 621 768 657 :
804 622 824 655 ι
855 602 1021 658 Nemo
1066 605 1419 659 coronabitur
1443 648 1458 671 ,
1503 606 1607 660 nisi
1638 606 1730 674 qui
1778 606 2025 675 legitime

450 692 746 745 certaverit
801 693 880 757 “,
927 710 947 744 ι
1012 703 1161 747 ratus
1214 693 1510 762 legitimum
1567 709 1690 750 esse
1746 704 2020 749 certamen

2137 423 2249 487 θος.
2320 423 2384 477 El
2415 424 2473 477 δὲ
2534 425 2705 496 αὐτῆς
2773 424 3111 479 καθάπτεται
3175 424 3279 493 τῆς
3337 423 3516 493 ψυχῆς
3538 462 3555 487 ο
3631 425 3701 493 μὴ

2132 511 2361 575 ἕκαστος
2392 512 2583 565 ἑαυτὸν
2618 512 3090 583 παραλογιζέσθω.
3134 511 3198 565 El
3224 512 3282 565 δὲ
3326 512 3460 581 φαίη
3494 528 3583 573 τις
3611 512 3700 563 ἀν-

2132 601 2383 670 θρώπους
2411 604 2658 656 ἀπατῶν·
2706 621 2724 654 ι
2754 603 2941 667 Οὐδεὶς
2972 601 3334 673 στεφανοῦται
3365 601 3415 653 εί
3445 600 3521 671 μὴ
3550 600 3703 669 νομί-

2133 705 2249 757 μως
2285 688 2520 759 ἀθλήσῃ,
2562 707 2583 743 ι
2660 689 2889 761 νόμιμον
2917 690 3098 760 πάλην
3153 686 3292 743 εἶναι
3342 688 3581 757 νομίζων
3608 686 3703 755 τὴν

450 779 657 844 videre,
682 782 807 834 dum
828 781 896 835 ab
918 782 1128 850 agendo
1159 784 1448 848 abstineat,
1482 784 1629 839 disce
1657 784 2018 839 certaminum

2138 778 2271 843 iéav,
2302 780 2351 831 εί
2375 780 2475 847 τῆς
2524 778 2778 850 πράξεως
2816 780 3109 850 ἀπόσχοιτο
3131 795 3146 810 ο
3197 777 3539 849 μανθανέτω,
3574 776 3703 828 ὅτιὸ

461 868 846 924 instructorem
913 871 1182 939 indicere,
1237 888 1302 927 ac
1362 875 1727 929 munerarium
1767 874 2019 928 dixisse:

462 976 481 1008 ι
519 957 619 1023 Qui
668 960 866 1014 viderit
900 961 1180 1017 mulierem
1226 964 1292 1016 ad
1334 964 1826 1032 concupiscendum
1868 977 2025 1025 eam,

445 1044 557 1114 jam
589 1048 890 1103 moechatus
918 1058 1000 1104 est
1029 1051 1081 1104 in
1111 1054 1273 1107 corde
1303 1068 1400 1107 suo
1420 1053 1486 1106 ".
1520 1070 1541 1106 ι
1568 1052 1901 1123 Legitimqu
1923 1052 2028 1105 ita-

450 1152 556 1205 que
606 1150 880 1195 certamen
941 1151 1057 1206 est,
1132 1158 1237 1197 non
1285 1144 1425 1212 quod
1483 1146 1712 1215 quisque
1767 1158 1865 1213 pro
1928 1156 2026 1196 sua

454 1228 774 1297 negligentia
819 1239 911 1284 aut
943 1233 1360 1301 praesumptione
1403 1233 1618 1302 statuit,
1653 1234 1747 1289 sed
1778 1233 1919 1303 quod
1962 1232 2031 1287 ab

453 1317 768 1388 incorrupto
793 1328 874 1375 est
894 1320 1075 1389 judice
1104 1324 1540 1391 prmordinatum.

645 1430 801 1486 CXL.
835 1462 905 1471 —
932 1430 1303 1486 TIIEODORO
1356 1430 1846 1487 SCIIOLASTICO.

2130 867 2482 938 ἀγωνοθέτης
2530 870 2626 922 καὶ
2653 869 2845 940 κριτὴς
2873 869 2980 923 τῶν
3011 868 3269 923 τοιούτων
3316 866 3705 937 παλαισμάτων

2125 951 2296 1010 εἶπεν.
2338 976 2357 1008 ι
2410 958 2467 1010 '0
2512 958 2726 1028 βλέπων
2776 961 3011 1026 γυναῖκα
3045 957 3183 1028 πρὸς
3225 957 3286 1010 τὸ
3326 955 3691 1025 ἐπιθυμῆσαι,

2128 1046 2230 1117 ἤδη
2284 1046 2602 1117 ἐμοίχευσεν
2656 1049 2828 1119 αὐτὴν
2853 1049 2911 1103 ὲν
2943 1051 3010 1120 τῇ
3040 1050 3240 1120 καρδία
3264 1046 3451 1102 αὐτοῦ.
3485 1063 3504 1096 ι
3536 1045 3704 1114 Νόμι-

2138 1158 2238 1211 μος
2288 1137 2381 1195 οὖν
2415 1144 2530 1196 ἐστι
2573 1142 2742 1212 πάλη,
2788 1143 2885 1214 οὐχ
2935 1144 2970 1211 ή
3014 1142 3169 1213 παρὰ
3200 1142 3299 1213 τῆς
3348 1140 3585 1193 ἑκάστου
3614 1140 3704 1207 ρᾳ-

2136 1228 2334 1300 θυμίας
2363 1231 2457 1284 καὶ
2502 1231 2843 1303 προλήψεως,
2875 1232 2991 1287 ἀλλ’
3025 1235 3058 1304 ή
3091 1231 3243 1304 παρά
3284 1228 3381 1285 τοῦ
3408 1229 3699 1284 ἀδεκάστου

2135 1322 2324 1391 κριτοῦ
2351 1322 2837 1395 θεσμοθετηθεῖσα.

2382 1432 2517 1484 ΡΜ’.
2562 1463 2630 1472 -
2678 1432 2981 1503 ΘΕΟΔΩΡῼ
3009 1431 3465 1503 ΣΧΟΛΑΣΤΙΚῼ.

467 1516 603 1574 Vitia
631 1534 835 1577 natura:
874 1533 921 1576 et
970 1523 1134 1575 animi
1165 1522 1286 1575 bene
1322 1521 1733 1591 distinguenda;
1765 1521 1880 1643 Ιιίῖἒ
1916 1516 2434 1653 ζαῖἒῖἱιιιμῖζὲυῗια,
2467 1518 2558 1572 illa
2599 1537 2701 1574 non
2746 1522 2892 1575 item.
2931 1520 3008 1574 De
3057 1518 3271 1576 Eusebii
3312 1521 3473 1575 vitiis.
3506 1519 3700 1590 (Epist.

1905 1604 1931 1641 e
2100 1626 2114 1649 ,
2144 1602 2215 1638 im
2245 1603 2259 1638 ι
2305 1627 2316 1639 .

1905 1602 1953 1641 et
1991 1602 2114 1649 101,
2144 1602 2316 1639 tuum.

529 1693 776 1765 lgnorare
795 1697 924 1750 mihi
950 1697 1149 1751 videris
1176 1712 1294 1766 qua:
1321 1697 1495 1761 laude,
1516 1710 1703 1765 quave
1733 1695 1841 1749 sint
1869 1695 2024 1763 digna
2058 1676 2103 1735 Β

458 1787 899 1855 vituperatione,
956 1798 1346 1856 proptereaque
1430 1798 1608 1841 mente
1692 1784 2027 1839 conturbari.

462 1878 825 1933 lnvoluntaria
882 1878 1027 1932 enim
1086 1878 1403 1933 voluntariis
1454 1878 1764 1947 dissipans,
1820 1875 2030 1945 negotia

462 1972 575 2036 ipse
601 1980 689 2023 tua
722 1970 1079 2024 conturbasti.
1113 1970 1265 2036 Quod
1326 1970 1468 2024 enim
1517 1970 1711 2024 scribis
1740 1967 2030 2022 Eusebium

464 2058 876 2114 homuncionem
924 2074 1070 2125 esse,
1122 2075 1350 2128 corpore
1398 2060 1671 2129 pusillum,
1717 2058 1853 2112 faeie
1901 2071 2031 2112 vero

462 2154 779 2221 deformem,
814 2154 993 2223 lingua
1024 2166 1202 2210 autem
1228 2155 1539 2219 barbarum,
1566 2156 1647 2210 vel
1673 2157 1783 2223 ipsa
1808 2154 2033 2210 veritate

460 2243 662 2312 judice,
705 2245 837 2299 vitio
875 2246 1110 2300 dandum
1168 2261 1274 2300 non
1298 2249 1417 2300 'est.
1465 2246 1557 2299 Illa
1606 2248 1750 2302 enim
1780 2264 1809 2300 a
1841 2257 2031 2301 natura

466 2346 639 2389 sunt:
678 2336 904 2390 alterum
943 2337 1011 2390 ab
1062 2338 1434 2403 institutione;
1470 2340 1685 2393 tertium
1708 2340 1872 2403 enim,
1912 2342 2033 2393 bar-

466 2427 617 2481 barie
644 2429 863 2481 mistum
896 2443 1017 2482 esse
1067 2443 1396 2492 sermonem,
1444 2431 1636 2497 linguae
1679 2446 1798 2485 esse
1822 2440 2034 2486 constat

466 2512 855 2582 incompositae.
904 2516 971 2566 At
1028 2515 1104 2567 ira
1154 2515 1421 2580 ferinum,
1467 2517 1651 2570 virtuti
1713 2518 2029 2581 inimicum,

470 2601 792 2670 tnalitia'quc
837 2604 1079 2667 socium,
1132 2603 1301 2657 bonos
1342 2604 1646 2673 profligare,
1700 2606 1871 2659 malos
1908 2622 2034 2661 vero

471 2693 719 2759 incitare,
767 2693 868 2748 hoc
908 2710 1095 2748 revera
1122 2695 1260 2749 male
1298 2695 1365 2747 ab
1389 2695 1475 2750 illo
1518 2696 1741 2766 geritur,
1772 2698 2035 2766 veniaque

467 2793 553 2836 est
602 2784 901 2853 indignum.
957 2786 1176 2840 Discens
1226 2788 1405 2855 itaque
1434 2788 1563 2858 qttid
1603 2789 2032 2858 vituperandum,

470 2873 596 2939 quid
626 2883 818 2940 contra.
839 2875 1160 2928 laudandum
1191 2876 1300 2939 sit,
1346 2893 1451 2931 non
1500 2879 1871 2948 imprudenter
1901 2894 2033 2935 sane

470 2964 525 3019 in
553 2964 715 3019 alium
745 2966 992 3021 incurres
1025 2976 1190 3035 atque
1221 2968 1468 3025 invades.

919 3161 1095 3215 CXLI.
1132 3191 1199 3201 -—
1227 3162 1569 3218 DIONYSIO.

2204 1692 2427 1758 Ἔοικας
2474 1694 2689 1763 ἀγνοεῖν
2730 1697 2824 1751 καὶ
2873 1695 2943 1750 τὰ
2989 1697 3156 1766 ψόγου
3212 1698 3307 1752 καλ⁸
3356 1699 3427 1752 τὰ
3481 1699 3700 1753 ἐπαίνου

2130 1780 2276 1849 ἄξια,
2312 1784 2404 1836 καὶ
2455 1782 2541 1837 διά
2593 1783 2751 1837 τοῦτο
2803 1786 3117 1857 συγχύσεως
3169 1788 3588 1859 ἐμπεπληκέναι
3619 1789 3703 1841 τὸν

2130 1872 2308 1941 λόγον.
2345 1873 2425 1926 Τὰ
2473 1873 2582 1944 γὰρ
2617 1874 2893 1945 ἀϐούλητα
2951 1879 3064 1939 τοῖς
3122 1878 3390 1941 ἑκουσίοις
3445 1880 3702 1950 κεράσας,

2134 1963 2445 2033 συγχύσεως
2482 1964 2682 2035 πολλῆς
2712 1965 2839 2033 τόγε
2868 1958 3067 2019 σαυτού
3104 1967 3273 2037 μέρος
3304 1969 3373 2020 τὰ
3404 1968 3700 2038 πράγματα

2132 2052 2451 2124 ἐνέπλησας.
2486 2053 2560 2109 Τὸ
2605 2056 2705 2126 μὲν
2749 2054 2858 2126 γάρ
2891 2051 3033 2110 εἶναι
3090 2058 3366 2127 Εὑσέϐιον,
3421 2061 3500 2123 ὡς
3554 2062 3701 2132 ἔφης,

2131 2144 2462 2216 ἀνθρώπιον,
2518 2146 2716 2219 μικρὸν
2760 2146 2860 2217 μὲν
2899 2146 2961 2200 τὸ
3005 2148 3185 2218 σῶμα,
3235 2151 3463 2220 αίσχρδν
3508 2153 3567 2207 δὲ
3613 2154 3704 2223 τήν

2132 2236 2274 2307 ὄψιν,
2305 2237 2582 2308 βάρϐαρον
2604 2237 2660 2291 δὲ
2682 2237 2781 2309 τὴν
2808 2240 3076 2307 γλῶτταν,
3109 2242 3189 2304 είς
3216 2242 3383 2311 ψόγον
3410 2244 3584 2297 αὐτοῦ
3610 2248 3702 2300 οὐκ

2132 2328 2412 2396 ἀνάγεται,
2438 2326 2695 2398 ἀληθείας
2712 2325 3061 2401 δικαζούσης.
3083 2331 3165 2383 Τὰ
3184 2331 3284 2400 μὲν
3304 2331 3414 2402 γάρ
3443 2334 3595 2404 παρά
3614 2334 3701 2404 τὴν

2133 2419 2316 2487 φύσιν,
2337 2419 2397 2473 τὸ
2412 2420 2468 2473 δὲ
2480 2419 2630 2491 παρά
2647 2421 2745 2490 τὴν
2762 2422 3075 2492 ἀνατροφὴν
3090 2422 3405 2492 γεγένηται’
3426 2424 3491 2477 τὸ
3503 2425 3559 2477 δὲ
3573 2420 3701 2479 εἶναι

2132 2510 2224 2565 τδν
2246 2513 2452 2583 τρόπον
2490 2511 2911 2584 μιξοϐάρϐαρον,
2956 2517 3051 2567 καὶ
3074 2515 3172 2584 τὴν
3194 2516 3443 2583 γλῶτταν
3471 2518 3701 2588 ἀκρατῆ,

2134 2601 2343 2655 καὶτὸν
2378 2600 2549 2673 θυμὸν
2579 2602 2845 2673 θηριώδη,
2872 2605 2965 2658 καὶ
2985 2607 3051 2676 τῇ
3097 2607 3266 2677 ἀρετῇ
3304 2608 3589 2677 πολέμιον,
3619 2609 3703 2661 καὶ

2134 2695 2199 2763 τῇ
2231 2692 2399 2762 κακίᾳ
2422 2692 2733 2764 σύμμαχον·
2777 2696 2903 2759 τοὺς
2959 2695 3061 2765 μὲν
3108 2697 3216 2767 γὰρ
3257 2698 3580 2761 σπουδαίους
3623 2697 3701 2762 ὲξ-

2134 2784 2466 2855 οστρακίζει,
2499 2785 2624 2849 τοὺς
2648 2783 2706 2838 δὲ
2726 2786 2962 2855 φαύλους
2986 2791 3275 2858 συγκροτεί
3294 2806 3308 2820 υ
3337 2789 3485 2842 τοῦτ’
3505 2789 3704 2858 ἀληθῶς

2137 2874 2267 2945 παρ’
2312 2876 2475 2929 αὐτὸν
2528 2873 2808 2944 γίγνεται,
2854 2877 2949 2930 καὶ
2994 2879 3177 2948 πάσης
3231 2880 3560 2951 συγγνώμης
3601 2879 3704 2931 ἐστὶ

2063 2995 2109 3054 C
2142 2967 2345 3037 μεῖζον.
2368 2964 2571 3019 Μαθὼν
2592 2961 2686 3019 οὖν
2723 2968 2776 3019 τί
2807 2967 3022 3036 ψεγειν,
3070 2969 3163 3022 καὶ⁵
3207 2970 3260 3022 τί
3306 2972 3554 3024 ἐπαινεῖν
3578 2970 3697 3034 δέοι,

2150 3057 2224 3128 μὴ
2257 3055 2672 3125 ἀπερισκέπτως
2701 3058 2781 3119 είς
2809 3058 3066 3127 ἑκάτερον
3096 3058 3283 3130 χώρει,

2596 3165 2777 3219 PMA'.
2808 3194 2877 3203 —
2920 3167 3256 3238 ΔΙΟΝΥΣΙῼ.

471 3252 518 3305 Α
556 3254 818 3321 republica
851 3256 1075 3323 gerenda
1111 3255 1436 3319 dehortatur,
1476 3271 1535 3309 ne
1593 3272 1842 3329 curarum
1874 3262 2308 3329 negotiorumque
2341 3254 2586 3329 ﬂantibus
2637 3255 2911 3313 obruatur.
2946 3254 3219 3312 Privatam
3249 3242 3410 3313 vitam
3454 3261 3702 3313 tutiorem.

1720 3324 1972 3395 (Confer:
1985 3334 2139 3397 epist.
2181 3324 2283 3382 105
2304 3324 2349 3379 et
2375 3324 2525 3393 488.)

539 3433 769 3501 Quando
798 3431 1015 3501 quidem
1048 3432 1115 3485 ad
1137 3431 1316 3485 civilia
1341 3432 1549 3499 negotia
1582 3431 1782 3500 impetu
1810 3434 2040 3502 quodam

475 3524 677 3594 ingenti
698 3522 823 3575 ferri
844 3520 974 3575 mihi
993 3520 1211 3585 videris,
1232 3520 1384 3589 quasi
1399 3519 1619 3588 gloriam
1634 3520 1700 3573 iis
1716 3521 2041 3590 adepturus:

476 3616 669 3670 hortor
712 3628 778 3667 ne
812 3613 865 3666 in
904 3612 1122 3681 pelagus
1177 3619 1227 3664 te
1276 3625 1527 3665 curarum
1561 3610 1842 3679 coniicias.
1894 3612 2043 3668 Nosti

474 3704 619 3757 enim
663 3704 851 3771 probe,
883 3700 1025 3767 quod
1062 3700 1128 3753 iis
1170 3708 1482 3754 attenuatus
1531 3709 1695 3769 atque
1744 3700 2046 3767 confectus,

478 3806 652 3860 neque
701 3792 791 3861 qui
840 3792 1001 3846 utiles
1056 3791 1362 3847 consulenti
1418 3792 1512 3846 tibi
1574 3793 1813 3847 rationes
1876 3795 2046 3859 dent,

478 3884 837 3946 nancisceris,
868 3884 961 3939 sed
986 3884 1123 3938 irriti
1148 3892 1494 3943 evanescent.
1524 3883 1707 3953 Neque
1732 3885 1877 3939 enim
1895 3885 2043 3939 voles

477 3976 543 4027 ad
574 3983 804 4028 mentem
849 3975 1306 4044 sobrietatemque
1348 3976 1567 4040 redire,
1621 3976 1715 4028 sed
1764 3975 2042 4029 interitum

477 4066 727 4136 quidem,
770 4066 822 4120 in
853 4081 1013 4135 quem
1072 4071 1256 4122 tendes
1281 4098 1297 4130 ,
1341 4065 1687 4132 providebis,
1738 4073 1796 4118 vt
1837 4064 1889 4120 in
1918 4077 2044 4118 eum

484 4156 653 4210 veluti
685 4164 983 4211 torrentem
1010 4157 1232 4210 adactus
1275 4168 1520 4223 praeceps
1536 4154 1749 4219 feraris,
1791 4152 2046 4223 opitulari
2088 4206 2099 4217 ,

2234 3433 2450 3506 Ἐπειδὴ
2517 3434 2637 3488 λίαν
2676 3449 2769 3504 μοι
2847 3435 3027 3498 δοκεῖς
3097 3437 3391 3507 ὡρμῆσθαι
3458 3436 3595 3508 πρὸς
3644 3438 3706 3490 τὰ

2151 3526 2405 3579 πολιτικά
2453 3525 2778 3595 πράγματα,
2817 3524 2894 3589 ὡς
2928 3525 3145 3590 πάντως
3185 3530 3244 3581 ὲν
3287 3529 3477 3591 αὐτοῖς
3524 3530 3707 3582 εὐδοκι-

2154 3618 2365 3688 μήσων,
2412 3614 2663 3685 παραινῶ
2700 3617 2773 3686 μὴ
2812 3617 3009 3669 σαυτὸν
3063 3618 3146 3680 είς
3189 3617 3427 3685 πέλαγος
3481 3618 3706 3689 ἐμϐάλῃς

2166 3707 2481 3778 φροντίδων.
2514 3702 2587 3759 Εὖ
2616 3707 2725 3777 γάρ
2754 3704 2869 3778 (14)
2915 3707 3044 3773 ἴσθι,
3098 3709 3179 3761 ὅτι
3226 3711 3559 3779 περιπαρεὶς
3617 3710 3703 3761 αύ-

2150 3801 2291 3861 ταῐς,
2322 3796 2446 3850 οὔτε
2495 3796 2623 3860 τοὺς
2668 3797 2738 3848 τὰ
2791 3797 3040 3867 χρήσιμά
3088 3814 3171 3850 σοι
3218 3796 3708 3866 συμϐουλεύσοντας

2150 3886 2442 3955 λογισμοὺς
2473 3885 2760 3954 εὑρήσεις,
2794 3884 2933 3939 ἀλλὰ
2978 3885 3198 3955 φροῦδοι
3248 3886 3585 3955 οἰχήσονται,
3609 3883 3708 3937 οὗθ’

2150 3974 2279 4028 ὅταν
2312 3973 2567 4043 θελήσῃς,
2600 3972 2894 4043 ἀνανήψεις
2925 3989 2941 4005 ·
2966 3973 3102 4028 ἀλλὰ
3129 3975 3227 4045 τὴν
3281 3974 3383 4045 μὲν
3416 3976 3702 4037 ἀπώλειαν,

2151 4063 2232 4125 εἰς
2275 4063 2342 4131 ἢν
2359 4060 2727 4130 τελευτήσεις,
2758 4054 3011 4131 προόψει
3035 4062 3287 4133 καθάπερ
3318 4061 3424 4114 ὑπὸ
3456 4062 3709 4132 ῥεύματος

2152 4154 2234 4215 είς
2270 4150 2441 4220 αὐτὴν
2485 4149 2822 4220 φερόμενος’
2878 4150 3147 4222 βοηθῆσαι
3178 4151 3235 4204 δὲ
3280 4151 3469 4222 σαυτῷ
3535 4151 3708 4205 ἀδυναο

480 4261 609 4299 vero
658 4246 753 4299 tibi
798 4262 901 4301 non
946 4248 1165 4314 poteris.
1213 4245 1348 4299 Dum
1389 4246 1572 4314 itaque
1615 4246 1852 4299 nonduin
1906 4258 2043 4314 prm-

2151 4244 2355 4314 τήσεις.
2385 4242 2531 4305 Ἕως
2557 4240 2652 4295 οὖν
2678 4243 3029 4313 ἀπρόληπτος
3056 4240 3129 4308 εἷ,
3178 4244 3447 4313 βούλευσα
3494 4244 3556 4298 τὺ
3580 4242 3704 4295 δέον.

476 4347 772 4405 occupatus
801 4338 897 4401 sis,
932 4338 1073 4405 quod
1108 4340 1160 4391 in
1192 4352 1303 4391 rem
1337 4344 1422 4390 est
1451 4344 1621 4401 tuam,
1650 4335 1911 4390 delibera.

690 4444 854 4518 596
882 4445 1082 4500 CXLII.
1106 4474 1176 4485 -
1199 4440 1472 4499 SERENO
1506 4436 1834 4499 rumeno.

2429 4442 2610 4497 PMB’.
2647 4470 2719 4484 -η
2756 4444 3028 4515 ΣΕΡΗΝῼ
3079 4444 3444 4514 ΤΡΙΒΟΥΝῼ.

1194 4537 1389 4591 Contra
1421 4537 1718 4593 avaritiam.
1751 4537 1926 4605 (Couf.
1956 4538 2043 4607 epi.

2153 4535 2240 4599 53,
2267 4533 2359 4599 67,
2390 4534 2512 4602 t03,
2555 4536 2676 4601 134,
2719 4536 2843 4601 its,
2882 4536 3026 4605 t8l.)

552 4644 806 4699 Avaritiae
862 4644 1044 4715 gravis
1098 4654 1179 4696 est
1232 4643 1449 4698 morbus
1482 4683 1497 4707 ,
1554 4653 1851 4712 curatuque
1915 4658 2046 4697 sane

483 4735 734 4801 dillicilis,
780 4750 953 4803 neque
990 4734 1275 4802 exquisitis
1318 4736 1479 4788 atteri
1536 4734 1841 4799 pharmacis
1896 4734 2053 4787 facile

482 4832 665 4893 queat,
687 4824 785 4877 nisi
804 4824 923 4893 quis
944 4823 1035 4877 illo
1062 4824 1187 4877 vitio
1211 4834 1399 4893 captus
1422 4842 1448 4875 a
1466 4824 1633 4887 lucro,
1656 4823 1796 4890 quod
1814 4830 2052 4890 putatur,

485 4913 733 4967 absistat.
769 4911 910 4977 Dixi,
945 4913 1082 4981 quod
1115 4924 1351 4981 putatur,
1379 4913 1504 4981 quia
1534 4925 1721 4979 reapse
1761 4910 2054 4963 maximum

484 5010 570 5055 est
602 5003 852 5056 damnum
896 5016 959 5056 ac
1001 5019 1159 5057 noxa.
1191 5002 1287 5057 Cui
1330 5003 1374 5057 si
1412 5002 1532 5071 quis
1564 5017 1669 5054 non
1695 5001 1916 5068 {credat,
1950 5000 2057 5054 Deo

2227 4641 2301 4694 Τὸ
2328 4641 2502 4695 δεινὸν
2544 4643 2638 4696 καὶ
2676 4643 2946 4710 δυσίατον,
2988 4644 3082 4697 καὶ
3132 4646 3245 4706 τοῖς
3287 4640 3710 4711 ὲπινενιημένοις

2158 4734 2470 4803 φαρμάκοις
2507 4734 2921 4803 ὲπιτριϐὀμενον
2952 4733 3153 4803 μᾶλλον
3168 4734 3269 4801 τῆς
3300 4730 3713 4802 φιλοχρηματίας

2160 4822 2393 4892 νόσημα,
2416 4823 2587 4887 ἄλλως
2633 4823 2694 4876 ού
2736 4823 2911 4894 λήξει,
2948 4824 2995 4876 εἰ
3038 4824 3111 4895 μὴ
3142 4824 3237 4877 τοῦ
3278 4822 3564 4883 δοκοῦντος
3585 4816 3709 4871 εἶναι

2162 4912 2388 4983 κέρδους
2438 4912 2708 4984 ἀποσταίη
2755 4915 2783 4967 ὁ
2835 4913 3017 4977 ἀλούςσ
3064 4913 3393 4978 δοκοῦντος
3444 4912 3502 4963 δὲ
3556 4905 3712 4968 εἷπον,

2163 5001 2349 5070 ἐπειδὴ
2398 5001 2475 5072 τῷ
2532 5002 2645 5055 δντι
2697 5002 2869 5073 ζημία
2929 5002 3048 5055 ἐστὶ
3096 5001 3351 5072 μεγίστη.
3404 5000 3465 5052 El
3527 4998 3587 5049 δέ
3643 5009 3717 5053 τις

485 5090 654 5161 iudici
710 5093 933 5147 credere
981 5105 1078 5159 par
1123 5101 1205 5145 est
1252 5094 1324 5145 ita
1385 5090 1801 5159 pronuntianti:
1843 5107 1860 5138 ι
1918 5089 2043 5152 Quit“

2166 5092 2414 5155 ἀπιστεῖ,
2441 5091 2728 5163 πεισθῆναι
2762 5094 2970 5154 δίκαιος
2998 5091 3065 5146 ἂν
3095 5091 3183 5161 εἴη
3211 5089 3291 5160 τῷ
3330 5088 3459 5156 θείῳ
3492 5080 3714 5147 Δικαστῇ

564 5248 608 5279 ¹²
651 5246 689 5302 ll
724 5248 865 5303 Tim.
905 5264 965 5313 II,
1003 5250 1055 5303 5.
1135 5247 1179 5278 ³³
1213 5247 1400 5301 Matth.
1434 5261 1483 5309 ν,
1509 5245 1601 5299 28.

1589 5393 1816 5449 νΑιιιΑῐ
1852 5394 2235 5451 LECTIONES
2270 5396 2354 5449 lt'l‘
2384 5395 2616 5452 NOTIE.

575 5559 621 5625 tl
641 5558 699 5628 ί)⁴
728 5558 831 5611 Pro
861 5553 919 5610 εὖ
950 5556 1056 5624 γὰρ
1091 5556 1246 5609 auibo
1272 5556 1425 5611 codd.
1456 5555 1636 5624 legunt
1664 5553 1710 5606 εἰ
1743 5552 1868 5620 γάρ.
1909 5551 2120 5605 Possm.
2198 5598 2201 5601 ,
