4020 6140
411 326 548 389 1409

1240 283 1773 378 ΕΡΙΒἺῸΙΛΠΙΙΜ
1809 319 1954 378 LIB.
1989 321 2058 379 V.
2083 344 2153 357 ·-
2194 322 2428 383 EPIST.
2468 324 2693 382 CXLIV

3522 323 3655 392 1410

404 440 672 509 φήσαντι·
718 440 742 487 ι
802 434 866 487 Τί
924 433 1031 504 γὰρ
1080 431 1353 500 ὠφελήσει
1406 431 1718 501 ἄνθρωπον,
1769 433 1865 485 ἐάν
1893 432 1965 484 τδε

2092 435 2313 501 prodest
2356 437 2601 499 homini,
2653 436 2699 490 si
2738 436 3045 489 universum
3094 438 3348 494 nmndum
3384 442 3652 507 lucretur,

405 531 611 599 κόσμον
637 528 757 581 ὅλον
778 526 1040 597 κερδήσῃ,
1062 524 1162 592 τὴν
1182 522 1237 574 δὲ
1252 522 1431 592 ψυχὴν
1456 522 1621 575 αὑτοῦ
1647 521 1895 591 ζημιωθῇ
1917 538 1930 585 ;
1952 540 1968 571 ι

403 620 468 671 Εἰ
514 618 625 688 γὰρ
668 618 764 671 τοῦ
799 617 1052 684 συνάγειν
1103 612 1375 684 ἀποσταίη
1423 613 1567 667 κατά
1619 612 1837 682 μικρὸν,
1876 613 1973 664 καὶ

402 708 483 771 εἰς
534 708 597 761 τὸ
644 705 968 778 μεταδοῦναι
1022 704 1163 776 ήξει,
1217 703 1313 756 καὶ
1376 704 1458 766 εἰς
1499 702 1713 755 τελείαν
1763 702 1974 771 ὑγίειαν

396 798 927 869 ἀνακομισθήσεται.

731 908 909 963 mn".
943 937 1012 947 ——-
1037 904 1309 973 ΣΕΡΗΝῼ
1338 903 1658 973 ΔΙΑΚΟΝῼ.

2083 521 2275 577 anima:
2299 538 2426 578 vero
2458 538 2567 577 sua:
2588 522 2858 592 jacturam
2891 524 3150 579 faciat“?
3180 546 3198 579 ι
3227 526 3283 582 Si
3310 529 3494 600 itaque
3532 544 3654 585 cor-

2075 615 2265 667 radere
2320 614 2580 682 paulatim
2653 615 2903 679 desinat,
2958 624 3013 671 et
3078 617 3145 671 ad
3206 618 3650 675 distribuendum

2070 700 2345 771 largiendo
2395 706 2607 771 veniat,
2646 704 2694 760 is
2745 705 3011 776 integram
3060 710 3405 778 recnperabit
3437 710 3651 767 valetu-

2070 793 2273 847 dinem.

2365 886 2597 956 chuI.
2622 934 2693 943 —
2724 901 2994 957 senem
3034 903 3351 961 onmno.

1365 993 1517 1049 Ca'ca
1546 993 1789 1047 vindicta:
1835 992 2094 1060 cupiditas
2134 991 2326 1045 multos
2364 995 2684 1062 pessumdal.

488 1106 706 1177 Ἐπειδὴ
763 1106 824 1159 τὸ
894 1106 1072 1159 κοινὸν
1145 1107 1301 1175 μῖσος
1377 1102 1685 1173 ἀνθρώποις
1763 1100 1977 1173 μάλιστ’

402 1199 631 1253 ἄπιστον
659 1192 974 1250 εἶναιδοκεῖ
1018 1197 1097 1259 εἰς
1131 1194 1334 1263 φιλίαν,
1387 1193 1481 1247 καὶ
1530 1194 1587 1245 ἐν
1627 1189 1842 1253 πολλοῖς
1862 1190 1978 1244 δια·

400 1289 719 1361 φερόμενοι,
771 1289 830 1341 ἐν
878 1287 1109 1350 ἐκείνοις
1168 1284 1579 1357 συμϐαίνουσιν,
1620 1284 1678 1336 ἐν
1722 1277 1807 1344 οἷς
1850 1282 1976 1344 τοὺς

404 1381 602 1444 αὐτοὺς
674 1378 904 1449 ἐχθροὺς
989 1376 1271 1448 ἡγοῦνται.
1360 1373 1824 1446 Παραφυλακτέον
1902 1372 1971 1426 τά

400 1470 659 1525 τοιαῦταο
721 1470 955 1540 μάλιστα
1010 1470 1110 1539 μὲν
1154 1469 1263 1539 γὰρ
1310 1462 1719 1536 φιλοσοφητέον,
1751 1462 1847 1517 καὶ
1871 1462 1971 1515 οὑκ

400 1561 687 1631 ἀμυντέον.
717 1562 779 1613 Εἰ
816 1560 873 1613 δὲ
922 1559 1135 1612 οὐδέπω
1184 1558 1434 1621 δυνατὸν,
1490 1553 1967 1626 παραφυλακτέον,

404 1654 613 1721 μήποτε
672 1650 884 1721 θατέρῳ
928 1649 1069 1704 κατά
1125 1648 1222 1701 τοῦ
1270 1648 1458 1717 ἐτέρου
1527 1645 1966 1716 συμπράξαντες,

2149 1101 2374 1169 Quando
2445 1117 2732 1159 commune
2790 1106 2971 1159 odium
3042 1106 3346 1160 hominibus
3413 1108 3645 1163 maxime

2076 1190 2299 1247 inﬁdum
2343 1207 2469 1249 esse
2513 1194 2580 1249 ad
2629 1194 2921 1249 amicitiam
2962 1195 3243 1263 videatur,
3276 1196 3420 1251 etin
3465 1199 3646 1251 multis

2074 1284 2462 1340 dissentientes
2513 1286 2569 1339 in
2621 1284 2688 1340 iis
2726 1287 3108 1349 consentiant,
3144 1287 3197 1339 in
3245 1287 3441 1356 quibus
3479 1290 3641 1342 etiam

2081 1374 2225 1442 ipsos
2273 1376 2432 1428 simul
2468 1389 2652 1431 secum
2713 1378 3052 1431 adversarios
3096 1377 3211 1431 fore
3261 1380 3640 1443 arbitrantur;

2084 1467 2380 1521 cavendum
2417 1478 2501 1521 est
2554 1482 2621 1521 ne
2681 1468 2836 1521 alteri
2897 1478 3085 1522 contra
3138 1470 3364 1522 alterum
3406 1467 3644 1522 fera'mus

2077 1556 2355 1609 auxilium.
2392 1556 2546 1622 Quod
2589 1556 2634 1610 si
2670 1571 2736 1608 ne
2766 1558 2865 1609 hoc
2910 1556 3126 1623 quidem
3164 1556 3277 1608 ﬁeri
3306 1558 3519 1624 possit,
3551 1573 3643 1610 ea-

2076 1645 2305 1698 vendum
2339 1659 2405 1699 ne
2434 1661 2599 1699 unum
2640 1660 2738 1714 pro
2768 1645 2875 1699 alio
2906 1647 3328 1711 committentes,
3360 1655 3418 1700 ut
3466 1648 3642 1700 videa-

396 1740 545 1802 ὅπως
576 1739 816 1809 δόξωμεν
845 1738 963 1801 ἐνὸς
1007 1736 1203 1808 ἐχθροῦ
1248 1734 1706 1798 ἀπαλλάττεσθαι,
1742 1733 1965 1805 ὕστερον

2072 1748 2194 1787 mur
2227 1750 2390 1789 llltllm
2413 1737 2640 1789 evadere
2664 1735 2962 1798 inimicum,
2999 1738 3211 1790 tandem
3236 1736 3336 1803 ipsi
3358 1738 3638 1806 capiamur

401 1828 496 1880 καὶ
518 1827 670 1880 αὐτοὶ
697 1826 916 1896 ἁλῶμεν
953 1826 1031 1897 τῷ
1065 1825 1397 1897 ἰσχυροτέρῳ
1427 1824 1536 1879 ἀπὸ
1564 1823 1665 1894 τῆς,
1695 1824 1970 1895 ἡμετέρας

406 1920 723 1991 συμμαχίας
753 1919 1129 1989 γεγενημένῳ.

832 2028 1014 2083 ῬΜΔ’.
1043 2057 1110 2067 -
1135 2025 1513 2098 ΜΑΚΡΟΒΙῼ.

2076 1823 2145 1878 ab
2173 1838 2261 1889 eo,
2286 1825 2376 1894 qui
2406 1834 2591 1880 nostra
2616 1826 2773 1879 fertis
2793 1835 2877 1881 est
2902 1826 3175 1917 redditus.
3194 1826 3473 1883 societate.

2488 2019 2717 2076 CXLIV.
2751 2053 2821 2065 —
2856 2021 3221 2078 MACROBIO.

1052 2117 1338 2187 Nunquam
1368 2135 1400 2172 a
1422 2088 1687 2186 spirituati
1736 2131 1911 2184 pugna
1941 2113 2270 2167 cessandum.
2302 2088 2537 2181 (Confer.
2569 2115 2719 2180 epist.
2764 2114 2851 2177 18,
2878 2114 2993 2184 28.)

472 2226 564 2297 Μὴ
609 2226 687 2297 τῷ
732 2225 935 2298 ἀπαξῆ
990 2227 1242 2297 δεύτερον
1293 2228 1637 2297 νενικηκέναι
1664 2226 1755 2279 τὸν
1802 2224 1971 2295 θυμὸν

407 2318 501 2371 καὶ⁹
520 2317 617 2387 τὴν
643 2316 960 2387 ἐπιθυμίαν,
990 2316 1058 2370 τά
1084 2318 1193 2371 τῶν
1218 2318 1393 2372 ἄλλων
1414 2316 1602 2371 παθῶν
1634 2315 1965 2386 τυραννικώ-

400 2423 556 2477 τερα,
606 2407 882 2477 ἀναπέσῃς
947 2408 1043 2462 καὶ
1086 2407 1316 2478 νομίσῃς
1355 2406 1537 2459 τέλεον
1593 2406 1967 2476 νενικηκέναι,

403 2498 494 2550 καὶ
529 2499 707 2569 πάσης
763 2498 1106 2568 ἀπηλλάχθαι
1158 2498 1368 2569 μάχης’
1417 2498 1555 2552 ἀλλά
1603 2497 1682 2567 τῷ
1736 2496 1969 2567 μάλιστα

400 2588 760 2659 νενικηκέναι,
796 2588 1062 2660 ἀγρύπνει
1088 2590 1182 2644 καὶ
1212 2590 1484 2660 φρόντιζε,
1533 2591 1743 2683 δήποτε
1770 2590 1865 2642 καὶ
1894 2588 1968 2642 τά

401 2680 643 2751 πρότερα
668 2681 905 2747 τρόπαια
946 2680 1321 2752 ἀμαυρωθείη.
1349 2679 1710 2752 Πολλοῖγάρ,
1736 2679 1797 2734 οὖ
1821 2697 1966 2750 φημι

400 2772 601 2839 τρίτον,
625 2770 758 2824 ἀλλά
787 2771 1046 2842 μυριάκις
1067 2769 1433 2840 νενικηκότες,
1453 2771 1677 2840 ὕστερον
1698 2770 1963 2834 ἑάλωσαν,

404 2859 498 2910 καὶ
526 2858 754 2912 ἐλεεινὸν
780 2858 1102 2929 γεγένηνται
1146 2858 1326 2927 θέαμα
1357 2856 1495 2927 μετά
1519 2857 1589 2911 τὰ
1628 2856 1796 2910 πολλὰ
1841 2855 1965 2927 τρό-

402 2964 539 2999 παια
570 2947 902 3017 αἰχμάλωτοι
944 2946 1299 3018 ἀπαχθέντες.
1347 2945 1519 2999 Τοῦτο
1544 2946 1655 3015 γὰρ
1708 2947 1963 3015 ἐννοήσας

398 3052 483 3099 τις
512 3037 579 3090 ἐκ
602 3037 695 3089 τοῦ
739 3036 1097 3091 ἀποστολικοῦ
1141 3035 1303 3107 χοροῦ
1332 3036 1484 3101 ἐϐόα,
1526 3035 1699 3104 λέγων
1727 3050 1744 3065 ·
1778 3052 1798 3087 ι
1830 3035 1963 3087 Βλέ-

402 3142 554 3191 πετε,
612 3126 689 3198 μή
742 3128 1045 3198 ἀπολέσητε
1095 3126 1126 3179 ὃ
1189 3126 1540 3196 εἰργάσασθε,
1590 3125 1729 3180 ἀλλά
1773 3125 1965 3196 μισθὸν

402 3216 583 3287 πλήρη
623 3218 960 3286 ἀπολάϐητε.
990 3234 1010 3268 ι
1072 3217 1187 3271 Καὶ
1220 3215 1429 3279 Παῦλος
1455 3217 1532 3282 δὲ,
1579 3219 1609 3269 ό
1641 3217 1810 3288 μυρία
1838 3216 1965 3286 τρό⁴

404 3320 541 3357 παια
556 3305 698 3357 κατά
721 3305 822 3372 τῆς
852 3301 1094 3372 ἐμφύτου
1132 3303 1425 3373 ἐπιθυμίας
1478 3304 1678 3375 στήσας
1703 3320 1717 3336 σ
1747 3322 1767 3355 ι
1791 3304 1968 3357 ’Υπω-

403 3394 580 3458 πιάζω
605 3413 704 3466 μου
727 3395 788 3448 τὸ
820 3394 978 3465 σῶμα
1012 3394 1108 3450 καὶ
1147 3394 1491 3465 δουλαγωγῶ,
1538 3396 1612 3467 μή
1643 3412 1759 3460 πως
1786 3396 1965 3461 ἄλλοις

404 3486 664 3556 κηρύξας,
686 3486 851 3549 αὐτὸς
881 3485 1138 3555 ἀδόκιμος
1172 3487 1439 3556 γένωμαι.
1471 3504 1491 3539 t
1527 3488 1680 3558 ’ῌδει
1705 3485 1833 3558 γὰρ,
1869 3486 1963 3541 an

403 3576 789 3648 διεσκεμμένος
825 3576 987 3648 ἀνὴρ,
1021 3576 1221 3647 καὶμὴ
1259 3577 1675 3647 ἀπερισκέπτως
1718 3580 1800 3642 εἰς
1838 3580 1965 3643 τοὺς

402 3666 621 3735 ἀγῶνας
646 3666 858 3737 χωρῶν,
885 3667 981 3720 καὶ
1011 3665 1107 3719 τοῦ
1136 3665 1383 3721 διαϐόλου
1422 3667 1520 3730 τὰς
1569 3667 1838 3736 μηχανὰς,
1869 3668 1965 3721 καὶ

402 3768 504 3836 τῆς
538 3767 737 3838 σαρκὸς
764 3766 863 3836 τὴν
884 3768 1254 3821 ἐπανάστασιν
1280 3768 1381 3837 (ὅτι
1417 3769 1446 3820 ὁ
1486 3768 1583 3838 μὲν
1623 3771 1741 3830 ταῖς
1770 3770 1964 3839 ἥτταις

408 3859 611 3927 μᾶλλον
652 3857 1036 3927 παροξύνεται)
1084 3859 1179 3911 καὶ
1205 3858 1305 3911 ούκ
1347 3856 1502 3920 εἰδὼς
1525 3857 1622 3928 τὴν
1655 3858 1713 3923 ἐξ
1751 3858 1963 3920 εὐθείας

408 3951 589 4019 μάχην
617 3964 631 3979 ⁸
673 3950 815 4007 ἑάλω
857 3950 966 4021 γὰρ
1016 3950 1081 4004 ἂν
1124 3950 1319 4023 ῥᾳδίως
1346 3967 1361 3981 ·
1398 3949 1579 4018 φιλίας
1625 3954 1965 4020 προσωπεῖον

406 4039 625 4103 ὑποδὺς,
668 4041 793 4102 τοὺς
842 4040 1189 4103 νενικηκότας
1230 4040 1490 4102 πολλάκις
1534 4041 1732 4105 ύπτιοί,
1764 4042 1859 4093 καὶ
1890 4042 1965 4103 ὼς

403 4127 658 4180 οὐδέποτε
698 4127 1089 4199 ἡττηθήσονται
1135 4129 1443 4200 ἀπατήσας,
1496 4128 1732 4192 ἐκλύσας
1768 4146 1829 4181 τε
1874 4128 1964 4181 τὸν

404 4220 586 4283 πόνον,
617 4220 713 4272 καὶ
741 4219 839 4290 τὴν
869 4220 1224 4291 παρασκευὴν
1241 4221 1459 4276 ἆπασαν
1480 4220 1761 4285 διαλύσας,
1792 4220 1963 4283 οὕτως

2141 2220 2323 2275 Semel
2355 2221 2660 2291 iterumque
2692 2223 2736 2276 si
2777 2224 2970 2278 viceris
3001 2224 3135 2285 iram
3178 2225 3637 2297 cupiditatemque

2069 2313 2212 2382 (qua:
2241 2312 2523 2380 majorem,
2557 2326 2718 2382 quam
2755 2324 2965 2373 caetera:
2999 2316 3165 2369 animi
3202 2318 3640 2385 perturbationes

2071 2402 2413 2472 tyrannidem
2463 2402 2767 2469 exercent),
2823 2418 2890 2457 ne
2938 2404 3316 2472 conquiescas,
3374 2415 3641 2476 putesque

2067 2492 2225 2562 plane
2264 2501 2315 2546 te
2361 2492 2622 2547 victorem
2672 2494 2931 2562 omnique
2959 2494 3273 2549 delunctum
3317 2499 3634 2552 certamine.

2068 2581 2267 2638 Verum
2297 2596 2421 2637 cum
2451 2583 2688 2637 maxime
2717 2582 2933 2647 viceris,
2982 2583 3139 2653 vigila
3203 2593 3259 2639 et
3302 2585 3369 2639 da
3394 2601 3636 2655 operam,

2064 2691 2136 2733 ne
2183 2676 2368 2747 priora
2424 2677 2786 2731 obscurentur
2842 2684 3062 2744 trepzea.
3117 2676 3267 2730 Multi
3329 2678 3471 2731 enim
3532 2694 3636 2733 non

2066 2769 2242 2824 dicam
2272 2776 2372 2834 ter,
2396 2767 2491 2821 sed
2544 2767 2739 2821 millies
2768 2767 2993 2821 victoria
3042 2768 3219 2835 potiti,
3250 2768 3390 2836 capti
3423 2772 3635 2825 tandem

2064 2868 2216 2926 sunt,
2275 2859 2756 2926 miserandumque
2818 2858 2937 2912 aliis
3006 2858 3133 2911 lacti
3186 2860 3562 2928 spectaculum
3619 2880 3633 2915 :

2065 2956 2296 3020 postque
2346 2948 2516 3003 multa
2563 2949 2630 3002 de
2674 2948 2922 3002 hostibus
2968 2948 3140 3016 posita
3181 2957 3403 3017 tropaea,
3440 2950 3635 3020 captivi

2067 3040 2283 3096 tandem
2311 3038 2528 3094 abducti
2547 3048 2695 3094 sunt.
2723 3038 2875 3105 Quod
2899 3039 3119 3107 quidam
3147 3040 3426 3109 apostolici
3452 3043 3633 3113 gregis

2067 3131 2311 3186 clamans
2343 3131 2423 3185 sic
2471 3130 2709 3184 extulit:
2746 3148 2765 3181 ι
2814 3129 3044 3192 Videte,
3109 3145 3175 3185 ne
3229 3133 3469 3199 perdatis
3514 3149 3635 3202 quin

2065 3223 2272 3294 operati
2315 3223 2470 3287 estis,
2510 3223 2635 3277 ‘sed
2685 3231 2744 3277 ut
2790 3225 3093 3277 mercedem
3144 3224 3353 3293 plenam
3402 3228 3635 3297 accipia-

2069 3316 2139 3370 tis
2164 3316 2233 3368 “.
2267 3333 2286 3367 ι
2315 3314 2399 3368 Ad
2427 3314 2541 3369 haec
2565 3311 2788 3379 Paulus,
2839 3315 2930 3383 qui
2966 3324 3163 3381 tropaza
3215 3315 3444 3385 amplius
3491 3319 3636 3373 mille

2069 3407 2136 3462 de
2172 3408 2355 3462 innata
2398 3408 2576 3463 carnis
2608 3408 2904 3477 cupiditate
2939 3408 3127 3461 statuit
3162 3425 3178 3462 :
3218 3425 3236 3458 ι
3268 3406 3505 3478 Castigo,
3536 3410 3632 3473 ait,

2065 3513 2262 3570 corpus
2294 3513 2499 3562 meum,
2526 3508 2581 3554 et
2605 3499 2656 3553 in
2684 3498 2994 3553 servitutem
3026 3498 3223 3568 redigo,
3255 3514 3323 3552 ne
3355 3498 3491 3554 forte
3511 3516 3631 3555 cum

2068 3592 2189 3646 aliis
2241 3592 2649 3660 prmdieavero,
2723 3590 2837 3658 ipse
2909 3590 3168 3657 reprobus
3231 3588 3436 3643 eﬂiciar
3488 3590 3557 3644 “.
3607 3609 3626 3641 ι

2064 3683 2297 3737 Noverat
2322 3684 2488 3745 enim,
2518 3690 2701 3751 utpote
2730 3680 2883 3734 miles
2913 3680 3246 3732 exercitatus
3275 3681 3631 3750 certandiqne

2066 3782 2349 3842 gnarus,et
2373 3772 2569 3826 diaboli
2600 3772 2880 3826 machinas
2903 3810 2917 3831 ,
2953 3779 3009 3823 et
3037 3769 3217 3822 carnis
3262 3769 3629 3824 rebellionem.

2066 3861 2166 3916 Hie
2190 3862 2333 3915 enim
2350 3862 2568 3915 victusa
2590 3860 2742 3915 clade
2768 3862 2940 3929 surgit
2967 3861 3203 3914 alacrior
3225 3861 3632 3931 ittcitatiorqtte,

2064 3960 2120 4007 et
2152 3965 2273 4005 cum
2324 3950 2499 4018 palam
2550 3960 2845 4018 apertoque
2878 3949 3049 4009 Marte
3092 3951 3345 4018 congredi
3401 3953 3632 4014 nesciat,

2064 4056 2186 4096 cum
2215 4041 2295 4095 sic
2325 4053 2431 4093 non
2457 4038 2671 4093 dillicile
2704 4047 3085 4107 superaretur,
3128 4040 3388 4095 amicitia:
3429 4041 3632 4094 larvam

2067 4132 2262 4195 induit,
2293 4141 2453 4197 atque
2480 4131 2549 4183 ita
2583 4131 2814 4184 victores
2855 4130 3000 4197 ipsos
3031 4147 3135 4184 non
3167 4146 3289 4186 raro
3314 4134 3628 4200 prosternit,

2066 4220 2225 4292 597
2259 4231 2314 4276 et
2348 4221 2501 4291 quasi
2537 4235 2812 4288 nunquam
2862 4222 3107 4275 vincendi
3150 4231 3354 4287 essent,
3405 4222 3627 4285 deludit,

404 4310 601 4373 αὐτοὺς
644 4311 723 4372 εἰς
754 4309 815 4362 τὸ
847 4309 1117 4381 βάραθρον
1152 4311 1253 4380 τῆς
1298 4310 1585 4378 ἀσελγείας
1630 4314 1963 4379 κατήνεγκεν

2068 4311 2386 4379 dejectoque
2419 4310 2472 4364 in
2503 4309 2687 4362 labore
2713 4310 2896 4362 animo
2920 4348 2935 4372 ,
2967 4324 3291 4378 omnemque
3326 4310 3631 4365 dissolvens

414 4401 478 4453 Ἥ
499 4401 556 4453 δὲ
591 4401 818 4453 ύπάττει
840 4402 953 4470 (15)
980 4401 1074 4454 καὶ
1099 4402 1312 4471 σκιρτᾷ,
1339 4402 1431 4453 καὶ
1455 4401 1575 4454 οὐδὲ
1603 4404 1715 4464 τοῖς
1734 4402 1967 4469 κατατή-

404 4509 591 4544 κουσιν
633 4491 802 4562 αὐτὴν
836 4492 973 4544 εἴκει
1021 4493 1249 4563 ῥᾳδίως·
1294 4492 1405 4546 ἀλλ’
1449 4493 1740 4563 ήττηθεῖσα
1769 4492 1966 4544 πολλά-

402 4599 490 4645 κις
528 4583 586 4634 ἐν
627 4581 859 4649 νεότητι,
906 4582 964 4633 ἐν
998 4583 1173 4652 γήρα,
1230 4582 1605 4651 ἀνεμαχέσατο
1640 4580 1739 4643 τὰς
1776 4581 1962 4649 ἥττας,

402 4673 495 4725 καὶ
516 4672 585 4726 τά
616 4672 845 4743 λαμπρὰ
866 4673 1047 4725 ἐκεῖνα
1075 4673 1312 4743 τρόπαια
1357 4674 1425 4725 τὰ
1469 4671 1586 4725 κατ’
1621 4672 1789 4740 αὐτῆς
1832 4672 1961 4738 ἐγη-

402 4765 641 4833 γερμένα
716 4764 967 4834 ἠφάνισε.
1012 4764 1107 4828 Τίς
1150 4759 1243 4817 οὖν
1294 4762 1464 4825 οὕτως
1520 4762 1761 4832 ἀνόητος,
1815 4761 1964 4830 ἣτις

401 4854 569 4916 οὕτως
592 4856 1013 4925 ἀπερίσκεπτος,
1040 4856 1183 4919 ὅστις
1220 4854 1359 4924 ὁρῶν
1404 4854 1491 4906 τὸν
1518 4853 1960 4921 πνευματοφόρον

400 4942 567 5012 ἄνδρα
610 4945 747 5012 μετά
794 4944 964 5014 μυρία
1009 4944 1248 5013 τρόπαια
1294 4941 1586 5009 ἐναγώνιον
1625 4940 1704 5010 τῷ
1749 4940 1897 5004 ἅπαξ
1923 4941 1957 5011 ἢ

400 5032 649 5103 δεύτερον
674 5035 1090 5107 κεκρατηκέναι,
1137 5034 1554 5102 ὑπτιωθήσεται,
1590 5032 1686 5085 καὶ
1728 5032 1958 5094 ἐκλύσας

398 5125 497 5187 τήν
541 5125 893 5196 παρασκευὴν
931 5126 1026 5179 καὶ
1070 5125 1168 5196 τὴν
1209 5125 1469 5192 ἀγωνίαν,
1516 5124 1782 5193 ἀήττητος
1820 5118 1959 5176 εἶναι

396 5214 672 5282 οἱήσεταις
713 5214 848 5266 Ἀλλ’
864 5216 981 5284 οὐχὶ
1007 5215 1169 5267 πλέον
1211 5212 1709 5284 παρασκευάσεται,
1748 5213 1869 5281 οὑχί⁵
1900 5214 1960 5265 τὸ

464 5367 510 5398 ’⁸
548 5366 738 5421 Matth.
768 5381 878 5427 xvr,
908 5366 1000 5419 26.
1075 5368 1119 5398 ’³
1149 5364 1189 5417 ΙΙ
1228 5364 1382 5419 Joan.
1408 5364 1461 5419 8.

1540 5366 1585 5395 ³⁸
1617 5366 1632 5417 1
1660 5365 1785 5419 Cor.
1818 5380 1894 5425 Ix,
1936 5364 2027 5419 27.

2071 4411 2387 4472 apparatum
2444 4401 2496 4453 in
2560 4399 2809 4469 abyssum
2868 4401 3012 4468 ipsos
3066 4410 3331 4470 proterva:
3392 4400 3634 4455 libidinis

2063 4493 2301 4545 abduxit.
2328 4492 2457 4557 Qua;
2498 4490 2663 4545 libido
2720 4501 2847 4545 tunc
2883 4492 3110 4561 insurgit
3145 4500 3304 4560 atque
3338 4492 3540 4554 exsilit,
3576 4500 3631 4545 et

2065 4581 2212 4635 illam
2240 4580 2654 4649 reprimentibus
2685 4596 2789 4635 non
2817 4581 2972 4636 facile
2998 4583 3160 4646 cedit,
3192 4583 3285 4636 sed
3308 4596 3449 4650 saepe
3470 4583 3520 4634 in
3541 4581 3630 4649 ju-

2062 4682 2281 4726 ventute
2319 4672 2482 4736 victa,
2528 4672 2581 4726 in
2630 4682 2909 4727 senectute
2935 4688 3167 4742 pugnam
3217 4672 3630 4741 redintegrando

2060 4763 2303 4830 superior
2345 4766 2537 4829 evasit,
2587 4773 2641 4816 et
2684 4763 2821 4817 elata
2865 4764 2951 4817 illa
2995 4764 3062 4817 de
3104 4776 3163 4817 se
3208 4771 3404 4830 tropaea
3450 4774 3630 4817 erecta

2063 4854 2315 4907 abolevit.
2352 4852 2482 4918 Quis
2514 4855 2675 4924 igitur
2707 4857 2841 4908 adeo
2874 4856 3092 4908 demens
3117 4869 3179 4932 ac
3200 4854 3537 4917 temerarius,
3570 4863 3629 4907 ut

2062 4945 2411 4999 considerans
2440 4945 2613 4998 virum
2642 4946 2936 5013 spiritalem
2970 4953 3091 5010 post
3146 4945 3308 4997 niulta
3348 4954 3540 5015 tropaza
3571 4946 3629 5000 in

2062 5049 2231 5103 agone
2274 5044 2596 5097 certantem,
2655 5050 2777 5087 cum
2835 5034 2997 5089 semel
3055 5035 3356 5102 iterumque
3396 5036 3629 5098 vicerit,

2062 5124 2252 5191 supine
2302 5125 2477 5177 adhuc
2528 5139 2707 5193 agere,
2738 5125 2882 5179 etab
2925 5124 3093 5178 armis
3122 5123 3400 5179 discedens
3423 5139 3479 5179 se
3507 5138 3628 5179 esse

2062 5213 2526 5285 inexpugnabilem
2581 5214 2902 5269 existimet?
2949 5216 3076 5281 quin
3124 5215 3301 5284 potius
3348 5216 3520 5285 magis
3567 5228 3628 5268 2e

1490 5494 1719 5551 VARI/13
1756 5494 2135 5552 LECTIONES
2168 5496 2257 5551 ΕΤ
2286 5494 2518 5553 NOT/E.

469 5653 583 5723 (l5)
635 5652 913 5720 Ὑπᾲττει.
953 5653 993 5706 Ε
1026 5652 1239 5721 regione
1268 5650 1425 5718 hujus
1458 5651 1597 5722 apud
1626 5651 1743 5707 cod.
1770 5651 1877 5709 Alt.
1896 5652 1960 5719 in

2068 5650 2237 5719 trgine
2271 5651 2481 5719 legitur,
2512 5652 2727 5716 ἄλλως,
2760 5651 3041 5713 ύποτύφει.
3082 5650 3293 5708 Possm.
