4020 6140
448 214 574 281 1411
1148 254 1151 257 -
1642 217 1703 276 S.
1744 215 2039 277 ISIDORI
2078 215 2517 278 PELUSIO'I‘A‘.I
3549 221 3683 287 1412

447 330 670 393 muniat,
720 340 828 383 non
880 327 1142 382 hactenus
1168 325 1386 389 vicisse,
1427 326 1522 381 sed
1566 327 1617 380 in
1647 327 1809 381 tinem
1849 342 2019 395 usque

2124 330 2461 399 νενικηκέναι
2492 329 2613 399 ἤδη,
2654 329 2788 382 ἀλλά
2822 329 2882 382 τὸ
2917 330 2993 399 μὴ
3035 330 3322 400 νικηθῆναι
3351 330 3462 394 ἕως
3496 334 3682 398 τέλους

446 435 555 475 non
613 428 927 488 superatum
998 431 1119 472 sese
1182 432 1432 489 magnum
1508 434 1627 471 esse
1679 419 2019 471 existimans.

2126 422 2269 490 μέγα
2334 420 2664 490 ἡγούμενος;
2736 422 2861 482 Τοῖς
2924 422 3033 491 γὰρ
3109 422 3348 491 μάλιστα
3420 422 3682 493 θησαυρὸν

446 507 781 564 Thesaurum
806 508 949 561 enim
983 507 1240 562 virtutum
1268 509 1662 577 possidentibus
1695 510 2018 579 vigilandum

2124 510 2330 580 ἀρετῶν
2351 511 2533 579 ἔχουσι
2554 510 2753 580 πρέπει
2778 512 3094 579 ἀγρυπνεῖν,
3126 511 3159 580 ἢ
3190 513 3301 572 τοῖς
3332 513 3494 581 μηδὲν
3523 514 3685 565 καλὸν

447 600 745 665 magis.est,
783 612 945 665 quam
976 598 1110 652 nihil
1143 599 1485 653 habentibus.
1523 600 1597 653 Illi
1621 601 1766 652 enim
1796 601 2015 663 habent,

2124 606 2490 675 κτησαμένοις
2514 620 2528 632 ·
2560 606 2607 657 οἱ
2642 605 2741 675 μὲν
2766 605 2872 674 γάρ
2906 603 3141 673 ἔχουσιν,
3167 605 3216 657 οἱ
3248 604 3306 658 δὲ
3337 605 3436 657 ούκ
3476 604 3685 674 ἔχουσιν

447 689 503 743 hi
535 704 639 742 non
672 688 821 752 item,
851 689 993 757 quod
1023 690 1329 744 custodiant
1356 707 1369 743 :
1409 704 1583 757 neque
1616 691 1757 744 enim
1795 690 2018 757 perinde

2124 696 2151 749 ὂ
2180 693 2456 766 φυλάξωσι
2474 712 2489 726 ο
2521 695 2617 747 καὶ
2664 694 2760 762 οὐχ
2802 692 2946 746 οὕτω
2970 693 3131 747 λυπεῖ
3172 700 3234 747 τὸ
3262 694 3339 765 μὴ
3368 694 3586 764 κτηθὲν,
3614 694 3688 757 ὠς

446 779 633 834 dolore
663 778 849 845 allicit,
889 778 1023 834 nihil
1047 780 1352 850 possidere,
1385 795 1548 850 quam
1578 781 1720 850 quod
1744 780 2015 847 habuerit,

2124 791 2156 860 η
2188 788 2297 843 τῶν
2330 787 2688 858 ὑπαρξάντων
2718 788 2974 860 στέρησις

446 884 512 925 eo
552 870 775 940 privari.

962 992 1165 1051 CXLV.
1200 1023 1273 1037 —
1323 992 1501 1051 NILO.

2646 985 2824 1039 PME'.
2850 1013 2923 1024 —
2947 984 3176 1057 Name.

1011 1082 1150 1138 Bene
1168 1086 1375 1140 dicendi
1413 1087 1627 1141 virtutes
1677 1084 1788 1152 IV,
1809 1100 1874 1139 ea:
1904 1080 2242 1151 Hermogenis
2287 1077 2450 1131 ldeis.
2494 1074 2729 1145 (Confer.
2769 1076 2924 1144 epist.
2953 1075 3105 1145 217.)

519 1188 789 1247 Orationis
818 1191 1049 1248 virtutes
1073 1191 1287 1262 quidem
1330 1204 1458 1248 sunt
1487 1213 1501 1249 :
1545 1209 1730 1249 verum
1749 1234 1764 1258 ,
1799 1193 2014 1249 concisa

2188 1187 2363 1255 Λόγου
2392 1186 2588 1258 ἀρεταὶ
2633 1185 2754 1256 μὲν,
2787 1183 3036 1255 ἀλήθεια,
3078 1183 3362 1253 συντομία,
3398 1183 3684 1253 σαφήνεια,

451 1279 709 1345 brevitas,
752 1282 1104 1352 perspicuitas
1129 1291 1185 1337 et
1235 1284 1631 1353 opportunitas.
1670 1284 1810 1339 Vitia
1836 1298 2017 1341 autem

2125 1279 2410 1349 εὐκαιρία·
2441 1278 2632 1332 κακίαι
2666 1277 2745 1344 δὲ,
2773 1276 2991 1347 ψεῦδος,
3032 1276 3406 1346 μακρηγορία,
3427 1276 3684 1344 ἀσάφεια,

450 1372 719 1427 contraria
763 1383 888 1427 sunt
917 1391 931 1427 :
983 1373 1177 1428 falsum
1198 1416 1213 1440 ,
1261 1374 1466 1444 prolixa
1490 1375 1687 1439 oratio,
1711 1375 2019 1431 obscuritas

2124 1372 2185 1425 τὸ
2233 1371 2338 1435 ἔξω
2369 1370 2481 1423 τῶν
2533 1369 2742 1440 καιρῶν
2788 1368 3070 1437 φέρεσθαι.
3117 1368 3183 1420 Τί
3226 1366 3335 1437 γὰρ
3383 1365 3594 1434 ὄφελος,
3639 1366 3686 1418 εί

369 1525 373 1529 λ
451 1470 508 1516 et
553 1462 859 1531 importune
886 1463 1085 1519 dicere.
1126 1462 1266 1530 Quid
1298 1464 1443 1519 enim
1465 1466 1767 1531 commodi,
1816 1466 1863 1520 si
1889 1480 2018 1521 vera

2124 1461 2328 1533 ἀληθὴς
2354 1462 2455 1531 μὲν
2481 1462 2589 1532 εἴη,
2622 1459 2697 1532 μὴ
2740 1460 3005 1530 σύντομος
3054 1459 3131 1526 δὲ,
3160 1457 3277 1512 ἀλλ’
3330 1457 3538 1527 ἐνοχλεῖ
3566 1456 3687 1518 τοὺς

451 1549 670 1619 quidem
717 1553 791 1605 sit
816 1552 1027 1616 oratio,
1079 1568 1185 1607 non
1236 1561 1417 1608 tamen
1461 1554 1716 1622 concisa,
1763 1557 1858 1611 sed
1898 1570 2019 1625 qua:

2124 1551 2451 1619 ἀκούονταςς
2480 1552 2515 1622 ἢ
2544 1552 2809 1622 σύντομος
2839 1552 2963 1621 μὲν,
2988 1551 3065 1622 μὴ
3096 1550 3276 1622 σαφὴς
3298 1551 3392 1617 δέ;
3431 1552 3467 1621 ἢ
3518 1550 3690 1618 σαφὴς

453 1639 611 1709 capia
651 1649 842 1695 enecet
879 1640 1200 1697 auditores?
1257 1641 1323 1695 Et
1355 1643 1570 1698 concisa
1597 1642 1815 1713 quidem
1836 1682 1853 1707 ,
1913 1658 2020 1699 non

2125 1644 2250 1715 μὲν,
2286 1642 2363 1713 μὴ
2406 1642 2618 1713 καίριος
2663 1642 2758 1710 δὲς
2793 1644 2841 1697 εί
2866 1643 2923 1697 δὲ
2972 1643 3154 1707 πάσας
3182 1642 3296 1713 ἔχοι
3340 1642 3439 1706 τὰς
3474 1641 3687 1712 ἀρετὰς,

452 1730 603 1785 clara
645 1732 856 1785 tamen?
879 1730 978 1787 Vel
1006 1730 1155 1787 clara
1178 1733 1393 1801 quidem
1418 1771 1436 1799 ,
1478 1747 1582 1788 non
1627 1743 1802 1789 tamen
1826 1748 2024 1803 oppor-

2126 1732 2247 1786 τότε
2273 1732 2598 1803 δραστήριος
2620 1732 2792 1799 ἔσται,
2825 1732 2943 1791 καὶ,
2973 1734 3170 1804 γοργὸς
3211 1733 3308 1786 καὶ
3336 1731 3601 1802 ἔμψυχος,
3626 1734 3691 1802 τῇ

456 1828 585 1874 tuna
609 1819 634 1874 7
683 1819 744 1875 Si
768 1834 896 1876 vero
919 1834 1109 1877 omnes
1157 1822 1354 1878 habeat
1381 1823 1643 1879 orationis
1668 1824 1926 1893 virtutes,
1954 1826 2025 1881 sit

2132 1822 2235 1893 μὲν
2296 1822 2524 1894 ἀληθείᾳ
2580 1822 2711 1886 τοὺς
2757 1821 3056 1886 ἀκούοντας
3099 1822 3469 1894 χειρούμενος,
3521 1825 3589 1894 τῇ
3636 1822 3691 1876 δὶ

453 1916 513 1963 et
540 1908 725 1965 elﬁcax
745 1948 762 1975 ,
805 1910 1027 1966 incitata
1045 1950 1062 1976 ,
1084 1926 1148 1968 ac
1175 1912 1339 1967 veluti
1394 1913 1626 1983 spirans,
1649 1915 1879 1971 veritate
1906 1916 2025 1985 qui-

2132 1913 2396 1985 συντομία
2438 1910 2979 1983 καταγωνιζόμενος·
3021 1912 3117 1966 καὶ
3160 1915 3229 1983 τῇ
3278 1913 3378 1983 μὲν
3428 1912 3689 1984 σαφηνείᾳ

455 2000 579 2054 dem
632 2001 906 2057 auditores
946 2004 1169 2068 ducens,
1213 2003 1480 2060 brevitate
1516 2018 1647 2059 vero
1687 2018 2025 2075 expugnans,

458 2088 836 2157 perspicuitate
865 2089 1030 2146 veluti
1067 2092 1306 2161 capiens,
1349 2091 1751 2161 opportunitate
1795 2092 2029 2162 denique

458 2191 712 2233 coronam
745 2179 1047 2248 imponens.

746 2282 974 2340 CXLVI.
1012 2314 1083 2326 —
1134 2284 1363 2341 HELIE
1404 2286 1722 2343 DlACONO.

2131 2002 2565 2073 καθαπτόμενος,
2594 2004 2661 2074 τῇ
2684 2002 2741 2057 δὲ
2766 2001 3021 2075 εὐκαιρίᾳ
3054 2000 3523 2074 στεφανούμενος.⁸

2494 2291 2685 2350 PMG'.
2712 2321 2783 2331 —
2815 2288 2982 2362 ΗΛΙᾼ
3023 2275 3344 2360 ΔΙΔΚΟΝῼ.

1145 2376 1223 2432 De
1248 2378 1517 2432 oculorum
1546 2379 1746 2434 decenti
1778 2380 2107 2438 verecundia.
2140 2382 2375 2454 (Confer.
2401 2386 2547 2454 epist.
2581 2386 2666 2449 17,
2705 2384 2795 2448 46,
2828 2383 2974 2451 159.)

528 2494 747 2566 Pupilla:
793 2497 845 2551 in
871 2496 1043 2553 oculis
1083 2498 1247 2554 veluti
1279 2504 1513 2574 virgines
1544 2503 1594 2556 in
1633 2502 1869 2558 thalamo
1909 2512 2036 2559 sunt

458 2588 757 2655 collocatae,
789 2588 929 2643 ciliis
963 2603 1055 2643 seu
1098 2590 1368 2660 palpebris
1396 2602 1649 2662 tanquam
1680 2594 1814 2649 velis
1838 2604 2025 2651 tectae:

457 2692 669 2747 atquum
719 2678 901 2748 itaque
940 2679 1104 2734 fuerit
1143 2682 1392 2750 prudenti
1442 2685 1654 2738 ratione
1689 2699 1781 2739 eas
1820 2686 1932 2756 regi
1965 2700 2030 2740 ac

461 2770 656 2835 tutari,
697 2778 757 2824 ut
800 2769 1016 2825 assidue
1058 2771 1272 2839 quidem
1309 2775 1673 2839 erubescant,
1724 2776 2028 2845 pudeatque

457 2873 643 2915 eorum
683 2874 803 2929 qua:
826 2871 1059 2930 oportet.
1119 2861 1177 2916 Si
1220 2877 1348 2917 vero
1376 2872 1430 2917 et
1473 2863 1700 2918 aliorum
1736 2865 2029 2934 spectarint

459 2947 912 3017 pulchritudinem
932 2985 950 3012 ,
1000 2949 1229 3018 amplius
1257 2950 1613 3016 erubescant,
1646 2952 1871 3022 velaque
1896 2967 2029 3006 con-

460 3038 698 3102 trahant,
741 3047 798 3092 et
848 3040 1102 3093 deorsum
1151 3039 1336 3094 oculos
1375 3040 1680 3107 demittant,
1722 3050 2032 3111 terramque

458 3128 627 3183 veluti
659 3138 887 3183 matrem
926 3129 1262 3195 intueantur,
1294 3145 1413 3199 quae
1447 3132 1638 3186 doceat
1659 3146 1763 3185 non
1788 3144 2028 3187 nostram

460 3217 618 3271 modo
641 3225 906 3283 naturam,
928 3218 1021 3272 sed
1041 3226 1097 3273 et
1112 3227 1407 3287 spectatam
1426 3220 1570 3273 illam
1601 3230 1936 3276 venustatem
1958 3236 2025 3275 ex

461 3307 577 3379 ipsa
617 3304 933 3373 efﬂoruisse,
956 3317 1011 3361 et
1043 3309 1218 3362 denuo
1246 3325 1329 3362 ma
1341 3320 1671 3364 rcescentem
1698 3311 1749 3363 in
1777 3311 1918 3364 illam
1942 3311 2026 3365 lu-

460 3415 577 3455 cem
603 3399 912 3454 redituram.
937 3398 995 3451 ld
1024 3399 1067 3453 si
1096 3398 1346 3454 ell‘cctum
1372 3401 1540 3466 dabit,
1565 3402 1820 3455 decorum
1844 3404 2025 3470 reipsa

456 3490 695 3559 virgines
740 3488 1027 3546 servarint.
1092 3489 1189 3544 Sin
1236 3490 1602 3559 imprudenter
1640 3500 1801 3556 atque
1846 3493 2023 3561 impo-

463 3589 640 3635 tenter
676 3580 876 3648 quzevis
921 3580 1343 3648 conspexerint,
1388 3595 1484 3649 pro
1520 3582 1816 3651 virginibus
1862 3596 2027 3637 canes

460 3682 581 3724 esse
611 3669 790 3738 potius
824 3656 1144 3738 comperies,
1169 3668 1260 3738 qui
1301 3670 1353 3723 in
1379 3668 1611 3726 alienam
1659 3670 2027 3740 pulchritudi-

460 3771 585 3814 nem
612 3757 771 3814 veluti
807 3760 954 3815 rabie
984 3760 1349 3830 impellantur.

619 3879 786 3954 593
835 3881 1087 3939 CXLVII.
1121 3913 1195 3925 —
1228 3884 1494 3942 THOMIE
1527 3887 1882 3946 uouscno.

2202 2497 2266 2548 Ai
2298 2495 2455 2566 κόραι
2499 2496 2555 2572 αιί
2604 2496 2736 2549 εῐσω
2773 2495 2882 2547 τῶν
2918 2493 3233 2564 ὀφθαλμῶν,
3263 2492 3523 2562 καθάπερ
3560 2508 3687 2563 παρ-

2131 2585 2275 2641 θένοι
2310 2586 2422 2656 (16)
2455 2576 2799 2655 ἐν’θαλάμοις
2834 2585 3138 2656 ἱδρυμέναι,
3194 2585 3288 2639 καὶ
3336 2587 3448 2647 τοῖς
3504 2583 3683 2653 βλεφά-

2129 2692 2246 2746 ροις
2270 2675 2521 2748 καθάπερ
2541 2675 3002 2745 παραπετάσμασι
3023 2673 3458 2744 κεκαλυμμέναι,
3491 2673 3684 2725 δίκαιαι

2128 2764 2196 2818 ἂν
2251 2764 2361 2818 εἷεν
2416 2765 2523 2818 ὑπὸ
2579 2764 2852 2835 σώφρονος
2895 2764 3155 2834 λογισμοῦ
3217 2761 3682 2835 ἐπιτροπεύεσθαι,

2054 2832 2100 2895 c
2131 2856 2219 2909 ἵνα
2255 2855 2547 2927 ἐρυθριῶσι
2594 2832 2711 2925 μὲν-
2746 2855 2855 2920 ἀεὶ,
2897 2856 2991 2909 καὶ
3036 2832 3399 2925 αἰσχύνωνται
3444 2852 3481 2907 ἃ
3508 2852 3604 2906 δεῖ.
3627 2852 3682 2904 Ei

2126 2946 2185 2999 δέ
2213 2962 2343 2999 ποτε
2368 2946 2463 3000 καὶ
2496 2945 2774 3015 ἀλλότριον
2815 2945 3010 3008 κάλλος
3039 2945 3339 3009 θεάσοιντο,
3386 2943 3549 2998 πλέον
3572 2946 3683 3012 ἐρυ-

2128 3034 2341 3106 θριῶσι,
2401 3036 2495 3089 καὶ
2536 3035 2734 3088 ἕλκωσι
2782 3034 2848 3089 τὰ
2871 3036 3370 3107 παραπετάσματα,
3425 3036 3521 3089 καὶ
3548 3034 3682 3090 κάτω

2125 3126 2398 3192 κύπτωσι,
2426 3126 2521 3181 καὶ
2540 3127 2639 3197 τὴν
2663 3127 2767 3196 γῆν
2804 3125 2901 3180 ἆτε
2944 3127 3158 3198 μητέρα
3179 3124 3558 3197 περισκοπῶσι
3591 3121 3678 3191 τὴν

2132 3217 2510 3281 παιδεύουσαν,
2566 3219 2628 3269 οὺ
2676 3216 2836 3287 μόνον
2887 3216 2986 3287 τὴν
3042 3215 3316 3286 ἡμετέραν
3368 3214 3552 3283 φύσιν,
3577 3211 3679 3266 ἀλλ’

2128 3310 2212 3363 ὅτι
2263 3310 2355 3362 καὶ
2396 3309 2458 3361 τὺ
2506 3308 2667 3376 όφθὲν
2707 3308 2900 3372 κάλλος
2942 3308 3002 3373 ἐξ
3058 3308 3228 3377 αὐτῆς
3285 3306 3526 3378 ἦνθησε,
3596 3304 3681 3357 καὶ

2131 3402 2211 3463 είς
2234 3399 2401 3470 αὐτὴν
2426 3399 2754 3469 ὑποστρέφει
2781 3398 3283 3470 μαρανθησόμενον.
3306 3397 3371 3450 Εί
3396 3398 3508 3469 γάρ
3538 3394 3678 3448 τοῦτο

2127 3490 2403 3560 δράσαιεν,
2459 3490 2753 3559 φυλάξαιεν
2792 3488 3007 3559 ἀληθῶς
3036 3490 3097 3542 τὸ
3135 3489 3347 3559 πρέπον
3378 3488 3673 3560 παρθένοις

2128 3582 2178 3634 εί
2225 3580 2282 3633 δὲ
2317 3579 2571 3652 ἀκρατῶς
2614 3580 2708 3634 καὶ
2752 3579 3123 3651 ἀναισχύντως
3168 3577 3473 3648 καθορῷεν,
3536 3575 3676 3634 κύνες

2124 3671 2253 3725 ἀντὶ
2277 3670 2563 3742 παρθένων
2589 3664 2995 3741 εὑρεθήσονται,
3042 3671 3154 3733 τοῖς
3183 3668 3488 3739 ἀλλοτρίοις
3513 3662 3678 3720 κάλλευ

2130 3780 2214 3819 σιν
2240 3762 2618 3818 ὲπιλυττῶσαι.

2441 3875 2617 3931 PMZ'.
2648 3903 2720 3915 —
2748 3874 2937 3944 ΘΩΜᾼ
2965 3871 3386 3927 ΜΟΝΔΖΟΝΤΙ.

950 3973 1029 4030 De
1055 3974 1280 4031 Eusebio
1318 3994 1526 4032 rursum
1565 3979 1732 4034 malos
1775 3982 2053 4035 ordinante
2099 3974 2414 4031 sacerdotes.
2449 3970 2634 4039 (Supr.
2672 3966 2822 4033 epist.
2871 3965 2933 4019 l6
2964 3975 3014 4019 et
3052 3964 3201 4035 MO.)

535 4078 593 4134 Si
641 4095 738 4150 per
780 4081 1198 4150 imprudentiam
1253 4084 1516 4141 Eusebius
1567 4088 1681 4142 illos
1729 4088 2021 4157 ordinavit,

2196 4083 2261 4137 Εί
2301 4082 2399 4153 μὲν
2450 4076 2660 4148 ἀγνοῶν
2722 4073 2978 4137 Εὐσέϐιος
3019 4075 3425 4145 ἐχειροτόνησεν
3478 4072 3671 4134 αὐτοὺς,

464 4171 680 4225 modico
705 4172 963 4241 indigebit
1009 4172 1309 4240 patrocinio
1337 4174 1726 4243 imprudentiae.
1781 4176 1876 4231 Sin
1907 4217 1923 4243 ,
1967 4188 2025 4233 ut

466 4261 682 4327 scribis,
724 4263 902 4317 studio
920 4264 1152 4333 dataque
1173 4280 1336 4334 opera
1365 4266 1417 4319 id
1457 4266 1605 4332 fecit,
1632 4283 1763 4323 sane
1792 4269 1931 4339 lupis
1955 4271 2026 4327 ob

468 4351 851 4418 rapacitatem,
887 4354 1112 4408 canibus
1157 4357 1228 4409 ob
1271 4356 1602 4411 salacitatem
1629 4397 1644 4422 ,
1685 4358 1754 4412 ob
1774 4359 2023 4415 callidam

463 4457 591 4497 vero
615 4443 863 4496 astutiam
891 4442 1141 4512 vulpibus
1187 4461 1400 4515 gregem
1453 4462 1606 4501 suum
1634 4449 1862 4503 credidit
1904 4449 2024 4517 (pro

462 4547 573 4600 quo
597 4538 774 4583 tamen
824 4530 1117 4598 pretiosum
1144 4532 1307 4586 etiam
1339 4533 1653 4603 sanguinem
1692 4549 1847 4588 suum
1871 4534 2022 4587 Chri-

463 4632 576 4675 stus
599 4620 877 4693 profudit),
904 4623 1118 4690 gravius
1152 4638 1311 4693 quam
1335 4632 1392 4677 ut
1413 4624 1660 4678 excusari
1691 4633 1868 4692 queat,
1897 4638 2021 4692 pec-

460 4713 626 4768 cavit.
667 4711 789 4767 llzec
814 4728 944 4767 vero
964 4713 1105 4776 dico,
1132 4729 1233 4767 non
1259 4715 1411 4783 quasi
1456 4713 1528 4767 illi
1562 4730 1590 4769 a
1619 4715 1904 4769 reddendis
1937 4730 2022 4768 ra-

465 4801 700 4855 tionibus
743 4802 1027 4866 immunes,
1053 4816 1116 4856 ac
1160 4816 1333 4870 poena:
1371 4803 1438 4857 ab
1466 4802 1573 4857 illis
1596 4803 1873 4871 exigendae
1918 4818 2023 4857 non

461 4894 606 4957 sint,
651 4894 745 4948 sed
788 4902 845 4945 ut
885 4894 1055 4962 magis
1090 4894 1389 4963 puniendus
1433 4894 1503 4948 sit
1552 4892 1661 4957 ille,
1695 4895 1782 4961 qui
1823 4893 2027 4947 semina

459 4995 802 5055 peccaturum
820 4986 1033 5055 jecerit.
1056 4986 1156 5050 Qui
1174 4986 1315 5038 enim
1333 4999 1550 5038 causam
1566 4984 1796 5047 dederit,
1817 4998 2024 5049 eorum,

459 5093 577 5146 qua:
608 5078 907 5141 evenerint,
939 5084 1129 5130 auctor
1162 5074 1461 5129 habendus.

2128 4175 2237 4240 ἕξει
2277 4173 2502 4247 μετρίαν
2546 4173 2839 4242 ἀπολογίαν
2883 4174 2940 4225 ὲν
2968 4170 3190 4242 ἀγνοίᾳο
3238 4169 3287 4221 εί
3314 4168 3393 4233 δὲ,
3443 4167 3521 4230 ὡς
3565 4164 3671 4234 φὴς,

2131 4263 2275 4336 μάλα
2330 4263 2575 4335 ἀκριϐῶς
2626 4263 3011 4334 ἐπιστάμενος,
3064 4261 3250 4323 λύκοις
3299 4260 3398 4329 μὲν
3466 4258 3551 4311 διὰ
3588 4255 3674 4315 τὰς

2127 4355 2403 4424 ἁρπαγὰς,
2444 4353 2571 4406 κυσὶ
2594 4353 2650 4406 δὲ
2678 4352 2765 4405 διὰ
2793 4353 2891 4415 τὰς
2922 4352 3197 4420 λαγνείας,
3237 4347 3480 4413 ἀλώπεξι
3512 4347 3563 4399 δὲ
3600 4342 3674 4395 διὰ

2128 4444 2225 4515 τὴν
2255 4444 2588 4513 κακουργίαν
2605 4443 2953 4512 παραδέδωκε
2980 4442 3041 4494 τὸ
3062 4442 3309 4511 ποίμνιον
3332 4440 3459 4509 (ύπὲ
3468 4457 3497 4511 ρ
3516 4432 3573 4489 οὗ
3595 4433 3675 4487 καὶ

2127 4534 2189 4588 τὸ
2216 4535 2394 4604 τίμιον
2416 4534 2577 4586 αὐτοῦ
2598 4529 2735 4604 αἷμα
2751 4534 2961 4603 ἐξέχεεν
2983 4533 3011 4584 ὁ
3041 4531 3294 4601 Χριστός)
3316 4546 3331 4559 ο
3358 4531 3537 4599 πάσης
3560 4530 3675 4581 ἀπο-

2125 4628 2310 4695 λογίας
2364 4628 2578 4696 ἥμαρτε
2640 4625 2879 4695 μείζονα.
2934 4624 3115 4675 Ταῦτα
3157 4623 3213 4674 δέ
3254 4639 3415 4692 φημι,
3469 4621 3563 4688 ούχ
3610 4616 3674 4675 ὡς

2129 4715 2353 4768 ἐκείνων
2374 4712 2985 4781 ἀνευθύνωνὲσομένων,
3005 4710 3101 4763 καὶ
3123 4709 3276 4772 δίκας
3298 4709 3373 4779 μὴ
3386 4704 3675 4769 ἀπαιτηθηο

2134 4805 2401 4875 σομένων,
2440 4804 2554 4858 ἀλλ’
2604 4804 2681 4865 ὡς
2710 4802 2804 4855 τοῦ
2837 4804 2903 4854 τὰ
2960 4801 3248 4871 σπέρματα
3304 4801 3412 4852 τῶν
3453 4802 3676 4867 ἀμαρτηι

2135 4897 2319 4966 μάτων
2343 4893 2760 4963 ’παρασχόντος,
2804 4893 3067 4961 μειζόνως
3104 4891 3589 4960 κολασθησομένου.
3627 4884 3675 4935 '0

2130 4987 2240 5057 γὰρ
2274 4985 2373 5055 τὴν
2399 4984 2578 5039 αἰτίαν
2598 4983 2793 5051 διδοὺς,
2846 4983 2954 5036 τῶν
2973 4982 3331 5037 ἐκϐαινόντων
3360 4979 3532 5042 αἴτιος
3556 4974 3670 5031 καθ-

2131 5078 2383 5147 έστηκεν.

1540 5224 1774 5281 ἾΑΒΙΛΕ
1806 5225 2183 5282 LECTIONES
2214 5226 2301 5282 ET
2338 5224 2568 5282 NOT/E.

525 5384 638 5453 (16)
676 5380 948 5453 Παρθένος
978 5389 1033 5435 et
1059 5380 1307 5450 virginem
1337 5388 1408 5453 et_
1429 5380 1697 5453 pupillam
1728 5382 2015 5451 signiﬁcat,

453 5463 513 5507 ut
537 5450 595 5507 et
620 5450 787 5521 κόρη.
834 5450 888 5504 In
917 5454 1015 5521 hac
1046 5465 1176 5521 voce
1191 5465 1267 5521 ex
1308 5450 1557 5521 ambiguo
1600 5451 1729 5505 lusit
1760 5454 2018 5521 Diogenes

453 5517 894 5589 Cynicuséjeste
939 5518 1153 5589 Laertio
1189 5518 1242 5570 in
1277 5517 1577 5589 cjnslitn.
1638 5517 2019 5576 Demosthenes

454 5586 584 5645 item
608 5603 674 5644 ac
696 5586 931 5643 Timaeus
965 5587 1252 5642 historicus
1285 5588 1424 5655 apud
1455 5586 1731 5642 Plutarch.
1776 5591 1909 5646 libro
1940 5590 2015 5645 De

2114 5383 2293 5437 inutili
2322 5382 2653 5435 verecundia.
2686 5381 2743 5433 In
2778 5380 2865 5435 illa
2900 5394 3027 5435 voce
3051 5381 3177 5434 lusit
3201 5388 3255 5435 et
3283 5379 3594 5449 XenOphon,
3622 5381 3671 5425 ut

2117 5460 2298 5506 mouet
2322 5451 2606 5522 Dionysius
2632 5451 2903 5519 Longinus
2925 5450 3059 5504 libro
3085 5452 3221 5574 Heg.
3252 5448 3447 5517 ὕψους,
3469 5448 3669 5507 locaque

2117 5520 2320 5574 n0tavit
2360 5520 2555 5574 Paulus
2580 5519 2887 5574 Leouardus
2917 5520 3010 5574 lib.
3042 5534 3132 5574 ιιι
3223 5519 3415 5574 ιδσειι..
3440 5530 3556 5574 cat)-
3586 5508 3666 5564 2‘-

2116 5520 2320 5574 n0tavit
2360 5508 2555 5577 Paulus
2580 5508 2887 5589 Leopa‘i'dus
2917 5520 3010 5576 lib.
3042 5534 3132 5574 ιιι
3160 5508 3556 5586 Μιδσὲιι.,ὀιιρ.
3586 5508 3666 5564 26.

2118 5589 2357 5646 ὃοηοττ.

3892 1694 3904 2489 i
