  <div class='ocr_page' id='page_1' title='image "/cluster/home/n/w/nwhite01/storage/ocr_20150623/78/mdp.39015010334699/714.png"; bbox 0 0 4020 6140; ppageno 0'>
   <div class='ocr_carea' id='block_1_1' title="bbox 1252 257 3580 351">
    <p class='ocr_par' dir='ltr' id='par_1_1' title="bbox 1252 257 3580 351">
     <span class='ocr_line' id='line_1_1' title="bbox 1252 257 3580 351; baseline -0.007 0"><span class='ocrx_word' id='word_1_1' title='bbox 1252 285 1781 351; x_wconf 86' lang='lat' dir='ltr'><strong>EPISTOLARUM</strong></span> <span class='ocrx_word' id='word_1_2' title='bbox 1819 282 1966 343; x_wconf 85' lang='lat' dir='ltr'><strong>LIB.</strong></span> <span class='ocrx_word' id='word_1_3' title='bbox 2005 282 2073 341; x_wconf 88' lang='lat' dir='ltr'><strong>v.</strong></span> <span class='ocrx_word' id='word_1_4' title='bbox 2110 302 2177 314; x_wconf 92' lang='lat'><strong>—</strong></span> <span class='ocrx_word' id='word_1_5' title='bbox 2214 277 2448 337; x_wconf 89' lang='lat' dir='ltr'><strong>EPIST.</strong></span> <span class='ocrx_word' id='word_1_6' title='bbox 2481 274 2655 335; x_wconf 78' lang='lat' dir='ltr'><strong>CLII.</strong></span> <span class='ocrx_word' id='word_1_7' title='bbox 3436 257 3580 334; x_wconf 71' lang='lat' dir='ltr'><strong>tm</strong></span> 
     </span>
    </p>
   </div>
   <div class='ocr_carea' id='block_1_2' title="bbox 510 362 1942 467">
    <p class='ocr_par' dir='ltr' id='par_1_2' title="bbox 510 393 1942 467">
     <span class='ocr_line' id='line_1_2' title="bbox 510 393 1942 467; baseline 0.008 -18"><span class='ocrx_word' id='word_1_8' title='bbox 510 408 517 415; x_wconf 50' lang='grc' dir='ltr'>ν·</span> <span class='ocrx_word' id='word_1_9' title='bbox 558 410 561 413; x_wconf 57' lang='grc' dir='ltr'><strong>λ</strong></span> <span class='ocrx_word' id='word_1_10' title='bbox 587 400 771 455; x_wconf 82' lang='lat' dir='ltr'><strong>PMH’.</strong></span> <span class='ocrx_word' id='word_1_11' title='bbox 800 428 872 439; x_wconf 91' lang='grc'><strong><em>-</em></strong></span> <span class='ocrx_word' id='word_1_12' title='bbox 908 396 1174 467; x_wconf 58' lang='lat' dir='ltr'><strong>suae;er</strong></span> <span class='ocrx_word' id='word_1_13' title='bbox 1216 393 1667 461; x_wconf 78' lang='grc' dir='ltr'><strong>ΣΧΟΛΑΣΤΙΚῼ.</strong></span> <span class='ocrx_word' id='word_1_14' title='bbox 1941 444 1942 447; x_wconf 58' lang='grc' dir='ltr'><strong>η</strong></span> 
     </span>
    </p>
   </div>
   <div class='ocr_carea' id='block_1_3' title="bbox 2049 362 3389 467">
    <p class='ocr_par' dir='ltr' id='par_1_3' title="bbox 2207 362 3389 437">
     <span class='ocr_line' id='line_1_3' title="bbox 2207 362 3389 437; baseline -0.006 0"><span class='ocrx_word' id='word_1_15' title='bbox 2207 381 2480 437; x_wconf 80' lang='lat' dir='ltr'><strong>CXLVIII.</strong></span> <span class='ocrx_word' id='word_1_16' title='bbox 2521 410 2587 421; x_wconf 84' lang='grc'><strong><em>-</em></strong></span> <span class='ocrx_word' id='word_1_17' title='bbox 2625 377 2863 433; x_wconf 80' lang='lat' dir='ltr'><strong>JUANNI</strong></span> <span class='ocrx_word' id='word_1_18' title='bbox 2902 362 3389 434; x_wconf 70' lang='lat' dir='ltr'><strong>scnosAsnco.</strong></span> 
     </span>
    </p>
   </div>
   <div class='ocr_carea' id='block_1_4' title="bbox 860 492 3064 563">
    <p class='ocr_par' dir='ltr' id='par_1_4' title="bbox 860 492 3064 563">
     <span class='ocr_line' id='line_1_4' title="bbox 860 492 3064 563; baseline -0.008 0"><span class='ocrx_word' id='word_1_19' title='bbox 860 507 927 563; x_wconf 80' lang='lat' dir='ltr'><strong>In</strong></span> <span class='ocrx_word' id='word_1_20' title='bbox 965 524 1142 561; x_wconf 83' lang='lat' dir='ltr'><strong>mensa</strong></span> <span class='ocrx_word' id='word_1_21' title='bbox 1177 508 1465 561; x_wconf 83' lang='lat' dir='ltr'><strong>servandus</strong></span> <span class='ocrx_word' id='word_1_22' title='bbox 1493 506 1596 559; x_wconf 85' lang='lat' dir='ltr'><strong>cibi</strong></span> <span class='ocrx_word' id='word_1_23' title='bbox 1618 504 1825 556; x_wconf 87' lang='lat' dir='ltr'><strong>modus.</strong></span> <span class='ocrx_word' id='word_1_24' title='bbox 1859 498 2091 555; x_wconf 86' lang='lat' dir='ltr'><strong>Satietas</strong></span> <span class='ocrx_word' id='word_1_25' title='bbox 2122 496 2259 549; x_wconf 82' lang='lat' dir='ltr'><strong>enim</strong></span> <span class='ocrx_word' id='word_1_26' title='bbox 2288 506 2334 548; x_wconf 83' lang='lat' dir='ltr'><strong>et</strong></span> <span class='ocrx_word' id='word_1_27' title='bbox 2376 493 2660 548; x_wconf 77' lang='lat' dir='ltr'><strong>insalubris</strong></span> <span class='ocrx_word' id='word_1_28' title='bbox 2682 504 2726 545; x_wconf 91' lang='lat' dir='ltr'><strong>et</strong></span> <span class='ocrx_word' id='word_1_29' title='bbox 2752 492 3064 560; x_wconf 84' lang='lat' dir='ltr'><strong>injucunda.</strong></span> 
     </span>
    </p>
   </div>
   <div class='ocr_carea' id='block_1_5' title="bbox 415 597 1942 685">
    <p class='ocr_par' dir='ltr' id='par_1_5' title="bbox 415 611 1918 685">
     <span class='ocr_line' id='line_1_5' title="bbox 415 611 1918 685; baseline -0.007 -16"><span class='ocrx_word' id='word_1_30' title='bbox 415 619 489 671; x_wconf 83' lang='grc' dir='ltr'><strong>Τὸ</strong></span> <span class='ocrx_word' id='word_1_31' title='bbox 520 617 740 670; x_wconf 79' lang='grc' dir='ltr'>κυνικὸν</span> <span class='ocrx_word' id='word_1_32' title='bbox 768 616 862 670; x_wconf 72' lang='grc' dir='ltr'><strong>καὶ</strong></span> <span class='ocrx_word' id='word_1_33' title='bbox 892 614 1151 685; x_wconf 83' lang='grc' dir='ltr'>θηριῶδες</span> <span class='ocrx_word' id='word_1_34' title='bbox 1193 614 1302 669; x_wconf 89' lang='grc' dir='ltr'><strong>τῶν</strong></span> <span class='ocrx_word' id='word_1_35' title='bbox 1343 613 1575 684; x_wconf 81' lang='grc' dir='ltr'><strong>ὀρέξεων</strong></span> <span class='ocrx_word' id='word_1_36' title='bbox 1601 612 1698 681; x_wconf 90' lang='grc' dir='ltr'><strong>οὐχ</strong></span> <span class='ocrx_word' id='word_1_37' title='bbox 1736 611 1918 662; x_wconf 78' lang='grc' dir='ltr'>ἑστια-</span> 
     </span>
    </p>
   </div>
   <div class='ocr_carea' id='block_1_6' title="bbox 2049 597 3587 685">
    <p class='ocr_par' dir='ltr' id='par_1_6' title="bbox 2096 597 3587 667">
     <span class='ocr_line' id='line_1_6' title="bbox 2096 597 3587 667; baseline -0.01 -8"><span class='ocrx_word' id='word_1_38' title='bbox 2096 604 2333 659; x_wconf 88' lang='lat' dir='ltr'><strong>Caninns</strong></span> <span class='ocrx_word' id='word_1_39' title='bbox 2376 616 2438 655; x_wconf 86' lang='lat' dir='ltr'><strong>ac</strong></span> <span class='ocrx_word' id='word_1_40' title='bbox 2481 602 2668 655; x_wconf 89' lang='lat' dir='ltr'><strong>brutos</strong></span> <span class='ocrx_word' id='word_1_41' title='bbox 2713 598 2981 667; x_wconf 88' lang='lat' dir='ltr'><strong>appetitus</strong></span> <span class='ocrx_word' id='word_1_42' title='bbox 3004 597 3223 665; x_wconf 84' lang='lat' dir='ltr'><strong>epipara</strong></span> <span class='ocrx_word' id='word_1_43' title='bbox 3272 608 3456 647; x_wconf 66' lang='lat' dir='ltr'><strong>mensa</strong></span> <span class='ocrx_word' id='word_1_44' title='bbox 3503 608 3587 644; x_wconf 86' lang='lat' dir='ltr'><strong>re—</strong></span> 
     </span>
    </p>
   </div>
   <div class='ocr_carea' id='block_1_7' title="bbox 343 684 1942 778">
    <p class='ocr_par' dir='ltr' id='par_1_7' title="bbox 343 684 1920 778">
     <span class='ocr_line' id='line_1_7' title="bbox 343 684 1920 778; baseline -0.009 -16"><span class='ocrx_word' id='word_1_45' title='bbox 343 711 469 762; x_wconf 88' lang='grc' dir='ltr'>τέον</span> <span class='ocrx_word' id='word_1_46' title='bbox 537 706 786 778; x_wconf 78' lang='grc' dir='ltr'><strong>τραπέζῃ</strong></span> <span class='ocrx_word' id='word_1_47' title='bbox 860 684 1161 768; x_wconf 82' lang='grc' dir='ltr'>πολυτελεῖ,</span> <span class='ocrx_word' id='word_1_48' title='bbox 1243 703 1380 758; x_wconf 85' lang='grc' dir='ltr'><strong>ἀλλά</strong></span> <span class='ocrx_word' id='word_1_49' title='bbox 1434 706 1548 765; x_wconf 87' lang='grc' dir='ltr'>τοῖς</span> <span class='ocrx_word' id='word_1_50' title='bbox 1599 698 1920 768; x_wconf 81' lang='grc' dir='ltr'><strong>ἀναγκαίοις</strong></span> 
     </span>
    </p>
   </div>
   <div class='ocr_carea' id='block_1_8' title="bbox 2049 684 3588 778">
    <p class='ocr_par' dir='ltr' id='par_1_8' title="bbox 2049 684 3588 754">
     <span class='ocr_line' id='line_1_8' title="bbox 2049 684 3588 754; baseline -0.006 -5"><span class='ocrx_word' id='word_1_51' title='bbox 2049 709 2213 750; x_wconf 85' lang='lat' dir='ltr'><strong>:reare</strong></span> <span class='ocrx_word' id='word_1_52' title='bbox 2255 710 2359 748; x_wconf 92' lang='lat' dir='ltr'><strong>non</strong></span> <span class='ocrx_word' id='word_1_53' title='bbox 2411 693 2602 754; x_wconf 88' lang='lat' dir='ltr'><strong>decet,</strong></span> <span class='ocrx_word' id='word_1_54' title='bbox 2653 690 2747 744; x_wconf 91' lang='lat' dir='ltr'><strong>sed</strong></span> <span class='ocrx_word' id='word_1_55' title='bbox 2799 688 3121 742; x_wconf 82' lang='lat' dir='ltr'><strong>necessariis</strong></span> <span class='ocrx_word' id='word_1_56' title='bbox 3168 694 3371 740; x_wconf 90' lang='lat' dir='ltr'><strong>tantum</strong></span> <span class='ocrx_word' id='word_1_57' title='bbox 3412 684 3588 753; x_wconf 84' lang='lat' dir='ltr'><strong>epulis</strong></span> 
     </span>
    </p>
   </div>
   <div class='ocr_carea' id='block_1_9' title="bbox 346 774 1942 870">
    <p class='ocr_par' dir='ltr' id='par_1_9' title="bbox 346 774 1917 870">
     <span class='ocr_line' id='line_1_9' title="bbox 346 774 1917 870; baseline -0.008 -17"><span class='ocrx_word' id='word_1_58' title='bbox 346 774 657 870; x_wconf 86' lang='grc' dir='ltr'>εὐωχητέον</span> <span class='ocrx_word' id='word_1_59' title='bbox 687 814 700 829; x_wconf 88' lang='grc'><strong>·</strong></span> <span class='ocrx_word' id='word_1_60' title='bbox 828 814 891 865; x_wconf 88' lang='grc' dir='ltr'>γε</span> <span class='ocrx_word' id='word_1_61' title='bbox 913 798 947 867; x_wconf 78' lang='grc' dir='ltr'>ἠ</span> <span class='ocrx_word' id='word_1_62' title='bbox 979 797 1181 865; x_wconf 80' lang='grc' dir='ltr'>εὐωχία</span> <span class='ocrx_word' id='word_1_63' title='bbox 1209 796 1269 847; x_wconf 77' lang='grc' dir='ltr'><strong>τὸ</strong></span> <span class='ocrx_word' id='word_1_64' title='bbox 1310 790 1368 848; x_wconf 79' lang='grc' dir='ltr'><strong>εὖ</strong></span> <span class='ocrx_word' id='word_1_65' title='bbox 1406 793 1550 864; x_wconf 76' lang='grc' dir='ltr'>ἔχειν</span> <span class='ocrx_word' id='word_1_66' title='bbox 1582 790 1795 862; x_wconf 82' lang='grc' dir='ltr'><strong>μηνύει,</strong></span> <span class='ocrx_word' id='word_1_67' title='bbox 1829 789 1917 841; x_wconf 80' lang='grc' dir='ltr'>ἵνα</span> 
     </span>
    </p>
   </div>
   <div class='ocr_carea' id='block_1_10' title="bbox 2049 774 3590 870">
    <p class='ocr_par' dir='ltr' id='par_1_10' title="bbox 2049 774 3590 850">
     <span class='ocr_line' id='line_1_10' title="bbox 2049 774 3590 850; baseline -0.01 -11"><span class='ocrx_word' id='word_1_68' title='bbox 2049 787 2316 848; x_wconf 81' lang='lat' dir='ltr'><strong>Itendum;</strong></span> <span class='ocrx_word' id='word_1_69' title='bbox 2359 784 2403 838; x_wconf 89' lang='lat' dir='ltr'><strong>si</strong></span> <span class='ocrx_word' id='word_1_70' title='bbox 2451 781 2667 850; x_wconf 85' lang='lat' dir='ltr'><strong>quidem</strong></span> <span class='ocrx_word' id='word_1_71' title='bbox 2709 794 2739 833; x_wconf 87' lang='lat' dir='ltr'><strong>a</strong></span> <span class='ocrx_word' id='word_1_72' title='bbox 2779 777 2981 833; x_wconf 68' lang='lat' dir='ltr'><strong>Graecis</strong></span> <span class='ocrx_word' id='word_1_73' title='bbox 3025 775 3257 845; x_wconf 82' lang='grc' dir='ltr'>εὐωχία,</span> <span class='ocrx_word' id='word_1_74' title='bbox 3304 774 3590 828; x_wconf 74' lang='lat' dir='ltr'><strong>convivium</strong></span> 
     </span>
    </p>
   </div>
   <div class='ocr_carea' id='block_1_11' title="bbox 346 864 1942 961">
    <p class='ocr_par' dir='ltr' id='par_1_11' title="bbox 346 864 1918 961">
     <span class='ocr_line' id='line_1_11' title="bbox 346 864 1918 961; baseline -0.008 -17"><span class='ocrx_word' id='word_1_75' title='bbox 346 892 442 944; x_wconf 78' lang='grc' dir='ltr'><strong>καὶ</strong></span> <span class='ocrx_word' id='word_1_76' title='bbox 462 864 672 961; x_wconf 45' lang='grc' dir='ltr'>ἥμερον</span> <span class='ocrx_word' id='word_1_77' title='bbox 711 864 849 958; x_wconf 81' lang='grc' dir='ltr'>ἡμῖν</span> <span class='ocrx_word' id='word_1_78' title='bbox 874 864 966 941; x_wconf 78' lang='grc' dir='ltr'>καὶ</span> <span class='ocrx_word' id='word_1_79' title='bbox 998 864 1281 957; x_wconf 85' lang='grc' dir='ltr'>χειρόηθες</span> <span class='ocrx_word' id='word_1_80' title='bbox 1310 886 1558 954; x_wconf 82' lang='grc' dir='ltr'>γένηται.</span> <span class='ocrx_word' id='word_1_81' title='bbox 1585 884 1648 936; x_wconf 81' lang='grc' dir='ltr'>υἱ</span> <span class='ocrx_word' id='word_1_82' title='bbox 1676 881 1785 950; x_wconf 85' lang='grc' dir='ltr'><strong>γὰρ</strong></span> <span class='ocrx_word' id='word_1_83' title='bbox 1819 881 1918 950; x_wconf 85' lang='grc' dir='ltr'>τὴν</span> 
     </span>
    </p>
   </div>
   <div class='ocr_carea' id='block_1_12' title="bbox 2049 864 3587 961">
    <p class='ocr_par' dir='ltr' id='par_1_12' title="bbox 2049 864 3587 946">
     <span class='ocr_line' id='line_1_12' title="bbox 2049 864 3587 946; baseline -0.009 -16"><span class='ocrx_word' id='word_1_84' title='bbox 2049 878 2178 946; x_wconf 81' lang='lat' dir='ltr'><strong>[nasi</strong></span> <span class='ocrx_word' id='word_1_85' title='bbox 2203 878 2327 929; x_wconf 87' lang='lat' dir='ltr'><strong>bene</strong></span> <span class='ocrx_word' id='word_1_86' title='bbox 2349 875 2536 926; x_wconf 86' lang='lat' dir='ltr'><strong>habere</strong></span> <span class='ocrx_word' id='word_1_87' title='bbox 2566 880 2659 924; x_wconf 88' lang='lat' dir='ltr'><strong>aut</strong></span> <span class='ocrx_word' id='word_1_88' title='bbox 2682 871 2845 924; x_wconf 78' lang='lat' dir='ltr'><strong><em>vivere</em></strong></span> <span class='ocrx_word' id='word_1_89' title='bbox 2868 869 3133 938; x_wconf 75' lang='lat' dir='ltr'><strong>designat,</strong></span> <span class='ocrx_word' id='word_1_90' title='bbox 3158 875 3290 921; x_wconf 87' lang='lat' dir='ltr'><strong>utet</strong></span> <span class='ocrx_word' id='word_1_91' title='bbox 3319 864 3587 934; x_wconf 87' lang='lat' dir='ltr'><strong>placidum</strong></span> 
     </span>
    </p>
   </div>
   <div class='ocr_carea' id='block_1_13' title="bbox 348 957 1942 1051">
    <p class='ocr_par' dir='ltr' id='par_1_13' title="bbox 348 957 1918 1051">
     <span class='ocr_line' id='line_1_13' title="bbox 348 957 1918 1051; baseline -0.008 -16"><span class='ocrx_word' id='word_1_92' title='bbox 348 957 683 1051; x_wconf 79' lang='grc' dir='ltr'>αὐτάρκειαν</span> <span class='ocrx_word' id='word_1_93' title='bbox 728 957 1183 1049; x_wconf 83' lang='grc' dir='ltr'>ὐπερνηχόμενοι,</span> <span class='ocrx_word' id='word_1_94' title='bbox 1236 976 1332 1029; x_wconf 77' lang='grc' dir='ltr'><strong>καὶ</strong></span> <span class='ocrx_word' id='word_1_95' title='bbox 1378 975 1470 1028; x_wconf 82' lang='grc' dir='ltr'><strong>τὸν</strong></span> <span class='ocrx_word' id='word_1_96' title='bbox 1513 974 1675 1043; x_wconf 89' lang='grc' dir='ltr'>κόρον</span> <span class='ocrx_word' id='word_1_97' title='bbox 1704 970 1791 1023; x_wconf 81' lang='grc' dir='ltr'>διὰ</span> <span class='ocrx_word' id='word_1_98' title='bbox 1818 969 1918 1038; x_wconf 83' lang='grc' dir='ltr'>τῆς</span> 
     </span>
    </p>
   </div>
   <div class='ocr_carea' id='block_1_14' title="bbox 2049 957 3579 1051">
    <p class='ocr_par' dir='ltr' id='par_1_14' title="bbox 2054 957 3579 1023">
     <span class='ocr_line' id='line_1_14' title="bbox 2054 957 3579 1023; baseline -0.009 -2"><span class='ocrx_word' id='word_1_99' title='bbox 2054 974 2109 1021; x_wconf 88' lang='lat' dir='ltr'><strong>at</strong></span> <span class='ocrx_word' id='word_1_100' title='bbox 2176 982 2239 1021; x_wconf 87' lang='lat' dir='ltr'><strong>ac</strong></span> <span class='ocrx_word' id='word_1_101' title='bbox 2288 972 2623 1018; x_wconf 87' lang='lat' dir='ltr'><strong>mansuetum</strong></span> <span class='ocrx_word' id='word_1_102' title='bbox 2670 961 2823 1015; x_wconf 85' lang='lat' dir='ltr'><strong>vobis</strong></span> <span class='ocrx_word' id='word_1_103' title='bbox 2875 959 3201 1014; x_wconf 84' lang='lat' dir='ltr'><strong>convivium.</strong></span> <span class='ocrx_word' id='word_1_104' title='bbox 3283 957 3387 1023; x_wconf 86' lang='lat' dir='ltr'><strong>Qui</strong></span> <span class='ocrx_word' id='word_1_105' title='bbox 3436 957 3579 1008; x_wconf 89' lang='lat' dir='ltr'><strong>enim</strong></span> 
     </span>
    </p>
   </div>
   <div class='ocr_carea' id='block_1_15' title="bbox 351 1046 1942 1142">
    <p class='ocr_par' dir='ltr' id='par_1_15' title="bbox 351 1046 1919 1142">
     <span class='ocr_line' id='line_1_15' title="bbox 351 1046 1919 1142; baseline -0.008 -18"><span class='ocrx_word' id='word_1_106' title='bbox 351 1046 668 1141; x_wconf 76' lang='grc' dir='ltr'>πλησμονῆς</span> <span class='ocrx_word' id='word_1_107' title='bbox 716 1046 1018 1142; x_wconf 74' lang='grc' dir='ltr'>ὑϐρίζουσι,</span> <span class='ocrx_word' id='word_1_108' title='bbox 1063 1068 1155 1121; x_wconf 75' lang='grc' dir='ltr'>καὶ</span> <span class='ocrx_word' id='word_1_109' title='bbox 1197 1065 1295 1129; x_wconf 75' lang='grc' dir='ltr'><strong>τὰς</strong></span> <span class='ocrx_word' id='word_1_110' title='bbox 1345 1064 1628 1135; x_wconf 77' lang='grc' dir='ltr'>αἰσθήσεις</span> <span class='ocrx_word' id='word_1_111' title='bbox 1663 1077 1919 1131; x_wconf 80' lang='grc' dir='ltr'>καταμα-</span> 
     </span>
    </p>
   </div>
   <div class='ocr_carea' id='block_1_16' title="bbox 2049 1046 3585 1142">
    <p class='ocr_par' dir='ltr' id='par_1_16' title="bbox 2054 1046 3585 1136">
     <span class='ocr_line' id='line_1_16' title="bbox 2054 1046 3585 1136; baseline -0.009 -26"><span class='ocrx_word' id='word_1_112' title='bbox 2054 1056 2272 1126; x_wconf 88' lang='lat' dir='ltr'><strong>mplius,</strong></span> <span class='ocrx_word' id='word_1_113' title='bbox 2297 1068 2459 1123; x_wconf 90' lang='lat' dir='ltr'><strong>quam</strong></span> <span class='ocrx_word' id='word_1_114' title='bbox 2488 1054 2620 1108; x_wconf 86' lang='lat' dir='ltr'><strong>satis</strong></span> <span class='ocrx_word' id='word_1_115' title='bbox 2644 1058 2748 1114; x_wconf 88' lang='lat' dir='ltr'><strong>est,</strong></span> <span class='ocrx_word' id='word_1_116' title='bbox 2773 1057 3015 1136; x_wconf 69' lang='lat' dir='ltr'><strong>sumunt,</strong></span> <span class='ocrx_word' id='word_1_117' title='bbox 3042 1047 3114 1102; x_wconf 88' lang='lat' dir='ltr'><strong>illi</strong></span> <span class='ocrx_word' id='word_1_118' title='bbox 3141 1054 3196 1101; x_wconf 89' lang='lat' dir='ltr'><strong>et</strong></span> <span class='ocrx_word' id='word_1_119' title='bbox 3225 1046 3585 1100; x_wconf 87' lang='lat' dir='ltr'><strong>valetudinem</strong></span> 
     </span>
    </p>
   </div>
   <div class='ocr_carea' id='block_1_17' title="bbox 357 1124 1942 1233">
    <p class='ocr_par' dir='ltr' id='par_1_17' title="bbox 357 1124 1923 1233">
     <span class='ocr_line' id='line_1_17' title="bbox 357 1124 1923 1233; baseline -0.009 -17"><span class='ocrx_word' id='word_1_120' title='bbox 357 1124 747 1233; x_wconf 47' lang='lat' dir='ltr'><strong>inalbabanuxai</strong></span> <span class='ocrx_word' id='word_1_121' title='bbox 776 1124 1097 1212; x_wconf 71' lang='grc' dir='ltr'>λανθάνουσι</span> <span class='ocrx_word' id='word_1_122' title='bbox 1144 1156 1232 1210; x_wconf 81' lang='grc' dir='ltr'>διὰ</span> <span class='ocrx_word' id='word_1_123' title='bbox 1255 1124 1355 1226; x_wconf 74' lang='grc' dir='ltr'><strong>τῆς</strong></span> <span class='ocrx_word' id='word_1_124' title='bbox 1390 1124 1584 1225; x_wconf 73' lang='grc' dir='ltr'>ἡδονῆς</span> <span class='ocrx_word' id='word_1_125' title='bbox 1727 1124 1923 1221; x_wconf 71' lang='grc' dir='ltr'>ἡδονὴν</span> 
     </span>
    </p>
   </div>
   <div class='ocr_carea' id='block_1_18' title="bbox 2049 1124 3593 1233">
    <p class='ocr_par' dir='ltr' id='par_1_18' title="bbox 2049 1124 3593 1215">
     <span class='ocr_line' id='line_1_18' title="bbox 2049 1124 3593 1215; baseline -0.008 -15"><span class='ocrx_word' id='word_1_126' title='bbox 2049 1124 2180 1202; x_wconf 68' lang='grc' dir='ltr'>ιὶιιιίε</span> <span class='ocrx_word' id='word_1_127' title='bbox 2230 1146 2498 1215; x_wconf 87' lang='lat' dir='ltr'><strong>epulando</strong></span> <span class='ocrx_word' id='word_1_128' title='bbox 2522 1142 2762 1203; x_wconf 88' lang='lat' dir='ltr'><strong>violant,</strong></span> <span class='ocrx_word' id='word_1_129' title='bbox 2798 1149 2854 1195; x_wconf 90' lang='lat' dir='ltr'><strong>et</strong></span> <span class='ocrx_word' id='word_1_130' title='bbox 2874 1124 3067 1193; x_wconf 74' lang='lat' dir='ltr'><strong>sensus</strong></span> <span class='ocrx_word' id='word_1_131' title='bbox 3092 1137 3454 1206; x_wconf 69' lang='lat' dir='ltr'><strong>exstinguunt</strong></span> <span class='ocrx_word' id='word_1_132' title='bbox 3497 1135 3593 1187; x_wconf 84' lang='lat' dir='ltr'><strong>ob-</strong></span> 
     </span>
    </p>
   </div>
   <div class='ocr_carea' id='block_1_19' title="bbox 2024 1228 3594 1304">
    <p class='ocr_par' dir='ltr' id='par_1_19' title="bbox 2024 1228 3594 1304">
     <span class='ocr_line' id='line_1_19' title="bbox 2024 1228 3594 1304; baseline -0.01 -13"><span class='ocrx_word' id='word_1_133' title='bbox 2024 1238 2384 1304; x_wconf 84' lang='lat' dir='ltr'><strong>tunduntque,</strong></span> <span class='ocrx_word' id='word_1_134' title='bbox 2416 1247 2515 1288; x_wconf 91' lang='lat' dir='ltr'><strong>nec</strong></span> <span class='ocrx_word' id='word_1_135' title='bbox 2542 1232 2729 1286; x_wconf 90' lang='lat' dir='ltr'><strong>vident</strong></span> <span class='ocrx_word' id='word_1_136' title='bbox 2772 1245 2892 1286; x_wconf 86' lang='lat' dir='ltr'><strong>sese</strong></span> <span class='ocrx_word' id='word_1_137' title='bbox 2914 1230 2983 1285; x_wconf 89' lang='lat' dir='ltr'><strong>ob</strong></span> <span class='ocrx_word' id='word_1_138' title='bbox 3015 1228 3235 1283; x_wconf 85' lang='lat' dir='ltr'><strong>nimiam</strong></span> <span class='ocrx_word' id='word_1_139' title='bbox 3274 1228 3328 1280; x_wconf 90' lang='lat' dir='ltr'><strong>in</strong></span> <span class='ocrx_word' id='word_1_140' title='bbox 3374 1233 3594 1295; x_wconf 84' lang='lat' dir='ltr'><strong>gustatu</strong></span> 
     </span>
    </p>
   </div>
   <div class='ocr_carea' id='block_1_20' title="bbox 2021 1319 3014 1391">
    <p class='ocr_par' dir='ltr' id='par_1_20' title="bbox 2021 1319 3014 1391">
     <span class='ocr_line' id='line_1_20' title="bbox 2021 1319 3014 1391; baseline -0.009 -8"><span class='ocrx_word' id='word_1_141' title='bbox 2021 1327 2440 1383; x_wconf 87' lang='lat' dir='ltr'><strong>delectationem</strong></span> <span class='ocrx_word' id='word_1_142' title='bbox 2476 1323 2747 1390; x_wconf 83' lang='lat' dir='ltr'><strong>voluptate</strong></span> <span class='ocrx_word' id='word_1_143' title='bbox 2790 1319 3014 1391; x_wconf 89' lang='lat' dir='ltr'><strong>privari.</strong></span> 
     </span>
    </p>
   </div>
   <div class='ocr_carea' id='block_1_21' title="bbox 563 1421 1942 1513">
    <p class='ocr_par' dir='ltr' id='par_1_21' title="bbox 563 1436 1709 1513">
     <span class='ocr_line' id='line_1_21' title="bbox 563 1436 1709 1513; baseline -0.006 -13"><span class='ocrx_word' id='word_1_144' title='bbox 563 1446 742 1500; x_wconf 70' lang='lat' dir='ltr'><strong>me.</strong></span> <span class='ocrx_word' id='word_1_145' title='bbox 774 1474 846 1485; x_wconf 90' lang='grc'><strong><em>-</em></strong></span> <span class='ocrx_word' id='word_1_146' title='bbox 873 1442 1202 1513; x_wconf 67' lang='lat' dir='ltr'><strong>eameam</strong></span> <span class='ocrx_word' id='word_1_147' title='bbox 1252 1436 1709 1508; x_wconf 76' lang='grc' dir='ltr'><strong>ΣΧΟΛΑΣΤΙΚῼ.</strong></span> 
     </span>
    </p>
   </div>
   <div class='ocr_carea' id='block_1_22' title="bbox 2049 1421 3452 1513">
    <p class='ocr_par' dir='ltr' id='par_1_22' title="bbox 2161 1421 3452 1486">
     <span class='ocr_line' id='line_1_22' title="bbox 2161 1421 3452 1486; baseline -0.01 0"><span class='ocrx_word' id='word_1_148' title='bbox 2161 1430 2390 1486; x_wconf 78' lang='lat' dir='ltr'><strong>CXLIX.</strong></span> <span class='ocrx_word' id='word_1_149' title='bbox 2428 1458 2502 1471; x_wconf 91' lang='lat'><strong>-—</strong></span> <span class='ocrx_word' id='word_1_150' title='bbox 2538 1425 2927 1484; x_wconf 85' lang='lat' dir='ltr'><strong>THEODUSIO</strong></span> <span class='ocrx_word' id='word_1_151' title='bbox 2960 1421 3452 1480; x_wconf 78' lang='lat' dir='ltr'><strong>SCHOLASTICO.</strong></span> 
     </span>
    </p>
   </div>
   <div class='ocr_carea' id='block_1_23' title="bbox 1011 1520 2940 1600">
    <p class='ocr_par' dir='ltr' id='par_1_23' title="bbox 1011 1520 2940 1600">
     <span class='ocr_line' id='line_1_23' title="bbox 1011 1520 2940 1600; baseline -0.009 -11"><span class='ocrx_word' id='word_1_152' title='bbox 1011 1534 1234 1589; x_wconf 84' lang='lat' dir='ltr'><strong>Pessimi</strong></span> <span class='ocrx_word' id='word_1_153' title='bbox 1274 1542 1419 1595; x_wconf 82' lang='lat' dir='ltr'><strong>sunt,</strong></span> <span class='ocrx_word' id='word_1_154' title='bbox 1449 1532 1539 1600; x_wconf 84' lang='lat' dir='ltr'><strong>qui</strong></span> <span class='ocrx_word' id='word_1_155' title='bbox 1576 1530 1671 1583; x_wconf 88' lang='lat' dir='ltr'><strong>sub</strong></span> <span class='ocrx_word' id='word_1_156' title='bbox 1699 1526 1866 1597; x_wconf 79' lang='lat' dir='ltr'><strong>specie</strong></span> <span class='ocrx_word' id='word_1_157' title='bbox 1909 1525 2051 1589; x_wconf 88' lang='lat' dir='ltr'><strong>boui,</strong></span> <span class='ocrx_word' id='word_1_158' title='bbox 2089 1523 2221 1577; x_wconf 80' lang='lat' dir='ltr'><strong>ntali</strong></span> <span class='ocrx_word' id='word_1_159' title='bbox 2254 1532 2396 1578; x_wconf 78' lang='lat' dir='ltr'><strong>sunt.</strong></span> <span class='ocrx_word' id='word_1_160' title='bbox 2440 1520 2664 1575; x_wconf 68' lang='lat' dir='ltr'><strong>Iustitia</strong></span> <span class='ocrx_word' id='word_1_161' title='bbox 2703 1520 2940 1573; x_wconf 81' lang='lat' dir='ltr'><strong>colenda.</strong></span> 
     </span>
    </p>
   </div>
   <div class='ocr_carea' id='block_1_24' title="bbox 428 1623 1942 1718">
    <p class='ocr_par' dir='ltr' id='par_1_24' title="bbox 428 1632 1928 1718">
     <span class='ocr_line' id='line_1_24' title="bbox 428 1632 1928 1718; baseline -0.012 -16"><span class='ocrx_word' id='word_1_162' title='bbox 428 1643 801 1718; x_wconf 77' lang='grc' dir='ltr'>Κομψοφανὴς</span> <span class='ocrx_word' id='word_1_163' title='bbox 830 1643 925 1695; x_wconf 69' lang='grc' dir='ltr'><strong>καὶ</strong></span> <span class='ocrx_word' id='word_1_164' title='bbox 946 1639 1318 1710; x_wconf 81' lang='grc' dir='ltr'>δικαιοφανὴς,</span> <span class='ocrx_word' id='word_1_165' title='bbox 1342 1638 1403 1691; x_wconf 89' lang='grc' dir='ltr'><strong>οὐ</strong></span> <span class='ocrx_word' id='word_1_166' title='bbox 1439 1638 1546 1708; x_wconf 76' lang='grc' dir='ltr'><strong>μὴν</strong></span> <span class='ocrx_word' id='word_1_167' title='bbox 1570 1634 1756 1689; x_wconf 74' lang='grc' dir='ltr'>δικαία</span> <span class='ocrx_word' id='word_1_168' title='bbox 1781 1632 1928 1699; x_wconf 80' lang='grc' dir='ltr'>ἔδοξέ</span> 
     </span>
    </p>
   </div>
   <div class='ocr_carea' id='block_1_25' title="bbox 2049 1623 3596 1718">
    <p class='ocr_par' dir='ltr' id='par_1_25' title="bbox 2103 1623 3596 1701">
     <span class='ocr_line' id='line_1_25' title="bbox 2103 1623 3596 1701; baseline -0.005 -16"><span class='ocrx_word' id='word_1_169' title='bbox 2103 1631 2399 1701; x_wconf 89' lang='lat' dir='ltr'><strong>Speciosa,</strong></span> <span class='ocrx_word' id='word_1_170' title='bbox 2434 1643 2540 1683; x_wconf 90' lang='lat' dir='ltr'><strong>non</strong></span> <span class='ocrx_word' id='word_1_171' title='bbox 2576 1635 2754 1682; x_wconf 86' lang='lat' dir='ltr'><strong>autem</strong></span> <span class='ocrx_word' id='word_1_172' title='bbox 2783 1627 2931 1696; x_wconf 86' lang='lat' dir='ltr'><strong>justa</strong></span> <span class='ocrx_word' id='word_1_173' title='bbox 2969 1625 3099 1679; x_wconf 87' lang='lat' dir='ltr'><strong>mihi</strong></span> <span class='ocrx_word' id='word_1_174' title='bbox 3141 1634 3230 1678; x_wconf 88' lang='lat' dir='ltr'><strong>tua</strong></span> <span class='ocrx_word' id='word_1_175' title='bbox 3262 1637 3426 1677; x_wconf 85' lang='lat' dir='ltr'><strong>causa</strong></span> <span class='ocrx_word' id='word_1_176' title='bbox 3459 1623 3596 1689; x_wconf 84' lang='lat' dir='ltr'><strong>visa,</strong></span> 
     </span>
    </p>
   </div>
   <div class='ocr_carea' id='block_1_26' title="bbox 361 1711 1942 1811">
    <p class='ocr_par' dir='ltr' id='par_1_26' title="bbox 361 1711 1927 1811">
     <span class='ocr_line' id='line_1_26' title="bbox 361 1711 1927 1811; baseline -0.011 -17"><span class='ocrx_word' id='word_1_177' title='bbox 361 1758 451 1811; x_wconf 82' lang='grc' dir='ltr'><strong>μοι</strong></span> <span class='ocrx_word' id='word_1_178' title='bbox 480 1711 527 1809; x_wconf 44' lang='lat' dir='ltr'><strong>ir</strong></span> <span class='ocrx_word' id='word_1_179' title='bbox 542 1711 693 1791; x_wconf 76' lang='grc' dir='ltr'>αἰτία</span> <span class='ocrx_word' id='word_1_180' title='bbox 720 1711 787 1805; x_wconf 77' lang='grc' dir='ltr'>ἢν</span> <span class='ocrx_word' id='word_1_181' title='bbox 811 1732 1118 1802; x_wconf 80' lang='grc' dir='ltr'>γέγραφας.</span> <span class='ocrx_word' id='word_1_182' title='bbox 1163 1728 1372 1784; x_wconf 83' lang='grc' dir='ltr'>Οὐκοῦν</span> <span class='ocrx_word' id='word_1_183' title='bbox 1410 1730 1458 1782; x_wconf 84' lang='grc' dir='ltr'>εἰ</span> <span class='ocrx_word' id='word_1_184' title='bbox 1482 1726 1645 1797; x_wconf 80' lang='grc' dir='ltr'>πείθῃ</span> <span class='ocrx_word' id='word_1_185' title='bbox 1680 1725 1927 1779; x_wconf 85' lang='grc' dir='ltr'>Πλάτωνι</span> 
     </span>
    </p>
   </div>
   <div class='ocr_carea' id='block_1_27' title="bbox 2049 1711 3600 1811">
    <p class='ocr_par' dir='ltr' id='par_1_27' title="bbox 2049 1711 3600 1789">
     <span class='ocr_line' id='line_1_27' title="bbox 2049 1711 3600 1789; baseline -0.006 -15"><span class='ocrx_word' id='word_1_186' title='bbox 2049 1720 2100 1774; x_wconf 83' lang='lat' dir='ltr'><strong>le</strong></span> <span class='ocrx_word' id='word_1_187' title='bbox 2129 1735 2234 1789; x_wconf 88' lang='lat' dir='ltr'><strong>qua</strong></span> <span class='ocrx_word' id='word_1_188' title='bbox 2266 1718 2483 1773; x_wconf 82' lang='lat' dir='ltr'><strong>scribis.</strong></span> <span class='ocrx_word' id='word_1_189' title='bbox 2536 1717 2712 1783; x_wconf 82' lang='lat' dir='ltr'><strong>Quare</strong></span> <span class='ocrx_word' id='word_1_190' title='bbox 2739 1713 2949 1769; x_wconf 89' lang='lat' dir='ltr'><strong>Platoni</strong></span> <span class='ocrx_word' id='word_1_191' title='bbox 2980 1713 3127 1768; x_wconf 87' lang='lat' dir='ltr'><strong>dicto</strong></span> <span class='ocrx_word' id='word_1_192' title='bbox 3156 1712 3233 1767; x_wconf 90' lang='lat' dir='ltr'><strong>sis</strong></span> <span class='ocrx_word' id='word_1_193' title='bbox 3260 1711 3487 1765; x_wconf 84' lang='lat' dir='ltr'><strong>audiens</strong></span> <span class='ocrx_word' id='word_1_194' title='bbox 3516 1712 3600 1766; x_wconf 87' lang='lat' dir='ltr'><strong>di-</strong></span> 
     </span>
    </p>
   </div>
   <div class='ocr_carea' id='block_1_28' title="bbox 343 292 481 358">
    <p class='ocr_par' dir='ltr' id='par_1_28' title="bbox 343 292 481 358">
     <span class='ocr_line' id='line_1_28' title="bbox 343 292 481 358; baseline 0 0"><span class='ocrx_word' id='word_1_195' title='bbox 343 292 481 358; x_wconf 70' lang='grc'><strong>1413</strong></span> 
     </span>
    </p>
   </div>
   <div class='ocr_carea' id='block_1_29' title="bbox 352 1248 1076 1323">
    <p class='ocr_par' dir='ltr' id='par_1_29' title="bbox 352 1248 1076 1323">
     <span class='ocr_line' id='line_1_29' title="bbox 352 1248 1076 1323; baseline -0.006 -16"><span class='ocrx_word' id='word_1_196' title='bbox 352 1255 453 1323; x_wconf 72' lang='grc' dir='ltr'><strong>τῆς</strong></span> <span class='ocrx_word' id='word_1_197' title='bbox 492 1250 695 1323; x_wconf 79' lang='grc' dir='ltr'><strong>τροφῆς</strong></span> <span class='ocrx_word' id='word_1_198' title='bbox 722 1248 1076 1311; x_wconf 82' lang='grc' dir='ltr'><strong>ἀπολλύντες.</strong></span> 
     </span>
    </p>
   </div>
   <div class='ocr_carea' id='block_1_30' title="bbox 358 1812 1929 1898">
    <p class='ocr_par' dir='ltr' id='par_1_30' title="bbox 358 1812 1929 1898">
     <span class='ocr_line' id='line_1_30' title="bbox 358 1812 1929 1898; baseline -0.01 -18"><span class='ocrx_word' id='word_1_199' title='bbox 358 1826 603 1898; x_wconf 75' lang='grc' dir='ltr'><strong>εἰρηκότι</strong></span> <span class='ocrx_word' id='word_1_200' title='bbox 627 1840 642 1854; x_wconf 90' lang='grc'><strong>·</strong></span> <span class='ocrx_word' id='word_1_201' title='bbox 682 1842 701 1876; x_wconf 81' lang='grc' dir='ltr'><strong>ι</strong></span> <span class='ocrx_word' id='word_1_202' title='bbox 731 1815 901 1883; x_wconf 76' lang='grc' dir='ltr'>Οὗτος</span> <span class='ocrx_word' id='word_1_203' title='bbox 926 1821 1034 1893; x_wconf 83' lang='grc' dir='ltr'><strong>γὰρ</strong></span> <span class='ocrx_word' id='word_1_204' title='bbox 1055 1819 1279 1889; x_wconf 74' lang='grc' dir='ltr'>ἔσχατός</span> <span class='ocrx_word' id='word_1_205' title='bbox 1306 1820 1454 1871; x_wconf 67' lang='grc' dir='ltr'>ἐστιν</span> <span class='ocrx_word' id='word_1_206' title='bbox 1484 1817 1609 1887; x_wconf 84' lang='grc' dir='ltr'>ὄρος</span> <span class='ocrx_word' id='word_1_207' title='bbox 1624 1813 1842 1876; x_wconf 86' lang='grc' dir='ltr'>κακίας,</span> <span class='ocrx_word' id='word_1_208' title='bbox 1866 1812 1929 1865; x_wconf 76' lang='grc' dir='ltr'><strong>τὸ</strong></span> 
     </span>
    </p>
   </div>
   <div class='ocr_carea' id='block_1_31' title="bbox 358 1901 1929 1981">
    <p class='ocr_par' dir='ltr' id='par_1_31' title="bbox 358 1901 1929 1981">
     <span class='ocr_line' id='line_1_31' title="bbox 358 1901 1929 1981; baseline -0.01 -10"><span class='ocrx_word' id='word_1_209' title='bbox 358 1919 535 1971; x_wconf 83' lang='grc' dir='ltr'>δοκεῖν</span> <span class='ocrx_word' id='word_1_210' title='bbox 552 1915 758 1968; x_wconf 89' lang='grc' dir='ltr'>δίκαιον</span> <span class='ocrx_word' id='word_1_211' title='bbox 775 1907 913 1965; x_wconf 74' lang='grc' dir='ltr'>εἶναι</span> <span class='ocrx_word' id='word_1_212' title='bbox 947 1910 1022 1981; x_wconf 79' lang='grc' dir='ltr'>μὴ</span> <span class='ocrx_word' id='word_1_213' title='bbox 1047 1910 1196 1965; x_wconf 72' lang='grc' dir='ltr'>ὄντα.</span> <span class='ocrx_word' id='word_1_214' title='bbox 1225 1925 1244 1960; x_wconf 72' lang='grc' dir='ltr'><strong>ι</strong></span> <span class='ocrx_word' id='word_1_215' title='bbox 1271 1908 1363 1978; x_wconf 86' lang='grc' dir='ltr'><strong>Μὴ</strong></span> <span class='ocrx_word' id='word_1_216' title='bbox 1388 1906 1460 1960; x_wconf 89' lang='grc' dir='ltr'><strong>τά</strong></span> <span class='ocrx_word' id='word_1_217' title='bbox 1481 1902 1761 1966; x_wconf 78' lang='grc' dir='ltr'>δοκοῦντα,</span> <span class='ocrx_word' id='word_1_218' title='bbox 1789 1901 1929 1956; x_wconf 80' lang='grc' dir='ltr'>ἀλλὰ</span> 
     </span>
    </p>
   </div>
   <div class='ocr_carea' id='block_1_32' title="bbox 358 1990 1929 2069">
    <p class='ocr_par' dir='ltr' id='par_1_32' title="bbox 358 1990 1929 2069">
     <span class='ocr_line' id='line_1_32' title="bbox 358 1990 1929 2069; baseline -0.011 -11"><span class='ocrx_word' id='word_1_219' title='bbox 358 2005 429 2059; x_wconf 87' lang='grc' dir='ltr'><strong>τά</strong></span> <span class='ocrx_word' id='word_1_220' title='bbox 486 2004 615 2057; x_wconf 80' lang='grc' dir='ltr'>ὅντα</span> <span class='ocrx_word' id='word_1_221' title='bbox 664 2001 849 2056; x_wconf 88' lang='grc' dir='ltr'>δίκαια</span> <span class='ocrx_word' id='word_1_222' title='bbox 895 2000 1039 2069; x_wconf 84' lang='grc' dir='ltr'>θήρα</span> <span class='ocrx_word' id='word_1_223' title='bbox 1066 2015 1083 2031; x_wconf 79' lang='grc' dir='ltr'><strong><em>ο</em></strong></span> <span class='ocrx_word' id='word_1_224' title='bbox 1128 1996 1272 2050; x_wconf 79' lang='grc' dir='ltr'>οὕτω</span> <span class='ocrx_word' id='word_1_225' title='bbox 1314 1996 1425 2065; x_wconf 81' lang='grc' dir='ltr'><strong>γὰρ</strong></span> <span class='ocrx_word' id='word_1_226' title='bbox 1482 1993 1576 2048; x_wconf 77' lang='grc' dir='ltr'><strong>καὶ</strong></span> <span class='ocrx_word' id='word_1_227' title='bbox 1613 1993 1642 2045; x_wconf 82' lang='grc' dir='ltr'><strong>ὁ</strong></span> <span class='ocrx_word' id='word_1_228' title='bbox 1675 1990 1808 2054; x_wconf 86' lang='grc' dir='ltr'>Θεός</span> <span class='ocrx_word' id='word_1_229' title='bbox 1867 2005 1929 2042; x_wconf 86' lang='grc' dir='ltr'><strong>σε</strong></span> 
     </span>
    </p>
   </div>
   <div class='ocr_carea' id='block_1_33' title="bbox 360 2080 1927 2160">
    <p class='ocr_par' dir='ltr' id='par_1_33' title="bbox 360 2080 1927 2160">
     <span class='ocr_line' id='line_1_33' title="bbox 360 2080 1927 2160; baseline -0.009 -12"><span class='ocrx_word' id='word_1_230' title='bbox 360 2094 729 2156; x_wconf 78' lang='grc' dir='ltr'>ἐπαινέσεται,</span> <span class='ocrx_word' id='word_1_231' title='bbox 770 2091 866 2146; x_wconf 76' lang='grc' dir='ltr'><strong>καὶ</strong></span> <span class='ocrx_word' id='word_1_232' title='bbox 899 2089 1177 2160; x_wconf 75' lang='grc' dir='ltr'>ἄνθρωποι</span> <span class='ocrx_word' id='word_1_233' title='bbox 1215 2085 1585 2151; x_wconf 76' lang='grc' dir='ltr'>ἀποδέξονται,</span> <span class='ocrx_word' id='word_1_234' title='bbox 1625 2081 1773 2135; x_wconf 83' lang='grc' dir='ltr'><strong>καὶὸ</strong></span> <span class='ocrx_word' id='word_1_235' title='bbox 1808 2080 1927 2135; x_wconf 80' lang='grc' dir='ltr'>διά·</span> 
     </span>
    </p>
   </div>
   <div class='ocr_carea' id='block_1_34' title="bbox 363 2171 1929 2254">
    <p class='ocr_par' dir='ltr' id='par_1_34' title="bbox 363 2171 1929 2254">
     <span class='ocr_line' id='line_1_34' title="bbox 363 2171 1929 2254; baseline -0.009 -16"><span class='ocrx_word' id='word_1_236' title='bbox 363 2186 509 2247; x_wconf 86' lang='grc' dir='ltr'>δικος</span> <span class='ocrx_word' id='word_1_237' title='bbox 533 2187 562 2237; x_wconf 85' lang='grc' dir='ltr'>ὁ</span> <span class='ocrx_word' id='word_1_238' title='bbox 594 2184 683 2247; x_wconf 81' lang='grc' dir='ltr'><strong>σὸς</strong></span> <span class='ocrx_word' id='word_1_239' title='bbox 716 2181 965 2254; x_wconf 83' lang='grc' dir='ltr'>εὐμερῶς</span> <span class='ocrx_word' id='word_1_240' title='bbox 993 2179 1341 2242; x_wconf 83' lang='grc' dir='ltr'>διακείσεται,</span> <span class='ocrx_word' id='word_1_241' title='bbox 1373 2176 1590 2245; x_wconf 77' lang='grc' dir='ltr'>καὶτῆς</span> <span class='ocrx_word' id='word_1_242' title='bbox 1632 2171 1929 2244; x_wconf 78' lang='grc' dir='ltr'>ἀπεχθείας</span> 
     </span>
    </p>
   </div>
   <div class='ocr_carea' id='block_1_35' title="bbox 364 2274 700 2343">
    <p class='ocr_par' dir='ltr' id='par_1_35' title="bbox 364 2274 700 2343">
     <span class='ocr_line' id='line_1_35' title="bbox 364 2274 700 2343; baseline 0 -15"><span class='ocrx_word' id='word_1_243' title='bbox 364 2274 700 2343; x_wconf 71' lang='grc' dir='ltr'>ἐπιλήσεται.</span> 
     </span>
    </p>
   </div>
   <div class='ocr_carea' id='block_1_36' title="bbox 815 2371 1477 2435">
    <p class='ocr_par' dir='ltr' id='par_1_36' title="bbox 815 2371 1477 2435">
     <span class='ocr_line' id='line_1_36' title="bbox 815 2371 1477 2435; baseline -0.014 0"><span class='ocrx_word' id='word_1_244' title='bbox 815 2379 944 2435; x_wconf 88' lang='grc' dir='ltr'><strong>ΡΝ’.</strong></span> <span class='ocrx_word' id='word_1_245' title='bbox 969 2406 1040 2417; x_wconf 91' lang='grc'><strong>--</strong></span> <span class='ocrx_word' id='word_1_246' title='bbox 1067 2371 1477 2430; x_wconf 78' lang='grc' dir='ltr'><strong>ΧΔΙΡΗΜΟΝΙ.</strong></span> 
     </span>
    </p>
   </div>
   <div class='ocr_carea' id='block_1_37' title="bbox 2028 1801 3602 1875">
    <p class='ocr_par' dir='ltr' id='par_1_37' title="bbox 2028 1801 3602 1875">
     <span class='ocr_line' id='line_1_37' title="bbox 2028 1801 3602 1875; baseline -0.006 -10"><span class='ocrx_word' id='word_1_247' title='bbox 2028 1810 2211 1866; x_wconf 78' lang='lat' dir='ltr'><strong>neuti:</strong></span> <span class='ocrx_word' id='word_1_248' title='bbox 2249 1809 2561 1863; x_wconf 71' lang='lat' dir='ltr'><strong>«Summum</strong></span> <span class='ocrx_word' id='word_1_249' title='bbox 2591 1806 2642 1861; x_wconf 90' lang='lat' dir='ltr'><strong>id</strong></span> <span class='ocrx_word' id='word_1_250' title='bbox 2678 1819 2800 1861; x_wconf 87' lang='lat' dir='ltr'><strong>esse</strong></span> <span class='ocrx_word' id='word_1_251' title='bbox 2832 1804 3210 1875; x_wconf 83' lang='lat' dir='ltr'><strong>improbitatis,</strong></span> <span class='ocrx_word' id='word_1_252' title='bbox 3236 1802 3442 1873; x_wconf 84' lang='lat' dir='ltr'><strong>justum</strong></span> <span class='ocrx_word' id='word_1_253' title='bbox 3462 1801 3602 1855; x_wconf 81' lang='lat' dir='ltr'><strong>velle</strong></span> 
     </span>
    </p>
   </div>
   <div class='ocr_carea' id='block_1_38' title="bbox 2035 1893 3599 1967">
    <p class='ocr_par' dir='ltr' id='par_1_38' title="bbox 2035 1893 3599 1967">
     <span class='ocr_line' id='line_1_38' title="bbox 2035 1893 3599 1967; baseline -0.004 -14"><span class='ocrx_word' id='word_1_254' title='bbox 2035 1898 2240 1964; x_wconf 80' lang='lat' dir='ltr'><strong>videri,</strong></span> <span class='ocrx_word' id='word_1_255' title='bbox 2268 1897 2363 1967; x_wconf 87' lang='lat' dir='ltr'><strong>qui</strong></span> <span class='ocrx_word' id='word_1_256' title='bbox 2416 1911 2522 1951; x_wconf 89' lang='lat' dir='ltr'><strong>non</strong></span> <span class='ocrx_word' id='word_1_257' title='bbox 2555 1896 2647 1951; x_wconf 87' lang='lat' dir='ltr'><strong>sit.</strong></span> <span class='ocrx_word' id='word_1_258' title='bbox 2674 1912 2694 1948; x_wconf 75' lang='grc' dir='ltr'><strong>ι</strong></span> <span class='ocrx_word' id='word_1_259' title='bbox 2750 1893 2870 1949; x_wconf 84' lang='lat' dir='ltr'><strong>Noli</strong></span> <span class='ocrx_word' id='word_1_260' title='bbox 2899 1908 2961 1950; x_wconf 86' lang='lat' dir='ltr'><strong>ea</strong></span> <span class='ocrx_word' id='word_1_261' title='bbox 2997 1909 3118 1963; x_wconf 70' lang='lat' dir='ltr'><strong>quae</strong></span> <span class='ocrx_word' id='word_1_262' title='bbox 3150 1900 3446 1963; x_wconf 86' lang='lat' dir='ltr'><strong>apparent,</strong></span> <span class='ocrx_word' id='word_1_263' title='bbox 3501 1893 3599 1947; x_wconf 83' lang='lat' dir='ltr'><strong>sed</strong></span> 
     </span>
    </p>
   </div>
   <div class='ocr_carea' id='block_1_39' title="bbox 2035 1983 3605 2058">
    <p class='ocr_par' dir='ltr' id='par_1_39' title="bbox 2035 1983 3605 2058">
     <span class='ocr_line' id='line_1_39' title="bbox 2035 1983 3605 2058; baseline -0.003 -16"><span class='ocrx_word' id='word_1_264' title='bbox 2035 2001 2157 2058; x_wconf 72' lang='lat' dir='ltr'><strong>qua:</strong></span> <span class='ocrx_word' id='word_1_265' title='bbox 2185 2001 2374 2044; x_wconf 81' lang='lat' dir='ltr'><strong>revera</strong></span> <span class='ocrx_word' id='word_1_266' title='bbox 2403 1987 2515 2042; x_wconf 84' lang='lat' dir='ltr'><strong>sint</strong></span> <span class='ocrx_word' id='word_1_267' title='bbox 2563 1988 2701 2041; x_wconf 83' lang='lat' dir='ltr'><strong>bona</strong></span> <span class='ocrx_word' id='word_1_268' title='bbox 2749 1985 2971 2041; x_wconf 86' lang='lat' dir='ltr'><strong>sectari.</strong></span> <span class='ocrx_word' id='word_1_269' title='bbox 3028 1985 3104 2040; x_wconf 84' lang='lat' dir='ltr'><strong>Ita</strong></span> <span class='ocrx_word' id='word_1_270' title='bbox 3136 1985 3265 2051; x_wconf 79' lang='lat' dir='ltr'><strong>net,</strong></span> <span class='ocrx_word' id='word_1_271' title='bbox 3305 1993 3363 2038; x_wconf 91' lang='lat' dir='ltr'><strong>ut</strong></span> <span class='ocrx_word' id='word_1_272' title='bbox 3390 1993 3445 2038; x_wconf 91' lang='lat' dir='ltr'><strong>et</strong></span> <span class='ocrx_word' id='word_1_273' title='bbox 3494 1983 3605 2038; x_wconf 85' lang='lat' dir='ltr'><strong>Deo</strong></span> 
     </span>
    </p>
   </div>
   <div class='ocr_carea' id='block_1_40' title="bbox 2034 2076 3596 2149">
    <p class='ocr_par' dir='ltr' id='par_1_40' title="bbox 2034 2076 3596 2149">
     <span class='ocr_line' id='line_1_40' title="bbox 2034 2076 3596 2149; baseline 0 -18"><span class='ocrx_word' id='word_1_274' title='bbox 2034 2080 2271 2149; x_wconf 80' lang='lat' dir='ltr'><strong>placeas,</strong></span> <span class='ocrx_word' id='word_1_275' title='bbox 2301 2077 2659 2147; x_wconf 79' lang='lat' dir='ltr'><strong>hominesque</strong></span> <span class='ocrx_word' id='word_1_276' title='bbox 2687 2085 2739 2132; x_wconf 92' lang='lat' dir='ltr'><strong>te</strong></span> <span class='ocrx_word' id='word_1_277' title='bbox 2757 2077 3205 2147; x_wconf 87' lang='lat' dir='ltr'><strong>complectantur,</strong></span> <span class='ocrx_word' id='word_1_278' title='bbox 3225 2084 3280 2130; x_wconf 91' lang='lat' dir='ltr'><strong>et</strong></span> <span class='ocrx_word' id='word_1_279' title='bbox 3306 2076 3359 2131; x_wconf 91' lang='lat' dir='ltr'><strong>in</strong></span> <span class='ocrx_word' id='word_1_280' title='bbox 3390 2076 3596 2146; x_wconf 84' lang='lat' dir='ltr'><strong>judicio</strong></span> 
     </span>
    </p>
   </div>
   <div class='ocr_carea' id='block_1_41' title="bbox 2038 2164 3603 2236">
    <p class='ocr_par' dir='ltr' id='par_1_41' title="bbox 2038 2164 3603 2236">
     <span class='ocr_line' id='line_1_41' title="bbox 2038 2164 3603 2236; baseline -0.002 -14"><span class='ocrx_word' id='word_1_281' title='bbox 2038 2168 2348 2236; x_wconf 89' lang='lat' dir='ltr'><strong>disceptans</strong></span> <span class='ocrx_word' id='word_1_282' title='bbox 2397 2165 2607 2236; x_wconf 85' lang='lat' dir='ltr'><strong>placide</strong></span> <span class='ocrx_word' id='word_1_283' title='bbox 2648 2166 2985 2236; x_wconf 80' lang='lat' dir='ltr'><strong>benigneque</strong></span> <span class='ocrx_word' id='word_1_284' title='bbox 3008 2166 3345 2234; x_wconf 86' lang='lat' dir='ltr'><strong>acquiescat,</strong></span> <span class='ocrx_word' id='word_1_285' title='bbox 3375 2164 3603 2220; x_wconf 80' lang='lat' dir='ltr'><strong>oblivis-</strong></span> 
     </span>
    </p>
   </div>
   <div class='ocr_carea' id='block_1_42' title="bbox 2040 2255 3221 2327">
    <p class='ocr_par' dir='ltr' id='par_1_42' title="bbox 2040 2255 3221 2327">
     <span class='ocr_line' id='line_1_42' title="bbox 2040 2255 3221 2327; baseline -0.002 -15"><span class='ocrx_word' id='word_1_286' title='bbox 2040 2265 2299 2327; x_wconf 83' lang='lat' dir='ltr'><strong>caturque</strong></span> <span class='ocrx_word' id='word_1_287' title='bbox 2326 2258 2564 2310; x_wconf 87' lang='lat' dir='ltr'><strong>animum</strong></span> <span class='ocrx_word' id='word_1_288' title='bbox 2598 2255 2913 2325; x_wconf 89' lang='lat' dir='ltr'><strong>deponendo</strong></span> <span class='ocrx_word' id='word_1_289' title='bbox 2946 2255 3221 2310; x_wconf 81' lang='lat' dir='ltr'><strong>infestum.</strong></span> 
     </span>
    </p>
   </div>
   <div class='ocr_carea' id='block_1_43' title="bbox 2477 2362 3182 2421">
    <p class='ocr_par' dir='ltr' id='par_1_43' title="bbox 2477 2362 3182 2421">
     <span class='ocr_line' id='line_1_43' title="bbox 2477 2362 3182 2421; baseline 0.001 -3"><span class='ocrx_word' id='word_1_290' title='bbox 2477 2363 2584 2418; x_wconf 79' lang='lat' dir='ltr'><strong>CL.</strong></span> <span class='ocrx_word' id='word_1_291' title='bbox 2628 2393 2691 2404; x_wconf 89' lang='lat'>—</span> <span class='ocrx_word' id='word_1_292' title='bbox 2728 2362 3182 2421; x_wconf 62' lang='lat' dir='ltr'><strong>CHEREMONI.</strong></span> 
     </span>
    </p>
   </div>
   <div class='ocr_carea' id='block_1_44' title="bbox 1072 2458 2910 2537">
    <p class='ocr_par' dir='ltr' id='par_1_44' title="bbox 1072 2458 2910 2537">
     <span class='ocr_line' id='line_1_44' title="bbox 1072 2458 2910 2537; baseline -0.006 -13"><span class='ocrx_word' id='word_1_293' title='bbox 1072 2469 1358 2534; x_wconf 83' lang='lat' dir='ltr'><strong>Hortatur,</strong></span> <span class='ocrx_word' id='word_1_294' title='bbox 1389 2477 1446 2522; x_wconf 90' lang='lat' dir='ltr'><strong>ut</strong></span> <span class='ocrx_word' id='word_1_295' title='bbox 1470 2467 1750 2537; x_wconf 86' lang='lat' dir='ltr'><strong>instigatus</strong></span> <span class='ocrx_word' id='word_1_296' title='bbox 1782 2463 2073 2532; x_wconf 79' lang='lat' dir='ltr'><strong>resipiscat,</strong></span> <span class='ocrx_word' id='word_1_297' title='bbox 2106 2474 2168 2513; x_wconf 87' lang='lat' dir='ltr'><strong>ne</strong></span> <span class='ocrx_word' id='word_1_298' title='bbox 2203 2473 2298 2527; x_wconf 86' lang='lat' dir='ltr'><strong>pro</strong></span> <span class='ocrx_word' id='word_1_299' title='bbox 2334 2459 2607 2527; x_wconf 68' lang='lat' dir='ltr'><strong>desperato</strong></span> <span class='ocrx_word' id='word_1_300' title='bbox 2636 2458 2910 2513; x_wconf 80' lang='lat' dir='ltr'><strong>habeatur.</strong></span> 
     </span>
    </p>
   </div>
   <div class='ocr_carea' id='block_1_45' title="bbox 437 2570 1932 2653">
    <p class='ocr_par' dir='ltr' id='par_1_45' title="bbox 437 2570 1932 2653">
     <span class='ocr_line' id='line_1_45' title="bbox 437 2570 1932 2653; baseline -0.013 -13"><span class='ocrx_word' id='word_1_301' title='bbox 437 2584 531 2653; x_wconf 80' lang='grc' dir='ltr'><strong>Μὴ</strong></span> <span class='ocrx_word' id='word_1_302' title='bbox 564 2583 792 2652; x_wconf 80' lang='grc' dir='ltr'>φαίνοιο,</span> <span class='ocrx_word' id='word_1_303' title='bbox 835 2574 881 2635; x_wconf 83' lang='grc' dir='ltr'>ὧ</span> <span class='ocrx_word' id='word_1_304' title='bbox 911 2579 1175 2650; x_wconf 81' lang='grc' dir='ltr'>βέλτιστε,</span> <span class='ocrx_word' id='word_1_305' title='bbox 1226 2574 1561 2646; x_wconf 85' lang='grc' dir='ltr'>ἀγριώτερον</span> <span class='ocrx_word' id='word_1_306' title='bbox 1602 2571 1795 2636; x_wconf 86' lang='grc' dir='ltr'>νοσῶν,</span> <span class='ocrx_word' id='word_1_307' title='bbox 1845 2570 1932 2639; x_wconf 74' lang='grc' dir='ltr'><strong>ἐφ’</strong></span> 
     </span>
    </p>
   </div>
   <div class='ocr_carea' id='block_1_46' title="bbox 367 2659 1932 2745">
    <p class='ocr_par' dir='ltr' id='par_1_46' title="bbox 367 2659 1932 2745">
     <span class='ocr_line' id='line_1_46' title="bbox 367 2659 1932 2745; baseline -0.012 -15"><span class='ocrx_word' id='word_1_308' title='bbox 367 2672 564 2745; x_wconf 71' lang='grc' dir='ltr'>οἷσπερ</span> <span class='ocrx_word' id='word_1_309' title='bbox 602 2674 760 2735; x_wconf 81' lang='grc' dir='ltr'>ἁλοὺς</span> <span class='ocrx_word' id='word_1_310' title='bbox 812 2670 1002 2741; x_wconf 86' lang='grc' dir='ltr'>πρώην</span> <span class='ocrx_word' id='word_1_311' title='bbox 1054 2668 1210 2737; x_wconf 88' lang='grc' dir='ltr'>δίκην</span> <span class='ocrx_word' id='word_1_312' title='bbox 1262 2666 1499 2727; x_wconf 88' lang='grc' dir='ltr'>δέδωκας</span> <span class='ocrx_word' id='word_1_313' title='bbox 1526 2677 1543 2693; x_wconf 86' lang='grc'><strong>·</strong></span> <span class='ocrx_word' id='word_1_314' title='bbox 1596 2662 1683 2715; x_wconf 81' lang='grc' dir='ltr'><strong>ῑνα</strong></span> <span class='ocrx_word' id='word_1_315' title='bbox 1736 2660 1810 2731; x_wconf 81' lang='grc' dir='ltr'>μὴ</span> <span class='ocrx_word' id='word_1_316' title='bbox 1856 2659 1932 2724; x_wconf 89' lang='grc' dir='ltr'><strong>ώς</strong></span> 
     </span>
    </p>
   </div>
   <div class='ocr_carea' id='block_1_47' title="bbox 370 2752 1931 2837">
    <p class='ocr_par' dir='ltr' id='par_1_47' title="bbox 370 2752 1931 2837">
     <span class='ocr_line' id='line_1_47' title="bbox 370 2752 1931 2837; baseline -0.012 -15"><span class='ocrx_word' id='word_1_317' title='bbox 370 2769 696 2837; x_wconf 78' lang='grc' dir='ltr'>ἀνάλγητος,</span> <span class='ocrx_word' id='word_1_318' title='bbox 747 2764 840 2817; x_wconf 80' lang='grc' dir='ltr'>καὶ</span> <span class='ocrx_word' id='word_1_319' title='bbox 905 2761 1042 2833; x_wconf 82' lang='grc' dir='ltr'>μηδὲ</span> <span class='ocrx_word' id='word_1_320' title='bbox 1090 2761 1159 2829; x_wconf 77' lang='grc' dir='ltr'>τῇ</span> <span class='ocrx_word' id='word_1_321' title='bbox 1209 2756 1451 2828; x_wconf 78' lang='grc' dir='ltr'>τιμωρίᾳ</span> <span class='ocrx_word' id='word_1_322' title='bbox 1521 2752 1931 2825; x_wconf 74' lang='grc' dir='ltr'>σωφρονισθεὶς,</span> 
     </span>
    </p>
   </div>
   <div class='ocr_carea' id='block_1_48' title="bbox 372 2854 831 2927">
    <p class='ocr_par' dir='ltr' id='par_1_48' title="bbox 372 2854 831 2927">
     <span class='ocr_line' id='line_1_48' title="bbox 372 2854 831 2927; baseline -0.017 -13"><span class='ocrx_word' id='word_1_323' title='bbox 372 2854 831 2927; x_wconf 82' lang='grc' dir='ltr'>καταγνωσθείης.</span> 
     </span>
    </p>
   </div>
   <div class='ocr_carea' id='block_1_49' title="bbox 826 2956 1482 3028">
    <p class='ocr_par' dir='ltr' id='par_1_49' title="bbox 826 2956 1482 3028">
     <span class='ocr_line' id='line_1_49' title="bbox 826 2956 1482 3028; baseline -0.009 -13"><span class='ocrx_word' id='word_1_324' title='bbox 826 2960 1001 3015; x_wconf 86' lang='lat' dir='ltr'><strong>PNA’.</strong></span> <span class='ocrx_word' id='word_1_325' title='bbox 1036 2990 1106 3001; x_wconf 92' lang='lat'><strong>—</strong></span> <span class='ocrx_word' id='word_1_326' title='bbox 1154 2956 1243 3028; x_wconf 71' lang='lat' dir='ltr'><strong>Ta</strong></span> <span class='ocrx_word' id='word_1_327' title='bbox 1280 2956 1482 3023; x_wconf 68' lang='lat' dir='ltr'><strong>arm.</strong></span> 
     </span>
    </p>
   </div>
   <div class='ocr_carea' id='block_1_50' title="bbox 2109 2566 3601 2634">
    <p class='ocr_par' dir='ltr' id='par_1_50' title="bbox 2109 2566 3601 2634">
     <span class='ocr_line' id='line_1_50' title="bbox 2109 2566 3601 2634; baseline -0.003 -11"><span class='ocrx_word' id='word_1_328' title='bbox 2109 2567 2187 2623; x_wconf 74' lang='lat' dir='ltr'><strong>Ne</strong></span> <span class='ocrx_word' id='word_1_329' title='bbox 2217 2568 2478 2633; x_wconf 78' lang='lat' dir='ltr'><strong>ferocius,</strong></span> <span class='ocrx_word' id='word_1_330' title='bbox 2515 2568 2751 2621; x_wconf 89' lang='lat' dir='ltr'><strong>virorum</strong></span> <span class='ocrx_word' id='word_1_331' title='bbox 2781 2569 2981 2634; x_wconf 83' lang='lat' dir='ltr'><strong>optime</strong></span> <span class='ocrx_word' id='word_1_332' title='bbox 3000 2608 3015 2633; x_wconf 93' lang='lat'><strong>,</strong></span> <span class='ocrx_word' id='word_1_333' title='bbox 3065 2567 3311 2621; x_wconf 86' lang='lat' dir='ltr'><strong>laborare</strong></span> <span class='ocrx_word' id='word_1_334' title='bbox 3343 2566 3601 2631; x_wconf 84' lang='lat' dir='ltr'><strong>videaris,</strong></span> 
     </span>
    </p>
   </div>
   <div class='ocr_carea' id='block_1_51' title="bbox 2039 2657 3605 2729">
    <p class='ocr_par' dir='ltr' id='par_1_51' title="bbox 2039 2657 3605 2729">
     <span class='ocr_line' id='line_1_51' title="bbox 2039 2657 3605 2729; baseline -0.002 -19"><span class='ocrx_word' id='word_1_335' title='bbox 2039 2676 2139 2729; x_wconf 87' lang='lat' dir='ltr'><strong>pro</strong></span> <span class='ocrx_word' id='word_1_336' title='bbox 2161 2659 2357 2727; x_wconf 86' lang='lat' dir='ltr'><strong>quibus</strong></span> <span class='ocrx_word' id='word_1_337' title='bbox 2385 2672 2557 2727; x_wconf 89' lang='lat' dir='ltr'><strong>nuper</strong></span> <span class='ocrx_word' id='word_1_338' title='bbox 2585 2657 2832 2711; x_wconf 83' lang='lat' dir='ltr'><strong>detentus</strong></span> <span class='ocrx_word' id='word_1_339' title='bbox 2862 2671 3049 2724; x_wconf 60' lang='lat' dir='ltr'><strong>pugnas</strong></span> <span class='ocrx_word' id='word_1_340' title='bbox 3100 2657 3313 2722; x_wconf 83' lang='lat' dir='ltr'><strong>dedisti,</strong></span> <span class='ocrx_word' id='word_1_341' title='bbox 3345 2672 3414 2711; x_wconf 88' lang='lat' dir='ltr'><strong>ne</strong></span> <span class='ocrx_word' id='word_1_342' title='bbox 3440 2671 3605 2725; x_wconf 85' lang='lat' dir='ltr'><strong>agno-</strong></span> 
     </span>
    </p>
   </div>
   <div class='ocr_carea' id='block_1_52' title="bbox 2041 2747 3612 2818">
    <p class='ocr_par' dir='ltr' id='par_1_52' title="bbox 2041 2747 3612 2818">
     <span class='ocr_line' id='line_1_52' title="bbox 2041 2747 3612 2818; baseline -0.005 -11"><span class='ocrx_word' id='word_1_343' title='bbox 2041 2751 2216 2807; x_wconf 84' lang='lat' dir='ltr'><strong>scaris</strong></span> <span class='ocrx_word' id='word_1_344' title='bbox 2271 2759 2331 2803; x_wconf 92' lang='lat' dir='ltr'><strong>ut</strong></span> <span class='ocrx_word' id='word_1_345' title='bbox 2388 2748 2735 2818; x_wconf 76' lang='lat' dir='ltr'><strong>impmuitens</strong></span> <span class='ocrx_word' id='word_1_346' title='bbox 2762 2762 2827 2801; x_wconf 87' lang='lat' dir='ltr'><strong>ac</strong></span> <span class='ocrx_word' id='word_1_347' title='bbox 2887 2761 3047 2814; x_wconf 70' lang='lat' dir='ltr'><strong>paena</strong></span> <span class='ocrx_word' id='word_1_348' title='bbox 3098 2747 3323 2801; x_wconf 90' lang='lat' dir='ltr'><strong>minime</strong></span> <span class='ocrx_word' id='word_1_349' title='bbox 3372 2747 3612 2801; x_wconf 86' lang='lat' dir='ltr'><strong>redditus</strong></span> 
     </span>
    </p>
   </div>
   <div class='ocr_carea' id='block_1_53' title="bbox 1966 2842 2375 2948">
    <p class='ocr_par' dir='ltr' id='par_1_53' title="bbox 1966 2842 2375 2948">
     <span class='ocr_line' id='line_1_53' title="bbox 1966 2842 2375 2948; baseline -0.002 -52"><span class='ocrx_word' id='word_1_350' title='bbox 1966 2892 2009 2948; x_wconf 63' lang='grc' dir='ltr'>ο</span> <span class='ocrx_word' id='word_1_351' title='bbox 2041 2842 2375 2910; x_wconf 87' lang='lat' dir='ltr'><strong>prudentior.</strong></span> 
     </span>
    </p>
   </div>
   <div class='ocr_carea' id='block_1_54' title="bbox 2573 2944 3090 3001">
    <p class='ocr_par' dir='ltr' id='par_1_54' title="bbox 2573 2944 3090 3001">
     <span class='ocr_line' id='line_1_54' title="bbox 2573 2944 3090 3001; baseline -0.006 0"><span class='ocrx_word' id='word_1_352' title='bbox 2573 2945 2702 3001; x_wconf 86' lang='lat' dir='ltr'><strong>CLI.</strong></span> <span class='ocrx_word' id='word_1_353' title='bbox 2742 2974 2812 2985; x_wconf 91' lang='lat'><strong>—</strong></span> <span class='ocrx_word' id='word_1_354' title='bbox 2860 2944 3090 2999; x_wconf 82' lang='lat' dir='ltr'><strong>EIDEM.</strong></span> 
     </span>
    </p>
   </div>
   <div class='ocr_carea' id='block_1_55' title="bbox 804 3036 3194 3117">
    <p class='ocr_par' dir='ltr' id='par_1_55' title="bbox 804 3036 3194 3117">
     <span class='ocr_line' id='line_1_55' title="bbox 804 3036 3194 3117; baseline -0.008 -11"><span class='ocrx_word' id='word_1_355' title='bbox 804 3053 1091 3117; x_wconf 80' lang='lat' dir='ltr'><strong>Bonorum,</strong></span> <span class='ocrx_word' id='word_1_356' title='bbox 1124 3066 1228 3102; x_wconf 82' lang='lat' dir='ltr'><strong>non</strong></span> <span class='ocrx_word' id='word_1_357' title='bbox 1277 3046 1535 3100; x_wconf 81' lang='lat' dir='ltr'><strong>malorum</strong></span> <span class='ocrx_word' id='word_1_358' title='bbox 1566 3043 1799 3111; x_wconf 78' lang='lat' dir='ltr'><strong>exentpla</strong></span> <span class='ocrx_word' id='word_1_359' title='bbox 1850 3037 2133 3093; x_wconf 85' lang='lat' dir='ltr'><strong>imitanda.</strong></span> <span class='ocrx_word' id='word_1_360' title='bbox 2170 3036 2428 3106; x_wconf 73' lang='lat' dir='ltr'><strong>Exempla</strong></span> <span class='ocrx_word' id='word_1_361' title='bbox 2468 3053 2569 3091; x_wconf 84' lang='lat' dir='ltr'><strong>non</strong></span> <span class='ocrx_word' id='word_1_362' title='bbox 2608 3046 2859 3092; x_wconf 75' lang='lat' dir='ltr'><strong>excusant</strong></span> <span class='ocrx_word' id='word_1_363' title='bbox 2905 3048 3194 3104; x_wconf 85' lang='lat' dir='ltr'><strong>peccatum.</strong></span> 
     </span>
    </p>
   </div>
   <div class='ocr_carea' id='block_1_56' title="bbox 442 3131 1949 3215">
    <p class='ocr_par' dir='ltr' id='par_1_56' title="bbox 442 3131 1949 3215">
     <span class='ocr_line' id='line_1_56' title="bbox 442 3131 1949 3215; baseline -0.013 -13"><span class='ocrx_word' id='word_1_364' title='bbox 442 3148 580 3202; x_wconf 77' lang='grc' dir='ltr'>Κατ’</span> <span class='ocrx_word' id='word_1_365' title='bbox 609 3147 755 3215; x_wconf 75' lang='grc' dir='ltr'>ἴχνος</span> <span class='ocrx_word' id='word_1_366' title='bbox 782 3144 889 3214; x_wconf 81' lang='grc' dir='ltr'><strong>χρὴ</strong></span> <span class='ocrx_word' id='word_1_367' title='bbox 922 3142 1124 3213; x_wconf 84' lang='grc' dir='ltr'>βαίνειν</span> <span class='ocrx_word' id='word_1_368' title='bbox 1152 3138 1261 3191; x_wconf 91' lang='grc' dir='ltr'><strong>τῶν</strong></span> <span class='ocrx_word' id='word_1_369' title='bbox 1300 3138 1428 3199; x_wconf 83' lang='grc' dir='ltr'>τοὺς</span> <span class='ocrx_word' id='word_1_370' title='bbox 1455 3134 1635 3196; x_wconf 85' lang='grc' dir='ltr'>θείους</span> <span class='ocrx_word' id='word_1_371' title='bbox 1682 3131 1949 3202; x_wconf 81' lang='grc' dir='ltr'>φυλαξάν-</span> 
     </span>
    </p>
   </div>
   <div class='ocr_carea' id='block_1_57' title="bbox 372 3221 1949 3309">
    <p class='ocr_par' dir='ltr' id='par_1_57' title="bbox 372 3221 1949 3309">
     <span class='ocr_line' id='line_1_57' title="bbox 372 3221 1949 3309; baseline -0.013 -14"><span class='ocrx_word' id='word_1_372' title='bbox 372 3258 482 3296; x_wconf 91' lang='grc' dir='ltr'><strong>των</strong></span> <span class='ocrx_word' id='word_1_373' title='bbox 505 3239 722 3309; x_wconf 88' lang='grc' dir='ltr'>νόμους,</span> <span class='ocrx_word' id='word_1_374' title='bbox 754 3234 890 3289; x_wconf 84' lang='grc' dir='ltr'><strong>ἀλλά</strong></span> <span class='ocrx_word' id='word_1_375' title='bbox 921 3234 996 3303; x_wconf 77' lang='grc' dir='ltr'>μὴ</span> <span class='ocrx_word' id='word_1_376' title='bbox 1022 3230 1129 3284; x_wconf 89' lang='grc' dir='ltr'><strong>τῶν</strong></span> <span class='ocrx_word' id='word_1_377' title='bbox 1152 3225 1617 3297; x_wconf 85' lang='grc' dir='ltr'>παραϐεϐηκότων</span> <span class='ocrx_word' id='word_1_378' title='bbox 1644 3222 1858 3286; x_wconf 87' lang='grc' dir='ltr'>αὐτούς·</span> <span class='ocrx_word' id='word_1_379' title='bbox 1888 3221 1949 3275; x_wconf 74' lang='grc' dir='ltr'><strong>τδ</strong></span> 
     </span>
    </p>
   </div>
   <div class='ocr_carea' id='block_1_58' title="bbox 380 3314 1945 3405">
    <p class='ocr_par' dir='ltr' id='par_1_58' title="bbox 380 3314 1945 3405">
     <span class='ocr_line' id='line_1_58' title="bbox 380 3314 1945 3405; baseline -0.013 -18"><span class='ocrx_word' id='word_1_380' title='bbox 380 3336 479 3405; x_wconf 81' lang='grc' dir='ltr'><strong>μὲν</strong></span> <span class='ocrx_word' id='word_1_381' title='bbox 512 3332 618 3402; x_wconf 86' lang='grc' dir='ltr'>γὰρ</span> <span class='ocrx_word' id='word_1_382' title='bbox 647 3327 908 3398; x_wconf 76' lang='grc' dir='ltr'>ἀσφαλὲς,</span> <span class='ocrx_word' id='word_1_383' title='bbox 938 3324 1001 3379; x_wconf 84' lang='grc' dir='ltr'>τὸ</span> <span class='ocrx_word' id='word_1_384' title='bbox 1026 3324 1083 3378; x_wconf 87' lang='grc' dir='ltr'>δὲ</span> <span class='ocrx_word' id='word_1_385' title='bbox 1109 3321 1397 3393; x_wconf 81' lang='grc' dir='ltr'>σφαλερὸν,</span> <span class='ocrx_word' id='word_1_386' title='bbox 1427 3320 1509 3373; x_wconf 87' lang='grc' dir='ltr'><strong>διὸ</strong></span> <span class='ocrx_word' id='word_1_387' title='bbox 1534 3318 1655 3372; x_wconf 84' lang='grc' dir='ltr'>οὐδὲ</span> <span class='ocrx_word' id='word_1_388' title='bbox 1685 3314 1945 3385; x_wconf 78' lang='grc' dir='ltr'>ζηλωτόν.</span> 
     </span>
    </p>
   </div>
   <div class='ocr_carea' id='block_1_59' title="bbox 380 3405 1945 3493">
    <p class='ocr_par' dir='ltr' id='par_1_59' title="bbox 380 3405 1945 3493">
     <span class='ocr_line' id='line_1_59' title="bbox 380 3405 1945 3493; baseline -0.013 -16"><span class='ocrx_word' id='word_1_389' title='bbox 380 3424 458 3477; x_wconf 80' lang='grc' dir='ltr'><strong>Δι’</strong></span> <span class='ocrx_word' id='word_1_390' title='bbox 485 3424 551 3493; x_wconf 80' lang='grc' dir='ltr'>ἦν</span> <span class='ocrx_word' id='word_1_391' title='bbox 577 3420 758 3475; x_wconf 78' lang='grc' dir='ltr'>αἰτίαν</span> <span class='ocrx_word' id='word_1_392' title='bbox 776 3416 959 3469; x_wconf 88' lang='grc' dir='ltr'>τοίνυν</span> <span class='ocrx_word' id='word_1_393' title='bbox 1005 3413 1232 3467; x_wconf 77' lang='grc' dir='ltr'>τοιαῦτα</span> <span class='ocrx_word' id='word_1_394' title='bbox 1277 3410 1417 3481; x_wconf 88' lang='grc' dir='ltr'>δρῶν</span> <span class='ocrx_word' id='word_1_395' title='bbox 1440 3411 1539 3463; x_wconf 87' lang='grc' dir='ltr'><strong>οὐκ</strong></span> <span class='ocrx_word' id='word_1_396' title='bbox 1567 3407 1736 3473; x_wconf 83' lang='grc' dir='ltr'>ἀξιοῖς</span> <span class='ocrx_word' id='word_1_397' title='bbox 1762 3405 1945 3459; x_wconf 84' lang='grc' dir='ltr'>δοῦναι</span> 
     </span>
    </p>
   </div>
   <div class='ocr_carea' id='block_1_60' title="bbox 382 3496 1938 3583">
    <p class='ocr_par' dir='ltr' id='par_1_60' title="bbox 382 3496 1938 3583">
     <span class='ocr_line' id='line_1_60' title="bbox 382 3496 1938 3583; baseline -0.013 -14"><span class='ocrx_word' id='word_1_398' title='bbox 382 3516 539 3583; x_wconf 81' lang='grc' dir='ltr'>δίκην</span> <span class='ocrx_word' id='word_1_399' title='bbox 565 3531 579 3579; x_wconf 89' lang='grc'>;</span> <span class='ocrx_word' id='word_1_400' title='bbox 614 3510 803 3579; x_wconf 71' lang='grc' dir='ltr'>ἐπειδή</span> <span class='ocrx_word' id='word_1_401' title='bbox 838 3523 981 3569; x_wconf 88' lang='grc' dir='ltr'>τινες</span> <span class='ocrx_word' id='word_1_402' title='bbox 1003 3506 1301 3575; x_wconf 83' lang='grc' dir='ltr'>δράσαντες</span> <span class='ocrx_word' id='word_1_403' title='bbox 1332 3503 1392 3556; x_wconf 90' lang='grc' dir='ltr'><strong>οὐ</strong></span> <span class='ocrx_word' id='word_1_404' title='bbox 1420 3501 1716 3555; x_wconf 86' lang='grc' dir='ltr'>δεδώκασιν</span> <span class='ocrx_word' id='word_1_405' title='bbox 1745 3496 1938 3552; x_wconf 77' lang='grc' dir='ltr'>ενταῦ-</span> 
     </span>
    </p>
   </div>
   <div class='ocr_carea' id='block_1_61' title="bbox 384 3588 1943 3665">
    <p class='ocr_par' dir='ltr' id='par_1_61' title="bbox 384 3588 1943 3665">
     <span class='ocr_line' id='line_1_61' title="bbox 384 3588 1943 3665; baseline -0.01 -6"><span class='ocrx_word' id='word_1_406' title='bbox 384 3606 473 3659; x_wconf 87' lang='grc' dir='ltr'>θα.</span> <span class='ocrx_word' id='word_1_407' title='bbox 528 3603 661 3656; x_wconf 82' lang='grc' dir='ltr'>Ἀλλ’</span> <span class='ocrx_word' id='word_1_408' title='bbox 720 3600 851 3665; x_wconf 87' lang='grc' dir='ltr'>ῐσθι,</span> <span class='ocrx_word' id='word_1_409' title='bbox 891 3599 974 3653; x_wconf 82' lang='grc' dir='ltr'><strong>ὅτι</strong></span> <span class='ocrx_word' id='word_1_410' title='bbox 1022 3595 1208 3650; x_wconf 74' lang='grc' dir='ltr'>πολλοὶ</span> <span class='ocrx_word' id='word_1_411' title='bbox 1252 3594 1350 3665; x_wconf 83' lang='grc' dir='ltr'><strong>μὲν</strong></span> <span class='ocrx_word' id='word_1_412' title='bbox 1396 3589 1674 3646; x_wconf 77' lang='grc' dir='ltr'>κάνταῦθα</span> <span class='ocrx_word' id='word_1_413' title='bbox 1732 3588 1943 3643; x_wconf 76' lang='grc' dir='ltr'>ἔδοσαν.</span> 
     </span>
    </p>
   </div>
   <div class='ocr_carea' id='block_1_62' title="bbox 384 3681 1945 3759">
    <p class='ocr_par' dir='ltr' id='par_1_62' title="bbox 384 3681 1945 3759">
     <span class='ocr_line' id='line_1_62' title="bbox 384 3681 1945 3759; baseline -0.01 -11"><span class='ocrx_word' id='word_1_414' title='bbox 384 3698 449 3749; x_wconf 87' lang='grc' dir='ltr'><strong>Εἰ</strong></span> <span class='ocrx_word' id='word_1_415' title='bbox 475 3695 532 3747; x_wconf 81' lang='grc' dir='ltr'><strong>δέ</strong></span> <span class='ocrx_word' id='word_1_416' title='bbox 571 3709 715 3755; x_wconf 85' lang='grc' dir='ltr'>τινες</span> <span class='ocrx_word' id='word_1_417' title='bbox 758 3692 1030 3759; x_wconf 80' lang='grc' dir='ltr'>διέφυγον,</span> <span class='ocrx_word' id='word_1_418' title='bbox 1074 3687 1165 3741; x_wconf 76' lang='grc' dir='ltr'><strong>ἐπὶ</strong></span> <span class='ocrx_word' id='word_1_419' title='bbox 1213 3683 1367 3755; x_wconf 85' lang='grc' dir='ltr'>κακῷ</span> <span class='ocrx_word' id='word_1_420' title='bbox 1402 3684 1503 3752; x_wconf 80' lang='grc' dir='ltr'>τῆς</span> <span class='ocrx_word' id='word_1_421' title='bbox 1535 3681 1743 3736; x_wconf 80' lang='grc' dir='ltr'>ἑαυτῶν</span> <span class='ocrx_word' id='word_1_422' title='bbox 1773 3696 1945 3750; x_wconf 82' lang='grc' dir='ltr'>κεφα-</span> 
     </span>
    </p>
   </div>
   <div class='ocr_carea' id='block_1_63' title="bbox 384 3772 1944 3855">
    <p class='ocr_par' dir='ltr' id='par_1_63' title="bbox 384 3772 1944 3855">
     <span class='ocr_line' id='line_1_63' title="bbox 384 3772 1944 3855; baseline -0.008 -18"><span class='ocrx_word' id='word_1_423' title='bbox 384 3785 505 3855; x_wconf 70' lang='grc' dir='ltr'>λῆς*</span> <span class='ocrx_word' id='word_1_424' title='bbox 537 3780 861 3840; x_wconf 81' lang='grc' dir='ltr'>ἀπελθόντες</span> <span class='ocrx_word' id='word_1_425' title='bbox 882 3780 1011 3847; x_wconf 83' lang='grc' dir='ltr'>γὰρ,</span> <span class='ocrx_word' id='word_1_426' title='bbox 1039 3778 1158 3831; x_wconf 74' lang='grc' dir='ltr'>ἐκεῖ</span> <span class='ocrx_word' id='word_1_427' title='bbox 1176 3776 1403 3831; x_wconf 87' lang='grc' dir='ltr'>δώσουσι</span> <span class='ocrx_word' id='word_1_428' title='bbox 1429 3773 1813 3845; x_wconf 81' lang='grc' dir='ltr'>χαλεπωτέραν</span> <span class='ocrx_word' id='word_1_429' title='bbox 1831 3788 1845 3804; x_wconf 75' lang='grc' dir='ltr'><strong>ο</strong></span> <span class='ocrx_word' id='word_1_430' title='bbox 1879 3772 1944 3825; x_wconf 82' lang='grc' dir='ltr'><strong>σύ</strong></span> 
     </span>
    </p>
   </div>
   <div class='ocr_carea' id='block_1_64' title="bbox 387 3861 1946 3941">
    <p class='ocr_par' dir='ltr' id='par_1_64' title="bbox 387 3861 1946 3941">
     <span class='ocr_line' id='line_1_64' title="bbox 387 3861 1946 3941; baseline -0.008 -13"><span class='ocrx_word' id='word_1_431' title='bbox 387 3876 445 3929; x_wconf 79' lang='grc' dir='ltr'>δὲ</span> <span class='ocrx_word' id='word_1_432' title='bbox 476 3872 641 3926; x_wconf 77' lang='grc' dir='ltr'>ὅτιτὸ</span> <span class='ocrx_word' id='word_1_433' title='bbox 677 3870 953 3941; x_wconf 79' lang='grc' dir='ltr'>ἀζήλωτον</span> <span class='ocrx_word' id='word_1_434' title='bbox 983 3868 1278 3940; x_wconf 76' lang='grc' dir='ltr'>ὲζήλωσας,</span> <span class='ocrx_word' id='word_1_435' title='bbox 1324 3865 1544 3937; x_wconf 74' lang='grc' dir='ltr'>μείζονα</span> <span class='ocrx_word' id='word_1_436' title='bbox 1592 3864 1807 3926; x_wconf 86' lang='grc' dir='ltr'>πάντως</span> <span class='ocrx_word' id='word_1_437' title='bbox 1847 3861 1946 3933; x_wconf 84' lang='grc' dir='ltr'><strong>μὲν</strong></span> 
     </span>
    </p>
   </div>
   <div class='ocr_carea' id='block_1_65' title="bbox 390 3952 1946 4026">
    <p class='ocr_par' dir='ltr' id='par_1_65' title="bbox 390 3952 1946 4026">
     <span class='ocr_line' id='line_1_65' title="bbox 390 3952 1946 4026; baseline -0.007 -11"><span class='ocrx_word' id='word_1_438' title='bbox 390 3964 526 4015; x_wconf 79' lang='grc' dir='ltr'>ἐκεῖ.</span> <span class='ocrx_word' id='word_1_439' title='bbox 596 3958 739 4013; x_wconf 86' lang='grc' dir='ltr'>Ἐσθ’</span> <span class='ocrx_word' id='word_1_440' title='bbox 787 3959 875 4011; x_wconf 85' lang='grc' dir='ltr'>ὅτε</span> <span class='ocrx_word' id='word_1_441' title='bbox 908 3956 966 4011; x_wconf 85' lang='grc' dir='ltr'>δὲ</span> <span class='ocrx_word' id='word_1_442' title='bbox 1010 3956 1289 4019; x_wconf 78' lang='grc' dir='ltr'>κάνταῦθα</span> <span class='ocrx_word' id='word_1_443' title='bbox 1314 3956 1471 4026; x_wconf 89' lang='grc' dir='ltr'>δίκην</span> <span class='ocrx_word' id='word_1_444' title='bbox 1515 3954 1663 4025; x_wconf 86' lang='grc' dir='ltr'>δοίης</span> <span class='ocrx_word' id='word_1_445' title='bbox 1688 3973 1701 3987; x_wconf 76' lang='grc' dir='ltr'><strong><em>ο</em></strong></span> <span class='ocrx_word' id='word_1_446' title='bbox 1735 3954 1795 4006; x_wconf 91' lang='grc' dir='ltr'><strong>οὐ</strong></span> <span class='ocrx_word' id='word_1_447' title='bbox 1836 3952 1946 4023; x_wconf 87' lang='grc' dir='ltr'><strong>γὰρ</strong></span> 
     </span>
    </p>
   </div>
   <div class='ocr_carea' id='block_1_66' title="bbox 391 4044 1948 4118">
    <p class='ocr_par' dir='ltr' id='par_1_66' title="bbox 391 4044 1948 4118">
     <span class='ocr_line' id='line_1_66' title="bbox 391 4044 1948 4118; baseline -0.003 -15"><span class='ocrx_word' id='word_1_448' title='bbox 391 4052 447 4105; x_wconf 85' lang='grc' dir='ltr'><strong>εῐ</strong></span> <span class='ocrx_word' id='word_1_449' title='bbox 494 4059 576 4101; x_wconf 84' lang='grc' dir='ltr'>τι·</span> <span class='ocrx_word' id='word_1_450' title='bbox 603 4050 662 4102; x_wconf 85' lang='grc' dir='ltr'>ὲν</span> <span class='ocrx_word' id='word_1_451' title='bbox 721 4051 833 4112; x_wconf 87' lang='grc' dir='ltr'>τοῖς</span> <span class='ocrx_word' id='word_1_452' title='bbox 892 4047 1291 4118; x_wconf 87' lang='grc' dir='ltr'>παρεληλυθόσι</span> <span class='ocrx_word' id='word_1_453' title='bbox 1346 4046 1559 4118; x_wconf 86' lang='grc' dir='ltr'>χρόνοις</span> <span class='ocrx_word' id='word_1_454' title='bbox 1635 4044 1948 4116; x_wconf 85' lang='grc' dir='ltr'>παράλογον</span> 
     </span>
    </p>
   </div>
   <div class='ocr_carea' id='block_1_67' title="bbox 2126 3144 3613 3215">
    <p class='ocr_par' dir='ltr' id='par_1_67' title="bbox 2126 3144 3613 3215">
     <span class='ocr_line' id='line_1_67' title="bbox 2126 3144 3613 3215; baseline 0.001 -15"><span class='ocrx_word' id='word_1_455' title='bbox 2126 3146 2323 3201; x_wconf 89' lang='lat' dir='ltr'><strong>Eorum</strong></span> <span class='ocrx_word' id='word_1_456' title='bbox 2360 3146 2599 3215; x_wconf 83' lang='lat' dir='ltr'><strong>vestigiis</strong></span> <span class='ocrx_word' id='word_1_457' title='bbox 2650 3146 3044 3211; x_wconf 83' lang='lat' dir='ltr'><strong>insistendum,</strong></span> <span class='ocrx_word' id='word_1_458' title='bbox 3098 3146 3189 3214; x_wconf 90' lang='lat' dir='ltr'><strong>qui</strong></span> <span class='ocrx_word' id='word_1_459' title='bbox 3231 3144 3464 3199; x_wconf 88' lang='lat' dir='ltr'><strong>divinam</strong></span> <span class='ocrx_word' id='word_1_460' title='bbox 3512 3148 3613 3202; x_wconf 53' lang='lat' dir='ltr'><strong>ob-</strong></span> 
     </span>
    </p>
   </div>
   <div class='ocr_carea' id='block_1_68' title="bbox 2051 3237 3615 3308">
    <p class='ocr_par' dir='ltr' id='par_1_68' title="bbox 2051 3237 3615 3308">
     <span class='ocr_line' id='line_1_68' title="bbox 2051 3237 3615 3308; baseline -0.001 -14"><span class='ocrx_word' id='word_1_461' title='bbox 2051 3247 2335 3294; x_wconf 87' lang='lat' dir='ltr'><strong>servarunt</strong></span> <span class='ocrx_word' id='word_1_462' title='bbox 2368 3237 2559 3308; x_wconf 82' lang='lat' dir='ltr'><strong>legem,</strong></span> <span class='ocrx_word' id='word_1_463' title='bbox 2593 3252 2700 3293; x_wconf 88' lang='lat' dir='ltr'><strong>non</strong></span> <span class='ocrx_word' id='word_1_464' title='bbox 2733 3237 2825 3307; x_wconf 87' lang='lat' dir='ltr'><strong>qui</strong></span> <span class='ocrx_word' id='word_1_465' title='bbox 2858 3250 2975 3291; x_wconf 89' lang='lat' dir='ltr'><strong>eam</strong></span> <span class='ocrx_word' id='word_1_466' title='bbox 3011 3237 3331 3307; x_wconf 76' lang='lat' dir='ltr'><strong>transgressi</strong></span> <span class='ocrx_word' id='word_1_467' title='bbox 3362 3240 3615 3306; x_wconf 74' lang='lat' dir='ltr'><strong>prmvari-</strong></span> 
     </span>
    </p>
   </div>
   <div class='ocr_carea' id='block_1_69' title="bbox 2049 3327 3615 3395">
    <p class='ocr_par' dir='ltr' id='par_1_69' title="bbox 2049 3327 3615 3395">
     <span class='ocr_line' id='line_1_69' title="bbox 2049 3327 3615 3395; baseline 0 -10"><span class='ocrx_word' id='word_1_468' title='bbox 2049 3331 2154 3385; x_wconf 87' lang='lat' dir='ltr'><strong>cati</strong></span> <span class='ocrx_word' id='word_1_469' title='bbox 2196 3341 2341 3385; x_wconf 91' lang='lat' dir='ltr'><strong>sunt.</strong></span> <span class='ocrx_word' id='word_1_470' title='bbox 2404 3327 2538 3383; x_wconf 89' lang='lat' dir='ltr'><strong>Illud</strong></span> <span class='ocrx_word' id='word_1_471' title='bbox 2572 3329 2718 3383; x_wconf 90' lang='lat' dir='ltr'><strong>enim</strong></span> <span class='ocrx_word' id='word_1_472' title='bbox 2755 3336 2931 3382; x_wconf 92' lang='lat' dir='ltr'><strong>tutum</strong></span> <span class='ocrx_word' id='word_1_473' title='bbox 2962 3336 3047 3383; x_wconf 92' lang='lat' dir='ltr'><strong>est</strong></span> <span class='ocrx_word' id='word_1_474' title='bbox 3078 3342 3143 3382; x_wconf 89' lang='lat' dir='ltr'><strong>ac</strong></span> <span class='ocrx_word' id='word_1_475' title='bbox 3185 3343 3474 3395; x_wconf 90' lang='lat' dir='ltr'><strong>securum;</strong></span> <span class='ocrx_word' id='word_1_476' title='bbox 3510 3329 3615 3385; x_wconf 82' lang='lat' dir='ltr'><strong>hoc</strong></span> 
     </span>
    </p>
   </div>
   <div class='ocr_carea' id='block_1_70' title="bbox 2049 3419 3613 3491">
    <p class='ocr_par' dir='ltr' id='par_1_70' title="bbox 2049 3419 3613 3491">
     <span class='ocr_line' id='line_1_70' title="bbox 2049 3419 3613 3491; baseline -0.001 -16"><span class='ocrx_word' id='word_1_477' title='bbox 2049 3438 2177 3476; x_wconf 87' lang='lat' dir='ltr'><strong>vero</strong></span> <span class='ocrx_word' id='word_1_478' title='bbox 2212 3420 2524 3491; x_wconf 75' lang='lat' dir='ltr'><strong>periculosae</strong></span> <span class='ocrx_word' id='word_1_479' title='bbox 2551 3420 2764 3489; x_wconf 90' lang='lat' dir='ltr'><strong>plenum</strong></span> <span class='ocrx_word' id='word_1_480' title='bbox 2794 3435 2929 3489; x_wconf 91' lang='lat' dir='ltr'><strong>opus</strong></span> <span class='ocrx_word' id='word_1_481' title='bbox 2956 3419 3117 3473; x_wconf 60' lang='lat' dir='ltr'><strong>aleae:</strong></span> <span class='ocrx_word' id='word_1_482' title='bbox 3148 3432 3319 3489; x_wconf 87' lang='lat' dir='ltr'><strong>quare</strong></span> <span class='ocrx_word' id='word_1_483' title='bbox 3352 3433 3456 3473; x_wconf 89' lang='lat' dir='ltr'><strong>non</strong></span> <span class='ocrx_word' id='word_1_484' title='bbox 3487 3420 3613 3474; x_wconf 92' lang='lat' dir='ltr'><strong>imi-</strong></span> 
     </span>
    </p>
   </div>
   <div class='ocr_carea' id='block_1_71' title="bbox 2050 3510 3613 3580">
    <p class='ocr_par' dir='ltr' id='par_1_71' title="bbox 2050 3510 3613 3580">
     <span class='ocr_line' id='line_1_71' title="bbox 2050 3510 3613 3580; baseline 0 -15"><span class='ocrx_word' id='word_1_485' title='bbox 2050 3513 2289 3565; x_wconf 83' lang='lat' dir='ltr'><strong>tandum.</strong></span> <span class='ocrx_word' id='word_1_486' title='bbox 2346 3510 2493 3566; x_wconf 84' lang='lat' dir='ltr'><strong>Talia</strong></span> <span class='ocrx_word' id='word_1_487' title='bbox 2538 3510 2700 3579; x_wconf 88' lang='lat' dir='ltr'><strong>igitur</strong></span> <span class='ocrx_word' id='word_1_488' title='bbox 2748 3519 3022 3580; x_wconf 87' lang='lat' dir='ltr'><strong>patrautes</strong></span> <span class='ocrx_word' id='word_1_489' title='bbox 3059 3526 3163 3564; x_wconf 91' lang='lat' dir='ltr'><strong>non</strong></span> <span class='ocrx_word' id='word_1_490' title='bbox 3227 3524 3419 3565; x_wconf 90' lang='lat' dir='ltr'><strong>censes</strong></span> <span class='ocrx_word' id='word_1_491' title='bbox 3457 3525 3613 3580; x_wconf 68' lang='lat' dir='ltr'><strong>pt‘ena</strong></span> 
     </span>
    </p>
   </div>
   <div class='ocr_carea' id='block_1_72' title="bbox 2046 3599 3617 3671">
    <p class='ocr_par' dir='ltr' id='par_1_72' title="bbox 2046 3599 3617 3671">
     <span class='ocr_line' id='line_1_72' title="bbox 2046 3599 3617 3671; baseline 0.003 -18"><span class='ocrx_word' id='word_1_492' title='bbox 2046 3600 2259 3671; x_wconf 84' lang='lat' dir='ltr'><strong>dignos,</strong></span> <span class='ocrx_word' id='word_1_493' title='bbox 2281 3599 2715 3669; x_wconf 87' lang='lat' dir='ltr'><strong>quandoquidem</strong></span> <span class='ocrx_word' id='word_1_494' title='bbox 2749 3610 3038 3668; x_wconf 84' lang='lat' dir='ltr'><strong>peccantes</strong></span> <span class='ocrx_word' id='word_1_495' title='bbox 3062 3600 3276 3669; x_wconf 88' lang='lat' dir='ltr'><strong>quidam</strong></span> <span class='ocrx_word' id='word_1_496' title='bbox 3308 3600 3397 3656; x_wconf 82' lang='lat' dir='ltr'><strong>hic</strong></span> <span class='ocrx_word' id='word_1_497' title='bbox 3430 3616 3617 3670; x_wconf 72' lang='lat' dir='ltr'><strong>pmnas</strong></span> 
     </span>
    </p>
   </div>
   <div class='ocr_carea' id='block_1_73' title="bbox 2048 3690 3611 3757">
    <p class='ocr_par' dir='ltr' id='par_1_73' title="bbox 2048 3690 3611 3757">
     <span class='ocr_line' id='line_1_73' title="bbox 2048 3690 3611 3757; baseline 0.001 -12"><span class='ocrx_word' id='word_1_498' title='bbox 2048 3706 2150 3745; x_wconf 91' lang='lat' dir='ltr'><strong>non</strong></span> <span class='ocrx_word' id='word_1_499' title='bbox 2183 3692 2447 3745; x_wconf 89' lang='lat' dir='ltr'><strong>dederunt</strong></span> <span class='ocrx_word' id='word_1_500' title='bbox 2473 3707 2488 3757; x_wconf 91' lang='lat'><strong>;</strong></span> <span class='ocrx_word' id='word_1_501' title='bbox 2538 3690 2633 3744; x_wconf 90' lang='lat' dir='ltr'><strong>sed</strong></span> <span class='ocrx_word' id='word_1_502' title='bbox 2675 3691 2817 3745; x_wconf 89' lang='lat' dir='ltr'><strong>scias</strong></span> <span class='ocrx_word' id='word_1_503' title='bbox 2855 3691 3052 3747; x_wconf 90' lang='lat' dir='ltr'><strong>multos</strong></span> <span class='ocrx_word' id='word_1_504' title='bbox 3082 3692 3245 3746; x_wconf 88' lang='lat' dir='ltr'><strong>etiam</strong></span> <span class='ocrx_word' id='word_1_505' title='bbox 3277 3692 3331 3746; x_wconf 91' lang='lat' dir='ltr'><strong>in</strong></span> <span class='ocrx_word' id='word_1_506' title='bbox 3363 3692 3467 3747; x_wconf 89' lang='lat' dir='ltr'><strong>hac</strong></span> <span class='ocrx_word' id='word_1_507' title='bbox 3498 3694 3611 3746; x_wconf 87' lang='lat' dir='ltr'><strong>vita</strong></span> 
     </span>
    </p>
   </div>
   <div class='ocr_carea' id='block_1_74' title="bbox 2048 3778 3617 3850">
    <p class='ocr_par' dir='ltr' id='par_1_74' title="bbox 2048 3778 3617 3850">
     <span class='ocr_line' id='line_1_74' title="bbox 2048 3778 3617 3850; baseline -0.001 -14"><span class='ocrx_word' id='word_1_508' title='bbox 2048 3795 2235 3850; x_wconf 65' lang='lat' dir='ltr'><strong>pinnas</strong></span> <span class='ocrx_word' id='word_1_509' title='bbox 2276 3781 2512 3837; x_wconf 88' lang='lat' dir='ltr'><strong>dedisse.</strong></span> <span class='ocrx_word' id='word_1_510' title='bbox 2568 3778 2731 3849; x_wconf 79' lang='lat'><strong>599</strong></span> <span class='ocrx_word' id='word_1_511' title='bbox 2786 3779 2842 3835; x_wconf 89' lang='lat' dir='ltr'><strong>Si</strong></span> <span class='ocrx_word' id='word_1_512' title='bbox 2879 3794 3007 3835; x_wconf 86' lang='lat' dir='ltr'><strong>vero</strong></span> <span class='ocrx_word' id='word_1_513' title='bbox 3058 3795 3246 3849; x_wconf 78' lang='lat' dir='ltr'><strong>poenas</strong></span> <span class='ocrx_word' id='word_1_514' title='bbox 3275 3781 3496 3849; x_wconf 88' lang='lat' dir='ltr'><strong>quidam</strong></span> <span class='ocrx_word' id='word_1_515' title='bbox 3536 3782 3617 3835; x_wconf 81' lang='lat' dir='ltr'><strong>ef-</strong></span> 
     </span>
    </p>
   </div>
   <div class='ocr_carea' id='block_1_75' title="bbox 2049 3872 3615 3942">
    <p class='ocr_par' dir='ltr' id='par_1_75' title="bbox 2049 3872 3615 3942">
     <span class='ocr_line' id='line_1_75' title="bbox 2049 3872 3615 3942; baseline 0.001 -15"><span class='ocrx_word' id='word_1_516' title='bbox 2049 3873 2286 3942; x_wconf 81' lang='lat' dir='ltr'><strong>fugerint</strong></span> <span class='ocrx_word' id='word_1_517' title='bbox 2310 3912 2324 3935; x_wconf 94' lang='grc'><strong>,</strong></span> <span class='ocrx_word' id='word_1_518' title='bbox 2374 3872 2515 3927; x_wconf 88' lang='lat' dir='ltr'><strong>malo</strong></span> <span class='ocrx_word' id='word_1_519' title='bbox 2547 3873 2709 3940; x_wconf 88' lang='lat' dir='ltr'><strong>capiti</strong></span> <span class='ocrx_word' id='word_1_520' title='bbox 2740 3886 2925 3926; x_wconf 88' lang='lat' dir='ltr'><strong>eorum</strong></span> <span class='ocrx_word' id='word_1_521' title='bbox 2972 3872 3317 3937; x_wconf 89' lang='lat' dir='ltr'><strong>imminente,</strong></span> <span class='ocrx_word' id='word_1_522' title='bbox 3354 3874 3615 3929; x_wconf 82' lang='lat' dir='ltr'><strong>abeuntes</strong></span> 
     </span>
    </p>
   </div>
   <div class='ocr_carea' id='block_1_76' title="bbox 2055 3962 3617 4034">
    <p class='ocr_par' dir='ltr' id='par_1_76' title="bbox 2055 3962 3617 4034">
     <span class='ocr_line' id='line_1_76' title="bbox 2055 3962 3617 4034; baseline 0.001 -16"><span class='ocrx_word' id='word_1_523' title='bbox 2055 3966 2268 4019; x_wconf 90' lang='lat' dir='ltr'><strong>tandem</strong></span> <span class='ocrx_word' id='word_1_524' title='bbox 2298 3964 2406 4017; x_wconf 88' lang='lat' dir='ltr'><strong>vita</strong></span> <span class='ocrx_word' id='word_1_525' title='bbox 2437 3963 2657 4034; x_wconf 83' lang='lat' dir='ltr'><strong>gravius</strong></span> <span class='ocrx_word' id='word_1_526' title='bbox 2686 3962 2756 4018; x_wconf 87' lang='lat' dir='ltr'><strong>ibi</strong></span> <span class='ocrx_word' id='word_1_527' title='bbox 2808 3962 3118 4032; x_wconf 90' lang='lat' dir='ltr'><strong>punientur.</strong></span> <span class='ocrx_word' id='word_1_528' title='bbox 3174 3962 3252 4016; x_wconf 86' lang='lat' dir='ltr'><strong>Tn</strong></span> <span class='ocrx_word' id='word_1_529' title='bbox 3284 3977 3437 4028; x_wconf 87' lang='lat' dir='ltr'><strong>vero,</strong></span> <span class='ocrx_word' id='word_1_530' title='bbox 3474 3967 3617 4033; x_wconf 88' lang='lat' dir='ltr'><strong>quod</strong></span> 
     </span>
    </p>
   </div>
   <div class='ocr_carea' id='block_1_77' title="bbox 2056 4053 3617 4123">
    <p class='ocr_par' dir='ltr' id='par_1_77' title="bbox 2056 4053 3617 4123">
     <span class='ocr_line' id='line_1_77' title="bbox 2056 4053 3617 4123; baseline 0 -14"><span class='ocrx_word' id='word_1_531' title='bbox 2056 4069 2161 4109; x_wconf 90' lang='lat' dir='ltr'><strong>non</strong></span> <span class='ocrx_word' id='word_1_532' title='bbox 2189 4065 2309 4109; x_wconf 87' lang='lat' dir='ltr'><strong>erat</strong></span> <span class='ocrx_word' id='word_1_533' title='bbox 2343 4054 2701 4119; x_wconf 83' lang='lat' dir='ltr'><strong>imitandum,</strong></span> <span class='ocrx_word' id='word_1_534' title='bbox 2737 4053 2983 4120; x_wconf 87' lang='lat' dir='ltr'><strong>imitans,</strong></span> <span class='ocrx_word' id='word_1_535' title='bbox 3015 4053 3262 4121; x_wconf 78' lang='lat' dir='ltr'><strong>graviora</strong></span> <span class='ocrx_word' id='word_1_536' title='bbox 3290 4053 3505 4123; x_wconf 89' lang='lat' dir='ltr'><strong>quidem</strong></span> <span class='ocrx_word' id='word_1_537' title='bbox 3543 4056 3617 4110; x_wconf 89' lang='lat' dir='ltr'><strong>ibi</strong></span> 
     </span>
    </p>
   </div>
   <div class='ocr_carea' id='block_1_78' title="bbox 390 4134 1942 4221">
    <p class='ocr_par' dir='ltr' id='par_1_78' title="bbox 390 4134 1942 4211">
     <span class='ocr_line' id='line_1_78' title="bbox 390 4134 1942 4211; baseline -0.005 -18"><span class='ocrx_word' id='word_1_538' title='bbox 390 4140 640 4211; x_wconf 76' lang='grc' dir='ltr'>ἐπράχθη</span> <span class='ocrx_word' id='word_1_539' title='bbox 675 4138 762 4209; x_wconf 78' lang='grc' dir='ltr'>(σὺ</span> <span class='ocrx_word' id='word_1_540' title='bbox 794 4138 851 4191; x_wconf 86' lang='grc' dir='ltr'>δὲ</span> <span class='ocrx_word' id='word_1_541' title='bbox 889 4137 1032 4191; x_wconf 78' lang='grc' dir='ltr'>τοῦτ’</span> <span class='ocrx_word' id='word_1_542' title='bbox 1072 4136 1397 4208; x_wconf 75' lang='grc' dir='ltr'>ὲζήλωσας),</span> <span class='ocrx_word' id='word_1_543' title='bbox 1434 4137 1521 4190; x_wconf 74' lang='grc' dir='ltr'>διὰ</span> <span class='ocrx_word' id='word_1_544' title='bbox 1562 4135 1707 4190; x_wconf 80' lang='grc' dir='ltr'>τοῦτ’</span> <span class='ocrx_word' id='word_1_545' title='bbox 1736 4134 1942 4204; x_wconf 85' lang='grc' dir='ltr'>ἀποφύ-</span> 
     </span>
    </p>
   </div>
   <div class='ocr_carea' id='block_1_79' title="bbox 2049 4134 3619 4221">
    <p class='ocr_par' dir='ltr' id='par_1_79' title="bbox 2055 4141 3619 4214">
     <span class='ocr_line' id='line_1_79' title="bbox 2055 4141 3619 4214; baseline 0.001 -17"><span class='ocrx_word' id='word_1_546' title='bbox 2055 4142 2313 4214; x_wconf 85' lang='lat' dir='ltr'><strong>patieris,</strong></span> <span class='ocrx_word' id='word_1_547' title='bbox 2353 4143 2568 4198; x_wconf 90' lang='lat' dir='ltr'><strong>etiamsi</strong></span> <span class='ocrx_word' id='word_1_548' title='bbox 2621 4144 2708 4198; x_wconf 87' lang='lat' dir='ltr'><strong>hic</strong></span> <span class='ocrx_word' id='word_1_549' title='bbox 2758 4156 2971 4211; x_wconf 74' lang='lat' dir='ltr'><strong>pmnam</strong></span> <span class='ocrx_word' id='word_1_550' title='bbox 3015 4144 3152 4197; x_wconf 89' lang='lat' dir='ltr'><strong>luas.</strong></span> <span class='ocrx_word' id='word_1_551' title='bbox 3213 4141 3328 4198; x_wconf 82' lang='lat' dir='ltr'><strong>Non</strong></span> <span class='ocrx_word' id='word_1_552' title='bbox 3377 4146 3519 4198; x_wconf 90' lang='lat' dir='ltr'><strong>enim</strong></span> <span class='ocrx_word' id='word_1_553' title='bbox 3571 4145 3619 4201; x_wconf 90' lang='lat' dir='ltr'><strong>si</strong></span> 
     </span>
    </p>
   </div>
   <div class='ocr_carea' id='block_1_80' title="bbox 390 4225 1942 4303">
    <p class='ocr_par' dir='ltr' id='par_1_80' title="bbox 390 4225 1942 4303">
     <span class='ocr_line' id='line_1_80' title="bbox 390 4225 1942 4303; baseline -0.005 -18"><span class='ocrx_word' id='word_1_554' title='bbox 390 4250 529 4303; x_wconf 85' lang='grc' dir='ltr'>γοις,</span> <span class='ocrx_word' id='word_1_555' title='bbox 582 4230 719 4284; x_wconf 83' lang='grc' dir='ltr'><strong>ἀλλά</strong></span> <span class='ocrx_word' id='word_1_556' title='bbox 748 4228 926 4299; x_wconf 87' lang='grc' dir='ltr'>πολλῷ</span> <span class='ocrx_word' id='word_1_557' title='bbox 961 4227 1160 4299; x_wconf 79' lang='grc' dir='ltr'>μᾶλλον</span> <span class='ocrx_word' id='word_1_558' title='bbox 1192 4227 1441 4291; x_wconf 89' lang='grc' dir='ltr'>δώκειας.</span> <span class='ocrx_word' id='word_1_559' title='bbox 1483 4228 1694 4297; x_wconf 83' lang='grc' dir='ltr'>’Ὠσπερ</span> <span class='ocrx_word' id='word_1_560' title='bbox 1736 4225 1844 4297; x_wconf 82' lang='grc' dir='ltr'><strong>γὰρ</strong></span> <span class='ocrx_word' id='word_1_561' title='bbox 1901 4227 1942 4278; x_wconf 81' lang='grc' dir='ltr'><strong>ει</strong></span> 
     </span>
    </p>
   </div>
   <div class='ocr_carea' id='block_1_81' title="bbox 2049 4225 3621 4303">
    <p class='ocr_par' dir='ltr' id='par_1_81' title="bbox 2056 4231 3621 4303">
     <span class='ocr_line' id='line_1_81' title="bbox 2056 4231 3621 4303; baseline 0.003 -17"><span class='ocrx_word' id='word_1_562' title='bbox 2056 4232 2253 4302; x_wconf 86' lang='lat' dir='ltr'><strong>elapsis</strong></span> <span class='ocrx_word' id='word_1_563' title='bbox 2285 4233 2618 4301; x_wconf 86' lang='lat' dir='ltr'><strong>temporibus</strong></span> <span class='ocrx_word' id='word_1_564' title='bbox 2650 4232 2849 4286; x_wconf 88' lang='lat' dir='ltr'><strong>malum</strong></span> <span class='ocrx_word' id='word_1_565' title='bbox 2880 4231 3008 4303; x_wconf 89' lang='lat' dir='ltr'><strong>quid</strong></span> <span class='ocrx_word' id='word_1_566' title='bbox 3062 4242 3328 4301; x_wconf 81' lang='lat' dir='ltr'><strong>patratum</strong></span> <span class='ocrx_word' id='word_1_567' title='bbox 3382 4235 3461 4303; x_wconf 93' lang='lat' dir='ltr'><strong>(tu</strong></span> <span class='ocrx_word' id='word_1_568' title='bbox 3492 4250 3621 4291; x_wconf 91' lang='lat' dir='ltr'><strong>vero</strong></span> 
     </span>
    </p>
   </div>
   <div class='ocr_carea' id='block_1_82' title="bbox 390 4316 1950 4392">
    <p class='ocr_par' dir='ltr' id='par_1_82' title="bbox 390 4316 1950 4392">
     <span class='ocr_line' id='line_1_82' title="bbox 390 4316 1950 4392; baseline -0.004 -16"><span class='ocrx_word' id='word_1_569' title='bbox 390 4341 474 4386; x_wconf 89' lang='grc' dir='ltr'><strong>τις</strong></span> <span class='ocrx_word' id='word_1_570' title='bbox 531 4322 754 4375; x_wconf 74' lang='grc' dir='ltr'>ἐκείνων</span> <span class='ocrx_word' id='word_1_571' title='bbox 821 4320 1064 4391; x_wconf 86' lang='grc' dir='ltr'>προήλω,</span> <span class='ocrx_word' id='word_1_572' title='bbox 1131 4320 1195 4373; x_wconf 74' lang='grc' dir='ltr'><strong>σὺ</strong></span> <span class='ocrx_word' id='word_1_573' title='bbox 1246 4319 1360 4372; x_wconf 84' lang='grc' dir='ltr'>τάδ’</span> <span class='ocrx_word' id='word_1_574' title='bbox 1403 4318 1503 4373; x_wconf 88' lang='grc' dir='ltr'><strong>οὐκ</strong></span> <span class='ocrx_word' id='word_1_575' title='bbox 1550 4316 1618 4373; x_wconf 82' lang='grc' dir='ltr'><strong>ἂν</strong></span> <span class='ocrx_word' id='word_1_576' title='bbox 1685 4316 1950 4392; x_wconf 75' lang='grc' dir='ltr'>ἔδρασαςο</span> 
     </span>
    </p>
   </div>
   <div class='ocr_carea' id='block_1_83' title="bbox 389 4410 1505 4483">
    <p class='ocr_par' dir='ltr' id='par_1_83' title="bbox 389 4410 1505 4483">
     <span class='ocr_line' id='line_1_83' title="bbox 389 4410 1505 4483; baseline -0.004 -15"><span class='ocrx_word' id='word_1_577' title='bbox 389 4414 564 4479; x_wconf 77' lang='grc' dir='ltr'>οὕτως</span> <span class='ocrx_word' id='word_1_578' title='bbox 586 4413 651 4468; x_wconf 82' lang='grc' dir='ltr'>ἂν</span> <span class='ocrx_word' id='word_1_579' title='bbox 676 4414 740 4467; x_wconf 82' lang='grc' dir='ltr'><strong>σύ</strong></span> <span class='ocrx_word' id='word_1_580' title='bbox 769 4412 931 4483; x_wconf 80' lang='grc' dir='ltr'>ἁλῷς,</span> <span class='ocrx_word' id='word_1_581' title='bbox 958 4411 1114 4474; x_wconf 77' lang='grc' dir='ltr'>ἄλλος</span> <span class='ocrx_word' id='word_1_582' title='bbox 1150 4410 1210 4463; x_wconf 90' lang='grc' dir='ltr'><strong>οὐ</strong></span> <span class='ocrx_word' id='word_1_583' title='bbox 1237 4410 1505 4479; x_wconf 87' lang='grc' dir='ltr'>δράσειεν.</span> 
     </span>
    </p>
   </div>
   <div class='ocr_carea' id='block_1_84' title="bbox 609 4696 1728 4769">
    <p class='ocr_par' dir='ltr' id='par_1_84' title="bbox 609 4696 1728 4769">
     <span class='ocr_line' id='line_1_84' title="bbox 609 4696 1728 4769; baseline -0.004 -13"><span class='ocrx_word' id='word_1_584' title='bbox 609 4700 782 4756; x_wconf 83' lang='lat' dir='ltr'><strong>PNB&#39;.</strong></span> <span class='ocrx_word' id='word_1_585' title='bbox 822 4728 893 4739; x_wconf 87' lang='grc'><strong><em>--</em></strong></span> <span class='ocrx_word' id='word_1_586' title='bbox 927 4697 1132 4769; x_wconf 62' lang='lat' dir='ltr'><strong>omna</strong></span> <span class='ocrx_word' id='word_1_587' title='bbox 1164 4696 1728 4769; x_wconf 80' lang='grc' dir='ltr'><strong>ΠΟΛΙΤΕΥΟΜΕΝῼ.</strong></span> 
     </span>
    </p>
   </div>
   <div class='ocr_carea' id='block_1_85' title="bbox 2054 4320 3620 4395">
    <p class='ocr_par' dir='ltr' id='par_1_85' title="bbox 2054 4320 3620 4395">
     <span class='ocr_line' id='line_1_85' title="bbox 2054 4320 3620 4395; baseline 0.003 -18"><span class='ocrx_word' id='word_1_588' title='bbox 2054 4322 2154 4377; x_wconf 91' lang='lat' dir='ltr'><strong>hoc</strong></span> <span class='ocrx_word' id='word_1_589' title='bbox 2182 4336 2241 4377; x_wconf 88' lang='lat' dir='ltr'><strong>es</strong></span> <span class='ocrx_word' id='word_1_590' title='bbox 2277 4320 2537 4392; x_wconf 89' lang='lat' dir='ltr'><strong>imitatus)</strong></span> <span class='ocrx_word' id='word_1_591' title='bbox 2591 4332 2877 4392; x_wconf 85' lang='lat' dir='ltr'><strong>pr0pterea</strong></span> <span class='ocrx_word' id='word_1_592' title='bbox 2919 4321 3180 4393; x_wconf 77' lang='lat' dir='ltr'><strong>eﬂugias,</strong></span> <span class='ocrx_word' id='word_1_593' title='bbox 3233 4326 3327 4379; x_wconf 87' lang='lat' dir='ltr'><strong>sed</strong></span> <span class='ocrx_word' id='word_1_594' title='bbox 3379 4326 3620 4395; x_wconf 88' lang='lat' dir='ltr'><strong>punieris</strong></span> 
     </span>
    </p>
   </div>
   <div class='ocr_carea' id='block_1_86' title="bbox 2053 4411 3620 4482">
    <p class='ocr_par' dir='ltr' id='par_1_86' title="bbox 2053 4411 3620 4482">
     <span class='ocr_line' id='line_1_86' title="bbox 2053 4411 3620 4482; baseline 0.004 -16"><span class='ocrx_word' id='word_1_595' title='bbox 2053 4412 2222 4467; x_wconf 88' lang='lat' dir='ltr'><strong>multo</strong></span> <span class='ocrx_word' id='word_1_596' title='bbox 2250 4411 2440 4481; x_wconf 88' lang='lat' dir='ltr'><strong>magis.</strong></span> <span class='ocrx_word' id='word_1_597' title='bbox 2504 4412 2571 4469; x_wconf 86' lang='lat' dir='ltr'><strong>Ut</strong></span> <span class='ocrx_word' id='word_1_598' title='bbox 2605 4414 2748 4467; x_wconf 90' lang='lat' dir='ltr'><strong>enim</strong></span> <span class='ocrx_word' id='word_1_599' title='bbox 2785 4415 2830 4468; x_wconf 87' lang='lat' dir='ltr'><strong>si</strong></span> <span class='ocrx_word' id='word_1_600' title='bbox 2867 4415 2988 4482; x_wconf 92' lang='lat' dir='ltr'><strong>quis</strong></span> <span class='ocrx_word' id='word_1_601' title='bbox 3043 4414 3251 4469; x_wconf 91' lang='lat' dir='ltr'><strong>illorum</strong></span> <span class='ocrx_word' id='word_1_602' title='bbox 3296 4426 3455 4471; x_wconf 84' lang='lat' dir='ltr'><strong>antea</strong></span> <span class='ocrx_word' id='word_1_603' title='bbox 3496 4433 3620 4473; x_wconf 91' lang='lat' dir='ltr'><strong>reus</strong></span> 
     </span>
    </p>
   </div>
   <div class='ocr_carea' id='block_1_87' title="bbox 2056 4500 3621 4572">
    <p class='ocr_par' dir='ltr' id='par_1_87' title="bbox 2056 4500 3621 4572">
     <span class='ocr_line' id='line_1_87' title="bbox 2056 4500 3621 4572; baseline 0.004 -17"><span class='ocrx_word' id='word_1_604' title='bbox 2056 4500 2279 4567; x_wconf 81' lang='lat' dir='ltr'><strong>fuisset,</strong></span> <span class='ocrx_word' id='word_1_605' title='bbox 2314 4511 2368 4555; x_wconf 91' lang='lat' dir='ltr'><strong>tu</strong></span> <span class='ocrx_word' id='word_1_606' title='bbox 2409 4502 2495 4557; x_wconf 88' lang='lat' dir='ltr'><strong>illa</strong></span> <span class='ocrx_word' id='word_1_607' title='bbox 2532 4518 2636 4558; x_wconf 91' lang='lat' dir='ltr'><strong>non</strong></span> <span class='ocrx_word' id='word_1_608' title='bbox 2673 4505 3040 4560; x_wconf 85' lang='lat' dir='ltr'><strong>commisisses</strong></span> <span class='ocrx_word' id='word_1_609' title='bbox 3071 4523 3086 4572; x_wconf 89' lang='lat'><strong>;</strong></span> <span class='ocrx_word' id='word_1_610' title='bbox 3141 4506 3222 4560; x_wconf 92' lang='lat' dir='ltr'><strong>sic</strong></span> <span class='ocrx_word' id='word_1_611' title='bbox 3252 4521 3375 4561; x_wconf 92' lang='lat' dir='ltr'><strong>cum</strong></span> <span class='ocrx_word' id='word_1_612' title='bbox 3414 4518 3467 4561; x_wconf 92' lang='lat' dir='ltr'><strong>tu</strong></span> <span class='ocrx_word' id='word_1_613' title='bbox 3499 4523 3621 4563; x_wconf 88' lang='lat' dir='ltr'><strong>reus</strong></span> 
     </span>
    </p>
   </div>
   <div class='ocr_carea' id='block_1_88' title="bbox 2059 4581 3609 4662">
    <p class='ocr_par' dir='ltr' id='par_1_88' title="bbox 2059 4581 3609 4662">
     <span class='ocr_line' id='line_1_88' title="bbox 2059 4581 3609 4662; baseline 0.005 -17"><span class='ocrx_word' id='word_1_614' title='bbox 2059 4590 2249 4657; x_wconf 82' lang='lat' dir='ltr'><strong>fueris,</strong></span> <span class='ocrx_word' id='word_1_615' title='bbox 2285 4592 2424 4647; x_wconf 84' lang='lat' dir='ltr'><strong>alius</strong></span> <span class='ocrx_word' id='word_1_616' title='bbox 2455 4593 2508 4648; x_wconf 91' lang='lat' dir='ltr'><strong>in</strong></span> <span class='ocrx_word' id='word_1_617' title='bbox 2542 4604 2815 4662; x_wconf 89' lang='lat' dir='ltr'><strong>posterum</strong></span> <span class='ocrx_word' id='word_1_618' title='bbox 2852 4611 2957 4651; x_wconf 90' lang='lat' dir='ltr'><strong>non</strong></span> <span class='ocrx_word' id='word_1_619' title='bbox 2990 4599 3311 4652; x_wconf 89' lang='lat' dir='ltr'><strong>committet.</strong></span> <span class='ocrx_word' id='word_1_620' title='bbox 3600 4581 3609 4594; x_wconf 75' lang='grc'><em>’</em></span> 
     </span>
    </p>
   </div>
   <div class='ocr_carea' id='block_1_89' title="bbox 2259 4702 3436 4764">
    <p class='ocr_par' dir='ltr' id='par_1_89' title="bbox 2259 4702 3436 4764">
     <span class='ocr_line' id='line_1_89' title="bbox 2259 4702 3436 4764; baseline 0.003 -7"><span class='ocrx_word' id='word_1_621' title='bbox 2259 4702 2412 4758; x_wconf 81' lang='lat' dir='ltr'><strong>CLII.</strong></span> <span class='ocrx_word' id='word_1_622' title='bbox 2447 4734 2518 4764; x_wconf 86' lang='lat'><strong>_—</strong></span> <span class='ocrx_word' id='word_1_623' title='bbox 2559 4703 2834 4761; x_wconf 62' lang='lat' dir='ltr'><strong>PHILEIE</strong></span> <span class='ocrx_word' id='word_1_624' title='bbox 2877 4705 3085 4761; x_wconf 81' lang='lat' dir='ltr'><strong>REMP.</strong></span> <span class='ocrx_word' id='word_1_625' title='bbox 3117 4705 3436 4761; x_wconf 79' lang='lat' dir='ltr'><strong>GERENTI.</strong></span> 
     </span>
    </p>
   </div>
   <div class='ocr_carea' id='block_1_90' title="bbox 461 4788 3525 4863">
    <p class='ocr_par' dir='ltr' id='par_1_90' title="bbox 461 4788 3525 4863">
     <span class='ocr_line' id='line_1_90' title="bbox 461 4788 3525 4863; baseline 0.001 -18"><span class='ocrx_word' id='word_1_626' title='bbox 461 4792 752 4861; x_wconf 78' lang='lat' dir='ltr'><strong>Expertum</strong></span> <span class='ocrx_word' id='word_1_627' title='bbox 776 4790 1061 4844; x_wconf 82' lang='lat' dir='ltr'><strong>vanitatem</strong></span> <span class='ocrx_word' id='word_1_628' title='bbox 1088 4788 1270 4857; x_wconf 66' lang='lat' dir='ltr'><strong>gloriae</strong></span> <span class='ocrx_word' id='word_1_629' title='bbox 1298 4789 1578 4841; x_wconf 75' lang='lat' dir='ltr'><strong>mundana:</strong></span> <span class='ocrx_word' id='word_1_630' title='bbox 1606 4790 1866 4853; x_wconf 83' lang='lat' dir='ltr'><strong>hortatur,</strong></span> <span class='ocrx_word' id='word_1_631' title='bbox 1896 4797 1953 4842; x_wconf 89' lang='lat' dir='ltr'><strong>ut</strong></span> <span class='ocrx_word' id='word_1_632' title='bbox 1980 4799 2225 4845; x_wconf 68' lang='lat' dir='ltr'><strong>(sternam</strong></span> <span class='ocrx_word' id='word_1_633' title='bbox 2246 4793 2468 4859; x_wconf 89' lang='lat' dir='ltr'><strong>ambiat,</strong></span> <span class='ocrx_word' id='word_1_634' title='bbox 2500 4810 2656 4863; x_wconf 89' lang='lat' dir='ltr'><strong>quam</strong></span> <span class='ocrx_word' id='word_1_635' title='bbox 2686 4804 2733 4847; x_wconf 90' lang='lat' dir='ltr'><strong>et</strong></span> <span class='ocrx_word' id='word_1_636' title='bbox 2762 4805 2963 4848; x_wconf 81' lang='lat' dir='ltr'><strong>terrena</strong></span> <span class='ocrx_word' id='word_1_637' title='bbox 2994 4810 3127 4861; x_wconf 66' lang='lat' dir='ltr'><strong>stupe</strong></span> <span class='ocrx_word' id='word_1_638' title='bbox 3157 4795 3525 4859; x_wconf 85' lang='lat' dir='ltr'><strong>subsequatur.</strong></span> 
     </span>
    </p>
   </div>
   <div class='ocr_carea' id='block_1_91' title="bbox 460 4892 1940 4965">
    <p class='ocr_par' dir='ltr' id='par_1_91' title="bbox 460 4892 1940 4965">
     <span class='ocr_line' id='line_1_91' title="bbox 460 4892 1940 4965; baseline -0.003 -16"><span class='ocrx_word' id='word_1_639' title='bbox 460 4896 860 4965; x_wconf 84' lang='grc' dir='ltr'>Τεταραγμένῳ</span> <span class='ocrx_word' id='word_1_640' title='bbox 885 4893 1107 4958; x_wconf 85' lang='grc' dir='ltr'>δεινῶς,</span> <span class='ocrx_word' id='word_1_641' title='bbox 1146 4892 1234 4946; x_wconf 82' lang='grc' dir='ltr'>διὰ</span> <span class='ocrx_word' id='word_1_642' title='bbox 1268 4893 1326 4946; x_wconf 88' lang='grc' dir='ltr'><strong>τὸ</strong></span> <span class='ocrx_word' id='word_1_643' title='bbox 1356 4893 1513 4962; x_wconf 83' lang='grc' dir='ltr'>δόξης</span> <span class='ocrx_word' id='word_1_644' title='bbox 1536 4893 1820 4964; x_wconf 81' lang='grc' dir='ltr'>πολιτικῆς</span> <span class='ocrx_word' id='word_1_645' title='bbox 1863 4893 1940 4945; x_wconf 86' lang='grc' dir='ltr'>δι-</span> 
     </span>
    </p>
   </div>
   <div class='ocr_carea' id='block_1_92' title="bbox 389 4984 1951 5058">
    <p class='ocr_par' dir='ltr' id='par_1_92' title="bbox 389 4984 1951 5058">
     <span class='ocr_line' id='line_1_92' title="bbox 389 4984 1951 5058; baseline -0.001 -19"><span class='ocrx_word' id='word_1_646' title='bbox 389 4986 788 5058; x_wconf 87' lang='grc' dir='ltr'>ημαρτηκέναι,</span> <span class='ocrx_word' id='word_1_647' title='bbox 818 4984 892 5046; x_wconf 86' lang='grc' dir='ltr'>ὡς</span> <span class='ocrx_word' id='word_1_648' title='bbox 923 4985 1220 5054; x_wconf 77' lang='grc' dir='ltr'>ἐπυθόμην,</span> <span class='ocrx_word' id='word_1_649' title='bbox 1244 4984 1438 5047; x_wconf 77' lang='grc' dir='ltr'>ἔοικας.</span> <span class='ocrx_word' id='word_1_650' title='bbox 1463 4985 1753 5055; x_wconf 84' lang='grc' dir='ltr'>Ἐννοήσας</span> <span class='ocrx_word' id='word_1_651' title='bbox 1774 4985 1951 5039; x_wconf 87' lang='grc' dir='ltr'>τοίνυν</span> 
     </span>
    </p>
   </div>
   <div class='ocr_carea' id='block_1_93' title="bbox 387 5073 1951 5147">
    <p class='ocr_par' dir='ltr' id='par_1_93' title="bbox 387 5073 1951 5147">
     <span class='ocr_line' id='line_1_93' title="bbox 387 5073 1951 5147; baseline -0.003 -17"><span class='ocrx_word' id='word_1_652' title='bbox 387 5079 486 5147; x_wconf 81' lang='grc' dir='ltr'>τὴν</span> <span class='ocrx_word' id='word_1_653' title='bbox 512 5074 750 5137; x_wconf 79' lang='grc' dir='ltr'>εὐδοξίαν</span> <span class='ocrx_word' id='word_1_654' title='bbox 783 5073 873 5125; x_wconf 78' lang='grc' dir='ltr'>τοῦ</span> <span class='ocrx_word' id='word_1_655' title='bbox 903 5074 1018 5144; x_wconf 86' lang='grc' dir='ltr'>βίου</span> <span class='ocrx_word' id='word_1_656' title='bbox 1048 5076 1258 5140; x_wconf 80' lang='grc' dir='ltr'>τούτου,</span> <span class='ocrx_word' id='word_1_657' title='bbox 1280 5074 1390 5126; x_wconf 89' lang='grc' dir='ltr'><strong>τῶν</strong></span> <span class='ocrx_word' id='word_1_658' title='bbox 1410 5075 1658 5144; x_wconf 85' lang='grc' dir='ltr'>ἀραχνῶν</span> <span class='ocrx_word' id='word_1_659' title='bbox 1686 5076 1782 5144; x_wconf 82' lang='grc' dir='ltr'><strong>μὲν</strong></span> <span class='ocrx_word' id='word_1_660' title='bbox 1804 5077 1951 5126; x_wconf 87' lang='grc' dir='ltr'>εὐτε-</span> 
     </span>
    </p>
   </div>
   <div class='ocr_carea' id='block_1_94' title="bbox 386 5165 1954 5240">
    <p class='ocr_par' dir='ltr' id='par_1_94' title="bbox 386 5165 1954 5240">
     <span class='ocr_line' id='line_1_94' title="bbox 386 5165 1954 5240; baseline -0.005 -16"><span class='ocrx_word' id='word_1_661' title='bbox 386 5170 677 5240; x_wconf 83' lang='grc' dir='ltr'>λεστέραν,</span> <span class='ocrx_word' id='word_1_662' title='bbox 703 5168 927 5238; x_wconf 82' lang='grc' dir='ltr'>ὀνείρων</span> <span class='ocrx_word' id='word_1_663' title='bbox 949 5168 1005 5221; x_wconf 80' lang='grc' dir='ltr'>δὲ</span> <span class='ocrx_word' id='word_1_664' title='bbox 1028 5166 1427 5237; x_wconf 86' lang='grc' dir='ltr'>ἀδρανεστέραν</span> <span class='ocrx_word' id='word_1_665' title='bbox 1447 5205 1462 5229; x_wconf 89' lang='grc'><strong>,</strong></span> <span class='ocrx_word' id='word_1_666' title='bbox 1491 5166 1569 5226; x_wconf 86' lang='grc' dir='ltr'>εἰς</span> <span class='ocrx_word' id='word_1_667' title='bbox 1601 5165 1691 5217; x_wconf 77' lang='grc' dir='ltr'>τὸν</span> <span class='ocrx_word' id='word_1_668' title='bbox 1726 5165 1954 5235; x_wconf 83' lang='grc' dir='ltr'>ὑπερκό-</span> 
     </span>
    </p>
   </div>
   <div class='ocr_carea' id='block_1_95' title="bbox 388 5254 1951 5328">
    <p class='ocr_par' dir='ltr' id='par_1_95' title="bbox 388 5254 1951 5328">
     <span class='ocr_line' id='line_1_95' title="bbox 388 5254 1951 5328; baseline -0.004 -17"><span class='ocrx_word' id='word_1_669' title='bbox 388 5276 546 5328; x_wconf 89' lang='grc' dir='ltr'>σμιον</span> <span class='ocrx_word' id='word_1_670' title='bbox 590 5257 866 5327; x_wconf 83' lang='grc' dir='ltr'>μετάγαγε</span> <span class='ocrx_word' id='word_1_671' title='bbox 904 5256 1103 5310; x_wconf 83' lang='grc' dir='ltr'>σαυτοῦ</span> <span class='ocrx_word' id='word_1_672' title='bbox 1130 5256 1220 5308; x_wconf 83' lang='grc' dir='ltr'><strong>τὸν</strong></span> <span class='ocrx_word' id='word_1_673' title='bbox 1250 5255 1375 5307; x_wconf 84' lang='grc' dir='ltr'>νοῦν</span> <span class='ocrx_word' id='word_1_674' title='bbox 1397 5292 1412 5318; x_wconf 94' lang='grc'><strong>,</strong></span> <span class='ocrx_word' id='word_1_675' title='bbox 1440 5254 1531 5305; x_wconf 74' lang='grc' dir='ltr'><strong>καὶ</strong></span> <span class='ocrx_word' id='word_1_676' title='bbox 1567 5256 1781 5323; x_wconf 83' lang='grc' dir='ltr'>στήσεις</span> <span class='ocrx_word' id='word_1_677' title='bbox 1822 5256 1951 5324; x_wconf 81' lang='grc' dir='ltr'>ῥᾷον</span> 
     </span>
    </p>
   </div>
   <div class='ocr_carea' id='block_1_96' title="bbox 382 5344 1951 5417">
    <p class='ocr_par' dir='ltr' id='par_1_96' title="bbox 382 5344 1951 5417">
     <span class='ocr_line' id='line_1_96' title="bbox 382 5344 1951 5417; baseline -0.005 -17"><span class='ocrx_word' id='word_1_678' title='bbox 382 5348 475 5400; x_wconf 77' lang='grc' dir='ltr'><strong>τὸν</strong></span> <span class='ocrx_word' id='word_1_679' title='bbox 513 5346 740 5417; x_wconf 87' lang='grc' dir='ltr'>θόρυϐον</span> <span class='ocrx_word' id='word_1_680' title='bbox 770 5347 866 5417; x_wconf 83' lang='grc' dir='ltr'>τῆς</span> <span class='ocrx_word' id='word_1_681' title='bbox 905 5346 1106 5416; x_wconf 80' lang='grc' dir='ltr'>ψυχῆς,</span> <span class='ocrx_word' id='word_1_682' title='bbox 1152 5346 1226 5398; x_wconf 90' lang='grc' dir='ltr'>Οὐ</span> <span class='ocrx_word' id='word_1_683' title='bbox 1258 5345 1366 5415; x_wconf 84' lang='grc' dir='ltr'><strong>γὰρ</strong></span> <span class='ocrx_word' id='word_1_684' title='bbox 1413 5344 1734 5413; x_wconf 80' lang='grc' dir='ltr'>ἀμφοτέρων</span> <span class='ocrx_word' id='word_1_685' title='bbox 1766 5344 1951 5412; x_wconf 81' lang='grc' dir='ltr'>ὀρεγό-</span> 
     </span>
    </p>
   </div>
   <div class='ocr_carea' id='block_1_97' title="bbox 390 5432 1948 5508">
    <p class='ocr_par' dir='ltr' id='par_1_97' title="bbox 390 5432 1948 5508">
     <span class='ocr_line' id='line_1_97' title="bbox 390 5432 1948 5508; baseline -0.003 -19"><span class='ocrx_word' id='word_1_686' title='bbox 390 5454 548 5508; x_wconf 86' lang='grc' dir='ltr'>μενον</span> <span class='ocrx_word' id='word_1_687' title='bbox 569 5476 585 5503; x_wconf 87' lang='grc'><strong>,</strong></span> <span class='ocrx_word' id='word_1_688' title='bbox 620 5437 946 5506; x_wconf 84' lang='grc' dir='ltr'>ἀμφοτέρων</span> <span class='ocrx_word' id='word_1_689' title='bbox 969 5436 1118 5487; x_wconf 75' lang='grc' dir='ltr'>ἐστιν</span> <span class='ocrx_word' id='word_1_690' title='bbox 1162 5434 1436 5503; x_wconf 76' lang='grc' dir='ltr'>ἐπιτυχεῖν</span> <span class='ocrx_word' id='word_1_691' title='bbox 1463 5448 1474 5459; x_wconf 77' lang='grc'><strong><em>⁸</em></strong></span> <span class='ocrx_word' id='word_1_692' title='bbox 1505 5434 1686 5499; x_wconf 87' lang='grc' dir='ltr'>τυχεῖν</span> <span class='ocrx_word' id='word_1_693' title='bbox 1717 5432 1814 5501; x_wconf 86' lang='grc' dir='ltr'>μὲν</span> <span class='ocrx_word' id='word_1_694' title='bbox 1841 5433 1948 5501; x_wconf 86' lang='grc' dir='ltr'>ἀμ-</span> 
     </span>
    </p>
   </div>
   <div class='ocr_carea' id='block_1_98' title="bbox 390 5519 1951 5593">
    <p class='ocr_par' dir='ltr' id='par_1_98' title="bbox 390 5519 1951 5593">
     <span class='ocr_line' id='line_1_98' title="bbox 390 5519 1951 5593; baseline -0.001 -19"><span class='ocrx_word' id='word_1_695' title='bbox 390 5522 631 5593; x_wconf 81' lang='grc' dir='ltr'>φοτέρων</span> <span class='ocrx_word' id='word_1_696' title='bbox 660 5521 807 5576; x_wconf 77' lang='grc' dir='ltr'>ἐστιν</span> <span class='ocrx_word' id='word_1_697' title='bbox 825 5562 842 5587; x_wconf 91' lang='grc'><strong>,</strong></span> <span class='ocrx_word' id='word_1_698' title='bbox 865 5523 991 5575; x_wconf 86' lang='grc' dir='ltr'>ὅταν</span> <span class='ocrx_word' id='word_1_699' title='bbox 1027 5520 1103 5591; x_wconf 85' lang='grc' dir='ltr'>μὴ</span> <span class='ocrx_word' id='word_1_700' title='bbox 1136 5522 1456 5591; x_wconf 83' lang='grc' dir='ltr'>ἀμφοτέρων</span> <span class='ocrx_word' id='word_1_701' title='bbox 1476 5560 1490 5585; x_wconf 85' lang='grc'><strong>,</strong></span> <span class='ocrx_word' id='word_1_702' title='bbox 1526 5519 1659 5571; x_wconf 86' lang='grc' dir='ltr'>ἀλλὰ</span> <span class='ocrx_word' id='word_1_703' title='bbox 1694 5520 1794 5589; x_wconf 82' lang='grc' dir='ltr'>τῆς</span> <span class='ocrx_word' id='word_1_704' title='bbox 1823 5521 1951 5589; x_wconf 81' lang='grc' dir='ltr'>μιᾶς</span> 
     </span>
    </p>
   </div>
   <div class='ocr_carea' id='block_1_99' title="bbox 388 5601 1948 5683">
    <p class='ocr_par' dir='ltr' id='par_1_99' title="bbox 388 5601 1948 5683">
     <span class='ocr_line' id='line_1_99' title="bbox 388 5601 1948 5683; baseline -0.003 -15"><span class='ocrx_word' id='word_1_705' title='bbox 388 5612 487 5682; x_wconf 84' lang='grc' dir='ltr'>τῆς</span> <span class='ocrx_word' id='word_1_706' title='bbox 509 5614 576 5668; x_wconf 81' lang='grc' dir='ltr'>ὲκ</span> <span class='ocrx_word' id='word_1_707' title='bbox 602 5612 710 5666; x_wconf 89' lang='grc' dir='ltr'><strong>τῶν</strong></span> <span class='ocrx_word' id='word_1_708' title='bbox 731 5601 995 5683; x_wconf 64' lang='grc' dir='ltr'>οὐρανῶν,</span> <span class='ocrx_word' id='word_1_709' title='bbox 1024 5609 1493 5680; x_wconf 72' lang='grc' dir='ltr'>ὲρῶμενο⁶ἀμφοτέ</span> <span class='ocrx_word' id='word_1_710' title='bbox 1503 5626 1611 5679; x_wconf 90' lang='grc' dir='ltr'><strong>ρων</strong></span> <span class='ocrx_word' id='word_1_711' title='bbox 1641 5608 1696 5661; x_wconf 82' lang='grc' dir='ltr'>δὲ</span> <span class='ocrx_word' id='word_1_712' title='bbox 1722 5610 1948 5680; x_wconf 78' lang='grc' dir='ltr'>ἐρῶντα,</span> 
     </span>
    </p>
   </div>
   <div class='ocr_carea' id='block_1_100' title="bbox 2130 4897 3623 4967">
    <p class='ocr_par' dir='ltr' id='par_1_100' title="bbox 2130 4897 3623 4967">
     <span class='ocr_line' id='line_1_100' title="bbox 2130 4897 3623 4967; baseline 0.001 -15"><span class='ocrx_word' id='word_1_713' title='bbox 2130 4897 2382 4952; x_wconf 88' lang='lat' dir='ltr'><strong>Graviter</strong></span> <span class='ocrx_word' id='word_1_714' title='bbox 2414 4900 2627 4952; x_wconf 85' lang='lat' dir='ltr'><strong>turbato</strong></span> <span class='ocrx_word' id='word_1_715' title='bbox 2657 4899 2851 4953; x_wconf 89' lang='lat' dir='ltr'><strong>similis</strong></span> <span class='ocrx_word' id='word_1_716' title='bbox 2882 4914 2939 4952; x_wconf 87' lang='lat' dir='ltr'><strong>es</strong></span> <span class='ocrx_word' id='word_1_717' title='bbox 2971 4899 3113 4967; x_wconf 91' lang='lat' dir='ltr'><strong>quod</strong></span> <span class='ocrx_word' id='word_1_718' title='bbox 3147 4898 3289 4951; x_wconf 90' lang='lat' dir='ltr'><strong>civili</strong></span> <span class='ocrx_word' id='word_1_719' title='bbox 3322 4898 3489 4967; x_wconf 87' lang='lat' dir='ltr'><strong>gloria</strong></span> <span class='ocrx_word' id='word_1_720' title='bbox 3526 4915 3623 4954; x_wconf 81' lang='lat' dir='ltr'><strong>ex-</strong></span> 
     </span>
    </p>
   </div>
   <div class='ocr_carea' id='block_1_101' title="bbox 2057 4987 3617 5055">
    <p class='ocr_par' dir='ltr' id='par_1_101' title="bbox 2057 4987 3617 5055">
     <span class='ocr_line' id='line_1_101' title="bbox 2057 4987 3617 5055; baseline 0.003 -16"><span class='ocrx_word' id='word_1_721' title='bbox 2057 4987 2253 5041; x_wconf 87' lang='lat' dir='ltr'><strong>cidisse</strong></span> <span class='ocrx_word' id='word_1_722' title='bbox 2284 4989 2357 5041; x_wconf 88' lang='lat' dir='ltr'><strong>sis</strong></span> <span class='ocrx_word' id='word_1_723' title='bbox 2383 4989 2546 5042; x_wconf 88' lang='lat' dir='ltr'><strong>visus.</strong></span> <span class='ocrx_word' id='word_1_724' title='bbox 2586 4989 2845 5043; x_wconf 82' lang='lat' dir='ltr'><strong>Existima</strong></span> <span class='ocrx_word' id='word_1_725' title='bbox 2877 4988 3057 5055; x_wconf 82' lang='lat' dir='ltr'><strong>itaque</strong></span> <span class='ocrx_word' id='word_1_726' title='bbox 3090 4987 3211 5041; x_wconf 77' lang='lat' dir='ltr'><strong>vita:</strong></span> <span class='ocrx_word' id='word_1_727' title='bbox 3241 4988 3397 5053; x_wconf 86' lang='lat' dir='ltr'><strong>hujus</strong></span> <span class='ocrx_word' id='word_1_728' title='bbox 3424 4988 3617 5044; x_wconf 89' lang='lat' dir='ltr'><strong>bonam</strong></span> 
     </span>
    </p>
   </div>
   <div class='ocr_carea' id='block_1_102' title="bbox 2058 5077 3618 5147">
    <p class='ocr_par' dir='ltr' id='par_1_102' title="bbox 2058 5077 3618 5147">
     <span class='ocr_line' id='line_1_102' title="bbox 2058 5077 3618 5147; baseline 0.001 -16"><span class='ocrx_word' id='word_1_729' title='bbox 2058 5077 2512 5133; x_wconf 78' lang='lat' dir='ltr'><strong>existimationem</strong></span> <span class='ocrx_word' id='word_1_730' title='bbox 2572 5078 2693 5132; x_wconf 89' lang='lat' dir='ltr'><strong>telis</strong></span> <span class='ocrx_word' id='word_1_731' title='bbox 2747 5092 3071 5132; x_wconf 87' lang='lat' dir='ltr'><strong>aranearum</strong></span> <span class='ocrx_word' id='word_1_732' title='bbox 3128 5079 3423 5132; x_wconf 89' lang='lat' dir='ltr'><strong>tenuiorem</strong></span> <span class='ocrx_word' id='word_1_733' title='bbox 3476 5094 3618 5147; x_wconf 88' lang='lat' dir='ltr'><strong>esse,</strong></span> 
     </span>
    </p>
   </div>
   <div class='ocr_carea' id='block_1_103' title="bbox 2060 5164 3621 5234">
    <p class='ocr_par' dir='ltr' id='par_1_103' title="bbox 2060 5164 3621 5234">
     <span class='ocr_line' id='line_1_103' title="bbox 2060 5164 3621 5234; baseline -0.001 -15"><span class='ocrx_word' id='word_1_734' title='bbox 2060 5164 2392 5233; x_wconf 89' lang='lat' dir='ltr'><strong>somniisque</strong></span> <span class='ocrx_word' id='word_1_735' title='bbox 2423 5165 2592 5234; x_wconf 86' lang='lat' dir='ltr'><strong>magis</strong></span> <span class='ocrx_word' id='word_1_736' title='bbox 2624 5165 2836 5219; x_wconf 79' lang='lat' dir='ltr'><strong>exilem.</strong></span> <span class='ocrx_word' id='word_1_737' title='bbox 2879 5165 2936 5218; x_wconf 89' lang='lat' dir='ltr'><strong>ln</strong></span> <span class='ocrx_word' id='word_1_738' title='bbox 2970 5164 3206 5219; x_wconf 85' lang='lat' dir='ltr'><strong>coelestia</strong></span> <span class='ocrx_word' id='word_1_739' title='bbox 3254 5166 3435 5233; x_wconf 89' lang='lat' dir='ltr'><strong>itaque</strong></span> <span class='ocrx_word' id='word_1_740' title='bbox 3466 5180 3621 5219; x_wconf 88' lang='lat' dir='ltr'><strong>men-</strong></span> 
     </span>
    </p>
   </div>
   <div class='ocr_carea' id='block_1_104' title="bbox 2062 5254 3622 5324">
    <p class='ocr_par' dir='ltr' id='par_1_104' title="bbox 2062 5254 3622 5324">
     <span class='ocr_line' id='line_1_104' title="bbox 2062 5254 3622 5324; baseline 0.001 -17"><span class='ocrx_word' id='word_1_741' title='bbox 2062 5263 2169 5308; x_wconf 90' lang='lat' dir='ltr'><strong>tem</strong></span> <span class='ocrx_word' id='word_1_742' title='bbox 2205 5263 2350 5307; x_wconf 90' lang='lat' dir='ltr'><strong>tuam</strong></span> <span class='ocrx_word' id='word_1_743' title='bbox 2390 5256 2580 5324; x_wconf 84' lang='lat' dir='ltr'><strong>dirige,</strong></span> <span class='ocrx_word' id='word_1_744' title='bbox 2618 5256 2891 5323; x_wconf 86' lang='lat' dir='ltr'><strong>animique</strong></span> <span class='ocrx_word' id='word_1_745' title='bbox 2923 5254 3203 5309; x_wconf 92' lang='lat' dir='ltr'><strong>tumultum</strong></span> <span class='ocrx_word' id='word_1_746' title='bbox 3244 5254 3402 5308; x_wconf 83' lang='lat' dir='ltr'><strong>facile</strong></span> <span class='ocrx_word' id='word_1_747' title='bbox 3442 5254 3622 5323; x_wconf 85' lang='lat' dir='ltr'><strong>placa—</strong></span> 
     </span>
    </p>
   </div>
   <div class='ocr_carea' id='block_1_105' title="bbox 2059 5343 3595 5413">
    <p class='ocr_par' dir='ltr' id='par_1_105' title="bbox 2059 5343 3595 5413">
     <span class='ocr_line' id='line_1_105' title="bbox 2059 5343 3595 5413; baseline -0.001 -16"><span class='ocrx_word' id='word_1_748' title='bbox 2059 5343 2161 5397; x_wconf 87' lang='lat' dir='ltr'><strong>bis.</strong></span> <span class='ocrx_word' id='word_1_749' title='bbox 2220 5343 2320 5409; x_wconf 85' lang='lat' dir='ltr'><strong>Qui</strong></span> <span class='ocrx_word' id='word_1_750' title='bbox 2352 5346 2491 5398; x_wconf 91' lang='lat' dir='ltr'><strong>enim</strong></span> <span class='ocrx_word' id='word_1_751' title='bbox 2522 5356 2809 5413; x_wconf 89' lang='lat' dir='ltr'><strong>utrumque</strong></span> <span class='ocrx_word' id='word_1_752' title='bbox 2847 5355 3098 5413; x_wconf 79' lang='lat' dir='ltr'><strong>exoptat,</strong></span> <span class='ocrx_word' id='word_1_753' title='bbox 3139 5355 3331 5397; x_wconf 84' lang='lat' dir='ltr'><strong>neutro</strong></span> <span class='ocrx_word' id='word_1_754' title='bbox 3363 5344 3595 5411; x_wconf 87' lang='lat' dir='ltr'><strong>potietur</strong></span> 
     </span>
    </p>
   </div>
   <div class='ocr_carea' id='block_1_106' title="bbox 2060 5432 3615 5501">
    <p class='ocr_par' dir='ltr' id='par_1_106' title="bbox 2060 5432 3615 5501">
     <span class='ocr_line' id='line_1_106' title="bbox 2060 5432 3615 5501; baseline -0.002 -17"><span class='ocrx_word' id='word_1_755' title='bbox 2060 5432 2329 5501; x_wconf 81' lang='lat' dir='ltr'><strong>Conseqni</strong></span> <span class='ocrx_word' id='word_1_756' title='bbox 2362 5448 2488 5488; x_wconf 89' lang='lat' dir='ltr'><strong>vero</strong></span> <span class='ocrx_word' id='word_1_757' title='bbox 2517 5444 2801 5500; x_wconf 90' lang='lat' dir='ltr'><strong>utrumque</strong></span> <span class='ocrx_word' id='word_1_758' title='bbox 2833 5433 3030 5495; x_wconf 86' lang='lat' dir='ltr'><strong>licebit,</strong></span> <span class='ocrx_word' id='word_1_759' title='bbox 3064 5432 3274 5500; x_wconf 88' lang='lat' dir='ltr'><strong>quando</strong></span> <span class='ocrx_word' id='word_1_760' title='bbox 3302 5447 3405 5485; x_wconf 90' lang='lat' dir='ltr'><strong>non</strong></span> <span class='ocrx_word' id='word_1_761' title='bbox 3436 5432 3615 5495; x_wconf 88' lang='lat' dir='ltr'><strong>atnbo,</strong></span> 
     </span>
    </p>
   </div>
   <div class='ocr_carea' id='block_1_107' title="bbox 2058 5522 3616 5589">
    <p class='ocr_par' dir='ltr' id='par_1_107' title="bbox 2058 5522 3616 5589">
     <span class='ocr_line' id='line_1_107' title="bbox 2058 5522 3616 5589; baseline -0.002 -12"><span class='ocrx_word' id='word_1_762' title='bbox 2058 5523 2153 5577; x_wconf 88' lang='lat' dir='ltr'><strong>sed</strong></span> <span class='ocrx_word' id='word_1_763' title='bbox 2204 5538 2290 5578; x_wconf 88' lang='lat' dir='ltr'><strong>res</strong></span> <span class='ocrx_word' id='word_1_764' title='bbox 2325 5533 2530 5578; x_wconf 86' lang='lat' dir='ltr'><strong>tantum</strong></span> <span class='ocrx_word' id='word_1_765' title='bbox 2562 5525 2809 5579; x_wconf 81' lang='lat' dir='ltr'><strong>caelestes</strong></span> <span class='ocrx_word' id='word_1_766' title='bbox 2855 5526 3137 5577; x_wconf 87' lang='lat' dir='ltr'><strong>adamarit.</strong></span> <span class='ocrx_word' id='word_1_767' title='bbox 3200 5522 3303 5589; x_wconf 86' lang='lat' dir='ltr'><strong>Qui</strong></span> <span class='ocrx_word' id='word_1_768' title='bbox 3349 5523 3452 5575; x_wconf 91' lang='lat' dir='ltr'><strong>duo</strong></span> <span class='ocrx_word' id='word_1_769' title='bbox 3482 5535 3616 5576; x_wconf 90' lang='lat' dir='ltr'><strong>con-</strong></span> 
     </span>
    </p>
   </div>
   <div class='ocr_carea' id='block_1_108' title="bbox 2060 5614 3610 5687">
    <p class='ocr_par' dir='ltr' id='par_1_108' title="bbox 2060 5614 3610 5687">
     <span class='ocr_line' id='line_1_108' title="bbox 2060 5614 3610 5687; baseline -0.003 -19"><span class='ocrx_word' id='word_1_770' title='bbox 2060 5620 2323 5683; x_wconf 77' lang='lat' dir='ltr'><strong>sectatur,</strong></span> <span class='ocrx_word' id='word_1_771' title='bbox 2359 5623 2606 5672; x_wconf 87' lang='lat' dir='ltr'><strong>ncutrum</strong></span> <span class='ocrx_word' id='word_1_772' title='bbox 2632 5615 2776 5685; x_wconf 86' lang='lat' dir='ltr'><strong>eapit</strong></span> <span class='ocrx_word' id='word_1_773' title='bbox 2810 5615 2889 5687; x_wconf 92' lang='lat' dir='ltr'><strong>(ut</strong></span> <span class='ocrx_word' id='word_1_774' title='bbox 2921 5616 2974 5671; x_wconf 91' lang='lat' dir='ltr'><strong>in</strong></span> <span class='ocrx_word' id='word_1_775' title='bbox 3001 5614 3316 5679; x_wconf 88' lang='lat' dir='ltr'><strong>venatione,</strong></span> <span class='ocrx_word' id='word_1_776' title='bbox 3350 5614 3610 5684; x_wconf 80' lang='lat' dir='ltr'><strong>leporem)</strong></span> 
     </span>
    </p>
   </div>
  </div>
