3974 6144
505 255 646 329 1415
1722 260 1785 319 S.
1822 257 2074 318 ISIDOB

2151 256 2588 318 PELUSIOT/E
3596 255 3708 322 Ἦίὶ

502 365 866 435 Quamobrem
900 366 945 422 si
978 366 1203 436 gloriam
1244 364 1488 435 sequeris
1516 375 1545 431 ,’
1565 365 1804 421 divinam
1838 373 2070 431 sectare,

2142 414 2147 424 _
2174 365 2276 417 οὐκ
2305 365 2454 417 ἐστιν
2479 361 2806 434 ἀμφοτέρων
2832 361 3141 432 ὲπιτυχεῖνο
3173 360 3315 415 ὥστε
3341 363 3390 416 εἰ
3419 362 3571 433 δόξης
3594 366 3711 434 ἐφιε-

501 477 664 533 quam
698 462 834 526 haec,
864 475 983 530 qua:
1014 461 1066 514 in
1099 460 1260 514 terris
1293 468 1397 524 est,
1433 459 1744 513 comitatur.

2177 472 2302 520 σαι,
2346 454 2447 527 ἐρα
2484 455 2583 526 τῆς
2616 452 2801 518 θείας,
2834 449 2980 525 ᾗπερ
3019 452 3114 506 καὶ
3146 454 3183 523 ἡ
3222 453 3457 509 ἐνταῦθα
3489 455 3712 519 πολλάκις

2172 546 2476 600 ἀκολουθεῖ.

805 657 976 714 ('LIII.
1007 688 1076 697 —-
1112 657 1411 712 EUTONIO
1445 656 1759 711 DIACONO.

2486 650 2652 705 PNI".
2692 680 2759 688 —
2795 647 3094 720 ΕΥΤΟΝΙῼ
3125 646 3441 718 AIAKoNn.

982 748 1120 802 Dum
1153 758 1288 801 recte
1321 764 1468 819 agas,
1506 763 1568 799 ne
1601 759 1801 799 metuas
1830 745 2035 815 iniquas
2070 742 2327 797 malorum
2357 757 2624 795 censuras.
2658 740 2895 812 (Confer.
2935 740 3085 806 epist.
3121 738 3234 808 47.)

575 856 632 911 Si
686 857 741 915 in
778 855 973 923 quibus
1030 856 1184 909 laude
1242 856 1477 911 maxime
1503 868 1564 909 es
1603 854 1842 922 dignus,
1903 852 1954 906 in
2006 851 2073 906 iis

2250 848 2314 900 Εἰ
2353 848 2410 900 έν
2441 841 2522 908 οἷς
2563 848 2804 901 ἐπαίνων
2836 841 2889 899 EI
2931 846 3204 915 μεγίστων
3238 844 3415 909 ἄξιος,
3454 845 3510 897 ὲν
3540 845 3717 907 τούτοις

502 947 635 1016 ipsis
690 945 759 999 ab
811 946 1033 1013 bisqui
1083 943 1313 999 aliorum
1343 944 1576 998 virtutes
1625 941 1839 1012 propria
1877 941 2071 995 damna

2178 940 2367 1002 αὐτοῖς
2407 940 2511 995 ὑπὸ
2558 938 2667 990 τῶν
2695 938 2903 1000 οἰκείας
2943 938 3274 1007 νομιζόντων
3322 937 3597 1005 συμφοράς
3641 938 3720 997 τὰς

503 1049 623 1091 esse
656 1035 858 1093 ducunt
908 1034 1317 1097 contemnaris,
1365 1034 1604 1088 animum
1658 1030 1898 1100 abjicere
1940 1030 2071 1087 nuli.

2177 1029 2382 1101 ἑτέρων
2420 1028 2627 1098 ἀρετὰς
2671 1027 2838 1099 ψέγῃ,
2889 1028 2966 1097 μὴ
3006 1026 3229 1097 ἀθύμει.
3274 1026 3446 1080 Τοῦτο
3481 1026 3584 1097 γὰρ
3611 1025 3720 1078 αὐτὸ

504 1125 747 1195 Namque
775 1125 878 1185 hoc
920 1124 1092 1193 ipsum
1141 1124 1486 1194 potissimum
1519 1122 1814 1178 maximum
1846 1130 1930 1176 est
1960 1120 2071 1174 vir-

1804 1137 1814 1174 ι
1846 1130 1930 1176 est
1960 1120 2071 1174 vir-
2181 1120 2420 1191 μάλιστα
2451 1120 2649 1190 δεῖγμα
2679 1118 2938 1190 μέγιστόν
2970 1119 3123 1171 ἐστιν
3149 1116 3373 1188 ἀρετῆς.

505 1219 637 1272 tutis
664 1225 1060 1287 argumentum.

1014 1320 1191 1377 CLIV.
1223 1350 1294 1362 -—
1324 1319 1554 1377 EIDEM.

2655 1318 2824 1373 PNA'.
2857 1348 2930 1359 —
2959 1318 3048 1389 Tn
3084 1318 3286 1389 arm.

1452 1410 1677 1465 Hostilis
1719 1410 2094 1478 expugnandus
2125 1413 2336 1467 animus
2386 1413 2804 1467 mansuetudine.

578 1517 819 1588 Intelligo
854 1529 907 1573 te
944 1518 1013 1573 ad
1045 1532 1171 1574 eum
1192 1517 1430 1573 delatum
1456 1553 1473 1582 ,
1500 1531 1660 1586 quem
1700 1517 1883 1571 dicere
1909 1529 2072 1569 noto:

2254 1520 2603 1589 Πυνθάνομαι
2640 1515 2979 1586 διενηνέχθαι
3026 1532 3087 1570 σε
3126 1514 3264 1585 πρὸς
3295 1514 3357 1567 ὃν
3395 1515 3456 1567 οὐ
3499 1513 3718 1583 βούλομαι

509 1624 683 1680 neque
704 1613 848 1665 enim
875 1608 960 1664 vel
990 1609 1258 1663 nominari
1282 1609 1475 1678 dignus
1491 1609 1584 1674 sit,
1608 1608 1698 1677 qui
1719 1610 1879 1661 vitam
1899 1607 2078 1662 vivere

2149 1610 2394 1679 ιλέγειν’
2429 1609 2505 1681 μὴ
2539 1608 2648 1680 γὰρ
2676 1607 2762 1678 εἴη
2802 1609 3025 1679 μνήμης
3052 1606 3224 1673 ἄξιος,
3252 1604 3357 1675 ζῇν
3380 1605 3718 1677 προῃρημένος

508 1699 762 1757 statuerit
818 1700 1100 1755 molestam
1150 1708 1205 1754 et
1262 1713 1533 1754 morosam
1570 1698 1947 1766 dilIicilemque
1974 1697 2077 1750 vir-

2190 1701 2402 1772 βαρὲως
2424 1739 2439 1763 ,
2472 1700 2565 1754 καὶ
2593 1700 2732 1771 πρὸς
2761 1699 2889 1761 τοὺς
2921 1697 3245 1768 φιλαρέτους
3275 1696 3563 1758 δυσκόλοις.
3601 1695 3719 1765 Πλὴν

509 1802 676 1848 tutem
704 1792 1034 1851 amantibus.
1086 1790 1453 1847 Nihilominus
1482 1792 1527 1845 si
1560 1790 1867 1859 resipiscet,
1902 1788 2078 1856 recipe

2184 1789 2301 1843 ἀλλ’
2335 1790 2385 1841 εί
2414 1787 2516 1858 μὲν
2540 1787 2868 1857 γνωσιμαχῇ
2890 1825 2906 1848 ,
2936 1786 3087 1851 δέξαι
3127 1784 3587 1855 ἀπολογούμενον·
3611 1781 3718 1834 εἰδὲ

506 1893 569 1939 ιιι
603 1891 905 1951 purgatum.
948 1881 1044 1936 Sin
1072 1896 1249 1945 secus,
1279 1894 1574 1950 cognosces
1600 1878 1646 1935 si
1675 1878 1883 1948 primus
1918 1892 2075 1932 acce-

2191 1878 2289 1949 μὴ,
2323 1866 2618 1947 γινώσκεις
2639 1875 2699 1931 δὲ
2722 1876 2771 1929 εί
2806 1876 3019 1947 πρῶτος
3049 1875 3446 1944 ὲπιπηδήσειας
3474 1877 3537 1944 τῇ
3563 1873 3718 1942 εἰρήνῃ

507 1975 606 2029 das
632 1973 751 2042 paci
781 1988 848 2026 ex
878 1972 1079 2029 debito.
1122 1972 1188 2026 Et
1217 1972 1318 2026 hoc
1346 1986 1467 2039 age.
1499 1970 1775 2040 Duplicem
1802 1967 1948 2024 enim
1983 1980 2076 2021 cn-

2186 1968 2709 2039 ὼφεληθησόμενον,
2752 1967 2851 2020 καὶ
2889 1966 3049 2019 τοῦτο
3092 1966 3347 2036 ποίησον.
3387 1963 3602 2017 Amiton
3634 1962 3719 2032 γὰρ

508 2078 695 2121 ronam
723 2063 1102 2133 consequeris,
1133 2078 1257 2118 cum
1284 2064 1353 2117 ob
1385 2063 1551 2117 vitam
1581 2070 1684 2117 ate
1708 2061 1939 2125 obitam,
1969 2066 2077 2121 tum

2185 2055 2330 2122 ἔξεις
2351 2055 2445 2107 τὸν
2480 2053 2747 2124 στέφανον
2768 2096 2784 2119 ,
2818 2053 2920 2121 τῆς
2958 2070 3019 2105 τε
3046 2053 3247 2106 σαυτοῦ
3281 2053 3398 2124 (I7)
3427 2052 3717 2121 φιλοσοφίας,

508 2153 732 2210 aIIectus
764 2155 1092 2225 pietatisque
1126 2154 1323 2223 gratia.

2184 2146 2287 2217 τῆς
2316 2162 2376 2199 τε
2406 2145 2615 2201 ἐκείνου
2643 2144 2957 2208 διαθέσεως.

774 2278 930 2334 CLV.
963 2307 1033 2320 —-
1075 2276 1469 2333 ISCHYRIONI
1502 2272 1814 2330 DIACONO.

2460 2265 2632 2321 PNE'.
2670 2295 2741 2306 —
2776 2263 3122 2327 tzxrptnNt
3160 2263 3479 2333 AIAKONQ.

1819 2363 2141 2432 Dialogismo
2176 2359 2469 2428 respondet.

583 2474 857 2544 Exponam
891 2481 1076 2542 aperte
1103 2471 1318 2526 brevem
1340 2510 1356 2534 ,
1387 2485 1545 2539 quem
1580 2472 1744 2525 habui
1784 2484 1908 2523 cum
1942 2481 2078 2537 quo-

2272 2467 2377 2519 Τὸν
2409 2462 2774 2535 γεγενημένον
2812 2480 2902 2533 μοι
2937 2463 3074 2533 πρός
3109 2480 3234 2516 τινα
3280 2463 3479 2535 βραχὺν
3516 2462 3720 2530 διάλογον

513 2566 638 2623 dam
657 2604 673 2631 ,
708 2578 1011 2619 sermonem
1033 2602 1051 2628 ,
1080 2577 1240 2631 quem
1268 2562 1647 2632 opponendum
1673 2561 1803 2614 duxi
1847 2560 1934 2626 iis,
1957 2573 2079 2626 quae

2177 2555 2425 2628 δηλώσας
2458 2555 2645 2623 σαφῶς
2666 2593 2682 2619 ,
2719 2549 2875 2624 οἶμαι
2924 2554 3322 2624 ἀποκεκρίσθαι
3358 2555 3489 2625 πρὸς
3516 2553 3580 2607 τὰ
3615 2569 3720 2623 γρα-

513 2653 804 2724 scripsisti.
844 2652 1012 2707 Incidi
1045 2651 1183 2706 forte
1212 2652 1263 2705 in
1286 2653 1575 2719 quemdam
1608 2648 1735 2703 mihi
1770 2649 2075 2703 dicentem:

2178 2649 2346 2717 φέντα
2380 2645 2533 2717 παρὰ
2580 2645 2697 2699 σοῦ.
2740 2645 3084 2713 Ἐντυχόντος
3116 2644 3227 2714 γάρ
3302 2645 3390 2715 μοί
3419 2643 3540 2697 ποτέ
3573 2660 3716 2704 τινος,

514 2738 625 2797 Fac
678 2755 768 2796 me
823 2738 1057 2809 justum.
1136 2738 1408 2808 ReSpondi
1439 2755 1453 2790 :
1494 2735 1636 2793 Fieri
1666 2735 1758 2805 qui
1789 2743 2000 2804 potest,
2032 2735 2079 2790 si

2186 2736 2283 2792 καὶ
2324 2734 2611 2803 λέγοντος,
2659 2732 2895 2801 Ποίησὸν
2946 2748 3013 2800 με
3053 2730 3267 2784 δίκαιον
3288 2747 3303 2760 ·
3344 2731 3715 2801 ἀπεκρινάμην·

514 2835 592 2888 sis
647 2833 882 2901 peccatis
910 2829 1224 2883 obnoxius?
1286 2828 1471 2882 Intulit
1521 2828 1648 2882 ille:
1698 2825 1817 2881 Non
1852 2825 2080 2892 amplius

2185 2826 2296 2879 Καὶ
2322 2825 2439 2888 πῶς
2459 2825 2645 2877 δύναιο
2669 2820 2919 2891 γενέσθαι
2948 2820 3283 2891 ἁμαρτάνων
3302 2838 3320 2887 ;
3340 2821 3443 2874 Τοῦ
3470 2821 3523 2873 δὲ
3546 2821 3717 2888 φήσαν-

515 2936 703 2992 pecco.
774 2919 884 2989 Ego
914 2934 1085 2975 vero:
1140 2920 1197 2974 Si
1232 2934 1357 2974 vera
1389 2919 1559 2986 dicis,
1602 2918 1775 2974 factus
1804 2932 1863 2971 es
1886 2956 1902 2981 ,
1937 2919 2079 2986 quod

2146 2942 2152 3001 ς
2185 2933 2276 2978 τος
2311 2913 2506 2985 μηκέτι
2536 2911 2872 2982 ἁμαρτάνειν
2893 2927 2910 2941 ·
2940 2910 3080 2979 ἔφην
3099 2926 3112 2941 °
3144 2910 3360 2964 Οὐκοῦν
3389 2912 3438 2963 εί
3459 2907 3715 2979 ἀληθεύειςι

516 3015 600 3067 vis
626 3027 766 3068 esse.
1282 3012 1287 3017 ’

2184 3007 2413 3076 γέγονας
2440 3006 2577 3077 ὅπερ
2606 3004 2895 3073 ἠθέλησας.

715 3120 880 3192 eoo
915 3118 1093 3175 CLVI.
1120 3147 1191 3160 —
1228 3117 1501 3174 ISIDORO
1532 3115 1879 3173 EPISCOPO.

2478 3112 2663 3179 PNQ".
2703 3142 2775 3154 --
2820 3112 3081 3180 ΙΣΙΔΩΡῼ
3118 3112 3480 3183 ΕΠΙΣΚΟΠῼ.

1290 3210 1365 3264 De
1398 3211 1671 3279 explorato
1700 3209 1875 3261 amico
1903 3205 2200 3276 cujusdam.
2230 3203 2469 3276 (Confer.
2501 3204 2650 3271 epist.
2682 3203 2807 3266 192,
2832 3202 2982 3274 199.)

594 3317 745 3374 Venit
788 3318 853 3371 ad
906 3332 1024 3382 me,
1053 3317 1122 3372 de
1158 3332 1264 3386 quo
1297 3318 1593 3387 scripseras
1615 3359 1629 3384 ,
1666 3318 1748 3370 vir
1778 3318 1902 3379 ille,
1936 3316 2083 3370 visus

2271 3312 2519 3382 Ἐνέτυχέ
2554 3329 2644 3383 μοι
2671 3314 2700 3364 δ
2728 3312 2867 3383 ἀνὴρ
2890 3312 3018 3383 περὶ
3043 3304 3105 3363 οὗ
3129 3312 3437 3381 γέγραφας,
3467 3309 3619 3363 δοκῶν
3642 3306 3716 3378 μὲν

514 3409 731 3480 quidem
766 3408 969 3472 tristis,
1016 3408 1186 3476 magis
1216 3422 1345 3462 vero
1378 3410 1641 3477 gaudens.
1687 3406 1903 3461 Vultum
1934 3408 2080 3461 enim

2188 3404 2495 3468 λυπεῖσθαι,
2524 3404 2851 3458 κινδυνεύων
2876 3404 2933 3457 δὲ
2964 3404 3197 3474 χαίρειν.
3229 3402 3324 3473 Τῷ
3355 3402 3459 3472 γὰρ
3488 3399 3717 3473 προσώπῳ

519 3502 734 3558 tametsi
765 3511 1015 3556 moestum
1043 3510 1097 3554 et
1125 3500 1375 3555 tetricum
1409 3515 1517 3569 prae
1544 3515 1601 3554 se
1630 3501 1814 3564 ferret,
1847 3508 2077 3554 mentem

2184 3495 2351 3550 αὑτοῦ
2380 3497 2556 3550 καίτοι
2597 3495 3048 3567 προσ-ποιουμένῳ
3078 3494 3520 3563 σκυθρωπάζειν,
3572 3488 3716 3557 σαφὴς

519 3603 698 3648 tamen
746 3590 972 3644 hilarem
1008 3590 1154 3645 clare
1179 3589 1444 3644 exhibuit.
1498 3587 1563 3643 Ut
1598 3590 1741 3644 enim
1774 3587 1954 3643 verbis
1981 3603 2079 3643 ex-

2186 3588 2480 3640 ὲνέστακτο
2508 3586 2634 3650 νοῦς
2660 3586 2875 3657 ἡδονῆς.
2926 3586 3014 3648 Ὧς
3049 3585 3106 3637 δὲ
3141 3583 3451 3654 βασανίζων
3490 3582 3633 3635 αὑτὸν
3659 3577 3718 3630 λό-

516 3681 730 3750 plorare
758 3678 900 3749 carpi
934 3717 952 3742 ,
983 3692 1104 3747 qua:
1146 3678 1422 3732 recondita
1452 3687 1610 3732 eram
1637 3717 1654 3743 ,
1705 3678 1758 3732 in
1815 3678 1984 3732 lucem
2017 3693 2081 3732 ea

2189 3694 2346 3746 γοις.
2388 3676 2458 3729 τὰ
2495 3677 2779 3747 ἀπόρρητα
2819 3676 2900 3739 είς
2929 3675 3044 3745 φῶς
3090 3676 3399 3744 ἐξενεγκεῖν
3449 3672 3716 3740 ἠνάγκασα.

520 3767 762 3838 proferre
791 3768 965 3835 coegi.
994 3767 1089 3823 Ille
1110 3766 1271 3822 veluti
1303 3775 1512 3836 captus,
1549 3769 1717 3823 risum
1746 3768 1840 3821 irze
1864 3767 2083 3822 mistnm

2188 3769 2310 3822 τότε
2342 3768 2406 3838 δὴ
2441 3762 2551 3820 οἷον
2588 3768 2768 3831 ἁλοὺς,
2802 3767 3065 3837 μειδίαμα
3099 3767 3263 3837 θυμῷ
3298 3764 3621 3836 κεκραμένον
3654 3758 3718 3811 διὰ

517 3873 617 3930 per
648 3859 893 3913 maxillas
923 3858 1124 3913 emisit.
1189 3857 1329 3913 Hinc
1373 3858 1547 3914 eIIuso
1579 3859 1913 3913 cachinnans
1950 3859 2085 3922 risu,

2189 3861 2289 3929 τῆς
2321 3862 2551 3929 παρειᾶς
2580 3859 2822 3929 ἔπεμψεν
2843 3875 2857 3889 ⁸
2890 3855 3009 3912 εἶτα
3042 3858 3254 3911 πλατὺν
3288 3858 3493 3927 γέλωτα
3519 3855 3716 3915 ἀνακαγ-

519 3947 610 4012 iis,
639 3948 729 4017 qui
756 3946 1087 4012 acciderant,
1119 3947 1292 4003 laetari
1321 3962 1383 4003 se
1407 3947 1582 4016 palam
1611 3948 1886 4018 professus
1913 3956 2012 4003 est.

2199 3951 2391 4020 χάσας,
2421 3949 2690 4020 ἡσθῆσθαι
2725 3949 2843 4002 λίαν
2866 3948 2960 4002 ἐπὶ
2991 3951 3103 4012 τοῖς
3132 3948 3500 4020 συμϐεϐηκόσι
3535 3941 3716 4012 διαρρή-

2195 4044 2292 4114 δην
2319 4041 2659 4113 ὡμολόγησε.

1043 4144 1244 4201 CLVII.
1276 4174 1347 4186 -—-—
1384 4142 1564 4198 NILO.

2693 4150 2861 4203 PNZ'.
2911 4180 2980 4190 -
3028 4150 3258 4221 ΝΕΙΛῼ.

1149 4236 1377 4289 Perinde
1406 4251 1517 4288 esse
1543 4251 1644 4303 quo
1679 4236 1793 4304 quis
1825 4235 1938 4289 loco
1971 4236 2272 4302 sepeliatur,
2309 4255 2425 4291 cum
2460 4240 2627 4292 omnis
2662 4249 2800 4292 terra
2837 4241 3012 4308 patria
3045 4241 3111 4292 sit

595 4344 995 4416 Sepeliendum,
1028 4352 1086 4397 ut
1114 4342 1245 4397 mihi
1280 4342 1492 4410 quidem
1525 4342 1766 4408 videtur,
1800 4357 2017 4411 corpus,
2043 4350 2099 4397 et
2128 4335 2164 4388 Β

2150 4337 2172 4388 )
2270 4346 2413 4416 Χρὴ,
2434 4346 2509 4408 ὡς
2528 4345 2715 4415 ἔμοιγε
2739 4346 2905 4411 δοκεῖ,
2933 4345 3162 4400 θάπτειν
3182 4347 3244 4400 τὸ
3262 4347 3441 4417 σῶμα,
3467 4358 3553 4396 και
3577 4337 3719 4393 ὁσιοῦν

519 4438 666 4508 iusta
716 4434 1068 4505 persolvenda
1127 4434 1180 4487 in
1215 4446 1278 4486 eo
1313 4433 1449 4502 ipso,
1481 4446 1588 4499 quo
1620 4432 1901 4497 discessit,
1950 4433 2088 4488 loco.

2197 4438 2277 4497 είς
2304 4436 2396 4488 τὸν
2421 4436 2615 4498 τόπον,
2643 4439 2722 4499 εἰς
2748 4437 2807 4489 ὃν
2832 4437 2927 4489 καὶ
2955 4437 3296 4508 ἐτελεύτησε.
3324 4434 3622 4491 Γυναικείας
3639 4426 3720 4493 γὰρ

522 4528 803 4582 Muliebris
848 4526 991 4579 enim
1028 4525 1347 4593 angustique
1367 4564 1383 4591 ,
1416 4525 1630 4592 opinor,
1677 4534 1759 4577 est
1788 4525 1952 4577 animi
1980 4562 1996 4588 ,
2025 4538 2091 4577 ex

2199 4524 2352 4597 οἶμαι
2383 4528 2477 4580 καὶ
2512 4528 2711 4597 μικρᾶς
2749 4527 2988 4592 διανοίας
3019 4529 3081 4581 τὸ
3106 4529 3212 4582 ἀπὸ
3240 4529 3449 4581 πόλεων
3479 4527 3550 4586 εἰς
3579 4518 3720 4574 πόλεις

525 4619 751 4674 urbibus
800 4617 852 4670 in
888 4616 1052 4670 urbes
1087 4615 1318 4669 cadaver
1345 4612 1717 4679 circumferre,
1751 4622 1912 4682 atque
1940 4622 2094 4667 natu-

2201 4618 2623 4688 μετακομίζειν,
2655 4618 2751 4671 καὶ
2790 4619 2858 4671 τά
2903 4621 3181 4689 μυστήρια
3224 4620 3325 4686 τῆς
3358 4618 3561 4689 φύσεως
3591 4612 3721 4679 δημο⁶

524 4723 599 4761 ra:
630 4706 890 4777 evulgare
942 4704 1259 4775 mysterium
1288 4744 1304 4770 ,
1353 4720 1475 4760 cum
1509 4706 1690 4762 omnis
1724 4715 1873 4760 terra
1918 4706 2093 4774 patria

1871 4750 1873 4759 .
1918 4706 2094 4774 patria
2201 4707 2432 4773 σιεύειν,
2468 4709 2648 4777 πάσης
2679 4708 2779 4776 τῆς
2816 4708 2921 4779 γῆς
2962 4711 3219 4779 πατρίδος
3251 4708 3440 4777 οὔσης.

526 4795 679 4849 nobis
714 4794 806 4849 sit.

815 4901 1037 4958 CLVIII.
1076 4931 1146 4944 —
1192 4900 1469 4956 HIERACI
1500 4900 1814 4956 DIACONO.
2541 4903 2716 4958 PNH’.
2750 4936 2818 4947 —
2847 4906 3081 4961 IEPAKI
3109 4906 3430 4975 ΔΙΑΚΟΝῼ.

1260 4994 1326 5048 1η
1356 5011 1458 5065 quo
1488 5009 1694 5048 summa
1727 4992 1979 5046 bonarum
2030 4992 2299 5047 consistat.
2334 4994 2493 5065 (Vide
2532 4996 2683 5063 epist.
2725 4997 2852 5060 306,
2888 4997 3037 5066 409.)

593 5116 738 5173 Cave
770 5133 953 5173 mensa
984 5116 1513 5183 ferculisrelerta,et
1540 5116 1803 5171 dissoluto
1832 5125 1993 5170 cantu
2028 5129 2093 5170 ac

2268 5116 2361 5185 Μὴ
2390 5115 2637 5188 τραπέζῃ
2680 5118 2992 5189 πληθούσῃ,
3031 5121 3129 5173 καὶ
3170 5117 3298 5188 ὦδῷ
3334 5115 3621 5187 ἀνειμένῳ,
3651 5104 3722 5160 καὶ

524 5210 662 5265 luxu
692 5209 998 5262 divitiarum
1015 5207 1327 5263 felicitatem
1350 5208 1602 5273 metiare;
1640 5207 1747 5260 imo
1775 5204 2090 5260 sufﬁcientia

2199 5204 2414 5275 πλούτῳ
2443 5206 2619 5277 ῥέοντι
2652 5209 2751 5279 τὴν
2785 5210 3157 5280 μακαριότητα
3177 5208 3393 5280 ὁρίζου,
3424 5204 3535 5261 ἀλλ’
3558 5202 3723 5268 αὑταρ.

523 5315 588 5355 ac
618 5299 696 5355 rei
743 5299 942 5352 nullius
971 5299 1290 5352 necessariae
1326 5297 1642 5366 indigentia.
1686 5295 1764 5350 Illi
1802 5296 1944 5351 enim
1978 5311 2092 5350 ser-

2199 5297 2358 5367 κείᾳ,
2403 5299 2497 5350 καὶ
2537 5298 2618 5369 τῷ
2668 5300 2893 5371 μηδενὸς
2939 5300 3049 5354 τῶν
3093 5301 3412 5369 ἀναγκαίων
3448 5289 3722 5350 λείπεσθαυ

1612 5448 1845 5504 ἾΑΒΙΑΞ
1877 5446 2261 5505 LECTIONES
2297 5447 2386 5501 ΕΤ
2425 5449 2658 5505 NOTAE.

600 5603 714 5675 (Π)
752 5603 855 5659 Pro
902 5605 1094 5660 σαυτοῦ
1128 5606 1281 5660 codd.
1329 5605 1445 5660 Val.
1484 5606 1587 5661 050
1635 5616 1685 5661 ct
1733 5605 1839 5659 Ait.
1899 5604 2100 5659 habent
2127 5605 2169 5656 ὲι

1037 5605 1094 5659 οῦ
1128 5606 1281 5660 codd.
1329 5605 1445 5660 Val.
1484 5606 1587 5661 050
1635 5616 1685 5661 et
1733 5605 1839 5659 Alt.
1899 5604 2100 5659 habent
2127 5604 2356 5657 ἐκείνου.
2396 5604 2606 5661 Possm.
