3974 6144
330 267 464 337 1417

1210 265 1747 331 EPISTOLARUM
1784 265 1932 326 LIB.
1963 266 2031 327 V.
2071 289 2142 302 -
2170 263 2408 326 EPIST.
2444 264 2678 326 CLXII.

3432 261 3570 326 1418

326 385 512 439 ἐκεῖνα
559 385 658 455 μὲν
690 382 799 457 γάρ
842 382 1199 455 ἀνελεύθερον
1230 383 1329 454 τὴν
1369 379 1581 452 ψυχὴν,
1624 378 1798 433 ταῦτα
1840 380 1897 433 δὲ

2015 394 2124 434 tum
2158 381 2391 435 reddunt
2423 380 2661 435 animum
2688 394 2705 444 ;
2739 376 3057 435 sufﬁcientia
3088 385 3216 435 vero
3234 391 3386 449 rcges
3415 379 3565 434 facit.

328 474 738 544 παρασκευάζει
775 474 1040 545 βασιλίδα.

829 579 1001 635 PNO’.
1046 610 1119 621 —
1163 577 1404 651 uETpe.

2505 570 2688 628 CLIX.
2713 601 2783 614 --
2820 569 3070 627 PETRO.

324 691 667 747 Peccantium
696 709 883 762 genera
909 695 1014 748 duo
1043 700 1436 762 comparantur.
1458 690 1523 743 In
1554 689 1685 744 illud
1718 687 1877 768 Pauli
1895 686 2059 809 [Raeti
2082 701 2124 825 ἰ,
2148 685 2218 739 '52
2244 703 2257 738 :
2298 703 2317 737 ι
2340 684 2463 740 Νοη
2492 684 2660 739 solum
2685 684 2775 755 qui
2804 699 2867 739 ea
2899 684 3121 755 faciunt,
3144 704 3162 734 ι
3198 694 3296 737 etc.
3331 682 3568 751 (Confer-

1782 774 1887 825 epis
1920 797 1933 810 .
2060 796 2071 808 .

1782 774 1933 826 epist.
1995 774 2071 809 ut.

392 886 578 943 Κακδν
630 886 730 958 μὲν
784 886 846 941 τὸ
893 886 1264 960 ἀμαρτάνειν’,
1311 883 1506 939 κάκιον
1567 885 1625 937 δὲ
1677 882 1738 937 τὸ
1798 884 1894 937 καί

324 979 711 1049 ἁμαρτάνοντα
731 978 1074 1049 ἀναισθήτως
1098 977 1240 1048 ἔχειν
1259 992 1273 1008 ο
1300 976 1361 1030 τὸ
1378 976 1435 1029 δὲ
1456 976 1551 1031 καὶ
1581 974 1681 1047 τὴν
1704 975 1896 1046 προαί-

330 1087 478 1141 ρεσιν
505 1068 856 1139 διεφθάρθαι,
882 1069 977 1123 καὶ
1010 1068 1145 1139 μηδὲ
1169 1068 1268 1138 τὴν
1294 1067 1475 1138 κρίσιν
1500 1066 1608 1119 τῶν
1636 1064 1896 1136 πραγμά-

326 1176 436 1212 των
463 1158 607 1229 έχειν
645 1157 812 1230 ὀρθὴν
831 1199 845 1223 ,
873 1156 1134 1212 κάκιστόν
1164 1175 1249 1220 τις
1276 1158 1503 1221 εἰκότως
1534 1157 1787 1227 ὁριεῖται.
1834 1157 1894 1209 Ὀ

330 1249 431 1320 μὲν
466 1251 573 1321 γὰρ
604 1251 734 1313 ἴσως
760 1249 1047 1311 παύσεται,
1083 1250 1111 1302 6
1144 1248 1200 1302 δὲ
1236 1249 1486 1318 αἴσθησιν
1521 1249 1690 1318 τυχὸν
1726 1246 1894 1317 λήψε-

327 1358 415 1393 ται
446 1340 554 1392 τῶν
585 1340 947 1411 τραυμάτων,
995 1339 1089 1393 καλ⁹
1133 1340 1317 1410 ἰατρὸν
1356 1337 1610 1409 ζητήσει·
1663 1339 1691 1391 6
1732 1338 1789 1390 δὲ
1832 1338 1898 1408 τῇ

328 1427 498 1499 κακίᾳ
542 1427 737 1496 ἣδιστα
794 1426 1176 1498 ἐνδιατρίϐων,
1229 1426 1324 1480 καὶ
1374 1424 1712 1495 ἐγκωμιάζει
1770 1424 1899 1486 τοὺς

328 1518 500 1571 ταῦτα
545 1516 802 1588 δρῶντας.
838 1516 988 1587 Ὀσῳ
1027 1512 1121 1571 οὖν
1171 1516 1367 1587 χείρων
1396 1517 1424 1568 6
1471 1517 1544 1585 μὴ
1578 1513 1900 1584 αἰσθόμενος

329 1608 465 1672 τέως
489 1609 587 1680 τῆς
614 1609 767 1662 νόσου
796 1608 891 1661 τοῦ
925 1607 1126 1671 εἰδότος
1156 1607 1238 1661 ὃτι
1268 1609 1434 1672 νοσεῖ,
1468 1604 1707 1675 τοσούτῳ
1738 1605 1901 1671 χαλε·
1934 1633 1977 1687 Β

331 1699 575 1769 πώτερος
613 1698 704 1752 τοῦ
754 1698 828 1769 μὴ
872 1696 1196 1767 αἰσθομένου
1250 1698 1278 1750 6
1325 1694 1420 1750 καὶ
1474 1693 1789 1764 συνηγορῶν
1835 1693 1901 1761 τῇ

331 1790 472 1860 νόσῳ
494 1805 508 1820 ο
551 1788 645 1842 καὶ
673 1788 762 1841 διὰ
792 1786 949 1840 τοῦτο
983 1786 1195 1849 Παῦλος
1227 1785 1331 1856 ἔφη
1356 1800 1372 1817 ο
1413 1801 1433 1836 ι
1471 1785 1544 1837 06
1581 1782 1741 1853 μόνον
1764 1780 1903 1835 αὐτὰ

333 1878 597 1940 ποιοῦσιν,
615 1876 751 1931 ἀλλὰ
776 1877 871 1931 καὶ
902 1876 1278 1930 συνευδοκοῦσι
1312 1876 1423 1937 τοῖς
1452 1874 1803 1944 πράττουσι.)
1831 1868 1905 1923 T6

334 1969 444 2040 γὰρ
480 1968 719 2021 ἐπαινεῖν
766 1967 858 2020 καὶ
903 1966 1246 2037 συνηγορεῖν,
1297 1964 1392 2018 τοῦ
1421 1966 1695 2035 πράττειν.
1725 1965 1906 2033 χεῖρον

334 2058 559 2121 εἰκότως
580 2056 848 2127 ὼρίσατο⁴
875 2058 1012 2128 ὅπερ
1037 2056 1183 2118 τινὲς
1210 2055 1285 2128 μὴ
1316 2054 1566 2117 συνέντες
1584 2093 1599 2118 ,
1622 2051 1906 2124 ἑρμηνεῦ-

338 2166 427 2202 σαι
485 2147 869 2218 βουληθέντες,
936 2146 1417 2218 παραπεποιῆσθαι
1470 2146 1761 2216 ἐνόμισαν,
1814 2145 1907 2197 καὶ

335 2239 509 2303 οὕτως
534 2238 666 2294 αὐτὸ
685 2237 843 2303 τάξαι
863 2239 962 2291 οὐκ
982 2237 1237 2308 ὤκνησαν
1259 2253 1273 2270 ·
1302 2255 1319 2289 ι
1339 2238 1414 2290 Οὐ
1438 2236 1595 2307 μόνον
1617 2238 1666 2289 οἰ
1696 2235 1906 2289 ποιοῦν-

336 2346 428 2393 τες
461 2330 633 2393 αὐτὰ,
668 2330 802 2383 ἀλλά
847 2330 941 2384 καὶ
985 2329 1036 2381 οἰ
1082 2326 1528 2390 συνευδοκοῦντες
1570 2328 1685 2391 τοῖς
1731 2328 1905 2397 πράτ-

336 2438 520 2476 τουσιν
543 2437 554 2451 °
576 2440 595 2472 ι
618 2421 705 2475 ἵνα
729 2421 912 2493 μεῖζον
992 2420 1053 2474 τὸ
1072 2420 1287 2484 ποιεῖν,
1310 2421 1409 2473 καί
1433 2419 1651 2473 ἔλαττον
1678 2418 1737 2472 τὸ
1758 2433 1907 2472 συν-

335 2512 627 2566 ευδοκεῖν.
673 2512 812 2565 Ἀλλ’
835 2512 1138 2582 ἠγνόησαν,
1165 2512 1248 2565 ὅτι
1274 2511 1336 2565 τὸ
1374 2510 1471 2582 μὲν
1502 2509 1775 2582 ῥᾳθυμίας
1800 2504 1868 2580 ἦν
1887 2548 1903 2575 ,

336 2602 398 2655 τὸ
433 2602 491 2656 δὲ
525 2600 924 2672 διεφθαρμένης
963 2599 1217 2672 γνώμης⁶
1250 2600 1435 2654 καὶτὸ
1477 2599 1577 2670 μὲν
1610 2598 1908 2670 παραλογι-

337 2693 501 2763 σμοῦ,
528 2693 590 2747 τὸ
615 2694 670 2747 δὲ
691 2694 925 2764 κρίσεως
944 2692 1042 2764 οὐχ
1064 2691 1275 2762 ὑγιοῦς.
1309 2691 1367 2744 ⁸0
1398 2692 1496 2762 μὲν
1515 2690 1624 2762 γὰρ
1650 2690 1907 2761 ῥᾳθυμῶν

339 2786 436 2840 καὶ
466 2786 815 2857 ὲρυθριάσει,
849 2785 943 2839 καὶ
986 2786 1066 2849 εἰς
1101 2784 1389 2855 μετάνοιαν
1421 2783 1550 2845 ἴσως
1592 2782 1905 2834 ἐλεύσεται·

338 2877 368 2928 6
386 2875 442 2931 δὲ
462 2876 560 2947 τὴν
583 2877 790 2931 οἰκείαν
810 2876 991 2947 ψῆφον
1021 2873 1425 2947 συνηγοροῦσαν
1455 2873 1593 2944 ἔχων
1619 2872 1697 2943 τῷ
1724 2872 1905 2939 πάθει,

2072 882 2327 949 Peccare,
2360 880 2558 937 malum
2588 889 2708 948 est;
2757 880 3019 945 deterius.
3053 889 3366 949 peccantem
3400 884 3569 940 veluti

2000 987 2194 1028 sensus
2217 980 2492 1042 expertem
2523 970 2655 1027 nihil
2687 970 2910 1025 moveri.
2944 972 3014 1025 At
3033 985 3159 1026 vero
3187 972 3567 1051 qui/corrupto

1994 1062 2200 1131 judicio
2230 1062 2298 1117 de
2348 1063 2510 1118 rebus
2554 1061 2691 1118 male
2720 1062 3032 1129 existimat,
3079 1060 3221 1117 hunc
3269 1064 3570 1131 pessimum

2001 1154 2124 1223 quis
2167 1153 2361 1209 merito
2404 1153 2631 1222 iudicet.
2693 1150 2905 1209 Primus
2939 1153 3165 1208 forsitan
3213 1169 3441 1223 peccare
3475 1158 3575 1211 de-

2004 1243 2188 1310 sinet;
2222 1243 2362 1299 alter
2411 1259 2629 1314 quoque
2667 1244 2949 1297 vulnerum
2988 1260 3149 1299 sensu
3194 1255 3431 1315 recepto,
3461 1261 3577 1301 me-

2006 1334 2186 1389 dicum
2236 1343 2460 1404 quaeret.
2498 1336 2566 1388 At
2612 1334 2705 1404 qui
2757 1335 2811 1387 in
2856 1334 3058 1388 malitia
3113 1348 3237 1389 eum
3294 1334 3574 1405 voluptate

2006 1434 2291 1490 versatur,
2327 1426 2491 1479 etiam
2544 1424 2663 1479 illos
2691 1423 2963 1488 laudabit,
3004 1423 3094 1493 qui
3142 1426 3290 1493 paria
3341 1424 3571 1481 faciunt.

2006 1513 2172 1594 igitur
2213 1525 2362 1569 tanto
2384 1514 2621 1569 deterior
2657 1529 2746 1580 eo,
2792 1515 2883 1583 qui
2930 1513 3178 1568 morbum
3230 1530 3336 1568 nou
3384 1517 3574 1581 sentit,

2006 1616 2065 1661 ut
2098 1606 2205 1671 ille,
2236 1609 2326 1676 qui
2364 1608 2416 1659 in
2451 1607 2639 1659 morbo
2668 1607 2887 1673 gaudet.
2922 1605 3152 1674 Ideoque
3181 1606 3316 1660 dixit
3340 1604 3574 1660 Paulus:

2011 1714 2030 1747 ι
2060 1694 2175 1750 Non
2221 1695 2394 1750 solum
2454 1695 2540 1749 illa
2585 1692 2831 1757 faciunt,
2877 1696 2970 1749 sed
3014 1704 3071 1748 et
3095 1694 3444 1749 consentiunt
3496 1694 3579 1747 fa-

2004 1786 2291 1841 cientibus.
2323 1804 2343 1837 »
2402 1782 2653 1838 Laudare
2696 1784 2841 1839 enim
2887 1793 2943 1838 et
2991 1783 3289 1847 assentiri,
3340 1782 3606 1838 deterius.

2005 1889 2153 1939 esse,
2186 1889 2346 1945 quam
2382 1874 2590 1939 facere,
2634 1872 2928 1928 verisimile
2969 1871 3202 1926 videtur.
3258 1872 3411 1939 Quod
3457 1873 3580 1941 qui-

2006 1967 2125 2019 dam
2157 1982 2263 2021 non
2310 1964 2667 2035 iutelligentes
2697 1979 2819 2018 cum
2849 1964 3152 2018 voluissent
3204 1963 3578 2032 interpretari,

2008 2057 2059 2113 id
2089 2057 2391 2111 adulterare
2421 2056 2519 2111 visi
2558 2064 2719 2121 sunt,
2747 2063 2804 2110 et
2834 2054 2907 2109 ita
2931 2054 3094 2111 verba
3131 2053 3218 2108 illa
3247 2055 3581 2110 constituere

2005 2149 2119 2202 ausi
2154 2155 2318 2202 sunt:
2357 2166 2376 2198 ι
2403 2146 2516 2201 Non
2553 2155 2759 2201 tantum
2798 2146 3060 2201 facientes
3092 2145 3200 2210 illa,
3238 2147 3337 2200 sed
3368 2156 3422 2199 et
3447 2160 3579 2202 con-

2006 2240 2302 2295 sentientes
2325 2237 2684 2294 facientibus:
2714 2256 2733 2289 ι
2775 2244 2831 2292 ut
2860 2237 3094 2295 amplius
3117 2252 3240 2293 esse
3261 2240 3576 2302 ostendant,

2006 2333 2199 2402 facere,
2226 2333 2402 2388 minus
2419 2345 2572 2398 vero,
2593 2332 2902 2387 consentire.
2932 2331 3037 2386 Sed
3066 2332 3118 2386 hi
3145 2331 3321 2387 minus
3338 2332 3582 2387 animad-

2006 2429 2225 2474 vertunt
2270 2418 2442 2488 facere
2483 2419 2827 2490 negligentia“:
2860 2433 2983 2476 esse
3027 2434 3230 2490 posse;
3281 2421 3582 2475 consentire

2006 2525 2154 2576 vero,
2176 2511 2370 2566 mentis
2395 2520 2684 2580 corruptae.
2720 2510 2853 2567 Illud
2877 2520 2959 2567 est
2988 2512 3214 2566 rationis
3235 2511 3578 2578 aberrantis;

2007 2603 2109 2657 boc
2124 2619 2249 2658 vero
2268 2602 2459 2673 judieii
2482 2613 2567 2660 est
2597 2621 2703 2659 non
2733 2605 2874 2662 sani.
2906 2602 2972 2659 Et
2995 2606 3087 2675 qui
3115 2605 3433 2675 negligenda
3453 2619 3583 2672 pec-

2006 2696 2167 2761 eavit,
2186 2696 2350 2750 etiam
2372 2697 2670 2761 erubescit,
2695 2697 2853 2768 60],
2874 2704 2928 2752 et
2948 2697 3013 2751 ad
3040 2696 3415 2767 penitentiam
3445 2694 3584 2751 forte

2006 2795 2381 2842 convertetur.
2432 2786 2633 2843 Verum
2664 2789 2755 2858 qui
2792 2802 2905 2842 sua:
2953 2802 3048 2857 per
3081 2788 3259 2841 omnia
3292 2788 3585 2842 sententi:e

2006 2877 2308 2946 acquiescit
2355 2879 2410 2932 in
2440 2892 2502 2933 ea
2537 2878 2821 2933 affectione
2849 2893 2913 2933 ac
2950 2876 3362 2947 perturbatione
3388 2877 3578 2939 animi,

337 2967 466 3022 οὔτε
493 2968 750 3037 ἀφέξεται
773 2971 873 3040 τῆς
893 2967 1116 3034 κακίας,
1144 2965 1267 3021 οὔτε
1293 2964 1629 3038 ὲρυθριάσει,
1654 2964 1789 3018 ἀλλά
1816 2964 1909 3018 καὶ

2015 2976 2222 3020 tantum
2254 2967 2438 3029 abest,
2472 2977 2530 3021 ut
2557 2968 2803 3023 discedat
2829 2982 2858 3021 a
2893 2967 3055 3035 malo,
3086 2977 3179 3022 aut
3216 2967 3347 3021 facti
3381 2968 3583 3037 pudore

339 3060 737 3132 ἑναϐρυνεῖται.

689 3190 805 3246 ΡΞ.
838 3219 912 3231 -
944 3187 1146 3244 ΘΕΩΝΙ
1180 3186 1547 3258 ΕΠΙΣΚΟΠῼ.

2015 3057 2283 3125 ducatur;
2321 3068 2379 3114 ut
2399 3059 2562 3114 etiam
2589 3059 2642 3115 in
2669 3074 2735 3114 eo
2759 3058 3037 3130 glorietur,
3063 3072 3231 3130 seque
3250 3056 3440 3128 iactet.

2332 3189 2490 3245 CLX.
2517 3218 2587 3232 —
2627 3188 2882 3245 THEONI
2922 3186 3274 3243 LPlSCOPO.

481 3304 585 3373 Qui
613 3304 749 3359 alios
774 3320 806 3358 ο
837 3311 1047 3369 peccato
1078 3315 1256 3354 arcere
1284 3299 1454 3364 debet,
1488 3309 1537 3354 et
1567 3298 1675 3367 ipse
1708 3308 1903 3367 peccat,
1943 3301 2144 3367 maiore
2182 3319 2333 3372 paena
2377 3303 2586 3373 dignus.
2620 3300 2853 3373 (Confer.
2887 3304 3037 3373 epist.
3077 3302 3177 3360 i96
3208 3310 3255 3357 et
3281 3298 3440 3369 τεο.)

414 3433 478 3487 Εἰ
502 3432 660 3487 παντί
696 3446 796 3484 που
824 3427 983 3498 δῆλόν
1008 3427 1186 3491 ἐστιν,
1214 3424 1291 3488 ὡς
1314 3424 1343 3478 6
1368 3423 1637 3494 κολαστὴς
1663 3423 1771 3477 τῶν
1800 3424 1916 3478 ἀδι-

345 3522 580 3576 κούντων
621 3521 841 3592 μείζονα
878 3506 1037 3588 δίκην
1076 3516 1301 3579 εἰκότως
1345 3514 1462 3585 δοίη
1503 3515 1604 3578 ἂν,
1636 3515 1685 3568 εἰ
1726 3533 1915 3588 φωρα-

343 3614 464 3685 θείη
507 3612 678 3667 ταῦτα
713 3612 891 3683 δρῶν,
944 3608 982 3664 ἃ.
1034 3605 1268 3662 κωλύειν
1308 3605 1528 3677 ἑτέρους
1569 3605 1806 3677 ὲτᾴχθηο
1858 3608 1909 3660 τί

344 3703 542 3757 σαυτὸν
589 3702 935 3770 φενακίζεις,
984 3699 1061 3763 ὡς
1118 3696 1419 3769 λησόμενος
1470 3695 1561 3752 τὸν
1612 3697 1911 3769 ἀκοίμητον

341 3793 623 3864 ὀφθαλμόν
640 3810 656 3858 ;

809 4013 971 4070 PEA'.
1006 4045 1074 4057 —
1117 4015 1204 4083 Tu
1241 4014 1445 4081 ΔΥΤῼ.

2084 3432 2163 3494 Si,
2192 3434 2333 3503 quod
2361 3433 2612 3488 omnibus
2650 3443 2735 3488 est
2755 3441 2961 3497 notum,
2996 3432 3087 3503 qui
3121 3432 3314 3488 debeat
3342 3430 3397 3487 in
3443 3431 3583 3487 alio-

2014 3535 2131 3574 rum
2175 3520 2455 3576 malefacta
2484 3522 2940 3586 animadvertere,
2976 3521 3415 3576 malefactoribus
3453 3520 3586 3589 ipsis

2016 3610 2233 3680 gravius
2290 3613 2593 3681 puniendus
2625 3623 2731 3676 est,
2789 3613 2832 3667 si
2871 3611 3051 3667 facere
3088 3611 3456 3682 deprehensus
3494 3612 3585 3677 sit,

2012 3717 2151 3770 quae,
2190 3716 2257 3755 ne
2305 3702 2375 3754 ab
2419 3701 2527 3756 alio
2580 3703 2795 3767 fierent,
2860 3702 3148 3770 prohibere
3197 3700 3417 3767 debuit;
3466 3714 3585 3764 cur,

2010 3806 2214 3858 qumso,
2242 3791 2335 3846 tibi
2366 3792 2463 3862 ipsi
2494 3793 2780 3858 blandiris,
2814 3803 3070 3863 tanquam
3096 3792 3347 3863 eﬂugeris
3371 3791 3582 3861 vigilem

2012 3883 2104 3937 Dei
2135 3884 2383 3938 oculum?

2523 4008 2704 4064 CLXI.
2737 4038 2807 4052 --
2831 4007 3063 4065 EIDEM.

1085 4124 1359 4179 Privatum
1398 4132 1560 4178 vivere
1579 4130 1815 4191 prwstat,
1847 4137 2002 4191 quam
2049 4122 2281 4176 omnium
2317 4123 2601 4177 monstrari
2631 4123 2829 4192 digitis.

419 4260 511 4313 Σοὶ⁸
541 4259 660 4330 μὲν,
690 4256 765 4321 ὡς
796 4256 1101 4327 γέγραφας,
1130 4256 1224 4310 τοῦ
1267 4253 1471 4326 μηδένα
1499 4254 1712 4321 ἀγνοεῖν
1732 4268 1745 4279 ·
1772 4250 1915 4323 ἀλλῳ

348 4353 406 4406 δὲ
444 4352 573 4414 ἴσως
614 4349 709 4403 τοῦ
741 4349 846 4401 ὑπὸ
903 4347 1130 4418 μηδενὸς
1165 4344 1507 4415 ἀγνοεῖσθαι⁶
1544 4342 1665 4413 ἐμοὶ
1711 4342 1768 4395 δὲ
1819 4339 1913 4394 τοῦ

2091 4250 2210 4306 Tibi
2266 4252 2507 4322 quidem,
2564 4260 2623 4307 ut
2672 4253 2890 4319 scribis,
2944 4267 3092 4307 cura:
3144 4253 3246 4309 fuit
3315 4256 3584 4311 neminem

2022 4343 2292 4411 ignorare,
2347 4345 2503 4400 alteri
2539 4360 2668 4401 vero
2714 4346 2947 4402 fortasse
2994 4361 3024 4400 a
3081 4348 3296 4403 nemine
3324 4349 3583 4419 ignorari.

350 4444 554 4517 ἀρετῆς
590 4439 931 4511 ἀντέχεσθαι,
972 4440 1020 4493 εἰ
1059 4439 1152 4491 καὶ
1184 4438 1370 4508 μηδεὶς
1396 4435 1698 4506 ἀνθρώπιον
1726 4434 1909 4501 γνοίη,

2021 4434 2147 4487 Mihi
2211 4449 2338 4490 vero
2395 4435 2573 4504 placet
2625 4436 2881 4490 virtutem
2926 4435 3028 4491 etsi
3062 4438 3311 4493 omnibus
3350 4439 3585 4508 ignotam

355 4533 685 4605 μεμέληκεν.
717 4531 953 4601 Πότερος
980 4525 1073 4584 οὖν
1112 4529 1268 4600 ἡμῶν
1295 4527 1419 4581 νοῦν
1450 4526 1562 4596 ἔχει
1603 4525 1801 4595 μᾶλλον
1826 4525 1917 4593 ἑρ-

355 4624 631 4697 ῥωμένον,
682 4622 794 4685 τοῖς
832 4619 1215 4689 ἐντυγχάνουσι
1251 4614 1656 4682 καταλελείφθω
1692 4615 1914 4682 κρίνειν.

656 4821 816 4875 PZB'.
850 4850 916 4859 —
944 4815 1268 4885 ᾹΡΠΟΚΡᾼ
1299 4814 1606 4883 ΣΟΦΙΣΤῌ.

2023 4526 2222 4589 colere,
2253 4542 2414 4594 quam
2449 4543 2641 4584 omnes
2671 4543 2848 4593 nosse,
2873 4535 2927 4582 et
2950 4529 3199 4584 omnibus
3229 4541 3411 4584 uotum
3445 4545 3587 4586 esse.

2024 4613 2156 4667 Uter
2184 4616 2345 4686 igitur
2390 4628 2634 4673 nostrum
2675 4618 2866 4676 melius
2906 4619 3133 4685 iudicet,
3170 4620 3343 4676 cuivis
3392 4620 3589 4691 dijudi-

2022 4704 2250 4758 candum
2288 4705 2549 4776 relinquo.

2225 4814 2425 4871 CLXII.
2456 4846 2527 4857 —-
2555 4816 2949 4873 IIARPOCRIE
2985 4817 3369 4875 SOPIIISTZE.

353 4917 432 4971 De
466 4916 631 4969 tribus
666 4915 784 4968 vitae
816 4912 1492 4981 Christianwﬂnecessariis,
1522 4909 1779 4981 oratione,
1811 4908 2022 4973 virtute,
2058 4925 2120 4963 ac
2146 4909 2267 4981 ﬁde,
2296 4920 2358 4981 ut
2380 4927 2536 4977 Opera
2571 4928 2775 4981 corpus
2795 4922 2947 4967 sunt:
2978 4913 3129 4981 ﬁdes,
3165 4914 3378 4974 anima;
3416 4915 3587 4967 ovatio

426 5000 543 5038 vero
595 4990 831 5034 ornatus.
884 4981 963 5032 Ad
990 4980 1096 5033 duo
1132 4980 1288 5033 Pauli
1322 4981 1483 5032 loca:
1523 4998 1542 5030 ι
1578 4978 1707 5032 Fide
1748 4987 1797 5031 et
1841 4994 2094 5031 sermone.
2127 4998 2144 5028 ι
2183 4977 2267 5047 (II
2319 4978 2445 5033 Cor.
2490 4995 2583 5045 vn,
2624 4981 2703 5047 8.)

2751 4980 2861 5034 Et:
2898 4999 2916 5030 ι
2960 4985 3124 5048 Opere
3173 4991 3221 5034 et
3273 4998 3528 5036 sermone.
3562 5001 3581 5034 ι

424 5052 511 5126 (ΙΙ
544 5050 724 5106 Thess.
756 5065 819 5116 ιι,
849 5048 964 5118 l7.)
992 5048 1061 5102 Et
1098 5049 1269 5104 illud:
1304 5066 1323 5101 ι
1354 5048 1514 5103 Fides
1544 5050 1655 5103 sine
1678 5048 1918 5117 operibus
1944 5057 2148 5101 mortua
2177 5058 2274 5101 est.
2317 5066 2337 5101 ι
2372 5048 2511 5118 (Jac.
2546 5066 2606 5113 II,
2634 5049 2711 5120 '7.)
2743 5049 2901 5121 Con].
2930 5053 3081 5121 epist.
3108 5051 3236 5108 281.

420 5182 574 5235 Θεῖον
617 5177 719 5248 μέν
744 5193 827 5249 τοι
858 5177 1048 5249 χρῆμα
1075 5177 1105 5230 6
1142 5176 1298 5245 λόγος
1317 5192 1331 5206 ο
1370 5176 1512 5230 θεῖον
1541 5175 1648 5247 γάρ
1676 5178 1788 5229 ἐστι
1818 5174 1915 5227 δῶ-

352 5287 474 5343 ρον,
507 5268 602 5323 καὶ
646 5269 708 5321 ὲκ
748 5266 973 5335 λογικῆς
1008 5265 1331 5334 τικτόμενον
1375 5264 1583 5333 ψυχῆς,
1627 5262 1694 5315 δι’
1727 5264 1793 5332 ἢν
1825 5261 1919 5315 καὶ

347 5360 525 5430 λόγος’
549 5358 826 5413 καλεῖται’
863 5356 1041 5427 ψυχῆς
1070 5355 1179 5427 γὰρ
1223 5354 1449 5425 λογικῆς
1494 5355 1610 5406 ἔστι
1660 5351 1858 5414 σκοπὸς
1892 5352 1920 5404 6

345 5450 529 5518 λόγος.
575 5446 666 5499 Διὸ
696 5444 792 5499 καὶ
820 5444 929 5497 τῶν
956 5443 1131 5497 ἀλλων
1160 5441 1315 5506 ζώων
1343 5441 1771 5511 πλεονεκτοῦμεν
1790 5456 1803 5469 ·
1845 5439 1921 5503 ὡς

347 5542 461 5601 τοῖς
485 5554 551 5606 γε
577 5536 909 5605 σωματικοῖς
933 5534 1367 5604 πλεονεκτήμασι
1394 5535 1488 5587 καὶ
1515 5532 1718 5603 σφόδρα
1743 5529 1921 5584 αὐτῶν

348 5628 651 5701 λειπόμεθα
692 5627 785 5679 καὶ
826 5629 1016 5696 τάχει,
1047 5626 1142 5679 καὶ
1191 5624 1383 5697 ῥώμῃ,
1413 5629 1505 5681 καὶ
1532 5625 1787 5698 μεγέθει,
1830 5626 1922 5679 καί

675 5722 949 5782 Parum"
982 5719 1101 5778 Gn.
1137 5719 1463 5781 LXXVIII.

2095 5178 2285 5232 Divina
2312 5178 2555 5245 quietiam
2584 5192 2670 5233 res
2694 5179 2869 5234 oratio
2894 5187 2977 5234 est
3010 5197 3024 5233 :
3053 5178 3250 5234 donum
3273 5181 3415 5235 enim
3447 5181 3587 5236 divi-
3646 5175 3757 5221 τ’(
3810 5226 3819 5231 .
3923 5182 3942 5254 ει

3801 5116 3887 5173 Δ(

2019 5284 2146 5322 num
2181 5276 2283 5332 est,
2335 5277 2390 5323 et
2451 5282 2517 5324 ex
2570 5270 2749 5323 anima
2790 5271 3003 5326 ratione
3039 5272 3263 5341 praedita
3309 5273 3585 5343 genitura;
3637 5265 3730 5347 ’ἐκ
3749 5258 3885 5320 $1-

2018 5357 2161 5411 unde
2193 5365 2248 5411 et
2285 5356 2445 5425 λόγος
2471 5358 2631 5411 dicta.
2661 5356 2795 5412 Nam
2818 5361 2993 5414 oratio
3013 5374 3110 5415 seu
3136 5375 3315 5414 sermo
3346 5361 3585 5415 rationa-
3625 5372 3693 5429 //
3722 5369 3796 5423 τί,

2019 5447 2085 5501 lis
2118 5448 2418 5503 estanimze
2462 5449 2791 5517 explorator.
2821 5449 2997 5519 Quare
3030 5458 3085 5504 et
3131 5450 3233 5505 alia
3291 5451 3583 5507 animantia

2018 5551 2359 5607 siiperamus,
2392 5555 2513 5610 qua:
2542 5548 2597 5595 et
2628 5542 2872 5610 corporis
2900 5556 2997 5595 nos
3014 5541 3582 5605 vineuutconditione,

2022 5628 2283 5685 valdeauc
2325 5646 2355 5687 a
2388 5640 2536 5701 tergo
2588 5647 2687 5687 nos
2742 5634 3069 5706 relinquunt,
3126 5644 3183 5686 ut
3219 5632 3479 5700 agilitate,
3520 5650 3583 5687 ac

3188 5725 3261 5783 45
