3974 6144
459 198 590 262 Ill!)

1636 205 1697 264 S.
1742 200 2030 261 ISIDORI
2068 197 2498 259 PELUSIOT/E

3552 193 3674 259 1426

457 315 688 378 robore,
739 323 793 366 et
824 315 1003 382 mole,
1053 315 1279 385 aliisque
1329 314 1442 369 fere
1489 313 1702 369 dotibus
1748 313 2015 369 omnibus.

2124 314 2231 373 τοῖς
2262 311 2437 373 ἄλλοις
2470 311 2652 381 σχεδὸν
2687 311 2876 365 ἅπασι.
2908 310 2999 363 Διὸ
3024 311 3117 363 καὶ
3142 310 3248 364 τῶν
3270 310 3507 381 ποιητῶν
3540 312 3566 362 ὁ
3592 328 3674 362 κο-

456 400 891 473 Quamobrem/el.
921 412 1199 471 poetarum
1234 404 1483 472 princeps
1510 400 1586 456 ait
1615 418 1629 454 :

597 515 692 569 Nil
721 515 929 568 homine
954 514 1006 568 in
1036 515 1188 568 terris
1218 513 1526 567 imbecillius
1549 514 1714 566 omni.

531 630 734 683 Donum
759 642 886 682 vero
905 627 997 682 Dei
1018 640 1137 682 esse
1155 626 1365 682 dicendi
1386 628 1670 691 rationem,
1704 625 1825 678 audi
1846 625 2018 679 disse-

458 732 663 776 rentem
684 735 805 776 cum
840 720 947 775 Deo
967 719 1193 773 Jobum:
1231 736 1251 770 ι
1290 717 1387 773 Vel
1415 729 1469 773 tu
1497 719 1767 789 pulverem
1799 717 1850 770 in
1879 726 2019 771 terra

456 811 671 878 capiens
725 808 924 862 animal
973 807 1239 875 formasti,
1290 816 1344 861 et
1410 808 1714 876 loquentem
1774 808 1825 859 in
1876 816 2017 859 terra

455 901 723 957 collocasti
762 901 826 954 ‘7.
886 918 904 950 ι
938 898 1071 953 Illud
1106 900 1246 953 enim
1276 898 1527 969 λαλητὸν,
1551 900 1649 953 etsi
1686 897 1900 966 quidam
1925 913 2020 965 pro

454 993 622 1048 vocali
654 1002 949 1062 exponunt,
984 990 1255 1061 signiﬁcat
1304 1000 1482 1045 tamen
1514 990 1773 1044 rationale
1819 990 2016 1058 potius,

455 1088 595 1153 quod
627 1084 875 1151 loquendi
910 1083 961 1136 vi
1011 1082 1327 1152 percipitur.
1366 1080 1468 1147 Qui
1498 1084 1640 1137 enim
1671 1081 1853 1135 vocale
1890 1081 2017 1149 quid

456 1178 566 1243 ﬁet,
599 1177 698 1231 nisi
737 1178 806 1230 sit
829 1176 917 1244 qui
952 1176 1322 1231 ratiocinando
1349 1190 1505 1229 sensa
1530 1176 1721 1229 mentis
1750 1172 2020 1242 explicet?

454 1270 519 1323 Et
550 1279 769 1324 sanctus
798 1267 999 1322 Paulus
1039 1282 1309 1321 summum
1361 1266 1503 1321 inter
1541 1266 1871 1320 charismata
1908 1278 2018 1318 etn-

454 1362 607 1416 Iestia
642 1359 919 1428 sapientiae
945 1358 1244 1413 orationem
1274 1357 1519 1411 collocat.
1574 1356 1680 1411 Res
1728 1356 1907 1424 itaque
1934 1356 2016 1410 di-

452 1451 574 1504 vina
605 1450 779 1504 oratio
806 1458 908 1511 est,
944 1455 997 1501 at
1027 1447 1198 1501 virtus
1229 1447 1462 1502 divinior
1489 1456 1575 1501 est
1615 1463 1631 1500 :
1681 1446 2016 1500 divinissima

451 1552 581 1590 vero
606 1536 758 1589 ﬁdes.
788 1536 1026 1589 Primum
1062 1533 1358 1586 orationem
1390 1532 1604 1602 quidem
1645 1547 1841 1586 censeo
1872 1533 2017 1586 velut

2122 407 2347 475 ρυφαῖος
2382 403 2518 474 ἔφη’

2121 514 2315 569 Οὐδὲν
2346 516 2726 583 ἀκιδνότερον
2768 516 2904 585 γαῖα
2941 516 3140 584 τρέφει
3181 517 3512 584 ἀνθρώποιο
3549 514 3673 585 (ιεξι.

2120 627 2242 680 Ὅτι
2288 628 2345 680 δὲ
2390 626 2533 679 θεῖόν
2576 626 2691 679 ἐστι
2733 625 2941 696 δῶρον,
2977 625 3142 679 ἄκουε
3192 624 3286 677 τοῦ
3339 625 3675 696 Δημιουργοῦ

2118 718 2195 788 τῷ
2230 716 2349 781 Ἰὼϐ
2370 716 2751 787 διαλεγομένου
2772 732 2786 745 ·
2820 718 2922 769 «Ἦ
2952 717 3016 769 σὺ
3046 715 3224 769 λαϐὼν
3254 715 3383 785 χοῦν
3420 716 3530 768 ἀπὸ
3558 716 3675 783 γῆς,

2122 806 2364 870 ἔπλασας
2394 806 2556 871 ζῶον,
2575 806 2666 859 καὶ
2686 804 2915 876 λαλητὸν
2942 806 3072 858 αὐτὸ
3103 804 3225 858 ἔθου
3253 806 3345 858 ἐπὶ
3376 806 3470 875 τῆς
3501 805 3625 875 γῆς.
3656 824 3673 858 ι

2120 898 2194 951 Τὸ
2213 898 2320 968 γὰρ
2340 897 2570 967 λαλητὺν
2599 898 2648 949 εἰ
2671 897 2761 950 καί
2785 904 2928 960 τινες
2951 897 3152 950 οἴονται
3176 896 3495 966 περιϐόητον
3520 893 3676 960 εἶναι,

2119 982 2176 1040 εὖ
2206 985 2395 1057 μηνύει
2428 986 2625 1057 μᾶλλον
2654 986 2717 1039 τὺ
2739 986 2978 1055 λογικὸν,
3002 987 3064 1038 τὸ
3084 986 3172 1040 διὰ
3207 985 3301 1039 τοῦ
3333 986 3512 1040 λαλεῖν
3541 1004 3676 1054 γνω-

2120 1077 2421 1149 ριζόμενον.
2455 1078 2578 1141 Πῶς
2612 1076 2720 1147 γὰρ
2750 1077 2941 1148 ἔμελλε
2965 1077 3247 1148 διαϐόητον
3278 1075 3437 1144 εἶναι,
3468 1080 3570 1132 οὐκ
3593 1080 3677 1132 ὗν-

2117 1188 2225 1223 των
2256 1170 2362 1222 τῶν
2393 1169 2481 1223 διὰ
2512 1170 2671 1238 λόγου
2711 1169 3091 1240 κηρυττόντων
3116 1186 3131 1236 ;
3164 1169 3277 1224 Καὶ
3302 1170 3354 1222 ὁο
3380 1169 3587 1233 Παῦλος
3624 1169 3677 1223 δὲ

2117 1260 2543 1329 κορυφαιότατον
2580 1259 2689 1313 τῶν
2721 1259 2989 1330 οὐρανίων
3020 1261 3373 1331 χαρισμάτων
3406 1260 3498 1313 τὸν
3531 1260 3678 1327 λόγον

2122 1352 2222 1422 τῆς
2257 1352 2447 1422 σοφίας
2490 1352 2745 1423 ὡρίσατο.
2794 1352 2946 1405 Θεῖον
2991 1352 3090 1422 μὲν
3122 1348 3215 1405 οὖν
3246 1369 3297 1404 τι
3326 1352 3511 1423 χρῆμα
3542 1354 3571 1405 ὁ
3593 1351 3677 1404 λόα

2118 1460 2247 1512 70;,
2275 1445 2546 1517 θειότερον
2591 1445 2647 1499 δέ
2678 1447 2710 1515 ἡ
2744 1445 2943 1516 ἀρετὴ,
2982 1445 3256 1499 θειότατον
3284 1444 3341 1497 δέ
3384 1447 3418 1514 ή
3468 1444 3675 1505 πίστις·

2116 1536 2215 1589 καὶ
2246 1536 2336 1589 τὸν
2368 1536 2465 1606 μὲν
2510 1536 2762 1607 ὁρίζομαι
2794 1529 2934 1588 εἶναι
2964 1534 3041 1598 ὡς
3084 1534 3325 1605 κόσμον,
3376 1533 3474 1603 τὴν
3515 1531 3571 1585 δὲ
3607 1530 3677 1593 ὡς

452 1637 700 1683 ornatum
726 1640 847 1679 esse
873 1642 887 1678 :
925 1625 1173 1677 virtutem
1204 1638 1331 1677 vero
1360 1624 1503 1676 velut
1531 1638 1744 1692 corpus,
1776 1631 1830 1677 et
1857 1623 2013 1677 ﬁdem

2119 1627 2310 1696 σῶμα,
2366 1627 2466 1697 τὴν
2519 1627 2576 1679 δὲ
2624 1627 2701 1690 ὡς
2749 1626 2952 1695 ψυχήν.
3012 1619 3083 1696 ᾯ
3143 1626 3243 1696 μὲν
3288 1620 3383 1678 οὖν
3435 1624 3505 1677 τὰ
3557 1622 3677 1693 τρία

452 1718 599 1771 velut
632 1716 887 1770 animam.
929 1715 1094 1783 Igitur
1118 1714 1201 1766 cui
1238 1713 1351 1768 haec
1379 1714 1479 1767 tria
1501 1722 1807 1782 suppetunt,
1838 1712 2015 1768 excel-

454 1808 571 1862 lens
606 1806 982 1875 perfectasque
1014 1813 1097 1859 est
1152 1804 1265 1870 vir;
1321 1805 1409 1872 qui
1441 1818 1569 1859 vero
1601 1804 1781 1874 aliquo
1825 1805 2007 1860 deﬁci-

455 1906 561 1961 tur,
600 1905 709 1949 tum
745 1909 810 1950 eo
850 1895 988 1963 quod
1049 1895 1122 1947 sit
1176 1895 1407 1948 maxime
1462 1893 1877 1963 praeferendum,
1898 1904 2012 1949 'non

453 1998 535 2041 est
564 1987 802 2042 numeris
842 1986 1124 2041 absolutus
1162 1986 1433 2049 omnibus,
1473 1986 1599 2054 quia
1635 1986 1811 2054 aliquo
1853 1985 2016 2039 desti-

456 2079 652 2144 tuitur;
703 2077 966 2147 siqnidem
999 2091 1320 2145 magnopere
1364 2075 1637 2131 dill‘erunt.
1690 2075 1818 2130 Illud
1871 2077 2013 2132 enim

456 2188 733 2241 magnum,
767 2172 938 2239 majus
971 2172 1219 2234 alterum,
1257 2171 1474 2225 tertium
1521 2188 1650 2225 vero
1688 2172 2013 2237 maximum;

456 2275 511 2317 at
542 2264 851 2317 necessaria
904 2271 985 2317 est
1028 2262 1356 2330 coniunctio.
1401 2262 1563 2332 602
1600 2262 1785 2316 Oratio
1817 2263 2015 2316 etenim

412 2418 425 2429 _
456 2355 555 2407 etsi
584 2353 748 2422 magis
769 2368 929 2421 quam
955 2361 1165 2407 torrens
1181 2352 1325 2418 lluat,
1345 2353 1613 2421 quomodo
1635 2353 1848 2407 ornabit
1869 2366 2013 2417 eum,

461 2446 551 2512 qui
602 2445 858 2497 virtutem
890 2444 1052 2497 veluti
1098 2458 1291 2512 corpus
1326 2458 1430 2498 non
1477 2443 1746 2511 possidet?
1777 2443 1831 2497 Si
1870 2442 2013 2498 enim

458 2549 564 2588 non
593 2535 683 2598 sit,
717 2534 806 2602 qui
857 2543 1101 2597 ornetur,
1148 2547 1609 2600 supervacaneum
1651 2531 1816 2586 fuerit
1853 2546 2018 2587 orna-

458 2636 720 2682 mentum.
753 2624 1035 2691 Quomodo
1069 2639 1194 2679 vero
1232 2625 1473 2678 auditum
1500 2622 1620 2693 quis
1648 2637 1754 2677 non
1793 2631 2014 2676 contur-

456 2717 547 2770 het
583 2716 694 2771 sola
752 2730 883 2770 voce
929 2715 994 2770 de
1038 2714 1374 2783 philosophia
1414 2713 1825 2770 ratiocinando?
1871 2713 2015 2768 Prae-

457 2816 565 2861 stat
593 2821 787 2875 eorpus
812 2806 933 2861 sine
962 2817 1153 2861 ornatu
1188 2806 1406 2870 habere,
1436 2821 1595 2875 quam
1622 2817 1868 2861 ornatum
1897 2808 2015 2863 sine

456 2911 704 2966 corpore.
762 2896 947 2951 Virtus
1001 2905 1179 2951 autem
1214 2897 1483 2964 quomodo
1517 2904 1726 2950 mortua
1761 2912 1864 2951 non
1901 2898 2014 2951 exi-

2120 1719 2443 1791 πρόσεστιν,
2488 1711 2642 1780 οὗτος
2686 1717 3094 1788 ὰνυπέρὸλητός
3144 1718 3261 1769 ἐστι
3305 1715 3404 1769 καὶ
3450 1714 3673 1776 τέλειος·

2119 1804 2163 1878 ᾧ
2208 1811 2265 1864 δὲ
2311 1811 2571 1882 ὁπότερον
2604 1809 2816 1874 λείπει,
2864 1809 2959 1861 καὶ
3005 1806 3239 1878 μάλιστα
3271 1806 3332 1859 τὸ
3366 1806 3681 1877 προτιμότεο

2123 1920 2249 1975 ρον,
2290 1895 2445 1965 οὗτος
2492 1901 2689 1971 ἀτελής
2738 1901 2856 1953 ἐστι
2898 1900 3018 1954 κατ’
3061 1900 3258 1962 ἐκεῖνο,
3291 1896 3415 1951 καθ’
3447 1898 3478 1949 ὃ
3527 1896 3680 1949 ἐλλεί-

2120 2008 2231 2043 πει.
2268 1989 2329 2042 Εἰ
2373 1988 2481 2059 γὰρ
2520 1988 2615 2040 καὶ
2660 1984 2829 2056 πολλή
2863 1986 3012 2039 ἐστιν
3041 1985 3219 2039 αὐτῶν
3260 1986 3292 2055 ἡ
3328 1984 3595 2053 διαφορά·
3624 1982 3680 2035 τὸ

2123 2082 2223 2152 μὲν
2249 2081 2356 2150 γάρ
2387 2082 2532 2131 ἐστιν
2560 2076 2740 2131 αὐτῶν
2774 2076 2938 2148 μέγα,
2973 2075 3034 2129 τὸ
3060 2074 3117 2128 δὲ
3153 2074 3359 2144 μεῖζον,
3393 2073 3456 2125 τὸ
3488 2074 3547 2126 δέ
3590 2072 3679 2142 μὲ-

2119 2189 2305 2241 γιστον
2324 2187 2338 2202 ·
2367 2170 2483 2224 ἀλλ’
2509 2168 2784 2239 ἀναγκαία
2814 2168 2993 2221 αὐτῶν
3016 2169 3049 2237 ή
3082 2166 3318 2229 σύνοδος.
3358 2165 3418 2217 '0
3456 2165 3554 2235 μὲν
3580 2165 3680 2231 γὰρ

2120 2265 2297 2332 λόγος,
2335 2262 2438 2316 κᾶν
2464 2261 2605 2331 ὑπὲρ
2632 2262 2759 2323 τοὺς
2792 2259 3069 2328 ποταμοὺς
3108 2257 3207 2329 ῥέῃ
3228 2298 3242 2319 ,
3272 2255 3385 2319 πῶς
3416 2255 3679 2323 κοσμήσει

2119 2354 2210 2406 τὸν
2260 2352 2335 2423 μὴ
2382 2351 2575 2421 ἔχοντα
2609 2350 2844 2420 ἀρετὴν,
2873 2347 3126 2417 καθάπερ
3173 2346 3371 2415 σῶμα;
3404 2344 3502 2415 Μὴ
3537 2344 3678 2405 ὄντος

2120 2442 2229 2514 γὰρ
2252 2442 2345 2497 τοῦ
2365 2441 2759 2512 κοσμουμένου,
2787 2441 2882 2494 καὶ
2909 2439 2971 2492 τὸ
2990 2437 3228 2509 κοσμοῦν
3255 2436 3531 2509 περιττόν.
3564 2434 3680 2496 Πῶς

2120 2536 2176 2589 δέ
2206 2536 2306 2588 οὐκ
2355 2534 2565 2605 ἐνοχλεῖ
2592 2531 2691 2595 τὰς
2736 2531 2904 2592 ἀκοὰς
2933 2531 3018 2584 διὰ
3049 2530 3233 2600 φωνῆς
3277 2529 3444 2600 μόνης
3476 2527 3681 2598 φιλοσο-

2122 2626 2268 2697 φῶν;
2304 2626 2560 2697 Ἀμεινον
2590 2624 2700 2695 γὰρ
2734 2624 2893 2693 σῶμα
2930 2622 3073 2692 ἔχειν
3113 2624 3239 2676 ἄνευ
3270 2622 3499 2692 κόσμου,
3534 2619 3677 2692 ἧκό-

2123 2732 2258 2785 σμον
2288 2716 2414 2770 ἄνευ
2447 2714 2716 2785 σώματος.
2774 2713 2838 2766 Ἠ
2865 2712 2919 2766 δὲ
2945 2711 3113 2783 ἀρετὴ
3142 2711 3257 2773 πῶς
3279 2711 3379 2765 οὐκ
3410 2709 3567 2763 ἐσται
3603 2726 3681 2763 νε-

2121 2808 2263 2877 κρὰ,
2298 2806 2401 2859 ὑπὸ
2434 2808 2537 2876 τῆς
2590 2807 2823 2870 πίστεως
2870 2804 3123 2875 καθάπερ
3158 2802 3336 2873 ψυχῆς
3379 2801 3457 2873 μὴ
3492 2801 3682 2871 ψυχου·

2123 2900 2289 2970 μένη;
2322 2898 2443 2963 Πῶς
2477 2899 2532 2951 δὲ
2571 2900 2605 2969 ἡ
2631 2899 2810 2961 πίστις
2845 2898 3114 2965 φανεῖται,
3149 2895 3223 2965 μὴ
3251 2894 3451 2964 ἔχουσα
3488 2892 3679 2963 ἀρετὴν

457 2987 727 3050 stimetur,
768 2985 871 3040 nisi
910 2984 1012 3039 ﬁde
1055 2984 1356 3039 animetur?
1407 2984 1567 3040 Fides
1616 3001 1801 3040 rursus
1840 2987 2013 3056 qualis

2119 2993 2178 3045 δι’
2219 2988 2286 3064 ἧς
2330 2991 2648 3061 ἐνεργήσας
2698 2988 2962 3058 Καθάπερ
2997 2986 3104 3056 γὰρ
3154 2985 3411 3059 μουσικός
3465 2984 3675 3054 ἄριστος

458 3086 716 3146 appareat
747 3077 943 3130 virtute
989 3076 1266 3139 destituta,
1301 3090 1396 3145 per
1433 3091 1595 3144 quam
1629 3078 1923 3146 Operetur?
1951 3076 2017 3132 Ut

455 3170 599 3223 enim
633 3168 864 3236 optimus
920 3168 1159 3221 musicus
1220 3168 1391 3238 lyram
1427 3183 1533 3221 non
1582 3168 1807 3231 habens.
1847 3182 2019 3237 neque

457 3260 745 3315 scientiam
793 3259 1069 3313 exhibebit
1124 3275 1142 3312 :
1188 3259 1260 3313 ita
1299 3270 1354 3313 et
1387 3260 1557 3329 pietas
1605 3261 1721 3314 sine
1767 3262 2020 3328 operibus

455 3351 599 3421 (quae
626 3364 825 3415 organa
864 3351 1269 3419 repraesentem)
1298 3359 1504 3403 mortua
1536 3364 1654 3405 esse
1695 3361 1746 3405 et
1777 3350 2017 3405 inefﬁcax

456 3440 673 3496 videtur
704 3454 810 3494 non
843 3449 1084 3494 externa:
1117 3441 1278 3494 modo
1310 3442 1547 3495 scientiae
1578 3442 1901 3506 hominibus,
1926 3444 2018 3496 sed

455 3542 509 3585 et
534 3531 702 3585 sacris
725 3531 887 3585 etiam
926 3530 1191 3586 Litteris:
1240 3550 1259 3583 ι
1300 3532 1457 3586 Fides
1511 3534 1681 3597 enim,
1730 3533 1805 3587 ait
1862 3533 2011 3588 Scri-

458 3632 633 3689 ptura,
660 3621 778 3674 sine
804 3622 1057 3689 operibus
1076 3632 1284 3675 mortua
1309 3630 1411 3677 est.
1448 3640 1466 3674 »
1490 3622 1809 3693 Quicunque
1838 3624 2018 3694 itaque

457 3715 667 3768 dicendi
692 3722 812 3766 sunt
844 3713 1099 3767 facultate
1127 3714 1359 3781 praediti,
1388 3730 1450 3768 ne
1474 3714 1793 3789 glorientur,
1812 3732 2014 3786 quaeso,

464 3807 619 3875 quasi
658 3804 835 3873 adepti
866 3805 975 3858 sint
1011 3804 1286 3859 universa.
1321 3805 1519 3861 Desunt
1568 3808 1709 3861 enim
1742 3826 1859 3878 qua:
1890 3826 2017 3879 pne-

461 3900 720 3953 slantiora
756 3906 900 3958 sunt,
935 3897 1105 3951 virtus
1162 3911 1223 3950 ac
1253 3897 1426 3965 pictas
1472 3898 1587 3970 [seu
1624 3900 1797 3971 lides].
1835 3900 2018 3967 Neque

460 3988 653 4040 virtute
673 3985 901 4054 praediti,
932 3984 1025 4039 sed
1056 3994 1299 4041 carentes
1334 3987 1542 4041 dicendi
1568 3991 1753 4057 peritia
1793 4006 1855 4043 ac
1894 3990 2013 4054 ﬁde,

465 4092 585 4131 sese
616 4076 861 4142 elferant,
880 4076 1005 4144 quia
1026 4075 1157 4130 ﬁdes
1178 4076 1392 4130 deestet
1420 4078 1613 4133 oratio.
1628 4077 1815 4147 Neque
1841 4081 1927 4148 qui
1953 4080 2017 4134 li-

458 4170 577 4221 dem
609 4165 1093 4235 habent,operibus
1118 4180 1245 4219 vero
1266 4174 1319 4220 et
1345 4169 1586 4224 oratione
1607 4170 1842 4224 destituti
1866 4177 2014 4236 sunt,

458 4256 590 4309 alios
639 4264 841 4309 temere
900 4256 1279 4311 condemnent.
1333 4257 1814 4327 Deprehenduntur
1871 4260 2014 4313 enim

2118 3084 2285 3153 λύραν
2319 3082 2391 3153 μὴ
2433 3081 2609 3151 ἔχων,
2656 3080 2775 3133 οὐδὲ
2819 3080 2919 3149 τὴν
2966 3079 3275 3149 ἐπιστήμην
3320 3077 3676 3141 ἐπιδείξεται,

2118 3176 2257 3228 οὕτω
2292 3175 2384 3228 καὶ
2410 3176 2443 3244 ὴ
2477 3174 2724 3226 εὐσέϐεια
2758 3172 2831 3243 μὴ
2856 3172 2922 3224 δι’
2958 3170 3134 3241 ἔργων
3164 3170 3415 3240 καθάπερ
3444 3169 3679 3239 ὀργάνων

2118 3262 2465 3333 δεικνυμένη,
2500 3261 2669 3332 νεκρὰ
2704 3262 2799 3314 καὶ
2830 3260 3192 3331 ἀνενέργητος
3240 3254 3379 3314 εἶναι
3420 3259 3588 3322 δοκεῖ,
3621 3258 3679 3311 οὗ

2118 3358 2230 3418 τοῖς
2267 3354 2464 3420 ἔξωθεν
2495 3353 2675 3423 μόνον,
2716 3351 2852 3405 ἀλλὰ
2892 3352 2986 3405 καὶ
3028 3353 3149 3413 ταῖς
3195 3350 3370 3413 θείαις
3406 3351 3678 3422 Γραφαίς’

2128 3466 2146 3499 ι
2172 3447 2234 3499 Ἠ
2262 3446 2444 3508 πίστις
2470 3445 2598 3515 γὰρ,
2618 3444 2772 3513 φησι,
2789 3442 2957 3515 χωρὶς
2981 3442 3089 3496 τῶν
3110 3442 3290 3511 ἔργων
3304 3441 3474 3512 νεκρά
3506 3443 3634 3494 ἐστι.
3655 3458 3672 3491 ι

2118 3538 2260 3608 Μήτ’
2305 3530 2398 3589 οῦν
2436 3537 2486 3588 οἱ
2523 3535 2680 3604 λόγον
2715 3536 2875 3606 μόνον
2915 3533 3133 3604 ἔχοντες
3166 3533 3677 3605 ἐναδρυνέσθωσαν,

2116 3629 2193 3693 ὡς
2239 3629 2297 3683 τὸ
2343 3631 2452 3682 πᾶν
2503 3627 2949 3699 κατορθώσαντες
3003 3627 3214 3695 (λείπει
3260 3625 3369 3696 γὰρ
3406 3625 3589 3687 αὐτοξ
3618 3624 3679 3676 τὰ

2119 3719 2508 3790 προτιμότερα,
2557 3718 2725 3787 ἀρετή
2754 3734 2815 3769 τε
2853 3717 2946 3769 καὶ
2973 3714 3265 3784 εὐσέϐειαν
3305 3715 3441 3786 μήτε
3477 3716 3528 3767 οἱ
3562 3717 3679 3785 ἁρε-

2117 3810 2215 3879 τὴν
2240 3808 2451 3879 ἔχοντες
2480 3807 2609 3860 ἄνευ
2651 3806 2808 3875 λόγου
2834 3806 2926 3860 καὶ
2959 3805 3196 3868 πίστεως
3238 3804 3677 3874 σεμνυνέσθωσαν

2120 3902 2315 3971 (λείπει
2372 3902 2480 3970 γὰρ
2529 3898 2713 3962 αὐτοῖς
2763 3897 2919 3966 λόγος
2956 3915 3017 3950 τε
3050 3896 3144 3951 καὶ
3187 3896 3431 3966 πίστις)·
3459 3898 3596 3967 μήτε
3635 3896 3679 3949 οί

2120 3991 2305 4044 πίστιν
2328 3989 2562 4059 ἔχοντες,
2590 3988 2767 4058 ἔργων
2790 3987 2849 4040 δέ
2880 3986 2973 4041 καὶ
2994 3974 3155 4054 λόγου
3186 3985 3531 4057 χηρεύοντες,
3564 3986 3680 4047 τοὺς

2118 4082 2311 4144 ἄλλους
2344 4079 2825 4148 κατακρινέτωσαν
2860 4076 3197 4149 (ἐλέγχονται
3225 4076 3335 4148 γὰρ
3365 4078 3476 4139 τοῖς
3509 4074 3680 4146 ἔργοις

2118 4171 2321 4241 ταύτην
2346 4169 2687 4243 ἀρνούμενοι)
2709 4185 2723 4201 ο
2758 4168 2894 4222 ἀλλὰ
2922 4168 2982 4221 τὸ
3008 4168 3193 4221 λεῖπον
3230 4167 3449 4220 ἕκαστοι
3483 4167 3678 4235 κτήσα-

2123 4264 2246 4317 σθαι
2276 4261 2753 4326 σπουδαζέτωσαν·
2792 4260 2859 4312 ἶν’
2892 4258 3108 4330 ἔχοντες
3140 4258 3238 4329 τὴν
3270 4258 3368 4329 μὲν
3399 4256 3584 4310 πίστιν
3612 4254 3680 4315 ὡς

457 4342 711 4413 operibus
749 4342 908 4396 ﬁdem
951 4355 1229 4412 negantes.
1290 4346 1393 4400 Sed
1425 4363 1545 4415 quae
1576 4348 1802 4412 desunt,
1832 4363 2015 4403 omnes

2121 4354 2318 4425 ψυχὴν,
2362 4354 2459 4425 τὴν
2503 4354 2558 4407 δὲ
2603 4353 2803 4424 ἀρετὴν
2839 4327 3144 4421 ὡςῄσῶμα,
3189 4327 3281 4403 tibi
3328 4350 3386 4403 δὲ
3427 4350 3583 4418 λόγον
3611 4347 3679 4409 ὡς

458 4433 682 4502 adipisci
706 4433 978 4497 studeant,
1002 4445 1060 4487 ut
1078 4435 1232 4489 ﬁdem
1251 4436 1464 4505 quidem
1490 4438 1747 4493 habentes
1769 4450 2015 4508 tanquam

2119 4445 2545 4515 ἐγκαλλὼπισμα
2567 4485 2580 4510 ,
2614 4444 2890 4497 κάνταῦθα
2928 4443 3163 4513 ἀοίδιμοι
3194 4442 3542 4512 τυγχάνοιεν,
3587 4440 3679 4493 κὰ-

462 4524 725 4586 animam,
756 4522 1007 4579 virtutem
1043 4536 1171 4580 vero
1198 4541 1294 4596 pro
1320 4542 1563 4597 corpore,
1583 4531 1877 4584 orationem
1914 4531 2022 4585 de-

458 4615 618 4684 nique
671 4615 974 4668 ornamenti
1020 4617 1222 4684 gratia;
1270 4618 1349 4673 sic
1372 4623 1671 4674 venerandi
1717 4625 2019 4685 exsistant,

460 4707 511 4760 in
547 4706 830 4775 pretioque
854 4708 1020 4763 habiti
1051 4725 1113 4763 ac
1143 4713 1383 4767 coronati
1409 4715 1638 4784 denique
1668 4716 2016 4783 triumphent.

531 4858 574 4887 ²⁷
611 4855 708 4909 Job
736 4872 967 4923 xxxvut,
993 4857 1080 4911 '58.

2115 4539 2263 4590 κεῖσε
2291 4536 2563 4606 εὐδόκιμοι
2590 4536 2682 4589 καὶ
2714 4536 3031 4603 στεφανίται
3063 4532 3457 4605 πομπεύσειαν.

1538 4988 1769 5044 VARle
1812 4989 2191 5049 LECTIONES
2225 4993 2311 5048 ET
2346 4993 2575 5053 ΝΟΤίΕ.

526 5142 637 5210 (18)
678 5141 890 5214 [leniori
942 5143 1217 5214 locus_est
1253 5143 1448 5214 Odyss.
1491 5142 1577 5214 vi,
1627 5158 1678 5196 ν.
1720 5143 1839 5214 [29.
1882 5145 2013 5199 Vide

452 5212 619 5279 Adag.
671 5211 840 5266 llomo
880 5213 1044 5265 bulla.
1088 5212 1183 5275 Et,
1236 5211 1434 5275 σκοπὸς
1463 5215 1490 5265 ὁ
1518 5213 1692 5280 λόγος.
1733 5213 1921 5267 Posset
1959 5224 2013 5267 et

284 5288 307 5303 ‘
398 5286 399 5291 “
451 5283 607 5345 τόκος
638 5281 737 5351 legi
783 5299 875 5351 pro
905 5292 1081 5349 partu.
1134 5281 1199 5334 Et
1240 5294 1358 5350 post
1398 5283 1574 5349 paulo,
1627 5284 1674 5333 εἰ
1722 5284 1815 5336 καί
1845 5301 2008 5345 τινες.

294 5362 307 5373 ‘
386 5388 396 5401 .
422 5388 425 5395 .
452 5352 613 5404 Forte
644 5347 892 5405 εἷναιέον

898 5354 1061 5419 iptnm
1084 5360 1215 5403 erat.
1246 5350 1363 5405 ani
1390 5352 1475 5404 hic
1505 5352 1776 5419 locusjam
1804 5370 1830 5405 a
1858 5357 2012 5406 nobis

458 5368 613 5404 parte
644 5369 778 5405 ειναι
807 5368 1061 5472 scriptum
1084 5368 1215 5403 erat.
1246 5368 1363 5405 ant
1390 5368 1475 5404 nte
1505 5368 1776 5419 tocuspun
1804 5370 1830 5405 a
1858 5368 2011 5406 nobis

458 5432 700 5486 repertus
722 5428 796 5473 est
829 5422 878 5473 in
956 5420 1071 5484 XX,
1098 5435 1213 5487 cap.
1252 5436 1476 5484 xxxvm,
1506 5436 1644 5474 vers.
1680 5422 1764 5485 M,
1795 5438 1922 5484 non,
1956 5433 2011 5475 ut

458 5492 537 5560 ad
561 5504 707 5539 (ιι-ειηι
745 5489 912 5560 (ira-ci
949 5489 1267 5560 appositum,
1303 5490 1399 5553 λο’,
1430 5504 1523 5558 pro
1553 5506 1658 5560 quo
1685 5506 1881 5558 repone
1907 5493 2008 5560 λη’,

456 5557 539 5607 ubi
571 5573 664 5624 pro
692 5558 837 5626 χοῦν,
876 5559 1015 5626 quod
1048 5559 1133 5611 hic
1174 5557 1438 5624 occurrit,
1474 5559 1642 5629 πηλὸν
1674 5557 1867 5617 editur.
1912 5557 2010 5615 l‘a-

2118 5147 2312 5215 gninus
2336 5162 2396 5199 ex
2424 5147 2556 5201 lleh.
2588 5166 2601 5201 :
2636 5148 2809 5202 Vorte!
2831 5166 2885 5203 se
2911 5158 3048 5203 terra
3071 5151 3207 5203 sicut
3228 5151 3397 5202 lutum
3424 5150 3605 5217 sigila.
3630 5155 3679 5198 et

2119 5218 2328 5288 stabunt
2363 5220 2495 5269 sicut
2534 5224 2913 5272 vestimentum.
2962 5221 3148 5273 Latina
3184 5220 3393 5288 vulgata
3433 5222 3511 5271 sic
3541 5236 3555 5269 :
3588 5217 3680 5288 Rc-

2119 5286 2365 5337 stituctur
2402 5299 2454 5339 nt
2481 5288 2651 5339 lutum
2682 5290 3037 5357 signaculum,
3076 5301 3121 5342 et
3155 5286 3316 5341 stabit
3358 5290 3493 5342 sicut
3534 5287 3679 5339 resti-

2120 5367 2367 5406 mentum.
2406 5361 2468 5408 At
2507 5358 2757 5425 Septuag.
2785 5376 2847 5411 ex
2883 5359 3037 5411 llam.
3071 5359 3203 5410 edit.
3239 5359 3405 5410 Flam.
3444 5357 3630 5409 [\‘ohilii
3667 5369 3680 5405 :

2120 5426 2219 5474 Aut
2251 5433 2303 5474 tu
2338 5442 2543 5477 sunmus
2589 5438 2780 5478 terram
2826 5428 2994 5480 lutum
3042 5426 3323 5493 plasmasti
3371 5426 3587 5483 animal,
3636 5431 3681 5493 et

2120 5493 2358 5613 ganeum
2387 5496 2791 5563 maloqucndum
2830 5491 3050 5566 posuisti
3080 5514 3196 5549 cum
3249 5513 3404 5565 super
3452 5491 3681 5549 terram!

2181 5579 2355 5613 :IltITT.

2181 5579 2355 5615 ZIItITT.
