3974 6144
346 298 474 364 1421

552 416 710 471 ΡΞΓν.
749 446 819 458 -
855 417 1010 471 ΤΟΙΣ
1045 416 1391 471 ΔΟΜΕΤΙΟΥ
1423 419 1679 474 ΠΔΙΣΙΝ.

1353 302 1883 363 EPISTOLARUM
1924 302 2067 361 LIB.
2108 302 2175 363 V.
2214 319 2282 335 -·
2312 300 2549 362 EPIST.
2584 302 2827 362 CLXIV.

1935 428 1983 483 A

3446 302 3571 366 ΜΞ

2327 415 2553 471 CLXIII.
2582 447 2651 457 ——
2676 413 2933 471 DOMITII
2975 414 3261 471 LIBERIS.

410 530 486 585 De
511 530 697 601 fratris
735 529 878 582 abitu
920 531 1191 600 redituque
1231 532 1299 584 ad
1329 548 1470 585 suos.
1517 531 1652 584 Puto
1690 533 1909 601 fratrem
1948 528 2098 583 illum
2151 528 2731 601 Christianumfuisse,
2770 540 2819 583 ct
2867 547 2988 584 suos
3034 531 3299 600 religionis
3345 550 3506 585 causa

1216 602 1505 671 reliquisse,
1536 607 1672 671 quod
1693 600 1822 669 spes
1858 601 2005 652 nulla
2050 602 2376 651 convertendi
2406 600 2700 667 a/I'ulgcret.

406 709 468 761 Εἰ
502 711 595 762 καὶ
625 711 653 762 6
696 709 922 778 ἀδελφὸς
953 712 981 763 6
1024 709 1293 782 ὑμέτερος
1349 711 1448 780 μὲν
1498 710 1639 764 κατά
1691 712 1902 781 σάρκα,

334 798 599 869 ἡμέτερος
654 798 712 851 δέ
767 798 908 852 κατά
954 799 1204 869 πνεῦμα,
1263 801 1442 870 ἀπῆρε
1507 801 1605 870 μὲν
1656 799 1905 852 ἐντεῦθεν

335 886 549 957 πρώην,
590 888 665 951 ὠς
697 890 892 959 μηκέτι
923 892 1311 959 ἐπιφοιτήσων,
1345 892 1393 943 εἰ
1427 891 1500 961 μὴ
1530 891 1673 959 ὑμᾶς
1713 888 1907 959 θηρεύ-

338 994 477 1029 σειεν
496 991 511 1006 ⁸
544 979 870 1047 ἐπεφοίτησε
895 978 953 1032 δὲ
986 979 1165 1044 πάλιν,
1203 978 1278 1040 ὡς
1301 979 1499 1049 μηκέτι
1526 976 1902 1046 ὑποστρέψων,

335 1066 523 1137 ἐπειδὴ
560 1070 798 1140 ἀπέτυχε
849 1070 947 1138 τῆς
979 1070 1182 1141 Θήρας·
1228 1070 1341 1123 ἀλλ’
1378 1070 1481 1123 ὑπὸ
1533 1068 1636 1139 τῆς
1683 1068 1905 1136 ἀγάπης

336 1160 815 1231 ἀναγκαζόμενος,
868 1160 988 1231 ἥξει
1045 1161 1237 1227 πάλιν,
1298 1159 1580 1231 θηρεύσων
1639 1159 1784 1229 ὑμᾶς
1826 1160 1908 1220 είς

336 1248 502 1319 ζωήν.

736 1356 893 1409 ΡΞΔν.
939 1386 1007 1396 -
1044 1356 1196 1410 ΤΟΙΣ
1227 1356 1495 1409 ΑΥΤΟΙΣ.

2085 701 2194 756 Etsi
2223 700 2396 755 frater
2437 703 2651 771 quidem
2709 714 2887 759 vester
2912 708 3193 775 sanguine,
3241 718 3424 762 noster
3453 725 3574 763 vero

2012 793 2227 861 spiritu,
2259 794 2471 848 ablatus
2505 793 2633 848 hinc
2664 795 2880 862 quidem
2910 812 3103 865 nuper,
3141 799 3292 865 quasi
3324 814 3428 853 non
3462 816 3562 852 am-

2011 883 2153 953 plius
2180 884 2474 951 rediturus,
2525 885 2631 939 nisi
2683 895 2743 939 ut
2782 901 2876 941 vos
2907 897 3149 955 quaerat;
3180 891 3409 943 accessit
3451 906 3575 945 vero

2012 970 2209 1035 denuo,
2245 980 2302 1024 ut
2360 986 2464 1026 non
2500 972 2733 1041 amplius
2788 975 3056 1040 abiturus,
3106 988 3297 1033 nactus
3341 982 3576 1047 praedam

2005 1073 2100 1115 seu
2126 1069 2429 1129 capturam,
2460 1063 2552 1115 sed
2577 1078 2605 1115 a
2640 1064 2909 1120 charitate
2947 1067 3229 1137 impulsus,
3260 1069 3441 1125 veniet
3473 1071 3575 1124 ite-

2005 1166 2122 1206 rum
2164 1167 2410 1223 quaerens
2437 1168 2531 1208 vos
2559 1155 2625 1209 ad
2656 1156 2844 1210 vitam.

2496 1351 2724 1406 CLXIV.
2754 1383 2825 1393 —-
2853 1353 3081 1409 EIDEM.

336 1453 414 1505 Αει
451 1453 689 1505 virtutem
724 1451 993 1503 colendam
1033 1450 1259 1519 gentium
1300 1449 1482 1503 invitat
1523 1447 1788 1527 exentplis‘,
1814 1444 1937 1581 quia
1975 1441 2326 1581 Cagiistjnnam
2362 1448 2666 1512 respuebant
2704 1446 3019 1521 religionem.
3052 1445 3284 1518 (Confer.
3313 1454 3464 1517 epist.
3507 1453 3573 1504 92

1762 1532 1816 1568 ιη
1904 1532 1977 1575 n.,
2057 1528 2084 1562 ι.
2129 1551 2141 1563 .

1762 1532 1816 1568 m
1859 1528 1977 1575 nm,
2017 1528 2141 1565 2:51.

405 1630 466 1681 Εἰ
522 1628 614 1680 καὶ
658 1627 803 1696 δῆλοι
845 1627 977 1678 πᾶσι
1011 1624 1271 1694 γεγόνατε
1323 1624 1419 1676 καὶ
1449 1623 1675 1693 ιρανερολ¹
1707 1622 1893 1676 ἀποδι-

336 1720 661 1791 δράσκοντες
690 1718 787 1781 τὴν
822 1716 1102 1785 θειοτάτην
1127 1714 1447 1786 θρησκείαν,
1478 1716 1547 1769 δι’
1581 1715 1770 1786 ἕτερον
1804 1714 1901 1784 μὲν

335 1812 481 1864 οὐδὲν
512 1809 843 1879 (ἐκθειάζετε
882 1808 990 1877 γὰρ
1021 1808 1212 1877 αὐτὴν,
1246 1807 1323 1870 ὡς
1353 1806 1680 1877 ἐπυθόμην),
1718 1806 1809 1859 διὰ
1841 1806 1897 1858 δέ

335 1905 396 1955 τὸ
442 1902 515 1971 μὴ
550 1898 833 1968 βούλεσθαι
881 1898 1084 1968 ἀρετὴν
1116 1898 1303 1949 ἀσκεῖν
1337 1898 1482 1965 (τοῖς
1514 1895 1623 1965 γὰρ
1671 1912 1903 1964 σωματι-

335 1995 450 2055 κοῖς
479 1991 704 2044 πάθεσιν
737 1988 1186 2057 ἐγκαλινδεῖσθαι,
1220 1987 1295 2050 ὥς
1335 2004 1488 2056 φασι,
1525 1983 1896 2058 προῄρησθε),

335 2081 470 2134 ἀλλά
517 2097 581 2149 γε
638 2078 741 2132 κᾶν
802 2079 899 2148 ὀψέ
958 2095 1088 2131 ποτε
1122 2077 1320 2132 δίκαιοι
1368 2081 1434 2134 ἂν
1484 2078 1633 2149 είητε
1674 2075 1901 2139 ἑαυτοὺς

336 2175 558 2236 πεῖσαι,
623 2171 704 2224 ὅτι
759 2171 792 2239 ἠ
861 2171 959 2240 μὲν
1014 2169 1183 2223 κακία
1236 2171 1497 2241 αἰσχύνην
1553 2169 1646 2223 καὶ
1702 2167 1902 2228 ὄνειδος

337 2264 429 2316 καὶ
484 2263 702 2316 κόλασιν
760 2261 901 2332 ἔχει,
955 2261 989 2331 ἡ
1048 2261 1105 2314 δὲ
1163 2261 1331 2331 ἀρετὴ
1386 2261 1549 2333 τιμὴν
1604 2260 1699 2313 καλ⁵
1746 2258 1901 2320 κλέος

338 2355 429 2408 καὶ
465 2354 777 2422 στεφάνους.
814 2351 923 2404 Καὶ
970 2351 1020 2403 εί
1060 2351 1168 2420 (19)
1223 2351 1415 2421 ἡδονὴν
1469 2348 1716 2421 νομίζετε
1757 2348 1900 2418 ἔχειν

335 2445 433 2515 τὴν
473 2443 687 2508 κακίαν,
739 2442 838 2513 τὴν
886 2442 929 2493 δ’
981 2441 1179 2512 ἀρετὴν
1231 2442 1426 2503 πόνους
1476 2441 1572 2493 καὶ
1630 2438 1895 2510 ἱδρῶτας⁶

335 2532 449 2585 ἀλλ’
484 2532 684 2583 ἐννοεῖν
725 2528 968 2597 ὀφείλετε
993 2566 1007 2593 ,
1040 2528 1120 2581 ὅτι
1154 2529 1186 2601 ἡ
1225 2528 1321 2598 μὲν
1359 2527 1518 2596 ἡδονὴ
1553 2526 1681 2596 πρὶν
1715 2526 1898 2595 σχεδὸν

337 2620 569 2690 φανῆναι
622 2618 941 2682 σϐέννυται,
983 2618 1089 2688 ἠδ’
1138 2618 1306 2688 ἀρετὴ
1336 2618 1597 2670 ἀθάνατον
1641 2615 1750 2687 ἔχει
1800 2616 1898 2686 τὴν

338 2707 691 2779 εὐφροσύνην·
722 2708 815 2760 καὶ
857 2708 889 2777 ἡ
924 2708 1020 2777 μέν
1051 2708 1138 2761 διά
1166 2704 1423 2777 πλατείας
1452 2705 1547 2758 καὶ
1588 2706 1896 2775 εὐρυχώρου

340 2799 633 2868 βαδίζουσα
658 2798 777 2852 ὀδοῦ
803 2840 817 2862 ,
862 2800 943 2861 είς
975 2799 1157 2851 στενὸν
1186 2799 1277 2851 καὶ
1311 2796 1676 2862 ἀδιεξόδευτον
1719 2796 1897 2866 χῶρον

338 2893 563 2962 τελευτᾷ
583 2907 596 2920 °
629 2894 662 2961 ἡ
696 2891 752 2943 δέ
777 2890 863 2943 διὰ
902 2890 1078 2943 πόνων
1110 2891 1202 2942 καὶ
1244 2885 1479 2956 ἱδρώτων
1505 2885 1782 2949 ὁδεύουσα,
1818 2887 1898 2948 είς

339 2983 603 3054 εὐθυμίαν
651 2982 907 3035 πλατεῖαν
944 2980 1203 3049 καταντᾷ.
1253 2979 1315 3030 Εί
1348 2977 1405 3030 δέ
1448 2978 1561 3038 τοῖς
1606 2976 1896 3044 ἡμετέροις

338 3077 639 3138 ἀπιστεῖτε,
672 3074 777 3126 ἀπὸ
802 3073 908 3125 τῶν
932 3071 1214 3142 ὑμετέρων
1248 3069 1391 3138 ὑμᾶς
1422 3068 1606 3118 πεῖσαι
1644 3066 1901 3135 πειράσο-

344 3183 461 3235 μαι.
494 3164 718 3217 Πλάτων
753 3163 850 3232 μέν
873 3161 981 3231 γὰρ
1020 3159 1389 3227 φιλοσοφήσας
1416 3153 1657 3223 ἀοίδιμος
1690 3152 1900 3221 γέγονε,

341 3255 613 3318 Διονύσιος
666 3255 721 3306 δὲ
765 3252 1106 3323 τυραννήσας
1153 3247 1422 3317 ἐσϐέσθη·
1473 3245 1565 3298 καὶ
1606 3246 1902 3316 Σωκράτης

346 3350 441 3417 μὲν
481 3347 661 3418 ᾄδεται
683 3388 698 3413 ,
754 3343 1043 3415 Ἀρχέλαος
1077 3342 1135 3394 δέ
1176 3344 1203 3394 ὁ
1235 3341 1490 3410 βασιλεὺς
1521 3340 1859 3409 σεσιώπηται
1885 3354 1899 3367 ⁸

345 3438 435 3490 καὶ
460 3438 631 3491 Σόλων
680 3436 777 3506 μὲν
828 3435 1144 3504 ἀνυμνεῖται
1168 3475 1182 3495 ,
1207 3433 1440 3503 Κροῖσος
1489 3433 1545 3485 δέ
1599 3434 1627 3485 6
1686 3432 1903 3484 πάντων

346 3525 643 3597 ἀνθρώπων
682 3526 910 3594 νομίσας
953 3520 1091 3576 εἷναι
1139 3523 1630 3593 εὐδαιμονέστερος,
1675 3521 1767 3575 καὶ
1796 3521 1902 3585 ζῶν

345 3617 505 3680 ἑάλω,
541 3616 636 3670 καὶ
681 3616 853 3685 πυρὸς
879 3614 1036 3685 ἔργον
1072 3612 1341 3683 Περσικοῦ
1372 3612 1564 3684 ἔμελλε
1592 3614 1896 3682 γίγνεσθαι.

344 3708 405 3759 EI
436 3706 494 3759 δὲ
528 3705 751 3765 τούτους
776 3704 1091 3771 φιλοσόφους
1114 3704 1353 3772 ἡγεῖσθε,
1388 3702 1502 3772 ἥξω
1536 3704 1629 3757 καὶ
1659 3704 1752 3756 ἐπὶ
1774 3705 1901 3764 τοὺς

343 3793 854 3863 πολιτευσαμένους,
885 3795 979 3846 καὶ
1010 3795 1486 3865 στρατηγήσαντας
1522 3794 1659 3863 μετά
1689 3794 1902 3863 φιλοσο-

345 3887 497 3955 φίας.
540 3882 946 3953 Ἐπαμινώνδας
972 3885 999 3936 ὀ
1027 3884 1273 3953 Θηϐαίων
1313 3885 1637 3955 στρατηγὸς,
1664 3887 1692 3938 6
1724 3887 1903 3939 Λακε-

345 3976 655 4048 δαιμονίους
692 3977 750 4028 ἐν
795 3974 1088 4046 Λεύκτροις
1121 3977 1540 4047 χειρωσάμενος,
1584 3976 1641 4029 ἓν
1692 3977 1902 4047 ἱμάτιον

345 4070 509 4140 ἔχων,
545 4069 639 4122 καὶ
670 4068 759 4121 διά
790 4068 946 4121 τοῦτο
976 4070 1054 4132 είς
1088 4070 1380 4139 ἐκκλησίαν
1421 4068 1595 4123 ἐλθεῖν
1626 4069 1698 4139 μὴ
1742 4068 1901 4122 δυνά-

350 4178 531 4233 μενος,
575 4160 764 4230 ἐπειδὴ
808 4160 931 4213 κατ’
957 4159 1172 4229 ἐκείνην
1198 4160 1293 4229 τὴν
1326 4160 1537 4230 ἡμέραν
1572 4158 1903 4228 πλυνόμενον

344 4252 536 4322 ἔτυχε,
580 4252 675 4304 καὶ
718 4251 902 4322 ἕτερον
932 4250 1324 4322 περιϐαλέσθαι
1365 4252 1464 4304 οὐκ
1496 4247 1609 4321 εἶχε
1637 4291 1652 4316 ,
1684 4252 1900 4305 πάντων

2074 1618 2309 1674 Tametsi
2352 1620 2463 1674 uoti
2489 1635 2553 1675 ac
2589 1621 2759 1676 notati
2803 1623 2923 1679 silis
2959 1625 3026 1679 ab
3060 1626 3329 1691 omnibus,
3361 1630 3437 1683 uti
3484 1646 3569 1682 re»

2006 1708 2273 1778 l'ugientes
2327 1721 2732 1767 sacrosanctam
2767 1714 3103 1783 religionem,
3137 1732 3198 1772 ac
3220 1718 3419 1772 nullam
3453 1724 3572 1789 qni-

2007 1803 2126 1855 dem
2159 1802 2317 1855 aliam
2370 1802 2439 1856 ob
2486 1818 2729 1868 causam,
2770 1814 2949 1859 tamen
2994 1807 3173 1863 colitis
3214 1811 3481 1872 eamdem,
3517 1824 3573 1863 ut

2009 1887 2137 1940 mihi
2173 1890 2488 1956 persuadeo.
2529 1891 2663 1956 Quia
2702 1906 2831 1947 vero
2860 1893 3113 1949 virtutem
3177 1898 3356 1953 colere
3391 1901 3568 1953 detre-

2007 1978 2166 2032 ctatis
2203 1978 2481 2048 (corporis
2524 1982 2665 2035 enim
2712 1982 3087 2040 aliectionibus
3131 1988 3350 2052 involvi,
3386 2000 3444 2044 ut
3491 1993 3571 2044 lc-

2008 2081 2153 2134 rum,
2181 2070 2490 2141 elegistis),
2526 2083 2765 2129 attamen
2808 2090 3018 2146 aequum
3042 2079 3113 2133 sit
3156 2081 3309 2135 vobis
3356 2083 3569 2138 tandem

2007 2158 2297 2227 aliquando
2356 2176 2675 2230 persuasum
2720 2178 2865 2229 esse,
2901 2167 3298 2237 improbitatem
3353 2173 3569 2226 Vitium-

2006 2262 2110 2317 qne
2135 2250 2390 2318 consequi
2430 2252 2685 2320 pudorem
2710 2291 2726 2318 ,
2763 2254 2997 2311 dedecus
3021 2273 3085 2311 ac
3114 2274 3325 2327 ptenam
3353 2277 3367 2314 :
3397 2263 3568 2317 virtu-

2008 2347 2111 2392 tem
2142 2350 2329 2392 contra
2354 2341 2599 2395 comitari
2623 2343 2787 2397 decus
2816 2352 2979 2412 atque
3004 2360 3281 2401 coronam.
3315 2346 3570 2417 Volupta-

2006 2439 2109 2483 tem
2138 2429 2352 2498 quidem
2386 2445 2508 2486 esse
2546 2431 2780 2501 aliquam
2805 2434 2858 2487 in
2892 2446 3111 2502 peccato
3144 2438 3187 2491 si
3224 2438 3566 2505 existimatis,

2005 2528 2193 2576 contra
2234 2522 2447 2578 labores
2489 2523 2542 2577 in
2590 2525 2788 2579 virtute
2818 2537 2984 2597 atque
3025 2531 3271 2586 sudores.
3304 2533 3463 2604 603
3510 2536 3566 2589 In

2004 2613 2244 2668 animum
2299 2622 2477 2669 tamen
2520 2615 2780 2683 inducite,
2831 2618 3242 2675 delectationem
3279 2622 3423 2677 illam
3480 2627 3566 2679 vix

2004 2716 2352 2773 conspectam
2384 2707 2563 2761 statim
2591 2709 2862 2777 exstingui
2908 2727 2923 2763 :
2962 2710 3134 2764 virtus
3167 2726 3293 2765 vero
3329 2714 3535 2769 oblecta

2008 2796 2206 2853 tionem
2239 2797 2398 2851 habet
2428 2799 2837 2867 sempiternam.
2871 2800 2961 2853 Illa
2987 2801 3204 2869 quidem
3230 2803 3311 2857 via
3341 2803 3448 2859 lata
3486 2816 3568 2859 est

2005 2902 2070 2940 ac
2098 2887 2357 2955 spatiosa,
2392 2889 2441 2940 in
2487 2898 2770 2956 angustam
2811 2899 2972 2958 atque
3017 2890 3448 2961 inexplicabilem
3474 2898 3566 2949 de-

2005 2978 2187 3033 sinens
2216 2979 2488 3048 regionem
2520 2997 2534 3033 :
2561 2980 2674 3034 haec
2708 2995 2835 3034 vero
2857 2981 3052 3036 laboris
3080 2998 3143 3038 ac
3168 2987 3378 3040 sudoris
3412 2987 3568 3056 plena

2004 3068 2057 3121 iu
2095 3067 2326 3137 amplam
2388 3071 2564 3124 fertur
2595 3072 2764 3126 animi
2812 3074 3285 3142 tranquillitatem.
3334 3079 3484 3143 Quod
3520 3085 3564 3135 si

2004 3160 2204 3213 nostris
2246 3158 2404 3213 ﬁdem
2449 3161 2709 3216 adhibere
2740 3164 3028 3229 recusatis,
3070 3168 3307 3221 conabor
3346 3185 3568 3239 persna-

2004 3250 2130 3302 dere
2170 3248 2220 3301 id
2253 3247 2407 3302 vobis
2443 3248 2753 3303 testimonio
2785 3260 3066 3305 auctorum
3100 3262 3367 3311 veterum.
3414 3254 3567 3308 Plato

2004 3337 2218 3406 quidem
2252 3337 2483 3393 celebris
2515 3353 2544 3392 a
2566 3339 2909 3409 philosophia
2939 3343 3127 3397 evasit.
3163 3343 3233 3396 At
3281 3345 3567 3416 Dionysius

2002 3429 2162 3483 etiam
2204 3444 2369 3499 regno
2400 3430 2779 3486 administrato
2811 3434 3071 3489 memoria
3111 3436 3331 3493 excidit.
3371 3437 3568 3494 Socra-

2004 3528 2082 3576 tes
2109 3521 2323 3590 quidem
2363 3522 2701 3577 decantatur.
2754 3523 3055 3579 Archelaus
3115 3541 3209 3580 rex
3255 3540 3443 3583 contra
3492 3533 3567 3584 si-

2003 3613 2168 3669 lentio
2202 3615 2502 3684 premitur;
2553 3614 2715 3669 Solon
2758 3616 3113 3684 praedicatur;
3161 3617 3382 3675 Croesus
3415 3636 3564 3687 vero,

2002 3706 2090 3772 qui
2143 3719 2200 3759 se
2232 3706 2470 3757 omnium
2514 3718 2636 3759 esse
2679 3706 2987 3758 mortalium
3035 3706 3401 3762 felicissimum
3452 3713 3567 3779 Opi-

2006 3796 2253 3861 nabatur,
2293 3795 2445 3849 vivus
2483 3804 2672 3863 captus
2712 3806 2815 3860 est,
2848 3805 2902 3850 et
2951 3797 3060 3865 igni
3103 3795 3321 3853 Persico
3358 3809 3563 3855 tantum

2003 3902 2108 3941 non
2137 3889 2446 3941 combustus
2481 3897 2582 3940 est.
2623 3886 2780 3941 Tales
2825 3898 3003 3941 autem
3042 3883 3386 3960 philosophos
3436 3894 3569 3947 dun-

2007 3987 2170 4042 taxat,
2187 3988 2242 4031 ut
2263 3976 2526 4040 asseritis,
2545 3974 2710 4032 fuisse
2732 3978 2976 4047 equidem
3001 3994 3103 4033 non
3128 3981 3311 4034 iverim
3338 3984 3565 4039 inﬁcias.

2003 4068 2108 4124 Sed
2139 4076 2191 4121 et
2219 4068 2609 4133 rempublicam
2645 4069 3128 4138 administrantes;
3158 4081 3212 4127 et
3237 4085 3356 4141 post
3392 4077 3568 4144 philo-

2003 4154 2250 4222 sophiam
2278 4155 2554 4209 exercitus
2577 4155 2838 4211 ducentes
2881 4156 3135 4213 referam.
3175 4159 3568 4230 Epaminondas

2005 4247 2385 4301 Thebanorum
2422 4247 2553 4313 dux,
2584 4247 2674 4315 qui
2728 4246 3167 4307 Lacedaemonios
3207 4270 3389 4324 pugna,
3415 4256 3571 4311 Leu-

343 4344 451 4396 τῶν
482 4342 763 4412 Περσικῶν
790 4342 1054 4411 βασιλέων
1075 4343 1469 4413 ἐπισημότερος
1489 4342 1730 4409 γέγονεν.
1750 4342 1899 4411 -Ἀρι-

2006 4340 2167 4394 ctrica
2200 4337 2432 4405 subegit,
2469 4352 2573 4392 una
2598 4348 2883 4394 contentus
2913 4352 3092 4405 veste.
3130 4358 3250 4399 cum
3300 4348 3567 4415 quondam

346 4433 560 4503 στείδης
583 4433 640 4485 δέ
674 4433 908 4502 τοσαύτῃ
942 4432 1102 4503 πενίᾳ
1132 4431 1467 4501 συμϐιώσας,
1498 4431 1574 4494 ὼς
1600 4431 1701 4501 τὴν
1744 4431 1901 4501 Ἀθη-

344 4527 509 4579 ναίων
542 4522 698 4577 πόλιν
738 4523 901 4575 αὑτὸν
953 4523 1051 4592 μὲν
1097 4523 1264 4592 θάψαι
1312 4522 1648 4575 ἀποθανόντα
1673 4560 1687 4585 ,
1716 4521 1813 4584 τὰς
1846 4522 1901 4574 δέ

345 4616 647 4687 θυγατέρας
692 4612 859 4667 αὑτοῦ
914 4614 1271 4683 προικίσασαν
1318 4613 1574 4685 ἀνδράσιν
1621 4613 1901 4677 ἐκδοῦναι,

345 4711 563 4763 πάντων
599 4706 824 4759 ἐκείνων
859 4703 966 4756 τῶν
1002 4704 1131 4774 περὶ
1165 4704 1401 4756 Καλλίαν
1443 4704 1533 4756 τὸν
1563 4703 1903 4757 λακκόπλου-

344 4816 430 4849 τον
462 4798 597 4867 (20),
632 4798 726 4850 καὶ
767 4794 1132 4865 Ἀλκιϐιάδην,
1155 4796 1263 4848 τῶν
1289 4796 1383 4848 καὶ
1408 4795 1621 4866 πλούτῳ
1647 4797 1738 4848 καὶ
1755 4796 1901 4864 γένει

348 4887 441 4939 καὶ
456 4887 738 4956 δυναστείᾳ
758 4885 1119 4955 κρατούντων,
1141 4886 1515 4956 λαμπρότερος
1528 4882 1615 4956 ἦν.
1627 4886 1879 4939 Αίδεσθέν
1893 4915 1910 4926 ·

347 4997 439 5042 τες
478 4976 655 5029 τοίνυν
683 4976 786 5029 κᾶν
820 4976 855 5029 ἃ
900 4975 1236 5045 πρεσϐεύετε
1260 5016 1275 5040 ,
1312 4976 1629 5029 ἀσπάσασθε
1655 4976 1751 5046 τὴν
1779 4976 1909 5043 ἀρε-

351 5068 475 5135 τὴν,
507 5067 574 5119 δι’
604 5062 671 5137 ἧς
703 5065 901 5136 ῥᾳδίως
933 5069 1027 5119 καὶ
1060 5066 1150 5119 ἐπὶ
1179 5065 1277 5136 τὴν
1308 5065 1586 5135 θειοτάτην
1617 5066 1908 5137 θρησκείαν

349 5159 637 5230 βαδιεῖσθε.

1999 4432 2053 4485 in
2092 4430 2309 4485 comitia
2343 4430 2527 4485 venire
2576 4445 2682 4485 non
2728 4444 2936 4499 posset,
2980 4435 3119 4503 quod
3166 4435 3251 4490 illa
3298 4436 3571 4494 lavaretur

2000 4522 2264 4589 aliamque
2319 4531 2520 4575 vestem
2576 4536 2683 4576 non
2730 4521 2984 4589 haberet,
3036 4523 3263 4580 Persicis
3304 4528 3553 4582 omnibus

2000 4613 2219 4682 regibus
2268 4612 2463 4666 clarior
2522 4621 2605 4666 est
2652 4613 2889 4668 habitus.
2941 4614 3207 4669 Aristides
3256 4617 3389 4671 adeo
3432 4633 3567 4686 pan-

2003 4717 2098 4771 per
2127 4702 2282 4764 vixit,
2310 4711 2369 4754 ut
2414 4702 2589 4769 ipsum
2619 4701 2729 4754 vita
2780 4700 3018 4756 functum
3071 4704 3426 4761 Athenienses
3478 4724 3566 4762 sc-

2006 4793 2194 4862 pelire,
2234 4792 2473 4860 ﬁliasque
2518 4792 2729 4861 publice
2779 4793 2989 4847 dotatas
3039 4794 3167 4846 viris
3210 4793 3422 4852 elocare
3467 4800 3563 4852 de-

2005 4884 2238 4937 buerint.
2277 4881 2448 4947 Quid?
2511 4881 2709 4936 Callias
2750 4883 3021 4935 thesauris
3070 4882 3446 4953 locupletatus,
3512 4900 3567 4943 et

2003 4971 2312 5026 Alcibiades
2346 4971 2573 5036 divitiis,
2618 4984 2836 5038 genere,
2879 4980 2933 5023 et.
2983 4971 3211 5037 imperio
3257 4977 3565 5039 potentibus

2001 5064 2412 5117 antecellebant.
2468 5062 2647 5127 Quare
2696 5077 2791 5116 vos
2844 5063 3047 5131 pudore
3095 5062 3271 5118 aﬂ‘ccti
3322 5080 3563 5133 qnzcnam

2003 5154 2300 5222 profertis?
2355 5155 2608 5208 virtutem
2658 5154 2839 5222 itaque
2869 5155 3325 5224 complcctamini,
3378 5169 3433 5213 et
3488 5163 3552 5213 ad

2003 5245 2239 5298 divinam
2267 5243 2578 5311 religionem
2612 5247 2851 5299 accedite

1424 5376 1656 5430 VARI/Ii
1700 5374 2072 5430 LECTIONES
2110 5374 2198 5429 ET
2238 5371 2465 5428 NOT/E.

344 5532 524 5652 “‘(ltll)
562 5533 663 5585 Pro
692 5531 788 5585 καὶ
810 5533 858 5585 εί
886 5532 1042 5586 codd.
1082 5533 1203 5588 Vat.
1229 5532 1331 5586 650
1360 5539 1412 5586 et
1436 5531 1543 5586 Att.
1571 5530 1767 5585 habent
1791 5529 1904 5582 ἀλλ’

344 5620 405 5652 ὨΟ
431 5640 443 5652 .
518 5618 687 5652 οδςιΝ.

342 5618 443 5670 ηον.
479 5618 687 5654 rosstu.

414 5671 524 5739 (20)
561 5672 1202 5742 ΛακκόπλουτομΑιΙιιε.
1232 5672 1584 5741 Ilcsycltio,ct
1629 5668 1903 5725 Plutarch.

2011 5529 2512 5609 itthAris.title,nAt&
2564 5531 2622 5581 τὸ
2674 5535 2981 5601 περιτυχεῖν
3031 5534 3212 5606 χρυσῷ
3259 5538 3336 5599 εἰς
3388 5538 3560 5609 φρέαρ

2012 5598 2343 5668 βεϐλημένῳ.
2376 5599 2609 5654 SCIIOTT.
