3974 6144
496 234 632 303 1423

738 349 941 408 CLXV.
971 381 1037 391 ——
1078 352 1423 411 LAMPETIO
1460 353 1813 411 EPISCOPO.

1689 243 1748 303 S.
1788 242 2081 307 ISIDORI
2111 243 2552 307 PELUSIOTIE

2425 243 2552 306 lTlE
3570 239 3691 307 142i

2425 357 2591 413 ΡΞΕο.
2632 388 2702 400 --
2731 355 3089 429 ΛΑΜΠΕἸἸῼ
3114 354 3479 429 Ειωεκοῐιο.

493 461 611 516 Etsi
651 463 703 517 in
738 461 950 518 Zosimo
1007 466 1336 520 admonendo
1383 482 1594 533 operam
1630 468 1946 603 μιναὶῗὲήι,
2000 467 2083 549 (ab

1855 549 2088 606 up.cptsl;

2167 468 2224 592 :3
2254 476 2438 608 tim?)
2476 468 2755 523 mercedem
2807 468 2947 538 apud
2986 466 3154 523 Deum
3219 468 3499 537 repositam
3547 468 3677 523 habet

1855 554 2097 606 up.epist-.
2126 554 2247 602 tuo,
2291 554 2412 593 nu.

567 638 849 706 Quamvis,
870 648 929 694 ut
953 641 1190 710 optimus
1219 640 1464 696 medicus
1494 642 1548 695 in
1575 641 1755 698 alieno
1782 642 1922 697 malo
1956 642 2068 697 vel-

496 741 555 785 ut
587 745 649 786 ex
683 732 898 800 propria
938 732 1256 801 aegritudine
1302 732 1531 787 fructum
1569 733 1891 801 percipiens,
1916 734 2068 789 dolo.

496 838 586 878 res
622 823 685 877 ad
724 824 1096 877 lassitudinem
1148 824 1448 889 desudasti,
1478 822 1675 877 Zosimi
1710 834 1901 879 curatu
1934 840 2065 880 sane

497 916 870 985 perdifﬁcilem
907 918 1152 971 morbum
1190 932 1297 971 non
1337 916 1493 971 modo
1537 916 1845 983 explorans,
1887 916 1982 970 sed
2011 924 2065 970 et.

496 1006 605 1078 igni
646 1017 699 1061 et
730 1006 874 1061 ferro
925 1007 1159 1060 adurens
1216 1005 1743 1075 admonitioncmque
1771 1008 2061 1071 adhibens,

494 1106 550 1152 et
585 1097 749 1151 multa
789 1099 1008 1166 quidem
1046 1101 1111 1153 ad
1143 1102 1397 1168 pietatem
1427 1100 1736 1169 singulatim
1760 1101 2058 1166 iuculcans,

495 1190 661 1243 multa
692 1206 905 1259 quoque
954 1191 1185 1258 benigna
1245 1206 1308 1245 ac
1352 1192 1611 1246 salutaria
1643 1190 1896 1256 suadens,
1934 1192 2066 1245 nihil

494 1290 689 1349 praeter
720 1282 1026 1336 irrisiouem
1079 1292 1135 1336 et
1172 1270 1366 1336 'odium
1421 1282 1489 1337 ab
1520 1282 1611 1335 illo
1668 1282 1939 1347 retuleris,
1976 1298 2065 1347 ne,

495 1384 699 1437 quasso,
733 1372 881 1440 parvi
924 1371 1183 1437 aestimes,
1209 1371 1302 1424 sed
1335 1372 1648 1425 memineris
1676 1372 1853 1440 potius
1892 1372 2064 1427 maxi-

497 1476 640 1514 mam
672 1471 723 1516 te
745 1464 884 1530 apud
915 1461 1086 1517 Deum
1124 1476 1343 1516 manere
1371 1462 1697 1517 mercedem.

758 1570 986 1628 CLXVI.
1024 1600 1093 1611 —
1130 1569 1404 1628 ISIDORO
1437 1570 1789 1629 EPISCOPO.

2239 647 2302 700 El
2326 603 2430 701 καὶ.
2459 646 2536 711 ὼς
2567 646 2789 717 ἄριστος
2839 644 3022 716 ίατρὸς
3042 682 3060 711 ,
3107 643 3167 697 ἐν
3196 642 3498 715 ἀλλοτρίοις
3534 603 3729 710 κακοίς

2171 738 2306 801 ίδίας
2338 737 2723 808 καρπούμενος
2771 736 2968 801 λύπας,
3004 734 3293 804 ἀπέκαμες
3320 773 3337 800 ,
3385 734 3445 787 τὺ
3472 734 3698 789 δυσίατον
3738 733 3741 737 ’

2168 829 2416 898 Ζωσίμου
2439 828 2673 899 νόσημα,
2711 827 2786 899 μὴ
2822 828 2978 897 μόνον
3009 825 3286 879 κατανοῶν
3313 824 3598 894 (at),'am
3620 826 3702 879 καὶ

2167 920 2501 987 κατακαίων,
2537 920 2672 992 πυρί
2701 938 2761 973 τε
2796 921 2888 973 καὶ
2921 919 3137 990 σιδήρῳ
3168 918 3245 988 τῷ
3279 917 3368 971 διὰ
3398 917 3564 985 λόγων
3587 918 3706 988 χρώς

2170 1026 2327 1079 μενος
2347 1027 2360 1040 ·
2392 1010 2488 1063 καὶ
2521 1010 2692 1063 πολλὰ
2729 1011 2829 1079 μὲν
2859 1011 2996 1080 πρὸς
3026 1009 3123 1079 τὴν
3155 1006 3407 1062 ἀσέϐειαν
3448 1006 3704 1077 ἀτωτομώ-

2166 1117 2303 1153 τατα
2337 1101 2551 1170 φράσας
2572 1142 2585 1166 ,
2628 1100 2798 1153 πολλά
2828 1100 2883 1153 δὲ
2913 1098 3161 1171 προσηνῆ
3191 1100 3286 1152 καὶ
3320 1099 3555 1170 σωτήρια
3584 1116 3705 1169 συμ-

2165 1188 2491 1254 ϐουλεύσας,
2526 1189 2679 1241 οὐδὲν
2732 1188 2825 1242 τοῦ
2886 1186 3252 1258 χλευασθῆναι
3298 1188 3394 1240 καὶ
3438 1187 3705 1257 μισηθῆναι

2166 1282 2296 1349 παρ’
2330 1280 2494 1333 αὐτοῦ
2530 1281 2691 1335 πλέον
2718 1280 3018 1350 ἀπηνέγκω
3041 1297 3057 1311 ο
3097 1280 3174 1350 μὴ
3212 1278 3569 1349 ὀλιγωρήσῃς,
3605 1278 3701 1332 ἀλλ’

2168 1371 2278 1425 ἴσθι
2308 1371 2462 1443 παρά
2481 1371 2577 1439 τοῦ
2604 1370 2738 1423 Θεοῦ
2777 1372 3041 1439 μεγίστας
3069 1370 3206 1437 ἕξων
3241 1371 3343 1435 τάς
3367 1369 3617 1441 ἀμοιϐάς.

2460 1570 2644 1640 ΡΞςν.
2674 1599 2746 1612 -
2782 1569 3041 1643 imam
3070 1569 3437 1644 ΕΠΙΣΚΟΠῼ.

1207 1665 1237 1720 Ι
1246 1684 1277 1719 ιι
1316 1676 1607 1736 martyrum
1643 1668 1998 1737 persecutione
2036 1665 2245 1720 irritum
2274 1682 2383 1721 esse
2407 1681 2733 1734 paganorum
2761 1674 3027 1718 conatum.

570 1755 681 1810 Etsi
716 1754 1041 1810 nefariorum
1076 1756 1509 1810 cacodaemonum
1554 1767 1611 1812 et
1655 1758 2068 1812 simulacrorum

2243 1756 2308 1809 Εί
2341 1757 2439 1810 καὶ
2475 1756 2524 1809 οί
2553 1755 2663 1809 τῶν
2715 1754 2987 1822 δαιμόνων
3024 1752 3134 1807 τῶν
3165 1754 3445 1826 πονηρῶν,
3490 1755 3579 1809 καὶ
3618 1753 3711 1808 τῶν

502 1862 696 1902 sensus
721 1847 899 1901 omnis
930 1846 1231 1916 exliertium
1279 1846 1513 1901 cultores
1551 1861 1615 1902 ea
1644 1848 1697 1901 in
1720 1848 1869 1903 verbi
1900 1846 2067 1901 divini

501 1953 777 2008 praecones
808 1947 1072 1992 tormenta
1099 1938 1495 2007 excogitarunt,
1524 1954 1643 2007 qua:
1675 1952 1847 2007 neque
1887 1936 2068 1993 verbis

500 2029 731 2098 proferri
761 2037 982 2098 queant,
1022 2041 1197 2097 neque
1242 2028 1445 2097 rcipsa,
1468 2028 1663 2097 quibus
1694 2028 1965 2098 perterriti
1998 2026 2068 2082 ab

500 2120 802 2173 orthodoxa
864 2118 1121 2188 opinione
1177 2117 1549 2183 deﬂectereut,
1600 2118 1710 2173 sint
1757 2117 2066 2186 toleranda;

496 2211 664 2283 604,
730 2220 967 2264 attamen
1021 2213 1202 2266 omnia
1254 2211 1369 2265 haec
1422 2222 1750 2280 superarunt
1807 2220 2073 2279 martyres

500 2314 664 2371 atque
686 2311 1010 2366 evaserunt,
1075 2308 1259 2367 utpote
1305 2300 1372 2354 ad
1419 2303 1743 2355 certantium
1792 2298 2069 2351 victoriam

499 2392 857 2448 illustriorem
891 2391 1244 2458 reddendam,
1276 2398 1331 2446 et
1352 2390 1418 2445 ad
1446 2390 1680 2460 ipsorum
1705 2390 2068 2459 torquentium

499 2486 797 2557 perniciem
824 2484 1006 2555 potius
1027 2483 1326 2539 destinata.

708 2573 961 2630 CLXVII.
983 2603 1053 2615 —
1087 2572 1351 2628 DIDYMO
1375 2570 1857 2627 PRESBYTERO.

2168 1847 2398 1901 εἰδώλων
2426 1846 2534 1900 τῶν
2554 1846 2824 1916 ἀκινήτων
2849 1847 3241 1915 προσκυνηταὶ,
3264 1845 3387 1900 οὔτε
3411 1847 3552 1917 λόγῳ
3574 1847 3709 1918 ῥητὰ.

2168 1938 2292 1991 οὔτε
2320 1939 2466 2009 ἔργῳ
2506 1938 2747 2008 φορητὰ,
2780 1936 2922 1991 κατά
2952 1936 3060 1991 τῶν
3089 1938 3151 1989 τὸ
3175 1938 3317 1991 θεῖον
3352 1938 3704 2008 κηρυττόντων

2168 2027 2430 2097 κήρυγμα
2455 2025 2752 2095 ἐπενόησαν
2781 2023 3193 2095 βασανιστήρια,
3226 2024 3300 2087 ὼς
3328 2023 3505 2095 ταύτῃ
3539 2022 3709 2083 αὐτοὺς

2168 2115 2641 2185 καταπλήξαντες,
2676 2115 2771 2168 καὶ
2822 2113 2915 2167 τοῦ
2945 2113 3104 2184 ὀρθοῦ
3158 2114 3508 2185 φρονήματος
3539 2112 3709 2179 ὲκστή·

2170 2222 2381 2270 σοντες⁶
2409 2206 2545 2260 ἀλλά
2574 2223 2637 2275 γε
2664 2205 2841 2260 πάντα
2873 2206 3057 2269 αὐτοῖς
3091 2206 3255 2270 ἑάλω,
3287 2205 3380 2259 καὶ
3423 2205 3596 2264 πάντα
3623 2204 3711 2255 ur:-

2169 2295 2388 2365 έκυψεν,
2416 2294 2605 2366 ὥσπερ
2635 2296 2713 2358 είς
2736 2294 2835 2366 τὴν
2859 2295 2969 2348 τῶν
3005 2294 3427 2365 πολεμηθέντων
3462 2293 3611 2363 νίκην
3637 2292 3711 2342 εὑ-

2170 2387 2497 2457 κλεεστέραν
2524 2426 2540 2453 ,
2599 2387 2695 2440 καί⁸
2743 2388 2822 2450 εἰς
2865 2385 2958 2440 τὸν
3009 2385 3118 2440 τῶν
3162 2386 3712 2457 παρασκευασαμένων

2167 2477 2387 2549 ὄλεθρον
2414 2479 2859 2550 εὐτρεπισθέντα.

2416 2568 2583 2625 ΡΞΖ’.
2618 2600 2690 2610 -
2712 2570 2969 2641 ΔΙΔΥΜῼ
3007 2568 3482 2641 ΠΡΕΣΒΥΤΕΡῼ.

500 2665 739 2722 Primum
766 2674 840 2721 est
865 2666 1089 2733 uincere,
1117 2682 1211 2721 nec
1245 2681 1474 2734 unquam
1503 2665 1773 2733 superari;
1799 2663 2250 2734 proximumetsi
2289 2660 2443 2734 initio
2481 2662 2881 2734 super-patuerit,
2912 2662 3136 2715 vincere.
3182 2660 3241 2715 Si
3276 2662 3507 2729 priurum
3535 2656 3711 2726 assequi

1335 2730 1576 2805 nequeat,
1614 2735 1923 2789 studendum
1951 2733 2243 2799 posteriori.
2280 2730 2515 2801 (Confer.
2557 2733 2709 2800 epist.
2742 2730 2892 2801 554.)

567 2845 823 2912 Praestat,
847 2858 880 2899 ο
908 2842 1337 2915 sapientissime,
1361 2857 1549 2914 puram
1581 2857 1611 2897 a
1640 2841 1795 2897 clade
1820 2841 2061 2896 nancisci

497 2936 805 3000 victoriam,
834 2949 996 3004 quam
1030 2934 1118 2988 ubi
1153 2934 1229 2990 sis
1255 2934 1427 2988 victus
1457 2932 1680 2987 victoria
1711 2931 1893 3002 potiri.
1928 2929 2062 2985 Illud

2238 2838 2425 2909 Πολλῷ
2472 2839 2571 2909 μὲν
2627 2840 2897 2911 κρεῖττον,
2944 2830 2990 2891 ὧ
3034 2836 3337 2908 σοφώτατε,
3382 2838 3445 2891 τὸ
3487 2836 3711 2906 καθαρᾶν

2167 2931 2338 3001 ἥττης
2366 2929 2513 3001 ἔχειν
2543 2930 2641 3001 τὴν
2676 2931 2851 3001 νίκην,
2883 2929 2976 2983 τοῦ
3010 2932 3149 3002 μετά
3180 2930 3279 3000 τὴν
3300 2926 3471 3003 ἧτταν
3493 2929 3707 2999 νικῆσαι.

497 3028 642 3083 enim
670 3025 796 3079 licet
827 3024 920 3079 lini
951 3025 1241 3088 cohaereat,
1272 3032 1509 3078 attamen
1543 3022 1868 3093 principium
1901 3022 2065 3077 habet

2167 3022 2243 3074 Τὸ
2273 3022 2372 3092 μὲν
2413 3024 2522 3093 γὰρ
2560 3023 2611 3075 εί
2635 3021 2730 3075 καὶ
2762 3022 2840 3093 τῷ
2876 3020 3021 3075 τέλει
3063 3021 3430 3086 συνάπτεται,
3464 3022 3577 3079 ἀλλ’
3614 3019 3709 3088 ἔχει

497 3130 746 3187 ιπεεεοηε
779 3115 1037 3183 dignum;
1068 3116 1187 3170 haec
1214 3129 1345 3171 vero
1381 3113 1510 3169 licet
1557 3115 1611 3168 in
1653 3113 1758 3167 line
1797 3114 2063 3183 obtingat,

501 3218 680 3262 tamen
709 3204 863 3261 clade
884 3206 955 3258 ab
990 3203 1144 3258 initio
1170 3212 1386 3272 accepta
1416 3203 1758 3257 obscuratur.
1785 3200 1943 3257 Prius
1969 3202 2067 3256 ita-

497 3311 604 3368 que
640 3296 772 3351 illud
821 3294 1013 3349 melius
1047 3302 1152 3358 est,
1186 3294 1234 3349 si
1272 3307 1404 3347 vero
1449 3291 1715 3362 ell'ugerit,
1765 3293 2060 3348 secundum

497 3389 572 3444 sit
599 3395 923 3456 maneatque
948 3385 1266 3440 secundum.
1298 3382 1489 3439 Melius
1530 3394 1613 3438 est
1642 3384 1785 3437 enim
1811 3383 2061 3453 proelium

504 3487 813 3543 maturare,
867 3490 1029 3546 quam
1078 3475 1134 3530 in
1184 3472 1438 3528 conﬂictu
1486 3473 1826 3528 occumbere.
1876 3472 2061 3542 Neque

496 3577 707 3624 tantum
727 3582 757 3622 a
778 3567 961 3638 priore
985 3565 1245 3631 vincitur,
1260 3575 1518 3634 quantum
1535 3564 1603 3618 ab
1628 3564 1818 3618 ultimo
1835 3580 2063 3635 supera-

502 3669 613 3715 tur.
646 3658 761 3715 Iloc
791 3658 957 3727 igitur
1003 3657 1161 3723 satis,
1202 3658 1304 3712 etsi
1341 3671 1448 3711 non
1495 3664 1556 3711 ut
1595 3655 1849 3727 primum,
1882 3656 2068 3711 lauda-

502 3757 593 3804 tur
620 3758 829 3804 tamen.
861 3749 955 3804 Ille
987 3762 1116 3804 vero
1147 3747 1409 3802 ridiculus
1446 3755 1551 3811 est,
1597 3753 1652 3801 et
1701 3746 1953 3802 omnibus
1982 3761 2068 3801 re-

498 3836 866 3904 prehendendi
898 3851 1019 3892 sese
1051 3835 1331 3891 materiam
1355 3837 1574 3904 praebet.

882 3943 1161 4000 CLXVIII.
1189 3972 1260 3984 —
1286 3943 1662 4000 'I'IMOTIIEO.

2168 3112 2262 3165 καί⁵
2291 3111 2389 3181 τὴν
2409 3110 2583 3183 ἀρχὴν
2612 3111 3098 3182 ἀνακηρύττουσαν
3120 3127 3134 3141 ο
3163 3112 3225 3164 τὸ
3254 3110 3312 3163 δὲ
3339 3112 3390 3164 εί
3418 3112 3515 3165 καὶ
3541 3109 3612 3179 τῷ
3641 3106 3709 3161 τὲ-

2163 3202 2247 3256 λει
2282 3203 2588 3274 συμϐαίνει,
2618 3206 2684 3274 τῇ
2709 3203 2861 3275 παρά
2881 3204 2978 3274 τὴν
3004 3201 3179 3274 ἀρχὴν
3207 3203 3551 3274 ἀμαυροῦται
3569 3202 3706 3271 ἥττῃ.

2168 3295 2423 3363 Ἀμεινον
2459 3294 2558 3365 μὲν
2579 3290 2673 3348 οὖν
2705 3294 2763 3347 τὸ
2795 3294 3086 3364 πρότερον⁸
3116 3296 3165 3347 εί
3193 3294 3252 3347 δὲ
3273 3293 3578 3363 διαφεύγοι,
3607 3290 3709 3344 δεύ-

2162 3401 2319 3455 τερον
2347 3384 2489 3437 ἔστω
2512 3385 2573 3438 τὸ
2596 3384 2867 3456 δεύτερον.
2905 3386 3165 3456 ’Ἄμεινον
3191 3383 3300 3452 γὰρ
3333 3384 3432 3439 τοῦ
3468 3387 3633 3455 μεῖναι
3660 3382 3707 3432 ὲν

2163 3478 2232 3546 τῇ
2263 3475 2399 3547 ἥττῃ
2433 3476 2490 3529 τὸ
2526 3475 2971 3547 ἀναμαχέσασθαι
2999 3476 3225 3547 ταύτην.
3248 3475 3326 3529 Οὐ
3349 3474 3592 3529 τοσοῦτον
3614 3471 3706 3541 γὰρ

2166 3566 2262 3618 τοῦ
2290 3566 2506 3638 πρώτου
2535 3567 2888 3621 ἀπολείπεται
2915 3607 2931 3632 ,
2963 3567 3072 3638 ὅσῳ
3102 3566 3195 3619 τοῦ
3232 3565 3543 3620 τελευταίου
3566 3565 3709 3631 ὑπερ·

2164 3656 2312 3725 έχει·
2348 3655 2546 3726 μᾶλλον
2577 3656 2634 3709 δὲ
2666 3658 2694 3709 ὁ
2730 3657 2862 3728 μὲν,
2893 3657 2942 3709 εί
2984 3656 3080 3709 καὶ
3130 3655 3205 3726 μὴ
3237 3655 3315 3718 ὼς
3350 3656 3381 3708 ὁ
3426 3655 3667 3725 πρότερος
3690 3688 3705 3711 ν

2164 3747 2311 3817 ὅμως
2340 3746 2383 3798 δ’
2405 3742 2499 3801 οὖν
2519 3747 2950 3818 ἀνακηρύττεται
2968 3763 2983 3778 ·
3013 3747 3221 3810 ἐκεῖνος
3242 3746 3298 3816 δὲ
3329 3741 3706 3815 καταγέλαστός

2163 3839 2299 3905 ἐστι,
2333 3838 2429 3892 καὶ
2456 3838 2744 3910 κωμῳδίας
2772 3837 2944 3893 ἅπασι
2968 3838 3253 3909 πρόκειται
3289 3837 3567 3900 ὑπόθεσις.

2643 3943 2814 3998 ΡΞΗν.
2841 3974 2910 3983 -
2936 3943 3258 4014 ΤΙΜΟΘΕῼ.

499 4038 631 4105 Quae
646 4034 869 4106 principi
890 4035 1380 4105 necessaria.;Solon
1397 4036 1622 4102 dicebat,
1638 4036 1838 4090 duobus
1852 4037 2218 4103 rempublicam
2239 4038 2515 4102 contineri,
2538 4040 2752 4106 prwmio
2764 4045 2813 4092 et
2829 4052 2999 4106 poena.
3026 4034 3158 4107 (Cic.
3184 4034 3359 4105 Epist.
3380 4035 3449 4089 ad
3468 4028 3704 4097 Brutum.)

569 4145 926 4213 lmperantem
976 4145 1152 4207 decet,
1195 4152 1255 4197 ut
1310 4143 1439 4197 mihi
1496 4143 1709 4210 quidem
1741 4143 1975 4210 videtur,
2001 4154 2057 4199 et

500 4233 785 4288 amabilem
812 4246 935 4287 esse
964 4239 1021 4287 et
1050 4231 1344 4286 terribilem
1376 4248 1391 4286 :
1419 4240 1477 4285 ut
1497 4242 1646 4286 recta
1682 4242 1901 4301 agentes
1923 4247 2056 4289 cou-

503 4323 696 4385 tidant,
721 4330 1012 4390 peccantes
1030 4329 1218 4376 contra
1241 4330 1491 4391 paveant.
1514 4322 1755 4377 Alterum
1778 4324 1920 4377 enim
1944 4323 2059 4378 sine
2093 4370 2137 4425 Β

506 4411 682 4465 altero
703 4409 913 4477 imperii
942 4409 1132 4464 verius
1155 4418 1238 4464 est
1257 4411 1520 4475 carentia,
1543 4425 1705 4481 quam
1757 4412 2061 4479 imperium.

2235 4143 2338 4197 Τὸν
2381 4146 2658 4214 ἄρχοντα,
2697 4145 2774 4208 ὡς
2807 4144 2993 4215 ἔμοιγε
3037 4144 3211 4209 δοκεῖ,
3248 4144 3359 4215 χρὴ
3393 4145 3491 4199 καὶ
3534 4140 3706 4210 ἀγαθὸν

2163 4231 2301 4289 εἶναι
2341 4236 2433 4289 καὶ
2465 4234 2691 4307 φοϐερόν
2722 4236 2855 4308 (22).
2886 4236 2985 4290 'Iv’
3018 4238 3067 4289 οι
3111 4237 3211 4306 μὲν
3237 4233 3297 4290 εὖ
3331 4235 3573 4306 βιοῦντες
3596 4231 3706 4301 θαρ

2167 4326 2328 4396 pater),
2367 4328 2415 4379 οί
2446 4326 2503 4380 δὲ
2532 4327 2937 4398 ἁμαρτάνοντες
2969 4326 3179 4379 ὁκνοῖεν
3200 4341 3215 4357 '
3245 4324 3483 4395 θάτερον
3509 4323 3613 4391 γὰρ
3634 4320 3707 4371 θα-

2164 4416 2323 4486 τέρου
2370 4417 2539 4487 χωρὶς
2584 4417 2817 4489 ἀναρχία
2852 4416 3052 4487 μᾶλλόν
3077 4418 3226 4469 ἐστιν
3268 4415 3302 4486 ἢ
3334 4415 3507 4487 ἀρχή.
3541 4412 3601 4465 Εἰ
3625 4408 3706 4480 μὲν

501 4500 558 4557 Si
598 4501 817 4571 quidem
843 4514 1032 4557 omnes
1060 4500 1260 4557 subditi
1296 4502 1484 4557 virtuti
1529 4511 1710 4557 essent
1733 4503 1918 4569 dediti,
1950 4503 2064 4558 sola

2167 4506 2270 4576 γὰρ
2297 4502 2436 4577 ἦσαν
2465 4507 2666 4570 πάντες
2702 4510 2752 4560 ol
2791 4508 3023 4577 ὑπήκοοι
3054 4507 3360 4578 φιλάρετοι,
3392 4505 3706 4575 ἀγαθότητος

498 4607 635 4661 opus
666 4601 817 4646 esset
844 4593 1100 4648 comitate
1126 4609 1142 4659 ;
1184 4593 1234 4648 si
1266 4604 1446 4649 autem
1486 4594 1633 4648 vitiis
1669 4593 1891 4661 addicti,
1918 4604 2064 4647 mcltt

2167 4589 2230 4664 ἦν
2289 4596 2449 4665 χρεία
2501 4596 2697 4666 μόνης’
2742 4598 2791 4649 εί
2839 4597 2899 4650 δὲ
2946 4595 3479 4667 φιλαμαρτήμονεςν

503 4698 695 4737 omnes
727 4690 913 4737 essent
948 4683 1256 4739 coercendi.
1289 4682 1516 4749 Quando
1568 4682 1731 4751 igitur
1762 4683 1887 4738 boni
1937 4692 2067 4737 sum

500 4783 662 4839 atque
702 4769 825 4824 mali
862 4772 1063 4826 subditi
1097 4787 1198 4827 nec
1251 4773 1641 4842 imperantibus
1675 4782 1888 4840 parent,
1914 4782 2060 4825 utra-

494 4876 602 4931 que
631 4875 709 4926 re,
746 4862 837 4929 qui
872 4862 1119 4932 imperat,
1152 4862 1353 4932 indiget
1383 4878 1561 4916 amore
1587 4877 1650 4917 ac
1688 4863 1872 4915 timore
1899 4876 1920 4915 :
1947 4863 2053 4916 sci-

498 4951 629 5007 licet
666 4960 726 5005 ut
771 4960 1135 5022 temperantes
1174 4967 1241 5007 ac
1279 4953 1544 5007 moderati
1592 4952 1829 5007 bonitate
1857 4953 2058 5007 contir-

497 5050 748 5105 mentur,
798 5042 1014 5111 pessimi
1056 5051 1244 5098 contra
1283 5057 1313 5095 a
1346 5041 1599 5112 peccandi
1644 5040 1865 5095 libidine
1904 5054 2058 5096 coer-

496 5140 739 5187 ceantur.

3575 4592 3701 4644 ὀϐον.

2171 4611 2230 4664 ην
2289 4611 2449 4665 Χρεία
2501 4611 2697 4666 μονης’
2742 4611 2791 4649 ει
2839 4611 2899 4650 σε
2946 4611 3479 4667 φιλαμαρτημονες,
3538 4611 3701 4661 φοϐον.

2171 4685 2395 4756 Ἐπειδὴ
2425 4685 2482 4738 δὲ
2516 4686 2612 4739 καὶ
2642 4685 2878 4755 ἀγαθοὺς
2909 4689 3005 4740 καὶ
3032 4687 3302 4756 πονηροὺς
3337 4682 3484 4740 εἶναι
3517 4685 3704 4749 ἀνάγκη

2157 4778 2217 4829 εν
2269 4779 2384 4839 τοῖς
2431 4778 2756 4847 ἀρχομένοις
2782 4820 2798 4844 ,
2831 4778 3118 4848 ἀμφότερα
3168 4774 3606 4847 μεταχειριστέον
3644 4770 3705 4837 τῷ

2162 4866 2384 4936 ἄρχοντι
2408 4868 2526 4937 ἵν’ἡ
2555 4869 2655 4937 μὲν
2673 4868 2972 4938 ἀγαθότης
3001 4868 3233 4941 στηρίξῃ
3260 4870 3393 4931 τοὺς
3428 4869 3705 4936 σώφρονα-ς.

2157 4957 2185 5006 ὁ
2230 4955 2287 5009 δὲ
2320 4959 2505 5025 φόϐος
2546 4959 2950 5033 προαναστέλλῃ
2986 4959 3094 5013 τῶν
3148 4959 3433 5013 κακίστων
3476 4958 3543 5010 τὰ
3575 4951 3706 5007 mal-

2159 5064 2357 5112 σματα.

1510 5238 1513 5241 ’
1577 5238 1814 5299 ῩΑΒΙΑΞ
1853 5242 2236 5303 LECTIONES
2270 5248 2357 5303 ET
2395 5248 2627 5308 NUTIE.

567 5392 680 5461 (ει)
710 5392 813 5446 Pro
843 5394 1122 5450 κατανοῶν
1148 5394 1308 5451 ambo
1345 5393 1465 5450 cod.
1500 5395 1619 5451 Vat.
1655 5405 1710 5451 et
1750 5397 1862 5453 Alt.
1894 5400 2049 5454 codd.

495 5462 1099 5535 scribuut__x_ara.tov6w.
1141 5464 1311 5535 Vers.
1337 5464 1371 5517 5
1403 5474 1456 5535 et
1488 5465 1543 5535 6.
1590 5480 1675 5532 ep.
1719 5482 1816 5535 pro
1854 5470 2051 5522 ἀποτο-

496 5528 907 5603 μώτατα--ἰὶιιεῃι
940 5531 1117 5603 legunt
1146 5534 1239 5586 καὶ
1265 5534 1365 5601 τὴν
1391 5528 1943 5603 ὁμοιότητα.Ῥοεςιιν.

2155 5401 2439 5470 epistolam
2482 5401 2636 5456 all‘ert
2678 5402 2729 5456 in
2789 5398 2957 5457 Ἰωάν.
3002 5403 3273 5474 Ἀντιοχ.,
3326 5403 3545 5459 δίκαιον
3586 5397 3707 5456 εἶναι

2157 5470 2268 5522 δείο
2298 5471 2390 5524 sed
2438 5473 2618 5524 verior
2655 5468 2895 5524 Vaticani
2929 5473 3049 5524 cod.
3094 5484 3179 5524 est
3220 5473 3406 5524 lectio.
3458 5488 3575 5524 mea
3605 5472 3706 5524 aui-

2158 5471 2268 5522 δεί·
2298 5471 2390 5525 sed
2438 5473 2618 5526 verior
2655 5471 2895 5526 Vaticani
2929 5473 3049 5526 cod.
3094 5471 3406 5538 est'lectio,
3458 5488 3575 5529 mea
3605 5472 3706 5540 qui-

2158 5542 2275 5614 dem
2306 5541 2594 5614 sententia.
2633 5541 2885 5610 Sequitur
2929 5542 3075 5598 enim
3126 5542 3475 5614 ἀγαθότητος
3506 5552 3562 5598 et
3584 5542 3705 5609 ἀγα·

563 5597 687 5665 (22)-
707 5599 813 5650 Kal
845 5597 1066 5670 ἀγαθῶ
1096 5603 1194 5657 καί
1238 5597 1511 5669 φοϐερόν.
1547 5597 1761 5666 suidas,
1792 5608 1881 5676 qui
1912 5609 2047 5661 ltauc

2167 5607 2336 5677 θύτης.
2366 5612 2604 5666 Scuorr.
