  <div class='ocr_page' id='page_1' title='image "/cluster/home/n/w/nwhite01/storage/ocr_20150623/78/mdp.39015010334699/720.png"; bbox 0 0 3974 6144; ppageno 0'>
   <div class='ocr_carea' id='block_1_1' title="bbox 376 333 444 396">
    <p class='ocr_par' dir='ltr' id='par_1_1' title="bbox 376 333 444 396">
     <span class='ocr_line' id='line_1_1' title="bbox 376 333 444 396; baseline 0.015 -1"><span class='ocrx_word' id='word_1_1' title='bbox 376 333 444 396; x_wconf 68' lang='grc'>42</span> 
     </span>
    </p>
   </div>
   <div class='ocr_carea' id='block_1_2' title="bbox 343 332 1665 519">
    <p class='ocr_par' dir='ltr' id='par_1_2' title="bbox 343 332 1665 519">
     <span class='ocr_line' id='line_1_2' title="bbox 343 332 1665 399; baseline 0 -2"><span class='ocrx_word' id='word_1_2' title='bbox 343 332 480 399; x_wconf 66' lang='grc'>1425</span> <span class='ocrx_word' id='word_1_3' title='bbox 1216 333 1665 397; x_wconf 69' lang='grc' dir='ltr'><strong><em>ΕΡΙΞΤΟΙιΑΒὶ</em></strong></span> 
     </span>
     <span class='ocr_line' id='line_1_3' title="bbox 578 444 1665 519; baseline 0.005 -21"><span class='ocrx_word' id='word_1_4' title='bbox 578 444 740 499; x_wconf 62' lang='lat' dir='ltr'><strong><em>paen</em></strong></span> <span class='ocrx_word' id='word_1_5' title='bbox 780 474 851 485; x_wconf 83' lang='lat'><strong><em>--</em></strong></span> <span class='ocrx_word' id='word_1_6' title='bbox 873 444 1269 517; x_wconf 76' lang='grc' dir='ltr'><strong><em>ΑΠΟΛΛΩΝΙῼ</em></strong></span> <span class='ocrx_word' id='word_1_7' title='bbox 1296 448 1665 519; x_wconf 68' lang='lat' dir='ltr'><strong><em>somnone.</em></strong></span> 
     </span>
    </p>
   </div>
   <div class='ocr_carea' id='block_1_3' title="bbox 340 559 2671 629">
    <p class='ocr_par' dir='ltr' id='par_1_3' title="bbox 340 559 2671 629">
     <span class='ocr_line' id='line_1_4' title="bbox 340 559 2671 629; baseline 0.003 -18"><span class='ocrx_word' id='word_1_8' title='bbox 340 559 601 614; x_wconf 81' lang='lat' dir='ltr'><strong><em>Hortatur</em></strong></span> <span class='ocrx_word' id='word_1_9' title='bbox 628 571 683 614; x_wconf 82' lang='lat' dir='ltr'><strong><em>ut</em></strong></span> <span class='ocrx_word' id='word_1_10' title='bbox 715 560 893 613; x_wconf 83' lang='lat' dir='ltr'><strong><em>virtuti</em></strong></span> <span class='ocrx_word' id='word_1_11' title='bbox 921 560 1126 613; x_wconf 81' lang='lat' dir='ltr'><strong><em>studeat</em></strong></span> <span class='ocrx_word' id='word_1_12' title='bbox 1156 561 1265 613; x_wconf 83' lang='lat' dir='ltr'><strong><em>sine</em></strong></span> <span class='ocrx_word' id='word_1_13' title='bbox 1282 563 1664 624; x_wconf 80' lang='lat' dir='ltr'><strong><em>ostentatione;</em></strong></span> <span class='ocrx_word' id='word_1_14' title='bbox 1696 562 1974 614; x_wconf 70' lang='lat' dir='ltr'><strong><em>ostentatio</em></strong></span> <span class='ocrx_word' id='word_1_15' title='bbox 2000 563 2134 615; x_wconf 86' lang='lat' dir='ltr'><strong><em>enim</em></strong></span> <span class='ocrx_word' id='word_1_16' title='bbox 2175 563 2374 629; x_wconf 82' lang='lat' dir='ltr'><strong><em>odium,</em></strong></span> <span class='ocrx_word' id='word_1_17' title='bbox 2402 565 2671 619; x_wconf 70' lang='lat' dir='ltr'><strong><em>hum-ititas</em></strong></span> 
     </span>
    </p>
   </div>
   <div class='ocr_carea' id='block_1_4' title="bbox 1118 300 2660 403">
    <p class='ocr_par' dir='ltr' id='par_1_4' title="bbox 1118 300 2660 403">
     <span class='ocr_line' id='line_1_5' title="bbox 1118 300 2660 403; baseline 0.005 -8"><span class='ocrx_word' id='word_1_18' title='bbox 1118 300 1131 303; x_wconf 67' lang='grc'><strong>’</strong></span> <span class='ocrx_word' id='word_1_19' title='bbox 1216 333 1746 399; x_wconf 82' lang='lat' dir='ltr'><strong><em>EPISTOLARUM</em></strong></span> <span class='ocrx_word' id='word_1_20' title='bbox 1783 329 1927 396; x_wconf 82' lang='lat' dir='ltr'><strong><em>Lm.</em></strong></span> <span class='ocrx_word' id='word_1_21' title='bbox 1968 340 2035 400; x_wconf 89' lang='lat' dir='ltr'><strong><em>v.</em></strong></span> <span class='ocrx_word' id='word_1_22' title='bbox 2075 364 2140 373; x_wconf 90' lang='lat'><strong><em>—</em></strong></span> <span class='ocrx_word' id='word_1_23' title='bbox 2166 340 2399 402; x_wconf 83' lang='lat' dir='ltr'><strong><em>EPIST.</em></strong></span> <span class='ocrx_word' id='word_1_24' title='bbox 2441 342 2660 403; x_wconf 77' lang='lat' dir='ltr'><strong><em>CLXX.</em></strong></span> 
     </span>
    </p>
   </div>
   <div class='ocr_carea' id='block_1_5' title="bbox 3437 344 3571 408">
    <p class='ocr_par' dir='ltr' id='par_1_5' title="bbox 3437 344 3571 408">
     <span class='ocr_line' id='line_1_6' title="bbox 3437 344 3571 408; baseline 0.015 -2"><span class='ocrx_word' id='word_1_25' title='bbox 3437 344 3571 408; x_wconf 72' lang='grc'>1426</span> 
     </span>
    </p>
   </div>
   <div class='ocr_carea' id='block_1_6' title="bbox 2220 451 3362 513">
    <p class='ocr_par' dir='ltr' id='par_1_6' title="bbox 2220 451 3362 513">
     <span class='ocr_line' id='line_1_7' title="bbox 2220 451 3362 513; baseline 0.005 -7"><span class='ocrx_word' id='word_1_26' title='bbox 2220 452 2453 507; x_wconf 76' lang='lat' dir='ltr'><strong><em>CLXIX.</em></strong></span> <span class='ocrx_word' id='word_1_27' title='bbox 2482 484 2553 494; x_wconf 94' lang='lat'><strong>—</strong></span> <span class='ocrx_word' id='word_1_28' title='bbox 2588 451 2991 511; x_wconf 64' lang='lat' dir='ltr'><strong><em>APOLBONIOt</em></strong></span> <span class='ocrx_word' id='word_1_29' title='bbox 3013 453 3362 513; x_wconf 83' lang='lat' dir='ltr'><strong><em>EPISCOPO.</em></strong></span> 
     </span>
    </p>
   </div>
   <div class='ocr_carea' id='block_1_7' title="bbox 2700 566 3571 634">
    <p class='ocr_par' dir='ltr' id='par_1_7' title="bbox 2700 566 3571 634">
     <span class='ocr_line' id='line_1_8' title="bbox 2700 566 3571 634; baseline 0 -14"><span class='ocrx_word' id='word_1_30' title='bbox 2700 566 2935 634; x_wconf 75' lang='lat' dir='ltr'><strong><em>favorem</em></strong></span> <span class='ocrx_word' id='word_1_31' title='bbox 2958 566 3246 633; x_wconf 80' lang='lat' dir='ltr'><strong><em>conciliat;</em></strong></span> <span class='ocrx_word' id='word_1_32' title='bbox 3281 584 3371 622; x_wconf 82' lang='lat' dir='ltr'><strong><em>nec</em></strong></span> <span class='ocrx_word' id='word_1_33' title='bbox 3406 569 3571 622; x_wconf 75' lang='lat' dir='ltr'><strong><em>uirtus</em></strong></span> 
     </span>
    </p>
   </div>
   <div class='ocr_carea' id='block_1_8' title="bbox 721 629 3171 706">
    <p class='ocr_par' dir='ltr' id='par_1_8' title="bbox 721 629 3171 706">
     <span class='ocr_line' id='line_1_9' title="bbox 721 629 3171 706; baseline 0.003 -24"><span class='ocrx_word' id='word_1_34' title='bbox 721 632 843 682; x_wconf 78' lang='lat' dir='ltr'><strong><em>solis</em></strong></span> <span class='ocrx_word' id='word_1_35' title='bbox 873 631 1041 683; x_wconf 84' lang='lat' dir='ltr'><strong><em>instar</em></strong></span> <span class='ocrx_word' id='word_1_36' title='bbox 1071 631 1163 682; x_wconf 83' lang='lat' dir='ltr'><strong><em>diu</em></strong></span> <span class='ocrx_word' id='word_1_37' title='bbox 1188 631 1348 684; x_wconf 75' lang='lat' dir='ltr'><strong><em>latere</em></strong></span> <span class='ocrx_word' id='word_1_38' title='bbox 1378 640 1565 699; x_wconf 78' lang='lat' dir='ltr'><strong><em>potest.</em></strong></span> <span class='ocrx_word' id='word_1_39' title='bbox 1597 629 1831 700; x_wconf 74' lang='lat' dir='ltr'><strong><em>(Confer.</em></strong></span> <span class='ocrx_word' id='word_1_40' title='bbox 1883 630 2098 701; x_wconf 66' lang='grc' dir='ltr'>(ἕτερον.</span> <span class='ocrx_word' id='word_1_41' title='bbox 2136 631 2385 700; x_wconf 63' lang='lat' dir='ltr'><strong><em>Nysam,</em></strong></span> <span class='ocrx_word' id='word_1_42' title='bbox 2423 650 2540 702; x_wconf 87' lang='lat' dir='ltr'><strong><em>cap.</em></strong></span> <span class='ocrx_word' id='word_1_43' title='bbox 2571 634 2663 698; x_wconf 75' lang='grc'>24,</span> <span class='ocrx_word' id='word_1_44' title='bbox 2701 629 2797 689; x_wconf 63' lang='lat' dir='ltr'><strong><em>lib.</em></strong></span> <span class='ocrx_word' id='word_1_45' title='bbox 2831 636 2907 689; x_wconf 80' lang='lat' dir='ltr'><strong><em>De</em></strong></span> <span class='ocrx_word' id='word_1_46' title='bbox 2940 636 3171 706; x_wconf 77' lang='lat' dir='ltr'><strong><em>virginit.</em></strong></span> 
     </span>
    </p>
   </div>
   <div class='ocr_carea' id='block_1_9' title="bbox 406 733 1901 808">
    <p class='ocr_par' dir='ltr' id='par_1_9' title="bbox 406 733 1901 808">
     <span class='ocr_line' id='line_1_10' title="bbox 406 733 1901 808; baseline 0.003 -22"><span class='ocrx_word' id='word_1_47' title='bbox 406 734 471 787; x_wconf 75' lang='lat' dir='ltr'><strong><em>Ei</em></strong></span> <span class='ocrx_word' id='word_1_48' title='bbox 501 733 593 787; x_wconf 80' lang='grc' dir='ltr'><strong><em>καί</em></strong></span> <span class='ocrx_word' id='word_1_49' title='bbox 616 750 759 796; x_wconf 91' lang='grc' dir='ltr'>τινες</span> <span class='ocrx_word' id='word_1_50' title='bbox 786 734 897 788; x_wconf 84' lang='grc' dir='ltr'><strong><em>τῶν</em></strong></span> <span class='ocrx_word' id='word_1_51' title='bbox 926 736 1011 788; x_wconf 75' lang='grc' dir='ltr'>σοὶ</span> <span class='ocrx_word' id='word_1_52' title='bbox 1049 734 1542 805; x_wconf 75' lang='grc' dir='ltr'>συνδιατριψάντων</span> <span class='ocrx_word' id='word_1_53' title='bbox 1570 736 1760 791; x_wconf 77' lang='grc' dir='ltr'>σϐέσαι</span> <span class='ocrx_word' id='word_1_54' title='bbox 1797 755 1901 808; x_wconf 88' lang='grc' dir='ltr'><strong><em>μου</em></strong></span> 
     </span>
    </p>
   </div>
   <div class='ocr_carea' id='block_1_10' title="bbox 333 823 1902 898">
    <p class='ocr_par' dir='ltr' id='par_1_10' title="bbox 333 823 1902 898">
     <span class='ocr_line' id='line_1_11' title="bbox 333 823 1902 898; baseline 0.005 -23"><span class='ocrx_word' id='word_1_55' title='bbox 333 824 434 894; x_wconf 73' lang='grc' dir='ltr'>τὴν</span> <span class='ocrx_word' id='word_1_56' title='bbox 464 823 557 876; x_wconf 70' lang='grc' dir='ltr'><strong><em>ἐπὶ</em></strong></span> <span class='ocrx_word' id='word_1_57' title='bbox 584 823 646 876; x_wconf 82' lang='grc' dir='ltr'>τὸ</span> <span class='ocrx_word' id='word_1_58' title='bbox 674 824 977 877; x_wconf 69' lang='grc' dir='ltr'>ἐπιστεῖλαί</span> <span class='ocrx_word' id='word_1_59' title='bbox 1008 842 1091 878; x_wconf 90' lang='grc' dir='ltr'><strong><em>σοι</em></strong></span> <span class='ocrx_word' id='word_1_60' title='bbox 1117 826 1295 896; x_wconf 73' lang='grc' dir='ltr'>ὁρμὴν</span> <span class='ocrx_word' id='word_1_61' title='bbox 1315 825 1643 898; x_wconf 82' lang='grc' dir='ltr'><strong><em>πειρώμενοι</em></strong></span> <span class='ocrx_word' id='word_1_62' title='bbox 1668 827 1902 897; x_wconf 74' lang='grc' dir='ltr'>ἔφασαν,</span> 
     </span>
    </p>
   </div>
   <div class='ocr_carea' id='block_1_11' title="bbox 334 916 1903 991">
    <p class='ocr_par' dir='ltr' id='par_1_11' title="bbox 334 916 1903 991">
     <span class='ocr_line' id='line_1_12' title="bbox 334 916 1903 991; baseline 0.004 -22"><span class='ocrx_word' id='word_1_63' title='bbox 334 916 411 980; x_wconf 79' lang='grc' dir='ltr'>ὡς</span> <span class='ocrx_word' id='word_1_64' title='bbox 434 916 560 979; x_wconf 81' lang='grc' dir='ltr'>τοὺς</span> <span class='ocrx_word' id='word_1_65' title='bbox 588 916 688 986; x_wconf 85' lang='grc' dir='ltr'><strong><em>μὲν</em></strong></span> <span class='ocrx_word' id='word_1_66' title='bbox 724 916 1116 981; x_wconf 78' lang='grc' dir='ltr'><strong><em>κολακεύοντας</em></strong></span> <span class='ocrx_word' id='word_1_67' title='bbox 1144 917 1284 985; x_wconf 81' lang='grc' dir='ltr'>ἄγαν</span> <span class='ocrx_word' id='word_1_68' title='bbox 1312 919 1511 990; x_wconf 78' lang='grc' dir='ltr'>τιμᾷς,</span> <span class='ocrx_word' id='word_1_69' title='bbox 1544 918 1654 972; x_wconf 84' lang='grc' dir='ltr'>τῶν</span> <span class='ocrx_word' id='word_1_70' title='bbox 1673 919 1729 974; x_wconf 82' lang='grc' dir='ltr'>δὲ</span> <span class='ocrx_word' id='word_1_71' title='bbox 1758 938 1903 991; x_wconf 85' lang='grc' dir='ltr'>συμ-</span> 
     </span>
    </p>
   </div>
   <div class='ocr_carea' id='block_1_12' title="bbox 334 1006 1903 1080">
    <p class='ocr_par' dir='ltr' id='par_1_12' title="bbox 334 1006 1903 1080">
     <span class='ocr_line' id='line_1_13' title="bbox 334 1006 1903 1080; baseline 0.003 -20"><span class='ocrx_word' id='word_1_72' title='bbox 334 1006 697 1061; x_wconf 71' lang='grc' dir='ltr'>ϐουλευόντων</span> <span class='ocrx_word' id='word_1_73' title='bbox 748 1009 1128 1078; x_wconf 83' lang='grc' dir='ltr'><strong><em>καταφρονεῖς.</em></strong></span> <span class='ocrx_word' id='word_1_74' title='bbox 1191 1007 1333 1061; x_wconf 81' lang='grc' dir='ltr'>Ἀλλ’</span> <span class='ocrx_word' id='word_1_75' title='bbox 1388 1009 1490 1080; x_wconf 78' lang='grc' dir='ltr'><strong><em>ἐμὲ</em></strong></span> <span class='ocrx_word' id='word_1_76' title='bbox 1541 1008 1642 1062; x_wconf 79' lang='grc' dir='ltr'><strong><em>οὐκ</em></strong></span> <span class='ocrx_word' id='word_1_77' title='bbox 1696 1010 1762 1065; x_wconf 78' lang='grc' dir='ltr'>ἄν</span> <span class='ocrx_word' id='word_1_78' title='bbox 1816 1027 1903 1075; x_wconf 88' lang='grc' dir='ltr'><strong><em>τις</em></strong></span> 
     </span>
    </p>
   </div>
   <div class='ocr_carea' id='block_1_13' title="bbox 335 1092 1902 1172">
    <p class='ocr_par' dir='ltr' id='par_1_13' title="bbox 335 1092 1902 1172">
     <span class='ocr_line' id='line_1_14' title="bbox 335 1092 1902 1172; baseline 0.003 -21"><span class='ocrx_word' id='word_1_79' title='bbox 335 1097 599 1164; x_wconf 78' lang='grc' dir='ltr'><strong><em>πείσειεν,</em></strong></span> <span class='ocrx_word' id='word_1_80' title='bbox 631 1097 707 1162; x_wconf 84' lang='grc' dir='ltr'>ὡς</span> <span class='ocrx_word' id='word_1_81' title='bbox 739 1092 940 1152; x_wconf 76' lang='grc' dir='ltr'>οἷόντε</span> <span class='ocrx_word' id='word_1_82' title='bbox 974 1099 1084 1169; x_wconf 73' lang='grc'><strong><em>(25)</em></strong></span> <span class='ocrx_word' id='word_1_83' title='bbox 1124 1098 1380 1155; x_wconf 85' lang='grc' dir='ltr'>τοσοῦτον</span> <span class='ocrx_word' id='word_1_84' title='bbox 1408 1100 1503 1153; x_wconf 76' lang='grc' dir='ltr'>καὶ</span> <span class='ocrx_word' id='word_1_85' title='bbox 1531 1103 1598 1171; x_wconf 76' lang='grc' dir='ltr'>τῇ</span> <span class='ocrx_word' id='word_1_86' title='bbox 1638 1103 1902 1172; x_wconf 83' lang='grc' dir='ltr'>φρονήσει</span> 
     </span>
    </p>
   </div>
   <div class='ocr_carea' id='block_1_14' title="bbox 337 1187 1904 1264">
    <p class='ocr_par' dir='ltr' id='par_1_14' title="bbox 337 1187 1904 1264">
     <span class='ocr_line' id='line_1_15' title="bbox 337 1187 1904 1264; baseline 0.002 -22"><span class='ocrx_word' id='word_1_87' title='bbox 337 1189 566 1252; x_wconf 75' lang='grc' dir='ltr'>καὶτοῖς</span> <span class='ocrx_word' id='word_1_88' title='bbox 590 1187 774 1258; x_wconf 75' lang='grc' dir='ltr'>ἔργοις</span> <span class='ocrx_word' id='word_1_89' title='bbox 791 1189 1111 1258; x_wconf 78' lang='grc' dir='ltr'>διενεγκεῖν,</span> <span class='ocrx_word' id='word_1_90' title='bbox 1140 1190 1206 1260; x_wconf 73' lang='grc' dir='ltr'>ἢν</span> <span class='ocrx_word' id='word_1_91' title='bbox 1235 1192 1309 1261; x_wconf 79' lang='grc' dir='ltr'>μή</span> <span class='ocrx_word' id='word_1_92' title='bbox 1338 1207 1424 1255; x_wconf 90' lang='grc' dir='ltr'><strong><em>τις</em></strong></span> <span class='ocrx_word' id='word_1_93' title='bbox 1454 1190 1565 1244; x_wconf 85' lang='grc' dir='ltr'><strong><em>τῶν</em></strong></span> <span class='ocrx_word' id='word_1_94' title='bbox 1605 1192 1703 1261; x_wconf 82' lang='grc' dir='ltr'><strong><em>μὲν</em></strong></span> <span class='ocrx_word' id='word_1_95' title='bbox 1727 1193 1904 1264; x_wconf 83' lang='grc' dir='ltr'>μαθη-</span> 
     </span>
    </p>
   </div>
   <div class='ocr_carea' id='block_1_15' title="bbox 194 1278 1903 1356">
    <p class='ocr_par' dir='ltr' id='par_1_15' title="bbox 194 1278 1903 1356">
     <span class='ocr_line' id='line_1_16' title="bbox 194 1278 1903 1356; baseline 0.004 -24"><span class='ocrx_word' id='word_1_96' title='bbox 194 1280 202 1287; x_wconf 87' lang='grc'><em>’</em></span> <span class='ocrx_word' id='word_1_97' title='bbox 255 1338 263 1345; x_wconf 91' lang='lat'>_</span> <span class='ocrx_word' id='word_1_98' title='bbox 335 1279 455 1350; x_wconf 82' lang='grc' dir='ltr'>τὴς,</span> <span class='ocrx_word' id='word_1_99' title='bbox 491 1278 601 1333; x_wconf 83' lang='grc' dir='ltr'><strong><em>τῶν</em></strong></span> <span class='ocrx_word' id='word_1_100' title='bbox 631 1279 688 1333; x_wconf 75' lang='grc' dir='ltr'>δὲ</span> <span class='ocrx_word' id='word_1_101' title='bbox 715 1280 1012 1350; x_wconf 82' lang='grc' dir='ltr'>ἀκροατὴς,</span> <span class='ocrx_word' id='word_1_102' title='bbox 1040 1280 1151 1335; x_wconf 86' lang='grc' dir='ltr'><strong><em>τῶν</em></strong></span> <span class='ocrx_word' id='word_1_103' title='bbox 1179 1281 1236 1334; x_wconf 85' lang='grc' dir='ltr'><strong><em>δὲ</em></strong></span> <span class='ocrx_word' id='word_1_104' title='bbox 1259 1281 1485 1352; x_wconf 78' lang='grc' dir='ltr'>εὑρετὴς</span> <span class='ocrx_word' id='word_1_105' title='bbox 1506 1283 1772 1356; x_wconf 80' lang='grc' dir='ltr'><strong><em>τυγχάνῃ.</em></strong></span> <span class='ocrx_word' id='word_1_106' title='bbox 1805 1285 1903 1339; x_wconf 77' lang='grc' dir='ltr'><strong><em>Διὰ</em></strong></span> 
     </span>
    </p>
   </div>
   <div class='ocr_carea' id='block_1_16' title="bbox 336 1367 1902 1445">
    <p class='ocr_par' dir='ltr' id='par_1_16' title="bbox 336 1367 1902 1445">
     <span class='ocr_line' id='line_1_17' title="bbox 336 1367 1902 1445; baseline 0 -21"><span class='ocrx_word' id='word_1_107' title='bbox 336 1370 511 1426; x_wconf 85' lang='grc' dir='ltr'>ταῦτα</span> <span class='ocrx_word' id='word_1_108' title='bbox 538 1371 636 1443; x_wconf 85' lang='grc' dir='ltr'><strong><em>μὲν</em></strong></span> <span class='ocrx_word' id='word_1_109' title='bbox 659 1367 752 1425; x_wconf 81' lang='grc' dir='ltr'><strong><em>οὖν</em></strong></span> <span class='ocrx_word' id='word_1_110' title='bbox 769 1373 1054 1426; x_wconf 78' lang='grc' dir='ltr'>ἐπέστειλα</span> <span class='ocrx_word' id='word_1_111' title='bbox 1074 1389 1088 1404; x_wconf 78' lang='grc'><strong>’</strong></span> <span class='ocrx_word' id='word_1_112' title='bbox 1112 1375 1159 1427; x_wconf 83' lang='grc' dir='ltr'>εἰ</span> <span class='ocrx_word' id='word_1_113' title='bbox 1186 1373 1243 1426; x_wconf 80' lang='grc' dir='ltr'>δὲ</span> <span class='ocrx_word' id='word_1_114' title='bbox 1271 1374 1902 1445; x_wconf 75' lang='grc' dir='ltr'>παρρησιαστικώτερον,</span> 
     </span>
    </p>
   </div>
   <div class='ocr_carea' id='block_1_17' title="bbox 338 1462 1903 1536">
    <p class='ocr_par' dir='ltr' id='par_1_17' title="bbox 338 1462 1903 1536">
     <span class='ocr_line' id='line_1_18' title="bbox 338 1462 1903 1536; baseline 0.002 -21"><span class='ocrx_word' id='word_1_115' title='bbox 338 1464 372 1533; x_wconf 75' lang='grc' dir='ltr'>ἢ</span> <span class='ocrx_word' id='word_1_116' title='bbox 405 1464 455 1516; x_wconf 79' lang='grc' dir='ltr'>οἱ</span> <span class='ocrx_word' id='word_1_117' title='bbox 486 1462 922 1535; x_wconf 86' lang='grc' dir='ltr'>πεπλησιακότες</span> <span class='ocrx_word' id='word_1_118' title='bbox 970 1464 1081 1534; x_wconf 69' lang='lat'><strong><em>(24)</em></strong></span> <span class='ocrx_word' id='word_1_119' title='bbox 1114 1481 1195 1517; x_wconf 91' lang='grc' dir='ltr'><strong><em>σοι</em></strong></span> <span class='ocrx_word' id='word_1_120' title='bbox 1235 1467 1432 1535; x_wconf 80' lang='grc' dir='ltr'>γράφω</span> <span class='ocrx_word' id='word_1_121' title='bbox 1458 1507 1472 1532; x_wconf 92' lang='grc'><strong><em>,</em></strong></span> <span class='ocrx_word' id='word_1_122' title='bbox 1510 1463 1585 1536; x_wconf 82' lang='grc' dir='ltr'>μὴ</span> <span class='ocrx_word' id='word_1_123' title='bbox 1616 1465 1702 1518; x_wconf 83' lang='grc' dir='ltr'>διὰ</span> <span class='ocrx_word' id='word_1_124' title='bbox 1743 1465 1903 1519; x_wconf 83' lang='grc' dir='ltr'>τοῦτο</span> 
     </span>
    </p>
   </div>
   <div class='ocr_carea' id='block_1_18' title="bbox 339 1554 1904 1626">
    <p class='ocr_par' dir='ltr' id='par_1_18' title="bbox 339 1554 1904 1626">
     <span class='ocr_line' id='line_1_19' title="bbox 339 1554 1904 1626; baseline 0.002 -20"><span class='ocrx_word' id='word_1_125' title='bbox 339 1554 645 1626; x_wconf 76' lang='grc' dir='ltr'>θορηὸηθῇς</span> <span class='ocrx_word' id='word_1_126' title='bbox 663 1571 678 1586; x_wconf 76' lang='grc' dir='ltr'><strong><em>ο</em></strong></span> <span class='ocrx_word' id='word_1_127' title='bbox 711 1554 848 1609; x_wconf 78' lang='grc' dir='ltr'>ἀλλὰ</span> <span class='ocrx_word' id='word_1_128' title='bbox 873 1555 939 1609; x_wconf 82' lang='grc' dir='ltr'>δι’</span> <span class='ocrx_word' id='word_1_129' title='bbox 968 1555 1098 1609; x_wconf 81' lang='grc' dir='ltr'>αὑτό</span> <span class='ocrx_word' id='word_1_130' title='bbox 1128 1572 1194 1626; x_wconf 88' lang='grc' dir='ltr'><strong><em>με</em></strong></span> <span class='ocrx_word' id='word_1_131' title='bbox 1221 1557 1379 1609; x_wconf 87' lang='grc' dir='ltr'>τοῦτο</span> <span class='ocrx_word' id='word_1_132' title='bbox 1406 1556 1662 1620; x_wconf 81' lang='grc' dir='ltr'>ἀπόδεξαι</span> <span class='ocrx_word' id='word_1_133' title='bbox 1686 1597 1702 1622; x_wconf 96' lang='grc'><strong><em>,</em></strong></span> <span class='ocrx_word' id='word_1_134' title='bbox 1732 1556 1812 1609; x_wconf 84' lang='grc' dir='ltr'><strong><em>ὅτι</em></strong></span> <span class='ocrx_word' id='word_1_135' title='bbox 1840 1556 1904 1609; x_wconf 76' lang='grc' dir='ltr'>τὸ</span> 
     </span>
    </p>
   </div>
   <div class='ocr_carea' id='block_1_19' title="bbox 338 1642 1902 1717">
    <p class='ocr_par' dir='ltr' id='par_1_19' title="bbox 338 1642 1902 1717">
     <span class='ocr_line' id='line_1_20' title="bbox 338 1642 1902 1717; baseline 0.003 -20"><span class='ocrx_word' id='word_1_136' title='bbox 338 1646 547 1714; x_wconf 80' lang='grc' dir='ltr'>πρέπον</span> <span class='ocrx_word' id='word_1_137' title='bbox 578 1646 698 1716; x_wconf 77' lang='grc' dir='ltr'>ἐμοὶ</span> <span class='ocrx_word' id='word_1_138' title='bbox 725 1646 830 1716; x_wconf 80' lang='grc' dir='ltr'><strong><em>πρὸ</em></strong></span> <span class='ocrx_word' id='word_1_139' title='bbox 853 1647 946 1699; x_wconf 89' lang='grc' dir='ltr'><strong><em>τοῦ</em></strong></span> <span class='ocrx_word' id='word_1_140' title='bbox 976 1647 1343 1717; x_wconf 77' lang='grc' dir='ltr'>συμφέροντος</span> <span class='ocrx_word' id='word_1_141' title='bbox 1370 1645 1696 1715; x_wconf 85' lang='grc' dir='ltr'>είλόμην.”0</span> <span class='ocrx_word' id='word_1_142' title='bbox 1726 1663 1778 1699; x_wconf 91' lang='grc' dir='ltr'><strong><em>τι</em></strong></span> <span class='ocrx_word' id='word_1_143' title='bbox 1807 1642 1902 1701; x_wconf 81' lang='grc' dir='ltr'><strong><em>οὖν</em></strong></span> 
     </span>
    </p>
   </div>
   <div class='ocr_carea' id='block_1_20' title="bbox 2080 738 3569 813">
    <p class='ocr_par' dir='ltr' id='par_1_20' title="bbox 2080 738 3569 813">
     <span class='ocr_line' id='line_1_21' title="bbox 2080 738 3569 813; baseline 0.004 -20"><span class='ocrx_word' id='word_1_144' title='bbox 2080 738 2191 794; x_wconf 96' lang='lat' dir='ltr'><strong><em>Etsi</em></strong></span> <span class='ocrx_word' id='word_1_145' title='bbox 2242 754 2430 796; x_wconf 89' lang='lat' dir='ltr'><strong><em>eorum</em></strong></span> <span class='ocrx_word' id='word_1_146' title='bbox 2498 743 2744 811; x_wconf 90' lang='lat' dir='ltr'><strong><em>quidam,</em></strong></span> <span class='ocrx_word' id='word_1_147' title='bbox 2794 743 2883 813; x_wconf 85' lang='lat' dir='ltr'><strong><em>qui</em></strong></span> <span class='ocrx_word' id='word_1_148' title='bbox 2949 751 3124 799; x_wconf 91' lang='lat' dir='ltr'><strong><em>tecum</em></strong></span> <span class='ocrx_word' id='word_1_149' title='bbox 3174 753 3297 799; x_wconf 89' lang='lat' dir='ltr'><strong><em>sunt</em></strong></span> <span class='ocrx_word' id='word_1_150' title='bbox 3346 745 3569 810; x_wconf 87' lang='lat' dir='ltr'><strong><em>versati,</em></strong></span> 
     </span>
    </p>
   </div>
   <div class='ocr_carea' id='block_1_21' title="bbox 2006 832 3572 905">
    <p class='ocr_par' dir='ltr' id='par_1_21' title="bbox 2006 832 3572 905">
     <span class='ocr_line' id='line_1_22' title="bbox 2006 832 3572 905; baseline 0.003 -19"><span class='ocrx_word' id='word_1_151' title='bbox 2006 832 2259 887; x_wconf 79' lang='lat' dir='ltr'><strong><em>dixerunt</em></strong></span> <span class='ocrx_word' id='word_1_152' title='bbox 2284 835 2460 903; x_wconf 89' lang='lat' dir='ltr'><strong><em>reipsa</em></strong></span> <span class='ocrx_word' id='word_1_153' title='bbox 2494 833 2632 888; x_wconf 90' lang='lat' dir='ltr'><strong><em>idem</em></strong></span> <span class='ocrx_word' id='word_1_154' title='bbox 2665 835 2903 905; x_wconf 77' lang='lat' dir='ltr'><strong><em>experti,</em></strong></span> <span class='ocrx_word' id='word_1_155' title='bbox 2924 834 3188 904; x_wconf 79' lang='lat' dir='ltr'><strong><em>restingui</em></strong></span> <span class='ocrx_word' id='word_1_156' title='bbox 3214 850 3391 890; x_wconf 91' lang='lat' dir='ltr'><strong><em>meum</em></strong></span> <span class='ocrx_word' id='word_1_157' title='bbox 3418 838 3484 890; x_wconf 88' lang='lat' dir='ltr'><strong><em>ad</em></strong></span> <span class='ocrx_word' id='word_1_158' title='bbox 3519 846 3572 891; x_wconf 84' lang='lat' dir='ltr'><strong><em>to</em></strong></span> 
     </span>
    </p>
   </div>
   <div class='ocr_carea' id='block_1_22' title="bbox 2004 915 3613 996">
    <p class='ocr_par' dir='ltr' id='par_1_22' title="bbox 2004 915 3613 996">
     <span class='ocr_line' id='line_1_23' title="bbox 2004 915 3613 996; baseline 0 -16"><span class='ocrx_word' id='word_1_159' title='bbox 2004 924 2275 980; x_wconf 76' lang='lat' dir='ltr'><strong><em>scribendi</em></strong></span> <span class='ocrx_word' id='word_1_160' title='bbox 2299 925 2581 995; x_wconf 83' lang='lat' dir='ltr'><strong><em>impetum,</em></strong></span> <span class='ocrx_word' id='word_1_161' title='bbox 2608 915 2751 995; x_wconf 87' lang='lat' dir='ltr'><strong><em>quod</em></strong></span> <span class='ocrx_word' id='word_1_162' title='bbox 2780 926 2948 981; x_wconf 90' lang='lat' dir='ltr'><strong><em>nimio</em></strong></span> <span class='ocrx_word' id='word_1_163' title='bbox 2969 935 3338 981; x_wconf 74' lang='lat' dir='ltr'><strong><em>assentatores</em></strong></span> <span class='ocrx_word' id='word_1_164' title='bbox 3368 927 3572 981; x_wconf 83' lang='lat' dir='ltr'><strong><em>honore</em></strong></span> <span class='ocrx_word' id='word_1_165' title='bbox 3610 992 3613 996; x_wconf 6' lang='grc' dir='ltr'><strong><em>γ</em></strong></span> 
     </span>
    </p>
   </div>
   <div class='ocr_carea' id='block_1_23' title="bbox 2004 1014 3567 1082">
    <p class='ocr_par' dir='ltr' id='par_1_23' title="bbox 2004 1014 3567 1082">
     <span class='ocr_line' id='line_1_24' title="bbox 2004 1014 3567 1082; baseline 0.002 -14"><span class='ocrx_word' id='word_1_166' title='bbox 2004 1014 2234 1082; x_wconf 85' lang='lat' dir='ltr'><strong><em>al&#39;ticias,</em></strong></span> <span class='ocrx_word' id='word_1_167' title='bbox 2269 1015 2556 1071; x_wconf 86' lang='lat' dir='ltr'><strong>consilium</strong></span> <span class='ocrx_word' id='word_1_168' title='bbox 2595 1031 2726 1072; x_wconf 89' lang='lat' dir='ltr'><strong><em>vero</em></strong></span> <span class='ocrx_word' id='word_1_169' title='bbox 2752 1032 2940 1073; x_wconf 89' lang='lat' dir='ltr'><strong><em>sanum</em></strong></span> <span class='ocrx_word' id='word_1_170' title='bbox 2975 1018 3167 1072; x_wconf 83' lang='lat' dir='ltr'><strong><em>dantes</em></strong></span> <span class='ocrx_word' id='word_1_171' title='bbox 3205 1028 3523 1073; x_wconf 86' lang='lat' dir='ltr'><strong><em>contemnas</em></strong></span> <span class='ocrx_word' id='word_1_172' title='bbox 3553 1037 3567 1071; x_wconf 89' lang='lat'>:</span> 
     </span>
    </p>
   </div>
   <div class='ocr_carea' id='block_1_24' title="bbox 2004 1099 3570 1176">
    <p class='ocr_par' dir='ltr' id='par_1_24' title="bbox 2004 1099 3570 1176">
     <span class='ocr_line' id='line_1_25' title="bbox 2004 1099 3570 1176; baseline 0.002 -19"><span class='ocrx_word' id='word_1_173' title='bbox 2004 1118 2165 1157; x_wconf 88' lang='lat' dir='ltr'><strong><em>nemo</em></strong></span> <span class='ocrx_word' id='word_1_174' title='bbox 2189 1114 2368 1159; x_wconf 91' lang='lat' dir='ltr'><strong><em>tamen</em></strong></span> <span class='ocrx_word' id='word_1_175' title='bbox 2405 1105 2535 1160; x_wconf 89' lang='lat' dir='ltr'><strong><em>mihi</em></strong></span> <span class='ocrx_word' id='word_1_176' title='bbox 2584 1104 2743 1161; x_wconf 80' lang='lat' dir='ltr'><strong><em>facile</em></strong></span> <span class='ocrx_word' id='word_1_177' title='bbox 2786 1099 3116 1176; x_wconf 85' lang='lat' dir='ltr'><strong><em>persuaserit</em></strong></span> <span class='ocrx_word' id='word_1_178' title='bbox 3145 1107 3266 1163; x_wconf 85' lang='lat' dir='ltr'><strong><em>illos</em></strong></span> <span class='ocrx_word' id='word_1_179' title='bbox 3297 1122 3454 1167; x_wconf 82' lang='lat' dir='ltr'><strong>posse</strong></span> <span class='ocrx_word' id='word_1_180' title='bbox 3488 1107 3570 1160; x_wconf 90' lang='lat' dir='ltr'><strong><em>vel</em></strong></span> 
     </span>
    </p>
   </div>
   <div class='ocr_carea' id='block_1_25' title="bbox 2003 1191 3571 1261">
    <p class='ocr_par' dir='ltr' id='par_1_25' title="bbox 2003 1191 3571 1261">
     <span class='ocr_line' id='line_1_26' title="bbox 2003 1191 3571 1261; baseline -0.002 -15"><span class='ocrx_word' id='word_1_181' title='bbox 2003 1192 2286 1260; x_wconf 84' lang='lat' dir='ltr'><strong><em>prudentia</em></strong></span> <span class='ocrx_word' id='word_1_182' title='bbox 2313 1191 2396 1246; x_wconf 90' lang='lat' dir='ltr'><strong><em>vel</em></strong></span> <span class='ocrx_word' id='word_1_183' title='bbox 2426 1192 2679 1261; x_wconf 85' lang='lat' dir='ltr'><strong><em>operibus</em></strong></span> <span class='ocrx_word' id='word_1_184' title='bbox 2704 1200 2916 1247; x_wconf 89' lang='lat' dir='ltr'><strong><em>tantum</em></strong></span> <span class='ocrx_word' id='word_1_185' title='bbox 2940 1193 3141 1259; x_wconf 88' lang='lat' dir='ltr'><strong><em>valere,</em></strong></span> <span class='ocrx_word' id='word_1_186' title='bbox 3167 1194 3267 1247; x_wconf 87' lang='lat' dir='ltr'><strong><em>nisi</em></strong></span> <span class='ocrx_word' id='word_1_187' title='bbox 3303 1192 3385 1245; x_wconf 85' lang='lat' dir='ltr'><strong><em>vel</em></strong></span> <span class='ocrx_word' id='word_1_188' title='bbox 3406 1192 3571 1245; x_wconf 86' lang='lat' dir='ltr'><strong><em>disci-</em></strong></span> 
     </span>
    </p>
   </div>
   <div class='ocr_carea' id='block_1_26' title="bbox 2002 1281 3567 1351">
    <p class='ocr_par' dir='ltr' id='par_1_26' title="bbox 2002 1281 3567 1351">
     <span class='ocr_line' id='line_1_27' title="bbox 2002 1281 3567 1351; baseline -0.001 -17"><span class='ocrx_word' id='word_1_189' title='bbox 2002 1282 2162 1351; x_wconf 89' lang='lat' dir='ltr'><strong><em>pulus</em></strong></span> <span class='ocrx_word' id='word_1_190' title='bbox 2196 1282 2282 1337; x_wconf 91' lang='lat' dir='ltr'><strong><em>vel</em></strong></span> <span class='ocrx_word' id='word_1_191' title='bbox 2310 1283 2548 1347; x_wconf 86' lang='lat' dir='ltr'><strong><em>auditor,</em></strong></span> <span class='ocrx_word' id='word_1_192' title='bbox 2579 1282 2663 1338; x_wconf 91' lang='lat' dir='ltr'><strong><em>vel</em></strong></span> <span class='ocrx_word' id='word_1_193' title='bbox 2694 1284 2925 1350; x_wconf 89' lang='lat' dir='ltr'><strong><em>denique</em></strong></span> <span class='ocrx_word' id='word_1_194' title='bbox 2953 1282 3200 1337; x_wconf 81' lang='lat' dir='ltr'><strong><em>inventor</em></strong></span> <span class='ocrx_word' id='word_1_195' title='bbox 3225 1282 3407 1337; x_wconf 82' lang='lat' dir='ltr'><strong><em>fuerit.</em></strong></span> <span class='ocrx_word' id='word_1_196' title='bbox 3434 1281 3567 1335; x_wconf 83' lang='lat' dir='ltr'><strong><em>Pro-</em></strong></span> 
     </span>
    </p>
   </div>
   <div class='ocr_carea' id='block_1_27' title="bbox 2008 1371 3566 1441">
    <p class='ocr_par' dir='ltr' id='par_1_27' title="bbox 2008 1371 3566 1441">
     <span class='ocr_line' id='line_1_28' title="bbox 2008 1371 3566 1441; baseline -0.001 -17"><span class='ocrx_word' id='word_1_197' title='bbox 2008 1381 2195 1441; x_wconf 87' lang='lat' dir='ltr'><strong><em>pterea</em></strong></span> <span class='ocrx_word' id='word_1_198' title='bbox 2222 1373 2337 1427; x_wconf 61' lang='lat' dir='ltr'><strong><em>haec</em></strong></span> <span class='ocrx_word' id='word_1_199' title='bbox 2372 1374 2437 1426; x_wconf 89' lang='lat' dir='ltr'><strong><em>ad</em></strong></span> <span class='ocrx_word' id='word_1_200' title='bbox 2469 1383 2520 1427; x_wconf 90' lang='lat' dir='ltr'><strong><em>te</em></strong></span> <span class='ocrx_word' id='word_1_201' title='bbox 2565 1373 2781 1441; x_wconf 86' lang='lat' dir='ltr'><strong><em>scripsi.</em></strong></span> <span class='ocrx_word' id='word_1_202' title='bbox 2836 1372 2992 1438; x_wconf 82' lang='lat' dir='ltr'><strong><em>Quod</em></strong></span> <span class='ocrx_word' id='word_1_203' title='bbox 3035 1371 3082 1426; x_wconf 89' lang='lat' dir='ltr'><strong><em>si</em></strong></span> <span class='ocrx_word' id='word_1_204' title='bbox 3126 1371 3346 1426; x_wconf 87' lang='lat' dir='ltr'><strong><em>liberius</em></strong></span> <span class='ocrx_word' id='word_1_205' title='bbox 3389 1371 3566 1438; x_wconf 88' lang='lat' dir='ltr'><strong><em>paulo,</em></strong></span> 
     </span>
    </p>
   </div>
   <div class='ocr_carea' id='block_1_28' title="bbox 2007 1460 3569 1531">
    <p class='ocr_par' dir='ltr' id='par_1_28' title="bbox 2007 1460 3569 1531">
     <span class='ocr_line' id='line_1_29' title="bbox 2007 1460 3569 1531; baseline 0.002 -20"><span class='ocrx_word' id='word_1_206' title='bbox 2007 1476 2169 1531; x_wconf 88' lang='lat' dir='ltr'><strong><em>quam</em></strong></span> <span class='ocrx_word' id='word_1_207' title='bbox 2213 1462 2289 1515; x_wconf 90' lang='lat' dir='ltr'><strong><em>tui</em></strong></span> <span class='ocrx_word' id='word_1_208' title='bbox 2326 1461 2621 1516; x_wconf 82' lang='lat' dir='ltr'><strong><em>familiares</em></strong></span> <span class='ocrx_word' id='word_1_209' title='bbox 2663 1460 2856 1527; x_wconf 88' lang='lat' dir='ltr'><strong><em>solent,</em></strong></span> <span class='ocrx_word' id='word_1_210' title='bbox 2894 1463 2961 1515; x_wconf 91' lang='lat' dir='ltr'><strong><em>ad</em></strong></span> <span class='ocrx_word' id='word_1_211' title='bbox 3020 1469 3071 1515; x_wconf 91' lang='lat' dir='ltr'><strong><em>te</em></strong></span> <span class='ocrx_word' id='word_1_212' title='bbox 3100 1462 3303 1526; x_wconf 88' lang='lat' dir='ltr'><strong><em>scribo,</em></strong></span> <span class='ocrx_word' id='word_1_213' title='bbox 3343 1476 3411 1514; x_wconf 91' lang='lat' dir='ltr'><strong><em>ne</em></strong></span> <span class='ocrx_word' id='word_1_214' title='bbox 3443 1474 3569 1528; x_wconf 83' lang='lat' dir='ltr'><strong><em>pro-</em></strong></span> 
     </span>
    </p>
   </div>
   <div class='ocr_carea' id='block_1_29' title="bbox 2005 1550 3566 1623">
    <p class='ocr_par' dir='ltr' id='par_1_29' title="bbox 2005 1550 3566 1623">
     <span class='ocr_line' id='line_1_30' title="bbox 2005 1550 3566 1623; baseline -0.002 -17"><span class='ocrx_word' id='word_1_215' title='bbox 2005 1563 2187 1623; x_wconf 87' lang='lat' dir='ltr'><strong><em>pterea</em></strong></span> <span class='ocrx_word' id='word_1_216' title='bbox 2213 1553 2468 1617; x_wconf 88' lang='lat' dir='ltr'><strong><em>turberis,</em></strong></span> <span class='ocrx_word' id='word_1_217' title='bbox 2493 1553 2586 1607; x_wconf 91' lang='lat' dir='ltr'><strong><em>sed</em></strong></span> <span class='ocrx_word' id='word_1_218' title='bbox 2623 1566 2689 1606; x_wconf 90' lang='lat' dir='ltr'><strong><em>eo</em></strong></span> <span class='ocrx_word' id='word_1_219' title='bbox 2710 1565 2795 1605; x_wconf 91' lang='lat' dir='ltr'><strong><em>me</em></strong></span> <span class='ocrx_word' id='word_1_220' title='bbox 2822 1551 3080 1619; x_wconf 88' lang='lat' dir='ltr'><strong><em>approba,</em></strong></span> <span class='ocrx_word' id='word_1_221' title='bbox 3109 1552 3251 1619; x_wconf 86' lang='lat' dir='ltr'><strong><em>quod</em></strong></span> <span class='ocrx_word' id='word_1_222' title='bbox 3283 1550 3566 1604; x_wconf 87' lang='lat' dir='ltr'><strong><em>honestum</em></strong></span> 
     </span>
    </p>
   </div>
   <div class='ocr_carea' id='block_1_30' title="bbox 2006 1641 3677 1711">
    <p class='ocr_par' dir='ltr' id='par_1_30' title="bbox 2006 1641 3677 1711">
     <span class='ocr_line' id='line_1_31' title="bbox 2006 1641 3677 1711; baseline -0.001 -14"><span class='ocrx_word' id='word_1_223' title='bbox 2006 1656 2099 1697; x_wconf 84' lang='lat' dir='ltr'><strong><em>seu</em></strong></span> <span class='ocrx_word' id='word_1_224' title='bbox 2135 1643 2389 1697; x_wconf 87' lang='lat' dir='ltr'><strong><em>decorum</em></strong></span> <span class='ocrx_word' id='word_1_225' title='bbox 2420 1642 2533 1698; x_wconf 86' lang='lat' dir='ltr'><strong><em>utili</em></strong></span> <span class='ocrx_word' id='word_1_226' title='bbox 2563 1658 2592 1696; x_wconf 89' lang='lat' dir='ltr'><strong><em>a</em></strong></span> <span class='ocrx_word' id='word_1_227' title='bbox 2618 1658 2704 1698; x_wconf 86' lang='lat' dir='ltr'><strong><em>me</em></strong></span> <span class='ocrx_word' id='word_1_228' title='bbox 2726 1642 2979 1711; x_wconf 84' lang='lat' dir='ltr'><strong><em>anteponi</em></strong></span> <span class='ocrx_word' id='word_1_229' title='bbox 3019 1641 3174 1698; x_wconf 89' lang='lat' dir='ltr'><strong><em>solet.</em></strong></span> <span class='ocrx_word' id='word_1_230' title='bbox 3199 1641 3349 1707; x_wconf 84' lang='lat' dir='ltr'><strong><em>Quod</em></strong></span> <span class='ocrx_word' id='word_1_231' title='bbox 3390 1642 3568 1710; x_wconf 83' lang='lat' dir='ltr'><strong><em>itaque</em></strong></span> <span class='ocrx_word' id='word_1_232' title='bbox 3667 1653 3677 1659; x_wconf 86' lang='lat'><strong><em>‘</em></strong></span> 
     </span>
    </p>
   </div>
   <div class='ocr_carea' id='block_1_31' title="bbox 340 1732 1931 1808">
    <p class='ocr_par' dir='ltr' id='par_1_31' title="bbox 340 1734 1931 1808">
     <span class='ocr_line' id='line_1_32' title="bbox 340 1734 1931 1808; baseline 0.004 -22"><span class='ocrx_word' id='word_1_233' title='bbox 340 1734 601 1804; x_wconf 79' lang='grc' dir='ltr'>βούλομαι</span> <span class='ocrx_word' id='word_1_234' title='bbox 641 1739 837 1799; x_wconf 77' lang='grc' dir='ltr'>εἰπεῖν,</span> <span class='ocrx_word' id='word_1_235' title='bbox 889 1736 1086 1789; x_wconf 85' lang='grc' dir='ltr'>αὐτίκα</span> <span class='ocrx_word' id='word_1_236' title='bbox 1136 1734 1280 1806; x_wconf 83' lang='grc' dir='ltr'>μάλα</span> <span class='ocrx_word' id='word_1_237' title='bbox 1323 1736 1638 1807; x_wconf 74' lang='grc' dir='ltr'>εἰρήσεταιο</span> <span class='ocrx_word' id='word_1_238' title='bbox 1686 1737 1747 1789; x_wconf 82' lang='grc' dir='ltr'><strong><em>οὐ</em></strong></span> <span class='ocrx_word' id='word_1_239' title='bbox 1792 1737 1931 1808; x_wconf 72' lang='grc' dir='ltr'>γὰρξ</span> 
     </span>
    </p>
   </div>
   <div class='ocr_carea' id='block_1_32' title="bbox 2011 1732 3569 1808">
    <p class='ocr_par' dir='ltr' id='par_1_32' title="bbox 2011 1732 3569 1804">
     <span class='ocr_line' id='line_1_33' title="bbox 2011 1732 3569 1804; baseline 0.001 -17"><span class='ocrx_word' id='word_1_240' title='bbox 2011 1747 2250 1788; x_wconf 74' lang='lat' dir='ltr'><strong><em>censeam</em></strong></span> <span class='ocrx_word' id='word_1_241' title='bbox 2286 1734 2592 1799; x_wconf 91' lang='lat' dir='ltr'><strong><em>dicendum,</em></strong></span> <span class='ocrx_word' id='word_1_242' title='bbox 2621 1735 2769 1789; x_wconf 84' lang='lat' dir='ltr'><strong><em>brevi</em></strong></span> <span class='ocrx_word' id='word_1_243' title='bbox 2810 1734 3115 1804; x_wconf 78' lang='lat' dir='ltr'><strong><em>expediam.</em></strong></span> <span class='ocrx_word' id='word_1_244' title='bbox 3137 1732 3254 1788; x_wconf 79' lang='lat' dir='ltr'><strong><em>Non</em></strong></span> <span class='ocrx_word' id='word_1_245' title='bbox 3282 1734 3422 1787; x_wconf 90' lang='lat' dir='ltr'><strong><em>enim</em></strong></span> <span class='ocrx_word' id='word_1_246' title='bbox 3450 1748 3569 1788; x_wconf 91' lang='lat' dir='ltr'><strong><em>ver-</em></strong></span> 
     </span>
    </p>
   </div>
   <div class='ocr_carea' id='block_1_33' title="bbox 340 1825 1903 1895">
    <p class='ocr_par' dir='ltr' id='par_1_33' title="bbox 340 1825 1903 1895">
     <span class='ocr_line' id='line_1_34' title="bbox 340 1825 1903 1895; baseline 0.001 -17"><span class='ocrx_word' id='word_1_247' title='bbox 340 1826 796 1895; x_wconf 83' lang='grc' dir='ltr'>προκατασκευῆς</span> <span class='ocrx_word' id='word_1_248' title='bbox 823 1825 1033 1878; x_wconf 88' lang='grc' dir='ltr'>δέονται</span> <span class='ocrx_word' id='word_1_249' title='bbox 1057 1826 1107 1877; x_wconf 83' lang='grc' dir='ltr'>οἱ</span> <span class='ocrx_word' id='word_1_250' title='bbox 1140 1826 1316 1894; x_wconf 78' lang='grc' dir='ltr'>σοφοὶ,</span> <span class='ocrx_word' id='word_1_251' title='bbox 1344 1826 1479 1879; x_wconf 81' lang='grc' dir='ltr'>ἀλλὰ</span> <span class='ocrx_word' id='word_1_252' title='bbox 1509 1826 1570 1878; x_wconf 81' lang='grc' dir='ltr'><strong><em>τὸ</em></strong></span> <span class='ocrx_word' id='word_1_253' title='bbox 1595 1825 1760 1878; x_wconf 77' lang='grc' dir='ltr'>καλὸν</span> <span class='ocrx_word' id='word_1_254' title='bbox 1787 1827 1903 1879; x_wconf 88' lang='grc' dir='ltr'>άτε-</span> 
     </span>
    </p>
   </div>
   <div class='ocr_carea' id='block_1_34' title="bbox 338 1913 1903 1987">
    <p class='ocr_par' dir='ltr' id='par_1_34' title="bbox 338 1913 1903 1987">
     <span class='ocr_line' id='line_1_35' title="bbox 338 1913 1903 1987; baseline 0.002 -22"><span class='ocrx_word' id='word_1_255' title='bbox 338 1914 479 1983; x_wconf 82' lang='grc' dir='ltr'>χνῶς</span> <span class='ocrx_word' id='word_1_256' title='bbox 523 1913 861 1984; x_wconf 82' lang='grc' dir='ltr'>ἐπιτηδεύειν</span> <span class='ocrx_word' id='word_1_257' title='bbox 888 1914 1163 1968; x_wconf 78' lang='grc' dir='ltr'>εἰώθασιν.</span> <span class='ocrx_word' id='word_1_258' title='bbox 1196 1915 1257 1967; x_wconf 79' lang='lat' dir='ltr'><strong><em>El</em></strong></span> <span class='ocrx_word' id='word_1_259' title='bbox 1288 1915 1389 1985; x_wconf 83' lang='grc' dir='ltr'>τὴν</span> <span class='ocrx_word' id='word_1_260' title='bbox 1425 1916 1627 1987; x_wconf 82' lang='grc' dir='ltr'>ἀρετὴν</span> <span class='ocrx_word' id='word_1_261' title='bbox 1673 1915 1865 1979; x_wconf 83' lang='grc' dir='ltr'>ἀσκεῖς</span> <span class='ocrx_word' id='word_1_262' title='bbox 1886 1955 1903 1983; x_wconf 87' lang='grc'><strong><em>,</em></strong></span> 
     </span>
    </p>
   </div>
   <div class='ocr_carea' id='block_1_35' title="bbox 344 2000 1898 2076">
    <p class='ocr_par' dir='ltr' id='par_1_35' title="bbox 344 2000 1898 2076">
     <span class='ocr_line' id='line_1_36' title="bbox 344 2000 1898 2076; baseline -0.002 -15"><span class='ocrx_word' id='word_1_263' title='bbox 344 2006 419 2076; x_wconf 79' lang='grc' dir='ltr'>μὴ</span> <span class='ocrx_word' id='word_1_264' title='bbox 454 2004 532 2075; x_wconf 82' lang='grc' dir='ltr'>τῷ</span> <span class='ocrx_word' id='word_1_265' title='bbox 577 2005 979 2058; x_wconf 77' lang='grc' dir='ltr'>ἐπιδείκνυσθαι</span> <span class='ocrx_word' id='word_1_266' title='bbox 1024 2004 1307 2075; x_wconf 81' lang='grc' dir='ltr'>ἀμαυροῦν</span> <span class='ocrx_word' id='word_1_267' title='bbox 1347 2005 1411 2058; x_wconf 85' lang='grc' dir='ltr'><strong><em>τὸ</em></strong></span> <span class='ocrx_word' id='word_1_268' title='bbox 1454 2000 1657 2074; x_wconf 84' lang='grc' dir='ltr'>ταύτης</span> <span class='ocrx_word' id='word_1_269' title='bbox 1705 2006 1898 2070; x_wconf 79' lang='grc' dir='ltr'>κάλλος</span> 
     </span>
    </p>
   </div>
   <div class='ocr_carea' id='block_1_36' title="bbox 342 2094 1907 2168">
    <p class='ocr_par' dir='ltr' id='par_1_36' title="bbox 342 2094 1907 2168">
     <span class='ocr_line' id='line_1_37' title="bbox 342 2094 1907 2168; baseline 0.003 -23"><span class='ocrx_word' id='word_1_270' title='bbox 342 2096 555 2165; x_wconf 78' lang='grc' dir='ltr'>ἀνέχου.</span> <span class='ocrx_word' id='word_1_271' title='bbox 588 2095 747 2162; x_wconf 83' lang='grc' dir='ltr'>Μέγα</span> <span class='ocrx_word' id='word_1_272' title='bbox 783 2095 882 2165; x_wconf 80' lang='grc' dir='ltr'>μὲν</span> <span class='ocrx_word' id='word_1_273' title='bbox 915 2095 1022 2165; x_wconf 83' lang='grc' dir='ltr'>γὰρ</span> <span class='ocrx_word' id='word_1_274' title='bbox 1065 2094 1261 2165; x_wconf 78' lang='grc' dir='ltr'>ἀρετὴ,</span> <span class='ocrx_word' id='word_1_275' title='bbox 1309 2094 1424 2148; x_wconf 84' lang='grc' dir='ltr'>ἀλλ’</span> <span class='ocrx_word' id='word_1_276' title='bbox 1454 2095 1584 2149; x_wconf 85' lang='grc' dir='ltr'>ὅταν</span> <span class='ocrx_word' id='word_1_277' title='bbox 1611 2096 1777 2167; x_wconf 78' lang='grc' dir='ltr'>ἑαυτῇ</span> <span class='ocrx_word' id='word_1_278' title='bbox 1830 2096 1907 2168; x_wconf 80' lang='grc' dir='ltr'>μὴ</span> 
     </span>
    </p>
   </div>
   <div class='ocr_carea' id='block_1_37' title="bbox 347 2186 1909 2259">
    <p class='ocr_par' dir='ltr' id='par_1_37' title="bbox 347 2186 1909 2259">
     <span class='ocr_line' id='line_1_38' title="bbox 347 2186 1909 2259; baseline 0.001 -19"><span class='ocrx_word' id='word_1_279' title='bbox 347 2190 619 2259; x_wconf 79' lang='grc' dir='ltr'>μαρτυρῇ,</span> <span class='ocrx_word' id='word_1_280' title='bbox 679 2186 883 2258; x_wconf 80' lang='grc' dir='ltr'>μείζων</span> <span class='ocrx_word' id='word_1_281' title='bbox 939 2186 1032 2240; x_wconf 77' lang='grc' dir='ltr'>καὶ</span> <span class='ocrx_word' id='word_1_282' title='bbox 1081 2186 1387 2258; x_wconf 83' lang='grc' dir='ltr'>ὠραιοτέρα</span> <span class='ocrx_word' id='word_1_283' title='bbox 1442 2189 1553 2251; x_wconf 84' lang='grc' dir='ltr'>τοίς</span> <span class='ocrx_word' id='word_1_284' title='bbox 1600 2186 1909 2259; x_wconf 82' lang='grc' dir='ltr'>ἀνθρώποις</span> 
     </span>
    </p>
   </div>
   <div class='ocr_carea' id='block_1_38' title="bbox 342 2274 1908 2347">
    <p class='ocr_par' dir='ltr' id='par_1_38' title="bbox 342 2274 1908 2347">
     <span class='ocr_line' id='line_1_39' title="bbox 342 2274 1908 2347; baseline 0.001 -18"><span class='ocrx_word' id='word_1_285' title='bbox 342 2276 613 2330; x_wconf 72' lang='grc' dir='ltr'>δείκνυται</span> <span class='ocrx_word' id='word_1_286' title='bbox 642 2276 775 2346; x_wconf 71' lang='grc'><strong><em>(25).</em></strong></span> <span class='ocrx_word' id='word_1_287' title='bbox 813 2277 874 2329; x_wconf 82' lang='lat' dir='ltr'><strong><em>Ei</em></strong></span> <span class='ocrx_word' id='word_1_288' title='bbox 901 2275 960 2329; x_wconf 82' lang='grc' dir='ltr'>δὲ</span> <span class='ocrx_word' id='word_1_289' title='bbox 987 2275 1227 2345; x_wconf 75' lang='grc' dir='ltr'>νομίζεις</span> <span class='ocrx_word' id='word_1_290' title='bbox 1270 2274 1547 2345; x_wconf 84' lang='grc' dir='ltr'>λήσεσθαι,</span> <span class='ocrx_word' id='word_1_291' title='bbox 1590 2277 1638 2329; x_wconf 82' lang='grc' dir='ltr'><strong><em>εί</em></strong></span> <span class='ocrx_word' id='word_1_292' title='bbox 1680 2276 1755 2347; x_wconf 85' lang='grc' dir='ltr'>μὴ</span> <span class='ocrx_word' id='word_1_293' title='bbox 1785 2279 1908 2331; x_wconf 79' lang='grc' dir='ltr'>ἑπι-</span> 
     </span>
    </p>
   </div>
   <div class='ocr_carea' id='block_1_39' title="bbox 341 2365 1907 2437">
    <p class='ocr_par' dir='ltr' id='par_1_39' title="bbox 341 2365 1907 2437">
     <span class='ocr_line' id='line_1_40' title="bbox 341 2365 1907 2437; baseline 0.001 -16"><span class='ocrx_word' id='word_1_294' title='bbox 341 2368 541 2431; x_wconf 82' lang='grc' dir='ltr'>δείξαιο</span> <span class='ocrx_word' id='word_1_295' title='bbox 563 2410 578 2433; x_wconf 88' lang='grc'><strong><em>,</em></strong></span> <span class='ocrx_word' id='word_1_296' title='bbox 628 2365 934 2421; x_wconf 76' lang='grc' dir='ltr'>τούναντίον</span> <span class='ocrx_word' id='word_1_297' title='bbox 980 2366 1189 2436; x_wconf 75' lang='grc' dir='ltr'>νόμιζε,</span> <span class='ocrx_word' id='word_1_298' title='bbox 1226 2366 1307 2419; x_wconf 86' lang='grc' dir='ltr'>ὅτι</span> <span class='ocrx_word' id='word_1_299' title='bbox 1333 2366 1455 2420; x_wconf 88' lang='grc' dir='ltr'>τότε</span> <span class='ocrx_word' id='word_1_300' title='bbox 1482 2366 1741 2437; x_wconf 81' lang='grc' dir='ltr'>λάμψεις,</span> <span class='ocrx_word' id='word_1_301' title='bbox 1775 2370 1907 2424; x_wconf 82' lang='grc' dir='ltr'>ὅταν</span> 
     </span>
    </p>
   </div>
   <div class='ocr_carea' id='block_1_40' title="bbox 345 2456 1908 2531">
    <p class='ocr_par' dir='ltr' id='par_1_40' title="bbox 345 2456 1908 2531">
     <span class='ocr_line' id='line_1_41' title="bbox 345 2456 1908 2531; baseline -0.001 -19"><span class='ocrx_word' id='word_1_302' title='bbox 345 2458 420 2529; x_wconf 77' lang='grc' dir='ltr'>μὴ</span> <span class='ocrx_word' id='word_1_303' title='bbox 468 2457 775 2522; x_wconf 75' lang='grc' dir='ltr'>ἐπιδείξαιο.</span> <span class='ocrx_word' id='word_1_304' title='bbox 838 2456 1140 2511; x_wconf 80' lang='grc' dir='ltr'>Φιλόνεικον</span> <span class='ocrx_word' id='word_1_305' title='bbox 1189 2457 1299 2527; x_wconf 88' lang='grc' dir='ltr'><strong><em>γάρ</em></strong></span> <span class='ocrx_word' id='word_1_306' title='bbox 1357 2473 1491 2520; x_wconf 86' lang='grc' dir='ltr'>πως</span> <span class='ocrx_word' id='word_1_307' title='bbox 1520 2456 1580 2509; x_wconf 83' lang='grc' dir='ltr'>τὸ</span> <span class='ocrx_word' id='word_1_308' title='bbox 1630 2456 1740 2531; x_wconf 82' lang='grc' dir='ltr'><strong><em>τῶν</em></strong></span> <span class='ocrx_word' id='word_1_309' title='bbox 1809 2458 1908 2512; x_wconf 83' lang='grc' dir='ltr'>ἁν-</span> 
     </span>
    </p>
   </div>
   <div class='ocr_carea' id='block_1_41' title="bbox 343 2546 1910 2619">
    <p class='ocr_par' dir='ltr' id='par_1_41' title="bbox 343 2546 1910 2619">
     <span class='ocr_line' id='line_1_42' title="bbox 343 2546 1910 2619; baseline -0.001 -17"><span class='ocrx_word' id='word_1_310' title='bbox 343 2549 577 2619; x_wconf 86' lang='grc' dir='ltr'>θρὼπων</span> <span class='ocrx_word' id='word_1_311' title='bbox 636 2549 790 2617; x_wconf 90' lang='grc' dir='ltr'>γένος</span> <span class='ocrx_word' id='word_1_312' title='bbox 836 2547 977 2600; x_wconf 74' lang='grc' dir='ltr'>ἐστί’</span> <span class='ocrx_word' id='word_1_313' title='bbox 1020 2546 1116 2600; x_wconf 73' lang='grc' dir='ltr'><strong><em>καὶ</em></strong></span> <span class='ocrx_word' id='word_1_314' title='bbox 1160 2546 1294 2617; x_wconf 81' lang='grc' dir='ltr'>πρὸς</span> <span class='ocrx_word' id='word_1_315' title='bbox 1331 2546 1427 2617; x_wconf 81' lang='grc' dir='ltr'><strong><em>μὲν</em></strong></span> <span class='ocrx_word' id='word_1_316' title='bbox 1463 2548 1589 2610; x_wconf 83' lang='grc' dir='ltr'>τοὺς</span> <span class='ocrx_word' id='word_1_317' title='bbox 1638 2548 1910 2619; x_wconf 87' lang='grc' dir='ltr'>μεγαλαυ-</span> 
     </span>
    </p>
   </div>
   <div class='ocr_carea' id='block_1_42' title="bbox 340 2636 1908 2713">
    <p class='ocr_par' dir='ltr' id='par_1_42' title="bbox 340 2636 1908 2713">
     <span class='ocr_line' id='line_1_43' title="bbox 340 2636 1908 2713; baseline -0.002 -19"><span class='ocrx_word' id='word_1_318' title='bbox 340 2641 570 2713; x_wconf 85' lang='grc' dir='ltr'>χοῦντας</span> <span class='ocrx_word' id='word_1_319' title='bbox 603 2639 1111 2709; x_wconf 80' lang='grc' dir='ltr'>ἀντιστρατεύεται.,</span> <span class='ocrx_word' id='word_1_320' title='bbox 1162 2640 1274 2699; x_wconf 83' lang='grc' dir='ltr'>τοῖς</span> <span class='ocrx_word' id='word_1_321' title='bbox 1326 2637 1385 2691; x_wconf 85' lang='grc' dir='ltr'>δὲ</span> <span class='ocrx_word' id='word_1_322' title='bbox 1437 2636 1724 2691; x_wconf 85' lang='grc' dir='ltr'>ταπεινοῦν</span> <span class='ocrx_word' id='word_1_323' title='bbox 1779 2639 1908 2691; x_wconf 74' lang='grc' dir='ltr'>ἑαυο</span> 
     </span>
    </p>
   </div>
   <div class='ocr_carea' id='block_1_43' title="bbox 343 2727 1915 2799">
    <p class='ocr_par' dir='ltr' id='par_1_43' title="bbox 343 2727 1915 2799">
     <span class='ocr_line' id='line_1_44' title="bbox 343 2727 1915 2799; baseline -0.004 -11"><span class='ocrx_word' id='word_1_324' title='bbox 343 2734 468 2797; x_wconf 83' lang='grc' dir='ltr'>τοὺς</span> <span class='ocrx_word' id='word_1_325' title='bbox 525 2731 882 2795; x_wconf 78' lang='grc' dir='ltr'>σπουδάζουσι</span> <span class='ocrx_word' id='word_1_326' title='bbox 961 2727 1078 2799; x_wconf 81' lang='grc' dir='ltr'>μεθ’</span> <span class='ocrx_word' id='word_1_327' title='bbox 1135 2728 1329 2799; x_wconf 79' lang='grc' dir='ltr'>ἡδονῆς</span> <span class='ocrx_word' id='word_1_328' title='bbox 1402 2729 1669 2798; x_wconf 77' lang='grc' dir='ltr'>ἡττᾶται·</span> <span class='ocrx_word' id='word_1_329' title='bbox 1730 2730 1915 2782; x_wconf 79' lang='grc' dir='ltr'>κάκεί-</span> 
     </span>
    </p>
   </div>
   <div class='ocr_carea' id='block_1_44' title="bbox 343 2821 1912 2895">
    <p class='ocr_par' dir='ltr' id='par_1_44' title="bbox 343 2821 1912 2895">
     <span class='ocr_line' id='line_1_45' title="bbox 343 2821 1912 2895; baseline -0.003 -15"><span class='ocrx_word' id='word_1_330' title='bbox 343 2843 454 2890; x_wconf 81' lang='grc' dir='ltr'>νοις</span> <span class='ocrx_word' id='word_1_331' title='bbox 512 2824 611 2895; x_wconf 83' lang='grc' dir='ltr'><strong><em>μὲν</em></strong></span> <span class='ocrx_word' id='word_1_332' title='bbox 650 2824 972 2879; x_wconf 85' lang='grc' dir='ltr'>ἀναστέλλον</span> <span class='ocrx_word' id='word_1_333' title='bbox 1020 2823 1199 2879; x_wconf 84' lang='grc' dir='ltr'>αὐτῶν</span> <span class='ocrx_word' id='word_1_334' title='bbox 1253 2822 1316 2876; x_wconf 81' lang='grc' dir='ltr'><strong><em>τὸ</em></strong></span> <span class='ocrx_word' id='word_1_335' title='bbox 1358 2821 1661 2891; x_wconf 82' lang='grc' dir='ltr'>φιλότιμον,</span> <span class='ocrx_word' id='word_1_336' title='bbox 1718 2822 1912 2875; x_wconf 75' lang='grc' dir='ltr'>καὶτὰ</span> 
     </span>
    </p>
   </div>
   <div class='ocr_carea' id='block_1_45' title="bbox 347 2912 1911 2988">
    <p class='ocr_par' dir='ltr' id='par_1_45' title="bbox 347 2912 1911 2988">
     <span class='ocr_line' id='line_1_46' title="bbox 347 2912 1911 2988; baseline -0.004 -18"><span class='ocrx_word' id='word_1_337' title='bbox 347 2917 422 2988; x_wconf 76' lang='grc' dir='ltr'>μὴ</span> <span class='ocrx_word' id='word_1_338' title='bbox 474 2915 743 2987; x_wconf 85' lang='grc' dir='ltr'>προσόντα</span> <span class='ocrx_word' id='word_1_339' title='bbox 795 2914 1180 2986; x_wconf 78' lang='grc' dir='ltr'>προστρίϐεται</span> <span class='ocrx_word' id='word_1_340' title='bbox 1230 2913 1414 2967; x_wconf 83' lang='grc' dir='ltr'>κακά·</span> <span class='ocrx_word' id='word_1_341' title='bbox 1464 2912 1675 2974; x_wconf 84' lang='grc' dir='ltr'>τούτοις</span> <span class='ocrx_word' id='word_1_342' title='bbox 1719 2912 1775 2965; x_wconf 80' lang='grc' dir='ltr'>δὲ</span> <span class='ocrx_word' id='word_1_343' title='bbox 1818 2912 1911 2965; x_wconf 81' lang='grc' dir='ltr'>καὶ</span> 
     </span>
    </p>
   </div>
   <div class='ocr_carea' id='block_1_46' title="bbox 2007 1821 3566 1895">
    <p class='ocr_par' dir='ltr' id='par_1_46' title="bbox 2007 1821 3566 1895">
     <span class='ocr_line' id='line_1_47' title="bbox 2007 1821 3566 1895; baseline 0 -18"><span class='ocrx_word' id='word_1_344' title='bbox 2007 1821 2197 1877; x_wconf 88' lang='lat' dir='ltr'><strong><em>borum</em></strong></span> <span class='ocrx_word' id='word_1_345' title='bbox 2238 1821 2510 1894; x_wconf 83' lang='lat' dir='ltr'><strong><em>sapientes</em></strong></span> <span class='ocrx_word' id='word_1_346' title='bbox 2540 1825 2779 1895; x_wconf 84' lang='lat' dir='ltr'><strong><em>indigent</em></strong></span> <span class='ocrx_word' id='word_1_347' title='bbox 2822 1834 3110 1895; x_wconf 89' lang='lat' dir='ltr'><strong><em>apparatu,</em></strong></span> <span class='ocrx_word' id='word_1_348' title='bbox 3145 1825 3239 1878; x_wconf 91' lang='lat' dir='ltr'><strong><em>sed</em></strong></span> <span class='ocrx_word' id='word_1_349' title='bbox 3284 1824 3566 1878; x_wconf 88' lang='lat' dir='ltr'><strong><em>honestum</em></strong></span> 
     </span>
    </p>
   </div>
   <div class='ocr_carea' id='block_1_47' title="bbox 2010 1913 3633 1986">
    <p class='ocr_par' dir='ltr' id='par_1_47' title="bbox 2010 1913 3633 1986">
     <span class='ocr_line' id='line_1_48' title="bbox 2010 1913 3633 1986; baseline 0 -19"><span class='ocrx_word' id='word_1_350' title='bbox 2010 1914 2130 1968; x_wconf 85' lang='lat' dir='ltr'><strong><em>sine</em></strong></span> <span class='ocrx_word' id='word_1_351' title='bbox 2169 1913 2293 1968; x_wconf 83' lang='lat' dir='ltr'><strong><em>fuco</em></strong></span> <span class='ocrx_word' id='word_1_352' title='bbox 2322 1918 2628 1970; x_wconf 72' lang='lat' dir='ltr'><strong><em>consecmri</em></strong></span> <span class='ocrx_word' id='word_1_353' title='bbox 2659 1924 3073 1971; x_wconf 87' lang='lat' dir='ltr'><strong><em>consueverunt.</em></strong></span> <span class='ocrx_word' id='word_1_354' title='bbox 3118 1915 3278 1986; x_wconf 80' lang='lat'><strong><em>605</em></strong></span> <span class='ocrx_word' id='word_1_355' title='bbox 3310 1915 3366 1970; x_wconf 90' lang='lat' dir='ltr'><strong><em>Si</em></strong></span> <span class='ocrx_word' id='word_1_356' title='bbox 3398 1916 3570 1968; x_wconf 86' lang='lat' dir='ltr'><strong><em>virtu-</em></strong></span> <span class='ocrx_word' id='word_1_357' title='bbox 3629 1914 3633 1917; x_wconf 86' lang='grc'><strong>’</strong></span> 
     </span>
    </p>
   </div>
   <div class='ocr_carea' id='block_1_48' title="bbox 2013 2006 3571 2076">
    <p class='ocr_par' dir='ltr' id='par_1_48' title="bbox 2013 2006 3571 2076">
     <span class='ocr_line' id='line_1_49' title="bbox 2013 2006 3571 2076; baseline 0.001 -19"><span class='ocrx_word' id='word_1_358' title='bbox 2013 2014 2117 2058; x_wconf 89' lang='lat' dir='ltr'><strong><em>tem</em></strong></span> <span class='ocrx_word' id='word_1_359' title='bbox 2141 2019 2380 2069; x_wconf 80' lang='lat' dir='ltr'><strong><em>exerces,</em></strong></span> <span class='ocrx_word' id='word_1_360' title='bbox 2408 2020 2474 2060; x_wconf 86' lang='lat' dir='ltr'><strong><em>ne</em></strong></span> <span class='ocrx_word' id='word_1_361' title='bbox 2495 2006 2610 2076; x_wconf 74' lang='lat' dir='ltr'><strong><em>ejus</em></strong></span> <span class='ocrx_word' id='word_1_362' title='bbox 2631 2007 2902 2061; x_wconf 85' lang='lat' dir='ltr'><strong><em>obscurari</em></strong></span> <span class='ocrx_word' id='word_1_363' title='bbox 2925 2006 3080 2075; x_wconf 87' lang='lat' dir='ltr'><strong><em>puleh</em></strong></span> <span class='ocrx_word' id='word_1_364' title='bbox 3090 2008 3373 2061; x_wconf 85' lang='lat' dir='ltr'><strong><em>ritudinem</em></strong></span> <span class='ocrx_word' id='word_1_365' title='bbox 3390 2016 3571 2061; x_wconf 90' lang='lat' dir='ltr'><strong><em>osten-</em></strong></span> 
     </span>
    </p>
   </div>
   <div class='ocr_carea' id='block_1_49' title="bbox 2011 2096 3567 2168">
    <p class='ocr_par' dir='ltr' id='par_1_49' title="bbox 2011 2096 3567 2168">
     <span class='ocr_line' id='line_1_50' title="bbox 2011 2096 3567 2168; baseline 0.001 -20"><span class='ocrx_word' id='word_1_366' title='bbox 2011 2096 2213 2150; x_wconf 85' lang='lat' dir='ltr'><strong><em>tatione</em></strong></span> <span class='ocrx_word' id='word_1_367' title='bbox 2261 2096 2553 2151; x_wconf 86' lang='lat' dir='ltr'><strong><em>sustineas.</em></strong></span> <span class='ocrx_word' id='word_1_368' title='bbox 2605 2096 2791 2168; x_wconf 82' lang='lat' dir='ltr'><strong><em>Magna</em></strong></span> <span class='ocrx_word' id='word_1_369' title='bbox 2851 2098 3068 2167; x_wconf 84' lang='lat' dir='ltr'><strong><em>quidem</em></strong></span> <span class='ocrx_word' id='word_1_370' title='bbox 3101 2113 3191 2152; x_wconf 88' lang='lat' dir='ltr'><strong><em>res</em></strong></span> <span class='ocrx_word' id='word_1_371' title='bbox 3243 2097 3417 2151; x_wconf 89' lang='lat' dir='ltr'><strong><em>virtus</em></strong></span> <span class='ocrx_word' id='word_1_372' title='bbox 3462 2106 3567 2160; x_wconf 88' lang='lat' dir='ltr'><strong><em>est,</em></strong></span> 
     </span>
    </p>
   </div>
   <div class='ocr_carea' id='block_1_50' title="bbox 2009 2186 3571 2257">
    <p class='ocr_par' dir='ltr' id='par_1_50' title="bbox 2009 2186 3571 2257">
     <span class='ocr_line' id='line_1_51' title="bbox 2009 2186 3571 2257; baseline 0.001 -17"><span class='ocrx_word' id='word_1_373' title='bbox 2009 2188 2104 2240; x_wconf 89' lang='lat' dir='ltr'><strong><em>sed</em></strong></span> <span class='ocrx_word' id='word_1_374' title='bbox 2133 2188 2347 2255; x_wconf 79' lang='lat' dir='ltr'><strong><em>quando</em></strong></span> <span class='ocrx_word' id='word_1_375' title='bbox 2376 2186 2479 2241; x_wconf 77' lang='lat' dir='ltr'><strong><em>sibi</em></strong></span> <span class='ocrx_word' id='word_1_376' title='bbox 2504 2188 2715 2242; x_wconf 83' lang='lat' dir='ltr'><strong><em>laudem</em></strong></span> <span class='ocrx_word' id='word_1_377' title='bbox 2755 2202 2862 2242; x_wconf 88' lang='lat' dir='ltr'><strong><em>non</em></strong></span> <span class='ocrx_word' id='word_1_378' title='bbox 2886 2188 3191 2257; x_wconf 86' lang='lat' dir='ltr'><strong><em>impertitur</em></strong></span> <span class='ocrx_word' id='word_1_379' title='bbox 3226 2188 3362 2257; x_wconf 90' lang='lat' dir='ltr'><strong><em>ipsa,</em></strong></span> <span class='ocrx_word' id='word_1_380' title='bbox 3396 2186 3571 2257; x_wconf 86' lang='lat' dir='ltr'><strong><em>major</em></strong></span> 
     </span>
    </p>
   </div>
   <div class='ocr_carea' id='block_1_51' title="bbox 2014 2276 3569 2346">
    <p class='ocr_par' dir='ltr' id='par_1_51' title="bbox 2014 2276 3569 2346">
     <span class='ocr_line' id='line_1_52' title="bbox 2014 2276 3569 2346; baseline 0.001 -15"><span class='ocrx_word' id='word_1_381' title='bbox 2014 2282 2070 2331; x_wconf 77' lang='grc' dir='ltr'><strong><em>ει</em></strong></span> <span class='ocrx_word' id='word_1_382' title='bbox 2104 2276 2385 2331; x_wconf 80' lang='lat' dir='ltr'><strong><em>venustior</em></strong></span> <span class='ocrx_word' id='word_1_383' title='bbox 2442 2287 2666 2345; x_wconf 88' lang='lat' dir='ltr'><strong><em>apparet</em></strong></span> <span class='ocrx_word' id='word_1_384' title='bbox 2712 2277 3039 2332; x_wconf 80' lang='lat' dir='ltr'><strong><em>hominibus.</em></strong></span> <span class='ocrx_word' id='word_1_385' title='bbox 3114 2276 3171 2332; x_wconf 92' lang='lat' dir='ltr'><strong><em>Si</em></strong></span> <span class='ocrx_word' id='word_1_386' title='bbox 3221 2292 3351 2331; x_wconf 88' lang='lat' dir='ltr'><strong><em>vero</em></strong></span> <span class='ocrx_word' id='word_1_387' title='bbox 3413 2286 3569 2346; x_wconf 89' lang='lat' dir='ltr'><strong><em>putas</em></strong></span> 
     </span>
    </p>
   </div>
   <div class='ocr_carea' id='block_1_52' title="bbox 2006 2362 3569 2435">
    <p class='ocr_par' dir='ltr' id='par_1_52' title="bbox 2006 2362 3569 2435">
     <span class='ocr_line' id='line_1_53' title="bbox 2006 2362 3569 2435; baseline -0.001 -14"><span class='ocrx_word' id='word_1_388' title='bbox 2006 2366 2273 2421; x_wconf 87' lang='lat' dir='ltr'><strong><em>occultam</em></strong></span> <span class='ocrx_word' id='word_1_389' title='bbox 2316 2368 2452 2430; x_wconf 83' lang='lat' dir='ltr'><strong><em>fore,</em></strong></span> <span class='ocrx_word' id='word_1_390' title='bbox 2486 2365 2589 2420; x_wconf 87' lang='lat' dir='ltr'><strong><em>nisi</em></strong></span> <span class='ocrx_word' id='word_1_391' title='bbox 2619 2374 2938 2431; x_wconf 87' lang='lat' dir='ltr'><strong><em>ostentetur,</em></strong></span> <span class='ocrx_word' id='word_1_392' title='bbox 2963 2362 3291 2421; x_wconf 79' lang='lat' dir='ltr'><strong><em>contrarium</em></strong></span> <span class='ocrx_word' id='word_1_393' title='bbox 3321 2366 3415 2419; x_wconf 90' lang='lat' dir='ltr'><strong><em>tibi</em></strong></span> <span class='ocrx_word' id='word_1_394' title='bbox 3445 2381 3569 2435; x_wconf 86' lang='lat' dir='ltr'><strong><em>per-</em></strong></span> 
     </span>
    </p>
   </div>
   <div class='ocr_carea' id='block_1_53' title="bbox 2008 2457 3571 2526">
    <p class='ocr_par' dir='ltr' id='par_1_53' title="bbox 2008 2457 3571 2526">
     <span class='ocr_line' id='line_1_54' title="bbox 2008 2457 3571 2526; baseline -0.001 -14"><span class='ocrx_word' id='word_1_395' title='bbox 2008 2458 2196 2522; x_wconf 87' lang='lat' dir='ltr'><strong><em>suade,</em></strong></span> <span class='ocrx_word' id='word_1_396' title='bbox 2243 2458 2386 2526; x_wconf 88' lang='lat' dir='ltr'><strong><em>quod</em></strong></span> <span class='ocrx_word' id='word_1_397' title='bbox 2435 2466 2563 2512; x_wconf 91' lang='lat' dir='ltr'><strong><em>tunc</em></strong></span> <span class='ocrx_word' id='word_1_398' title='bbox 2622 2458 2786 2511; x_wconf 89' lang='lat' dir='ltr'><strong><em>etiam</em></strong></span> <span class='ocrx_word' id='word_1_399' title='bbox 2851 2457 3178 2526; x_wconf 84' lang='lat' dir='ltr'><strong><em>splendebis,</em></strong></span> <span class='ocrx_word' id='word_1_400' title='bbox 3222 2472 3346 2512; x_wconf 82' lang='lat' dir='ltr'><strong><em>cum</em></strong></span> <span class='ocrx_word' id='word_1_401' title='bbox 3378 2471 3485 2512; x_wconf 88' lang='lat' dir='ltr'><strong><em>non</em></strong></span> <span class='ocrx_word' id='word_1_402' title='bbox 3519 2466 3571 2511; x_wconf 88' lang='lat' dir='ltr'><strong><em>te</em></strong></span> 
     </span>
    </p>
   </div>
   <div class='ocr_carea' id='block_1_54' title="bbox 2007 2547 3571 2617">
    <p class='ocr_par' dir='ltr' id='par_1_54' title="bbox 2007 2547 3571 2617">
     <span class='ocr_line' id='line_1_55' title="bbox 2007 2547 3571 2617; baseline -0.001 -14"><span class='ocrx_word' id='word_1_403' title='bbox 2007 2548 2324 2603; x_wconf 88' lang='lat' dir='ltr'><strong><em>ostentabis.</em></strong></span> <span class='ocrx_word' id='word_1_404' title='bbox 2356 2547 2569 2602; x_wconf 88' lang='lat' dir='ltr'><strong><em>Etenim</em></strong></span> <span class='ocrx_word' id='word_1_405' title='bbox 2608 2548 2898 2603; x_wconf 90' lang='lat' dir='ltr'><strong><em>humanum</em></strong></span> <span class='ocrx_word' id='word_1_406' title='bbox 2930 2563 3097 2617; x_wconf 88' lang='lat' dir='ltr'><strong><em>genus</em></strong></span> <span class='ocrx_word' id='word_1_407' title='bbox 3117 2547 3413 2602; x_wconf 85' lang='lat' dir='ltr'><strong><em>animosius</em></strong></span> <span class='ocrx_word' id='word_1_408' title='bbox 3440 2562 3571 2601; x_wconf 84' lang='lat' dir='ltr'><strong><em>cou-</em></strong></span> 
     </span>
    </p>
   </div>
   <div class='ocr_carea' id='block_1_55' title="bbox 2010 2638 3570 2708">
    <p class='ocr_par' dir='ltr' id='par_1_55' title="bbox 2010 2638 3570 2708">
     <span class='ocr_line' id='line_1_56' title="bbox 2010 2638 3570 2708; baseline 0 -15"><span class='ocrx_word' id='word_1_409' title='bbox 2010 2639 2403 2708; x_wconf 89' lang='lat' dir='ltr'><strong><em>tentiosiusque</em></strong></span> <span class='ocrx_word' id='word_1_410' title='bbox 2424 2647 2609 2702; x_wconf 89' lang='lat' dir='ltr'><strong><em>est,.et</em></strong></span> <span class='ocrx_word' id='word_1_411' title='bbox 2630 2638 3096 2707; x_wconf 85' lang='lat' dir='ltr'><strong><em>arrogantioribus</em></strong></span> <span class='ocrx_word' id='word_1_412' title='bbox 3127 2640 3342 2708; x_wconf 84' lang='lat' dir='ltr'><strong><em>quidem</em></strong></span> <span class='ocrx_word' id='word_1_413' title='bbox 3378 2640 3570 2693; x_wconf 82' lang='lat' dir='ltr'><strong><em>adver-</em></strong></span> 
     </span>
    </p>
   </div>
   <div class='ocr_carea' id='block_1_56' title="bbox 2010 2729 3573 2799">
    <p class='ocr_par' dir='ltr' id='par_1_56' title="bbox 2010 2729 3573 2799">
     <span class='ocr_line' id='line_1_57' title="bbox 2010 2729 3573 2799; baseline -0.001 -13"><span class='ocrx_word' id='word_1_414' title='bbox 2010 2742 2183 2796; x_wconf 85' lang='lat' dir='ltr'><strong><em>satur,</em></strong></span> <span class='ocrx_word' id='word_1_415' title='bbox 2211 2746 2271 2786; x_wconf 91' lang='lat' dir='ltr'><strong><em>se</em></strong></span> <span class='ocrx_word' id='word_1_416' title='bbox 2296 2746 2426 2785; x_wconf 88' lang='lat' dir='ltr'><strong><em>vero</em></strong></span> <span class='ocrx_word' id='word_1_417' title='bbox 2454 2729 2738 2785; x_wconf 88' lang='lat' dir='ltr'><strong><em>humiliare</em></strong></span> <span class='ocrx_word' id='word_1_418' title='bbox 2766 2730 3107 2799; x_wconf 89' lang='lat' dir='ltr'><strong><em>cupientibus</em></strong></span> <span class='ocrx_word' id='word_1_419' title='bbox 3147 2744 3267 2784; x_wconf 91' lang='lat' dir='ltr'><strong><em>cum</em></strong></span> <span class='ocrx_word' id='word_1_420' title='bbox 3301 2729 3573 2798; x_wconf 78' lang='lat' dir='ltr'><strong><em>voluptate</em></strong></span> 
     </span>
    </p>
   </div>
   <div class='ocr_carea' id='block_1_57' title="bbox 2011 2819 3573 2889">
    <p class='ocr_par' dir='ltr' id='par_1_57' title="bbox 2011 2819 3573 2889">
     <span class='ocr_line' id='line_1_58' title="bbox 2011 2819 3573 2889; baseline 0 -14"><span class='ocrx_word' id='word_1_421' title='bbox 2011 2821 2183 2875; x_wconf 83' lang='lat' dir='ltr'><strong><em>cedit-</em></strong></span> <span class='ocrx_word' id='word_1_422' title='bbox 2230 2820 2295 2873; x_wconf 91' lang='lat' dir='ltr'><strong><em>Et</em></strong></span> <span class='ocrx_word' id='word_1_423' title='bbox 2326 2819 2432 2874; x_wconf 87' lang='lat' dir='ltr'><strong><em>illis</em></strong></span> <span class='ocrx_word' id='word_1_424' title='bbox 2480 2821 2693 2889; x_wconf 88' lang='lat' dir='ltr'><strong><em>quidem</em></strong></span> <span class='ocrx_word' id='word_1_425' title='bbox 2736 2819 3113 2889; x_wconf 82' lang='lat' dir='ltr'><strong><em>arrogantibus</em></strong></span> <span class='ocrx_word' id='word_1_426' title='bbox 3168 2819 3354 2887; x_wconf 89' lang='lat' dir='ltr'><strong><em>objicit</em></strong></span> <span class='ocrx_word' id='word_1_427' title='bbox 3400 2820 3573 2875; x_wconf 89' lang='lat' dir='ltr'><strong><em>laudis</em></strong></span> 
     </span>
    </p>
   </div>
   <div class='ocr_carea' id='block_1_58' title="bbox 2010 2909 3570 2979">
    <p class='ocr_par' dir='ltr' id='par_1_58' title="bbox 2010 2909 3570 2979">
     <span class='ocr_line' id='line_1_59' title="bbox 2010 2909 3570 2979; baseline 0 -15"><span class='ocrx_word' id='word_1_428' title='bbox 2010 2911 2248 2964; x_wconf 80' lang='lat' dir='ltr'><strong><em>Studium</em></strong></span> <span class='ocrx_word' id='word_1_429' title='bbox 2285 2910 2546 2974; x_wconf 75' lang='lat' dir='ltr'><strong><em>nimium,</em></strong></span> <span class='ocrx_word' id='word_1_430' title='bbox 2568 2924 2794 2979; x_wconf 71' lang='lat' dir='ltr'><strong><em>quzeque</em></strong></span> <span class='ocrx_word' id='word_1_431' title='bbox 2820 2909 3060 2964; x_wconf 88' lang='lat' dir='ltr'><strong><em>nondum</em></strong></span> <span class='ocrx_word' id='word_1_432' title='bbox 3087 2911 3168 2965; x_wconf 88' lang='lat' dir='ltr'><strong><em>eis</em></strong></span> <span class='ocrx_word' id='word_1_433' title='bbox 3209 2912 3406 2964; x_wconf 86' lang='lat' dir='ltr'><strong><em>adsunt</em></strong></span> <span class='ocrx_word' id='word_1_434' title='bbox 3432 2911 3570 2964; x_wconf 84' lang='lat' dir='ltr'><strong><em>mala</em></strong></span> 
     </span>
    </p>
   </div>
   <div class='ocr_carea' id='block_1_59' title="bbox 342 2999 1931 3079">
    <p class='ocr_par' dir='ltr' id='par_1_59' title="bbox 342 3004 1907 3079">
     <span class='ocr_line' id='line_1_60' title="bbox 342 3004 1907 3079; baseline -0.001 -20"><span class='ocrx_word' id='word_1_435' title='bbox 342 3009 411 3060; x_wconf 82' lang='grc' dir='ltr'><strong><em>τά</em></strong></span> <span class='ocrx_word' id='word_1_436' title='bbox 452 3007 529 3079; x_wconf 83' lang='grc' dir='ltr'>μὴ</span> <span class='ocrx_word' id='word_1_437' title='bbox 564 3007 837 3078; x_wconf 85' lang='grc' dir='ltr'>προσόντα</span> <span class='ocrx_word' id='word_1_438' title='bbox 874 3006 1199 3076; x_wconf 77' lang='grc' dir='ltr'>ὲπιφημίξει</span> <span class='ocrx_word' id='word_1_439' title='bbox 1250 3004 1410 3059; x_wconf 87' lang='grc' dir='ltr'>καλά.</span> <span class='ocrx_word' id='word_1_440' title='bbox 1447 3004 1656 3066; x_wconf 82' lang='grc' dir='ltr'>Ἀλλως</span> <span class='ocrx_word' id='word_1_441' title='bbox 1691 3004 1749 3056; x_wconf 80' lang='grc' dir='ltr'>δὲ</span> <span class='ocrx_word' id='word_1_442' title='bbox 1785 3004 1907 3057; x_wconf 80' lang='grc' dir='ltr'>οὐδὲ</span> 
     </span>
    </p>
   </div>
   <div class='ocr_carea' id='block_1_60' title="bbox 2011 2999 3572 3079">
    <p class='ocr_par' dir='ltr' id='par_1_60' title="bbox 2014 2999 3572 3070">
     <span class='ocr_line' id='line_1_61' title="bbox 2014 2999 3572 3070; baseline -0.001 -14"><span class='ocrx_word' id='word_1_443' title='bbox 2014 3002 2262 3057; x_wconf 83' lang='lat' dir='ltr'><strong><em>attribuit</em></strong></span> <span class='ocrx_word' id='word_1_444' title='bbox 2297 3019 2312 3056; x_wconf 89' lang='lat'><strong>:</strong></span> <span class='ocrx_word' id='word_1_445' title='bbox 2358 3001 2653 3055; x_wconf 88' lang='lat' dir='ltr'><strong><em>humilibus</em></strong></span> <span class='ocrx_word' id='word_1_446' title='bbox 2692 3015 2821 3056; x_wconf 89' lang='lat' dir='ltr'><strong><em>vero</em></strong></span> <span class='ocrx_word' id='word_1_447' title='bbox 2864 2999 3027 3055; x_wconf 89' lang='lat' dir='ltr'><strong><em>etiam</em></strong></span> <span class='ocrx_word' id='word_1_448' title='bbox 3083 3016 3202 3070; x_wconf 64' lang='lat' dir='ltr'><strong><em>qua:</em></strong></span> <span class='ocrx_word' id='word_1_449' title='bbox 3237 3016 3341 3055; x_wconf 89' lang='lat' dir='ltr'><strong><em>non</em></strong></span> <span class='ocrx_word' id='word_1_450' title='bbox 3380 3002 3572 3054; x_wconf 79' lang='lat' dir='ltr'><strong><em>adsunt</em></strong></span> 
     </span>
    </p>
   </div>
   <div class='ocr_carea' id='block_1_61' title="bbox 343 3062 1931 3171">
    <p class='ocr_par' dir='ltr' id='par_1_61' title="bbox 343 3062 1913 3171">
     <span class='ocr_line' id='line_1_62' title="bbox 343 3062 1913 3171; baseline -0.005 -19"><span class='ocrx_word' id='word_1_451' title='bbox 343 3062 543 3171; x_wconf 68' lang='grc' dir='ltr'>ἀρετὴν</span> <span class='ocrx_word' id='word_1_452' title='bbox 570 3062 683 3152; x_wconf 58' lang='grc' dir='ltr'>οίόν</span> <span class='ocrx_word' id='word_1_453' title='bbox 711 3115 772 3151; x_wconf 88' lang='grc' dir='ltr'><strong><em>τε</em></strong></span> <span class='ocrx_word' id='word_1_454' title='bbox 803 3062 1003 3159; x_wconf 50' lang='grc' dir='ltr'>λαθεῖν,</span> <span class='ocrx_word' id='word_1_455' title='bbox 1033 3062 1171 3150; x_wconf 47' lang='lat' dir='ltr'><strong><em>all-dt</em></strong></span> <span class='ocrx_word' id='word_1_456' title='bbox 1203 3095 1308 3148; x_wconf 81' lang='grc' dir='ltr'><strong><em>κᾶν</em></strong></span> <span class='ocrx_word' id='word_1_457' title='bbox 1338 3093 1474 3164; x_wconf 86' lang='grc' dir='ltr'>πρὸς</span> <span class='ocrx_word' id='word_1_458' title='bbox 1508 3062 1688 3162; x_wconf 72' lang='grc' dir='ltr'>ὀλίγον</span> <span class='ocrx_word' id='word_1_459' title='bbox 1733 3092 1913 3163; x_wconf 86' lang='grc' dir='ltr'>φθόνῳ</span> 
     </span>
    </p>
   </div>
   <div class='ocr_carea' id='block_1_62' title="bbox 2011 3062 3573 3171">
    <p class='ocr_par' dir='ltr' id='par_1_62' title="bbox 2015 3091 3573 3161">
     <span class='ocr_line' id='line_1_63' title="bbox 2015 3091 3573 3161; baseline -0.002 -15"><span class='ocrx_word' id='word_1_460' title='bbox 2015 3094 2177 3158; x_wconf 87' lang='lat' dir='ltr'><strong><em>bona,</em></strong></span> <span class='ocrx_word' id='word_1_461' title='bbox 2208 3106 2433 3161; x_wconf 62' lang='lat' dir='ltr'><strong><em>quaeque</em></strong></span> <span class='ocrx_word' id='word_1_462' title='bbox 2468 3091 2758 3146; x_wconf 79' lang='lat' dir='ltr'><strong><em>obscurare</em></strong></span> <span class='ocrx_word' id='word_1_463' title='bbox 2793 3098 3080 3155; x_wconf 87' lang='lat' dir='ltr'><strong><em>conantur,</em></strong></span> <span class='ocrx_word' id='word_1_464' title='bbox 3109 3091 3353 3145; x_wconf 84' lang='lat' dir='ltr'><strong><em>celebrat</em></strong></span> <span class='ocrx_word' id='word_1_465' title='bbox 3382 3107 3397 3143; x_wconf 88' lang='lat'><strong>:</strong></span> <span class='ocrx_word' id='word_1_466' title='bbox 3432 3105 3573 3158; x_wconf 76' lang='lat' dir='ltr'><strong><em>pra:-</em></strong></span> 
     </span>
    </p>
   </div>
   <div class='ocr_carea' id='block_1_63' title="bbox 346 3181 1914 3256">
    <p class='ocr_par' dir='ltr' id='par_1_63' title="bbox 346 3181 1914 3256">
     <span class='ocr_line' id='line_1_64' title="bbox 346 3181 1914 3256; baseline -0.003 -17"><span class='ocrx_word' id='word_1_467' title='bbox 346 3186 699 3256; x_wconf 76' lang='grc' dir='ltr'>ὲπισκιασθῇ,</span> <span class='ocrx_word' id='word_1_468' title='bbox 730 3181 885 3247; x_wconf 82' lang='grc' dir='ltr'>αὖθις</span> <span class='ocrx_word' id='word_1_469' title='bbox 912 3183 1223 3253; x_wconf 82' lang='grc' dir='ltr'>ἀναλάμπει</span> <span class='ocrx_word' id='word_1_470' title='bbox 1244 3225 1259 3246; x_wconf 84' lang='grc'><strong><em>,</em></strong></span> <span class='ocrx_word' id='word_1_471' title='bbox 1295 3181 1388 3235; x_wconf 74' lang='grc' dir='ltr'><strong><em>καὶ</em></strong></span> <span class='ocrx_word' id='word_1_472' title='bbox 1422 3181 1530 3234; x_wconf 85' lang='grc' dir='ltr'><strong><em>τῶν</em></strong></span> <span class='ocrx_word' id='word_1_473' title='bbox 1563 3182 1914 3236; x_wconf 80' lang='grc' dir='ltr'>ὲπισκιασάν-</span> 
     </span>
    </p>
   </div>
   <div class='ocr_carea' id='block_1_64' title="bbox 344 3269 1914 3347">
    <p class='ocr_par' dir='ltr' id='par_1_64' title="bbox 344 3269 1914 3347">
     <span class='ocr_line' id='line_1_65' title="bbox 344 3269 1914 3347; baseline -0.002 -18"><span class='ocrx_word' id='word_1_474' title='bbox 344 3293 451 3329; x_wconf 89' lang='grc' dir='ltr'><strong><em>των</em></strong></span> <span class='ocrx_word' id='word_1_475' title='bbox 461 3294 494 3329; x_wconf 89' lang='grc' dir='ltr'><strong><em>κ</em></strong></span> <span class='ocrx_word' id='word_1_476' title='bbox 501 3277 887 3347; x_wconf 77' lang='grc' dir='ltr'>ρατεῖ.Ὥσπερ</span> <span class='ocrx_word' id='word_1_477' title='bbox 902 3273 1084 3344; x_wconf 79' lang='grc' dir='ltr'>γὰρτὸ</span> <span class='ocrx_word' id='word_1_478' title='bbox 1097 3271 1212 3342; x_wconf 84' lang='grc' dir='ltr'>φῶς</span> <span class='ocrx_word' id='word_1_479' title='bbox 1230 3271 1329 3342; x_wconf 85' lang='grc' dir='ltr'><strong><em>οὐχ</em></strong></span> <span class='ocrx_word' id='word_1_480' title='bbox 1340 3269 1448 3324; x_wconf 77' lang='grc' dir='ltr'>οἷόν</span> <span class='ocrx_word' id='word_1_481' title='bbox 1460 3289 1520 3324; x_wconf 93' lang='grc' dir='ltr'><strong><em>τε</em></strong></span> <span class='ocrx_word' id='word_1_482' title='bbox 1534 3271 1914 3338; x_wconf 81' lang='grc' dir='ltr'>λαθεῖν,οὓτως</span> 
     </span>
    </p>
   </div>
   <div class='ocr_carea' id='block_1_65' title="bbox 345 3360 1911 3437">
    <p class='ocr_par' dir='ltr' id='par_1_65' title="bbox 345 3360 1911 3437">
     <span class='ocr_line' id='line_1_66' title="bbox 345 3360 1911 3437; baseline -0.001 -19"><span class='ocrx_word' id='word_1_483' title='bbox 345 3367 465 3419; x_wconf 68' lang='grc' dir='ltr'>οὐδὲ</span> <span class='ocrx_word' id='word_1_484' title='bbox 509 3365 606 3437; x_wconf 82' lang='grc' dir='ltr'>τὴν</span> <span class='ocrx_word' id='word_1_485' title='bbox 634 3364 838 3436; x_wconf 81' lang='grc' dir='ltr'>ἀρετήν</span> <span class='ocrx_word' id='word_1_486' title='bbox 859 3380 872 3395; x_wconf 76' lang='grc' dir='ltr'><strong><em>ο</em></strong></span> <span class='ocrx_word' id='word_1_487' title='bbox 906 3364 1000 3415; x_wconf 80' lang='grc' dir='ltr'>καὶ</span> <span class='ocrx_word' id='word_1_488' title='bbox 1028 3360 1206 3415; x_wconf 84' lang='grc' dir='ltr'>ταῦτα</span> <span class='ocrx_word' id='word_1_489' title='bbox 1233 3361 1330 3432; x_wconf 87' lang='grc' dir='ltr'>μὲν</span> <span class='ocrx_word' id='word_1_490' title='bbox 1375 3360 1613 3431; x_wconf 77' lang='grc' dir='ltr'>λελέχθω</span> <span class='ocrx_word' id='word_1_491' title='bbox 1657 3362 1784 3433; x_wconf 56' lang='grc' dir='ltr'><strong><em>περ)⁴</em></strong></span> <span class='ocrx_word' id='word_1_492' title='bbox 1810 3362 1911 3432; x_wconf 82' lang='grc' dir='ltr'>τῆς</span> 
     </span>
    </p>
   </div>
   <div class='ocr_carea' id='block_1_66' title="bbox 348 3452 1912 3529">
    <p class='ocr_par' dir='ltr' id='par_1_66' title="bbox 348 3452 1912 3529">
     <span class='ocr_line' id='line_1_67' title="bbox 348 3452 1912 3529; baseline -0.003 -17"><span class='ocrx_word' id='word_1_493' title='bbox 348 3459 453 3511; x_wconf 84' lang='grc' dir='ltr'><strong><em>τῶν</em></strong></span> <span class='ocrx_word' id='word_1_494' title='bbox 482 3458 782 3529; x_wconf 83' lang='grc' dir='ltr'>ἀνθρώπων</span> <span class='ocrx_word' id='word_1_495' title='bbox 804 3456 1006 3528; x_wconf 72' lang='grc' dir='ltr'>ψήφου.</span> <span class='ocrx_word' id='word_1_496' title='bbox 1056 3456 1121 3508; x_wconf 79' lang='grc' dir='ltr'><strong>Εἰ</strong></span> <span class='ocrx_word' id='word_1_497' title='bbox 1162 3453 1219 3507; x_wconf 83' lang='grc' dir='ltr'>δὲ</span> <span class='ocrx_word' id='word_1_498' title='bbox 1255 3454 1349 3521; x_wconf 77' lang='grc' dir='ltr'><strong><em>καὶ</em></strong></span> <span class='ocrx_word' id='word_1_499' title='bbox 1376 3453 1476 3523; x_wconf 82' lang='grc' dir='ltr'>τὴν</span> <span class='ocrx_word' id='word_1_500' title='bbox 1508 3452 1658 3507; x_wconf 82' lang='grc' dir='ltr'>θείαν</span> <span class='ocrx_word' id='word_1_501' title='bbox 1707 3454 1912 3520; x_wconf 77' lang='grc' dir='ltr'>ἐθέλεις</span> 
     </span>
    </p>
   </div>
   <div class='ocr_carea' id='block_1_67' title="bbox 350 3544 1912 3618">
    <p class='ocr_par' dir='ltr' id='par_1_67' title="bbox 350 3544 1912 3618">
     <span class='ocr_line' id='line_1_68' title="bbox 350 3544 1912 3618; baseline 0 -17"><span class='ocrx_word' id='word_1_502' title='bbox 350 3549 561 3617; x_wconf 78' lang='grc' dir='ltr'>μαθεῖν,</span> <span class='ocrx_word' id='word_1_503' title='bbox 593 3547 735 3618; x_wconf 81' lang='grc' dir='ltr'>έχεις</span> <span class='ocrx_word' id='word_1_504' title='bbox 761 3549 818 3601; x_wconf 85' lang='grc' dir='ltr'>ὲν</span> <span class='ocrx_word' id='word_1_505' title='bbox 838 3549 946 3611; x_wconf 88' lang='grc' dir='ltr'>τοῖς</span> <span class='ocrx_word' id='word_1_506' title='bbox 981 3545 1145 3608; x_wconf 83' lang='grc' dir='ltr'>θείοις</span> <span class='ocrx_word' id='word_1_507' title='bbox 1171 3544 1525 3613; x_wconf 82' lang='grc' dir='ltr'>Εὐαγγελίοις</span> <span class='ocrx_word' id='word_1_508' title='bbox 1546 3544 1615 3598; x_wconf 86' lang='grc' dir='ltr'><strong><em>τά</em></strong></span> <span class='ocrx_word' id='word_1_509' title='bbox 1644 3544 1786 3600; x_wconf 78' lang='grc' dir='ltr'>κατὰ</span> <span class='ocrx_word' id='word_1_510' title='bbox 1816 3547 1912 3601; x_wconf 85' lang='grc' dir='ltr'><strong><em>τὸν</em></strong></span> 
     </span>
    </p>
   </div>
   <div class='ocr_carea' id='block_1_68' title="bbox 345 3634 1911 3710">
    <p class='ocr_par' dir='ltr' id='par_1_68' title="bbox 345 3634 1911 3710">
     <span class='ocr_line' id='line_1_69' title="bbox 345 3634 1911 3710; baseline 0.01 -19"><span class='ocrx_word' id='word_1_511' title='bbox 345 3640 640 3709; x_wconf 78' lang='grc' dir='ltr'>Φαρισαῖον</span> <span class='ocrx_word' id='word_1_512' title='bbox 676 3639 772 3694; x_wconf 70' lang='grc' dir='ltr'>καὶ</span> <span class='ocrx_word' id='word_1_513' title='bbox 806 3638 904 3694; x_wconf 71' lang='grc' dir='ltr'>τὸν»</span> <span class='ocrx_word' id='word_1_514' title='bbox 940 3635 1189 3708; x_wconf 53' lang='grc' dir='ltr'>τελώνην»</span> <span class='ocrx_word' id='word_1_515' title='bbox 1227 3634 1495 3707; x_wconf 76' lang='grc' dir='ltr'>λαμπρῶς</span> <span class='ocrx_word' id='word_1_516' title='bbox 1529 3636 1911 3710; x_wconf 77' lang='grc' dir='ltr'>στηλογραφη-</span> 
     </span>
    </p>
   </div>
   <div class='ocr_carea' id='block_1_69' title="bbox 346 3728 532 3783">
    <p class='ocr_par' dir='ltr' id='par_1_69' title="bbox 346 3728 532 3783">
     <span class='ocr_line' id='line_1_70' title="bbox 346 3728 532 3783; baseline 0.005 -1"><span class='ocrx_word' id='word_1_517' title='bbox 346 3728 532 3783; x_wconf 72' lang='grc' dir='ltr'>θέντα.</span> 
     </span>
    </p>
   </div>
   <div class='ocr_carea' id='block_1_70' title="bbox 818 3917 1398 3992">
    <p class='ocr_par' dir='ltr' id='par_1_70' title="bbox 818 3917 1398 3992">
     <span class='ocr_line' id='line_1_71' title="bbox 818 3917 1398 3992; baseline 0.005 -20"><span class='ocrx_word' id='word_1_518' title='bbox 818 3917 941 3972; x_wconf 71' lang='lat'><strong><em>130&#39;.</em></strong></span> <span class='ocrx_word' id='word_1_519' title='bbox 981 3947 1051 3959; x_wconf 88' lang='grc'><strong><em>--</em></strong></span> <span class='ocrx_word' id='word_1_520' title='bbox 1080 3918 1398 3992; x_wconf 80' lang='grc' dir='ltr'><strong><em>ἸἸΜΟΘΕῼ.</em></strong></span> 
     </span>
    </p>
   </div>
   <div class='ocr_carea' id='block_1_71' title="bbox 2013 3181 3574 3254">
    <p class='ocr_par' dir='ltr' id='par_1_71' title="bbox 2013 3181 3574 3254">
     <span class='ocr_line' id='line_1_72' title="bbox 2013 3181 3574 3254; baseline -0.002 -15"><span class='ocrx_word' id='word_1_521' title='bbox 2013 3181 2201 3239; x_wconf 86' lang='lat' dir='ltr'><strong><em>sertim</em></strong></span> <span class='ocrx_word' id='word_1_522' title='bbox 2223 3198 2344 3238; x_wconf 90' lang='lat' dir='ltr'><strong><em>cum</em></strong></span> <span class='ocrx_word' id='word_1_523' title='bbox 2372 3184 2542 3239; x_wconf 84' lang='lat' dir='ltr'><strong><em>virtus</em></strong></span> <span class='ocrx_word' id='word_1_524' title='bbox 2568 3183 2734 3238; x_wconf 88' lang='lat' dir='ltr'><strong><em>latore</em></strong></span> <span class='ocrx_word' id='word_1_525' title='bbox 2758 3192 3009 3254; x_wconf 88' lang='lat' dir='ltr'><strong><em>nequeat,</em></strong></span> <span class='ocrx_word' id='word_1_526' title='bbox 3048 3192 3104 3238; x_wconf 90' lang='lat' dir='ltr'><strong><em>et</em></strong></span> <span class='ocrx_word' id='word_1_527' title='bbox 3127 3183 3347 3251; x_wconf 86' lang='lat' dir='ltr'><strong><em>invidia,</em></strong></span> <span class='ocrx_word' id='word_1_528' title='bbox 3380 3197 3574 3252; x_wconf 84' lang='lat' dir='ltr'><strong><em>quam-</em></strong></span> 
     </span>
    </p>
   </div>
   <div class='ocr_carea' id='block_1_72' title="bbox 2014 3266 3576 3344">
    <p class='ocr_par' dir='ltr' id='par_1_72' title="bbox 2014 3266 3576 3344">
     <span class='ocr_line' id='line_1_73' title="bbox 2014 3266 3576 3344; baseline 0.001 -18"><span class='ocrx_word' id='word_1_529' title='bbox 2014 3275 2096 3329; x_wconf 90' lang='lat' dir='ltr'><strong><em>vis</em></strong></span> <span class='ocrx_word' id='word_1_530' title='bbox 2121 3266 2450 3344; x_wconf 87' lang='lat' dir='ltr'><strong><em>adtempus,</em></strong></span> <span class='ocrx_word' id='word_1_531' title='bbox 2495 3275 2782 3330; x_wconf 89' lang='lat' dir='ltr'><strong><em>obscurata</em></strong></span> <span class='ocrx_word' id='word_1_532' title='bbox 2824 3276 3018 3335; x_wconf 88' lang='lat' dir='ltr'><strong><em>iterum</em></strong></span> <span class='ocrx_word' id='word_1_533' title='bbox 3048 3275 3338 3340; x_wconf 88' lang='lat' dir='ltr'><strong><em>elucescat,</em></strong></span> <span class='ocrx_word' id='word_1_534' title='bbox 3366 3274 3576 3329; x_wconf 85' lang='lat' dir='ltr'><strong><em>nubila-</em></strong></span> 
     </span>
    </p>
   </div>
   <div class='ocr_carea' id='block_1_73' title="bbox 2011 3362 3578 3434">
    <p class='ocr_par' dir='ltr' id='par_1_73' title="bbox 2011 3362 3578 3434">
     <span class='ocr_line' id='line_1_74' title="bbox 2011 3362 3578 3434; baseline -0.001 -14"><span class='ocrx_word' id='word_1_535' title='bbox 2011 3379 2116 3434; x_wconf 89' lang='lat' dir='ltr'><strong><em>que</em></strong></span> <span class='ocrx_word' id='word_1_536' title='bbox 2175 3364 2420 3433; x_wconf 87' lang='lat' dir='ltr'><strong><em>dissipet.</em></strong></span> <span class='ocrx_word' id='word_1_537' title='bbox 2466 3362 2928 3429; x_wconf 80' lang='lat' dir='ltr'><strong><em>Quemadmodum</em></strong></span> <span class='ocrx_word' id='word_1_538' title='bbox 2972 3364 3119 3419; x_wconf 88' lang='lat' dir='ltr'><strong><em>enim</em></strong></span> <span class='ocrx_word' id='word_1_539' title='bbox 3176 3362 3377 3430; x_wconf 89' lang='lat' dir='ltr'><strong><em>lumen,</em></strong></span> <span class='ocrx_word' id='word_1_540' title='bbox 3415 3363 3486 3419; x_wconf 87' lang='lat' dir='ltr'><strong><em>ita</em></strong></span> <span class='ocrx_word' id='word_1_541' title='bbox 3523 3373 3578 3419; x_wconf 91' lang='lat' dir='ltr'><strong><em>et</em></strong></span> 
     </span>
    </p>
   </div>
   <div class='ocr_carea' id='block_1_74' title="bbox 2008 3453 3575 3523">
    <p class='ocr_par' dir='ltr' id='par_1_74' title="bbox 2008 3453 3575 3523">
     <span class='ocr_line' id='line_1_75' title="bbox 2008 3453 3575 3523; baseline -0.001 -16"><span class='ocrx_word' id='word_1_542' title='bbox 2008 3455 2264 3509; x_wconf 84' lang='lat' dir='ltr'><strong><em>virtutem</em></strong></span> <span class='ocrx_word' id='word_1_543' title='bbox 2298 3453 2466 3508; x_wconf 88' lang='lat' dir='ltr'><strong><em>latere</em></strong></span> <span class='ocrx_word' id='word_1_544' title='bbox 2496 3454 2829 3523; x_wconf 88' lang='lat' dir='ltr'><strong><em>impossibile</em></strong></span> <span class='ocrx_word' id='word_1_545' title='bbox 2874 3462 2977 3509; x_wconf 84' lang='lat' dir='ltr'><strong><em>est.</em></strong></span> <span class='ocrx_word' id='word_1_546' title='bbox 3014 3453 3192 3522; x_wconf 78' lang='lat' dir='ltr'><strong><em>Atque</em></strong></span> <span class='ocrx_word' id='word_1_547' title='bbox 3228 3454 3343 3508; x_wconf 73' lang='lat' dir='ltr'><strong><em>haec</em></strong></span> <span class='ocrx_word' id='word_1_548' title='bbox 3363 3453 3575 3522; x_wconf 87' lang='lat' dir='ltr'><strong><em>quidem</em></strong></span> 
     </span>
    </p>
   </div>
   <div class='ocr_carea' id='block_1_75' title="bbox 2008 3543 3577 3614">
    <p class='ocr_par' dir='ltr' id='par_1_75' title="bbox 2008 3543 3577 3614">
     <span class='ocr_line' id='line_1_76' title="bbox 2008 3543 3577 3614; baseline -0.003 -14"><span class='ocrx_word' id='word_1_549' title='bbox 2008 3543 2077 3600; x_wconf 90' lang='lat' dir='ltr'><strong><em>de</em></strong></span> <span class='ocrx_word' id='word_1_550' title='bbox 2112 3544 2421 3599; x_wconf 86' lang='lat' dir='ltr'><strong><em>hominibus</em></strong></span> <span class='ocrx_word' id='word_1_551' title='bbox 2444 3560 2565 3598; x_wconf 89' lang='lat' dir='ltr'><strong><em>cum</em></strong></span> <span class='ocrx_word' id='word_1_552' title='bbox 2591 3543 2798 3614; x_wconf 89' lang='lat' dir='ltr'><strong><em>judicio</em></strong></span> <span class='ocrx_word' id='word_1_553' title='bbox 2827 3545 2936 3599; x_wconf 90' lang='lat' dir='ltr'><strong><em>sint</em></strong></span> <span class='ocrx_word' id='word_1_554' title='bbox 2988 3545 3155 3599; x_wconf 90' lang='lat' dir='ltr'><strong><em>dicta.</em></strong></span> <span class='ocrx_word' id='word_1_555' title='bbox 3192 3544 3250 3599; x_wconf 89' lang='lat' dir='ltr'><strong><em>Si</em></strong></span> <span class='ocrx_word' id='word_1_556' title='bbox 3282 3559 3409 3597; x_wconf 89' lang='lat' dir='ltr'><strong><em>vero</em></strong></span> <span class='ocrx_word' id='word_1_557' title='bbox 3436 3543 3577 3598; x_wconf 89' lang='lat' dir='ltr'><strong><em>divi-</em></strong></span> 
     </span>
    </p>
   </div>
   <div class='ocr_carea' id='block_1_76' title="bbox 2010 3633 3574 3705">
    <p class='ocr_par' dir='ltr' id='par_1_76' title="bbox 2010 3633 3574 3705">
     <span class='ocr_line' id='line_1_77' title="bbox 2010 3633 3574 3705; baseline -0.003 -14"><span class='ocrx_word' id='word_1_558' title='bbox 2010 3651 2137 3691; x_wconf 85' lang='lat' dir='ltr'><strong><em>num</em></strong></span> <span class='ocrx_word' id='word_1_559' title='bbox 2169 3650 2382 3703; x_wconf 88' lang='lat' dir='ltr'><strong><em>quoque</em></strong></span> <span class='ocrx_word' id='word_1_560' title='bbox 2419 3636 2501 3690; x_wconf 90' lang='lat' dir='ltr'><strong><em>vis</em></strong></span> <span class='ocrx_word' id='word_1_561' title='bbox 2549 3634 2813 3689; x_wconf 88' lang='lat' dir='ltr'><strong><em>calculum</em></strong></span> <span class='ocrx_word' id='word_1_562' title='bbox 2850 3643 2907 3689; x_wconf 88' lang='lat' dir='ltr'><strong><em>et</em></strong></span> <span class='ocrx_word' id='word_1_563' title='bbox 2937 3633 3273 3705; x_wconf 80' lang='lat' dir='ltr'><strong><em>suffragium,</em></strong></span> <span class='ocrx_word' id='word_1_564' title='bbox 3316 3635 3481 3687; x_wconf 80' lang='lat' dir='ltr'><strong><em>habes</em></strong></span> <span class='ocrx_word' id='word_1_565' title='bbox 3521 3633 3574 3687; x_wconf 92' lang='lat' dir='ltr'><strong><em>in</em></strong></span> 
     </span>
    </p>
   </div>
   <div class='ocr_carea' id='block_1_77' title="bbox 2010 3722 3580 3795">
    <p class='ocr_par' dir='ltr' id='par_1_77' title="bbox 2010 3722 3580 3795">
     <span class='ocr_line' id='line_1_78' title="bbox 2010 3722 3580 3795; baseline -0.003 -15"><span class='ocrx_word' id='word_1_566' title='bbox 2010 3739 2168 3781; x_wconf 77' lang='lat' dir='ltr'><strong><em>sacro</em></strong></span> <span class='ocrx_word' id='word_1_567' title='bbox 2199 3724 2486 3795; x_wconf 86' lang='lat' dir='ltr'><strong><em>Evangelio</em></strong></span> <span class='ocrx_word' id='word_1_568' title='bbox 2515 3725 2660 3781; x_wconf 61' lang='lat' dir='ltr'><strong><em>&quot;de</em></strong></span> <span class='ocrx_word' id='word_1_569' title='bbox 2692 3726 2968 3780; x_wconf 69' lang='lat' dir='ltr'><strong><em>Phariszeo</em></strong></span> <span class='ocrx_word' id='word_1_570' title='bbox 3016 3733 3071 3780; x_wconf 91' lang='lat' dir='ltr'><strong><em>et</em></strong></span> <span class='ocrx_word' id='word_1_571' title='bbox 3117 3724 3405 3795; x_wconf 87' lang='lat' dir='ltr'><strong><em>publicano</em></strong></span> <span class='ocrx_word' id='word_1_572' title='bbox 3434 3722 3580 3778; x_wconf 86' lang='lat' dir='ltr'><strong><em>claro</em></strong></span> 
     </span>
    </p>
   </div>
   <div class='ocr_carea' id='block_1_78' title="bbox 2014 3817 2761 3885">
    <p class='ocr_par' dir='ltr' id='par_1_78' title="bbox 2014 3817 2761 3885">
     <span class='ocr_line' id='line_1_79' title="bbox 2014 3817 2761 3885; baseline 0.001 -17"><span class='ocrx_word' id='word_1_573' title='bbox 2014 3817 2332 3885; x_wconf 84' lang='lat' dir='ltr'><strong><em>perscripta.</em></strong></span> <span class='ocrx_word' id='word_1_574' title='bbox 2757 3821 2761 3824; x_wconf 77' lang='grc'><strong>’</strong></span> 
     </span>
    </p>
   </div>
   <div class='ocr_carea' id='block_1_79' title="bbox 2436 3924 3159 3986">
    <p class='ocr_par' dir='ltr' id='par_1_79' title="bbox 2436 3924 3159 3986">
     <span class='ocr_line' id='line_1_80' title="bbox 2436 3924 3159 3986; baseline 0.007 -5"><span class='ocrx_word' id='word_1_575' title='bbox 2436 3924 2641 3981; x_wconf 63' lang='lat' dir='ltr'><strong><em>CLXX.</em></strong></span> <span class='ocrx_word' id='word_1_576' title='bbox 2671 3956 2735 3970; x_wconf 89' lang='grc'><strong><em>--</em></strong></span> <span class='ocrx_word' id='word_1_577' title='bbox 2780 3924 3159 3986; x_wconf 82' lang='grc' dir='ltr'><strong><em>ΤΙΜΟΤΗΕΟ.</em></strong></span> 
     </span>
    </p>
   </div>
   <div class='ocr_carea' id='block_1_80' title="bbox 842 4010 3081 4084">
    <p class='ocr_par' dir='ltr' id='par_1_80' title="bbox 842 4010 3081 4084">
     <span class='ocr_line' id='line_1_81' title="bbox 842 4010 3081 4084; baseline 0.004 -19"><span class='ocrx_word' id='word_1_578' title='bbox 842 4010 1074 4066; x_wconf 83' lang='lat' dir='ltr'><strong><em>Gloriam</em></strong></span> <span class='ocrx_word' id='word_1_579' title='bbox 1099 4016 1342 4084; x_wconf 81' lang='lat' dir='ltr'><strong><em>temporis</em></strong></span> <span class='ocrx_word' id='word_1_580' title='bbox 1373 4014 1645 4082; x_wconf 85' lang='lat' dir='ltr'><strong><em>longitudo</em></strong></span> <span class='ocrx_word' id='word_1_581' title='bbox 1675 4031 1779 4069; x_wconf 86' lang='lat' dir='ltr'><strong><em>non</em></strong></span> <span class='ocrx_word' id='word_1_582' title='bbox 1810 4016 2201 4081; x_wconf 78' lang='lat' dir='ltr'><strong><em>imntinuit,sed</em></strong></span> <span class='ocrx_word' id='word_1_583' title='bbox 2231 4019 2365 4072; x_wconf 75' lang='lat' dir='ltr'><strong><em>venit</em></strong></span> <span class='ocrx_word' id='word_1_584' title='bbox 2399 4035 2459 4072; x_wconf 85' lang='lat' dir='ltr'><strong><em>ea</em></strong></span> <span class='ocrx_word' id='word_1_585' title='bbox 2490 4029 2569 4073; x_wconf 83' lang='lat' dir='ltr'><strong><em>sat</em></strong></span> <span class='ocrx_word' id='word_1_586' title='bbox 2599 4020 2723 4084; x_wconf 88' lang='lat' dir='ltr'><strong><em>cito,</em></strong></span> <span class='ocrx_word' id='word_1_587' title='bbox 2748 4019 2794 4073; x_wconf 88' lang='lat' dir='ltr'><strong><em>si</em></strong></span> <span class='ocrx_word' id='word_1_588' title='bbox 2821 4028 2902 4072; x_wconf 83' lang='lat' dir='ltr'><strong><em>sat</em></strong></span> <span class='ocrx_word' id='word_1_589' title='bbox 2934 4020 3081 4074; x_wconf 80' lang='lat' dir='ltr'><strong><em>bene.</em></strong></span> 
     </span>
    </p>
   </div>
   <div class='ocr_carea' id='block_1_81' title="bbox 427 4119 1914 4194">
    <p class='ocr_par' dir='ltr' id='par_1_81' title="bbox 427 4119 1914 4194">
     <span class='ocr_line' id='line_1_82' title="bbox 427 4119 1914 4194; baseline 0.004 -21"><span class='ocrx_word' id='word_1_590' title='bbox 427 4122 652 4183; x_wconf 81' lang='grc' dir='ltr'>Ἔοικας</span> <span class='ocrx_word' id='word_1_591' title='bbox 680 4119 991 4187; x_wconf 76' lang='grc' dir='ltr'>δεδοικέναι,</span> <span class='ocrx_word' id='word_1_592' title='bbox 1028 4121 1104 4191; x_wconf 80' lang='grc' dir='ltr'>μὴ</span> <span class='ocrx_word' id='word_1_593' title='bbox 1140 4121 1236 4190; x_wconf 78' lang='grc' dir='ltr'><strong><em>τὴν</em></strong></span> <span class='ocrx_word' id='word_1_594' title='bbox 1254 4121 1409 4185; x_wconf 82' lang='grc' dir='ltr'>δόξαν</span> <span class='ocrx_word' id='word_1_595' title='bbox 1436 4123 1532 4175; x_wconf 90' lang='grc' dir='ltr'><strong><em>τοῦ</em></strong></span> <span class='ocrx_word' id='word_1_596' title='bbox 1558 4124 1914 4194; x_wconf 83' lang='grc' dir='ltr'>κατορθώμα-</span> 
     </span>
    </p>
   </div>
   <div class='ocr_carea' id='block_1_82' title="bbox 316 4209 1915 4286">
    <p class='ocr_par' dir='ltr' id='par_1_82' title="bbox 316 4209 1915 4286">
     <span class='ocr_line' id='line_1_83' title="bbox 316 4209 1915 4286; baseline 0.003 -21"><span class='ocrx_word' id='word_1_597' title='bbox 316 4235 323 4242; x_wconf 63' lang='grc' dir='ltr'><strong><em>λ</em></strong></span> <span class='ocrx_word' id='word_1_598' title='bbox 348 4230 438 4275; x_wconf 84' lang='grc' dir='ltr'><strong><em>τος</em></strong></span> <span class='ocrx_word' id='word_1_599' title='bbox 468 4211 529 4264; x_wconf 84' lang='grc' dir='ltr'><strong><em>τὸ</em></strong></span> <span class='ocrx_word' id='word_1_600' title='bbox 555 4211 729 4282; x_wconf 85' lang='grc' dir='ltr'>μῆκος</span> <span class='ocrx_word' id='word_1_601' title='bbox 756 4209 1035 4283; x_wconf 79' lang='grc' dir='ltr'>ἐλαττώσῃ</span> <span class='ocrx_word' id='word_1_602' title='bbox 1072 4210 1170 4265; x_wconf 86' lang='grc' dir='ltr'><strong><em>τοῦ</em></strong></span> <span class='ocrx_word' id='word_1_603' title='bbox 1210 4212 1402 4283; x_wconf 89' lang='grc' dir='ltr'>χρόνου</span> <span class='ocrx_word' id='word_1_604' title='bbox 1421 4228 1435 4242; x_wconf 93' lang='grc'><strong>·</strong></span> <span class='ocrx_word' id='word_1_605' title='bbox 1472 4212 1609 4269; x_wconf 80' lang='grc' dir='ltr'>ἀλλὰ</span> <span class='ocrx_word' id='word_1_606' title='bbox 1636 4214 1741 4286; x_wconf 82' lang='grc' dir='ltr'>χρὴ</span> <span class='ocrx_word' id='word_1_607' title='bbox 1776 4216 1915 4271; x_wconf 85' lang='grc' dir='ltr'>είδέ-</span> 
     </span>
    </p>
   </div>
   <div class='ocr_carea' id='block_1_83' title="bbox 2089 4125 3580 4199">
    <p class='ocr_par' dir='ltr' id='par_1_83' title="bbox 2089 4125 3580 4199">
     <span class='ocr_line' id='line_1_84' title="bbox 2089 4125 3580 4199; baseline -0.001 -18"><span class='ocrx_word' id='word_1_608' title='bbox 2089 4125 2327 4183; x_wconf 80' lang='lat' dir='ltr'><strong><em>Metuere</em></strong></span> <span class='ocrx_word' id='word_1_609' title='bbox 2378 4127 2508 4182; x_wconf 87' lang='lat' dir='ltr'><strong><em>mihi</em></strong></span> <span class='ocrx_word' id='word_1_610' title='bbox 2542 4129 2688 4183; x_wconf 78' lang='lat' dir='ltr'><strong><em>visus</em></strong></span> <span class='ocrx_word' id='word_1_611' title='bbox 2739 4143 2821 4192; x_wconf 86' lang='lat' dir='ltr'><strong><em>es.</em></strong></span> <span class='ocrx_word' id='word_1_612' title='bbox 2874 4144 2943 4183; x_wconf 90' lang='lat' dir='ltr'><strong><em>ne</em></strong></span> <span class='ocrx_word' id='word_1_613' title='bbox 2982 4137 3127 4184; x_wconf 87' lang='lat' dir='ltr'><strong><em>recte</em></strong></span> <span class='ocrx_word' id='word_1_614' title='bbox 3162 4127 3427 4183; x_wconf 77' lang='lat' dir='ltr'><strong><em>factorum</em></strong></span> <span class='ocrx_word' id='word_1_615' title='bbox 3463 4129 3580 4199; x_wconf 81' lang='lat' dir='ltr'><strong><em>glu-</em></strong></span> 
     </span>
    </p>
   </div>
   <div class='ocr_carea' id='block_1_84' title="bbox 2018 4217 3582 4287">
    <p class='ocr_par' dir='ltr' id='par_1_84' title="bbox 2018 4217 3582 4287">
     <span class='ocr_line' id='line_1_85' title="bbox 2018 4217 3582 4287; baseline 0.003 -17"><span class='ocrx_word' id='word_1_616' title='bbox 2018 4218 2155 4271; x_wconf 86' lang='lat' dir='ltr'><strong><em>riam</em></strong></span> <span class='ocrx_word' id='word_1_617' title='bbox 2209 4218 2775 4287; x_wconf 86' lang='lat' dir='ltr'><strong><em>temporisimminuat</em></strong></span> <span class='ocrx_word' id='word_1_618' title='bbox 2810 4217 3192 4287; x_wconf 87' lang='lat' dir='ltr'><strong><em>longinquitas.</em></strong></span> <span class='ocrx_word' id='word_1_619' title='bbox 3223 4217 3374 4273; x_wconf 87' lang='lat' dir='ltr'><strong><em>Scito</em></strong></span> <span class='ocrx_word' id='word_1_620' title='bbox 3401 4218 3582 4287; x_wconf 84' lang='lat' dir='ltr'><strong><em>itaque</em></strong></span> 
     </span>
    </p>
   </div>
   <div class='ocr_carea' id='block_1_85' title="bbox 349 4301 1931 4385">
    <p class='ocr_par' dir='ltr' id='par_1_85' title="bbox 349 4301 1917 4379">
     <span class='ocr_line' id='line_1_86' title="bbox 349 4301 1917 4379; baseline 0.002 -23"><span class='ocrx_word' id='word_1_621' title='bbox 349 4321 460 4365; x_wconf 79' lang='grc' dir='ltr'>ναι,</span> <span class='ocrx_word' id='word_1_622' title='bbox 490 4303 575 4356; x_wconf 79' lang='grc' dir='ltr'><strong><em>ὅτι</em></strong></span> <span class='ocrx_word' id='word_1_623' title='bbox 604 4301 699 4355; x_wconf 90' lang='grc' dir='ltr'><strong><em>τοῦ</em></strong></span> <span class='ocrx_word' id='word_1_624' title='bbox 726 4302 866 4373; x_wconf 84' lang='grc' dir='ltr'>μετὰ</span> <span class='ocrx_word' id='word_1_625' title='bbox 895 4302 1094 4373; x_wconf 83' lang='grc' dir='ltr'>τάχους</span> <span class='ocrx_word' id='word_1_626' title='bbox 1124 4302 1429 4375; x_wconf 88' lang='grc' dir='ltr'>σφαλεροῦς</span> <span class='ocrx_word' id='word_1_627' title='bbox 1454 4304 1515 4358; x_wconf 73' lang='grc' dir='ltr'>τὸ</span> <span class='ocrx_word' id='word_1_628' title='bbox 1552 4306 1694 4376; x_wconf 83' lang='grc' dir='ltr'>μετὰ</span> <span class='ocrx_word' id='word_1_629' title='bbox 1721 4306 1917 4379; x_wconf 85' lang='grc' dir='ltr'>βραδυ-</span> 
     </span>
    </p>
   </div>
   <div class='ocr_carea' id='block_1_86' title="bbox 2011 4301 3580 4385">
    <p class='ocr_par' dir='ltr' id='par_1_86' title="bbox 2016 4304 3580 4376">
     <span class='ocr_line' id='line_1_87' title="bbox 2016 4304 3580 4376; baseline 0.003 -18"><span class='ocrx_word' id='word_1_630' title='bbox 2016 4305 2173 4375; x_wconf 80' lang='lat' dir='ltr'><strong><em>longe</em></strong></span> <span class='ocrx_word' id='word_1_631' title='bbox 2198 4306 2251 4362; x_wconf 91' lang='lat' dir='ltr'><strong><em>id</em></strong></span> <span class='ocrx_word' id='word_1_632' title='bbox 2277 4304 2396 4363; x_wconf 69' lang='lat' dir='ltr'><strong><em>esse</em></strong></span> <span class='ocrx_word' id='word_1_633' title='bbox 2427 4307 2629 4371; x_wconf 90' lang='lat' dir='ltr'><strong><em>utilius,</em></strong></span> <span class='ocrx_word' id='word_1_634' title='bbox 2663 4308 2805 4376; x_wconf 88' lang='lat' dir='ltr'><strong><em>quod</em></strong></span> <span class='ocrx_word' id='word_1_635' title='bbox 2832 4321 3025 4362; x_wconf 91' lang='lat' dir='ltr'><strong><em>secure</em></strong></span> <span class='ocrx_word' id='word_1_636' title='bbox 3058 4308 3333 4376; x_wconf 88' lang='lat' dir='ltr'><strong><em>peragitur</em></strong></span> <span class='ocrx_word' id='word_1_637' title='bbox 3353 4324 3418 4363; x_wconf 90' lang='lat' dir='ltr'><strong><em>ac</em></strong></span> <span class='ocrx_word' id='word_1_638' title='bbox 3442 4318 3580 4364; x_wconf 89' lang='lat' dir='ltr'><strong><em>tuto.</em></strong></span> 
     </span>
    </p>
   </div>
   <div class='ocr_carea' id='block_1_87' title="bbox 348 4391 1931 4468">
    <p class='ocr_par' dir='ltr' id='par_1_87' title="bbox 348 4391 1916 4468">
     <span class='ocr_line' id='line_1_88' title="bbox 348 4391 1916 4468; baseline 0.006 -24"><span class='ocrx_word' id='word_1_639' title='bbox 348 4393 508 4462; x_wconf 84' lang='grc' dir='ltr'>τῆτος</span> <span class='ocrx_word' id='word_1_640' title='bbox 535 4393 774 4460; x_wconf 79' lang='grc' dir='ltr'>ἀσφαλὲς</span> <span class='ocrx_word' id='word_1_641' title='bbox 815 4392 1276 4464; x_wconf 81' lang='grc' dir='ltr'>λυσιτελέστερον.</span> <span class='ocrx_word' id='word_1_642' title='bbox 1307 4396 1420 4465; x_wconf 78' lang='grc' dir='ltr'>Οὐχ</span> <span class='ocrx_word' id='word_1_643' title='bbox 1448 4391 1613 4467; x_wconf 79' lang='grc' dir='ltr'>ἦττον</span> <span class='ocrx_word' id='word_1_644' title='bbox 1639 4397 1748 4468; x_wconf 82' lang='grc' dir='ltr'><strong><em>γὰρ</em></strong></span> <span class='ocrx_word' id='word_1_645' title='bbox 1778 4398 1916 4453; x_wconf 81' lang='grc' dir='ltr'>ἀλλὰ</span> 
     </span>
    </p>
   </div>
   <div class='ocr_carea' id='block_1_88' title="bbox 2011 4391 3579 4468">
    <p class='ocr_par' dir='ltr' id='par_1_88' title="bbox 2021 4395 3579 4467">
     <span class='ocr_line' id='line_1_89' title="bbox 2021 4395 3579 4467; baseline 0.003 -17"><span class='ocrx_word' id='word_1_646' title='bbox 2021 4395 2205 4466; x_wconf 79' lang='lat' dir='ltr'><strong><em>Neque</em></strong></span> <span class='ocrx_word' id='word_1_647' title='bbox 2232 4398 2409 4452; x_wconf 73' lang='lat' dir='ltr'><strong><em>minus</em></strong></span> <span class='ocrx_word' id='word_1_648' title='bbox 2434 4396 2564 4452; x_wconf 86' lang='lat' dir='ltr'><strong><em>clari</em></strong></span> <span class='ocrx_word' id='word_1_649' title='bbox 2602 4406 2747 4460; x_wconf 92' lang='lat' dir='ltr'><strong><em>sunt,</em></strong></span> <span class='ocrx_word' id='word_1_650' title='bbox 2771 4398 3015 4466; x_wconf 82' lang='lat' dir='ltr'><strong><em>quinimo</em></strong></span> <span class='ocrx_word' id='word_1_651' title='bbox 3049 4397 3366 4455; x_wconf 90' lang='lat' dir='ltr'><strong><em>illustriores</em></strong></span> <span class='ocrx_word' id='word_1_652' title='bbox 3396 4403 3579 4467; x_wconf 89' lang='lat' dir='ltr'><strong><em>etiam,</em></strong></span> 
     </span>
    </p>
   </div>
   <div class='ocr_carea' id='block_1_89' title="bbox 350 4483 1931 4559">
    <p class='ocr_par' dir='ltr' id='par_1_89' title="bbox 350 4483 1912 4559">
     <span class='ocr_line' id='line_1_90' title="bbox 350 4483 1912 4559; baseline 0.004 -22"><span class='ocrx_word' id='word_1_653' title='bbox 350 4484 444 4537; x_wconf 66' lang='grc' dir='ltr'><strong><em>καὶ</em></strong></span> <span class='ocrx_word' id='word_1_654' title='bbox 491 4483 691 4552; x_wconf 83' lang='grc' dir='ltr'>μᾶλλον</span> <span class='ocrx_word' id='word_1_655' title='bbox 737 4483 1110 4558; x_wconf 82' lang='grc' dir='ltr'>εὐκλεέστεροι</span> <span class='ocrx_word' id='word_1_656' title='bbox 1157 4486 1299 4540; x_wconf 79' lang='grc' dir='ltr'>κατὰ</span> <span class='ocrx_word' id='word_1_657' title='bbox 1340 4487 1504 4557; x_wconf 86' lang='grc' dir='ltr'>τάχος</span> <span class='ocrx_word' id='word_1_658' title='bbox 1555 4487 1823 4559; x_wconf 86' lang='grc' dir='ltr'>λαμπρῶν</span> <span class='ocrx_word' id='word_1_659' title='bbox 1861 4491 1912 4543; x_wconf 81' lang='grc' dir='ltr'>οἱ</span> 
     </span>
    </p>
   </div>
   <div class='ocr_carea' id='block_1_90' title="bbox 2011 4483 3582 4559">
    <p class='ocr_par' dir='ltr' id='par_1_90' title="bbox 2020 4484 3582 4555">
     <span class='ocr_line' id='line_1_91' title="bbox 2020 4484 3582 4555; baseline 0.001 -14"><span class='ocrx_word' id='word_1_660' title='bbox 2020 4484 2111 4553; x_wconf 88' lang='lat' dir='ltr'><strong><em>qui</em></strong></span> <span class='ocrx_word' id='word_1_661' title='bbox 2159 4494 2367 4539; x_wconf 87' lang='lat' dir='ltr'><strong><em>mature</em></strong></span> <span class='ocrx_word' id='word_1_662' title='bbox 2407 4494 2462 4540; x_wconf 91' lang='lat' dir='ltr'><strong><em>et</em></strong></span> <span class='ocrx_word' id='word_1_663' title='bbox 2509 4484 2653 4540; x_wconf 87' lang='lat' dir='ltr'><strong><em>lente</em></strong></span> <span class='ocrx_word' id='word_1_664' title='bbox 2697 4486 2892 4541; x_wconf 85' lang='lat' dir='ltr'><strong><em>similia</em></strong></span> <span class='ocrx_word' id='word_1_665' title='bbox 2940 4500 3103 4555; x_wconf 85' lang='lat' dir='ltr'><strong><em>opera</em></strong></span> <span class='ocrx_word' id='word_1_666' title='bbox 3131 4487 3582 4555; x_wconf 67' lang='lat' dir='ltr'><strong><em>praestiteruntiis</em></strong></span> 
     </span>
    </p>
   </div>
   <div class='ocr_carea' id='block_1_91' title="bbox 351 4574 1931 4654">
    <p class='ocr_par' dir='ltr' id='par_1_91' title="bbox 351 4574 1915 4654">
     <span class='ocr_line' id='line_1_92' title="bbox 351 4574 1915 4654; baseline 0.006 -29"><span class='ocrx_word' id='word_1_667' title='bbox 351 4574 566 4627; x_wconf 87' lang='grc' dir='ltr'>συνέσει</span> <span class='ocrx_word' id='word_1_668' title='bbox 598 4574 1005 4647; x_wconf 71' lang='grc' dir='ltr'>καὶβραδυτῆτι</span> <span class='ocrx_word' id='word_1_669' title='bbox 1024 4576 1092 4632; x_wconf 79' lang='grc' dir='ltr'><strong><em>τά</em></strong></span> <span class='ocrx_word' id='word_1_670' title='bbox 1117 4576 1206 4631; x_wconf 79' lang='grc' dir='ltr'><strong><em>ἴσα</em></strong></span> <span class='ocrx_word' id='word_1_671' title='bbox 1238 4578 1562 4648; x_wconf 81' lang='grc' dir='ltr'>πράξαντες.</span> <span class='ocrx_word' id='word_1_672' title='bbox 1593 4580 1657 4632; x_wconf 81' lang='grc' dir='ltr'><strong><em>Οἱ</em></strong></span> <span class='ocrx_word' id='word_1_673' title='bbox 1685 4581 1782 4651; x_wconf 88' lang='grc' dir='ltr'><strong><em>μὲν</em></strong></span> <span class='ocrx_word' id='word_1_674' title='bbox 1805 4582 1915 4654; x_wconf 85' lang='grc' dir='ltr'>γὰρ</span> 
     </span>
    </p>
   </div>
   <div class='ocr_carea' id='block_1_92' title="bbox 2011 4574 3580 4654">
    <p class='ocr_par' dir='ltr' id='par_1_92' title="bbox 2021 4575 3580 4647">
     <span class='ocr_line' id='line_1_93' title="bbox 2021 4575 3580 4647; baseline 0.002 -18"><span class='ocrx_word' id='word_1_675' title='bbox 2021 4577 2111 4645; x_wconf 92' lang='lat' dir='ltr'><strong><em>qui</em></strong></span> <span class='ocrx_word' id='word_1_676' title='bbox 2142 4576 2212 4631; x_wconf 94' lang='lat' dir='ltr'><strong><em>ob</em></strong></span> <span class='ocrx_word' id='word_1_677' title='bbox 2248 4576 2578 4631; x_wconf 88' lang='lat' dir='ltr'><strong><em>celeritatem</em></strong></span> <span class='ocrx_word' id='word_1_678' title='bbox 2607 4575 2970 4643; x_wconf 72' lang='lat' dir='ltr'><strong><em>celebrantur,</em></strong></span> <span class='ocrx_word' id='word_1_679' title='bbox 3005 4586 3061 4633; x_wconf 80' lang='lat' dir='ltr'><strong><em>et</em></strong></span> <span class='ocrx_word' id='word_1_680' title='bbox 3097 4577 3397 4634; x_wconf 90' lang='lat' dir='ltr'><strong><em>lentitudini</em></strong></span> <span class='ocrx_word' id='word_1_681' title='bbox 3428 4580 3580 4647; x_wconf 87' lang='lat' dir='ltr'><strong><em>paria</em></strong></span> 
     </span>
    </p>
   </div>
   <div class='ocr_carea' id='block_1_93' title="bbox 352 4665 1931 4742">
    <p class='ocr_par' dir='ltr' id='par_1_93' title="bbox 352 4665 1899 4742">
     <span class='ocr_line' id='line_1_94' title="bbox 352 4665 1899 4742; baseline 0.007 -27"><span class='ocrx_word' id='word_1_682' title='bbox 352 4665 443 4716; x_wconf 77' lang='grc' dir='ltr'>καὶ</span> <span class='ocrx_word' id='word_1_683' title='bbox 475 4665 732 4735; x_wconf 82' lang='grc' dir='ltr'>χρήματα</span> <span class='ocrx_word' id='word_1_684' title='bbox 774 4668 869 4720; x_wconf 70' lang='grc' dir='ltr'><strong><em>καὶ</em></strong></span> <span class='ocrx_word' id='word_1_685' title='bbox 900 4667 1127 4737; x_wconf 88' lang='grc' dir='ltr'>σώματα</span> <span class='ocrx_word' id='word_1_686' title='bbox 1155 4669 1529 4734; x_wconf 82' lang='grc' dir='ltr'>ἀναλώσαντες</span> <span class='ocrx_word' id='word_1_687' title='bbox 1555 4673 1899 4742; x_wconf 85' lang='grc' dir='ltr'>νενικηκέναι</span> 
     </span>
    </p>
   </div>
   <div class='ocr_carea' id='block_1_94' title="bbox 2011 4665 3582 4742">
    <p class='ocr_par' dir='ltr' id='par_1_94' title="bbox 2021 4667 3582 4739">
     <span class='ocr_line' id='line_1_95' title="bbox 2021 4667 3582 4739; baseline 0.003 -18"><span class='ocrx_word' id='word_1_688' title='bbox 2021 4667 2245 4722; x_wconf 85' lang='lat' dir='ltr'><strong><em>faciunt.</em></strong></span> <span class='ocrx_word' id='word_1_689' title='bbox 2279 4667 2361 4722; x_wconf 89' lang='lat' dir='ltr'><strong><em>llli</em></strong></span> <span class='ocrx_word' id='word_1_690' title='bbox 2406 4668 2622 4737; x_wconf 91' lang='lat' dir='ltr'><strong><em>quidem</em></strong></span> <span class='ocrx_word' id='word_1_691' title='bbox 2672 4669 2811 4723; x_wconf 90' lang='lat' dir='ltr'><strong><em>bona</em></strong></span> <span class='ocrx_word' id='word_1_692' title='bbox 2861 4684 2957 4724; x_wconf 90' lang='lat' dir='ltr'><strong><em>sua</em></strong></span> <span class='ocrx_word' id='word_1_693' title='bbox 3010 4678 3173 4739; x_wconf 87' lang='lat' dir='ltr'><strong><em>atque</em></strong></span> <span class='ocrx_word' id='word_1_694' title='bbox 3214 4671 3348 4726; x_wconf 90' lang='lat' dir='ltr'><strong><em>adeo</em></strong></span> <span class='ocrx_word' id='word_1_695' title='bbox 3388 4685 3582 4739; x_wconf 90' lang='lat' dir='ltr'><strong><em>corpus</em></strong></span> 
     </span>
    </p>
   </div>
   <div class='ocr_carea' id='block_1_95' title="bbox 351 4754 1931 4832">
    <p class='ocr_par' dir='ltr' id='par_1_95' title="bbox 351 4754 1910 4832">
     <span class='ocr_line' id='line_1_96' title="bbox 351 4754 1910 4832; baseline 0.006 -26"><span class='ocrx_word' id='word_1_696' title='bbox 351 4754 616 4809; x_wconf 60' lang='grc' dir='ltr'>δοκοῦσιν</span> <span class='ocrx_word' id='word_1_697' title='bbox 649 4758 698 4809; x_wconf 87' lang='grc' dir='ltr'><strong><em>οί</em></strong></span> <span class='ocrx_word' id='word_1_698' title='bbox 733 4757 791 4810; x_wconf 85' lang='grc' dir='ltr'>δὲ</span> <span class='ocrx_word' id='word_1_699' title='bbox 818 4758 947 4812; x_wconf 78' lang='grc' dir='ltr'>ἄνευ</span> <span class='ocrx_word' id='word_1_700' title='bbox 986 4757 1188 4829; x_wconf 77' lang='grc' dir='ltr'>ζημίας</span> <span class='ocrx_word' id='word_1_701' title='bbox 1210 4760 1310 4831; x_wconf 84' lang='grc' dir='ltr'>τὴν</span> <span class='ocrx_word' id='word_1_702' title='bbox 1341 4762 1497 4831; x_wconf 87' lang='grc' dir='ltr'>νίκην</span> <span class='ocrx_word' id='word_1_703' title='bbox 1537 4763 1874 4832; x_wconf 78' lang='grc' dir='ltr'>καρποῦνται</span> <span class='ocrx_word' id='word_1_704' title='bbox 1896 4781 1910 4796; x_wconf 89' lang='grc'><strong>·</strong></span> 
     </span>
    </p>
   </div>
   <div class='ocr_carea' id='block_1_96' title="bbox 2011 4754 3580 4832">
    <p class='ocr_par' dir='ltr' id='par_1_96' title="bbox 2016 4758 3580 4828">
     <span class='ocr_line' id='line_1_97' title="bbox 2016 4758 3580 4828; baseline 0 -15"><span class='ocrx_word' id='word_1_705' title='bbox 2016 4760 2385 4828; x_wconf 87' lang='lat' dir='ltr'><strong><em>impendentes</em></strong></span> <span class='ocrx_word' id='word_1_706' title='bbox 2414 4759 2609 4814; x_wconf 88' lang='lat' dir='ltr'><strong><em>vicisse</em></strong></span> <span class='ocrx_word' id='word_1_707' title='bbox 2656 4758 2932 4826; x_wconf 87' lang='lat' dir='ltr'><strong><em>videntur;</em></strong></span> <span class='ocrx_word' id='word_1_708' title='bbox 2962 4759 3016 4813; x_wconf 93' lang='lat' dir='ltr'><strong><em>hi</em></strong></span> <span class='ocrx_word' id='word_1_709' title='bbox 3045 4774 3171 4814; x_wconf 90' lang='lat' dir='ltr'><strong><em>vero</em></strong></span> <span class='ocrx_word' id='word_1_710' title='bbox 3218 4760 3337 4814; x_wconf 88' lang='lat' dir='ltr'><strong><em>sine</em></strong></span> <span class='ocrx_word' id='word_1_711' title='bbox 3380 4760 3580 4813; x_wconf 89' lang='lat' dir='ltr'><strong><em>damno</em></strong></span> 
     </span>
    </p>
   </div>
   <div class='ocr_carea' id='block_1_97' title="bbox 354 4844 1931 4925">
    <p class='ocr_par' dir='ltr' id='par_1_97' title="bbox 354 4844 1916 4925">
     <span class='ocr_line' id='line_1_98' title="bbox 354 4844 1916 4925; baseline 0.007 -28"><span class='ocrx_word' id='word_1_712' title='bbox 354 4845 449 4897; x_wconf 75' lang='grc' dir='ltr'>καὶ</span> <span class='ocrx_word' id='word_1_713' title='bbox 474 4844 523 4895; x_wconf 82' lang='lat' dir='ltr'><strong><em>oi.</em></strong></span> <span class='ocrx_word' id='word_1_714' title='bbox 555 4846 653 4914; x_wconf 81' lang='grc' dir='ltr'>μὲν</span> <span class='ocrx_word' id='word_1_715' title='bbox 680 4846 781 4901; x_wconf 86' lang='grc' dir='ltr'><strong><em>οὐκ</em></strong></span> <span class='ocrx_word' id='word_1_716' title='bbox 814 4847 995 4918; x_wconf 77' lang='grc' dir='ltr'>έχουσι</span> <span class='ocrx_word' id='word_1_717' title='bbox 1042 4849 1291 4920; x_wconf 81' lang='grc' dir='ltr'>καθαρὰν</span> <span class='ocrx_word' id='word_1_718' title='bbox 1335 4852 1570 4922; x_wconf 84' lang='grc' dir='ltr'>ἀθυμίας</span> <span class='ocrx_word' id='word_1_719' title='bbox 1605 4853 1819 4925; x_wconf 82' lang='grc' dir='ltr'>ἡδονὴν,</span> <span class='ocrx_word' id='word_1_720' title='bbox 1866 4856 1916 4907; x_wconf 81' lang='grc' dir='ltr'>οι</span> 
     </span>
    </p>
   </div>
   <div class='ocr_carea' id='block_1_98' title="bbox 2011 4844 3581 4925">
    <p class='ocr_par' dir='ltr' id='par_1_98' title="bbox 2019 4849 3581 4920">
     <span class='ocr_line' id='line_1_99' title="bbox 2019 4849 3581 4920; baseline -0.001 -16"><span class='ocrx_word' id='word_1_721' title='bbox 2019 4852 2295 4905; x_wconf 87' lang='lat' dir='ltr'><strong><em>victoriam</em></strong></span> <span class='ocrx_word' id='word_1_722' title='bbox 2328 4853 2643 4920; x_wconf 86' lang='lat' dir='ltr'><strong><em>decerpunt.</em></strong></span> <span class='ocrx_word' id='word_1_723' title='bbox 2684 4850 2751 4905; x_wconf 82' lang='lat' dir='ltr'><strong><em>Et</em></strong></span> <span class='ocrx_word' id='word_1_724' title='bbox 2797 4849 2871 4904; x_wconf 94' lang='lat' dir='ltr'><strong><em>illi</em></strong></span> <span class='ocrx_word' id='word_1_725' title='bbox 2923 4849 3137 4918; x_wconf 91' lang='lat' dir='ltr'><strong><em>quidem</em></strong></span> <span class='ocrx_word' id='word_1_726' title='bbox 3191 4850 3456 4919; x_wconf 89' lang='lat' dir='ltr'><strong><em>impuram</em></strong></span> <span class='ocrx_word' id='word_1_727' title='bbox 3492 4865 3581 4905; x_wconf 86' lang='lat' dir='ltr'><strong><em>so—</em></strong></span> 
     </span>
    </p>
   </div>
   <div class='ocr_carea' id='block_1_99' title="bbox 354 4930 1931 5015">
    <p class='ocr_par' dir='ltr' id='par_1_99' title="bbox 354 4930 1595 5015">
     <span class='ocr_line' id='line_1_100' title="bbox 354 4930 1595 5015; baseline 0.011 -33"><span class='ocrx_word' id='word_1_728' title='bbox 354 4930 413 4984; x_wconf 67' lang='lat' dir='ltr'><strong><em>st</em></strong></span> <span class='ocrx_word' id='word_1_729' title='bbox 442 4930 709 5015; x_wconf 60' lang='grc' dir='ltr'>εἱλικρινῆ</span> <span class='ocrx_word' id='word_1_730' title='bbox 738 4936 1076 5005; x_wconf 87' lang='grc' dir='ltr'>καρποῦνται</span> <span class='ocrx_word' id='word_1_731' title='bbox 1108 4936 1207 5008; x_wconf 81' lang='grc' dir='ltr'><strong><em>τὴν</em></strong></span> <span class='ocrx_word' id='word_1_732' title='bbox 1240 4938 1595 5012; x_wconf 83' lang='grc' dir='ltr'>εὐφροσύνην.</span> 
     </span>
    </p>
   </div>
   <div class='ocr_carea' id='block_1_100' title="bbox 2011 4930 3582 5015">
    <p class='ocr_par' dir='ltr' id='par_1_100' title="bbox 2017 4938 3582 5009">
     <span class='ocr_line' id='line_1_101' title="bbox 2017 4938 3582 5009; baseline 0.001 -15"><span class='ocrx_word' id='word_1_733' title='bbox 2017 4941 2214 4994; x_wconf 74' lang='lat' dir='ltr'><strong><em>cordia:</em></strong></span> <span class='ocrx_word' id='word_1_734' title='bbox 2242 4941 2461 5007; x_wconf 86' lang='lat' dir='ltr'><strong><em>capiunt</em></strong></span> <span class='ocrx_word' id='word_1_735' title='bbox 2481 4941 2805 5009; x_wconf 83' lang='lat' dir='ltr'><strong><em>voluptatem</em></strong></span> <span class='ocrx_word' id='word_1_736' title='bbox 2826 4938 3064 5003; x_wconf 82' lang='lat' dir='ltr'><strong><em>;hivero</em></strong></span> <span class='ocrx_word' id='word_1_737' title='bbox 3080 4938 3349 4995; x_wconf 82' lang='lat' dir='ltr'><strong><em>sincerum</em></strong></span> <span class='ocrx_word' id='word_1_738' title='bbox 3378 4939 3582 4996; x_wconf 65' lang='lat' dir='ltr'><strong><em>ltutitize</em></strong></span> 
     </span>
    </p>
   </div>
   <div class='ocr_carea' id='block_1_101' title="bbox 2021 5033 2528 5102">
    <p class='ocr_par' dir='ltr' id='par_1_101' title="bbox 2021 5033 2528 5102">
     <span class='ocr_line' id='line_1_102' title="bbox 2021 5033 2528 5102; baseline 0 -15"><span class='ocrx_word' id='word_1_739' title='bbox 2021 5035 2237 5102; x_wconf 70' lang='lat' dir='ltr'><strong><em>Cupiunt</em></strong></span> <span class='ocrx_word' id='word_1_740' title='bbox 2255 5033 2528 5088; x_wconf 38' lang='lat' dir='ltr'><strong><em>fruetutnr</em></strong></span> 
     </span>
    </p>
   </div>
   <div class='ocr_carea' id='block_1_102' title="bbox 380 5177 949 5247">
    <p class='ocr_par' dir='ltr' id='par_1_102' title="bbox 380 5177 949 5247">
     <span class='ocr_line' id='line_1_103' title="bbox 380 5177 949 5247; baseline 0.011 -16"><span class='ocrx_word' id='word_1_741' title='bbox 380 5179 428 5211; x_wconf 80' lang='grc'><strong><em>’⁸</em></strong></span> <span class='ocrx_word' id='word_1_742' title='bbox 465 5177 598 5232; x_wconf 88' lang='lat' dir='ltr'><strong><em>Luc.</em></strong></span> <span class='ocrx_word' id='word_1_743' title='bbox 631 5195 821 5247; x_wconf 74' lang='lat' dir='ltr'><strong><em>nvut,</em></strong></span> <span class='ocrx_word' id='word_1_744' title='bbox 858 5180 949 5237; x_wconf 77' lang='lat' dir='ltr'><strong><em>l0.</em></strong></span> 
     </span>
    </p>
   </div>
   <div class='ocr_carea' id='block_1_103' title="bbox 1454 5328 2511 5391">
    <p class='ocr_par' dir='ltr' id='par_1_103' title="bbox 1454 5328 2511 5391">
     <span class='ocr_line' id='line_1_104' title="bbox 1454 5328 2511 5391; baseline 0.009 -10"><span class='ocrx_word' id='word_1_745' title='bbox 1454 5328 1689 5383; x_wconf 76' lang='lat' dir='ltr'><strong><em>VARUE</em></strong></span> <span class='ocrx_word' id='word_1_746' title='bbox 1728 5328 2112 5385; x_wconf 62' lang='lat' dir='ltr'><strong><em>LECTJONES</em></strong></span> <span class='ocrx_word' id='word_1_747' title='bbox 2148 5330 2239 5387; x_wconf 84' lang='lat' dir='ltr'><strong><em>ET</em></strong></span> <span class='ocrx_word' id='word_1_748' title='bbox 2278 5332 2511 5391; x_wconf 62' lang='lat' dir='ltr'><strong><em>NOTAE;</em></strong></span> 
     </span>
    </p>
   </div>
   <div class='ocr_carea' id='block_1_104' title="bbox 382 5447 3474 5568">
    <p class='ocr_par' dir='ltr' id='par_1_104' title="bbox 382 5479 3474 5568">
     <span class='ocr_line' id='line_1_105' title="bbox 382 5479 3474 5568; baseline 0.002 -29"><span class='ocrx_word' id='word_1_749' title='bbox 382 5486 547 5568; x_wconf 68' lang='lat'><strong><em>~(23)</em></strong></span> <span class='ocrx_word' id='word_1_750' title='bbox 587 5485 691 5568; x_wconf 51' lang='lat' dir='ltr'><strong><em>P&#39;ro</em></strong></span> <span class='ocrx_word' id='word_1_751' title='bbox 737 5479 849 5538; x_wconf 75' lang='grc' dir='ltr'>οἷόν</span> <span class='ocrx_word' id='word_1_752' title='bbox 877 5502 938 5537; x_wconf 89' lang='grc' dir='ltr'><strong><em>τε</em></strong></span> <span class='ocrx_word' id='word_1_753' title='bbox 980 5484 1138 5539; x_wconf 86' lang='lat' dir='ltr'><strong><em>codd.</em></strong></span> <span class='ocrx_word' id='word_1_754' title='bbox 1185 5483 1304 5539; x_wconf 79' lang='lat' dir='ltr'><strong><em>Vat.</em></strong></span> <span class='ocrx_word' id='word_1_755' title='bbox 1338 5481 1441 5553; x_wconf 71' lang='lat'><strong><em>650</em></strong></span> <span class='ocrx_word' id='word_1_756' title='bbox 1482 5492 1537 5536; x_wconf 89' lang='lat' dir='ltr'><strong><em>et</em></strong></span> <span class='ocrx_word' id='word_1_757' title='bbox 1570 5480 1677 5535; x_wconf 83' lang='lat' dir='ltr'><strong><em>Alt.</em></strong></span> <span class='ocrx_word' id='word_1_758' title='bbox 1729 5481 1928 5535; x_wconf 86' lang='lat' dir='ltr'><strong><em>habent</em></strong></span> <span class='ocrx_word' id='word_1_759' title='bbox 2025 5484 2386 5568; x_wconf 56' lang='lat' dir='ltr'><strong><em>coniecturam</em></strong></span> <span class='ocrx_word' id='word_1_760' title='bbox 2422 5490 2487 5540; x_wconf 81' lang='lat' dir='ltr'><strong><em>ad</em></strong></span> <span class='ocrx_word' id='word_1_761' title='bbox 2518 5488 2899 5568; x_wconf 73' lang='lat' dir='ltr'><strong><em>divinationem</em></strong></span> <span class='ocrx_word' id='word_1_762' title='bbox 2929 5504 3075 5568; x_wconf 56' lang='lat' dir='ltr'><strong><em>verre</em></strong></span> <span class='ocrx_word' id='word_1_763' title='bbox 3099 5488 3474 5568; x_wconf 28' lang='lat' dir='ltr'><strong><em>lcctiouisalp.</em></strong></span> 
     </span>
    </p>
   </div>
   <div class='ocr_carea' id='block_1_105' title="bbox 352 5554 1931 5629">
    <p class='ocr_par' dir='ltr' id='par_1_105' title="bbox 352 5554 1755 5629">
     <span class='ocr_line' id='line_1_106' title="bbox 352 5554 1755 5629; baseline -0.001 -20"><span class='ocrx_word' id='word_1_764' title='bbox 352 5554 598 5629; x_wconf 43' lang='lat' dir='ltr'><strong><em>timaret:L</em></strong></span> <span class='ocrx_word' id='word_1_765' title='bbox 615 5554 825 5629; x_wconf 64' lang='lat' dir='ltr'><strong><em>Possm.</em></strong></span> <span class='ocrx_word' id='word_1_766' title='bbox 1028 5623 1039 5629; x_wconf 87' lang='lat'>_</span> <span class='ocrx_word' id='word_1_767' title='bbox 1168 5622 1200 5629; x_wconf 90' lang='lat'><strong><em>__</em></strong></span> <span class='ocrx_word' id='word_1_768' title='bbox 1225 5623 1236 5629; x_wconf 89' lang='lat'>_</span> <span class='ocrx_word' id='word_1_769' title='bbox 1444 5622 1473 5629; x_wconf 49' lang='grc' dir='ltr'>η</span> <span class='ocrx_word' id='word_1_770' title='bbox 1740 5620 1755 5629; x_wconf 38' lang='grc' dir='ltr'>ι</span> 
     </span>
    </p>
   </div>
   <div class='ocr_carea' id='block_1_106' title="bbox 2011 5554 3584 5629">
    <p class='ocr_par' dir='ltr' id='par_1_106' title="bbox 2097 5554 3584 5629">
     <span class='ocr_line' id='line_1_107' title="bbox 2097 5554 3584 5629; baseline 0.005 -24"><span class='ocrx_word' id='word_1_771' title='bbox 2097 5554 2205 5619; x_wconf 74' lang='lat'><strong><em>(&#39;25)</em></strong></span> <span class='ocrx_word' id='word_1_772' title='bbox 2229 5556 2514 5629; x_wconf 47' lang='lat' dir='ltr'><strong><em>usi-nvom</em></strong></span> <span class='ocrx_word' id='word_1_773' title='bbox 2547 5558 2706 5612; x_wconf 83' lang='lat' dir='ltr'><strong><em>iidem</em></strong></span> <span class='ocrx_word' id='word_1_774' title='bbox 2741 5562 2896 5613; x_wconf 86' lang='lat' dir='ltr'><strong><em>ambo</em></strong></span> <span class='ocrx_word' id='word_1_775' title='bbox 2942 5561 3096 5613; x_wconf 88' lang='lat' dir='ltr'><strong><em>codd.</em></strong></span> <span class='ocrx_word' id='word_1_776' title='bbox 3136 5570 3344 5613; x_wconf 86' lang='lat' dir='ltr'><strong><em>mutant</em></strong></span> <span class='ocrx_word' id='word_1_777' title='bbox 3366 5559 3424 5613; x_wconf 74' lang='lat' dir='ltr'><strong><em>in</em></strong></span> <span class='ocrx_word' id='word_1_778' title='bbox 3460 5560 3584 5629; x_wconf 78' lang='grc' dir='ltr'>φαί-</span> 
     </span>
    </p>
   </div>
   <div class='ocr_carea' id='block_1_107' title="bbox 429 5620 1931 5693">
    <p class='ocr_par' dir='ltr' id='par_1_107' title="bbox 429 5620 1927 5693">
     <span class='ocr_line' id='line_1_108' title="bbox 429 5620 1927 5693; baseline -0.005 -16"><span class='ocrx_word' id='word_1_779' title='bbox 429 5625 538 5691; x_wconf 63' lang='grc'><strong><em>124)</em></strong></span> <span class='ocrx_word' id='word_1_780' title='bbox 568 5622 671 5676; x_wconf 88' lang='lat' dir='ltr'><strong><em>Pro</em></strong></span> <span class='ocrx_word' id='word_1_781' title='bbox 701 5623 1132 5693; x_wconf 86' lang='grc' dir='ltr'>πεπλησιακότες</span> <span class='ocrx_word' id='word_1_782' title='bbox 1168 5622 1325 5675; x_wconf 87' lang='lat' dir='ltr'><strong><em>iidem</em></strong></span> <span class='ocrx_word' id='word_1_783' title='bbox 1351 5622 1592 5693; x_wconf 80' lang='lat' dir='ltr'><strong><em>scribunt</em></strong></span> <span class='ocrx_word' id='word_1_784' title='bbox 1627 5620 1927 5693; x_wconf 71' lang='grc' dir='ltr'>πεπλησια-</span> 
     </span>
    </p>
   </div>
   <div class='ocr_carea' id='block_1_108' title="bbox 2011 5620 2300 5693">
    <p class='ocr_par' dir='ltr' id='par_1_108' title="bbox 2023 5623 2300 5677">
     <span class='ocr_line' id='line_1_109' title="bbox 2023 5623 2300 5677; baseline 0.007 -2"><span class='ocrx_word' id='word_1_785' title='bbox 2023 5638 2191 5677; x_wconf 80' lang='grc' dir='ltr'>νεται.</span> <span class='ocrx_word' id='word_1_786' title='bbox 2226 5623 2300 5677; x_wconf 80' lang='lat' dir='ltr'><strong><em>lu.</em></strong></span> 
     </span>
    </p>
   </div>
   <div class='ocr_carea' id='block_1_109' title="bbox 362 5690 1927 5760">
    <p class='ocr_par' dir='ltr' id='par_1_109' title="bbox 362 5690 1927 5760">
     <span class='ocr_line' id='line_1_110' title="bbox 362 5690 1927 5760; baseline -0.003 -14"><span class='ocrx_word' id='word_1_787' title='bbox 362 5690 622 5759; x_wconf 76' lang='grc' dir='ltr'>στικότες,</span> <span class='ocrx_word' id='word_1_788' title='bbox 657 5690 884 5749; x_wconf 83' lang='lat' dir='ltr'><strong><em>tortasse</em></strong></span> <span class='ocrx_word' id='word_1_789' title='bbox 918 5693 1207 5757; x_wconf 87' lang='lat' dir='ltr'><strong><em>mendose,</em></strong></span> <span class='ocrx_word' id='word_1_790' title='bbox 1235 5697 1329 5746; x_wconf 85' lang='lat' dir='ltr'><strong><em>sed</em></strong></span> <span class='ocrx_word' id='word_1_791' title='bbox 1362 5691 1502 5760; x_wconf 78' lang='lat' dir='ltr'><strong><em>quod</em></strong></span> <span class='ocrx_word' id='word_1_792' title='bbox 1546 5699 1706 5758; x_wconf 81' lang='lat' dir='ltr'><strong><em>queat</em></strong></span> <span class='ocrx_word' id='word_1_793' title='bbox 1733 5690 1927 5759; x_wconf 83' lang='lat' dir='ltr'><strong><em>juvare</em></strong></span> 
     </span>
    </p>
   </div>
  </div>
