3974 6144
454 307 586 374 1427

1647 313 1704 370 S.
1749 310 2040 373 ISIDORI
2077 310 2510 371 PELUSIOTAE

3567 314 3587 377 1
3599 316 3693 378 428

440 425 682 480 cum.
768 422 1519 501 ιΕοΝΤιο-,ηιιᾼιῃξιετιο
1598 426 1685 480 ET
1768 425 2012 480 ALPIIIO

2126 427 2295 480 rex.
2333 457 2403 466 -
2438 426 3178 501 ΛΕΟΝΤΙῼΔ-ᾼ-ιξὶψβτιῼ,
3235 428 3522 500 ΛΛΦΕΙῼ,
3556 428 3690 483 em-

1052 492 1417 550 EPISCOPIS.

2728 498 3042 552 ΣΚΟΠΟΙΣ.

450 603 695 657 Primum
732 604 989 668 consulto,
1018 602 1135 655 dein
1162 604 1302 673 facto
1332 620 1458 672 opus
1481 616 1576 659 est.
1605 606 1890 660 Dementia:
1923 616 1998 658 est
2022 607 2156 660 male
2183 608 2473 670 consulere,
2508 608 2755 674 levitatis,
2784 610 2922 678 quod
2947 621 3146 663 rectum
3170 621 3267 675 est,
3298 628 3399 664 non
3425 614 3687 679 perﬁcere.

515 714 666 779 Quod
694 714 979 781 pulchrum
1021 728 1143 769 esse
1164 719 1437 770 decretum
1462 729 1565 779 est,
1603 718 1653 772 id
1690 719 1801 780 ttat,
1835 728 1887 772 et
1916 720 2013 773 de-

446 804 736 877 liberantes
776 804 907 860 ﬁdes
938 805 1011 859 rei
1041 815 1207 876 gestae
1236 808 1527 862 comitetur
1555 816 1787 875 oportet.
1810 807 2014 874 Quibus

442 910 573 949 vero
617 895 797 950 tuendi
832 906 1010 965 partes
1041 914 1145 952 non
1190 899 1427 968 suppetit
1464 898 1712 964 facultas,
1742 898 1797 953 hi
1828 914 2016 954 neces-

443 987 590 1041 sario
620 987 673 1041 in
707 988 969 1043 alterutro
999 989 1333 1057 delinquunt,
1372 990 1454 1045 vel
1492 991 1870 1055 decernentes,
1897 1006 2017 1058 qua:

444 1092 551 1131 non
584 1076 807 1146 liquent,
845 1080 927 1133 vel
954 1095 983 1133 a
1021 1080 1232 1149 placitis
1252 1081 1361 1136 cito
1386 1081 1744 1137 discedentes.
1776 1079 2015 1146 Quorum

444 1169 576 1224 illud
602 1170 815 1239 quidem
839 1172 1216 1241 imprudentia:
1237 1183 1322 1228 est
1355 1174 1736 1240 intolerandae;
1763 1174 1866 1227 hoc
1890 1189 2016 1229 vero

446 1262 658 1315 veniam
703 1274 976 1332 utcunque
1028 1274 1286 1319 meretur.
1330 1266 1431 1331 Qui
1474 1281 1600 1320 vero
1636 1275 1861 1335 utroque
1887 1280 2020 1334 prte-

446 1360 592 1405 stare
617 1362 863 1422 possunt,
893 1354 1141 1423 adsitque
1188 1372 1309 1410 eum
1342 1357 1591 1411 voluntas
1616 1367 1727 1411 tum
1767 1357 2016 1422 facultas,

446 1450 505 1495 nt
532 1443 598 1497 ad
627 1444 827 1497 exitum
856 1445 1049 1513 placita
1090 1461 1185 1501 sua
1227 1448 1543 1516 perducant,
1589 1449 1639 1501 hi
1696 1450 1741 1503 si
1786 1448 2016 1503 alterum

450 1532 934 1601 transgrediuntur,
964 1535 1203 1602 graviter
1222 1544 1349 1589 sunt
1374 1537 1821 1604 reprehendendi.

585 1660 749 1731 606
783 1659 1036 1718 CLXXII.
1080 1692 1148 1704 ——
1181 1663 1454 1721 ISIDORO
1512 1665 1866 1721 EPISCOPO.

2193 717 2267 769 Τὸ
2296 716 2616 787 δεδογμένον
2650 717 2812 772 καλὸν
2842 718 3093 785 γινέσθω,
3125 719 3223 773 καὶ
3260 723 3373 783 τοῖς
3413 721 3691 790 βεϐουλευ-

2126 805 2305 876 μένοις
2340 808 2371 876 ἠ
2399 806 2488 859 διὰ
2513 806 2622 859 τῶν
2651 806 2828 876 ἔργων
2863 807 3047 870 πίστις
3076 809 3315 862 ἑπέσθω.
3339 806 3435 872 Οἷς
3463 812 3561 880 μὲν
3584 815 3691 883 γὰρ

2122 896 2219 965 ούχ
2239 896 2432 949 ἕπεται
2458 898 2592 969 πρὸς
2619 898 2679 951 τὸ
2704 898 2996 966 φυλάττειν
3024 902 3057 969 ὴ
3084 900 3333 969 δύναμις,
3362 894 3507 955 οὗτοι
3531 904 3694 971 ἀναγ-

2124 986 2294 1049 καίως
2327 987 2714 1057 πλημμελοῦσι
2751 990 2877 1042 καθ’
2904 990 3187 1062 ἑκάτερον,
3213 993 3307 1045 καὶ
3332 993 3693 1063 ψηφιζόμενοι

2125 1077 2388 1145 ἀνέφικτα
2407 1117 2422 1142 ,
2456 1078 2549 1129 καὶ
2574 1078 2793 1142 λύοντες
2819 1075 2973 1143 αὖθις
3005 1080 3075 1133 τὰ
3105 1081 3334 1145 δόξαντα
3358 1098 3370 1109 ·
3401 1080 3475 1134 ὧν
3504 1084 3566 1135 τὸ
3592 1083 3693 1152 μὲν

2123 1167 2531 1238 ἀνυπέρϐλητον
2553 1169 2759 1235 ἄνοιαν,
2780 1170 2923 1231 τὸδὲ
2955 1172 3179 1241 μετρίαν
3209 1173 3533 1243 συγγνώμην
3557 1174 3689 1244 ἔχει.

2124 1253 2218 1323 Οἷς
2257 1260 2301 1312 δ’
2349 1261 2515 1331 ἄμφω
2544 1258 2653 1314 οἶόν
2700 1279 2759 1314 τε
2816 1264 3159 1334 συνδραμεῖν,
3209 1266 3302 1318 καὶ
3340 1267 3400 1318 τὸ
3448 1267 3693 1336 βουλεύε-

2122 1352 2266 1415 σθαι,
2301 1351 2396 1405 καὶ
2440 1351 2498 1403 τὸ
2523 1351 2782 1406 δύνασθαι
2813 1356 2893 1416 εἰς
2942 1356 3116 1426 πέρας
3154 1357 3310 1425 ἄγειν
3338 1358 3405 1411 τὰ
3443 1358 3689 1421 δόξαντα,

2118 1439 2326 1502 τούτοις
2374 1440 2601 1511 θάτερον
2648 1444 3078 1512 παραϐαίνουσιν
3135 1448 3508 1519 ἀπαραίτητος
3547 1467 3684 1501 κατ-

2118 1550 2336 1603 ηγορια.

2419 1664 2581 1719 ron'.
2631 1695 2687 1707 —
2711 1666 2971 1739 ΙΣΙΔΩΡῼ
3003 1669 3375 1741 ΕΠΙΣΚΟΠῼ.

1685 1780 1853 1832 Amici
1882 1783 2137 1847 quomodo
2168 1792 2427 1850 parentur-

514 1886 617 1953 Qui
657 1904 755 1957 pro
802 1891 993 1945 amicis
1032 1890 1301 1946 sollicitus
1354 1902 1437 1948 est
1488 1902 1651 1961 atque
1716 1904 2014 1962 opportune
2045 1888 2087 1942 Β

2199 1895 2255 1948 '0
2297 1895 2591 1966 κηδόμενος
2637 1897 2746 1949 τῶν
2795 1897 3061 1950 συνόντων
3093 1898 3187 1951 καὶ
3234 1899 3543 1970 προπονῶν,
3594 1902 3693 1953 καὶ

444 1980 722 2047 prospicit,
750 1990 806 2035 et
858 1982 1093 2049 ipsorum
1126 1984 1282 2037 bouis
1321 1984 1643 2051 oblectatur,
1676 1995 1729 2041 et.
1776 1989 2012 2044 adversis

2126 1986 2488 2056 συνηδόμενος
2529 1987 2629 2055 μὲν
2670 1989 2764 2040 ἐπὶ
2793 1991 2906 2051 τοῖς
2939 1988 3161 2056 ἀγαθοῖς
3201 1991 3380 2044 αὐτῶν
3406 2008 3419 2021 °
3450 1992 3692 2062 ἀχθόμε-

442 2080 634 2124 eontra
669 2087 853 2127 eorum
903 2075 1277 2141 contristatur,
1318 2092 1403 2131 nae
1436 2077 1524 2131 ille
1555 2078 1803 2149 egregius
1846 2080 2017 2133 bono-

444 2177 587 2227 rum,
623 2178 743 2231 quae
786 2173 912 2219 sunt
961 2166 1013 2220 in
1056 2166 1319 2232 amicitia,
1355 2177 1582 2222 venator
1609 2179 1713 2224 est.
1746 2169 1847 2223 Τοι
1869 2171 2013 2225 enim

442 2252 542 2307 sibi
572 2253 941 2319 obstrinxerit,
970 2257 1111 2325 quod
1145 2257 1337 2311 viderit
1391 2276 1405 2312 :
1457 2268 1534 2311 tot
1580 2270 1755 2314 autem
1796 2259 2010 2325 viderit,

442 2354 572 2411 quot
607 2345 891 2402 celebritas
918 2347 1074 2402 fama;
1105 2348 1169 2402 ad
1198 2348 1345 2401 illum
1393 2348 1725 2416 perduxerit.
1756 2350 1857 2403 Tot
1884 2364 2013 2404 vero

445 2434 822 2501 perducentur,
856 2446 985 2505 quot
1025 2438 1264 2492 honesta:
1311 2439 1433 2492 vitae
1472 2439 1771 2493 institutum
1820 2442 2013 2494 arden-

445 2535 523 2580 ter
551 2525 875 2583 adamarint.
917 2526 1048 2593 Quis
1104 2528 1270 2597 igitur
1316 2528 1417 2581 hoc
1472 2528 1734 2583 celebrior
1768 2532 2011 2595 exsistet,

442 2626 534 2669 aut
562 2615 773 2672 beatior
800 2632 887 2683 eo,
917 2618 1006 2687 qui
1053 2619 1247 2674 talibus
1281 2623 1512 2692 stipatus
1552 2619 1714 2675 fuerit
1750 2621 1978 2675 amicis?

2122 2092 2209 2138 νος
2239 2075 2296 2127 δὲ
2327 2075 2421 2127 ἐπὶ
2458 2077 2569 2138 τοῖς
2598 2075 2881 2140 δυσκόλοις
2904 2115 2920 2141 ,
2951 2076 3120 2141 δεινός
3157 2082 3272 2131 ἐστι
3317 2078 3561 2150 θηρατὴς
3590 2080 3686 2133 τοῦ

2119 2163 2216 2233 τῆς
2246 2163 2427 2232 φιλίας
2472 2166 2776 2235 χρήματος.
2807 2166 3108 2229 Τοσούτους
3159 2168 3266 2239 γὰρ
3308 2170 3489 2240 ἑαυτῷ
3520 2188 3696 2240 xpos-

2118 2255 2268 2324 δήσει
2289 2292 2303 2317 ,
2330 2255 2488 2318 ὅσους
2522 2255 2617 2309 καὶ
2658 2254 2905 2310 θεάσοιτο
2927 2275 2941 2289 ·
2991 2258 3278 2323 τοσούτους
3328 2260 3385 2313 δὲ
3418 2260 3693 2325 θεάσοιτο,

2119 2344 2278 2407 ὅσους
2310 2346 2343 2414 ἠ
2388 2344 2615 2415 εὐκλεὴς
2650 2346 2805 2417 φήμη
2838 2348 2976 2418 πρὸς
3023 2349 3185 2401 αὑτὸν
3235 2354 3645 2421 χειραγωγήσει
3670 2370 3687 2381 ·

2119 2436 2363 2489 τοσοῦτοι
2418 2436 2475 2489 δὲ
2523 2439 3135 2510 χειραγωγηθήσονται,
3183 2444 3296 2495 ὅσοι
3349 2441 3459 2494 τῶν
3508 2442 3696 2496 καλῶν

2119 2528 2571 2597 ἐπιτηδευμάτων
2606 2528 2862 2598 διάπυροί
2899 2534 3043 2585 είσιν
3070 2532 3321 2603 ἐρασταί.
3346 2534 3439 2597 Τίς
3470 2531 3565 2587 οὖν
3590 2535 3694 2588 τοῦ

2117 2621 2358 2673 τοιούτου
2384 2620 2832 2692 εὐκλεέστερος,ῆ
2859 2624 2941 2687 τίς
2969 2626 3432 2695 μακαριστότερος
3461 2625 3556 2677 τοῦ
3587 2626 3699 2678 ὑπὸ

2120 2710 2388 2765 τοσούτων
2421 2711 2586 2781 φίλων
2620 2713 3093 2785 δορυφορουμένου
3122 2733 3137 2782 ;

774 2822 1051 2879 CLXXIII.
1081 2854 1150 2865 —
1174 2822 1669 2880 ANDROMAGHO.

2530 2822 2696 2875 POI".
2722 2851 2792 2861 —
2823 2822 3269 2895 ΑΝΔΡΟΜΔΧῼ.

445 2936 528 2992 Ex
567 2948 773 3003 aspectu
806 2941 1040 2994 nascitur
1087 2959 1252 2995 amor.
1293 2940 1521 2994 Proinde
1567 2941 1813 2995 vitandus
1846 2940 2121 2991 mulierum
2168 2945 2491 3006 conspectus.
2522 2935 2603 2987 Ad
2643 2935 2775 2987 illud
2827 2935 3015 2991 Matth.
3045 2953 3096 2998 v,
3128 2936 3241 2992 28:
3281 2956 3300 2988 t
3334 2936 3437 3001 Qui
3482 2938 3693 3006 respicit

982 3013 1271 3073 mulierem,
1297 3031 1315 3063 ι
1349 3022 1444 3063 etc.
1490 3010 1729 3079 (Confer.
1764 3012 1914 3080 epist.
1944 3012 2026 3071 Π,
2058 3008 2148 3071 46,
2174 3015 2221 3059 et
2259 3006 2325 3059 οδ
2358 3002 2739 3072 Xenophontis,
2772 3006 2863 3058 lib.
2901 3021 2929 3059 v
2951 3006 3145 3073 locus.)

513 3142 608 3195 ‘el
644 3143 832 3197 videns
866 3158 931 3198 ne
975 3158 1145 3210 antes,
1191 3143 1272 3196 vel
1329 3160 1519 3197 amans
1574 3159 1642 3197 ne
1699 3143 1902 3195 videas.
1955 3139 2012 3194 S't

2192 3134 2261 3185 Ἢ
2283 3133 2425 3203 ὀρῶν
2449 3133 2523 3203 μὴ
2556 3132 2677 3206 ἔρα,
2708 3134 2903 3205 ἢὲρῶν
2937 3135 3010 3205 μὴ
3042 3136 3163 3207 ὅρα.
3184 3134 3306 3188 Είδὲ
3336 3134 3395 3188 τὸ
3426 3137 3695 3206 πρότερον

442 3235 589 3300 prius
614 3233 740 3286 illud
769 3232 977 3287 diﬂicile
1000 3235 1320 3303 quibusdam
1357 3244 1600 3303 apparet,
1627 3235 1716 3286 alii
1740 3249 1867 3287 vero
1896 3232 2011 3285 lieri

2121 3226 2227 3278 τισὶ
2258 3226 2355 3295 μὲν
2377 3224 2633 3279 δύσκολον
2662 3228 2934 3294 φαίνεται,
2965 3229 3075 3279 τισὶ
3109 3228 3165 3280 δὲ
3188 3228 3471 3300 ἀδύνατον,
3494 3228 3555 3279 τὸ
3581 3228 3695 3279 δεύ-

442 3340 600 3395 posse
656 3334 869 3395 negent,
918 3324 1142 3378 alterum
1193 3339 1322 3379 sane
1376 3325 1659 3377 tenendum
1719 3339 1782 3375 ac
1835 3324 2010 3390 reipsa

2121 3334 2277 3389 τερον
2316 3317 2616 3385 ἀσκητέον·
2656 3317 2879 3386 ἄμεινον
2924 3318 3032 3388 γὰρ
3077 3319 3345 3387 ἀσφάλεια
3377 3319 3697 3387 φιλοτιμίας

444 3418 729 3487 agendum.
760 3415 1034 3471 Securitas
1061 3415 1203 3469 enim
1236 3415 1522 3483 cautioqne
1549 3422 1769 3481 praestat
1802 3413 2010 3480 impru-

2121 3408 2349 3476 ἀκρίτου
2378 3421 2391 3435 ·
2418 3407 2513 3458 καὶ
2552 3406 2711 3459 τοῦτο
2743 3409 2874 3476 ἡμῖν
2905 3407 3004 3476 μὲν
3034 3407 3179 3469 θεῖος
3204 3408 3534 3477 προστάττει
3557 3425 3695 3478 χρη-

443 3510 591 3562 denti
617 3507 1105 3575 ambitione,idque
1126 3506 1367 3560 divinum
1391 3506 1690 3573 praescribit
1714 3504 2012 3558 oraculum.

442 3602 574 3655 Cum
609 3616 738 3656 vero
762 3600 1003 3668 gentium
1036 3609 1182 3671 gesta
1210 3596 1571 3666 depraedicare
1608 3595 1801 3657 soleas,
1838 3594 1921 3649 vel
1949 3610 2014 3649 ex

445 3692 573 3761 ipsis
598 3690 803 3746 oraculi
831 3690 1112 3745 veritatem
1143 3702 1415 3757 exponere
1444 3686 1536 3741 tibi
1564 3686 1818 3740 conabor.
1846 3682 2017 3739 Omit-

446 3794 552 3836 tatn
586 3784 767 3851 itaque
796 3797 988 3837 causas
1016 3780 1239 3851 Trojani
1269 3779 1391 3833 belli
1423 3788 1477 3832 et
1505 3776 1820 3832 Messeniaci
1858 3794 1871 3829 :
1904 3776 2015 3831 Cir-

446 3874 722 3927 rltensium
765 3887 979 3942 quoque
1022 3887 1145 3927 cum
1181 3871 1436 3940 Argivis;
1471 3869 1856 3923 Thebanorum
1886 3865 2012 3919 item

441 3965 976 4029 cumPhocensibus,
1028 3973 1211 4032 utpote
1242 3964 1352 4031 jam
1403 3962 1717 4015 decantatas
1769 3974 1833 4013 ac
1886 3972 2011 4027 pro-

444 4059 598 4113 tritas
629 4058 831 4129 (omnia
856 4058 1000 4112 enim
1032 4057 1145 4111 hch
1179 4054 1315 4109 bella
1345 4064 1398 4106 et
1423 4055 1607 4106 decem
1646 4058 1799 4105 erant
1829 4064 2014 4103 anno-

445 4163 582 4212 nun,
635 4157 691 4202 et
734 4148 804 4201 ob
858 4145 1087 4200 feminas
1133 4151 1259 4197 sunt
1311 4139 1483 4209 gesta)
1523 4140 1567 4191 Α
1612 4137 2014 4206 Xenophonteis

442 4254 592 4301 vero,
618 4254 737 4306 qua:
758 4236 949 4291 suntin
975 4235 1240 4295 manibus,
1264 4231 1569 4300 exemplum
1601 4246 1831 4284 sumam.
1861 4228 2011 4282 Scito

443 4328 604 4394 igitur
657 4322 1109 4393 quemadmodum
1161 4320 1334 4390 Cyrus
1397 4333 1569 4387 neque
1626 4318 1808 4371 videre
1869 4317 2011 4370 Pan-

445 4420 643 4473 theiam
688 4416 876 4478 voluit,
931 4414 1147 4468 tametsi
1205 4412 1651 4467 formosissimam
1697 4408 2007 4475 iudicatam,

444 4522 551 4561 non
578 4506 736 4560 modo
762 4504 980 4559 libidine
1014 4502 1264 4565 invictus,
1299 4501 1407 4553 imo
1442 4498 1795 4564 temperantia
1833 4496 2011 4550 conti-

443 4600 732 4667 nentiaque
763 4597 959 4651 clarus.
991 4596 1227 4663 Araspas
1268 4608 1395 4646 vero
1424 4594 1523 4646 etsi
1555 4599 1699 4645 esset
1739 4592 1790 4644 in
1823 4590 2011 4658 primis

443 4692 840 4762 tmgnanimus,
880 4689 952 4745 ita
992 4696 1047 4741 ut
1085 4686 1291 4740 videret
1322 4686 1571 4753 quidem,
1615 4698 1719 4736 non
1751 4681 2010 4750 concupi-

2120 3499 2274 3568 σμός.
2321 3498 2540 3568 Ἐπειδὴ
2587 3498 2643 3550 δὲ
2685 3499 2748 3551 σὺ
2781 3498 2849 3551 τὰ
2892 3498 3157 3568 Ἑλλήνων
3189 3500 3517 3571 πρεσϐεύεις
3542 3541 3556 3563 ,
3588 3502 3691 3553 κά-

2117 3590 2298 3644 κεῖθέν
2336 3608 2417 3642 σοι
2466 3590 2560 3642 τοῦ
2599 3589 2848 3661 χρησμοῦ
2890 3592 2988 3662 τήν
3027 3591 3289 3661 ἀλήθειαν
3336 3594 3690 3662 παραστῆσαι

2118 3682 2474 3752 πειράσομαι.
2520 3680 2632 3743 Τὰς
2674 3682 2773 3750 μὲν
2830 3677 2924 3734 οὖν
2974 3682 3155 3746 αἰτίας
3205 3682 3301 3735 τοῦ
3353 3700 3411 3735 τε
3458 3681 3689 3736 Ἰλιακοῦ

2118 3772 2351 3843 πολέμου
2378 3814 2392 3837 ,
2430 3773 2524 3823 καὶ
2560 3771 2653 3822 τοῦ
2700 3771 3085 3842 Μεσσηνιακοῦ
3110 3812 3125 3838 ,
3165 3773 3260 3825 τοῦ
3299 3787 3361 3826 τε
3402 3774 3691 3844 Κιρραίων

2117 3863 2252 3932 πρὸς
2293 3863 2593 3931 Ἀργείους,
2616 3860 2711 3913 τοῦ
2750 3879 2809 3913 τε
2846 3863 3098 3933 Θηϐαίων
3126 3863 3261 3934 πρὸς
3296 3865 3522 3926 Φωκέας
3553 3881 3693 3933 παρ-

2116 3954 2253 4022 ήσω,
2306 3953 2381 4016 ὼς
2421 3953 2949 4024 κατημαξευμένας⁹
3016 3954 3219 4018 πάντες
3267 3955 3376 4026 γάρ
3416 3952 3568 4009 οὗτοι
3600 3955 3693 4007 καὶ

2116 4045 2389 4107 δεκαετεῖς
2412 4084 2427 4108 ,
2458 4046 2552 4097 καὶ¹
2577 4046 2662 4099 διὰ
2696 4048 2961 4111 γυναῖκας
3000 4047 3267 4115 ἐγένοντο.
3313 4048 3451 4099 Ἀπὸ
3487 4049 3547 4101 δὲ
3582 4049 3691 4102 τῶν

2115 4134 2471 4202 Ξενοφῶντος,
2492 4130 2573 4198 οἷς
2603 4137 2697 4189 καὶ
2721 4137 3072 4207 κεχείρωσαι.
3095 4137 3193 4209 τὴν
3221 4138 3502 4205 ἀπόδειξιν
3528 4141 3691 4210 md;-

2118 4242 2298 4294 σομαι.
2329 4223 2465 4278 Ἰσθι
2494 4228 2694 4291 τοίνυν,
2725 4227 2801 4289 ὡς
2841 4231 2869 4281 ὁ
2898 4230 2994 4299 μὲν
3039 4229 3221 4301 Κῦρος
3254 4230 3391 4299 μηδὲ
3428 4232 3558 4283 ίδείν
3586 4233 3687 4301 τὴν

2116 4315 2382 4367 Πάνθειαν
2430 4316 2828 4386 ἀνασχόμενος.
2890 4318 3067 4371 καίτοι
3141 4321 3423 4389 ἀμήχανον
3496 4321 3693 4385 καλλος

2114 4404 2256 4474 ἔχειν
2314 4408 2785 4477 μαρτυρουμένην,
2837 4409 2897 4460 ού
2947 4409 3106 4478 μόνον
3148 4410 3242 4463 τοῦ
3299 4412 3399 4481 τῆς
3438 4412 3697 4481 λαγνείας

2120 4497 2391 4566 χειμῶνος
2433 4498 2532 4549 ούκ
2577 4499 2883 4569 ἐπειράθη,
2932 4500 3069 4553 ἀλλά
3114 4503 3211 4554 καὶ
3255 4503 3582 4573 σωφροσύνῃ
3614 4503 3696 4556 6t-

2117 4586 2381 4657 έλαμψεν.
2424 4588 2480 4640 ’0
2505 4588 2561 4640 δὲ
2610 4589 2892 4659 ’Δράσπας
2915 4630 2930 4654 ,
2962 4591 3165 4661 καίπερ
3202 4592 3694 4662 μεγαλοφρονῆσας

2113 4677 2189 4741 ὼς
2214 4679 2306 4731 καὶ
2326 4679 2469 4749 ὁρῶν
2500 4679 2591 4733 καὶ
2621 4680 2695 4750 μὴ
2728 4682 2889 4749 ὲρῶν,
2924 4684 3004 4745 εἰς
3032 4681 3304 4750 τοσαύτην
3337 4684 3694 4738 κατέπαυσεν

441 4757 618 4838 sceret
639 4792 839 4845 tamen,
856 4778 1078 4848 pudoris
1101 4777 1312 4830 tandem
1334 4776 1603 4845 iacturam
1624 4774 1747 4828 fecit
1774 4792 1786 4827 :
1817 4782 2008 4841 captus

2121 4769 2399 4839 αἰσχύνην,
2431 4771 2685 4841 ἐρασθεὶς
2715 4772 2908 4842 αὐτῆς,
2949 4773 3048 4825 καὶ
3084 4774 3368 4837 ἱκετεύσας
3394 4814 3408 4838 ,
3452 4776 3548 4828 καὶ
3571 4776 3694 4829 δια⁶

444 4876 584 4929 illitts
613 4887 798 4927 amore
850 4888 912 4925 ac
962 4870 1180 4939 supplex
1229 4882 1567 4936 peccansque
1608 4864 1898 4926 desiderio,
1951 4872 2009 4916 ut

445 4965 588 5018 mille
612 4963 886 5015 machinas
900 4961 1099 5031 Cyrum
1119 4962 1374 5015 adhibere
1400 4958 1563 5011 fuerit
1580 4969 1819 5017 necesse,
1845 4962 2009 5021 atque

441 5072 577 5125 opus
603 5057 763 5109 fuerit
811 5054 1060 5115 inventis,
1101 5068 1208 5120 quo
1233 5067 1262 5105 a
1291 5050 1427 5119 turpi
1461 5049 1607 5101 illum
1636 5061 1819 5100 amore
1853 5060 2009 5098 aver-

444 5157 603 5201 teret.
641 5146 769 5200 Uter
816 5144 981 5211 igitur
1013 5143 1201 5197 melior
1251 5142 1343 5195 tibi
1398 5141 1544 5193 visus
1590 5148 1702 5201 est,
1753 5138 1868 5191 isne
1914 5135 2006 5203 qui

441 5248 559 5295 tuto
604 5253 699 5291 sua
735 5236 1049 5304 disponens,
1080 5243 1135 5288 et
1169 5233 1234 5286 ad
1282 5233 1419 5285 hanc
1461 5231 1600 5284 diem
1639 5227 2006 5296 temperantiae

443 5332 661 5385 nomine
686 5328 1007 5397 praedicatus
1031 5341 1045 5388 ;
1069 5332 1160 5376 aut
1191 5323 1279 5390 qui
1310 5321 1683 5391 intempestiva
1712 5322 2006 5376 ambitione

439 5414 673 5485 teipsum
715 5417 884 5469 [cedes
934 5430 998 5467 ac
1038 5410 1340 5466 deformas?
1375 5426 1437 5465 ac
1473 5420 1599 5464 tunc
1628 5412 1842 5479 quidem
1883 5428 2007 5479 pro-

441 5508 613 5575 prium
659 5503 1018 5572 comprimens
1063 5500 1311 5568 loquendi
1345 5499 1667 5561 libertatem,
1699 5500 1790 5553 sed
1827 5500 2007 5554 omni-

445 5596 546 5646 hus
576 5593 798 5659 posthac
850 5590 1071 5644 victuris
1104 5588 1408 5655 superbiam
1437 5588 1811 5657 duplicemque
1852 5590 2005 5657 igno-

447 5682 664 5735 minium
719 5680 980 5735 exhibens
1043 5678 1410 5734 deridendam.
1447 5679 1805 5747 Quamobrem
1860 5692 2005 5737 recte

2120 4860 2340 4931 μαρτὼν
2362 4860 2459 4928 τῆς
2491 4860 2788 4930 ἐπιθυμίας
2805 4902 2821 4925 ,
2854 4862 2930 4924 ὡς
2954 4863 3365 4931 ἀναγκασθῆναι
3393 4863 3487 4915 τὸν
3509 4863 3695 4933 Κῦρον

2121 4950 2344 5020 μυρίαις
2383 4954 2653 5019 μηχαναῖς
2702 4953 2797 5005 καὶ
2838 4953 3105 5013 ἐπινοίαις
3157 4953 3498 5023 χρήσασθαι,
3549 4955 3693 5007 ὥστε

2118 5039 2421 5103 ἀπαλλάξαι
2443 5041 2648 5094 ἐκεῖνον
2666 5044 2897 5112 αἰσχρᾶς
2927 5043 3265 5113 ὑπολήψεως.
3292 5044 3388 5107 Τίς
3408 5042 3502 5099 οὖν
3526 5046 3695 5113 ἀμεί-

2116 5148 2222 5183 νων
2258 5131 2409 5202 παρὰ
2456 5133 2557 5195 σοὶ,
2595 5134 2624 5185 ὁ
2654 5133 2912 5202 ἀσφαλῶς
2945 5134 3015 5187 τὰ
3055 5135 3179 5189 καθ’
3220 5138 3413 5190 ἑαυτὸν
3460 5137 3694 5203 διαθεὶς,

2114 5224 2211 5275 κατ¹
2250 5222 2414 5293 μέχρι
2465 5223 2559 5276 νῦν
2600 5225 2691 5276 ἐπὶ
2741 5225 3065 5297 σωφροσύνῃ
3118 5228 3556 5296 ἀνυμνούμενος,
3600 5230 3636 5297 ἢ
3666 5229 3697 5281 ό

2114 5314 2396 5385 φιλοτιμία
2428 5316 2639 5387 ἀκαίρῳ
2674 5318 2864 5370 ἑαυτὸν
2896 5319 3281 5389 καταισχύνας,
3316 5320 3415 5373 καὶ
3434 5321 3560 5372 τότε
3591 5323 3694 5389 μὲν

2111 5402 2209 5473 τὴν
2242 5405 2447 5457 οἰκείαν
2488 5405 2803 5475 παρρησίαν
2841 5406 3057 5470 σϐέσας,
3098 5410 3214 5469 τοίς
3255 5407 3311 5459 δὲ
3341 5408 3486 5476 μετά
3512 5408 3696 5460 ταῦτα

2114 5497 2387 5564 παραδοὺς
2414 5497 2747 5566 κωμῳδῆσαι
2778 5498 2874 5551 καὶ
2901 5498 3000 5566 τὴν
3032 5493 3307 5566 προτέραν
3333 5498 3690 5561 ἀλαζονείαν,

2112 5586 2206 5639 κα)⁵
2225 5588 2323 5658 τὴν
2353 5586 2611 5656 δευτέραν
2647 5586 2890 5653 ἀδοξίαν;
2934 5586 3233 5655 Τοιγαροῦν
3278 5586 3375 5638 καὶ
3407 5587 3574 5648 αὐτὸς
3618 5588 3688 5638 τὰ

2114 5679 2254 5733 κατά
2282 5677 2507 5732 σεαυτὸν
2534 5676 2713 5740 καλῶς
2744 5675 2973 5743 οἰάκιζε,
3007 5676 3101 5729 καὶ
3125 5675 3200 5748 μὴ
3220 5678 3438 5749 ἀκαίρῳ
3473 5678 3684 5745 φιλοτιο
