3974 6144
353 321 490 385 Ῐ429

1232 338 1767 405 EPISTOLARUM
1807 315 1953 405 LIB.
1990 348 2055 407 ν.
2098 373 2166 382 ——
2204 349 2440 413 EPIST.
2483 353 2813 418 CLXXVII.

3467 300 3603 421 l-l30

348 429 448 529 μία
470 427 956 507 ὲκϐακχευόμενος,
984 439 1128 494 κατά
1165 443 1274 497 τῶν
1305 447 1406 517 τῆς
1433 440 1722 520 ἀσελγείας
1750 452 1924 523 βαρά-

2027 465 2112 509 tua
2148 474 2290 512 nunc
2322 461 2562 529 institue,
2599 481 2732 519 neve
2781 465 3142 522 immoderato
3167 467 3352 522 furens
3395 471 3602 522 ambitu

344 519 490 588 Θρων
523 527 717 578 σαυτὸν
741 527 921 598 φέρων
958 535 1395 606 κατακρὴμνιςε.

622 707 787 764 ΡΟΔ⁸.
819 739 889 750 -
921 713 1155 785 ΠΑΥΛῼ
1197 717 1624 778 ΜΟΝΑΖΟΝΤῘ.

2033 545 2082 598 in
2145 549 2458 605 barathrum
2504 553 2734 608 lasciviae
2768 557 2994 624 teipsum
3027 556 3371 628 libidinisque
3412 560 3603 628 praeci-

2028 640 2183 707 pites.

2197 731 2360 800 607
2389 731 2667 788 CLXXIV.
2704 765 2770 774 —
2805 736 3035 793 PAULO
3081 737 3431 794 MONACIIO.

1419 813 1677 871 Fratrum
1713 819 1874 874 trium
1908 821 2150 874 virtutem
2175 825 2526 879 commendat.

372 876 582 996 Ἀᾼὺτδς
642 904 742 976 μὲν
786 907 936 975 ἄξιος
978 911 1219 973 ἐπαίνων
1259 919 1572 991 τυγχάνεις,
1618 925 1646 976 ὁ
1685 924 1744 978 δὲ
1785 943 1922 996 πρεο

2097 930 2294 998 Dignus
2322 941 2373 984 tu
2396 932 2818 1000 quidemalaude,
2843 937 3070 1006 amplius
3089 953 3222 993 vero
3241 940 3332 1008 qui
3361 947 3412 994 te
3437 949 3597 994 aetate

340 993 604 1100 αδύτερός
658 1015 752 1051 σου
787 1001 1353 1080 ἀδελφὸς-ἀξιώτερος,
1402 1014 1430 1066 ὸ
1455 1013 1512 1066 δὲ
1546 993 1921 1085 πρεσϐύτατος

2019 1022 2311 1089 antecellit,
2339 1021 2545 1090 frater;
2582 1027 2816 1082 maxime
2861 1044 3010 1095 vero,
3053 1030 3149 1100 qui
3173 1038 3299 1084 natu
3327 1030 3596 1086 maximus

341 1085 660 1153 ἀξιώτατος.
694 1091 826 1155 Ταῖς
856 1095 964 1166 γὰρ
991 1096 1231 1166 ἡλικίαις
1266 1103 1359 1156 καὶ
1382 1104 1416 1176 ἡ
1442 1105 1540 1176 τῆς
1571 1106 1772 1177 ἀρετῆς
1799 1108 1915 1161 επί-

333 1179 886 1270 δοσιςσυνέδραμενῤ
945 1187 1071 1243 ὅθεν
1119 1191 1216 1245 καὶ
1267 1194 1361 1246 ἐπὶ
1405 1195 1513 1261 σοὶ,
1547 1197 1641 1250 καὶ
1684 1198 1782 1252 ἐπὶ
1835 1199 1914 1270 τῷ

335 1269 697 1359 πρεσϐυτέρῳ
742 1277 953 1348 χρηστὴ
983 1277 1137 1345 ἐλπὶς
1158 1282 1330 1347 ἀνθεῖ,
1361 1285 1438 1350 ὡς
1477 1286 1571 1340 τοῦ
1600 1269 1913 1360 πρεσϐυτάέ

333 1379 426 1452 του
457 1364 880 1437 προκοπτούσης
921 1369 1021 1438 τῆς
1045 1370 1262 1440 ἡλικίας
1287 1375 1386 1430 οὐκ
1417 1377 1915 1452 ἀπολειφθήσεσθε,

334 1451 449 1504 ἀλλ’
480 1455 716 1525 ἀοίδιμοι
769 1457 891 1509 κατ’
921 1459 1131 1515 ἐκεῖνον
1166 1468 1481 1536 γενήσεσθε.
1534 1451 1787 1540 Ἔχοντες
1815 1467 1910 1526 οὖν

335 1546 632 1614 συγγενικά
691 1547 1127 1624 κατορθώματα,
1179 1557 1320 1628 πρὸς
1365 1559 1505 1614 αὐτά
1559 1562 1768 1618 τείνατε
1817 1566 1910 1620 τὸν

335 1636 562 1693 σκοπόν.

663 1730 830 1786 POE'.
870 1763 941 1773 —
979 1734 1212 1793 [EPAKI
1251 1740 1571 1816 ΔΙΑΚΟΝῼ.

2017 1122 2120 1169 est.
2149 1113 2283 1170 Cum
2310 1125 2471 1171 aetate
2494 1117 2708 1172 virtutis
2734 1134 2946 1190 quoque
2976 1120 3091 1176 ﬁeri
3139 1131 3283 1176 amat
3327 1125 3593 1178 accessio.

2016 1204 2171 1261 Unde
2196 1215 2249 1261 et
2273 1207 2326 1261 in
2359 1219 2428 1275 te,
2457 1217 2516 1263 et
2540 1208 2746 1279 majore
2771 1220 2897 1264 natu
2927 1209 3095 1267 fratre
3123 1227 3250 1282 spes
3278 1213 3415 1266 bona
3451 1217 3594 1282 viget

2012 1296 2146 1359 fore,
2177 1305 2235 1350 ut
2261 1297 2544 1355 deficiente
2579 1299 2629 1354 in
2665 1301 2879 1355 seniore
2923 1312 3014 1357 tuo
3063 1302 3236 1358 fratre
3283 1312 3462 1368 aetate,
3495 1304 3592 1370 ipsi

2011 1403 2114 1440 non
2148 1388 2503 1457 degeneretis,
2537 1390 2631 1445 sed
2655 1390 2789 1445 clari
2818 1407 3033 1460 semper
3061 1401 3116 1447 et
3139 1409 3236 1449 vos
3271 1392 3592 1448 redda'mini.

2009 1478 2244 1546 Cognata
2286 1479 2448 1548 igitur
2489 1489 2636 1536 recte
2667 1479 2807 1535 facta
2855 1483 3136 1549 habentes,
3163 1483 3220 1537 in
3272 1483 3408 1554 ipsa,
3441 1492 3499 1538 ut
3538 1483 3594 1537 in

2009 1580 2254 1636 sc0pum,
2287 1570 2574 1626 intendite.

2279 1752 2534 1810 CLXXV.
2567 1785 2635 1795 —
2671 1755 2950 1811 HIERACI
2991 1755 3311 1815 DlACONO.

786 1822 1109 1895 [inprobitas
1135 1839 1184 1884 et
1211 1833 1256 1886 si
1290 1834 1396 1889 lato
1424 1837 1684 1906 principio
1713 1853 1822 1893 esse
1841 1845 2098 1908 videatur,
2131 1855 2300 1899 tamen
2325 1847 2482 1915 ﬁnem
2515 1850 2892 1916 respiciendum
2920 1859 3112 1904 monet.

401 1927 465 1980 Εἰ
498 1927 593 1982 καὶ
625 1929 762 2002 πρὸς
801 1933 987 2005 κέρδος
1030 1937 1386 2013 ἀνελεύθερον
1419 1946 1577 2016 ὁρῶν,
1613 1949 1708 2001 καὶ
1755 1950 1904 2018 φιλο-

331 2020 645 2088 χρηματίας
684 2023 848 2093 ἐρῶν,
889 2028 1176 2086 κάλλιστον
1207 2035 1392 2105 σαυτῷ
1422 2039 1532 2110 ἡγῇ
1567 2042 1901 2112 πεπράχθαι,

333 2112 539 2208 ἁλλ’λά-
555 2117 793 2208 μάλιστα
843 2121 943 2191 μὲν
972 2125 1067 2179 καὶ
1107 2127 1272 2193 αὐτὸς
1300 2129 1526 2200 βούλοιο,
1561 2135 1698 2205 πρὸς
1739 2138 1905 2208 τιμὴν

334 2201 429 2294 καὶ
451 2201 606 2267 δόξαν
629 2205 774 2260 ἐστὶν
803 2210 1081 2281 αίσχιστα.
1105 2216 1170 2268 Ei
1189 2217 1246 2270 δὲ
1274 2219 1369 2272 καὶ
1394 2219 1492 2291 τὴν
1522 2201 1697 2294 πάντη
1717 2242 1777 2278 τε
1799 2201 1908 2280 ’και

333 2291 550 2385 ⁸ξτ-άντως
584 2295 854 2385 έψομένην
882 2304 992 2366 τοῖς
1022 2305 1285 2372 τοιούτοις
1314 2311 1629 2383 τολμήμασι
1660 2291 1904 2385 λογίσαιο

331 2380 506 2450 δίκην,
557 2379 615 2437 εὖ
663 2382 760 2440 οἷδ’
803 2389 884 2444 ὄτι
930 2395 1407 2470 καταθρηνὴσειας
1439 2404 1654 2459 σαυτόν.
1701 2408 1900 2462 Σκόπει

329 2467 424 2524 οὖν
453 2473 518 2564 τὸ
549 2475 668 2530 δέον
690 2494 706 2510 ο
755 2480 816 2534 τὸ
865 2483 973 2555 γὰρ
1020 2467 1176 2552 τέλος
1208 2467 1270 2544 τὺ
1303 2493 1580 2551 κάνταῦθα
1609 2497 1768 2552 κάκεῖ
1793 2502 1903 2564 τοῖς

331 2561 613 2620 πταίουσιν
641 2567 906 2642 ἑπόμενον
938 2569 1106 2642 οἶδας.

800 2753 982 2824 Ροςν.
1013 2788 1084 2801 -
1107 2761 1195 2832 Tn
1219 2761 1424 2835 ΑΥΤῼ.

2044 1957 2192 2011 -Etsi
2237 1961 2302 2012 ad
2349 1959 2663 2016 illiberalem
2705 1970 2966 2031 quaestum
3023 1959 3272 2031 respectu
3319 1960 3503 2015 habito
3533 1969 3594 2015 et

2010 2044 2239 2100 habendi
2283 2049 2534 2104 incensus
2575 2050 2870 2119 cupiditate
2921 2053 3124 2120 optime
3174 2059 3349 2104 tecum
3379 2048 3597 2103 factum

2007 2137 2308 2204 existimes;
2340 2141 2432 2193 sed
2462 2155 2580 2208 quae
2608 2141 2946 2210 potissimum
2982 2142 3096 2210 ipse
3139 2150 3374 2210 reputes,
3418 2149 3493 2193 ea
3515 2141 3582 2192 ad

2010 2227 2266 2281 honorem
2301 2227 2634 2298 gloriamque
2675 2240 2800 2284 sunt
2861 2232 3192 2298 turpissima.
3253 2231 3311 2286 Si
3357 2239 3486 2284 vero
3528 2239 3594 2284 er

2009 2317 2247 2386 undique
2300 2326 2463 2387 atque
2498 2322 2718 2375 omnino
2765 2320 2889 2375 talia
2937 2321 3178 2374 facinora
3232 2321 3581 2377 comitantem

2010 2422 2222 2478 pienam
2259 2412 2440 2465 animo
2465 2411 2719 2477 volveris,
2739 2421 2891 2466 certo
2911 2412 3024 2466 scio
3044 2413 3179 2479 fore,
3208 2421 3266 2466 ut
3295 2411 3584 2480 aliquando

2009 2498 2252 2566 deplores
2292 2499 2540 2568 teipsum.
2576 2498 2756 2566 Quare
2817 2501 3127 2567 considera,
3169 2500 3308 2570 quod
3345 2509 3582 2566 oportet.

2008 2586 2158 2644 Nosti
2193 2589 2334 2644 enim
2365 2599 2626 2658 quantum
2665 2592 2992 2662 supplicium
3030 2593 3118 2648 hic
3175 2602 3230 2648 et
3287 2593 3340 2647 in
3402 2592 3581 2646 futura

2009 2690 2222 2735 maneat
2250 2682 2356 2735 vita
2385 2681 2518 2751 legis
2549 2690 3002 2752 transgressores.

2471 2771 2748 2828 CLXXVI.
2778 2803 2849 2814 —-
2879 2773 3104 2829 ElDEM.

615 2835 970 2912 Ἀκόλαστος
1007 2851 1143 2917 quis.
1189 2850 1324 2906 Vitio
1364 2864 1564 2922 careat,
1589 2856 1678 2925 qui
1712 2859 1873 2931 alium
1903 2861 2258 2931 reprehendit;
2289 2877 2412 2914 nam
2435 2877 2451 2914 .'
2473 2860 2640 2929 Turpe
2668 2874 2742 2916 est
2774 2864 2996 2928 doctori,
3033 2880 3152 2917 cum
3177 2864 3340 2931 culpa.

1700 2930 1962 2998 redarguit
1999 2930 2189 2995 ipsum.

406 3021 468 3076 Ἰ)
517 3022 832 3090 ἀκόλαστος,
883 3025 1182 3094 τουτέστιν,
1229 3029 1265 3080 ό
1285 3027 1546 3101 ῥᾳθύμως
1587 3032 1762 3102 βιοὺς,
1805 3038 1927 3090 καὶ¹

2071 3031 2337 3102 Nequam,
2397 3035 2447 3089 id
2510 3044 2613 3100 est,
2680 3037 3011 3106 negligenter
3066 3037 3271 3105 vivens,
3333 3054 3432 3095 nec
3484 3056 3582 3096 sua

325 3112 426 3176 τὰς
457 3114 666 3177 οἰκείας
699 3115 774 3186 μὴ
825 3114 1070 3178 κολάζων
1108 3119 1422 3189 ἐπιθυμίας,
1453 3122 1591 3177 ἀλλά
1615 3124 1716 3188 τὰς
1745 3126 1900 3195 ἡνίας

325 3203 511 3281 αὐτοῖς
545 3204 782 3268 ἐνδιδοὺς
809 3205 903 3258 τοῦ
948 3207 1082 3259 ὅπου
1131 3207 1406 3277 βούλοιντο
1444 3214 1663 3282 χωρεῖν,
1694 3215 1744 3266 εί
1774 3216 1898 3269 ὲπι-

327 3279 536 3363 χειροίη
602 3294 702 3358 τάς
750 3295 860 3348 τῶν
925 3295 1102 3350 ἄλλων
1165 3279 1903 3374 κολάζειν,νήκαταγέλαστος

328 3382 480 3435 ἔσται
522 3385 615 3437 καὶ
650 3385 1031 3450 ἐπονείδιστος.
1063 3388 1138 3441 Οὐ
1173 3389 1330 3459 μόνον
1365 3391 1474 3465 γὰρ
1495 3394 1650 3449 οὐδὲν
1688 3398 1897 3464 ἀνύσει,

329 3470 463 3524 ἀλλά
491 3476 583 3525 καὶ
609 3475 905 3546 κωμῳδίας
935 3476 1187 3542 ὑπόθεσις
1216 3481 1528 3552 γενήσεται,
1553 3486 1932 3555 κατορθῶσαι,

330 3563 389 3614 ὲν
437 3562 614 3629 ἄλλοις
653 3564 1009 3636 πειρώμενος,
1049 3568 1192 3638 ἅπερ
1227 3571 1389 3636 αὐτὸς
1418 3575 1478 3627 οὒ
1515 3576 1897 3649 κατώρθωσεν.

329 3651 404 3702 Οὐ
449 3650 558 3722 γὰρ
612 3651 776 3719 ἐστιν,
821 3651 919 3707 οὐκ
967 3655 1085 3708 ἔστι
1129 3656 1236 3709 τῶν
1294 3658 1592 3732 ἀλλοτρίων
1630 3667 1899 3738 κρατῆσαι

328 3740 542 3807 παθῶν,
580 3740 671 3794 τὸν
711 3743 818 3794 τῶν
861 3745 1074 3798 οἰκείων
1118 3747 1194 3818 μὴ
1229 3753 1674 3822 περιγινόμενον·
1705 3758 1898 3811 ταυτὸν

330 3830 443 3900 γὰρ
479 3833 642 3894 ποιεῖ,
677 3825 786 3884 οἷον
831 3832 897 3886 ἂν
925 3837 976 3887 εί
1001 3854 1082 3901 τις
1111 3842 1414 3911 στρατηγὸς
1438 3844 1537 3914 τὴν
1564 3844 1664 3914 μὲν
1692 3848 1899 3902 οἰκείαν

330 3923 509 3988 πόλιν,
537 3923 800 3992 ἐμφύλιον
828 3925 1054 3997 ἔχουσαν
1087 3930 1344 4001 πόλεμον,
1371 3935 1466 3987 καὶ
1494 3937 1772 4003 νοσοῦσαν,
1805 3942 1899 3993 καὶ

333 4014 734 4078 στασιάζουσαν
786 4019 865 4079 είς
921 4019 1170 4086 ὁμόνοιαν
1218 4023 1446 4092 ἀγαγεῖν
1487 4025 1575 4096 μὴ,
1619 4027 1895 4101 δυνηθείη,

328 4104 439 4155 τῶν
480 4105 536 4157 δὲ
567 4104 764 4170 ἔξωθεν
814 4107 1080 4178 πολέμων
1105 4111 1454 4181 περιέσεσθαι
1488 4116 1893 4186 ἐπαγγέλλοιτο.

331 4193 474 4263 Πρὸς
543 4194 601 4248 ὃν
663 4213 746 4257 τις
797 4197 1023 4262 εἰκότως
1076 4200 1252 4270 φαίηο
1297 4202 1694 4277 Ἐμϐρόντητε,
1766 4210 1896 4276 ἴσως

328 4284 561 4352 ἀγνοεῖς,
597 4287 678 4338 ὅτι
711 4286 772 4338 οὐ
801 4288 1054 4340 τοσοῦτον
1083 4291 1132 4340 oi
1165 4291 1449 4360 ἀλλόφυλοι
1489 4296 1740 4367 πόλεμοι,
1773 4300 1898 4354 ὅσον

2003 3123 2292 3175 emendatis
2336 3123 2461 3176 vitia
2501 3131 2662 3192 atque
2687 3126 3058 3194 cupiditatem,
3101 3127 3196 3180 sed
3242 3126 3480 3182 habenas
3513 3128 3582 3182 iis

2001 3210 2208 3276 laxans,
2240 3226 2346 3282 quo
2385 3213 2498 3268 vult
2525 3214 2747 3280 deferri,
2777 3217 3064 3286 permittit,
3095 3218 3139 3274 si
3171 3220 3576 3288 reprehendere

2000 3311 2246 3367 conatur,
2286 3303 2332 3359 is
2375 3305 2634 3362 ridiculus
2666 3309 2876 3363 tandem
2910 3310 3102 3364 evadet
3146 3321 3309 3380 atque
3341 3310 3578 3368 infamis.

2000 3393 2115 3450 Non
2149 3397 2320 3450 solum
2363 3398 2507 3452 enim
2553 3399 2685 3453 nihil
2719 3400 2952 3468 expedit,
2993 3403 3086 3455 sed
3119 3409 3174 3455 et
3202 3402 3342 3471 vulgi
3391 3405 3448 3458 tit
3497 3404 3581 3457 fa-

1999 3485 2146 3555 bula,
2181 3488 2453 3558 corrigere
2488 3491 2540 3544 in
2570 3491 2691 3546 aliis
2719 3500 2955 3558 tentans,
2991 3491 3044 3545 in
3090 3507 3197 3562 quo
3247 3495 3362 3562 ipse
3413 3494 3581 3549 delin-

1999 3581 2133 3649 quit.
2165 3580 2352 3651 Neque
2395 3583 2538 3637 enim
2579 3585 2710 3638 mihi
2760 3587 2940 3651 crede,
2982 3586 3210 3640 aliorum
3254 3588 3378 3641 vitia
3418 3602 3577 3641 sana-

1999 3673 2098 3740 bit,
2143 3674 2234 3741 qui
2269 3689 2374 3728 non
2419 3677 2637 3745 propria
2685 3677 3094 3747 expugnaverit.
3125 3677 3270 3734 Idem
3303 3679 3446 3733 enim
3475 3679 3576 3748 ipsi

2004 3763 2272 3827 usuvenit,
2295 3765 2438 3833 quod
2461 3766 2608 3829 duci,
2641 3768 2730 3835 qui
2758 3768 3036 3823 civitatem
3071 3783 3223 3823 suam
3257 3769 3399 3824 bello
3439 3769 3582 3822 inte-

2000 3853 2140 3908 stino
2168 3852 2418 3908 alllictam
2449 3857 2914 3926 seditionibusque
2943 3858 3200 3927 agitatam
3240 3860 3305 3913 ad
3343 3874 3574 3914 concor-

2001 3943 2140 3996 diam
2166 3945 2434 4001 adducere
2457 3961 2578 4001 cum
2605 3961 2709 4002 non
2740 3950 2927 4015 possit,
2952 3950 3190 4003 externis
3222 3947 3416 4003 bellum
3451 3965 3564 4002 mo-

2001 4041 2141 4087 veat.
2173 4034 2270 4088 Cui
2301 4036 2496 4090 merito
2531 4036 2652 4106 quis
2698 4037 2938 4094 dixerit:
2971 4039 3162 4104 Stulte,
3215 4055 3282 4094 an
3335 4042 3573 4111 ignoras,

2003 4141 2105 4179 non
2133 4126 2354 4195 perinde
2384 4128 2566 4182 hostes
2593 4137 2845 4183 externos
2873 4143 3069 4184 nocere
3102 4139 3261 4198 atque
3289 4131 3528 4186 internos
3552 4133 3576 4186 ?

2004 4214 2155 4272 Prius
2179 4218 2358 4287 itaque
2387 4217 2544 4273 civile
2577 4219 2776 4274 bellum
2796 4228 2880 4274 est
2903 4220 3354 4289 componendum,
3378 4221 3574 4276 deinde

2001 4309 2208 4362 externi
2239 4309 2584 4378 aggrediendi
2609 4319 2732 4364 sunt
2753 4310 2954 4365 hostes.
3373 4325 3378 4328 '

328 4379 378 4431 οί
433 4379 687 4475 έμιρύλιοι
743 4379 1148 4450 διαφθείρουσι;
1199 4385 1319 4456 Χρὴ
1373 4385 1467 4442 οὖν
1522 4391 1739 4460 πρῶτον
1800 4395 1890 4448 τὸν
1950 4399 2096 4454 ἔνδον
2142 4401 2333 4454 σϐέσαι
2366 4402 2622 4472 πόλεμον,
2676 4401 2770 4456 καὶ
2833 4403 2954 4456 τότε
2988 4378 3126 4468 τοῖς.
3163 4403 3268 4468 ἔξω
3299 4403 3575 4475 πολεμίοις

333 4468 622 4541 μάχεσθαι.

783 4562 950 4619 POZ'.
989 4597 1059 4667 ‘—
1094 4569 1437 4643 ΕΠΙΦΑΝΙῼ.

2353 4579 2655 4634 CLXXVII.
2698 4610 2767 4620 —-
2836 4581 3217 4637 EPIPllANlO.

1371 4685 1449 4741 De
1479 4688 1542 4741 iis
1570 4705 1790 4758 quorum
1819 4694 1919 4745 vita
1949 4691 2198 4744 doctrina:
2237 4705 2339 4742 non
2362 4692 2618 4742 convenit.

415 4765 632 4837 Ἐπειδὴ
681 4765 984 4838 Θαυμάςειν
1013 4771 1169 4843 ἔφης,
1201 4776 1347 4840 ὅπως
1384 4780 1432 4830 οἱ
1469 4781 1566 4849 μὲν
1597 4781 1730 4836 θεῖοι
1761 4801 1897 4854 χρη-

337 4855 463 4922 σμοὶ
516 4857 746 4926 ἡσυχίαν
803 4862 955 4930 ἡμᾶς
1013 4864 1168 4930 ἄγειν
1218 4868 1351 4934 φασὶ
1388 4870 1606 4938 χρῆναι,
1665 4872 1766 4925 κᾶν
1815 4890 1900 4936 τις

337 4944 482 5011 ἡμᾶς
528 4944 710 5016 ἀδικῇ,
750 4950 799 5001 oi
829 4951 885 5003 δὲ
916 4951 1122 5006 τούτων
1150 4956 1485 5026 έρμηνευταὶ
1526 4961 1586 5013 οὐ
1621 4961 1898 5030 βούλονται

336 5033 570 5104 ἡσυχίαν
605 5035 779 5104 ἄγειν,
812 5041 1028 5104 οὐδενὸς
1059 5045 1256 5109 αὐτοὺς
1291 5048 1622 5114 ἀδικοῦντος.
1659 5052 1778 5106 Κᾶν
1816 5070 1900 5116 τις

335 5125 533 5188 αὐτοὺς
574 5125 815 5198 ἐλέγχειν
861 5133 1189 5205 ἐπιχειροίη,
1221 5137 1575 5209 λοιδορεῖσθαι
1608 5143 1896 5208 φάσκουσι,

335 5217 429 5269 καὶ
454 5216 530 5279 ὡς
558 5218 649 5270 ἐπὶ
683 5219 1008 5276 καθοσιώσει
1035 5227 1231 5282 ἁλόντα
1261 5228 1415 5293 δίκας
1443 5233 1737 5299 πράττουσι
1764 5235 1898 5305 (26).

409 5330 453 5360 ιθ
493 5329 685 5382 Matth.
727 5344 778 5396 ν,
817 5331 908 5387 9.9.

2077 4781 2518 4850 Quandoquidem
2549 4782 2729 4835 mirari
2766 4791 2814 4836 te
2841 4784 2922 4837 ais
2947 4796 3132 4838 sacras
3164 4783 3393 4839 Litteras
3424 4795 3572 4842 tran-

1997 4874 2164 4942 quillo
2199 4883 2256 4926 ut
2285 4873 2454 4926 simus
2475 4871 2797 4940 placidoque
2825 4873 3011 4926 animo
3040 4873 3328 4941 imperare,
3356 4878 3569 4933 etiamsi

2000 4967 2118 5035 quis
2167 4963 2323 5018 laedat
2352 4963 2653 5030 injuriaque
2697 4961 2892 5016 afﬁciat
2927 4963 3011 5028 ²’;
3051 4964 3141 5032 qui
3187 4978 3314 5020 vero
3343 4965 3458 5034 ejus
3485 4967 3568 5021 in-

2003 5065 2265 5125 terpretes
2291 5054 2584 5123 Scriptura:
2611 5055 2881 5108 exsistunt
2907 5055 3186 5122 quiescere
3217 5054 3426 5116 nolunt.
3466 5059 3568 5113 etsi

2000 5161 2029 5198 a
2089 5146 2302 5199 nemine
2350 5145 2643 5210 laedantur;
2677 5155 2730 5199 et
2765 5145 2963 5212 siquis
3006 5145 3149 5212 ipsos
3180 5147 3571 5232 reprehendere

1999 5247 2245 5302 canetur,
2277 5237 2436 5290 irrisu
2475 5235 2836 5304 conviciisque
2873 5237 3098 5291 onerari
3145 5253 3209 5294 se
3246 5251 3567 5307 queruntur,

1427 5424 1655 5480 VARME
1689 5425 2073 5486 LECTIONES
2109 5430 2194 5485 ET
2233 5430 2464 5486 NOTIE.

409 5552 518 5620 (‘26)
550 5553 656 5627 καί
686 5552 891 5627 ὠς-ἐξτὶ
926 5555 1278 5627 κίιθοοξιώσει
1306 5556 1705 5616 ἁλόντιηδίκαρ
1728 5560 1901 5627 aprico

339 5637 568 5674 τουσιν.
620 5622 864 5694 Reddidi,
915 5625 1048 5676 velut
1102 5626 1173 5694 in,
1205 5629 1480 5694 sacrilegio
1529 5622 1898 5693 delira/tensum

340 5692 515 5757 puniri
539 5693 734 5745 voimit.
761 5691 913 5746 Alter
939 5703 1094 5749 antea
1124 5714 1135 5750 :
1165 5693 1358 5749 Verum
1391 5691 1531 5750 enim
1564 5691 1900 5766 sacrilegium

2011 5570 2089 5613 est
2121 5562 2363 5614 homines
2402 5564 2515 5628 pios
2561 5571 2611 5613 et
2657 5563 2762 5616 Deo
2804 5573 3148 5617 consecratos
3199 5559 3478 5618 traducere
3512 5578 3566 5621 et

2011 5630 2347 5693 calumniari,
2381 5633 2520 5698 quod
2545 5643 2591 5684 ct
2623 5632 2780 5683 lai'vze
2805 5634 3107 5700 huiusmodi
3150 5639 3480 5699 pra‘tendunt
3519 5640 3560 5687 si

2011 5702 2074 5752 de
2125 5701 2358 5767 peccatis
2411 5702 2654 5768 vitiisque
2695 5704 3100 5757 admuncuutur.
3154 5704 3229 5758 De
3276 5721 3403 5759 vwc
3443 5705 3564 5756 mo-
