3974 6144
460 267 597 337 1431»
1669 273 1732 335 S.
1770 271 2064 334 ISIDORI
2100 264 2541 334 PELUSIOTE
3562 258 3691 329 Πιδὲ

464 390 521 435 et
571 377 733 435 veluti
758 378 814 434 in
852 377 1137 449 sacrilegio
1182 378 1576 451 deprehensum
1616 380 1799 450 puniri
1822 381 2030 437 volunt.

2149 378 2319 435 ταῦτα
2347 366 2670 450 δὲ’δρῶντες
2718 374 3184 446 δυσχεραίνουσιν,
3211 369 3293 425 δτι
3335 370 3468 441 παρ’
3513 369 3694 445 Ἐλλή-
3726 414 3728 417 ,

455 470 623 544 eos
658 469 933 538 Ejusmodi
961 482 1092 525 vero
1118 477 1419 539 patrantes,
1450 469 1593 539 quod
1622 485 1651 523 a
1680 470 1934 541 gentibus
1964 484 2028 526 ac

2149 490 2240 527 οων
2271 489 2331 526 τε
2361 472 2457 525 καὶ⁵
2497 467 2769 524 Ἰουδαίων
2797 463 3209 537 κωμῳδοῦνται.
3245 464 3313 516 Σε
3333 462 3429 533 μὲν
3460 462 3693 535 ἐλέγχειν

455 559 653 615 ludatis
684 559 1104 625 subsannentur,
1134 558 1374 629 graviter
1412 559 1778 630 indignantur.
1807 560 1886 617 Te
1914 560 2030 630 qui-

2149 564 2209 627 b;
2249 562 2538 631 λογοποιδν
2562 559 2675 614 ούκι
2688 558 2820 628 ἔχω’
2846 556 3016 627 ἡδέως
3040 554 3096 607 δὲ
3116 553 3244 617 τοὺς
3262 550 3434 605 ταῦτα
3461 551 3693 621 δρῶντας
3732 564 3739 575 ··

462 654 585 707 dem
621 660 680 707 ut
706 651 1064 708 fabulatorem
1107 654 1507 724 reprehendere
1534 669 1640 710 non
1678 670 1923 726 possum;
1957 654 2026 709 li-

2149 652 2288 720 Ῐούδὲ
2315 652 2424 723 γὰρ
2455 649 2597 705 κατὰ
2628 648 2850 703 πάντων
2876 645 2978 717 τὴν
3006 644 3185 716 ψῆφον
3218 640 3504 711 ὲνεκτέον)
3557 640 3693 712 ὲροίο

399 790 406 799 .
459 743 649 796 benter
685 754 815 797 vero
844 756 959 810 eos,
987 743 1079 813 qui
1125 742 1252 797 talia
1283 744 1624 799 committunt
1655 745 1851 816 (neque
1882 744 2027 801 enim

2149 761 2240 816 ιην
2262 758 2277 773 ι
2321 742 2387 795 Τί
2415 741 2479 812 δή
2513 756 2645 793 ποτε
2694 736 2954 793 τάναντία
2999 727 3075 791 ὧν
3106 749 3242 803 φατε
3270 730 3690 802 διαπράττεσθε;

456 833 522 885 de
550 832 803 889 omnibus
850 832 930 888 fas
962 843 1048 888 est
1076 834 1150 888 ita
1182 833 1449 902 judicare)
1481 835 1895 905 interrogarem,
1925 850 2026 890 cur

2149 830 2200 885 Γί
2224 831 2359 885 ἄλλα
2386 830 2488 902 μὲν
2531 828 2828 893 διδάσκειν,
2854 825 2991 879 ἄλλα
3034 824 3094 876 δὲ
3127 822 3303 876 ποιεῖν
3332 822 3691 891 ὲπιχειρείτε;

455 930 643 978 contra
674 933 837 994 atque
860 925 1057 992 dicitis,
1083 926 1198 981 haec
1223 924 1405 982 tacitis
1424 927 1451 981 τ
1468 926 1605 994 Quid
1634 927 1779 982 aliud
1807 929 2024 995 docere,

2149 922 2195 975 Γί
2235 921 2507 992 Ἑλλήνων
2538 937 2599 974 τε
2621 920 2715 973 καὶ
2751 915 3014 971 Ἰουδαίων
3046 914 3146 984 τὴν
3173 913 3419 982 γλῶτταν
3450 912 3692 977 ἁκονᾶτε,

460 1011 610 1067 aliud
658 998 839 1069 facere
887 1013 1173 1069 instituitis
1197 1013 1555 1070 '°?Gentium
1607 1031 1671 1070 ac
1721 1014 2026 1069 Judaeorum

2149 1013 2223 1069 ιαὶ
2251 1013 2393 1068 κατὰ
2437 1012 2537 1082 τῆς
2582 1010 2868 1079 θειοτάτης
2902 1006 3202 1079 θρησκείας
3232 1003 3551 1068 ὁπλίζεσθαι
3593 1021 3692 1058 πα-

457 1099 693 1169 linguam
755 1102 1106 1171 quamobrem
1154 1104 1371 1170 acuitis,
1418 1114 1471 1160 et
1514 1107 1567 1161 in
1618 1116 2024 1162 sacrosanctam

2149 1101 2519 1172 ρασκευάζετε,
2576 1098 2670 1163 οὓς
2731 1098 2902 1169 ἀρετῇ
2954 1094 3087 1167 χρὴ,
3142 1089 3258 1146 ἀλλ’
3296 1090 3357 1143 ού
3414 1088 3696 1158 δυναστείᾳ

458 1191 768 1259 religionem
808 1208 909 1249 vos
940 1194 1190 1260 armatis,
1226 1209 1349 1251 cum
1398 1198 1598 1253 virtute
1639 1198 1816 1267 potius
1863 1211 2026 1267 quam

2149 1193 2489 1266 (ειρωθῆναι;
2529 1192 2602 1245 Ἦ
2634 1185 2730 1245 οὖν
2758 1187 3031 1242 παυστέον
3061 1183 3269 1238 τούτων
3288 1180 3399 1234 τῶν
3428 1178 3692 1247 πράξεων,

456 1284 698 1351 potentia
742 1286 935 1341 deceat
983 1289 1305 1345 autecellere
1327 1290 1351 1344 ‘i
1376 1290 1708 1345 Cessandum
1744 1291 1923 1359 itaque
1957 1291 2025 1344 ab

2149 1285 2162 1355 ἱ
2220 1285 2429 1356 μηδένα
2475 1281 2732 1337 τοσοῦτον
2781 1278 3056 1335 αἰτιατέον
3102 1273 3199 1328 τοῦ
3250 1272 3430 1327 πάντα
3488 1268 3695 1338 φαύλως

458 1375 563 1441 bis,
606 1385 663 1432 et
693 1377 758 1433 de
793 1378 1096 1435 malefactis
1138 1396 1237 1437 nos
1270 1382 1418 1453 prius
1450 1396 1611 1453 quam
1656 1382 1789 1437 alios
1834 1396 2022 1451 repre-

2149 1376 2294 1447 Ξχειν,
2327 1375 2361 1446 ἢ
2390 1375 2539 1447 ἡμᾶς
2568 1370 2789 1436 αὐτούς.

457 1465 779 1524 hendamus.
996 1476 1001 1479 '

719 1558 1042 1614 CLXXVIII.
1069 1590 1140 1600 -
1171 1560 1399 1620 HELUE
1445 1561 1762 1619 DIACONO.

2497 1551 2669 1607 PUH’.
2710 1580 2783 1592 —
2814 1548 2985 1620 ΗΛΙᾼ
3026 1544 3354 1614 ΔΙΑΚΟΝῼ.

465 1647 571 1711 Qui
596 1647 777 1717 palam
805 1665 1020 1718 peccare
1064 1650 1240 1717 audet,
1270 1652 1313 1705 is
1338 1667 1428 1706 nec
1460 1654 1699 1721 privatim
1751 1657 1864 1706 sine
1911 1660 2038 1706 teste
2067 1663 2280 1714 peccare
2321 1646 2621 1721 gerebilur:
2674 1652 2723 1699 et
2767 1642 2858 1710 qui
2895 1656 2928 1693 a
2967 1637 3256 1692 minoribus
3300 1648 3411 1688 non
3461 1628 3693 1699 tempera!

1666 1723 1910 1789 peccatis,
1939 1738 2029 1776 nec
2056 1721 2261 1788 majora
2292 1717 2493 1771 vitabit.

531 1823 787 1895 Quisquis
829 1825 1113 1882 manifesta
1146 1826 1321 1897 palam
1355 1827 1492 1881 mala
1519 1829 1828 1895 committit,
1860 1845 2033 1899 neque

2212 1827 2275 1879 '0
2308 1824 2378 1878 τὰ
2411 1823 2653 1895 πρόδηλα
2680 1818 2828 1874 κακὰ
2857 1815 3112 1888 φανερῶς
3145 1811 3310 1884 δρῶν,
3344 1809 3447 1863 καὶ
3474 1806 3548 1878 μὴ
3578 1807 3693 1899 ἔρυ-

462 1915 737 1971 erubescit
795 1914 1055 1984 profecto,
1105 1932 1225 1988 qua:
1258 1919 1397 1974 clam
1450 1919 1566 1976 fore
1610 1930 1814 1988 sperat,
1855 1898 2028 1991 ηεᾴιισ

2149 1917 2326 1990 ὶριῶν,
2374 1908 2532 1979 οὗτος
2576 1913 2737 1984 δῆλον
2767 1911 2852 1965 ὅτι
2899 1907 3179 1963 λανθάνων
3208 1901 3365 1957 οὐδὲν
3395 1899 3507 1953 τῶν
3535 1898 3694 1991 ἀπορα

463 2004 1028 2073 evulganda-audehit
1086 2016 1326 2076 patrare,
1370 2008 1688 2081 maioraque
1746 1990 2034 2080 aggressus

2149 2011 2310 2080 ίήτων
2329 2007 2611 2077 ἄπρακτον
2634 2004 2806 2058 ὲάσει·
2834 2001 2931 2055 καὶ
2959 2002 3071 2062 τοϊς
3100 1997 3380 2068 μεγίστοις
3409 1990 3687 2082 ἐγχειρῶν,

472 2096 680 2151 minora
706 2096 936 2169 impigre
958 2097 1255 2167 delinquet.
1274 2100 1344 2155 At
1358 2078 1643 2174 qui'parva
1665 2078 1866 2167 ser-val,
1894 2100 2035 2158 veri-

2149 2078 2231 2153 ιύκ
2262 2098 2329 2153 ἂν
2365 2097 2537 2167 δήπου
2583 2094 2714 2164 περὶ
2741 2093 2811 2148 τά
2841 2089 3199 2160 εὐτελέστερα
3228 2083 3483 2155 ὀκνηρῶς
3505 2078 3695 2174 διακεί-

466 2183 645 2241 simile
676 2192 761 2245 est
785 2167 1106 2245 etimaxima
1135 2167 1394 2259 religiose
1412 2167 1771 2245 servaturum.

2149 2205 2318 2243 νεται·
2354 2190 2383 2242 ὁ
2418 2187 2477 2240 δὲ
2526 2186 2597 2239 τὰ
2638 2183 2810 2257 μικρὰ
2858 2179 3281 2251 φυλαττόμενος,
3333 2174 3436 2230 καὶ
3479 2170 3549 2227 τὰ
3596 2167 3692 2241 μέ·-

2130 2298 2315 2364 γιστα,
2348 2280 2425 2344 ὡς
2452 2280 2623 2344 εἰκὸς,
2662 2275 2982 2348 φυλάξεται.

709 2378 995 2437 CLXXIX.
1030 2409 1104 2425 ~—-
1128 2382 1402 2440 ISIDORO
1436 2383 1786 2442 EPISCOPO.

2439 2388 2605 2444 PUG’.
2643 2416 2715 2428 --
2744 2384 3004 2456 ΙΣΙΔΩΡῼ
3042 2380 3417 2450 ΕΠΙΣΚΟΠῼ.

910 2471 985 2526 De
1010 2476 1419 2539 resurrectione;
1450 2493 1669 2546 quisque
1701 2479 1896 2532 animm
1927 2481 1993 2533 sit
2033 2496 2174 2535 mors
2202 2492 2251 2537 et
2282 2481 2613 2535 resurrectio.
2649 2476 2888 2547 (Confer.
2921 2474 3079 2544 epist.
3112 2472 3263 2541 550.)

539 2577 747 2634 Anim
789 2578 843 2633 In
877 2578 1112 2649 peccatis
1146 2590 1372 2636 mortua:
1398 2583 1726 2638 resurrectio
1764 2584 1889 2639 inde
1916 2586 2040 2654 qui-

2221 2591 2288 2643 Ἦ
2343 2590 2444 2659 μὲν
2504 2589 2626 2651 ταῖς
2690 2585 2991 2658 ἁμαρτίαις
3063 2578 3480 2652 νενεκρωμένης
3535 2574 3694 2646 ψυχῆς

470 2670 590 2725 dem
625 2668 921 2740 perﬁcitur,
955 2684 1078 2725 cum
1119 2671 1186 2725 ad
1217 2672 1381 2725 vitam
1417 2671 1642 2741 iustitia:
1673 2676 1925 2744 operibus
1955 2692 2043 2733 re-

2149 2681 2442 2744 ἀνάστασις
2480 2677 2715 2733 ἐνταῦθα
2750 2679 3006 2741 τελεῖται,
3036 2676 3164 2728 ὅταν
3196 2674 3319 2735 ταῖς
3364 2670 3471 2739 τῆς
3512 2668 3695 2720 δικαιο-

470 2768 715 2816 vocatur.
757 2759 904 2817 Mors
934 2762 1076 2817 enim
1110 2763 1305 2819 anima:
1347 2764 1702 2820 existimanda
1741 2777 1824 2821 est
1851 2768 2044 2837 iniqui-

2149 2772 2315 2840 σύνης
2353 2770 2614 2842 πράξεσιν
2651 2770 2733 2832 είς
2760 2767 2906 2837 ζωὴν
2939 2761 3392 2834 ἀναστοιχειωθῇ.
3434 2758 3695 2828 Νέκρωσιν

474 2861 579 2918 tas,
629 2866 735 2906 non
779 2863 960 2907 tamen
1000 2853 1046 2907 si
1090 2868 1211 2909 esse
1251 2854 1485 2913 desinat.
1520 2854 1698 2921 Quare
1736 2867 1790 2912 et
1826 2857 1893 2913 de
1932 2858 2043 2914 lilio

2149 2863 2205 2915 δὲ
2233 2861 2340 2932 χρὴ
2370 2864 2511 2915 νοεῖν
2542 2858 2720 2929 ψυχῆς
2740 2858 2841 2926 τὴν
2879 2853 3285 2925 κακοπραγίαν,
3322 2851 3385 2904 οὐ
3422 2850 3513 2903 τὸν
3545 2849 3619 2910 είς
3642 2844 3695 2897 τὺ

470 2942 694 3012 prodigo
728 2943 904 2998 adhuc
930 2944 1172 3013 spirante
1201 2945 1401 3000 dictum
1429 2962 1444 2999 :
1485 2965 1504 2998 ι
1540 2946 1784 3003 Mortuus
1821 2958 1960 3017 erat,
1990 2958 2045 3005 et

2150 2953 2227 3023 μὴ
2257 2947 2396 3006 εῖναι
2424 2950 2752 3020 ἀφανισμόν.
2778 2949 2871 3001 Διὸ
2896 2949 2991 3001 καὶ
3024 2944 3265 3017 περὶτοῦ
3293 2943 3508 2997 ἀσώτου
3529 2938 3694 2999 παιδὸς

476 3032 676 3088 revixit
705 3030 776 3088 ³⁸.
805 3051 827 3087 ι
854 3032 919 3088 Et
956 3035 1023 3090 de
1072 3046 1296 3105 peccato
1337 3046 1551 3092 mortuo
1601 3054 1665 3093 ac
1704 3040 1911 3108 sepulto
1967 3042 2047 3097 di-

2150 3044 2230 3097 ἔτι
2265 3044 2463 3109 ζῶντος
2487 3042 2719 3114 ἐρρέθη·
2756 3060 2776 3094 ι
2797 3041 3008 3111 Νεκρὸς
3045 3036 3112 3111 ἦν
3139 3040 3233 3093 καὶ
3266 3037 3525 3127 ἀνέζησε.
3555 3053 3572 3086 ι
3597 3031 3695 3127 ιςεξι

471 3125 616 3178 citur
640 3123 708 3178 ab
726 3124 1025 3193 Apostolo:
1062 3143 1081 3177 ι
1116 3124 1289 3196 Surge
1332 3127 1423 3197 qui
1481 3128 1705 3193 dormis,
1734 3139 1790 3184 et
1818 3145 2049 3200 exsurge

2149 3135 2227 3207 τῷ
2278 3136 2381 3189 ὑπὸ
2415 3134 2516 3204 τῆς
2566 3127 2766 3196 κακίαξ
2825 3129 3171 3201 νεκρωθέντι,
3225 3127 3321 3182 καὶ
3366 3124 3589 3194 ταφέντι
3617 3120 3694 3191 ip.

471 3232 502 3267 a
532 3215 781 3281 mortuis,
801 3224 855 3269 et
878 3215 1202 3272 illuminabit
1236 3228 1289 3272 te
1312 3217 1561 3273 Christus
1601 3219 1666 3275 ³¹.
1698 3238 1717 3273 s
1753 3219 1855 3287 Qui
1882 3208 2044 3278 'enim

2151 3223 2282 3295 ρἑη
2299 3238 2314 3253 ·
2353 3221 2633 3292 (Ἔγειραι
2660 3221 2690 3273 ὁ
2722 3218 3020 3283 καθεύδων,
3041 3217 3136 3271 καὶ
3162 3216 3371 3270 ἀνάστα
3404 3217 3470 3267 ὲκ
3496 3211 3596 3265 τῶν
3624 3224 3695 3261 νε-

477 3313 701 3372 peccato
734 3304 1035 3360 exstinctus
1062 3306 1377 3376 paenitentia
1405 3322 1700 3365 concussus
1726 3320 1830 3377 est,
1861 3328 2045 3368 verum

2151 3313 2324 3385 κρῶν,
2368 3314 2465 3367 καὶ
2491 3311 2782 3383 ἐπιφαύσει
2818 3327 2900 3367 σοι
2951 3312 2980 3364 ὁ
3012 3308 3245 3381 Χριστός
3267 3326 3314 3361 .s
3352 3306 3450 3377 Τῷ
3488 3305 3591 3374 γὰρ
3614 3300 3692 3356 τδν

476 3395 525 3446 is
569 3393 759 3463 recipit
801 3393 1002 3451 lumen.
1054 3397 1309 3467 Corporis
1361 3413 1491 3455 vero
1537 3404 1868 3457 resurrectio
1939 3404 2050 3460 illic

2152 3403 2383 3458 θάνατον
2409 3402 2506 3473 τῆς
2556 3400 2829 3475 ἁμαρτίας
2855 3400 2944 3453 διὰ
2976 3398 3265 3469 μετανοίας
3301 3391 3692 3464 ἀποσεισαμὲνῳ

477 3493 766 3554 peragetur
793 3486 1034 3543 omnium
1058 3486 1275 3556 quidem
1301 3489 1599 3559 aequaliter,
1625 3491 1802 3561 quoad
1824 3493 2049 3549 immor-

2149 3494 2200 3547 τὸ
2232 3493 2349 3563 φῶς
2390 3493 2453 3545 τὸ
2501 3490 2753 3559 ἀληθινὸν
2806 3489 3093 3545 ἀνατελεῖ·
3145 3489 3180 3557 ἠ
3220 3485 3277 3539 δὲ
3330 3485 3432 3538 τοῦ
3466 3481 3690 3548 σώματος

482 3572 769 3637 talitatem,
813 3589 920 3629 non
967 3589 1097 3632 vero
1141 3577 1317 3644 quoad
1374 3579 1622 3648 gloriam.
1667 3581 1851 3636 Gloria
1904 3583 2048 3637 enim

2149 3584 2320 3639 iustos
2369 3580 2775 3651 τελεσθήσεται,
2831 3579 3049 3634 πάντων
3094 3576 3194 3647 μὲν
3237 3574 3445 3645 ὁμοίως
3491 3570 3574 3624 διὰ
3600 3567 3683 3637 τὴν

481 3678 547 3717 ex
588 3666 937 3733 proportione
976 3675 1250 3736 gestorum
1296 3669 1349 3725 in
1383 3670 1498 3724 vita
1530 3671 1819 3743 unicuique
1851 3673 2052 3730 tribue-

2149 3670 2459 3734 ἀθανασίαν,
2493 3669 2556 3722 ού
2601 3669 2818 3722 πάντων
2857 3666 2915 3719 δὲ
2960 3664 3165 3737 ὁμοίως
3193 3662 3281 3715 διὰ
3319 3661 3423 3732 τὴν
3446 3659 3689 3713 εὔκλειαν.

479 3761 595 3821 tur,
621 3764 680 3809 ut
702 3768 825 3812 vere
840 3769 993 3812 sacra
1020 3765 1249 3813 testatur
1287 3758 1571 3830 Scriptura
1601 3762 1667 3815 ³³.

2153 3756 2220 3813 Ἢ
2260 3759 2366 3830 γὰρ
2408 3757 2534 3824 δόξα
2571 3758 2848 3827 ἀναλόγως
2879 3758 2992 3819 τοῖς
3027 3752 3263 3808 ἐνταῦθα
3298 3746 3685 3821 πεπραγμένὸις

2149 3852 2362 3921 ἑκάστῳ
2386 3850 2904 3921 πρυτανευθήσεται,
2924 3845 3108 3910 καθὼς
3133 3844 3204 3898 τά
3224 3843 3434 3915 ἀψευδῆ
3455 3842 3553 3912 τῆς
3580 3838 3695 3909 Γραο

2153 3944 2261 4015 φῆς
2285 3945 2531 4015 περιέχει
2558 3944 2736 4011 λόγια.

719 4045 977 4104 CLXXX.
1003 4076 1073 4089 —
1109 4048 1409 4106 LEONTIO
1447 4048 1799 4107 EPISCOPO.

2460 4052 2586 4106 PII'.
2612 4081 2682 4092 -
2711 4049 3010 4121 ΛΕΟΝΤΙῼ
3040 4049 3416 4119 ΕΠΙΣΚΟΠῼ.

1204 4139 1281 4193 De
1300 4142 1400 4204 ira,
1432 4157 1547 4209 qua:
1574 4141 1869 4195 voluntaria
1899 4149 1973 4195 est
2009 4141 2242 4205 insania,
2287 4142 2525 4195 oratione
2553 4142 2699 4195 molli
2730 4142 2985 4196 sedanda.

553 4242 832 4303 Noderato
850 4260 915 4301 ac
934 4247 1180 4303 suasibili
1204 4262 1453 4303 sermone
1485 4263 1716 4318 arguere
1744 4259 1835 4303 aut
1865 4250 2045 4320 potius

2216 4251 2431 4321 Εύηνίῳ
2462 4251 2557 4305 καὶ
2598 4251 2807 4322 πιθανῷ
2836 4251 2982 4322 λόγῳ
3034 4251 3283 4315 κολάσαι,
3321 4250 3523 4320 μᾶλλον
3552 4248 3602 4301 δὲ
3624 4245 3691 4299 δι-

484 4337 679 4392 docere
700 4337 955 4392 convenit
990 4351 1084 4394 eos
1117 4338 1210 4407 qui
1241 4313 1577 4409 implacabili
1617 4350 1744 4394 sunt
1786 4313 1890 4407 ira,
1922 4350 1978 4395 ut
2015 4356 2045 4395 a

2149 4313 2328 4405 δάξαί
2511 4342 2639 4405 τοὺς
2672 4313 2987 4411 ,ἀμειλίκτω
3030 4342 3168 4413 ὀργῇ
3218 4313 3557 4411 χρωμένους,
3606 4334 3689 4402 τῆς

485 4426 787 4482 voluntaria
809 4428 1015 4482 insania
1040 4428 1325 4485 absistam.
1354 4429 1687 4487 Tumescens
1705 4432 1848 4485 enim
1882 4433 1962 4486 ira
1994 4432 2045 4485 in

2152 4429 2398 4483 ἑκουσίου
2442 4431 2635 4501 μανίας
2664 4431 3105 4486 άποπαύσασθαι.
3146 4430 3460 4484 Ἀνοιδοῦσα
3502 4427 3602 4498 γὰρ
3625 4425 3691 4487 είς

487 4514 836 4571 homicidium
859 4517 1080 4576 desinit.

2153 4523 2505 4593 ἀνδροφονίαν
2532 4524 2779 4596 τελευτᾷ.

603 4618 887 4678 CLXXXI.
922 4654 995 4665 -—
1026 4624 1325 4684 HYPATIO
1359 4627 1564 4685 REMP.
1604 4627 1924 4684 GERENTI.

2355 4634 2529 4686 PHA'.
2561 4664 2630 4673 —-—
2657 4634 2912 4705 ΥΠΑΤΙῼ
2946 4632 3509 4701 ΠΟΛΙΤΕΥΟΜΕΝῼ.

486 4710 741 4783 Avaritia:
766 4714 973 4769 morbus
1000 4717 1264 4771 curandus
1317 4718 1576 4771 remediis.
1619 4718 1700 4770 Ad
1749 4717 1880 4772 illud
2124 4734 2224 4842 ὶῖὁ
2251 4720 2375 4859 )55;
2408 4741 2426 4774 ι
2463 4720 2806 4793 Eleemosyna
2852 4724 3135 4793 exstinguit
3173 4732 3464 4793 peccatum.
3496 4736 3516 4769 ι
3558 4712 3693 4782 (VM!

559 4891 661 4959 Qui
690 4892 1036 4965 exstinguere
1059 4894 1245 4953 volunt
1274 4895 1475 4967 ignem,
1503 4910 1613 4951 non
1646 4896 1851 4951 aridam
1883 4895 2049 4967 609

2225 4896 2289 4949 Οἱ
2324 4896 2434 4966 πῦρ
2467 4897 2655 4951 σϐέσαι
2685 4897 3023 4968 βουλόμενοι,
3064 4898 3161 4967 ούχ
3198 4895 3330 4967 ὕλην
3362 4892 3689 4957 εύκατάπρη·

490 4982 777 5050 quamdam
808 4985 1088 5039 materiam
1112 4988 1618 5057 lmponunt,.neque
1664 4986 1807 5042 aliud
1842 4986 2049 5045 fomen—

2157 5004 2279 5041 στον
2309 4986 2713 5058 προστιθέασιν,
2758 4988 2878 5041 οὐδὲ
2923 4988 3129 5059 τροφὴν
3170 4987 3338 5058 ἄλλην
3385 4982 3690 5053 παρέχουσιν

492 5082 604 5128 tum
630 5074 892 5145 praebent,
921 5092 1029 5148 quo
1061 5076 1203 5148 ignis
1244 5087 1518 5150 augescat,
1563 5077 1761 5148 ﬁatque
1801 5079 2047 5134 indoma-

2155 5080 2323 5151 αύτῷ,
2347 5081 2412 5134 δι’
2443 5074 2508 5152 ἧς
2534 5079 2755 5145 αύξεταί
2782 5097 2844 5135 τε
2884 5079 2982 5135 καὶ
3008 5077 3301 5150 ἀχείρωτον
3328 5075 3555 5148 γίνεται,
3574 5063 3692 5123 ἀλλά

562 5226 608 5259 ³⁸
635 5225 824 5284 Matth.
853 5235 1005 5295 mli,
1034 5230 1089 5292 '5.
1165 5230 1209 5264 ⁸⁸
1242 5232 1372 5288 Luc.
1402 5244 1493 5296 xv,
1531 5230 1623 5285 24.
1698 5231 1744 5263 ³¹
1785 5232 1980 5301 Ephes.
2020 5247 2052 5283 v

2151 5232 2204 5285 5.
2280 5233 2326 5265 ³³
2360 5232 2546 5288 Matth.
2589 5247 2706 5301 XVI,
2740 5233 2826 5290 17.

1574 5384 1808 5443 νΔΒΙᾸΞ
1844 5384 2227 5444 LECTIONES
2267 5387 2353 5447 ET
2390 5386 2623 5447 ΝΟΤιΕ.

498 5529 714 5608 opimae:
741 5530 809 5608 H._
834 5532 1152 5608 Stephanus
1170 5533 1223 5588 in
1249 5532 1524 5608 Thesauro
1553 5533 1615 5588 L.
1647 5534 1743 5590 Gr.
1773 5545 1827 5592 et
1855 5537 2056 5608 Diony»
2164 5554 2304 5595 sum.
2347 5539 2582 5595 Scuo'rr.

498 5602 611 5653 sius
631 5599 881 5656 Petavius
909 5599 973 5657 ad
1003 5602 1355 5673 Lpiplianium
1384 5602 1574 5665 Latine
1593 5621 1805 5676 quoque
1828 5599 2055 5662 convc'r-
