3974 6144
359 246 496 359 uas
1232 288 1756 352 EPISTOLARUM
1794 292 1942 352 LIB.
1981 292 2048 354 v.
2088 315 2156 326 —
2181 290 2416 353 EPIST.
2444 282 2765 356 01.xxX‘v.
3471 291 3609 357 tm

358 404 699 476 σϐεστηρίοις
737 401 1005 471 χρώμενοι
1046 398 1145 470 τὴν
1189 399 1364 469 φλόγα
1395 400 1821 456 καταπαύουσιν.
1862 402 1924 455 El

2038 400 2168 465 bilis,
2200 401 2316 464 sed,
2345 416 2465 467 quae
2487 402 2833 472 exstinguere
2859 410 2986 459 nata
3009 403 3119 459 siut
3150 402 3443 466 ﬂammant,
3471 404 3607 469 adii-

355 498 537 550 τοίνυν
585 489 684 548 καῖ
726 491 887 553 αύτδς
940 489 1116 560 βούλει
1164 490 1265 561 τὴν
1326 490 1428 561 τῆς
1488 492 1924 563 φιλοχρηματίας

2038 491 2200 544 ciunt.
2248 490 2303 543 Si
2355 490 2537 558 itaque
2566 501 2621 545 et
2657 492 2772 560 ipse
2803 493 3151 562 exstinguere
3185 491 3427 546 avaritia:
3462 490 3607 544 desi-

360 587 550 640 σϐέσαι
587 584 835 654 κάμινον,
864 584 931 653 τῇ
961 580 1329 652 ύπεξαιρέσει,
1376 581 1513 636 ἀλλὰ
1546 583 1621 653 μὴ
1655 586 1720 653 τῇ
1755 600 1925 652 προσ-

2039 581 2189 637 deras
2239 580 2536 645 fornacem,
2588 597 2695 637 non
2756 583 2981 651 adjectis
3019 584 3142 639 aliis
3182 582 3334 637 facile
3370 592 3422 636 te
3450 594 3608 649 posse

358 680 502 750 θήκῃ
544 674 700 729 τοῦτο
743 674 941 745 ῥᾳδίως
999 673 1216 727 ἀνύσειν
1271 673 1493 737 ἔλπιζε·
1536 674 1837 744 σϐεστήρια
1870 674 1926 727 δὲ

2038 672 2290 742 perﬁcere
2337 686 2542 740 speres,
2573 675 2668 727 sed
2718 675 3071 730 detrahendo.
3103 676 3395 729 Avaritiam
3425 681 3607 725 autem

358 761 745 833 ςριλαργυρίας,
773 760 1132 833 ἐλεημοσύνη,
1160 761 1254 814 καὶ
1282 761 1317 832 ἡ
1345 760 1452 814 τῶν
1473 762 1743 833 δεομένων
1768 762 1926 834 edep-

2039 762 2322 832 restiuguit
2378 761 2744 836 eleemusyua,
2793 776 2959 836 atque
3019 766 3074 821 iu
3120 775 3339 835 egentes
3388 760 3608 817 muniti-

358 854 541 923 γεσία.

2034 854 2235 909 centia.

602 961 771 1015 PIIB'.
802 990 871 1000 —
900 959 1139 1031 ΛΟΥΚᾼ
1181 960 1670 1031 ΛΑΜΠΡΟΤΑΤῼ.
2162 969 2171 1012 ι

2162 962 2463 1018 CLXXXII.
2480 994 2550 1004 —-
2563 964 2773 1021 ιιι]οΕ
2817 965 3259 1023 CLARISSIMO.
3283 963 3473 1021 VIRO.

430 1055 655 1111 Munera
679 1063 942 1109 exerceant
968 1054 1123 1107 etiam
1156 1052 1436 1120 sapientes.
1464 1052 1610 1106 Auro
1631 1052 1726 1120 jus
1761 1054 2093 1190 perger‘tlitur.
2128 1058 2195 1108 At
2242 1057 2321 1111 vir
2345 1060 2522 1125 justus
2544 1072 2609 1111 ea:
2648 1073 2798 1127 wqua
2826 1069 2876 1114 et
2924 1058 3077 1124 bona,
3119 1074 3223 1111 non
3246 1073 3311 1111 ex
3346 1056 3541 1125 affectu

1898 1140 1929 1175 ιι
1971 1134 2092 1178 teat.

1898 1134 2092 1178 udtcal.

443 1234 631 1305 Ὀρθὸν
661 1233 723 1287 τὸ
748 1233 952 1287 δίκαιον
983 1233 1174 1301 ἐκείνῳ
1203 1232 1473 1301 φαίνεται,
1507 1231 1584 1302 τῷ
1629 1250 1732 1302 χρη
1744 1234 1927 1301 μάτων

2104 1232 2329 1289 Rectum
2389 1233 2463 1289 illi
2514 1233 2779 1302 judicium
2832 1242 3080 1305 apparet,
3113 1233 3207 1303 qui
3246 1233 3470 1287 avaritia
3503 1248 3609 1287 non

363 1328 650 1398 κρείττονι,
680 1319 723 1393 ᾧ
752 1326 902 1378 οὐδὲν
930 1325 1122 1396 κέρδος
1150 1328 1261 1387 τοῖς
1303 1325 1402 1394 τῆς
1429 1324 1607 1393 ψυχῆς
1632 1324 1927 1392 ὀφθαλμοῖς

2036 1334 2394 1394 expugnatur,
2422 1326 2508 1380 cui
2542 1327 2673 1380 lucri
2717 1327 2956 1382 studium
3013 1326 3206 1381 animae
3264 1324 3449 1379 oculos
3500 1339 3605 1378 nou

364 1418 673 1473 ἐπισκοπεῖ.
703 1418 767 1470 Εἰ
796 1417 903 1487 γὰρ
926 1416 1073 1488 δῶρα
1103 1415 1358 1485 ἐκτυφλοῖ
1382 1414 1691 1484 ὀφθαλμοὺς
1730 1412 1928 1481 σοφῶν,

2039 1416 2363 1484 exstinguat.
2399 1416 2456 1471 Si
2489 1417 2633 1472 enim
2670 1436 2689 1470 ι
2730 1432 2954 1472 munera
2985 1418 3291 1486 sapientum
3323 1424 3608 1470 excaecant

363 1510 489 1572 τοὺς
510 1508 742 1576 ἀσόφους
766 1507 818 1559 τί
839 1507 939 1559 οὐκ
975 1506 1300 1576 ὲργάζεται;
1337 1506 1544 1574 ’Ὠσπερ
1573 1504 1680 1575 γὰρ
1716 1503 1811 1555 ἐὰν
1842 1504 1932 1556 ἐπὶ

2044 1505 2240 1559 lumina
2270 1505 2335 1571 ³⁸,
2362 1525 2381 1558 ι
2405 1507 2750 1575 insipientum
2780 1508 2909 1576 quid
2943 1522 3047 1562 uan
3080 1506 3322 1562 facient?
3347 1504 3613 1572 Quemad-

366 1598 569 1669 θάτερα
620 1596 713 1649 τοῦ
778 1595 942 1665 ζυγοῦ
999 1595 1220 1666 χρυσίον
1277 1595 1677 1665 προσενέγκῃς,
1736 1593 1931 1647 καθέλ-

2039 1596 2255 1650 modum
2289 1596 2335 1651 si
2366 1597 2524 1651 alteri
2570 1595 2771 1652 bilanci
2831 1612 3023 1652 aurum
3061 1598 3329 1666 imponas,
3359 1595 3486 1648 lanx
3514 1594 3608 1647 de-

366 1706 521 1742 κεται
546 1688 659 1759 (27)
690 1689 723 1757 ή
752 1687 1038 1755 πλάστιγξ,
1074 1687 1170 1740 καὶ
1213 1684 1397 1739 ἄνισον
1428 1685 1666 1737 δείκνυσι
1701 1684 1795 1739 τὸν
1834 1683 1932 1747 ζυ-

2044 1686 2310 1754 primitur,
2342 1697 2395 1741 et
2426 1687 2688 1757 inaequale
2722 1690 2963 1743 ostendit
3008 1687 3197 1757 jugum
3225 1704 3241 1742 :
3265 1688 3342 1741 sic
3370 1694 3427 1741 et
3448 1683 3613 1753 iudex

368 1775 493 1842 γόν·
532 1775 675 1828 οὕτω
724 1776 817 1828 καὶ
861 1777 990 1828 ὅταν
1040 1777 1068 1827 ὁ
1116 1774 1217 1844 τῆς
1264 1774 1447 1844 ψήφου
1491 1774 1676 1843 κύριος
1714 1774 1934 1845 χρυσίον

2047 1793 2160 1832 cum
2191 1792 2322 1832 auro
2372 1779 2761 1846 corrumpitur,
2811 1780 2944 1833 nihil
2998 1788 3209 1833 rectum
3250 1784 3343 1830 aut
3380 1774 3616 1831 salutare

367 1862 543 1926 λάϐοι,
567 1863 718 1916 οὐδὲν
746 1863 811 1917 ἂν
832 1863 1007 1932 ὀρθῶς
1033 1862 1140 1915 οὐδ’
1167 1862 1334 1929 ὑγιῶς
1359 1861 1643 1931 ψηφιεῖται
1659 1878 1672 1891 ’
1703 1864 1731 1914 ό
1753 1862 1809 1914 δὲ
1828 1862 1936 1914 τῶν

2039 1866 2259 1936 iudicat.
2298 1869 2401 1934 Qui
2466 1885 2595 1925 vero
2635 1870 2824 1938 judicii
2890 1870 3180 1924 terminum
3240 1868 3452 1931 statuit,
3498 1880 3608 1919 non

368 1954 603 2023 κρίσεων
646 1953 771 2024 ὅρον
814 1954 875 2006 τὸ
917 1953 1144 2017 δίκαιον,
1197 1954 1257 2005 ού
1294 1953 1392 2022 τὴν
1443 1952 1651 2005 οἰκείαν
1684 1951 1936 2023 βούλησιν

2044 1960 2316 2029 propriam
2357 1960 2717 2025 voluntatem,
2754 1975 2821 2015 eo
2877 1960 3144 2015 inclinare
3182 1958 3316 2014 facit
3369 1957 3613 2021 decreta,

370 2041 712 2111 ποιούμενος,
744 2045 861 2097 ἐκεῖ
907 2044 1091 2112 ῥέπειν
1122 2042 1535 2115 παρασκευάζει
1577 2042 1673 2107 τὰς
1700 2042 1935 2113 ψήφους,

1487 2060 1535 2095 ει
1577 2042 1673 2107 τὰς
1700 2042 1935 2113 ψήφους,
2037 2064 2147 2120 quo
2174 2049 2439 2120 justitiam
2472 2066 2695 2122 vergere
2726 2050 3053 2106 observarit.

371 2131 501 2185 ἔνθα
522 2133 620 2205 τὴν
647 2133 801 2202 δίκην
828 2133 1085 2187 νεύουσαν
1112 2133 1373 2187 θεάσοιτο.

671 2239 843 2294 rnr'.
878 2267 945 2279 —
971 2239 1216 2309 ΑΛΦΕΙῼ
1256 2238 1624 2309 ΕΠΙΣΚΟΠῼ.

2284 2244 2614 2301 CLXXXIII.
2628 2276 2699 2286 —
2714 2242 2968 2299 ALPHIO
3020 2241 3370 2298 EPISCOPO.

376 2331 633 2384 Adversus
658 2346 764 2397 eos,
804 2331 893 2400 qui
922 2344 1259 2398 spontaneum
1305 2330 1954 2404 paupertatem__professi.
1997 2352 2116 2401 opes
2157 2339 2396 2391 omnibus
2433 2339 2602 2393 modis
2650 2344 2971 2403 corradunt,
3000 2345 3053 2391 et
3093 2336 3443 2404 eleemosynas
3491 2344 3620 2400 pau-

1584 2401 1794 2467 peribus
1823 2404 2021 2459 debitas
2048 2408 2423 2465 intervertant.

458 2505 725 2570 Ἦλιθίους
754 2504 928 2575 ἔγωγε
955 2505 1088 2575 ἡγοῦ
1097 2523 1195 2576 μαι
1220 2506 1346 2569 τοὺς
1374 2505 1467 2558 ἐπὶ
1504 2505 1603 2575 μὲν
1628 2505 1738 2560 τῶν
1764 2507 1940 2576 λόγων

2110 2512 2316 2567 Stultus
2347 2514 2392 2569 is
2440 2512 2713 2583 equidem,
2739 2513 2951 2581 opinor,
3005 2519 3111 2575 est,
3151 2510 3396 2575 quicum
3458 2507 3618 2562 verba

374 2597 473 2661 τὰς
501 2595 841 2660 ἐναντιώσεις
866 2598 1127 2662 ὁρῶντας,
1159 2597 1251 2650 ἐπὶ
1276 2597 1334 2650 δὲ
1370 2597 1480 2650 τῶν
1502 2597 1679 2668 ἔργων
1704 2597 1779 2670 μὴ
1806 2600 1940 2653 καθ-

2048 2612 2228 2672 aperte
2287 2604 2483 2658 viderit
2550 2603 2875 2673 pugnantia,
2934 2610 3113 2656 tamen
3174 2615 3356 2655 rerum
3414 2598 3617 2653 nullum

372 2690 638 2761 ορῶντας.
684 2689 757 2742 Τὸ
803 2688 911 2761 γὰρ
960 2690 1067 2742 ἀπὸ
1111 2688 1217 2741 τῶν
1290 2689 1666 2759 συλλογισμῶν
1721 2690 1939 2758 εὔλογον

2053 2696 2204 2750 liabet
2274 2704 2602 2764 respectum.
2669 2694 2802 2748 Nam
2858 2694 3290 2764 syll0gismorum
3354 2691 3622 2743 rationem

377 2778 821 2851 προϐαλλόμενοι,
856 2778 1113 2833 τάναντία
1154 2772 1229 2832 ὧν
1259 2796 1392 2847 φασι
1445 2779 1580 2849 δρᾷν
1630 2779 1690 2831 οὐ
1740 2797 1940 2849 παραι-

2053 2785 2401 2855 proferentes,
2426 2786 2701 2839 contraria
2763 2784 2851 2848 lis,
2886 2798 3006 2852 quae
3046 2785 3252 2845 dicunt,
3295 2794 3461 2850 agere
3515 2794 3622 2833 non

374 2872 614 2925 τοῦνται.
663 2870 773 2941 Τὴν
804 2870 935 2939 γοῦν
985 2869 1371 2939 ὰκτημοσύνην
1421 2870 1674 2939 μέγιστον
1716 2870 1940 2936 ἀγαθὸν,

2043 2889 2318 2932 verentur.
2350 2876 2587 2944 Inopiam
2624 2874 2809 2944 itaque
2857 2873 3176 2938 maximum,
3203 2881 3260 2926 ut
3288 2881 3369 2926 est
3400 2884 3611 2933 revera,

376 2959 564 3031 ῶσπερ
591 2955 686 3013 οὖν
716 2960 811 3012 καὶ
836 2959 1003 3024 ἐστιν,
1037 2958 1418 3027 ὑποτιθέμενοι
1447 2957 1583 3026 (28).
1618 2960 1683 3010 ἐκ
1709 2958 1817 3009 τῶν
1851 2960 1945 3009 ἀλ-

2051 2970 2309 3022 bonorum
2347 2976 2669 3030 statuentes,
2703 2979 2769 3018 ex
2801 2965 3030 3019 aliorum
3076 2963 3291 3018 damnis
3348 2970 3620 3030 quaestum

376 3052 603 3123 λοτρίων
661 3051 1000 3122 κερδαίνουσι
1046 3050 1374 3121 συμφορῶν·
1428 3050 1523 3103 καὶ
1572 3049 1669 3117 τὴν
1722 3049 1945 3117 ἐλεημο-

2056 3061 2277 3125 laciuut,
2300 3070 2355 3114 et
2400 3061 2797 3127 eleemosyuam
2833 3067 2891 3112 ιιι
2931 3071 3045 3111 rem
3080 3056 3320 3109 divinam
3355 3050 3624 3105 extollen-

377 3145 545 3213 σύνην
568 3143 962 3207 ὲκθειάζοντες,
993 3144 1063 3195 τὰ
1092 3141 1203 3193 τῶν
1232 3140 1499 3194 ἐλεεῖσθαι
1524 3140 1789 3209 δεομένων
1818 3157 1946 3209 σφε-

2058 3161 2173 3214 tes,
2213 3165 2442 3219 quorum
2496 3148 2740 3203 misereri
2794 3155 3088 3215 oporteret,
3122 3143 3333 3197 illorum
3362 3154 3452 3194 res
3500 3151 3627 3193 suas

377 3235 710 3308 τεριζόμενοι
757 3235 858 3289 οὐκ
896 3233 1229 3305 ἐρυθριῶσιο
1261 3234 1355 3287 καὶ
1399 3232 1461 3285 τὸ
1491 3233 1810 3286 κοινωνικὸν
1852 3233 1946 3286 καὶ

2056 3240 2281 3305 faciunt,
2311 3254 2411 3294 uec
2437 3239 2788 3293 erubescunt.
2815 3236 3053 3302 Denique
3082 3227 3625 3287 communicationem

380 3327 734 3397 εὐμετάδοτον
788 3325 1276 3396 ἀνακηρύττοντες,
1332 3324 1797 3396 χρηματιζόμενοι
1846 3325 1947 3377 οὐκ

2058 3330 2514 3399 largitionemque
2557 3330 3009 3399 depraadicantes,
3038 3324 3196 3379 bouis
3250 3320 3465 3376 inhiare
3520 3330 3627 3371 non

383 3416 743 3486 αἰσχύνονται.

2057 3428 2340 3473 verentur.

718 3526 885 3579 PIIA’.
914 3554 983 3565 -
1012 3522 1244 3577 IEPAKI
1282 3524 1604 3595 ΔΙΑΚΟΝῼ.

2298 3528 2427 3583 CLX
2440 3526 2630 3586 XXIV.
2641 3557 2714 3575 -
2726 3524 3008 3582 IIIERACI
3056 3518 3378 3603 DIACONO.

554 3618 621 3672 In
647 3620 797 3671 malis
827 3626 1058 3681 acutum,
1084 3608 1311 3669 hebetem
1336 3615 1393 3668 in
1421 3616 1593 3676 nobis,
1616 3614 1766 3684 jubet
1795 3614 1960 3669 animi
1988 3614 2199 3669 oculum
2221 3633 2470 3687 purgare,
2508 3628 2564 3671 ut
2599 3619 2790 3673 bonum
2835 3614 3132 3682 malumque
3154 3612 3451 3680 dignarent.

452 3727 657 3790 Πάντες
707 3724 910 3795 σχεδὸν,
953 3720 1035 3786 οἷς
1064 3725 1262 3794 ἀρετῆς
1295 3724 1473 3791 λόγος,
1524 3723 1709 3791 φασὶν,
1742 3722 1819 3786 ὡς
1849 3723 1945 3790 ὀξὺ

2120 3724 2516 3796 Propemodum
2548 3743 2739 3785 omnes
2774 3727 2980 3783 virtute
3028 3722 3241 3796 praediti
3296 3719 3539 3775 referunt
3569 3724 3623 3767 te

388 3796 489 3885 μὲν
540 3815 677 3883 πρὸς
722 3814 820 3885 τὴν
872 3813 1067 3867 κακίαν
1094 3815 1246 3885 ὁρᾷς,
1272 3812 1599 3883 τυφλώττεις
1634 3813 1690 3865 δὲ
1714 3814 1850 3884 πρὸς
1879 3813 1949 3867 τὰ

2060 3817 2272 3887 quidem
2291 3824 2451 3872 acute
2469 3821 2731 3877 malitiam
2755 3817 3261 3889 improhitatemque
3288 3822 3530 3866 cernere.
3561 3804 3629 3857 ad

386 3906 675 3962 κάλλιστα.’
717 3908 777 3961 Εἰ
812 3909 990 3962 τοίνυν
1031 3908 1182 3961 ταῦθ’
1225 3908 1398 3971 οὕτως
1435 3907 1580 3977 ἔχει,
1613 3906 1955 3977 ἀνακάθαρον

2066 3908 2290 3964 honesta
2323 3925 2454 3964 vero
2507 3910 2776 3964 cmcutire.
2815 3906 2965 3971 Quod
3002 3906 3042 3955 si
3075 3905 3147 3954 ita
3184 3914 3242 3954 se
3284 3913 3371 3952 res
3407 3896 3628 3954 habeat,

389 3996 589 4051 σαυτοῦ
628 3999 719 4052 τὸν
750 3995 873 4051 νοῦν
897 4013 913 4028 ·
967 3989 1122 4062 οὗτος
1164 3999 1271 4069 γάρ
1302 4000 1453 4052 ἐστιν
1484 3999 1513 4050 ό
1534 3997 1634 4066 τῆς
1660 3997 1837 4066 ψυχῆς
1861 3997 1958 4065 όφ-

2062 4015 2162 4069 age
2193 4010 2451 4065 mentem,
2472 4017 2590 4069 qua!
2609 3999 2803 4051 animae
2837 3995 3025 4048 oculus
3056 4002 3161 4054 est,
3182 3991 3358 4044 denuo
3378 3995 3628 4055 purgato,

389 4089 592 4160 θαλμός
630 4089 772 4159 (29)·
812 4090 954 4160 τάχα
992 4107 1109 4152 πως
1146 4091 1216 4144 τά
1256 4107 1317 4143 τε
1350 4088 1491 4143 καλὰ
1536 4088 1629 4140 καὶ
1664 4087 1733 4140 τὰ
1761 4088 1958 4157 αἰσχρὰ

2064 4089 2210 4144 nullo
2244 4099 2303 4144 ut
2343 4090 2555 4157 negotio
2585 4086 2807 4158 pulchra
2831 4086 3076 4150 foedaque
3105 4082 3411 4134 discernere
3438 4087 3624 4143 queas.

387 4183 661 4253 διακρῖναι
699 4181 1005 4252 δυνηθείης.
1066 4182 1162 4234 Ἐκ
1205 4181 1312 4250 γὰρ
1354 4180 1556 4249 ταύτης
1592 4179 1692 4249 τῆς
1727 4178 1956 4250 βασάνου

2066 4179 2179 4235 Hoc
2208 4181 2351 4235 enim
2386 4181 2755 4249 experimento
2782 4193 2901 4248 qua:
2945 4172 3235 4243 sequenda,
3262 4181 3490 4237 quaeque
3524 4163 3632 4217 siut

386 4274 457 4327 τὰ
489 4275 587 4343 μὲν
616 4274 779 4338 ἑλεῖν,
807 4273 877 4327 τὰ
910 4273 966 4326 δὲ
992 4275 1180 4341 φυγεῖν
1219 4270 1648 4343 προθυμηθείης.

1289 4270 1648 4342 οθυμηθείης.
1989 4256 2033 4312 Ῑ)
2063 4269 2313 4337 fugienda
2341 4271 2521 4323 animo
2550 4268 2858 4323 condisces.

682 4385 854 4437 PﬂE'.
892 4413 963 4423 —
991 4384 1316 4454 ΑΡΠΟΚΡᾼ
1354 4383 1665 4454 ΣΟΦΙΣΤῌ.
2129 4379 2251 4448 611

2129 4378 2293 4448 610
2326 4376 2629 4432 CLXXXV.
2652 4368 3137 4428 -ΠΑΒΡΟΟΒΑΞ
3171 4358 3552 4421 ΞΟΡΗΙΞΤᾹΞ.

766 4476 806 4528 Α
836 4475 977 4528 ludis
1002 4486 1047 4529 et
1075 4474 1406 4543 spectaculis,
1435 4490 1655 4543 quarunt
1690 4472 1836 4539 origo
1875 4468 2187 4538 explicatur,
2219 4479 2276 4522 ut
2298 4486 2418 4523 suos
2449 4470 2695 4533 abducat,
2726 4468 2810 4521 hic
2839 4468 3083 4519 hortatur
3109 4460 3246 4532 (50).

465 4570 585 4621 Ὅτι
635 4567 733 4639 μὲν
777 4567 828 4620 ai
876 4568 936 4621 ὲν
978 4566 1390 4638 διεφθαρμένοις
1435 4564 1592 4636 ἤθεσι
1636 4563 1959 4635 τρεφόμενοι

2141 4559 2345 4616 Pueros
2395 4561 2464 4614 ob
2512 4560 2704 4614 malam
2738 4557 3116 4613 educationem
3156 4550 3339 4622 pravis
3391 4543 3633 4600 maribus

470 4722 516 4755 “
548 4722 719 4780 Exod.
748 4736 946 4787 xxxur,
973 4720 1040 4790 8;
1082 4722 1238 4777 Deut.
1266 4735 1381 4785 xvr,
1408 4719 1505 4787 I9;
1542 4718 1711 4775 Eccli.
1745 4732 1836 4783 xx,
1862 4717 1954 4771 3|.

1485 4831 1721 4889 VARUE
1758 4827 2136 4885 LECTIONES
2176 4824 2265 4880 ET
2297 4823 2529 4881 NOTAE.

479 4951 589 5019 (27)
621 4949 722 5003 Pro
754 4950 1078 5003 καθέλκεται
1112 4950 1267 5006 codd.
1300 4949 1418 5004 Vat.
1462 4949 1566 5004 650
1601 4957 1655 5004 et
1696 4948 1803 5001 Alt.
1834 4948 1967 5001 scri-
2079 4943 2225 4997 Mens
2266 4943 2424 5005 videt,
2459 4956 2602 4993 mens
2639 4937 2786 4990 audit
2823 4952 2926 4987 una
2955 4948 2974 4987 :
3002 4939 3187 4986 cwtera
3224 4926 3473 5019 surda-et
3499 4941 3639 4979 eruca

407 4994 538 5075 bu‘ut
560 4994 677 5072 καθ’
707 5019 954 5073 ἕκαστον.
987 5020 1193 5074 Possm.

1926 4994 1937 4999 _
2272 4994 2305 4996 ρ
2336 4994 2365 4995 ρ
2410 4994 2423 5005 ,
3330 4994 3493 5067 [sunt

474 5090 587 5165 (28)
624 5089 969 5165 Elegaus_liic
992 5099 1298 5165 spontauea;
1335 5097 1416 5141 est
1443 5085 1773 5165 paupertatis
1810 5100 1959 5165 com-

2064 5102 2212 5165 Apud
2240 5101 2569 5157 Clementem
2600 5096 2692 5149 lib.
2715 5110 2748 5148 ll
2770 5093 3025 5165 Stramat.
3056 5099 3107 5143 et
3138 5086 3466 5165 Theudoret.
3497 5085 3590 5165 lib.
3618 5099 3633 5137 ι

404 5152 675 5215 mendatio
702 5152 808 5235 :'_et
836 5152 1128 5235 ZAosymuni
1146 5152 1515 5235 presbyterum
1541 5152 1825 5235 perstringi
1857 5169 1954 5235 a_p_-

2067 5152 2384 5235 "'i'iér’aﬁe'in.’
2419 5168 2647 5235 Aristat.
2687 5166 2740 5217 iu
2780 5162 3103 5235 Problemat.
3155 5168 3208 5210 ct
3239 5155 3461 5235 Cassius
3493 5152 3636 5235 [fro-2

422 5230 829 5304 )aret_ex_epist_.
860 5223 965 5280 210
989 5241 1040 5280 et
1066 5227 1190 5281 501.
1237 5226 1301 5280 Et
1330 5225 1800 5304 ‘liauiiuesnlliu‘gua
1840 5223 1959 5290 plti-

2065 5223 2215 5295 ὁιέὶὴ.
2242 5223 2355 5292 Ξῖς
2397 5237 2541 5299 Νοῦς
2580 5234 2638 5288 δὲ
2682 5235 2803 5304 ὁρᾷ,
2845 5231 2921 5291 ῶς
2950 5228 3083 5300 φησί
3103 5244 3185 5290 τις
3215 5225 3325 5279 τῶν
3371 5223 3634 5294 ἀρχαίων.

422 5247 556 5283 )aret
576 5247 641 5282 ex
670 5247 829 5297 t’plSl.
861 5247 965 5280 Ζιυ
989 5247 1040 5280 ει
1066 5247 1190 5281 OUI.
1237 5247 1301 5280 nl
1337 5247 1578 5279 Immunes
1623 5247 1800 5291 unguit
1840 5247 1959 5290 Plll'
2063 5247 2215 5295 Mem.
2245 5247 2303 5291 2g

402 5247 625 5366 Iosoplia
659 5298 814 5351 inerti
848 5311 1030 5363 apera,
1062 5307 1115 5366 ut
1161 5312 1278 5366 sup.
1310 5294 1444 5348 dixit
1467 5309 1555 5366 ep.
1587 5293 1657 5346 28
1683 5294 1756 5366 iu_
1774 5306 1955 5345 extre-
2064 5311 2303 5365 δεηοττ,

403 5360 596 5446 molis}:
621 5367 798 5446 λόγοις
825 5360 1145 5446 φιλοσοφῶν,
1169 5360 1351 5446 ἔργοις
1356 5363 1707 5446 ἐφιλόσοφος.
1726 5361 1963 5446 Settur't‘.

2064 5360 2387 5446 “(50—)7Hac
2427 5374 2651 5446 ep_ista_l_a
2695 5367 2938 5440 sequenti
2974 5382 3005 5421 a
3039 5363 3358 5446 spectaculis
3387 5360 3623 5446 etludis

475 5437 589 5510 (29)
623 5431 774 5490 Meus
798 5431 961 5510 animi
982 5431 1073 5510 est
1091 5431 1315 5510 "oculus.
1356 5432 1682 5501 Epicharmi,
1733 5431 1835 5484 hoc
1862 5438 1966 5494 est,

2064 5431 2274 5508 avocat,
2313 5455 2368 5498 ut
2397 5431 2542 5500 et'B.
2574 5431 2990 5510 Citryso'stomus
3024 5431 3164 5502 διῄρε
3188 5434 3239 5486 iu
3277 5434 3342 5510 iis
3378 5444 3511 5510 quas
3531 5445 3631 5510 ᾳη-

406 5500 730 5582 Ργὶὴοςοτω.
762 5503 1045 5582 auditoris,
1090 5502 1386 5582 Trachaico
1425 5515 1743 5568 expressum
1786 5514 1965 5580 versu,

2063 5500 2351 5569 drianticas
2382 5516 2445 5567 ad
2481 5500 2734 5582 papuluiu
2769 5500 3163 5582 Antiochenam
3186 5500 3629 5582 *ηοιιιὶηξιξιῑηιιο-

404 5566 513 5643 quo
563 5566 821 5628 carminis
870 5588 1067 5641 genere
1108 5571 1403 5627 delectatus
1453 5566 1549 5624 sua
1600 5567 1965 5636 conscripsit:

2065 5566 2344 5657 hiilii§,"e'i
2363 5566 2703 5657 Terrt'ullian”
2752 5587 2805 5631 et
2848 5584 2970 5657 post
3017 5571 3335 5657 illas__Jo:in.
3388 5566 3630 5657 Illarfiatga

405 5635 550 5730 ἀοῦς
583 5666 684 5737 ὁρᾷ
713 5664 803 5722 καὶ
827 5635 948 5729 ναῦς
980 5662 1166 5718 ἀκούει
1188 5680 1202 5697 ·
1225 5681 1255 5716 τ
1300 5661 1434 5718 ἄλλα
1467 5662 1623 5733 κωφᾶ
1653 5660 1745 5716 καὶ
1774 5635 1967 5729 τυφλά.

2066 5635 2255 5711 ξόείξιί
2287 5635 2485 5711 nostra:
2533 5635 2805 5720 theologus
2846 5635 2901 5703 iu
2927 5642 3270 5701 Tractatibus
3316 5658 3329 5694 :
3361 5649 3417 5699 et
3436 5636 3535 5696 iul.
3571 5635 3630 5692 S.
