3974 6144
488 302 627 366 1435

1671 291 1734 351 S.
1774 283 2067 348 ISIDORI
2099 276 2543 342 PELUSIOTzE
3581 266 3695 331 1436

485 417 728 461 assuetos
772 402 908 457 haud
971 400 1124 454 facile
1176 399 1240 453 ad
1268 409 1557 469 generosos
1601 393 1819 447 virtutis
1872 404 2049 443 mores

2157 383 2361 445 παῖδες,
2409 382 2468 433 οὐ
2503 378 2696 450 ῥᾳδίως
2733 376 2849 447 μετ’
2878 375 3080 447 ἀρετῆς
3123 375 3204 437 είς
3232 374 3452 444 ἀνδρίαν
3486 375 3591 445 (δι)
3620 378 3698 432 ἐκ·

486 511 791 564 assurgere,
820 496 930 563 ipse
964 494 1123 555 nosti,
1158 502 1415 559 quantum
1443 504 1471 543 e
1503 488 1606 541 tuis
1641 487 1703 539 ad
1737 500 1820 538 me
1853 484 2053 537 litteris

488 588 670 642 didici.
700 585 771 637 lta
808 599 933 638 vero
959 599 1067 636 rem
1105 597 1164 635 se
1216 582 1434 641 habere,
1473 593 1615 631 mum
1665 576 1910 643 pluribus
1940 575 2055 643 ipse

488 678 787 732 ostendam.
820 674 1248 741 Temperantiam
1270 671 1409 723 enim
1438 666 1724 737 juvenibus
1744 666 1901 732 eripit
1931 679 2053 717 cum

489 766 788 822 libidinosis
810 764 1167 817 familiaritas.
1194 761 1538 814 Prudentiam
1565 773 1692 811 vero
1711 758 1830 826 fuga
1859 755 2055 809 laboris

490 861 543 913 iu
576 860 642 913 iis
700 858 957 927 legendis,
1003 870 1121 923 quae
1171 853 1412 906 decent:
1449 850 1817 903 fortitudinem
1873 856 2052 900 autem

490 948 666 1002 aufert
714 948 965 1000 mollities
1024 940 1662 1010 histrionum,justitiam
1695 936 2055 1006 deniqueadi—

497 1049 651 1094 mum
676 1040 961 1091 mimorum
987 1035 1245 1104 perjuria.
1279 1033 1411 1097 Quis
1441 1032 1621 1099 itaque
1652 1044 1755 1081 non
1776 1027 2056 1082 condoleat

502 1138 970 1183 commoveaturve
1004 1126 1214 1179 decoris
1248 1132 1390 1177 statu
1423 1122 1629 1175 minuto
1667 1134 1825 1188 quem
1874 1131 2057 1169 neces-

491 1217 638 1270 sario
682 1215 1031 1283 consequitur
1073 1223 1164 1265 aut
1199 1212 1411 1266 irrideri
1443 1218 1537 1264 aut
1576 1208 1820 1262 turbari?
1852 1206 2051 1259 Horum

493 1304 619 1357 illud
650 1304 863 1371 quidem
901 1317 1097 1366 scenice,
1129 1302 1230 1355 hoc
1260 1315 1388 1353 vero
1415 1298 1748 1353 Circensium
1780 1296 2051 1359 ludorum,

492 1394 581 1446 ubi
611 1394 766 1461 cquis
815 1392 1179 1454 concurritur,
1212 1388 1488 1458 proprium
1539 1396 1640 1441 est.
1668 1385 1834 1438 Ratus
1877 1385 2056 1452 itaque

490 1500 655 1554 grave
687 1498 806 1539 esse
846 1484 1068 1550 juvenes
1102 1481 1190 1534 tali
1238 1480 1358 1549 capi
1379 1477 1709 1547 spectaculo,
1742 1475 2055 1529 interdicito

492 1577 618 1639 illis,
652 1573 832 1628 verbis
886 1571 1250 1641 potissimum,
1281 1577 1336 1623 et
1384 1568 1486 1622 nisi
1530 1575 1757 1635 pareant
1804 1566 2054 1633 dictoque

491 1669 601 1721 sint
645 1664 945 1727 audientes,
970 1671 1114 1714 metu
1167 1659 1330 1713 etiam
1387 1665 1638 1713 coerceto
1673 1674 1685 1710 :
1724 1655 1795 1708 ita
1848 1655 1959 1719 fiet,
1998 1663 2057 1707 ut

2156 474 2429 544 ϐήσονται,
2456 474 2546 523 καὶ
2576 473 2610 540 ἡ
2735 468 2947 530 σύνεσις
2967 467 3034 519 δι’
3059 460 3133 521 ὧν
3152 465 3407 536 ἔγραψεν,
3434 466 3696 536 ἐδήλωσεν.

2156 562 2278 615 Ὅτι
2319 562 2376 616 δὲ
2428 560 2519 613 καί¹
2559 559 2732 621 οὕτως
2780 556 2893 627 ἔχει
2932 557 2991 608 τὸ
3033 557 3287 625 πρᾶγμα,
3332 555 3528 607 αὐτίκα
3576 556 3698 626 μάλα

2154 657 2451 726 εἰρήσεται.
2482 651 2591 722 Τὴν
2644 651 2741 720 μὲν
2776 650 2886 721 γὰρ
2916 647 3271 721 σωφροσύνην
3309 648 3490 711 αὐτοῖς
3518 665 3697 718 παραι-

2156 748 2327 817 ρεῖται
2366 744 2425 796 τὸ
2468 745 2579 805 τοῖς
2630 740 3008 808 ἀσελγαίνουσι
3061 736 3486 808 συνδιατρίϐειψ
3521 737 3611 808 τὴν
3653 739 3701 792 δὲ

2156 835 2411 905 φρόνησιν
2451 833 2509 885 τὸ
2536 833 2661 894 τοὺς
2688 833 2748 883 ἐν
2777 833 2891 893 τοῖς
2914 830 3279 900 προσήκουσιν
3305 829 3701 898 ἀναγνώσμασιν

2158 924 2383 994 ἱδρῶτας
2409 923 2854 991 ἀποδιδράσκειν
2887 920 2985 990 τὴν
3022 918 3077 970 δὲ
3102 919 3322 989 ἀνδρίαν
3353 920 3384 988 ἡ
3420 918 3528 970 τῶν
3558 921 3701 988 ὀρχη-

2158 1014 2296 1066 στῶν
2340 1013 2632 1083 ἀνανδρία·
2675 1012 2775 1080 τὴν
2817 1011 2876 1064 δὲ
2919 1008 3265 1078 δικαιοσύνην
3306 1009 3341 1078 ἡ
3388 1006 3497 1060 τῶν
3543 1008 3701 1076 μίμων

2156 1105 2430 1175 ἐπιορκία.
2481 1104 2599 1157 Τίνι
2633 1103 2677 1157 δ’
2710 1103 2775 1157 ἂν
2811 1103 2843 1173 ἢ
2887 1102 3300 1171 συναχθεσοεῖεν
3330 1100 3363 1170 ἦ
3412 1100 3701 1169 συνησθεῖεν

2158 1197 2295 1266 μετά
2326 1198 2423 1267 τῆς
2448 1195 2761 1267 πρεπούσης
2792 1195 3199 1259 καταστάσεως,
3232 1188 3313 1254 οἷς
3336 1193 3480 1245 δυοῖν
3510 1179 3699 1261 ἀνάγκῆ

2157 1288 2399 1358 θάτερον,
2450 1287 2504 1356 ἢ’
2539 1286 2724 1355 γελᾷν,
2755 1286 2789 1355 ἢ
2840 1283 3208 1355 τεταράχθαι;
3254 1277 3357 1335 Ὧν
3392 1282 3454 1334 τὸ
3500 1283 3594 1352 μὲν
3618 1283 3701 1350 τῆς

2157 1379 2382 1449 σκηνῆς,
2411 1378 2471 1431 τὸ
2518 1377 2575 1431 δὲ
2620 1378 2714 1431 τοῦ
2748 1377 3081 1447 ἱπποδρόμου
3114 1373 3285 1447 δῶρόν
3332 1376 3501 1427 ἐστιν.
3546 1373 3700 1427 Δεινδν

2156 1470 2456 1540 ἡγούμενος
2497 1470 2558 1523 τὸ
2592 1471 2657 1539 τῇ
2698 1468 2796 1540 θέα
2844 1468 3142 1521 ἑαλωκέναι
3184 1468 3311 1528 τοὺς
3349 1465 3520 1528 νέους,
3573 1460 3699 1534 εἶργε

2154 1560 2399 1625 τούτους,
2453 1561 2690 1631 μάλιστα
2740 1559 2841 1630 μὲν
2888 1560 3054 1629 λόγῳ,
3107 1559 3154 1611 εί
3198 1558 3256 1610 δὲ
3301 1556 3380 1628 μὴ
3436 1555 3700 1617 πείθοιντο,

2158 1652 2328 1721 φόϐῳ.
2386 1652 2589 1721 Ῥᾷστα
2633 1650 2741 1720 γὰρ
2781 1649 2846 1703 ἂν
2886 1649 3058 1711 οὕτως
3108 1648 3364 1719 ἀρίστους
3410 1646 3598 1717 ἄνδρας
3626 1646 3701 1698 καὶ

492 1755 646 1810 facile
673 1754 869 1825 probos
902 1754 1044 1808 viros
1081 1761 1432 1818 oratoresque
1461 1749 1703 1820 egregios
1739 1748 1963 1802 formes.
1986 1746 2053 1800 At

2157 1716 2359 1806 δεινοὺς
2389 1716 2624 1813 ῥήτορας
2646 1716 3100 1813 δημιουργήσας.
3130 1716 3192 1792 Εἰ
3215 1740 3290 1801 δὲ,
3320 1738 3397 1801 ὡς
3426 1716 3699 1808 γέγραφας,

491 1846 559 1908 si,
601 1854 657 1898 ut
685 1844 896 1906 scribis,
924 1858 1088 1913 grave
1129 1841 1257 1905 illis,
1292 1841 1686 1909 molestumque
1717 1838 1915 1894 accidit
1946 1837 2056 1906 pri-

491 1940 607 1991 vari
644 1937 1025 2004 voluptatibus,
1045 1950 1162 2004 quae
1190 1934 1503 1989 Sirenarum
1534 1933 1715 1986 cantui
1744 1945 2059 2000 comparau-

494 2038 600 2090 tur,
627 2028 780 2095 cujus
813 2027 1082 2081 silentium
1104 2026 1406 2080 hominibus
1429 2024 1611 2079 utilius
1641 2031 1721 2077 est
1750 2041 1764 2077 :
1792 2022 2055 2090 siquidem

491 2127 804 2173 assererent
857 2118 998 2170 illam
1043 2115 1358 2177 invaluisse,
1390 2124 1445 2168 et
1476 2114 1682 2184 legibus
1734 2113 2053 2181 permissam

490 2224 633 2272 esse,
670 2209 771 2261 hoc
797 2208 1026 2269 discant,
1052 2212 1194 2273 quod
1224 2204 1455 2260 fortasse
1505 2214 1562 2259 ut
1607 2205 1709 2259 alia
1744 2204 1909 2257 multa
1944 2203 2058 2271 pul-

491 2301 618 2354 chra
651 2300 925 2366 ignorant,
957 2298 1193 2366 perverti
1249 2313 1345 2366 per
1372 2298 1542 2360 illam,
1565 2306 1620 2350 et
1646 2296 1713 2350 ad
1745 2295 1942 2348 malum
1973 2295 2060 2347 in-

493 2389 713 2443 formari
747 2387 1385 2456 juventutem.Quoniam
1429 2387 1516 2453 qui
1553 2387 1650 2437 sub
1686 2386 1785 2439 hac
1815 2385 2049 2438 delecta-

496 2464 641 2532 tione
668 2476 1001 2532 mortiferam
1034 2476 1359 2543 voluptatem
1398 2477 1449 2528 in
1513 2475 1757 2527 civitates
1802 2474 1869 2526 ab
1903 2474 2057 2527 initio

496 2572 834 2633 invexerunt,
875 2583 939 2623 ac
986 2582 1247 2621 venenum
1293 2568 1394 2620 hoc
1445 2581 1511 2619 ex
1564 2565 1786 2619 humani
1842 2567 2057 2634 generis

494 2663 665 2717 hostis
691 2669 814 2714 voto
844 2658 972 2729 (qui
1002 2668 1055 2713 et
1081 2658 1377 2712 incidentes
1414 2656 1730 2711 occasiones
1758 2656 1825 2709 ad
1861 2657 2054 2709 interi-

496 2765 605 2808 tum
644 2751 999 2822 spectantium
1032 2750 1335 2818 convertit)
1367 2748 1777 2802 commiscentes
1808 2762 1911 2802 non
1940 2763 2045 2802 una

494 2845 703 2899 ratione
765 2844 869 2897 huc
922 2849 1299 2910 pervenerunt.
1351 2838 1563 2893 Etenim
1623 2838 1768 2908 leges
1821 2849 2060 2892 externa

2157 1831 2327 1885 δεινὸν
2360 1830 2622 1902 ἡγοῦνται
2656 1830 2717 1883 τὸ
2762 1830 2862 1899 τῆς
2895 1829 3139 1899 τέρψεως
3172 1827 3388 1896 ἐκείνης
3424 1827 3696 1897 εἴργεσθαι,

2156 1922 2278 1991 ἥτις
2312 1920 2552 1990 ἀτεχνῶς
2576 1920 2718 1973 ἔοικε
2750 1923 2816 1991 τῇ
2852 1920 2959 1973 τῶν
2990 1920 3259 1989 Σειρήνων
3289 1918 3426 1989 ᾠδῇ,
3454 1915 3567 1988 ἦςή
3598 1916 3701 1986 σιγὴ

2157 2012 2545 2082 χρησιμωτέρα
2588 2013 2703 2074 τοῖς
2756 2010 3085 2081 ἀνθρώποις.
3115 2010 3218 2061 Ἦν
3251 2007 3627 2078 ίσχυρίζωνταί
3652 2022 3698 2058 τε

2157 2102 2470 2171 νενομίσθαι
2509 2100 2710 2169 ταύτην
2740 2101 2835 2153 καὶ
2863 2099 3335 2169 συγκεχωρῆσθαι,
3378 2100 3549 2151 ἐκεῖνο
3588 2114 3697 2168 μαν-

2159 2194 2469 2248 θανέτωσαν
2495 2232 2509 2257 ,
2562 2195 2699 2263 ὅπερ
2758 2193 2885 2255 ἴσως
2946 2192 3083 2260 μετά
3142 2191 3249 2243 τῶν
3308 2188 3488 2243 ἄλλων
3546 2187 3699 2241 καλῶν

2157 2285 2501 2354 ἀγνοοῦντες,
2548 2285 2849 2337 ἀδικεῖσθαι
2878 2285 3078 2337 οἴονται
3108 2281 3205 2353 τὴν
3234 2283 3465 2352 νεότητα
3494 2281 3579 2333 καὶ
3613 2296 3700 2331 πα-

2160 2377 2508 2447 ρανομεῖσθαι
2527 2393 2540 2406 ο
2568 2377 2647 2429 ὅτι
2680 2376 2729 2427 οἱ
2766 2376 2863 2445 τὴν
2890 2374 2996 2426 ἀπὸ
3023 2374 3120 2443 τῆς
3144 2372 3389 2443 τέρψεως
3409 2371 3597 2439 ταύτης
3622 2369 3698 2421 θα-

2160 2468 2464 2538 νατηφόρον
2504 2467 2695 2537 ἡδονὴν
2725 2466 2782 2532 ἐξ
2814 2464 2989 2536 ἀρχῆς
3038 2466 3116 2527 είς
3144 2464 3239 2526 τὰς
3289 2463 3477 2525 πόλεις
3518 2463 3700 2526 εἰσαγα-

2157 2557 2363 2625 γόντες,
2414 2558 2505 2609 καὶ
2549 2557 2609 2609 τὸ
2658 2556 2981 2625 δηλητήριον
3039 2555 3181 2607 κατά
3224 2552 3458 2624 γνώμην
3501 2552 3587 2605 τοῦ
3617 2554 3699 2618 τῆς

2159 2649 2575 2719 ἀνθρωπότητος
2619 2646 2812 2717 ἐχθροῦ
2876 2647 3002 2717 (τοῦ
3052 2646 3146 2699 καὶ
3187 2646 3285 2709 τὰς
3352 2643 3697 2715 ἐμπιπτούσας

2160 2740 2457 2810 προφάσεις
2487 2741 2566 2803 εἰς
2600 2739 2875 2793 ἀπώλειαν
2907 2738 3201 2810 τρέποντος
3232 2740 3358 2801 ταῖς
3394 2739 3580 2807 ψυχαῖς
3609 2733 3697 2786 τῶν

2161 2828 2477 2897 θεωμένων)
2530 2827 2880 2895 κεράσαντες,
2923 2827 3023 2879 οὐκ
3070 2826 3138 2880 ἂν
3187 2825 3381 2888 ἀπλῶς
3427 2823 3580 2896 ἦλθον
3623 2821 3697 2873 ἐπὶ

494 2952 600 2989 non
649 2934 1055 3005 prohibuerint;
1098 2942 1151 2985 at
1183 2932 1396 2986 scilicet
1443 2931 1497 2984 id
1547 2931 1827 3000 probabile
1869 2932 1971 2985 hac
1996 2932 2053 2984 de

2157 2919 2314 2970 τοῦτο
2362 2914 2428 2988 (ἦ
2476 2918 2580 2988 γὰρ
2622 2917 2687 2971 ἂν
2716 2918 2836 2970 οὐδέ
2865 2918 2915 2970 οἱ
2945 2916 3142 2981 ἔξωθεν
3168 2918 3323 2987 νόμοι
3365 2912 3694 2985 ἐπέτρεψαν),

482 3044 680 3083 causa.
708 3026 1026 3095 Conspectis
1081 3024 1225 3077 enim
1256 3023 1605 3089 exercitibus,
1640 3024 1732 3091 qui
1762 3038 1793 3077 a
1823 3023 2053 3077 Caesari-

2160 3008 2294 3062 ἀλλὰ
2328 3009 2443 3077 μετ’
2474 3007 2691 3077 εὐλόγου
2716 3008 2873 3079 δῆθεν
2904 3008 3100 3071 αἰτίας.
3140 3008 3415 3079 ὐρῶντες
3441 3008 3542 3077 γὰρ
3564 3021 3696 3075 στρα-

493 3120 592 3171 bus
620 3117 941 3186 regibusque
964 3114 1284 3181 penderent,
1304 3122 1356 3168 et
1390 3114 1505 3167 haec
1532 3128 1626 3182 per
1654 3129 1867 3168 omnem
1891 3115 2057 3168 vitam

492 3207 892 3276 praestantibus,
926 3204 1134 3272 populis
1155 3218 1284 3257 vero
1323 3204 1455 3257 visis
1478 3205 1693 3257 urbium
1728 3205 1938 3268 incolis,
1966 3205 2057 3274 qui

488 3296 852 3367 periculorum
871 3296 1076 3350 nullum
1103 3295 1155 3349 in
1175 3295 1342 3348 armis
1367 3295 1564 3349 habent
1584 3296 2011 3363 experimentum
2039 3312 2054 3361 ;

492 3391 713 3458 insuper
749 3401 862 3453 eos,
896 3388 987 3456 qui
1038 3388 1090 3442 in
1144 3388 1232 3442 tali
1294 3388 1665 3442 relaxamento
1712 3398 2059 3442 versarentur

493 3480 700 3548 (neque
726 3477 868 3532 enim
899 3490 1086 3531 omnes
1114 3478 1297 3543 quiete
1336 3476 1403 3531 ad
1434 3477 1631 3531 bonum
1665 3478 1923 3546 utuntur)
1952 3493 2056 3533 sae-

493 3583 788 3635 penumero
828 3569 1065 3638 juvenile
1118 3569 1374 3638 quiddam
1434 3569 1761 3638 cogitantes,
1796 3583 2054 3624 resecan-

492 3661 616 3715 dam
649 3660 930 3729 opinantes
960 3669 1152 3729 sponte
1188 3667 1367 3713 natam
1396 3660 1749 3714 rebellionum
1775 3660 2053 3717 radicem:

493 3765 663 3819 neque
728 3750 923 3819 duplex
980 3749 1282 3804 rectoribus
1330 3749 1638 3819 reipublicae
1680 3750 1877 3806 bellum
1938 3766 2058 3808 esse

491 3842 930 3911 permittendum,
948 3840 1143 3909 partim
1190 3846 1495 3910 externum,
1514 3842 1709 3911 partim
1744 3843 2056 3898 intestinum

490 3948 581 3987 seu
604 3932 779 3997 civile,
814 3933 953 3986 hanc
980 3933 1389 4000 occupationem
1424 3941 1765 4001 repererunt,
1787 3947 1851 3986 ac
1885 3937 2056 4002 quod-

490 4024 573 4077 vis
603 4022 807 4077 facinus
837 4022 1199 4092 imprudentcr
1228 4022 1426 4076 audere
1481 4022 1761 4077 consuetis
1820 4026 2057 4079 tradide-

491 4122 634 4174 runt,
674 4113 908 4180 ipsisque
935 4112 1294 4165 contentionis
1318 4111 1654 4164 occasionem
1688 4112 2053 4179 praebuerunt.

492 4203 619 4266 Qua:
639 4203 858 4269 quidem
900 4217 1010 4255 rem
1034 4210 1235 4255 tantam
1267 4202 1528 4269 perﬁcere
1568 4217 1672 4256 non
1708 4203 1936 4271 valebat,
1963 4209 2056 4260 sed

493 4304 672 4342 acrem
706 4289 883 4355 potius
923 4290 1160 4343 animum
1201 4289 1303 4343 hac
1355 4291 1743 4345 exercitatione
1770 4308 2056 4349 consume-

2159 3099 2354 3152 τόπεδα
2400 3100 2498 3170 μὲν
2541 3103 2652 3161 τοῖς
2694 3100 3002 3170 βασιλεῦσιν
3039 3100 3406 3171 ἐξηρτυμένα,
3451 3100 3538 3153 καὶ
3572 3096 3694 3150 ταῦτ’

2158 3189 2522 3254 ἐξασκοῦντας
2566 3190 2653 3243 διὰ
2701 3189 2794 3244 τοῦ
2839 3190 2989 3260 βίου,
3029 3192 3155 3255 τοὺς
3200 3191 3243 3243 δ’
3274 3193 3332 3243 ἐν
3382 3192 3498 3251 ταῖς
3542 3188 3696 3241 πόλεσι

2159 3280 2361 3351 δήμους
2398 3281 2649 3336 ἀτέλειαν
2688 3282 2911 3353 ἔχοντας
2940 3283 3049 3336 τῶν
3079 3285 3137 3336 ἐν
3175 3283 3287 3343 τοῖς
3334 3283 3520 3346 ὅπλοις
3549 3278 3696 3334 κινδύ-

2158 3388 2286 3435 νων,
2308 3372 2402 3425 καὶ
2429 3372 2626 3443 πολλὴν
2649 3374 2879 3443 ἄγοντας
2907 3374 3008 3445 τὴν
3032 3374 3227 3445 σχολήν
3244 3390 3258 3403 ⁸
3285 3371 3628 3441 γινώσκοντές
3648 3385 3694 3421 τε

2157 3473 2283 3535 τοὺς
2319 3474 2379 3526 ἐν
2413 3474 2637 3546 τοιαύτῃ
2669 3475 2921 3547 ῥαστώνῃ
2962 3475 3120 3539 ὄντας
3154 3476 3249 3546 (οὐ
3280 3475 3397 3547 γὰρ
3437 3476 3619 3536 πάντες
3640 3472 3692 3541 τῇ

2160 3564 2322 3637 σχολῇ
2366 3567 2458 3620 ἐπὶ
2501 3568 2650 3639 καλῷ
2702 3568 2994 3640 χρῶνται),
3053 3568 3310 3631 πολλάκις
3361 3568 3610 3639 νεώτερόν
3651 3582 3693 3616 τι

2161 3657 2538 3743 βουλεύρντας·
2596 3661 2829 3730 ἐκκόψαι
2876 3662 2987 3715 δεῖν
3032 3662 3307 3732 οἰηθέντες
3356 3663 3692 3730 αὐτόπρεμνον

2157 3749 2263 3803 τῶν
2295 3751 2715 3805 ἐπαναστάσεων
2748 3752 2843 3823 τὴν
2874 3751 3050 3822 ῥίζαν,
3077 3754 3170 3806 καὶ
3205 3753 3280 3824 μὴ
3303 3753 3524 3806 διπλοῦν
3566 3751 3691 3804 ἐάσαι

2157 3843 2269 3903 τοῖς
2298 3841 2618 3911 ἡγουμένοις
2647 3842 2736 3896 τὸν
2762 3844 3018 3912 πόλεμον,
3048 3842 3139 3896 τὸν
3170 3845 3267 3913 μὲν
3301 3842 3523 3907 ἔξωθεν,
3552 3840 3630 3894 τὸν
3648 3836 3692 3890 δὲ

2156 3929 2392 3995 ἔνδοθεν,
2419 3932 2672 4001 ἀσχολίαν
2698 3933 2820 3986 τινά
2858 3934 3061 4006 ταύτην
3099 3935 3424 4007 ἐξηύραντο,
3471 3935 3559 3989 καὶ
3585 3946 3691 3984 κατ·

2156 4020 2455 4075 εσκεύασαν
2482 4025 2594 4085 τοῖς
2625 4024 3044 4095 ἀπερισκέπτως
3064 4026 3242 4079 ὁτιοῦν
3264 4027 3473 4098 τολμᾷν
3492 4022 3688 4078 εἰωθόσι·

2156 4111 2249 4163 καὶ
2282 4110 2576 4165 δεδώκασιν
2605 4114 2787 4176 αὐτοῖς
2817 4116 2897 4178 εἰς
2927 4115 3255 4184 φιλονεικίαν
3290 4118 3563 4187 ἀφορμὴν,
3586 4128 3689 4166 τοσ-

2155 4202 2309 4255 οῦτον
2342 4203 2439 4272 μὲν
2472 4204 2623 4256 οὐδὲν
2658 4204 2854 4259 ὰνῦσαι
2888 4205 3194 4277 ἰσχύουσαν,
3232 4206 3415 4277 δεινὴν
3440 4208 3493 4259 δὲ
3517 4205 3596 4259 τὸν
3621 4201 3693 4252 ου·

2159 4293 2257 4361 μον
2292 4293 2597 4365 δαπανῆσαι
2641 4296 2768 4367 περὶ
2816 4297 2985 4367 αὐτὴν
3012 4313 3024 4325 ·
3062 4276 3208 4350 τοῦτ’
3239 4298 3390 4351 ἔστιν
3430 4297 3586 4368 ἡτῶν
3626 4294 3693 4344 ἵπ-

493 4380 601 4432 bat.
662 4377 864 4431 Similis
921 4387 1002 4432 est
1064 4379 1320 4433 continua
1372 4394 1630 4450 equorum
1674 4385 1951 4437 contentio
1997 4395 2053 4440 et

2157 4398 2269 4434 πων
2292 4381 2518 4452 συνεχὴς
2539 4382 2759 4452 ἅμιλλα,
2789 4384 3036 4457 πολιτική
3058 4405 3140 4451 τις
3161 4387 3299 4458 ἔρις,
3324 4387 3690 4457 ἐπιστρέφουσα

492 4469 709 4539 politica
769 4469 1011 4537 quaedam
1052 4472 1382 4525 concertatio
1411 4473 1570 4543 611
1623 4474 1688 4527 ad
1741 4474 1841 4529 hoc
1873 4484 2046 4529 certa-

492 4576 613 4614 men
668 4561 902 4614 invitans
948 4575 1059 4626 eos,
1124 4563 1214 4631 qui
1269 4562 1401 4616 nihil
1454 4566 1793 4618 commodum
1830 4573 1883 4619 et
1925 4566 2052 4621 utile

492 4668 648 4721 agere
700 4652 901 4717 volunt,
931 4663 987 4707 et
1038 4654 1104 4708 ad
1150 4654 1320 4708 otium
1373 4654 1600 4710 fortasse
1650 4665 1705 4709 et
1748 4658 2049 4709 socordiam

491 4744 747 4812 aspirant.
789 4744 934 4799 Talis
969 4744 1054 4799 ille
1087 4760 1263 4800 scena:
1310 4757 1597 4814 apparatus
1629 4756 1765 4810 erat,
1791 4748 2051 4801 varietate

376 4875 399 4900 μ
490 4834 704 4902 quidem
751 4843 1055 4902 spectantes
1106 4849 1355 4905 pascens,
1392 4835 1697 4889 auditorum
1734 4850 1859 4889 vero
1905 4835 2054 4887 auri-

2154 4472 2290 4543 πρδς
2318 4476 2527 4529 τουτονὶ
2554 4476 2645 4529 τὸν
2675 4478 2864 4547 ἀγῶνα
2891 4482 3018 4546 τοὺς
3052 4483 3155 4535 ὑπὸ
3177 4483 3271 4536 τοῦ
3304 4484 3471 4555 μηδὲν
3496 4477 3691 4553 χρηστὸν

2157 4563 2360 4618 ἐθέλειν
2397 4569 2589 4632 ποιεῖν,
2641 4568 2772 4633 ἴσως
2814 4569 2879 4625 ἄν
2913 4588 2966 4624 τι
3012 4572 3421 4645 ἀργαλεώτερον
3450 4573 3690 4640 ὲννοήσον⁴

2155 4672 2251 4718 τας
2271 4672 2286 4686 ο
2317 4656 2462 4709 τοῦθ’
2493 4660 2525 4728 ή
2556 4660 2681 4730 περὶ
2713 4660 2809 4731 τὴν
2837 4662 3150 4735 ὀρχήστραν
3172 4666 3418 4719 ποικιλία
3437 4682 3450 4695 ·
3474 4666 3589 4723 τοὺς
3613 4659 3690 4725 μὲν

2157 4748 2262 4815 γὰρ
2294 4747 2557 4817 θεάμασιν
2576 4751 2834 4818 ἑστιῶσα,
2868 4754 2976 4808 τῶν
3006 4755 3064 4809 δέ
3098 4756 3407 4827 ἀκούσμασι
3436 4758 3529 4827 τὴν
3550 4749 3688 4819 ἀκοὴν

2154 4838 2506 4907 γοητεύουσα,
2558 4840 2723 4908 ἔδοξε,
2758 4843 2935 4898 καίτοι
2986 4848 3251 4917 πονηρίας
3278 4849 3541 4918 γέμουσα,
3583 4857 3688 4895 στα·

1578 5005 1810 5062 ἾΑΒΙίΕ
1850 5006 2231 5064 LECTIONES
2268 5010 2355 5064 ET
2396 5012 2628 5069 NOTAE.

490 5183 724 5251 Isidorus
744 5196 955 5251 rursum
977 5195 1065 5251 ep:
1085 5180 1216 5247 517;
1238 5180 1563 5251 Thucydidis
1592 5191 1766 5235 autem
1794 5182 1941 5238 locus
1965 5194 2048 5236 est

493 5248 581 5304 lib.
633 5268 687 5303 Ill
732 5250 805 5303 De
851 5250 979 5303 bello
1010 5248 1488 5313 Ῥειοροηιιεείᾱσο,
1538 5252 1588 5302 in
1633 5251 1847 5305 Cleonis
1898 5265 2032 5307 erat.

494 5322 703 5383 Ulilior,
738 5322 927 5387 inquit,
960 5320 1167 5371 inscitia
1200 5335 1315 5371 cum
1349 5320 1621 5380 modestia,
1651 5337 1806 5387 quam
1839 5323 2052 5374 callidi-

490 5403 567 5455 tas
593 5407 709 5441 cum
738 5388 1076 5440 immanitale.
1114 5388 1280 5441 Sic.et
1309 5388 1511 5441 Statius
1547 5388 1797 5455 Papinius
1824 5409 1837 5444 :

493 5444 767 5524 [flag/cuium
793 5458 1022 5523 probitas
1053 5459 1315 5525 animique
1345 5459 1603 5509 industria
1622 5444 1814 5509 Iviucil.

2156 5187 2377 5262 ch'vcs,
2409 5192 2559 5256 cives,
2589 5196 2870 5260 qua-renda
2895 5199 3113 5262 pecunia
3154 5215 3375 5262 primum
3409 5209 3505 5257 est.

2165 5256 2335 5309 Virtus
2366 5270 2475 5325 post
2504 5256 2809 5317 nummos...

2152 5365 2320 5441 Locus
2348 5382 2471 5441 vero
2506 5368 2755 5425 Isocratis
2796 5372 2989 5430 allatus
3015 5414 3031 5441 ,
3065 5385 3150 5430 est
3198 5377 3351 5431 initio
3396 5372 3684 5430 Panrneuri

2152 5435 2219 5485 ad
2257 5437 2610 5490 Dcmnnicum.
2647 5441 2883 5496 SCHOTT.

2246 5507 2331 5539 τείὶ
2367 5507 2467 5539 Ι)ι·ιι
2498 5508 2574 5539 εἶρ
2604 5510 2821 5539 Amant-..
2855 5514 2987 5539 nn...‘
3043 5514 3138 5539 ιτ-.
3211 5517 3277 5539 DE

495 5559 610 5647 Μοξ
646 5562 742 5647 hos
764 5561 1005 5647 'l'sidorus
1035 5564 1379 5647 reprehendit
1422 5563 1572 5630 quasi
1623 5563 1871 5618 virtutem
1903 5572 2051 5636 fuge-

2223 5506 2467 5587 (51),Ιί·ο
2496 5508 2574 5570 εἰς
2601 5510 2821 5577 ἀνδρίαν
2853 5514 3008 5572 codd.
3043 5514 3163 5571 Vat.
3210 5516 3313 5572 650
3362 5525 3417 5569 ct
3457 5514 3557 5568 Alt.
3601 5515 3682 5566 lia-

2157 5572 2277 5627 bcut
2305 5592 2382 5638 εις
2409 5575 2625 5647 ἄνδρας.
2661 5578 2867 5634 Possm.

499 5636 636 5687 rent,
672 5639 727 5679 ut
763 5629 1013 5682 Horatius
1045 5630 1267 5685 Flaccus
1301 5649 1314 5683 :
