3974 6144
362 317 496 383 1437

1206 331 1740 397 EPISTOLARUM
1777 338 1924 397 LIB.
1965 339 2034 399 V.
2064 364 2131 373 -·
2161 340 2397 401 EPIST.
2441 342 2790 406 CLXXXVI.

3466 350 3471 355 ’
3492 349 3626 414 H33

362 430 585 497 σιώδους
619 433 811 506 βουλῆς
842 435 1172 510 ἐμπόδισμα.
1196 442 1381 497 Ταῦτα
1412 448 1797 520 συνεχώρησαν
1827 450 1932 503 τῶν

2038 449 2139 505 bus
2192 452 2442 508 illudens.
2490 456 2728 510 Tametsi
2791 457 2904 511 haec
2960 458 3270 527 spectacula
3325 474 3500 531 neque
3542 468 3624 519 vi-

359 524 661 579 ἐλαττόνων
692 524 797 594 (ὡς
842 525 1136 599 ᾠήθησαν)
1172 530 1472 603 ὠνούμενοι
1509 538 1578 590 τά
1623 539 1812 609 μείζω,
1840 540 1939 611 τὴν

356 614 590 683 ἡσυχίαν
610 615 709 687 τήν
730 617 1046 685 ἀσφάλειαν⁹
1067 623 1218 686 νέους
1235 624 1290 678 δὲ
1314 629 1684 699 τρεφομένους
1704 633 1782 694 είς
1806 634 1936 702 ἀρε-

354 704 477 773 τὴν,
514 705 608 757 καὶ
630 706 726 777 τὴν
762 708 1052 782 καλλίστην
1076 714 1342 786 ἁρμονίαν
1376 720 1848 791 ἀρμοττομένους,
1874 724 1934 776 οὐ

355 792 513 864 θέμις
542 796 634 849 ἐπὶ
656 799 754 870 τὴν
785 804 1077 870 μετουσίαν
1104 806 1307 862 τούτων
1339 809 1493 870 ἰέναι,
1520 812 1625 864 οὐδ’
1657 813 1855 884 ἄνδρας
1879 814 1936 866 δὲ

351 884 460 939 τῶν
474 887 689 941 οίκείων
704 889 887 960 ψυχῶν
913 895 1171 977 ἐπιμελου
1180 898 1391 968 μένους’
1412 900 1607 955 οὐκοῦν
1625 903 1733 956 οὐδ’
1756 905 1932 977 ἀπέρ-

352 993 537 1045 χονται
569 972 1057 1052 μεθέξοντεςίάλγ
1078 991 1333 1060 ἀμείνους
1364 994 1516 1064 παρά
1546 994 1762 1050 πάντων
1794 972 1932 1050 εἶναι

352 1068 653 1158 κέκρινται,
690 1075 968 1144 κρείττους
995 1078 1145 1144 ὄντες
1174 1082 1271 1151 τῆς
1301 1083 1542 1153 ὀλεθρίου
1568 1085 1772 1156 ταύτης
1804 1088 1929 1158 τέρ-

353 1154 498 1224 ψεως
531 1158 625 1211 καὶ
654 1162 869 1229 μάλισθ’
903 1167 983 1218 ὅτι
1014 1169 1107 1221 καὶ
1146 1170 1350 1234 πόλεώς
1378 1176 1427 1225 τ’
1458 1176 1505 1227 εί
1533 1176 1627 1228 καὶ
1654 1154 1928 1239 πάνντεςτοί

2044 543 2273 597 deantur
2306 545 2460 613 plena
2496 547 2769 602 seditiosae
2814 549 3236 606 machinationis
3265 551 3623 620 impedimen-

2041 642 2175 699 tum,
2210 642 2466 703 tanquam
2503 636 2683 691 minus
2750 637 2951 693 malum
3007 641 3121 696 haec
3184 644 3618 700 condonarunta

2038 724 2356 791 majoribus,
2384 736 2444 780 ut
2475 728 2694 795 quidem
2753 730 2999 785 arbitrati
3034 742 3162 786 sunt
3197 752 3211 788 :
3250 736 3300 788 id
3332 737 3472 804 quod
3508 752 3617 791 ma-

2031 813 2120 882 jus
2149 826 2255 880 est,
2290 829 2532 873 ementes
2586 820 2823 888 quietem
2869 830 2919 875 et
2977 826 3349 881 securitatem.
3381 824 3618 883 Iuvenes

2033 918 2160 958 vero
2187 906 2252 959 ad
2285 907 2537 962 virtutem
2566 910 2864 977 institutos,
2901 922 2955 967 et
3008 914 3367 983 pulcherrima
3418 932 3618 973 conve-

2033 996 2243 1050 nientes
2306 996 2590 1053 harmonia
2632 1001 2923 1057 interressc
2955 1004 3022 1057 iis
3059 1020 3164 1059 non
3215 1010 3522 1076 oportebat,
3554 1025 3617 1064 ac

2032 1102 2100 1141 ne
2123 1102 2253 1142 voce
2283 1090 2496 1157 quidem
2526 1092 2721 1160 quibus
2741 1096 2933 1149 anima:
2955 1096 3101 1151 salus
3128 1098 3276 1151 cordi
3310 1108 3471 1154 esset.
3497 1098 3616 1154 Non

2032 1179 2214 1247 itaque
2275 1180 2644 1250 frequentant,
2678 1189 2770 1239 sed
2817 1187 3097 1254 probiores
3131 1190 3437 1259 habentur;
3472 1194 3616 1261 quod

354 1250 712 1351 συρφετώδεις
736 1256 828 1307 καὶ
856 1258 1103 1329 ἀγοραῖοι
1131 1266 1645 1335 γνωσιμαχήσαντες
1670 1266 1769 1330 τάς
1798 1269 1930 1337 ήσυ-

2029 1271 2245 1325 noxiam
2305 1272 2450 1326 illam
2513 1278 2792 1343 spectandi
2846 1289 3196 1335 contemnant
3245 1282 3611 1351 voluntatem;

350 1338 472 1407 χίας
486 1336 640 1411 ἦγον.
669 1345 763 1397 καὶ
784 1347 1098 1435 φιλοσοφίαν
1124 1355 1451 1423 ἠσπάζοντο,
1484 1357 1793 1412 ἐκέκλειστο
1820 1336 1927 1430 μὲν

2026 1367 2328 1430 praesertim
2354 1380 2475 1419 cum
2524 1367 2762 1436 plurimi,
2799 1369 2909 1424 imo
2942 1386 3132 1426 omnes
3195 1373 3358 1426 etiam
3388 1373 3612 1443 plebeii

348 1430 416 1483 ἂν
444 1432 511 1486 τά
539 1433 787 1508 θέατραῆ
815 1432 909 1493 καὶ
929 1442 1254 1515 ἀνοιγόμενα
1284 1447 1471 1501 οὐδένα
1492 1450 1753 1519 ἐπήγετο·
1772 1452 1926 1504 ἀπώ-

2027 1456 2407 1524 resipisceutes
2446 1473 2475 1511 a
2514 1461 2842 1529 spectaculis
2886 1471 2941 1516 et
2996 1464 3384 1518 certaminibus
3443 1466 3615 1519 absti-

348 1520 469 1575 λετο
483 1523 530 1576 δ’
547 1526 614 1579 ἀν
631 1528 723 1580 καὶ
734 1530 889 1600 ήτῶν
906 1533 1087 1599 αὐτοῖς
1109 1537 1295 1601 κακῶς
1311 1537 1727 1609 ἀγωνιζομένων
1738 1542 1896 1612 τέχνη
1907 1581 1922 1605 ,

2026 1548 2263 1611 nuerint,
2299 1550 2694 1619 philosophiam
2741 1554 2887 1607 serio
2916 1553 3169 1621 amplexi.
3196 1552 3392 1609 Clausa
3426 1557 3613 1626 itaque

350 1615 552 1683 μᾶλλον
584 1618 642 1672 δὲ
683 1626 1037 1695 κακοτεχνία·
1072 1629 1166 1681 καὶ
1203 1630 1330 1700 τρία
1365 1631 1432 1684 τά
1455 1631 1685 1702 μέγιστα
1707 1635 1921 1705 κατώρ-

2023 1647 2149 1690 sunt
2182 1615 2413 1704 theatra,
2454 1615 2660 1711 etquae
2690 1642 2875 1711 aperta
2932 1652 3108 1709 erant,
3138 1660 3169 1699 a
3221 1646 3439 1700 nemine
3490 1644 3606 1701 fre-

349 1704 489 1760 θωτο
513 1709 599 1775 ἂν,
626 1711 660 1782 ἥ
688 1730 748 1766 τε
775 1715 885 1768 τῶν
906 1717 1096 1786 ψυχῶν
1128 1721 1393 1791 σωτηρία,
1425 1722 1460 1793 ἦ
1489 1739 1548 1775 τε
1571 1719 1691 1776 ’τῶν
1712 1704 1919 1778 πόλεων

2023 1730 2446 1795 quentaba’ntur.
2486 1730 2654 1786 Periit
2704 1747 2830 1787 vero
2862 1732 3178 1802 pravorum
3213 1736 3608 1803 'agonistarum

346 1798 704 1895 κατάστασις,
756 1805 789 1874 ἧ
830 1823 889 1859 τε
923 1808 1032 1862 τῶν
1080 1811 1356 1881 ἀρχόντων
1396 1814 1683 1882 ἀσφάλεια.
1735 1816 1921 1871 Ταῦτα

2026 1834 2135 1885 ars,
2168 1836 2258 1874 seu
2288 1823 2467 1891 potius
2501 1839 2757 1893 perversa
2802 1840 2912 1890 ars,
2949 1826 3165 1895 triaque
3214 1827 3435 1881 maximi
3493 1843 3611 1883 mo-

349 1886 447 1955 μὲν
504 1886 598 1943 οὗν
648 1892 957 1949 ἀκουόντων
1022 1900 1174 1970 παρὰ
1242 1904 1342 1971 τῆς
1404 1904 1503 1973 σῆς
1558 1903 1917 1967 παιδεύσεως.

2026 1913 2195 1966 menti
2226 1926 2229 1929 ·
2260 1914 2398 1968 bona
2478 1926 2607 1970 sunt
2670 1915 2960 1972 consecuta
2993 1936 3006 1973 :
3043 1920 3347 1973 animorum
3402 1921 3610 1977 scilicet

359 1980 576 2053 Ἐπειδὴ
598 1984 655 2037 δὲ
678 1987 773 2040 καὶ
794 1988 893 2059 τὴν
913 1992 1052 2060 ἐμὴν
1073 1993 1291 2060 κινῆσαι
1314 1993 1560 2061 γλῶτταν
1584 1994 1694 2047 δεῖν
1713 1996 1921 2067 ᾠήθης,

2020 2002 2187 2066 salus,
2237 2007 2736 2075 recta'reipublica:
2786 2009 3074 2076 institutio,
3131 2011 3364 2079 denique
3418 2026 3606 2067 eorum

344 2068 420 2131 ὡς
464 2074 674 2141 μεγάλα
713 2079 835 2132 τινὰ
868 2082 1036 2151 (ὅπερ
1082 2084 1181 2136 οὐκ
1224 2079 1413 2155 οἶμαι)
1459 2087 1785 2154 ἀνύσουσαν,
1836 2090 1920 2143 ἵνα

2021 2093 2110 2159 qui
2171 2105 2429 2160 praesunt,
2479 2098 2766 2151 securitas.
2809 2099 2962 2153 ‘llaec
3022 2096 3207 2171 itaque
3268 2094 3607 2157 auditoribus

347 2161 422 2232 μὴ
452 2163 588 2230 δόξω
619 2185 676 2221 σε
697 2170 909 2236 λυπεῖν,
943 2174 1195 2246 καὶπρὸς
1223 2177 1419 2239 αὐτοὺς
1451 2178 1720 2247 γέγραψαι.

2019 2185 2318 2252 disciplina
2369 2197 2472 2241 tua:
2518 2190 2843 2244 commissis.
2875 2186 3103 2255 Quando
3131 2207 3260 2247 vero
3290 2182 3404 2247 haec
3437 2192 3604 2247 etiam

344 2268 374 2307 a
410 2271 492 2308 uie
519 2258 963 2317 dissereudaesse
988 2267 1227 2330 duxeris,
1248 2268 1410 2321 veluti
1441 2270 1918 2339 magnaquaedam,
1992 2276 2086 2327 sed
2147 2278 2333 2332 nescio
2395 2295 2462 2332 an
2518 2280 2824 2348 profutura,
2880 2299 2946 2336 ne
3035 2278 3087 2337 te
3155 2284 3340 2338 videar
3396 2285 3603 2339 contri-

347 2360 513 2413 Stare,
573 2354 639 2404 ad

630 2464 816 2531 an'.
865 2497 936 2505 —
986 2468 1316 2524 EAAnNoN
1354 2472 1606 2526 ΠΑιΣιΝ.

716 2354 835 2409 illos
909 2358 1071 2411 etiam
1163 2362 1441 2429 sequentia
1526 2363 1922 2429 praescribeuda
1959 2365 2106 2421 duxi.

2236 2481 2422 2535 CLXX
2435 2483 2641 2538 τίνι-
2662 2484 3069 2540 (ΞΒᾸΕΩΟΒῸΜ
3100 2484 3388 2540 LIBERIS.

348 2550 421 2601 De
459 2556 636 2607 eadem
670 2572 725 2608 re
773 2574 805 2609 a
831 2562 1138 2646 suectpcnlis
1170 2574 1217 2615 et
1259 2563 1398 2646 Iu‘dis
1438 2579 1627 2646 pueros
1660 2574 1887 2646 revocat.
1931 2566 1938 2584 ‘

2017 2577 2188 2623 'tutem
2222 2573 2285 2624 iis
2341 2577 2688 2646 commendat,
2745 2568 2937 2631 divitiis
2968 2579 3274 2646 prirferens,
3300 2586 3350 2630 et
3391 2578 3461 2631 ad
3487 2598 3603 2637 eam

904 2629 1174 2684 colendam
1204 2633 1412 2699 prolixa
1446 2633 1771 2701 eleganthue
1796 2636 1893 2687 hac
1929 2640 2083 2705 epist.
2112 2645 2379 2696 hortatur.
2414 2643 2649 2714 (Confer.
2677 2629 2835 2713 epist.
2880 2629 3030 2716 ἰθύ.)

414 2728 484 2785 Ὦ
506 2736 767 2807 μειράκια
799 2740 924 2810 (χρὴ
967 2741 1074 2814 γὰρ
1110 2744 1238 2812 ὑμῖν
1294 2745 1623 2815 ἀρχομένοις
1662 2746 1756 2799 τοῦ
1798 2748 1914 2817 βίου

348 2826 512 2895 μηδὲν
550 2832 853 2900 παράλογον
897 2837 1122 2905 φράσαι,
1164 2836 1304 2889 ἀλλά
1343 2838 1439 2909 τὴν
1495 2840 1755 2910 ἀλήθειαν
1808 2844 1916 2894 ἁπ-

342 2919 663 2990 αμφιάσαι),
704 2924 921 2977 πάντων
966 2926 1073 2978 τῶν
1102 2928 1269 2979 ὄντων
1300 2928 1331 2996 ἢ
1370 2929 1669 2983 δοκούντων
1698 2932 1916 2999 ἀγαθῶν

348 3007 604 3076 μέγιστόν
630 3029 686 3065 τε
711 3016 801 3066 καὶ
829 3014 1111 3068 κάλλιστόν
1139 3019 1286 3069 ἐστιν
1330 3019 1363 3086 ἡ
1398 3007 1565 3088 ἀρετή
1589 3036 1601 3049 ⁸
1640 3023 1735 3073 καὶ
1781 3038 1913 3109 ταυτ
1947 3036 1989 3088 Β

342 3100 435 3153 τόν
454 3102 605 3154 -είσιν
628 3104 677 3155 oi
715 3106 888 3177 ταύτῃ
926 3108 1284 3175 συμϐιοῦντες
1310 3112 1445 3179 πρὸς
1475 3114 1599 3174 τοὺς
1623 3100 1916 3184 ἀμοιροῦνί-

338 3205 462 3255 τας,
494 3192 631 3263 ὅπερ
648 3196 844 3249 ἐκεῖνοι
867 3197 968 3267 μὲν
993 3198 1207 3266 πρὸςτά
1228 3198 1390 3268 θηρία
1410 3216 1422 3230 ·
1444 3202 1661 3270 ἄγγελοι
1696 3202 1752 3254 δὲ
1779 3204 1917 3273 πρὸς

342 3279 471 3344 ’.οῦς
518 3284 877 3354 ἀνθρώπουςο
940 3288 1216 3357 βαδίζουσι
1261 3290 1393 3358 γοῦν
1435 3293 1524 3345 διὰ
1571 3293 1670 3363 τῆς
1710 3296 1917 3365 ἀγορᾶς

346 3370 593 3438 ἀγγέλοις
620 3377 877 3440 ἐοικότες.
903 3379 1114 3450 ’Ὠσπερ
1140 3380 1249 3449 γὰρ
1274 3381 1597 3453 λαμπτῆρες
1632 3385 1690 3436 ἐν
1741 3386 1916 3456 σκότῳ

344 3462 600 3536 ἐξαίφνης
651 3462 912 3539 ἀρθέντες
958 3473 1346 3541 ἐπιστρέφουσι
1391 3474 1527 3543 πρὸς
1562 3476 1789 3540 ἑαυτοὺς
1816 3478 1917 3542 τάς

340 3554 451 3608 τῶν
482 3558 652 3611 ἄλλων
678 3561 847 3630 ὄψεις,
874 3561 1019 3615 οὕτω
1070 3564 1165 3615 καὶ
1222 3556 1367 3616 οὗτοι
1398 3566 1522 3627 τοὺς
1577 3566 1771 3630 ἄλλους
1820 3569 1915 3621 κα)⁸

342 3645 705 3717 ἐκπλήττουσι
731 3651 823 3702 καὶ
841 3650 1183 3718 φωτίζουσιν.
1217 3654 1279 3704 Οἱ
1304 3653 1360 3705 δὲ
1386 3654 1616 3722 ἀφέντες
1645 3658 1712 3709 τά
1743 3659 1915 3710 οίκεῖα

340 3735 564 3789 ἕπονται
596 3739 733 3806 πρὸς
764 3741 863 3807 τὴν
884 3743 1067 3809 φωνὴν
1090 3743 1447 3812 ἀγαλλόμενοι
1470 3763 1483 3776 ο
1515 3746 1606 3797 καὶ
1633 3747 1913 3814 γίγνονται

343 3826 481 3892 πρὸς
512 3827 772 3892 ἐκείνους,
823 3830 851 3881 ὃ
892 3830 954 3900 δὴ
1004 3834 1139 3902 πρὸς
1173 3835 1299 3897 τοὺς
1350 3836 1611 3904 ποιμένας
1656 3838 1724 3889 τὰ
1772 3840 1909 3908 πρό-

343 3916 504 3978 ϐατα,
538 3918 946 3987 συγχωροῦντες
991 3921 1145 3990 ἄγειν
1195 3925 1394 3988 αὐτοὺς
1442 3923 1608 3997 ὅπῃῇ
1659 3927 1865 3997 βέλτιον
1892 3944 1908 3961 ·

339 4009 389 4059 οἱ
428 4006 485 4059 δὲ
522 4009 926 4079 παραλαϐόντες
957 4015 1287 4084 πειθηνίους,
1308 4017 1626 4087 ἐξηγοῦνται
1652 4020 1908 4089 καθάπερ

338 4103 615 4169 προφῆται
645 4100 711 4154 τὰ
754 4103 1037 4173 μέλλοντα.
1073 4105 1289 4177 Ἐπειδὴ
1324 4108 1431 4177 γὰρ
1462 4108 1644 4161 πολλοὶ
1677 4108 1781 4161 τῶν
1844 4110 1907 4160 οὐ

337 4190 505 4244 πολὺν
534 4192 634 4259 τῆς
688 4193 890 4263 ἀρετῆς
947 4196 1284 4265 ποιουμένων
1336 4196 1513 4264 λόγον,
1572 4198 1700 4268 παρ’
1757 4193 1900 4266 οἴςή

337 4280 649 4348 παραυτίκα
708 4282 869 4353 ἡδονὴ
921 4284 1016 4337 καὶ
1063 4286 1312 4355 ῥᾳστώνη
1366 4288 1548 4356 μεῖζον
1591 4287 1762 4357 ἰσχύει
1810 4288 1904 4339 τοῦ

336 4370 456 4422 ποθ’
482 4371 706 4443 ὓστερον
731 4373 1086 4436 συνοίσοντος.
1120 4377 1181 4429 Οἳ
1207 4376 1293 4429 διὰ
1325 4376 1423 4447 μὲν
1469 4377 1774 4447 ἀπληστίαν
1814 4380 1907 4432 καὶ

336 4460 548 4514 ἀδικίαν
594 4464 662 4516 τὰ
711 4464 953 4533 παρόντα
1013 4468 1289 4535 ἀγαπῶσι,
1349 4469 1436 4522 διὰ
1497 4469 1551 4521 δὲ
1610 4470 1907 4540 σκαιότητα

334 4553 552 4620 τρόπων
580 4552 689 4606 τῶν
710 4556 846 4623 μετά
872 4556 1045 4610 ταῦτα
1069 4559 1221 4611 οὐδὲν
1253 4560 1552 4630 προορῶσι,
1577 4560 1685 4614 τῶν
1708 4563 1764 4613 ἐν
1793 4579 1907 4631 χει-

340 4645 449 4710 ροῖν
479 4642 636 4713 μόνον
663 4646 917 4715 φροντίδα
935 4647 1205 4719 τιθέμενοι
1237 4650 1526 4722 φράζουσι·
1562 4671 1580 4702 ‹
1627 4652 1700 4704 Τὸ
1727 4653 1904 4724 παρὸν

335 4729 395 4786 εὖ
428 4734 651 4801 τίθειιὴι
684 4738 881 4790 ἐκεῖνοι
913 4742 983 4792 τὰ
1019 4741 1281 4810 μέλλοντα
1319 4741 1652 4806 σκοποῦντες
1686 4761 1904 4814 προμη-

335 4823 536 4889 νύουσι,
589 4828 683 4879 καὶ
723 4828 831 4881 τῶν
885 4834 1227 4901 πραγμάτων
1257 4834 1534 4887 ἐκϐάντων
1582 4834 1727 4889 κατά
1758 4837 1904 4900 τοὺς

335 4911 525 4979 λόγους
586 4917 972 4985 στεφανοῦνται
1027 4923 1122 4974 καὶ
1188 4923 1673 4995 ἀνακηρύττονται.
1741 4920 1902 4980 Οὗτοι

336 5002 536 5066 ζῶντες
595 5006 811 5076 μὲντάς
848 5012 1178 5081 κεκλιμένας
1241 5014 1339 5084 μὲν
1407 5017 1656 5086 όρθοῦσι,
1705 5019 1802 5080 τὰς
1855 5018 1901 5069 δ’

335 5094 576 5158 ἑστώσας
614 5098 881 5167 κοσμοῦσι
932 5102 1139 5169 πόλεις,
1178 5104 1601 5175 τελευτήσαντες
1643 5107 1701 5160 δὲ
1732 5108 1903 5176 ἐγκαέ

330 5182 645 5239 ταλείπουσι
698 5190 921 5260 κέντρον
976 5193 1071 5245 τοῦ
1122 5196 1328 5247 πόθου·
1376 5196 1634 5267 ἐπίσημοι
1688 5197 1797 5268 γάρ
1853 5200 1901 5251 οἱ

328 5276 511 5345 τάφοι,
547 5280 604 5330 ἐν
654 5283 789 5350 τιμῇ
835 5282 892 5335 δὲ
941 5284 1009 5337 τά
1060 5286 1218 5356 γένη.
1269 5286 1596 5357 διηνεκὴςδέ
1638 5290 1672 5358 ἡ
1716 5290 1905 5359 μνήμη

326 5366 570 5420 δεκαίων.
618 5368 845 5439 Ἀρετῆς
895 5373 1004 5444 γὰρ
1052 5376 1351 5445 ἐκτήσαντο
1397 5377 1578 5444 φύσιν,
1610 5371 1676 5446 ἦς
1705 5379 1765 5429 οὐ
1806 5379 1905 5430 πέ-

2090 2736 2479 2793 Adulescentes
2518 2742 2715 2810 (decet
2762 2744 2905 2796 enim
2965 2744 3130 2795 vitam
3158 2744 3309 2800 vobis
3344 2744 3604 2815 ingressis

2020 2824 2155 2877 nihil
2190 2829 2363 2880 otiose
2409 2830 2614 2892 dicere,
2651 2830 2744 2883 sed
2784 2832 3068 2884 veritatem
3110 2834 3250 2887 nude
3293 2835 3600 2907 explicare)

2019 2916 2280 2979 omnium,
2311 2932 2433 2986 qua:
2448 2930 2574 2972 sunt
2599 2929 2692 2973 aut
2720 2922 2970 2976 videntur
3004 2916 3267 2977 honorum
3302 2927 3599 2982 maximum

2018 3016 2181 3076 atque
2239 3010 2664 3077 pulcherrimum
2704 3013 2874 3067 virtus
2935 3023 3019 3068 est
3053 3032 3067 3068 :
3109 3018 3410 3084 eodemque
3440 3021 3601 3073 modo

2022 3115 2081 3154 se
2118 3100 2341 3166 habent,
2391 3101 2487 3169 qui
2538 3117 2660 3155 cum
2716 3104 2917 3157 virtute
2956 3106 3123 3161 vitam
3184 3094 3495 3176 instituunt,
3529 3111 3596 3165 ad

2021 3191 2270 3260 illos,qui
2291 3208 2354 3247 ea
2383 3204 2596 3258 carent,
2621 3204 2678 3248 ut
2722 3197 2937 3250 ratione
2988 3199 3198 3267 praediti
3250 3200 3497 3255 homines
3528 3203 3596 3257 ad

2021 3282 2165 3337 feras
2205 3285 2418 3351 noxias,
2445 3295 2501 3341 et
2529 3287 2705 3355 angeli
2735 3302 2858 3341 cum
2892 3290 3202 3344 hominibus
3234 3291 3438 3345 collati.
3466 3292 3597 3346 Am-

2018 3373 2206 3427 bulant
2248 3374 2390 3428 enim
2421 3390 2516 3443 per
2558 3377 2788 3443 compita
2848 3374 2949 3434 hac
3010 3378 3242 3445 praediti,
3282 3381 3595 3449 angelorum

2017 3465 2241 3519 similes.
2293 3463 2362 3518 Ut
2404 3465 2545 3518 enim
2576 3464 2749 3519 'l‘aces
2782 3466 2832 3518 in
2890 3467 3127 3521 tenebris
3175 3471 3464 3537 derepente
3505 3471 3595 3525 in-

2017 3567 2190 3606 censa:
2214 3552 2452 3605 omnium
2476 3552 2529 3603 in
2569 3565 2628 3605 se
2654 3551 2839 3605 oculos
2890 3563 3237 3616 convertunt,
3271 3556 3341 3608 ita
3378 3558 3590 3625 hi‘quo-

2016 3658 2120 3713 que
2142 3645 2493 3698 admirationi
2521 3643 2642 3697 aliis
2686 3644 2972 3698 exsistunt.
3024 3643 3250 3709 Quidam
3289 3648 3431 3701 enim
3462 3664 3594 3717 pro-

2016 3738 2150 3807 priis
2180 3736 2384 3789 relictis
2415 3735 2619 3789 aedibus
2651 3750 2833 3788 vocem
2870 3749 3057 3789 eorum
3089 3737 3273 3789 animo
3301 3738 3589 3793 exsultan-

2016 3839 2096 3883 tes
2122 3835 2442 3894 sequuntur,
2469 3824 2711 3893 ﬁuntque
2738 3825 2844 3878 illis
2873 3827 3015 3894 quod
3043 3836 3171 3880 sunt
3205 3828 3409 3894 pastori
3440 3844 3590 3894 oves,

2015 3916 2391 3987 permittentes
2428 3928 2487 3969 se
2512 3915 2580 3967 ab
2612 3914 2717 3967 illis
2744 3914 3095 3977 circumduci,
3126 3929 3232 3982 quo
3261 3925 3344 3969 est
3376 3917 3589 3973 melius.

2013 4005 2090 4063 llli
2115 4022 2243 4061 vero
2291 4003 2650 4073 suscipientes
2683 4002 2804 4057 illos
2839 4012 2896 4055 ut
2949 4006 3310 4072 obsequentes
3340 4007 3591 4077 dictoque

2013 4102 2295 4153 audientes
2349 4096 2535 4151 futura
2595 4103 2893 4165 exponunt,
2928 4104 2986 4148 ut
3017 4098 3291 4164 prophetae
3342 4098 3471 4151 olim
3504 4116 3590 4153 so-

2012 4191 2141 4246 lent.
2175 4190 2309 4245 Cum
2336 4204 2467 4244 vero
2491 4188 2731 4258 plurimi,
2764 4188 2980 4243 virtutis
3015 4188 3158 4242 nullo
3195 4190 3379 4243 habito
3407 4206 3589 4260 respe-

2013 4293 2125 4348 ctu,
2153 4282 2348 4350 quibus
2406 4281 2606 4334 caduca
2662 4279 2911 4348 voluptas
2965 4279 3239 4348 animique
3300 4280 3588 4337 delectatio

1938 4364 1984 4425 C
2017 4375 2133 4441 plus
2177 4372 2338 4436 valet,
2361 4387 2521 4440 quam
2578 4374 2722 4441 quod
2758 4380 2943 4440 postea
3002 4368 3242 4423 futurum
3292 4380 3379 4426 est
3433 4373 3583 4427 utile.

2012 4465 2174 4535 612
2208 4463 2285 4518 llli
2308 4464 2617 4533 ineXplebili
2654 4464 2964 4531 injustaque
3013 4463 3316 4530 cupiditate
3353 4479 3586 4532 praesen-

2005 4561 2076 4613 tia
2103 4562 2373 4621 adamarit,
2404 4567 2566 4625 atque
2592 4557 2660 4609 ob
2686 4570 2916 4609 scaevam
2960 4570 3169 4607 morum
3223 4558 3578 4609 consuetudi-

2004 4665 2151 4714 nem,
2188 4663 2308 4717 qute
2372 4648 2729 4702 subsecutura
2768 4646 3159 4709 sunt,minime
3194 4644 3581 4713 provident,iis

2003 4744 2301 4804 duntaxat,
2334 4754 2452 4807 quae
2486 4741 2541 4792 in
2602 4737 2852 4791 manibus
2906 4746 3050 4799 sunt,
3095 4736 3310 4798 intenti,
3354 4736 3579 4789 dicunt:

2009 4831 2365 4886 «Praesentia
2427 4845 2701 4885 curemus.
2767 4848 2784 4879 ι
2837 4827 2939 4879 Alii
3016 4836 3202 4879 contra
3270 4824 3575 4879 futurorum

2009 4933 2317 4988 satagentes
2382 4922 2770 4992 praanuntiant,
2826 4927 2881 4972 et
2933 4917 3002 4969 ob
3042 4917 3179 4970 bene
3245 4915 3459 4980 merita,
3522 4925 3582 4969 ut

2007 5016 2287 5083 Scriptura
2347 5013 2724 5081 pollicetur",
2757 5024 3014 5065 coronam
3084 5006 3357 5076 accipiunt
3418 5016 3580 5073 atque

2008 5106 2314 5161 laudantur.
2342 5105 2406 5158 Hi
2442 5105 2683 5159 viventes
2741 5101 2957 5171 quidem
3007 5114 3092 5151 res
3133 5096 3420 5151 inclinatas
3468 5098 3578 5151 eri—

2008 5202 2159 5262 guut,
2195 5207 2390 5260 resque
2420 5191 2660 5261 publicas
2699 5190 3017 5243 constitutas
3041 5184 3257 5251 ornant,
3294 5195 3578 5254 morteque

2002 5283 2197 5337 sublati
2242 5281 2569 5335 desiderium
2597 5281 2677 5332 sui
2730 5278 3065 5344 relinquunt.
3095 5277 3239 5330 Clari
3287 5276 3433 5329 enim
3478 5285 3567 5327 tu-

2005 5374 2270 5428 mulorum
2324 5371 2711 5432 monumentis,
2772 5371 2937 5437 stirps
2999 5383 3214 5437 quoque
3276 5368 3328 5419 in
3372 5368 3577 5419 honore

328 5474 497 5523 φυκεν
525 5459 790 5512 ἅπτεσθαι
833 5464 1078 5537 τελευτή.
1116 5467 1237 5520 Τῶν
1291 5469 1387 5537 μὲν
1425 5468 1533 5539 γὰρ
1578 5469 1907 5538 σωματικῶν

2017 5477 2106 5535 est,
2142 5476 2194 5521 ct
2240 5466 2400 5533 longa
2441 5464 2562 5533 jure
2617 5462 2821 5530 Optimo
2868 5463 3125 5514 memoria
3171 5469 3272 5512 cst.
3308 5456 3573 5510 Virtutem

327 5547 825 5619 τλεονεκτημάτων
847 5557 1047 5626 ῥαδίως
1092 5559 1324 5613 ἕκαστον
1367 5559 1783 5627 ἀποσϐέννυται,
1814 5562 1907 5617 καὶ

2017 5561 2149 5616 :nim
2210 5558 2513 5628 possident,
2561 5570 2683 5622 qua:
2735 5570 2839 5608 non
2884 5552 3088 5607 interit.
3131 5551 3388 5619 Corporis
3448 5562 3576 5603 vero

402 5705 448 5736 ³⁸⁵
479 5707 671 5763 Matth.
716 5727 826 5769 xvt.
868 5713 950 5767 17.
