3974 6144
430 290 567 358 H39

1624 288 1685 348 S.
1726 286 2019 347 ISIDORI
2055 285 2492 348 PELUSIOTE

3547 277 3703 345 H40

430 408 694 460 bonorum
726 402 879 458 facile
900 394 1115 471 quidvis
1140 407 1304 468 perit,
1325 398 1663 469 gratiamque
1693 401 1760 455 ad
1790 409 2003 471 tempus

2118 400 2442 472 πρόσκαιρον
2479 400 2594 472 ἔχει
2641 398 2740 470 τὴν
2779 400 2962 473 χάριν,
3023 396 3139 452 οἷον
3199 396 3435 461 κάλλος,
3498 395 3687 464 τάχος,

430 496 752 550 duraturam
786 490 1141 556 nanciscitur,
1162 500 1292 561 puta
1344 490 1829 559 pulchritudinem,
1852 491 2004 547 velo-

430 586 656 641 citatem
712 599 779 640 ac
826 583 1017 639 robur.
1059 582 1328 650 Corrupto
1384 581 1530 636 enim
1564 581 1781 646 robore,
1817 591 1874 637 et
1910 582 2006 639 illa

431 684 784 739 evanescant,
805 686 1034 730 necesse
1085 681 1190 727 est.
1225 669 1456 727 Virtutis
1514 671 1659 726 enim
1681 672 1854 727 solius
1905 673 2007 727 im-

431 764 645 820 mortali
678 763 931 819 inanima
976 765 1239 826 educatze,
1270 762 1417 817 nulla
1462 763 1711 817 mutatio.
1742 763 2009 820 Omnibus

432 857 597 924 igitur
630 856 839 911 viribus
867 856 1173 912 exercenda
1212 855 1388 910 virtus
1410 865 1526 920 est;
1559 868 1667 908 non
1705 854 2006 909 curandum

430 955 615 1002 tamen
646 956 751 1011 est,
789 956 1127 1003 utexercere
1156 947 1413 1002 virtutem
1474 953 1687 1001 tantum
1744 946 2006 1001 videaris.

432 1033 633 1092 Verum
668 1050 736 1091 ne
758 1034 966 1091 divitiis
997 1036 1215 1104 quidem
1267 1033 1487 1091 inhians
1512 1042 1859 1089 contemnere
1887 1046 2008 1087 eam

431 1127 614 1193 debet,
632 1143 743 1198 prae
762 1142 867 1197 qua
898 1126 1119 1183 caducae
1146 1127 1253 1182 illa:
1278 1135 1427 1182 sunt.
1451 1124 1690 1181 Divitias
1718 1125 1868 1182 enim
1895 1126 2010 1187 cito

431 1219 557 1288 quis
588 1218 858 1286 amiserit,
893 1229 990 1273 aut
1015 1218 1182 1283 furto,
1218 1226 1310 1275 aut
1333 1218 1388 1273 vi
1432 1217 1654 1273 militari
1686 1234 1701 1273 :
1728 1226 1785 1273 at
1808 1218 2013 1274 virtute

434 1322 598 1364 nemo
630 1318 685 1365 te
734 1309 1006 1381 spoliarit,
1037 1324 1105 1365 ne
1166 1324 1398 1380 corpore
1454 1310 1671 1379 quidem
1709 1311 2008 1369 exstincto.

435 1399 708 1457 Virtutem
768 1411 951 1458 autem
1011 1403 1101 1459 hic
1151 1418 1287 1459 voco
1322 1405 1431 1472 (ne
1484 1404 1635 1482 vocis
1670 1419 1767 1461 vos
1819 1404 2015 1463 fallere

436 1493 789 1565 ambiguitate
816 1494 1045 1565 videar)
1082 1510 1191 1552 non
1216 1494 1470 1552 bellicam
1523 1496 1697 1562 illam,
1739 1512 1835 1554 seu
1898 1497 2016 1554 for-

439 1584 749 1651 titudinem,
780 1600 901 1656 qua!
927 1586 1193 1658 improbis
1246 1587 1400 1659 juxta
1433 1603 1499 1645 ac
1530 1589 1715 1659 probis
1759 1606 2012 1662 saepenu-

440 1689 592 1731 mero
616 1675 772 1733 adest
804 1695 819 1731 :
854 1691 1031 1748 neque
1058 1678 1268 1749 accipio
1300 1694 1445 1747 eam,
1478 1695 1603 1751 quae
1631 1682 1687 1737 in
1714 1681 2014 1754 Olympicis

438 1775 730 1823 exercetur
755 1767 921 1835 ludis,
944 1769 1255 1837 victoriam,
1292 1786 1416 1841 quae
1466 1788 1599 1830 casu
1650 1789 1794 1845 saepe
1837 1778 2015 1834 obtin-

440 1858 521 1929 git
551 1873 657 1915 :ac
686 1872 755 1915 ne
779 1874 901 1916 eam
934 1862 1152 1929 quidem
1190 1861 1437 1933 intelligo
1462 1865 1596 1932 vim,
1624 1880 1745 1935 quae
1794 1870 1848 1923 in
1883 1871 2015 1926 elo-

439 1948 658 2019 quendo
689 1955 776 2006 est
833 1951 1030 2021 posita.
1070 1950 1239 2009 Recte
1288 1955 1436 2010 enim
1483 1959 1563 2011 ait
1614 1956 1961 2029 Thucydides
1993 1977 2013 2018 :

445 2058 467 2093 ι
504 2039 779 2109 imperitia
832 2043 1157 2100 modestiam
1208 2047 1436 2113 habens,
1491 2048 1679 2105 utilior
1724 2060 1810 2108 est
1850 2067 2013 2122 quam

442 2129 710 2187 industria
762 2146 887 2189 cum
918 2132 1138 2193 levitate
1189 2144 1503 2209 conjuncta.
1547 2159 1571 2195 ι
1620 2142 1736 2199 Nec
1790 2145 2014 2201 tandem

440 2218 646 2292 aliquid
677 2236 865 2279 eorum
891 2223 1088 2296 [virtus
1110 2226 1217 2299 est]
1247 2244 1369 2298 quae
1399 2231 1562 2287 simul
1609 2249 1735 2291 cum
1764 2235 1877 2291 vita
1910 2236 2015 2292 ista

441 2320 694 2380 pereunt,
730 2314 828 2368 sed
856 2328 977 2369 eam
1006 2330 1169 2386 quam
1205 2323 1568 2390 temperantia
1606 2338 1671 2379 ac
1694 2326 2007 2395 prudentia,

437 2402 651 2471 justitia
680 2419 747 2460 ac
784 2406 1127 2477 fortitudine,
1155 2411 1447 2479 modestia,
1472 2414 1930 2489 philosophiaque
1961 2428 2019 2474 et

446 2490 647 2548 talibus
674 2493 1001 2551 instructam
1032 2506 1195 2569 atque
1239 2511 1490 2558 ornatam
1529 2505 1732 2562 videas.
1753 2506 2020 2577 Objicitur

441 2596 577 2638 vero
636 2585 841 2643 multos
892 2597 1093 2659 praeter
1141 2596 1399 2651 meritum
1460 2596 1603 2653 belle
1677 2597 2019 2673 feliciterque

441 2687 629 2742 agere,
660 2689 726 2731 ac
755 2676 873 2734 sine
887 2679 1037 2735 omni
1068 2683 1272 2740 v-irtute
1308 2685 1595 2743 ditescere.
1619 2688 1736 2745 Non
1762 2692 2015 2762 equidem

445 2768 676 2836 inﬁcior,
701 2786 890 2828 verum
928 2789 960 2828 a
997 2775 1199 2833 virtute
1239 2794 1339 2835 cur
1395 2796 1497 2837 nos
1539 2782 1593 2838 id
1650 2795 1901 2842 avertere
1922 2787 2020 2842 de-

443 2858 592 2927 beat,
627 2876 735 2916 non
766 2863 944 2920 video.
976 2863 1035 2921 Si
1087 2867 1210 2938 quis
1255 2870 1401 2925 enim
1454 2871 1606 2930 clare
1659 2875 2016 2947 demonstret,

442 2948 564 3020 lege
584 2961 798 3009 naturae
829 2954 940 3011 duo
966 2956 1081 3014 haec
1113 2959 1277 3015 simul
1307 2975 1431 3018 esse
1476 2977 1584 3019 non
1626 2980 1810 3035 posse,
1847 2972 2021 3026 virtu-

441 3051 574 3109 tem,
613 3043 924 3114 inquam,et
954 3049 1414 3120 divitias,rationi
1443 3063 1622 3114 tamen
1668 3074 2016 3134 nequaquam

438 3131 524 3185 sic
550 3144 984 3192 consentaneum
1008 3138 1174 3195 fuerit
1195 3142 1386 3199 virtuti
1402 3145 1626 3203 divitias
1646 3131 2013 3221 anteponere;

442 3224 489 3277 si
520 3226 612 3292 qui
656 3237 840 3283 tamen
877 3244 1027 3284 mera
1053 3232 1259 3289 incuria
1310 3235 1366 3292 id
1404 3252 1513 3293 non
1566 3241 2018 3311 consideraverit,

441 3314 603 3370 venia
632 3314 870 3372 fortasse
905 3320 1099 3389 dignus
1132 3323 1401 3381 videatur.

510 3400 650 3460 Cum
680 3418 812 3461 vero
840 3406 989 3478 ipsos
1027 3410 1250 3467 eosdem
1282 3414 1529 3485 reperias
1563 3425 1621 3473 et
1657 3417 1863 3477 virtute
1892 3422 2017 3478 ani-

442 3492 520 3550 mi
586 3496 864 3564 praeditos,
919 3507 977 3554 et
1033 3498 1266 3558 fortunae
1338 3505 1496 3562 bonis
1571 3509 1905 3579 splendidos,
1962 3516 2019 3571 in

442 3584 552 3641 hac
606 3587 719 3642 vita
767 3588 900 3658 quid
958 3590 1216 3648 virtutem
1284 3594 1476 3665 fugitis
1530 3615 1545 3654 :
1601 3603 1757 3670 quasi
1800 3605 2021 3663 divitias

442 3685 541 3742 per
570 3674 753 3731 omnia
782 3680 1149 3745 consecuturi,
1182 3683 1228 3738 si
1264 3683 1439 3754 ipsam
1466 3702 1575 3745 non
1622 3693 2020 3761 possideretisi

440 3761 560 3819 Non
588 3765 737 3822 enim
768 3767 965 3837 privati
992 3771 1197 3828 virtute
1244 3773 1469 3833 divitias
1516 3778 1727 3838 idcirco
1765 3788 2020 3856 acquire-

444 3854 534 3911 tis.
559 3855 701 3922 Quin
730 3870 786 3913 et
830 3860 1019 3917 virtuti
1048 3865 1313 3922 accedunt
1354 3881 1741 3940 saepenumero
1787 3854 2016 3947 divitiae,

440 3948 603 4020 613
620 3948 799 4006 divina
817 3950 1163 4012 Providentia
1187 3958 1273 4015 bis
1296 3975 1394 4030 pro
1413 3964 1622 4021 meritis
1642 3965 2020 4039 distribuente,

442 4040 671 4097 aliorum
701 4042 920 4101 interim
949 4055 1251 4117 egestatem
1280 4051 1654 4110 misericordia
1682 4059 2017 4119 sublevante.

443 4129 578 4186 Cum
615 4135 762 4189 enim
791 4135 937 4192 veris
963 4138 1142 4201 bonis,
1168 4140 1505 4211 caelestibus,
1539 4145 1783 4216 inquam,
1808 4152 2019 4221 seipsos

444 4221 753 4289 spoliarint,
793 4232 1148 4295 temporanea
1189 4229 1296 4286 illis
1338 4229 1571 4303 largitur
1601 4238 1764 4305 bona,
1812 4242 2022 4314 hacque

447 4309 657 4366 ratione
695 4325 912 4368 omnem
964 4315 1072 4371 illis
1121 4321 1494 4379 excusationis
1543 4341 1798 4386 resecans
1844 4309 2019 4391 mate-

2109 490 2292 562 ῥώμη.
2335 492 2444 547 Τοῦ
2483 490 2737 562 σώματος
2765 492 2873 563 γὰρ
2925 489 3311 562 φθειρομένου,
3366 486 3683 556 ἀναγκαίως

2106 584 2337 638 κάκεῖνα
2385 584 2590 656 φροῦδα
2630 584 2870 656 οἴχεται*
2906 584 3109 655 ἀρετῆς
3154 582 3212 635 δὲ
3251 581 3423 652 μόνης
3478 580 3575 634 ᾶτε
3629 578 3688 629 ὲν

2107 675 2359 745 ἀθανάτῳ
2406 676 2553 747 ψυχῇ
2601 675 2964 747 τρεφομένης,
3023 674 3087 726 οὐ
3131 673 3381 743 πέφυκεν
3420 670 3692 725 ἅπτεσθαι

2111 766 2405 837 μεταϐολή.
2483 768 2695 821 Οὐκοῦν
2786 771 2953 823 παντὶ
3004 766 3184 821 σθένει
3247 766 3519 837 προσήκει
3583 762 3702 832 τὴν-

2106 855 2308 927 ἀρετὴν
2356 858 2567 923 ἀσκεῖν,
2622 859 2742 913 ἀλλ’
2788 859 2889 930 οὐχ
2937 856 3194 929 ἡγεῖσθαι
3252 854 3432 908 δοκεῖν
3471 853 3685 906 ἀσκεῖν.

2120 948 2283 1002 Ἀ).λά
2348 950 2472 1019 μηδ’
2526 952 2607 1014 είς
2669 949 2900 1004 πλοῦτον
2960 947 3256 1019 κεχηνότες
3325 941 3689 1012 καταμελεῖτι

2106 1038 2332 1110 ταύτης.
2369 1042 2526 1093 Ἔστι
2567 1041 2677 1113 γάρ
2708 1044 2915 1104 ἐκεῖνος
2949 1039 3113 1111 τῆσδὲ
3157 1036 3562 1106 εὐτελέστερος·
3591 1031 3701 1085 τδνς

2113 1130 2213 1201 μὲν
2237 1132 2345 1201 γάρ
2385 1131 2583 1202 ῥαδίως
2619 1132 2684 1186 ἀν
2711 1149 2798 1196 τις
2831 1131 3087 1201 ἀφέλοιτο
3107 1146 3123 1161 ο
3153 1127 3314 1182 τοῦτο
3354 1126 3452 1198 μὲν
3482 1123 3697 1190 λαθὼν,

2105 1220 2266 1274 τοῦτο
2291 1221 2349 1274 δὲ
2380 1222 2567 1292 μεῖζον
2595 1220 2821 1292 ίσχύων.
2857 1220 2970 1291 Τῆς
2991 1220 3049 1273 δὲ
3095 1218 3200 1271 οὐκ
3252 1216 3320 1270 ἂν
3373 1210 3689 1281 ἀποστερή-

2114 1328 2279 1378 σειεν,
2331 1313 2454 1367 οὐδὲ
2492 1313 2542 1365 εί
2568 1314 2664 1367 τοῦ
2702 1314 2958 1383 σώματος
2993 1311 3316 1383 χωρίσειας.
3369 1304 3596 1377 Ἀρετὴν
3630 1301 3699 1355 δέ

2110 1415 2255 1475 φημι
2295 1404 2395 1476 (μὴ
2418 1405 2527 1474 γὰρ
2558 1405 2622 1475 δὴ
2654 1407 2688 1475 ἡ
2726 1404 3018 1474 ὁμωνυμία
3055 1404 3203 1473 ὑμᾶς
3254 1397 3578 1468 σφαλλέτω),
3625 1394 3694 1447 οὗ

2111 1496 2212 1566 τὴν
2239 1498 2299 1550 ὲν
2334 1496 2593 1566 πολέμοις
2628 1496 2870 1567 ἀνδρίαν,
2898 1489 2967 1567 ἦς
2993 1493 3258 1556 πολλάκις
3289 1490 3353 1542 τὸ
3389 1488 3551 1542 πλέον
3572 1486 3695 1550 τοῖς

2110 1588 2390 1658 πονηροῖς,
2427 1586 2596 1657 ἢτοῖς
2628 1587 2853 1654 ἀγαθοῖς
2885 1585 3161 1655 μέτεστιν·
3200 1579 3324 1635 οὐδὲ
3353 1579 3451 1648 τὴν
3491 1574 3697 1645 Ὀλυμ-

2116 1675 2272 1729 πιάσι
2320 1676 2497 1747 νίκην,
2552 1675 2585 1746 ἢ
2637 1676 2732 1729 καὶ
2772 1676 2886 1738 τοῖς
2936 1671 3286 1744 επιτυχοῦσιν
3358 1667 3693 1736 ἐφίπταται·

2045 1732 2089 1788 Β
2116 1767 2232 1820 ἀλλ’
2281 1767 2403 1819 οὐδὲ
2430 1732 2661 1836 ’την-ὲν
2706 1766 2821 1829 τοῖς
2865 1732 3051 1832 λόγοις
3100 1732 3424 1831 δεινότητα-⁸
3462 1751 3523 1809 εὖ
3583 1754 3710 1823 γὰρ

2115 1858 2288 1929 ἔφησε
2344 1857 2695 1927 Θουκυδίδης·
2736 1874 2757 1909 ι
2800 1859 2924 1909 Ὅτι
2971 1853 3183 1925 ἀμαθία
3239 1850 3381 1924 μετά
3408 1847 3701 1918 σωφροσύ-

2116 1967 2214 2020 νης
2258 1948 2715 2019 ὠφελιμώτερον,
2756 1948 2791 2018 ἥ
2828 1945 3076 2015 δεξιότης
3132 1944 3273 2015 μετά
3319 1941 3646 2001 ἀκολασίας.
3673 1956 3701 1989 ι

2117 2042 2242 2098 οὐδ’
2267 2041 2397 2096 ἀλλο
2422 2041 2574 2095 οὐδὲν
2599 2040 2708 2094 τῶν
2761 2057 2838 2110 τῳ
2888 2041 3121 2108 παρόντι
3155 2030 3711 2105 σνγκιιτινλυοιιένιυινΔ

2120 2132 2259 2203 βίῳ⁶
2318 2132 2457 2187 ἀλλά
2506 2132 2608 2203 τὴν
2657 2130 2747 2186 διά
2810 2133 3169 2203 σωφροσύνης
3217 2126 3312 2180 καὶ
3352 2124 3705 2197 φρονήσεωςν

2116 2224 2464 2294 δικαιοσύνης
2513 2240 2575 2276 τε
2648 2223 2744 2277 καὶ
2801 2223 3050 2291 ἀνδρίας,
3107 2218 3427 2291 πραότητός
3483 2231 3548 2267 τε
3603 2212 3714 2265 καὶ⁴

2114 2313 2438 2379 ἐπιεικείας,
2476 2312 2796 2383 φιλοσοφίας
2819 2330 2881 2367 τε
2909 2314 3005 2367 καὶ
3029 2310 3137 2366 τῶν
3169 2310 3345 2366 ἀλλων
3372 2308 3482 2362 τῶν
3516 2305 3707 2360 τοιού-

2116 2421 2226 2458 των
2275 2405 2755 2476 συγκροτουμένην
2802 2406 2897 2459 καὶ
2948 2401 3476 2475 συμπληρουμένην.
3540 2396 3713 2450 Ἀλλὰ

2118 2497 2325 2564 πολλοὶ,
2358 2498 2515 2567 φασὶ,
2548 2497 2701 2569 παρά
2730 2497 2830 2568 τὴν
2848 2496 3007 2561 ἀξίαν
3038 2492 3395 2567 εὐημεροῦσι,
3427 2492 3526 2545 καὶ
3570 2490 3709 2561 ἀρε.

2117 2591 2216 2660 τῆς
2242 2590 2415 2661 χωρὶς
2447 2589 2791 2645 πλουτοῦσιν.
2836 2587 3122 2660 Ὀμολογῶ
3167 2588 3266 2656 μὲν
3317 2583 3508 2653 κάγὼλ·
3540 2582 3719 2635 τοῦτο

2118 2680 2176 2732 δὲ
2196 2681 2310 2744 πῶς
2323 2678 2389 2733 ἂν
2406 2680 2631 2744 εἰκότως
2654 2680 2984 2751 ἀποτρέψειε
3001 2677 3102 2748 τῆς
3128 2675 3354 2748 ἀρετῆς,
3371 2674 3431 2728 οὐ
3460 2672 3702 2743 συνορῶ.

2119 2773 2184 2826 El
2215 2773 2312 2843 μὲν
2340 2771 2449 2842 γὰρ
2468 2767 2585 2842 εἶχέ
2623 2788 2709 2835 τις
2738 2771 2927 2840 σαφῶς
2958 2766 3267 2832 ἀποδεῖξαι,
3302 2766 3455 2837 νόμῳ
3479 2764 3705 2836 φύσεως

2119 2860 2474 2931 κεκωλυμένα
2497 2860 2671 2915 ταῦτα
2701 2859 2986 2931 ἀμφότερα
3016 2858 3327 2924 συνελθεῖν,
3368 2857 3579 2926 ἀρετήν
3605 2870 3713 2919 τε,

2121 2953 2301 3024 φημὶ,
2328 2953 2424 3008 καὶ
2448 2952 2773 3023 εὐημερίαν,
2808 2951 3045 3023 μάλιστα
3081 2951 3181 3022 μὲν
3209 2950 3318 3004 οὐδ’
3339 2949 3512 3011 οὕτως
3551 2946 3707 3005 εὐλο-

2121 3061 2216 3113 γον
2265 3040 2333 3113 ἦν
2383 3044 2476 3097 τὸν
2532 3043 2763 3097 πλοῦτον
2796 3043 2904 3114 πρὸ
2928 3044 3030 3115 τῆς
3085 3044 3291 3115 ἀρετῆς
3342 3042 3587 3109 ἑλέσθαι,
3636 3042 3715 3112 τῇ

2120 3134 2366 3207 ῥᾳθυμίᾳ
2388 3133 2435 3188 δ’
2454 3134 2520 3188 ἂν
2561 3134 2693 3195 ἴσως
2717 3131 2881 3187 τοῦτο
2911 3134 3271 3207 σκηπτομένῃ
3300 3135 3532 3205 παρεῖχε
3569 3147 3713 3201 συγ-

2120 3243 2367 3297 γνωμην.

2205 3409 2422 3479 Ἐπειδὴ
2442 3408 2500 3463 δὲ
2530 3408 2659 3471 τοὺς
2682 3407 2882 3473 αὐτοὺς
2909 3406 3062 3479 εὖροι
3086 3423 3172 3470 τις
3197 3405 3269 3460 ἂν
3300 3405 3399 3460 καὶ
3431 3405 3532 3477 τὴν
3552 3406 3711 3474 γνώο

2122 3518 2233 3573 μην
2258 3502 2533 3573 ἀρίστους,
2561 3500 2657 3553 καὶ
2684 3499 2976 3570 λαμπροὺς
3004 3498 3099 3552 καὶ
3129 3498 3221 3552 τὸν
3265 3498 3513 3570 παρόντα
3566 3498 3706 3569 βίον,

2118 3594 2174 3647 τί
2220 3594 2452 3663 φεύγετε
2510 3591 2610 3664 τὴν
2658 3591 2859 3663 ἀρετὴν
2915 3590 2993 3655 ὡς
3048 3591 3269 3656 πάντως
3317 3592 3411 3646 τὸν
3473 3591 3713 3645 πλοῦτον

2119 3687 2353 3754 ἕξοντες,
2382 3686 2431 3739 εί
2452 3685 2530 3756 μὴ
2558 3683 2764 3754 ταύτην
2791 3684 3104 3756 atriis-11003;
3146 3684 3221 3738 Οὐ
3255 3683 3367 3754 γὰρ
3397 3685 3459 3737 ὲν
3479 3683 3567 3755 τῷ
3606 3686 3711 3755 τῆς

2120 3778 2323 3849 ἀρετῆς
2349 3775 2679 3849 ἐστερῆσθαι
2699 3776 2761 3829 τὸ
2801 3776 3104 3846 κεκτῆσθαι
3135 3775 3227 3829 τδν
3266 3776 3500 3831 πλοῦτόν
3534 3777 3712 3829 ἐστιν.

2133 3868 2297 3924 Ἀλλὰ
2346 3869 2441 3923 καὶ
2500 3868 2670 3940 ἀρετῇ
2720 3868 3067 3941 προσγένοιτ’
3117 3866 3186 3923 ἂν
3237 3866 3530 3932 πολλάκις,
3601 3867 3699 3939 τῆς

2122 3958 2275 4023 θείας
2325 3956 2583 4029 προνοίας
2636 3959 2752 4021 τοῖς
2798 3958 2897 4027 μὲν
2948 3957 3009 4012 τὸ
3039 3957 3176 4027 πρὸς
3204 3956 3365 4021 ἀξίαν
3405 3955 3707 4027 νεμούσης,

2120 4052 2231 4106 τῶν
2256 4051 2316 4105 δὲ
2342 4051 2440 4121 τὴν
2464 4049 2845 4121 ταλαιπωρίαν
2879 4048 3279 4119 οἱκτειρούσης.
3337 4048 3565 4119 Ἐπειδὴ
3598 4048 3705 4118 γὰρ

2120 4140 2231 4194 τῶν
2263 4140 2434 4203 ὅντως
2480 4138 2728 4207 ἀγαθῶν,
2779 4137 2890 4191 τῶν
2932 4138 3202 4210 οὐρανίων
3244 4138 3421 4208 φημὶ,
3475 4139 3706 4201 ἑαυτοὺς

2120 4232 2445 4303 ἐστέρησαν,
2496 4230 2565 4285 τά
2606 4229 2924 4302 πρόσκαιρα
2983 4231 3169 4294 αὐτοῖς
3233 4230 3561 4301 χαρίζεται,
3608 4230 3714 4284 καὶ

2121 4324 2296 4397 ταύτῃ
2353 4322 2640 4377 ἐκκόπτων
2704 4323 2889 4376 αὐτῶν
2952 4323 3055 4393 τὴν
3113 4323 3438 4392 ἀπολογίαν.
3489 4324 3706 4394 Σκοπὴ-

448 4400 607 4457 riam.
629 4400 808 4459 Nolite
839 4407 1185 4465 considerare
1222 4414 1484 4480 quosdam
1511 4417 1709 4474 virtute
1740 4437 1843 4478 non
1875 4439 2015 4494 prae-

2124 4413 2370 4485 σετε(52)
2394 4413 2459 4485 δὴ
2506 4412 2685 4479 τοῦτο,
2716 4414 2800 4467 ὅτι
2833 4414 3037 4485 ἀρετῆς
3066 4413 3317 4485 ἀπούσης
3360 4414 3703 4485 εὐημεροῦσί

445 4490 590 4546 ditos
610 4491 843 4548 feliciter
864 4507 1043 4563 agere,
1073 4496 1167 4551 sed
1192 4499 1453 4567 quosdam
1473 4503 1637 4558 etiam
1666 4506 1860 4565 virtute
1876 4490 2019 4580 prte-

445 4580 587 4637 ditos
629 4597 887 4653 prospera
935 4600 1061 4641 usos
1102 4587 1339 4644 fortuna.
1387 4591 1456 4646 Et
1504 4595 1549 4650 si
1602 4608 1855 4655 accurate
1897 4604 2021 4671 quis

445 4675 735 4745 exquirere
768 4677 933 4742 volet,
976 4681 1213 4747 tametsi,
1261 4684 1405 4752 quod
1448 4686 1645 4753 dicam,
1680 4690 2018 4770 inopinatum

444 4765 738 4833 videbitur,
779 4768 1066 4825 dicendum
1095 4780 1294 4829 tamen.
1322 4773 1586 4832 Omnibus
1622 4780 1837 4836 saeculis
1872 4765 2021 4852 repe-

446 4858 550 4914 riet
580 4863 800 4929 probos,
835 4877 940 4917 non
988 4872 1172 4920 autem
1203 4866 1480 4936 improbos
1517 4870 1572 4923 in
1616 4884 1743 4926 vera
1781 4875 2019 4944 viguisse

444 4947 723 5007 felicitate.
778 4952 921 5008 Voco
956 4963 1138 5010 autem
1192 4958 1633 5028 prosperitatem,
1680 4962 1826 5030 quod
1879 4966 2018 5021 satis

443 5049 549 5109 est,
588 5040 811 5099 habere.
851 5043 1103 5100 Imminet
1133 5047 1277 5102 enim
1321 5049 1473 5104 luxui
1519 5050 1710 5121 ingens
1750 5052 2016 5111 bonorum

444 5129 678 5188 fortuna:
716 5133 893 5204 copia.
926 5136 1023 5192 Cui
1062 5138 1139 5193 rei
1170 5138 1333 5195 fidem
1381 5156 1491 5196 non
1530 5144 1799 5212 negabitis
1836 5156 2017 5203 mente

445 5231 692 5284 tenentes
720 5223 977 5284 Isocratis
1012 5230 1248 5288 oratoris
1282 5230 1426 5289 hanc
1449 5232 1877 5293 admonitionem
1907 5251 2012 5293 non

2116 4526 2281 4573 τινες,
2312 4507 2449 4562 ἀλλά
2480 4523 2627 4570 τινες
2681 4506 2749 4562 ἀν
2795 4523 2927 4560 ποτε
2966 4502 3110 4578 ἦσαν
3156 4508 3216 4561 ὲν
3264 4506 3344 4577 τῷ
3370 4507 3705 4578 εὐημερεῖν,

2113 4599 2215 4669 τῆς
2235 4598 2445 4670 ’ἀρετῆς
2472 4595 2801 4669 προσούσης.
2832 4598 2945 4652 Καὶ
2986 4596 3095 4668 μὴν
3132 4597 3188 4650 εῐ
3225 4614 3312 4660 τις
3351 4595 3532 4650 ἐθέλοι
3566 4597 3708 4667 μετά

2119 4690 2409 4763 ἀκριϐείας
2459 4688 2645 4761 ζητεῖν
2676 4687 2749 4760 (εί
2794 4689 2908 4761 γάρ
2954 4689 3054 4744 καὶ
3105 4688 3412 4761 παράδοξον
3460 4689 3610 4757 δόξει
3645 4690 3711 4741 τὸ

2113 4781 2537 4853 λεχθησόμενον,
2561 4781 2679 4835 ἀλλ’
2703 4782 2858 4851 ὅμως
2901 4781 3223 4853 λελέξεται),
3251 4784 3317 4836 ὲκ
3354 4782 3451 4835 τοῦ
3502 4781 3708 4844 παντὸς

2123 4873 2319 4938 αἰῶνος
2351 4875 2489 4945 μετά
2518 4873 2629 4928 τῶν
2650 4873 3059 4946 εὐφρονούντων
3078 4916 3095 4940 ,
3124 4875 3158 4946 ἤ
3190 4874 3304 4928 τῶν
3339 4874 3565 4943 φαύλων
3593 4874 3707 4943 (35)

2124 4964 2275 5036 εὖροι
2303 4965 2403 5036 τὴν
2435 4965 2612 5035 ἀληθῆ
2638 4965 2939 5035 εὐημερίαν
2960 4968 3338 5037 γεγενημένην
3360 4984 3375 4997 ·
3399 4966 3709 5036 εὐημερίαν

2124 5056 2299 5125 ἔγωγε
2326 5056 2697 5131 ὁρίζομαιτὴν
2739 5058 3097 5129 αὐτάρκειαν·
3131 5057 3420 5130 ὀλισθηρὸν
3471 5058 3587 5129 γὰρ
3628 5059 3708 5121 εις

2119 5146 2415 5200 ἀκολασίαν
2457 5150 2491 5217 ἡ
2536 5148 2637 5219 τῆς
2661 5142 2942 5220 ’χορηγίας
2992 5148 3300 5219 ἑτοιμότης.
3356 5149 3589 5211 Πάντως
3651 5149 3709 5203 δὲ

2121 5240 2276 5308 ὑμεῖς
2306 5240 2407 5293 οὐκ
2435 5240 2789 5313 ἀπιστήσετε,
2816 5240 3038 5297 ἔναυλον
3065 5241 3283 5313 ἔχοντες
3308 5240 3410 5313 τὴν
3464 5240 3712 5315 Ἰσοκρά·

1534 5389 1770 5448 νΑιωΕ
1808 5390 2195 5448 LECTIONES
2223 5392 2312 5449 ET
2351 5392 2584 5450 ΝΟΤίΕ.

514 5517 762 5641 £33203:
811 5522 1112 5641 ῗέοπήσετε
1156 5526 1315 5583 ambo
1362 5527 1523 5584 iidem
1573 5530 1730 5585 codd.
1769 5530 2015 5586 scribunt

446 5602 778 5644 σκοπησατε.
815 5602 889 5644 ID.

520 5657 631 5725 (55)
672 5656 731 5712 In
764 5657 951 5716 Graeco
984 5672 1078 5718 aut
1116 5664 1267 5721 deest
1314 5666 1536 5735 μᾶλλον.
1575 5668 1659 5725 vel
1709 5669 1887 5740 potius
1941 5671 2014 5728 le-

2124 5531 2353 5606 gendum
2387 5531 2449 5583 οὐ
2477 5530 2598 5606 τῶν-
2616 5530 2858 5606 φαύλων.
2886 5530 2999 5606 Hoc
3040 5535 3185 5606 enim
3222 5537 3419 5605 probat
3454 5536 3714 5606 deinceps

2119 5602 2360 5679 Isidorus
2413 5616 2532 5679 pag.
2581 5602 2724 5679 lU_l,_
2757 5617 2896 5679 vers.
3026 5604 3147 5679 et}
3185 5602 3238 5676 η’
3270 5606 3327 5661 δὲ
3362 5602 3715 5679 εὑημεριαή

2124 5668 2330 5740 ἀληθὴς
2356 5673 2466 5735 τοῖς
2486 5668 2805 5737 ’σπουδαίοις
2834 5671 3134 5726 ἀκολουθεῖ.
