3974 6144
321 219 459 286 1441

1109 227 1644 290 EPISTOLARUM
1681 228 1830 292 LIB.
1867 229 1938 293 V.
1976 255 2044 266 —
2071 233 2304 297 EPIST.
2341 236 2698 305 CLXXXVI.

3425 253 3564 318 1442

319 354 450 401 τους
488 336 833 408 παραίνεσιν,
857 337 955 408 οὐχ
989 339 1175 403 ἁπλῶς
1201 341 1517 412 είρημένην,
1544 342 1665 394 οὐδέ
1695 341 1893 413 ῥᾳδίως

1995 344 2316 414 simpliciter
2360 350 2650 418 prolatam,
2702 366 2878 421 neque
2913 354 2980 408 ad
3033 356 3382 417 refellendum
3438 367 3566 423 faci-

320 428 717 499 ἐλεγχομένην,
754 428 890 482 ἀλλά
921 432 986 500 τῇ
1021 430 1249 501 ἀληθείᾳ
1293 430 1683 504 ὠχυρωμένην.
1719 433 1890 486 Πλοῦ-

318 535 410 580 τος
463 519 520 571 δὲ
570 519 767 582 κακίας
823 518 1026 590 μᾶλλον
1069 519 1102 592 ἢ
1146 520 1548 590 καλοκαγαθίας
1612 523 1893 594 ὑπηρέτης

317 608 502 661 ἐστίν’
561 609 808 672 ἐξουσίαν
860 609 961 678 μὲν
1011 613 1077 681 τῇ
1137 611 1380 682 ῥαθυμίᾳ
1429 614 1889 681 παρασκευάζων,

317 699 412 751 ἐπὶ
454 699 512 751 δὲ
540 699 642 762 τὰς
683 699 876 770 ἡδονὰς
918 701 1045 766 τοὺς
1095 701 1248 764 νέους
1295 701 1646 770 παρακαλῶν·
1676 721 1694 754 ι
1735 702 1798 754 Εἰ
1833 703 1889 756 δὲ

315 793 430 853 τοῖς
454 790 670 854 πολλοῖς
689 792 1000 846 τούναντίον
1030 793 1198 857 δοκεῖ,
1235 791 1320 846 διὰ
1365 794 1426 846 τὸ
1476 796 1574 863 τὴν
1627 793 1889 846 δοκοῦσαν

317 881 412 932 καὶ
441 880 502 931 οὐ
530 879 629 950 τὴν
667 875 832 934 οὖσαν
885 881 1192 952 εὐπραγίαν
1245 882 1728 952 περιεργάζεσθαι,
1760 883 1888 936 θαυ-

319 969 524 1039 μαστὸν
559 970 732 1022 οὐδέν.
770 971 838 1023 Οἵ
859 987 921 1024 τε
954 972 1062 1042 γὰρ
1090 969 1241 1040 παρά
1265 970 1362 1041 τὴν
1398 970 1558 1036 ἀξίαν
1592 971 1887 1024 πλουτοῦν-

314 1077 429 1123 τες,
485 1059 634 1130 αὐτῷ
686 1061 861 1132 τούτῳ
916 1061 994 1132 τῷ
1061 1062 1193 1132 παρ’
1255 1061 1414 1127 ἀξίαν
1479 1062 1886 1134 γνωριμώτεροι

324 1150 678 1204 καθίστανται
704 1168 718 1182 ο
753 1153 802 1204 oi
834 1151 890 1204 δέ
920 1152 1144 1215 εἰκότως
1171 1153 1589 1223 εὐημεροῦντες.
1629 1154 1776 1224 αὐτῷ
1808 1154 1884 1224 τῷ

317 1242 542 1305 εἰκότως
566 1243 859 1314 εὐημερεῖν
895 1245 956 1296 οὐ
987 1245 1295 1315 παρέχουσι
1323 1263 1429 1298 τινι
1460 1244 1779 1312 θαυμάζειν.
1811 1246 1885 1298 Τὸ

315 1333 426 1403 γάρ
457 1333 777 1403 παράδοξον,
811 1333 978 1386 πλείω
1004 1338 1149 1387 ποιεῖ
1178 1336 1270 1388 τὸν
1312 1337 1450 1406 ὐπέρ
1479 1336 1674 1388 ἐαυτοῦ
1703 1336 1881 1404 λόγον.

316 1421 417 1474 Διά
468 1422 610 1475 τοῦτ’
647 1423 776 1484 ἴσως
824 1422 1077 1485 ἐλάττους
1108 1424 1260 1487 ὄντες
1296 1425 1344 1476 οί
1392 1425 1542 1493 παρά
1586 1424 1685 1494 τὴν
1727 1425 1883 1491 ἀξίαν

315 1517 686 1588 εὐφερόμενοι,
724 1518 824 1587 τὴν
847 1516 940 1570 τοῦ
970 1517 1214 1582 πλείονος
1260 1513 1398 1572 εἶναι
1432 1519 1590 1585 δόξαν
1637 1520 1883 1589 ἀπηνέγ-

315 1626 500 1662 καντο.
555 1609 747 1677 Θῶμεν
799 1608 978 1661 τοίνυν
1046 1609 1173 1679 (χρὴ
1209 1609 1317 1680 γὰρ
1367 1610 1460 1661 καὶ
1501 1608 1609 1662 ἀπὸ
1661 1609 1884 1678 συγκρί-

317 1717 454 1763 σεως
499 1699 561 1753 τὸ
605 1701 723 1753 δέον
777 1698 1090 1770 σκοπῆσαι)
1137 1700 1285 1764 ι’σους
1333 1698 1532 1763 αὐτοὺς
1557 1695 1693 1753 εἷναι
1721 1715 1735 1729 ·
1788 1700 1883 1752 καὶ

316 1790 662 1861 σκεψώμεθα,
688 1792 915 1862 πότερον
940 1792 1162 1860 ἄμεινον
1194 1793 1310 1862 μετ’
1350 1791 1551 1862 ἀρετῆς
1577 1792 1605 1843 ό
1629 1790 1879 1856 πλοῦτος,

315 1881 350 1953 ἥ
378 1883 500 1936 καθ’
530 1883 739 1935 ἑαυτόν.
797 1882 906 1936 Καὶ
952 1883 1057 1952 μὴν
1097 1884 1125 1934 ό
1158 1881 1256 1952 μὲν
1287 1881 1386 1951 τῆς
1424 1881 1725 1952 εὐημερίας
1757 1882 1882 1935 ἐπι-

316 1973 624 2044 λειπούσης,
685 1972 763 2042 τῷ
797 1973 1035 2043 κτήματι
1071 1972 1170 2042 τῆς
1211 1971 1415 2043 ἀρετῆς
1460 1971 1572 2042 ἔχει
1613 1972 1839 2042 θαρρεῖν
1863 1988 1877 2003 ·

315 2064 405 2116 τὸν
459 2064 516 2117 δὲ
576 2063 865 2133 οἰχομένης
913 2063 1012 2132 τῆς
1064 2063 1366 2134 εὐπραγίας
1422 2062 1616 2132 ἄτιμον
1663 2062 1877 2133 ἀνάγκη

317 2154 549 2209 κεῖσθαι.
586 2152 944 2222 ’Υποθὼμεθα
968 2152 1026 2205 δὲ
1054 2153 1235 2206 πᾶσαν
1269 2152 1538 2223 ῥᾳθυμίας
1559 2152 1678 2204 ὁδὸν
1716 2151 1876 2204 ἐκκό-

316 2259 557 2306 πτοντες,
594 2243 686 2296 καὶ
715 2241 1046 2313 κεχωρίσθαι
1080 2241 1254 2296 ταῦτα
1289 2244 1356 2312 τῇ
1390 2241 1569 2310 φύσει,
1623 2243 1716 2294 καὶ
1761 2243 1878 2306 τοῖς

318 2336 417 2406 μὲν
445 2335 540 2406 τὴν
563 2335 782 2405 ἀρετὴν,
816 2336 929 2396 τοῖς
962 2335 1020 2388 δὲ
1060 2333 1152 2387 τὸν
1186 2333 1413 2387 πλοῦτον
1459 2333 1879 2403 μεμερισμένως

315 2426 707 2496 περιγίνεσθαι,
757 2426 850 2478 καὶ
901 2425 974 2496 μὴ
1002 2425 1364 2495 μεταπίπτειν
1407 2424 1506 2494 τὴν
1553 2423 1874 2494 εὐημερίαν,

313 2518 502 2586 ὥσπερ
534 2516 633 2585 τὴν
667 2515 922 2585 Κροίσου.
957 2514 1053 2577 Τίς
1080 2510 1172 2567 οὖν
1213 2517 1312 2567 οὐκ
1355 2515 1421 2568 ἂν
1455 2513 1628 2566 εἵλετο
1675 2513 1875 2583 μᾶλλον

314 2608 491 2660 Σόλων
522 2603 660 2658 εἶναι
691 2606 723 2676 ἢ
759 2609 1024 2676 Κροῖσος;
1058 2605 1154 2669 Τίς
1184 2606 1241 2659 δὲ
1271 2606 1391 2676 οὐχὶ
1422 2605 1665 2668 Πλάτων,
1695 2605 1728 2675 ἢ
1759 2607 1876 2657 Διο-

314 2699 536 2762 νύσιοςς
585 2697 670 2760 τίς
717 2697 859 2750 δὲού
898 2697 1192 2767 Σωκράτης
1220 2696 1440 2764 μᾶλλον,
1472 2697 1506 2766 ἢ
1551 2697 1876 2766 Ἀρχέλαος;

316 2790 410 2843 καὶ
447 2789 498 2843 τί
521 2789 602 2842 δεῖ
628 2788 851 2854 πολλοὺς
880 2787 1201 2858 φιλοσόφους
1231 2787 1573 2856 καταλέγειν,
1623 2788 1718 2842 καὶ
1750 2803 1880 2857 συγ-

317 2882 520 2952 κρίνειν
546 2882 845 2953 τυράννοις,
878 2873 954 2936 ὧν
986 2882 1082 2935 καὶ
1126 2881 1160 2950 ἡ
1218 2881 1404 2952 μνήμη
1436 2880 1501 2933 ἂν
1543 2878 1797 2950 ἐσϐέσθη,
1828 2879 1878 2931 εί

319 2973 396 3044 μὴ
431 2974 518 3026 διά
537 2973 635 3044 τὴν
667 2975 890 3026 ἐκείνων
937 2973 1140 3044 ἀρετήν
1174 2989 1232 3024 τε
1265 2971 1360 3024 καὶ
1394 2971 1623 3040 σοφίαν;
1675 2971 1754 3023 διδ
1782 2969 1878 3023 καὶ
1907 2998 1952 3059 C

314 3064 535 3127 τούτους
561 3065 779 3135 παρεὶς,
807 3063 902 3116 ἐπὶ
935 3065 1026 3115 τὸν
1053 3061 1510 3133 συμϐουλευτικὸν
1549 3061 1750 3132 τρόπον
1787 3062 1880 3114 τὸν

315 3154 471 3223 λόγον
502 3153 790 3224 τρέψαιμι.
816 3154 876 3205 Εί
901 3153 1082 3205 τοίνυν
1111 3151 1284 3222 ἀρετὴ
1326 3151 1425 3221 μὲν
1451 3150 1714 3223 κρείττων
1742 3169 1880 3222 χρηο

320 3247 582 3317 μάτων.ή
628 3246 684 3298 δὲ
738 3244 1009 3314 εὐημερία
1055 3243 1089 3313 ἡ
1130 3242 1336 3311 ἀληθὴς
1380 3244 1494 3306 τοῖς
1562 3243 1876 3305 σπουδαίοις

317 3336 615 3398 ἀκολουθεῖ,
663 3336 756 3388 καὶ
784 3337 816 3405 ή
857 3333 1087 3387 δοκοῦσα
1119 3334 1178 3386 δὲ
1222 3333 1406 3394 αὐτοῖς
1432 3332 1625 3386 ἕπεται
1650 3349 1663 3363 ο
1704 3334 1753 3385 εί
1785 3335 1881 3386 καὶ

315 3426 404 3480 διὰ.
428 3426 486 3477 τὸ
507 3426 730 3487 εἰκότως
767 3423 1075 3492 εὐδοκιμεῖν
1111 3423 1172 3474 οὐ
1220 3421 1516 3491 παρέχουσι
1557 3421 1877 3490 θαυμάζειν,

316 3518 424 3570 τῶν
455 3517 668 3585 φαύλων
700 3514 789 3568 διὰ
816 3515 876 3568 τὸ
903 3515 1032 3583 παρ’
1068 3513 1225 3578 ἀξίαν
1249 3513 1498 3565 πλουτεῖν
1531 3513 1881 3584 γνωριμωτέ-

319 3626 426 3679 ρων
467 3608 857 3669 καθεστώτων,
909 3606 1004 3658 καὶ
1052 3605 1312 3657 πλειόνων
1355 3603 1674 3657 δοκούντων.
1727 3605 1788 3657 El
1822 3604 1879 3656 δέ

315 3699 410 3750 καὶ
438 3699 543 3749 ῐσοι
576 3693 684 3748 εἶεν
705 3695 782 3764 τῷ
831 3694 1069 3764 ἀριθμῷ,
1118 3694 1373 3764 ἀμείνους
1418 3693 1467 3746 οί
1519 3692 1635 3762 μετ’
1679 3694 1880 3763 ἀρετῆς

316 3787 734 3856 εὐημεροῦντες.
761 3788 822 3839 El
850 3787 906 3838 δὲ
937 3787 1030 3838 καὶ
1066 3785 1368 3856 κεχώριστο
1394 3784 1568 3839 ταῦτα
1599 3787 1664 3856 τῇ
1697 3785 1878 3853 φύσει,

315 3880 417 3947 τὴν
476 3876 673 3946 ἀρετὴν
723 3875 829 3946 πρὸ
877 3877 975 3946 τῆς
1022 3877 1319 3948 εὐημερίας
1367 3876 1647 3946 αἱρετέον·
1683 3876 1735 3928 τί
1783 3895 1882 3929 κα-

315 3967 777 4037 ταρῤᾳθυμοῦμεν
821 3966 911 4019 τὸν
963 3967 1063 4036 τῆς
1107 3969 1309 4039 ἀρετῆς
1369 3967 1708 4037 προδιδόντες
1762 3968 1882 4021 στέ-

319 4077 516 4129 φανον;
547 4059 760 4111 Τούτων
798 4058 894 4128 μὲν
928 4053 1022 4112 οὗν
1048 4061 1138 4111 καὶ
1163 4059 1336 4112 ἄλλων
1367 4059 1577 4111 πολλῶν
1602 4059 1804 4125 ἕνεκεν,
1837 4053 1881 4112 ὦ

318 4153 509 4212 παῖδες
543 4152 607 4204 ἐκ
628 4151 752 4214 νέας
782 4151 998 4220 ἡλικίας
1032 4152 1137 4221 χρὴ
1169 4151 1267 4220 τὴν
1294 4151 1497 4221 ἀρετὴν
1527 4152 1713 4204 ἀσκεῖν
1732 4168 1746 4182 ο
1781 4153 1880 4221 οὐχ

316 4243 519 4312 ἥκιστα
543 4240 621 4304 δὲ,
665 4239 800 4293 ἀλλά
845 4240 941 4292 καὶ
981 4240 1216 4309 μάλιστα
1258 4239 1352 4292 τοῦ
1405 4240 1812 4310 ῥηθησομένου·
1853 4242 1881 4293 ὁ

1994 433 2122 498 lem,
2170 435 2264 488 sed
2306 436 2534 491 veritate
2580 437 2842 492 munitam
2873 457 2888 495 :
2923 458 2942 493 ‹
2972 440 3202 513 Divitiae,
3238 447 3434 518 inquit,
3477 453 3564 508 vi-

1995 520 2192 575 tiorum
2224 525 2407 593 potius
2429 540 2591 594 quam
2628 528 2845 583 virtutis
2880 530 3288 605 honestatisque
3318 549 3442 594 sunt
3468 544 3564 598 ad-

1993 615 2276 672 ntinistrae.
2323 619 2405 672 Ad
2447 622 2752 675 socordiam
2798 624 2941 678 enim
2988 627 3129 682 viam
3161 638 3432 697 sternunt,
3470 634 3561 702 ju-

1992 721 2265 777 venesque
2296 710 2360 762 ad
2391 709 2718 780 voluptatem
2756 713 3007 770 invitant.
3041 735 3059 768 ι
3098 720 3249 785 Quod
3290 723 3335 776 si
3373 724 3562 792 pleris-

1991 813 2098 866 que
2127 809 2314 854 contra
2351 800 2619 868 videatur,
2653 805 2744 873 qui
2782 806 2852 861 ob
2895 821 2999 862 nou
3030 823 3157 864 vere
3186 813 3558 882 exsistentein,

1989 889 2084 942 sed
2125 901 2472 959 apparentem
2520 895 2930 963 prosperitatem
2972 896 3286 968 elaborent,
3338 905 3559 961 minime

1992 977 2317 1034 mirandum.
2367 979 2471 1046 Qui
2519 996 2649 1036 vero
2703 982 2974 1039 immerito
3030 984 3228 1053 dilati,
3281 988 3382 1042 hoc
3442 990 3561 1059 ipso

1991 1068 2133 1136 quod
2159 1070 2267 1124 sint
2293 1069 2487 1126 divites
2512 1081 2711 1142 praater
2743 1075 2998 1129 meritum
3023 1076 3364 1132 admirationi
3398 1091 3556 1144 sunt;

1988 1164 2042 1210 at
2071 1159 2160 1226 qui
2182 1155 2327 1224 juste
2353 1159 2623 1213 secundos
2649 1160 2852 1215 habent
2871 1176 3176 1230 successus,
3202 1167 3343 1234 quod
3367 1170 3558 1221 merito

1986 1247 2222 1303 feliciter
2248 1259 2431 1319 agant,
2468 1266 2624 1307 nemo
2651 1252 2950 1308 admiratur
2979 1273 2992 1308 :
3020 1257 3161 1324 quod
3203 1259 3344 1312 enim
3381 1259 3559 1328 inopi-

1986 1349 2172 1394 natum
2205 1350 2307 1407 est,
2339 1343 2405 1396 de
2435 1357 2500 1398 eo
2540 1343 2768 1413 amplius
2799 1344 2910 1400 fere
2937 1346 3230 1416 loquimur.
3267 1348 3554 1419 Prnpterea

1985 1430 2216 1486 lortasse
2255 1443 2445 1502 putant
2489 1433 2578 1488 isti
2627 1435 2897 1500 homines,
2935 1438 3028 1506 qui
3073 1449 3272 1505 pratter
3304 1441 3554 1496 meritum

1984 1532 2241 1588 prospera
2283 1519 2616 1574 extolluntur
2645 1520 2884 1587 fortuna,
2916 1524 3059 1592 quod
3097 1524 3352 1592 majorem
3391 1543 3553 1595 quant

1987 1609 2138 1679 probi
2185 1609 2284 1662 viri
2330 1609 2556 1679 gloriam
2604 1611 2860 1680 consequi
2902 1612 3170 1668 videntur.
3205 1614 3405 1671 Demus
3450 1621 3554 1671 ila-

1916 1679 1958 1734 Β
1988 1713 2094 1768 que
2125 1698 2295 1769 (paria
2326 1697 2471 1752 enim
2502 1679 2866 1769 comparando
2903 1712 3029 1756 sunt
3056 1705 3367 1774 spectanda)
3396 1721 3556 1774 pares

1988 1788 2218 1844 invicem
2273 1805 2414 1857 esse,
2462 1799 2517 1844 et
2564 1799 2744 1844 utrum
2798 1799 3074 1860 praestent,
3125 1796 3554 1860 consideremus,

1986 1895 2110 1934 cum
2146 1880 2344 1934 virtute
2368 1881 2589 1947 divitiae,
2615 1896 2681 1934 an
2709 1895 2804 1950 per
2826 1897 2908 1936 se.
2930 1882 3023 1938 llle
3050 1883 3314 1952 siquidem
3338 1885 3554 1942 fortuna

1982 1980 2038 2025 et
2066 1971 2408 2040 possessione
2438 1971 2724 2027 deficiente
2754 1973 2934 2040 habet,
2968 1974 3056 2029 cui
3087 1975 3236 2040 fidat,
3261 1977 3553 2044 virtutem;

1982 2061 2072 2117 hic
2085 2077 2217 2118 vero
2242 2063 2522 2119 deﬁciente
2543 2078 2798 2134 prospero
2819 2079 3072 2121 successu
3097 2066 3356 2136 inglorius
3382 2067 3554 2131 vivat.

1982 2168 2202 2209 necesse
2237 2162 2340 2209 est.
2373 2153 2646 2209 Ponamus
2673 2155 2892 2224 itaque;
2928 2155 3188 2224 praeclusa
3217 2157 3555 2227 negligentia:

1981 2244 2088 2310 via,
2119 2245 2196 2300 rei
2223 2255 2413 2299 natura
2435 2246 2700 2307 accidere,
2727 2255 2784 2299 ut
2816 2245 2938 2300 aliis
2967 2246 3182 2315 quidem
3214 2247 3406 2311 virtus,
3432 2248 3554 2303 aliis

1980 2350 2110 2390 vero
2140 2336 2338 2390 divitiae
2377 2345 2524 2391 sorte
2562 2337 2863 2405 obtingant,
2909 2351 3009 2392 nec
3042 2338 3295 2392 recedere
3332 2333 3554 2408 prospe-

1981 2441 2093 2480 ram
2119 2425 2388 2480 fortunam
2421 2445 2435 2481 :
2468 2438 2526 2480 ut
2554 2426 2744 2482 Crmso
2772 2427 2988 2481 accidit.
3021 2426 3218 2495 Ecquis
3258 2428 3420 2494 igitur
3443 2445 3550 2483 non

1980 2514 2134 2568 malit
2169 2514 2332 2569 Solon
2363 2516 2542 2584 potius
2575 2531 2698 2570 esse
2725 2532 2884 2585 quam
2917 2515 3173 2572 (ΣΙ-ωευεῖ
3200 2517 3352 2572 Plato
3373 2520 3554 2588 potius

1980 2619 2141 2674 quam
2177 2605 2500 2674 Dionysius?
2529 2615 2583 2659 et
2611 2606 2865 2661 Socrates
2899 2623 3061 2676 quam
3099 2608 3437 2664 Archelaus?
3457 2613 3554 2664 sed

1980 2695 2107 2764 quid
2139 2695 2319 2764 plures
2367 2711 2794 2750 commemorare
2835 2697 3182 2765 philosophos
3227 2699 3458 2753 attinet?
3489 2715 3554 2755 ac

1981 2801 2135 2856 reges
2167 2801 2492 2856 componere
2525 2787 2653 2855 quid
2681 2787 2947 2842 necesse?
2985 2787 3224 2853 Quorum
3255 2787 3400 2843 fama
3441 2792 3555 2859 qui-

1981 2880 2100 2932 dem
2143 2879 2414 2933 exstincta
2456 2887 2562 2944 est,
2600 2893 2704 2930 non
2751 2892 2961 2942 eorum,
2993 2877 3080 2946 qui
3117 2878 3318 2933 virtute
3363 2889 3419 2934 et
3463 2897 3554 2935 sa-

1983 2969 2183 3038 pientia
2216 2968 2547 3022 claruerunt.
2585 2968 2946 3033 Quamobrem
2981 2969 3102 3024 istis
3146 2970 3326 3026 valere
3362 2973 3552 3041 jussis,

1982 3074 2287 3114 sermonem
2337 3060 2403 3112 ad
2457 3060 2740 3112 consilium
2792 3060 3136 3115 transferam.
3181 3062 3314 3116 Cum
3367 3065 3556 3133 itaque

1982 3150 2155 3204 virtus
2190 3150 2395 3204 divitiis
2421 3151 2493 3204 sit
2521 3151 2716 3219 potior,
2750 3165 2877 3206 vera
2906 3151 3138 3208 felicitas
3172 3155 3319 3210 viros
3353 3157 3554 3226 probos

1982 3241 2243 3308 sequitur,
2272 3254 2535 3309 apparens
2551 3251 2726 3295 autem
2754 3242 3027 3310 improbos
3047 3244 3338 3300 comitatur
3369 3266 3382 3302 :
3413 3257 3552 3303 tam-

1981 3326 2082 3379 etsi
2146 3325 2275 3380 illud
2321 3329 2461 3395 quod
2514 3329 2709 3382 merito
2764 3330 2918 3399 probi
2965 3331 3268 3388 habeantur
3305 3337 3550 3392 admira-

1982 3420 2181 3475 tionem
2225 3433 2329 3472 non
2378 3420 2572 3489 pariat,
2617 3435 2736 3475 cum
2785 3423 3036 3493 improbi,
3090 3426 3235 3494 quod
3281 3427 3550 3485 immerito

1981 3509 2237 3575 ditentur,
2265 3510 2430 3582 6M.
2451 3512 2688 3568 notiores
2723 3512 2855 3568 ﬁant
2886 3514 3162 3585 plurisque
3191 3519 3550 3577 aestimentur.

1980 3600 2133 3666 Quod
2159 3601 2202 3654 si
2234 3617 2390 3668 pares
2420 3617 2642 3658 numero
2667 3603 2889 3668 fuerint,
2921 3606 3174 3662 meliores
3205 3609 3390 3678 utique
3416 3612 3545 3676 sint,

1980 3691 2070 3758 qui
2101 3707 2221 3744 cum
2261 3692 2460 3746 virtute
2487 3694 2752 3748 secundos
2789 3696 3093 3751 sortiantur
3119 3708 3366 3752 eventus.
3393 3701 3545 3766 Quod

1981 3782 2025 3835 si
2076 3792 2268 3834 natura
2318 3783 2432 3836 haec
2490 3795 2841 3850 concurrant,
2897 3788 3070 3842 virtus
3125 3803 3256 3843 sane
3303 3789 3544 3846 felicitati

1980 3887 2140 3941 opum
2183 3876 2575 3941 anteponenda.
2603 3875 2741 3941 Quid
2786 3877 2968 3944 itaque
3009 3880 3222 3934 virtutis
3257 3883 3549 3948 prodentes

1981 3979 2237 4018 coronam
2270 3980 2366 4034 per
2393 3965 2654 4019 incuriam
2697 3967 3034 4023 amittimus?
3072 3968 3270 4024 Horum
3300 3972 3459 4040 igitur
3490 3984 3545 4027 et

1981 4053 2206 4108 aliarum
2252 4069 2428 4109 rerum
2455 4054 2687 4124 plurium
2729 4071 2912 4120 causa,
2943 4072 2976 4111 o
3003 4057 3251 4125 juvenes,
3282 4075 3310 4113 a
3342 4063 3542 4115 teneris

1979 4144 2151 4198 virtus
2182 4152 2263 4199 est
2301 4146 2622 4210 exercenda,
2660 4161 2764 4199 non
2820 4147 3019 4213 minus,
3056 4149 3162 4203 imo
3204 4165 3333 4205 vero
3377 4154 3545 4220 magis

1980 4237 2048 4290 ob
2070 4251 2155 4301 ea,
2184 4251 2302 4304 quae
2329 4251 2450 4290 mox
2483 4237 2897 4292 declarabimus.
2925 4239 3026 4306 Qui
3056 4241 3199 4295 enim
3231 4257 3392 4296 senex
3429 4243 3543 4312 jam

321 4334 422 4402 μὲν
455 4332 563 4400 γάρ
609 4332 666 4383 ἐν
698 4332 846 4401 γήρᾳ
901 4329 1102 4400 ταύτην
1155 4331 1561 4400 ἀσπασάμενος,
1603 4331 1721 4385 ὅλον
1748 4332 1880 4385 ἀνα-

1985 4327 2236 4381 virtutem
2274 4325 2666 4396 complectitur,
2717 4342 2875 4382 omne
2910 4330 3171 4398 reliquum
3210 4337 3547 4403 consumpsit

317 4423 494 4477 λίσκει
518 4423 609 4475 τὸν
644 4422 921 4473 ἐπίλοιπον
953 4421 1160 4491 χρόνον,
1187 4421 1274 4474 ἵνα
1299 4421 1499 4493 δυνηθῇ
1537 4423 1605 4475 τά
1631 4422 1881 4492 ἁμαρτη-

316 4515 479 4568 θέντα
535 4512 683 4583 αὐτῷ
724 4511 863 4566 κατὰ
911 4514 1009 4583 τὴν
1057 4511 1282 4582 πρώτην
1336 4514 1434 4566 καὶ
1483 4512 1741 4582 δευτέραν
1789 4514 1882 4566 καὶ

316 4603 507 4674 τρίτην
561 4602 784 4674 ἡλικίαν
828 4601 1253 4672 ἀποτρίψασθαι,
1312 4603 1406 4655 καὶ
1461 4604 1610 4654 πᾶσα
1663 4603 1810 4672 αὐτῷ
1847 4605 1880 4673 ἡ

318 4693 521 4761 σπουδὴ
551 4694 630 4755 εἰς
664 4691 823 4744 τοῦτο
858 4691 1186 4745 δαπανᾶται.
1225 4691 1334 4743 Καὶ
1374 4692 1484 4744 οὐδ’
1517 4690 1657 4745 οὕτω
1686 4691 1881 4744 πολλά-

318 4799 406 4844 κις
453 4785 640 4852 ἀρκεῖ·
699 4783 815 4848 εῑγε
869 4781 1229 4849 ἀσύγγνωστα
1261 4783 1367 4851 εἴη.
1419 4783 1513 4835 καὶ
1556 4782 1765 4852 μεγάλα
1813 4782 1882 4835 τά

318 4871 677 4939 ἐπταισμένα,
723 4871 837 4925 ἀλλ’
890 4871 1249 4925 ἀπελεύσεται
1295 4871 1430 4942 πρὸς
1467 4874 1557 4926 τὸν
1591 4873 1881 4926 ἀδέκαστον

319 4961 532 5030 κριτὴν,
556 4960 781 5028 λείψανα
811 4961 919 5013 τῶν
942 4962 1270 5032 τραυμάτων
1299 4963 1707 5033 ἐπιφερόμενος.
1743 4963 1800 5015 Ὀ
1826 4963 1882 5015 δὲ

317 5051 384 5102 ἐκ
416 5051 541 5112 νέας
585 5049 802 5118 ἡλικίας
842 5051 942 5122 τὴν
982 5051 1183 5122 ἀρετὴν
1227 5055 1694 5124 περιπτυξάμενος
1719 5096 1735 5121 ,
1778 5056 1880 5109 οὐκ

314 5146 395 5207 εἰς
411 5143 570 5196 τοῦτο
585 5144 862 5197 ἀναλίσκει
879 5145 970 5197 τὸν
996 5147 1210 5216 χρόνον,
1229 5147 1350 5198 οὐδὲ
1368 5147 1601 5216 κάθηται
1625 5149 1810 5220 ὥσπερ
1823 5150 1880 5202 ἐν

316 5235 558 5306 ίατρείῳ,
577 5235 800 5288 δυσίατα
825 5235 956 5308 ἓλκη
982 5236 1322 5308 θεραπεύων,
1335 5237 1431 5291 καὶ
1452 5239 1602 5310 παρὰ
1618 5240 1725 5292 τῶν
1743 5257 1882 5310 παρ-

312 5325 605 5380 οδευόντων
619 5324 799 5388 ἄθλιος
817 5321 954 5379 εἶναι
975 5328 1348 5398 νομιζόμενος·
1371 5329 1483 5383 ἀλλ’
1501 5332 1566 5382 ἐκ
1581 5332 1879 5402 προοιμίων

311 5417 542 5486 λαμπρά
566 5416 781 5485 δέχεται
816 5417 884 5469 τά
915 5417 1143 5488 βραδεῖα
1165 5437 1176 5448 ·
1213 5421 1464 5484 κάκεῖνος
1506 5421 1604 5491 μὲν
1639 5425 1876 5494 στέργει,

309 5511 402 5559 καὶ
430 5505 715 5574 ἀγαπητὸν
745 5507 982 5575 ἡγεῖται,
1015 5507 1081 5576 ἢν
1114 5506 1213 5570 τὰς
1237 5509 1405 5578 ἥττας
1427 5509 1878 5578 ἀναμαχέσασθαι

311 5597 492 5660 πάσας
515 5593 740 5665 δυνηθῇ.
773 5589 939 5661 Οὗτος
961 5597 1018 5651 δὲ
1047 5598 1112 5651 ἐκ
1137 5596 1384 5667 βαλϐίδος
1409 5598 1576 5667 αὐτῆς,
1595 5602 1876 5668 τροπαίοις

1982 4417 2222 4486 elapsum
2269 4425 2510 4485 tempus,
2563 4433 2671 4487 quo
2719 4421 2889 4487 possit
2931 4420 2983 4473 in
3045 4423 3214 4490 prima
3243 4461 3258 4486 ,
3308 4425 3543 4478 secunda

1982 4511 2248 4579 tertiaque
2287 4518 2446 4563 aetate
2492 4510 2560 4563 ab
2603 4510 2717 4580 ipso
2764 4511 3050 4566 commissa
3100 4513 3289 4566 delicta
3338 4516 3544 4569 abster-

1981 4602 2152 4670 gendo
2180 4600 2405 4665 diluere,
2459 4610 2621 4669 atque
2668 4616 2826 4656 omne
2875 4604 3108 4656 studium
3156 4605 3206 4656 in
3243 4617 3306 4656 eo
3352 4619 3544 4657 constt-

1980 4693 2178 4747 mendo
2220 4693 2423 4762 posuit,
2455 4708 2517 4747 ac
2553 4708 2618 4746 ne
2651 4693 2701 4747 id
2745 4695 2959 4763 quidem
3012 4709 3382 4762 saepenumero
3412 4697 3544 4750 satis

1981 4795 2083 4841 est.
2115 4785 2262 4850 Quod
2290 4786 2335 4840 si
2369 4787 2551 4856 gravia
2590 4788 2719 4850 siut,
2751 4796 2802 4839 et
2840 4787 3035 4854 quibus
3065 4787 3266 4855 ignosci
3305 4803 3410 4842 nou
3449 4791 3543 4842 de-

1980 4879 2128 4941 beat,
2172 4875 2367 4931 delicta
2392 4915 2406 4939 ,
2440 4877 2665 4931 sistetur
2691 4886 2867 4930 tamen
2895 4877 3204 4945 incorrupto
3227 4877 3419 4946 judici,
3450 4879 3542 4947 qui

1978 4965 2263 5019 vulnerum
2319 4974 2496 5031 gestat
2546 4965 2849 5018 cicatrices.
2909 4964 3008 5030 Qui
3057 4979 3184 5018 vero
3244 4967 3312 5020 ab
3364 4968 3544 5021 adole-

1979 5052 2190 5106 scentia
2223 5051 2474 5104 virtutem
2505 5051 2576 5103 sit
2605 5051 2932 5120 complexus,
2966 5068 3072 5107 non
3103 5053 3173 5107 ita
3207 5058 3382 5124 perdit
3409 5067 3544 5112 tem-

1979 5156 2107 5210 pus,
2167 5154 2341 5208 ueque
2384 5141 2655 5194 decumbit
2710 5141 2875 5195 veluti
2943 5143 2996 5196 in
3049 5145 3244 5200 medici
3291 5147 3539 5212 ollicina,

1981 5241 2173 5285 curatu
2227 5229 2532 5285 difﬁcilibus
2573 5231 2892 5286 medicinam
2941 5234 3205 5290 adhibens
3251 5237 3540 5304 ulceribus,

1981 5333 2036 5377 et
2061 5337 2089 5375 a
2115 5323 2567 5391 praetereuntibus
2600 5323 2764 5378 miser
2786 5325 3136 5382 aestimandus
3165 5345 3178 5380 :
3207 5331 3332 5397 quin
3366 5332 3542 5398 potius

1980 5431 2011 5471 a
2050 5416 2175 5469 vitae
2223 5415 2444 5468 exordio
2505 5412 2733 5466 illustria
2784 5413 2978 5483 accipit
3020 5417 3264 5485 praemia,
3301 5427 3355 5473 et
3399 5431 3543 5474 amat

1980 5509 2197 5579 quidem
2229 5503 2342 5572 ille,
2370 5506 2704 5573 charumque
2745 5503 2915 5570 ducit,
2945 5505 2989 5560 si
3029 5507 3361 5564 calamitates
3392 5526 3545 5565 aver-

1982 5614 2213 5658 runcare
2251 5607 2416 5670 queat
2449 5599 2748 5656 universas.
2789 5596 2883 5656 llic
2928 5613 2959 5655 a
2990 5615 3184 5658 cursus
3235 5602 3390 5659 initio
3431 5614 3546 5659 tro-
