3974 6144
482 253 618 317 1443

1678 255 1739 315 s.
1778 250 2074 313 ISIDORI
2112 224 2551 309 PELUSIOTxE

3570 245 3671 307 liii

482 367 613 433 paris
655 380 717 419 ac
756 366 1042 434 prteconiis
1071 365 1329 430 exsultat,
1367 366 1926 436 victoriasquejungit
1974 365 2057 418 vi-

2180 361 2252 412 ιαὶ
2300 359 2670 429 ἁναρρήσεσιν
2726 355 3058 424 αγάλλεται,
3108 356 3202 410 καὶ
3262 356 3411 421 νίκας
3466 362 3671 415 συνάπτει
3696 394 3701 399 ι
3802 412 3803 415 η

484 456 697 509 ctoriis.
770 454 839 509 Et
884 455 1033 509 velut
1075 470 1107 508 a
1160 455 1301 511 linea
1352 456 1721 526 Olympionica
1779 456 1951 509 victor
2004 456 2070 508 ad

488 546 769 615 prmmium
799 559 920 598 cum
944 544 1106 601 laude
1130 548 1411 602 contendit
1440 565 1453 600 :
1479 548 1551 601 ita
1578 550 1643 601 ad
1670 547 2069 606 munerarium.

488 637 578 705 qui
634 635 971 691 certantibus
1026 640 1244 705 praemia
1298 640 1548 710 largitur,
1597 640 1859 707 sedetque
1903 638 2071 707 judex

488 727 675 780 talium
700 728 1090 794 certaminum,
1117 730 1387 798 perveniet
1416 732 1580 784 variis
1604 731 1874 798 clarisque
1896 738 2060 796 caput

485 818 703 873 corollis
746 820 1049 873 redimitus.
1093 820 1222 874 Esse
1259 834 1391 872 vero
1429 830 1551 889 post
1592 821 1732 874 hanc
1770 823 1893 874 vitze
1928 820 2070 872 viam

486 908 727 962 divinum
768 908 1012 962 tribunal
1061 923 1166 962 non
1230 924 1319 963 res
1361 911 1520 962 modo
1575 920 1755 978 gestas
1805 919 1860 963 et
1910 910 2073 963 verba

486 998 769 1067 cujusque,
805 999 897 1053 sed
934 1008 988 1053 et
1034 1000 1397 1069 cogitationes
1434 1009 1689 1053 accurate
1731 1000 2072 1075 examinans,

488 1089 754 1156 spondent
788 1097 1161 1156 testanturque
1181 1090 1344 1142 etiam
1378 1090 1704 1159 philosophi,
1733 1089 2073 1143 fabularum-

491 1195 597 1249 que
655 1181 974 1249 scriptores,
1006 1190 1199 1249 poetae,
1272 1191 1515 1235 oratores
1571 1190 1734 1249 atque
1791 1180 2061 1246 historici,

490 1268 722 1338 quarum
744 1270 894 1322 'dicta
923 1284 985 1322 ac
1022 1270 1326 1323 testimonia
1360 1271 1483 1323 huic
1514 1269 1751 1336 adjicere
1775 1271 2073 1338 potuissem

495 1360 834 1426 hortationi,
906 1360 1007 1414 nisi
1073 1369 1286 1430 turpem
1347 1360 1636 1415 oblivionis
1693 1371 1874 1415 notam
1924 1360 2078 1415 vobis

493 1450 635 1503 inuri
672 1460 915 1518 putarem
969 1466 1153 1504 earum
1205 1452 1579 1515 scientiarum,
1636 1467 1769 1521 quas
1812 1453 2074 1506 memoria

497 1541 714 1595 tenetis.
754 1541 811 1595 Si
846 1550 1025 1596 autem
1065 1542 1333 1611 judicium
1383 1554 1465 1599 est
1504 1545 1767 1608 futurum,
1803 1554 1862 1598 ut
1896 1561 2077 1599 verum

496 1641 599 1695 est,
627 1632 802 1686 virtus
832 1647 962 1701 ergo
1000 1637 1321 1687 exercenda.
1357 1635 1507 1700 Quod
1548 1636 1594 1689 si
1631 1636 1905 1689 nonnullis
1937 1634 2077 1688 ditii-

2171 452 2347 514 νίκαις
2371 466 2387 481 °
2419 450 2513 502 mi.
2542 448 2791 518 καθάπερ
2822 447 3243 518 Ὀλυμπιονίκης
3264 449 3369 502 ἀπὸ
3385 452 3615 521 γραμμῆς
3631 453 3677 506 δι’

2171 540 2526 611 ἀναῤῥήσεων
2556 538 2649 592 ἐπὶ
2682 538 2743 591 τὸ
2772 538 2942 609 γέρας
2970 538 3187 604 ὁδεύων,
3237 540 3407 603 οὕτως
3433 542 3681 595 ἀπελεύσε-

2170 648 2260 683 ται
2294 630 2431 700 πρδς
2476 630 2566 683 τὸν
2590 629 2933 699 ἀγωνοθέτην
2973 630 3068 684 καὶ
3104 630 3293 701 κριτὴν
3335 632 3442 685 τῶν
3482 633 3685 688 τοιούτων

2173 720 2589 792 παλαισμάτων,
2643 721 2859 785 πολλοῖς
2902 722 2997 774 καὶ
3035 720 3307 792 λαμπροῖς
3355 724 3452 793 τὴν
3493 725 3687 794 κεφαλὴν

2172 816 2581 885 ἀναδησάμενος
2626 815 2932 883 στεφάνοις.
2969 813 3092 867 Ὀτι
3146 813 3255 884 γὰρ
3280 814 3423 867 ἐστιν
3469 816 3593 883 μετά
3617 817 3691 885 τὴν

2174 907 2425 959 ἐντεῦθεν
2472 905 2783 977 ἀποδημίαν
2832 905 2975 958 θεῖον
3031 904 3397 976 δικαστήριον,
3454 907 3508 958 ού
3568 907 3693 976 μόνον

2176 998 2537 1068 πραγμάτων,
2575 997 2693 1049 ούδέ
2739 999 3034 1067 ῥημάτων,
3081 997 3219 1050 ἀλλά
3261 999 3354 1049 καὶ
3400 998 3596 1051 ἐννοιῶν
3632 999 3694 1063 ἐξ·

2175 1090 2482 1154 εταστικδν,
2508 1090 2602 1143 καὶ
2626 1089 2925 1158 φιλόσοφοι,
2947 1089 3041 1143 καὶ
3072 1088 3365 1157 λογοποιοὶ,
3387 1090 3475 1141 καὶ
3492 1092 3693 1159 ῥήτορες,

2176 1182 2269 1234 καλ⁵
2301 1182 2558 1251 ποιηταὶ,
2591 1181 2687 1233 καὶ
2710 1184 3046 1251 συγγραφεῖς
3069 1181 3394 1249 ἐγγυῶνται.
3418 1174 3512 1232 Ἦν
3530 1182 3611 1233 καὶ
3623 1181 3697 1243 τὰς

2180 1270 2370 1338 ῥήσεις
2418 1270 2739 1339 παρεθέμην
2789 1269 2855 1322 ἂν
2906 1269 3034 1338 τῇδε
3064 1272 3129 1340 τῇ
3182 1269 3514 1338 παραινέσει,
3556 1270 3597 1320 εἰ
3642 1271 3697 1337 μὴ

2177 1359 2397 1428 λεληθὸς
2424 1358 2627 1421 ὄνειδος
2682 1359 2839 1428 ᾤμην
2889 1359 3017 1427 ὑμῖν
3060 1358 3504 1428 προστρίϐεσθαι,
3540 1358 3699 1411 ἔναυλα

2179 1448 2362 1518 ἔχουσι
2389 1449 2455 1501 τά
2482 1448 2800 1518 μαθήματα.
2826 1449 2889 1501 Εἰ
2916 1449 2972 1501 δὲ
3004 1450 3188 1519 κρίσις
3220 1450 3393 1514 ἐστὶν,
3441 1450 3607 1517 ῶσπερ
3629 1445 3699 1502 οὖν

2180 1542 2275 1595 καὶ
2306 1540 2443 1605 ἔστι,
2466 1541 2564 1610 τὴν
2588 1540 2792 1611 ἀρετὴν
2814 1534 3081 1609 ἀσκητέον
3102 1556 3115 1569 ·
3141 1541 3188 1591 εί
3218 1541 3276 1593 δὲ
3296 1541 3390 1593 καί
3420 1558 3548 1593 τισιν
3586 1536 3698 1592 εἶναι

2178 1633 2445 1703 δυσχερὴς
2505 1632 2669 1697 δοκεῖ,
2727 1632 2885 1702 ῥᾳδία
2932 1632 3061 1702 ὑμῖν
3105 1631 3280 1696 ἐσται,
3328 1633 3377 1684 εί
3424 1632 3620 1701 φύγοιτε
3651 1633 3702 1683 τὰ

498 1723 600 1779 cile
638 1739 699 1778 ac
738 1724 1025 1779 molestum
1060 1726 1352 1791 videbitur,
1388 1728 1540 1781 vobis
1574 1743 1705 1782 sane
1742 1727 1902 1782 facile
1940 1729 2067 1794 erit,

2180 1724 2380 1793 θέατρα
2415 1722 2657 1787 καὶτοὺς
2680 1722 3071 1793 ἱπποδρόμους,
3105 1724 3205 1793 τὴν
3231 1724 3418 1794 κοινὴν
3450 1722 3542 1793 τῆς
3561 1724 3703 1775 οἰκου-

499 1814 545 1869 si
599 1814 802 1869 theatra
862 1826 1024 1884 atque
1073 1817 1479 1886 bippodromos,
1526 1818 1849 1888 curulesque
1903 1819 2074 1884 ludos,

502 1907 606 1961 hoc
638 1916 742 1973 est,
779 1920 1121 1961 communem
1164 1908 1403 1963 universi
1448 1909 1612 1964 totius
1658 1920 1858 1978 pestem
1903 1909 2077 1979 fugie-

500 1996 816 2049 tis:dicam
875 1997 1144 2064 amplius,
1198 2013 1304 2052 non
1353 1999 1591 2053 universi
1644 2002 1828 2066 modo,
1875 2001 1970 2054 sed
2025 2006 2080 2053 et

499 2087 737 2154 urbium,
761 2088 813 2142 in
846 2088 1040 2158 quibus
1067 2103 1129 2143 ea
1157 2088 1483 2144 exhibentur
1507 2091 1812 2161 spectacula
1840 2109 1853 2145 :
1880 2106 1941 2145 ac
1972 2106 2079 2145 non

501 2190 709 2234 tantum
744 2182 955 2235 urbium
988 2182 1288 2245 interitum,
1325 2183 1419 2238 sed
1452 2185 1631 2252 potius
1679 2185 1745 2238 iis
1776 2184 2077 2237 deditorum

500 2273 567 2325 ad
602 2272 705 2325 hoc
746 2270 942 2325 malum
990 2272 1270 2326 hominum
1306 2274 1498 2343 gignit.
1526 2274 1753 2328 Cunctis
1786 2291 1917 2345 ergo
1948 2274 2079 2327 viri-

501 2358 601 2411 bus
643 2358 707 2411 ad
762 2358 976 2412 virtutis
1031 2366 1114 2411 est
1147 2369 1422 2414 certamen
1472 2363 1929 2415 contendendum.
1977 2360 2078 2427 Qui

501 2449 666 2504 claris
694 2449 798 2503 orti
832 2452 1151 2517 parentibus
1174 2451 1421 2505 dedecori
1448 2466 1516 2505 ne
1542 2452 1651 2505 sint
1684 2451 1835 2520 stirpi
1864 2451 2080 2520 generis

502 2540 607 2592 sui.
643 2538 743 2606 Qui
790 2554 918 2593 vero
960 2540 1147 2594 humili
1188 2549 1314 2594 sunt
1346 2540 1468 2594 loco
1498 2541 1630 2604 nati,
1662 2551 1916 2609 parentes
1954 2554 2082 2594 suos

513 2631 806 2685 illustrcnt.
862 2630 1068 2685 Divites
1117 2631 1333 2700 quidem
1392 2632 1650 2684 mundum
1700 2640 2080 2699 ornatumque,

504 2720 696 2789 inopes
723 2734 853 2773 vero
898 2729 1111 2789 portum
1159 2720 1569 2790 perfugiumque
1614 2720 1815 2773 virtute
1865 2734 2084 2788 compa-

505 2816 708 2864 rantes.
759 2807 851 2863 Sic
893 2810 1006 2874 fiet,
1056 2820 1112 2862 ut
1148 2820 1400 2878 parentes
1442 2825 1538 2864 vos
1586 2811 1884 2865 honoretis.
1918 2810 2080 2881 615

506 2902 606 2969 Qui
637 2916 765 2957 vero
799 2911 1096 2970 sequentur
1138 2901 1317 2964 liberi,
1360 2912 1644 2971 parentum
1689 2916 1784 2954 vos
1818 2902 1937 2957 loco
1972 2904 2081 2957 sint

506 2993 764 3056 habituri,
826 3008 889 3047 ac
947 2993 1189 3046 divinum
1238 2993 1389 3046 vobis
1440 2993 1653 3047 crelitus
1706 2990 1832 3047 Jesu
1882 2992 2082 3047 Christi

505 3084 685 3136 lumen
724 3081 1017 3151 aifulgebit.
1075 3082 1167 3136 Sic
1218 3083 1365 3137 enim
1422 3083 1574 3136 vobis
1624 3096 1737 3135 rem
1771 3080 2084 3151 gerentibus

506 3175 707 3229 claram
737 3175 949 3228 virtutis
971 3174 1215 3241 lamp‘ada
1240 3174 1536 3227 accendent
1568 3173 1619 3226 in
1657 3172 1863 3227 cmlcsti
1895 3186 2080 3241 regno,

507 3276 563 3322 et
593 3280 863 3320 summam
893 3266 946 3318 in
979 3280 1043 3319 eo
1080 3264 1362 3318 beatorum
1404 3262 1740 3331 maiestatem
1784 3278 2086 3331 conseque--

508 3464 859 3522 CLXXXVII.
899 3495 969 3505 —
1013 3464 1317 3519 ᾹΞΟΫΡΤΟ
1356 3462 1829 3519 PRESBYTERO.
1884 3463 2084 3529 (Forte

895 3534 1165 3600 ALYPIO,
1203 3539 1289 3590 cui
1325 3552 1464 3604 saepe
1500 3535 1699 3603 alias.)

2180 1814 2346 1884 μένης
2376 1814 2586 1885 λύμην·
2619 1814 2818 1883 μᾶλλον
2874 1812 2931 1866 δὲ
2976 1814 3038 1866 οὺ
3090 1816 3189 1884 τῆς
3220 1815 3558 1883 οἰκουμένης,
3598 1814 3703 1867 ἀλλὰ

2176 1904 2284 1957 τῶν
2314 1905 2523 1957 πόλεων
2552 1906 2661 1957 τῶν
2694 1904 2930 1975 ἐχουσῶν
2955 1904 3023 1957 τὰ
3041 1904 3267 1959 τοιαῦτα
3307 1906 3575 1976 θεάματα⁶
3601 1905 3705 1975 μᾶλ-

2176 1997 2267 2049 λον
2294 1997 2351 2049 δὲ
2380 1996 2499 2049 οὐδὲ
2527 1996 2639 2048 τῶν
2668 1996 2897 2059 πόλεων,
2929 1994 3065 2048 ἀλλά
3089 1996 3197 2048 τῶν
3240 1996 3584 2066 βουλομένων,
3630 1998 3700 2049 καὶ

2179 2087 2759 2157 ὑποκατακλινομένων
2788 2089 2899 2150 τοῖς
2919 2087 3181 2151 τοιούτοις
3212 2091 3423 2151 κακοῖς.
3454 2089 3606 2141 Παντὶ
3622 2087 3706 2139 τοί-

2178 2196 2271 2231 νυν
2288 2177 2443 2247 θυμῷ
2472 2177 2607 2248 πρὸς
2632 2177 2759 2240 τοὺς
2784 2176 2883 2246 τῆς
2909 2176 3109 2246 ἀρετῆς
3132 2176 3332 2240 ἄθλους
3365 2176 3705 2230 ἀποδυτέονόί

2182 2270 2281 2340 μὲν
2314 2270 2379 2321 ἐκ
2402 2267 2670 2339 λαμπρῶν
2692 2267 2894 2336 γονέων
2918 2267 3223 2338 τεχθέντες,
3264 2267 3346 2339 μὴ
3373 2267 3707 2337 καταισχύνον-

2178 2378 2269 2423 τες
2299 2361 2360 2411 τὸ
2392 2358 2547 2427 γένος
2571 2375 2585 2387 ·
2631 2361 2680 2411 oi.
2711 2358 2767 2411 δὲ
2797 2360 2861 2411 ἐκ
2905 2360 3177 2412 ταπεινῶν
3226 2359 3446 2428 φύντες,
3493 2359 3704 2431 λαμπρύ-

2180 2468 2362 2515 νοντες
2385 2452 2511 2514 τοὺς
2540 2451 2799 2513 τεκόντας
2825 2466 2838 2479 ·
2872 2451 2920 2502 οί
2946 2451 3044 2521 μὲν
3072 2451 3320 2504 πλούσιοι
3358 2452 3567 2521 κόσμον,
3602 2453 3641 2504 oi
3664 2451 3708 2501 δὲ

2182 2545 2415 2613 πένητες
2475 2544 2642 2614 ὅρμον
2691 2542 3195 2608 κατασκευάζοντες
3252 2545 3481 2606 ἑαυτοῖς·
3547 2544 3592 2595 οί
3633 2543 3708 2609 μὲν

2184 2633 2438 2705 ὑμέτεροι
2476 2633 2711 2704 πατέρες
2763 2634 2905 2703 ὑμᾶς
2934 2633 3333 2685 αἰδείσθωσαν·
3379 2635 3426 2686 οί
3463 2633 3514 2686 δὲ
3551 2633 3710 2701 ἑτέρω·

2185 2727 2274 2779 θεν
2294 2726 2519 2795 ἥκοντες
2544 2724 2750 2787 παῖδες,
2776 2724 3019 2795 πατέρας
3042 2726 3184 2795 ὑμᾶς
3202 2725 3561 2794 ἡγείσθωσαν.
3582 2723 3707 2776 Οὕτω

2184 2818 2291 2889 γὰρ
2322 2818 2448 2887 ὑμῖν
2505 2817 2964 2887 πολιτευομένοις,
3014 2816 3106 2870 καὶ
3157 2816 3423 2887 λαμπρὰν
3459 2818 3711 2871 ἀνάπτουσι

2183 2908 2283 2977 τῆς
2315 2908 2514 2978 ἀρετῆς
2537 2907 2633 2978 τὴν
2664 2907 2945 2978 λαμπάδα,
2998 2908 3091 2961 καὶ
3148 2908 3208 2961 τὸ
3240 2909 3388 2961 θεῖον
3420 2908 3537 2977 ὑμῖν
3577 2906 3705 2975 ούρα-

2186 2994 2339 3047 νόθεν
2385 2995 2479 3048 τοῦ
2547 2996 2788 3067 Χριστοῦ
2836 2999 3181 3066 ἐπιφανεῖται
3230 3000 3328 3050 καὶ⁵
3394 2997 3708 3050 ἐπισπάσεται

2189 3085 2325 3154 πρὸς
2355 3086 2515 3138 ἑαυτὸ
2549 3087 2734 3151 σέλας,
2764 3087 3150 3142 ἀποκαλύπτον
3200 3089 3335 3159 ὑμῖν
3366 3089 3457 3142 καὶ
3509 3088 3595 3157 τὴν
3628 3085 3713 3135 τῶν

2187 3176 2432 3247 οὐρανῶν
2484 3178 2781 3248 βασιλείαν,
2842 3180 2938 3233 καὶ
2986 3181 3087 3250 τὴν
3144 3181 3201 3232 ἐν
3245 3181 3393 3251 αὐτῇ
3444 3180 3544 3233 τῶν
3578 3177 3714 3245 ἁγίων

2190 3267 2581 3341 ὑπέρλαμπρον
2604 3268 2780 3335 ἀξίαν.

2399 3475 2568 3528 ΡΠΖ’.
2611 3505 2682 3514 -
2710 3476 3009 3549 ΑΙΓΥΠΤῼ
3049 3476 3517 3548 ΠΡΕΣΒΥΤΕΡῼ.

922 3644 999 3698 De
1030 3657 1219 3698 natura
1251 3647 1443 3699 anima:
1472 3646 1775 3715 qua’situm,
1813 3643 2075 3711 quomodo
2114 3642 2294 3696 divina
2321 3643 2545 3697 essentia
2579 3645 2806 3699 dicatur.
2842 3646 2993 3715 (Mea:
3017 3648 3166 3715 epist.
3200 3647 3350 3718 191.)

582 3753 829 3807 Divinam
862 3754 1109 3822 equidem
1132 3769 1252 3809 esse
1288 3755 1449 3809 credo
1479 3754 1737 3817 animam,
1768 3768 1871 3807 non
1904 3762 2084 3806 tamen

2263 3752 2425 3806 Θείαν
2458 3755 2555 3821 μὲν
2579 3753 2864 3825 ἡγούμεθα
2895 3750 3034 3809 εἶναι
3073 3756 3172 3828 τὴν
3200 3756 3406 3828 ψυχὴν,
3437 3757 3497 3811 ού
3531 3755 3623 3827 μὴν
3646 3753 3719 3818 τῆς

512 3844 816 3900 divinitatis
862 3844 1128 3914 regiaeque
1182 3856 1387 3915 partem
1431 3854 1677 3912 natum;
1725 3843 2084 3899 immortalem

2193 3845 2476 3915 θειοτάτης
2520 3846 2613 3899 καὶ⁸
2660 3844 3094 3918 βασιλικωτάτης
3142 3849 3363 3917 φύσεως
3407 3851 3620 3919 μοῖραν’
3647 3842 3721 3896 καὶ

512 3951 749 4004 quoque,
785 3951 973 3989 verum
1006 3936 1274 4005 principio
1318 3952 1423 3991 non
1472 3947 1745 3991 carentem
1778 3936 2079 4003 ejusdeva

2187 3935 2476 4002 ἀθάνατον,
2505 3937 2618 3990 ἀλλ’
2639 3937 2701 3989 ού
2727 3937 2830 4006 τῆς
2852 3937 3090 4007 ἀνάρχου
3117 3938 3208 3991 καὶ
3232 3939 3525 4009 ποιητικῆς
3546 3936 3724 4006 φύσεως

512 4038 635 4076 cum
681 4023 990 4077 Conditoris
1038 4034 1231 4078 natura
1285 4026 1631 4080 substantia.
1680 4025 1735 4079 Si
1794 4026 1938 4078 enim
1990 4023 2079 4078 Dei

2185 4026 2497 4097 δμοούσιον.
2541 4028 2605 4080 Εί
2634 4030 2742 4098 γὰρ
2775 4028 2991 4099 ἐκείνης
3043 4029 3143 4098 τῆς
3178 4031 3424 4101 ἀρρήτου
3468 4025 3533 4101 ἦν
3568 4026 3722 4098 μέρος,

515 4112 802 4168 iueﬂ‘abilis
843 4115 984 4169 foret
1043 4130 1190 4182 pars,
1238 4130 1512 4181 nunquam
1563 4125 1839 4184 peccasset
1884 4116 2079 4182 anima,

2186 4120 2287 4171 οὐκ
2325 4117 2390 4171 ἂν
2417 4118 2683 4191 ἥμαρτεν,
2729 4120 2850 4172 οὐδὲ
2880 4119 3072 4192 ἐκρίθη
3098 4136 3111 4149 ·
3155 4122 3204 4173 εἰ
3232 4121 3290 4174 δὲ
3312 4121 3488 4175 ταῦτα
3525 4120 3724 4186 πάσχει,

514 4222 577 4259 ac.
622 4221 687 4260 ne
713 4206 961 4275 jutlicata
996 4216 1140 4261 esset
1192 4222 1447 4275 unquam.
1488 4208 1639 4274 Quod
1674 4223 1797 4263 cuiu
1844 4209 1919 4262 illi
1957 4224 2079 4263 con-

2187 4209 2286 4279 τῆς
2317 4208 2578 4261 ἀνωτάτω
2606 4208 2791 4271 οὐσίας
2820 4208 3033 4278 ποίημα
3065 4209 3291 4272 δικαίως
3319 4209 3389 4264 ἂν
3423 4205 3725 4273 πιστευθείη,

516 4298 709 4365 tigerit-
736 4299 1105 4361 condemnari,
1149 4298 1344 4353 divina:
1385 4315 1721 4369 summaeque
1770 4301 2079 4356 substantia“

2194 4301 2255 4352 ού
2298 4300 2494 4369 μέρος·
2549 4300 2636 4353 ἵνα
2678 4302 2751 4371 μὴ
2796 4301 2993 4372 ἑαυτὴν
3025 4304 3058 4371 ή
3088 4301 3224 4370 λθεία
3272 4302 3438 4371 φύσις
3481 4303 3725 4374 κρίνουσιν

514 4403 648 4457 opus
687 4403 791 4440 non
834 4402 959 4455 pars
992 4402 1114 4441 esse
1163 4389 1355 4442 merito
1407 4389 1776 4444 credendum:
1815 4406 1881 4446 ne
1909 4392 2079 4446 divina

2199 4390 2399 4462 μᾶλλον
2430 4391 2487 4444 δὲ
2523 4392 2925 4463 κατακρίνουσα
2955 4392 3260 4463 φωραθείη.

514 4481 600 4535 vis
646 4479 920 4549 iudicasse
975 4479 1206 4546 seipsam
1262 4480 1717 4548 deprehendatur,
1775 4483 1857 4536 vel
1912 4486 2089 4553 potius

516 4572 907 4626 condemnasse
936 4569 1201 4624 videatur.

515 4679 886 4739 CLxxxvnt.
937 4679 1454 4752 :Atgvanueuo
1518 4683 1831 4740 DIACONO.
1895 4684 2088 4752 (Lego

952 4749 1340 4816 EVANGELO,
1370 4768 1427 4807 ut
1456 4756 1603 4809 alibi.
1634 4755 1652 4821 )

528 4845 785 4899 Virtutem
810 4844 865 4896 in
900 4844 1260 4900 mediocritate
1283 4848 1585 4902 consistere.
1632 4846 1810 4903 Virtus
1838 4857 1912 4902 est
1960 4848 2185 4900 medium
2209 4848 2484 4929 .vitiorttm,
2529 4856 2634 4901 etc.
2669 4844 2935 4913 (Hortat.,
2961 4845 3052 4900 lib.
3088 4862 3103 4900 ι
3141 4846 3288 4914 epist.
3329 4847 3412 4909 18,
3446 4862 3513 4900 ea:
3543 4842 3734 4899 Aristot-

2000 4926 2297 4982 sententia.)

588 5021 661 5077 Ut
698 5023 1139 5091 prmstantissimi
1186 5022 1434 5077 statuarii
1480 5023 1546 5076 ad
1590 5024 1847 5078 amussim
1886 5024 2092 5077 exami-

521 5117 653 5165 nant
690 5110 873 5177 operis
908 5113 1330 5180 proportionem,
1366 5113 1418 5165 in
1460 5126 1565 5180 qua
1615 5114 1807 5168 artifex
1852 5130 2091 5183 symme-

525 5201 679 5257 triam
712 5218 815 5257 non
850 5204 1084 5269 excedit,
1123 5204 1194 5259 ita
1226 5213 1281 5258 et
1318 5205 1505 5259 virtuti
1544 5205 1708 5260 dediti
1741 5206 2089 5261 mediocrita-

2461 4686 2639 4740 PIIII'.
2660 4636 2745 4724 I—
2778 4686 3156 4757 ΕΥΑΓΓΕΛΙῼ
3201 4686 3519 4756 ΔΙΑΚΟΝῼ.

2269 5022 2483 5093 Ὂσπερ
2509 5023 2558 5075 οἱ
2596 5023 2808 5093 ἄριστοι
2835 5022 2943 5075 τῶν
2978 5022 3433 5093 ἀγαλματοποιῶν
3478 5021 3737 5092 σταθμῶν-

2198 5132 2287 5166 ται
2316 5113 2412 5182 τὴν
2458 5115 2822 5185 συμμετρίαν,
2871 5116 2955 5182 ἐφ’
2983 5108 3049 5184 ἧς
3081 5116 3113 5184 η
3143 5114 3472 5184 δημιουργία
3500 5116 3596 5181 τὴν
3627 5127 3740 5178 συμ-

2200 5207 2426 5277 μετρίαν
2472 5207 2581 5276 (54)
2636 5207 2937 5261 διαϐαίνει·
2996 5206 3137 5259 οὕτω
3175 5208 3266 5260 καὶ
3328 5210 3371 5261 oi
3411 5210 3511 5277 τῆς
3560 5202 3741 5275 ἀρετῆς

1616 5376 1846 5431 ΥΑΒΙᾸΞ
1886 5376 2273 5434 LECTIONES
2311 5378 2397 5433 ET
2438 5378 2672 5434 NOTAE.

595 5528 704 5594 (54)
733 5529 836 5602 illa
874 5532 1038 5602 verba
1078 5531 1175 5599 τὴν
1208 5532 1543 5602 συμμετρίαν
1591 5533 1789 5586 absunt
1836 5534 1902 5585 ab
1940 5543 2091 5587 utro-

1006 5545 1044 5607 aA
1078 5531 1182 5607 the
1208 5532 1543 5607 συμμετρίαν
1591 5533 1902 5607 al_)sttnt__ab
1940 5543 2079 5607 utro-

2198 5534 2375 5590 hiatus
2399 5535 2727 5606 δημιουργία
2768 5539 3113 5593 continuatur
3144 5554 3263 5593 eum
3309 5536 3592 5591 διαϐαίνει.
3620 5530 3740 5587 Pos-

524 5610 630 5665 que
648 5601 763 5651 cod.
802 5600 913 5653 Vat.
948 5600 1051 5653 650
1082 5613 1136 5655 et
1158 5600 1346 5655 Alt.'in
1370 5604 1563 5671 quibus
1603 5604 1719 5658 sine
1750 5603 1855 5658 ullo
1888 5604 2086 5659 indicio

2194 5620 2295 5658 SIN.

3802 464 3815 873 ί

3818 1034 3829 1371 i
