3974 6144
283 248 418 316 1445

1183 256 1713 318 EPISTOLARUM
1751 257 1897 319 LIB.
1936 260 2003 320 V.
2040 284 2106 294 —
2144 259 2379 319 EPIST.
2433 259 2628 320 CXCI.

3382 256 3521 320 1446

277 361 600 431 δημιουργοὶ
652 361 750 433 τὴν
804 361 1149 432 συμμετρίαν
1198 361 1471 416 ἐκϐαίνειν
1505 362 1603 414 οὐκ
1638 362 1703 415 ἂν
1741 358 1851 416 εἷεν

1963 373 2063 437 tem
2119 364 2386 418 excedere
2450 364 2603 419 nefas
2668 363 2892 419 ducunt.
2950 363 3322 420 Circumstant
3377 374 3521 423 enim

277 455 476 505 δίκαιοι
500 469 512 480 ·
540 454 1001 523 παρυφεστήκασι
1026 454 1135 524 γὰρ
1160 453 1502 524 ἑκατέρωθεν
1527 453 1716 507 κακίαι
1737 456 1856 516 ταῖς

278 543 522 611 ἀρεταῖς,
547 544 822 613 ἀπατῆσαι
846 545 936 598 τὸν
960 545 1249 618 φιλάρετον
1273 546 1682 618 μηχανώμεναι.
1708 542 1853 613 Οἴον,

280 634 312 700 η
344 634 604 687 εὐσέϐειά
633 636 780 688 ἐστιν
834 638 867 707 ἠ
903 636 1146 708 κεφαλὴ,
1192 638 1287 693 καὶ
1316 639 1345 690 ὁ
1377 639 1667 716 θεμέλιοςο,
1701 644 1794 693 καὶ
1821 640 1855 709 ἡ

279 725 485 794 κρηπὶς
534 727 643 779 τῶν
690 728 910 781 καλῶν
961 731 1097 784 ἀλλά
1145 731 1321 804 ταύτῃ
1366 732 1704 799 ἑκατέρωθεν
1756 732 1854 801 ἐφ-

281 815 492 885 εδρεύει
520 817 747 872 ἀσέϐεια
777 836 836 872 τε
870 822 963 874 καὶ
987 821 1394 893 δεισιδαιμονία·
1428 824 1461 893 ἡ
1491 823 1589 893 μὲν
1615 824 1736 876 κατ’
1768 823 1855 876 ἕλ-

278 906 472 975 λειψιν,
497 909 529 978 ἡ
547 907 605 961 δὲ
628 909 749 962 καθ’
768 910 1071 983 ὑπερϐολὴν
1089 912 1169 965 τὸ*
1190 912 1247 966 δὲ
1269 912 1665 984 ἀφαιρουμένη·
1686 913 1778 965 καὶ
1791 916 1854 984 τῇ

281 998 505 1068 ἀνδρείᾳ
552 999 836 1072 θρασύτης
886 1002 983 1055 καὶ
1026 1002 1198 1056 δειλία
1246 1004 1747 1075 παρυφεστήκασι,
1797 1003 1858 1056 τὸ

282 1087 413 1140 αὐτὸ
433 1088 634 1158 δρᾶσαι
669 1089 991 1161 βουλόμεναι
1017 1105 1032 1120 ⁸
1069 1092 1146 1145 διὸ
1177 1092 1283 1164 χρὴ
1306 1093 1397 1146 τὸν
1430 1092 1716 1163 εὐδόκιμον
1757 1090 1854 1156 τὰς

286 1179 486 1243 κακίας
518 1181 897 1249 ἀτιμάσαντα,
932 1184 1029 1245 τὰς
1072 1183 1276 1254 ἀρετὰς
1311 1183 1614 1253 αἱρεῖσθαι,
1649 1183 1742 1236 καὶ
1781 1182 1855 1253 μὴ

280 1270 348 1338 τῇ
373 1271 644 1341 φαντασίᾳ
666 1270 772 1326 τῶν
792 1272 999 1326 ἀρετῶν
1018 1275 1100 1338 είς
1120 1274 1217 1338 τὰς
1240 1275 1633 1347 ἐφεδρευούσας
1658 1275 1855 1338 κακίας

281 1359 586 1415 ἐκπίπτειν.

752 1520 755 1521 ,
789 1473 961 1529 Ρηθι.
993 1503 1062 1513 -
1094 1474 1320 1546 ΗΣΑΙᾼ.

1960 452 2221 519 utrinque
2259 454 2515 507 virtutem
2544 453 2669 507 vitia
2690 494 2706 520 ,
2732 469 2851 523 qua:
2892 454 3077 508 fallere
3102 456 3301 510 virtute
3330 459 3526 525 prardi-

1956 548 2068 594 tum
2105 540 2261 595 facile
2287 552 2537 611 possunt.
2575 543 2737 598 Verbi
2784 530 2982 613 gratia,
3008 544 3180 614 pietas
3221 556 3380 614 caput
3415 529 3520 610 est,

1959 631 2103 685 basis
2145 647 2237 685 seu
2287 632 2697 688 fundamentum
2740 643 2795 688 et
2841 635 3059 703 crepido
3095 637 3395 692 honestatis
3430 646 3524 691 :at

1962 722 2220 790 utrinque
2285 724 2669 799 circumstant,
2714 724 2842 779 hinc
2882 726 3170 794 impietas,
3239 728 3368 781 inde
3428 744 3523 782 su-

1956 814 2201 882 perstitio
2251 829 2267 867 :
2312 814 2401 868 illa
2443 815 2658 883 quidem
2711 815 2963 879 defectu,
3016 818 3118 872 hae
3162 831 3291 874 vero
3329 819 3523 874 nimie-

1961 916 2067 959 tate
2099 916 2403 974 peccantes.
2443 906 2535 960 Sic
2574 914 2627 961 et
2658 906 3028 962 fortitudinem
3063 908 3307 963 ambiunt
3347 912 3521 964 utrin-

1958 1013 2091 1065 que,
2128 998 2400 1050 temeritas
2439 996 2584 1061 hinc,
2618 996 2764 1052 illinc
2798 998 3056 1054 timiditas
3090 1017 3104 1053 :
3136 1015 3256 1067 quae
3308 1000 3523 1055 fortiter

1956 1103 2115 1158 agere
2137 1088 2335 1141 frustra
2367 1087 2627 1141 nituntur.
2659 1086 2974 1158 Quicunque
3010 1091 3170 1159 igitur
3197 1092 3374 1146 clarus
3414 1094 3526 1146 vult

1956 1177 2164 1244 haberi,
2206 1177 2460 1231 virtutem
2520 1177 2661 1232 colat
2723 1192 2945 1234 necesse
2988 1190 3074 1234 est
3106 1198 3118 1234 :
3150 1181 3280 1235 vitia
3336 1194 3523 1237 contra

1958 1268 2110 1332 vitet,
2137 1281 2269 1322 neve
2300 1267 2564 1321 virtutum
2596 1268 2775 1337 specie
2818 1271 2870 1324 in
2909 1271 3083 1325 vicina
3111 1272 3363 1342 utrinque
3390 1274 3518 1326 vitia

1960 1358 2241 1428 impingat.
2700 1428 2707 1436 .

2394 1469 2724 1523 CLXXXIX.
2756 1500 2827 1510 —
2855 1468 3079 1525 lSAIZE.

991 1562 1393 1627 Moderandum,
1431 1580 1492 1617 ne
1521 1564 1775 1616 rationem
1809 1560 2130 1627 exstinguas.
2168 1555 2343 1610 Furor
2374 1560 2509 1611 enim
2542 1558 2705 1611 brevis
2736 1570 2832 1612 est.

353 1671 463 1724 Καὶ
493 1669 666 1740 θυμοῦ
708 1673 803 1725 καὶ
835 1674 1179 1743 φρονήματος
1237 1675 1435 1744 μεστὸν
1473 1672 1614 1727 εἷναί
1651 1674 1711 1727 σέ
1749 1691 1856 1741 φα-

2027 1668 2306 1722 lraeundia
2354 1668 2513 1722 simul
2548 1678 2599 1723 et
2645 1669 2926 1736 prudentia
2988 1669 3265 1737 praeditum
3320 1678 3371 1724 te
3405 1685 3526 1726 esse

288 1778 371 1814 σιν
408 1763 455 1814 oi
487 1762 975 1831 συνδιατρίϐοντες.
1012 1763 1074 1816 Εἰ
1104 1764 1285 1816 τοίνυν
1329 1764 1482 1819 ταῦθ’
1509 1764 1682 1827 οὕτως
1711 1764 1844 1835 ἔχει,

290 1850 496 1918 ἔμϐαλε
535 1853 690 1921 ἡνίαν
722 1853 798 1922 τῷ
835 1853 1012 1923 θυμῷ,
1053 1854 1141 1908 ἵνα
1183 1854 1258 1925 μὴ
1297 1855 1589 1926 προπηδῶν
1621 1856 1714 1908 τοῦ
1752 1855 1844 1907 λο-

282 1940 480 2012 γισμοῦ
509 1941 673 2012 σϐέσῃ
698 1942 789 1994 καὶ
817 1942 878 1995 τὸ
904 1943 1176 2013 φρόνημα*
1199 1942 1280 1995 διὸ
1311 1944 1406 1997 καὶ
1429 1943 1526 2013 τὴν
1553 1942 1744 2013 ὀφρὺν,
1773 1941 1848 2004 ὥς

285 2044 438 2095 φασι,
465 2027 681 2096 γείτονα
704 2030 992 2100 κροτάφων
1022 2030 1286 2099 ἐπαίρεις.

790 2155 909 2219 Pw.
940 2185 1010 2193 —
1043 2156 1128 2224 Τῼ
1162 2156 1363 2226 ΑΥΤῼ.

1960 1763 2261 1833 pradicant
2312 1763 2384 1816 tui
2434 1761 2751 1817 familiares.
2806 1762 2859 1816 Si
2912 1763 3078 1832 igitur
3133 1779 3259 1819 vera
3310 1764 3526 1827 dietmt,

1960 1854 2253 1908 iracundia:
2299 1861 2402 1907 tute
2442 1853 2653 1908 frenum
2707 1854 2944 1922 impone,
2976 1870 3042 1909 ne
3068 1856 3329 1910 rationem
3374 1857 3523 1910 inva-

1959 1943 2093 1997 dens
2120 1942 2430 2011 exstinguat
2475 1945 2634 1998 etiam
2672 1944 3047 2012 prudentiam;
3080 1945 3304 2014 ideoque
3345 1955 3395 2001 et
3438 1962 3528 2001 su-

1959 2034 2243 2101 percilium
2289 2044 2482 2088 natura
2521 2037 2852 2105 temporibus
2882 2037 3077 2106 capitis
3112 2037 3348 2092 vicinum
3383 2052 3524 2094 esse.

2485 2157 2640 2214 CXC.
2677 2189 2746 2199 —
2781 2160 3007 2214 EIDEM.

294 2239 548 2314 Hortatur
570 2254 622 2297 ut
649 2243 746 2307 illi,
766 2260 915 2313 quem
936 2246 1134 2311 judicio
1150 2256 1444 2315 superarat,
1469 2247 1765 2300 humaniter
1780 2262 1833 2300 se
1853 2255 2063 2301 excuset
2085 2246 2419 2316 animumque
2439 2247 2551 2316 ejus
2572 2248 2762 2317 placet.
2795 2246 3030 2318 (Confer.
3054 2251 3203 2316 epist.
3232 2250 3355 2319 i29,
3378 2252 3525 2321 195.)

368 2370 586 2440 ,Επειδὴ
643 2371 991 2440 νενικημένος
1030 2374 1058 2425 ό
1105 2371 1299 2444 πρώην
1345 2390 1437 2425 σου
1467 2373 1724 2440 διάδικος,
1759 2375 1849 2442 ὑφ’

287 2454 362 2515 ὧν
392 2461 678 2526 πέπονθεν,
719 2460 874 2516 οὔπω
922 2462 1208 2534 νενίκηκεν
1245 2466 1437 2519 ἑαυτὸν
1466 2466 1547 2528 είς
1571 2466 1632 2518 τὸ
1660 2466 1858 2536 χρῆναι

291 2550 715 2622 θεραπευθῆναι,
751 2553 825 2622 μὴ
878 2551 1118 2606 παύσαιο
1149 2553 1236 2607 διὰ
1280 2554 1628 2624 γραμμάτων
1662 2554 1860 2607 ἀπολο-

286 2639 549 2710 γούμενος
570 2656 584 2671 ·
617 2636 675 2695 εὖ
708 2642 815 2713 γὰρ
845 2645 1040 2707 ποιεῖς,
1077 2643 1148 2696 τὰ
1183 2645 1365 2707 κακῶς
1394 2645 1652 2715 γινόμενα
1679 2645 1859 2709 καλῶς

292 2730 540 2801 ἰώμενος.
573 2732 683 2785 Καὶ
721 2735 883 2803 ἡμεῖς
917 2734 1029 2805 γὰρ
1069 2733 1517 2799 καταντλοῦντες,
1554 2734 1735 2805 ἠπίοις
1770 2735 1859 2788 λό-

286 2837 405 2889 γοις
431 2822 491 2875 τὸ
518 2821 691 2887 πάθος
719 2823 1039 2895 πειρώμεθα
1066 2825 1230 2878 αὐτοῦ
1266 2826 1537 2881 ἰάσασθαι.

460 3023 609 3089 ΡιιΑν
636 3053 706 3063 --
736 3024 1037 3094 ΔΩΡΟΘΕῼ
1075 3022 1376 3092 ΔΙΑΚΟΝῼ
1408 3022 1631 3093 ῙΑΤΡῼ.

2029 2373 2469 2443 Quandoquidem
2519 2374 2611 2443 qui
2662 2382 2839 2429 tecum
2888 2390 3055 2445 nuper
3095 2374 3301 2443 judicio
3352 2376 3527 2430 disce-

1953 2464 2166 2534 ptabat,
2208 2465 2384 2520 victus
2420 2473 2525 2528 est,
2556 2479 2585 2518 a
2628 2465 2741 2520 suis
2774 2474 2933 2519 antea
2967 2476 3254 2535 superatus
3285 2466 3527 2522 aﬂ'ectio-

1956 2558 2120 2611 nihus
2153 2557 2392 2624 seipsum
2436 2558 2673 2611 nondum
2714 2556 2906 2611 vicerit
2934 2557 2987 2611 in
3017 2558 3318 2613 adhibenda
3357 2560 3530 2613 medi-

1957 2648 2101 2711 cina,
2150 2663 2217 2702 ne
2262 2648 2483 2703 desinas
2521 2662 2618 2716 per
2652 2648 2819 2719 616
2845 2649 3050 2703 litteras
3092 2649 3327 2716 placare.
3363 2649 3529 2704 Recte

1956 2740 2099 2791 enim
2134 2738 2288 2802 facis,
2322 2738 2462 2807 quod
2499 2752 2617 2805 quae
2644 2739 2781 2790 male
2809 2744 2956 2806 gesta
2993 2745 3141 2801 sunt,
3176 2745 3319 2791 recte
3350 2752 3525 2791 cures.

1958 2828 2068 2884 Nos
2100 2830 2302 2896 pariter
2344 2829 2521 2880 oleum
2575 2828 2899 2881 aﬂ‘undendo
2930 2828 3107 2881 verbis
3148 2829 3398 2895 benignis
3434 2845 3526 2883 ca-

1958 2921 2210 2973 nabimur
2234 2918 2353 2987 ejus
2392 2919 2557 2972 animi
2586 2920 2975 2986 perturbationi
3010 2920 3272 2976 medelam
3311 2919 3525 2976 aderre.

2078 3026 2260 3083 CXCI.
2290 3057 2363 3067 ——
2393 3024 2758 3081 DOROTHEO
2802 3026 3095 3083 [ΠΛΕΟΝο
3133 3027 3409 3084 MEDICO.

291 3135 580 3200 Quwsu’oni
607 3140 874 3206 respondet
913 3139 1212 3207 preposita’,
1246 3150 1340 3189 cur
1373 3137 1674 3275 incorporati
1722 3138 1891 3275 armis
1935 3141 2262 3277 passiosngbrs
2309 3141 2732 3212 corruptionique
2762 3141 3006 3206 obnoxia,
3052 3157 3209 3211 quam
3252 3158 3523 3211 corporea.

1677 3226 1740 3261 on
1770 3225 1844 3260 er.
1879 3222 2028 3277 εριει.
2174 3252 2186 3264 .

1677 3222 1844 3275 cum.
1879 3222 2028 3279 eptst.
2064 3222 2186 3264 157.

374 3316 589 3385 Ἐπειδὴ
620 3318 809 3388 χρῆμα
843 3317 1013 3386 σαφὲς
1038 3318 1132 3372 καὶ
1161 3316 1591 3389 ὁμολογούμενον
1617 3317 1709 3370 καὶ
1735 3319 1855 3381 ταῖς

303 3407 474 3478 ἱεραῖς
496 3410 759 3478 Γραφαῖς,
786 3411 879 3462 καὶ
902 3411 1011 3473 τοῖς
1038 3411 1365 3480 σοφωτέροις
1384 3410 1493 3462 τῶν
1522 3410 1740 3475 ἔξωθεν,
1766 3408 1854 3464 διὰ

293 3499 750 3569 παραδειγμάτων
792 3498 1062 3569 ἠθέλησας
1103 3499 1311 3569 μαθεῖν,
1348 3499 1424 3562 ὡς
1455 3498 1521 3552 ἂν
1553 3493 1662 3561 οἷός
1688 3514 1748 3550 τε
1789 3491 1855 3563 ὦ,

301 3586 472 3641 πολλὰ
525 3588 591 3641 δι’
618 3589 814 3658 ὀλίγων
848 3590 1053 3660 φράσαι
1099 3588 1451 3659 πειράσομαι.
1500 3588 1650 3641 Ἐπεὶ
1682 3587 1857 3641 τοίνυν

289 3673 426 3745 ἔφης
449 3690 462 3704 ·
494 3676 665 3730 Πόθεν
709 3677 887 3747 δῆλον,
915 3680 996 3731 ὅτι
1039 3676 1109 3731 τὰ
1146 3680 1412 3749 ἀσώματα
1448 3677 1556 3731 τῶν
1592 3678 1857 3748 σωμάτων

288 3766 441 3817 ἐστὶν
479 3765 832 3835 ἀπαθέστερα
879 3768 974 3819 καὶ
1024 3766 1383 3838 ίοχυρότερα;
1421 3768 1565 3837 φημὶ
1591 3806 1606 3829 ,
1638 3768 1750 3838 ὅσῳ
1784 3768 1852 3821 τὰ

293 3857 468 3924 ἐγγὺς
517 3856 618 3925 τῆς
665 3857 1083 3927 ἀσωματότητος
1128 3859 1352 3930 σώματα
1396 3860 1721 3930 ἰσχυρότερα
1767 3860 1869 3929 καὶ,

292 3945 645 4013 ἀπαθέστερά
672 3947 809 4013 ἐστι,
840 3948 947 4000 τῶν
968 3950 1287 4020 παχυτέρων
1316 3950 1602 4021 σωμάτων,
1626 3949 1861 4020 τοσούτῳ

299 4037 397 4090 καὶ¹
429 4036 499 4089 τὰ
530 4038 798 4106 ἀσώματα
829 4040 890 4091 οὐ
921 4040 1079 4109 μόνον
1096 4041 1205 4093 τῶν
1234 4042 1581 4111 παχυτάτων,
1611 4040 1748 4096 ἀλλά
1768 4043 1862 4094 καὶ

293 4128 408 4181 τῶν
452 4128 799 4183 λεπτοτάτων
845 4131 994 4184 ἐστὶν
1041 4131 1410 4202 ἀπαθέστερα.
1458 4128 1582 4186 οἷον
1618 4135 1651 4202 ὴ
1688 4131 1863 4202 πέτρα

293 4219 391 4273 τοῦ
433 4220 626 4284 ὕδατός
661 4222 777 4274 ἐστι
831 4223 1148 4294 παχυτέρα,
1190 4225 1270 4278 διὸ
1319 4224 1631 4295 ῥηγνυμένη
1681 4226 1862 4279 οὐκέτι

295 4311 652 4378 συνάπτεται,
686 4312 746 4365 τὸ
794 4314 850 4366 δὲ
888 4313 1031 4384 ὕδωρ
1067 4315 1361 4386 διαιρεθὲν,
1399 4316 1563 4370 πάλιν
1592 4316 1862 4385 συναφθὲν

294 4402 405 4472 (55)
446 4402 681 4457 ἑνοῦται.
712 4404 863 4473 Ὄσῳ
902 4405 1011 4476 γάρ
1055 4406 1396 4474 λεπτότερον,
1442 4406 1678 4476 τοσούτῳ
1719 4410 1863 4461 ἁπα-

294 4494 572 4565 θέστερον.
620 4494 677 4548 Ὀ
713 4494 770 4547 δὲ
808 4495 913 4568 ἀὴρ
945 4497 1088 4568 (χρὴ
1125 4498 1233 4568 γὰρ
1284 4498 1377 4550 ἐπὶ
1412 4497 1730 4567 λεπτότερον
1765 4496 1863 4567 βαρ

2028 3321 2252 3386 Quando
2295 3336 2406 3375 rem
2454 3320 2655 3375 claram
2714 3330 2873 3390 atque
2920 3335 3239 3376 concessam
3295 3337 3416 3376 cum
3472 3325 3523 3377 in

1959 3408 2135 3463 sacris
2165 3407 2410 3472 Litteris,
2442 3418 2552 3462 tum
2590 3409 2640 3463 in
2675 3410 2914 3464 externis
2938 3410 3293 3479 philosophis,
3323 3413 3528 3468 discere

1958 3512 1985 3549 a
2008 3511 2094 3551 me
2130 3496 2395 3566 exemplis
2432 3497 2671 3562 voluisti,
2705 3513 2847 3552 nunc
2881 3498 3054 3567 quoad
3085 3499 3201 3567 ejus
3231 3498 3345 3554 fieri
3376 3514 3405 3553 a
3443 3515 3528 3557 me

1957 3596 2155 3655 potest,
2184 3587 2351 3641 multa
2383 3587 2569 3656 paucis
2591 3588 2939 3658 complectar.
2974 3588 3180 3655 Quazris
3214 3589 3356 3642 enim
3383 3592 3527 3644 unde

1960 3688 2170 3733 constet
2204 3678 2522 3747 incorporea
2563 3680 2878 3749 corporibus
2912 3693 3033 3734 esse
3065 3680 3237 3749 magis
3282 3682 3524 3749 expertia

1961 3770 2304 3824 alfectionum
2364 3778 2526 3837 atque
2579 3770 2901 3838 potentiora.
2964 3770 3320 3839 Respondeo,
3380 3773 3524 3841 quod

1960 3870 2223 3928 quantum
2259 3875 2489 3929 corpora
2534 3862 2697 3914 rebus
2725 3860 3056 3928 incorporeis
3085 3862 3349 3915 viciniora
3377 3873 3524 3927 sunt,

1962 3950 2066 4003 hoc
2112 3948 2337 4002 fortiora
2391 3958 2444 4002 et
2492 3948 2838 4003 affectionum
2884 3950 3054 4017 magis
3097 3951 3339 4018 expertia
3378 3961 3524 4015 sunt.

1962 4055 2122 4109 quam
2158 4053 2383 4109 corpora
2424 4040 2724 4104 crassiora;
2760 4048 2965 4093 tantum
2999 4040 3163 4094 etiam
3206 4042 3525 4111 incorporea

1962 4149 2069 4187 non
2102 4134 2260 4186 modo
2288 4131 2663 4192 crassissimis.
2687 4131 2779 4185 sed
2805 4131 2966 4185 etiam
3001 4130 3329 4186 tenuissimis
3357 4134 3528 4202 magis

1962 4238 2082 4279 esse
2126 4222 2468 4292 impatibilia.
2520 4221 2679 4276 Verbi
2727 4222 2937 4290 gratia,
2982 4222 3118 4291 lapis
3168 4224 3405 4279 crassior
3446 4234 3528 4278 est

1964 4330 2124 4384 quam
2171 4328 2346 4384 aqua;
2384 4313 2506 4367 ideo
2559 4311 2760 4367 fractus
2811 4327 2917 4366 non
2969 4313 3197 4382 amplius
3246 4315 3519 4369 coalescit.

1963 4408 2117 4476 Aqua
2152 4420 2280 4460 vero
2324 4412 2603 4476 segregata
2644 4419 2857 4457 rursum
2892 4403 3032 4456 uniri
3085 4412 3278 4472 potest.
3312 4403 3527 4469 Quanto

1965 4498 2106 4551 enim
2162 4496 2409 4561 tenuior,
2458 4502 2628 4561 tanto
2684 4505 2768 4549 est
2826 4494 3188 4564 impatibilior.
3242 4493 3351 4549 Aer
3401 4511 3529 4548 vero

299 4587 447 4640 δίσαι
508 4587 908 4659 παράδειγμα)
961 4590 1081 4643 οὐδὲ
1126 4589 1409 4660 διαστῆναι
1458 4588 1713 4642 δύναται·
1767 4589 1859 4642 ἐὰν

1967 4587 2295 4657 (exemplum
2340 4586 2485 4639 enim
2539 4584 2913 4638 tenuissimum
2958 4583 3153 4639 afferre
3200 4584 3251 4637 in
3295 4586 3526 4638 medium

296 4675 426 4742 γοῦν
459 4676 491 4747 ἢ
532 4679 610 4741 είς
649 4677 911 4749 κέραμον,
938 4678 970 4749 ἢ
1000 4680 1079 4741 εἰς
1107 4679 1280 4732 ἀσκὸν
1308 4676 1689 4747 ἀποκλεισθείη
1715 4718 1730 4741 ,
1773 4678 1865 4730 καὶ

304 4768 384 4829 είς
428 4767 588 4836 βυθὸν
622 4768 829 4841 ριφείη,
864 4769 964 4822 οὐκ
988 4767 1393 4839 ἀνέχεται,ἀλλ’
1423 4766 1741 4831 ἐπιπολάζει
1773 4768 1868 4822 καὶ

302 4859 619 4927 ἐπινήχεται
644 4899 660 4923 ,
688 4860 780 4914 καὶ
820 4860 917 4929 τὴν
943 4859 1265 4927 ἐπιφάνειαν
1298 4859 1482 4930 ζητεῖ,
1520 4858 1613 4910 καὶ
1643 4857 1705 4909 τὸ
1735 4872 1867 4924 συγ-

300 4948 456 5020 γενὲς
488 4948 743 5017 θηρᾶται.
788 4950 853 5001 Εἰ
901 4949 1082 5003 τοίνυν
1113 4949 1141 5001 ὁ
1177 4949 1275 5020 μὲν
1300 4949 1410 5019 ἀὴρ
1443 4947 1537 5001 τοῦ
1568 4947 1778 5010 ὓδατος,
1810 4945 1871 4999 τὸ

301 5015 384 5090 δὲ.
399 5015 684 5109 ὓδωρ-τῆς
724 5040 930 5112 πέτρας
960 5040 1077 5093 ἐστὶ
1100 5015 1450 5108 λεπτότερον,
1480 5038 1560 5091 διὸ
1590 5039 1685 5091 καὶ
1722 5038 1867 5089 ἀπα-

300 5128 574 5199 θέστεροψ
626 5130 680 5184 τί
708 5130 1031 5200 θαυμάζεις,
1061 5132 1111 5184 εί
1147 5132 1241 5184 καὶ
1269 5132 1337 5185 τὰ
1363 5131 1626 5201 ἀσώματα
1656 5131 1869 5201 ἰσχυρό-

298 5220 435 5290 τερά
456 5222 646 5287 ὲστιν;
680 5221 787 5274 Ἴδε
828 5215 923 5275 οὖν
955 5223 1049 5275 καὶ
1084 5222 1185 5291 τὴν
1215 5221 1393 5291 ψυχὴν
1432 5220 1507 5292 μὴ
1537 5220 1868 5291 φαινομένην

301 5310 401 5373 μὲν
432 5311 694 5383 (ἀόρατος
737 5313 846 5384 γάρ
877 5312 1077 5381 ἐστιν),
1127 5312 1279 5383 ίσχὺν
1309 5312 1366 5365 δὲ
1401 5311 1476 5380 τῷ
1525 5309 1735 5379 σώματι
1773 5312 1868 5364 καὶ

1964 4677 2235 4747 convenit)
2285 4676 2555 4747 segregari
2607 4691 2711 4730 non
2759 4684 2954 4745 potest.
3011 4674 3068 4730 Si
3123 4677 3266 4729 enim
3318 4676 3369 4729 in
3434 4692 3529 4731 vas

1967 4770 2131 4825 ﬁctile
2151 4768 2242 4841 yel
2289 4770 2342 4823 in
2374 4780 2546 4823 utrem
2579 4768 2843 4832 includas,
2873 4768 3005 4822 etin
3042 4768 3362 4836 profundum
3405 4773 3531 4822 mit-

1966 4870 2068 4922 tas,
2095 4876 2201 4914 non
2228 4859 2511 4928 mergitur,
2538 4859 2631 4914 sed
2662 4873 2952 4926 assurgens
2979 4872 3163 4927 supra,
3191 4868 3525 4925 supernatat,

1969 4952 2271 5019 gaudetque
2304 4951 2567 5019 conspici,
2615 4959 2671 5005 et
2715 4950 2892 5004 locum
2936 4958 3175 5004 sectatur
3209 4951 3524 5005 naturalem.

1968 5039 2133 5106 Igitur
2166 5040 2209 5093 si
2243 5054 2338 5094 aer
2363 5056 2521 5110 quam
2552 5054 2710 5107 aqua,
2749 5049 2801 5094 et
2829 5054 2965 5107 aqua
2998 5055 3157 5108 quam
3187 5039 3324 5108 lapis
3356 5041 3529 5096 subti-

1966 5129 2070 5183 lior
2112 5128 2345 5193 exsistit,
2376 5137 2535 5196 atque
2576 5127 2710 5181 adeo
2740 5126 3079 5179 affectiouum
3127 5128 3302 5180 minus
3331 5142 3522 5195 capax,

1967 5222 2115 5289 quid,
2143 5236 2261 5285 oro,
2286 5220 2571 5273 admiraris
2597 5220 2757 5272 etiam
2789 5220 3099 5285 incorporea
3134 5218 3349 5271 fortiora
3377 5219 3528 5271 οδειεῖ

1968 5312 2258 5367 Considera
2289 5311 2472 5378 itaque
2510 5319 2566 5365 ut
2603 5311 2801 5377 anima,
2832 5325 2949 5379 quae
2984 5311 3083 5366 sub
3118 5317 3391 5379 aspectum
3418 5324 3525 5365 non

1435 5468 1666 5522 VARUE
1703 5465 2085 5522 LECTIONES
2125 5466 2214 5522 ET
2252 5464 2484 5522 NOT/E.

372 5628 481 5699 (55)
509 5625 613 5680 I’ro
638 5625 904 5694 συναφθὲν
932 5625 1087 5681 codd.
1136 5624 1250 5679 Vat.
1278 5627 1378 5678 650
1410 5636 1462 5681 et
1491 5626 1595 5679 Alt.
1625 5627 1859 5682 scribunt

1963 5623 2154 5693 ναφέν.
2198 5623 2273 5676 lu.
