3974 6144
536 268 677 337 1m
1747 264 1808 325 s.
1850 262 2145 325 ISIDORI
2180 257 2624 326 PELUSIOTE
3447 225 3453 230 ’
3635 258 3742 326 ius

534 381 687 437 cadit
725 379 927 452 (neque
954 376 1101 435 enim
1140 372 1315 432 oculis
1355 372 1506 433 cerni
1542 374 1742 443 potest)
1784 375 1953 429 robur
1994 387 2103 429 cor-

2171 382 2191 438 ι
2220 373 2417 445 ῥώμην
2471 371 2824 443 παρέχουσαν
2851 386 2868 404 ο
2906 364 2976 442 ἧς
3006 366 3453 441 ἀποφοιτησάσης
3474 406 3491 434 ,
3521 368 3580 422 οὗ
3617 372 3740 440 μόνον

538 472 659 542 pori
706 471 967 539 viresque
1003 469 1243 537 praebeat
1274 484 1290 521 :
1324 479 1431 536 qua
1461 464 1773 519 discedente
1813 478 1919 518 non
1956 464 2107 519 modo

2213 466 2409 536 νεκρὸν
2450 464 2603 535 μένει
2647 464 2710 517 τὸ
2757 462 2956 533 σῶμα,
2991 462 3127 517 ἀλλά
3152 463 3248 515 καὶ
3268 460 3536 515 διαλύεται
3583 462 3678 516 Καὶ
3700 465 3742 516 ἐν

327 574 334 581 ’
533 567 805 615 mortuum
853 564 1100 612 remanet
1144 570 1366 625 corpus,
1412 553 1507 609 sed
1554 552 1718 608 etiam
1772 552 1896 607 diSSl

2214 559 2325 620 τοῖς
2362 556 2674 627 βοηθήμασι
2699 555 2757 609 δὲ
2795 556 2907 617 τοῖς
2939 554 3207 625 ἰατρικοῖς
3234 554 3253 623 (
3281 552 3389 624 χρὴ
3415 552 3517 623 γάι.
3553 554 3636 607 καὶ
3661 555 3743 607 ἀπὸ

531 649 710 720 Atque
746 648 800 704 in
830 647 1115 704 medicinae
1142 646 1360 716 quidem
1400 645 1659 702 remediis
1683 645 1774 713 (ab
1814 653 1928 700 arte
1970 645 2100 698 enin

2214 646 2315 716 τῆς
2349 647 2449 718 σῆς
2470 646 2665 716 τέχνης
2696 645 2789 700 τὸν
2820 644 3044 715 ἔλεγχον
3090 644 3462 715 ποιήσασθαι)
3489 645 3520 714 ἡ
3553 644 3742 715 δύναμις

535 748 625 793 tua
659 737 1094 807 experimentum
1143 734 1423 802 ducatur),
1477 733 1799 802 incorporea
1847 734 1929 787 vis
1970 732 2104 786 exsi-

2215 735 2506 806 ἀσώματος
2536 732 2695 801 οὖσα,
2724 736 3049 809 ἰσχυροτέρα
3069 735 3189 788 ἐστὶ
3219 732 3315 787 τοῦ
3346 733 3744 804 σώματος.”οταν

532 841 684 887 stens
719 830 995 887 robustior
1021 839 1107 884 est
1156 843 1318 898 quam
1354 827 1620 897 corporis.
1669 826 1898 892 Quando
1931 826 2101 896 itaque

2216 824 2309 880 οὖν
2339 827 2401 879 τὸ
2433 826 2635 897 ἑαυτῆς
2673 829 2875 899 ποιήσῃ
2921 827 3018 880 καὶ
3063 826 3437 897 ἀποφοιτήσῃ,
3473 825 3586 878 τότε
3612 827 3642 896 η
3671 826 3742 894 ἐμ·

530 923 795 987 eﬂ'ecerit,
834 921 977 991 quod
1007 920 1059 974 in
1091 934 1153 975 se
1195 928 1297 984 est,
1339 919 1595 987 viresque
1637 918 1964 983 exseruerit,
1999 928 2099 972 tum

2219 918 2498 989 πλαστρος
2522 920 2699 973 κεῖται
2741 919 3148 989 ἀχρηποτάτη.
3194 916 3259 970 El
3287 917 3397 988 γάρ
3437 915 3568 987 μὴη
3602 917 3747 983 ἐγκει-

530 1014 888 1083 emplastrum
918 1011 1112 1067 inutile
1138 1011 1403 1066 redditur.
1447 1009 1505 1064 Si
1533 1009 1678 1065 enim
1715 1008 1875 1062 insita
1910 1009 1992 1063 vis
2018 1009 2099 1062 in-

2222 1008 2358 1078 μένη
2399 1006 2629 1077 δύναμις
2676 1005 2970 1075 ἀσώματος
3012 1001 3152 1059 οὖσα
3176 1043 3192 1068 ,
3231 1004 3329 1058 καὶ
3372 1003 3668 1074 πράττουσα
3699 1000 3746 1055 τὸ

529 1119 789 1175 corporea
830 1103 1137 1168 assistens,
1187 1116 1309 1157 cum
1359 1100 1611 1156 eﬂ‘ectum
1663 1115 1821 1153 suum
1869 1099 2098 1154 dederit

2219 1098 2442 1169 ἑαυτῆς,
2474 1098 2789 1166 ἀφίπτατο,
2819 1097 2887 1150 δι’
2922 1098 2990 1169 ἣν
3018 1096 3200 1151 αἰτίαν
3224 1094 3473 1166 ἀμείϐεις
3491 1093 3557 1146 τά
3588 1092 3746 1163 βοηθή-

533 1210 641 1251 ηοη
694 1193 1018 1258 avoiaverit,
1074 1208 1175 1248 cur
1210 1193 1405 1247 iterato
1446 1190 1685 1246 remedia
1736 1189 1938 1259 repetis
1967 1189 2102 1244 salva

2221 1207 2370 1260 ματα
2402 1190 2511 1244 τῶν
2544 1190 2687 1243 ύλῶν
2718 1188 3085 1259 σωζομένων;
3114 1188 3279 1243 Ἀλλά
3320 1186 3475 1257 δῆλόν
3505 1187 3657 1249 ἐστιν,
3686 1184 3743 1247 ὡς

523 1284 636 1353 iam
667 1285 1014 1341 substantia?
1061 1285 1165 1338 Sed
1203 1294 1388 1338 notum
1433 1292 1539 1348 est,
1583 1280 1722 1349 quod
1754 1281 1905 1334 vivat
1938 1294 2092 1336 reme

2216 1282 2284 1355 ζῇ
2326 1285 2425 1353 μὲν
2452 1284 2514 1337 τὸ
2545 1283 2798 1354 βοήθημα
2833 1283 2935 1352 τῆς
2960 1281 3242 1352 δυνάμεως
3274 1280 3523 1350 ἐνούσης,
3553 1276 3744 1345 ἀποθνή-

525 1376 674 1430 dium
702 1390 797 1447 per
822 1376 1039 1431 insitam
1071 1376 1155 1432 sui
1180 1375 1434 1430 virtutem
1470 1391 1485 1427 :
1519 1374 1786 1428 moriatur
1817 1386 1971 1438 vero,
2008 1372 2094 1429 illa

1583 1374 1786 1427 oriatur
1817 1386 1971 1438 vero,
2008 1372 2103 1429 illa
2216 1392 2335 1428 σκει
2358 1375 2417 1429 δὲ
2443 1376 2659 1445 ἐκείνης
2684 1375 3152 1446 ἀποφοιτησάσης.

524 1467 693 1522 semel
725 1469 1015 1522 exhausta.

758 1575 966 1631 CXCII.
997 1605 1070 1615 —
1114 1574 1462 1632 LAMPE'I‘IO
1513 1574 1865 1631 EPISCOPO.

2496 1577 2661 1645 Pw.
2692 1607 2765 1618 -
2792 1576 3153 1647 mamma
3186 1576 3554 1647 numnunc.

982 1665 1187 1721 Malum
1217 1670 1454 1722 animum
1481 1678 1530 1721 et
1573 1685 1869 1738 perversum
1898 1682 1964 1723 ea:
1995 1668 2157 1736 signis
2184 1668 2340 1737 facile
2367 1668 2564 1738 colligi.
2591 1668 2829 1740 (Confer.
2854 1671 3007 1738 epist.
3040 1668 3163 1733 I56,
3199 1668 3347 1739 199.)

592 1776 844 1846 Acceptis
891 1764 1089 1831 litteris
1143 1776 1463 1833 hortatoriis
1507 1792 1572 1833 ac
1630 1777 1956 1848 perutilibus
2002 1785 2161 1844 tuae]

2171 1786 2187 1842 ι
2283 1780 2366 1834 Τά
2424 1781 2789 1850 παραινετικά
2829 1782 2924 1834 καὶ
2966 1779 3232 1848 ὠφελείας
3274 1778 3508 1833 πνέοντα
3540 1777 3628 1848 τῆς
3664 1777 3740 1847 σῆς

524 1866 788 1922 doctrinae
817 1864 1029 1921 Gothus
1062 1865 1224 1921 homo
1268 1867 1419 1921 rudis
1447 1876 1503 1922 et
1545 1866 1849 1921 litterarum
1893 1867 2093 1937 imperi-

2219 1870 2557 1936 παιδεύσεως
2581 1872 2877 1943 δεξάμενος
2899 1872 3226 1942 γράμματα,
3255 1870 3458 1935 Γότθος
3484 1873 3511 1924 ὁ
3531 1870 3737 1925 ὰπαίδευ·

521 1964 609 2013 tus
655 1956 760 2029 (sic
799 1957 942 2012 enim
995 1957 1169 2027 ipsum
1224 1957 1496 2028 appellare
1543 1956 1747 2027 liceat),
1778 1958 1942 2028 617
1972 1972 2090 2027 quo-

2205 1978 2299 2024 τος
2327 1960 2510 2032 (οὕτω
2539 1961 2649 2033 γὰρ
2677 1962 2839 2016 αὐτὸν
2877 1962 3064 2015 καλεῖν
3093 1960 3333 2032 θέμις),
3374 1962 3522 2024 ὅπως
3565 1962 3649 2031 μὲν
3678 1961 3739 2013 δι-

521 2050 682 2103 modo
724 2049 797 2103 sit
836 2046 1088 2115 allectus,
1129 2064 1236 2104 non
1281 2064 1497 2119 possum
1543 2050 1796 2119 equidem
1845 2048 1984 2103 bene
2024 2063 2090 2103 re

2206 2052 2388 2122 ετέθη,
2416 2053 2663 2124 ἀκριϐῶς
2696 2053 2795 2123 μὲν
2827 2053 2929 2106 οὐκ
2954 2052 3063 2123 ἔχω
3092 2051 3297 2120 λέγειν,
3332 2052 3445 2105 ἀπὸ
3468 2051 3522 2105 δὲ
3558 2052 3652 2104 τῶν
3678 2051 3736 2122 τῷ

520 2139 687 2196 ferre.
747 2140 911 2210 Signa
955 2159 1085 2200 vero
1130 2157 1252 2214 qua:
1296 2143 1347 2197 in
1390 2141 1541 2195 vultu
1588 2140 1831 2205 elucent,
1869 2139 1957 2195 vel
1988 2140 2089 2208 ipse

2209 2143 2488 2215 προσώπῳ
2525 2144 2953 2216 ὲπανθησάντων
2988 2143 3233 2215 σημείων
3278 2143 3375 2196 καὶ
3401 2142 3555 2207 αὐτὸς
3596 2142 3653 2196 ἂν
3670 2159 3738 2194 τε·

526 2234 849 2289 ostenderit.
880 2234 1050 2291 Lente
1078 2237 1225 2291 enim
1259 2233 1450 2289 risisse
1480 2232 1751 2302 apparuit,
1784 2231 1929 2286 facie
1955 2245 2095 2288 conv

2205 2235 2472 2306 κμήραιο.
2492 2236 2796 2299 Μειδιάσας
2822 2237 2930 2307 γὰρ
2958 2235 3173 2308 ἡρέμα,
3196 2234 3368 2306 ἔφηνε
3399 2233 3478 2305 τῷ
3504 2233 3732 2305 προσώπῳ

521 2333 838 2380 monstrans
867 2341 933 2381 ex
966 2324 1244 2381 iracundia
1286 2323 1496 2378 devicta
1532 2322 1968 2378 delectationem.

1382 2323 1496 2378 'icta
1532 2322 1968 2378 delectationem.
2206 2325 2399 2397 ἡδονὴν
2430 2326 2740 2398 ὲκνικώσης
2764 2328 2951 2399 ὀργῆς.

587 2456 814 2513 CXCIII.
843 2485 917 2498 —
950 2457 1252 2526 AQUILE,
1280 2453 1596 2511 AMMONIO
1642 2454 1733 2509 ET
1759 2452 2014 2509 ORIONI.

2339 2452 2503 2520 PtJ".
2532 2483 2602 2495 -
2628 2454 2954 2526 ΑΚΥΛΛᾼ,
2984 2453 3307 2528 amoma
3338 2495 3354 2521 ,
3400 2452 3628 2524 aptam.

519 2545 726 2603 "slum
757 2550 897 2604 malo
943 2566 1047 2605 non
1096 2548 1441 2619 reddendum,
1482 2547 1574 2619 sed
1610 2546 1809 2600 malum
1851 2544 2108 2619 patientia
2137 2547 2492 2619 superandam
2516 2556 2567 2619 et
2590 2548 2854 2619 judicium
2890 2549 3037 2615 justo
3058 2548 3330 2619 jutlicanti
3356 2546 3729 2619 relinquendum.

1090 2618 1160 2673 In
1188 2617 1323 2671 illud
1353 2632 1372 2670 :
1412 2635 1431 2669 ι
1467 2616 1621 2685 Decet
1658 2632 1751 2670 nos
1780 2631 1984 2670 omnem
2018 2615 2285 2684 justitiam
2325 2615 2636 2684 adimplere.
2672 2637 2692 2671 ι
2729 2617 2947 2687 (Matt/1.
2990 2615 3075 2684 tu,
3106 2618 3221 2689 I5.)

586 2730 759 2794 Multi,
795 2728 985 2799 optimi
1012 2728 1134 2794 viri,
1175 2725 1707 2799 adversariisparia
1741 2723 1829 2779 vel
1885 2722 2094 2792 majora

2261 2726 2499 2792 Πολλοὶ,
2557 2745 2605 2782 ω
2662 2726 2961 2798 βέλτιστοι,
3009 2726 3337 2792 ἀντιπάλους
3396 2729 3428 2799 ἢ
3483 2744 3568 2781 και
3602 2724 3733 2797 μείζω

515 2825 679 2879 etiam
708 2823 792 2877 his
813 2836 933 2891 quae
960 2820 1197 2891 perpessi
1234 2829 1379 2881 sunt,
1417 2818 1598 2873 facere
1624 2825 1931 2887 sperantes,
1963 2831 2084 2886 gra-

2193 2818 2430 2872 ὲνταῦθα
2461 2814 2536 2875 ὧν
2582 2821 3003 2885 ἐπεπόνθεισαν,
3039 2822 3236 2891 δρᾶσαι
3266 2821 3727 2892 προσδοκήσαντες,

514 2914 668 2969 viora
698 2912 863 2969 etiam
887 2926 1050 2981 quam
1084 2913 1153 2966 ab
1182 2910 1336 2965 initio
1371 2909 1518 2981 passi
1546 2918 1694 2975 sunt;
1730 2907 2083 2978 pertulerunt,

2198 2908 2591 2983 ἀργαλεώτερα
2618 2906 2693 2966 ὧν
2729 2913 2880 2985 παρὰ
2918 2913 3017 2985 τὴν
3048 2912 3222 2985 ἀρχὴν
3250 2912 3608 2967 ἐπεπόνθεσαν
3628 2909 3730 2961 ἔπα-

515 3018 622 3058 non
643 3002 793 3073 justo
842 3000 1077 3066 devicto,
1125 2999 1221 3054 sed
1278 2998 1333 3051 in
1388 2998 1562 3072 altera
1598 2996 1706 3050 vita
1759 3010 1881 3048 cum
1922 2992 2084 3063 gloria

2203 3002 2319 3065 θον,
2346 3002 2407 3055 ού
2439 3001 2541 3056 τοῦ
2594 3003 2808 3058 δικαίου
2842 3004 3169 3076 ἡττηθέντος
3192 3044 3207 3069 ,
3236 3004 3355 3059 ἀλλ’
3394 3005 3473 3067 είς
3516 3002 3597 3055 τὸν
3626 3015 3725 3070 μετ-

518 3093 819 3148 recondito.
855 3091 1035 3158 Quare
1070 3098 1286 3160 oportet
1319 3085 1609 3157 tranquille
1640 3100 1704 3139 ac
1724 3083 2087 3155 philosophice

2159 3140 2169 3163 ,
2200 3093 2394 3149 ἐπειτα
2430 3092 2544 3164 βίον
2576 3095 2849 3168 λαμπρῶς
2873 3097 3287 3167 ταμιευθέντος.
3316 3096 3413 3149 Διὸ
3445 3094 3544 3167 χρὴ
3567 3090 3728 3163 ἡσυχίᾳ

515 3182 659 3238 mala
688 3182 985 3238 inferentes
1022 3177 1382 3235 remunerari.
1412 3177 1489 3231 Ibi
1510 3175 1653 3230 enim
1702 3183 1964 3244 perpetuo
2003 3173 2084 3242 jn-

2160 3178 2169 3202 '
2203 3181 2403 3254 μᾶλλον
2435 3184 2532 3239 καὶ
2565 3183 2860 3257 φιλοσοφίᾳ
2904 3186 3030 3249 τοὺς
3084 3186 3271 3249 κακῶς
3303 3187 3457 3256 ἡμᾶς
3495 3182 3729 3240 ποιοῦντας

516 3274 664 3329 stitia
719 3272 922 3342 justum
970 3272 1171 3341 cinget,
1230 3278 1287 3325 et
1346 3281 1671 3323 coronarum
1730 3264 2085 3336 propositione

2198 3269 2537 3340 ἀμύνασθαι.
2573 3270 2785 3326 Ἐκείσε
2818 3273 2929 3344 γάρ
2959 3274 3181 3339 πάντως
3219 3275 3251 3345 ὴ
3297 3274 3428 3345 δίκη
3470 3274 3528 3327 τὸ
3563 3271 3726 3325 δίκαιον

518 3366 844 3421 tentationes
875 3362 1229 3422 oblitterabit.

2194 3362 2354 3433 ὀριεῖ,
2388 3362 2543 3434 ήκαὶ
2589 3365 2870 3434 στεφάνων
2908 3365 3196 3430 ὑποθέσεις
3234 3367 3367 3431 τοὺς
3417 3366 3538 3437 τῇδε
3574 3378 3727 3432 πειρα-

2197 3455 2372 3526 σμοὺς
2401 3455 2804 3525 ἀποφαίνουσα.

796 3560 1032 3621 CXCIV.
1090 3555 1433 3615 PALLADIO
1489 3552 1813 3611 DIACONO.

2497 3561 2656 3628 ΡιιΔκ
2692 3589 2763 3605 -
2792 3559 3133 3634 maneam
3167 3560 3491 3634 AIAKONQ.

708 3724 709 3727 η
1249 3649 1461 3705 Mutare
1490 3650 1649 3703 vitam
1680 3648 1733 3702 in
1765 3646 1948 3701 melius
1983 3646 2190 3716 suadet,
2221 3660 2276 3705 ut
2303 3657 2665 3709 accusantium
2692 3672 2786 3710 ora
2817 3656 3043 3711 obturet.

595 3762 656 3819 Si
690 3776 819 3818 vera
866 3770 1013 3822 sunt,
1056 3773 1177 3829 qua:
1208 3759 1275 3813 de
1324 3767 1376 3813 te
1426 3756 1778 3821 nuntiantur,
1818 3755 2090 3810 verisimi-

2262 3762 2324 3816 Εἰ
2358 3762 2455 3833 μὲν
2480 3762 2652 3836 ἀληθῆ
2679 3764 2749 3819 τά
2773 3764 3191 3835 ἀπαγγελθέντα
3222 3765 3354 3839 περὶ
3384 3764 3475 3821 σοῦ
3494 3805 3509 3831 ,
3536 3760 3723 3829 πιθανὴν

514 3856 621 3913 lem
660 3855 775 3925 ipse
796 3852 1167 3907 defensionem
1189 3848 1466 3911 conﬁcies,
1519 3861 1620 3900 nec
1664 3860 1791 3899 vera
1820 3842 2083 3913 proferes.

2194 3854 2295 3926 μὲν
2320 3856 2450 3919 ἴσως
2486 3858 2785 3927 ἀπολογίαν
2813 3858 3069 3930 λογοποιή
3082 3866 3215 3923 σεις,
3243 3859 3425 3930 ἀληθῆ
3450 3859 3506 3911 δὲ
3533 3857 3587 3908 οὗ
3611 3852 3718 3923 φρά’

515 3949 613 4005 Sin
643 3947 775 4001 falsa
799 3947 865 4000 de
889 3954 943 3998 te
964 3944 1306 4004 nuntiantur,
1333 3939 1512 3994 scribe
1543 3938 1728 4005 utique
1757 3934 2084 4005 apologiam,

2193 3964 2307 4011 σεις
2337 3963 2350 3977 ’
2387 3950 2435 4001 ει
2461 3948 2517 4002 δὲ
2541 3948 2729 4021 ψευδῆ,
2759 3952 2936 4021 γράφε
2968 3951 3033 4022 δὴ
3069 3951 3168 4022 τὴν
3212 3950 3531 4020 ἀπολογίαν,
3572 3949 3718 4018 ἥντινα

514 4054 679 4112 quam
714 4053 835 4102 nos,
875 4036 1075 4090 auditis
1103 4048 1224 4101 qua:
1255 4033 1307 4085 in
1362 4041 1413 4085 te
1445 4030 1862 4099 reprehemtnnt,
1898 4026 2083 4080 ntulie-

2192 4041 2351 4112 ἡμεῖς
2376 4043 2496 4105 ταῖς
2528 4043 2720 4105 ἀκοαῖς
2757 4043 2866 4095 τῶν
2904 4042 3309 4113 κωμῳδούντων
3343 4060 3405 4096 σε
3439 4036 3712 4111 ἐγκαθιδρύ-

513 4145 659 4187 tnur.
689 4128 844 4196 Quod
895 4126 941 4181 si
992 4140 1024 4178 a
1079 4121 1445 4191 voluptatibus
1478 4118 1831 4187 temperabis,
1860 4131 1980 4185 qua:
2020 4116 2082 4171 ad

2194 4145 2397 4199 σωμεν.
2436 4131 2500 4183 El
2547 4132 2604 4185 δὲ
2638 4131 2869 4185 παύσοιο
2920 4132 3022 4203 τῆς
3072 4133 3285 4203 τρυφῆς
3331 4134 3437 4203 τῆς
3479 4133 3553 4195 είς
3580 4130 3718 4181 πᾶσαν

511 4232 735 4275 omnem
788 4214 1016 4269 rationis
1072 4220 1351 4280 expertem
1422 4208 1680 4277 impetum
1734 4205 2080 4276 aﬂ‘ectumque

2188 4221 2384 4290 ἀλογον
2439 4222 2617 4294 ὁρμὴν
2661 4224 2979 4295 χωρούσης,
3020 4224 3116 4278 καὶ
3166 4225 3277 4296 πρὸ
3320 4227 3426 4298 τῆς
3473 4221 3717 4288 ἀπολογίας

510 4307 753 4376 rapiunt,
789 4312 989 4359 canent
1027 4301 1153 4371 ipsi,
1193 4308 1253 4353 ut
1293 4298 1509 4368 opinor,
1537 4310 1635 4364 pro
1665 4296 1908 4368 apologia
1955 4297 2079 4365 pali-

1557 4310 1635 4351 πο
1665 4296 1908 4368 θροιοείει
1955 4297 2090 4365 ΡἏῙῘ·
2186 4306 2342 4382 οἶμαι
2369 4313 2566 4376 αὐτοὺς
2596 4313 2924 4386 παλινῳδίας
2952 4314 3126 4387 ᾄσειν.

510 4396 750 4453 nodiatn.

995 4498 1205 4557 cxcv.
1234 4528 1305 4540 -
1334 4496 1615 4554 assam.
2114 4509 2171 4569 ι)

2114 4509 2171 4569 ι)
2721 4496 2883 4573 Pana
2909 4525 2981 4536 —
3013 4495 3236 4568 ΗΣΔΙᾼ.

513 4614 782 4671 Hortatur
806 4620 864 4668 ut
899 4612 1142 4683 apologia
1168 4612 1335 4682 placet
1367 4626 1673 4678 eum,quem
1703 4608 1904 4678 injuria
1930 4609 2199 4678 affecerat.
2225 4604 2317 4679 (Ut
2346 4604 2495 4674 epist.
2523 4603 2672 4676 I90.)
2694 4604 2944 4661 Formis
2968 4607 3118 4675 epist.
3149 4616 3248 4672 est,
3278 4605 3496 4675 ideoque
3517 4604 3713 4657 obscura.

574 4722 693 4778 Non
723 4722 965 4793 ignoras,
1018 4719 1451 4790 prudentissime
1493 4719 1601 4784 vir,
1655 4718 1854 4785 injuste
1898 4731 2082 4786 agens,

2265 4710 2340 4766 Οὐ
2379 4710 2684 4773 λανθάνεις,
2716 4703 2761 4764 ὦ
2785 4710 3058 4793 δεινότατε
3100 4711 3303 4765 ἀδικῶν
3323 4727 3337 4739 °
3368 4712 3465 4765 καὶ
3488 4708 3569 4762 διὰ
3592 4702 3715 4793 τοῦτο

502 4827 571 4868 ac
614 4820 900 4881 propterea
948 4816 1097 4865 recta
1163 4822 1228 4863 ac
1286 4808 1522 4877 legitima
1577 4806 1929 4873 defensione',
1971 4807 2071 4861 sive

2189 4802 2288 4875 τὴν
2339 4803 2436 4874 μὲν
2482 4802 2793 4857 εὐθυδικίαν
2820 4794 3079 4872 ¹φεύγων,
3121 4803 3216 4857 ἐπὶ
3274 4802 3331 4855 δὲ
3391 4792 3714 4871 παραγραφὰς

502 4898 755 4954 criminis
840 4896 1091 4953 intentati
1158 4896 1480 4966 depulsione
1562 4897 1828 4961 abutens,
1922 4905 2071 4964 atque

2188 4891 2570 4960 καταφεύγων,
2608 4893 2707 4956 τὰς
2750 4892 2887 4963 πρὸς
2931 4892 3187 4964 βοήθειαν
3232 4893 3341 4947 τῶν
3366 4888 3711 4958 ἀδικουμένων,

501 4991 902 5060 exceptionem,
982 5004 1086 5059 qua
1138 4986 1401 5057 judicium
1453 4986 1796 5050 declinatur,
1845 5000 1938 5040 seu
1971 4986 2070 5040 litis

2186 4984 2302 5037 ἀλλ’
2325 4984 2426 5036 οὐκ
2454 4984 2534 5047 είς
2557 4984 2846 5055 ἀποφυγὴν
2869 4984 2978 5039 τῶν
3000 4986 3327 5040 ἀδικούντων
3348 4978 3712 5050 ἑπινοηθείσας.

416 5065 428 5079 “
500 5082 959 5138 contestationem
1032 5079 1329 5150 refugiens,
1385 5076 1624 5133 subsidio
1681 5077 1748 5131 iis
1801 5092 1944 5138 esse,

2018 5076 2080 5143 ,ιιί
2184 5074 2351 5139 Γνοὺς
2380 5068 2472 5129 οὖν
2497 5073 2573 5139 ὡς
2597 5075 2945 5148 πεφώρασαι,
2978 5076 3038 5144 ἐξ
3064 5074 3276 5139 εὐθείας
3302 5069 3587 5142 ἀπολογοῦ.

502 5173 699 5244 injuria
725 5174 1126 5244 opprimuntur,
1150 5185 1256 5225 non
1280 5169 1372 5239 qui
1402 5168 1599 5238 injuria
1617 5167 1873 5223 alliciunt.
1899 5168 2081 5234 Quare

500 5267 745 5333 noveris,
778 5273 838 5320 ut
870 5266 923 5321 in
959 5262 1103 5318 furto
1148 5263 1519 5332 deprehensus
1565 5259 1771 5316 directe
1798 5259 2076 5317 delemlas.

783 5371 1013 5432 CXCVI.
1048 5404 1116 5415 —
1143 5370 1401 5427 TIIEONI
1444 5368 1791 5427 EPISCOPO.

2523 5373 2703 5439 ptq'.
2732 5401 2800 5414 -
2832 5369 3035 5425 esum
3064 5368 3432 5438 ΕΠιΣΚΟΠῼ.

574 5462 777 5529 Monet,
804 5472 861 5516 ut
893 5461 959 5517 de
985 5460 1203 5516 Eusebii
1233 5459 1459 5543 episcopi
1494 5458 1697 5543 Pelusii
1730 5457 1869 5543 uitii:
1896 5456 2225 5543 si-bincaueat,
2260 5459 2845 5543 nelipseiap‘iat‘ur'iis‘,
2867 5478 2984 5530 qua:
3020 5462 3077 5515 in
3112 5461 3217 5515 alio
3248 5452 3657 5528 reprehendebat.

1348 5527 1588 5599 (Confer.
1615 5528 1769 5595 epist.
1804 5528 1893 5592 ιο,
1934 5527 2057 5595 uo,
2096 5529 2216 5595 m,
2261 5527 2385 5597 160,
2424 5531 2546 5593 ne,
2575 5530 2701 5593 250,
2739 5527 2891 5600 250.)

572 5640 841 5704 Quantum
876 5655 985 5710 prae
1007 5639 1217 5695 caeteris
1250 5641 1456 5693 honore
1491 5652 1575 5692 me
1619 5634 1809 5702 amcis,
1861 5643 2071 5691 tantum

2253 5638 2403 5710 Ὅσῳ
2434 5642 2499 5710 τῇ
2532 5640 2662 5711 τιμῇ
2704 5640 2855 5711 παρά
2908 5640 2994 5693 σοὶ
3039 5638 3150 5695 τῶν
3194 5639 3371 5697 ἄλλων
3400 5628 3707 5692 πλεονεκτῶι
