3974 6144
357 278 494 357 1449

1243 288 1769 349 EPISTOLARUM
1806 287 1952 347 LIB.
1993 288 2060 347 V.
2088 310 2156 321 -·-
2193 284 2428 347 EPIST.
2468 286 2737 348 CXCVII.

3447 278 3592 344 1450⁷

357 401 601 470 τοσούτῳ
626 397 961 469 πειράσομαι
997 396 1125 460 τοὺς
1153 396 1372 460 λοιποὺς
1401 398 1583 469 εὐνοίᾳ
1622 397 1732 469 (56)
1769 414 1911 467 παρ-

2017 405 2072 450 et
2092 396 2206 463 ipse
2237 396 2451 451 caeteris
2496 396 2548 449 in
2580 402 2633 449 te
2680 390 2905 448 colendo
2944 387 3279 447 'antecellere
3320 392 3578 447 conabor.

353 491 619 556 ενεγκεῖν.
657 486 765 539 Καὶ
790 486 897 554 γὰρ
924 485 1145 550 ἄτοπον,
1165 486 1270 556 πρὸ
1303 486 1403 555 μὲν
1426 488 1536 541 τῶν
1557 487 1730 541 ἄλλων
1757 483 1910 553 παρὰ

354 579 441 630 σοὶ
476 576 766 645 τετάχθαι,
801 574 937 644 μετὰ
967 575 1024 627 δὲ
1049 575 1158 628 τῶν
1193 576 1291 646 οὐχ
1321 576 1462 630 οὕτω
1505 577 1829 647 τιμωμένων
1857 576 1915 627 ἐν

350 669 464 728 τοῖς
496 667 611 727 σοῖς
638 665 930 735 σιωπῆσαι.
967 665 1119 719 Ἐπεὶ
1139 666 1320 719 τοίνυν
1356 667 1662 738 γέγραφας,
1694 665 1768 728 ὡς
1804 665 1911 717 Εὐ-

348 754 530 815 σέϐιος
562 753 590 804 6
618 751 912 815 ἐπίσκοπος
940 752 1036 806 τοῦ
1077 754 1378 822 Πηλουσίου
1408 755 1503 808 καὶ
1550 754 1687 825 πρὸς
1737 752 1915 822 ὁρμήν

351 846 500 898 ἐστιν
531 843 831 915 ὀξύρροπος
852 883 868 908 ,
901 846 994 898 καὶ
1026 846 1162 916 πρὸς
1202 844 1455 915 ἁρπαγὴν
1482 845 1591 897 τῶν
1622 843 1914 913 ἀλλοτρίων

345 936 587 1005 ἕτοιμος,
616 935 712 987 καὶ
738 936 874 1006 πρὸς
900 936 962 989 τὸ
1003 937 1402 1008 παροξυνθῆναι
1435 934 1624 1005 ταχὺς,
1656 935 1750 988 καὶ
1778 934 1914 1004 πρὸς

352 1025 451 1089 τὰς
492 1024 727 1094 ἀμοιϐάς
758 1026 868 1080 τῶν
913 1026 1139 1079 δεόντων
1194 1026 1393 1097 βραδύς
1418 1042 1432 1056 ·
1464 1026 1558 1079 καὶ
1611 1024 1913 1093 συλλήϐδην

351 1118 547 1181 είπεῐν,
574 1116 789 1169 πάντων
820 1116 928 1170 τῶν
961 1117 1334 1188 ἀνελευθέρων
1366 1115 1555 1169 παθῶν
1576 1115 1820 1185 ἀκρατής
1852 1130 1910 1167 τε

349 1206 445 1259 καὶ
477 1205 591 1258 ἐστι
619 1206 713 1259 καὶ
744 1205 1040 1275 νομίζεται·
1074 1206 1233 1270 αὐτὸς
1265 1207 1379 1275 εἴγε
1401 1205 1751 1275 εὐδοκιμῆσαι
1784 1204 1911 1272 βού-

348 1294 451 1355 λει.
480 1294 588 1348 τῶν
612 1294 868 1347 τοιούτων
893 1296 1116 1349 ὀνειδῶν
1141 1295 1407 1367 ἄχραντον
1427 1295 1622 1349 σαυτὸν
1650 1295 1806 1365 διατή
1817 1311 1912 1365 ρη-

352 1403 464 1439 σον.
495 1387 727 1439 ’Ἄτοπον
756 1384 864 1453 γάρ
895 1403 953 1438 σε
994 1386 1197 1440 ἁλῶναι
1225 1389 1336 1451 τοῖς
1373 1386 1577 1449 αὐτοῖς,
1611 1382 1691 1449 οἷς
1724 1385 1911 1455 ἕτερον

348 1476 803 1547 περιπεπτωκότα
831 1478 981 1547 αἰτιᾷ
998 1493 1010 1505 ·
1041 1478 1136 1529 καὶ
1159 1478 1341 1548 ἰατρὸν
1369 1476 1479 1549 (57)
1502 1477 1662 1532 ἄλλου
1707 1474 1911 1529 ἐθέλειν

348 1563 488 1622 εἶναι
520 1567 615 1620 τὸν
668 1567 875 1621 ἕλκεσι
918 1568 1206 1636 ,ϐρύον-ω’
1241 1569 1338 1621 καὶ
1388 1569 1650 1639 πράττειν
1680 1567 1866 1620 ἐκεῖνα
1892 1604 1910 1633 ,

349 1650 427 1712 ὧν
458 1656 654 1728 πικρὸς
684 1658 971 1727 τυγχάνεις
1004 1658 1323 1729 κατήγορος.

2016 486 2324 541 Absurdum
2357 486 2502 540 enim
2533 484 2696 539 fuerit
2718 497 2802 538 me
2831 484 2927 538 abs
2955 491 3007 538 te
3047 482 3262 538 caeteris
3298 482 3595 548 anteferri,

2013 591 2135 631 cum
2179 576 2245 630 iis
2269 586 2469 637 tamen,
2500 575 2590 644 qui
2624 589 2727 629 non
2765 573 2987 642 perinde
3039 574 3375 629 cohonestati
3427 583 3599 639 sunt,

2013 666 2078 719 de
2102 675 2153 719 te
2186 666 2395 734 tuisque
2422 666 2583 719 rebus
2612 665 2792 719 silere.
2836 664 2968 718 Cum
3017 665 3198 733 itaque
3224 664 3288 717 ad
3325 678 3410 717 me
3442 665 3580 720 scri-

2013 756 2109 812 bas
2149 757 2441 811 Eusebium
2471 756 2780 825 episcopum
2809 756 3004 811 Pelusii
3049 757 3162 810 suis
3203 754 3577 810 affectionibus

2013 847 2122 901 cito
2172 860 2292 901 esse
2369 845 2719 909 mutabilem,
2771 846 2944 900 aliena
2996 860 3185 915 rapere
3247 856 3572 914 promptum,

2012 938 2190 991 animo
2226 937 2455 993 celerem
2490 937 2836 1004 exacerbato,
2878 938 3081 993 lentum
3115 949 3301 993 contra
3342 938 3579 991 tardum-

2010 1045 2116 1098 que
2145 1030 2199 1084 in
2226 1029 2422 1085 debitis
2455 1029 2790 1083 exsolvendis
2827 1044 2842 1079 :
2902 1039 2959 1082 ut
3001 1028 3183 1097 paucis
3225 1028 3575 1097 complectar,

2009 1129 2064 1177 et
2103 1133 2223 1175 esse
2274 1128 2329 1175 et
2375 1119 2561 1174 haberi
2613 1119 2959 1187 impotentem
3008 1118 3075 1171 ad
3142 1116 3575 1187 perturbationes

2011 1209 2181 1265 malas
2220 1209 2550 1279 servilesque
2577 1209 2926 1264 edomandas.
2961 1207 3139 1273 Quare
3166 1210 3209 1261 si
3241 1206 3440 1276 probus
3476 1208 3574 1260 ha-

2010 1301 2125 1355 beri
2156 1300 2330 1369 cupis,
2361 1299 2428 1353 ab
2452 1299 2536 1353 his
2561 1298 2783 1353 maculis
2812 1314 3005 1368 purum
3044 1309 3094 1351 te
3126 1298 3241 1366 ipse
3264 1312 3573 1350 conserves.

2007 1389 2175 1460 618
2220 1389 2522 1444 Absurdum
2571 1388 2717 1443 enim
2783 1387 2928 1441 vitiis
2981 1388 3272 1451 obnoxium
3312 1401 3431 1440 esse
3478 1384 3579 1438 alio

2008 1494 2194 1548 quem,
2232 1492 2461 1547 quorum
2492 1485 2707 1532 accuset
2734 1477 2897 1531 alium
2934 1491 2950 1530 :
2982 1492 3047 1531 ac
3100 1476 3392 1540 medicum,
3429 1466 3591 1544 quod

2009 1567 2181 1631 aiunt,
2217 1580 2340 1622 esse
2385 1566 2640 1630 aliorum,
2688 1566 2777 1634 qui
2828 1563 3087 1617 ulceribus
3136 1574 3353 1627 scateat,
3395 1562 3573 1617 velle:

2010 1673 2072 1712 ea
2110 1656 2343 1727 denique
2394 1656 2736 1712 committere
2779 1663 2955 1732 turpe,
2997 1669 3117 1727 qua:
3158 1654 3348 1709 acerbe
3393 1667 3578 1724 repre-

1936 1760 1979 1815 B
2008 1747 2224 1801 hendat.

678 1857 833 1922 Pez'.
870 1888 938 1898 —
970 1857 1228 1926 macro
1256 1854 1574 1926 ΔΙΛΚΟΝῼ.

2302 1848 2551 1907 CXCVII.
2588 1879 2660 1893 —
2680 1849 2953 1907 lSlDORO
2983 1849 3294 1906 DIACONO.

347 1946 623 2011 Quomodo
647 1953 697 1998 et
722 1962 884 2016 quare
906 1945 1086 2001 Judwi
1109 1947 1210 2015 ﬁlii
1233 1948 1287 1999 in
1314 1946 1597 2013 Scriptura
1628 1942 1974 2014 appellentur.
2017 1942 2094 2064 Ded
2117 1941 2394 2011 adoptione
2423 1954 2607 1997 nostra
2648 1958 2742 2012 per
2771 1941 3059 2008 Christum,
3087 1952 3135 1995 et
3169 1952 3365 2011 quanto
3403 1944 3575 1999 studio

1778 2029 2055 2064 conservati
2098 2030 2150 2064 α.

1778 2029 2150 2067 σοηδετυιιηαα.

430 2119 645 2190 Ἐπειδὴ
675 2118 919 2190 γέγραφέ
949 2120 1102 2190 σουή
1149 2120 1391 2186 σύνεσις,
1432 2123 1514 2175 ὅτι
1560 2120 1652 2175 καὶ⁵
1676 2122 1725 2175 οἱ
1768 2122 1905 2174 Ἰου-

2081 2118 2363 2175 Scribente
2407 2127 2494 2173 tua
2536 2119 2854 2190 prudentia,
2916 2120 3220 2191 adoptionis
3251 2121 3573 2191 dignitatem

345 2211 484 2263 δαῐοι
513 2205 654 2279 εἶχον
678 2208 740 2261 τὸ
761 2209 861 2277 τῆς
888 2208 1156 2272 υἱοθεσίας
1177 2209 1389 2280 ἀξίωμα
1418 2210 1748 2282 (γέγραπται
1774 2212 1902 2282 γάρ.

2015 2208 2215 2265 Iudaeis
2250 2209 2411 2265 etiam
2446 2209 2753 2275 obvenisse,
2775 2212 2899 2280 quia
2934 2212 3192 2280 scriptum
3215 2213 3285 2268 sit
3314 2230 3329 2267 :
3364 2230 3383 2264 ι
3408 2211 3577 2267 Filios

352 2320 372 2351 ι
413 2299 573 2361 Υίοὺς
608 2298 871 2368 ἐγέννησα
900 2297 994 2350 καὶ⁵
1033 2297 1225 2367 θψωσα
1253 2338 1268 2363 ,
1302 2300 1457 2353 αὐτοὶ
1493 2301 1550 2353 δέ
1587 2317 1655 2370 με
1705 2301 1907 2371 ὴθέτη-

2016 2300 2247 2354 enutrivi
2280 2308 2334 2356 et
2360 2299 2614 2366 exaltavi,
2649 2300 2750 2370 ipsi
2782 2311 2962 2357 autem
2991 2312 3309 2372 spreverunt
3346 2305 3509 2359 me".
3550 2308 3585 2355 i‘

347 2406 468 2444 σανα
507 2407 525 2440 ι
553 2389 669 2450 καὶ,
710 2406 729 2438 ι
750 2387 881 2440 Θεὸν
907 2387 999 2440 τὸν
1028 2389 1360 2458 γεννήσαντα
1382 2407 1439 2441 σε
1462 2390 1815 2458 ἐγκατέλιπες
1834 2389 1906 2462 ι).

2020 2391 2088 2445 Ει
2120 2390 2244 2445 alibi
2279 2405 2294 2443 :
2341 2408 2361 2441 ι
2418 2389 2608 2455 Deum,
2640 2390 2730 2460 qui
2778 2398 2829 2446 te
2855 2392 3057 2459 genuit,
3084 2392 3516 2460 dereliquisti”;
3549 2410 3569 2444 ι

346 2480 509 2551 φημὶ,
542 2479 628 2532 ὅτι
647 2479 742 2549 οὐχ
772 2478 1009 2548 εὑρίσκω
1036 2479 1171 2543 ὅλως
1196 2480 1253 2545 ἐξ
1284 2474 1359 2533 ὧν
1390 2482 1735 2551 προήνεγκας
1769 2498 1910 2551 μαρ-

2018 2482 2139 2535 dico
2194 2496 2299 2535 non
2347 2481 2588 2548 reperire
2641 2494 2725 2535 me
2769 2482 2992 2536 omnino
3036 2496 3106 2536 ex
3140 2483 3227 2545 iis,
3271 2498 3391 2550 imae
3432 2490 3576 2535 attu-

344 2570 547 2641 τυριῶν
571 2568 987 2640 ἀπολελυμένην,
1020 2569 1140 2622 οὐδὲ
1168 2570 1411 2642 καθαρὰν
1430 2572 1528 2640 τὴν
1566 2571 1753 2642 τιμὴν,
1778 2571 1912 2625 ἀλλὰ

2011 2569 2136 2631 listi,
2167 2570 2491 2625 teStimoniis
2524 2568 2830 2623 absolutum
2863 2578 3025 2639 atque
3069 2585 3262 2640 purum
3291 2571 3570 2635 honorem,

357 2661 423 2729 τῇ
464 2658 765 2728 κατηγορίᾳ
806 2660 1321 2730 συμπεπλεγμένην.
1371 2661 1531 2713 Ὥστε
1562 2663 1609 2714 εί
1661 2661 1736 2733 μὴ
1782 2678 1912 2714 κατ-

2011 2664 2099 2716 sed
2153 2660 2560 2730 reprehensioni
2616 2661 2867 2725 mistum,
2918 2662 2992 2715 ita
3056 2669 3114 2714 ut
3173 2662 3273 2717 nisi
3329 2660 3571 2733 prolapsi

354 2750 624 2819 ηγορῆσαι
655 2749 830 2802 αὐτῶν
857 2750 1141 2821 ἠθέλησεν,
1174 2750 1273 2802 οὐκ
1301 2751 1366 2804 ἂν
1393 2751 1459 2820 ἣν
1497 2750 1601 2820 φὴς
1628 2751 1791 2821 τιμὴν
1816 2753 1909 2803 ἀν-

2011 2752 2171 2807 lndazi
2194 2761 2395 2817 essent,
2437 2752 2582 2820 ipsos
2602 2752 2896 2807 honorifice
2918 2767 3024 2805 non
3052 2751 3451 2819 compcllasset,
3476 2753 3570 2807 sed

346 2840 637 2911 εκήρυξεν.
672 2843 732 2895 Ei
762 2842 838 2913 μὴ
863 2842 1143 2906 ἔπταισαν,
1181 2842 1279 2895 οὐκ
1310 2843 1376 2895 ἂν
1406 2841 1597 2911 ἔτυχον
1640 2843 1773 2906 ἴσως
1810 2844 1908 2911 τῆς

2011 2844 2058 2897 in
2115 2843 2337 2912 majoris
2397 2845 2837 2913 reprehensionis
2878 2853 3254 2912 argumentum
3313 2845 3571 2899 honorem

347 2932 719 3032 προσηγορίας
741 2950 753 2962 ·
783 2932 898 2985 ἀλλ’
929 2934 1012 2996 είς
1044 2933 1292 3003 μείζονος
1329 2932 1664 3004 κατηγορίας
1708 2933 1907 2986 ὑπόθε-

2011 2936 2346 2990 rontumelite
2379 2933 2676 3003 conjunxit.
2710 2933 2965 3002 Tangens
3002 2934 3146 2988 enim
3182 2934 3322 3000 illos,
3355 2946 3409 2987 et
3468 2934 3569 2988 du-

348 3033 434 3069 σιν
454 3015 552 3087 τὴν
588 3017 752 3088 τιμὴν
780 3020 846 3089 τῇ
891 3019 1097 3089 μέμψει
1138 3020 1423 3085 συνέζευεε
1442 3036 1455 3049 ’
1475 3019 1904 3087 -καθαπτόμενος

2011 3026 2190 3079 ritiam
2218 3026 2340 3081 aliis
2381 3026 2686 3094 patefacere
2733 3024 2980 3094 cupiens,
3030 3024 3361 3079 accusationi
3402 3023 3573 3078 hono-

345 3106 456 3176 γὰρ
484 3107 663 3159 αὐτῶν
695 3107 789 3162 καὶ
818 3107 1198 3178 ὲκπομπεῦσαι
1234 3111 1333 3179 τὴν
1367 3110 1725 3177 ἀναισθησίαν
1781 3109 1907 3167 Βου-

344 3197 589 3269 λόμενος,
625 3200 691 3269 τῇ
727 3198 963 3251 αἰτιάσει
990 3200 1089 3270 τὴν
1117 3199 1282 3270 τιμὴν
1318 3200 1627 3270 παρέπλεξε
1651 3216 1666 3230 ο
1708 3199 1907 3269 μᾶλλον

342 3288 405 3340 δὲ
425 3289 489 3340 ἐκ
526 3289 620 3357 τῆς
650 3288 816 3358 τιμῆς
843 3288 941 3358 τὴν
972 3289 1307 3360 κατηγορίαν
1336 3291 1557 3358 μείζονα
1579 3289 1908 3360 συγγνώμης

348 3379 613 3447 ἀπέφηνε,
640 3379 768 3449 περὶ
798 3380 854 3432 δὲ
882 3379 990 3432 τῶν
1009 3381 1065 3434 ἐν
1088 3384 1153 3450 τῇ
1184 3382 1364 3451 χάριτι
1560 3382 1660 3450 τῆς
1682 3381 1910 3451 βροντῆς

350 3466 465 3527 υίὸς
492 3483 505 3496 ·
545 3486 562 3517 ι
615 3471 766 3521 ’Ὀσοι
809 3468 866 3521 δὲ
898 3468 1089 3522 ἔλαϐον
1109 3470 1290 3533 αὐτὸν,
1322 3470 1520 3523 ἔδωκεν
1545 3472 1731 3533 αὐτοῖς
1763 3468 1912 3534 ἐξου-

351 3555 474 3608 σίαν
510 3558 671 3610 τέκνα
700 3558 833 3612 Θεοῦ
866 3559 1144 3627 γενέσθαι.
1182 3578 1200 3611 ι
1255 3561 1385 3615 Ἰδοὺ
1414 3561 1543 3614 ἄνευ
1578 3562 1911 3632 κατηγορίας

352 3648 507 3718 τιμή·
540 3649 654 3702 ἰδοὺ
677 3650 773 3719 τῆς
813 3648 1085 3714 υἱοθεσίας
1118 3650 1178 3704 τὸ
1204 3651 1421 3720 ἀξίωμα
1445 3668 1458 3682 ·
1481 3653 1590 3706 ἰδοὺ
1621 3654 1720 3722 τῆς
1744 3652 1913 3722 ὑπερ-

350 3737 580 3805 κοσμίου
629 3740 930 3807 συγκλήτου
962 3742 1022 3793 τὸ
1055 3740 1321 3812 σύνθημα.
1364 3744 1430 3795 "U
1480 3742 1591 3797 ἄνω
1616 3743 1710 3795 καὶ
1762 3742 1913 3795 κάτω

356 3828 646 3897 προφέρων
674 3831 702 3881 6
733 3830 920 3900 Σωτὴρ
957 3830 1161 3899 ἔλεγεν·
1200 3851 1217 3883 ι
1258 3833 1448 3895 Ὅπως
1476 3833 1708 3902 γένησθε
1737 3834 1911 3902 ὅμοιοι

348 3917 446 3972 τοῦ
473 3918 680 3987 Πατρὸς
702 3919 851 3988 ὑμῶν
880 3921 971 3974 τοῦ
1000 3923 1056 3975 ὲν
1082 3925 1189 3983 τοῖς
1219 3924 1519 3992 οὐρανοῖς-ι
1553 3924 1666 3988 καὶ,
1706 3940 1725 3973 ι
1756 3919 1911 3976 Οἶδεν

351 4008 382 4059 6
422 4005 606 4075 Πατὴρ
642 4007 792 4077 ὑμῶν
820 4009 848 4059 6
875 4009 1141 4079 οὐράνιος,
1164 4004 1237 4063 ὧν
1269 4010 1456 4080 χρείαν
1484 4010 1656 4080 ἔχετε,
1680 4010 1787 4081 πρὸ
1817 4010 1911 4064 τοῦ

348 4096 675 4165 αἰτήσασθαι
720 4098 902 4153 αὐτόν.
950 4098 1122 4160 Αὐτὸς
1154 4100 1253 4171 μὲν
1296 4096 1391 4153 οὖν
1433 4103 1460 4153 6
1507 4102 1604 4170 τῆς
1642 4101 1913 4163 υἱοθεσίας

350 4187 523 4249 αἴτιος
554 4188 615 4240 τὸ
651 4187 866 4257 ἀξίωμα
912 4190 1189 4259 πανταχοῦ
1228 4189 1611 4260 ἀνακηρύττει.
1656 4192 1713 4242 Ὀ
1756 4191 1812 4244 δὲ
1853 4192 1912 4255 ἐξ

366 4279 658 4348 Ἰουδαϊκῆς
700 4277 972 4341 ὲπάλξεως
1014 4279 1364 4347 εὐαγγελικὸν
1409 4282 1706 4353 μηχάνημα
1751 4297 1910 4349 γεγο-
1942 4314 1984 4368 D

350 4365 474 4431 νὼς,
501 4368 712 4431 δεικνὺς
750 4368 849 4438 τὴν
878 4369 1040 4437 τιμὴν
1067 4368 1269 4438 ταύτην
1309 4370 1455 4441 ἔργῳ
1497 4370 1906 4440 βεϐαιωθείσαν,

347 4458 450 4526 ἔφη
484 4474 495 4485 ’
534 4477 551 4506 ι
591 4459 663 4509 Οὐ
696 4457 803 4526 γὰρ
858 4458 1079 4511 ἐλάϐετε
1128 4460 1344 4531 πνεῦμα
1374 4461 1613 4523 δουλείας
1646 4462 1804 4515 πάλιν
1834 4464 1913 4525 εἰς

346 4547 527 4615 φόϐον,
560 4547 695 4600 ἀλλὰ
716 4538 933 4615 πνεῦμα
953 4548 1240 4615 υἱοθεσίας,
1275 4551 1329 4602 ἐν
1416 4550 1708 4621 κράζομεν,
1741 4550 1909 4603 Ἀϐϐἄ

346 4639 374 4688 6
405 4640 590 4709 Πατήρ
618 4653 631 4667 ·
664 4637 793 4690 αὐτὸ
825 4637 886 4692 τὸ
940 4638 1157 4709 πνεῦμα
1201 4647 1582 4711 συμμαρτυρεῖ
1618 4640 1697 4710 τῷ
1745 4641 1907 4693 πνεύ-

351 4746 482 4795 ματι
512 4729 693 4798 ἡμῶν,
736 4729 820 4781 ὅτι
851 4730 1019 4799 ἐσμὲν
1051 4732 1219 4797 τέκνα
1246 4732 1381 4784 Θεοῦ
1409 4750 1421 4761 ·
1459 4734 1507 4785 εί
1532 4732 1590 4785 δὲ
1616 4733 1778 4785 τέκνα
1814 4731 1906 4784 καὶ

345 4817 698 4887 κληρονόμον
743 4818 1068 4889 κληρονόμοι
1112 4822 1211 4889 μὲν
1257 4822 1391 4876 Θεοῦ
1416 4862 1430 4886 ,
1482 4820 1907 4891 συγκληρονόμοι

347 4906 406 4957 δὲ
437 4908 692 4974 Χριστοῦ.
731 4930 749 4962 ι
772 4912 945 4965 Βαϐαὶ
974 4912 1075 4981 τῆς
1099 4913 1301 4982 τιμῆςῑ
1338 4914 1460 4976 Πῶς
1505 4912 1616 4983 (58)
1660 4913 1769 4966 ἄνω
1810 4913 1906 4965 ἀν-

2008 3131 2119 3170 rem
2168 3114 2480 3179 admiscuit,
2529 3124 2622 3170 aut
2654 3115 2837 3170 verius
2880 3114 3083 3169 honore
3131 3114 3317 3169 habito
3352 3129 3573 3169 accusa-

2011 3206 2210 3259 tionem
2243 3204 2398 3258 venia
2426 3203 2700 3273 indignam
2736 3216 2854 3259 esse
2886 3202 3140 3258 ostendit.
3170 3203 3245 3256 De
3289 3202 3356 3256 iis
3400 3202 3571 3267 enim,

2010 3293 2100 3360 qui
2139 3293 2189 3346 in
2211 3293 2383 3361 gratia
2416 3299 2543 3346 sunt
2576 3291 2692 3357 Dei,
2727 3291 2926 3347 clamat
2966 3292 3190 3347 tonitrui
3235 3290 3376 3346 titius
3408 3288 3572 3346 Joan-

2011 3396 2107 3437 nes
2138 3398 2155 3435 :
2189 3400 2209 3434 ι
2243 3380 2516 3451 Quotquot
2541 3389 2720 3435 autem
2758 3388 3078 3448 receperunt
3121 3394 3269 3445 eum,
3316 3379 3459 3433 dedit
3493 3378 3575 3434 eis

2012 3482 2329 3543 potestatem
2363 3472 2502 3527 ﬁlios
2541 3472 2632 3528 Dei
2665 3472 2872 3526 fieri”.
2917 3489 2935 3524 ι
2982 3471 3124 3526 Ecce
3154 3472 3356 3538 absque
3405 3469 3573 3526 casti—

2012 3564 2225 3633 gatione
2274 3565 2529 3618 honorem
2579 3563 2751 3618 :vide
2800 3563 3103 3632 adoptionis
3163 3563 3326 3616 decus
3381 3579 3396 3615 :
3449 3562 3572 3616 vide

2013 3656 2249 3711 caelestis
2273 3656 2514 3709 ordinem
2542 3653 2873 3709 vocationis?
2911 3650 3064 3718 Quod
3081 3649 3247 3706 semel
3269 3651 3574 3715 iterumque

2017 3747 2275 3802 Servator
2305 3745 2588 3814 proferens
2620 3746 2695 3798 ait
2720 3761 2736 3797 :
2773 3762 2791 3796 ι
2824 3743 2893 3799 Ut
2918 3744 3036 3799 sitis
3062 3740 3154 3797 ﬁlii
3181 3741 3355 3797 Patris
3384 3740 3569 3802 vestri,

2011 3838 2103 3904 qui
2131 3838 2185 3890 in
2226 3837 2381 3890 caelis
2426 3834 2599 3890 est“.
2638 3853 2655 3883 ι
2690 3832 2756 3888 Ει
2799 3842 2921 3902 post
2951 3848 3058 3887 non
3108 3833 3267 3901 longe
3322 3849 3338 3885 :
3402 3848 3421 3880 ι
3458 3827 3573 3883 Scit

2012 3925 2169 3981 Pater
2196 3932 2373 3978 vester
2407 3922 2644 3977 caelestis
2682 3922 2878 3989 quibus
2920 3920 3225 3989 indigeatis,
3277 3927 3568 3988 antequam

2014 4014 2208 4084 petatis
2229 4013 2293 4068 δι.
2327 4030 2347 4065 ι
2384 4012 2506 4081 Ipse
2549 4012 2713 4081 igitur
2760 4010 3063 4079 adoptionis
3115 4019 3305 4063 auctor
3339 4008 3565 4077 dignita-

2015 4113 2116 4159 tem
2146 4108 2264 4174 ejus
2308 4104 2506 4172 ubique
2560 4101 2899 4169 depraedical.
2934 4101 3034 4166 Qui
3080 4115 3205 4154 vero
3232 4114 3297 4154 ex
3340 4099 3570 4153 Judaico

2016 4194 2226 4262 fastigio
2275 4191 2548 4258 Evangelii
2596 4190 2770 4245 factus
2801 4199 2885 4243 est
2929 4204 3043 4253 vas,
3073 4189 3363 4245 ostendens
3398 4189 3568 4243 bono-

2016 4299 2126 4338 rem
2183 4284 2326 4336 hunc
2355 4296 2517 4351 opere
2554 4282 2955 4346 continuatum,
3005 4280 3181 4336 dicit:
3220 4269 3256 4331 ί(
3320 4279 3434 4333 Non
3488 4294 3571 4333 ac-

2014 4371 2230 4439 cepistis
2252 4370 2499 4439 spiritum
2552 4369 2828 4423 servitutis
2876 4368 3067 4423 iterum
3111 4368 3163 4422 in
3206 4369 3420 4435 timore,
3475 4368 3569 4423 sed

2012 4460 2290 4527 accepistis
2343 4459 2588 4529 spiritum
2638 4458 2957 4529 adoptionis.
3005 4459 3058 4512 in
3109 4473 3218 4527 quo
3244 4459 3563 4521 clamamus,

2014 4549 2186 4615 Abba,
2228 4547 2406 4602 Pater.
2438 4547 2555 4615 Ipse
2591 4547 2823 4617 Spiritus
2846 4547 3208 4603 testiinonium
3236 4548 3409 4602 reddit
3455 4547 3567 4615 spi-

2006 4638 2133 4693 ritui
2162 4647 2369 4703 nostro,
2409 4639 2551 4707 quod
2587 4652 2771 4693 sumus
2796 4636 2888 4691 lilii
2914 4638 3026 4692 Dei.
3060 4638 3115 4691 Si
3148 4646 3325 4691 autem
3359 4637 3475 4702 lilii,
3509 4632 3565 4689 et

2007 4728 2248 4783 haeredes
2297 4728 2584 4782 :hairedes
2604 4727 2820 4797 quidem
2873 4727 2986 4791 Dei,
3030 4729 3335 4782 cohaeredes
3384 4736 3563 4780 autem

2004 4822 2207 4876 Christi
2229 4822 2294 4872 δ’.
2334 4839 2352 4873 ι
2384 4820 2430 4875 Ο
2471 4820 2737 4888 ingentem
2774 4806 3065 4872 honorem!
3109 4818 3278 4884 Quam
3304 4817 3410 4871 alte
3447 4831 3567 4871 erc-

2005 4910 2249 4965 xithumi
2280 4909 2615 4979 prostratos!
2655 4908 2852 4961 Eadem
2880 4909 3025 4962 enim
3052 4923 3212 4978 opera
3264 4918 3320 4964 et
3355 4907 3566 4963 ιυαωο-

417 5064 460 5093 ³⁷
494 5061 598 5118 lsa.
634 5081 673 5125 ι,
703 5065 759 5118 2.
836 5067 881 5097 ³⁸
909 5067 1065 5120 Deut.
1100 5083 1273 5131 xxxii,
1306 5073 1389 5121 18.
1466 5071 1510 5098 θ’
1532 5079 1689 5119 Joan.
1720 5063 1862 5129 1,12.
1937 5063 1982 5094 ⁴⁶
2022 5061 2213 5116 Matth.
2240 5062 2399 5129 v,45.
2476 5061 2514 5092 “
2537 5060 2723 5114 Matth.
2749 5075 2821 5122 vt,
2851 5061 2905 5115 8.
2976 5060 3021 5093 δ’
3051 5061 3205 5116 Rom.
3232 5077 3345 5126 Vill,
3372 5060 3531 5115 15-17

1443 5199 1673 5255 VAle
1713 5198 2099 5253 LECTIONES
2134 5197 2221 5251 ET
2256 5195 2485 5252 NOTAE.

417 5331 526 5403 (5G)
560 5332 995 5403 EOVOiqulllllalll
1030 5334 1080 5403 in
1124 5334 1331 5395 εὐνοίας
1375 5334 1531 5403 ambo
1564 5333 1720 5403 iitlcnt
1747 5328 1906 5383 codd.

341 5411 395 5456 ct
425 5400 798 5472 vers._ittde'4,
829 5417 923 5472 pro
948 5402 1122 5471 ὁρμὴν
1163 5405 1344 5472 legunt
1382 5402 1579 5471 ὁρμήν.
1620 5400 1831 5472 Possm.

374 5470 526 5548 '(37)
579 5469 931 5525 Proverbialis
972 5469 1129 5525 este
1185 5469 1365 5525 vetere
1417 5469 1685 5539 tragoedia
1754 5480 1908 5522 sena-

344 5554 456 5591 Ηυξ
488 5555 505 5589 2

347 5627 552 5680 ’Λλλων
589 5627 791 5695 ίατρδις,
820 5629 977 5692 αὐτὸς
1005 5630 1185 5681 ἕλκεσι
1218 5628 1413 5699 βρύων.

660 5716 930 5782 ΡΛΤΒΟι.
974 5724 1087 5781 Gn.
1133 5722 1279 5780 LXX
1294 5723 1329 5779 ι’
1343 5722 1445 5779 ΙΙΙ.

2015 5326 2150 5379 Aliis
2185 5328 2416 5389 medens,
2453 5335 2506 5377 at
2545 5326 2707 5393 ipsius
2743 5328 2999 5379 utcertbus
3028 5338 3251 5380 scatens.

2013 5418 2195 5471 Utitur
2222 5426 2276 5469 et
2298 5415 2587 5485 Gregorius
2614 5415 2915 5485 Theologus
2939 5416 3192 5484 Apologia
3220 5418 3283 5470 de
3301 5433 3395 5470 sua
3413 5416 3560 5484 fuga,

2006 5496 2059 5553 et
2092 5486 2330 5538 Plutarc.
2380 5485 2471 5538 lib.
2522 5484 2595 5538 De
2642 5484 2868 5539 utilitate
2912 5501 2976 5539 ea:
3023 5485 3250 5539 inimicis
3287 5486 3556 5553 capienda.

2008 5552 2242 5611 Scuorr.

2082 5622 2192 5692 (58)
2231 5623 2436 5678 Mutant
2469 5621 2626 5678 iidem
2659 5624 2771 5685 πῶς
2802 5623 2852 5677 in
2886 5622 3008 5676 ποῦ.
3038 5621 3245 5677 Possm.

3137 5715 3207 5775 46
