3974 6144
434 250 564 320 “Si

1645 244 1707 301 S.
1748 239 2041 301 ISlDORI
2088 236 2517 299 PELUSIOT/E

3547 243 3687 310 1452

431 382 551 419 rum
614 360 1006 434 ignobilitatem
1069 352 1356 425 Apostolus
1409 352 1483 407 ob
1540 348 1728 404 oculos
1785 347 1937 417 ponit
1980 365 1991 399 :

2123 362 2237 413 ra7e
2271 357 2398 409 τους
2440 344 2616 416 χαμαὶ
2658 345 2988 415 κειμένους;
3030 346 3199 418 Ὁμοῦ
3229 365 3290 402 τε
3322 349 3432 423 γὰρ
3454 352 3552 406 καὶ
3582 356 3686 424 τὴν

433 455 771 512 nobilitatem
799 458 988 505 contra
1015 446 1471 506 Christianorum,
1502 454 1667 510 quam
1717 437 1865 492 omni
1895 450 1999 504 ope

2116 436 2386 490 Ἰουδαίων
2410 436 2847 507 μικροπρέπειαν
2875 437 3147 490 δείκνυσιν
3167 442 3197 493 ὁ
3226 440 3572 507 ’Δπόστολος,
3593 447 3685 499 καὶ

432 560 649 601 servare
667 544 869 615 justum
901 539 1085 602 luerit,
1123 552 1191 592 ne
1218 538 1417 591 honore
1438 532 1754 586 excidentes
1786 529 2005 599 gravius

2123 526 2201 597 ςὴν
2236 525 2577 596 Χριστιανῶν
2637 525 3114 596 μεγαλοπρέπειαν
3140 545 3154 558 ο
3208 530 3274 601 ἢν
3306 534 3470 587 παντὶ
3510 536 3684 589 σθένει

430 638 778 706 castigemur,
802 637 989 701 utpote
1017 636 1168 682 tanto
1197 624 1400 695 indigni
1428 623 1652 678 honore.

578 922 859 981 CXCVIII.
899 950 969 962 --
1013 915 1413 975 IIARPOCIUE
1461 909 1848 969 SOPHISTAS.

2104 621 2303 674 δίκαιοι
2337 622 2403 675 ἂν
2458 622 2650 692 εἴημεν
2696 620 2929 689 φυλάξαι
2954 638 2968 653 ⁸
3021 623 3110 676 ῐνα
3141 625 3217 696 μὴ
3251 626 3351 694 τῆς
3402 626 3561 692 ἀξίας
3591 629 3683 680 ἐκ-

2108 712 2365 775 πεσόντες
2386 751 2402 775 ,
2433 712 2849 782 ἀργαλεώτερον
2890 712 3266 784 κολασθῶμεν,
3311 716 3388 779 ὡς
3434 718 3569 788 μηδὲ
3618 723 3687 789 τῇ

2105 799 2343 871 τοσαύτῃ
2374 802 2508 870 τιμῇ
2534 798 2942 869 βελτιωθέντες.

2398 909 2531 974 PlJI
2552 947 2566 961 .
2596 939 2669 951 —
2695 910 3026 980 ΑΡΠΟΚΡᾼ
3063 908 3378 983 ΣΟΦΙΣΊᾘ.

1604 1005 1873 1075 Graphica
1904 1002 2240 1073 hypotypou‘s
2285 1001 2525 1055 laudata.

502 1124 574 1186 Ut
609 1140 931 1200 generosum
978 1136 1176 1192 equum
1221 1127 1395 1191 pictor
1451 1117 1689 1184 optimus
1732 1115 1875 1170 elata
1916 1112 2005 1168 de-

438 1224 669 1295 pingens
691 1215 905 1272 cervice
922 1214 1213 1282 spirantem
1239 1222 1404 1277 prope
1423 1202 1589 1277 619
1617 1210 1939 1271 τεριωεειιιο
1949 1214 2005 1253 re

435 1291 663 1368 studens
688 1316 893 1361 etcum
947 1303 1062 1371 ipsa
1114 1312 1362 1370 pugnans
1395 1306 1584 1350 natura
1642 1291 1875 1364 imponit
1900 1291 2004 1360 ipsi

434 1417 559 1458 cum
618 1399 775 1455 freno
825 1395 1196 1465 prudentiam,
1246 1388 1390 1444 sistit
1441 1387 1638 1457 ipsum,
1691 1398 1800 1454 quo
1861 1392 2009 1437 stare

434 1492 550 1549 vult
576 1491 731 1547 loco:
768 1490 844 1542 sic
870 1496 925 1540 et
971 1494 1061 1540 tua
1115 1482 1350 1538 eruditio
1399 1493 1498 1535 suo
1555 1489 1809 1533 sermone
1860 1473 2006 1528 clare

436 1581 593 1636 nobis
614 1571 955 1648 prudentiam
986 1572 1128 1627 illius
1178 1572 1275 1624 viri
1305 1566 1597 1638 impressit,
1635 1576 1695 1621 ut
1729 1565 1877 1619 illum
1924 1563 2006 1617 vi-

437 1673 563 1727 dere
587 1670 763 1741 potius
787 1680 952 1736 quam
987 1663 1198 1718 litteras
1237 1660 1469 1730 scriptas
1509 1658 1695 1728 legens
1732 1655 2004 1711 videatur.

927 1951 1159 2011 CXCIX.
1178 1982 1245 1992 —
1278 1947 1509 2005 EIDEM.

2182 1109 2394 1179 Ὥσπερ
2411 1108 2632 1180 ἀριστος
2660 1106 2950 1177 ζωγράφος
2974 1108 3142 1161 ῖππον
3170 1108 3377 1180 γαῦρον
3393 1113 3487 1165 καὶ
3511 1114 3692 1182 ὑψαύο

2110 1214 2238 1269 χενα
2301 1198 2567 1266 γράφων,
2621 1196 2903 1265 μονονουχὶ
2953 1195 3195 1265 ἔμπνουν
3253 1198 3414 1251 αὐτὸν
3467 1203 3691 1271 ποιῆσαι

2110 1289 2593 1360 φιλοτιμούμενος,
2639 1289 2734 1341 καὶ
2769 1288 2907 1358 πρὸς
2943 1287 3043 1359 τὴν
3073 1287 3235 1357 φύσιν
3276 1290 3688 1361 ἁμιλλώμενος,

2098 1381 2359 1452 ἐμϐάλλει
2410 1381 2509 1452 μὲν
2559 1379 2711 1449 αὐτῷ
2776 1379 2916 1449 μετὰ
2969 1379 3067 1433 τοῦ
3130 1381 3352 1451 χαλινοῦ
3413 1384 3687 1454 φρόνημα,

2109 1472 2290 1543 ἵστησι
2321 1472 2377 1524 δὲ
2420 1471 2583 1529 αὐτὸν
2625 1472 2683 1523 ἐν
2720 1470 2870 1540 αὑτῷ
2903 1468 2983 1541 τῷ
3032 1470 3211 1524 θέλειν
3246 1472 3466 1527 ἑστάναι
3496 1490 3510 1503 ·
3546 1476 3693 1529 οὕτω

2124 1563 2284 1633 καὶὴ
2328 1563 2395 1633 σὴ
2438 1561 2719 1625 παίδευσις
2756 1559 2847 1614 διὰ
2890 1560 2985 1614 τοῦ
3025 1562 3185 1631 λόγου
3237 1563 3425 1633 σαφῶς
3462 1565 3597 1634 ἡμῖν
3628 1564 3694 1618 τὸ

2126 1653 2381 1724 φρόνημα
2435 1652 2659 1721 τάνδρὸς
2704 1651 3075 1722 ἐνεχάραξεν,
3136 1654 3212 1717 ώς
3280 1654 3444 1707 αὑτὸν
3486 1657 3695 1708 ἐκεῖνον

2129 1746 2263 1816 ὁρᾷν
2312 1744 2441 1808 τοὺς
2494 1741 2969 1813 ἀναγινώσκοντας
3036 1744 3239 1813 μᾶλλον
3290 1745 3325 1816 ἢ
3388 1746 3455 1799 τὰ
3514 1747 3697 1818 γράμ-

2042 1848 2086 1903 Β
2116 1852 2285 1906 ματα.

2592 1944 2756 2013 me.
2790 1974 2862 1988 -
2889 1945 2977 2016 τι)
3010 1946 3214 2017 Αγτο.

650 2053 735 2107 Ea:
768 2051 912 2107 vultu
939 2048 1153 2118 conjicit
1183 2047 1246 2101 de
1274 2046 1475 2108 animo,
1516 2040 1717 2096 Zosimi
1743 2040 1951 2110 opinor,
1996 2040 2085 2093 cui
2116 2040 2319 2095 litteras
2364 2041 2679 2096 tradiderat.
2717 2038 2948 2110 (Similis
2985 2041 3141 2108 epist.
3180 2039 3306 2105 156,
3347 2038 3498 2112 199.)

456 2216 462 2222 .
510 2162 683 2219 Simul
712 2173 878 2230 atque
922 2166 1026 2213 tua:
1053 2154 1340 2226 probitatis
1386 2152 1596 2207 litteras
1641 2149 1734 2205 ille
1772 2149 2004 2218 accepit,

440 2269 603 2324 quem
640 2252 922 2307 nominare
971 2247 1095 2303 nolo
1129 2247 1258 2316 (non
1312 2244 1459 2299 enim
1481 2242 1687 2311 scripto
1721 2240 2007 2294 memoria-

441 2357 547 2412 que
572 2351 659 2396 est
681 2338 897 2409 dignus)
942 2335 1303 2406 perniciosum
1358 2333 1489 2401 quid
1518 2346 1584 2386 ac
1643 2331 1783 2386 rictu
1826 2331 2008 2383 minax

442 2431 651 2496 arrisit,
698 2438 759 2483 ut
816 2427 1053 2490 assolet,
1107 2423 1321 2492 quoties
1364 2422 1443 2476 ira
1485 2422 1678 2491 plenus
1727 2418 2006 2489 turgescit.

442 2526 730 2580 Certamen
761 2528 941 2573 autem
990 2517 1269 2571 horridum
1317 2526 1604 2583 aggressus
1638 2518 1739 2576 est,
1786 2519 1843 2565 et
1877 2510 2011 2563 forte

442 2611 691 2684 perfecit,
729 2608 835 2664 nisi
864 2609 976 2677 ipse
1002 2604 1395 2661 ecclesiasticis
1423 2601 1799 2657 sanctionibus
1830 2599 2009 2655 factus

442 2705 516 2761 sit
548 2700 866 2759 certaminis
892 2696 1131 2754 occasio.

726 2805 831 2863 CC.
848 2833 920 2848 --
937 2801 1233 2862 OPHELIO
1257 2797 1749 2858 SCIIOLASTICO.

2190 2150 2281 2214 Ὠς
2320 2147 2537 2213 ἐδέξατο
2565 2150 2667 2217 τῆς
2701 2147 2798 2217 σῆς
2833 2145 3241 2215 καλοκάγαθίας
3283 2150 3352 2202 τὰ
3382 2149 3694 2222 γράμματα

2108 2243 2339 2304 ἐκεῖνος,
2369 2239 2429 2293 ὃν
2456 2239 2517 2291 οὐ
2546 2237 2806 2308 βούλομαι
2834 2236 3013 2305 λέγειν
3052 2239 3072 2308 (
3094 2238 3171 2309 μὴ
3202 2238 3311 2309 γάρ
3343 2239 3429 2311 εἴη
3469 2244 3693 2313 γραφῆς

2117 2333 2211 2385 καὶ
2229 2332 2449 2401 μνήμης
2476 2328 2670 2398 ἄξιος),
2699 2328 2942 2399 ὀλέθριον
2969 2330 3067 2399 μέν
3085 2347 3137 2382 τι
3155 2331 3248 2384 καὶ
3269 2331 3496 2401 σεσηρὸς
3524 2348 3698 2403 προσ-

2112 2421 2440 2491 εμειδίασεν·
2482 2413 2595 2472 οἷον
2634 2420 2852 2485 εἰώθει,
2882 2420 3064 2473 εἴποτε
3106 2419 3276 2490 ὀργῆς
3316 2421 3691 2493 ἐμπλησθείηυ

2113 2512 2275 2566 ἄθλου
2303 2510 2360 2563 δὲ
2395 2510 2571 2582 ἥψατο
2612 2510 2956 2582 φρικώδους,
2998 2513 3093 2565 καὶ
3142 2512 3593 2577 ἀποτελεσθέντος
3620 2516 3693 2568 ἂν

2117 2604 2281 2667 ἴσως,
2310 2604 2360 2656 εί
2405 2602 2481 2674 μὴ
2527 2603 2689 2667 αὐτὸς
2726 2603 2943 2673 ἐγένετο
2970 2598 3132 2669 ἆθλος
3161 2603 3272 2675 (40)
3302 2607 3436 2674 ,τοῖς
3488 2607 3695 2677 ἐκκλη-

2117 2694 2418 2755 σιαστικοῖς
2446 2692 2687 2762 θεσμοῖς.

2427 2798 2501 2854 ε’.
2540 2827 2613 2839 -
2654 2798 2900 2872 comp
2927 2801 3385 2873 ΣΧΟΛΑΣἹἹΚῼ.

861 2895 1061 2952 Contra
1094 2894 1317 2949 nimium
1344 2891 1620 2946 mulierum
1650 2898 1915 2944 ornatum.
1948 2887 2129 2961 (Conf.
2165 2892 2318 2960 epist.
2351 2890 2440 2957 66,
2472 2890 2566 2945 lib.
2612 2906 2696 2957 ιιι,
2726 2900 2776 2946 et
2813 2908 2930 2961 sup.
2967 2894 3122 2963 epist.
3152 2892 3268 2963 25.)

514 3008 740 3065 Mirifice
804 3006 1055 3076 equidem
1110 3004 1273 3059 laudo
1321 3013 1560 3057 veterem
1612 3001 2006 3070 Spartanorum

2180 2996 2315 3051 Alav
2348 2996 2561 3068 ἄγαμαι
2604 2996 2705 3069 τὴν
2749 2996 2990 3052 παλαιὰν
3024 3000 3448 3070 Λακεδαίμονα,
3474 3006 3699 3073 κοσμεῖ-

442 3100 634 3155 urbem
665 3096 911 3152 honestis
961 3095 1226 3149 matronis
1275 3100 1529 3146 ornatum
1571 3090 2015 3153 interdicentem,

444 3207 605 3262 quem
629 3187 823 3245 scortis
864 3186 1197 3255 impurisque
1234 3181 1450 3238 feminis
1487 3179 1660 3250 magis
1699 3178 2014 3245 convenire,

445 3300 566 3353 qua:
622 3282 844 3350 laqueos
883 3291 947 3330 ac
986 3277 1123 3330 retia
1161 3272 1596 3328 adolescentibus
1647 3268 1857 3323 luxuria
1896 3282 2018 3323 cor-

448 3375 622 3445 ruptis
657 3371 900 3434 teudant,
926 3367 1291 3422 existimabat.
1323 3363 1453 3428 Quae
1487 3359 1632 3414 enim
1682 3372 1804 3413 sese
1844 3368 2005 3412 ornet

449 3470 747 3540 pudicaque
776 3470 1051 3534 appareat,
1076 3469 1271 3514 ornatu
1302 3457 1471 3511 nimio
1502 3453 1749 3509 morbum
1779 3460 2018 3507 ostentat

448 3575 631 3617 suum.
685 3556 839 3623 Quod
908 3567 1066 3608 sacra
1121 3550 1450 3605 denuntians
1504 3545 1783 3613 Scriptura
1826 3543 2019 3597 suadet

448 3666 558 3707 non
598 3657 653 3703 et
708 3644 1042 3714 margaritis,
1091 3641 1175 3696 vel
1221 3639 1455 3710 pretiosa
1505 3644 1677 3701 veste,
1711 3633 1805 3689 sed
1859 3633 2018 3688 bonis

447 3741 702 3811 operibus
725 3737 979 3807 pietatem
1014 3732 1254 3789 colentes
1280 3727 1534 3785 exornari
1552 3726 1620 3779 “.
1657 3724 1715 3779 ld
1742 3724 1789 3778 si
1822 3736 1920 3793 per
1957 3737 2017 3777 se

449 3830 788 3899 inspiciatur,
815 3826 959 3891 dico,
989 3821 1235 3887 monilia,
1260 3818 1495 3890 lapidum
1525 3814 1807 3886 fulgorem,
1850 3822 1906 3868 et
1930 3814 2018 3867 in-

453 3935 633 3985 aures,
670 3934 791 3974 cum
820 3915 1047 3972 deformi
1087 3912 1300 3969 mulieri
1357 3920 1469 3965 tum
1522 3907 1761 3978 pulchra:
1802 3906 2014 3961 obesse.

453 4011 603 4064 illam
633 4010 777 4065 enim
820 4007 1243 4078 reprehendunt,
1305 4002 1373 4056 ab
1429 4000 1532 4054 hac
1561 4012 1692 4053 vero
1744 4002 2015 4051 avertunt.

450 4099 877 4171 Reprehendunt
940 4090 1184 4168 quidem,
1264 4092 1566 4161 turpiorem
1646 4087 2014 4153 ostendendo;

453 4192 731 4247 abducunt
753 4204 882 4245 vero
906 4204 935 4242 a
958 4186 1221 4256 pulchris,
1244 4200 1366 4239 cum
1395 4182 1461 4237 de
1494 4180 1599 4234 illis
1616 4179 1761 4249 loqui
1789 4178 2014 4245 nollent,

454 4283 522 4337 de
560 4291 758 4336 ornatu
788 4281 956 4336 nimio
986 4287 1168 4334 tamen
1199 4277 1362 4331 verba
1395 4273 1621 4330 faciunt.

734 4472 866 4530 CCI.
912 4502 983 4516 —
1035 4470 1333 4529 ELAPIIIO
1386 4469 1738 4527 EPISCOPO.

2119 3089 2243 3143 σθαι
2283 3087 2744 3161 ἀπαγορεύσασαν
2794 3091 2917 3153 ταῖς
2957 3089 3199 3161 σώφροσι
3242 3090 3352 3143 τῶν
3392 3091 3693 3158 γυναικῶν·

2118 3180 2362 3252 ἑταίραις
2390 3180 2500 3249 γάρ
2531 3179 2769 3247 πρέπειν
2788 3179 2930 3233 τοῦτ’
2962 3181 3200 3250 ἐνόμισε,
3230 3184 3351 3245 ταῖς
3379 3182 3475 3234 καὶ
3512 3183 3696 3251 πάγας

2116 3272 2212 3326 καὶ
2237 3272 2427 3326 δίκτυα
2464 3273 2558 3325 ἐπὶ
2595 3272 2737 3343 θήρᾳ
2783 3272 2894 3325 τῶν
2936 3272 3248 3327 ἀκολάστων
3280 3273 3417 3326 νέων
3448 3275 3698 3328 ἐπινοού-

2120 3380 2263 3427 σαις.
2308 3363 2374 3416 Ἦ
2401 3363 2511 3434 γὰρ
2543 3362 2744 3434 κοσμία
2776 3363 2869 3416 καὶ
2899 3363 3133 3435 σώφρων
3160 3358 3300 3417 εἶναι
3328 3365 3563 3420 δοκοῦσα
3586 3406 3604 3432 ,
3640 3368 3693 3419 εί

2116 3451 2275 3506 τοῦτο
2301 3451 2539 3523 δράσειε,
2571 3452 2670 3523 τὴν
2697 3452 2906 3506 οίκείαν
2935 3452 3277 3524 έκπομπεύει
3303 3454 3479 3508 νόσον.
3508 3454 3690 3525 ’Δπερ

2117 3543 2573 3614 ἀποκηρύττουσα
2611 3544 2646 3613 ἠ
2694 3543 2813 3596 θεία
2846 3542 3035 3615 Γραφή
3065 3546 3355 3616 παραινεῖ,
3395 3546 3471 3615 μὴ
3500 3545 3688 3617 χρυσῷ

2118 3636 2213 3688 καὶ
2245 3636 2646 3707 μαργαρίταις,
2694 3636 2728 3707 ἢ
2773 3636 2963 3708 ἐσθῆτι
3000 3637 3303 3703 πολυτελεῖ,
3351 3638 3467 3692 ἀλλ’
3510 3640 3698 3711 ἔργοις

2120 3722 2346 3791 ἀγαθοῖς
2369 3723 2693 3791 κοσμεῖσθαι
2722 3723 2820 3788 τὰς
2840 3725 2940 3795 τῆς
2966 3725 3273 3790 θεοσεϐείας
3298 3725 3609 3797 ἐφιεμένας.
3637 3729 3699 3781 Ei

2117 3814 2175 3868 δέ
2213 3814 2319 3886 χρὴ
2365 3814 2461 3868 καὶ
2492 3814 2626 3867 αὐτὸ
2663 3815 2724 3868 τὸ
2760 3818 2990 3887 πρᾶγμα
3033 3816 3155 3870 καθ’
3196 3817 3358 3871 έαυτὸ
3400 3818 3699 3888 uestigant,

2120 3907 2264 3974 φημὶ
2291 3905 2428 3974 (41),
2468 3905 2550 3957 ὅτι
2588 3904 2748 3975 ὅρμοι
2772 3946 2789 3972 ,
2836 3906 2931 3959 καὶ
2974 3906 3142 3974 αὐγαὶ
3188 3905 3376 3973 λίθων,
3413 3908 3513 3961 καὶ
3542 3925 3697 3978 περι-

2116 3994 2342 4066 seposta
2370 3995 2465 4048 κιιιῖ⁵
2501 3998 2621 4060 ταῖς
2654 3996 2954 4062 δυσειδέσι,
2990 3997 3085 4050 καὶ
3129 4000 3253 4061 ταῖς
3294 3999 3436 4066 ἀγαν
3464 3999 3697 4069 ώραίαις

2118 4084 2560 4154 ἀντιπράττουσιο
2592 4084 2689 4149 τὰς
2712 4086 2813 4155 μὲν
2846 4086 2956 4157 γὰρ
2985 4086 3289 4157 ἐλέγχουσι,
3334 4087 3447 4141 τῶν
3499 4090 3561 4143 δὲ
3598 4091 3699 4142 ἀπ-

2119 4176 2332 4244 άγουσι·
2349 4175 2449 4239 τὰς
2468 4176 2569 4246 μὲν
2582 4176 2870 4247 ἐλέγχουσι
2884 4218 2899 4242 ,
2922 4178 3183 4242 κακίονας
3204 4179 3656 4250 ἐπιδεικνυμένας
3674 4197 3690 4211 ο

2118 4268 2229 4321 τῶν
2273 4268 2331 4321 δὲ
2374 4268 2698 4338 ἀπάγουσιν.
2747 4268 3035 4339 ’Δφέμενοι
3069 4270 3178 4340 γὰρ
3218 4268 3313 4323 τοῦ
3353 4272 3484 4341 περὶ
3518 4270 3700 4325 αὐτῶν

2050 4335 2095 4392 D
2122 4359 2360 4431 φράσαι,
2389 4335 2520 4431 περ),
2550 4359 2659 4413 τῶν
2685 4335 2929 4432 κοσμίων
2957 4335 3320 4430 διαλέγονται.

2438 4468 2558 4523 ΣΑο.
2601 4496 2671 4509 -
2707 4469 2954 4542 suum
2993 4472 3366 4544 Ειιιειςοιιο.

457 4582 637 4652 Ofﬁcii
669 4584 750 4638 sui
778 4582 1137 4662 admonendos
1167 4596 1279 4662 esse
1313 4582 1729 4662 conciam-stores,
1758 4578 1987 4662 eleganti
2026 4578 2211 4661 suadet
2236 4580 2389 4662 epist.
2433 4595 2653 4661 quorum
2694 4580 3004 4662 pra'dicatig
3034 4591 3091 4635 ut
3120 4600 3139 4633 ι
3173 4583 3228 4635 in
3260 4585 3699 4651 persuasibilibus

878 4652 1127 4705 humana:
1156 4652 1428 4719 sapientia:
1450 4649 1638 4719 verbis,
1657 4664 1761 4703 non
1787 4648 1853 4702 in
1881 4650 2174 4703 ostensione
2199 4649 2418 4718 spiritus
2447 4658 2495 4702 et
2530 4650 2759 4703 virtutis.
2801 4668 2822 4701 ι
2866 4648 2917 4720 (1
2950 4648 3075 4705 Cor.
3104 4667 3163 4717 ιι,
3196 4648 3278 4722 4.)

551 4761 856 4817 Vehemens
915 4759 1130 4815 dicendi
1179 4758 1414 4815 studium
1471 4764 1683 4812 mentes
1736 4756 2018 4811 hominum

455 4853 593 4909 mire
643 4853 747 4907 hoc
812 4849 1009 4907 saculo
1080 4848 1299 4916 invasit,
1365 4847 1711 4915 Sermonum,
1775 4845 2015 4916 inquam,

454 4944 711 5012 studium,
743 4957 851 4999 non
877 4942 971 5012 qui
1008 4940 1077 4996 ad
1115 4939 1483 5011 prudentiam,
1518 4938 1612 4995 sed
1647 4938 1713 4991 ad
1760 4936 2009 5005 volupta-

527 5100 572 5132 "
594 5098 617 5153 l
639 5098 780 5153 Tim.
818 5112 882 5164 ιι,
916 5096 968 5152 9.

2197 4755 2383 4819 Δεινδς
2411 4755 2584 4822 λόγων
2610 4755 2751 4828 ἔρως
2778 4760 2901 4821 ταῖς
2924 4758 3035 4823 τῶν
3062 4759 3363 4832 ἀνθρώπων
3388 4762 3591 4835 ψυχαῖς
3621 4766 3701 4829 εις

2122 4845 2312 4898 τοῦτον
2346 4845 2435 4899 τὸν
2464 4846 2653 4917 καιρὸν
2685 4847 3011 4920 ἐπεκώμασε
3035 4868 3050 4883 ·
3088 4850 3260 4920 λόγων
3287 4852 3380 4918 δέ,
3416 4856 3600 4925 φημὶ,
3640 4857 3700 4909 οὐ

2116 4937 2225 4991 τῶν
2259 4938 2636 5008 σωφρονίζειν,
2674 4940 2811 4996 ἀλλά
2852 4942 2961 4997 τῶν
2988 4942 3209 5015 τέρπειν
3246 4946 3373 5009 τοὺς
3397 4947 3700 5011 ἀκούοντας

1536 5195 1773 5252 νΑιιιιλΕ
1814 5194 2196 5253 LECTIONES
2233 5197 2322 5253 ET
2361 5200 2591 5260 NOTE.

530 5344 645 5415 (40)
663 5338 887 5415 *ᾼθλος
906 5339 1164 5409 ἐγένετο.
1186 5334 1446 5415 διιερίοοιδ
1465 5333 1574 5414 leg._
1590 5332 1765 5415 θολος,
1789 5332 2017 5415 ineptiae,

456 5403 663 5467 ne'vos
696 5403 877 5464 denuo
894 5403 1187 5477 repetatur,
1215 5407 1482 5477 dicatque,
1507 5404 1622 5477 _n_i_si
1652 5403 2017 5477 ecclesiasticis

456 5480 821 5535 sanctionibus
866 5471 1018 5530 ludos
1077 5476 1276 5545 fecerit.
1332 5472 1450 5535 Vel,
1498 5472 1678 5545 ἆθλος,
1724 5471 2015 5545 priva_ndus

457 5550 690 5624 scilicet“
719 5547 887 5624 gradu
946 5542 1296 5624 presbyterii,
1340 5550 1431 5596 aut
1472 5542 1953 5624 sacrisnarcendusn
1994 5558 2008 5595 :

458 5624 517 5668 ut
544 5617 611 5671 de
654 5608 867 5670 Zosimo
893 5608 977 5683 ep.
1010 5614 1075 5669 l2
1108 5608 1168 5669 'et
1197 5612 1320 5679 569,
1348 5626 1469 5681 pag.
1493 5610 1618 5664 283.
1652 5608 1790 5675 Quid
1819 5610 1860 5663 si
1888 5608 2011 5663 ἄθε-

2120 5338 2439 5463 ἒοῖῗωζοέοε,
2482 5341 2534 5397 id
2581 5350 2697 5405 est,
2750 5345 2973 5415 irritus,
3027 5350 3347 5421 abrogatas,
3398 5350 3697 5407 abdicatus.

2189 5476 2300 5548 (41)
2329 5478 2438 5554 Pro
2483 5483 2625 5553 φημὶ
2667 5485 2820 5541 codd.
2870 5487 2987 5542 Vat.
3034 5487 3137 5543 650
3176 5498 3229 5542 et
3279 5488 3391 5543 Alt.
3443 5492 3694 5546 scribunt

2116 5545 2353 5616 φήσαιμί
2385 5559 2439 5604 et
2466 5545 2610 5608 v'er's.
2641 5568 2757 5623 scq.
2802 5572 2898 5625 pro
2926 5556 3157 5628 ὡραίας,
3184 5545 3691 5627 ὠραιαιςέΡοςεω.
