3974 6144
214 3131 241 3152 ε
344 3110 461 3176 θὲς.

379 254 516 323 M53

1301 271 1835 343 EPISTOLARUM
1870 286 2018 347 LIB.
2059 289 2128 351 V.
2169 314 2237 324 -
2274 292 2511 355 EPIST.
2549 295 2718 356 CCII.

3468 312 3602 379 ιιδι

371 365 703 437 δυναμένων,
747 368 808 423 οὗ
839 374 1247 442 πνευματικῶν,
1293 378 1431 434 ἀλλὰ
1460 388 1810 455 σοφιστικῶνο
1836 390 1911 444 οὓς

371 457 737 489 ιηκλὶιυπ...
806 461 939 489 anns.
986 466 1393 489 A-..-_n‘-,_“,~.
1490 475 1503 489 ι
1840 482 1867 489 ..

2043 401 2149 447 tem
2199 395 2726 472 delectationemque
2777 404 3114 464 auditoribus
3176 411 3599 489 ingenerandam

364 457 768 524 ἁποστολικῶν,
804 461 941 516 ἀλλὰ
978 466 1415 535 Δημοσθενικῶνο
1451 475 1512 528 οὑ
1556 482 1930 551 προφητικῶν,

361 544 479 598 ἀλλ’
506 546 813 617 ἐριστικῶν·
844 550 907 603 ού
931 552 1039 606 τῶν
1065 554 1164 625 τὴν
1200 555 1377 630 ψυχὴν
1410 544 1687 634 εὐφρᾶναι
1703 544 1932 638 έυναμέλ

360 651 490 701 νων,
515 637 652 691 ἀλλὰ
679 639 787 691 τῶν
812 641 911 711 τὴν
956 642 1126 715 ἀκοὴν
1158 645 1371 715 θέλγειν
1399 652 1687 709 εἰωθότων*
1720 658 1781 711 οὐ
1820 637 1930 712 τῶν

359 722 449 777 διὰ
483 726 579 779 τοῦ
609 729 933 797 ἐμπνεῖσθαι
982 733 1085 787 ὑπὸ
1112 734 1219 789 τῶν
1261 739 1513 809 πράξεων
1545 744 1639 796 τοῦ
1678 745 1929 813 λέγοντος

359 814 596 884 ζώντων,
629 819 765 873 ἀλλὰ
794 822 901 875 τῶν
930 822 1017 877 διὰ
1050 824 1148 897 τὴν
1179 828 1510 898 εύγλωττίαν
1539 835 1620 898 εἰς
1648 837 1820 902 ἀκοὰς
1844 858 1929 894 νε-

359 905 497 976 κρὰς
515 907 909 979 ὲνηχουμένων.
941 912 1007 964 Τί
1031 909 1123 967 οὖν
1144 918 1395 988 ποιητέον
1418 936 1432 986 ;
1475 925 1799 995 σιωπητέον,
1832 928 1927 981 καὶ

355 994 510 1048 οὐδὲν
562 995 817 1065 λεκτέον;
877 1000 993 1054 ἀλλ’
1043 1003 1404 1064 ἐπικίνδυνον.
1475 994 1649 1065 Ἀλλὰγ
1692 1015 1921 1084 ρητέον;

352 1084 467 1138 ἀλλ’
504 1086 604 1140 οὐκ
631 1089 711 1150 εἱς
749 1089 1017 1159 ὠφέλειαν
1056 1096 1084 1147 6
1125 1094 1281 1164 λόγος
1315 1100 1407 1153 καὶ
1440 1100 1617 1170 ἔργων
1643 1104 1921 1175 ἐπίδειξιν,

351 1176 467 1229 ἀλλ’
512 1179 594 1241 εἷς
645 1181 839 1250 κρότον
875 1184 1037 1252 μόνον
1082 1186 1314 1259 τελευτᾷ
1338 1206 1352 1221 ·
1383 1190 1500 1244 ἀλλ’
1544 1194 1592 1246 εἰ
1640 1195 1735 1248 καὶ
1780 1196 1924 1251 οὕτω

349 1265 522 1321 ταῦτα
550 1267 663 1340 ἔχει
682 1310 698 1336 ,
724 1271 966 1341 ἄμεινον,
996 1276 1073 1340 ὡς
1095 1274 1271 1349 οἶμαι,
1301 1282 1525 1336 εἰπόντα
1552 1284 1626 1356 μὴ
1652 1286 1922 1359 ἀκουσθῆο

348 1373 467 1422 ναι,
504 1358 538 1430 ἢ
578 1360 652 1432 μὴ
701 1363 923 1418 εἰπόντα
961 1367 1323 1440 ὲγκληθῆναι’
1365 1390 1384 1426 ι
1431 1376 1586 1430 Διατί
1638 1377 1698 1430 τὸ
1748 1358 1922 1449 ἀργύ-

350 1448 465 1517 ριόν
496 1467 600 1519 μου
635 1452 696 1505 ού
745 1454 1046 1520 κατέϐαλες
1086 1459 1181 1513 ἐπὶ
1209 1462 1335 1525 τοὺς
1371 1463 1727 1533 τραπεζίτας,
1766 1448 1922 1537 κάγὼ

349 1540 519 1594 ἐλθὼν
546 1542 805 1617 ἀπῄτησα
823 1546 888 1601 ἂν
906 1548 1038 1603 αὐτὸ
1063 1550 1160 1606 σὺν
1182 1551 1262 1623 τῷ
1296 1556 1439 1626 τόκῳ
1462 1570 1479 1618 ;
1502 1574 1521 1607 ι
1550 1558 1772 1626 Λεγέτω
1807 1578 1919 1614 son—

347 1628 552 1699 γαροῦν
580 1633 610 1685 6
638 1632 955 1706 δυνάμενος,
1004 1638 1092 1694 ἴνα
1119 1640 1257 1712 πρὸς
1288 1644 1415 1708 τοὺς
1448 1643 1747 1712 ἀκούοντας
1840 1652 1919 1722 τῷ

346 1723 507 1793 κριτῇ
539 1722 568 1775 6
598 1721 774 1793 λόγος.

748 1926 864 1982 se.
890 1958 961 1969 —
1002 1930 1507 2008 ΟΛΥΜΠΙΟΔΩΡῼ.

2038 484 2259 543 valent:
2317 504 2421 544 non
2456 491 2522 545 de
2554 491 2714 547 rebus
2753 495 3121 564 spiritualibus
3164 488 3355 569 habiti,
3400 511 3493 564 sed
3535 513 3606 568 de

2032 573 2347 645 fallacibus;
2400 595 2506 634 non
2547 581 2615 635 de
2641 586 2973 651 apostolicis,
3009 590 3102 643 sed
3134 590 3598 665 Dctnostbenicis;

2034 681 2139 719 non
2188 668 2543 736 propheticis,
2604 674 2697 726 sed
2762 681 3147 745 coutentiosis;
3212 700 3315 738 non
3377 688 3443 742 de
3480 695 3599 746 ani-

2037 771 2182 809 mum
2261 759 2732 829 eshilarantibus,
2804 770 2898 821 sed
2956 772 3197 827 auditum
3288 776 3598 837 demulcere

2030 846 2236 913 solitis;
2292 864 2396 904 non
2442 852 2533 921 qui
2587 854 2762 910 vivida
2812 859 3039 916 dicentis
3096 877 3258 932 opera
3313 866 3594 938 iuSpirant,

2029 936 2123 989 sed
2190 939 2283 1006 qui
2342 951 2564 1011 prepter
2618 945 2982 1016 eloquentiam
3055 954 3199 1009 nudo
3257 972 3322 1010 ac
3386 936 3598 1018 mortuo

2027 1027 2215 1081 auditu
2258 1032 2620 1101 excipiuntur.
2657 1036 2797 1102 Quid
2830 1040 2992 1109 igitur
3029 1042 3375 1101 faciendum?
3407 1060 3597 1107 tacen-

2027 1118 2265 1174 dumnel’
2290 1123 2381 1177 sed
2410 1122 2511 1177 hoc
2534 1126 2892 1194 periculosum
2923 1142 3024 1187 est.
3060 1134 3141 1189 An
3197 1152 3327 1205 ergo
3374 1140 3599 1212 loquen-

2028 1206 2191 1260 dum?
2226 1218 2297 1293 at
2312 1211 2362 1265 id
2396 1214 2539 1282 quod
2559 1214 2777 1282 dicitur,
2813 1220 2977 1291 620
3017 1238 3193 1293 neque
3241 1206 3471 1284 fructum
3498 1247 3599 1288 nec

2025 1286 2247 1367 operum
2291 1290 2566 1359 ‘eﬂ‘ectum
2616 1286 3004 1377 sortitur—ised
3062 1286 3118 1369 in
3160 1318 3406 1386 plausum
3456 1324 3590 1380 abit.

2026 1387 2131 1443 Sed
2162 1391 2263 1446 etsi
2300 1392 2371 1448 ita
2423 1411 2511 1450 res
2542 1398 2729 1466 habet,
2780 1403 3061 1459 dicendum
3095 1409 3443 1467 nihilominus
3483 1425 3588 1481 est,

2024 1490 2370 1553 praestatque,
2400 1496 2456 1541 ut
2487 1489 2700 1557 opinor,
2739 1492 3009 1549 dicentem
3060 1512 3163 1552 non
3189 1502 3389 1567 audiri,
3428 1518 3592 1573 quam

2024 1584 2129 1623 non
2157 1570 2425 1628 dicentem
2475 1590 2505 1630 a
2537 1576 2765 1635 Domino
2790 1584 3106 1649 reprehendi
3143 1604 3157 1641 :
3199 1606 3218 1639 ι
3254 1570 3460 1655 (ὶιιιινο⁷
3484 1608 3592 1650 non

2024 1657 2216 1715 dedisti
2248 1665 2530 1731 pecuniam
2559 1682 2733 1722 meam
2763 1673 2829 1724 ad
2860 1689 3126 1742 mensam,
3155 1686 3210 1732 et
3235 1693 3332 1749 ego
3371 1682 3592 1739 veniens

1946 1751 1990 1808 Β
2019 1749 2085 1802 ad
2114 1764 2331 1807 usuram
2362 1757 2662 1826 exegissem
2693 1759 2842 1815 illam
2862 1756 2935 1811 ἰδῖ
2969 1782 2988 1816 ι
3039 1764 3265 1823 Peroret
3310 1771 3477 1840 igitur
3497 1773 3593 1842 qui

2027 1850 2225 1909 potest,
2255 1858 2321 1900 ne
2351 1847 2417 1899 ad
2452 1848 2728 1906 auditores
2751 1852 3002 1921 sitjudici
3028 1870 3225 1914 sermo.

2380 1955 2534 2013 CCII.
2588 1989 2660 2001 -ι
2719 1960 3230 2025 OLYMPIODORO.

346 2028 701 2101 Xenophontis
722 2035 786 2091 de
820 2034 1039 2094 Socrate
1058 2040 1265 2111 judicio
1290 2053 1340 2099 et
1368 2047 1603 2117 exemplo
1627 2048 1905 2175 horta‘tur,
1923 2066 1981 2112 ut
2008 2061 2209 2185 zel‘iictis
2231 2068 2414 2123 otiosis
2439 2077 2489 2124 et
2509 2071 2758 2131 inanibus
2791 2080 3312 2151 contemplationibus
3337 2099 3589 2147 virtutum

1701 2138 1764 2175 ac
1791 2140 1904 2179 tom
1933 2144 1989 2183 se
2054 2147 2081 2184 e
2120 2144 2196 2185 at.

1701 2138 1904 2179 acuant
1933 2144 1989 2183 se
2017 2138 2196 2188 dedat.

427 2206 757 2278 Ἀφέμενος,
797 2203 843 2267 ὧ
893 2214 1062 2283 σοφὲ,
1109 2217 1220 2272 τῶν
1267 2222 1773 2295 μεταρσιολεσχῶν,
1821 2230 1917 2284 καὶ

342 2296 877 2369 μετεωροσοφιστῶν,
918 2303 1011 2357 καὶ¹
1053 2304 1372 2377 λεξιθήρων,
1406 2311 1517 2364 τῶν
1546 2312 1711 2367 πλέον
1739 2316 1915 2386 λόγων

340 2387 574 2457 ἑχόντων
622 2390 811 2458 μηδὲν,
858 2393 937 2456 εἰς
988 2394 1086 2465 τὴν
1127 2398 1434 2470 πρακτικὴν
1466 2402 1668 2476 ἀρετὴν
1715 2408 1913 2462 σαυτὸν

341 2479 637 2544 σύντεινον,
668 2481 766 2553 τὴν
812 2485 1115 2555 μακαρίους
1144 2487 1553 2556 ἀποφαίνουσαν
1599 2496 1726 2560 τοὺς
1776 2498 1909 2570 ἐρα-

343 2568 506 2632 στάςο
558 2572 605 2624 εἰ
658 2571 715 2625 δὲ
765 2574 865 2626 οτει
911 2578 1027 2640 ταῖς
1070 2577 1179 2631 τῶν
1226 2581 1468 2651 ἀρχαίων
1518 2584 1766 2657 γνώμαις
1809 2568 1911 2643 ἠδί-

343 2674 498 2712 καιον
549 2654 689 2715 εἶναι
756 2663 956 2733 μᾶλλον
997 2667 1330 2735 ἀκολουθεῖν,
1351 2674 1476 2736 τοὺς
1531 2654 1726 2739 ἄλλους
1775 2680 1912 2745 τέως

343 2750 563 2820 παρεὶς,
602 2752 764 2807 αὐτὸν
806 2754 897 2810 τὸν
933 2759 1064 2827 παρ’
1094 2758 1271 2814 αὐτῶν
1317 2764 1627 2832 σοφώτατον
1655 2768 1912 2824 ἁπάντων

340 2840 646 2912 ἀνθρώπων
711 2848 1135 2916 κηρυττόμενον,
1186 2851 1461 2924 ἐγγυητὴν
1513 2856 1622 2911 τῶν
1672 2860 1908 2928 ἐμαυτοῦ

345 2932 518 3000 λόγων
568 2934 893 3007 παρέξομαι.
929 2938 993 2991 Τί
1033 2938 1126 2994 οὖν
1158 2959 1290 3014 φησι
1343 2944 1592 3013 Ξενοφῶν
1649 2949 1779 3020 περὶ
1808 2950 1900 3003 αύ-

2090 2241 2348 2312 Omissis,
2388 2262 2422 2303 ο
2448 2250 2686 2320 sapiens,
2742 2254 2956 2310 sublimi
2996 2258 3293 2330 loquentia,
3344 2277 3586 2325 meteoro

2020 2333 2341 2403 sophistica,
2388 2351 2450 2393 ac
2477 2341 2765 2396 verborum
2796 2343 3169 2415 inquisitione,
3213 2367 3333 2420 quae
3386 2362 3576 2423 verba,

1974 2469 1983 2473 -
2019 2434 2280 2492 prmterea
2335 2431 2507 2498 nihil,
2566 2434 2838 2501 continet,
2873 2442 3137 2496 contende
3174 2456 3279 2512 qua
3311 2456 3463 2514 potes
3517 2448 3586 2503 ad

2015 2514 2295 2583 virtutem,
2320 2533 2442 2589 quas
2462 2521 2514 2576 in
2540 2524 2753 2578 actione
2786 2536 2869 2580 est
2898 2528 3093 2596 posita,
3127 2545 3193 2585 ac
3224 2534 3305 2586 sui
3339 2546 3587 2593 amantes

2015 2604 2204 2662 beatos
2235 2609 2432 2667 reddit.
2463 2612 2534 2666 At
2551 2613 2595 2667 si
2641 2626 2887 2669 veterum
2924 2620 3102 2684 potius
3130 2624 3415 2678 sententiis
3461 2627 3585 2683 duci

2015 2694 2243 2761 placeat,
2276 2711 2397 2753 cum
2429 2702 2551 2756 aliis
2578 2703 2840 2759 hactenus
2875 2706 3186 2775 adhzeseris,
3239 2726 3385 2776 eum,
3422 2730 3582 2784 quem

2016 2784 2326 2840 mortalium
2359 2791 2602 2844 omnium
2636 2793 3098 2859 sapientissimum
3122 2795 3221 2866 ipsi
3259 2803 3584 2869 pronuntia-

2017 2881 2162 2939 runt,
2216 2887 2494 2933 auctorem
2565 2882 2670 2936 mei
2717 2882 2877 2953 hujus
2931 2885 3060 2939 dicti
3108 2887 3289 2940 laudo.
3342 2891 3416 2946 De
3474 2909 3583 2963 quo

2014 2964 2180 3030 quid,
2220 2980 2425 3035 quaeso,
2478 2968 2777 3041 Xenophon
2828 2974 3024 3029 refert?
3076 2996 3093 3029 ι
3144 2976 3335 3048 Nemo,
3386 2983 3582 3054 inquit,

344 3020 439 3075 τοῦ
485 3024 634 3094 (42);
682 3043 701 3077 ι
732 3028 921 3093 Οὐδεὶς
956 3029 1174 3084 πώποτε
1215 3034 1536 3105 Σωκράτους
1591 3037 1741 3091 οὐδὲν
1781 3040 1910 3093 ἀσε-

344 3110 440 3142 RL.-
522 3113 674 3142 Α.⁹.ἓὶ..
732 3116 942 3142 s...1-.-..
1023 3117 1141 3142 -P_-
1196 3121 1520 3142 __!____,._-,
1580 3120 1650 3142 ,rs
1818 3128 1841 3142 υ

2034 3020 2047 3030 _
2165 3020 2178 3030 ,
2236 3020 2255 3035 ι
2303 3020 2309 3021 ,
2481 3020 2777 3041 __-_-,-----
2829 3020 3018 3029 --.-...
3077 3020 3093 3029 .
3144 3020 3335 3048 -.ν...ν,
3483 3020 3582 3051 un,

2018 3054 2298 3109 Socratem
2351 3057 2573 3127 impium
2613 3063 2740 3129 quid
2803 3074 2896 3118 aut
2954 3066 3243 3125 nefandum
3295 3020 3583 3142 designare

343 3202 594 3273 λέγοντος
638 3205 891 3275 ηκουσεν.
945 3209 1080 3262 Οὐδὲ
1126 3211 1233 3282 γὰρ
1286 3215 1414 3284 περὶ
1466 3215 1567 3285 τῆς
1613 3216 1722 3270 τῶν
1772 3220 1912 3273 πᾶν·

345 3309 452 3347 των
484 3294 716 3363 φύσεως,
748 3296 893 3365 ἅπερ
917 3297 1026 3351 τῶν
1050 3299 1224 3354 ἄλλων
1249 3304 1299 3356 οἱ
1324 3303 1561 3366 πλεῖστοι
1584 3307 1908 3378 διελέγοντο,

348 3385 565 3439 σκοπῶν
585 3388 736 3451 ὅπως
756 3388 786 3442 6
807 3388 1139 3461 καλούμενος
1165 3393 1268 3447 ὑπὸ
1281 3394 1390 3448 τῶν
1410 3400 1679 3467 σοφιστῶν
1707 3400 1910 3473 κόσμος

345 3476 482 3547 ἔχει,
508 3481 604 3534 καὶ
628 3481 772 3535 τισιν
818 3482 1085 3552 ἀνάγκαις
1111 3486 1317 3541 ἕκαστα
1352 3488 1561 3557 γίνεται
1592 3493 1700 3547 τῶν
1736 3495 1905 3566 οὐρα-

346 3569 498 3636 νίων,
529 3571 663 3625 ἀλλὰ
694 3573 788 3627 καὶ
820 3574 945 3638 τοὺς
977 3577 1358 3647 φροντίζοντας
1388 3584 1645 3649 τοιαῦτα,
1697 3588 1905 3658 μωραί-

338 3676 529 3724 νοντας
552 3663 883 3718 ὲπεδεικνυε.
916 3667 1021 3719 Καὶ
1052 3667 1266 3739 πρῶτον
1299 3673 1416 3741 μετ’
1446 3674 1628 3728 αὐτῶν
1656 3677 1903 3747 ἐσκόπει,

346 3750 575 3821 πότερόν
616 3768 747 3804 ποτε
791 3756 1107 3823 νομίσαντες
1154 3761 1355 3825 ἱκανῶς
1409 3764 1510 3835 ἠδη
1556 3767 1904 3838 τάνθρώπινα

340 3840 568 3907 ειδέναι,
597 3842 846 3914 ἔρχονται
886 3846 979 3899 ἐπὶ
1012 3848 1075 3901 τὸ
1114 3851 1372 3907 τοιούτων
1407 3854 1732 3925 φροντίζειν·
1762 3857 1796 3928 ἢ
1833 3860 1903 3913 τὰ

340 3929 444 3997 μὲν
464 3930 779 4003 ἀνθρώπινα
806 3936 1090 4007 παρέντες,
1113 3941 1180 3993 τὰ
1206 3941 1459 4012 δαιμόνια
1486 3944 1544 3999 δὲ
1573 3948 1901 4013 σκοποῦντες

522 3113 675 3167 οὐδὲν
729 3116 963 3182 ἀνόσιον,
1020 3117 1144 3171 οὔτε
1194 3121 1524 3191 πράττοντος
1572 3120 1731 3191 εῐδεν,
1784 3128 1908 3181 οὔτε

2017 3142 2171 3204 vidit,
2230 3152 2324 3197 aut
2379 3113 2566 3201 dicere
2622 3113 2850 3205 audivit.

2902 3152 3015 3209 Nec
3077 3158 3220 3211 enim
3276 3159 3341 3215 de
3399 3177 3580 3218 rerum

2014 3235 2255 3286 omnium
2291 3245 2483 3291 natura
2527 3239 2605 3293 sic
2655 3240 2977 3311 disserebat,
3035 3248 3112 3302 uti
3151 3252 3458 3319 complures
3486 3256 3579 3310 alii

2014 3322 2313 3392 philosophi
2368 3328 2678 3384 :nimirum
2734 3335 3108 3404 considerans,
3162 3354 3269 3409 quo
3328 3353 3487 3411 pacto
3534 3346 3581 3401 is

2013 3414 2104 3481 qui
2139 3429 2167 3468 a
2204 3416 2605 3484 professoribus
2656 3423 2939 3492 sapientiae
2986 3431 3216 3485 mundus
3257 3434 3580 3504 appellatur,

2011 3515 2165 3562 ortus
2189 3508 2283 3573 sit,
2306 3511 2614 3582 quibusque
2645 3514 2712 3569 de
2755 3518 2935 3572 causis
2978 3524 3305 3578 necessariis
3352 3526 3579 3596 singulae

2011 3610 2099 3652 res
2132 3597 2379 3654 caelestes
2399 3600 2683 3658 iiant.lmo
2719 3618 2832 3671 eos,
2869 3606 2959 3674 qui
3003 3607 3087 3661 his
3130 3609 3288 3665 rebus
3339 3626 3575 3683 occupa-

2009 3697 2219 3753 rentur,
2237 3688 2413 3747 fatuos
2442 3708 2563 3748 esse
2580 3694 3010 3752 demonstrabat.
3042 3699 3120 3755 Ac
3150 3702 3383 3770 primum
3409 3705 3476 3758 de
3508 3704 3576 3760 iis

2010 3778 2114 3833 hoc
2163 3781 2565 3845 considerabat,
2610 3800 2677 3838 an
2729 3787 2870 3854 quod
2917 3789 3022 3843 rati
3070 3804 3129 3844 se
3187 3791 3421 3847 humana
3459 3792 3571 3860 jam

2006 3870 2140 3925 satis
2176 3870 2482 3940 intelligere
2536 3873 2602 3927 ad
2654 3887 2715 3928 ea
2756 3880 3036 3932 tractanda
3095 3881 3437 3947 accederent,
3499 3898 3570 3939 an

2008 3958 2211 4014 relictis
2293 3960 2453 4014 rebus
2530 3960 2780 4018 humanis
2834 3964 3044 4021 divinas
3115 3969 3568 4037 contemplantes,

335 4020 595 4090 ἡγοῦνται
624 4023 692 4078 τὰ
724 4026 1067 4097 προσήκοντα
1094 4031 1353 4101 πράττειν
1372 4050 1387 4064 ο
1422 4034 1697 4107 ἐθαύμαζε
1727 4038 1784 4092 δὲ
1803 4080 1818 4106 ,
1851 4043 1898 4093 ει

2016 4062 2123 4114 quae
2154 4048 2235 4102 sui
2273 4058 2454 4103 essent
2477 4049 2659 4114 oilicii,
2712 4065 2771 4106 se
2822 4051 3000 4107 facere
3031 4063 3305 4122 putarent.
3336 4056 3569 4115 Miraba-

336 4113 414 4181 μὴ
440 4116 672 4185 φανερόν
717 4117 863 4172 ἐστιν
898 4120 1112 4186 αὐτοῖς,
1146 4124 1228 4177 ὅτι
1258 4125 1432 4181 ταῦτα
1459 4128 1519 4181 οὐ
1554 4128 1778 4185 δυνατὸν
1803 4135 1896 4187 ἀν-

2016 4113 2097 4189 iur
2119 4138 2281 4191 etiam
2329 4155 2435 4194 non
2479 4154 2572 4195 eos
2608 4140 2910 4199 clarissime
2953 4146 3281 4214 perspicere,
3318 4148 3564 4205 homines

332 4200 572 4270 θρώποις
597 4203 795 4276 εὑρεῖν.
834 4207 987 4262 Ἐπεὶ
1016 4213 1106 4265 καὶ
1128 4213 1254 4278 τοὺς
1286 4216 1543 4286 μέγιστον
1565 4220 1898 4290 φρονοῦντας

2016 4238 2114 4280 nec
2132 4226 2374 4281 invenire
2391 4244 2493 4282 non
2526 4244 2703 4299 posse.
2729 4229 2838 4286 Nec
2852 4233 2994 4287 enim
3017 4248 3128 4300 eos,
3153 4235 3242 4304 qui
3274 4237 3562 4306 plurimum

333 4291 425 4344 ἐπὶ
463 4293 539 4364 τῷ
578 4296 708 4366 περὶ
743 4298 949 4354 τούτων
996 4302 1198 4373 λέγειν,
1247 4307 1309 4360 οὐ
1351 4307 1421 4361 τὰ
1465 4310 1604 4364 αὐτὰ
1652 4313 1897 4380 δοξάζειν

2016 4326 2255 4388 irrogent
2286 4318 2407 4381 sibi,
2440 4291 2580 4388 quod
2605 4320 2671 4375 de
2705 4322 2790 4376 his
2819 4323 3089 4380 disserere
3115 4326 3315 4392 norint,
3345 4329 3565 4383 easdem

331 4380 615 4453 ἀλλήλοις,
650 4385 786 4439 ἀλλὰ
832 4391 943 4453 τοῖς
988 4393 1337 4465 μαινομένοις
1372 4399 1573 4467 ὁμοίως
1596 4400 1897 4457 διακεῖσθαι

2016 4380 2157 4460 inter
2186 4419 2246 4461 se
2298 4407 2581 4476 opiniones
2625 4410 2829 4478 fovere,
2887 4415 2982 4468 sed
3018 4414 3346 4472 furiosorum
3388 4420 3564 4473 iuslar

332 4470 469 4539 πρὸς
510 4471 796 4542 ἀλλήλους.
829 4494 848 4527 ι
884 4478 1067 4533 Ταῦτα
1096 4482 1195 4553 μὲν
1235 4480 1329 4538 οὖν
1357 4484 1603 4554 Ξενοφῶν
1629 4490 1896 4563 ἔγραψεν·

2024 4503 2141 4547 uter
2164 4508 2224 4549 se
2249 4470 2588 4563 comparatos
2618 4512 2790 4554 esse.»
2815 4500 2881 4555 Et
2909 4502 3246 4574 hmcquidem
3262 4505 3560 4577 Xenophon

329 4562 421 4612 ml.
461 4562 687 4617 Πλάτων
705 4564 763 4618 δὲ
788 4568 818 4620 6
844 4568 953 4623 τῶν
978 4569 1153 4625 ἄλλων
1173 4574 1428 4630 ἁπάντων
1449 4577 1895 4653 ὲλλογιμώτερος,

2016 4584 2201 4652 ίοτὶριε
2255 4562 2493 4655 reliquit.
2543 4586 2697 4643 Plato
2752 4605 2968 4661 quoque
3030 4562 3248 4649 caeteris
3306 4562 3557 4651 omnibus

329 4650 424 4700 καὶ
451 4650 686 4718 μάλιστα
720 4654 937 4712 πάντων
970 4661 1060 4714 τὸν
1083 4664 1378 4737 Σωκράτην
1407 4650 1799 4739 ἐπιστάμενος,
1830 4672 1897 4726 τὰ

2016 4650 2178 4739 uagis
2251 4650 2483 4732 disertus
2546 4679 2599 4733 in
2661 4650 2913 4738 omnibus
2965 4698 3103 4752 pene
3157 4684 3384 4755 dialogis
3420 4687 3561 4742 idem

328 4739 466 4792 αὐτὰ
496 4739 573 4811 τῷ
613 4742 915 4814 Ξενοφῶντι
952 4749 1041 4803 διὰ
1083 4753 1298 4809 πάντων
1336 4757 1528 4811 ἑαυτοῦ
1560 4759 1745 4829 σχεδὸν
1786 4763 1894 4816 τῶν

2016 4764 2427 4835 .radidit.lgitur
2463 4768 2507 4823 si
2549 4770 2650 4824 iste
2699 4771 2781 4825 vel
2826 4773 2899 4827 illi
2938 4739 3118 4843 p-otius
3160 4786 3214 4830 et
3258 4785 3563 4833 statuerunt

327 4826 587 4897 διαλόγων
628 4838 1050 4895 κατεσκεύασεν.
1079 4844 1141 4897 Et
1166 4847 1344 4901 τοίνυν
1373 4826 1659 4917 κάκεῖνος,
1695 4852 1894 4922 μᾶλλον

2016 4860 2053 4907 :t
2102 4826 2390 4922 dixeru'nt,
2438 4859 2883 4929 scripseruntque
2948 4864 3201 4920 virtutem
3253 4866 3305 4919 in
3346 4867 3561 4923 actione

326 4916 383 4969 δὲ
414 4921 668 4990 κάκεῖνοι,
694 4926 787 4981 καὶ
803 4928 1149 5002 ἐπετήδευον,
1168 4937 1260 4990 καὶ
1288 4936 1492 5008 ἔλεγον,
1512 4942 1605 4994 καὶ
1632 4916 1889 5015 ἔγραφον,

2016 4947 2226 5002 insitam
2261 4952 2614 5006 exercendam
2656 4964 2796 5007 esse.
2824 4951 2941 5020 Ipsa
2964 4954 3106 5008 enim
3136 4998 3149 5021 ,
3180 4966 3238 5011 ut
3273 4965 3326 5011 et
3348 4956 3558 5013 Platoni

397 5070 443 5102 “
470 5072 657 5132 Matth.
681 5096 804 5147 xxv,
829 5082 918 5138 27.

1421 5202 1654 5259 νΑιιιΑῑ
1694 5205 2076 5265 LECTIONES
2117 5211 2203 5265 ET
2232 5212 2460 5269 ΝΟΤιιΕ.

396 5344 508 5419 μὶ)
692 5345 766 5401 De
798 5350 950 5402 dictis
992 5361 1040 5403 et
1086 5351 1241 5419 factis
1291 5353 1550 5419 Socratis,
1603 5360 1718 5410 init.
1751 5361 1889 5413 Tra-

322 5413 529 5488 diditet
553 5413 746 5469 Cicero
777 5419 842 5471 de
874 5420 1026 5473 Socr.
1068 5413 1458 5488 philosophiam
1487 5440 1517 5477 e
1538 5413 1678 5479 caelo
1708 5430 1757 5481 in
1789 5439 1890 5483 ter-

322 5498 411 5557 _r_a3
453 5484 749 5557 domosque
793 5484 1093 5557 revocasse.
1140 5484 1352 5544 Tusc-ut.
1412 5494 1501 5546 lib.
1547 5511 1597 5557 v,
1639 5500 1883 5552 Academ.

320 5552 413 5605 lib.
453 5567 491 5612 ι,
519 5563 627 5630 et“!
665 5552 760 5630 lib_.
796 5554 878 5630 De
922 5570 1050 5630 nat.‘
1091 5562 1327 5630 deorum.
1378 5552 1747 5630 Xenophontis
1791 5584 1888 5619 au-

320 5630 427 5675 tem
454 5632 508 5676 et
540 5618 799 5687 Plataeis,
846 5626 1083 5683 Socratis
1112 5628 1437 5695 auditorum,
1474 5618 1546 5687 aii
1586 5618 1760 5699 aliqua
1797 5618 1886 5689 Vsi-

1987 5366 2182 5443 multa_s
2218 5367 2396 5443 fuerit,
2434 5369 2672 5443 disputat
2702 5371 2941 5443 Agellius
2972 5372 3040 5425 lib
3078 5389 3163 5425 xiv
3190 5372 3342 5426 Nocl.
3367 5376 3553 5443 Λαίς..

1987 5449 2103 5499 cup.
2137 5436 2205 5500 5;
2242 5438 2333 5489 sed
2366 5437 2557 5490 rel'ellit
2601 5438 2668 5491 Μ.
2700 5436 2823 5493 Aut.
2870 5441 3109 5495 Muretus
3157 5443 3243 5495 lib.
3276 5460 3302 5493 ν
3344 5436 3555 5497 ναι-ἰαί

1985 5502 2125 5569 lecl.,
2155 5520 2274 5571 cap.
2317 5506 2401 5571 14,
2444 5516 2496 5558 et
2522 5508 2809 5562 Athenaeus
2859 5509 2951 5563 lib.
2989 5513 3270 5567 undecimo
3312 5517 3553 5568 Δείπνου

1986 5587 2127 5640 σοφ.
2159 5581 2211 5627 et
2238 5572 2486 5629 Laertius
2521 5578 2570 5631 iu
2600 5577 2843 5631 Platone.
2876 5580 3109 5634 Scuorr.
