3974 6144
448 292 585 358 1455
1640 277 1697 337 S.
1741 272 2017 334 ISIDOR]

2118 265 2498 330 ELUSIOTJE
3565 248 3687 313 1156

443 404 663 476 placuit,
710 401 795 455 via
826 407 906 453 est
940 396 1140 464 optima
1180 394 1244 446 ad
1279 392 1533 461 pietatem
1589 388 1810 448 ducens,
1864 394 1917 437 et
1956 384 2008 435 in

2119 381 2210 450 τὴν
2240 378 2550 449 πρακτικὴν
2574 376 2779 428 ἀσκεῖν·
2807 369 2947 440 αὕτη
2968 369 3098 439 γὰρ,
3120 367 3198 430 ὡς
3216 366 3310 419 καὶ
3334 364 3413 435 τῷ
3438 362 3688 417 Πλάτωνι

444 455 661 476 rw“...
978 455 989 464 .
1279 455 1292 461 -

442 492 864 550 amtenissimum
904 487 1153 541 desinens
1193 496 1464 551 campum.

2119 471 2281 534 δοκεῖ,
2310 468 2568 535 καλλίστη
2599 466 2747 518 ἐστὶν
2768 463 2902 527 ὁδὸς,
2921 461 3013 513 ἐπὶ
3029 459 3128 528 τὴν
3156 456 3439 510 εὐσέϐειαν
3459 455 3688 522 ἄγουσα,

2124 561 2216 613 καὶ
2242 560 2322 623 είς
2350 558 2608 612 πλατεῖαν
2637 552 2981 625 εὐρυχωρίαν
3011 547 3337 602 τελευτῶσα.

900 681 1076 739 CCIII.
1106 710 1173 722 —
1202 675 1555 735 CASSIANO.

2595 662 2711 716 ΣΡ.
2743 690 2811 700 -
2840 654 3206 723 ΚΑΣΣΙΑΝῼ.

1485 766 1623 835 Quid
1655 765 1925 835 (li/ferant,
1956 760 2183 824 ἄϐουλος
2209 758 2304 812 καὶ
2330 756 2647 819 ἀϐούλητος.

514 890 629 946 Non
656 888 794 944 idem
832 895 913 942 est
936 883 1295 955 imprudentia
1322 890 1376 937 et
1405 877 1829 935 involuntarium
1860 874 2016 929 ἀϐου-

2181 869 2257 921 Οὺ
2307 866 2504 920 ταυτὸν
2542 868 2605 919 τδ
2646 858 2894 929 ἄϐουλον,
2926 860 3022 915 καὶ
3052 860 3116 913 τὸ
3142 856 3459 926 ἀϐούλητον·
3491 867 3558 907 το
3596 867 3700 923 μεν

441 981 532 1033 λον
589 978 683 1031 καὶ
744 942 1061 1043 ἀϐούλητον.
1108 971 1242 1027 ιιιυιι
1296 970 1440 1024 enim
1477 965 2010 1029 inconsiderantiam,

2135 956 2229 1029 γὰρ
2252 957 2314 1010 τὸ
2339 955 2765 1027 ἀπερίσκεπτον,
2789 953 2851 1005 τὸ
2886 952 2943 1005 δέ
2967 949 3029 1003 τὸ
3056 947 3310 1001 ἀκούσιον
3352 943 3567 1016 μηνύει·
3600 942 3704 995 καὶ

442 1068 548 1121 hoc
593 1079 725 1120 vero
779 1063 1001 1117 invitum
1032 1070 1088 1116 et
1124 1074 1230 1116 non
1269 1060 1539 1115 volentem
1571 1052 1842 1124 signiﬁcat
1886 1070 1899 1106 :
1960 1059 2011 1106 et

2131 1049 2179 1102 τὸ
2204 1050 2303 1121 μὲν
2331 1051 2411 1113 είς
2441 1049 2501 1102 τὸ
2532 1047 2814 1119 πράττειν,
2841 1044 2903 1097 τὸ
2928 1044 2985 1097 δὲ
3015 1043 3096 1104 είς
3132 1038 3194 1091 τὸ
3226 1038 3454 1107 πάσχειν
3485 1035 3700 1105 βλέπει.

443 1157 577 1213 illud
605 1155 656 1208 in
684 1153 915 1224 agendo,
946 1151 1049 1205 hoc
1069 1151 1121 1205 in
1144 1147 1395 1220 patiendo
1416 1145 1578 1217 621
1601 1142 1856 1198 cernitur.
1880 1138 2012 1193 Nam

2131 1142 2196 1195 Τὸ
2232 1141 2330 1211 μὲν
2363 1142 2472 1212 γάρ
2505 1141 2653 1193 ἐστιν
2679 1138 2953 1199 ἄσκεπτος
2985 1131 3216 1202 πρᾶξις,
3248 1127 3310 1181 τδ
3341 1127 3398 1181 δὲ
3420 1139 3700 1194 κατηναγ-

446 1249 578 1303 illud
627 1247 768 1302 actio
829 1252 914 1299 est
952 1239 1381 1305 inconsiderata,
1446 1229 1549 1291 hoc
1629 1246 1761 1290 vero
1814 1239 2004 1287 coacta

1048 1239 1381 1305 onsiderata,
1446 1229 1549 1291 hoc
1629 1246 1761 1290 vero
1814 1239 2004 1287 coacta
2121 1232 2397 1301 κασμένον
2428 1228 2617 1293 πάθος.

444 1353 643 1409 passm.

910 1439 1085 1497 CCIV.
1122 1468 1194 1479 --
1229 1434 1552 1494 AUSONIO.

2604 1430 2719 1483 ΣΑν.
2756 1455 2824 1469 -
2863 1420 3183 1491 amoma.

968 1570 971 1573 -
1005 1531 1275 1596 Quomodo
1310 1539 1444 1583 recte
1460 1526 1724 1597 judicium
1753 1524 2175 1578 administretur.
2200 1521 2436 1577 Pulchra
2463 1521 2539 1576 rei
2576 1519 2821 1579 iudicata:
2854 1513 3120 1585 gradatio.

517 1642 705 1717 omnis
731 1636 1098 1696 controversia
1144 1633 1345 1701 judicio
1375 1630 1658 1686 dirimatur
1686 1646 1700 1684 :
1746 1627 2004 1697 judicium

2192 1628 2259 1683 'H
2288 1629 2387 1698 μὲν
2415 1626 2825 1696 ἀμφισϐήτησις
2851 1624 3031 1693 κρίσει
3053 1614 3401 1688 ἀναρτάσθω·
3423 1613 3457 1683 ή
3479 1610 3533 1664 δέ
3564 1610 3706 1717 Epic

450 1716 575 1793 tero
598 1743 931 1789 accusatores
948 1728 1253 1787 examinet;
1285 1737 1510 1777 examen
1540 1736 1751 1789 aequum
1775 1719 2013 1785 deﬁniat,

2131 1736 2203 1781 τις
2227 1718 2351 1780 τοὺς
2387 1714 2645 1785 ἐλέγχους
2672 1709 3026 1781 βασανιξέτω’
3062 1708 3095 1778 ἡ
3123 1707 3179 1759 δὲ
3210 1704 3445 1775 βάσανος
3480 1701 3544 1761 τὸ
3572 1699 3700 1753 δέον

448 1828 675 1896 ejusque
706 1820 970 1878 sententia
1003 1817 1293 1873 scribatur.
1334 1812 1543 1881 Scripta
1576 1825 1704 1865 vero
1731 1809 2017 1864 continue-

2118 1808 2378 1880 ὀριζέτωο
2425 1809 2453 1859 ὁ
2483 1806 2539 1858 δὲ
2571 1806 2700 1875 ὄρος
2737 1800 3055 1872 γεγράφθω·
3096 1797 3164 1850 τὰ
3210 1796 3269 1848 δέ
3320 1791 3687 1863 γεγραμμένα

451 1913 558 1984 tur,
590 1916 905 1971 confirmata
935 1911 1107 1980 reipsa
1136 1905 1463 1975 stabiliatur.
1505 1902 1695 1956 Omnis
1724 1914 1854 1955 vero
1888 1915 2015 1953 con-

2125 1896 2427 1969 κυρούσθω·
2457 1895 2524 1948 τά
2550 1895 2605 1948 δὲ
2636 1892 2951 1964 κυρωθέντα
2988 1886 3323 1960 βεϐαιούσθω
3345 1887 3458 1946 τοῖς
3490 1883 3694 1984 3970:;-

449 2011 618 2064 tentio
652 2006 825 2069 absit,
864 2011 918 2057 et
946 1998 1180 2055 amicitia
1210 1972 1498 2059 succedat,
1528 1992 1617 2048 cui
1645 1990 1775 2046 nihil
1809 2004 1906 2058 par
1933 1996 2017 2042 est

2129 1965 2270 2041 πᾶσά
2292 2003 2352 2039 τε
2379 1983 2654 2055 ἀψιμαχία.
2697 1981 2949 2052 οἰχέσθω,
2978 1980 3074 2033 καὶ
3108 1976 3266 2046 φιλία.
3294 1973 3593 2045 χορευέτω*
3628 1965 3698 2041 ἧς

446 2108 503 2153 et
535 2095 827 2151 secundum
860 2130 876 2156 ,
931 2104 1051 2145 cum
1097 2086 1165 2142 ad
1187 2086 1440 2140 virtutem
1472 2122 1488 2149 ,
1526 2090 1637 2135 tum
1670 2081 1736 2135 ad
1784 2080 2009 2148 gloriam

2131 2080 2234 2133 ἴσον
2262 2077 2432 2131 οὐδέν·
2462 2074 2555 2128 καὶ
2598 2074 2679 2137 είς
2717 2072 2917 2144 ἀρετῆς
2937 2110 2951 2137 ,
3002 2068 3097 2123 καὶ
3125 2065 3533 2135 εὐδοκιμήσεως
3552 2102 3571 2129 ,
3600 2059 3700 2114 καὶ

426 2186 898 2285 ⁴ετοηιιιιίιιιειιιιιιῐιι,
928 2196 993 2237 ac
1022 2178 1249 2249 denique
1276 2175 1342 2231 ad
1374 2174 1696 2231 hilaritatem
1728 2181 1888 2241 atque
1920 2169 1995 2225 lae

1207 2192 1249 2233 te
1276 2175 1342 2231 ad
1374 2174 1696 2231 hilaritatem
1728 2181 1888 2241 atque
1920 2169 2016 2225 lae-
2119 2169 2201 2231 είς
2234 2166 2575 2240 εὐφροσύνης
2601 2165 2776 2234 λόγον.

452 2292 646 2336 titiam.

889 2355 1043 2415 CCV.
1086 2385 1149 2395 —
1183 2350 1577 2408 PHILETBIO.

2610 2344 2836 2399 ΣΕο..-
2870 2337 3212 2409 ΦΙΔΗΤΡΙῼ.

1130 2448 1389 2501 Amicitia:
1418 2447 1514 2499 vis.
1540 2444 1620 2499 Ad
1650 2458 1833 2497 nomen
1862 2439 2056 2494 alludit
2087 2438 2354 2493 Philetrii.
2388 2436 2623 2506 (Confer.
2648 2435 2803 2504 epist.
2840 2431 2984 2503 145.)

522 2563 660 2629 Ergo
679 2557 926 2614 amicitia:
955 2569 1243 2624 altioreque
1262 2552 1401 2623 capti
1435 2566 1627 2607 nomen
1659 2565 1855 2619 gerens
1879 2548 2012 2603 alios

2195 2545 2456 2616 Ἔμελλες
2485 2545 2612 2615 ἀρα,
2647 2542 2682 2613 ἢ
2713 2541 2895 2612 φιλίας
2913 2580 2929 2607 ,
2954 2539 2986 2609 ἢ
3012 2536 3105 2590 τοῦ
3132 2532 3433 2605 τετρῶσθαι
3468 2530 3576 2585 ὑπὸ
3605 2546 3698 2599 φιν

450 2656 608 2710 etiam
642 2651 826 2707 eodem
856 2646 1128 2715 impellis?
1156 2621 1306 2700 'Ecce
1329 2621 1477 2699 enim
1525 2658 1621 2698 nos
1652 2645 1812 2698 etiam
1860 2641 2016 2711 longe

2130 2638 2239 2700 λίας
2265 2635 2548 2706 ἐπώνυμος
2585 2633 2659 2688 ὢν
2689 2632 2783 2687 καὶ
2808 2631 3000 2694 ἄλλους
3042 2630 3122 2692 είς
3148 2625 3351 2696 ταύτην
3389 2621 3699 2693 ἐμϐαίνειν.

451 2747 703 2809 dissilos,
738 2711 1002 2810 nullisque
1041 2740 1137 2792 abs
1168 2748 1215 2790 te
1253 2737 1441 2790 litteris
1492 2748 1726 2804 unquam
1757 2732 2013 2801 acceptis,

2136 2729 2273 2782 Ἰδοὺ
2303 2728 2407 2799 γὰρ
2443 2727 2538 2780 καὶ
2565 2726 2713 2797 ἡμᾶς
2746 2724 2934 2795 πόρρω
2969 2719 3367 2789 τυγχάνοντας,
3400 2715 3496 2766 καὶ
3528 2711 3698 2782 μηδεο

454 2838 529 2891 tui
588 2849 769 2889 amore
816 2832 1044 2887 miriﬁce
1091 2828 1360 2891 incendis,
1414 2827 1654 2894 adeoque
1706 2821 2015 2885 vulnerasti,

2132 2818 2340 2872 πώποτε
2392 2816 2856 2886 συν-,τετυχηκότας
2908 2811 2999 2865 διὰ
3053 2807 3418 2879 γραμμάτων,
3466 2802 3550 2865 εἰς
3596 2800 3701 2870 τὴν

452 2939 513 2984 ut
548 2942 617 2983 ne
648 2932 915 2982 momento
949 2922 1162 2990 quidem
1215 2919 1469 2990 temporis
1502 2919 1577 2973 tui
1603 2916 1848 2973 oblivisci
1894 2928 2019 2984 pos-

2130 2905 2329 2961 σαυτοῦ
2378 2906 2599 2975 ἀγάπην
2659 2901 3061 2973 ἐξεϐάκχευσας
3116 2897 3208 2952 καὶ
3253 2894 3509 2950 τοσοῦτον
3560 2908 3696 2945 κατ-

452 3019 641 3078 simus.

2132 2997 2390 3068 έτρωσας,
2425 2995 2500 3059 ὡς
2542 2994 2675 3066 μηδέ
2722 2992 2857 3064 πρὸς
2899 2992 2959 3045 τὸ
2987 2988 3194 3061 ἀκαρὲς
3233 2985 3495 3039 δύνασθαι
3521 2983 3701 3051 ἀμνηβ.

2132 3088 2324 3139 αονείν.

1462 3106 1465 3109 λ
2044 3103 2087 3137 ι..
2124 3103 2324 3158 μονειν.

694 3201 867 3261 CCVI.
900 3230 968 3243 —
1000 3197 1258 3255 DIDVMO
1291 3193 1782 3252 SCHOLASTICO.

2397 3194 2530 3259 Σςι.
2564 3220 2635 3233 -
2672 3191 2925 3261 ΔῙΔΥΜῼ
2956 3185 3409 3255 ΣΧΟΛΑΣΤΙΚῼ.

1122 3288 1386 3341 Hortatur
1410 3294 1466 3340 ut
1496 3288 1631 3339 inter
1658 3285 1798 3354 ﬁlios
1824 3299 1944 3337 suos
1982 3283 2276 3340 reconciliet
2317 3283 2653 3339 concordiam
2681 3293 2729 3337 et
2769 3297 3020 3336 antorem.

530 3401 724 3458 Filium
759 3408 904 3453 tuum
935 3395 1226 3449 maximum
1257 3410 1285 3446 ει
1322 3402 1449 3446 natu
1487 3393 1706 3445 minimo
1724 3391 1879 3445 valde
1910 3391 2027 3444 dis-

2196 3391 2300 3443 Τὸν
2330 3389 2705 3460 πρεσϐύτατόν
2734 3405 2829 3442 σου
2851 3388 2958 3443 τῶν
2982 3388 3188 3441 παίδων
3213 3384 3350 3456 πρὸς
3374 3382 3468 3437 τὸν
3489 3380 3693 3436 νεώτα-

460 3495 657 3556 sitlere,
696 3502 851 3560 teque
880 3489 996 3556 ejus
1028 3487 1105 3541 rei
1150 3484 1325 3539 ferunt
1355 3483 1629 3537 conscium
1654 3522 1670 3546 ,
1714 3480 1915 3551 lingere
1947 3490 2028 3534 ta-

2124 3494 2212 3531 τον
2237 3479 2588 3550 διαφέρεσθαί
2613 3477 2755 3541 τινές
2782 3495 2934 3547 φασι,
2955 3480 3048 3533 καὶ
3074 3478 3135 3531 σέ
3164 3476 3260 3549 μὲν
3284 3473 3506 3534 ειδέναι,
3528 3489 3693 3543 προσ-

461 3600 615 3648 men,
649 3581 800 3651 quasi
830 3579 1061 3634 nescias.
1105 3576 1352 3643 Deposita
1389 3574 1571 3640 itaque
1610 3583 1906 3641 spontanee
1936 3572 2026 3626 illa

2127 3569 2394 3623 ποιεῖσθαι
2441 3571 2498 3624 δὲ
2531 3571 2607 3641 μὴ
2649 3570 2878 3623 εἰδέναι·
2917 3569 3111 3623 θᾶττον
3142 3568 3318 3621 τοίνυν
3357 3562 3696 3632 ἀποθέμενος

459 3672 781 3744 ignorantia,
811 3682 1029 3730 conare,
1060 3680 1261 3737 quaiso,
1299 3665 1415 3717 illos
1438 3664 1506 3718 ad
1541 3673 1778 3717 mutuum
1809 3662 2026 3731 adigere

2124 3661 2221 3732 τὴν
2247 3661 2494 3716 ἑκούσιον
2534 3662 2777 3731 ἄγνοιαν,
2820 3660 3111 3732 πειράθητι
3153 3658 3350 3720 αὐτοὺς
3387 3657 3466 3718 εἰς
3513 3654 3693 3723 φιλίαν

458 3778 695 3818 amorem
727 3800 743 3826 ,
789 3774 858 3816 ne
912 3758 1301 3814 immedicabile
1363 3755 1490 3809 hinc
1538 3752 1735 3807 malum
1779 3754 2024 3808 exsistat.

2126 3752 2455 3820 συναλλάξαι
2475 3794 2491 3820 ,
2526 3753 2601 3824 μή
2633 3753 2764 3806 ποτέ
2804 3770 2857 3806 τι
2902 3753 3203 3821 ἀνήκεστον
3235 3746 3453 3818 τεχθείη
3496 3744 3689 3798 κακόν·

459 3853 735 3908 Discordia
768 3851 912 3907 enim
943 3849 1065 3905 boni
1100 3847 1231 3902 nihil
1262 3846 1453 3918 gignit.
1492 3844 1584 3900 Sic
1618 3845 1729 3909 lict,
1756 3854 1813 3899 ut
1839 3860 2027 3914 quem-

2144 3846 2205 3900 οὐ
2241 3847 2349 3917 γάρ
2381 3863 2433 3898 τι
2473 3845 2708 3915 χρηστὸν
2750 3845 2783 3915 ἡ
2823 3842 3122 3913 φιλονεικία
3145 3841 3352 3894 ὼδίνει·
3392 3840 3461 3892 ἶν’
3509 3837 3694 3903 ὥσπερ

460 3944 743 3998 admodum
775 3941 895 3997 illos
938 3954 1133 4010 parens
1165 3937 1395 4008 genuisti
1421 3978 1436 4001 ,
1469 3937 1549 3991 sic
1580 3947 1634 3990 et
1673 3936 1809 3991 bene
1835 3935 1937 3990 illis
1967 3944 2027 3989 ut

2120 3937 2214 3991 τοῦ
2244 3933 2385 3990 εἶναι
2414 3936 2553 4007 μετά
2571 3935 2669 4004 τὴν
2696 3935 2952 4007 πρόνοιαν
2982 3936 3167 3997 αὐτοῖς
3193 3931 3465 4001 κατέστης
3498 3931 3688 3994 αἴτιος,

460 4036 551 4096 sit,
578 4032 795 4088 eﬂicias.

2120 4027 2265 4081 οὕτω
2298 4028 2393 4081 καὶ
2423 4026 2518 4080 τοῦ
2543 4021 2605 4080 εὖ
2637 4022 2776 4081 εἶναι
2806 4026 3160 4095 κατασταίης.

970 4114 1169 4171 CCVII.
1201 4143 1259 4153 --
1307 4111 1532 4167 EIDEM.

2606 4116 2720 4168 ΣΖ’.
2752 4145 2822 4156 -
2866 4116 2954 4187 τι)
2997 4115 3198 4184 arra.

1814 4202 1900 4256 Vis
1930 4206 2124 4259 amoris
2153 4208 2337 4260 mutui.

534 4315 600 4371 Ut
629 4316 809 4367 ouium
856 4312 1143 4382 aliquando
1172 4311 1471 4366 convicium
1514 4325 1583 4363 ex
1624 4311 1775 4365 hoste
1823 4310 2025 4379 plausi-
2057 4306 2099 4360 D

2200 4315 2412 4385 Ὥσπερ
2455 4315 2490 4385 ἡ
2522 4314 2793 4383 ἀπέχθεια
2827 4310 3229 4383 εὐπαράδεκτὸν
3269 4325 3392 4370 πως
3426 4308 3525 4370 τὴν
3550 4305 3692 4375 παρὰ

461 4408 569 4461 bile
602 4406 775 4477 parit,
809 4404 878 4457 ita
913 4412 1102 4457 contra
1137 4400 1370 4455 amicitia
1406 4399 1582 4469 reiicit
1624 4414 1687 4454 ac
1712 4400 1859 4455 velut
1895 4415 2023 4470 pro-

2128 4404 2236 4458 τῶν
2274 4404 2483 4476 ἐχθρῶν
2508 4405 2798 4475 ἐργάζεται
2826 4404 3115 4474 λοιδορίαν,
3144 4399 3316 4462 οὕτως
3341 4399 3375 4469 ἡ
3401 4396 3552 4467 φιλία
3581 4396 3692 4448 δια-

464 4497 588 4550 telat
626 4493 869 4562 iurgium.

2131 4495 2385 4564 κρούεται
2412 4494 2617 4567 ταύτην
2646 4497 2741 4550 καὶ
2768 4494 3041 4558 ἀκοντίζει
3074 4493 3206 4565 (45).

930 4596 1151 4653 CCVIII.
1188 4619 1257 4634 υ·-
1293 4593 1548 4651 0111οΝ1.

2661 4602 2783 4657 ΣΗ’.
2819 4630 2891 4641 —-
2927 4599 3171 4653 ΩΡΙΩΝΙ.

1510 4686 1822 4741 Gratulatur
1849 4686 1917 4739 ad
1950 4686 2135 4742 bonam
2172 4708 2375 4749 reverso
2407 4695 2631 4764 frugem.

529 4800 921 4858 Incredibiliter
961 4812 1078 4854 sum
1124 4797 1334 4851 laetatus
1360 4837 1376 4861 ,
1425 4793 1637 4864 cognito
1663 4794 1827 4848 vitam
1866 4801 1918 4847 te
1964 4793 2020 4847 in

2198 4800 2407 4872 Ἥσθην
2457 4799 2771 4870 ὑπερφυῶς,
2822 4799 3011 4870 μαθών
3051 4815 3144 4851 σου
3184 4796 3282 4869 τὴν
3329 4794 3563 4867 ἀρίστην
3606 4808 3696 4863 με·

460 4893 649 4950 uielius
695 4900 1089 4953 commutasse,
1149 4888 1389 4959 mihique
1445 4886 1744 4957 persuadeo
1794 4882 1911 4939 fore
1968 4892 2024 4938 ut

2133 4891 2388 4961 ταϐολήν·
2422 4892 2516 4945 καὶ
2546 4890 2804 4957 πιστεύω,
2851 4891 2925 4954 ὡς
2952 4888 3224 4962 άποτρίψῃ
3251 4887 3352 4957 μὲν
3373 4888 3451 4950 ὡς
3475 4887 3696 4955 τάχιστα

460 4982 819 5053 ignominiam
844 4996 913 5037 ex
956 4979 1095 5034 male
1131 4986 1380 5033 anteacta
1412 4977 1522 5030 vita
1555 4981 1883 5031 contractam
1933 4973 2025 5029 de-

2127 4980 2224 5049 τὴν
2253 4978 2489 5043 ἀδοξίαν,
2520 4980 2619 5050 τὴν
2638 4978 2713 5031 ἐκ
2756 4981 2855 5048 τῆς
2880 4978 3078 5041 κακίας
3104 4976 3294 5047 πρώην
3326 4972 3696 5046 προσγενομέ-

460 5073 600 5134 leas,
635 5070 957 5139 virtutisque
986 5078 1364 5124 ornamentum
1408 5066 1557 5121 brevi
1607 5066 1854 5133 acquiras
1896 5079 2025 5119 con-

2128 5082 2253 5134 νηνο
2298 5065 2546 5137 ἀναλήψῃ
2591 5065 2647 5118 δὲ
2675 5065 2766 5118 τὸν
2807 5065 2907 5135 τῆς
2942 5064 3145 5135 ἀρετῆς
3172 5062 3379 5132 κόσμον
3407 5061 3506 5115 καὶ
3551 5060 3697 5120 κλέος

458 5163 714 5231 ciliesque
740 5160 905 5217 decus
938 5160 1321 5230 sempiternum
1352 5176 1366 5223 ;
1415 5158 1503 5212 hic
1536 5155 1749 5226 quidem
1783 5155 1835 5209 in
1868 5156 2025 5209 terris

2129 5157 2368 5227 ἀοίδιμον
2396 5156 2559 5222 ἕξεις,
2586 5154 2819 5209 ἐνταῦθα
2850 5154 2948 5225 μὲν
2970 5155 3121 5224 παρά
3145 5152 3366 5206 πάντων
3392 5153 3698 5221 ἀνακηρυτ-

458 5271 486 5307 a
517 5254 727 5310 cunctis
760 5252 1091 5318 laudandus,
1145 5252 1199 5306 in
1234 5250 1399 5305 altera
1431 5263 1558 5305 vero
1587 5250 1692 5302 vita
1744 5263 1772 5300 a
1816 5261 2025 5302 summo

2125 5248 2373 5317 τόμενος,
2400 5248 2579 5300 ἐκεῖσε
2609 5247 2665 5300 δὲ
2698 5246 2847 5317 παρά
2871 5245 2965 5299 τοῦ
2988 5242 3177 5316 κριτοῦ
3203 5242 3656 5313 στεφανούμενος.

453 5345 630 5415 judice
660 5341 1021 5400 coronandus.

1534 5488 1768 5544 VARle
1808 5486 2193 5544 LECTIONES
2226 5487 2313 5542 ET
2346 5488 2573 5545 NOTIE.

532 5634 664 5695 (ιὸ)
707 5632 875 5685 Ambo
927 5630 1083 5685 codd.
1136 5628 1409 5690 ἀκοντίζει
1470 5635 1665 5695 augent
1733 5627 2023 5694 praeposito
2063 5629 2101 5680 et

813 5632 875 5685 ho
927 5630 1083 5685 codd.
1136 5628 1409 5690 ἀκοντίζει
1470 5635 1665 5695 augent
1733 5627 2023 5694 praeposito
2063 5627 2140 5691 ἐξ.
2177 5625 2382 5681 Possm.
