3974 6144
3446 284 3584 357 1458

317 294 461 361 1457
1209 294 1744 373 EPISTULARUM
1777 293 1921 355 LIB.
1961 293 2030 352 V.
2070 316 2139 326 —
2168 292 2405 353 EPIST.
2442 291 2664 351 CCXII.

594 404 717 465 29'.
769 435 838 447 —-
877 407 1099 477 ΠΕΤΡῼ
1146 408 1605 477 ΣΧΟΛΑΣΤΙΚῼ.

2235 403 2421 458 calx.
2460 433 2530 444 .-
2574 402 2803 458 paruo
2841 384 3342 459 SCllOLASTlCO.

1426 584 1431 587 _
1462 521 1586 575 Non
1619 530 1809 574 temere
1837 517 1900 571 de
1939 514 2047 570 alio
2081 514 2453 583 judicandum.
3367 522 3372 527 ’

395 628 537 697 Ἐγὼ
576 629 639 681 οὐ
682 628 1132 702 καταψηφιοῦμαι
1154 672 1170 697 ,
1223 631 1347 685 οὔτε
1389 627 1874 700 καταποφανοῦμαι

2068 626 2328 695 Equidem
2389 643 2565 699 neque
2614 628 2938 684 sententiam
2987 628 3135 694 iero,
3185 641 3359 698 neque
3407 628 3573 700 622

308 718 522 788 ἀνδρὸς,
549 712 612 772 οὗ
644 720 781 789 μήτε
813 721 1088 792 ἀκροατὴς
1120 722 1405 793 ἐγενόμην,
1435 722 1573 792 μήτε
1603 718 1874 788 δικαστής

1995 727 2183 773 contra
2200 721 2405 789 virum,
2426 735 2584 789 quem
2612 736 2717 776 non
2746 721 3029 785 audierim,
3064 720 3373 790 pronuntio,
3396 735 3572 789 neque

294 793 360 861 ἐἰ
398 810 456 862 δὲ
487 809 806 881 κρινόμενος
846 812 999 883 ἁλοίη
1019 853 1034 878 ,
1064 813 1128 867 τὸ
1150 814 1453 885 τηνικαῦτα
1494 813 1528 882 ή
1560 813 1680 865 κατ’
1713 805 1874 864 αὑτοῦ

1991 809 2153 865 sedeo
2188 810 2303 879 ejus
2332 809 2520 880 judex.
2561 809 2617 866 Si
2651 827 2785 867 vero
2818 811 3085 867 sententia
3113 811 3217 865 lata
3247 810 3575 866 condemne—

308 900 719 971 ἐξενεχθήσεται
757 902 953 972 ψῆφος.
1284 964 1287 967 _

1989 907 2098 975 tur,
2127 909 2316 959 contra
2344 901 2493 954 illum
2528 910 2653 956 tunc
2678 901 2944 968 judicium
2979 901 3206 955 feretur.

587 1012 687 1064 ΣΡ.
727 1039 800 1053 -
831 1013 1082 1083 ΖΩΣΙΜῼ
1120 1014 1592 1084 ΠΡΕΣΒΥΤΕΡῼ.

2150 1062 2153 1065 ,
2242 1009 2399 1065 CCX.
2439 1040 2511 1053 ο·-
2544 1010 2799 1067 ZOSIMO
2831 1009 3312 1066 PRESBYTERO.

309 1102 576 1167 Quantum
596 1103 765 1156 scelus
780 1120 1066 1173 pauperum
1080 1107 1408 1161 intervenere
1424 1107 1793 1174 eleemosynas,
1815 1108 1859 1152 et
1874 1112 1966 1166 per
1983 1096 2251 1157 luxuriam
2267 1120 2355 1159 eas
2380 1104 2686 1174 abligurire.
2708 1105 2944 1175 (Confer.
2964 1107 3115 1174 epist.
3132 1105 3255 1169 185,
3277 1102 3569 1178 501,169.)

1986 1242 1991 1245 -
2056 1215 2112 1269 Si
2146 1215 2287 1271 l‘erre
2315 1213 2437 1269 aliis
2457 1228 2613 1283 opem
2643 1228 2749 1268 non
2768 1213 2870 1278 vis,
2900 1213 3028 1282 quin
3058 1212 3236 1280 potius
3261 1226 3557 1281 pauperum

307 1300 552 1373 πενήτων
578 1298 644 1350 τά
684 1298 1009 1369 τραύματα,
1048 1303 1099 1355 τί
1136 1306 1250 1366 τοῖς
1290 1304 1616 1374 μαχομένοις
1657 1302 1734 1370 τῷ
1760 1302 1874 1353 δυσ-

1989 1311 2217 1378 adauges
2244 1307 2488 1370 vulnera,
2519 1305 2649 1375 quid
2679 1319 2800 1359 cum
2830 1303 3034 1373 ingenti
3063 1312 3222 1373 atque
3258 1310 3563 1372 expugnata

306 1388 613 1458 νουθετήτῳ
649 1390 742 1441 καὶ
779 1389 1037 1461 δυσμάχῳ
1063 1392 1160 1460 τῆς
1197 1394 1467 1463 πτωχείας
1513 1391 1685 1462 θηρίῳ
1722 1391 1874 1461 χαλε·

1989 1400 2185 1457 (ΙίωοίΙί
2218 1398 2329 1453 fera
2354 1397 2695 1452 mendicitate
2725 1408 2957 1463 pugnam
2981 1393 3160 1447 reddis
3180 1391 3559 1455 dilliciliorem,

306 1476 550 1549 πώτερον
592 1482 1018 1545 κατασκευάζεις
1050 1482 1138 1534 τὸν
1182 1479 1401 1551 ἀγῶνα,
1444 1484 1535 1535 τὸν
1579 1483 1729 1553 παρά
1772 1482 1874 1534 τῶν

1989 1493 2111 1547 dum
2144 1505 2260 1560 quae
2294 1503 2323 1541 a
2358 1487 2458 1557 piis
2489 1484 2795 1541 hominibus
2826 1484 2877 1538 in
2910 1482 3222 1537 alimoniam
3258 1496 3551 1551 pauperum

308 1567 614 1637 ἐλεημόνων
660 1571 841 1632 αὐτοῖς
882 1571 964 1633 είς
1007 1571 1213 1640 τροφὴν
1274 1573 1645 1643 παρεχόμενον
1692 1571 1874 1642 ἔρανον

1989 1591 2112 1637 sunt
2149 1579 2333 1634 relicta
2355 1616 2370 1641 ,
2400 1590 2465 1630 ea
2512 1573 2839 1628 assumendo
2885 1580 3034 1625 tuum
3095 1572 3149 1623 in
3178 1570 3393 1638 epulum
3423 1584 3557 1626 con-

310 1657 794 1729 σφετεριζόμενος;
844 1660 908 1713 Τί
949 1662 1012 1713 ἐκ
1056 1660 1312 1715 τοιούτων
1360 1662 1566 1735 κερδῶν
1599 1664 1697 1733 τὴν
1747 1663 1874 1716 ἀκό-

1989 1672 2139 1737 [icis‘i
2175 1667 2315 1736 Quid
2344 1662 2604 1734 ejusmodi
2640 1661 2805 1716 lucris
2839 1659 3211 1728 inexplebilem
3246 1667 3394 1711 tuum
3426 1673 3558 1712 ven-

311 1765 503 1817 ρεστον
554 1749 754 1801 σαυτοῦ
798 1751 1087 1819 ἐμπιπλῶν
1128 1753 1404 1823 γαστέρα,
1455 1752 1693 1824 νομίζεις
1740 1756 1874 1807 ἀπο-

1989 1782 2116 1826 trem
2151 1758 2415 1830 explenda
2445 1754 2776 1822 voluptatem
2806 1750 2989 1819 capis?
3026 1750 3321 1805 Considera
3366 1749 3556 1818 paulu-

294 1839 523 1909 λαύειν;
558 1841 854 1910 Διάϐλεψον
900 1844 1090 1911 μικρὸν
1125 1844 1435 1912 ἀνενεγκὼν
1470 1846 1532 1897 ἐκ
1561 1845 1660 1915 τῆς
1690 1844 1874 1897 τοιαύ-

1989 1863 2089 1914 lum
2124 1866 2177 1911 te
2212 1854 2325 1922 ipse
2358 1847 2616 1915 colligens
2648 1844 2715 1899 ab
2739 1843 2831 1897 illa
2858 1841 3076 1896 vesania
3100 1879 3115 1905 ,
3152 1848 3326 1894 tecum
3358 1839 3437 1893 sic
3476 1855 3553 1892 ra-

302 1942 401 1997 της
422 1928 829 2001 παραπληξίας.
871 1931 1010 1982 Εἰπὲ
1036 1932 1174 2002 πρὸς
1199 1932 1390 1985 ἑαυτόν
1414 1947 1433 1963 ο
1461 1935 1509 1986 si
1540 1935 1569 1986 ό
1609 1934 1677 1987 τὰ
1702 1935 1874 1986 οίκεῖα

1989 1946 2325 2004 liocinando:
2380 1939 2438 1993 Si
2490 1936 2581 2003 qui
2633 1949 2729 1990 sua
2768 1932 2998 2003 pauperi
3042 1925 3151 1986 'non
3182 1931 3459 1985 distribuit
3496 1930 3548 1984 in

302 2018 380 2081 εἰς
422 2017 790 2088 ἐλεημοσύνην
836 2018 910 2090 μὴ
953 2021 1316 2089 προϊέμενος,
1384 2023 1467 2085 είς
1504 2025 1594 2075 τὸν
1633 2024 1873 2092 ποταμὸν

1989 2041 2406 2105 eleemosynam,
2440 2029 2493 2082 in
2528 2025 2732 2096 ignium
2758 2032 3025 2078 torrentes
3050 2020 3401 2075 intolerandis
3431 2021 3556 2074 mit-

302 2108 578 2177 πέμπεται
618 2107 710 2160 τοῦ
752 2109 960 2179 πυρὸς,
1002 2111 1265 2180 ἀφόρηταῑ
1307 2111 1870 2182 βασανισθησὸμενοςο

1989 2130 2113 2184 titur
2151 2120 2545 2181 excruciandus
2579 2114 2739 2185 epulo
2780 2113 3121 2182 evangelicus
3172 2111 3551 2181 suppliciis“;

303 2197 332 2246 ὁ
371 2195 464 2247 καὶ
492 2194 559 2247 τά
586 2196 693 2247 τῶν
732 2197 979 2265 πενήτων
1011 2198 1464 2269 ίδιοποιούμενος,
1496 2201 1549 2253 τί
1586 2201 1870 2269 miserat;

1989 2220 2071 2290 qui
2100 2231 2219 2286 quae
2248 2220 2373 2268 sunt
2406 2221 2700 2278 pauperum
2731 2205 2836 2259 sibi
2869 2218 2962 2273 per
2992 2202 3144 2257 nefas
3176 2210 3431 2271 usurpat,
3462 2216 3553 2256 ec-

304 2284 365 2335 Εί
394 2285 421 2335 ὁ
443 2283 509 2336 τὰ
544 2285 737 2337 ἑαυτοῦ
768 2285 842 2354 μὴ
865 2286 1043 2350 διδοὺς
1084 2289 1145 2341 οὑ
1181 2290 1661 2361 συγγνωσθήσεται
1684 2330 1699 2354 ,
1729 2293 1758 2343 ὁ
1781 2292 1873 2344 καὶ

1989 2283 2427 2379 quid-patietur?
2507 2296 2563 2351 Si
2600 2296 2691 2364 qui
2733 2309 2831 2349 sua
2877 2309 2982 2347 non
3035 2293 3294 2361 largitur,
3345 2292 3392 2345 ei
3446 2306 3549 2345 non

300 2372 370 2425 τά
393 2373 645 2443 διδόμενα
668 2375 953 2429 ἀποσυλῶν
974 2376 1076 2430 ποῦ
1100 2380 1379 2448 χωρήσει;
1409 2380 1473 2433 Ei
1505 2381 1602 2450 μὲν
1628 2382 1737 2451 γὰρ
1769 2381 1872 2434 ὑπὸ

1989 2372 2294 2467 ignoscitur,
2336 2403 2443 2459 quo
2472 2386 2686 2441 tandem
2722 2382 2920 2447 abibit,
2948 2382 3041 2451 qui
3089 2384 3155 2437 ab
3185 2382 3305 2436 aliis
3326 2381 3454 2437 data
3497 2381 3548 2434 in

305 2465 495 2527 πενίας
524 2467 962 2537 ἀναγκαζόμενος
999 2469 1098 2539 τὴν
1135 2471 1325 2540 καινὴν
1359 2471 1563 2541 ταύτην
1596 2472 1869 2542 λῃστείαν,

1989 2465 2372 2555 sleemosynam
2399 2475 2707 2547 exspoliat?
2746 2474 2804 2528 Si
2833 2474 2975 2528 enim
3006 2473 3181 2542 inopia
3211 2473 3433 2527 adactus
3462 2486 3551 2526 no-

302 2554 504 2623 μᾶλλον
545 2556 604 2609 δὲ
655 2557 1040 2628 τυμϐωρυχίας
1094 2560 1313 2630 χείρονα
1372 2563 1707 2633 κακουργίαν
1768 2565 1868 2616 ἐπ-

1989 2592 2101 2631 ινυιη
2136 2554 2238 2630 hoc
2281 2569 2625 2628 latrocinium
2656 2565 2740 2621 vel
2776 2565 2954 2634 potius
2985 2564 3352 2633 sepulcrorum
3383 2563 3550 2617 viola-

302 2646 549 2716 ἐνόησας,
584 2645 651 2719 ἦν
674 2649 738 2702 ἄν
765 2668 847 2703 σοι
874 2652 969 2705 καὶ
998 2650 1140 2721 ῐχνος
1175 2653 1532 2723 ἀναισχύντου
1554 2656 1869 2724 ἀπολογίας.

1989 2666 2129 2721 tione
2175 2662 2351 2718 scelus
2405 2657 2646 2712 deterius
2703 2654 3050 2716 incboasses,
3103 2661 3248 2706 esset
3296 2652 3546 2706 omnibus

299 2737 532 2808 -Ἐπειδὴ
565 2739 622 2791 δὲ
648 2741 869 2809 τρυφῶν
896 2742 990 2795 καὶ
1015 2744 1273 2813 σκιρτῶν,
1301 2744 1399 2807 τὰς
1427 2745 1713 2815 ἀλλοτρίας
1737 2763 1873 2817 συμ-

1989 2755 2138 2809 etiam
2160 2737 2532 2820 argumentum
2554 2742 2884 2810 impudentis
2909 2739 3237 2794 defensionis
3258 2740 3546 2808 reliquum.

302 2829 473 2898 φορὰς
520 2829 636 2883 δέον
680 2832 1074 2901 ἐπικουφίζειν,
1116 2835 1449 2903 ἐπιτριὸεις,
1490 2836 1620 2888 ποία
1663 2853 1743 2889 σοι
1785 2836 1873 2889 λε·

1989 2844 2112 2899 Cum
2138 2858 2264 2896 vero
2291 2838 2438 2893 luxui
2465 2834 2745 2901 indulgens
2788 2840 2948 2899 atque
2981 2830 3310 2885 insolescens
3341 2831 3549 2886 alienas

303 2916 541 2986 λείψεται
603 2920 894 2989 ἀπολογίας
959 2922 1056 2985 Τίς
1114 2923 1301 2989 ἐλεοςς
1361 2925 1488 2978 ποία
1541 2925 1868 2996 συγγνώμης

1989 2933 2311 2989 calamitates
2369 2941 2506 2996 quas
2563 2923 2853 2979 sublevare
2903 2920 3126 2975 deberes
3184 2923 3396 2975 easdem
3455 2936 3549 2991 ag-

301 3009 486 3089 ςΓαῦτα
516 3010 744 3091 δάκρυσι
767 3013 951 3083 σχεδὸν
996 3014 1235 3085 κεράσας
1257 3015 1317 3068 τὸ
1344 3015 1534 3083 μέλαν,
1554 3016 1868 3070 ἀπέστειλα.

1989 3038 2187 3096 graves,
2219 3034 2388 3089 ecqua
2410 3018 2504 3072 tibi
2534 3016 2721 3071 relicta
2744 3011 3019 3067 defensio?
3046 3025 3164 3079 quae
3185 3013 3548 3080 exepectanda

302 3100 345 3150 Τ
350 3100 454 3169 ἀχα
482 3118 598 3164 πως
644 3104 839 3156 σαυτὸν
875 3106 973 3173 μὲν
1005 3103 1190 3173 γνοίης
1215 3142 1229 3167 ,
1257 3105 1384 3166 τοὺς
1416 3105 1473 3157 δὲ
1501 3104 1739 3176 πένητας
1763 3106 1874 3159 ἀδι-

1989 3109 2393 3167 misericordia?
2441 3122 2561 3174 quae
2605 3104 2836 3169 denique
2875 3100 3075 3153 venia?
3122 3098 3249 3153 llaec
3292 3100 3550 3170 lacrymis

296 3191 415 3255 utin
459 3192 788 3263 ἀποσταίης,
822 3194 912 3247 τὸν
944 3194 1002 3246 δὲ
1044 3194 1237 3264 κριτὴν
1279 3193 1586 3261 ἐξιλάσαιο,
1638 3197 1785 3266 ἡμᾶς
1816 3215 1874 3250 τε

1989 3201 2365 3273 propemodum
2400 3197 2636 3251 miscens
2663 3201 3025 3246 atramentum
3056 3191 3122 3242 ad
3154 3197 3205 3243 te
3230 3191 3545 3260 conscripsi,

302 3278 393 3332 sui.
421 3283 486 3351 τῇ
522 3280 718 3335 σαυτοῦ
762 3281 1018 3352 μετανοίᾳ
1057 3280 1394 3351 εὐφροσύνης
1426 3280 1711 3352 ἐμπλήσας
1741 3282 1872 3353 (44).

1989 3301 2039 3348 ιιι
2065 3291 2281 3347 tandem
2313 3289 2539 3358 teipsum
2570 3281 2811 3344 noveris,
2838 3289 2894 3335 et
2913 3282 2976 3334 ab
3002 3278 3193 3346 injuria
3223 3281 3549 3347 pauperibus

375 1208 438 1259 Εἰ
479 1207 538 1259 οῦ
591 1206 772 1277 βούλει
810 1209 1138 1279 θεραπεύειν
1179 1230 1266 1279 τι,
1305 1214 1400 1266 καὶ
1439 1211 1731 1275 ἐπιτείνεις
1761 1210 1883 1264 ’τῶν

1970 3379 2258 3438 inferenda
2281 3391 2481 3441 cesses,
2497 3390 2560 3429 ac
2581 3373 2816 3443 judicem
2842 3370 3007 3425 Deum
3029 3369 3299 3439 placatum
3323 3370 3542 3435 reddas,

1963 3485 2184 3541 .nosque
2215 3478 2307 3524 tua
2342 3463 2715 3536 resipiscentia
2749 3460 2944 3532 gaudio
2973 3461 3263 3527 compleas.

540 3574 679 3628 ΣιΑο.
712 3603 782 3615 -
810 3573 1136 3645 ΘΕοΔοΣιῃ
1167 3574 1631 3647 ΠΡΕΣΒΥΤΕΡῼ.

2148 3578 2331 3635 CCXI.
2366 3603 2440 3617 ——
2478 3568 2869 3628 THEODOSIO
2901 3565 3383 3623 PRESBYTERU.

913 3662 1091 3717 Virum
1124 3664 1425 3734 religiosum
1452 3669 1867 3735 peregrinantem
1895 3672 2245 3735 commendat,
2281 3678 2336 3723 ut
2370 3666 2592 3733 hospitio
2628 3664 2942 3732 excipiatur.

383 3769 547 3836 Ἀνὴρ
592 3767 951 3837 διαφερόντως
976 3773 1044 3840 τῇ
1076 3770 1335 3844 ’θειοτάτῃ
1370 3771 1633 3844 θρησκείᾳ
1659 3775 1874 3829 ἀνακεί-

2048 3776 2147 3832 Hic
2171 3776 2258 3830 vir
2287 3774 2478 3830 divinae
2508 3773 2819 3841 religionis,
2861 3781 2920 3826 ut
2969 3774 3174 3827 incidat
3221 3775 3273 3826 in
3296 3786 3424 3835 eos,
3455 3772 3546 3839 qui

306 3876 485 3930 μενος,
512 3859 605 3910 καὶ
630 3861 739 3920 τοῖς
760 3858 828 3910 τά
851 3859 988 3912 αὐτά
1012 3861 1156 3932 αὐτῷ
1184 3861 1458 3931 μετιοῦσιν
1479 3866 1719 3933 ἐντυχεῖν
1750 3867 1874 3937 περῖ

1989 3869 2223 3924 eamdem
2252 3872 2465 3928 tenent,
2514 3863 2580 3916 ad
2627 3877 2723 3916 vos
2766 3863 3147 3931 proﬁciscitur.
3202 3863 3334 3916 Esto
3366 3863 3548 3929 itaque

299 3947 502 4001 πολλοῦ
535 3948 872 4018 ποιούμενος,
908 3951 1130 4007 κάκεῖσε
1162 3955 1408 4022 ἀφῖκται.
1439 3954 1671 4022 Ξεναγδς
1702 3957 1874 4009 τοίνυν

1989 3963 2152 4014 bonus
2178 3957 2251 4011 illi
2276 3969 2340 4009 ac
2366 3953 2627 4022 benignus
2650 3952 2869 4020 hospes,
2897 3962 2957 4008 ut
2984 3962 3035 4009 te
3063 3962 3291 4022 tuasque
3321 3952 3547 4006 intuitus

296 4040 509 4108 ἀγαθὸς
552 4039 700 4109 αὑτῷ
736 4040 918 4108 γενοῦ⁶
952 4042 1037 4096 ἵνα
1085 4042 1145 4095 σέ
1183 4060 1243 4097 τε
1293 4046 1388 4098 καὶ
1430 4043 1530 4108 τάς
1575 4045 1741 4109 ἄλλας
1775 4047 1874 4115 τῆς

1989 4049 2209 4105 virtutes
2240 4058 2423 4100 amore
2454 4040 2858 4112 complectatur.

302 4132 504 4201 ἀρετῆς
549 4120 880 4203 θεασάμενος
909 4134 1162 4202 εἰκόνας,
1214 4136 1470 4209 ἐμπλήσῃ
1529 4136 1621 4190 τὸν
1677 4140 1872 4191 οἰκεῖον

294 4223 499 4292 ἔρωτα.

544 4332 685 4385 ΣΙΒ’.
721 4363 791 4373 -—
816 4333 1113 4404 ΑΥΣΟΝΙῼ
1137 4334 1599 4389 ΚΟΡΡΗΚΤΩΡΙ.

2197 4329 2399 4391 CCXII.
2433 4359 2505 4370 —-—
2540 4327 2841 4384 AUSONIO
2872 4326 3332 4385 CORRECTORI.

789 4424 985 4479 Rustici
1013 4442 1231 4480 causam
1262 4430 1609 4495 commendat,
1633 4446 1784 4499 quem
1813 4426 1999 4481 rabula
2028 4425 2245 4496 quidam
2276 4438 2399 4477 rure
2427 4422 2495 4475 ad
2518 4419 2693 4490 forum
2730 4431 3058 4477 extraxerat.

386 4546 600 4616 Ἐπειδὴ
638 4548 781 4617 ἀνήρ
810 4566 894 4611 τις
940 4550 1191 4618 ἀγοραῖος
1226 4551 1339 4621 (45)
1362 4591 1377 4615 ,
1407 4552 1705 4622 πράγματα
1726 4551 1869 4627 ⁴βου-

302 4636 521 4706 λόμενος
545 4640 854 4707 ,παρασχεῖν
882 4638 1152 4710 ἀνθρώπῳ
1185 4641 1584 4713 ἀπραγμοσύνῃ
1615 4641 1867 4706 συζῶντι,

305 4727 549 4780 εἵλκυσεν
582 4729 743 4780 αὐτὸν
778 4730 855 4790 είς
893 4728 1260 4799 δικαστήριον·
1292 4730 1648 4796 καταξίωσον,
1681 4731 1871 4784 θᾶττον

308 4816 408 4882 μὲν
455 4816 690 4869 κωλύσαι
723 4816 911 4869 τοῦτον
938 4816 1211 4888 ἀδικῆσαι*
1249 4823 1412 4891 χαριῇ
1443 4820 1549 4889 γὰρ
1577 4819 1742 4890 αὐτῷ·
1784 4819 1874 4872 τὸν

2044 4548 2268 4615 Quando
2312 4545 2617 4601 causidicus
2663 4544 2886 4613 quidam
2936 4545 3213 4615 negotium
3272 4544 3545 4600 favescere

1975 4637 2202 4693 studens
2226 4636 2407 4706 quiete
2437 4650 2500 4691 ac
2531 4632 2821 4703 tranquille
2842 4633 3061 4703 degenti
3106 4634 3157 4687 in
3180 4632 3268 4699 jus
3293 4647 3414 4686 cum
3443 4645 3543 4684 ex-

1971 4728 2243 4795 traxerit,
2298 4728 2536 4799 digneris
2587 4741 2746 4796 quam
2805 4725 3041 4793 primum
3093 4724 3263 4793 ipsius
3320 4721 3544 4791 injurias

1970 4834 2242 4877 coercere.
2284 4818 2510 4875 Gratum
2556 4819 2607 4871 id
2636 4816 2779 4871 enim
2835 4814 2911 4874 illi
2946 4815 3173 4869 accidet.
3234 4814 3384 4868 llunc
3413 4828 3545 4867 vero

305 4903 362 4955 δὲ
399 4905 477 4966 εἰς
507 4905 605 4973 τὴν
646 4908 933 4977 ἀγροικίαν
972 4908 1204 4979 πέμψαι,
1251 4912 1351 4981 τῆς
1402 4911 1560 4982 φίλης
1606 4910 1874 4983 γεωργίας

1989 4927 2064 4968 rus
2092 4914 2274 4976 mitte,
2325 4921 2491 4981 graue
2528 4909 2625 4978 ipsi
2652 4905 2995 4978 agriculturae
3047 4906 3541 4960 remunerationem

307 4994 407 5063 τὴν
446 4994 706 5050 ἀντίδοσιν
737 4998 1138 5069 ἀσπασόμενον.

382 5171 431 5202 ⁸⁸
454 5169 585 5226 Luc.
620 5186 733 5239 xvi,
756 5173 844 5228 25.

1975 5011 2343 5074 accepturum.

1398 5283 1633 5337 VARUE
1676 5283 2058 5339 LECTIONES
2095 5282 2179 5338 ET
2212 5283 2447 5340 NOTAE.

315 5437 496 5563 p0”)
533 5436 636 5490 Pro
698 5437 983 5507 ἐμπλήσας
1034 5438 1192 5493 iidem
1238 5437 1451 5509 legunt,
1514 5439 1872 5509 ἐμπλήσειας.

360 5523 524 5560 essm.

360 5523 524 5560 OSSIN.

389 5576 501 5637 (45)
533 5576 722 5647 Scriba
774 5576 1051 5647 ἀγόραιος,
1105 5592 1209 5631 non
1263 5587 1321 5632 ut
1363 5577 1564 5647 editum
1614 5577 1709 5632 Gr.
1750 5579 1879 5645 ἀγο-

1983 5441 2101 5512 quis
2144 5440 2290 5512 alius
2319 5449 2506 5494 auctor
2536 5452 2618 5495 est
2650 5460 2661 5494 :
2709 5442 2986 5511 ’Δγόραιος
3031 5444 3283 5512 σημαίνει
3313 5442 3402 5496 τὸν
3446 5461 3545 5496 πο-

1984 5508 2148 5583 νηρὸν
2182 5511 2238 5561 ἐν
2269 5510 2444 5577 ἀγορᾷ
2472 5508 2849 5591 κεσχαμμὲνον
2882 5512 2944 5592 (if)
2972 5526 2987 5541 '
3014 5508 3266 5585 ἀγόραιος
3288 5516 3344 5594 δὲ
3373 5512 3464 5565 τὸν
3490 5514 3547 5565 ἐν

1984 5579 2160 5630 ἀγορᾶ
2180 5580 2506 5630 τιμώμενον.
2535 5580 2639 5630 Sed
2665 5584 2713 5630 Id
2739 5597 2843 5630 non
2879 5583 3089 5630 vnletnr
3111 5598 3314 5630 servari
3345 5594 3544 5630 “smm-

2023 5580 2160 5649 γορᾷ
2180 5580 2506 5653 τιμώμενον.
2526 5580 2639 5653 Sed
2665 5580 2713 5635 id
2739 5597 2843 5634 non
2879 5580 3089 5653 videtur
3111 5580 3314 5653 servari
3345 5594 3544 5653 usque-

322 5647 490 5715 ραῒος.
522 5646 837 5702 Ammonius
881 5645 1027 5701 enim
1060 5648 1124 5702 de
1155 5661 1344 5703 vocum
1390 5645 1721 5713 diﬂ'ercntiis,
1765 5649 1874 5702 sive

1989 5645 2216 5717 quaque.
2240 5645 2487 5711 'ut'epist.
2520 5650 2639 5719 185,
2685 5666 2803 5721 pag.
2834 5652 2918 5717 96,
2955 5654 3115 5710 v.15.
3150 5652 3357 5709 SCHOT'I
