3974 6144
458 304 593 371 1459
1612 308 1671 369 S.
1712 306 1911 367 ISIDO

559 411 720 484 623
785 410 1012 468 CCXIII.
1038 444 1110 457 —-
1148 408 1402 469 ZOSIMO
1434 410 1911 469 PRESBYTERO.

1612 308 1671 369 S.
1712 306 2002 367 ISIDORI
2039 306 2475 369 PELUSIOT/E

2047 423 2094 477 Α

3559 290 3692 357 ιιω

2391 409 2531 466 Σιιν.
2570 436 2639 449 -
2672 405 2923 478 manus
2953 400 3419 474 ureserrm.

1075 524 1344 595 Exemplis
1375 526 1548 596 potius
1577 541 1736 597 quam
1766 525 1933 581 verbis
1960 524 2309 582 suadendum.
2343 524 2581 597 (Confer.
2616 524 2770 593 epist.
2793 520 2924 584 2⁸55,
2955 516 3107 585 508.)

528 636 644 692 Νοη
673 637 868 702 verbis,
894 636 1033 692 bone
1056 639 1159 705 vir,
1186 637 1465 695 inescandi
1489 638 1782 700 auditores,
1811 639 1906 693 sed
1930 652 2019 692 re-

459 727 574 795 ipsa
607 735 660 780 et
700 726 990 796 exemplis,
1015 727 1107 796 qui
1139 742 1237 782 nos
1263 734 1493 782 cernunt
1534 727 1807 783 trahendi.
1847 727 2024 784 Mores

458 817 603 871 enim
648 819 1019 885 persuadentis
1041 819 1330 873 venerandi
1368 829 1529 884 sunt,
1566 834 1673 874 non
1703 819 1897 876 oratio.
1942 820 2023 874 Illi

458 908 601 961 enim
630 916 933 977 spectantes
955 908 1197 974 ﬂectunt,
1225 909 1340 964 hac
1361 923 1492 963 vero
1516 908 1788 965 auditores
1814 909 2019 979 fatigat.

458 996 647 1065 igitur,
685 997 829 1066 quod
873 998 1057 1053 dicere
1096 998 1337 1054 volebam
1363 1036 1382 1065 ,
1428 1013 1573 1054 nunc
1614 997 1859 1055 ederem.
1925 997 2023 1054 Vir

459 1086 677 1155 quidam
704 1087 902 1143 virtute
924 1096 1147 1144 ornatus
1176 1087 1334 1143 valde
1364 1088 1459 1144 tibi
1501 1089 1831 1159 indignatur,
1854 1090 2023 1145 multa

459 1179 678 1249 quidem
719 1180 961 1235 referens
981 1218 999 1244 ,
1039 1196 1204 1235 unum
1229 1194 1357 1236 vero
1382 1179 1695 1245 admirans,
1728 1180 2021 1250 quomodo,

460 1283 581 1323 cum
604 1267 857 1323 Ecclesia:
881 1268 956 1323 sis
996 1270 1250 1338 probrum
1277 1307 1294 1335 ,
1316 1269 1484 1323 vitam
1528 1268 1931 1324 immaculatam
1954 1284 2022 1325 ex

460 1359 799 1414 orationibus
824 1359 1080 1414 aestimari
1127 1359 1418 1414 sustineas.
1486 1358 1542 1413 Si
1581 1360 1723 1414 enim
1764 1374 1884 1430 quae
1929 1375 2026 1414 sua

461 1458 590 1507 Sunt
612 1490 627 1514 ,
656 1451 862 1519 inquit,
884 1449 1096 1505 confert
1120 1489 1139 1515 ,
1163 1458 1311 1518 petat
1339 1466 1359 1515 °,
1387 1450 1431 1505 si
1457 1464 1585 1504 vero
1608 1458 1664 1504 et
1686 1451 1820 1504 alios
1848 1450 2029 1520 inqui-

461 1557 593 1596 nare
641 1556 705 1594 ex
756 1540 1000 1608 turpibus
1033 1539 1147 1593 suis
1192 1547 1366 1608 potest
1410 1538 1759 1601 actionibus,
1807 1554 1914 1608 qua
1962 1541 2029 1594 de

2195 638 2272 693 υύ
2309 639 2377 708 τῇ
2412 635 2612 708 φράσει
2655 632 2798 704 χρὴ,
2844 623 2891 684 ὦ
2938 625 3211 698 βέλτιστε,
3262 618 3694 689 καταγοητεύειν

2123 729 2251 794 τοὺς
2282 727 2697 799 ἀκροωμένους,
2727 722 2863 777 ἀλλά
2891 722 2959 790 τῇ
2991 715 3190 788 πράξει
3210 711 3537 785 χειροῦσθαι
3568 710 3693 773 τοὺς

2126 819 2463 890 θεωμένουςο
2488 819 2517 871 ὁ
2556 815 2760 887 τρόπος
2781 811 2891 882 γάρ
2915 812 3033 864 ἐστι
3058 806 3154 861 τοῦ
3180 805 3458 866 πείθοντος
3488 805 3518 856 ὁ
3548 800 3695 854 αἰδέ-

2127 926 2315 980 σιμος,
2356 910 2454 979 οὐχ
2485 909 2514 960 ὁ
2545 905 2724 973 λόγος.
2771 902 2832 957 '0
2862 900 2960 971 μὲν
2987 898 3097 968 γὰρ
3124 895 3395 957 δυσωπεῖ,
3432 892 3463 945 ὁ
3503 890 3562 945 δὲ
3612 890 3695 941 ὲν-

2122 1000 2292 1070 οχλεϊ.
2322 998 2387 1052 Τί
2414 996 2595 1051 τοίνυν
2629 994 2889 1067 βούλομαι
2925 990 3123 1052 εἰπεῖν,
3151 985 3366 1057 φράσω·
3413 982 3581 1051 ’Δνήρ
3611 996 3694 1070 τις

2119 1069 2228 1145 τῶν
2265 1090 2435 1161 ἀρετῇ
2470 1085 2936 1157 κεκοσμημένων,
2976 1079 3144 1142 πολὺς
3180 1077 3330 1148 ἔρρει
3378 1071 3526 1127 κατὰ
3563 1069 3694 1161 σοῦ,

2122 1159 2436 1250 πολλὰ-μὲν
2481 1176 2742 1249 φράζων,
2793 1173 2853 1227 ἓν
2899 1172 2958 1225 δὲ
2990 1168 3326 1240 θαυμάζων,
3376 1162 3497 1226 πῶς
3537 1159 3697 1230 κηλὶς

2130 1272 2205 1325 ὢν
2239 1269 2341 1340 τῆς
2385 1267 2731 1337 Ἐκκλησίας,
2762 1261 3093 1335 ἁκηλίδωτον
3129 1256 3244 1328 βίον
3276 1256 3333 1307 ὲν
3361 1253 3483 1314 ταῖς
3512 1250 3696 1340 εὐχαῖς

2123 1339 2308 1415 λαϐεῖν
2361 1359 2552 1425 ἀξιοῖς.
2583 1356 2646 1410 Εἰ
2703 1354 2802 1427 μὲν
2833 1353 2942 1424 γὰρ
2989 1350 3060 1403 τὰ
3094 1347 3225 1419 παρ’
3265 1343 3486 1404 ἑαυτοῦ,
3510 1339 3697 1410 φησὶν,

2124 1451 2405 1523 εἰσφέρει,
2454 1449 2703 1503 αἰτείτω’
2755 1444 2864 1499 εἰδὲ
2898 1442 2992 1497 καὶ
3020 1439 3215 1502 ἄλλους
3254 1437 3443 1506 μιᾶναι
3479 1434 3544 1485 ὲκ
3590 1430 3698 1523 τῷν

2124 1521 2417 1612 αἰσχίστων
2445 1538 2612 1593 αὐτοῦ
2645 1535 2900 1609 πράξεων
2923 1527 3035 1595 οἷός
3062 1531 3123 1584 τέ
3158 1531 3276 1582 ἐστι
3296 1566 3311 1591 ,
3336 1526 3402 1579 δι’
3426 1526 3493 1595 ἢν
3520 1521 3701 1612 αἰτίαν

462 1645 624 1685 causa
652 1630 703 1684 id
726 1605 877 1700 optat
903 1628 1162 1698 consequi
1180 1605 1206 1695 ,ῖ
1226 1629 1367 1697 (μιοά
1405 1628 1603 1683 habere
1630 1628 1767 1683 nolit
1786 1629 1810 1681 ?
1826 1605 1838 1608 v
1853 1630 2022 1700 Equi-

2141 1605 2282 1687 ιοῦτο
2312 1629 2529 1701 εὔχεται
2556 1605 2762 1690 λα6είν,
2793 1624 2822 1678 ὃ
2850 1622 2995 1693 ἔχειν
3024 1619 3085 1672 οὐ
3110 1617 3285 1716 Oilei;
3307 1612 3460 1715 :Eyt‘n
3490 1611 3589 1716 psz

462 1722 583 1775 dem
632 1720 827 1775 rubore
866 1716 1214 1773 suﬂ‘undehar
1240 1717 1468 1772 audiens
1492 1757 1513 1782 ,
1540 1726 1852 1786 terramque
1884 1719 2027 1788 sepi-

462 1809 667 1865 ciebam
688 1850 703 1875 ,
727 1824 791 1865 ac
827 1824 893 1865 ne
912 1823 974 1864 os
1003 1809 1220 1877 quidem
1257 1809 1469 1878 aperire
1494 1816 1758 1876 poteram.
1801 1808 2023 1874 Verum,

460 1903 555 1970 qui
601 1899 1048 1966 aderant,claris
1090 1898 1238 1954 illum
1276 1898 1624 1969 applausibus
1665 1898 2026 1965 honorabant,

461 2007 628 2046 unum
654 1992 861 2048 causati
880 2030 896 2056 ,
922 2006 1028 2045 non
1063 1990 1304 2061 pctuisse
1324 1989 1595 2044 inscitiam
1620 1997 1765 2043 tuam
1792 2003 1890 2059 pro
1914 2003 2027 2045 meo

463 2084 571 2139 rito
623 2082 1032 2153 depradicare:
1087 2089 1145 2135 tu
1189 2080 1371 2151 itaque
1410 2080 1622 2148 videto,
1665 2094 1771 2150 qua
1818 2081 2027 2137 ratione

463 2174 603 2229 hanc
636 2173 1112 2244 reprehensionem
1147 2171 1403 2240 depellas.

687 2278 913 2335 CCXIV.
946 2308 1018 2318 ——
1048 2276 1277 2334 PAULO
1312 2275 1792 2333 PRESBYTERO.

2131 1699 2409 1792 ἠρυθρίων
2445 1717 2658 1773 ἁκούων
2677 1754 2693 1780 ,
2724 1713 2822 1768 καὶ
2845 1712 3133 1783 προσεῖχον
3162 1708 3241 1769 είς
3269 1702 3376 1773 γῆν
3400 1744 3416 1769 ,
3448 1702 3542 1755 καὶ
3581 1699 3702 1792 οῦδὲ

2125 1791 2310 1884 διᾶραι
2328 1811 2391 1866 τὸ
2412 1809 2585 1881 στόμα
2610 1809 2793 1878 ίσχυον
2816 1819 2831 1834 ⁶
2855 1805 2904 1857 οἰ
2925 1803 2983 1856 δὲ
3009 1799 3278 1871 παρόντες
3306 1793 3522 1866 κρότοις
3556 1791 3704 1884 besi-

2135 1881 2231 1961 ικῖρν⁷
2247 1905 2573 1973 ἐστεφάνουν
2618 1899 2919 1972 λαμπροῖς,
2956 1894 3014 1948 ἓν
3052 1893 3213 1964 μόνον
3261 1885 3616 1956 αἰτιώμενοι,
3643 1881 3709 1936 τὸ

2132 1996 2209 2067 μὴ
2246 1994 2567 2067 δεδυνῆσθαι
2598 1990 2838 2055 ἐπαξίως
2880 1989 2980 2058 τῆς
3023 1985 3122 2055 σῆς
3160 1978 3523 2041 ἀπαιδευσίας
3561 1975 3706 2047 φρά-

2131 2103 2222 2141 σαι
2243 2103 2258 2118 ’
2290 2085 2462 2148 Αὐτὸς
2492 2079 2587 2138 οὖν
2619 2082 2814 2137 σκόπει
2834 2118 2850 2145 ,
2879 2079 3029 2141 ὅπως
3054 2073 3260 2144 ταύτην
3284 2069 3570 2142 ἀποτρίψῃ
3605 2067 3705 2139 τὴν

2130 2175 2445 2247 κωμῳδίαν.

2409 2282 2547 2337 xw.
2583 2311 2654 2323 —
2689 2280 2924 2350 mmtp
2955 2270 3415 2342 ΠΡΕΣΒΥΤΕΡᾷ

466 2368 589 2425 Νοη
617 2370 682 2424 de
708 2369 907 2424 levibus
934 2367 1279 2437 [milibusque
1326 2368 1487 2422 rebus.
1520 2368 1794 2425 conciones
1830 2367 2101 2493 habendae:
2129 2372 2309 2512 (Certi.
2334 2374 2489 2441 epist.
2523 2371 2650 2436 M9,
2689 2367 2792 2427 301
2819 2377 2868 2423 et
2911 2366 3037 2423 255.
3064 2364 3135 2421 In
3178 2364 3433 2435 loquendo
3461 2358 3708 2415 conside-

1951 2454 2046 2492 ran
2089 2458 2197 2497 um.

1951 2454 2197 2497 randum.

534 2543 679 2600 Cave
722 2543 880 2598 exilia
918 2541 1185 2611 falsaque,
1216 2541 1315 2596 sed
1345 2541 1521 2610 potius
1546 2555 1667 2610 qua
1695 2540 1840 2595 dictu
1864 2540 2025 2611 digna

465 2645 632 2701 sunt,
674 2636 882 2703 passim
912 2647 1121 2688 narres.
1162 2630 1412 2701 Plerique
1436 2631 1580 2686 enim
1612 2630 1803 2701 nugari
1847 2641 1900 2686 te
1926 2647 2027 2701 pu-

456 2737 676 2790 tantes,
719 2735 777 2781 et
812 2725 923 2781 cito
950 2726 1151 2780 abeunt
1173 2761 1197 2790 ,η
1227 2731 1284 2778 et
1324 2721 1480 2778 facile
1505 2721 1768 2792 culpant,
1814 2720 2029 2791 citoque

468 2817 818 2884 persuadent.

674 2919 878 2977 CCXV.
908 2950 977 2963 —-
1014 2915 1290 2974 DANIELI
1330 2916 1814 2976 PRESBYTERO.

2205 2545 2299 2617 Μὴ
2333 2546 2465 2617 περὶ
2502 2545 2717 2618 μικρῶν
2750 2545 2845 2598 καὶ⁵
2884 2542 3137 2613 φαύλων,
3170 2539 3307 2595 ἀλλὰ
3334 2539 3465 2609 περὶ
3503 2528 3580 2590 ὧν
3614 2534 3709 2586 λέ.

2137 2650 2255 2703 γειν
2292 2636 2440 2703 ἀξιον
2474 2638 2589 2699 τοῖς
2622 2633 3010 2703 ἐντυγχάνουσι
3057 2630 3255 2702 φράζε.
3300 2627 3566 2698 Φλυαρεῖν
3598 2622 3709 2694 γάρ

2140 2740 2201 2777 σε
2238 2726 2548 2795 νομίζοντες
2588 2725 2803 2790 πολλοὶ,
2842 2724 2939 2778 καὶ
2964 2720 3299 2791 άποφοιτῶσι
3325 2719 3570 2788 ταχέως,
3614 2715 3711 2769 καὶ

2139 2814 2417 2871 αἰτιῶνται
2451 2815 2669 2885 ῥᾳδίως,
2698 2814 2794 2869 καὶ
2821 2813 3101 2867 πείθουσιν
3132 2811 3321 2879 ὀξέως.

2387 2922 2527 2978 ΣιΕο.
2566 2950 2638 2961 -
2671 2921 2933 2975 ΔΑΝιΗΛ
2979 2917 3445 2990 ΠΡΕΣΒΥΤΕΡῼ.

468 3034 553 3090 Ne
583 3033 839 3089 malorum
869 3033 1117 3102 felicitate
1148 3033 1202 3087 in
1241 3033 1339 3088 hoc
1371 3036 1563 3089 saeculo
1593 3033 1913 3103 oﬁ'endatur,

2141 3053 2203 3161 vita
2223 3037 2589 3176 gertitudinem
2620 3036 2839 3092 extremi
2872 3032 3070 3104 judicii
3097 3033 3296 3087 credat.
3343 3027 3526 3103 (Conf.
3551 3040 3708 3098 epist.

2054 3145 2069 3171 ’
2104 3145 2222 3161 ειν.

537 3209 617 3267 Ne
644 3220 693 3265 te
724 3226 754 3264 a
791 3220 967 3280 coepto
992 3210 1210 3266 virtutis
1231 3250 1247 3274 ,
1274 3225 1312 3266 0
1337 3212 1479 3267 bone
1513 3210 1618 3275 vir,
1658 3221 1871 3268 avertat
1918 3219 2029 3267 tra-

2208 3216 2299 3285 Μή
2346 3232 2439 3269 σου
2464 3254 2479 3281 ,
2522 3209 2567 3270 ὦ
2620 3214 2892 3287 μακάριε,
2943 3213 3035 3268 τὸν
3076 3215 3156 3277 εἰς
3196 3210 3295 3283 τὴν
3345 3208 3547 3281 ἀρετὴν
3586 3207 3711 3280 δρό-

467 3305 634 3366 mite,
676 3303 819 3370 quod
863 3301 1114 3357 Zosimus
1157 3302 1401 3371 impurus
1437 3301 1654 3372 Deoque
1697 3305 1931 3373 invisus,
1975 3312 2035 3360 ut

467 3389 663 3445 scribis
684 3428 700 3455 ,
732 3389 905 3444 sacris
951 3389 1153 3443 initiari
1197 3403 1362 3445 ausus
1389 3387 1581 3455 fuerit,
1611 3391 1696 3447 vel
1722 3393 2035 3449 sacrificare

469 3480 699 3536 audeat:
744 3480 873 3549 quin
917 3480 1092 3550 potius
1137 3481 1325 3534 hocad
1358 3481 1782 3536 confirmandum
1813 3484 1915 3538 fide
1942 3497 2036 3538 va-

469 3571 580 3627 leat
602 3569 845 3624 futurum
864 3571 1084 3625 omnino
1103 3569 1386 3638 judicium,
1412 3584 1519 3640 quo
1544 3570 1841 3624 secundum
1869 3584 2035 3641 Opera

470 3661 668 3733 cuique
695 3662 965 3717 reddetur.
1014 3663 1070 3717 Si
1095 3663 1240 3717 enim
1278 3663 1366 3717 hic
1387 3678 1577 3719 omnes
1624 3664 1919 3734 promerita
1943 3679 2035 3721 ac-

470 3754 748 3823 ciperent,
792 3753 939 3822 impii
967 3754 1185 3823 quidem
1224 3768 1446 3823 ptenas,
1492 3754 1625 3825 justi
1662 3768 1791 3809 vero
1814 3755 2034 3823 praemia

471 3843 711 3909 virtutis,
738 3858 1193 3913 supervacaneum
1217 3852 1361 3901 esset
1396 3844 1682 3913 judicium.
1727 3844 1784 3900 Si
1819 3845 2034 3915 quidem

454 3931 627 3987 .multi
671 3933 796 3987 mali
843 3933 898 3988 in
945 3934 1050 3989 ltoc
1081 3934 1279 3989 mundo
1302 3944 1468 4004 agunt
1514 3933 1742 3990 feliciter
1786 3952 1801 3989 :
1846 3943 2035 3990 contra

471 4037 605 4078 vero
629 4023 762 4093 justi
802 4039 943 4095 saepe
976 4025 1219 4081 adversis
1247 4024 1647 4081 conﬂictantur.
1696 4023 1755 4079 Id
1801 4024 1931 4095 ipsis
1960 4033 2037 4078 tu-

473 4112 699 4167 multum
726 4115 979 4182 concitat,
1006 4116 1148 4184 quod
1180 4115 1392 4169 turbam
1430 4114 1823 4183 tumultumque
1850 4114 2037 4167 tollere

472 4202 693 4257 deberet
716 4203 925 4267 merito,
952 4204 1091 4270 quod
1116 4217 1214 4271 pro
1237 4200 1435 4257 merito
1456 4202 1651 4271 cuique
1672 4201 2031 4256 distribuitur.

470 4293 662 4362 Neque
686 4295 826 4349 enim
870 4296 1048 4364 justus
1069 4294 1210 4351 foret
1246 4296 1408 4361 Deus,
1433 4296 1525 4366 Qui
1561 4296 1676 4350 haec
1696 4293 1874 4350 futura
1911 4311 2036 4365 pro-

473 4381 701 4448 viderit,
747 4383 848 4437 nisi
872 4384 1193 4450 verborum,
1222 4386 1525 4451 actionum,
1559 4394 1721 4454 atque
1754 4386 2037 4454 cogitatio—

473 4482 600 4523 num
651 4468 913 4524 rationem
957 4481 1143 4538 postea
1184 4472 1561 4537 redderemus,
1597 4480 1652 4528 et
1697 4472 1782 4527 his
1818 4472 2033 4538 quidem

471 4560 725 4628 praemia,
758 4559 863 4615 illis
895 4575 1024 4616 vero
1054 4577 1245 4632 ptenas
1273 4563 1608 4618 decerneret.

685 4667 915 4725 CCXVI.
948 4697 1017 4710 --
1051 4668 1440 4725 STRATEGIO
1470 4667 1820 4724 MONACHO.

2141 3322 2243 3376 μον
2266 3305 2379 3375 (46)
2406 3306 2467 3359 τὸ
2492 3305 2686 3376 μιαρὸν
2718 3306 2811 3359 καὶ
2844 3305 3069 3374 θεομισῆ
3094 3346 3110 3370 ,
3143 3304 3221 3366 ὡς
3240 3302 3527 3371 γέγραφας
3546 3340 3561 3365 ,
3597 3297 3710 3351 Ζώ-

2140 3414 2297 3468 σιμον
2330 3396 2580 3469 ἱερᾶσθαι
2606 3397 2813 3467 τολμᾷν
2833 3409 2848 3423 ’
2878 3394 2995 3449 ἀλλ’
3035 3393 3168 3448 αὐτὸ
3196 3391 3355 3446 τοῦτό
3400 3406 3463 3443 σε
3508 3388 3711 3458 μᾶλλον

2140 3486 2394 3556 ρωννύτω
2420 3488 2501 3551 εἰς
2527 3488 2587 3540 τὸ
2618 3487 2890 3540 πιστεύειν
2924 3484 3142 3548 πάντως
3171 3479 3310 3536 εἶναι
3339 3481 3553 3551 κρίσιν,
3584 3481 3645 3532 ἐν

2140 3577 2354 3646 ἑκάστῳ
2386 3576 2448 3632 τὸ
2473 3578 2780 3655 πρόσφορον
2802 3573 3302 3645 ἀπωεμηθὴσεται.
3332 3573 3397 3626 El
3426 3570 3540 3639 γάρ
3573 3570 3712 3623 πάν-

2137 3681 2228 3730 τες
2272 3665 2504 3719 ἐνταῦθα
2548 3666 2930 3736 ἀπελάμϐανον
2980 3664 3049 3718 τὰ
3098 3663 3479 3735 προσήκοντα,
3527 3662 3576 3712 οἰ
3614 3659 3713 3729 μὲν

2138 3753 2239 3817 τὰς
2282 3754 2550 3824 ἀμοιϐάς,
2594 3756 2642 3809 οἰ
2684 3755 2744 3809 δὲ
2786 3755 3116 3825 τάπίχειρα,
3147 3751 3400 3824 περιττὸς
3428 3746 3502 3822 ἦν
3538 3752 3569 3803 ὁ
3613 3750 3711 3816 τῆς

2138 3845 2372 3917 κρίσεως
2399 3845 2575 3914 λόγος.
2618 3845 2835 3917 Ἐπειδὴ
2865 3845 2921 3899 δὲ
2947 3844 3129 3899 πολλοὶ
3157 3842 3255 3914 μὲν
3278 3841 3477 3910 φαῦλοι
3507 3839 3710 3909 εὐημε-

2142 3934 2331 4006 ροῦσι,
2368 3935 2555 3989 πολλοὶ
2593 3935 2650 3988 δὲ
2684 3934 2960 3989 σπουδαῖοι
2998 3930 3552 4005 παρευημεροῦνται,
3581 3929 3711 3984 αὐτὸ

2139 4025 2299 4079 τοῦτο
2316 4025 2345 4078 δ
2365 4024 2458 4079 τὸν
2486 4025 2711 4096 θόρυϐον
2728 4029 2891 4092 ποιεί,
2918 4026 3014 4079 τοῦ
3036 4023 3263 4095 θορύϐου
3295 4022 3391 4075 καὶ
3415 4022 3519 4092 τῆς
3545 4037 3711 4090 ταρα-

2139 4115 2241 4187 κῆς
2271 4114 2473 4185 ὀφείλει
2497 4112 2640 4170 εἶναι
2689 4116 3065 4188 ἀναιρετικὸν,
3102 4117 3185 4169 ὅτι
3222 4114 3441 4183 ἑκάστῳ
3466 4114 3534 4165 τὸ
3580 4110 3713 4181 πρέ-

2140 4222 2241 4259 πον
2282 4205 2697 4278 ἀποδοθήσεται.
2740 4207 2817 4261 Οὐ
2868 4206 2973 4279 γὰρ
3021 4206 3089 4261 ἄν
3130 4205 3336 4265 δίκαιος
3384 4203 3461 4257 ὢν
3508 4205 3541 4256 ὁ
3584 4202 3713 4263 Θεὸς

2139 4294 2309 4347 ταῦτα
2342 4295 2579 4364 περιεῖδε
2624 4296 2917 4367 γινόμενα,
2962 4296 3014 4350 εἰ
3049 4295 3123 4367 μὴ
3163 4294 3355 4365 ἔμελλε
3407 4292 3509 4346 καὶ
3540 4292 3715 4359 λόγων

2140 4382 2237 4436 καὶ
2289 4382 2541 4455 πράξεων
2603 4384 2700 4437 καὶ
2757 4382 2977 4438 ἐννοιῶν
3036 4383 3174 4454 μετά
3222 4380 3401 4436 ταῦτα
3459 4380 3716 4434 ἀπαιτεῖν

2141 4474 2402 4540 εὐθύνας·
2437 4475 2667 4539 καὶτοῖς
2698 4475 2797 4548 μὲν
2828 4477 3031 4548 τιμὰς,
3066 4477 3181 4539 τοῖς
3207 4475 3263 4529 δὲ
3288 4476 3569 4546 τιμωρίας
3599 4474 3715 4546 ὁρί-

2060 4581 2113 4641 D
2138 4566 2272 4631 ζειν.

2351 4675 2511 4741 Σιφ.
2542 4704 2612 4715 -
2646 4674 3028 4747 ΣΤΡΑΤΗΓΙῼ
3057 4674 3459 4731 MONAZON’I'I

1145 4757 1499 4837 Promittitse
1520 4759 1807 4813 invisurum
1837 4759 2033 4814 amicos
2058 4761 2114 4814 in
2145 4767 2479 4818 monasterio.
2511 4763 2675 4834 (Infr.
2702 4768 2852 4833 epist.
2888 4765 3042 4838 494.)

543 4869 664 4927 lam
684 4885 798 4936 me,
820 4885 941 4925 cum
969 4872 1109 4926 bono
1136 4870 1243 4926 Deo
1263 4871 1437 4926 dicam
1457 4910 1473 4936 ,
1498 4870 1552 4925 in
1579 4871 1907 4927 monasterio
1935 4885 2032 4926 ex-

477 4971 678 5031 specta.
734 4961 1000 5017 Accedam
1028 4963 1168 5017 enim
1191 5000 1208 5026 ,
1244 4970 1301 5016 ut
1329 4969 1487 5016 antea
1509 4976 1722 5017 omnem
1751 4960 1916 5033 625
1942 4962 2037 5018 Dei

478 5052 676 5105 cultum
714 5051 993 5121 inspiciam
1017 5090 1033 5112 ,
1060 5063 1111 5106 et
1142 5067 1236 5119 per
1261 5052 1441 5106 omnia
1464 5052 1836 5106 admirandum
1860 5052 2040 5109 Theo—

478 5143 686 5198 dosium
709 5143 820 5212 jam
845 5144 1047 5213 pridem
1077 5142 1306 5198 amicum
1328 5141 1552 5208 factum,
1575 5143 1782 5198 honore
1804 5145 2039 5199 maximo

479 5234 874 5304 complexurus.

2212 4874 2351 4946 Ἤδη
2394 4892 2461 4944 με
2481 4913 2497 4939 ,
2531 4876 2627 4929 σὺν
2659 4876 2778 4945 Θεῴ
2816 4877 2875 4930 δὲ
2924 4876 3164 4949 εἰρήσθω
3184 4917 3201 4943 ,
3246 4876 3631 4949 προσδόκησον
3661 4879 3719 4930 ἐν

2140 4963 2219 5035 τῷ
2252 4966 2596 5037 μοναστηρίῳ
2620 4984 2634 4996 ·
2676 4967 2791 5038 ἥξω
2832 4967 2941 5039 γὰρ
2969 4969 3066 5041 τὴν
3111 4967 3208 5039 σὴν
3249 4968 3358 5039 πρό
3388 4985 3453 5036 γε
3498 4970 3719 5022 πάντων

2139 5053 2403 5124 ὀψόμενος
2432 5055 2770 5119 θεοσέϐειαν,
2802 5056 2898 5109 καὶ⁷
2934 5056 3026 5109 τὸν
3054 5056 3143 5109 διὰ
3180 5054 3364 5109 πάντα
3410 5055 3719 5127 θαυμάσιον

2139 5145 2449 5211 Θεοδόσιον,
2483 5145 2572 5199 διὰ
2599 5145 2812 5217 μακροῦ
2849 5146 2962 5216 (47)
3005 5146 3155 5214 φίλον
3182 5145 3347 5213 δντα,
3385 5148 3486 5202 ita).
3514 5148 3719 5218 σφόδρα

2140 5236 2270 5305 ⁴ίιμῖν
2300 5236 2695 5309 τετιμημένον,
2731 5236 3216 5308 περιπτυξόμενος.

1570 5404 1800 5465 VARIE
1839 5409 2216 5467 LECTIONES
2253 5409 2341 5465 ET
2380 5410 2610 5469 ΝΟΤΑΕ.

553 5564 662 5631 (46)
690 5565 830 5618 Inter
860 5565 1055 5633 δρόμον
1096 5575 1149 5622 et
1180 5565 1243 5619 τὸ
1272 5565 1514 5621 inserunt
1553 5564 1710 5621 ambo
1750 5566 1903 5622 codd.
1936 5569 2029 5621 ὲκ-

489 5633 749 5685 κοπτέτω.
780 5634 985 5688 Possm.

2211 5565 2325 5638 (47)
2353 5564 2457 5638 Pro
2488 5565 2575 5619 διὰ
2600 5567 2822 5638 μακροῦ
2853 5568 3010 5625 codd.
3052 5568 3177 5625 Vat.
3211 5568 3321 5626 650
3351 5578 3412 5627 et
3439 5568 3552 5629 Alt.
3586 5571 3715 5629 scri-

2145 5635 2277 5690 bunt
2309 5634 2395 5689 διὰ
2432 5635 2645 5705 μικροῦ.
2684 5634 2758 5691 lo.
