3974 6144
335 300 465 379 1461
1247 300 1599 359 EPISTULA

645 413 782 466 stz'.
822 441 891 451 —
927 408 1254 478 ᾹΡΠΟΚΡᾼ
1286 409 1599 479 suetam.

1247 295 1782 361 EPISTOLARUM
1819 298 1965 360 LIB.
2006 300 2074 361 v.
2115 323 2183 333 —
2212 273 2448 358 EPIS'I".
2490 297 2738 359 CCXIX.

1760 410 1763 413 ¹
1942 418 1990 476 Δ

3456 291 3591 357 116!

2203 407 2454 464 ccxvn.
2486 438 2557 450 -
2592 402 2987 461 usuros”:
3020 397 3402 458 sophisma.
3648 372 3652 377 ’

1065 522 1142 577 De
1172 524 1332 578 variis
1362 525 1629 580 rhetorum
1658 526 1865 580 dicendi
1902 522 2200 595 generibus.
2231 523 2469 595 (Confer.
2506 531 2658 593 eptst.
2704 520 2851 590 145.)

404 627 526 680 Τῶν
584 626 941 695 συγγραφέων
993 626 1045 679 el.
1099 626 1198 698 μὲν
1244 628 1469 698 αἰσχρὸν
1515 628 1777 699 ἡγοῦνται
1831 629 1906 699 μὴ

332 717 507 786 σαφὲς
556 720 766 782 είπεῖν,
820 720 870 772 οί
903 719 960 772 δὲ
1005 721 1064 773 ἐν
1113 722 1181 791 τῇ
1226 720 1469 793 ἀσαφείᾳ
1521 722 1760 776 τίθενται
1808 723 1909 793 τὴν

336 811 493 879 ἰσχὺν
514 848 529 874 ,
575 811 670 881 καὶ
700 812 747 864 oi
781 810 880 880 μὲν
908 811 1111 882 τιμῶσι
1138 813 1200 866 τὸ
1225 813 1479 885 μέτριον,
1509 815 1559 867 oi
1584 814 1643 869 δὲ
1678 814 1783 879 ἔξω
1815 815 1910 884 φέ-

335 921 521 975 ρονται
549 904 658 957 τῶν
694 905 903 976 καιρῶν
925 922 939 936 ·
966 908 1015 959 οί
1043 907 1143 978 μὲν
1179 908 1290 961 τῶν
1325 908 1721 980 ἠκριϐωμένων
1754 907 1909 963 ὢτων

337 994 688 1063 στοχάζονται
708 1036 723 1060 ,
760 998 872 1059 τοῖς
902 996 958 1049 δὲ
990 997 1151 1068 ἀρκεῖ
1178 999 1247 1051 τὰ
1283 998 1541 1069 μειράκια
1574 1000 1749 1053 σεῖσαι
1770 1014 1784 1028 ’
1815 998 1909 1051 καὶ

332 1086 384 1137 οἱ
418 1085 516 1154 μὲν
540 1085 819 1155 ἀμείνονες
842 1088 922 1149 είς
948 1087 1234 1156 προοιμίου
1261 1088 1474 1158 χρείαν,
1490 1088 1539 1141 οί
1557 1086 1615 1140 δὲ
1642 1087 1702 1141 ἐν
1730 1104 1909 1158 παρα-

333 1174 623 1244 δείγμασιν
668 1177 777 1229 είσι
825 1177 1099 1230 πλούσιοι·
1138 1178 1216 1230 rei
1274 1178 1373 1248 μὲν
1426 1174 1605 1231 οἶκτον
1650 1176 1908 1246 ἐμϐαλεῖν

332 1266 533 1332 δεινοὶ,
557 1267 607 1319 οἱ
632 1266 689 1319 δὲ
715 1267 883 1338 Θυμόν
904 1284 919 1299 ο
940 1268 1050 1322 τῶν
1077 1268 1177 1340 μέν
1204 1268 1265 1322 τὸ
1301 1268 1466 1340 βραδὺ
1496 1268 1769 1339 λυπηρὸν,
1802 1266 1913 1320 τῶν

333 1354 395 1407 δὲ
439 1356 501 1409 τὸ
546 1357 683 1426 ταχὺ
709 1356 941 1428 τερπνόν
966 1374 980 1389 °
1011 1358 1061 1411 οἱ
1109 1357 1209 1428 μὲν
1235 1356 1404 1411 ὕπνον
1451 1356 1769 1429 ἐμποιοῦσι,
1809 1356 1908 1426 μιᾷ

336 1445 755 1516 καταχρώμενοι
791 1447 924 1517 ἰδέᾳ,
962 1449 1010 1500 οἱ
1040 1447 1098 1500 δὲ
1128 1449 1219 1501 καὶ
1258 1446 1551 1517 ἀφαιροῦσι
1579 1448 1699 1508 ταῖς
1739 1462 1909 1515 μετα-

334 1534 540 1609 ϐολαῖς.
594 1534 717 1607 Χρὴ
771 1536 954 1590 τοίνυν
1004 1537 1099 1591 τὸν
1155 1537 1443 1607 βασανίσαι
1500 1536 1909 1606 συγγράμματα

334 1626 528 1693 δεινὸν,
561 1627 741 1698 πάσης
762 1629 857 1681 καὶ
886 1629 1109 1700 χάριτος
1131 1629 1225 1683 καὶ
1243 1628 1539 1697 ἀπεχθείας
1566 1627 1696 1681 ὅντα
1724 1626 1908 1697 κρείτ-

333 1732 463 1769 τονα
483 1756 499 1781 ,
535 1716 763 1771 ἑκάστου
801 1718 1163 1789 συγγραφέως
1204 1718 1300 1773 καὶ
1327 1717 1428 1789 τὴν
1457 1717 1654 1771 κακίαν
1686 1718 1780 1771 καὶ
1806 1717 1907 1787 τὴν

2085 632 2423 701 Scriptorum
2454 632 2843 709 rhetorumque
2870 629 2926 684 bi
2950 631 3168 700 quidem
3205 640 3361 699 turpe
3385 631 3591 687 ducunt

2013 720 2247 778 obscure
2268 722 2449 776 dicere
2477 738 2492 774 :
2528 720 2616 775 alii
2656 720 2708 774 in
2730 720 3059 775 obscuritate
3083 720 3247 775 decus
3273 719 3541 775 collocant
3568 738 3584 787 ;

2013 820 2068 866 et
2094 811 2186 865 alii
2229 811 2464 867 medium
2489 819 2719 877 tenent;
2755 809 2845 865 alii
2874 811 3090 864 modum
3118 810 3410 866 excedunt.
3458 810 3593 878 Qui-

2015 904 2139 957 dam
2168 903 2345 959 acutis
2364 902 2593 957 audiunt
2621 902 2878 970 auribus;
2923 901 3014 956 alii
3037 904 3276 959 contenti
3306 912 3434 959 sunt
3460 904 3592 958 ado-

2013 991 2277 1049 lescentes
2317 994 2573 1049 movisse.
2638 991 2892 1048 Nonnulli
2920 994 3161 1049 exordiis
3192 1003 3408 1051 utentes
3453 1010 3594 1065 prae.

2013 1091 2193 1149 stant,
2223 1083 2485 1153 exemplis
2527 1082 2619 1137 alii
2662 1082 2966 1139 abundant.
3042 1082 3592 1143 Commiserationem

2014 1174 2232 1243 quidam
2265 1182 2468 1229 norunt
2508 1173 2756 1229 incutere
2779 1213 2796 1239 ,
2832 1174 2969 1229 iram
2996 1173 3110 1228 alii.
3157 1174 3391 1241 Quidam
3420 1176 3591 1230 tardi.

2020 1274 2130 1321 tute
2154 1265 2476 1335 displicent,
2525 1264 2618 1319 alii
2663 1264 2945 1320 celeritate
2994 1265 3228 1334 placent.
3286 1266 3391 1320 Alii
3430 1267 3590 1321 unica

2015 1354 2232 1411 dicendi
2274 1353 2454 1410 forma
2500 1369 2752 1410 somnum
2790 1355 3128 1425 conciliant,
3177 1356 3267 1411 alii
3313 1357 3596 1412 celeritate

2015 1446 2265 1501 eumdem
2291 1445 2596 1502 excutiunt.
2648 1446 2811 1502 Decet
2852 1447 3035 1516 itaque
3070 1464 3194 1504 eum
3216 1490 3231 1515 ,
3260 1448 3351 1517 qui
3392 1449 3591 1518 scripta

2018 1536 2244 1592 aliorum
2286 1538 2356 1591 sit
2378 1536 2799 1607 exploraturus,
2829 1554 3015 1594 amore
3055 1548 3219 1609 atque
3243 1540 3448 1595 invidia
3485 1556 3593 1595 non

2015 1628 2297 1696 superari,
2334 1629 2590 1699 omnique
2638 1630 2775 1685 adeo
2807 1630 3059 1698 scriptori
3083 1630 3276 1685 vitium
3324 1630 3477 1698 juxta
3527 1646 3595 1686 ac

2013 1719 2186 1773 virtus
2204 1721 2622 1787 cognoscenda:
2676 1722 2818 1778 hanc
2844 1722 3061 1792 quidem
3109 1722 3407 1791 laudando,
3449 1722 3594 1779 illam

333 1807 539 1878 ἀρετὴν
567 1808 766 1864 ειδέναι
785 1825 800 1841 ’
832 1809 930 1863 καὶ
951 1811 1018 1881 τῇ
1053 1810 1153 1881 μὲν
1181 1808 1553 1881 ψηφίσασθαι,
1578 1810 1646 1879 τῇ
1676 1807 1733 1862 δὲ
1765 1807 1908 1878 μέμ-

2026 1824 2140 1866 tero
2174 1812 2549 1882 vituperando.

334 1898 567 1967 ψασθαι.

817 2008 968 2061 sur.
1004 2036 1076 2048 -
1110 2008 1421 2080 noema.

2416 2013 2694 2070 CCXVIII.
2730 2045 2796 2058 —
2827 2015 3204 2073 APHTONIO.

357 2150 363 2157 _
417 2096 705 2165 Virginitas
737 2106 784 2151 et
806 2097 1086 2166 fornicatio
1115 2100 1221 2152 duo
1245 2108 1501 2165 extrema,
1532 2099 1835 2170 conjugium
1861 2101 2111 2169 medium,
2161 2104 2254 2158 sed
2296 2104 2597 2174 virginitate
2636 2105 2879 2175 inferius.
2917 2105 3152 2177 (Confer.
3184 2107 3332 2175 epist.
3367 2106 3521 2176 255).

408 2204 519 2257 Kal.
553 2204 909 2275 ἠπαρθενία,
953 2198 999 2258 ὦ
1049 2204 1331 2275 βέλτιστε,
1375 2206 1470 2259 καὶ
1505 2208 1539 2277 ἡ
1577 2206 1801 2277 πορνεία
1843 2205 1915 2259 τὰ

342 2295 517 2367 μέτρα
546 2294 642 2348 τοῦ
692 2295 857 2362 νόμου
901 2295 1204 2367 ἐξέϐησαν,
1237 2297 1351 2351 ἀλλ’
1392 2298 1493 2350 οὐκ
1535 2298 1630 2350 ἐπὶ
1669 2300 1782 2361 τοῖς
1811 2297 1914 2350 αὺ-

336 2365 483 2447 τοῖςί
508 2385 571 2437 Ἦ
604 2384 704 2454 μὲν
732 2385 840 2456 γὰρ
863 2365 1166 2456 ὑπερέπτη,
1196 2387 1228 2456 ἡ
1254 2387 1310 2440 δέ
1346 2387 1583 2458 παρέϐη.
1615 2388 1724 2439 Καὶ
1753 2388 1785 2457 ἡ
1815 2386 1913 2457 μέν

338 2476 407 2529 τὰ
442 2476 617 2545 κοῦφα
645 2478 740 2531 καὶ
770 2478 1024 2549 ἀνωφερῆ
1049 2518 1064 2541 ,
1098 2479 1193 2531 καὶ
1220 2479 1314 2530 τὸν
1349 2478 1583 2549 οὐρανὸν
1612 2477 1912 2542 πολοῦντα,

335 2570 372 2639 ἡ
410 2569 466 2621 δὲ
506 2568 576 2621 τὰ
609 2561 899 2641 κατωφερῆ
940 2570 1033 2623 καὶ
1081 2570 1253 2642 βαρέα
1288 2567 1518 2639 σώματα
1563 2570 1874 2640 ἐμιμήσατο
1897 2585 1911 2599 ο

338 2661 375 2728 ἡ
411 2659 509 2729 μὲν
544 2659 729 2713 διώκει
758 2660 827 2714 τὰ
860 2660 1161 2731 μεταϐολῆς
1187 2661 1502 2731 κρείττονα,
1548 2662 1583 2730 ἡ
1611 2660 1669 2714 δέ
1701 2662 1913 2727 ἐκεῖνα,

338 2742 416 2802 ὧν
441 2752 474 2820 ἠ
510 2750 780 2821 μεταϐολὴ
811 2753 1098 2822 συμφυὴς,
1146 2752 1241 2804 καὶ
1269 2752 1303 2820 ὴ
1335 2750 1554 2813 κόλασις
1582 2750 1912 2822 σύντροφος·

338 2840 370 2892 ό
394 2842 451 2894 δὲ
472 2841 653 2911 τίμιος
678 2844 856 2913 γάμος
880 2842 1084 2896 τούτων
1112 2840 1389 2912 ἑκατέρων
1421 2840 1586 2911 μέσος
1609 2843 1916 2910 τυγχάνων,

2091 2208 2388 2281 Virginitas
2406 2251 2422 2277 ,
2450 2212 2589 2268 bone
2611 2212 2716 2279 vir,
2745 2226 2808 2268 ac
2834 2212 3127 2269 fornicatio
3152 2212 3287 2285 legis
3324 2215 3597 2272 excedunt

2020 2301 2238 2356 modum
2269 2312 2305 2368 ,‘
2331 2302 2438 2356 etsi
2484 2318 2591 2358 non
2623 2303 2811 2358 eodem
2853 2304 3036 2358 modo.
3102 2303 3194 2357 Illa
3224 2306 3603 2375 enim'super-

2021 2393 2296 2462 graditur;
2347 2395 2461 2449 haec
2489 2395 2904 2465 transgreditur.
2960 2394 3054 2449 Illa
3077 2435 3094 2460 ,
3128 2405 3187 2449 ut
3223 2395 3360 2451 levia
3396 2396 3599 2463 solent,

2022 2497 2238 2538 sursum
2270 2482 2463 2547 fertur,
2513 2485 2565 2539 in
2598 2485 2903 2555 caelumque
2932 2486 3103 2542 tendit
3134 2501 3151 2541 :
3202 2487 3316 2542 haec
3346 2488 3601 2543 deorsum

2024 2572 2254 2640 rapitur,
2295 2572 2478 2641 gravia
2512 2573 2732 2629 imitans
2766 2589 3016 2644 corpora.
3080 2574 3175 2629 llla
3210 2584 3449 2631 sectatur
3480 2592 3601 2631 mu-

2026 2664 2212 2718 tationi
2256 2678 2360 2717 non
2396 2665 2627 2719 obnoxia
2654 2706 2669 2730 ,
2725 2665 2841 2720 haac
2893 2666 3178 2720 mutationi
3209 2675 3438 2736 cognata
3470 2707 3485 2731 ,
3530 2682 3594 2723 ac

2022 2755 2201 2823 potius
2272 2755 2527 2809 obnoxia.
2562 2753 2958 2810 Matrimonium
3019 2756 3104 2811 his
3151 2758 3362 2812 duobus
3422 2761 3599 2818 inter-

2018 2842 2220 2912 iectum
2247 2860 2262 2908 ;
2294 2843 2398 2897 alio
2426 2843 2644 2912 quidem
2681 2843 2916 2899 inferius
2940 2854 3044 2912 est,
3071 2845 3243 2901 altero
3274 2861 3400 2901 vero
3428 2850 3600 2905 subli-

337 2931 441 3001 τῆς
488 2930 588 3001 μέν
636 2934 752 2985 ἐστι
809 2933 1117 3003 κατώτερος
1163 2930 1375 3002 πολλῷ,
1406 2931 1506 3001 τῆς
1549 2931 1608 2984 δὲ
1652 2930 1922 3001 ἀνώτερος

2026 2933 2185 2986 mius.
2216 2931 2540 3001 Virginitate
2564 2932 2712 2987 enim
2746 2932 3050 3004 conjugium
3085 2936 3266 2991 minus
3297 2947 3381 2993 est
3407 2947 3462 2993 et
3491 2940 3596 2993 hu-

336 3022 502 3075 πλέον
521 3062 536 3087 ,
567 3022 601 3092 ἢ
634 3022 757 3075 ὅσον
788 3023 951 3086 αὐτὸς
992 3023 1093 3093 τῆς
1127 3022 1429 3093 παρθενίας
1456 3022 1574 3074 ἐστὶ
1608 3021 1920 3074 ταπεινότε-

341 3130 452 3182 ρος.
497 3113 587 3166 Διδ
621 3114 715 3166 καὶ
755 3114 855 3183 τῆς
888 3113 986 3183 μὲν
1015 3112 1478 3183 στεφανουμένης,
1523 3111 1626 3180 τῆς
1652 3111 1711 3164 δὲ
1751 3127 1919 3166 κατα-

338 3202 700 3273 κρινομένης,
729 3196 885 3265 οὗτος
916 3201 1231 3271 σύμμετρον
1265 3201 1378 3270 ἔχει
1409 3200 1470 3253 τὸ
1498 3198 1793 3271 ἐγκώμιον.

654 3310 794 3390 ΣιθιΓ
834 3340 900 3350 -
934 3308 1238 3379 escenso
1272 3309 1597 3380 AIAKONQ.

2028 3018 2227 3073 milius.
2264 3018 2397 3075 Hac"
2417 3019 2563 3075 enim
2586 3030 2849 3075 coronata
2868 3060 2884 3085 ,
2913 3030 2966 3075 et
3000 3020 3361 3080 fornicatione
3387 3024 3595 3094 judicio

2024 3110 2428 3173 condemnata,
2487 3109 2893 3164 matrimonium
2952 3126 3107 3168 suam
3154 3114 3321 3169 etiam
3381 3117 3594 3173 laudem

2026 3198 2396 3268 consequitur.

2262 3307 2494 3363 CCXIX.
2531 3340 2599 3350 —
2635 3308 3010 3367 THEODORO
3040 3311 3359 3371 DIACONO.

338 3404 475 3458 Cum
502 3420 624 3458 suas
667 3412 843 3471 partes
868 3402 1029 3471 egerit
1049 3401 1115 3474 in
1142 3399 1361 3474 ΖοξὶιηοΔ
1394 3398 1925 3474 εοάαιὶὺιιρᾳιιεηεῙιιε
1959 3398 2328 3474 ᾳάιηοηᾳειάὲε,
2370 3399 2620 3474 ίηὶᾳιιιιηι
2634 3415 2756 3474 esse
2783 3398 2977 3474 probet
3012 3401 3112 3455 sibi
3158 3403 3432 3473 imputari,
3461 3407 3602 3474 quod

989 3470 1438 3524 admonitionibus
1469 3485 1574 3522 non
1605 3466 1917 3522 sitirelictus
1958 3469 2123 3522 locus.
2157 3466 2391 3538 (Confer.
2416 3466 2566 3537 epist.
2591 3468 2661 3523 20
2693 3480 2741 3522 et
2778 3469 2933 3539 220.)

416 3582 480 3637 Et
523 3582 713 3651 λόγους
742 3580 980 3649 ἔφασκον
1012 3578 1159 3649 ἔχειν
1187 3577 1370 3648 πάσης
1413 3576 1610 3639 κακίας
1640 3576 1916 3647 ἀναιρετι-

342 3675 510 3739 κοὺς,
563 3672 786 3734 εἰκότως
816 3670 881 3725 ἂν
931 3666 1077 3739 εἶχον
1126 3667 1444 3732 ἀλαζονείας
1493 3666 1694 3722 αἰτίαν.
1755 3668 1819 3719 Et
1862 3666 1919 3719 δέ

338 3765 504 3818 τοῦτο
540 3764 773 3833 μάλιστα
800 3762 1015 3815 πάντων
1044 3761 1381 3830 ἐπίσταμαι,
1416 3760 1498 3812 ὅτι
1522 3758 1618 3812 τοῦ
1649 3759 1749 3829 μὲν
1776 3776 1919 3830 παρ-

339 3854 624 3918 αινοῦντός
677 3856 793 3906 ἐστι
845 3853 906 3905 τὸ
969 3854 1142 3906 είπεϊν
1191 3852 1261 3906 τὰ
1322 3852 1616 3922 βέλτιστα*
1688 3850 1783 3905 τοῦ
1852 3851 1911 3905 δὲ

345 3942 855 4013 συμϐουλευομένου
896 3941 957 3994 τὸ
991 3940 1300 4013 πεισθῆναι.
1350 3942 1409 3995 '0
1442 3941 1542 4012 μὲν
1571 3942 1679 4013 γὰρ
1709 3940 1802 3994 τοῦ
1832 3940 1922 3993 λέ-

344 4052 497 4103 γειν,
540 4036 569 4085 ό
612 4032 667 4085 δὲ
717 4032 811 4085 τοῦ
860 4032 1120 4103 πράττειν
1160 4032 1365 4102 Κύριός
1412 4034 1569 4085 ἐστι·
1618 4030 1672 4082 τί
1725 4029 1924 4101 παρεὶς

2098 3573 2156 3629 Si
2182 3590 2465 3631 sermones
2494 3576 2695 3631 habere
2712 3592 2797 3632 me
2821 3578 3091 3634 dixissem.
3109 3581 3369 3637 malitiam
3386 3597 3599 3639 omnem

2025 3665 2297 3731 tollentes,
2334 3666 2525 3722 merito
2555 3666 2817 3735 gloriandi
2849 3684 3035 3725 ansam
3068 3672 3360 3727 haberem-
3381 3672 3439 3729 Si
3474 3688 3603 3731 vero

2025 3754 2155 3808 illud
2188 3755 2435 3811 omnium
2480 3756 2595 3826 ipse
2627 3756 2803 3824 probe
2826 3760 2982 3823 novi,
3011 3761 3356 3816 adhortantis
3381 3765 3601 3831 quidem

2024 3860 2145 3900 esse
2185 3845 2391 3912 optima
2434 3844 2614 3899 dicere
2643 3864 2671 3913 ;,
2715 3847 2830 3914 ejus
2877 3865 3039 3915 vero,
3081 3852 3167 3904 cui
3217 3855 3601 3921 persuadetur,

2024 3950 2185 3990 aures
2216 3937 2628 3990 accommodare
2674 3946 2728 3991 et
2779 3939 3005 3994 reddere
3036 3958 3050 3995 :
3099 3956 3271 4012 quare
3304 3942 3351 3997 si
3383 3948 3603 4013 quando

2025 4024 2250 4078 laudare
2281 4022 2471 4089 nolles,
2506 4023 2695 4079 saltem
2728 4025 3008 4095 ignoscere
3039 4029 3284 4085 deberes.
3312 4030 3603 4103 Vituperas

342 4123 744 4193 συγγινώσκειν
768 4163 783 4187 ,
825 4123 940 4193 εῐγε
984 4123 1345 4189 ἀποδέξασθαι
1380 4122 1455 4193 μὴ
1492 4122 1731 4193 βούλοιο,
1774 4124 1922 4194 αἰτιᾷ

2026 4113 2168 4167 enim
2192 4128 2315 4168 eum
2346 4115 2440 4183 qui
2476 4130 2599 4184 quae
2632 4131 2865 4203 suarum
2886 4130 3043 4176 erant
3076 4123 3311 4189 partium
3340 4126 3598 4195 explevit.

340 4217 437 4270 τὸν
474 4215 600 4282 τόγε
627 4213 791 4268 αὑτοῦ
817 4212 984 4283 μέρος
1008 4212 1468 4283 κατορθώσαντα;
1495 4213 1543 4265 εί
1566 4212 1621 4264 δὲ
1636 4211 1760 4282 μηδ’
1778 4211 1922 4265 οὕτω

2029 4203 2084 4258 Si
2115 4204 2256 4259 enim
2292 4221 2391 4260 nec
2421 4206 2522 4261 hoc
2545 4205 2760 4273 fateris,
2792 4208 2904 4278 jam
2934 4221 2987 4267 et
3025 4212 3350 4270 ineﬂ‘abilem
3384 4215 3479 4272 Dei
3510 4232 3601 4274 sa-

343 4305 623 4377 καταδέχῃ
646 4346 661 4371 ,
706 4302 822 4375 ὥρα
856 4320 915 4355 σε
950 4302 1046 4356 καὶ
1085 4301 1184 4373 τὴν
1227 4301 1467 4374 ἄρρητον
1517 4301 1711 4371 σοφίαν
1740 4302 1923 4356 αίτιά-

345 4396 565 4461 σασθαι,
605 4396 706 4465 τὴν
739 4396 876 4464 μήτε
926 4394 1053 4458 τοὺς
1087 4394 1572 4464 άποστατήσαντας
1612 4392 1920 4459 Ἰουδαίους,

348 4491 489 4560 μήτε
516 4488 608 4541 τὸν
637 4488 906 4557 προδότην
930 4488 1213 4540 πείσασαν.
1244 4485 1517 4540 Τοσοῦτον
1537 4484 1645 4557 γὰρ
1679 4485 1920 4554 ἀπέσχον

342 4580 440 4634 τοῦ
480 4579 804 4648 πεισθῆναι,
835 4580 916 4633 ὅτι
963 4583 990 4634 ό
1025 4580 1122 4651 μὲν
1153 4577 1467 4650 προῦδωκεν
1490 4615 1505 4640 ,
1550 4576 1600 4629 οἱ
1634 4576 1690 4628 δὲ
1735 4576 1924 4628 ἐσταύ-

347 4690 550 4744 ρωσαν.
588 4673 651 4725 Εί
689 4671 745 4725 δὲ
787 4673 882 4726 καὶ
914 4673 988 4744 μὴ
1044 4672 1281 4725 πείσασα
1314 4670 1408 4722 καὶ
1460 4666 1715 4731 σώσασα,
1772 4667 1921 4737 παρά

347 4764 566 4816 πάντων
601 4763 1035 4831 ἀνακηρύττεται
1055 4777 1067 4791 ·
1098 4762 1205 4814 ἀπὸ
1235 4760 1345 4829 γὰρ
1374 4761 1473 4829 τῆς
1508 4758 1879 4829 προαιρέσεως
1901 4797 1918 4822 ,

347 4851 452 4903 οὐκ
478 4851 587 4903 ἀπὸ
630 4851 728 4920 τῆς
780 4850 1061 4912 ἐκϐάσεως
1096 4849 1166 4901 τὰ
1209 4849 1513 4920 πράγματα
1544 4846 1790 4916 κρίνεται
1814 4864 1827 4876 ·
1867 4845 1921 4898 τί

349 4941 502 5010 αἰτιᾷ
539 4941 628 4993 τὸν
656 4940 890 4994 τοσαῦτα
938 4939 1314 5009 πεποιηκότα,
1363 4938 1459 4991 καὶ
1500 4938 1575 5008 μὴ
1623 4935 1923 5005 δυνηθέντα

352 5033 538 5084 πεῖσαι
566 5032 929 5103 Μαρτινιανόν
960 5048 1019 5084 τε
1056 5032 1152 5084 καὶ
1190 5030 1469 5101 Ζώσιμον,
1498 5028 1594 5081 καὶ
1638 5028 1881 5097 Μάρωνα
1906 5066 1922 5091 ,

352 5124 444 5176 καὶ
495 5121 789 5176 Εὑστάθιον
839 5122 1175 5193 ἀποσχέσθαι
1217 5122 1455 5185 κακίας;
1500 5117 1765 5179 Τοσοῦτον
1818 5119 1925 5188 γὰρ

347 5214 537 5283 ἀπέχω
565 5213 656 5267 τοῦ
682 5214 940 5284 ὲρυθριᾷν
962 5214 1054 5267 ἐπὶ
1071 5213 1245 5284 τούτῳ
1280 5212 1495 5283 (καίτοι
1525 5209 1781 5282 ἐρυθριᾷν
1811 5209 1924 5281 (48)

349 5304 549 5366 παντὸς
589 5304 791 5374 μᾶλλον
812 5345 826 5368 ,
854 5303 927 5367 ὥς
960 5322 1024 5372 γε
1049 5304 1305 5374 ἐμαυτὸν⁹
1324 5343 1339 5365 ,
1358 5304 1415 5354 ἐν
1447 5295 1528 5364 οἷς
1560 5302 1620 5354 τὸ
1651 5301 1912 5371 ἐρυθριᾷν

349 5393 543 5457 καλὸν,
602 5391 1013 5461 ἐπιστάμενος),
1043 5393 1124 5446 ὅτι
1176 5392 1267 5445 καὶ
1314 5391 1649 5461 σεμνύνομαι
1694 5389 1788 5442 ἐπὶ
1833 5386 1910 5457 τῷ

2028 4296 2284 4365 pientiam
2304 4298 2702 4367 reprehendere
2734 4302 2962 4369 poteris,
2994 4319 3116 4374 quae
3144 4320 3244 4362 nec
3272 4311 3599 4377 apostatanti

2026 4390 2170 4455 genti
2195 4386 2455 4455 Iudaicae,
2491 4404 2588 4445 nec
2616 4389 2775 4449 Judae
2802 4396 3062 4463 proditori
3097 4400 3393 4467 persuasit.
3435 4401 3599 4472 635

2028 4475 2259 4532 Tantum
2287 4480 2432 4534 enim
2462 4482 2653 4536 aberat
2682 4492 2741 4537 ut
2780 4489 3151 4554 persuaserit,
3175 4499 3233 4544 ut
3262 4491 3351 4547 hic
3377 4492 3597 4561 quidem

2031 4570 2367 4636 vendiderit,
2414 4570 2505 4625 illa
2537 4587 2666 4628 vero
2706 4576 2855 4630 natio
2880 4579 3029 4634 cruci
3074 4580 3329 4636 alliserit.
3381 4581 3439 4635 Si
3469 4597 3597 4637 vero

2026 4658 2205 4715 divina
2243 4660 2331 4716 illa
2366 4663 2635 4733 sapientia
2678 4680 2796 4735 quae
2823 4682 3000 4738 neque
3030 4669 3138 4726 illis
3168 4672 3473 4740 persuasit,
3504 4687 3598 4726 ne—

2025 4764 2130 4819 que
2168 4766 2263 4806 eos
2303 4752 2570 4821 salvavit,
2620 4759 2688 4811 ab
2713 4757 2963 4814 omnibus
3000 4758 3250 4814 laudetur
3282 4760 3334 4831 (a
3370 4761 3599 4816 consilio

2023 4842 2187 4906 enim,
2227 4857 2330 4896 non
2365 4842 2433 4898 ab
2457 4856 2649 4900 eventu
2683 4862 2768 4903 res
2795 4849 3153 4919 iudicantur),
3190 4850 3319 4919 quid
3356 4866 3583 4905 accusas

2025 4945 2310 4989 conantem
2347 4944 2402 4988 et
2434 4952 2537 4991 non
2575 4938 2843 4994 valentem
2880 4942 3211 5009 persuadere
3240 4941 3597 5007 Martiniano,

2022 5025 2258 5090 lusitno,
2293 5036 2349 5080 et
2395 5025 2600 5082 Maroni
2636 5037 2797 5098 atque
2828 5030 3135 5097 Eustathio,
3203 5040 3262 5086 ut
3292 5033 3594 5104 ab.imprn-

2022 5115 2190 5170 bitate
2221 5117 2528 5171 desistant?
2556 5119 2787 5174 Tantum
2820 5122 3009 5176 absum
3049 5131 3109 5178 ut
3150 5134 3443 5193 propterea
3466 5140 3594 5181 erth-

2024 5205 2240 5261 hescam
2285 5208 2454 5276 magis
2486 5223 2647 5277 quam
2688 5211 2972 5280 quisquam
3005 5211 3181 5277 alius,
3231 5213 3274 5267 si
3321 5214 3451 5268 mihi
3489 5214 3592 5283 ipsi

2027 5309 2130 5349 non
2156 5295 2509 5365 persuadeam
2534 5298 2641 5361 illa,
2666 5298 2717 5353 in
2741 5300 2934 5369 quibus
2950 5300 3276 5356 erubescere
3307 5299 3589 5369 pulchrum

2016 5400 2139 5441 esse
2171 5388 2305 5455 scio,
2341 5398 2402 5443 ut
2436 5391 2597 5445 etiam
2643 5391 2838 5461 glorier
2867 5390 2920 5447 in
2959 5391 3081 5459 hoc,
3113 5400 3171 5446 ut
3201 5406 3267 5447 ex
3322 5400 3473 5461 parte
3502 5388 3585 5449 sal

1465 5521 1693 5576 VARUE
1747 5521 2130 5578 LECTIONES
2160 5519 2248 5575 ET
2284 5520 2495 5578 NOTAE

420 5683 533 5755 (48)
566 5682 668 5739 i‘ro
704 5681 961 5755 ἐρυθριᾷν
1002 5683 1144 5740 solus
1183 5684 1302 5739 cod.
1347 5681 1454 5735 Alt.
1496 5680 1703 5747 scribit,
1735 5676 1934 5749 ’ἐρυθρί

2035 5676 2118 5733 ἄν.
2146 5675 2375 5749 Ροεειιι.⁴
2490 5666 2498 5673 ’
