3974 6144
434 258 573 335 me
1288 326 1291 329 _
1596 260 1657 319 s.
1694 258 1989 323 ISIDORI
2025 257 2465 322 PELUSIO'LE
3551 256 3682 323 uss

362 349 385 363 ’
435 382 541 425 tem
568 372 876 436 passionum
892 368 1090 427 Christi
1117 369 1326 425 Domini
1349 369 1549 439 possim
1567 384 1685 425 esse
1697 374 1995 440 particeps,

2120 371 2206 423 ιᾶν
2250 371 2313 422 ἐκ
2358 370 2559 441 μέρους
2577 371 2695 434 τοῖς
2728 371 3085 435 Δεσποτικοῖς
3116 368 3316 425 πάθεσι
3349 386 3682 436 κεκοινωνη-

2112 462 2284 517 κέναι.

748 571 902 627 CCX.
927 604 996 616 —
1028 570 1330 632 EUTONIO
1367 569 1685 625 DIACONO.

2422 569 2548 624 ZK'.
2583 598 2655 611 --
2697 570 2994 635 amomo
3025 570 3349 640 ΔΙΔΚΟΝῼ.

504 687 580 741 De
611 685 808 740 Zosimi
846 695 893 740 et
930 685 1167 740 Maronis
1190 684 1327 739 vitiis
1356 686 1564 748 iterum,
1594 692 1644 737 et
1670 684 1735 737 de
1764 681 2003 737 Iudaica
2025 686 2271 752 perfidia.
2307 686 2467 760 (Vide
2499 703 2619 756 sup.
2641 698 2688 742 et
2720 688 2873 752 epist.
2897 685 2988 751 20,
3018 685 3094 739 De
3120 684 3269 738 Juaa
3292 680 3615 745 proditore.)

504 794 559 848 Si
594 793 817 863 quodvis
866 793 1128 863 supplicio
1163 792 1382 862 dignum
1425 791 1603 847 scelus
1626 792 2003 855 committunt,

2180 797 2242 848 Ei
2287 794 2453 865 μηδὲν
2501 796 2620 864 μετ’
2671 793 2965 855 ἀκολασίας
3014 789 3122 861 (19)
3161 788 3323 859 ἔργον
3363 787 3688 855 ἄπρακτον,

434 895 489 938 et
538 886 746 953 impura
808 898 1033 952 quaeque
1091 883 1253 938 verba
1323 882 1605 951 proferunt
1657 881 1902 936 Zosimus
1949 889 2006 936 et

2120 886 2249 955 μήτε
2267 885 2425 952 λόγον
2443 885 2673 955 αἰσχρὸν
2691 886 2947 956 ἄρρητον,
2971 883 3046 945 ὡς
3068 879 3204 950 φὴς,
3222 876 3690 949 παραλελοιπότες

439 975 646 1043 Maron,
707 984 871 1045 atque
937 974 989 1028 in
1032 976 1293 1043 optimum
1348 985 1619 1042 quemque
1675 973 2002 1026 incurrunt:

2120 971 2360 1041 Ζώσιμός
2390 988 2450 1024 τε
2480 974 2576 1024 καὶ
2616 973 2851 1043 Μάρων,
2890 973 2969 1023 ἐτι
2997 970 3092 1022 καὶ
3136 968 3278 1021 κατὰ
3304 965 3414 1019 τῶν
3445 964 3693 1034 ἀρίστων

438 1081 556 1131 εμιιε
584 1080 758 1134 neque
775 1064 1024 1131 dicenda,
1045 1077 1218 1133 neque
1244 1078 1304 1118 re
1327 1064 1436 1118 sint
1457 1063 1799 1133 exsequenda
1833 1062 2010 1116 dicen-

2120 1063 2468 1131 ἐπιφύονται,
2506 1062 2542 1116 ἃ
2574 1068 2711 1133 μήτε
2741 1062 2886 1131 λόγῳ
2918 1059 3055 1131 ῥητά
3076 1098 3091 1123 ,
3132 1060 3271 1127 μήτε
3295 1056 3442 1127 ἔργῳ
3473 1052 3692 1123 φορητὰ

440 1170 521 1212 tes
549 1157 751 1225 pariter
793 1163 851 1210 et
886 1164 1109 1225 agentes
1138 1173 1154 1208 :
1185 1156 1289 1210 noli
1327 1154 1644 1209 existimare
1688 1152 1946 1206 ultionem
1979 1167 2008 1206 a

2120 1158 2210 1209 καὶ
2239 1154 2539 1226 φράζοντες
2568 1157 2659 1208 καὶ
2694 1155 3057 1225 πράττοντες·
3098 1152 3173 1222 μή
3211 1151 3310 1221 τῆς
3348 1149 3498 1211 θείας
3526 1147 3693 1216 δίκης

441 1250 553 1303 Deo
598 1248 818 1317 negligi,
854 1248 1053 1301 mirare
1106 1247 1288 1316 potius
1335 1246 1793 1314 louganimitatem
1841 1243 2009 1297 divini

2120 1249 2374 1319 ἀμέλειαν
2399 1248 2776 1319 καταψηφίσῃ,
2821 1247 2957 1301 ἀλλὰ
2988 1242 3239 1315 θαύμαζε
3264 1244 3431 1312 αὐτῆς
3456 1242 3555 1313 τὴν
3583 1260 3690 1311 μα·-

440 1340 680 1394 numinis
717 1340 783 1392 ad
811 1336 1180 1407 pmnitentiam
1212 1338 1356 1404 ipsos
1388 1337 1724 1399 invitantem,
1760 1342 1814 1387 et
1845 1348 2008 1388 excu-

2120 1341 2442 1412 κροθυμίαν,
2468 1340 2566 1411 τὴν
2590 1340 2685 1393 νῦν
2712 1341 2811 1411 μὲν
2842 1342 2922 1401 είς
2951 1339 3241 1410 μετάνοιαν
3268 1336 3466 1398 αὐτοὺς
3493 1332 3693 1387 καλοῦσι

441 1429 707 1484 sationem
747 1428 1049 1497 prrecisam,
1088 1442 1271 1481 verum
1314 1427 1593 1480 enimvero
1636 1432 1759 1493 post
1785 1438 1891 1478 non
1921 1422 2009 1476 diu

2120 1447 2251 1499 σαν,
2290 1433 2382 1485 καὶ
2414 1432 2514 1501 τὴν
2542 1431 2837 1500 ἀπολογίαν
2874 1428 3320 1499 ἀποτεμνομένην
3341 1467 3355 1490 ,
3403 1425 3599 1495 μικρὸν
3632 1424 3691 1477 δὲ

444 1521 525 1576 vel
557 1522 609 1574 in
642 1522 743 1574 hac
773 1521 902 1585 vita,
930 1520 1012 1573 vel
1051 1521 1102 1574 in
1150 1519 1315 1574 altera
1345 1519 1492 1588 gravi
1521 1531 1614 1573 eos
1642 1516 1905 1586 supplicio
1935 1516 2013 1569 in-

2120 1524 2344 1596 ὖστερον
2373 1526 2407 1597 ἢ
2451 1524 2704 1590 ἐνταῦθα,
2739 1524 2773 1596 ἢ
2807 1525 2922 1576 ἐκεῖ
2960 1522 3182 1575 κολάσει
3216 1518 3556 1588 σφοδροτάτῃ
3588 1516 3691 1569 af:-

442 1623 783 1684 sequentem.
833 1611 890 1667 Si
947 1613 1091 1667 enim
1142 1613 1233 1682 qui
1302 1623 1427 1666 ante
1475 1611 1733 1667 diluvium
1781 1609 2009 1665 nefanda

2120 1617 2241 1679 τοὺς
2287 1614 2771 1685 μετελευσομένην.
2803 1614 2865 1667 Ei
2891 1613 2992 1683 μὲν
3018 1612 3129 1682 γὰρ
3172 1612 3221 1663 οί
3251 1608 3357 1680 πρὸ
3384 1608 3480 1661 τοῦ
3514 1624 3691 1660 κατα-

443 1714 716 1774 patrantes
736 1703 809 1767 “,
836 1705 919 1757 vel
966 1703 1020 1756 in
1055 1701 1302 1757 Sodomis
1354 1702 1586 1755 immane
1638 1706 1921 1768 peccantes
1946 1698 2011 1762 ⁸⁷,

445 1804 535 1851 aut
563 1797 606 1849 si
626 1796 689 1847 in
737 1794 1019 1847 Dominum
1047 1792 1377 1847 insanientes
1408 1791 1554 1845 rabie
1575 1790 1741 1845 Judaei
1770 1788 2015 1857 uupuniti

442 1887 741 1948 abierunt,
821 1883 1046 1938 abibunt
1103 1890 1155 1937 et
1203 1881 1309 1937 isti.
1363 1880 1421 1935 Si
1472 1896 1600 1936 vero
1663 1879 1874 1933 illorum
1926 1878 2014 1932 alii

443 1984 567 2028 sunt
625 1972 876 2045 ﬂuctibus
920 1971 1141 2036 obruti,
1189 1970 1279 2024 alii
1329 1971 1435 2039 igni
1482 1984 1545 2024 ac
1587 1970 1731 2025 bello
1762 1967 2015 2023 exstincti

444 2065 741 2141 perierunt,
776 2073 1031 2117 utomues
1058 2078 1177 2115 cum
1206 2062 1415 2130 priores
1440 2070 1547 2115 tum
1575 2060 1782 2115 futuras
1809 2068 2014 2129 traga-

443 2156 556 2211 clias
583 2156 956 2219 obscurariut,
979 2155 1141 2208 etiam
1193 2153 1281 2207 hic
1329 2152 1548 2207 ultimas
1591 2153 1690 2205 bas
1714 2151 2010 2221 patientur,

2118 1705 2362 1777 κλυσμοῦ
2390 1705 2426 1760 ά
2460 1705 2534 1776 μὴ
2566 1705 2721 1773 θέμις
2746 1702 3121 1776 δράσαντες,ἣ
3148 1702 3209 1754 ἐν
3236 1700 3497 1770 Σοδόμοις
3519 1701 3696 1767 ὑπερ-

2116 1800 2242 1869 όρια
2280 1797 2638 1859 πταίσαντες,
2672 1795 2705 1867 ἢ
2741 1798 2791 1850 οἱ
2822 1795 2967 1849 κατὰ
3007 1795 3100 1847 τοῦ
3148 1791 3439 1847 Δεσπότου’
3467 1792 3691 1845 ἐπιλυτ-

2116 1888 2182 1956 τη
2192 1902 2382 1948 σαντες
2408 1885 2650 1939 Ἰουδαῖοι
2668 1885 3005 1956 ἀτιμώρητοι
3020 1881 3691 1951 διέφυγον,διαφεύξονται

2117 1975 2212 2027 καὶ
2234 1969 2401 2028 οὗτοι.
2426 1974 2488 2027 Ei
2518 1974 2574 2027 δὲ
2602 1973 2824 2027 ἐκείνων
2850 1972 3084 2027 ἐνταῦθα
3109 1973 3163 2024 οἱ
3195 1971 3293 2041 μὲν
3314 1970 3691 2039 κατεκλύσθη-

2119 2079 2217 2116 σαν
2239 2101 2254 2126 ,
2289 2064 2338 2116 οί
2368 2063 2427 2116 δὲ
2461 2062 2635 2133 πυρὸς
2658 2102 2673 2127 ,
2705 2064 2756 2115 ot
2782 2062 2839 2114 δέ
2870 2061 3109 2131 πολέμου
3137 2060 3299 2130 ἔργον
3327 2060 3686 2128 γεγένηνται,

2115 2154 2191 2219 ὡς
2230 2155 2412 2219 πάσας
2450 2155 2543 2209 καὶ
2570 2154 2677 2215 ,τὰς
2716 2154 3026 2225 ἔμπροσθεν
3046 2193 3062 2218 ,
3091 2156 3186 2208 καὶ⁴
3215 2154 3311 2215 τὰς
3345 2152 3487 2223 μετὰ
3514 2150 3692 2206 ταῦτα

444 2258 654 2312 ptenas.
680 2243 788 2298 Cur
809 2243 972 2312 igitur
993 2243 1127 2297 nihil
1146 2242 1197 2296 id
1237 2240 1391 2305 facis,
1418 2241 1571 2311 quasi
1593 2241 1699 2296 sint
1726 2240 2013 2311 impuniti'.’

2120 2244 2431 2315 ἀποκρύψαι
2466 2244 2792 2315 τραγῳδίας,
2827 2246 3049 2298 κάκεῖσε
3079 2244 3135 2295 δὲ
3174 2243 3273 2305 τὰς
3304 2242 3540 2310 ἐσχάτας
3568 2240 3689 2293 πεί-

444 2334 521 2387 lbi
539 2334 682 2388 enim
707 2349 896 2404 pcenas
920 2333 1142 2387 daturos
1177 2340 1383 2398 notum,
1414 2333 1639 2387 veritate
1665 2333 1737 2387 ita
1771 2348 2015 2402 pronun-

2118 2353 2297 2391 σονται
2333 2337 2636 2405 τιμωρίας·
2686 2336 2753 2388 δι’
2782 2336 2850 2406 ἣν
2888 2335 3067 2390 αἰτίαν
3096 2334 3415 2402 ὀλιγωρεῖς,
3458 2332 3536 2396 ὡς
3567 2334 3687 2389 ἀτι-

442 2425 653 2479 tiante:
711 2440 730 2473 ι
775 2421 1131 2476 Tolerabilius
1196 2424 1301 2475 erit
1354 2433 1509 2478 terra:
1555 2420 1907 2477 Sodomorum
1961 2430 2013 2477 et

2120 2430 2387 2501 μωρήτων
2433 2428 2637 2483 τούτων
2679 2429 2883 2494 δντων;
2924 2428 3050 2481 Ὀτι
3095 2428 3205 2496 γάρ
3253 2426 3416 2482 κάκεῖ
3454 2424 3687 2476 δώσουσι

442 2515 914 2570 Gomorrlueorum
945 2515 997 2569 in
1030 2514 1118 2567 die
1139 2514 1326 2582 judicii
1347 2553 1362 2577 ,
1396 2528 1554 2583 quam
1587 2514 1795 2567 civitati
1822 2514 1899 2568 illi
1921 2512 1966 2546 ⁸⁸
1995 2531 2011 2570 :

444 2607 573 2674 quia
624 2604 921 2659 Jerusalem
965 2597 1245 2674 persecuta
1286 2615 1368 2659 est
1409 2605 1654 2658 veritatis
1715 2619 2011 2674 praecones.

442 2696 568 2750 iizee
588 2696 707 2749 ideo
734 2694 912 2763 retuii,
950 2707 1204 2765 tanquam
1236 2695 1345 2751 sint
1386 2694 1457 2748 illi
1491 2696 1704 2764 gravius
1734 2695 2013 2764 puniendi,

447 2786 738 2842 Sodomita:
758 2801 886 2841 vero
921 2787 1201 2841 remissius
1226 2801 1290 2840 ac
1320 2786 1524 2848 mitius,
1556 2798 1658 2837 non
1693 2784 1849 2838 modo
1888 2784 2014 2853 quia

2113 2527 2305 2594 δίκην,
2362 2524 2556 2594 δῆλον,
2612 2524 2678 2576 ἐκ
2738 2522 2832 2576 τοῦ
2892 2522 2991 2593 τὴν
3056 2522 3315 2591 ἀλήθειαν
3373 2518 3683 2587 εἰρηκέναι.

2120 2636 2139 2669 ι
2188 2615 2563 2686 ’Δνεκτότερον
2598 2614 2750 2670 ἐσται
2795 2617 2867 2685 γῇ
2899 2613 3147 2683 Σόδομων
3178 2612 3271 2665 καὶ
3300 2610 3619 2680 Γομόρρων,
3652 2607 3691 2676 ἢ

2112 2710 2179 2779 τῇ
2220 2706 2372 2760 πόλει
2414 2704 2629 2777 ἐκείνῃ,
2677 2725 2698 2756 ι
2749 2707 2817 2775 τῇ
2851 2702 3092 2773 διωξάσῃ
3132 2701 3375 2771 δηλονότι
3417 2700 3546 2761 τοὺς
3586 2698 3688 2764 τῆς

2113 2782 2371 2869 ἀληθείας
2406 2798 2687 2868 κήρυκας·
2724 2794 2885 2850 τοῦτο
2911 2795 2968 2848 δὲ
2993 2790 3180 2859 εἶπεν,
3222 2793 3297 2855 ὡς
3332 2790 3561 2844 ἐκείνων
3590 2789 3697 2859 μὲν

446 2879 497 2930 iu
523 2877 624 2932 hac
652 2878 758 2931 vita
789 2890 981 2947 pinnas
1031 2877 1439 2951 pependerunt,
1469 2873 1561 2928 sed
1586 2883 1638 2927 et
1669 2874 1796 2944 quia
1823 2881 2012 2953 contra

2120 2886 2533 2958 ἅργαλεωτέραν
2558 2884 2840 2939 δωσόντων
2871 2884 3033 2955 δίκην
3052 2924 3070 2949 ,
3109 2880 3413 2950 Σοδομιτῶν
3456 2880 3514 2933 δὲ
3546 2879 3688 2947 ήμε·

444 2981 692 3022 naturam
727 2969 851 3023 vino
892 2983 957 3023 ac
1010 2968 1233 3022 libidine
1277 2975 1402 3021 sunt
1451 2963 1790 3019 debacchati.
1820 2961 2007 3041 Judaei

2120 2977 2380 3051 ρωτέραν,
2413 2976 2472 3028 οὐ
2505 2975 2667 3045 μόνον
2690 2974 2778 3028 διὰ
2804 2973 2867 3027 τὸ
2898 2971 3177 3028 κάνταῦθα
3201 2970 3520 3030 δεδωκέναι,
3552 2964 3691 3019 ἀλλὰ

443 3074 573 3115 vero
603 3060 1087 3116 adversusuaturaa
1110 3059 1394 3114 Dominum
1421 3056 1783 3126 deliquerunt.

942 3351 1172 3407 CCXXI.
1206 3381 1277 3397 υ-
1299 3349 1532 3407 ΕΙΒΕΜ.

2113 3072 2209 3125 καὶ
2258 3068 2347 3121 διὰ
2376 3066 2439 3120 τὸ
2480 3067 2607 3129 τοὺς
2653 3066 2754 3136 μὲν
2789 3064 2932 3119 κατὰ
2959 3064 3062 3133 τῆς
3104 3062 3319 3131 φύσεως
3355 3074 3687 3128 πεπαρῳνηο

2115 3161 2293 3225 κέναι,
2312 3160 2439 3222 τοὺς
2461 3159 2519 3212 δὲ
2546 3158 2688 3213 κατὰ
2714 3156 2809 3211 τοῦ
2833 3156 3106 3233 Δεσπότου
3131 3154 3233 3225 τῆς
3254 3152 3472 3222 φύσεως
3502 3150 3687 3203 λελυτ-

2114 3250 2360 3323 τηκὲναι.
2451 3320 2455 3327 ι

2570 3355 2744 3410 xxx.
2782 3385 2854 3399 -
2891 3355 2979 3423 τι)
3019 3352 3221 3420 um.

755 3464 834 3520 De
861 3481 1012 3535 pana
1040 3465 1197 3534 hujus
1227 3476 1273 3519 et
1309 3465 1531 3519 alterius
1554 3465 1689 3518 vitae.
1723 3462 1833 3533 (Ex
1866 3465 1965 3519 hac
1996 3478 2045 3523 et
2077 3473 2344 3540 superiore
2368 3474 2517 3539 epist.
2557 3471 2785 3539 conﬂata
2809 3472 2959 3539 epist.
2991 3469 3120 3537 203,
3150 3468 3242 3522 lib.
3277 3468 3387 3538 ιιι.)

519 3585 689 3651 Scito,
724 3588 863 3642 bone
893 3587 994 3651 vir,
1020 3589 1164 3656 quod
1186 3587 1229 3642 si
1258 3587 1448 3642 leviter
1472 3602 1535 3642 ac
1565 3588 1824 3643 tolerabili
1855 3591 2014 3646 modo

447 3689 749 3746 curatuque
787 3676 959 3732 facile
986 3678 1345 3747 peccavimus,
1376 3679 1604 3748 ideoque
1636 3681 1849 3735 adversi
1886 3683 2015 3748 quid

2193 3596 2357 3659 Ἰσθι,
2407 3592 2452 3650 ὦ
2497 3598 2705 3666 ἀγαθὲ,
2760 3598 2844 3651 ὅτι
2896 3598 2945 3649 εί
2991 3597 3147 3651 οίστά
3188 3597 3285 3649 καὶ
3334 3594 3549 3665 φορητά
3600 3594 3691 3647 καὶ

2119 3690 2308 3742 εὐΐατα
2340 3688 2701 3759 πταίσοιμεν,
2727 3688 2819 3741 καὶ
2850 3688 3119 3758 πάθοιμέν
3147 3705 3199 3741 τι
3230 3686 3469 3739 ἐνταῦθα
3500 3686 3691 3746 δεινὸν,

449 3769 718 3840 patimur,
766 3778 894 3822 tunc
943 3768 1170 3822 crimina
1226 3768 1575 3839 detergimus.
1638 3767 1834 3824 Gravia
1884 3786 2013 3827 vero

448 3870 609 3927 atque
664 3858 952 3913 immodica
1005 3868 1303 3928 patrautes,
1351 3859 1409 3914 in
1458 3860 1632 3914 altera
1689 3861 1851 3914 etiam
1904 3861 2011 3914 vita

446 3951 675 4005 luemus.
706 3949 878 4021 626,
902 3947 1100 4004 Levius
1147 3959 1327 4006 tamen
1359 3966 1424 4005 ac
1449 3951 1654 4016 mitius,
1692 3951 1737 4006 si
1766 3953 1893 4020 quid
1930 3953 2013 4007 hic

2120 3962 2159 4013 εί
2184 3958 2464 4013 κάνταῦθά
2505 3976 2556 4011 τι
2594 3957 2863 4030 πάθοιμεν
2886 3998 2900 4022 ,
2934 3958 3234 4030 βαρύτερον
3261 3959 3340 4022 δὲ,
3378 3961 3431 4011 εί
3456 3960 3689 4022 ἀπαθεῖς

444 4043 683 4111 patimur
723 4042 970 4106 adversi;
1014 4041 1231 4108 gravius
1271 4056 1433 4108 vero,
1483 4042 1529 4096 si
1572 4043 1707 4096 nihil
1741 4042 1828 4097 hic
1870 4043 2012 4111 passi

2120 4047 2438 4116 ἅπέλθοιμεν
2458 4063 2472 4075 ·
2505 4046 2619 4101 ἀλλ’
2653 4047 2740 4101 ἵνα
2768 4047 2843 4118 μὴ
2882 4047 3061 4115 λέγειν
3086 4048 3230 4118 ἔχοις
3270 4048 3344 4111 ὡς
3377 4048 3523 4119 αὕτη
3560 4050 3690 4104 ἀπό-

444 4131 559 4183 vita
582 4130 914 4184 deeedimus.
941 4127 1139 4184 Verum
1174 4145 1242 4185 ne
1283 4146 1366 4185 me
1395 4131 1546 4185 dicas
1579 4130 1743 4185 veluti
1767 4146 2011 4199 narrare,

2120 4139 2274 4206 ρασίς
2308 4139 2424 4190 ἐστι
2465 4138 2563 4190 καὶ
2588 4138 2688 4191 οὐκ
2726 4138 3019 4203 ἀπόδειξις,
3051 4138 3141 4192 διὰ
3179 4139 3500 4209 μαρτυριῶν
3553 4140 3687 4203 ἀξιον

446 4236 510 4275 ac
531 4236 643 4276 non
675 4222 1074 4286 demonstrare,
1106 4223 1332 4276 testibus
1360 4225 1614 4277 utendum
1645 4234 1729 4279 est
1763 4239 2011 4279 necessa-

2120 4230 2289 4298 χρέων
2322 4228 2581 4298 βαδιεῖται
2612 4231 2640 4282 ό
2669 4229 2861 4299 λόγος.
2892 4230 3026 4300 Περὶ
3045 4224 3138 4283 οὖν
3163 4230 3273 4283 τῶν
3299 4229 3543 4283 ἐνταῦθα
3573 4231 3687 4283 ἀπ’)-

450 4312 567 4365 riis.
612 4308 835 4365 Divinos
877 4312 1056 4380 itaque
1100 4311 1295 4367 Paulus
1331 4312 1396 4366 de
1442 4312 1528 4379 iis,
1556 4313 1646 4382 qui
1681 4315 1770 4368 hic
1815 4315 2013 4370 delicta

2120 4318 2445 4389 τριϐομένων
2501 4318 2571 4370 τὰ
2634 4320 2974 4390 πταίσματα,
3042 4318 3252 4389 μάρτυς
3311 4318 3685 4388 παραγραφὴν

449 4404 629 4466 luunt,
646 4401 798 4456 testis
816 4402 959 4456 omni
984 4402 1301 4471 exceptione
1325 4402 1518 4472 major,
1543 4403 1873 4471 re’darguens
1898 4419 2013 4471 eos,

2231 4410 2612 4480 ἐπιδεχόμενος
2639 4414 2667 4464 ό
2706 4412 2990 4475 θεσπέσιος
3038 4411 3286 4475 Παῦλος,
3329 4411 3509 4478 λέγων
3566 4410 3690 4480 περὶ

449 4494 542 4562 qui
570 4493 789 4563 indigne
819 4503 1154 4547 sacramenta
1186 4500 1573 4561 perceperant:
1599 4510 1618 4545 ι
1645 4492 1785 4577 ideo,
1816 4493 2012 4562 inquit,

2120 4499 2218 4553 τῶν
2264 4499 2497 4563 ἀναξίως
2542 4500 2651 4553 τῶν
2694 4501 3006 4570 μυστηρίων
3038 4500 3473 4570 μετειληφότωνο
3524 4518 3544 4551 ι
3596 4500 3695 4551 Διὰ

451 4587 591 4639 inter
614 4598 711 4640 vos
748 4584 901 4638 multi
935 4583 1133 4637 iniirmi
1177 4595 1232 4638 et
1274 4583 1565 4639 imbecilles
1589 4625 1605 4651 ,
1650 4590 1704 4639 et
1743 4586 2013 4640 dormiunt

2120 4590 2273 4643 τοῦτο
2298 4592 2355 4643 ἐν
2396 4591 2523 4661 ὑμῖν
2570 4590 2755 4643 πολλοὶ
2797 4592 3042 4655 ἀσθενεῖς
3087 4593 3183 4645 καὶ
3239 4591 3556 4662 ἄρρωστοι,
3600 4590 3693 4641 καὶ

452 4675 629 4730 multi.
678 4673 830 4741 Quod
892 4675 936 4729 si
985 4674 1345 4743 nosmetipsos
1395 4675 1854 4745 diiudicaremus,
1908 4690 2013 4729 non

2120 4681 2409 4752 κοιμῶνται
2478 4682 2685 4735 ἱκανοί⁶
2740 4683 2790 4735 εί
2850 4683 2961 4753 γὰρ
3017 4684 3244 4746 ἑαυτοὺς
3297 4682 3682 4751 διεκρίνομεν,

2118 3775 2527 3855 ἀποτριϐόμεθα
2555 3774 2624 3828 τά
2662 3775 2981 3845 πταίσματα
3004 3792 3019 3807 ·
3051 3776 3100 3827 εί
3127 3775 3183 3828 δὲ
3221 3773 3574 3844 ἀπάνθρωπα
3599 3774 3693 3826 καὶ

2116 3868 2304 3933 δεινά,
2336 3868 2557 3921 κάκεῖσε
2601 3864 3133 3937 τιμωρηθησόμεθα,
3176 3865 3511 3935 κουφότερον
3571 3867 3689 3935 μὲν,

452 4763 633 4834 utique
644 4765 1029 4834 iudicaremur.
1050 4765 1182 4819 Dum
1199 4764 1500 4834 iudicamur
1514 4773 1715 4828 autem,
1741 4779 1769 4817 a
1789 4761 2013 4817 Domino

2120 4772 2215 4824 οὐκ
2266 4770 2332 4823 ἂν
2385 4771 2748 4841 ἐκρινόμεθα’
2808 4774 3117 4841 κρινόμενοι
3169 4773 3256 4837 δὲ,
3311 4771 3418 4824 ὑπὸ
3476 4771 3686 4841 Κυρίου

451 4855 798 4924 corripimur,
830 4866 890 4910 ut
914 4861 1018 4910 noh
1042 4871 1162 4910 cum
1192 4857 1291 4910 hoc
1318 4855 1519 4910 mundo
1554 4855 1875 4910 damnentur
1898 4856 2001 4908 δ’.»

2120 4861 2514 4931 παιδευόμεθα,
2562 4863 2649 4914 ἵνα
2705 4862 2779 4933 μὴ
2834 4864 2931 4915 σὺν
2977 4862 3053 4932 τῷ
3097 4863 3286 4931 κόσμῳ
3334 4862 3687 4929 κατακριθῶ-

454 4941 587 4998 illud
613 4944 776 4999 etiam
824 4945 931 5015 igni
975 4945 1284 5000 excruciate
1324 4944 1475 4999 diviti
1509 4945 1712 4999 dictum
1739 4945 1807 4998 ab
1837 4944 2009 4997 Abra-

2120 4967 2234 5019 μεν.
2266 4970 2283 5001 ι
2318 4950 2428 5002 Καὶ
2449 4950 2508 5001 τὸ
2538 4952 2827 5021 εἰρημένον
2851 4950 2908 5004 δὲ
2950 4952 3084 5023 πρὸς
3124 4952 3215 5004 τὸν
3240 4948 3673 5019 Ἀποτηγανιξόο

453 5035 617 5089 hamo
633 5035 820 5090 eodem
844 5037 1076 5104 pertinet
1107 5055 1121 5091 ε
1156 5054 1174 5086 ι
1198 5034 1323 5098 Fili,
1345 5037 1630 5091 recordare
1651 5035 1778 5103 quia
1804 5034 2013 5103 recepi-

2121 5052 2282 5105 μενον
2313 5035 2587 5101 πλούσιον,
2613 5038 2812 5109 ταύτης
2833 5039 2951 5090 ἐστὶ
2979 5040 3079 5107 τῆς
3118 5039 3348 5101 ἐννοίας,
3388 5040 3474 5091 ὅτι
3506 5057 3525 5089 ι
3552 5039 3683 5090 Ἀπ-

454 5127 523 5181 sti
557 5126 696 5184 bona
740 5129 792 5182 in
838 5129 945 5183 vita
994 5138 1103 5183 tua.
1138 5128 1378 5183 Lazarus
1424 5128 1673 5182 similiter
1719 5126 1858 5181 mala
1888 5126 1956 5181 ⁸ο.
1990 5145 2009 5176 ι

2120 5125 2307 5188 έλαῦες
2342 5125 2411 5179 τὰ
2439 5126 2617 5193 ἀγαθά
2646 5144 2738 5180 σου
2772 5130 2830 5182 ἐν
2869 5130 2935 5199 τῇ
2965 5127 3076 5198 ζωῇ
3109 5144 3199 5179 σου
3222 5166 3237 5191 ,
3272 5126 3479 5197 ὁμοίως
3509 5127 3571 5179 δὲ
3596 5126 3687 5179 καὶ

531 5297 577 5329 ⁵⁸
597 5296 732 5353 Gen.
759 5313 832 5362 vr,
859 5299 885 5352 ί
910 5312 1063 5367 seqq.

1138 5298 1181 5330 "
1219 5298 1354 5353 Gen.
1382 5313 1494 5363 xix,
1537 5301 1701 5368 lseq.
1776 5298 1822 5330 ⁸⁸
1850 5297 2041 5362 Matth,
2084 5314 2137 5362 χ,
2164 5296 2249 5351 l5.
2325 5298 2413 5352 “i
2453 5299 2580 5354 Cor.
2623 5316 2699 5365 xi,
2730 5300 2929 5355 50-32.
2998 5301 3052 5332 ⁵ο
3083 5299 3214 5354 Luc.
3250 5315 3338 5354 xv:
3365 5339 3382 5366 ,
3413 5298 3507 5356 25.

1547 5446 1780 5502 VARIA']
1815 5444 2195 5503 LECTIONES
2232 5445 2320 5502 ET
2359 5446 2589 5505 NOTE.

541 5598 644 5670 μθ)
678 5600 783 5657 Pro
813 5604 926 5670 μετ’
957 5601 1107 5656 άκολ.
1143 5602 1294 5657 codd.
1324 5600 1440 5655 Vat.
1475 5602 1577 5656 650
1609 5612 1657 5659 et
1693 5604 1799 5660 Ait.
1821 5602 2013 5660 habent

2120 5604 2187 5676 'q-c‘
2218 5605 2307 5659 ἀκ.
2332 5603 2544 5661 Possm
