3974 6144
226 208 229 209 ί
327 244 463 315 1465

1233 265 1763 340 EPISTOLARUM
1800 281 1946 344 LIB.
1981 286 2049 348 V.
2074 311 2145 324 -
2166 287 2405 354 EPIST.
2443 293 2725 360 CCXXII.

3432 300 3571 365 1466

323 360 680 477 Λάζαροςὶτά
718 372 862 428 κακά
885 392 901 407 ·
949 394 968 429 ι
1003 381 1319 448 τουτέστιν,
1350 386 1414 438 Ei
1445 388 1767 462 πέπρακταί
1803 398 1886 451 σοί

1989 400 2153 466 Quasi
2197 403 2449 461 diceret?
2498 407 2554 461 Si
2602 408 2731 477 quid
2784 408 2910 464 boni
2972 408 3024 463 in
3071 409 3180 464 vita
3227 409 3439 477 fecisti,
3469 413 3571 468 hoc

320 469 373 504 τι
394 459 687 555 χρηστὸν,
716 463 859 555 τοῦτ’
883 466 1228 543 ἀπείληφας,
1270 459 1683 549 τρυφήσας-καὶ
1729 486 1889 555 μηδε-

323 542 453 645 μιᾶς
496 549 777 645 πειραθεὶς
820 541 1142 630 μεταϐολῆς.
1192 564 1256 616 Εί
1296 541 1355 618 δέ
1390 541 1453 622 *τί
1503 541 1743 645 κάκείνω
1789 541 1888 630 πε-

318 634 706 737 πλημμέληται
726 684 742 708 ,
792 647 937 698 τοῦτ’
961 650 1260 724 ἀπείληφεν
1277 657 1336 709 ἐν
1367 662 1432 730 τῇ
1466 634 1887 737 ἀπαραμυθήτῳ

318 727 481 797 πενίᾳ
515 728 985 806 δεδαπανημένοςο
1028 723 1159 814 περῖ
1190 745 1247 799 δὲ
1277 748 1386 801 τῶν
1407 723 1701 808 ’κάνταῦθα
1727 723 1889 810 656w.-

317 818 493 919 κρότων
531 820 690 919 δίκην
712 865 726 889 ,
772 830 935 885 κάκεῖ
963 833 1276 906 δωσόντων,
1320 842 1482 907 αὐτὸς
1513 847 1541 897 ό
1579 848 1779 919 κριτὴς
1828 854 1888 904 ἐν

318 907 684 1017 Εὐαγγελίοις.
720 919 1081 1017 ἀπεφήνατο·
1134 947 1153 980 ι
1190 930 1569 1008 Ἀνεκτότερον
1614 907 1773 996 ista;
1812 947 1881 1017 γῇ

601 1009 695 1103 καὶ
719 1009 1026 1103 Γομόρρων,
1058 1019 1092 1091 ἢ
1143 1025 1210 1092 τῇ
1256 1024 1408 1078 πόλει
1460 999 1660 1103 ἐκείνῃ.
1702 1053 1720 1086 ι

315 1106 403 1187 τοι
422 1093 702 1187 κάνταῦθα
720 1098 983 1159 δεδώκασι
1011 1090 1295 1179 δίκην-καὶ
1320 1090 1725 1187 Σοδομῖταιὶκαὶ
1763 1125 1886 1179 Ἰου-

314 1177 451 1283 δαίοι
469 1222 483 1247 ,
517 1185 566 1235 οἱ
602 1186 703 1283 μὲᾸν
720 1194 882 1283 Δπυρὶ
908 1177 1332 1268 δαπανηθέντες,
1360 1206 1407 1258 oi
1441 1177 1499 1259 δὲ
1528 1209 1750 1283 πολέμῳ
1781 1177 1886 1269 καὶ

314 1266 481 1371 λιμῷ.
503 1275 917 1371 παραδοθέντες,
969 1287 1063 1338 καὶ
1094 1266 1175 1351 είς
1218 1293 1485 1365 τοσαύτην
1517 1266 1754 1371 ἀπορίαν

313 1361 642 1451 ταστάντες,
674 1367 751 1434 ὡς
797 1372 889 1423 καὶ
912 1373 1021 1428 τῶν
1051 1379 1272 1434 οίκείων
1302 1361 1603 1451 γεύσασθαι
1629 1361 1845 1446 ’παίδων
1867 1411 1883 1426 ·

312 1449 529 1517 πάντως
552 1455 659 1523 γὰρ
677 1458 769 1512 ὑπ’
795 1461 1015 1527 ὀδόντας
1038 1465 1211 1523 ἐλθεῖν
1229 1473 1260 1536 ἡ
1292 1449 1506 1545 ἀνάγκη
1536 1478 1881 1541 sesamum.

779 1663 947 1719 am.
982 1697 1052 1710 .-
1088 1668 1175 1741 Τῼ
1213 1671 1415 1744 arm.

1994 495 2244 563 recepisti
2264 497 2589 566 deliciando,
2609 500 2918 571 nullamque
2938 511 3222 570 exspectas
3240 504 3563 558 mercedem.

1990 581 2045 637 Si
2073 584 2202 654 quid
2236 599 2367 640 vero
2396 602 2426 640 a
2464 588 2669 642 Lazaro
2712 590 3026 645 humanitus
3064 596 3149 647 est
3190 590 3565 655 commissum,

1989 675 2264 741 expiatum
2300 677 2352 731 id
2403 677 2470 731 ab
2516 678 2894 734 inconsolabili
2946 681 3125 748 inopia
3180 682 3567 749 propemodum
3626 739 3633 745 _

1990 763 2293 832 absumpto.
2323 766 2397 820 De
2418 768 2485 821 iis
2503 764 2631 822 vero
2655 770 2743 837 qui
2770 769 2858 824 hic
2880 784 3069 839 poenas
3098 769 3382 834 dederunt,
3416 770 3570 824 luent

1989 866 2120 908 vero
2160 863 2214 909 et
2250 856 2301 910 in
2349 857 2519 911 altera
2568 860 2700 926 vita,
2753 870 2985 915 testatur
3031 870 3085 915 et
3140 862 3257 931 ipse
3298 860 3463 929 iudex
3509 862 3565 915 in

1989 942 2292 1015 Evangeliis
2326 965 2340 1003 :
2381 967 2399 1001 ι
2440 944 2801 1006 Tolerabilius
2838 952 2940 1006 erit
2978 960 3141 1006 terra;
3198 949 3566 1005 Sodomorum

1986 1045 2042 1090 et
2100 1036 2628 1109 Gomorrhaaorum,
2693 1057 2854 1112 quam
2918 1042 3125 1097 civitati
3179 1042 3255 1097 illi
3284 1042 3351 1096 ".
3392 1061 3411 1093 ι
3453 1040 3565 1096 Etsi

1987 1141 2118 1183 vero
2165 1129 2380 1185 luerunt
2415 1142 2470 1187 et
2515 1133 2603 1188 hic
2653 1132 2945 1189 Sodomita!
2993 1144 3157 1203 atque
3223 1133 3389 1188 Judaei
3417 1172 3433 1198 ,
3490 1132 3565 1187 illi

1985 1215 2203 1283 quidem
2255 1217 2464 1273 ctelesti
2525 1220 2649 1289 igne
2695 1221 3033 1290 consumpti;
3087 1222 3138 1276 hi
3169 1235 3301 1275 vero
3332 1220 3472 1276 bello
3511 1227 3566 1273 et

1986 1304 2127 1359 fame
2160 1308 2352 1373 attriti,
2382 1310 2454 1362 ad
2475 1321 2617 1374 eam,
2654 1310 3089 1376 inquam,adacti
3120 1311 3360 1365 ciborum
3393 1322 3563 1379 penu-

1983 1394 2144 1459 riam,
2180 1405 2238 1449 ut
2275 1407 2329 1451 et
2366 1398 2567 1453 liberos
2612 1399 2817 1455 obsessi
2863 1416 2892 1454 a
2926 1399 3187 1454 Romanis
3227 1400 3562 1454 devorarint.

1983 1480 2176 1553 omnia
2204 1485 2346 1539 enim
2380 1493 2439 1540 ut
2465 1488 2715 1542 dentibus
2753 1499 3029 1553 vorarent,
3056 1502 3264 1549 summa
3303 1486 3564 1556 compulit

1982 1582 2213 1642 egestas.

2462 1685 2718 1744 CCXXII.
2746 1718 2815 1728 —
2841 1686 3063 1742 EIDEM.

986 1756 1065 1813 De
1096 1762 1279 1816 eadem
1311 1781 1386 1830 re,
1415 1767 1469 1819 in
1504 1770 1756 1825 mercedis
1793 1772 2179 1831 distributione.
2215 1774 2378 1847 (Vide
2410 1778 2558 1842 epist.
2597 1778 2684 1843 78,
2718 1777 2868 1849 502.)

380 1875 565 1978 Ὅπερ
592 1881 783 1978 πρώην
809 1887 1061 1978 περὶτῶν
1085 1890 1507 1963 ἁμαρτημάτων
1532 1897 1692 1968 ἔφην,
1722 1900 1883 1954 τοῦτο

1990 1864 1997 1879 ι
2055 1904 2206 1971 Quod
2238 1922 2411 1976 nuper
2442 1907 2511 1962 de
2556 1908 2797 1976 peccatis
2840 1912 3208 1978 scripseram,
3239 1905 3380 1961 idem
3417 1922 3563 1963 nunc

306 1965 402 2059 νῦν
433 1969 561 2038 περὶ
603 1971 727 2027 τῶν
763 1977 1204 2047 κατορθωμάτων
1234 1983 1383 2054 ἐρῶ·
1433 1986 1515 2038 ὅτι
1569 1965 1743 2059 μικρὰ
1788 1993 1884 2043 καὶ⁵

306 2058 498 2151 εὖτελῆ
546 2065 940 2134 κατορθώσας,
995 2073 1045 2124 εί
1097 2072 1393 2129 ἀπολαύσει
1448 2076 1593 2141 τινὸς
1639 2082 1880 2151 χρηστοῦ

306 2150 555 2243 ἐνταῦθα,
586 2155 774 2223 ἀφέξει
813 2159 901 2211 τὸν
930 2161 1136 2229 μισθὸν;
1164 2165 1225 2217 Εἰ
1254 2165 1308 2217 δὲ
1343 2168 1553 2235 μεγάλα
1584 2150 1685 2223 καὶν
1713 2172 1881 2243 ὑπερ-

308 2242 419 2311 φυῆ
466 2246 558 2298 καὶ
596 2248 1028 2320 ἀξιοθαύμαστα,
1079 2256 1303 2309 κάκεῖσε
1356 2259 1729 2330 ἀπολήψεται,
1781 2242 1879 2331 με·

304 2334 471 2402 τρίως
517 2337 635 2405 μὲν,
672 2340 721 2391 εί
758 2342 1034 2399 κάνταῦθα
1065 2336 1355 2416 ἀπείληφε.
1394 2350 1466 2402 Τὸ
1507 2351 1615 2422 γὰρ
1644 2338 1882 2408 ἐνταῦθα

304 2424 491 2478 λαϐεῖν
535 2428 894 2499 ὑποτέμνεται
927 2434 1120 2503 μισθοῦ
1159 2438 1324 2508 μέρος
1353 2440 1413 2492 ού
1444 2443 1641 2513 μικρόν
1664 2459 1679 2473 ο
1712 2445 1881 2515 ὑπερ-

302 2515 604 2582 ϐαλλόντως
636 2522 714 2585 δὲ,
764 2523 812 2573 εί
844 2524 919 2594 μὴ
960 2527 1280 2598 ἀπείληφεν.
1312 2531 1422 2584 Καὶ
1457 2534 1504 2585 εί
1554 2533 1755 2603 βούλει,
1789 2536 1877 2589 διὰ

302 2608 744 2678 παραδείγματος
787 2615 1069 2683 σαφηνίσω
1114 2619 1174 2670 τὸ
1219 2606 1543 2691 λεγόμενον.
1592 2625 1877 2680 Ἔστωσαν

302 2696 612 2762 ὑποθέσεως
653 2701 815 2772 χάριν
861 2703 954 2757 δύο
993 2706 1228 2771 δίκαιοι,
1281 2710 1440 2780 ἄκροι
1491 2712 1590 2783 τὴν
1636 2715 1874 2786 ἀρετήν·

300 2789 416 2841 ἀλλ’
462 2793 491 2843 6
547 2791 645 2861 μὲν
682 2793 915 2847 ἐνταῦθα
965 2796 1300 2865 πλουτείτω,
1354 2803 1384 2853 6
1435 2801 1491 2854 δὲ
1529 2804 1776 2858 πενέσθω
1801 2822 1815 2836 ’
1849 2809 1878 2860 6

302 2878 403 2948 μὲν
440 2880 778 2949 δοξαζέσθω,
812 2886 840 2937 6
871 2886 928 2938 δὲ
961 2887 1268 2959 ὑδριζέσθω
1289 2906 1302 2919 ·
1350 2890 1379 2942 6
1416 2892 1516 2960 μὲν
1560 2894 1712 2963 παρά
1740 2896 1878 2949 πάν-

298 2987 408 3024 των
452 2973 801 3049 ἐπαινείσθω,
838 2979 866 3030 6
894 2977 952 3030 δὲ
997 2979 1388 3050 κωμῳδείσθω.
1427 2975 1575 3052 τΑρα
1610 2984 1876 3039 ἀπελθόν-

298 3076 392 3122 τες
451 3062 569 3114 ὲκεῖ
629 3064 721 3117 τὸν
767 3062 883 3119 ἴσον
930 3067 1191 3140 λήψονται
1248 3071 1553 3139 στέφανον;
1604 3072 1678 3126 Ob
1735 3091 1875 3145 φημι

298 3150 472 3249 ἔγωγε
496 3194 511 3219 ,
554 3153 732 3208 καίτοι
775 3156 925 3220 ἴσους
950 3175 1012 3221 γε
1047 3160 1275 3221 ἑαυτοὺς
1306 3159 1516 3230 ἔφαμεν
1562 3158 1705 3215 εἶναι
1735 3165 1877 3218 κατά
1903 3192 1946 3249 C

296 3241 389 3294 τὸν
413 3242 512 3312 τῆς
540 3244 741 3315 ἀρετῆς
770 3244 961 3312 λόγον·
992 3247 1108 3299 ἀλλ’
1135 3249 1167 3318 ἡ
1216 3247 1313 3301 τοῦ
1343 3249 1580 3304 ἐνταῦθα
1613 3251 1730 3321 βίου
1779 3254 1868 3306 ἀν-

298 3333 513 3402 ωμαλία
536 3336 635 3407 τὴν
668 3336 891 3407 ἰσότητα
920 3337 1020 3406 τῆς
1059 3340 1262 3410 ἀρετῆς
1297 3342 1378 3405 είς
1403 3341 1466 3394 τὸ
1498 3342 1682 3397 ἄνισον
1701 3360 1870 3398 κατα-

301 3425 520 3493 στήσει·
561 3427 624 3479 οὐ
679 3426 776 3480 τοῦ
818 3428 1117 3483 ἀδεκάστου
1162 3433 1351 3503 κριτοῦ
1400 3434 1585 3487 ἄδικον
1638 3435 1872 3506 ψηφιου-

302 3512 484 3582 μένου,
540 3515 676 3568 ἀλλά
724 3516 803 3587 τῷ
859 3518 957 3587 μὲν
1001 3519 1280 3573 κάνταῦθα
1325 3523 1487 3575 κάκεῖ
1534 3523 1626 3576 τὸν
1680 3525 1873 3594 μισθὸν

300 3606 849 3675 συμμετρησομένου,
886 3606 964 3678 τῷ
1011 3608 1069 3661 δὲ
1104 3609 1341 3680 ἄκρατον
1390 3612 1490 3683 τὴν
1535 3614 1873 3686 εὐφροσύνην

298 3693 731 3763 βεϐαιώσαντοςο
774 3696 979 3751 δίκαιον
1030 3700 1138 3770 γὰρ
1180 3702 1415 3755 τοσαῦτα
1462 3703 1563 3773 μὲν
1595 3706 1874 3775 κατορθώο

300 3801 496 3848 σαντα,
534 3786 607 3855 μὴ
650 3786 761 3839 τῶν
794 3789 973 3841 αὐτῶν
1004 3790 1058 3842 δὲ
1089 3791 1500 3857 ἀπολαύσαντα,
1541 3795 1747 3864 μείζονι
1778 3798 1872 3850 καὶ

297 3873 668 3945 λαμπροτέρῳ
701 3878 1041 3949 κοσμηθῆναι
1079 3882 1353 3953 στεφάνῳ.
1389 3884 1464 3936 Οὐ
1499 3884 1659 3954 μόνον
1692 3885 1749 3938 δὲ
1778 3886 1872 3938 ἐπὶ

298 3965 410 4019 τῶν
455 3968 917 4039 κατορθωμάτων,
950 3965 995 4025 ὧ
1038 3975 1298 4044 μακάριε,
1328 3975 1465 4030 ἀλλὰ
1508 3977 1603 4030 καὶ
1640 3978 1871 4033 ἐπὶτῶν

297 4058 710 4144 ἁμαρτημάτων
747 4061 806 4113 τὺ
849 4062 981 4116 αὐτὸ
1008 4066 1309 4122 ἀκολουθεῖ.
1339 4069 1622 4122 Ἔστωσαν
1656 4068 1785 4139 γὰρ,
1820 4072 1870 4125 εί

294 4145 468 4211 δοκεῖ,
497 4147 591 4201 δύο
613 4150 948 4222 ἁμαρτωλοὶ,
973 4156 1053 4217 είς
1083 4156 1252 4227 αὐτὴν
1278 4158 1378 4228 τῆς
1407 4161 1605 4222 κακίας
1629 4160 1869 4228 φθάσαν-

292 4254 386 4321 τες
407 4237 506 4305 τὴν
534 4241 800 4312 κορυφὴν,
821 4243 897 4307 ὡς
930 4246 1098 4315 μηδὲν
1119 4247 1303 4317 ἕτερον
1331 4249 1519 4319 ἐτέρου
1550 4250 1828 4321 διαφέρειν
1852 4266 1866 4282 ⁶

292 4320 369 4378 ὧν
390 4328 418 4379 6
446 4328 541 4398 μὲν
558 4329 876 4398 πλουτείτω,
901 4336 929 4388 6
949 4335 1005 4388 δὲ
1029 4339 1355 4407 πτωχευέτω
1381 4354 1393 4369 ο
1425 4339 1455 4391 6
1477 4341 1575 4410 μὲν
1596 4320 1868 4411 τιμάσθω,

293 4419 324 4470 ό
350 4417 405 4470 δὲ
430 4419 731 4490 ύόριζέσθω
751 4438 766 4453 °
789 4420 817 4478 δ
841 4425 939 4495 μὲν
968 4429 1203 4499 ἀρχέτω,
1231 4432 1259 4483 6
1279 4431 1335 4483 δὲ
1366 4432 1699 4496 κολαζέσθω.
1723 4430 1871 4506 τΛρα

1983 1996 2051 2050 de
2079 1996 2237 2050 bonis
2269 1998 2446 2051 dicam
2478 1997 2721 2051 moribus
2751 2012 2767 2050 :
2800 1997 2941 2066 quod
2966 1996 3058 2066 qui
3087 2010 3252 2065 parva
3297 2005 3352 2049 et
3384 1993 3560 2049 facilia

1984 2097 2135 2142 recte
2164 2087 2419 2159 gesserit,
2465 2087 2509 2141 si
2540 2088 2671 2157 quid
2715 2095 2801 2142 est
2827 2086 2953 2141 boni
2982 2085 3206 2154 adeptus
3226 2123 3242 2146 ,
3277 2084 3558 2154 praemium

1984 2175 2189 2229 retulit.
2213 2176 2284 2227 At
2314 2175 2403 2243 qui
2444 2190 2632 2243 magna
2664 2184 2718 2228 et
2743 2173 3058 2228 admiranda
3083 2172 3295 2235 fecerit,
3330 2170 3561 2239 accipiet

1984 2266 2335 2321 nihilominus
2371 2274 2425 2320 et
2469 2267 2577 2321 illic
2620 2266 2924 2320 mercedem
2951 2302 2967 2327 ,
3004 2264 3104 2317 etsi
3140 2263 3432 2317 mediocria
3471 2262 3560 2315 hic

1983 2359 2145 2413 fuerit
2176 2366 2519 2413 consecutus.
2549 2357 2650 2410 llic
2694 2355 2842 2409 cnim
2889 2355 3047 2424 potiri
3080 2366 3164 2408 est
3199 2369 3304 2406 non
3334 2367 3557 2421 parvam

1981 2448 2253 2503 mercedis
2318 2448 2565 2514 accipere
2640 2445 2964 2514 portionem.
3018 2443 3374 2497 Abundanter
3430 2455 3559 2494 vero

1982 2540 2459 2603 remunerabitur,
2493 2538 2551 2591 si
2571 2537 2713 2590 nihil
2753 2534 3046 2602 acceperit.
3078 2533 3132 2587 Id
3159 2547 3258 2600 ego
3286 2532 3556 2600 exemplo,

1978 2630 2025 2682 si
2058 2629 2129 2681 ita
2158 2628 2449 2693 videbitur,
2480 2626 2805 2696 eXplanabo.
2854 2624 2997 2686 Sint,
3036 2621 3183 2676 verbi
3219 2624 3419 2691 gratia,
3452 2622 3558 2675 duo

1973 2718 2103 2788 justi
2152 2719 2355 2774 virtute
2406 2718 2641 2771 maxime
2689 2715 2899 2784 praediti
2938 2732 2951 2768 :
2991 2727 3131 2766 unus
3188 2714 3362 2775 dives,
3418 2711 3558 2765 alter

1978 2809 2158 2879 ineps.
2205 2808 2300 2863 Ille
2351 2809 2587 2863 celebris
2653 2808 2771 2872 sit,
2830 2805 2919 2859 hic
2983 2803 3184 2872 injuria
3252 2810 3553 2866 prematur.

1978 2898 2253 2952 Laudatur
2300 2898 2388 2951 ille
2436 2912 2536 2966 per
2586 2897 2791 2959 omnia,
2838 2894 2926 2948 hic
2974 2892 3424 2961 reprehendatur.
3470 2894 3553 2945 Au

1980 2989 2120 3043 forte
2170 2988 2297 3042 hinc
2351 2989 2615 3043 abeuntes
2666 2986 2784 3055 pari
2829 2983 3129 3038 allicientur
3159 2982 3402 3035 corona?
3436 2980 3553 3034 Non

1982 3078 2235 3146 equidem
2296 3076 2601 3138 existimo,
2662 3074 2764 3129 etsi
2822 3073 3038 3127 virtutis
3107 3072 3318 3125 ratione
3397 3086 3555 3139 pares

1981 3167 2248 3222 dixerim?
2278 3166 2371 3223 sed
2404 3166 2525 3219 vitae
2555 3167 2658 3219 huc
2688 3164 2946 3219 traductze
2975 3163 3113 3218 ratio
3140 3163 3323 3231 dispar
3340 3162 3556 3216 virtutis

1978 3259 2345 3327 zequalitatem
2403 3258 2470 3310 ad
2507 3255 2929 3326 inaequalitatem
2976 3253 3227 3317 adducet,
3258 3252 3440 3327 judice
3473 3254 3555 3305 in-

1976 3326 2229 3418 corrupto
2280 3347 2525 3417 iniquum
2577 3347 2707 3401 nihil
2749 3352 3056 3411 statuente,
3090 3344 3187 3399 sed
3224 3326 3331 3399 'lllc
3362 3353 3417 3399 et
3444 3345 3555 3399 illic

1975 3440 2252 3508 praemium
2304 3439 2498 3506 cuique
2542 3438 2852 3503 ordinante,
2914 3449 3022 3506 quo
3078 3450 3281 3490 meram
3334 3437 3555 3504 augebit

1975 3529 2235 3584 lmtitiam.
2258 3528 2421 3600 627
2446 3528 2678 3597 Equum
2697 3529 2842 3583 enim
2872 3539 2991 3583 erat
3019 3538 3299 3597 tantopere
3322 3528 3554 3597 castiga-

1975 3628 2088 3675 tum
2132 3621 2403 3685 moribus,
2432 3633 2605 3685 neque
2628 3618 2718 3672 hic
2740 3619 2929 3673 eadem
2959 3619 3096 3673 bona
3128 3618 3407 3687 adeptum,
3435 3632 3553 3670 ma«

1972 3707 2091 3779 iore
2129 3717 2292 3777 atque
2330 3709 2626 3762 illustriore
2671 3708 2854 3761 ornari
2895 3722 3118 3763 corona.
3143 3706 3315 3772 Idem,
3339 3724 3371 3762 ο
3406 3707 3547 3762 bone

1972 3800 2088 3867 vir,
2130 3815 2235 3855 non
2285 3800 2337 3854 in
2384 3800 2544 3867 justis
2602 3800 2761 3853 modo
2806 3799 2985 3865 valet,
3035 3801 3128 3854 sed
3160 3809 3214 3854 et
3247 3799 3553 3865 peccatori-

1974 3890 2073 3945 bus
2117 3890 2390 3944 usuvenit.
2434 3888 2656 3951 Demus,
2698 3888 2741 3942 si
2770 3889 2990 3943 videtur
3014 3926 3029 3951 ,
3061 3889 3186 3942 boni
3212 3887 3423 3942 delictis
3443 3888 3554 3942 sint

1971 3979 2201 4035 obnoxii
2232 3979 2531 4047 eodemque
2560 3976 2613 4030 in
2639 3978 2807 4047 gradu
2838 3986 3181 4047 peccatorum
3234 3978 3549 4044 constituti;

1971 4081 2166 4126 neuter
2212 4083 2341 4124 vero
2382 4062 2619 4124 alterum
2671 4068 2902 4124 crimine
2946 4068 3150 4133 vincat,
3189 4082 3421 4139 quorum
3460 4068 3552 4123 hic

1972 4163 2189 4234 quidem
2257 4163 2328 4218 sit
2388 4161 2671 4230 locuples,
2726 4159 2864 4215 alter
2922 4160 3136 4228 inops?
3194 4159 3293 4213 Hic
3341 4160 3540 4229 injuria

1973 4262 2270 4324 prematur,
2327 4253 2533 4306 honore
2585 4266 2715 4307 vero
2765 4250 2856 4306 ille
2909 4249 3193 4305 aliieiatur.
3247 4249 3398 4305 Unus
3425 4266 3552 4308 cum

1972 4346 2200 4415 imperio
2246 4345 2349 4409 sit,
2394 4344 2692 4411 castigetur
2740 4342 2897 4399 alter.
2949 4344 3030 4397 An
3075 4343 3238 4414 igitur
3279 4342 3449 4397 altera
3496 4342 3557 4398 in

1971 4437 2075 4490 vita
2113 4437 2300 4491 eadem
2347 4436 2456 4490 sint
2520 4450 2682 4505 pmna
2731 4433 3043 4504 plectendi?
3100 4434 3324 4488 minime
3376 4447 3555 4495 vero,

294 4508 624 4595 ἀπελθόντες
646 4514 763 4566 ἐκεῖ
782 4514 879 4585 τὴν
901 4518 1069 4589 αὐτὴν
1099 4518 1326 4574 δώσουσι
1348 4521 1504 4592 δίκην
1530 4540 1544 4589 ;
1570 4525 1669 4577 οὐκ
1691 4508 1867 4593 ἔγωιέε

1979 4530 2188 4582 tametsi
2218 4542 2375 4595 pares
2398 4526 2608 4581 delictis
2628 4526 2879 4580 dixerim.
2906 4523 3014 4580 Sed
3036 4524 3197 4594 huius
3218 4525 3344 4578 vitae
3373 4531 3551 4577 status

295 4593 483 4667 οἶμαι,
545 4601 723 4656 καίτοι
769 4605 916 4670 ἴσους
958 4625 1021 4676 γε
1069 4610 1269 4674 αὐτοὺς
1314 4610 1522 4682 ἔφημεν
1552 4609 1690 4666 εἶναι
1728 4616 1868 4668 κατά

295 4690 385 4741 τὸν
414 4691 513 4760 τῆς
548 4694 750 4758 κακίας
776 4694 968 4765 λόγον’
1000 4698 1117 4752 ἀλλ’
1149 4703 1182 4768 ἡ
1225 4702 1320 4755 τοῦ
1364 4703 1596 4757 ἐνταῦθα
1629 4705 1743 4775 βίου
1772 4724 1867 4759 κα-

294 4780 554 4871 τάστασις
576 4783 675 4855 τὴν
709 4786 930 4859 ἰσότητα
958 4789 1059 4861 τῆς
1083 4794 1278 4856 κακίας
1307 4795 1491 4850 ἄνισον
1525 4796 1606 4859 είς
1638 4796 1730 4849 τὸν
1762 4797 1866 4865 τῆς

296 4870 642 4937 ἀναστάσεως
686 4879 978 4948 ἀποφαίνει
1016 4882 1229 4953 καιρὸν,
1264 4884 1324 4937 ού
1364 4888 1463 4956 τῆς
1495 4886 1651 4958 δίκης
1694 4887 1756 4940 τὸ
1789 4888 1869 4940 δί-

298 4976 451 5011 καιον
473 4965 877 5038 παροψομὲνης,
908 4971 1042 5024 ἀλλὰ
1066 4973 1143 5043 τῷ
1171 4975 1269 5045 μὲν
1286 4977 1561 5031 κάνταῦθα
1587 4980 1749 5031 κάκεῖ
1770 4980 1869 5050 τὴν

296 5053 565 5122 τιμωρίαν
599 5063 1148 5134 συμμετρησομένης,
1176 5065 1252 5136 τῷ
1285 5067 1340 5121 δὲ
1368 5069 1485 5121 ἐκεῖ
1515 5069 1624 5140 (50)
1652 5070 1866 5139 ἀπαρα·

300 5142 542 5212 μύθητον
571 5147 668 5216 τὴν
699 5151 918 5206 κόλασιν
957 5155 1353 5228 ψηφιουμένης.
1386 5160 1601 5213 Δίκαιον
1636 5161 1743 5232 γὰρ
1774 5161 1865 5215 τὸν

1977 4618 2196 4672 malitia:
2232 4616 2596 4684 aequalitatem
2632 4616 2759 4670 facit
2795 4617 2847 4669 in
2890 4615 3150 4684 aequalem
3200 4625 3462 4683 apparere
3493 4612 3546 4665 in

1976 4708 2377 4765 resurrectione
2431 4708 2609 4762 carnis
2637 4746 2652 4771 ,
2701 4723 2806 4761 non
2852 4706 3061 4774 iustitia
3114 4705 3322 4773 justum
3368 4701 3548 4770 ipsum

1977 4807 2285 4869 spernente,
2342 4798 2435 4852 sed
2490 4797 2649 4864 hujus
2679 4797 2803 4851 vita:
2835 4794 3158 4864 supplicium
3210 4806 3332 4846 cum
3369 4789 3549 4843 futuro

1975 4894 2480 4952 ‘commensurante;
2554 4887 2709 4940 alteri
2782 4901 2909 4941 vero
2970 4884 3041 4937 ibi
3100 4880 3549 4936 inconsolabilem

1972 4990 2187 5048 poenam
2240 4986 2531 5032 statuente.
2565 4974 2779 5029 Justum
2813 4982 2893 5028 est
2918 4973 3060 5028 enim
3105 4970 3291 5025 eadem
3326 4968 3547 5038 quidem

1970 5073 2278 5133 facientem,
2320 5084 2424 5123 non
2473 5072 2659 5123 eadem
2704 5075 2882 5121 tamen
2918 5077 3232 5137 perpessum
3263 5060 3551 5134 graviores

1970 5165 2100 5217 dare
2130 5177 2332 5231 pcenas.

297 5235 367 5289 τὰ
400 5238 541 5291 αὐτά
575 5241 674 5309 μὲν
702 5242 1016 5313 δεδρακότα,
1060 5249 1136 5321 μὴ
1182 5249 1250 5304 τὰ
1283 5252 1421 5305 αὑτά
1451 5252 1501 5306 δὲ
1539 5254 1861 5318 πεπονθότα,
1907 5254 2126 5323 μείζονα
2152 5253 2335 5306 δοῦναι
2367 5249 2539 5319 δίκην.

368 5355 412 5388 ⁸⁸
438 5353 630 5409 Matth.
661 5371 694 5409 Χ
742 5358 809 5411 15

1395 5471 1623 5526 ΥΛΠΙΑΞ
1656 5473 2037 5531 LECTIONES
2076 5476 2162 5529 ET
2200 5474 2435 5531 ΝΟΤᾸΞ.

372 5624 486 5686 (50)
536 5624 641 5679 Pro
681 5624 812 5679 τῶδε
850 5627 1006 5681 umbo
1046 5627 1205 5683 iidem
1254 5627 1409 5683 codd.
1455 5628 1695 5685 scribunt
1728 5629 1835 5685 τῶν
1870 5629 1895 5683 δ

1979 5633 2073 5697 κεῖ,
2101 5639 2205 5686 etc.
2234 5628 2423 5687 Possm
