3974 6144
443 251 581 318 146Ἶ
1608 243 1683 299 κε
1744 237 2037 299 ISIDORI
2076 229 2512 297 PELUSIOTIE
2825 206 2836 225 ‘
3352 304 3355 309 η
3556 214 3694 281 uss

651 361 1027 421 CCXXIII.—
1060 354 1454 412 HARPOCRIE
1485 351 1815 407 RHETORI.

2403 341 2572 395 2K1".
2627 367 2694 380 —
2741 334 3069 406 ΔΡΠΟΚΡᾼ
3097 304 3404 405 meum.

452 476 709 530 Virtutem
732 475 904 541 potius
930 486 1044 525 cum
1072 468 1502 533 adversitatibus,
1539 483 1699 536 quam
1732 465 1858 519 vitia
1877 478 2007 586 ἐξίῃ

2118 458 2404 596 ignium,
2430 453 2668 508 colenda.
2702 450 2939 523 (Confer.
2965 452 3117 519 epist.
3156 450 3247 513 i8,
3274 448 3367 514 68,
3402 446 3534 511 229,
3559 443 3691 507 283,

515 674 641 731 Scio
680 673 810 729 mihi
851 669 1047 741 partim
1095 669 1359 726 creditum
1395 681 1500 721 non
1554 666 1652 732 iri,
1708 664 2013 736 partimque

446 761 735 834 hyperbole
776 761 1002 814 videbor
1032 758 1129 824 uti,
1164 758 1266 812 nisi
1312 771 1488 811 meum
1515 754 1730 811 noveris
1761 767 1965 809 morem
1993 770 2009 807 :

443 854 664 909 alterius
695 852 924 907 fortasse
950 866 1057 905 non
1087 849 1302 905 dixero.
1330 846 1466 902 Novi
1490 846 1690 902 etenim
1724 846 2011 915 plerosque

444 959 541 1014 per
571 959 628 998 se
650 943 716 998 de
740 942 860 997 aliis
897 940 1038 996 ferre
1065 940 1243 996 solere
1279 938 1563 1007 judicium.
1603 937 1732 992 Dico
1757 936 2013 991 libentius

445 1049 532 1088 me
559 1034 757 1087 bonum
792 1032 1000 1102 agendo
1028 1031 1253 1085 adversa
1285 1028 1418 1099 pati,
1452 1044 1613 1097 quam
1638 1026 1776 1080 male
1807 1026 2013 1097 agendo

442 1124 714 1180 coronari.
772 1123 839 1179 Ut
892 1124 1033 1177 enim
1087 1132 1355 1177 transeam
1409 1120 1598 1175 virtuti
1641 1133 1895 1174 coronam
1954 1118 2009 1172 in

443 1214 611 1270 altera
665 1215 773 1268 vita
831 1212 1163 1282 repositam,
1215 1225 1431 1283 poenam
1496 1225 1627 1265 vero
1680 1208 2011 1279 improbitati

443 1314 825 1373 praeparatam,
868 1305 1039 1358 virtus
1069 1303 1298 1372 ipsamet
1324 1316 1526 1357 corona
1554 1316 1616 1357 ac
1638 1315 1850 1356 merces
1878 1299 2010 1355 mihi

445 1409 567 1449 esse
594 1393 837 1459 videtur,
879 1403 934 1449 et
977 1394 1164 1447 vitium
1208 1406 1331 1448 esse
1378 1390 1723 1461 supplicium.
1779 1389 1846 1444 Et
1902 1404 2011 1445 non

446 1484 849 1554 praeelegerim,
904 1485 952 1539 si
1014 1484 1267 1537 virtutem
1316 1484 1531 1553 quidem
1565 1481 2009 1546 calumniantur;

446 1575 633 1629 vitium
681 1590 810 1629 vero
851 1573 1153 1629 extollunt.-
1182 1582 1239 1629 et
1298 1572 1444 1627 illam
1488 1571 1703 1642 quidem
1740 1571 2010 1636 deserere,

2188 651 2317 708 Οῐδα
2361 653 2442 707 ὅτι
2492 650 2643 723 παρά
2688 665 2850 703 τινων
2896 647 2996 719 μὲν
3026 646 3495 717 ἀπιστηθήσομαι,
3542 646 3699 715 παρά

2116 762 2279 797 τινων
2310 744 2367 797 δὲ
2405 741 2676 812 ὑπερϐολῇ
2727 737 3032 810 κεχρῆσθαι
3074 736 3512 808 νομισθήσομαι·
3554 736 3701 805 πλὴν

2118 836 2234 890 ἀλλ’
2288 834 2587 904 ἐπειδήπερ
2641 828 2797 886 οῑσθά
2831 849 2935 900 μου
2991 831 3082 883 τὸν
3109 830 3309 899 τρόπον
3370 827 3538 899 (ἄλλο
3587 826 3701 897 γὰρ

2120 921 2248 986 ἴσως
2295 923 2396 975 οὐκ
2426 921 2493 975 ἂν
2547 916 2700 975 εἷπον
2724 937 2740 954 ο
2775 915 2891 972 οἶδα
2932 917 3040 989 γάρ
3069 916 3296 980 πολλοὺς
3338 917 3403 969 ὲκ
3433 914 3544 970 τῶν
3570 913 3701 968 καθ’

2118 1014 2344 1077 ἑαυτοὺς
2374 1014 2469 1066 καὶ
2495 1013 2595 1077 τὰς
2636 1010 2894 1083 περὶτῶν
2931 1010 3106 1064 ἀλλων
3133 1009 3399 1080 φέροντας
3429 1006 3697 1077 ψήφους),

2119 1105 2281 1174 φημὶ,
2310 1105 2395 1159 ὅτι
2422 1103 2824 1175 ἀσμενέστερον
2854 1101 2966 1171 (51)
3013 1102 3218 1172 ἀρετὴν
3248 1100 3432 1154 ἀσκῶν
3464 1098 3705 1151 ἐνταῦθα.

2118 1196 2313 1265 πάσχω
2362 1194 2628 1265 κακῶς,ἦ
2676 1193 2879 1248 κακίαν
2911 1191 3113 1263 μετιὼν
3151 1188 3547 1260 στεφανοῦμαι.
3579 1189 3703 1241 Ἵνα

2117 1286 2224 1357 γὰρ
2253 1286 2411 1356 παρῶ
2431 1286 2522 1340 τὸν
2556 1286 2821 1355 στέφανον
2869 1285 2961 1339 τὸν
2983 1286 3051 1355 τῇ
3085 1285 3254 1354 ἀρετῇ
3297 1283 3476 1335 ἐκεῖσε
3504 1280 3703 1351 εὐτρε-

2116 1375 2397 1442 πισθέντα,
2431 1377 2526 1430 καὶ
2576 1374 2676 1447 τὴν
2724 1376 2949 1430 κόλασιν
2999 1373 3099 1444 τὴν
3148 1376 3217 1443 τῇ
3250 1372 3418 1442 κακίᾳ
3474 1373 3700 1441 ἑτοιμα-

2126 1467 2366 1531 σθεῖσαν,
2421 1465 2558 1538 αὑτὴ
2603 1467 2638 1536 ἡ
2686 1465 2857 1536 ἀρετὴ
2891 1464 3152 1533 στέφανος
3193 1457 3336 1515 εἷναί
3392 1478 3483 1531 μοι
3520 1460 3697 1521 δοκεῖ,

2118 1558 2212 1610 καὶ
2240 1558 2274 1628 ἡ
2305 1554 2472 1610 κακία
2524 1556 2768 1619 κόλασις.
2820 1556 2931 1609 Καὶ
2971 1555 3071 1609 οὐκ
3106 1554 3173 1607 ἂν
3218 1553 3467 1624 ἑλοίμην,
3503 1554 3551 1605 εί
3597 1552 3700 1622 τὴν

448 1665 551 1718 hoc
599 1679 729 1718 vero
773 1664 1047 1734 amplecti.
1090 1664 1567 1719 Verumenimvero
1612 1662 1751 1717 hanc
1801 1661 2012 1732 quidem

2124 1646 2224 1716 μὲν
2257 1646 2459 1718 ἀρετὴν
2508 1644 2777 1716 ὑϐρίζοιεν
2819 1661 2985 1711 τινες,
3032 1644 3132 1715 τὴν
3166 1643 3222 1696 δὲ
3252 1642 3453 1698 κακίαν
3496 1659 3701 1710 στεφα-

447 1752 641 1822 iujuria
669 1752 795 1809 licet
822 1754 1069 1808 ail‘ectam
1088 1753 1386 1822 amplector
1409 1762 1465 1807 et
1499 1766 1641 1818 amo,
1659 1751 1847 1806 vitium
1865 1764 2015 1817 vero,

448 1844 665 1899 tametsi
693 1851 1035 1910 coronatum,
1069 1857 1325 1899 exsecror
1346 1852 1508 1912 atque
1529 1842 1637 1898 odi.

2122 1738 2284 1802 νοτεν,
2311 1737 2411 1807 τῆς
2453 1735 2553 1807 μὲν
2594 1735 2984 1806 ἀποφοιτῆσαι,
3031 1736 3131 1806 τῆς
3162 1734 3220 1789 δὲ
3267 1732 3656 1787 ἀντιλαδέσθαι
3684 1747 3699 1761 ο

2120 1824 2257 1882 ἀλλά
2283 1826 2383 1895 τὴν
2416 1825 2515 1895 μὲν
2540 1825 2635 1879 καὶ
2667 1825 3028 1898 ὑϐριζομένην
3055 1825 3372 1894 ἀσπάζομαι
3403 1824 3498 1878 καλ⁵
3531 1822 3700 1893 φιλῶ,

2011 1952 2015 1959 -
2121 1917 2220 1989 τὴν
2250 1916 2308 1970 δὲ
2336 1917 2431 1970 καὶ
2476 1916 2918 1988 στεφανουμένην
2949 1916 3306 1988 βδελύττομαι
3335 1916 3429 1970 καὶ
3470 1914 3646 1986 μισῶ.

549 2040 828 2099 CCXXIV.
867 2070 939 2083 —
980 2040 1284 2097 HYPATIO
1322 2039 1907 2099 REMPUBUBLICAM

948 2111 1517 2167 ADMINISTRANTI.

2330 2026 2499 2079 ΣΚΔ’;
2529 2055 2601 2064 -
2627 2022 2886 2096 ΥΠΑΤΙῼ
2913 2024 3474 2096 ΠΟΛΙἸἙΥΟΜΕΝῼ.

1241 2225 1533 2279 Avaritiam
1568 2222 1894 2293 fugiendam.
1928 2222 2164 2294 (Confer.
2204 2223 2350 2292 epist.
2387 2224 2443 2289 8,
2490 2224 2580 2289 55,
2609 2223 2700 2290 67,
2746 2222 2895 2293 ΗΞ.)

515 2357 958 2427 Quandoquidem
1003 2358 1239 2421 dillicile,
1300 2360 1404 2413 hoc
1455 2367 1559 2421 est,
1604 2355 1889 2411 molestum
1920 2354 2009 2418 sit,

443 2448 534 2517 qui
566 2448 877 2503 divitiarum
907 2458 1097 2517 captus
1126 2464 1313 2503 amore
1348 2458 1453 2515 est,
1500 2448 1819 2517 resipiscere
1851 2446 2014 2517 (aegre

442 2543 591 2596 enim
637 2540 919 2596 emendari
966 2550 1164 2610 potest,
1200 2554 1267 2595 ne
1314 2541 1516 2608 dicam,
1564 2538 2010 2593 inemendabilem

442 2628 745 2698 huiusmodi
789 2629 957 2698 esse),
987 2629 1120 2683 nihil
1152 2643 1261 2684 non
1297 2628 1592 2699 agendum,
1638 2642 1705 2683 ne
1745 2629 1847 2683 hoc
1870 2627 2012 2682 malo

441 2722 696 2789 σπυρίσι-ῖς.
730 2719 966 2775 Facilius
990 2720 1134 2775 enim
1189 2728 1272 2775 cst
1318 2736 1425 2774 non
1468 2719 1608 2789 capi,
1638 2734 1799 2789 quam
1844 2717 2014 2774 semel

440 2819 656 2880 captum
687 2811 753 2865 ab
780 2824 847 2865 eo
874 2811 1063 2865 morbo
1085 2809 1326 2864 liberari.

686 2938 939 2995 CCXXV.
976 2967 1047 2979 —
1070 2936 1409 2993 PALLADIO
1438 2935 1759 2992 DIACONO.

2212 2351 2426 2422 Ἐπειδὴ
2456 2352 2714 2422 χαλεπὸν,
2744 2366 2992 2406 τουτεστι
3020 2352 3297 2417 δύσκολον,
3327 2352 3419 2405 τὸν
3452 2353 3532 2417 είς
3559 2352 3695 2424 ἔρως

2121 2460 2190 2496 τα
2236 2442 2538 2513 χρημάτων
2582 2442 2894 2512 ἐμπεσόντα
2948 2442 3241 2497 ἀνανεῦσαι
3285 2442 3695 2513 (δυσδιόρθωτος

2119 2535 2251 2605 γὰρ,
2283 2534 2371 2587 ἴνα
2402 2533 2476 2605 μὴ
2508 2532 2651 2586 εἴπω
2673 2533 3028 2605 ἀδιόρθωτος,
3064 2536 3093 2588 ό
3119 2533 3361 2596 τοιοῦτος
3405 2534 3685 2604 γίνεται),

2118 2623 2297 2676 πάντα
2339 2622 2443 2693 χρὴ
2490 2623 2786 2692 πράττειν,
2849 2624 2991 2679 ὥστε
3043 2624 3120 2695 μὴ
3150 2623 3355 2677 ἁλῶναι
3407 2624 3487 2694 τῷ
3510 2624 3689 2693 δεινῷ.

2120 2712 2496 2783 Εὐκολώτερον
2516 2711 2625 2783 γὰρ
2653 2712 2731 2783 μὴ
2752 2714 2977 2779 ἁλῶναι,
3005 2713 3037 2784 ἢ
3057 2713 3255 2769 ἁλόντα
3280 2713 3693 2785 ἀνακτήσασθαι

2120 2801 2333 2858 ἑαυτόν.

2398 2934 2569 2989 ΣΚΕθ.
2600 2965 2670 2976 -
2702 2936 3046 3009 ΠΑΛΛΑΔΙῼ
3088 2937 3411 3008 ΑιΑκυΝᾳ.

442 3053 545 3119 Qui
568 3051 690 3107 bene
716 3051 968 3121 paruerit,
999 3052 1046 3105 is
1072 3060 1210 3106 recte
1252 3051 1545 3121 imperabit.
1587 3048 1761 3127 (ιξιιᾳ.
1810 3047 2116 3127 A_ristot.‘et
2146 3047 2295 3127 alii;
2333 3048 2490 3127 c_9_n_[._
2522 3051 2675 3119 epist.
2705 3050 2833 3120 455,
2859 3063 2907 3107 et
2942 3052 3015 3108 ibi
3065 3064 3245 3110 notata
3294 3055 3442 3127 σχολ.
3488 3054 3694 3112 Similis

1630 3118 1751 3171 huic
1795 3117 1863 3170 ad
1902 3117 2137 3171 eumdem
2167 3118 2314 3186 epist.
2346 3118 2497 3189 275.)

512 3249 569 3302 Si
611 3249 821 3318 legibus
851 3288 868 3314 ,
928 3249 1125 3318 quibus
1176 3248 1487 3317 respublica
1547 3247 2005 3312 administratur,

2180 3246 2242 3299 Ei
2272 3247 2401 3309 τοὺς
2426 3247 2699 3319 ὑπηκόους
2725 3248 2835 3302 τῶν
2872 3249 3075 3319 νόμων,
3108 3252 3231 3305 καθ’
3261 3245 3342 3307 ὧν
3366 3252 3684 3309 πολιτεύον-

438 3340 607 3411 628
638 3339 909 3407 subjectos
936 3339 1161 3394 minime
1200 3340 1458 3394 convertit
1492 3338 1843 3393 refractarios
1867 3351 2012 3402 esse,

442 3431 611 3487 multo
673 3430 850 3485 minus
898 3429 990 3499 qui
1044 3429 1334 3498 imperant.
1410 3431 1525 3496 Qua
1593 3430 1738 3484 enim
1802 3428 2018 3485 ratione

439 3519 672 3575 subditis
720 3520 867 3587 leges
920 3528 1245 3589 proponent,
1304 3518 1386 3573 vel
1439 3518 1651 3587 justum
1698 3519 1767 3573 ab
1813 3517 2017 3587 injusto

440 3610 775 3672 discernent,
824 3611 917 3678 qui
952 3611 1222 3678 imperare
1252 3610 1536 3665 nesciant?
1586 3608 1788 3664 Horum
1837 3608 2018 3679 itaque

439 3701 603 3756 rudes
632 3710 687 3755 et
735 3701 929 3768 ignari,
959 3701 1159 3770 quique
1190 3701 1321 3756 nihil
1373 3709 1519 3757 recte
1551 3702 1819 3771 imperare
1853 3700 2016 3768 (quod

438 3806 571 3846 sane
599 3807 794 3846 munus
838 3807 945 3847 non
989 3802 1072 3847 est
1101 3791 1374 3863 exiguum)
1407 3791 1714 3856 didicerint,
1763 3791 2017 3847 mandare

440 3880 487 3932 si
524 3881 936 3950 aggrediantur,
966 3880 1109 3935 idem
1139 3880 1245 3937 illis
1278 3882 1545 3949 usuvenit,
1563 3879 1706 3950 quod
1730 3879 2014 3948 aurigandi

440 3971 731 4040 imperitis,
757 3987 949 4026 currus
980 3973 1346 4028 conscendere
1366 3972 1539 4037 ausis,
1570 3972 1664 4041 qui
1688 3985 1747 4026 se
1766 3980 1819 4025 et
1848 3984 2017 4039 eQuos

424 4063 710 4130 perditum
736 4071 864 4116 eant
893 4080 909 4117 :
938 4062 1021 4116 vel
1068 4062 1358 4131 navigandi
1405 4062 1635 4116 rudibus
1698 4061 1753 4114 in
1809 4069 2013 4115 tantam

437 4151 844 4219 erumpentibus
907 4153 1231 4206 dementiam
1265 4190 1279 4214 ,
1340 4160 1410 4204 -ut
1469 4151 1742 4221 ingentem
1824 4166 2015 4205 navem

439 4242 800 4309 gubernaculo
846 4257 1036 4311 regere
1087 4242 1213 4296 dum
1271 4250 1520 4304 tentant,
1580 4242 1635 4296 in
1691 4241 2015 4310 profundum

439 4329 613 4403 pelagi
646 4329 808 4383 simul
844 4329 1249 4399 demergantur.
1294 4330 1550 4400 Quisquis
1574 4331 1754 4400 itaque
1782 4331 2016 4387 salutem

440 4430 588 4473 amat
620 4436 798 4484 suam,
830 4420 1004 4489 primo
1030 4435 1091 4476 se
1124 4421 1414 4476 multorum
1432 4421 1769 4477 subditorum
1792 4437 2017 4477 numero

2116 3354 2241 3399 ται,
2286 3338 2547 3405 ἀνηκόους
2589 3334 2725 3392 εἶναι
2776 3339 2837 3392 οὑ
2895 3341 3023 3409 χρὴ,
3075 3340 3259 3412 πολλῷ
3311 3342 3519 3412 μᾶλλον
3563 3344 3689 3408 τοὺς

2117 3428 2308 3499 ἄρχειν
2338 3429 2634 3499 λαχόντας·
2676 3430 2795 3492 πῶς
2832 3430 2941 3501 γὰρ
2970 3431 3037 3485 ἂν
3076 3435 3192 3496 τοῖς
3220 3434 3546 3505 ἀρχομένοις
3578 3436 3693 3489 δια.

2119 3519 2380 3589 λεχθεῖεν.
2409 3521 2524 3590 ῆτδ
2560 3520 2772 3574 δίκαιον
2796 3521 2861 3574 ὲκ
2893 3521 2987 3574 τοῦ
3033 3522 3219 3577 ἀδίκου
3251 3525 3609 3597 διακρίνοιεν,
3641 3528 3688 3579 oi

2122 3608 2258 3678 μηδὲ
2316 3609 2465 3671 ὅπως
2517 3608 2622 3680 χρὴ
2679 3609 2868 3679 ἄρχειν
2917 3610 3312 3681 ὲπιστάμενοις
3383 3615 3541 3668 Ὀσοι
3601 3610 3694 3668 οὖν

2120 3698 2326 3751 τούτων
2368 3698 2586 3769 ἄπειροι
2642 3699 2827 3763 ὄντες,
2874 3700 2969 3753 καὶ
3016 3700 3139 3753 οὐδὲ
3191 3703 3372 3768 καλῶς
3427 3704 3693 3775 ἄρχεσθαι

2122 3788 2529 3859 μεμαθηκότεςΓ
2558 3789 2673 3860 (καλ⁵
2723 3790 2882 3844 τοῦτο
2929 3791 3037 3862 γὰρ
3081 3792 3145 3845 οὐ
3200 3794 3439 3864 μικρὸν),
3508 3795 3695 3866 ἄρχειν

2118 3880 2503 3950 ἐπεχείρησαν,
2550 3880 2746 3933 ταυτὸν
2785 3881 3085 3934 πεπόνθασι
3127 3884 3245 3946 τοῖς
3295 3884 3548 3955 ἀπείροις
3600 3885 3695 3956 μέν

2118 3987 2221 4025 που
2255 3970 2461 4042 (52-55)
2486 3970 2739 4041 ἠνιοχεῖν,
2765 3971 3020 4041 ἐπιϐῆναι
3046 3972 3104 4025 δὲ
3125 3975 3238 4036 τοῖς
3265 3973 3477 4045 δίφροις
3496 3976 3695 4046 τολμή-

2119 4078 2267 4125 σασι,
2299 4059 2393 4114 καὶ
2415 4061 2642 4124 ἑαυτοὺς
2671 4062 2910 4124 καὶτοὺς
2935 4062 3135 4126 ἵππους
3168 4064 3657 4132 προσαπολέσασιν
3677 4084 3690 4096 ·

2116 4150 2283 4223 ἢτοϊς
2308 4151 2789 4222 ἀπειροθαλάττοις
2820 4153 2940 4222 μὲν,
2966 4155 3047 4217 είς
3091 4155 3363 4224 τοσαύτην
3404 4154 3464 4207 δὲ
3498 4157 3693 4225 μανίαν

2117 4240 2474 4308 ἐξοκείλασιν,
2517 4242 2591 4305 ὡς
2643 4243 2739 4296 καὶ
2791 4244 3142 4313 μυριαγωγὸν
3190 4244 3394 4299 ὁλκάδα
3447 4245 3692 4299 οίακίσαι

2117 4332 2486 4403 ἐπιχειρῆσαι,
2552 4333 2672 4404 μεθ’
2717 4329 2786 4405 ἧς
2814 4335 2895 4398 είς
2926 4334 3017 4387 τὸν
3064 4334 3225 4403 βυθὸν
3272 4334 3375 4404 τῆς
3424 4334 3692 4407 θαλάττης

2118 4422 2422 4493 ἐχώρησαν.
2460 4422 2517 4477 '0
2536 4422 2716 4476 τοίνυν
2736 4423 2835 4492 τῆς
2869 4423 3141 4492 σωτηρίας
3162 4423 3356 4477 ἑαυτοῦ
3386 4424 3695 4479 ἀντιτυοιοὺο

440 4520 717 4582 aggreget.
752 4511 907 4578 Quod
945 4512 991 4568 si
1036 4512 1236 4567 nimius
1278 4513 1454 4581 ipsum
1508 4512 1808 4584 imperandi
1865 4528 2012 4568 amor

2121 4530 2301 4583 μενος,
2338 4512 2572 4583 μάλιστα
2610 4512 2709 4583 μὲν
2743 4514 2822 4576 εἰς
2859 4513 2956 4583 τὴν
3000 4514 3110 4566 τῶν
3149 4514 3473 4584 ἀρχομένων
3507 4515 3693 4568 ἑαυτὸν

441 4599 720 4665 invaserit,
766 4600 915 4654 illum
944 4617 973 4654 a
1009 4615 1068 4656 se
1107 4599 1373 4671 repellat:
1408 4608 1502 4655 aut
1534 4599 1820 4670 imperium
1862 4607 2011 4656 recte

440 4689 666 4745 ferendo
719 4705 884 4760 posse
939 4700 1087 4746 recte
1148 4690 1419 4761 imperare
1470 4691 1678 4759 discat;
1725 4700 1781 4746 et
1830 4706 1897 4746 ne
1948 4706 2009 4747 se

442 4781 657 4851 negotio
704 4782 933 4849 ingerat.
971 4782 1065 4836 Sin
1094 4784 1162 4837 ad
1207 4784 1257 4837 id
1290 4790 1514 4839 vocatus
1549 4781 1732 4848 fuerit,
1769 4790 2007 4845 recuset,

440 4871 487 4927 si
514 4871 627 4925 ﬁeri
650 4873 837 4941 possit,
871 4875 1040 4929 satius
1061 4874 1203 4928 enim
1226 4891 1242 4941 ;
1265 4874 1348 4930 siu
1363 4889 1491 4931 vero
1527 4873 1630 4930 etsi
1659 4874 1761 4930 sub
1780 4873 2011 4946 legibus,

441 4960 711 5029 imperans
739 4962 972 5019 obediet.

2117 4600 2501 4654 καταταττέτω
2527 4599 2735 4671 πληθύν
2757 4617 2771 4631 ’
2804 4602 2852 4653 εί
2869 4601 2925 4653 δὲ
2947 4602 3147 4665 ἄτοπος
3176 4600 3354 4671 ἀρχῆς
3384 4601 3527 4670 ἔρως
3552 4599 3694 4670 αὐτῷ

2116 4691 2401 4761 ὲπιπταίη,
2434 4690 2769 4755 ὲξελαυνέτω
2797 4689 2987 4742 τοῦτον
3025 4692 3121 4758 ἀφ’
3154 4690 3371 4752 ἑαυτοῦ,
3409 4692 3443 4761 ἦ
3474 4691 3565 4744 διὰ
3600 4690 3687 4743 τοῦ

2118 4780 2296 4845 καλῶς
2326 4780 2590 4852 ἄρχεσθαι
2619 4779 2682 4832 τὸ
2722 4778 2979 4832 δύνασθαι
3021 4778 3204 4843 καλῶς
3228 4781 3393 4850 ἄρξαι
3442 4781 3689 4834 παιδευέ·

2121 4871 2265 4925 σθω·
2320 4872 2415 4925 καὶ
2465 4871 2541 4942 μὴ
2594 4871 2965 4941 ἐπιρῤιπτέτω
3030 4870 3129 4941 μὲν
3169 4871 3364 4925 ἑαυτὸν
3425 4872 3511 4942 τῷ
3555 4871 3689 4941 πρά·

2120 4979 2327 5033 γματι·
2389 4964 2438 5016 εί
2492 4962 2550 5016 δὲ
2602 4962 2849 5033 κληθείη,
2908 4962 3299 5032 παραιτείσθω,
3350 4965 3399 5016 si
3438 4958 3556 5015 οἷόν
3601 4976 3685 5013 τε⁸

2118 5052 2339 5122 ἄμεινον
2366 5052 2507 5123 γάρ’
2561 5052 2610 5104 εί
2636 5051 2694 5105 δὲ
2728 5052 2824 5123 μὴ,
2852 5052 2957 5107 κᾶν
2989 5050 3095 5106 ὑπὸ
3144 5050 3250 5107 τῶν
3303 5053 3516 5124 νόμων,
3540 5052 3686 5124 βασι-

2118 5140 2405 5213 λευόμενος
2431 5142 2663 5213 ἀρχέτω.

1536 5319 1767 5375 ΥΑΒΙᾹΞ
1808 5316 2193 5375 LECTIONES
2233 5317 2318 5372 ET
2354 5316 2587 5375 ΝΟΤᾸΕ.

521 5496 633 5565 (Si)
697 5499 1117 5569 ’Δσμενέστερον
1172 5498 1329 5554 iidem
1363 5507 1573 5553 mutant
1599 5498 1651 5552 iu
1679 5498 2011 5569 ἀσμενέστα-

446 5582 532 5628 τα,
562 5578 615 5620 ct
644 5582 783 5621 vers.
809 5584 921 5635 seq.
943 5567 1039 5636 pro
1063 5569 1253 5638 πάσχω
1277 5568 1775 5638 έοῐὶιιυιιιπάσχων.
1808 5567 2019 5624 Possm.

2133 5569 2146 5622 Ι
2193 5494 2401 5566 (52-55)
2443 5496 2545 5553 Pro
2573 5496 2674 5550 ποῦ
2691 5494 2887 5553 habent
2918 5495 3011 5550 τοῦ
3034 5495 3191 5553 codd.
3218 5494 3340 5551 Vat.
3370 5496 3479 5553 650
3503 5508 3559 5554 et
3580 5495 3681 5554 Alt.

2154 5584 2205 5622 υ.

2154 5584 2205 5622 Ι).
