3974 6144
435 236 565 307 1471
1312 256 1341 309 ﬁ
1586 242 1645 301 S.
1693 241 1986 303 ISIDOPJ

2114 243 2463 305 iLUSlO’l‘E
3548 239 3683 303 1472

436 362 581 410 mur,
616 344 904 402 utilissima
932 353 1019 402 est
1052 348 1410 403 mansuetudo
1441 363 1503 405 ac
1533 350 1751 406 lenitas.
1782 351 1850 405 At
1877 368 1998 407 cum

2112 357 2270 421 μευα,
2298 357 2331 424 ή
2362 356 2605 425 πραότης
2650 353 3044 425 χρησιμωτάτη
3070 369 3082 381 ·
3112 353 3264 406 ’ὅταν
3300 351 3359 405 δὲ
3405 351 3468 405 τὸ
3502 352 3681 415 Θεῖον,

438 437 582 492 Deus
609 436 919 501 lmditur,ut
954 439 1033 503 Iit,
1064 454 1091 492 a
1118 440 1242 494 vino
1273 439 1600 510 Iasciviaque
1629 441 1880 511 iniuriam
1916 443 1998 499 in-

2117 445 2228 512 τόγε
2262 445 2369 498 τῶν
2398 445 2800 517 παροινούντων
2846 444 3009 515 μέρος
3047 445 3297 515 (οὐδεμία
3324 443 3437 513 γὰρ
3462 444 3547 506 εἰς
3584 443 3686 512 τὴν

437 524 735 583 ferentibus
757 520 880 599 (nec
901 530 1046 583 enim
1080 546 1245 583 unum
1282 531 1333 584 in
1358 541 1617 585 aeternum
1650 532 1818 586 Deum
1850 548 2003 592 nam:

2117 537 2380 606 ἱκήρατον
2407 538 2623 607 ἐκείνην
2649 537 2809 605 φύσιν
2838 537 3102 591 διαϐαίνει
3132 534 3354 604 βλάϐη),
3385 538 3485 605 τῆς
3508 535 3686 585 ἐπιει-

438 619 796 674 committitur
829 623 1022 690 genus)
1061 622 1221 676 irasci
1250 622 1448 692 iustius
1486 623 1589 689 sit,
1618 639 1778 692 quam
1816 625 2006 679 conni-

2117 628 2260 691 νιείας
2303 628 2330 679 ὁ
2366 628 2566 697 ςθυμὸς
2612 629 2977 699 ὡραιότερος·
3022 630 3183 699 ἡμεῖς
3232 628 3291 680 δὲ
3364 625 3686 679 τούναντίον

440 724 584 765 vere.
630 707 741 763 Nos
791 720 981 764 contra
1040 710 1425 789 l':lcilnus,>qui
1478 710 1712 767 inimicis
1752 713 2006 771 nolumus

2120 718 2341 789 Ξρῶμεν,
2388 721 2500 783 τοῖς
2541 720 2639 789 μὲν
2686 720 2976 791 ἡμετέροις
3022 718 3238 789 ἐχθροῖς
3281 716 3689 784 ἀσύγγνωστοι.

438 798 721 867 ignoscere
752 816 765 852 :
811 800 877 853 iis
907 814 1038 853 vero
1071 800 1161 869 qui
1200 800 1250 852 in
1283 799 1447 853 Deum
1482 799 1717 871 linguam
1748 810 2005 865 exerunt,

2122 811 2218 872 τοῖς
2250 808 2307 863 δὲ
2340 809 2481 863 κατὰ
2507 810 2601 864 τοῦ
2639 811 2774 864 Θεοῦ
2822 809 3104 874 ὁπλίζουσι
3142 809 3243 876 τὴν
3270 807 3518 875 γλῶτταν
3544 806 3691 875 ἥμε-

437 888 595 942 mites
629 903 815 943 sumus
843 898 1006 958 atque
1036 889 1274 957 benigni.
1302 888 1616 960 Indignatus
1636 901 1719 943 est
1752 891 2003 959 aliquan-

2121 917 2194 969 po:
2240 900 2391 964 ὄντες
2451 901 2549 956 καὶ
2615 900 3009 972 φιλάνθρωποι.
3084 897 3467 968 Ἠγανάκτησέ
3551 914 3690 949 ποτε

438 971 505 1030 do
541 978 861 1033 mitissimus
902 978 1078 1033 Moses
1106 978 1384 1044 lsraelitis,
1416 980 1507 1049 qui
1544 981 1767 1035 vitulum
1802 982 2007 1037 conﬂa-

2123 992 2345 1063 ﬂwﬁsﬁg
2390 992 2419 1044 ὁ
2469 992 2777 1063 πραότατος
2817 971 2965 1046 κατά
3002 989 3114 1045 τῶν
3161 989 3692 1059 μοσχοποιησάντων

440 1078 634 1125 verant
664 1071 711 1101 ⁵⁸
740 1087 755 1136 ;
786 1086 906 1140 quae
931 1071 1012 1124 ira
1037 1071 1183 1126 omni
1212 1072 1403 1125 melior
1430 1071 1529 1126 fuit
1564 1075 1999 1130 mansuetudine.

2124 1082 2480 1152 Ειγανάκτησιν
2558 1083 2741 1152 πάσης
2808 1082 3115 1154 πραότητος
3179 1079 3465 1150 κρείττονα
3491 1118 3507 1143 ,
3592 1078 3693 1130 καὶ

440 1162 588 1216 Elias
613 1163 919 1217 idololatris
952 1164 1019 1228 ⁵⁸,
1045 1174 1095 1218 et
1123 1161 1359 1219 Joannes
1380 1165 1620 1234 Baptista
1645 1163 1839 1219 Herodi
1859 1166 1927 1232 ",
1956 1177 2009 1222 et

2128 1172 2297 1236 Ηλίας
2329 1174 2472 1228 κατά
2500 1175 2608 1228 τῶν
2655 1173 3058 1244 εἰδωλολατρῶν
3091 1214 3105 1239 ,
3136 1173 3233 1225 καὶ¹
3277 1171 3537 1238 Ἰωάννης
3564 1168 3695 1222 καθ’

440 1253 640 1323 Paulus
670 1251 875 1324 Elymae
920 1255 1115 1318 iratus,
1163 1271 1269 1309 non
1320 1271 1498 1319 suam,
1541 1257 1634 1310 sed
1677 1257 2009 1312 vindicantes

2127 1262 2364 1333 Ἡρώδου
2388 1304 2403 1328 ,
2473 1265 2569 1319 καὶ
2621 1264 2833 1329 Παῦλος
2891 1265 3032 1319 κατά
3108 1263 3205 1316 τοῦ
3286 1260 3492 1329 Ἐλύμα
3516 1277 3531 1291 ’
3591 1261 3696 1329 οὐχ

444 1345 613 1398 divini
654 1346 894 1403 numinis
924 1346 1177 1415 injuriam
1202 1346 1249 1377 ⁸⁸
1282 1364 1296 1401 :
1324 1348 1465 1416 quod
1486 1348 1589 1402 etsi
1623 1348 1724 1402 sibi
1755 1346 2010 1412 sulﬁciat,

2128 1352 2358 1416 ἑαυτοὺς,
2416 1354 2551 1408 ἀλλά
2611 1354 2674 1407 τὸ
2723 1355 2877 1409 Θεῖον
2930 1354 3296 1417 ἐκδικοῦντες,
3342 1348 3550 1422 ἀρκοῦν
3595 1351 3697 1420 μὲν

442 1435 705 1490 bonorum
745 1445 923 1491 tamen
958 1437 1010 1491 in
1040 1438 1167 1491 vitia
1199 1438 1381 1492 odium
1431 1439 1832 1508 complectitur,
1875 1440 2011 1509 inju-

2128 1442 2316 1513 ἑαυτῷ,
2368 1443 2468 1513 τὴν
2502 1444 2559 1498 δὲ
2604 1444 2713 1497 τῶν
2747 1444 3055 1514 φιλαρέτων
3104 1442 3506 1514 μισοπονηρίαν
3553 1443 3697 1494 ἀπο-

444 1527 553 1580 rias
587 1541 716 1581 vero
745 1528 846 1582 sibi
888 1527 1066 1583 illatas
1094 1531 1440 1597 spernebant.
1477 1527 1629 1583 Ilanc
1661 1529 1809 1584 enim
1840 1528 2011 1582 virtu—

2127 1533 2401 1603 Ξεχόμενον
2425 1534 2558 1605 (56)·
2589 1535 2687 1598 τὰς
2708 1536 2764 1589 δὲ
2792 1538 2871 1599 είς
2895 1535 3121 1597 ἑαυτοὺς
3146 1533 3338 1603 ὕϐρεις
3360 1530 3696 1602 παρεώριιοηιν⁴

449 1629 554 1673 tem
588 1634 653 1671 ac
683 1618 1087 1699 philosophiam
1120 1635 1307 1675 veram
1341 1620 1749 1675 existimabant.

2114 1624 2319 1697 ταύτην
2350 1626 2457 1698 γὰρ
2488 1628 2689 1698 ἀρετὴν
2720 1624 2861 1681 εἷναι
2886 1626 3136 1696 ἐνόμιζον
3174 1626 3268 1681 καὶ
3292 1623 3639 1693 φιλοσοφίαν.

587 1726 911 1783 CCXXVII].
945 1757 1013 1769 —-
1052 1727 1359 1785 AUSONIO
1397 1727 1863 1784 CORRECTORI.
2037 1727 2082 1783 Β

2037 1727 2082 1783 Β
2344 1736 2519 1789 ΣΚΗθ.
2560 1756 2633 1775 -—'-
2662 1735 2961 1805 ΑΥΣΟΝΙῼ
2990 1733 3462 1789 ΚΟΡΡΗΚΤΩΡῘ.

1589 1824 1671 1874 Ad
1700 1823 1965 1891 justitiam
1988 1834 2046 1878 ut
2063 1822 2298 1891 judicent
2331 1826 2541 1881 invitat.

517 1928 910 1983 Fortitudinem
946 1938 1092 1983 tuam
1122 1928 1298 1999 legum
1329 1931 1527 1985 robore
1557 1940 1826 1985 armatam
1859 1933 2016 1986 decet

2194 1933 2493 2004 Πρέπειτῇ
2526 1937 2592 2005 σῇ
2636 1934 2849 2005 ἀνδρία,
2882 1938 2947 2005 τῇ
3004 1934 3115 1987 τῶν
3144 1932 3327 2003 νόμων
3374 1930 3709 2003 ὡπλισμένῃ

444 2035 661 2088 cogere,
694 2030 753 2074 ut
781 2020 851 2074 ab
879 2021 1074 2091 injuria
1110 2021 1194 2075 illi
1227 2022 1536 2076 abstineant
1580 2032 1857 2078 armantes
1887 2026 2013 2077 dex-

2146 2022 2267 2092 σχύῖ
2300 2023 2437 2094 (57),
2477 2025 2812 2091 ἀναγκάζειν
2835 2022 3135 2093 ἀπέχεσθαι
3164 2020 3258 2074 τοῦ
3293 2020 3539 2082 ἀδικεῖν,
3577 2017 3711 2079 τοὺς

447 2119 619 2164 teram
663 2124 817 2165 suam
860 2120 1046 2166 contra
1094 2111 1517 2175 imbecilliores,
1560 2112 1689 2168 dum
1725 2114 1869 2169 unde
1903 2129 2010 2169 non

2139 2110 2241 2161 ἑθεν
2292 2111 2356 2163 οὐ
2403 2111 2507 2181 χρὴ
2568 2113 2874 2182 κερδαίνειν
2931 2110 3343 2179 ἐπιχειροῦντας
3392 2109 3543 2161 κατὰ
3591 2106 3708 2160 τῶν

445 2211 681 2269 oportet,
713 2200 921 2255 lucrum
961 2202 1141 2258 facere
1168 2211 1453 2258 conantur.

2117 2200 2520 2272 ἀσθενεστέρων
2551 2202 2873 2266 ὁπλίζοντας
2916 2203 3015 2273 τὴν
3053 2201 3253 2267 δεξιάν.

715 2308 995 2365 ccxxrx.
1025 2339 1087 2350 —
1119 2309 1377 2365 JACOBO
1418 2283 1735 2366 Lambin.
1924 2328 1929 2333 ι

1924 2328 1929 2333 ι
2355 2315 2527 2369 me.
2589 2345 2661 2354 -
2722 2313 2971 2382 ΙΛΚΩΒῼ
3022 2310 3458 2380 ΑΝΑΓΝΩΣΤῌ.

1193 2401 1396 2465 νει-ταδ’,
1425 2404 1520 2457 etsi
1554 2404 1836 2467 laboriosa,
1859 2404 1974 2475 ipsa
2009 2413 2182 2459 tamen
2220 2406 2318 2459 sibi
2342 2422 2551 2462 merces.
2591 2404 2773 2475 (Supr.
2813 2406 2964 2478 2'23.)

528 2510 637 2566 Etsi
696 2511 963 2566 laboriosa
1021 2512 1153 2565 mihi
1213 2512 1385 2566 virtus
1444 2523 1567 2576 est,
1624 2515 1797 2581 ipsum
1842 2508 2019 2570 tamen

2204 2516 2360 2587 Ἐμοὶ
2404 2518 2451 2574 εἰ
2503 2518 2596 2572 καὶ
2641 2516 2899 2580 ὲπίπονὸς
2955 2518 3105 2569 ἐστιν
3175 2516 3209 2584 ἡ
3245 2512 3438 2581 ἀρετὴ,
3473 2508 3616 2563 ἀλλὰ
3643 2525 3711 2576 γε

448 2604 620 2674 ipsius
649 2619 804 2672 opus,
838 2604 981 2673 quod
1010 2618 1215 2659 merces
1238 2594 1486 2672 Sequitur
1513 2644 1529 2663 .
1560 2604 1792 2660 alterum
1820 2605 2017 2660 donum

2138 2608 2219 2662 ια),
2251 2607 2381 2662 αὐτὸ
2400 2608 2461 2662 τὸ
2481 2608 2641 2679 ἔργον
2677 2608 2867 2678 αὐτῆς,
2900 2600 2944 2676 ᾧ
2973 2610 3001 2660 ὁ
3024 2605 3227 2677 Δμισθὸς
3260 2604 3479 2665 ἕπεται,
3508 2602 3707 2671 ἕτερον

449 2684 570 2747 esse
614 2696 850 2749 videtur.
912 2696 1165 2752 Admiror
1228 2696 1415 2750 adhaec
1459 2710 1784 2766 magnopere
1828 2697 2018 2753 divina:

2143 2697 2291 2769 ἰῶρον
2319 2694 2461 2752 εἶναι
2485 2699 2650 2754 δοκεῖ.
2700 2699 2809 2751 Καὶ
2831 2699 2953 2752 λίαν
2979 2696 3243 2767 Θαυμάζω
3268 2696 3367 2764 τῆς
3397 2693 3554 2755 Θείας
3608 2710 3712 2760 με·

449 2785 718 2863 largitatis
754 2784 1113 2856 majestatem,
1151 2787 1588 2857 quandoquidem
1613 2801 1832 2843 coronae
1862 2802 2018 2843 coro-

2138 2787 2467 2858 γαλοδωρεᾶς
2522 2787 2619 2858 τὴν
2653 2788 2985 2857 φιλοτιμίαν,
3027 2787 3109 2839 ὃτι
3154 2785 3417 2853 στέφανον
3450 2781 3707 2849 στεφάνῳ

451 2890 576 2929 nam
601 2876 941 2944 gratiﬁcandi
979 2876 1285 2931 accumulat
1336 2878 1497 2946 Deus,
1552 2891 1737 2933 veram
1768 2877 2020 2934 virtutem

2143 2876 2431 2947 ίαρίζεται,
2483 2876 2583 2947 τὴν
2629 2875 2918 2948 ἀκίϐδηλον
2952 2875 3153 2947 ἀρετὴν
3201 2876 3268 2944 τῇ
3319 2872 3427 2925 τῶν
3459 2868 3712 2941 οὐρανῶν

445 2967 658 3022 caelesti
698 2983 967 3021 exornans
1002 2983 1187 3037 regno.

1139 2984 1187 3024 0.
2050 3002 2092 3059 ο
2128 2966 2374 3039 βασιλείᾳ
2402 2966 2708 3037 κοσμοῦσα.

446 3134 451 3141 ,
823 3075 986 3145 630
1014 3074 1271 3131 ccxxx.
1305 3102 1375 3117 -υ
1399 3074 1634 3131 EIDEM.

2614 3075 2739 3129 ΣΑν.
2790 3102 2858 3115 -
2889 3075 2979 3145 Tn
3017 3074 3219 3142 arm.

444 3168 627 3225 «Bonos
657 3168 851 3238 ofendi
897 3183 1001 3222 non
1030 3168 1174 3222 decet
1223 3168 1486 3223 malorum
1535 3167 1804 3233 felicitate.
1841 3165 2443 3309 (Dggusélggfelusii
2484 3167 2712 3232 episcop.
2754 3164 2896 3234 conf.
2933 3164 3084 3234 epist.
3132 3166 3222 3226 16,
3257 3160 3377 3224 140,
3408 3161 3535 3228 147,
3587 3160 3713 3223 196,

525 3345 669 3402 Cave
696 3356 886 3403 contra
914 3345 1083 3403 Deum
1122 3347 1295 3401 malos
1329 3346 1651 3401 tolerantem
1702 3346 2024 3402 vocifereris

2199 3349 2293 3419 Μὴ
2350 3344 2598 3403 καταϐὀα
2667 3345 2769 3416 τῆς
2844 3345 2995 3408 θείας
3054 3342 3408 3409 ἀνεξικακίας
3470 3342 3561 3398 διὰ
3613 3342 3712 3411 τὴν

453 3446 676 3509 propter
702 3436 921 3494 Eusebii
954 3438 1184 3507 ejusque
1210 3438 1544 3493 asseclarum
1577 3451 1665 3493 res
1710 3440 1980 3492 secundas
2007 3455 2020 3490 :

2147 3439 2392 3493 Ξύσεϐίου
2436 3438 2667 3492 καὶτῶν
2710 3438 2840 3509 παρ’
2881 3436 3049 3491 αὑτοῦ
3094 3432 3589 3506 συγκροτουμένων
3626 3434 3716 3485 εὐ-

442 3531 550 3599 αιιί
585 3528 773 3585 virtuti
804 3529 1021 3598 quidem
1047 3528 1277 3592 inimici,
1309 3526 1710 3595 improbitatem
1735 3527 2011 3592 extollunt1

2145 3531 2366 3603 qpeptav
2384 3549 2399 3564 ·
2428 3532 2625 3595 οῖτινες
2653 3532 2753 3602 τὴν
2789 3530 2888 3601 μὲν
2912 3527 3115 3601 ἀρετὴν
3144 3526 3489 3598 ὑϐρίζοντες,
3527 3526 3632 3596 τὴν
3656 3525 3714 3578 δὲ

356 3636 367 3677 ι
444 3633 626 3689 caque
657 3634 717 3673 se
748 3618 996 3686 jactant:
1036 3634 1222 3674 verum
1274 3617 1547 3674 admirare
1573 3619 1751 3687 potius
1797 3618 1925 3675 imm

2141 3622 2329 3678 κακίαν
2361 3622 2751 3694 στεφανοῦντες
2789 3624 2885 3676 καὶ
2927 3621 3343 3692 ὲναϐρύνονταιο
3385 3618 3527 3672 ἀλλὰ
3578 3617 3710 3669 θαύ-

458 3725 575 3764 sam
606 3710 748 3765 illam
788 3710 880 3765 Dei
922 3710 1316 3781 benignitatem
1359 3711 1426 3765 ad
1453 3711 1829 3779 paenitentiam
1875 3710 2024 3781 ipsos

2138 3713 2499 3785 μαζεαῦτὴν,
2524 3714 2624 3784 τὴν
2655 3714 2723 3767 δι’
2762 3712 3212 3784 ὑπερϐάλλουσαν
3241 3709 3599 3779 χρηστότητα
3628 3707 3707 3768 είς

456 3812 762 3866 vocantem,
792 3810 956 3871 utque
985 3818 1045 3858 se
1092 3802 1196 3874 ipsi
1225 3810 1542 3873 agnoscant,
1573 3817 1822 3873 precare,
1865 3811 1925 3856 ut
1968 3812 2025 3858 tu

2148 3805 2424 3859 ιετάνοιαν
2468 3804 2668 3868 αὐτοὺς
2703 3803 2976 3858 καλοῦσαν
3005 3818 3019 3833 ·
3079 3803 3174 3856 καὶ
3197 3801 3351 3867 εὖξαι
3406 3816 3475 3867 γε
3518 3800 3717 3860 αὐτοὺς

446 3893 791 3955 .oﬂendieulo
818 3895 1092 3959 libereris,
1133 3896 1237 3966 ipsi
1266 3911 1394 3952 vero
1424 3895 1709 3966 supplicio,
1740 3896 2015 3965 cultusque

2132 3893 2511 3963 μεταγνῶναιυ
2559 3894 2647 3948 ῖνα
2697 3894 2762 3947 σὺ
2799 3893 2898 3963 μὲν
2945 3892 3245 3946 σκανδάλου
3295 3889 3701 3959 ἀπαλλαγείης,

457 3988 674 4043 divinus
705 3990 991 4044 dedecore.
1025 3988 1178 4056 Quod
1206 3991 1259 4043 ui
1284 3990 1398 4053 ﬁat,
1423 3988 1491 4043 ad
1520 3997 1822 4044 extremum
1850 4001 2018 4056 usque

2143 3985 2273 4037 ιῦτοὶ
2300 3983 2358 4036 δὲ
2391 3984 2679 4053 τιμωρίας,
2715 3985 2750 4054 ἡ
2775 3983 2831 4035 δὲ
2856 3982 3144 4053 θρησκεία,
3182 3979 3482 4050 κωμῳδίας
3506 3992 3522 4006 ⁸
3560 3980 3614 4030 ei.
3641 3978 3712 4039 δὲ,

446 4077 808 4145 improbitate
843 4079 1346 4143 debacchabuntur,
1380 4087 1438 4133 et
1463 4077 1645 4132 furore
1669 4091 1733 4131 ac
1760 4078 1914 4132 rabie
1946 4076 2015 4131 la-

2145 4072 2165 4125 5
2193 4073 2267 4141 μὴ
2287 4073 2516 4141 γένοιτο,
2544 4074 2649 4135 ἕως
2676 4073 2864 4135 τέλους
2911 4072 3017 4125 ὑπὸ
3041 4072 3145 4142 τῆς
3173 4070 3377 4132 κακίας
3406 4069 3714 4137 ἐκϐακχευ-

460 4167 752 4234 borabunt,
799 4170 868 4223 ob
911 4185 1033 4237 qua:
1060 4170 1114 4222 in
1147 4168 1314 4221 altera
1352 4168 1462 4221 vita
1501 4168 1809 4235 patientur,
1858 4180 2029 4235 agno-

2148 4164 2297 4227 Βῶσι,
2329 4164 2424 4218 καὶ
2451 4164 2651 4233 οἴστρῳ
2670 4163 2766 4217 καὶ
2790 4163 2958 4234 μανίᾳ.
2980 4162 3308 4232 λυττήσωσι,
3329 4160 3397 4214 δι’
3428 4153 3509 4213 ὧν
3538 4161 3717 4211 ἐκεῖσε

460 4268 615 4311 scent
664 4260 943 4313 moderate
1005 4261 1167 4333 vitam
1223 4259 1508 4312 inatitucre
1554 4263 2029 4327 temperanterque

2136 4255 2436 4321 πείσονται,
2465 4255 2788 4324 γνώσονται,
2814 4256 2897 4309 ὅτι
2926 4254 3150 4326 ἄμεινον
3169 4249 3238 4324 ἦν
3269 4253 3332 4307 τὸ
3366 4254 3689 4323 σωφρονεῖν.

468 4347 648 4402 vivere
683 4359 884 4418 quanto
909 4351 980 4403 sit
1014 4349 1398 4419 praestabilius.

662 4416 943 4511 ccxxxr.
972 4416 1042 4497 -ζ
1068 4453 1319 4511 zosmo
1354 4422 1827 4509 PRESBYTERO.

2372 4453 2541 4508 ΣΑΑν.
2581 4478 2641 4490 -ν
2676 4416 2942 4522 ΖΩΣιΜςιι
2970 4449 3448 4520 ΠΡΕΣΒΥΤΕΡῼ.

710 4546 883 4599 Monet
918 4554 972 4599 ut
1003 4561 1269 4600 senescens
1299 4546 1508 4599 tandem
1542 4544 1819 4614 resipiscat
1853 4544 1915 4598 ob
1951 4544 2303 4598 imminentem
2344 4543 2461 4596 vita:
2491 4542 2793 4597 terminum.
2838 4539 3002 4611 (Vide
3040 4542 3198 4611 epist.
3222 4538 3295 4592 22
3317 4550 3365 4592 et
3392 4538 3509 4607 99.)

476 4706 477 4711 η
533 4654 768 4714 Iuvenes
798 4657 1012 4726 quidem
1045 4655 1285 4724 ignotum
1313 4657 1515 4713 habent
1547 4658 1672 4712 vita:
1701 4657 2024 4722 terminum;

2203 4654 2266 4708 Εί
2301 4653 2397 4707 καὶ
2419 4656 2467 4707 oi
2498 4654 2605 4707 νέοι
2636 4652 2831 4723 ἄδηλον
2854 4650 3040 4722 ἔχουσι
3080 4651 3141 4705 τὸ
3167 4650 3367 4723 πέρας,
3391 4648 3533 4703 ἀλλά
3564 4666 3633 4718 γε
3666 4650 3712 4701 oi

466 4764 623 4804 senes
653 4764 780 4805 vero
809 4749 1176 4804 manifestum.
1208 4748 1284 4803 Illi
1320 4750 1487 4817 enim,
1526 4750 1740 4804 tametsi
1771 4764 1916 4804 mors
1948 4762 2030 4803 re-

2152 4747 2514 4817 γεγηρακότες
2558 4745 2841 4817 πρόδηλον.
2874 4744 2938 4797 Οἱ
2989 4744 3087 4813 μὲν
3130 4745 3261 4815 γὰρ,
3296 4746 3345 4797 εξ
3393 4744 3490 4797 καὶ
3532 4742 3721 4795 οὐδέν,

473 4849 727 4896 vereatur
755 4842 1024 4896 neminem
1062 4839 1360 4910 (grassatur
1387 4842 1529 4896 enim
1555 4856 1652 4910 per
1669 4855 1856 4895 omnes
1900 4847 2031 4892 aeta-

2146 4838 2366 4890 αίδεῖται
2391 4839 2419 4890 ὁ
2449 4836 2676 4900 Θάνατος
2707 4836 2884 4907 (κατὰ
2906 4835 3087 4904 πάσης
3110 4835 3221 4905 γὰρ
3250 4835 3346 4888 καὶ
3368 4835 3591 4905 ἡλικίας
3625 4835 3715 4885 καὶ

474 4942 558 4993 les
584 4940 743 4997 atque
763 4929 1028 4998 ordines),
1048 4941 1267 4998 sperant
1299 4947 1358 4985 se
1392 4932 1459 4985 ad
1486 4940 1760 4997 senectam
1801 4943 2030 4999 perven-

2150 4927 2293 4993 ὶξίας
2325 4927 2557 5000 χωρεῖ),
2593 4928 2708 4981 ἀλλ’
2755 4923 2848 4981 οὖν
2893 4945 2956 4996 γε
2997 4926 3189 4982 ἐλπίδα
3237 4926 3364 4981 τινά
3416 4926 3606 4997 έχουσι
3645 4925 3719 4985 εἰς

540 5086 587 5117 ⁵⁵
625 5085 796 5140 Exod.
821 5101 991 5151 xxvn,
1029 5088 1053 5141 1
1088 5101 1239 5155 seqq.
1315 5085 1360 5117 "
1389 5084 1457 5140 IV
1486 5083 1615 5153 Reg.
1647 5099 1685 5147 ι,
1718 5084 1744 5138 1
1778 5098 1933 5153 seqq.
2000 5083 2047 5115 "
2079 5082 2269 5138 Matth.
2306 5099 2414 5146 xrv,
2447 5082 2603 5137 1-12.
2682 5081 2727 5113 "
2762 5084 2884 5139 Act.
2916 5096 3038 5148 xm,
3076 5080 3131 5137 8.

1571 5242 1802 5297 VARUE
1842 5239 2225 5297 LECTIONES
2264 5240 2349 5295 ET
2389 5239 2622 5295 NOTAE.

543 5397 660 5471 (56)
689 5400 857 5471 Idem,
882 5399 1293 5471 ἀποδεχόμενος.
1317 5399 1565 5471 Possm._
1659 5467 1669 5471 _
1717 5467 1727 5471 _
1964 5466 1976 5471 Δ

1041 5399 1565 5471 ,χύμενος.1ῗοεειιν.-
1659 5467 1669 5471 _
1717 5467 1727 5471 _
1964 5466 1976 5471 _
2141 5406 2328 5471 tumhi
2370 5394 2610 5471 _Scn0'r'r.

546 5459 660 5537 (575
684 5459 951 5537 Nimirum
982 5459 1083 5523 hoc
1107 5459 1350 5536 estquod
1377 5469 1504 5537 imp.
1536 5466 1867 5522 Justinianus
1896 5466 2037 5535 prin—
2222 5465 2332 5535 (58)
2362 5464 2542 5531 Ipsum
2570 5474 2763 5537 tamen.
2788 5462 2846 5517 Id
2896 5469 3003 5526 est,
3037 5460 3089 5513 in
3135 5459 3361 5537 virtutis
3405 5475 3569 5528 opere
3616 5475 3709 5537 non

462 5530 652 5602 'tipio'
680 5536 1075 5591 lnstitntionnm
1114 5530 1254 5603 juris
1307 5538 1411 5600 ait,
1454 5530 1478 5589 ἦ
1518 5553 1621 5590 non
1662 5538 1832 5590 solum
1875 5530 2041 5592 armis
2150 5530 2357 5588 tantum
2392 5547 2604 5603 merces
2648 5533 2784 5600 ipsa,
2832 5545 2991 5598 quam
3041 5530 3310 5603 recepturi
3360 5544 3581 5595 sunms,
3630 5530 3713 5582 scd

481 5599 814 5671 decoratum,
859 5608 952 5662 sed
1003 5599 1164 5661 etiam
1222 5599 1425 5675 legibus
1466 5615 1678 5678 oportet
1702 5619 1820 5662 esse
1862 5622 2041 5661 arma—
2148 5605 2321 5675 ipsum
2352 5617 2486 5674 opus
2518 5602 2645 5657 mihi
2674 5599 2781 5672 pro
2818 5603 2957 5656 dono
2985 5608 3086 5654 est.
3121 5599 3366 5653 Scno'rr.
