3974 6144
343 228 473 318 1473
1176 262 1711 326 EPISTOLARUM
1748 266 1901 329 LIB.
1955 267 2022 326 v.
2061 290 2133 301 --
2172 247 2409 326 EPIST.
2452 260 2801 328 ccxxxw.
3457 270 3593 335 tm

345 365 522 434 γῆρας
553 353 705 433 ἥξειν
728 379 742 394 ο
768 380 819 417 οι
856 363 913 419 δὲ
958 365 1108 420 οὐδὲν
1138 368 1345 440 ἓτερον,
1379 370 1411 441 ἢ
1458 372 1520 424 τὸ
1554 374 1624 443 γῆ
1665 373 1882 442 γενέσθω

2024 381 2191 429 turos.
2219 372 2388 431 Senes
2412 389 2542 429 vero
2567 374 2696 429 illud
2710 381 2922 429 tantum
2951 386 3293 447 exspectant,
3313 380 3367 433 in
3387 388 3589 439 terram

346 453 604 543 (κατὰτὸ
638 454 797 526 σῶμα
829 456 937 528 γάρ
971 458 1138 532 φημι)
1180 462 1539 532 προσδοκῶσι.
1576 464 1649 516 Τὸ
1674 464 1782 534 γὰρ
1813 463 1882 535 γῆ

2022 476 2104 525 se,
2163 477 2425 532 corpore,
2468 464 2709 533 inquam,
2755 465 3034 533 deposito,
3093 468 3358 524 abituros.
3404 471 3588 543 Γῆρας

349 559 449 611 ρας
474 542 693 613 εἴρηται
728 545 878 615 παρά
918 545 979 599 τὸ
1009 552 1112 616 γῆς
1141 548 1293 617 ὲρᾷν.
1346 548 1438 602 Διὸ
1462 549 1560 601 καὶ
1593 550 1644 602 οἱ
1677 565 1882 621 γεγηρα

2022 552 2167 607 enim
2213 564 2451 608 senectus
2497 554 2651 625 παρά
2692 554 2753 607 τὸ
2786 555 2893 624 γῆς
2924 556 3057 627 ὲρᾷν
3100 557 3304 614 Graecis
3346 542 3589 629 dicitur,

341 633 498 697 κότες
525 634 729 705 τρόπον
754 636 879 689 τι.νά
909 637 1232 707 κυρτοῦνται
1280 638 1376 693 καὶ
1425 640 1836 711 κυρεοϐατοῦσι,
1860 659 1882 694 τ

2020 645 2173 713 quasi
2225 654 2424 700 terram
2470 656 2668 701 ament.
2707 644 2845 702 Hinc
2889 657 2945 701 et
2976 662 3135 705 senes
3171 664 3401 719 corpore
3445 652 3589 709 ﬂexo

335 725 417 788 είς
449 725 554 795 γῆν
627 727 949 796 ἐπείγεσθαι
1024 730 1540 802 διαμαρτυρόμενοι.
1617 733 1681 786 El
1738 733 1882 785 τοίνυ

2021 736 2401 804 incurvantur,
2434 738 2791 793 testiﬁcantes
2815 754 2875 794 se
2904 748 3105 795 terram
3134 750 3397 811 repetere.
3418 744 3588 810 Quod

336 816 510 869 ταῦτα
559 816 735 882 οὕτως
768 818 906 890 ἔχει,
945 821 1011 873 δι’
1060 822 1125 892 ἣν
1176 822 1357 877 αἰτίαν
1401 823 1494 876 ἐπὶ
1548 824 1736 896 γήρως
1775 824 1882 877 οὐδέ

2017 841 2141 881 cum
2175 826 2248 881 ita
2277 827 2370 893 sit,
2406 841 2569 897 quam
2608 828 2678 883 ob
2726 844 2942 885 causam
2983 831 3037 886 in
3076 833 3372 889 senectutis
3402 832 3590 890 limine

334 910 680 982 νεωτερίζεις
697 914 812 976 τοῖς
841 912 1170 984 ἀδικήμασιν
1200 912 1343 986 (59);

2012 920 2306 976 maletlciis
2334 920 2694 988 juvenescis‘i

567 1018 732 1076 ΣΑιιν.
756 1048 828 1059 -
877 1019 1180 1091 ΘΕοΔοΡᾳ
1208 1020 1661 1093 ΣΧΟΛΑΣΤΙΚῼ.

2123 1026 2427 1083 CCXXXII.
2464 1059 2536 1069 —
2570 1025 2943 1085 THEODORO
2986 1030 3481 1092 SCHOLASTICO.
3548 1038 3551 1043 ’

815 1108 1031 1179 Injuria
1073 1112 1377 1180 aﬂicientem
1409 1128 1557 1182 tequo
1585 1112 1722 1181 {erat
1749 1117 2013 1172 moderate
2057 1121 2234 1175 animo
2267 1137 2287 1175 :
2315 1122 2420 1176 sive
2447 1120 2512 1176 de
2541 1121 2857 1176 vindicanda
2885 1123 3106 1192 injuria.
3552 1136 3555 1139 '

406 1220 479 1273 Τὸ
506 1220 603 1290 μὲν
623 1220 945 1291 ἀδικηθέντα
976 1221 1052 1294 μὴ
1091 1222 1427 1294 ἀμύνασθαι,
1463 1223 1609 1277 θεῖον
1642 1224 1882 1296 ἠγοῦμαι

2096 1230 2196 1299 Qui
2233 1232 2392 1288 laesus
2423 1231 2623 1301 injuria
2642 1231 2736 1298 sit,
2763 1246 2881 1286 eam
2914 1247 3019 1287 non
3070 1231 3257 1289 ulcisci
3286 1274 3302 1300 ,
3337 1234 3581 1291 divinum

335 1310 398 1364 τδ
424 1312 481 1364 δὲ
511 1310 821 1382 ἀμύνασθαι
849 1313 1106 1385 μετρίως,
1140 1313 1371 1386 νόμιμον
1396 1314 1492 1369 καλ⁸
1524 1314 1865 1385 ἀνθρώπινον

2015 1322 2069 1378 id
2113 1339 2250 1395 opus
2309 1324 2611 1380 existimo:
2653 1324 2932 1379 moderate
2978 1338 3108 1379 vero
3141 1326 3441 1393 vindicare,
3490 1326 3583 1397 jus

335 1402 472 1456 τὸδὲ
502 1402 778 1474 ἀμέτρως,
804 1406 1122 1475 παράνομον
1147 1407 1243 1458 καλ⁸
1276 1406 1574 1477 ἀλιτήριον,
1608 1407 1808 1477 μᾶλλον
1848 1407 1882 1460 δῖ

2016 1412 2208 1484 fasque
2262 1425 2349 1471 est
2377 1425 2538 1485 atque
2574 1415 2892 1471 humanum.
2924 1414 3191 1471 Caeterum
3228 1418 3587 1475 immoderate

333 1491 655 1545 διαδολικόν.
688 1492 923 1557 Πολλοὺς
958 1494 1069 1566 (60)
1123 1498 1233 1565 γὰρ
1272 1496 1433 1566 ἄρξαι
1464 1496 1664 1567 χειρῶν
1708 1496 1882 1551 ἀδίκω

2017 1501 2232 1566 ulcisci,
2275 1502 2327 1555 id
2354 1502 2571 1557 demum
2604 1502 2755 1558 nefas
2788 1502 2850 1559 ac
2883 1504 3077 1559 sceleri
3117 1503 3297 1570 amne,
3343 1508 3450 1561 imo
3473 1507 3585 1561 dia-

337 1581 413 1653 μὴ
441 1580 654 1647 πείσας,
688 1582 765 1653 τῷ
813 1583 978 1654 δήλην
1029 1578 1168 1636 εἶναι
1207 1584 1305 1655 τὴν
1341 1585 1635 1654 ἁμαρτίαν,
1682 1585 1770 1639 διὰ
1813 1585 1882 1639 τοὶ

2014 1586 2271 1644 bolicum.
2301 1588 2453 1644 Multi
2482 1590 2625 1645 enim
2659 1592 2802 1661 quod
2828 1592 3011 1660 pravis
3036 1600 3197 1662 atque
3216 1594 3445 1665 jnjustis
3475 1596 3577 1650 im-

334 1672 587 1741 ἀμέτρως
619 1673 890 1739 ἐπεξιέναι
908 1675 989 1738 είς
1010 1674 1071 1729 τὸ
1102 1674 1213 1728 τῶν
1239 1675 1630 1748 καταρξάντων
1655 1675 1882 1747 ἐγκλημι

2013 1679 2282 1749 perarint,
2313 1679 2366 1734 in
2399 1679 2744 1735 manifestum
2780 1680 3085 1737 inciderunt
3115 1694 3415 1753 peccatum,
3450 1686 3579 1755 quia

339 1764 720 1836 περιέστησεν.
765 1766 823 1818 Ὀ
855 1766 963 1836 γὰρ
998 1767 1265 1821 ἐκϐαίνων
1309 1767 1417 1822 τῶν
1457 1767 1812 1840 ἀδικημάτων
1844 1769 1882 1822 τέ

2015 1768 2301 1826 immodice
2324 1770 2661 1828 subditorum
2685 1772 2891 1828 crimen
2919 1772 3289 1829 vindicarunt.
3308 1775 3408 1842 Qui
3432 1776 3578 1830 enim

336 1856 554 1927 μέτρον,
588 1856 681 1909 καὶ
713 1855 938 1927 μείζους
968 1856 1074 1912 τῶν
1110 1858 1487 1914 πταισθέντων
1527 1859 1778 1913 ἀπαιτῶν
1806 1859 1882 1913 τὰς

2015 1862 2232 1915 modum
2266 1862 2478 1917 excedit
2497 1861 2750 1930 iustitiae,
2779 1870 2834 1918 et
2862 1848 3141 1934 graviores
3177 1874 3206 1918 a
3238 1864 3578 1934 delinquen-

330 1946 485 2011 δίκας
503 1988 519 2015 ,
552 1949 599 2001 εί
629 1949 725 2003 καὶ
751 1948 901 2003 δοκεῖ
942 1950 1167 2015 δικαίως
1189 1950 1572 2022 πεποιηκέναι,
1611 1952 1690 2014 είς
1718 1951 1780 2004 τὸ
1808 1947 1882 2004 τοί

2013 1951 2157 2007 tibus
2180 1967 2367 2023 poenas
2402 1953 2592 2024 exigit,
2628 1953 2840 2008 tametsi
2881 1953 3031 2024 juste
3076 1952 3269 2010 fecisse
3309 1954 3576 2022 videatur,

330 2038 389 2104 ἐξ
416 2039 592 2110 ἀρχῆς
635 2040 993 2111 ἀδικήσαντος
1042 2039 1111 2111 (εί
1144 2040 1240 2093 καὶ
1265 2040 1569 2112 παράδοξον
1593 2038 1734 2095 εῖναι
1762 2039 1878 2105 δὸξε

2012 2041 2065 2095 in
2093 2040 2231 2110 ejus,
2263 2043 2352 2111 qui
2381 2042 2534 2097 initio
2568 2041 2689 2113 (etsi
2716 2041 2875 2098 ﬁdem
2900 2042 3182 2107 excedere,
3208 2044 3349 2113 quod
3378 2045 3577 2111 dicam,

330 2128 393 2182 τὸ
438 2130 882 2202 λεχθησόμενον),
934 2131 1285 2202 περιίσταται
1316 2131 1605 2204 ἔγκλημα·
1649 2130 1882 2203 δεύτεροι

2007 2130 2280 2195 videatur)
2312 2129 2525 2203 cuipam
2552 2131 2760 2197 incidit,
2792 2132 3036 2186 secundo
3061 2130 3315 2200 injuriam
3353 2132 3504 2189 facit.

328 2218 438 2291 γὰρ
465 2220 621 2290 ἄρχει
646 2221 810 2275 πάλιν
835 2220 970 2291 (6i).
2818 2242 2823 2245 ‘

493 2330 655 2385 2A1".
701 2360 773 2371 —
799 2329 1222 2401 ΘΕΟΙΙΕΜΠΤῼ
1250 2329 1725 2403 ΠΡΕΣΒΥΤΕΡῼ.

2075 2329 2405 2389 CCXXXIII.
2440 2360 2511 2371 —
2557 2329 2980 2387 THEOPOMPO
3024 2329 3497 2387 PRESBYTERO.

1072 2422 1217 2493 Opus
1245 2439 1404 2493 quant
1440 2425 1611 2478 oratio
1650 2424 1817 2495 magis
1873 2433 2055 2479 movet.
2090 2422 2273 2494 (Conf.
2306 2440 2452 2493 supr.
2493 2426 2645 2493 epist.
2680 2423 2834 2494 215.)

398 2526 567 2582 Ὅταν
603 2529 705 2598 μὲν
725 2530 879 2597 λόγος
903 2530 1066 2601 ἔργου
1096 2529 1326 2605 χηρεύῃ,
1350 2531 1411 2585 οὐ
1437 2531 1597 2602 μόνον
1625 2532 1725 2585 οὐκ
1756 2531 1882 2602 ὠφε·

2084 2531 2311 2598 Quando
2337 2545 2500 2603 opere
2528 2539 2679 2587 Caret
2700 2530 2898 2595 oratio,
2924 2545 3028 2585 non
3061 2532 3220 2586 modo
3248 2531 3379 2586 nihil
3405 2533 3566 2602 prod-

324 2619 427 2686 λετ,
455 2619 587 2671 ἀλλὰ
614 2620 704 2673 καὶ
749 2622 987 2690 ἐνοχλεῖν
1030 2622 1188 2675 εἴωθε
1236 2624 1362 2687 τοὺς
1394 2622 1722 2685 ἀκούοντας·
1769 2622 1882 2675 ὃται

2006 2632 2110 2690 est,
2136 2624 2231 2678 sed
2278 2630 2333 2678 et
2377 2621 2705 2677 conturbare
2739 2636 2803 2676 ac
2836 2620 3068 2691 fatigare
3114 2622 3387 2676 auditores
3433 2637 3567 2677 con-

323 2709 381 2762 δὲ
411 2709 570 2780 ἔργον
596 2709 754 2778 λόγου
799 2711 1005 2781 ἔρημον
1056 2712 1166 2783 εἴη,
1214 2712 1483 2767 δυσωπεῖν
1529 2714 1740 2781 πέφυκε
1769 2715 1882 2776 τοὺς

2007 2712 2204 2765 suevit.
2236 2710 2374 2765 Cum
2407 2726 2540 2766 vero
2565 2726 2702 2780 opus
2730 2712 2981 2765 oratione
3021 2720 3179 2765 vacat
3226 2710 3442 2766 ﬂectere
3469 2726 3570 2780 pu-

327 2800 661 2871 θεωμένους.
711 2802 775 2854 Εί
824 2801 881 2854 δὲ
916 2802 1012 2854 καὶ
1042 2804 1209 2871 ἄμφω
1231 2803 1496 2874 συμϐαίη,
1548 2805 1641 2856 καὶ
1689 2803 1882 2871 ὀλόγος

2001 2802 2297 2870 doremque
2324 2802 2461 2856 solet
2482 2802 2727 2855 incutere
2750 2802 3149 2872 spectantibus.
3175 2801 3232 2856 Si
3259 2803 3417 2858 ambo
3437 2818 3568 2858 con-

326 2893 432 2946 ὐπὸ
476 2894 575 2964 τῆς
627 2894 882 2965 πράξεως
925 2895 1247 2966 κοσμηθείη,
1279 2895 1338 2948 τὸ
1379 2895 1679 2966 τηνικαῦτα
1727 2894 1882 2948 πολλὶ

2001 2900 2243 2956 currant,
2288 2902 2343 2947 et
2369 2894 2545 2947 oratio
2581 2893 2649 2948 ab
2674 2897 2887 2948 actione
2911 2903 3160 2959 ornetur,
3200 2902 3328 2949 tunc
3370 2909 3564 2966 magna

323 2963 568 3049 ἐπίδοσις
597 2963 750 3038 ἔσται
773 2987 885 3047 τοῖς
906 2963 1226 3055 φοιτηταῖς,
1247 2963 1664 3056 είεύγνώμονες
1690 2981 1819 3039 εῐεν.

2001 2982 2060 3037 lit
2091 2982 2502 3048 accedentibus,
2541 2983 2586 3037 si
2612 2983 2769 3039 modo
2804 2983 2939 3053 ωηιιί
2977 2982 3198 3051 fuerint,
3228 2999 3293 3041 ac
3319 2963 3561 3057 benigni,

1017 3215 1087 3227 —
1113 3185 1389 3255 ΔΛΥΠΙῼ.

2002 3073 2243 3128 accessio
2275 3087 2339 3128 ac
2363 3072 2596 3126 lucrum.

2313 3182 2472 3254 631
2505 3180 2935 3238 ccxxx1v.—-
2972 3183 3245 3241 ALYPIO.

602 3280 669 3335 In
695 3279 915 3333 alterius
948 3279 1138 3332 erratis
1194 3277 1668 3332 animadvertendis
1697 3277 1866 3348 Iyncei
1897 3291 2098 3338 sumus,
2126 3276 2181 3329 in
2212 3277 2408 3329 nostris
2447 3277 2627 3345 talpte.
2657 3273 2857 3329 Contra
2892 3266 2946 3329 in
2979 3278 3276 3331 virtutibus.

391 3406 527 3461 Δίαν
560 3404 849 3477 θαυμάζω,
890 3405 1006 3467 πῶς
1041 3403 1148 3457 τῶν
1183 3403 1284 3474 μὲν
1309 3403 1519 3474 ἑτέροις
1558 3404 1891 3475 πεπλημμε-

320 3498 571 3568 λημένων
598 3499 692 3552 καὶ
739 3496 1209 3567 ἁμαρτανομένων
1246 3495 1436 3566 πικροὶ
1479 3496 1767 3567 καθήμεθα
1807 3497 1890 3551 δι-

317 3591 539 3654 κασταὶ,
570 3590 640 3643 τὰ
680 3590 736 3642 δὲ
777 3588 983 3643 ἑαυτῶν
1027 3587 1367 3655 πταίσματα,
1399 3587 1731 3659 συγγνώμης
1771 3588 1897 3644 ὄντα

317 3681 587 3741 πολλάκις
613 3679 857 3748 μείζονα,
892 3679 1254 3748 παρορῶμενο
1299 3679 1395 3731 καὶ
1431 3680 1558 3751 περὶ
1587 3680 1687 3750 μὲν
1721 3681 1790 3734 τὰ
1815 3683 1895 3734 oi-

318 3774 445 3825 κεῖα
464 3770 870 3839 τυφλώττομεν,
912 3768 984 3821 τὰ
1013 3769 1069 3822 δὲ
1098 3769 1208 3821 τῶν
1243 3768 1416 3832 πέλας
1443 3767 1612 3833 ὀξέως
1640 3770 1856 3841 ὁρῶμεν
1875 3788 1890 3803 ο

328 3862 426 3914 ἐπὶ
457 3860 514 3913 δὲ
542 3860 649 3913 τῶν
680 3858 1119 3929 κατορθωμάτων
1143 3859 1457 3912 τούναντίον
1492 3861 1797 3929 πάσχομεν,
1827 3860 1893 3914 τὰ

318 3953 421 4024 μὲν
464 3952 574 4021 γὰρ
626 3953 823 4014 οἰκεῖα,
867 3950 969 4003 κᾶν
1005 3951 1177 4021 μικρά
1224 3946 1383 4021 ᾗκαὶ
1416 3951 1628 4021 εὐτελῆ,
1677 3951 1887 4022 μεγάλα

320 4043 604 4111 φαίνεταιο
655 4044 721 4096 τὰ
747 4042 805 4096 δὲ
856 4040 965 4095 τῶν
1010 4040 1259 4111 πλησίον,
1302 4041 1407 4095 κᾶν
1453 4042 1663 4113 μεγάλα
1792 4044 1887 4095 καὶ

316 4132 635 4203 θαυμαστὰ,
684 4132 857 4204 μικρά
900 4132 993 4186 καὶ
1042 4131 1242 4202 φαῦλα.
1274 4128 1439 4202 Οἶμαι
1488 4133 1688 4197 τοίνυν,
1738 4133 1881 4203 ὅτιή

314 4224 573 4292 φιλαυτία
598 4224 803 4279 τούτων
824 4226 973 4281 αίτία
1000 4225 1359 4293 καθέστηκεν,
1390 4227 1422 4295 ή
1452 4223 1553 4293 τὴν
1582 4222 1745 4296 ὀρθήν
1770 4225 1883 4295 (62)

2064 3404 2391 3474 Magnopere
2416 3402 2663 3473 equidem
2694 3403 2957 3467 admiror,
2987 3418 3086 3461 cur
3114 3406 3166 3459 in
3212 3406 3441 3461 aliorum
3471 3420 3560 3461 er-

1993 3508 2107 3554 rata
2134 3497 2438 3566 delictaque
2462 3498 2637 3551 severi
2657 3495 2869 3564 judices
2888 3499 3192 3565 sedeamus,
3214 3508 3400 3553 nostra
3428 3512 3558 3555 vero

1991 3596 2235 3658 peccata,
2260 3588 2464 3655 majora
2499 3602 2894 3656 saepenumero,
2925 3602 3086 3657 quam
3115 3598 3172 3643 ut
3202 3590 3413 3644 veniam
3442 3605 3561 3646 me-

1994 3689 2237 3746 reantur,
2274 3680 2628 3749 negligamus.
2666 3678 2735 3734 Et
2763 3681 2831 3735 ad
2866 3691 3055 3737 nostra
3080 3683 3296 3750 quidem
3334 3682 3559 3738 caecuti-

1993 3785 2113 3824 mus
2144 3770 2298 3836 vitia,
2328 3771 2396 3824 ad
2427 3769 2659 3824 aliorum
2689 3785 2819 3825 vero
2866 3785 2953 3824 res
2994 3781 3210 3827 acutum
3245 3772 3547 3826 cernimus.

1992 3861 2193 3917 Contra
2230 3874 2363 3914 vero
2408 3860 2462 3912 in
2507 3870 2655 3913 recte
2701 3859 2861 3915 factis
2910 3862 3063 3916 nobis
3107 3863 3306 3919 evenit.
3354 3861 3552 3917 Nostra

1992 3953 2161 4017 enim,
2192 3950 2292 4005 etsi
2337 3964 2502 4019 parva
2535 3951 2645 4003 sint
2684 3959 2739 4003 et
2784 3951 2943 4005 exilia
2969 3991 2984 4017 ,
3031 3952 3255 4020 grandia
3289 3952 3445 4006 nobis
3476 3951 3557 4006 vi—

1992 4045 2187 4099 dentur
2211 4060 2225 4109 ;
2248 4040 2480 4112 proximi
2510 4055 2642 4095 vero
2673 4040 2840 4105 bona,
2870 4043 3120 4111 quamvis
3148 4057 3339 4114 magna
3374 4052 3430 4097 et
3455 4042 3555 4098 ad-

1992 4135 2260 4197 miranda,
2296 4146 2461 4202 parva
2495 4139 2551 4186 et
2574 4130 2739 4185 exilia
2769 4150 2783 4187 :
2830 4147 2986 4187 amor
3031 4134 3174 4188 enim
3223 4133 3303 4187 sui
3340 4140 3551 4187 rectum

1992 4223 2284 4278 labefactat
2333 4220 2745 4290 corrumpitque
2791 4219 3078 4289 judicium,
3133 4233 3299 4293 atque
3354 4221 3552 4279 iisdem

1414 4379 1640 4435 VARUE
1679 4378 2070 4435 LECTIONES
2107 4377 2197 4434 ΕΤ
2233 4376 2467 4434 ΝΟΤᾸΕ.

395 4528 497 4604 (59)
519 4531 610 4604 -Δι’
630 4530 717 4604 ⁸ἢν
747 4533 941 4604 αἰτίαν
972 4533 1070 4587 ἐπὶ
1107 4533 1297 4601 γήρως
1338 4531 1495 4597 οὐδῷ
1521 4534 1875 4601 νεωτερίζεις

309 4601 442 4672 τοῖς
467 4601 851 4669 ἀδικήμασιν.
881 4603 1087 4672 Γήραος
1105 4603 1261 4672 οὐδῷ,
1288 4616 1501 4655 senecta:
1531 4604 1685 4657 limen
1714 4620 1731 4656 :
1756 4606 1871 4658 Ho-

314 4670 571 4740 mericum
606 4681 687 4726 est
718 4670 1056 4740 proverbium
1105 4670 1299 4739 Odyss.
1354 4672 1420 4735 0,
1470 4686 1610 4725 vers.
1661 4672 1767 4727 246
1816 4684 1871 4727 et

312 4738 439 4802 547,
466 4748 518 4791 et
544 4740 619 4803 Ψ,
656 4738 877 4805 £912;
907 4740 1069 4793 Iliad.
1110 4738 1267 4803 X,’v.
1308 4740 1396 4804 60,
1428 4750 1481 4794 et
1507 4740 1669 4795 Iliad.
1712 4743 1773 4804 Ω,
1812 4759 1866 4797 ν.

311 4807 440 4879 487.
485 4807 658 4879 Utitur
688 4809 946 4879 llerodot.
973 4809 1158 4863 Thalia
1182 4825 1202 4863 :
1238 4809 1328 4872 Ἐς
1372 4811 1613 4879 πτωχίαν
1640 4812 1871 4879 ἀφῖκται

310 4876 405 4927 ἐπὶ
435 4878 636 4950 γήραος
681 4878 817 4950 οδδῷ
840 4918 853 4941 ,
888 4877 1183 4950 ίηηιὶηιὶηε
1227 4889 1443 4933 senectte
1483 4876 1551 4934 ad
1598 4876 1871 4950 egestatem

308 4949 559 5012 pervenit.
582 4946 823 5003 Catullus
855 4948 923 5001 ad
957 4947 1237 5003 Manlium.

486 5034 553 5088 Et
583 5054 614 5089 a
650 5038 831 5091 mortis
858 5038 1036 5092 limine
1064 5040 1354 5094 restituam.

307 5126 593 5251 llagtcretius
617 5144 831 5198 quoque
859 5145 999 5199 saepe
1017 5132 1073 5186 in
1092 5131 1270 5186 limine
1286 5132 1376 5186 leti
1396 5132 1533 5187 dixit
1562 5146 1658 5199 pro
1683 5142 1877 5187 morte.

331 5214 342 5247 ι
388 5234 403 5250 .
443 5211 503 5249 ιι.

331 5211 403 5250 ID.
443 5211 503 5249 ll.

491 5286 626 5360 Nam
656 5305 819 5356 quare
857 5292 1049 5358 potius,
1080 5292 1168 5345 leti
1193 5299 1309 5360 jam
1339 5290 1516 5345 limine
1542 5292 1605 5344 ab
1629 5292 1738 5359 ipso

486 5357 562 5407 At!
594 5362 751 5410 vitam
778 5357 979 5423 possint
1002 5357 1238 5415 conlecta
1263 5370 1431 5415 mente
1461 5357 1662 5415 reterti.

305 5446 373 5499 Et
397 5445 490 5499 lib.
529 5462 578 5499 v1
615 5463 627 5499 :

380 5534 444 5588 Et
475 5538 613 5589 omni
643 5553 922 5605 .angueoa.
956 5557 1141 5612 corpus
1191 5541 1278 5595 leti
1307 5542 1420 5611 jam
1450 5542 1629 5597 limine
1660 5542 1714 5596 in
1741 5540 1874 5611 ipso.

308 5626 451 5679 Idem
491 5628 671 5680 statim
705 5644 717 5677 :

2087 4532 2155 4587 Et
2184 4537 2414 4603 graviter
2442 4536 2636 4603 partim
2667 4544 2949 4592 metuentes
2976 4536 3160 4591 limina
3190 4536 3298 4590 leti.

1979 4694 2027 4749 ἀ,
2050 4624 2113 4706 Et
2144 4624 2280 4680 alius
2307 4635 2461 4694 poeta
2504 4628 2671 4681 primo
2706 4629 2761 4681 in
2810 4628 2991 4682 limine
3032 4628 3148 4681 vitta
3180 4640 3279 4697 pro
3318 4625 3546 4680 infantia

2018 4706 2131 4749 IXtt.

2018 4706 2131 4749 IXtt.

1976 4786 2233 4841 Juvenari
2263 4796 2443 4842 autem
2474 4787 2765 4842 Horatiana
2792 4802 2893 4842 vox
2920 4786 2973 4840 in
2999 4787 3125 4841 Arte
3145 4787 3348 4854 poetica

1978 4879 2080 4931 Aut
2119 4879 2365 4931 nimirum
2409 4880 2599 4931 teneris
2639 4880 2955 4945 juvenentur
3001 4878 3231 4931 versibus
3281 4886 3531 4944 unquam,

1979 4969 2122 5038 quod
2151 4978 2232 5022 est
2264 4967 2558 5023 νεανιεύειν
2596 4978 2654 5021 ιιι
2693 4969 2778 5021 hic
2807 4970 3164 5038 νεωτερίζειν,
3208 4968 3348 5038 quod
3379 4969 3543 5024 etiam

1982 5038 2195 5103 capitur
2224 5040 2372 5091 rebus
2401 5038 2611 5090 studere
2648 5039 2810 5090 novis.
2847 5038 3084 5093 Scnorr.

2055 5106 2166 5175 (60)
2204 5106 2438 5169 Πολλοὺς
2485 5106 2728 5161 breviaut
2770 5108 2821 5160 in
2863 5108 3056 5160 πολλοῦ
3093 5108 3246 5162 codd.
3283 5106 3407 5163 Vat.
3438 5108 3546 5164 650

1982 5185 2035 5230 et
2060 5176 2165 5230 Alt.
2193 5175 2400 5231 Possm.

2056 5246 2169 5315 (61)
2209 5245 2321 5299 Hoc
2340 5256 2440 5309 est,
2474 5244 2562 5313 qui
2594 5243 2822 5311 majores
2846 5244 2992 5313 justo
3018 5260 3205 5315 poenas
3230 5245 3417 5315 exigit,
3446 5247 3546 5302 ite-

1980 5328 2099 5367 rum
2144 5316 2350 5383 injuria:
2382 5315 2647 5368 secundus
2696 5325 2886 5368 auctor
2919 5324 3000 5368 est
3031 5331 3045 5368 :
3073 5316 3295 5369 alterius
3333 5316 3542 5381 injuriae

1980 5384 2071 5453 dat
2103 5384 2444 5453 principium.
2474 5383 2740 5450 Explicat,
2766 5385 2912 5453 quod
2936 5386 3045 5453 jam
3071 5386 3228 5447 dixit,
3264 5402 3282 5435 ι
3320 5385 3372 5437 in
3402 5385 3541 5453 ejus,

1978 5452 2125 5522 quia
2166 5452 2430 5522 principio
2457 5453 2719 5522 peccavit,
2747 5452 2997 5507 delictum
3026 5455 3229 5507 incidit.
3256 5472 3275 5505 ι
3300 5452 3539 5509 Scuorr.
3580 5487 3583 5489 ›

2047 5520 2160 5590 (62)
2192 5522 2288 5575 Ed.
2332 5520 2501 5593 Paris.
2538 5521 2630 5573 καὶ
2678 5522 3004 5593 θαυμαστάή·
3033 5523 3198 5593 ὀρθὴν
3242 5524 3384 5593 τῷν,
3432 5536 3539 5579 etc.

1976 5588 2189 5645 Lacuna
2225 5591 2502 5660 suppletur
2526 5606 2590 5645 ex
2618 5593 2737 5646 cod.
2765 5588 2882 5647 Vat.
2924 5591 3027 5648 650
3055 5588 3108 5648 et
3139 5588 3247 5647 Ᾱιι.
3276 5591 3433 5647 Eutr.
