3974 6144
450 284 591 352 1475
1605 274 1667 334 S.
1710 268 2003 333 ISIDORI
2039 265 2484 328 PELUSIO’I‘IE
3565 251 3704 315 H76

451 396 630 453 oculis
692 400 881 450 nostra
957 389 1247 462 alienaque
1302 386 1657 446 considerare
1730 399 1839 440 non
1898 398 2020 452 per-
2048 388 2096 444 Α

2175 398 2234 432 ι›ν
2284 377 2626 448 πραγμάτων
2672 372 2854 445 κρίσιν
2894 368 3289 441 λυμαινομένη,
3319 362 3416 420 καὶ
3456 364 3574 424 τοῖς
3600 362 3703 414 αὑ-

449 488 635 543 mittit.
1156 453 1173 462 '
2116 472 2231 533 τοῖς
2275 468 2576 539 ὀφθαλμοῖς
2612 466 2683 521 τά
2722 482 2785 518 τε
2842 465 3089 535 ἡμέτερα
3128 461 3226 515 καὶ
3263 458 3334 513 τὰ
3375 455 3488 509 τῶν
3532 453 3710 513 πέλας

2116 561 2419 616 θεάσασθαι
2458 560 2535 632 μὴ
2566 555 2947 629 συγχωροῦσα.

693 640 997 735 cchxv.
1028 703 1098 717 -
1129 670 1409 730 ursam
1445 666 1766 726 amoeno.

2452 666 2621 722 ΣΑΕν.
2653 664 2991 719 ~1EPAKI
3020 658 3344 730 ΔΙΑΚΟΝῼ.

455 772 757 831 Cavendum
793 785 855 825 ne
898 768 1066 839 specie
1107 765 1351 822 utilitatis
1373 762 1698 839 _d_eci_piaris.
1736 758 1923 839 ¢_Non
1960 760 2201 839 .uidemus
2235 760 2522 839 manticam
2560 761 2614 812 in
2642 768 2809 828 tergo.
2848 774 2868 810 ι
2902 756 3186 825 Adagium.
3230 752 3453 807 Persius
3503 760 3613 806 sat.
3648 751 3707 805 4.

1360 829 1662 887 Phardrus:
1700 847 1720 882 ι
1765 830 1927 883 Peras
1954 829 2204 897 imposuit
2244 830 2394 884 nobis
2432 830 2590 896 duas,
2619 846 2639 881 ι
2674 842 2781 882 etc.

507 948 719 1020 Decipis
750 948 932 1004 forsan
972 946 1200 1015 teipsum
1231 950 1428 1012 putans
1462 950 1515 996 te
1545 951 1771 995 cernere
1793 937 1934 1008 quod
1960 937 2016 991 in

2196 937 2370 1001 Αὐτὸς
2403 936 2503 1009 μὲν
2537 937 2667 1000 ῐσως
2698 932 2894 988 σαυτὸν
2918 932 3160 1002 άπατᾷς,
3188 929 3264 994 ὡς
3295 931 3439 1003 ὁρῶν
3474 931 3541 983 τὸ
3572 944 3717 982 σαυ-

461 1057 578 1097 rem
603 1042 674 1096 sit
697 1049 869 1094 tuam.
900 1037 1141 1092 Cernere
1169 1034 1392 1103 quidem
1422 1030 1648 1095 videris,
1696 1041 1803 1082 non
1843 1026 2022 1083 cernis

2175 1027 2221 1082 δῦ
2266 1028 2573 1098 συμφέρον⁸
2605 1024 2719 1095 ἐγὼ
2750 1025 2808 1078 δὲ
2842 1022 3031 1094 φαίην,
3068 1023 3152 1076 ὅτι
3198 1021 3375 1085 δοκεῖς
3409 1020 3509 1092 μὲν
3547 1020 3712 1090 ὁρᾷν,

461 1143 664 1196 tamen,
714 1129 809 1185 sed
846 1127 1162 1197 plerumque
1199 1123 1253 1179 in
1304 1121 1412 1177 tuis
1458 1120 1623 1176 rebus
1663 1117 1904 1174 excutis.
1942 1114 2002 1171 Si

2175 1120 2261 1189 νᾷς
2307 1118 2367 1172 δὲ
2411 1116 2684 1186 οὐδαμῶς,
2732 1114 2867 1169 ἀλλά
2916 1114 3012 1167 καὶ
3042 1112 3241 1183 κομιδῇ
3275 1111 3412 1181 πρὸς
3443 1109 3581 1164 αὐτὸ
3610 1126 3715 1161 τυ-

392 1250 395 1253 π
458 1224 604 1278 enim
631 1222 775 1293 quod
810 1218 1123 1289 ambiguum
1160 1216 1537 1283 incertumque
1568 1218 1810 1280 putatur,
1844 1208 2024 1262 bono-

2175 1210 2416 1274 λώττεις.
2443 1211 2509 1265 Εἰ
2535 1210 2592 1264 δὲ
2621 1208 2918 1280 ἀμφίδοξον
2950 1225 3033 1262 σοι
3058 1203 3197 1261 εἶναι
3221 1206 3369 1260 δοκεῖ
3393 1205 3454 1257 τὸ
3470 1202 3713 1267 ἔνδοξον,

464 1313 676 1367 silicum
702 1308 968 1380 epinaris,
1001 1320 1179 1377 neque
1209 1304 1370 1369 mihi,
1404 1316 1580 1372 neque
1624 1298 1721 1354 tibi
1762 1297 2025 1367 judicium

2175 1302 2278 1371 ,ήτε
2314 1301 2462 1371 ἐμοὶ,
2501 1301 2637 1373 μήτε
2666 1300 2848 1371 σαυτῷ
2874 1299 2973 1371 τὴν
2996 1298 3178 1370 κρίσιν
3213 1296 3513 1367 ὲπιτρέψῃς
3531 1310 3546 1322 ⁸
3572 1293 3717 1346 ἀλλά

463 1403 769 1474 permittas,
798 1399 893 1456 sed
925 1397 1339 1454 communicatis
1378 1408 1501 1450 cum
1537 1390 1745 1462 judicio
1786 1390 2026 1458 pruden-

2175 1394 2644 1465 νακοινωσάμενος
2678 1394 2792 1457 τοῖς
2832 1390 3050 1446 συνέσει
3083 1388 3421 1461 διαφέρουσι,
3449 1384 3583 1455 παρ’
3613 1384 3716 1437 ait.

468 1495 655 1565 tiaque
708 1490 1141 1563 praestantibus,
1216 1485 1544 1544 sententiam
1608 1482 1679 1538 ab
1746 1481 1853 1537 illis
1907 1494 2029 1536 mu-

2175 1485 2243 1541 ῶν
2272 1486 2427 1555 δέχου
2457 1484 2556 1558 τὴν
2577 1486 2777 1556 ψῆφον.

463 1596 641 1642 mare.
698 1673 1026 1733 CCXXXVI.
1055 1667 1410 1727 -—JACOBO
1463 1663 1784 1722 LECTORI.
2055 1661 2099 1717 Β

2412 1666 2596 1732 mat.
2622 1693 2692 1703 —
2731 1663 2987 1733 ιΑκοΒο
3020 1658 3456 1730 mammam.

1284 1758 1459 1814 Malos
1487 1772 1597 1839 esse
1624 1752 1919 1824 fugiendos.
1945 1751 2282 1811 Consuetudo
2304 1755 2447 1809 enim
2477 1754 2644 1808 altera
2670 1764 2884 1807 natura.

530 1873 706 1945 Fuge,
742 1886 780 1928 o
820 1868 1173 1931 charissime,
1219 1863 1495 1934 improbos
1529 1879 1544 1916 :
1578 1860 1777 1930 quippe
1812 1858 2032 1913 noxium

2199 1862 2400 1932 Φεῦγε,
2431 1855 2477 1916 ὦ
2517 1861 2760 1931 φίλτατε,
2809 1858 3279 1935 τοὺςιπονηροὺς,
3330 1856 3427 1911 άτε
3468 1854 3719 1925 λυμικήν

466 1964 752 2034 quemdam
788 1960 1032 2017 habitum
1064 1958 1260 2012 animat
1286 1969 1386 2011 usu
1407 1962 1464 2009 et
1495 1950 1892 2008 consuetudine
1933 1962 2033 2005 sua

2175 1970 2253 2007 ινα
2282 1952 2615 2008 κατάστασιν
2640 1953 2707 2022 τῇ
2734 1950 2880 2022 ψυχῇ
2925 1948 3297 2011 λανθανόντως
3320 1946 3410 2001 διὰ
3446 1945 3549 2015 τῆς
3588 1962 3719 1997 συν-

466 2055 666 2111 sensim
697 2052 1039 2123 ingenerant.
1080 2046 1333 2116 Plerique
1360 2043 1505 2099 enim
1533 2040 1785 2097 fallentes
1816 2040 2025 2110 seipsos

2175 2044 2318 2107 θείας
2356 2042 2866 2107 κατασκευάζοντας
2898 2064 2901 2069 ·
2944 2039 3131 2095 πολλοὶ
3173 2039 3282 2110 γάρ
3328 2038 3721 2107 ἁπατήσαντες

468 2145 624 2213 quasi
643 2144 834 2214 optimi
860 2142 972 2196 sint
995 2146 1050 2195 et
1072 2135 1379 2201 fortissimi,
1402 2133 1667 2205 quasique
1708 2132 1845 2188 tales
1873 2144 2035 2187 casus

2179 2135 2374 2198 αυτοὺς
2403 2132 2479 2199 ὡς
2511 2132 2725 2206 ἄριστοι
2762 2132 2859 2187 καὶ
2911 2132 3219 2202 κράτιστοι,
3259 2128 3356 2183 καὶ
3398 2128 3507 2181 ὑπὸ
3537 2128 3723 2180 τοιού-

467 2236 673 2293 lredere
699 2249 805 2289 non
834 2232 1065 2303 possint,
1093 2230 1235 2285 clam
1261 2228 1314 2282 in
1343 2226 1484 2282 mala
1520 2239 1580 2281 se
1608 2222 1860 2293 Ienteque
1888 2222 2036 2276 velut

2175 2243 2248 2280 ων
2303 2224 2605 2295 συντυχιῶν
2636 2223 2711 2295 μὴ
2759 2220 3287 2292 καταϐλαπτόμενοι,
3325 2218 3513 2273 ἔλαθον
3543 2220 3626 2281 είς
3648 2216 3723 2270 τὰ

473 2330 528 2382 in
560 2325 880 2380 barathrum
921 2321 1285 2391 praecipitant.
1331 2316 1677 2372 Consuetudo
1716 2314 1865 2369 enim
1904 2312 2035 2383 quid

2175 2313 2287 2368 ,ὑτὰ
2309 2313 2541 2378 ἐκείνοις
2570 2312 2757 2384 ⁴ἡρέμα
2782 2311 2879 2365 καὶ
2903 2309 3046 2364 κατὰ
3071 2308 3265 2379 μικρὸν
3299 2304 3723 2375 κατενεχθέντες

477 2430 756 2485 magnum,
784 2412 916 2467 etin
945 2419 1197 2465 naturam
1221 2407 1483 2476 paulatim
1511 2405 1625 2460 abit
1650 2420 1666 2470 ;
1702 2403 2040 2470 alteramque

2179 2404 2416 2476 άραθρα.
2444 2403 2606 2472 Μέγα
2627 2402 2737 2474 γὰρ
2764 2403 2798 2472 ἡ
2825 2400 3107 2472 συνήθεια,
3139 2400 3233 2451 καὶ
3253 2396 3424 2451 δεινὸν
3449 2398 3526 2459 εἰς
3554 2394 3725 2463 φύσιν

477 2483 601 2560 esse
631 2513 881 2558 naturam
921 2501 1144 2570 quidam
1175 2498 1466 2551 aﬂirmant.
1498 2494 1605 2550 Alii
1633 2493 1796 2549 etiam
1830 2507 1861 2547 a
1911 2506 2044 2545 con-

2175 2496 2511 2565 ασταστῆναι
2551 2493 2701 2565 (65)'
2741 2492 3004 2564 δευτέραν
3049 2491 3161 2561 γὰρ
3211 2483 3351 2543 εἶναι
3398 2486 3563 2557 φύσιν
3620 2485 3725 2556 τὴν

474 2594 763 2652 suetudine
802 2590 1049 2662 superari
1097 2597 1347 2644 naturam
1373 2623 1393 2654 ,
1434 2584 1570 2643 illud
1619 2582 1821 2641 veteris
1870 2589 2043 2653 poeta

2175 2585 2431 2657 υνήθειάν
2459 2602 2603 2650 τινες
2635 2584 3011 2655 ἀπεφήναντο.
3057 2581 3242 2635 Ἄλλοι
3274 2579 3331 2632 δὲ
3360 2580 3456 2632 κα)⁵
3485 2578 3590 2648 τὴν
3618 2576 3725 2645 φύε-

475 2687 821 2751 adhibentes,
858 2688 1131 2739 asserunt.

2181 2695 2227 2730 tv
2266 2677 2370 2730 ὑπὸ
2402 2677 2503 2748 τῆς
2548 2675 2838 2746 συνηθείας
2877 2673 3130 2729 νικᾶσθαι
3169 2669 3459 2742 ὡρίσαντο,
3501 2668 3720 2738 φήσαν-

2144 2785 2255 2831 τεςο

2147 2874 2382 2943 Πέτραν
2418 2874 2706 2929 κοιλαίνει
2717 2872 2893 2943 ῥανὶς
2915 2872 3130 2938 ὕδατος
3148 2867 3566 2938 ἐνδελεχοῦσα
3585 2864 3723 2936 (64).

2071 2936 2116 2996 C
2151 2983 2348 3038 Καίτοι
2381 2982 2436 3036 τί
2465 2983 2674 3054 πέτρας
2718 2936 3123 3053 σκληρότερονς
3157 2978 3209 3032 τί
3239 2979 3297 3032 δὲ
3336 2936 3530 3039 ὓδατος
3552 2973 3729 3046 μαλα-

2152 3071 2423 3143 κώτερον;
2462 3070 2577 3126 ἀλλ’
2612 3071 2762 3142 ὅμως
2782 3071 2851 3141 τῇ
2882 3068 3135 3140 συνεχείᾳ
3169 3067 3269 3137 τῆς
3322 3064 3539 3135 πληγῆς
3580 3078 3733 3134 περιο

2149 3160 2367 3230 εγένετο
2396 3163 2498 3232 τῆς
2525 3159 2762 3230 φύσεως.
2947 3172 2958 3177 ·

456 2922 461 2927 ι
548 2885 713 2943 Gutta
736 2900 925 2940 cauum
943 2882 1117 2939 reddit
1140 2895 1352 2945 saxum,
1376 2880 1503 2934 dum
1533 2877 1726 2933 decidit
1752 2888 1935 2940 usque.

547 2997 616 3051 Et
648 3009 778 3051 vero
828 2992 957 3063 quid
1005 3004 1140 3046 saxo
1174 2988 1405 3046 durius?
1453 2988 1582 3057 quid
1615 3000 1753 3056 aqua
1790 2976 2049 3037 mollius‘l

478 3097 717 3144 attamen
744 3086 856 3143 ictu
878 3081 1101 3140 assiduo
1131 3090 1337 3137 naturae
1366 3080 1597 3135 vincitur
1627 3076 1876 3132 durities.

3910 2260 3913 2443 ι

687 3264 1043 3325 CCXXXVII.
1074 3294 1146 3305 —
1189 3262 1468 3319 HlERACl
1513 3256 1831 3316 DlACONO.

2489 3252 2652 3305 ΣΛΖ¹.
2694 3278 2765 3289 -
2795 3245 3031 3302 lEPAKl
3062 3244 3386 3314 ΔῙΔΚΟΝῼ.

1248 3350 1614 3419 Temperantia
1646 3344 1891 3403 sanitatis
1919 3348 2107 3395 mater.
2135 3335 2298 3409 (Vide
2323 3340 2476 3405 epist.
2510 3338 2597 3404 64,
2623 3336 2751 3402 148,
2776 3333 2929 3404 158.)

556 3449 836 3521 Siquidem
859 3444 1221 3501 valetudinem
1252 3442 1497 3511 corporis
1534 3454 1719 3503 curas,
1755 3432 2045 3493 suﬁcienti

2227 3431 2291 3485 El
2320 3430 2419 3501 μὲν
2446 3430 2549 3501 τῆς
2598 3429 2816 3498 ὑγιείας
2846 3426 2942 3482 τοῦ
2970 3424 3229 3496 σώματος
3260 3420 3593 3493 φροντίζεις,
3632 3418 3731 3490 τὴν

483 3542 582 3597 tibi
617 3511 771 3608 copia
800 3541 1088 3590 contentus
1110 3540 1247 3587 esto.
1280 3529 1405 3584 ﬂare
1436 3529 1580 3584 enim
1617 3527 1761 3581 illam
1787 3526 1951 3596 parit.
1987 3520 2047 3576 Si

2175 3521 2490 3594 ιύτάρκειαν
2519 3521 2656 3591 τίμα
2684 3531 2697 3548 ⁶
2740 3517 2881 3590 αὕτη
2930 3518 3042 3588 γάρ
3082 3514 3305 3585 ἐκείνην
3344 3512 3559 3566 ὤδινεν
3596 3511 3647 3565 εί
3671 3511 3733 3564 δὲ

484 3649 615 3689 vero
639 3647 733 3703 per
754 3628 975 3685 delicias
1004 3626 1135 3682 illud
1164 3634 1479 3695 turgescere
1503 3634 1568 3675 ae
1593 3618 1844 3675 lascivire
1869 3614 2042 3684 cupis,

488 3724 738 3780 falleris:
770 3734 875 3776 non
914 3718 1075 3774 modo
1113 3715 1375 3771 srmando
1418 3714 1593 3783 ipsum
1624 3708 1888 3764 adversus
1926 3704 2047 3761 ani-

2154 3614 2243 3667 διὰ
2279 3614 2381 3683 τῆς
2413 3612 2626 3685 τρυφῆς
2679 3611 2920 3683 σφριγᾷν
2965 3611 3063 3664 καὶ
3098 3609 3330 3680 σκιρτᾷν
3377 3604 3513 3659 αὐτὸ
3554 3621 3736 3675 παρσ-

2158 3703 2465 3787 σκευάζεις,
2484 3702 2767 3766 λανθάνεις
2786 3702 2859 3774 μὴ
2881 3702 3043 3773 μόνον
3067 3700 3304 3765 ὁπλίζων
3325 3698 3459 3753 αὺτδ
3478 3696 3622 3750 κατά
3636 3697 3733 3764 τῆς

487 3829 631 3870 mam
657 3822 819 3883 atque
849 3808 1065 3865 inlrene
1089 3807 1347 3871 reddens,
1370 3805 1463 3860 sed
1492 3813 1549 3858 et
1584 3800 1821 3856 radicem
1844 3813 1909 3854 ac
1928 3798 2050 3854 lon-

2175 3796 2355 3868 ίιυχῆς,
2380 3786 2500 3851 καὶ
2538 3796 2801 3867 δυσήνιον
2856 3793 3051 3859 ποιῶν,
3102 3792 3241 3846 ἀλλὰ
3302 3789 3399 3845 καὶ
3439 3789 3599 3859 ῥίζαν
3641 3786 3734 3840 καὶ

490 3916 600 3961 tem
634 3900 1114 3960 immedicabilium
1151 3898 1385 3954 reddens
1407 3894 1743 3950 morborum.

491 4081 655 4154 ωε
683 4070 1532 4137 CCXXXVlll.—THl-IODOR0
1567 4066 2055 4126 SCHOLASTICO.

2156 3888 2344 3961 πηγὴν
2367 3888 2477 3943 τῶν
2508 3888 2825 3957 ἀνηκέστων
2851 3885 3175 3959 νοσημάτων
3201 3877 3345 3937 εῖναι
3376 3880 3732 3954 παρασκευά-

2238 3997 2289 4035 ν.

2191 3997 2289 4035 ων.

2157 3980 2191 4046 ζ
2385 4067 2557 4126 ΣΛΗ¹.
2589 4098 2661 4111 -
2693 4069 3000 4139 ΘΕΟΔΩΡῼ
3032 4064 3487 4136 ΣΧΟΛΔΣΤΙΚῼ.

1032 4166 1277 4237 Explicat
1307 4163 1570 4217 senarium
1601 4160 1973 4228 proverbialem
2010 4163 2074 4218 de
2103 4162 2389 4218 calumnia.
2422 4161 2656 4230 (Confer.
2694 4165 2845 4229 epist.
2874 4161 2998 4226 129,
3029 4158 3177 4229 £90.)

562 4262 774 4316 Dictum
818 4255 994 4314 illud:
1024 4272 1045 4309 ι
1092 4252 1345 4323 Iniurias,
1398 4250 1526 4306 dum
1575 4248 1805 4316 vixeris,
1842 4265 1938 4319 par
1980 4260 2065 4308 est

2242 4252 2339 4319 Τὸ,
2377 4271 2395 4304 ι
2442 4252 2530 4315 Ὠς
2552 4251 2618 4305 ἂν
2654 4251 2879 4324 βιώσῃς,
2905 4250 3285 4323 λοιδορηθῆναι
3330 4266 3393 4304 σε
3440 4249 3544 4316 δεῖ,
3594 4266 3615 4302 s
3664 4246 3737 4311 ὥς

1593 4362 1829 4418 VARUE
1867 4363 2249 4423 LECTIONES
2282 4365 2371 4419 ET
2409 4363 2643 4420 NOTAE.

559 4492 673 4565 (65)
702 4490 806 4565 Pro
848 4486 1183 4565 xgtaorﬁvat
1230 4483 1473 4540 scribunt
1506 4480 1668 4537 ambo
1699 4479 1860 4536 iidem
1902 4482 2063 4538 codd.

494 4558 840 4637 μεταστῆναι.
870 4558 1080 4637 Possim.

562 4633 675 4704 (64)
702 4620 1066 4704 Proverbialis
1090 4631 1393 4704 estmversns
1438 4620 1664 4704 Qbmrili
1704 4630 1879 4704 p_oetae_
1896 4659 1932 4704 ,_
1961 4635 2065 4674 non

496 4690 607 4758 tam
635 4690 799 4771 inepti
829 4711 990 4771 quam
1018 4695 1121 4761 Qu.
1153 4691 1346 4771 Eiacco
1378 4701 1463 4771 est
1492 4690 2066 4771 visum.‘Lau_datu_t-.a

498 4773 703 4835 multis,
726 4758 783 4825 'et
815 4758 1105 4822 advocatur
1126 4778 1154 4817 a
1179 4762 1457 4835 Clemente
1483 4760 1815 4835 Ale‘sand_._e_t
1837 4758 2068 4835 Eusebio

500 4842 593 4896 lib.
634 4827 701 4895 Ix.
728 4838 1026 4906 Prteparat.
1061 4830 1386 4906 evangelica,
1414 4838 1468 4906 et
1501 4846 1528 4881 a
1566 4828 1845 4906 Simplicio
1866 4827 2064 4906 ,ιη’-ιιι).

496 4927 592 4965 vui
618 4896 917 4964 Aristotelis
948 4896 1219 4970 Φυσικῇ·
1249 4897 1614 4970 ἀκροάσεως.
1644 4896 1911 4970 Διειιὶηῇ
1935 4896 2067 4970 item

532 4982 669 5034 oetis
694 4989 985 5047 expressus
1014 4965 1245 5033 locus,a
1280 4965 1345 5023 T'.
1377 4967 1664 5047 Lucretio,
1691 4976 1745 5021 et
1768 4966 1829 5021 P.
1852 4965 2064 5021 Ovidio.

522 5050 586 5104 Ile
617 5050 710 5103 lib.
744 5039 796 5102 t'v
824 5046 899 5099 De
927 5058 1101 5097 rerum
1134 5052 1349 5105 natura,
1377 5039 1430 5091 in
1462 5045 1707 5091 extremo
1743 5054 1758 5090 :

602 5137 793 5193 Nonne
820 5137 961 5189 uides
989 5135 1147 5186 etiam
1177 5139 1351 5200 guttas
1378 5130 1432 5181 in
1463 5142 1601 5200 saxa
1613 5126 1855 5181 cadentes

605 5206 884 5269 Humoris,
912 5204 1065 5271 longo
1094 5203 1150 5254 in
1180 5197 1354 5258 spatio
1380 5197 1689 5267 pertundere
1720 5212 1850 5251 saxa
1876 5210 1896 5250 :

494 5298 561 5354 Et
583 5297 676 5352 lib.
702 5312 719 5350 l
745 5311 760 5349 :

603 5384 854 5441 Stillicidi
882 5397 1035 5436 casus
1061 5378 1260 5448 lapides
1292 5384 1460 5431 cavat.

495 5476 638 5532 Naso
668 5484 795 5529 Vero
826 5473 917 5526 lib.
948 5487 997 5525 ιν
1026 5469 1099 5521 De
1125 5467 1258 5520 Pont
1286 5481 1302 5516 :

602 5564 763 5618 Gutta
793 5570 939 5615 cavat
966 5559 1214 5627 lapidem,
1249 5555 1574 5627 consumitur
1606 5553 1835 5627 annulus
1858 5571 1954 5611 usu
1974 5570 1995 5611 .°

602 5634 669 5686 Et
702 5632 885 5686 teritur
916 5624 1093 5698 pressa
1128 5635 1303 5680 venter
1330 5624 1565 5678 aduncus
1595 5624 1773 5677 humo.

2235 4482 2388 4550 Quod
2428 4496 2558 4536 vero
2592 4481 2681 4536 hic
2722 4480 2944 4551 subjieit
2975 4481 3214 4537 Isidorus
3249 4497 3264 4534 :
3299 4481 3442 4548 Quid
3480 4497 3613 4535 samo
3644 4484 3740 4535 du-

2164 4554 2616 4650 ri‘u'sliuidpqua
2640 4550 2850 4607 mollius
2870 4551 2896 4605 ?
2921 4552 3065 4608 idem
3086 4552 3167 4608 sic
3190 4552 3316 4607 alibi
3340 4562 3499 4621 poeta
3518 4552 3741 4608 Ovidius

2162 4631 2508 4759 3.5363329}.
2539 4699 2613 4743 est
2640 4689 2829 4742 durum
2850 4691 3023 4745 saxo?
3044 4690 3172 4758 quid
3213 4689 3422 4745 mollius
3447 4692 3594 4744 unda
3614 4693 3642 4746 1

2164 4759 2313 4813 Dura
2344 4769 2515 4812 tamen
2542 4760 2687 4812 molli
2719 4775 2852 4812 saxa
2878 4771 3134 4814 cavantur
3159 4776 3316 4828 aqua.

2174 4851 2386 4931 Etipse
2430 4848 2663 4903 Isidorus
2714 4848 2810 4903 lib.
2856 4865 2939 4931 nt,
2978 4853 3138 4921 epist.
3178 4850 3339 4931 1284.;
3380 4852 3443 4904 At
3478 4851 3637 4931 illud,
3670 4852 3743 4931 in—

2170 4923 2307 4989 quit,
2329 4935 2633 4989 persuasum
2660 4934 2769 4973 esse
2792 4922 3024 4989 cupiam,
3050 4923 3186 4988 quod
3215 4921 3431 4989 quidant
3448 4922 3742 4989 perhibuit:

2172 4988 2333 5058 aquas
2373 4988 2594 5056 levigare
2628 4988 2851 5056 lapides.
2883 4988 3125 5043 Tibullus
3154 4988 3244 5042 lib.
3275 5004 3313 5055 ι,
3343 4988 3484 5060 eleg.
3520 4991 3555 5043 ι
3584 5004 3606 5043 :

2171 5076 2299 5145 Ipsa
2327 5079 2437 5131 dies
2468 5077 2612 5131 molli
2642 5094 2771 5131 saxa
2795 5081 2993 5147 peredit
3024 5096 3180 5149 aqua.

2173 5165 2239 5219 Et
2267 5165 2542 5239 Plutarch.
2569 5180 2775 5239 comm.
2806 5166 2949 5239 Περὶ
2973 5167 3207 5239 παίδων
3238 5167 3482 5237 ἀγωγῆς
3502 5186 3517 5199 ·
3546 5172 3743 5239 Σταγό-

2173 5251 2263 5297 νες
2293 5234 2499 5287 ὑδάτων
2514 5237 2721 5300 πέτραν
2754 5236 3104 5290 κοιλαίνουσι.
3132 5234 3311 5291 ϐιαιιέ
3327 5234 3589 5300 aquarum
3618 5234 3743 5294 seu

2164 5305 2475 5383 cavant._De
2504 5304 2807 5383 svrsléxeta
2840 5320 2971 5360 voce
2995 5307 3061 5383 in
3078 5307 3274 5383 animae
3295 5309 3615 5364 deﬁnitione
3638 5314 3743 5365 dis-

2168 5375 2317 5443 serui
2346 5377 2561 5443 abunde
2614 5372 2980 5427 Tullianarum
3021 5373 3387 5440 Quwstionum
3437 5378 3533 5433 lib.
3582 5395 3658 5443 Iv,
3695 5394 3739 5432 ο.

2165 5443 2257 5507 21,
2298 5442 2370 5496 22
2416 5452 2471 5497 et
2516 5442 2605 5499 25.
2648 5443 2869 5497 Cbterili
2916 5454 3094 5497 autem
3148 5445 3283 5499 alios
3330 5461 3525 5501 versus
3571 5442 3743 5502 attulit

2167 5511 2334 5585 Hadr.
2372 5512 2656 5585 Turnebus
2694 5513 2785 5585 lib.
2833 5528 2887 5566 ix
2931 5514 3366 5585 4_doe_rsar_iorum
3392 5554 3408 5581 ,
3437 5530 3563 5585 cap.
3601 5519 3657 5580 9.
3693 5527 3741 5570 et

2176 5580 2246 5637 Μ.
2286 5582 2412 5637 Ant.
2445 5580 2682 5639 Muretus
2713 5581 2803 5638 lib.
2840 5597 2912 5637 an
2948 5580 3153 5636 Variar.
3185 5583 3328 5651 lect.,
3364 5600 3464 5650 cap
3511 5580 3620 5642 'M.
