3974 6144
313 278 447 346 1477

1253 280 1786 344 EPISTOLARUM
1823 281 1968 344 LIB.
2012 284 2084 346 ν.
2123 307 2194 318 -
2231 283 2472 343 EPIST.
2513 283 2753 347 CCXLI.

3407 277 3542 346 1478

309 395 617 464 γέγραφας,
645 389 745 445 ούκ
778 391 860 455 εἰς
897 391 1217 465 ἀποτροπὴν
1244 395 1446 466 ἀρετῆς
1489 395 1740 465 εἰρῆσθαι
1787 412 1873 449 νο-

1989 394 2110 465 pati,
2149 413 2167 446 ι
2214 411 2321 449 non
2364 395 2432 450 ad
2491 397 2827 450 avocandum
2876 408 2905 448 a
2951 393 3166 458 virtute,
3214 402 3272 448 ut
3301 395 3525 458 scribis,

313 483 533 552 μιστέον
557 498 573 516 ο
603 481 665 534 ού
695 482 803 552 γὰρ
827 483 912 536 ἵνα
941 485 1022 546 είς
1054 485 1258 539 κακίαν
1291 485 1580 556 βαδίσοιεν,
1616 486 1692 547 ώς
1718 484 1876 552 ἔφης,

308 575 358 624 οἱ
405 572 775 641 ἀκροώμενοι·
809 571 926 624 ἀλλ’
976 574 1063 626 ἵνα
1114 575 1197 637 είς
1249 575 1566 643 φιλοσοφίαν
1605 576 1880 644 ὲναχθεῖεν

307 662 546 732 εἴρηται.
583 663 658 714 Οὐ
687 664 792 734 γὰρ
817 665 1006 734 ἐπειδὴ
1031 665 1248 728 πάντως
1274 665 1651 736 λοιδορηθῆναι
1688 667 1881 720 δεῖκαὶ

305 750 398 802 τὸν
428 744 487 802 εὖ
524 749 762 818 βιοῦντα,
796 752 894 823 τὴν
926 754 1121 825 ἡδονὴν
1150 755 1394 825 αἱρετέον
1417 772 1430 786 ο
1470 756 1585 808 ἀλλ’
1621 756 1703 808 ὅτι
1742 757 1880 809 πάν-

305 845 412 903 τως
437 841 542 892 ὑπὸ
578 841 688 894 τῶν
725 845 980 915 πονηρῶν
1002 845 1130 907 τοὺς
1162 845 1418 916 ἀρίστους
1449 845 1881 915 κακηγορεῖσθαι

310 928 615 997 συμϐαίνει⁹
672 930 1080 1002 φιλοσοφητέον.
1136 934 1362 1005 Ἐῤῥέθη
1396 934 1504 1005 γὰρ
1541 935 1639 987 ούκ
1690 935 1768 997 είς
1819 935 1880 987 τὸ

320 1022 512 1086 φυγεῖν
540 1021 762 1092 ἀρετὴν,
789 1023 923 1076 ἀλλά
956 1024 1093 1093 πρὸς
1121 1024 1181 1076 τὸ
1206 1025 1332 1087 τοὺς
1363 1023 1660 1086 ἀσκοῦντας
1688 1023 1878 1094 αὐτὴν,

311 1107 706 1178 κακιζομένους
745 1111 1085 1180 φιλοσοφεῖν·
1118 1113 1145 1164 ὀ
1179 1113 1287 1182 γὰρ
1337 1113 1529 1180 φθόνος
1575 1113 1757 1175 αὐτοῖς
1788 1112 1881 1165 ἀν-

309 1199 797 1269 τιστρατευόμενος
831 1201 1214 1271 κωμῳδεῖσθαι
1243 1203 1440 1266 αὐτοὺς
1475 1203 1730 1266 πολλάκις
1775 1203 1878 1257 πά·-

313 1287 658 1357 ρασκευάζει.
699 1291 952 1360 Ἀμεινον
984 1286 1098 1358 οὖν,
1153 1290 1202 1343 εί
1236 1291 1451 1355 πάντως
1504 1291 1879 1362 λοιδορηθῆναι

310 1378 412 1446 δεῖ,
440 1379 640 1444 ἀδίκως
681 1373 828 1433 τοῦθ’
861 1383 1184 1453 ὑπομεῖναιο
1217 1383 1279 1436 τὸ
1321 1383 1428 1451 γὰρ
1465 1383 1710 1448 δικαίως,
1765 1386 1879 1445 τοῖς

310 1473 569 1540 πονηροῖς
599 1470 879 1540 πρόσεστι.

858 1576 1023 1630 me.
1062 1606 1131 1617 —
1159 1578 1405 1650 ΠΕΤΡῼ.

1983 497 2302 556 usurpatum
2340 502 2466 543 esse
2488 486 2910 542 existimandum
2944 496 3027 541 est
3060 503 3072 538 :
3108 501 3281 554 neque
3308 495 3367 539 ut
3412 486 3542 540 illud

1984 577 2292 643 audientes,
2332 579 2410 633 uti
2432 578 2641 641 aiebas,
2666 576 2887 631 malitia:
2909 590 3032 631 sese
3057 577 3272 642 dedant,
3313 577 3408 631 sed
3448 591 3544 644 po-

1983 665 2088 721 tius
2119 676 2180 722 ut
2206 669 2273 722 ad
2303 668 2731 737 philosophicam
2759 680 2820 721 se
2864 666 3148 720 conferant
3178 667 3372 729 vitam,
3421 666 3544 720 ideo

1983 757 2208 812 dictum.
2255 756 2371 812 Non
2431 757 2576 812 enim
2621 756 2747 827 quia
2786 756 3005 810 omnino
3056 755 3313 810 conviciis
3351 754 3542 823 impeti

1988 853 2202 913 Oportet
2250 855 2400 899 recte
2440 846 2701 910 viventes,
2746 845 2993 914 voluptas
3034 854 3117 900 est
3151 843 3541 912 amplectenda,

1985 934 2077 988 sed
2106 934 2234 1002 quia
2263 933 2330 987 ab
2353 933 2613 1003 improbis
2637 934 2871 1003 optimos
2895 935 3132 989 accusati
3167 933 3384 987 omnino
3416 947 3547 987 con-

1990 1022 2170 1092 tingit,
2201 1023 2692 1093 philosophandum
2722 1032 2824 1078 est.
2865 1025 3074 1078 Dictum
3113 1023 3256 1078 enim
3297 1033 3401 1090 est,
3437 1037 3544 1077 non

1996 1123 2056 1165 ut
2084 1115 2256 1167 virtus
2284 1112 2541 1184 fugiatur,
2576 1114 2668 1168 sed
2701 1123 2760 1167 ut
2785 1127 2902 1167 eam
2929 1123 3246 1169 exercentes
3276 1113 3413 1168 male
3440 1127 3548 1167 ac-

1980 1206 2124 1273 cepti
2155 1204 2872 1276 philosophentur.,lnvidia
2915 1206 3058 1259 enim
3095 1219 3191 1259 eos
3230 1219 3548 1274 Oppugnnns

1980 1294 2112 1350 facit
2137 1312 2247 1351 non
2289 1312 2438 1361 raro,
2469 1306 2527 1350 ut
2559 1295 3052 1365 reprehendantur.
3097 1293 3324 1349 Praestat
3361 1297 3546 1362 itaque

1979 1387 2024 1440 si
2056 1387 2321 1441 conviciis
2350 1388 2571 1442 omnino
2610 1387 2830 1441 obnoxii
2860 1401 3068 1449 sumus,
3099 1385 3298 1452 injuste
3341 1385 3394 1439 id
3425 1400 3546 1454 per-

1979 1477 2111 1545 peti.
2173 1475 2330 1530 Juste
2373 1478 2516 1531 enim
2568 1477 2912 1544 reprehendi,
2961 1476 3214 1530 convenit
3266 1476 3545 1545 improbis.

2401 1579 2735 1635 CCXXXIX.
2766 1609 2837 1619 —
2877 1578 3125 1634 PETRO.

1112 1667 1348 1722 Hamus
1375 1677 1469 1721 aut
1497 1684 1561 1722 ea:
1581 1667 1883 1732 ambitione,
1917 1680 2006 1724 aut
2027 1687 2089 1724 ea:
2108 1672 2394 1738 pertinacia
2426 1683 2730 1727 nascuntur.
3539 1741 3542 1744 ξ

385 1775 457 1826 Ἢ
504 1774 570 1826 ἐκ
617 1774 927 1844 φιλαρχίας,
960 1768 1134 1844 οἶμαι,
1183 1775 1216 1844 ἢ
1271 1775 1336 1827 ἑκ
1387 1774 1731 1846 προλήψεως,
1787 1774 1882 1829 δύο

2053 1780 2130 1834 Ex
2165 1781 2477 1834 dominandi
2532 1780 2776 1848 libidine,
2816 1790 2869 1836 et
2913 1790 3239 1850 prazsumpta
3272 1780 3547 1850 opinione,

309 1865 824 1932 δυσκαταγωνίστων
844 1864 1053 1932 παθῶν,
1084 1866 1182 1928 τάς
1207 1866 1450 1936 αἱρέσεις
1470 1865 1718 1936 τετέχθαι
1745 1866 1876 1938 (65)·

313 1958 377 2007 Ul
409 1956 511 2024 μὲν
539 1954 648 2025 γὰρ
691 1958 746 2007 ὲν
775 1958 889 2018 τοῖς
917 1955 1176 2025 ὑπηκόοις
1209 1956 1284 2026 μὴ
1327 1955 1656 2020 ἀξιώσαντες
1701 1953 1843 2011 εἶναι
1865 1997 1882 2024 ,

313 2045 364 2096 οἱ
389 2045 445 2096 δὲ
477 2044 614 2114 μετά
653 2044 713 2097 τὸ
756 2045 1153 2116 προληφθῆναι,
1186 2045 1495 2116 διδαχθῆναι
1545 2045 1620 2116 μὴ
1654 2047 1882 2100 καταδε-

317 2131 560 2203 ξάμενοι,
612 2134 880 2204 νεωτέρας
925 2135 1273 2198 διδασκαλίας
1328 2137 1620 2206 σπέρματα
1657 2137 1884 2189 καταϐε-

316 2225 566 2294 ϐλήκασι,
592 2227 703 2289 τοῖς
729 2224 1119 2296 καθεστηκόσιν
1149 2226 1407 2296 ἐμμεῖναι
1433 2227 1508 2298 μὴ
1529 2226 1875 2292 ἀξιώσαντες.

595 2424 726 2480 2w.
754 2454 823 2465 —
850 2425 1062 2495 NEIAQ
1100 2425 1558 2496 ΣΧΟΛΑΣΤΙΚῼ.

1986 1868 2193 1924 duabus
2219 1884 2361 1938 aegre
2388 1872 2638 1940 superari
2667 1871 2846 1926 solitis
2869 1870 3266 1936 affectionibus,
3308 1872 3546 1926 hareses

1985 1969 2127 2012 natae
2154 1969 2300 2014 sunt.
2355 1959 2634 2030 Siquidem
2671 1963 2869 2031 partim
2922 1962 3150 2029 subjecti
3201 1977 3321 2016 esse
3368 1962 3549 2016 detre-

1985 2057 2218 2113 ctantes,
2270 2050 2466 2118 partim
2518 2065 2652 2105 vero
2703 2060 2824 2120 post
2864 2060 3291 2119 praeoccupatam
3331 2049 3547 2119 opinio-

1984 2152 2108 2191 nem
2145 2138 2560 2192 instructionem
2593 2150 2934 2210 respuentes,
2972 2155 3126 2194 novae
3159 2140 3423 2195 doctrinae
3464 2154 3551 2195 se-

1999 2229 2141 2281 mina
2188 2226 2418 2294 jaciunt,
2466 2239 2782 2285 recusantes
2823 2231 2991 2285 semel
3034 2239 3183 2286 recte
3230 2230 3543 2285 constitutis

1983 2319 2251 2374 inhmrere
2280 2320 2639 2390 dogmatibus.

2256 2426 2457 2484 CCXL.
2483 2457 2556 2468 -—
2585 2427 2743 2484 NlLO
2774 2429 3267 2485 SCHOLASTICO.

948 2514 1204 2569 Virtutem
1226 2514 1482 2568 doctrinm
1500 2515 1844 2584 jungendum.
1877 2512 2039 2569 Fides
2068 2524 2114 2568 et
2155 2531 2331 2584 opera.
2369 2516 2551 2587 (Supr.
2583 2519 2732 2586 epist.
2773 2511 2919 2587 162.)

386 2621 603 2694 Τυφλδς
634 2623 734 2695 μὲν
763 2625 792 2679 ὁ
819 2625 927 2678 τῶν
959 2623 1168 2695 ἀρετῶν
1195 2624 1375 2696 χορὸς,
1419 2623 1582 2694 ὀρθοῦ
1627 2626 1701 2695 μὴ
1745 2625 1877 2678 καθ-

317 2715 625 2786 ηγουμένου
659 2716 961 2786 δόγματος⁸
1001 2715 1168 2786 ἀργὸν
1212 2716 1269 2768 δὲ
1313 2716 1407 2768 καὶ
1450 2715 1510 2767 τὸ
1538 2715 1696 2787 ὀρθὸν
1739 2716 1876 2768 καθ-

321 2807 458 2876 ηγού
467 2823 627 2876 μενον
641 2807 837 2878 δόγμα,
858 2809 905 2859 εἰ
926 2809 954 2860 ὸ
969 2807 1077 2860 τῶν
1094 2807 1302 2876 ἀρετῶν
1322 2805 1482 2877 χορὸς
1506 2805 1880 2874 ἀπολειφθείη·

318 2898 369 2949 ει
394 2897 451 2949 δὲ
488 2898 548 2950 τὸ
583 2898 682 2967 μὲν
706 2900 999 2969 κορυφαῖον
1028 2897 1366 2967 ταξιαρχοίη,
1415 2899 1471 2949 ai
1497 2897 1553 2950 δὲ
1582 2895 1878 2967 χορεύοιεν,

318 2990 484 3042 παντὶ
512 2989 698 3060 τρόπῳ
748 2992 776 3043 ὁ
807 2991 967 3062 χορὸς
997 2989 1375 3060 στεφθήσεται,
1409 2987 1484 3052 ὡς
1519 2989 1765 3056 νομίμως
1791 2987 1882 3040 τὸν

316 3078 506 3148 ἀγῶνα
533 3079 756 3144 διαθείς.

807 3189 986 3242 ΣΜΑθ.
1024 3215 1095 3228 -
1129 3187 1216 3256 Tn
1252 3186 1455 3256 ΔΥΤῼ.

2054 2622 2244 2678 Caecus
2269 2625 2485 2693 quidem
2514 2635 2595 2680 est
2618 2627 2878 2682 virtutum
2923 2628 3122 2682 chorus
3149 2641 3253 2681 non
3283 2638 3430 2682 recta
3454 2628 3553 2683 do-

1986 2714 2161 2767 ctrina
2203 2716 2431 2770 imbuto.
2484 2715 2673 2772 Otiosa
2714 2718 2953 2772 vicissim
3001 2727 3151 2772 recta
3201 2719 3447 2772 doctrina
3485 2735 3551 2773 ea

1989 2802 2260 2868 instituto,
2301 2803 2403 2856 nisi
2439 2805 2700 2859 virtutum
2736 2805 2961 2860 chorum
2989 2805 3297 2859 comitetur.
3325 2806 3382 2860 Si
3413 2821 3546 2860 vero

1990 2894 2234 2947 doctrina
2269 2895 2496 2948 chorum
2534 2896 2699 2949 veluti
2752 2896 2949 2959 ducat,
2985 2895 3322 2963 virtutesque
3359 2895 3550 2949 subse-

1989 2995 2248 3053 quantur,
2279 2987 2470 3054 quavis
2503 2987 2713 3041 ratione
2741 2988 2943 3041 chorus
2972 2987 3345 3053 coronabitur,
3373 2997 3431 3042 ut
3468 2987 3545 3042 le-

1913 3058 1960 3119 C
1989 3076 2176 3146 gitime
2203 3085 2421 3146 peracto
2442 3077 2760 3131 certamine.

2473 3184 2698 3241 CCXLI.
2736 3216 2806 3225 —
2836 3185 3072 3240 EIDEM.

702 3302 863 3355 Deum
889 3316 992 3353 non
1019 3299 1172 3353 modo
1199 3299 1539 3364 adulterium,
1572 3298 1664 3352 sed
1692 3297 2106 3367 fornicationem,
2143 3306 2192 3352 et
2223 3314 2372 3353 omne
2400 3298 2719 3367 impuritatis
2741 3313 2902 3366 genus
2931 3298 3167 3353 vetuisse.

393 3426 458 3481 Εἰ
494 3427 589 3481 καὶ
621 3424 784 3488 αὐτὸς
809 3425 981 3496 αἰτιᾷ,
1011 3422 1127 3476 ἀλλ’
1155 3423 1264 3492 ἐγὼ
1310 3437 1414 3477 καν
1464 3423 1637 3494 τούτῳ
1687 3423 1882 3494 κομιδῇ

320 3516 532 3586 ἄγαμαι
550 3516 642 3569 τοῦ
671 3515 963 3585 νομοθέτου
990 3512 1090 3583 τὴν
1121 3513 1330 3582 σοφίαν,
1366 3513 1448 3566 ὅτι
1479 3515 1544 3566 ἐκ
1572 3512 1768 3566 πολλοῦ
1789 3511 1882 3565 τοῦ

319 3605 603 3676 περιόντος
665 3603 765 3667 τὰς
830 3600 1119 3669 ἀσελγείας
1176 3599 1581 3670 ὲξοστρακῑσαι,
1635 3602 1728 3654 καὶ⁵
1786 3601 1885 3665 τάς

318 3696 651 3756 ἀκολάστους
699 3692 923 3762 γνώμας
973 3691 1273 3763 χαλινῶσαι
1323 3692 1621 3763 προῄρητο.
1667 3693 1726 3745 ’0
1775 3692 1884 3762 γὰρ

318 3789 423 3857 τὴν
460 3784 715 3838 ἀκούσιον
752 3782 997 3852 ἔκκρισιν
1031 3782 1279 3852 μολύνειν
1315 3782 1749 3852 ἀποφηνάμενος,
1781 3782 1881 3851 τὴν

319 3875 572 3929 ἑκούσιον
600 3869 796 3942 πρᾶξιν
825 3869 1003 3940 πολλῷ
1039 3871 1238 3941 μᾶλλον
1259 3872 1626 3942 ἀπηγόρευσε.
1658 3869 1746 3940 Τῷ
1775 3871 1880 3941 γὰρ

319 3965 421 4036 τὴν
444 3962 742 4032 ἀϐούλητον
768 3960 942 4031 ῥύσιν,
966 3961 1062 4032 τὴν
1093 3963 1229 4033 μήτε
1253 3962 1555 4033 ἁμάρτημα
1585 3960 1883 4030 τυγχάνου-

318 4073 447 4121 σαν,
486 4055 622 4127 μήτε
671 4053 775 4106 ὑπὸ
811 4054 1076 4124 τιμωρίαν
1115 4055 1377 4123 ἄγουσαν,
1425 4054 1698 4124 μολυσμὸν
1740 4048 1880 4107 εἶναι

315 4149 519 4217 φῆσαι,
544 4145 638 4198 καὶ
692 4144 1004 4216 καθαρσίων
1035 4146 1284 4211 ἀξιῶσαι,
1317 4147 1378 4199 τὸ
1425 4145 1668 4199 ἑκούσιον
1696 4145 1881 4214 πλημ-

320 4238 546 4308 μέλημα
581 4235 780 4305 μᾶλλον
819 4235 1146 4294 ἀνέστειλεν.
1186 4236 1401 4307 Ἐπειδὴ
1421 4238 1478 4290 δὲ
1505 4238 1602 4306 τὴν
1638 4236 1881 4306 μοιχείαν

2059 3424 2175 3479 Etsi
2205 3424 2320 3493 ipse
2360 3422 2750 3493 reprehendas,
2778 3437 2876 3493 ego
2913 3439 3041 3479 vero
3079 3424 3241 3478 etiam
3269 3422 3544 3495 legislatu-

1986 3516 2062 3570 ris
2087 3516 2180 3569 Dei
2205 3515 2528 3586 sapientiam
2560 3515 2916 3570 vehementer
2941 3516 3204 3581 admiror,
3232 3519 3376 3586 quod
3408 3533 3435 3570 a
3464 3520 3550 3574 vi-

1987 3607 2124 3661 vidis
2165 3607 2474 3661 hominibus
2537 3604 2827 3675 proﬂigare
2881 3605 3136 3662 libidines
3205 3616 3259 3661 et
3314 3594 3550 3664 lascivas

1986 3705 2197 3751 mentes
2223 3696 2378 3750 freno
2404 3708 2659 3750 coercere
2679 3695 2953 3750 maluerit.
2991 3695 3356 3753 Pronuntians
3383 3699 3547 3753 etiam

1988 3788 2407 3842 involunlariam
2455 3788 2886 3841 exsecrationem
2937 3788 3228 3857 inquinare
3259 3829 3274 3854 ,
3329 3791 3552 3844 damnat

1987 3879 2160 3933 multo
2195 3877 2366 3947 magis
2399 3877 2765 3931 voluntariam
2799 3877 3094 3931 actionem.
3131 3877 3263 3932 Cum
3293 3881 3438 3935 enim
3466 3881 3549 3935 in-

1989 3969 2357 4023 voluntarium
2389 3967 2614 4033 ﬂuxum,
2645 3967 2738 4035 qui
2769 3976 2824 4021 et
2852 3967 2970 4021 sine
2999 3981 3222 4037 peccato
3263 3970 3340 4034 lit,
3373 3977 3548 4041 neque

1990 4062 2062 4117 sit
2087 4075 2260 4130 poena:
2293 4059 2586 4123 obnoxius,
2633 4058 2982 4127 pollutionem
3031 4073 3154 4114 esse
3193 4060 3352 4128 dixit,
3386 4075 3548 4130 opus-

1986 4164 2093 4221 que
2127 4148 2444 4220 purgatione
2473 4147 2704 4214 censuit,
2745 4146 2902 4214 longe
2939 4146 3140 4215 justius
3185 4150 3547 4204 voluntarium

1989 4239 2189 4308 repulit
2237 4238 2517 4292 delictum.
2562 4236 3013 4305 Quandoquidem
3050 4251 3178 4291 vero
3225 4239 3548 4296 adulterium

319 4329 493 4398 μόνην
527 4327 782 4397 ἐνόμισας
823 4326 988 4380 αὐτὸν
1014 4328 1470 4398 ἀπηγορευκέναι,
1499 4327 1672 4390 δοκεῖς
1726 4343 1815 4396 μοι
1847 4324 1881 4396 ἢ

1991 4333 2252 4385 duntaxat
2284 4329 2454 4386 Deum
2485 4330 2748 4384 damnare
2774 4328 3078 4396 existimas,
3106 4330 3308 4385 videris
3333 4341 3425 4386 aut
3444 4348 3549 4388 non

323 4421 401 4492 μὴ
432 4421 793 4488 ἀνεγνωκέναι
822 4418 882 4471 τὸ
911 4419 1344 4490 Δευτερονόμιον,
1375 4419 1406 4488 ἢ
1445 4418 1522 4489 μὴ
1546 4418 1880 4488 νενοηκέναι,

318 4512 501 4565 καίτοι
569 4510 755 4579 σαφῶς
802 4509 1086 4578 κείμενον·
1161 4527 1180 4562 ι
1229 4510 1343 4563 Οὐκ
1389 4510 1540 4562 ἔσται
1582 4509 1711 4578 γὰρ,
1753 4508 1880 4578 ἔφη,

320 4603 519 4673 πόρνος
557 4601 666 4654 ἀπὸ
705 4599 836 4654 υἱῶν
879 4598 1115 4670 Ἰσραὴλ,
1144 4599 1238 4653 καὶ
1269 4599 1369 4652 οὐκ
1398 4597 1550 4650 ἔσται
1583 4597 1755 4667 πόρνη
1777 4595 1885 4650 ἀπὸ

322 4691 637 4763 θυγατέρων
678 4689 912 4760 Ἰσραήλ.
940 4709 957 4742 ι
988 4691 1050 4743 El
1080 4691 1184 4761 γὰρ
1207 4690 1302 4743 καὶ
1326 4688 1681 4760 χαλεπωτέρα
1707 4687 1886 4757 πολλῷ

319 4786 356 4852 ἠ
383 4783 593 4852 μοιχεία
610 4783 705 4851 τῆς
725 4782 1001 4851 πορνείας,
1025 4781 1119 4835 καὶ
1141 4780 1468 4851 συγγνώμης
1501 4778 1720 4850 μείζων,
1753 4778 1888 4832 ἀλλά

325 4874 420 4924 καὶ
440 4875 472 4942 ἠ
496 4874 719 4942 πορνεία
740 4872 1019 4943 τιμωριῶν
1040 4872 1181 4939 ἀξία,
1205 4873 1253 4924 εἰ
1279 4871 1544 4924 καὶτοῦτο
1562 4873 1675 4932 τοῖς
1693 4869 1890 4933 ἔξωθεν

325 4962 662 5031 νομοθέταις,
694 4964 793 5015 οὐκ
817 4959 910 5015 οἷδ’
937 4964 1105 5027 ὅπως,
1138 4963 1583 5033 παραλέλειπται.
1619 4962 1743 5022 Τοῖς
1784 4962 1890 5030 γὰρ

327 5052 502 5124 ὀρθῶς
531 5052 706 5121 βιοῦσι
735 5054 1100 5124 καθαρευτέον
1125 5055 1219 5108 καὶ
1237 5054 1343 5107 ἀπὸ
1362 5053 1562 5124 ταύτης
1578 5069 1592 5082 ·
1619 5072 1636 5104 ι
1659 5051 1889 5122 Πορνεία

324 5147 452 5216 γὰρ,
488 5147 618 5217 φησι
644 5146 1035 5213 ὁδ’Λπόστολος,
1058 5147 1151 5200 καὶ
1177 5145 1483 5214 ἀκαθαρσία
1518 5144 1651 5215 μηδὲ
1689 5145 1890 5212 ὀνομα-

325 5235 500 5298 ζέσθω
544 5238 600 5288 ὲν
648 5237 795 5306 ὑμῖν,
828 5238 1007 5302 καθὼς
1041 5238 1240 5309 πρέπει
1281 5237 1475 5306 ἁγίοις.
1519 5254 1536 5285 ι
1579 5234 1691 5288 Καὶ
1727 5234 1888 5286 πάλιν

386 5414 434 5448 ⁸⁹
460 5414 618 5468 Deut.
654 5425 814 5472 χχιιι,
847 5410 927 5466 l7.

1987 4422 2183 4491 legisse
2230 4420 2710 4485 Deuteronomim,
2761 4427 2856 4472 aut
2911 4434 3016 4472 non
3067 4419 3387 4475 intellixisse
3442 4431 3548 4475 tam

1989 4514 2134 4568 clare
2163 4513 2266 4567 hoc
2297 4511 2727 4580 pronuntiatum.
2749 4509 2908 4580 633
2942 4518 2970 4560 (
3003 4510 3122 4564 Non
3152 4513 3258 4565 erit
3288 4513 3547 4565 meretrix

1991 4605 2058 4659 de
2087 4604 2300 4658 ﬁliabus
2328 4603 2516 4668 Israel,
2543 4610 2635 4656 aut
2679 4611 2951 4655 scortator
2982 4601 3049 4657 de
3077 4602 3201 4656 ﬁliis
3223 4600 3390 4656 Israel
3421 4602 3487 4654 ⁸⁸.
3530 4621 3547 4652 ι

1993 4696 2107 4751 Etsi
2157 4697 2300 4750 enim
2351 4695 2527 4765 majus
2571 4693 2832 4763 ﬂagitium
2871 4702 2957 4748 est
2990 4695 3340 4758 adulterium,
3390 4709 3553 4762 quam

1993 4786 2308 4850 fornicatio,
2337 4794 2390 4840 et
2432 4786 2589 4839 venia
2616 4784 2833 4852 gravius
2865 4783 2956 4847 sit,
3009 4783 3123 4836 haec
3161 4793 3341 4836 tamen
3391 4797 3552 4851 pcena

1989 4893 2206 4947 quoque
2258 4877 2426 4946 digna
2481 4886 2586 4941 est,
2619 4874 2864 4942 quamvis
2920 4885 3134 4942 poenam
3182 4873 3368 4927 nescio
3420 4889 3554 4942 quo-

1993 4972 2152 5023 modo
2178 4968 2226 5021 ei
2279 4982 2382 5021 non
2416 4964 2849 5034 przescripserint
2888 4964 3125 5032 gentium
3185 4961 3551 5032 legislatores.

1993 5057 2162 5112 Recte
2193 5059 2336 5111 enim
2368 5057 2614 5110 viventes
2643 5054 2709 5106 ab
2734 5053 2837 5106 hac
2859 5066 3024 5120 puros
3051 5067 3109 5106 se
3139 5052 3376 5121 praabere
3404 5066 3556 5120 opor-

1999 5156 2071 5200 tet
2105 5163 2120 5199 :
2159 5163 2176 5196 ι
2223 5143 2552 5206 Fornicatio,
2585 5142 2760 5209 inquit
2786 5140 3097 5211 Apostolus,
3128 5150 3184 5195 et
3225 5140 3401 5195 omnis
3447 5142 3550 5192 im-

1994 5236 2252 5291 munditia
2288 5249 2354 5289 ne
2380 5232 2693 5290 nominetur
2724 5233 2942 5302 quidem
2976 5233 3028 5287 in
3069 5232 3220 5288 vobis
3244 5271 3260 5296 ,
3291 5231 3428 5287 sicut
3460 5230 3551 5284 de»

1420 5495 1649 5551 VARUE
1690 5494 2073 5552 LECTIONES
2112 5495 2198 5548 ET
2234 5495 2463 5552 NOTAE.

406 5641 508 5711 (65)
551 5639 654 5696 Pro
700 5643 944 5713 τετέχθαι
996 5648 1172 5717 legunt
1219 5647 1432 5702 codices
1481 5643 1638 5697 iidem
1678 5639 1952 5710 τετάχθαι.
1979 5637 2189 5692 Possm.
