3974 6144
313 284 444 353 1431

1142 272 1676 345 EPISTULARUM
1713 269 1858 330 LIB.
1901 266 1970 326 V.
1997 289 2066 300 -
2101 253 2518 326 EPISTLCCL.

3393 243 3538 306 .1482

307 406 414 458 οὐκ
441 400 724 472 ἐρυθριᾷς,
748 395 840 460 οὓς
876 394 1084 459 ζῶντας
1130 391 1479 453 ἐκολάκευες,
1510 385 1730 447 τούτους
1789 399 1873 435 τε·
1902 415 1904 450 ξ

1992 377 2289 438 ιτυιιεεοοε,
2320 373 2512 443 quibus
2549 351 2850 422 vitiantibus
2896 359 3099 415 adulari
3140 356 3369 422 solebas,
3415 369 3540 412 cos-

309 491 616 554 λευτιῖητας
638 482 986 556 κακηγορῶνσ

626 587 796 647 ΣΜΖι.
837 617 906 633 -
933 587 1167 642 ιΕΡΑιςι
1198 584 1506 655 omnem

382 799 444 850 Ei
479 784 724 867 ἀκριϐῶς
749 791 1062 856 ἐπίστασαι,
1092 786 1227 859 ὅπερ
1257 787 1352 842 καὶ
1371 783 1567 857 ἀληθές
1595 785 1734 847 ἐστι,
1766 779 1874 867 κάν

309 889 361 940 οἱ
396 866 630 958 ῥᾴθυμοι
665 879 1158 952 παραγράψωνται,
1184 876 1266 930 ὅτι
1302 875 1335 945 ἡ
1361 873 1458 944 μὲν
1490 867 1754 925 ἀκολασία
1778 866 1874 958 atde

311 957 468 1031 λασιν
496 975 698 1039 estw,
740 975 774 1044 ἠ
803 972 859 1026 δὲ
895 969 1087 1040 ἁγνεία
1131 964 1441 1035 ἁγιωσύνης
1485 961 1770 1030 στέφανον’·
1803 957 1878 1010 δι’

313 1071 380 1140 ἢν
402 1067 579 1122 αἰτίαν
605 1065 824 1127 διώκεις
853 1061 956 1132 μὲν
979 1060 1046 1131 ἢν
1084 1056 1309 1128 φεύγειν
1331 1052 1459 1125 χρὴ,
1484 1050 1704 1121 φεύγεις
1727 1048 1784 1102 δέ
1812 1046 1879 1116 ἢν

311 1159 528 1214 διώκειν
563 1157 718 1226 θέμις
740 1173 756 1218 ς
1157 1151 1160 1154 ’

808 1263 991 1317 mnu
1026 1290 1096 1302 —
1118 1257 1372 1328 ΠΑΥΛῼ.

1976 468 2096 524 dem
2133 467 2240 520 vita
2272 463 2486 518 l'uuctos
2509 454 2849 516 calumniari.

2237 567 2536 627 GCXL'VII.
2564 593 2636 612 --
2664 560 2938 622 HIERACI
2970 555 3284 616 DIACONO.

1642 660 1918 740 Fugienait
1939 669 2101 724 iibido
2113 677 2222 722 est.-

2049 777 2108 832 Si
2139 783 2283 830 recte
2323 769 2752 840 astirnes,-quod
2801 774 3074 822 et-verum
3101 772 3210 828 est,
3236 763 3336 816 etsi
3366 760 3546 831 ignavi

1977 866 2293 936 exceptione
2321 864 2693 924 submoveant,
2718 857 2880 913 libido
2903 869 3117 926 pernam
3145 852 3350 924 gignit;
3380 851 3543 905 casti-

1981 967 2063 1012 tas
2085 951 2666 1010 contra-sanctimonia:
2714 949 2863 1020 parit.
2900 960 3204 1002 coronam:
3233 958 3331 998 cur
3364 942 3545 1008 itaque

1982 1045 2234 1115 fugiertd'a
2287 1040 2817 1112 consectaria/fugis
2857 1048 3048 1094 contra
3075 1045 3196 1106 quin
3243 1033 3549 1090 consectari
3581 1039 3586 1042 '

1985 1149 2195 1205 mquum
2222 1134 2343 1190 est?
2863 1125 2866 1128 ’

2408 1237 2726 1298 CCXLVIII.
2761 1269 2836 1281 —-
2889 1235 3140 1294 PAULO.

1169 1349 1249 1402 De
1276 1355 1412 1400 metu
1433 1344 1531 1399 Dei
1552 1351 1603 1396 et
1635 1338 1920 1397 hominum.
1947 1335 2178 1406 (Confer.
2204 1336 2353 1405 epist.
2378 1333 2420 1388 3
2441 1333 2528 1387 lib.
2561 1335 2660 1402 tv.)

389 1464 655 1526 Πολλάκις
677 1460 798 1514 κατ’
833 1456 1067 1528 ἐμαυτὸν
1097 1454 1314 1518 ἐννοῶν,
1339 1452 1456 1515 πῶς
1477 1453 1505 1504 ὁ
1531 1447 1640 1502 τῶν
1673 1445 1878 1518 ἀνθρώ-

317 1571 436 1608 ¹ιιων
469 1553 632 1623 φόϐος
681 1549 774 1604 τοῦ
819 1549 963 1602 θείου
1013 1545 1161 1601 ἐστὶν
1217 1543 1582 1616 ἰσχυρότερος,
1613 1538 1708 1593 καὶ
1743 1536 1877 1608 μηδέ

2051 1444 2434 1514 Saepenumero
2495 1455 2703 1496 mecum
2775 1439 2889 1508 ipse
2949 1437 3204 1508 cogitavi,
3275 1434 3552 1506 quomodo‘

1980 1544 2225 1591 metuere
2255 1534 2527 1589 soleamus
2557 1533 2805 1587 homines
2854 1529 3119 1585 valentius
3147 1543 3308 1598 quam
3340 1525 3543 1582 Deum:

317 1644 414 1714 τὴν
447 1618 655 1698 ἔννοιαν
678 1639 779 1710 τῆς
812 1639 1044 1703 ἀτοπίας
1074 1636 1288 1709 χωρῶν,
1322 1634 1762 1702 κατεγίγνωσκον
1779 1629 1880 1699 τῆς

1992 1633 2035 1678 et
2053 1625 2316 1679 rationem
2345 1622 2634 1678 absurdam
2656 1635 2762 1676 non
2787 1619 3270 1689 comprehenderis,
3299 1618 3547 1673 damnavi

318 1736 543 1790 ἀλέκτου
578 1731 870 1804 ῥᾳθυμίας.
917 1731 1055 1793 Τοὺς
1091 1730 1187 1800 μὲν
1213 1727 1320 1799 γὰρ
1355 1724 1753 1792 δυνατωτέρους
1785 1721 1880 1775 κα)⁸

319 1827 640 1898 ὑϐρίζοντας
691 1824 930 1895 φέρομεν
980 1823 1118 1890 μετά
1164 1818 1461 1882 ἐπιεικείας
1516 1816 1736 1887 πολλῆς,
1784 1814 1878 1868 τοῦ

318 1915 483 1983 φόϐου
524 1914 644 1968 ἀντὶ
676 1911 892 1984 χαλινοῦ
927 1909 1233 1981 γινομένου,
1272 1909 1368 1962 καὶ
1407 1905 1717 1976 περαιτέρω
1750 1919 1881 1974 προ-

316 2005 476 2074 ϐῆναι
505 2005 578 2075 μὴ
608 2003 993 2073 ἐπιτρέποντος
1015 2017 1028 2031 ⁸
1066 2001 1201 2071 πρὸς
1228 1999 1285 2052 δέ
1313 1999 1438 2060 τοὺς
1459 1995 1880 2064 ἀσθενεστέρους

321 2093 457 2164 μηδὲ
479 2093 850 2162 λελυπηκότας
874 2087 1306 2160 ἀπεχθανόμεθα,
1326 2087 1502 2141 καίτοι
1527 2083 1619 2138 τοῦ
1643 2081 1878 2154 Χριστοῦ

319 2182 874 2253 παρακελευσαμένου
903 2197 917 2213 ⁸
954 2199 974 2231 ε
1011 2181 1102 2250 Μὴ
1149 2178 1375 2250 ὀργίζου
1416 2171 1494 2247 τῷ
1532 2175 1745 2246 ἀδελφῷ
1786 2191 1880 2227 σου

320 2268 462 2336 είκῆ.
507 2285 526 2317 ι
566 2267 740 2338 Ὅπερ
765 2267 940 2337 πολλῷ
976 2269 1122 2319 ἐστιν
1153 2264 1516 2336 εὐκολώτερον
1553 2264 1648 2316 τοῦ
1697 2263 1881 2333 φέρειν

318 2355 506 2426 ἕτερον
538 2354 892 2426 ὑϐριζόμενον
920 2354 1068 2422 εἰκῆ.
1111 2351 1259 2406 Ἐκεῖ
1309 2352 1406 2423 μὲν
1432 2352 1541 2422 γὰρ
1592 2350 1760 2421 πολλὴ
1783 2348 1877 2402 τοῦ

321 2445 493 2515 πυρὸς
528 2447 562 2516 ἠ
588 2444 710 2515 ὕλη,
744 2444 974 2498 ἐνταῦθα
1016 2443 1073 2496 δὲ
1105 2442 1238 2511 ὕλης
1275 2441 1349 2513 μὴ
1381 2440 1748 2510 ὑποκειμένης
1780 2439 1879 2509 τὴν

319 2535 496 2603 ,φλόγα
519 2535 830 2602 ἀνάπτομεν
856 2550 868 2563 ·
898 2533 996 2585 οὐκ
1021 2532 1135 2584 ἐστι
1160 2531 1218 2584 δέ
1264 2530 1450 2602 ἐτέρου
1479 2529 1588 2600 πῦρ
1623 2527 1880 2599 φέροντος

322 2625 398 2695 μὴ
426 2623 844 2687 κατακαίεσθαι,
874 2623 1006 2681 ἴσον,
1027 2621 1120 2675 καὶ
1156 2619 1382 2692 μηδενὸς
1419 2613 1878 2689 παρενοχλοῦντος

317 2715 615 2786 ἡσυχάζειν
644 2714 736 2767 καὶ
759 2715 1004 2784 ἠρεμεῖν.
1056 2712 1118 2774 ,Ὅ
1156 2711 1255 2780 μὲν
1283 2711 1388 2780 γὰρ
1426 2708 1636 2761 ἐκείνου
1670 2707 1878 2776 κρατή-

323 2823 443 2868 σας,
494 2803 800 2877 ἀκροτατης
848 2801 1164 2872 φιλοσοφίας
1197 2800 1418 2871 δοκίμια
1464 2797 1721 2851 δέδωκεν·
1763 2797 1791 2848 ὁ
1823 2795 1880 2848 δὲ

321 2897 477 2950 τοῦτο
507 2895 696 2958 ποιῶν,
727 2894 998 2965 θαύματός
1030 2896 1175 2946 ἐστιν
1213 2891 1458 2962 ἄμοιρος.
1509 2889 1675 2941 Ὅταν
1701 2883 1796 2940 οὖν
1820 2885 1880 2938 τὸ

1983 1713 2356 1770 incredibilem
2386 1713 2662 1768 hominum
2686 1709 3374 1767 socordiam.Potentio’res
3404 1707 3548 1763 enim

1983 1808 2276 1863 toleramus
2306 1805 2474 1859 multa
2493 1803 2773 1875 patientia,
2804 1803 2966 1858 etiam
2993 1801 3244 1872 injurios,
3271 1809 3416 1855 metu
3445 1814 3546 1854 nos

1980 1899 2144 1954 veluti
2170 1899 2324 1954 freno
2350 1900 2637 1960 retinente.
2680 1906 2735 1952 et
2777 1896 3003 1952 ulterius
3029 1893 3277 1965 progredi
3303 1901 3546 1957 vetante;

1982 1992 2257 2046 tenuiores
2301 2003 2427 2045 vero
2475 1989 2640 2044 etiam
2679 2003 2784 2041 non
2816 1983 3106 2041 allicientes
3158 1982 3550 2054 injuria'l'asti-

1981 2083 2160 2137 dimus
2199 2089 2255 2134 et
2305 2094 2643 2135 aversamur.
2675 2077 2840 2148 Atqui
2889 2075 3040 2146 jubet
3081 2074 3375 2130 Christus:
3415 2092 3434 2125 ‹
3473 2070 3551 2126 Ne

1983 2171 2237 2225 irascaris
2289 2168 2445 2224 fratri
2497 2176 2588 2223 tuo
2641 2177 2843 2222 temere
2889 2166 2955 2220 ⁶¹.
2999 2185 3017 2218 ι
3051 2165 3204 2231 Quod
3259 2163 3427 2218 multo
3467 2167 3550 2216 est

1983 2259 2214 2322 facilius,
2246 2273 2408 2328 quam
2443 2257 2586 2313 l‘erre
2623 2257 2852 2311 alterum
2895 2255 3148 2325 iniuriam
3178 2261 3380 2309 temere
3417 2251 3552 2305 inte-

1984 2362 2212 2408 rcutem.
2234 2349 2311 2405 lbi
2337 2350 2482 2405 enim
2520 2348 2687 2403 multa
2717 2347 2855 2418 ignis
2891 2347 3118 2401 materia
3150 2353 3255 2408 est,
3295 2344 3386 2398 hic
3423 2357 3551 2397 vero

1981 2441 2203 2496 materia
2258 2456 2363 2495 non
2417 2437 2656 2507 subjecta
2701 2436 2968 2491 ﬂammam
3005 2431 3549 2490 .aceendimus.'Nam

1980 2546 2087 2585 non
2127 2539 2297 2600 potes,
2320 2529 2489 2584 altero
2520 2529 2700 2596 ignem
2735 2523 3156 2592 inferentefnou
3184 2522 3372 2585 aduri;
3411 2520 3551 2576 forte

1980 2624 2166 2688 etiam,
2192 2620 2404 2675 neruine
2448 2619 2715 2684 turbante,
2763 2617 3043 2688 quiescere
3076 2624 3238 2684 atque
3265 2627 3545 2683 apparere.

1981 2711 2082 2778 Qui
2110 2726 2240 2780 ergo
2280 2711 2332 2763 in
2367 2708 2458 2764 illo
2487 2724 2546 2764 se
2577 2717 2815 2777 superat,
2851 2707 2897 2759 is
2927 2703 3385 2774 przestautissimae
3421 2699 3542 2769 plri-

1981 2800 2235 2868 losophiae
2263 2799 2498 2868 speciem
2529 2799 2692 2853 dedit.
2726 2797 2825 2862 Qui
2857 2809 2984 2848 vero
3013 2793 3112 2847 hoc
3137 2791 3404 2862 posterius
3431 2799 3550 2842 tan-

1982 2897 2093 2941 tum
2127 2897 2368 2958 praestat,
2414 2887 2770 2941 admiratione
2823 2885 3014 2955 dignus
3069 2896 3173 2936 non
3218 2891 3321 2936 est.
3371 2879 3548 2946 Quare

326 2988 508 3058 μεῖζον
539 2987 626 3040 διὰ
672 2986 762 3039 τὸν
794 2985 901 3039 τῶν
934 2982 1233 3056 ἀνθρώπιον
1281 2981 1444 3049 φόϐον
1477 2979 1750 3044 ἀνύοντες,
1793 2976 1883 3030 διὰ

1992 2994 2104 3033 cum
2133 2978 2404 3049 quidpiam
2439 2978 2718 3032 hominum
2752 2988 2898 3031 metu
2921 2973 3258 3043 expedimus,
3301 2972 3390 3026 Dei
3415 2985 3543 3026 vero

321 3079 413 3132 τὸν
441 3077 584 3132 θεῖον
615 3078 747 3146 μηδὲ
776 3077 835 3130 τὸ
880 3075 1101 3129 ἔλαττον
1141 3071 1460 3143 βουλώμεθα
1501 3071 1715 3133 ἀνύσαι,
1754 3069 1882 3122 ποία

324 3168 454 3237 ἡμῖν
480 3166 783 3236 λελείψεται
812 3164 1104 3231 ἀπολογία;

672 3268 842 3323 ΣΜΘ¹.
862 3297 930 3307 --
958 3262 1215 3336 ΕΡΜΙΝῼ
1246 3267 1536 3329 KOMHTI.

1991 3079 2137 3123 metu
2197 3085 2264 3125 ne
2327 3069 2605 3124 minimum
2666 3068 2878 3136 quidem
2940 3079 3309 3137 properamus,
3366 3077 3550 3132 ecquae

1989 3174 2118 3230 ergo
2148 3161 2331 3215 relicta
2369 3161 2524 3215 nobis
2552 3169 2637 3215 est
2666 3158 3026 3214 excusationis
3053 3158 3306 3212 occasio?

2273 3267 2544 3326 CCXLIX.
2576 3299 2646 3308 —-
2673 3267 2978 3324 IIERMINO
3007 3266 3256 3324 COMITI.

331 3361 396 3417 Ut
427 3364 593 3428 capite
616 3371 919 3431 trgrotante,
946 3368 1110 3413 totum
1144 3347 1332 3426 corpus
1376 3359 1513 3412 male
1543 3359 1718 3422 habet,
1761 3360 1836 3413 sic
1862 3361 1954 3413 sub
1999 3349 2140 3416 malo
2174 3363 2411 3432 episeopo
2453 3370 2561 3415 tota
2592 3361 2845 3415 Ecclesia.
2871 3358 3029 3431 (Vide
3061 3377 3176 3429 sup.
3208 3361 3360 3428 epist.
3395 3358 3545 3428 πο.)

397 3495 562 3549 Ὅταν
590 3495 626 3564 ἡ
652 3490 884 3561 κεφαλὴ,
919 3491 950 3561 ή
981 3489 1228 3561 καθάπερ
1251 3488 1548 3560 ἀκρόπολις
1571 3488 1667 3543 τοῦ
1701 3491 1887 3562 σώμα-

328 3603 419 3646 τος
457 3579 611 3647 οὖσα,
653 3582 749 3635 καὶ
790 3581 898 3635 τῶν
945 3579 1396 3647 ἀναγκαιοτάτων
1422 3580 1516 3632 καί
1542 3582 1888 3649 τιμιωτάτων

328 3673 631 3745 ἀνθρώποις
653 3671 957 3742 αἰσθήσεων
975 3672 1310 3742 οἰκητήριον,
1349 3672 1640 3740 ὀφείλουσα
1670 3674 1795 3737 τοὺς
1824 3676 1888 3728 ἐκ

329 3764 424 3816 τοῦ
450 3762 696 3832 σώματος
720 3762 1205 3831 ἀναπεμπομένους
1239 3762 1447 3829 ἀθμοὺς
1468 3762 1580 3833 (67)
1610 3765 1882 3834 πονηροὺς

331 3856 624 3923 διοικῆσαι,
661 3855 754 3906 καὶ
774 3855 851 3915 εἰς
873 3853 932 3904 τὸ
971 3855 1084 3906 δέον
1117 3855 1402 3925 καθιστᾷν,
1437 3855 1510 3925 μὴ
1547 3855 1706 3926 μόνον
1732 3854 1888 3909 τοῦτο

333 3946 408 4016 μὴ
437 3943 854 4014 διαπράττηται,
897 3943 1032 3996 ἀλλά
1055 3946 1147 3997 καὶ
1181 3946 1319 4015 αὑτὴ
1347 3946 1469 3998 καθ’
1498 3946 1699 4015 ἑαυτὴν
1732 3945 1891 3999 ἀσθε-

330 4038 426 4106 νὴς
456 4033 589 4088 οὖσα
619 4035 776 4106 τύχῃ,
803 4036 900 4098 τάς
948 4035 1198 4100 νοσώδεις
1227 4037 1404 4098 αἰτίας
1441 4036 1890 4108 ἀποκρούσασθαι

333 4128 408 4196 μὴ
428 4127 723 4196 δυναμένη·
765 4125 891 4178 ποία
914 4125 1066 4190 ἐλπὶς
1094 4127 1172 4196 τῷ
1210 4127 1420 4197 σώματι
1448 4126 1481 4194 ἢ
1523 4128 1814 4198 σωτηρίας,
1856 4127 1890 4198 ἣ

2058 3493 2192 3549 Cum
2250 3502 2429 3564 caput,
2477 3494 2616 3562 quod
2665 3491 2830 3546 veluti
2889 3507 2987 3546 arx
3047 3500 3129 3545 est
3178 3492 3438 3560 corporis,
3486 3506 3550 3546 ac

1989 3586 2221 3639 maxime
2309 3584 2739 3638 necessariorum
2797 3583 3263 3651 pretiosorumque
3317 3584 3549 3638 homini-

1989 3677 2088 3732 bus
2109 3690 2358 3730 scnsuum
2391 3675 2738 3736 domicilium,
2765 3674 2906 3743 quod
2941 3675 3099 3729 debet
3121 3675 3347 3729 emissos
3369 3691 3399 3730 e
3424 3692 3546 3729 cor-

1991 3781 2118 3837 pore
2148 3765 2420 3835 improbos
2449 3781 2677 3838 vapores
2712 3766 3044 3834 dispensare,
3072 3774 3146 3830 et,
3176 3780 3281 3834 quo
3312 3774 3546 3835 oportet,

1991 3859 2303 3922 amandare,
2339 3857 2468 3911 illml
2510 3873 2613 3911 non
2662 3858 2818 3910 modo
2863 3873 2968 3910 non
3003 3857 3179 3920 faciet,
3229 3859 3321 3910 sed
3363 3866 3418 3910 et
3457 3871 3552 3924 per

1990 3953 2223 4019 seipsum
2269 3964 2386 4004 esse
2421 3948 2741 4003 imbecillum
2791 3948 3074 4018 contingit,
3128 3962 3226 4002 nec
3277 3947 3552 4000 morbosas

1991 4039 2287 4108 propellere
2326 4052 2516 4092 causas
2544 4038 2738 4101 valeat,
2770 4052 2889 4106 quae
2921 4035 3161 4104 corporis
3193 4051 3315 4105 spes
3344 4035 3548 4103 reliqua

1992 4130 2182 4184 salutis
2213 4138 2303 4182 aut
2335 4128 2578 4183 roboris?
2618 4127 2781 4181 nulla.
2815 4127 2957 4182 Sane
3002 4126 3329 4180 Pelusiensis
3365 4125 3551 4179 Eccle-

333 4221 580 4289 ῥώσεως
617 4217 875 4286 Οὐδεμία.
920 4218 1010 4270 Διὸ
1036 4218 1296 4271 καὶκατὰ
1348 4217 1408 4270 τὸ
1456 4218 1774 4288 Πηλούσιον,
1818 4218 1893 4281 ώς

1999 4220 2098 4284 sia,
2127 4230 2183 4272 ut
2211 4218 2426 4283 scribis,
2460 4219 2527 4272 ab
2561 4218 2794 4273 Eusebio
2822 4217 3195 4271 administrata
3245 4216 3550 4270 morborum

328 4313 632 4379 γέγραφας,
665 4309 959 4376 Ἐκκλησία
981 4311 1012 4379 ἡ
1037 4309 1139 4360 ὑπὸ
1158 4309 1415 4361 Εὐσεϐίου
1441 4311 1890 4380 οἱκονομουμένη,

333 4399 555 4468 μυρίαις
586 4399 907 4468 νοσημάτων
931 4399 1024 4451 καὶ
1047 4397 1230 4476 παθῶν
1252 4399 1629 4468 ἐμπέπλησται
1651 4399 1890 4463 κακίαις,

330 4489 425 4542 τοῦ
456 4489 743 4551 δοκοῦντος
769 4489 1020 4558 ἡγεῖσθαι
1055 4487 1277 4558 ταύτης,
1311 4491 1390 4552 εἰς
1456 4490 1623 4558 αὐτὴν
1656 4492 1891 4557 ἐγκατα-

332 4581 660 4651 σκήψαντος.

570 4691 692 4743 ΣΝ¹.
732 4719 803 4730 -—-
839 4691 1138 4763 ΔΩΡΟΘΕῼ
1176 4692 1660 4762 ΔΑΜΠΡΟΤΑἸᾨ.

2001 4310 2144 4364 mille
2171 4311 2583 4378 passionumque
2621 4309 2776 4364 malis
2818 4307 3016 4364 referta
3042 4316 3146 4372 est,
3172 4322 3290 4361 cum
3343 4308 3430 4376 qui
3467 4323 3554 4359 rc-

2000 4415 2126 4468 gere
2164 4415 2281 4454 eam
2331 4400 2690 4466 existimetur,
2738 4400 2782 4455 is
2839 4400 2892 4453 in
2957 4401 3125 4468 ipsam
3173 4397 3354 4467 potius
3399 4411 3554 4468 gras-

1997 4504 2164 4546 SCIIII‘.

2066 4666 2070 4672 ’
2112 4692 2272 4764 635
2305 4691 2454 4748 CCL.
2492 4723 2561 4735 —
2608 4691 2978 4750 nonormao
3013 4688 3439 4747 cmmssmo.

334 4782 393 4837 Si
425 4783 744 4864 legislatores
773 4785 1046 4864 legibusnet
1078 4787 1240 4864 omnis
1285 4787 1580 4864 [totttinesna
1610 4786 1834 4864 peccatis
1855 4801 2094 4864 goereere
2132 4806 2232 4841 non
2260 4791 2488 4855 possint;
2515 4790 2676 4842 multo
2710 4789 2879 4843 minus
2904 4789 2995 4841 alii
3039 4790 3192 4840 nudis
3237 4783 3556 4838 admonitio-

399 4855 546 4906 nibus
575 4856 628 4906 id
652 4863 916 4920 poterttnt.
951 4853 1132 4922 (Conf.
1158 4857 1306 4922 epist.
1349 4856 1470 4907 151.
1505 4854 1732 4907 Rursum
1759 4859 1822 4907 de
1846 4853 2064 4909 Eusebio
2092 4853 2274 4926 episc.,
2298 4859 2422 4912 item
2449 4861 2511 4912 de
2541 4857 2772 4921 Zosinto,
2801 4859 3119 4911 Martiniano
3151 4865 3198 4908 et
3227 4854 3488 4922 Marone.)

403 4963 463 5014 Εί
490 4964 536 5014 oi
564 4964 880 5031 νομοθέται,
917 4956 961 5016 ὧ
1003 4963 1131 5030 σοφέ
1150 5004 1163 5030 ,
1195 4965 1242 5015 οἱ
1287 4964 1482 5034 μυρίας
1505 4968 1615 5026 τοῖς
1644 4965 1893 5036 ἁμαρτά-

330 5069 478 5105 νουσι
522 5053 784 5123 τιμωρίας
817 5054 1308 5125 ἐπανατεινόμενοι,
1351 5054 1412 5106 οὐ
1447 5056 1653 5117 πάντας
1705 5055 1895 5107 πεπεί-

407 5207 449 5238 ⁸³
468 5207 658 5262 Matth.
691 5224 744 5270 ν,
777 5207 869 5261 22.

2074 4967 2129 5019 Si
2165 4968 2518 5039 legislatores,
2549 4969 2630 5021 vir
2669 4966 3081 5036 sapientissime,
3106 4965 3250 5018 mille
3277 4976 3552 5032 positarum

2003 5070 2198 5122 genera
2238 5056 2810 5125 delictisimponentes
2869 5068 2972 5109 non
3038 5053 3284 5108 oumibus
3339 5065 3556 5120 pct‘sua-
3664 5065 3685 5082 ο

1449 5315 1685 5372 ἾΑΒΙΛΞ
1726 5316 2108 5375 LECTIONES
2144 5319 2231 5375 ΕΤ
2268 5321 2497 5377 NOTAE.

401 5471 511 5539 (67)
553 5471 656 5527 Pro
681 5473 888 5539 ἀθμοὺς
933 5471 1170 5526 rescribe
1217 5473 1441 5542 ἀτμούς.
1474 5474 1626 5527 Vers.
1675 5482 1794 5540 post
1837 5475 1891 5540 5,

333 5543 470 5598 inter
503 5543 594 5594 καὶ
627 5551 681 5595 et
717 5542 857 5611 κατά
905 5543 1131 5611 inserei)
1179 5559 1238 5594 ex
1287 5546 1441 5596 codd.
1492 5543 1698 5596 iisdem.
1736 5543 1888 5596 Vers.

333 5613 428 5666 ult.
465 5627 547 5680 ep.
575 5625 669 5678 pro
693 5610 895 5678 ταύτης
918 5613 1077 5664 ambo
1107 5610 1262 5665 Codd.
1286 5613 1468 5678 optimi
1492 5613 1668 5679 legunt
1693 5612 1891 5676 ταύτας

647 5701 916 5761 PATROL.
971 5702 1080 5762 Gn.
1138 5705 1449 5766 LXXVIII.

1999 5487 2054 5531 ut
2083 5476 2345 5531 referatur
2382 5494 2485 5533 non
2527 5479 2589 5530 ad
2633 5481 2900 5548 ἡγεῖσθαι,
2948 5480 3041 5536 scd
3076 5481 3142 5534 ad
3185 5479 3419 5541 κακίαις,
3462 5489 3557 5530 stt-

2000 5550 2180 5617 perius
2213 5548 2463 5616 positum.
2489 5548 2696 5602 Possm.

3209 5708 3239 5720 ι.

3171 5719 3232 5765 4t
