3974 6144
526 278 659 342 1483

1715 276 1773 334 S.
1816 273 2108 335 ISIDORI
2144 275 2581 337 PELUSIOT/E

3635 280 3767 346 1484

516 377 646 445 dent
684 406 698 441 :
740 386 830 457 qui
874 389 1034 441 verbo
1089 396 1139 440 et
1208 384 1576 440 admonitione
1636 384 1883 451 suadent,
1946 394 2005 438 ut
2059 400 2089 438 a

2195 403 2373 438 κασιν·
2405 389 2454 438 oi
2502 386 2645 457 λόγῳ
2691 386 2783 439 καὶ
2823 389 3140 459 παραινέσει
3180 390 3518 463 πειρώμενοι
3564 393 3769 445 πείθειν

515 479 664 533 vitiis
716 477 838 547 quis
892 478 1179 539 abstineat,
1222 477 1352 530 idne
1406 476 1801 544 persuadeant?
1848 474 1937 530 Vel
1983 489 2087 527 non

516 570 900 639 persuadentcs
941 567 993 620 iu
1030 567 1233 620 crimen
1268 566 1573 635 precentur?
1604 574 1658 620 et
1686 566 1996 634 quomodo?
2028 566 2086 620 Si

515 676 645 715 vero
710 659 1161 727 patrocinandum
1217 658 1618 727 legislatoribus
1680 666 1786 721 est,
1839 658 2087 726 equidem

516 766 766 805 censeam
818 750 1202 819 suppliciorum
1248 750 1569 817 gravitatem
1620 763 1712 803 eos
1766 762 2085 816 proponere,

518 858 621 895 non
649 842 802 910 quasi
837 842 1128 895 humanum
1177 854 1347 906 genus
1394 840 1622 893 invisum
1678 841 1958 903 ducentes,
1993 841 2086 893 sed

518 947 771 1007 tauquam
801 937 918 1004 ejus
968 952 1153 990 curam
1200 937 1478 990 habentes.
1518 935 1571 990 Id
1616 935 1760 989 enim
1785 936 1889 987 illis
1921 935 2088 1003 potis-

514 1030 710 1084 simum
765 1029 940 1082 studio
998 1034 1104 1090 est,
1157 1029 1501 1095 persuadere,
1545 1041 1613 1080 ne
1663 1028 1903 1095 improbe
1958 1026 2085 1093 quid

514 1129 725 1187 agatur.
753 1116 916 1171 Poena
960 1132 1087 1170 vero
1130 1115 1508 1170 secundarium
1546 1115 1672 1182 quid
1726 1125 1828 1177 est,
1878 1124 1933 1168 et
1979 1130 2083 1167 non

513 1207 886 1262 obedietttibus
918 1206 1237 1276 praestituta.
1266 1203 1451 1274 Neque
1489 1205 1630 1257 enim
1686 1202 1788 1256 illis
1843 1202 2087 1270 proposi-

517 1310 652 1364 tum,
684 1309 743 1352 ut
775 1299 923 1351 multi
964 1298 1075 1352 sint
1111 1312 1341 1366 nequam
1393 1304 1447 1369 et.
1496 1294 1753 1363 improbi.
1788 1294 1879 1361 qui
1908 1291 2084 1361 puniri

510 1393 743 1447 debeant
786 1408 802 1445 :
850 1392 958 1443 imo
1010 1397 1201 1443 contra
1246 1387 1384 1453 frugi
1430 1401 1619 1439 omnes
1657 1399 1777 1438 esse
1813 1386 2087 1454 boumque

510 1487 716 1550 volunt,
761 1485 1015 1552 nullaque
1065 1497 1198 1550 opus
1238 1496 1359 1535 esse
1412 1479 1600 1532 multa.
1636 1478 1725 1531 Sic
1767 1476 1841 1530 illi
1872 1475 2084 1543 legisla-

513 1586 658 1630 tores
690 1575 903 1643 quidem
956 1581 1157 1626 terrent
1185 1589 1198 1624 :
1229 1569 1455 1638 improbi
1491 1583 1619 1621 vero
1664 1567 1936 1635 peccando
1965 1581 2082 1619 eam

499 1662 730 1725 laedunt,
776 1674 949 1730 neque
999 1669 1207 1726 tempus
1265 1657 1430 1711 ullum
1482 1672 1509 1709 a
1561 1654 1776 1723 ﬂagitiis
1834 1669 2082 1719 vacuum,

2189 478 2387 540 κακίας
2419 477 2740 547 ἀπέχεσθαι,
2785 480 3001 544 πάντως
3030 481 3347 547 πείσουσιν;
3378 482 3413 552 ἢ
3442 482 3519 551 μὴ
3547 483 3769 534 πείσαν-

2186 583 2277 630 τες
2309 568 2769 638 ὲγκληθήσονται;
2806 570 2901 623 καὶ
2929 570 3046 634 πῶς
3082 571 3192 642 (68)
3222 572 3324 626 οὐκ
3352 572 3586 642 εὖηθεςς
3623 573 3685 625 El
3711 573 3768 626 δὲ

2187 660 2293 730 χρὴ
2324 661 2418 712 καὶ
2450 659 2630 713 αὐτῶν
2659 660 2766 714 τῶν
2794 662 3101 732 νομοθετῶν
3132 663 3766 734 ὑπεραπολογήσασθαι,

2189 750 2354 818 φαίην
2379 749 2443 803 ἂν
2462 790 2478 816 ,
2506 750 2587 803 ὅτι
2608 751 2679 803 τὰ
2712 751 2916 821 μεγέθη
2949 752 3055 806 τῶν
3076 751 3358 824 τιμωριῶν
3381 752 3769 805 τετυπιὶικασιν

2186 839 2285 908 οὐχ
2312 839 2388 902 ὡς
2417 839 2821 913 μισάνθρωποι,
2854 843 2969 896 ἀλλ’
3001 843 3076 907 ὡς
3106 845 3405 914 κηδεμόνες
3429 843 3522 896 τοῦ
3552 846 3769 912 γένους.

2189 928 2336 999 Αὕτη
2364 931 2472 1000 γὰρ
2505 930 2753 1003 αύτοῖςή
2804 933 3048 1005 σπουδὴ,
3097 935 3282 987 πεῖσαι
3342 935 3418 1004 μὴ
3469 936 3775 1003 πονηρεύε-

2188 1021 2345 1073 σθαι·
2381 1020 2443 1074 τὸ
2473 1021 2532 1074 δὲ
2570 1024 2671 1092 τῆς
2711 1025 3012 1095 τιμωρίας,
3040 1024 3292 1096 δεύτερόν
3332 1043 3386 1079 τι
3424 1028 3518 1079 καὶ
3557 1030 3673 1088 τοῖς
3704 1014 3773 1080 ἀι

2187 1113 2529 1184 πειθομένοις
2575 1115 2916 1187 ὁριζόμενονο
2960 1118 3020 1170 οὐ
3064 1119 3174 1190 γὰρ
3213 1119 3357 1171 τοῦτ’
3400 1119 3771 1182 ἐσπούδασαν,

2186 1200 2322 1258 εἶναί
2358 1223 2416 1258 τε
2440 1206 2667 1271 πολλοὺς
2695 1210 2985 1279 πονηροὺς,
3014 1213 3108 1262 καὶ
3133 1208 3479 1274 κολάζεσθαι·
3516 1210 3578 1263 τὸ
3611 1212 3775 1264 ἐναν-

2184 1297 2297 1349 τίον
2325 1296 2403 1363 δὲ,
2440 1298 2650 1362 πάντας
2680 1295 2818 1352 εἶναι
2846 1302 3116 1371 χρηστοὺς
3146 1301 3243 1353 καὶ
3274 1301 3542 1371 μηδεμιᾶς
3576 1302 3772 1371 χρείαν

2185 1383 2325 1442 εἶναι
2356 1388 2580 1460 ζημίας.
2638 1390 2778 1443 Ἀλλ’
2809 1394 2857 1445 οἱ
2911 1392 3008 1462 μὲν
3039 1391 3315 1459 φοϐοῦσιν,
3359 1394 3407 1445 oi
3446 1392 3504 1444 δὲ
3538 1394 3773 1462 πονηροὶ

2187 1480 2570 1551 κακουργοῦσι.
2597 1481 2802 1551 Χρόνος
2826 1482 2882 1534 δὲ
2904 1482 3078 1545 οὐδεὶς
3101 1482 3339 1553 καθαρὸς
3370 1482 3566 1544 κακίας
3590 1524 3605 1546 ,
3632 1483 3772 1535 ἀλλὰ

2187 1570 2355 1624 πολλὰ
2388 1572 2481 1624 καὶ
2516 1571 2833 1626 παντοδαπὰ
2866 1572 3186 1637 ἐπιπολάζει
3219 1574 3502 1644 νοσήματα
3526 1612 3542 1635 ,
3567 1572 3640 1624 δι’
3689 1566 3773 1625 ὧν

2185 1658 2485 1713 δεικνύουσι
2517 1662 2593 1730 μὴ
2620 1660 2903 1715 πείθεσθαι
2933 1662 3043 1733 (69)
3078 1664 3190 1725 τοῖς
3216 1662 3427 1732 νόμοις.
3455 1660 3633 1716 Ὅταν
3658 1664 3774 1732 γάρ

510 1754 603 1807 sed
632 1751 800 1805 multa
830 1752 1089 1817 variaque
1118 1752 1168 1802 in
1202 1748 1318 1803 dies
1346 1755 1628 1815 emergunt
1659 1745 1814 1806 mala,
1850 1761 1969 1814 quae
1997 1759 2082 1799 res

2186 1767 2268 1812 τις
2302 1750 2456 1822 δίκην
2488 1751 2596 1822 δῷ,
2637 1751 2773 1823 ὁμοῦ
2818 1769 2879 1805 τε
2913 1753 3269 1816 κεκόλασται,
3321 1752 3417 1806 καὶ
3461 1753 3521 1805 τὸ
3557 1753 3635 1823 μὴ
3668 1771 3775 1806 πε·

510 1843 688 1913 arguit
726 1841 933 1908 legibus
967 1856 1071 1893 non
1105 1840 1331 1894 obediri.
1369 1838 1499 1891 Cum
1534 1837 1654 1905 quis
1688 1838 1866 1905 itaque
1900 1850 2084 1905 pmnas

511 1935 622 1998 dat,
650 1933 813 1988 simul
857 1932 1173 2002 castigatur,
1201 1940 1255 1983 et
1285 1945 1341 1983 se
1372 1929 1666 1999 legislatori
1711 1945 1811 1983 non
1838 1930 2084 1997 paruisse

509 2023 769 2078 oswndit.
809 2021 1061 2089 Quinimo
1115 2020 1213 2090 ipsi
1268 2020 1603 2089 legislatores
1652 2034 1755 2072 non
1810 2019 2079 2085 ignorant,

512 2128 617 2166 non
656 2114 980 2182 persuadere
1010 2127 1067 2165 se
1089 2110 1360 2174 omnibus,
1385 2121 1441 2163 ut
1472 2110 1580 2164 sint
1629 2110 1774 2164 boni.
1807 2109 2079 2180 Supplicia

510 2206 708 2258 ctenim
742 2205 1155 2272 przescribentes
1195 2214 1394 2257 norunt
1426 2205 1590 2272 probo
1625 2219 1729 2256 non
1762 2218 1948 2257 omnes
1984 2204 2078 2256 ba-

512 2296 723 2346 bitnrus
753 2294 895 2347 dicto
932 2293 1212 2347 audientes
1239 2309 1301 2346 ac
1318 2293 1512 2362 justus.
1549 2292 1758 2345 Suntne
1798 2293 1982 2360 itaque
2012 2293 2076 2345 il-

512 2383 684 2436 lorum
738 2382 951 2435 hostes?
980 2382 1196 2435 Minime
1218 2397 1370 2447 vero,
1405 2383 1496 2435 sed
1527 2383 1886 2435 meminerunt
1914 2384 2078 2452 legis-

511 2470 711 2523 latores
766 2485 823 2523 se
869 2483 991 2524 esse
1031 2480 1084 2522 et
1121 2470 1397 2538 praedicari
1446 2487 1459 2523 :
1512 2470 1738 2537 improbi
1788 2484 1913 2523 vero
1945 2472 2080 2525 male

511 2560 809 2614 multantur
842 2574 904 2613 ac
947 2559 1272 2629 plectuntur.
1314 2560 1512 2615 Eadem
1569 2570 1651 2614 est
1692 2562 1832 2615 ratio
1892 2563 2079 2616 admo-

512 2651 772 2714 ueutium,
816 2650 1028 2720 quando
1081 2650 1184 2704 illis
1229 2666 1331 2704 nou
1378 2663 1615 2720 paretur.
1666 2651 1779 2705 Non
1834 2653 1975 2706 enim
2016 2669 2081 2707 co

510 2743 652 2812 quod
686 2742 947 2797 Eusebius
978 2750 1029 2795 et
1074 2740 1449 2808 Martiniauus,
1496 2742 1742 2797 Zositnus
1788 2752 1841 2797 et
1896 2743 2079 2799 Maron

514 2834 704 2887 morbo
764 2834 1145 2889 immedicabili
1213 2833 1479 2898 laborant,
1545 2834 1689 2887 dicto
1756 2844 1932 2888 tamen
1985 2853 2083 2889 au-

513 2925 727 2979 dientes
791 2941 899 2979 non
960 2933 1107 2991 sunt,
1161 2939 1333 2994 neque
1380 2923 1581 2979 iaciunt
1619 2924 1761 2993 quod
1804 2926 2083 2995 jubentur,

2190 1840 2411 1895 πεῖσθαι
2438 1846 2550 1906 τοῖς
2577 1842 2896 1914 νομοθέταις
2924 1843 3183 1897 δείκνυσι.
3213 1843 3428 1897 Μᾶλλον
3448 1844 3507 1896 δὲ
3534 1844 3691 1897 αὐτοὶ
3716 1846 3772 1897 οἱ

2188 1931 2475 2001 νομοθέται
2526 1934 2602 1996 ὡς
2651 1935 2712 1986 οὐ
2761 1934 3009 1987 πείσουσι
3060 1933 3268 1998 πάντας
3317 1929 3457 1987 εἶναι
3491 1934 3770 2003 ἀγαθοὺς,

2189 2023 2386 2077 ἴσασιν·
2418 2027 2469 2079 οἱ
2521 2025 2629 2097 γὰρ
2664 2025 2939 2097 ὁρίζοντες
2970 2026 3068 2089 τὰς
3095 2028 3362 2098 τιμωρίας
3386 2068 3401 2092 ,
3430 2027 3506 2090 ὡς
3534 2029 3596 2080 οὗ
3632 2029 3771 2080 καθε-

2186 2112 2367 2179 έξουσι
2400 2116 2527 2179 τοὺς
2567 2117 2837 2187 πονηροὺς
2859 2158 2874 2183 ,
2902 2116 3049 2186 δῆλοί
3091 2119 3227 2170 εἰσιν
3255 2118 3472 2182 εἰδότες.
3502 2113 3632 2189 Ἆρ’
3673 2115 3770 2171 οὖν

2184 2205 2413 2260 ἐναντίοι
2445 2206 2619 2273 είσίν;
2654 2209 2730 2261 Οὐ
2759 2209 2953 2278 δήπου.
3001 2208 3140 2261 Ἀλλ’
3180 2209 3287 2262 οὐδ’
3316 2209 3619 2263 ἀπόλλυται
3666 2212 3768 2264 αύ-

2183 2300 2295 2361 τοῖς
2327 2297 2388 2350 τὸ
2421 2298 2715 2367 νομοθέτας
2758 2294 2915 2353 εἶναι.
2969 2298 3107 2352 Ἀλλ’
3136 2300 3332 2351 ἐκεῖνοι
3369 2298 3470 2368 μὲν
3508 2297 3729 2369 ᾅδονται
3750 2340 3767 2360 ,

2185 2390 2232 2440 oi
2281 2388 2337 2441 δὲ
2384 2388 2818 2459 κακουργοῦντες
2870 2390 3208 2453 κακίζονται.
3265 2389 3326 2441 ’0
3376 2388 3542 2451 αὐτὸς
3586 2390 3770 2441 τοίνυν

2186 2479 2341 2548 λόγος
2363 2479 2503 2532 ἔστω
2531 2480 2625 2533 κα)⁵
2646 2482 2774 2551 περὶ
2801 2480 2909 2534 τῶν
2932 2479 3358 2552 παραινούντων,
3391 2480 3465 2550 μὴ
3492 2480 3772 2532 ἀνυόντων

2182 2570 2260 2624 δέ’
2293 2572 2353 2623 οὐ
2382 2570 2490 2641 γὰρ
2520 2572 2568 2623 εί
2597 2571 2855 2634 Εύσέόιός
2876 2587 2935 2623 τε
2969 2572 3062 2624 καὶ
3092 2570 3478 2640 Μαρτινιανὸς,
3514 2567 3770 2637 Ζὼσιμός

2182 2678 2244 2712 τε
2284 2661 2379 2714 καὶ
2413 2661 2620 2732 Μάρων
2670 2661 2958 2731 κρείττονα
3003 2661 3297 2732 θεραπείας
3332 2659 3548 2713 νοσοῦσι
3586 2659 3767 2723 νόσον,

2185 2752 2287 2823 ἤδη
2316 2744 2432 2817 ’τοῖς
2468 2752 2826 2824 παραινέσασι
2850 2754 2969 2823 μὲν,
3001 2752 3075 2824 μὴ
3103 2752 3332 2806 ἀνύσασι
3358 2750 3414 2804 δὲ
3443 2750 3764 2822 ὲγκλητέονο

2186 2842 2323 2896 ἀλλὰ
2371 2843 2593 2907 τούτους
2644 2844 2743 2915 μὲν
2782 2844 3129 2906 ἀποδεκτέον,
3171 2843 3412 2906 ἐκείνους
3463 2843 3523 2897 δὲ
3561 2844 3645 2907 είς
3673 2843 3766 2895 τδ·

2192 2932 2326 3004 μηδὲ
2357 2933 2650 3003 θεραπείαν
2680 2934 3039 3005 προϊεμένους
3067 2932 3288 2986 ὠστέον.

510 3020 799 3075 accusandi
855 3020 1106 3074 videntur
1147 3020 1244 3084 illi,
1296 3020 1388 3090 qui
1431 3020 1797 3075 admonitione
1865 3036 1966 3074 non
2025 3027 2436 3093 persuaserint;
2495 3028 2736 3098 quinitno
2782 3027 3034 3083 laudandi
3081 3036 3208 3083 sunt
3282 3027 3414 3083 isti:
3473 3026 3553 3082 illi
3606 3042 3759 3081 vero.

509 3113 601 3184 qui
635 3111 954 3168 medicinam
991 3126 1095 3166 non
1121 3111 1456 3175 admiserint,
1482 3110 1729 3165 feriendi.

1027 3220 1200 3276 CCL].
1224 3251 1295 3261 —
1324 3219 1554 3275 EIDEM.

2649 3223 2821 3279 ΣΝΑν.
2854 3254 2926 3263 -
2956 3223 3044 3294 τᾳ
3078 3222 3283 3293 arm.

1040 3311 1172 3367 Cum
1196 3311 1477 3365 humilibus
1505 3320 1555 3365 et
1588 3313 1821 3380 superbis
1854 3330 1956 3367 non
1985 3314 2160 3369 eodem
2189 3316 2445 3387 agendum
2480 3317 2654 3370 modo.
2684 3315 2860 3385 (Conf.
2892 3316 3045 3384 epist.
3071 3314 3219 3387 127.)

578 3424 715 3478 Cum
759 3421 915 3476 bonis
958 3419 1173 3489 quidem
1222 3420 1446 3489 remisse
1493 3428 1577 3472 est
1619 3418 1904 3488 agendum,
1953 3435 2075 3473 cum

512 3514 808 3568 audacibus
844 3511 1109 3566 severius.
1135 3507 1266 3562 Nam
1303 3508 1684 3578 benignitatem
1719 3509 1791 3561 illi
1827 3509 2073 3563 virtutem

514 3612 786 3674 reputant,
816 3605 1108 3671 mitemque
1138 3616 1297 3665 esse;
1338 3611 1525 3655 contra
1571 3601 1622 3655 bi
1652 3601 1930 3656 audaciam
1964 3600 2074 3656 for-

514 3697 794 3751 titudinem
847 3694 1132 3749 aestimant.
1189 3692 1343 3761 Apud
1397 3691 1518 3747 illos
1572 3693 1754 3761 itaque
1806 3693 2068 3747 modestia

512 3786 847 3853 adhibenda;
900 3786 955 3840 in
1015 3785 1100 3839 liis
1145 3783 1473 3853 prmﬁdentia
1528 3783 1911 3852 exstinguenda
1964 3794 2068 3848 εει,

509 3887 563 3932 et
593 3876 773 3946 opinio
805 3891 869 3929 ex
897 3873 1119 3928 audacia
1170 3880 1288 3927 orta
1317 3890 1331 3927 :
1374 3882 1430 3926 ut
1462 3872 1570 3927 illis
1614 3871 1828 3940 quidem
1878 3873 2067 3941 prosit,

510 3968 609 4024 bos
656 3982 784 4022 vero
826 3965 1093 4036 deprimat
1129 3964 1432 4032 prudentia.
1478 3962 1661 4031 Neque
1692 3963 1833 4017 enim
1874 3962 2065 4018 iisdem

508 4076 697 4117 omnes
726 4061 1032 4126 capiuntur,
1062 4072 1233 4125 ueqtte
1268 4055 1455 4109 iisdem
1490 4054 1664 4110 cuncti
1703 4054 1957 4108 remediis
1982 4069 2072 4108 cu-

508 4162 718 4215 rantur,
748 4151 840 4206 sed
871 4158 1025 4218 prout
1065 4157 1148 4202 est
1174 4143 1514 4199 aﬂ‘ectionum
1538 4141 1846 4208 multitudo,
1880 4142 1958 4196 sic
1985 4152 2069 4197 est

506 4254 560 4298 ct
591 4243 943 4296 medelarum.

580 4350 747 4422 636
780 4346 974 4403 CCLll.
1008 4376 1076 4385 —
1106 4342 1470 4401 DOBOTIIEO
1516 4340 1991 4397 PRESBYTERO.

2255 3422 2398 3495 Πρὸς
2432 3422 2531 3493 μὲν
2564 3423 2833 3494 χρηστοὺς
2872 3421 3128 3475 ταπεινὸν
3166 3415 3305 3474 εἶναι
3340 3418 3447 3492 χρὴ
3472 3461 3487 3485 ,
3529 3421 3669 3493 πρὸς
3700 3422 3756 3475 δὲ

2184 3513 2404 3584 θρασεῖς
2452 3514 2671 3584 ὑψηλόν.
2731 3513 2946 3583 Ἐπειδὴ
2993 3513 3102 3582 γὰρ
3131 3514 3181 3565 oi
3232 3512 3331 3581 μὲν
3363 3514 3566 3583 ἀρετὴν
3616 3510 3756 3566 εἶναι

2181 3604 2438 3674 ἡγοῦνται
2473 3605 2569 3676 τὴν
2606 3605 2929 3670 ἐπιείκειαν,
2964 3604 3013 3656 oi
3059 3603 3115 3656 δὲ
3150 3602 3375 3675 ἀνδρίαν
3407 3604 3507 3674 τὴν
3546 3604 3753 3676 Opas-3-

2178 3713 2318 3767 τητα
2342 3736 2357 3761 ,
2388 3696 2613 3755 ἐκείνοις
2649 3696 2743 3766 μὲν
2772 3696 2871 3767 τὴν
2894 3694 3399 3766 ταπεινοφροσύνην
3427 3695 3534 3765 χρὴ
3579 3712 3751 3766 προσ-

2178 3786 2384 3857 φέρειν,
2422 3788 2626 3849 τούτοις
2654 3786 2710 3839 δὲ
2742 3784 2839 3856 τὴν
2889 3785 3113 3855 ἀνδρίαν
3133 3824 3146 3848 ,
3182 3785 3543 3839 σῦεννύουσαν
3571 3785 3748 3837 αὐτῶν

2172 3878 2272 3949 τὴν
2302 3879 2409 3932 ἀπὸ
2434 3879 2533 3950 τῆς
2577 3877 2914 3948 θρασύτητος
2955 3877 3132 3940 δόξαν
3170 3876 3257 3930 ἵνα
3302 3877 3430 3939 τοὺς
3472 3875 3575 3946 μὲν
3608 3876 3745 3944 ὠφε-

2172 3968 2330 4039 λήσῃ,
2357 3971 2481 4031 τοὺς
2505 3968 2566 4022 δὲ
2591 3968 2901 4039 ταπεινώσῃ
2922 3967 2983 4020 τὸ
3011 3967 3283 4038 φρόνημα.
3310 3968 3384 4019 Ού
3413 3966 3521 4037 γὰρ
3551 3967 3745 4030 πάντες

2172 4059 2285 4120 τοῖς
2311 4056 2491 4119 αὐτοῖς
2517 4056 2816 4126 χαίρουσιν,
2852 4055 2973 4108 οὐδὲ
3005 4056 3209 4118 πάντες
3236 4058 3350 4118 τοῖς
3384 4056 3569 4119 αὐτοῖς
3588 4056 3735 4127 θερα·

2173 4148 2429 4199 πεύονται
2458 4145 2817 4217 βοηθήμασιν·
2850 4144 2963 4199 ἀλλ’
2996 4145 3118 4208 ὅσος
3145 4145 3253 4199 τῶν
3290 4142 3479 4199 παθῶν
3503 4149 3533 4199 ὁ
3560 4147 3739 4215 ἐσμὸς,

2172 4236 2422 4299 τοσοῦτος
2455 4236 2599 4291 καὶὸ
2627 4236 2736 4289 τῶν
2763 4235 3089 4305 θεραπειῶν.

2420 4343 2585 4398 ΣΝΒο.
2608 4373 2677 4383 -
2701 4344 3002 4415 ΔΩΡΟΘΕῼ
3029 4343 3497 4415 ΠΡΕΣΒΥΤΕΡῼ.

1301 4432 1465 4487 Fama
1496 4433 1841 4502 memoriaque
1872 4433 2123 4485 bonorum
2155 4435 2412 4500 perennis.
2446 4433 2579 4505 (Inf.
2613 4435 2764 4502 epist.
2802 4434 2947 4505 518.)

573 4546 687 4602 Etsi
719 4545 876 4600 amici
926 4558 1094 4613 nuper
1138 4544 1244 4597 vita
1298 4541 1467 4596 functi
1520 4542 1780 4596 memoria
1829 4543 1968 4611 apud
2018 4553 2067 4597 te

2250 4543 2313 4595 Εί
2342 4542 2435 4595 καὶ
2473 4541 2617 4609 ἔοικε
2646 4542 2725 4613 τῷ
2750 4542 3005 4596 τεθνεῶτι
3032 4542 3170 4614 φίλῳ
3195 4542 3347 4614 παρὰ
3386 4545 3526 4615 σοὶή
3558 4546 3742 4615 μνήμη

504 4656 612 4695 una
640 4638 982 4692 intercidisse
1011 4635 1278 4700 videatur,
1309 4636 1446 4705 apud
1472 4648 1557 4689 me
1586 4643 1764 4688 tamen
1789 4634 2065 4688 intermori

508 4733 593 4786 illa
634 4745 738 4783 non
772 4735 947 4799 potest
979 4745 993 4781 :
1025 4729 1095 4781 ita
1129 4736 1185 4780 ut
1211 4727 1297 4781 hic
1327 4726 1542 4795 quidem
1599 4740 1703 4778 non
1758 4724 2069 4795 exstingua-

506 4833 610 4886 lttr,
639 4822 690 4876 itt
722 4823 889 4874 altera
921 4836 1048 4873 vero
1082 4819 1186 4872 vita
1223 4819 1390 4888 magis
1422 4818 1712 4872 elucescat.

719 4928 935 4986 CCLlll.
967 4960 1035 4969 —
1072 4928 1319 4983 ALYPIO
1354 4923 1839 4981 SCIIOLASTICO.

2177 4631 2591 4702 συντεθνηκέναι
2612 4672 2626 4697 ,
2665 4634 2794 4703 παρ’
2832 4633 2956 4703 ὲμοί
2993 4634 3141 4687 ἐστιν
3176 4632 3481 4697 ἀθάνατοςο
3516 4636 3741 4688 ἐνταῦθα

2178 4724 2277 4793 μὲν
2313 4723 2388 4794 μὴ
2416 4723 2835 4793 ἀποθνήσκουσα
2857 4764 2873 4789 ,
2907 4726 3085 4777 ἐκεῖσε
3124 4726 3217 4778 καὶ
3253 4725 3453 4795 μᾶλλον
3482 4726 3744 4796 ζωοποιη-

2174 4814 2466 4886 Θησομένη.

2418 4922 2584 4975 rura
2622 4950 2685 4962 —
2736 4921 2995 4992 ΑΛΥΠΙῼ
3034 4922 3497 4995 ΣΧΟΛΑΣΤΙΚῼ.

1231 5020 1305 5072 De
1340 5021 1470 5072 bono
1500 5017 1815 5088 virginitatis
1846 5016 2091 5085 conjugio
2116 5015 2432 5083 prwstanlis.
2468 5012 2648 5083 (Conf.
2672 5015 2824 5082 epist.
2855 5013 3004 5082 9J8.)

572 5134 761 5187 Divina
805 5150 891 5189 res
915 5132 1198 5201 virginitas
1228 5144 1330 5194 est,
1375 5138 1727 5196 naturamque
1774 5126 2060 5181 excedens.

504 5224 887 5279 ilonorandum
928 5237 1058 5277 vero
1103 5222 1397 5290 legitimum
1430 5230 1511 5273 est
1540 5219 1865 5288 conjugium.
1902 5216 2063 5269 Scor-

2254 5122 2317 5173 Ἡ
2361 5122 2459 5190 μὲν
2494 5120 2761 5190 παρθενία
2812 5121 3057 5190 θειοτάτη
3110 5121 3229 5174 ἐστὶ
3273 5122 3370 5174 καὶ
3425 5123 3741 5194 ὑπερφυὴς»

2169 5214 2197 5266 ὁ
2226 5213 2282 5265 δὲ
2311 5212 2535 5280 νόμιμος
2566 5212 2738 5280 γάμος
2761 5210 2961 5280 τίμιος,
2995 5213 3027 5281 ή
3054 5211 3110 5263 δὲ
3140 5212 3368 5281 πορνεία
3400 5214 3741 5284 παράνομος.

501 5316 631 5367 talio
655 5329 779 5369 vero
802 5323 987 5366 contra
1017 5313 1157 5380 leges
1174 5322 1273 5366 est.
1308 5312 1670 5376 Quamobrem
1699 5310 1785 5362 illa
1813 5309 1949 5361 cmlo
1973 5314 2056 5361 est

2185 5305 2253 5357 tu;
2276 5305 2368 5357 καὶ
2398 5306 2429 5372 ἡ
2462 5305 2558 5373 μὲν
2585 5304 2692 5356 τῶν
2718 5304 2963 5374 οὐρανῶν
2988 5306 3135 5357 ἐστιν
3162 5304 3308 5369 ἀξία,
3339 5306 3368 5357 ὁ
3395 5306 3455 5359 δὲ
3489 5310 3590 5382 τῆς
3618 5306 3738 5376 γῆς,

1587 5481 1817 5536 VARle
1859 5478 2240 5538 LECTiONES
2279 5477 2367 5534 ET
2408 5477 2638 5533 NOTIE.

576 5644 682 5708 (68)
716 5642 881 5695 Ambo
912 5641 1066 5695 codd.
1098 5640 1213 5702 πῶς
1245 5646 1453 5692 mutant.
1480 5638 1533 5691 itt
1571 5637 1690 5689 ποῦ.
1725 5637 1937 5691 Possm.

2241 5632 2350 5704 (69)
2379 5632 2570 5699 Iidem,
2614 5629 2917 5685 πεπεῖσθαι.
2948 5630 3022 5684 lo.
