3974 6144
296 307 433 375 MSS
1188 268 1726 373 ΕΡΙΞΤΟΙλΑῐὶΗλΙ
1766 306 1911 367 L113.
1951 303 2361 366 V.-—EPIST.
2398 304 2664 367 CCLVI'I.
3411 309 3547 377 15-36

292 427 326 494 ὴ
353 423 412 477 δὲ
443 422 537 477 τοῦ
568 423 715 495 ᾆδουο
739 426 804 493 τῇ
838 420 934 492 μὲν
964 418 1072 491 γὰρ
1103 420 1365 487 στέφανος
1389 423 1766 489 χρεωστείται,
1790 419 1861 490 τῷ

1977 421 2152 485 iligna,
2187 419 2416 474 alterum
2443 427 2583 472 terra
2622 434 2637 471 :
2667 425 2721 470 at
2746 415 3042 472 fornicatio
3068 418 3281 476 inferis.
3315 421 3406 478 llla
3454 443 3546 481 eu-

290 512 350 565 δὲ
397 512 708 584 σύμμετρον
762 509 1055 580 ἐγκώμιον,
1102 512 1168 580 τῇ
1219 510 1274 562 δὲ
1323 510 1585 581 τιμωρία.
1636 509 1859 579 Μοιχεία

1978 522 2165 560 ronam
2192 507 2545 574 adipiscitur;
2580 507 2680 560 hoc
2716 506 2955 560 modeste
2983 518 3040 559 ut
3065 508 3340 565 laudetur:
3381 513 3515 568 lorni

292 602 403 673 γὰρ
430 644 445 664 .
481 603 578 656 καὶ
621 602 780 670 φόνος
818 602 954 671 (70).
1000 600 1096 654 καὶ
1138 600 1207 653 τὰ
1243 599 1377 653 ἄλλα
1410 601 1760 669 πταίσματα,
1794 596 1861 653 ὧν

1978 600 2121 653 catio
2176 613 2304 651 vero
2364 598 2627 666 supplicio
2677 599 2855 667 digna.
2897 599 3232 655 Adulterium
3275 615 3453 659 autem
3496 616 3547 660 et

290 694 416 746 ούδὲ
457 692 768 762 μνησθῆναι
804 692 996 762 θέμις,
1028 691 1268 761 τοσούτῳ
1299 691 1417 744 ἐστὶ
1455 693 1549 744 καὶ
1590 692 1691 761 τῆς
1731 707 1859 761 πορ-

1974 689 2168 748 caedes.
2191 688 2402 759 aliaque
2427 688 2647 759 ﬂagitia,
2672 704 2794 758 quae
2818 690 2898 744 vel
2924 692 3203 747 nominare
3224 694 3295 748 sit
3324 696 3540 757 nefas",

292 784 443 848 νείας
481 784 786 857 βαρύτερα,
836 786 946 854 ὅσῳ
978 784 1086 837 τῶν
1126 784 1267 836 κατὰ
1304 781 1466 851 φύσιν
1512 783 1861 851 πταισμάτωι

1980 788 2129 833 tanto
2172 777 2531 833 fornicatione
2555 780 2823 848 graviora,
2849 789 3053 847 quanto
3086 783 3426 840 naturalibus
3454 788 3546 840 de-

293 876 364 929 τὰ
394 876 542 947 παρὰ
574 875 735 944 φύσιν
771 874 1106 946 μιαρῶτερα.
1164 872 1323 927 Ἀλλὰ
1364 872 1541 927 ταῦτα
1591 873 1768 925 πάντα
1801 872 1862 925 τὰ

1981 871 2120 925 lictis
2140 871 2319 939 pejora
2354 880 2497 936 sunt,
2533 886 2653 939 qua:
2686 880 2873 926 contra
2907 882 3155 927 naturam
3198 879 3550 932 committun-

295 966 440 1019 κακὰ
499 966 764 1035 μετάνοια
817 965 1116 1036 εἰλικρινὴς
1175 962 1500 1034 θεραπεύειν
1556 962 1864 1029 ἐπίσταται,

1979 972 2084 1016 tur.
2112 962 2311 1017 Verum
2336 962 2462 1016 haec
2487 964 2667 1017 omnia
2700 962 2890 1017 delicta
2968 965 3182 1019 sincera
3235 968 3547 1035 poenitentia

296 1056 445 1123 παρὰ
474 1055 567 1108 τοῦ
611 1054 798 1127 κριτοῦ
858 1055 957 1127 τὴν
998 1056 1303 1126 ἐπιστήμην
1340 1053 1542 1125 ταύτην
1568 1055 1865 1123 ἐγκεχειριε

1985 1055 2200 1124 expiare
2232 1055 2398 1119 novit,
2447 1069 2510 1108 ex
2560 1056 2785 1110 scientia
2850 1071 3011 1125 quam
3066 1073 3311 1113 summus
3362 1059 3554 1115 indidit

307 1149 501 1219 σμένη.

1976 1143 2171 1199 Judex.

526 1259 689 1312 ΣΝΔν.
720 1288 787 1298 -
817 1254 1119 1324 ΤΙΜΟΘΕῼ
1158 1254 1614 1323 ΣΧΟΛΑΣΤΙΚῼ.

2152 1250 2374 1306 CCLIV.
2396 1280 2467 1290 —
2497 1249 2845 1307 TIMOTHEO
2874 1249 3368 1310 ‘SCliOLASTlCO.

1380 1346 1613 1399 Adversa
1640 1345 1749 1414 pati
1777 1344 1974 1414 injuste
2011 1344 2065 1397 in
2094 1344 2198 1397 vita
2225 1343 2464 1410 perutile.

366 1458 594 1527 ’Ἐπειδὴ
622 1457 683 1510 τὸ
709 1455 872 1527 μηδὲν
895 1454 1087 1508 παθεῖν
1111 1456 1167 1507 ὲν
1195 1453 1273 1525 τῷ
1302 1439 1532 1525 παρόντι
1563 1454 1663 1525 βίῳ
1693 1456 1873 1525 κρεῖτ-

2050 1451 2181 1507 Cum
2217 1452 2270 1506 in
2295 1452 2396 1506 hac
2419 1452 2527 1505 vita
2557 1451 2692 1505 nihil
2720 1452 2929 1507 adversi
2970 1453 3178 1522 perpeti
3212 1468 3376 1524 supra
3405 1472 3552 1511 mor-

295 1568 385 1606 τον
414 1551 447 1621 ἢ
487 1549 629 1603 κατὰ
655 1547 956 1620 ἄνθρωπον,
1004 1547 1226 1616 ἄμεινον
1258 1546 1318 1598 τὸ
1358 1546 1563 1609 ἀδίκως
1593 1563 1645 1599 τι
1678 1545 1864 1599 παθεῖν

1983 1543 2167 1597 talium
2195 1543 2266 1595 sit
2290 1554 2516 1606 sortem,
2551 1544 2623 1596 ita
2652 1542 2844 1597 melius
2881 1543 3076 1611 injuste
3106 1545 3232 1613 quid
3262 1547 3366 1613 pati
3392 1562 3552 1615 quant

301 1641 576 1714 ἣδικαίως
602 1640 736 1711 (7|).
790 1638 861 1691 Τὸ
894 1638 993 1707 μὲν
1033 1637 1140 1708 γὰρ
1187 1636 1493 1705 φιλοσόφων
1533 1636 1670 1701 ἐστὶ,
1719 1637 1780 1689 τὸ
1815 1637 1870 1690 δὲ

1985 1633 2139 1702 iuste.
2159 1632 2283 1686 'Hoc
2312 1632 2456 1687 enim
2493 1641 2576 1687 est
2606 1632 3034 1703 philosophicum
3093 1649 3157 1690 ac
3207 1637 3389 1705 pium;
3426 1637 3554 1691 illud

302 1734 643 1804 κακούργων·
672 1732 732 1785 τὸ
757 1730 856 1800 μὲν
883 1728 1205 1799 εὐδοκίμων,
1230 1728 1294 1782 τδ
1326 1728 1382 1783 δὲ
1410 1728 1754 1799 ὲργολάόωνί·
1783 1731 1871 1782 καὶ

1987 1737 2108 1777 vero
2141 1723 2511 1790 improborum
2544 1726 2843 1793 proprium.
2881 1724 2992 1779 Hoc
3020 1727 3315 1795 proborum
3344 1744 3407 1782 ac
3440 1729 3556 1783 lau-

301 1826 359 1878 τὸ
390 1825 490 1895 μέν
525 1825 642 1876 ἐστι
672 1820 1251 1889 στεφάνωνὺπὸθεσις,
1289 1819 1350 1872 τὸ
1372 1818 1429 1872 δὲ
1461 1818 1870 1889 ἁμαρτημάτων

1987 1814 2276 1867 dandorum
2303 1822 2419 1878 est;
2461 1813 2590 1867 illud
2632 1814 3086 1884 sycophantarum
3111 1830 3205 1871 seu
3229 1817 3556 1888 quadrUpla-

299 1915 580 1979 ἀντίδοσιςο
608 1914 667 1968 τὸ
694 1912 1093 1984 μὲνρφειλὲτην
1117 1911 1403 1982 καθίστησι
1425 1911 1513 1963 τὸν
1542 1910 1696 1975 Θεὸν,
1727 1910 1789 1963 τὸ
1809 1910 1866 1963 δὲ

1987 1913 2176 1957 torum.
2200 1904 2267 1956 Et
2289 1903 2389 1958 hoc
2412 1905 2628 1973 quidem
2660 1918 2917 1959 coronam
2969 1915 3239 1974 meretur;
3273 1908 3400 1961 illud
3432 1925 3556 1977 pec-

302 2007 628 2077 ὀφλημάτων
655 2006 773 2058 ἐστὶ
799 2004 1063 2068 διάλυσις.

1983 2005 2223 2050 calorum
2268 2005 2349 2051 est
2393 2009 2601 2051 merces
2646 2009 2661 2049 :
2702 1996 2966 2066 huiusque
3015 1998 3227 2054 debitor
3255 1998 3396 2057 Deus
3436 2009 3552 2066 est;

1977 2088 2105 2143 illud
2133 2102 2261 2142 vero
2292 2086 2595 2142 debitorum
2622 2088 2926 2145 dissolutio.

576 2202 744 2255 sue.
775 2230 842 2241 -
868 2199 1223 2271 ΛΑΜΠΕΤΙῼ
1264 2199 1583 2270 ΔΙΑΚΟΝῼ.

2246 2193 2448 2251 CCLV.
2478 2225 2545 2237 —
2577 2193 2928 2253 LAMPETIO
2958 2197 3275 2257 DIACONO.

750 2290 907 2360 Regis
931 2304 975 2345 et
1010 2293 1220 2361 tyranni
1248 2292 1547 2345 discrimen.
1575 2288 1770 2345 Contra
1806 2289 2005 2358 factum
2031 2288 2376 2358 quorumdam
2403 2288 2562 2357 episc.
2595 2286 2756 2356 (Vide
2782 2291 2932 2358 epist.
2966 2292 3112 2361 126.)

374 2397 508 2451 Λίαν
542 2396 826 2467 θαυμαζω,
868 2397 984 2461 πῶς
1018 2398 1167 2461 τινὲς
1211 2398 1308 2469 μὲν
1345 2399 1456 2452 τῶν
1491 2397 1736 2470 ἀρχαίων
1779 2398 1875 2461 τὰς

2056 2398 2308 2451 Admiror
2343 2397 2592 2467 equidem
2622 2407 2680 2452 ut
2704 2398 3005 2467 antiquitus
3028 2400 3277 2455 nonnulli
3311 2405 3557 2471 tyranni-

298 2486 619 2558 τυραννίδας
646 2488 725 2549 είς
763 2487 1033 2557 πατρικὴν
1076 2486 1403 2556 κηδεμονίαν
1438 2484 1696 2555 ἔτρεψαν·
1729 2484 1867 2546 τινὲς

1990 2487 2101 2541 dem
2133 2503 2254 2541 cum
2283 2487 2459 2556 patrio
2510 2484 3105 2554 permutaruutollicio.
3150 2488 3376 2555 Quidam
3427 2506 3559 2545 vero

306 2578 364 2630 δὲ
393 2578 502 2630 τῶν
532 2578 650 2631 νυνὶ
686 2576 1136 2648 νεωτεριζόντων,
1179 2576 1275 2629 καὶ
1300 2576 1399 2646 τὴν
1428 2574 1753 2645 ποιμενικὴν
1786 2590 1875 2641 φι-

1988 2593 2133 2633 nunc
2169 2579 2331 2632 rebus
2361 2577 2514 2632 novis
2537 2578 2840 2643 studentes,
2876 2593 2939 2632 ac
2969 2580 3294 2647 pastoralem
3318 2596 3556 2637 amorem

299 2669 626 2740 λοστοργίαν
675 2670 755 2732 είς
803 2667 1131 2740 τυραννικὴν
1181 2667 1507 2737 αὐτονομίαν
1561 2665 1868 2736 μετέϐαλον·

1989 2685 2108 2740 erga
2146 2684 2360 2739 gregem
2390 2668 2490 2723 sibi
2515 2669 2863 2724 commissum
2884 2669 2939 2723 in
2974 2671 3313 2739 tyrannidem
3343 2683 3558 2727 verten-

311 2759 407 2830 ούχ
434 2757 728 2811 ὑπεύθυνον
759 2759 931 2829 ἀρχὴν
957 2756 1424 2828 ὲμπεπιστεῦθαι,
1457 2756 1571 2809 ἀλλ’
1605 2758 1879 2827 αὐτοκρα-

1993 2772 2070 2816 tcs
2112 2777 2214 2814 non
2263 2769 2537 2825 rexcrunt,
2574 2759 2725 2827 quasi
2772 2759 3034 2813 creditum
3068 2760 3169 2813 sibi
3217 2770 3361 2815 esset
3399 2762 3562 2832 impe‘

232 2922 237 2927 Δ
311 2851 537 2922 τορικὴν
574 2849 818 2917 ἐξουσίαν
844 2849 1224 2921 κεκληρῶσθαι
1256 2848 1598 2919 νομίσαντες.

1988 2852 2151 2915 rium,
2184 2853 2274 2906 sed
2306 2850 2459 2904 velut
2480 2850 2776 2919 imperandi
2800 2858 3127 2919 potestatem
3144 2860 3299 2907 sorte
3325 2852 3557 2907 oblatam

1989 2941 2096 2995 sint
2126 2940 2300 2995 nacti.

616 3051 795 3120 ENG’.
821 3082 893 3093 —
928 3053 1113 3123 ΚΥΡῼ
1157 3049 1582 3105 ΜΟΝΑΖΟΝΤῙ.
1912 3041 1955 3098 C
2313 3045 2534 3101 CCLV].
2565 3074 2636 3086 —
2659 3043 2846 3102 CYRO
2878 3043 3230 3103 MONACHO.

1682 3139 1759 3195 De
1782 3138 1936 3207 mali.
1965 3140 2196 3196 invidiw.

387 3252 450 3306 Οἱ
483 3251 574 3306 νοῦ
611 3252 703 3305 καὶ
736 3252 1049 3323 φρονήσεως
1076 3247 1452 3321 ἀμοιροῦντες,
1492 3247 1729 3311 ἐκείνους
1772 3246 1885 3300 δια·

2065 3247 2167 3315 Qui
2215 3258 2395 3304 mente
2444 3248 2837 3320 prudentiaque
2888 3261 3097 3315 carent,
3150 3251 3332 3307 odisse
3387 3254 3561 3306 solent

317 3342 531 3396 τελοῦσι
580 3343 899 3414 μισοῦντες,
951 3340 1044 3402 οὒς
1093 3341 1160 3394 ἂν
1211 3337 1594 3392 ύποπτεύσωσι
1642 3336 1886 3407 βελτίους

1994 3352 2249 3412 perpetuo
2306 3358 2441 3411 quos
2484 3357 2609 3398 sese
2673 3342 2922 3397 meliores
2995 3356 3117 3398 esse
3194 3344 3557 3411 suspicantur,

323 3435 526 3488 ἑαυτῶν
569 3435 745 3498 ὄντας·
791 3433 976 3487 καὶτὸ
1024 3434 1179 3504 μῖσος
1219 3430 1513 3501 τρέφουσιν
1559 3430 1659 3482 οὐκ
1684 3429 1777 3497 ἀφ’
1811 3421 1886 3481 ὧν

1995 3436 2249 3504 aluntque
2268 3436 2447 3489 odium
2476 3450 2609 3506 erga
2661 3449 2776 3502 eos,
2808 3450 2913 3490 non
2941 3450 2970 3490 a
2997 3435 3190 3505 quibus
3218 3436 3393 3492 aﬂ‘ecti
3425 3440 3564 3507 inju-

316 3526 653 3596 ⁴ᾑδι.κήθησαν
696 3521 877 3599 (ἦττον
903 3526 1011 3597 γὰρ
1043 3525 1108 3578 ἂν
1137 3519 1205 3595 ἦν
1239 3522 1367 3584 ίσως
1397 3521 1613 3591 κακὸν),
1650 3520 1763 3572 ἀλλ’
1792 3519 1885 3589 ἀφ’

1995 3528 2072 3580 ria
2103 3535 2228 3581 sunt
2253 3525 2454 3596 (minus
2486 3527 2627 3581 enim
2660 3526 2715 3580 id
2746 3527 2945 3581 malum
2983 3528 3213 3584 fortasse
3242 3527 3437 3594 foret),
3466 3532 3562 3585 sed

318 3609 393 3669 ὧν
416 3614 514 3687 τῆς
537 3615 652 3670 κατ’
688 3616 885 3686 ἀρετὴν
914 3612 1162 3676 εὐκλείας
1184 3612 1669 3682 ἁπολιμπάνονται.

1530 3630 1669 3669 νται.
1996 3631 2027 3671 a
2068 3619 2266 3689 quibus
2298 3617 2513 3672 virtutis
2554 3617 2719 3687 gloria
2755 3629 3099 3687 superantur.

580 3724 746 3781 ENZ'.
774 3753 843 3765 —
876 3725 1123 3795 ΖΩΣΙΜῼ
1160 3724 1630 3793 ΠΡΕΣΒΥΤΕΡῼ.

2205 3725 2452 3780 CCLVII.
2480 3756 2549 3767 —
2582 3725 2835 3782 ZOSIMO
2872 3726 3349 3786 PRESBYTE‘O.
3443 3782 3450 3799 ,

764 3817 843 3869 Ad
872 3819 1059 3870 bonam
1095 3818 1285 3871 invitat
1316 3817 1540 3886 frugem,
1570 3817 2001 3887 acquiescendum
2026 3818 2262 3872 consiliis
2288 3819 2561 3872 bonorum.
2596 3816 2784 3889 (Supr.
2808 3820 2957 3887 epist.
2981 3821 3131 3889 105.)

392 3923 485 3994 Μὴ
517 3922 613 3993 τὴν
646 3924 712 3976 ὲκ
743 3924 839 3991 τῆς
866 3922 1070 3987 οίκείας
1107 3924 1381 3996 ῥᾳθυμίας
1424 3923 1624 3995 ψῆφον,
1662 3924 1760 3995 τὴν
1788 3925 1894 3978 ὑπὸ

2064 3927 2144 3981 Ne
2178 3928 2408 3997 propriae
2451 3926 2681 3997 ignavia
2705 3928 3027 3984 sententiam
3060 3930 3241 3995 abiis,
3274 3932 3435 4003 637
3470 3936 3558 4003 qui

320 4017 429 4071 τῶν
462 4016 532 4069 τὰ
565 4016 703 4069 αὐτά
733 4033 815 4069 σοι
847 4015 1092 4087 δρώντων
1126 4016 1488 4089 κυρουμένην,
1519 4017 1619 4085 τῆς
1645 4016 1889 4088 ἀληθείας

1998 4021 2050 4074 in
2088 4019 2275 4075 eadem
2330 4028 2506 4075 tecum
2552 4019 2705 4089 culpa
2749 4028 2896 4083 sunt,
2927 4020 3299 4075 confirmatam
3334 4024 3560 4078 veritate

322 4106 463 4166 εἶναι
497 4109 725 4181 νομίσῃς
763 4109 1207 4180 ἀξιοπιστοτέραν
1258 4112 1327 4179 (εί
1360 4111 1469 4180 γὰρ
1503 4111 1599 4163 καὶ
1627 4112 1659 4181 ἡ
1702 4128 1891 4180 χείρω⁴

1999 4113 2103 4166 {ide
2130 4112 2426 4181 digniorem
2458 4126 2578 4167 esse
2616 4122 2791 4180 putes.
2822 4109 2885 4166 Si
2918 4111 3063 4166 enim
3092 4121 3146 4166 et
3173 4111 3389 4167 malitiae
3417 4130 3562 4168 mor-

324 4204 533 4275 σαμένη
584 4220 641 4255 σε
680 4202 779 4273 τῆς
823 4203 1019 4267 κακίας
1066 4204 1220 4264 νόσος
1249 4203 1424 4257 ταῦτά
1464 4220 1546 4255 σοι
1577 4202 1893 4272 νομοθετεῖ,

1998 4204 2121 4265 bus,
2158 4218 2264 4272 quo
2319 4201 2548 4272 raperis,
2580 4202 2696 4257 haec
2746 4202 2841 4257 tibi
2895 4203 3214 4273 praescribit,
3257 4205 3566 4275 habeasque

322 4298 416 4348 καὶ
441 4295 567 4358 τοὺς
593 4294 661 4347 τὰ
692 4293 829 4347 αὐτά
855 4311 936 4347 σοι
969 4294 1255 4357 νοσοῦντας
1272 4294 1561 4357 ἐπαινέτας
1591 4293 1747 4364 ἔχει)·
1779 4292 1891 4345 ἀλλ’

2002 4295 2300 4348 laudatores
2351 4295 2447 4357 tui,
2494 4295 2583 4362 qui
2627 4294 2813 4347 eodem
2866 4304 3039 4347 tecum
3075 4293 3270 4348 morbo
3296 4293 3564 4359 laborant,

320 4386 374 4438 εἴ
395 4402 455 4455 γε
483 4387 557 4456 μὴ
585 4386 663 4448 είς
693 4386 988 4455 ἀνήκεστον
1019 4382 1181 4457 ἦλθες
1210 4385 1500 4457 ρᾳθυμίαν,
1534 4386 1635 4439 οὐκ
1655 4385 1763 4439 ἀπὸ
1791 4386 1889 4438 τῶν

1998 4385 2120 4457 (nisi
2167 4385 2217 4438 in
2269 4384 2616 4438 incurabilem
2660 4382 2807 4438 forte
2860 4383 3104 4439 morbum
3157 4383 3437 4454 incidisti),
3463 4402 3567 4439 nou

321 4477 620 4530 νοσούντων
678 4477 885 4540 δίκαιος
938 4477 1004 4529 ἂν
1053 4476 1169 4546 εἴης
1217 4476 1399 4529 λαὸεῑν
1458 4477 1559 4540 τὰς
1610 4476 1739 4547 περὶ
1792 4476 1890 4527 τῶι

2002 4478 2073 4534 sit
2100 4492 2309 4545 aequum
2352 4478 2418 4531 ab
2466 4475 2622 4545 aegris
2652 4477 2900 4545 accipere
2943 4490 3123 4529 rerum
3166 4484 3378 4529 tuarum
3425 4475 3571 4544 judi-

322 4569 665 4641 πραγμάτων
726 4568 935 4638 ψήίρους
998 4569 1088 4639 (εί
1141 4569 1249 4640 γὰρ
1297 4568 1505 4627 τούτοις
1560 4568 1744 4637 Eni/ato,
1812 4566 1891 4618 ml

2004 4568 2147 4622 cium
2179 4567 2327 4633 (nam
2374 4566 2418 4620 si
2470 4579 2564 4621 eos
2594 4565 2858 4633 sequaris,
2892 4563 3337 4619 condemnaberis
3376 4564 3570 4617 merito

326 4662 576 4731 ἰατρικῆς
630 4661 723 4712 καὶ
784 4659 1101 4730 φιλοσοφίας
1149 4660 1580 4730 καταψηφίσῃ),
1630 4659 1744 4712 ἀλλ’
1792 4658 1895 4711 ἀπὸ

2006 4672 2035 4710 a
2064 4656 2287 4710 Inedicis
2312 4654 2759 4725 acepbilosophis)
2800 4656 2893 4709 sed
2935 4670 2964 4707 a
3015 4664 3159 4708 recte
3186 4653 3485 4708 valentibus
3509 4670 3573 4706 ac

321 4749 432 4800 τῶν
478 4749 845 4816 ὑγιαινόντων.
897 4750 960 4802 Ei
993 4750 1036 4802 δ’
1087 4750 1258 4813 οὐδείς
1310 4767 1390 4803 σοι
1432 4749 1693 4817 ὑγιαίνειν
1730 4748 1890 4811 δοκεῖ,

2006 4747 2171 4801 sanis.
2209 4744 2362 4811 Quod
2403 4745 2448 4799 si
2485 4760 2642 4800 nemo
2673 4744 2857 4799 valens
2887 4743 2980 4797 tibi
3027 4744 3275 4797 videatur
3306 4744 3571 4812 ,(azgrotas

329 4840 560 4909 μάλιστα
613 4841 707 4910 μὲν
762 4843 937 4905 νοσεῖς
998 4841 1182 4910 (72)’
1237 4845 1284 4893 εί
1336 4842 1392 4894 δὲ
1446 4844 1732 4907 ἀπιστεῖς,
1785 4842 1898 4903 ταῖς

2064 4840 2149 4892 tim
2178 4838 2356 4907 valde)
2375 4852 2438 4892 ac
2467 4837 2509 4892 si
2550 4852 2655 4890 non
2696 4835 2873 4890 credis
2904 4842 3049 4889 recta
3076 4833 3346 4897 suadenti,
3384 4837 3450 4887 ad
3488 4849 3576 4887 sa-
3628 4852 3633 4861 ·

314 4930 499 4993 ’θείαις
532 4932 769 5001 Γραφαῖς
799 4929 1062 5001 ἐντυχὼν,
1102 4933 1219 5002 εἴσῃ
1242 4934 1335 4985 καὶ
1363 4933 1454 4985 τοῦ
1478 4935 1780 5003 νοσήματος
1802 4933 1883 5002 τὴι

2057 4945 2158 4983 ram
2208 4929 2544 4997 Scripturam
2588 4938 2638 4980 te
2690 4926 2936 4994 recipito,
2980 4932 3039 4976 ιιι
3085 4923 3255 4977 morbi
3280 4938 3577 4994 cognoscas
3623 4920 3626 4925 “

328 5021 551 5083 κακίαν,
578 5022 673 5074 καὶ
708 5023 804 5091 τῆς
834 5021 1035 5085 κακίας
1067 5022 1166 5092 τὴν
1197 5022 1537 5094 ἀπαλλαγήν.

2057 5037 2116 5075 ιιι)
2138 5031 2201 5075 et
2228 5020 2445 5075 malitia?
2477 5020 2695 5073 haurias
2723 5018 3136 5071 correctionem.

396 5178 442 5208 ”
477 5179 677 5248 I‘Iphes.
713 5194 765 5244 ν,
794 5178 1103 5245 ‘5;'Coloss.
1134 5193 1217 5245 Ill,
1253 5179 1286 5231 5

1425 5291 1658 5347 VARUE
1705 5292 2094 5349 LECTIONES
2132 5290 2219 5346 ET
2258 5290 2489 5346 NOTAS.

396 5428 510 5497 ('70)
543 5428 713 5482 Codd.
747 5427 874 5482 Vat.
909 5427 1011 5482 650
1041 5436 1093 5482 et
1118 5428 1251 5489 ML,
1277 5426 1487 5497 εμθόνος·
1523 5424 1701 5493 placet
1724 5433 1902 5477 tamen

2082 5424 2321 5497 (7‘2)_Ed.
2343 5424 2536 5487 Paris.,
2563 5423 2687 5475 εἰσί.
2720 5422 3366 5497 Ιλθεοηᾱιιιιιᾳεεγθνοσεῒς
3397 5441 3459 5479 ex
3490 5442 3572 5477 se-

323 5494 456 5552 mihi
489 5494 700 5566 quidem
732 5498 902 5561 magis
926 5499 1052 5551 editi
1090 5498 1264 5551 lectio.
1300 5495 1509 5548 Possm.
1597 5563 1606 5566 _
1709 5563 1718 5566 _
1845 5561 1854 5566 _
2011 5495 2297 5566 quentibus
2329 5503 2578 5566 apparet,
2597 5502 2651 5546 et
2677 5494 2826 5566 supr.
2849 5508 2935 5566 ep.
2960 5494 3058 5546 l59
3078 5533 3090 5556 ,
3115 5508 3234 5566 pag.
3256 5494 3341 5557 79,
3362 5510 3501 5566 ιρις.
3521 5497 3577 5561 5,

398 5559 523 5637 (⁵71)’
548 5566 687 5622 Edit.
720 5559 919 5637 Paris,
949 5568 1169 5635 ἄμεινον
1194 5567 1261 5637 ,τὸ
1292 5566 1490 5626 ἀδίκως
1517 5581 1531 5596 ν
1564 5563 1764 5637 τὸμὲν
1796 5561 1903 5637 γὰρ
2010 5566 2119 5632 ὅσῳ
2166 5559 2257 5615 οὖν
2302 5559 2513 5637 -χείρων
2557 5564 2585 5614 ὁ
2616 5562 2712 5637 Δμὴ
2747 5559 3082 5637 ξαίσθρμενος
3120 5559 3273 5625 τέως
3323 5564 3421 5633 τῆς
3491 5559 3577 5616 v44

328 5631 634 5705 φιλοσόφων
672 5637 811 5689 ἐστί.
846 5631 1019 5691 Locus
1054 5635 1329 5707 suppletur
1359 5650 1423 5688 ex
1476 5634 1595 5688 cod.
1624 5634 1730 5687 Alt.
1764 5634 1897 5700 apud

328 5708 635 5759 Possinum.
661 5706 818 5759 lima.

1703 5643 1730 5685 ι.
1764 5634 1902 5700 apud
2014 5631 2127 5697 σου,
2162 5644 2268 5689 etc.
2302 5631 2436 5687 Vide
2461 5642 2513 5686 et
2545 5634 2699 5700 epist.
2742 5632 2774 5685 8
2798 5643 2848 5687 et
2878 5633 3001 5687 269.
3037 5633 3272 5687 Senurr.

324 5708 635 5762 Fossinum.
661 5708 818 5759 lima.
