3974 6144
462 307 594 371 1487
1411 330 1413 333 ·
1644 310 1704 369 8,
1749 307 2039 368 ISI‘DORI

2178 298 2518 362 LUSIOTzE
3581 280 3729 346 MSS

850 413 1115 471 CCLVIII.
1131 413 1633 472 —ADAMANT[0.
2057 424 2108 479 Α

1607 528 1932 598 Eloquentia:
1965 535 2182 593 praestat
2222 523 2571 594 philosophia.

533 629 680 686 Scito
710 634 939 688 amicum
979 635 1131 690 illum
1165 646 1316 691 tuum
1383 637 1789 708 magniloquum
1837 637 2028 690 verbo-

2209 634 2346 686 Ἷσθι
2373 673 2386 695 ,
2419 633 2494 695 ὡς
2523 633 2551 683 ὁ
2589 629 2741 700 φίλος
2773 627 2802 679 ὁ
2839 625 2929 689 σὸς
2957 624 2986 676 ὁ
3021 620 3398 694 μεγαλήγορος
3441 612 3746 708 scabiei-.5

465 737 689 790 rumque
717 735 1024 780 venatorem
1055 728 1120 782 ad
1169 743 1254 783 me
1291 738 1350 783 ut
1388 706 1605 784 domum
1657 735 2026 784 revertentem

2173 724 2306 794 ήρας
2329 717 2459 792 ἦλθε
2495 720 2594 789 μὲν
2621 717 2697 780 ὡς
2732 712 3086 785 ἀναστρέψων
3129 709 3314 765 οἴκαδε
3343 750 3361 774 ,
3415 706 3728 776 παρέμεινε

466 813 695 876 venisse,
726 816 993 874 mansisse
1015 833 1144 873 vero
1173 829 1392 888 captum
1425 819 1608 874 studio
1635 815 2028 889 philosophiae;

2173 813 2192 866 ὲ
2221 813 2379 876 ἁλοὺς
2402 811 2480 882 τῷ
2500 811 2598 884 τῆς
2626 807 2942 882 φιλοσοφίας
2964 804 3145 875 ἔρωτι·
3177 800 3274 854 καὶ
3302 798 3396 854 νῦν
3416 797 3514 869 τὴν
3542 797 3730 889 γλῶτ-

464 912 517 954 ct
552 919 691 957 nunc
715 919 776 959 os
811 905 1066 964 claudens
1113 921 1346 966 mentem
1411 887 2037 980 excolitipotissimum,

2173 922 2236 957 αν
2275 902 2663 973 ἐπιστομίζων,
2709 899 2808 970 τῆς
2853 896 3082 968 γνώμης
3118 891 3484 963 ἐπιμελεῖταιο
3515 887 3727 980 μικρὸν

465 993 713 1046 edoctum
735 994 846 1065 jam
884 998 1019 1053 bene
1070 999 1322 1071 loquendi
1368 1002 1477 1055 vim
1506 976 1757 1071 exiguum
1793 998 1924 1068 quid
1971 998 2040 1052 ad

2173 995 2372 1065 πρᾶγμα
2401 994 2499 1065 τὴν
2533 989 2866 1062 εὑγλωττίαν
2896 987 3035 1057 πρὸς
3083 985 3182 1058 τὴν
3225 981 3540 1052 φιλοσοφίαν
3578 976 3729 1034 εἶναι

467 1083 858 1155 philosophiam
891 1100 1262 1159 comparatum
1293 1106 1439 1146 esse.

2173 1083 2472 1147 παιδευθείς.

768 1193 990 1250 CCLIX.
1008 1226 1074 1237 --
1097 1196 1370 1253 DIOGENI
1423 1195 1737 1252 DIACONO.

2457 1190 2699 1246 ENO'.—-
2733 1185 3042 1241 MOFENEI
3079 1183 3400 1252 ΔΙΑΚΟΝῼ.

1078 1288 1270 1343 Divina
1299 1291 1476 1356 potius
1504 1304 1662 1359 quam
1694 1288 1924 1342 humano
1951 1286 2046 1340 niti
2076 1285 2220 1339 decet
2265 1284 2491 1339 auxilio.
2523 1281 2748 1354 (Similis
2781 1282 2934 1350 epist.
2972 1278 3124 1348 226.)

539 1388 667 1456 CIII',
721 1405 756 1446 0
804 1393 887 1447 vir
940 1396 1158 1462 optime,
1203 1396 1296 1452 Dei
1360 1398 1700 1464 prmseutiatn
1756 1397 2034 1452 hominum

2211 1394 2383 1458 Διατί,
2423 1388 2468 1447 ὦ
2497 1393 2742 1462 βέλτιστε
2762 1431 2777 1455 ,
2805 1390 2908 1460 τὴν
2937 1388 3090 1442 θείαν
3118 1387 3436 1458 συμμαχίαν
3461 1385 3730 1457 δευτέραν

472 1486 891 1547 postponendam
921 1487 1121 1540 auxilio
1148 1490 1368 1544 censes?
1408 1499 1500 1542 aut
1523 1504 1690 1558 quare
1726 1488 2036 1542 mortalium

2173 1485 2240 1554 ἧς
2266 1484 2376 1538 τῶν
2398 1482 2701 1554 ἀνθρώπων
2735 1479 3057 1549 ἐπικουρίας
3078 1480 3184 1549 ἡγῇ
3207 1517 3223 1542 ,
3250 1477 3284 1547 ἢ
3315 1476 3407 1528 τοῦ
3437 1477 3598 1547 χάριν
3620 1477 3726 1545 τὴν

473 1571 766 1626 amicitiam
790 1579 1074 1645 anteponis
1107 1580 1338 1634 divinae?
1366 1581 1530 1634 Decet
1559 1591 1762 1642 autem,
1803 1578 2040 1632 adhibita

2173 1576 2248 1628 ὧν
2283 1574 2491 1646 θνητῶν
2523 1572 2702 1642 φιλίαν
2733 1571 3004 1643 προτέραν
3032 1570 3184 1637 ἄγεις
3217 1568 3318 1638 τῆς
3353 1567 3537 1632 θείας;
3577 1568 3732 1620 Καί-

477 1657 530 1749 in
567 1661 852 1716 consilium
878 1667 1110 1733 ratione,
1154 1683 1259 1722 non
1289 1670 1534 1722 humanae
1572 1669 1843 1736 lragilitati
1873 1669 2044 1722 victo—

2173 1683 2224 1720 ὀι
2258 1666 2396 1736 χρῆν
2431 1665 2603 1734 δήπου
2632 1663 2722 1716 τὸν
2751 1661 3012 1732 λογισμὸν
3046 1661 3108 1713 τὺ
3136 1659 3255 1713 δέον
3283 1659 3607 1722 σκοποῦντα,
3645 1659 3729 1729 μὴ

477 1745 569 1798 riae
594 1755 774 1813 partes
814 1753 1134 1822 concedere,
1163 1771 1354 1812 verum
1400 1757 1614 1811 invictae
1678 1755 1771 1811 Dei
1810 1757 2046 1812 dextera:

2179 1759 2210 1828 ᾖ
2257 1755 2478 1809 ἀσθενεῖ
2527 1753 2634 1808 τῶν
2675 1751 2978 1822 ἀνθρώπων
3020 1751 3247 1822 δυνάμει
3290 1751 3388 1820 τὴν
3429 1751 3527 1822 τῆς
3562 1751 3732 1819 νίκης

2546 402 2720 455 amr.
2761 428 2832 441 -
2875 392 3294 463 ΑΔΔΜΑΝΤΙῼ.
3367 388 3380 404 ·

477 1836 806 1894 attribuere:
832 1842 915 1895 cui
955 1843 1220 1902 inhaerens
1257 1847 1502 1916 superior
1530 1847 1783 1902 omnibus
1817 1861 2044 1918 appare-

480 1923 563 1978 bis
593 1930 1007 1987 teutatiouibus.

513 2115 710 2174 chx.
731 2123 1261 2194 —-lllARTlNlANO,
1298 2129 1573 2196 zosmo,
1603 2099 2049 2188 eusrarmo.

2148 1846 2462 1918 ἐπιτρέπειν
2485 1845 2684 1916 ψῆφον,
2706 1843 2842 1898 ἀλλὰ
2869 1847 2966 1914 τῆς
2988 1843 3255 1914 ἀηττήτου
3278 1842 3493 1912 ἔχεσθαι
3519 1842 3724 1909 δεξιᾶς-

2150 1931 2218 2009 ἦς
2261 1937 2687 2009 ὁμάντεχόμενος
2731 1937 2995 2006 κρείττων
3037 1934 3207 2005 δήπου
3245 1934 3353 1988 τῶν
3405 1934 3729 2004 πειρασμῶν

2152 2003 2614 2100 άποφανθήσεται.

2234 2138 2350 2192 Σεο.
2386 2167 2456 2178 -
2485 2135 2938 2206 ΜΑΡΤΙΝΙΛΝῼ,
2974 2134 3244 2205 ΖΩΣιΜῼ,
3284 2130 3637 2200 aranea).

1066 2217 1447 2275 Exliortatoria
1479 2233 1554 2276 est
1582 2221 1650 2276 ad
1679 2223 1795 2283 vita
1820 2221 2250 2282 emendationem.
2280 2227 2440 2294 (Vide
2468 2229 2617 2295 epist.
2643 2226 2734 2290 87,
2776 2225 2876 2280 120
2901 2235 2951 2278 et
2982 2222 3136 2293 269.)

553 2314 631 2368 Ne
657 2318 995 2388 existimetis,
1024 2325 1147 2378 boui
1187 2327 1545 2399 viri,impune
1573 2311 1666 2384 vos
1695 2339 2048 2398 peccaturos:

489 2399 651 2464 riolitc
705 2409 798 2466 Dei
847 2412 1311 2484 longanimitatem
1368 2421 1710 2489 interpretari
1774 2421 2053 2490 negligen-

491 2499 640 2561 tiam,
677 2516 846 2568 neque
884 2506 1168 2561 sanitatem
1209 2511 1450 2578 corporis
1491 2511 1750 2565 malorum
1796 2525 1915 2566 esse
1977 2521 2056 2565 to-

492 2587 811 2655 lerautiam;
854 2610 917 2648 ac
958 2612 1047 2664 ne,
1109 2601 1236 2670 quia
1288 2603 1469 2655 statim
1526 2619 1632 2658 non
1689 2603 2058 2674 castigamini,

492 2678 668 2733 futura
693 2682 782 2737 Dei
819 2685 1268 2759 ell'ugerejudicia
1297 2693 1573 2748 credatis:
1601 2693 1730 2761 quin
1757 2695 1958 2762 pOtiIts,
1999 2708 2056 2747 rc

494 2772 668 2827 adhuc
694 2775 921 2848 integra,
959 2781 1313 2848 pmnitemiui.
1333 2783 1636 2838 Absurdum
1664 2783 1804 2838 enim
1830 2784 2062 2837 Inaxime

495 2861 588 2917 Dei
621 2867 934 2934 patientiam
984 2873 1049 2924 ad
1096 2874 1471 2941 paenitentiam
1511 2875 1846 2940 invitantem,
1872 2889 2057 2928 ansam

2225 2340 2316 2410 Μὴ
2356 2339 2603 2405 νομίζετε
2627 2376 2643 2402 ,
2676 2331 2721 2391 ὦ
2767 2335 3069 2408 βέλτιστοι,
3121 2332 3430 2402 ἀτιμωρητὶ
3471 2329 3727 2401 ἁμαρτά-

2157 2447 2288 2485 νειν·
2324 2430 2458 2502 μηδὲ
2493 2429 2754 2501 ἀμέλειαν
2789 2428 2888 2499 τὴν
2921 2427 3074 2481 θείαν
3103 2424 3488 2498 μακροθυμίαν
3511 2425 3728 2494 ἡγήσηι

2160 2521 2252 2574 σθε
2274 2560 2288 2586 ,
2329 2521 2462 2591 μηδὲ
2513 2518 2793 2591 ῥᾳστώνην
2832 2518 2929 2589 τὴν
2962 2516 3334 2582 ἀνεξικακίαν·
3370 2514 3503 2584 μηδὲ
3537 2513 3730 2583 ἐπειδὴ

2159 2612 2499 2682 παραχρῆμα
2519 2613 2619 2665 οὐκ
2645 2611 2997 2679 ἐκολάσθητε,
3029 2609 3120 2661 καὶ⁸
3141 2608 3232 2661 ἐπὶ
3257 2608 3363 2660 τῶν
3391 2605 3526 2676 μετὰ
3555 2605 3731 2658 ταῦτα

2159 2699 2440 2769 διαφυγεῖν
2466 2699 2792 2770 ὑπολάϐητε·
2820 2699 2933 2750 ἀλλ’
2970 2698 3074 2760 ἕως
3100 2697 3297 2764 ἔξεστι,
3338 2697 3728 2766 μετανοήσατε,

2171 2789 2542 2843 Ἀτοπώτατον
2591 2790 2729 2860 γὰρ,
2767 2789 2866 2858 τὴν
2913 2786 3063 2840 θείαν
3113 2787 3459 2853 ἀνεξικακίαν
3501 2786 3603 2854 τὴν
3652 2787 3728 2842 εἰς

2165 2880 2448 2950 μετάνοιαν
2515 2879 2804 2943 καλοῦσαν,
2857 2878 3069 2947 ἐφόδιον
3128 2877 3391 2947 μειζόνων
3450 2874 3725 2928 ποιεῖσθαι

494 2969 614 3010 esse
643 2961 1089 3032 occasionemque
1138 2965 1370 3032 plurium
1406 2967 1748 3022 delictorum.
1790 2965 1846 3021 Si
1899 2981 2051 3032 vero,

2173 2944 2592 3043 ltpap'rquzwv.
2622 2971 2683 3023 Et
2708 2971 2765 3024 δὲ
2790 2944 2964 3026 διὰτὸ
2997 2944 3221 3040 μηδέπω
3251 2967 3538 3022 δεδωκέναι
3573 2966 3729 3036 δίκην

496 3050 634 3116 quod
661 3066 846 3119 pinnas
887 3058 1118 3111 nomium
1153 3059 1396 3124 dedistis,
1434 3074 1532 3113 nec
1554 3074 1676 3114 esse
1703 3060 1928 3113 daturos
1951 3073 2050 3114 ex-

497 3142 770 3209 spectatis,
799 3160 922 3199 vere
939 3148 1146 3211 scitote,
1167 3150 1402 3203 divinum
1425 3149 1656 3214 Numen,
1683 3158 1741 3203 ut
1762 3151 2052 3204 humanum

497 3240 582 3282 est
605 3240 660 3284 et
683 3233 994 3304 benignum,
1030 3238 1103 3291 ita
1135 3239 1298 3292 etiam
1344 3254 1509 3293 verax
1571 3253 1716 3302 esse,
1753 3247 1806 3293 et
1845 3249 2058 3308 potens,

501 3321 829 3393 minimeque
853 3329 1362 3386 mendax.Exhibct
1413 3333 1596 3400 itaque
1650 3333 2060 3402 benignitatem,

502 3412 737 3479 priorum
762 3416 1080 3472 delictorum
1110 3419 1361 3474 differens
1396 3422 1824 3489 puuitionem,et
1855 3431 2064 3490 tempus

503 3504 736 3569 largiens
783 3509 1174 3563 emendationis
1217 3528 1231 3563 :
1279 3511 1442 3565 simul
1512 3527 1643 3566 vero
1692 3513 2063 3566 crescentibus

503 3594 714 3649 delictis
751 3597 966 3650 tandem
993 3598 1282 3668 aliquando
1312 3601 1485 3670 punit,
1521 3604 1791 3672 simulque
1819 3605 2060 3658 omn-ium

504 3685 821 3740 delictorum
873 3690 1285 3757 praecedentium
1317 3707 1382 3746 ac
1413 3693 1855 3762 subsequentiuin
1905 3694 2071 3749 scele-

508 3794 622 3831 rum
658 3793 842 3848 plenas
873 3781 1059 3850 exigit.

817 3887 982 3959 938
1013 3887 1312 3944 CCLXl.—w
1329 3889 1744 3947 lSCHYBlONi.

2160 3064 2281 3116 οὐδὲ
2309 3063 2488 3115 δοῦναι
2522 3061 2857 3134 προσδοκᾶτε
2876 3075 2890 3090 ·
2920 3055 2978 3113 εὖ
3006 3058 3119 3112 ἴστε
3144 3101 3158 3123 ,
3183 3058 3260 3122 ὡς
3287 3057 3348 3110 τὸ
3372 3057 3522 3110 Θεῐον
3547 3056 3731 3126 ὥσπερ

2164 3153 2544 3224 φιλάνθρωπόν
2573 3153 2738 3217 ἐστιν,
2773 3151 2914 3206 οὕτω
2947 3151 3038 3205 καὶ
3066 3149 3292 3220 ἀψευδὲς
3339 3149 3433 3202 καὶ
3480 3148 3728 3201 δυνατόν’

2164 3245 2667 3316 φιλανθρωπεύεται
2697 3244 2846 3313 γοῦν,
2878 3243 2971 3296 καί
3000 3242 3068 3296 τὰ
3093 3242 3285 3313 πρῶτα
3314 3241 3421 3295 τῶν
3461 3240 3733 3309 πταισμά-

2166 3355 2275 3393 των
2303 3338 2560 3407 παρίησιν
2595 3335 2936 3407 ἀτιμώρητα,
2969 3335 3157 3406 καιρδν
3185 3332 3610 3404 ἐπανορθώσεως
3639 3348 3734 3402 χα-

2171 3426 2471 3497 ριζόμενον·
2505 3426 2704 3495 ὁμοίως
2729 3425 2783 3477 δὲ
2805 3465 2819 3488 ,
2853 3425 2884 3495 ἢ
2919 3425 3010 3477 καὶ
3039 3422 3239 3492 μᾶλλον
3273 3421 3381 3474 τῶν
3413 3419 3733 3490 πλημμεὶηο

2173 3517 2354 3587 μάτων
2386 3516 2760 3586 ἀκμαζόντων,
2786 3515 3093 3568 τελευταῖον
3122 3512 3389 3584 ἀμύνεται
3408 3528 3424 3542 °
3465 3511 3560 3564 καὶ
3595 3509 3732 3577 ὁμοῦ

2170 3609 2408 3672 πάντων,
2449 3609 2556 3661 τῶν
2584 3625 2641 3660 τε
2677 3605 3004 3677 ἔμπροσθεν,
3044 3603 3153 3658 τῶν
3178 3621 3237 3657 τε
3277 3601 3504 3673 ὕστερον
3534 3602 3733 3671 τολμη·

2171 3699 2370 3754 θέντων
2408 3700 2562 3764 δίκας
2587 3699 2994 3769 εἰσπράττεται.

2631 3895 2791 3948 ΣΞΛ¹.
2808 3925 2883 3936 ---
2904 3895 3274 3950 ΙΣΧΥΡΙΩΝΙ.

1487 3981 1712 4038 Peccala
1738 3970 1944 4048 publica
1971 3988 2324 4058 scandalaque
2364 4005 2396 4041 a
2420 3987 2528 4042 Deo
2557 3989 2762 4053 punita.

577 4088 684 4141 Etsi
720 4089 1091 4143 admirandum
1149 4101 1452 4160 prasterqu
1514 4094 1820 4162 opinionem
1891 4096 2061 4149 visum

506 4182 569 4233 iri
605 4182 745 4249 quod
773 4182 948 4234 dicam
981 4183 1115 4244 scio,
1159 4183 1530 4249 nihilominus,
1556 4187 1680 4254 quia
1737 4201 1921 4240 verum
1958 4197 2061 4252 est,

508 4269 772 4339 proferam
807 4288 821 4324 :
859 4274 1108 4324 nimirum
1153 4275 1242 4341 qui
1300 4286 1487 4341 peccat
1533 4278 1770 4346 gravius,
1806 4278 1941 4332 clam
1991 4288 2073 4333 ta-

2242 4100 2304 4153 El
2342 4101 2437 4153 καὶ
2477 4099 2788 4170 θαυμαστὸν
2823 4102 2918 4154 καὶ
2965 4099 3268 4170 παράδοξον
3309 4094 3451 4153 εἶναί
3491 4114 3574 4151 σοι
3603 4095 3738 4159 διξει

2169 4191 2230 4243 τὺ
2262 4189 2653 4261 ῥηθησόμενον,
2690 4189 2803 4244 ἀλλ’
2846 4192 2994 4261 ὅμως
3024 4190 3222 4262 ἀληθὲς
3251 4190 3310 4242 ὃν
3341 4188 3630 4254 λελέξεται·
3661 4190 3737 4240 ὅτι

2177 4284 2205 4335 ὁ
2236 4283 2445 4352 μεγάλα
2465 4281 2714 4347 πταίσας,
2738 4281 2915 4334 λαθὼν
2935 4281 2990 4334 δὲ
3013 4281 3106 4334 καὶ
3133 4280 3334 4350 μηδένα
3361 4278 3735 4339 σκανδαλίσας,

507 4376 650 4426 men,
687 4372 742 4414 et
793 4362 1173 4416 olfendicu-lum
1238 4362 1396 4418 alliert
1443 4367 1664 4433 nemini,
1735 4368 1916 4422 minus
1948 4383 2061 4423 esse

2173 4372 2265 4426 τοῦ
2295 4372 2689 4442 καταδεέστερα
2723 4372 2821 4442 μὲν
2848 4371 3399 4442 πεπλημμεληκότος,
3439 4368 3578 4438 μετὰ
3606 4370 3740 4436 παῤ-

505 4453 852 4521 puniendum,
888 4470 1047 4523 quam
1074 4456 1162 4523 qui
1191 4458 1366 4510 minus
1399 4457 1638 4524 gravi-ter
1657 4469 1866 4527 peccat,
1899 4460 2067 4513 libere

507 4558 683 4599 tamen
726 4544 941 4598 oﬂ'endil
970 4560 1029 4599 ac
1063 4547 1372 4615 sutpplantat
1431 4548 1876 4616 quamplurimos.
1908 4549 2062 4615 Quod

504 4639 547 4692 si
576 4638 707 4692 meis
744 4637 902 4691 ﬁdem
941 4638 1094 4689 dictis
1123 4638 1327 4692 habere
1381 4652 1622 4699 recusas,
1649 4650 1746 4706 pro
1779 4639 2070 4708 hyperbole

506 4729 579 4784 rei
616 4729 772 4783 ﬁdem
809 4729 1129 4792 excedente,
1185 4730 1507 4782 sententiam
1532 4743 1561 4780 e
1594 4728 1732 4781 caelo
1773 4742 2067 4794 arcessam,

503 4821 782 4890 legemque
858 4820 981 4874 inde
1034 4819 1171 4873 hanc
1235 4817 1518 4872 revocabo.
1555 4816 1696 4870 Nihil
1749 4819 1892 4871 enim
1927 4819 2068 4872 aliud

501 4911 695 4980 Moysi,
729 4912 843 4966 viro
864 4913 1228 4980 integerrimo,
1248 4925 1434 4964 omnes
1456 4909 1568 4976 jam
1594 4908 1822 4964 virtut-es
1851 4910 2066 4978 adepto,

505 5017 758 5069 innareque
799 5002 908 5071 jam
962 5001 1204 5055 Rubrum
1266 5011 1621 5070 transgresso,
1653 4999 1845 5054 indixit
1899 4999 2068 5063 Deus,

503 5107 660 5160 quam
691 5105 756 5144 ne
789 5106 899 5154 eos,
933 5093 1022 5159 qui
1081 5107 1262 5144 secum
1317 5105 1486 5158 aquas
1529 5091 1874 5152 transierant,
1913 5106 2068 5143 scan-

503 5180 964 5235 dnlnoﬂ'cnderet.
1017 5182 1292 5250 Siquidem
1341 5191 1394 5234 et
1439 5191 1596 5234 antea
1651 5180 1753 5233 alia
1807 5183 2064 5235 comitata

501 5283 622 5328 sunt
654 5272 785 5345 (Deo
801 5275 944 5327 enim
968 5274 1068 5343 ipsi
1088 5274 1467 5343 contradixit),
1494 5273 1658 5329 semel
1683 5275 1984 5343 iterumque
2017 5277 2066 5328 in

500 5365 789 5435 Egyptum
828 5368 1046 5432 missus,
1080 5367 1193 5420 haec
1246 5365 1464 5435 subjicit
1495 5383 1507 5419 :
1545 5383 1564 5414 ι
1606 5364 1869 5419 Sexcenta
1907 5367 2068 5420 millia

502 5459 739 5523 peditum
756 5456 912 5522 hujus
930 5457 1107 5526 populi
1135 5456 1412 5511 Israelitici
1428 5464 1550 5509 sunt
1566 5471 1579 5519 ;
1596 5464 1649 5509 et
1667 5465 1723 5510 tu
1737 5457 1870 5510 dicis
1892 5474 1904 5510 :
1929 5459 2071 5510 Dabo

501 5547 580 5598 eis
605 5562 753 5600 esum
776 5549 1017 5600 carnium
1045 5561 1228 5600 mense
1255 5548 1485 5617 integro.
1511 5545 1762 5614 Nunquid
1791 5547 2061 5600 medentur

501 5651 628 5690 oves
658 5647 710 5690 et
741 5639 933 5691 boves?
956 5639 1037 5692 vel
1061 5653 1246 5694 omnes
1281 5640 1453 5707 pisres
1485 5638 1648 5692 maris
1675 5639 1725 5691 in
1753 5653 1914 5692 unum
1947 5652 2070 5692 con-

2179 4463 2372 4534 ρησίας
2417 4463 2473 4515 δὲ
2519 4464 2611 4515 καὶ
2651 4463 2744 4514 τοῦ
2788 4463 3016 4525 πολλοὺς
3051 4461 3405 4515 ὑποσκελίσαι
3432 4501 3446 4522 ,
3489 4459 3738 4512 ἐλάττονα

2174 4553 2332 4607 δώσει
2361 4554 2534 4626 δίκην.
2573 4556 2635 4607 Ei
2663 4555 2718 4606 δὲ
2747 4555 2994 4618 ἀπιστεῖς
3016 4595 3029 4617 ,
3062 4556 3156 4607 καὶ
3187 4555 3287 4606 ὑπε
3299 4551 3492 4622 ρϐολὴν
3519 4566 3739 4614 καταγι-

2175 4648 2404 4710 νώσκεις
2445 4645 2538 4698 τοῦ
2567 4646 2755 4712 λόγου,
2798 4647 2896 4716 τὴν
2926 4647 3104 4717 ψῆφόν
3155 4663 3237 4698 σοι
3280 4643 3483 4714 ταύτην
3515 4642 3646 4694 οἴσω
3681 4642 3738 4691 ἐκ

2176 4737 2283 4788 τῶν
2309 4737 2573 4803 οὐρανῶν,
2603 4738 2696 4791 καὶ
2728 4739 2820 4790 τον
2849 4738 3010 4808 νόμον
3047 4737 3235 4791 τοῦτον
3265 4735 3475 4789 ἐκεῖθεν
3505 4731 3738 4800 ἀναγνώ-

2179 4846 2361 4897 σομαι.
2395 4829 2498 4882 Τὸν
2519 4831 2625 4900 γὰρ
2648 4831 2976 4900 πανάριστον
3007 4831 3228 4893 Ἀείωσέα,
3260 4829 3352 4881 τὸν
3377 4830 3557 4881 πᾶσαν
3593 4823 3739 4878 ἐπελο

2178 4915 2334 4969 θόντα
2363 4918 2581 4987 ἀρετὴν,
2610 4919 2762 4973 οὐδὲν
2785 4919 2969 4990 ἓτερον
2992 4919 3231 4973 ἐκώλυσε
3262 4917 3401 4988 μετὰ
3425 4917 3485 4970 τὸ
3516 4916 3738 4982 πέλαγος

2178 5008 2271 5059 καὶ
2301 5007 2396 5058 τοῦ
2426 5007 2642 5077 λιμένος
2662 5013 2862 5078 τυχεῖν,
2894 5011 2926 5083 ἢ
2952 5011 3012 5063 τὸ
3038 5009 3386 5064 σκανδαλίσαι
3412 5010 3540 5070 τοὺς
3570 5007 3741 5060 συνόν-

2177 5115 2275 5159 τας
2302 5097 2447 5167 αὖτῷ
2491 5099 2583 5152 ἐπὶ
2615 5099 2708 5152 τοῦ
2740 5100 2949 5164 ὓδατος.
2996 5103 3056 5154 Εἰ
3101 5102 3211 5172 γὰρ
3243 5103 3337 5154 καὶ
3405 5100 3600 5170 πρώην
3630 5099 3741 5150 τινὰ

2179 5188 2624 5260 παρηκολούθησε
2663 5191 2777 5261 (καὶ
2807 5191 2912 5262 γὰρ
2940 5193 3160 5245 ἀντεῖπε
3188 5191 3264 5258 τῷ
3310 5190 3452 5260 Θεῷ,
3485 5191 3578 5242 καὶ
3606 5187 3740 5251 απαξ

2177 5277 2272 5330 καὶ
2304 5279 2403 5346 δὶς,
2442 5284 2792 5351 πεμπόμενος
2819 5284 2896 5346 είς
2921 5284 3238 5350 Αἴγυπτον),
3269 5283 3365 5335 καὶ
3404 5282 3546 5350 μετὰ
3579 5279 3741 5333 ταῦτα

2177 5365 2360 5420 εἶπεν
2415 5393 2433 5421 ι
2493 5371 2803 5433 Ἑξακόσιαι
2858 5373 3090 5443 χιλιάδες
3133 5372 3241 5425 elei.
3281 5370 3502 5434 πεζῶν·
3545 5370 3639 5423 καὶ
3685 5370 3738 5419 σὺ

2178 5452 2335 5519 εἶπας
2359 5473 2371 5487 ’
2406 5459 2558 5530 Κρέα
2590 5460 2746 5514 δώσω
2776 5462 2980 5527 αὐτοῖς,
3012 5461 3102 5513 καὶ
3134 5460 3396 5527 φάγονται
3424 5459 3573 5528 μῆνα
3610 5461 3740 5526 ἡμε-

2179 5547 2307 5617 ρῶν.
2338 5549 2426 5619 Μὴ
2477 5550 2724 5620 πρόϐατα
2763 5554 2859 5607 καὶ
2889 5552 3008 5622 βόες
3047 5551 3415 5621 σφαγήσονται
3443 5567 3458 5613 ;
3493 5550 3528 5620 ἢ
3561 5550 3668 5601 πᾶν
3692 5545 3744 5597 τὸ

2177 5636 2306 5705 δεξιον
2348 5639 2446 5708 τῆς
2487 5639 2758 5712 θαλάσσης
2789 5643 3178 5714 συναχθήσεται
3206 5679 3218 5704 ,
3253 5639 3347 5694 καὶ
3393 5639 3627 5712 ἀρκέσει
3651 5636 3742 5692 αὐ-
