3974 6144
320 254 349 321 1
363 257 456 319 £89

1180 270 1709 340 EPISTOLARUM
1749 280 1895 344 LIB.
1938 287 2002 346 V.
2028 312 2095 321 —
2133 288 2368 352 EPIST.
2409 294 2693 357 CCLXlV.

3423 303 3569 370 1490.

315 375 462 438 τοϊς;
500 392 519 425 t
553 375 663 429 Καὶ
722 375 859 446 μετὰ
919 377 1088 429 ταῦτα
1144 383 1598 457 κατωλιγώρησε,
1653 392 1745 443 καὶ
1796 392 1889 445 τοῦ

1990 399 2373 466 gregahuntur,
2402 412 2455 455 et
2509 404 2737 459 sulliciet
2785 407 2863 461 eis
2890 409 2973 462 “?
3015 430 3032 461 ι
3067 413 3169 467 Sed
3219 415 3412 473 deinde
3456 434 3553 473 ne-

315 464 487 534 δὴμου
516 465 614 536 τὴν
654 466 982 535 προστασίαν
1028 471 1381 539 παρῃτήσατο
1404 489 1416 503 ⁸
1448 477 1563 531 ἀλλ’
1585 481 1733 534 οὐδὲν
1763 483 1875 536 ἓτε-

315 573 406 623 ρον
438 555 595 619 αὑτὸν
624 556 889 608 ἐκώλυσεν
923 558 1178 614 εἰσελθεῖν
1209 565 1288 625 εἰς
1316 566 1414 635 τὴν
1450 569 1553 636 γῆν
1581 571 1677 634 τῆς
1708 573 1882 641 ἐπαγ.

310 647 519 713 γελὶας,
545 642 611 717 ἦς
642 649 825 701 ἕνεκεν
848 651 955 701 τῶν
981 650 1152 705 ἄλλων
1174 655 1426 709 ἁπάντων
1454 654 1520 729 ἦν
1545 663 1639 713 καὶ
1662 665 1881 733 ἡγεμὼν

309 738 405 790 καὶ
450 738 777 807 δημαγωγὸς
799 782 813 805 ,
848 740 879 809 ἢ
912 742 972 794 τὸ
1019 744 1110 795 ἐπὶ
1139 745 1229 797 τοῦ
1278 745 1465 811 ὓδατος
1497 744 1727 820 συμϐάν.
1784 755 1880 809 Διὰ

306 828 463 879 τοῦτο
502 829 596 880 καὶ
639 830 666 882 ὁ
698 830 970 900 ἀκήρατος
1001 832 1125 896 νοῦς
1155 835 1251 905 τῆς
1283 837 1556 909 ἁμαρτίας
1583 841 1681 911 τὴν
1720 844 1879 912 φύσιν

309 920 695 985 ἐκπομπεύων,
727 923 819 973 καὶ
851 924 1173 994 παραδηλῶν
1197 925 1318 979 ὅθεν
1343 929 1564 997 γέγονεν
1596 932 1878 1001 ἀσύγγνω-

308 1024 465 1072 στος,
518 1007 644 1079 ἔφη,
696 1011 776 1063 ὅτι
820 1030 839 1062 ι
885 1013 1023 1083 "uox
1073 1016 1335 1085 ἡγιὰσατέ
1388 1035 1452 1086 με
1492 1019 1721 1074 ἐνώπιον
1769 1023 1876 1076 τῶν

307 1098 439 1151 υἱῶν
485 1100 715 1169 Ἰσραὴλ,
752 1101 839 1154 διὰ
871 1103 1026 1156 τοῦτο
1087 1107 1183 1159 οὐκ
1237 1109 1566 1179 εζσαγάγητε
1612 1111 1713 1179 τὴν
1755 1130 1876 1166 συν-

305 1186 527 1257 αγωγὴν
560 1190 762 1259 ταύτην
801 1195 878 1251 εἰς
907 1193 1002 1265 τὴν
1028 1199 1130 1265 γῆν
1156 1236 1169 1260 ,
1202 1196 1267 1267 ἣν
1297 1197 1470 1251 ἔδωκα
1498 1202 1699 1264 αὐτοῖς.
1738 1222 1757 1254 ι
1793 1205 1868 1275 Τῇ

308 1276 406 1344 μὲν
436 1275 542 1346 γάρ
567 1276 723 1345 φύσει
751 1279 969 1333 ἔλαττον
996 1278 1063 1353 ἦν
1095 1284 1316 1339 ἐκείνων
1339 1286 1495 1339 τοῦτο
1514 1288 1574 1340 τὸ
1601 1292 1867 1359 πταῖσμα·

303 1367 382 1437 τῷ
408 1369 465 1420 δὲ
501 1368 635 1439 μετὰ
685 1370 783 1441 τῆς
814 1373 1015 1444 ἑτέρων
1045 1374 1312 1446 κραθῆναι
1348 1377 1579 1447 βλάϐης,
1612 1381 1673 1433 οὐ
1702 1382 1868 1449 μόνον

304 1457 549 1525 ἐκείνων,
595 1460 728 1514 ἀλλὰ
771 1460 1232 1535 καὶῆσυγγνώμης
1283 1468 1465 1536 μεῖζον
1510 1470 1746 1537 ἐγένετο.
1788 1473 1868 1527 Τά

306 1549 405 1618 μὲν
436 1550 543 1623 γάρ
586 1552 705 1605 κατ’
742 1552 875 1606 ἰδίαν
917 1556 1009 1606 καὶ
1042 1555 1432 1627 λανθανόντως,
1481 1560 1543 1613 τὸ
1566 1560 1622 1613 δὲ
1650 1562 1741 1613 ἐπὶ
1772 1564 1866 1616 τοῦ

300 1641 472 1710 δήμου
508 1643 707 1707 παντὸς
732 1645 1096 1716 ἠμαρτάνετο.

725 1752 880 1807 ΣΞΒι.
925 1785 994 1800 -ρ
1019 1756 1433 1829 ΑΔΑΜΑΝΤΙῼ.

1990 486 2172 554 glexit,
2201 498 2254 542 et
2282 493 2455 559 pepuli
2478 494 2847 561 praefecturam
2873 499 3189 568 deprecatus
3215 516 3333 560 est:
3365 522 3548 563 verum

1987 574 2130 628 aliud
2162 577 2291 630 nihil
2319 580 2493 647 ipsum
2530 582 2805 649 impedivit
2845 587 3050 655 ingredi
3102 590 3154 643 in
3192 601 3391 646 terram
3426 612 3549 663 pro-

1984 665 2257 721 missionis
2290 668 2480 739 (cujus
2507 673 2583 726 rei
2608 690 2769 728 causa
2796 675 2901 730 dux
2926 687 2981 732 et
3020 681 3347 737 interceSSOr
3368 688 3544 753 populi

1981 766 2099 808 erat
2136 759 2500 830 constitutus)
2557 778 2713 831 quam
2771 767 2911 833 quod
2956 769 3021 822 ad
3079 786 3248 839 aquas
3303 775 3545 843 contigit.

1978 844 2266 915 Propterea
2300 859 2353 902 et
2378 864 2528 905 mens
2560 852 2766 923 integra
2802 859 3005 925 peccati
3045 870 3289 914 naturam
3311 865 3537 932 pellens,

1977 938 2375 1007 ostendensque
2397 955 2492 994 cur
2514 943 2669 995 venia
2716 944 2970 1011 indignus
3012 958 3178 1013 esset,
3203 952 3277 1003 ait
3314 970 3327 1005 :
3375 971 3392 1003 ι
3429 953 3541 1006 Non

1976 1029 2355 1085 suctillcastis
2404 1047 2489 1087 me
2531 1034 2669 1088 inter
2698 1035 2837 1090 ﬁlios
2885 1034 3075 1091 Israel.
3109 1039 3397 1108 Propterea
3433 1057 3536 1095 non

1975 1116 2327 1173 introducetis
2362 1135 2691 1191 synagogam
2730 1124 2780 1175 in
2814 1134 2931 1177 eam
2982 1135 3206 1193 terram,
3232 1144 3390 1195 quam
3421 1130 3539 1181 dedi

1974 1208 2102 1276 ipsis
2122 1210 2188 1266 “.
2221 1229 2239 1261 ι
2271 1210 2469 1264 Natura
2503 1214 2719 1280 quidem
2762 1224 2815 1269 et
2857 1218 3030 1287 reipsa
3087 1219 3264 1273 minus
3306 1229 3426 1274 erat
3467 1222 3545 1282 id,

1971 1309 2131 1363 quam
2155 1296 2364 1352 illorum
2383 1298 2675 1365 delictum;
2704 1303 2955 1371 quoniam
2978 1312 3155 1359 tamen
3178 1306 3227 1359 id
3262 1322 3381 1359 cum
3407 1306 3541 1359 alio-

1971 1399 2087 1437 rum
2112 1387 2311 1439 damuo
2332 1391 2653 1457 contigerat,
2677 1406 2781 1444 non
2799 1395 2956 1447 modo
2981 1396 3090 1448 hmo
3116 1398 3430 1463 promeruit,
3450 1411 3539 1450 ve—

1970 1490 2088 1529 rum
2108 1476 2270 1529 etiam
2296 1477 2470 1545 majus
2486 1479 2603 1544 fuit,
2624 1492 2783 1549 quam
2805 1492 2862 1535 ut
2878 1484 3087 1537 veniam
3106 1498 3425 1541 mereretur.
3447 1487 3534 1540 Ille

1968 1568 2111 1620 enim
2128 1568 2376 1634 privatim
2403 1580 2456 1621 et
2484 1570 2642 1635 clam,
2678 1572 2776 1625 hoc
2797 1586 2927 1626 vero
2949 1588 3129 1628 coram
3164 1579 3361 1645 populo
3384 1593 3541 1634 com-

1971 1658 2194 1712 missum
2220 1667 2321 1711 est.

2358 1766 2600 1821 CCLXII.
2622 1797 2692 1807 ——-
2724 1768 3149 1824 ADAMANTIO.

1458 1849 1782 1921 Eloquentiw
1813 1866 2095 1909 ostentator
2114 1857 2375 1924 explosus.

381 1951 441 2005 Ὀ
474 1952 625 2021 φίλος
657 1956 684 2007 ὁ
718 1954 809 2019 σὸς
836 1952 964 2027 ἦλθε
993 1958 1091 2027 μὲν
1119 1960 1179 2013 οὐ
1214 1960 1617 2030 μαθησόμενος,
1648 1961 1722 2023 ὡς
1754 1961 1864 2013 ἕλε-

302 2058 419 2109 γεν,
455 2043 566 2095 ἀλλ’
594 2045 992 2116 ἐπιδειξόμενος
1017 2049 1108 2101 καὶ
1134 2049 1377 2114 διδάξων,
1410 2050 1501 2102 καὶ
1529 2050 1590 2101 τὸ
1611 2052 1864 2121 φρόνημα

302 2132 411 2185 τῶν
458 2132 751 2188 δοκούντων
789 2154 841 2190 τι
884 2139 1079 2192 εἰδέναι
1128 2141 1354 2196 σϐἐσων.
1400 2141 1632 2211 Ἀπῆλθε
1664 2143 1719 2195 δὲ
1756 2162 1861 2197 πα-

302 2220 433 2287 θὼν,
459 2223 487 2276 ὃ
513 2225 708 2295 δρᾶσαι
737 2229 1154 2299 προσεδόκησεν.

646 2428 798 2485 Σειν.
833 2461 902 2472 -
933 2433 1231 2505 ΟΥΡΑΝΙῼ
1254 2436 1571 2508 ΔΙΑΚΟΝῼ.

2040 1965 2259 2018 Amicus
2286 1966 2373 2018 ille
2402 1972 2521 2021 tuus
2563 1953 2729 2031 venit,
2767 1981 2874 2022 non
2924 1970 3138 2037 quidem
3204 1970 3408 2041 aliquid
3437 1975 3535 2028 do-

1971 2052 2195 2119 cendus,
2228 2062 2286 2108 ut
2316 2055 2622 2120 aiebat,sed
2652 2058 2907 2110 docturus
2932 2059 3527 2132 demonstraturusque,

1969 2153 2133 2211 atque
2160 2154 2369 2207 earum,
2403 2147 2491 2215 qui
2537 2147 2636 2200 sibi
2671 2148 2813 2201 Srirc
2871 2149 3068 2215 aliquid
3116 2153 3388 2218 videntur,
3413 2156 3530 2221 opi-

1968 2234 2183 2287 nionem
2217 2234 2568 2289 refutaturus.
2605 2238 2749 2290 Abiit
2784 2238 2963 2307 itaque
2989 2239 3114 2292 illud
3148 2256 3358 2309 passus,
3388 2245 3529 2310 quod

1966 2324 2231 2377 facturum
2264 2340 2322 2379 se
2347 2326 2618 2393 sperabat.

2248 2430 2517 2489 CCLXlIl.
2543 2436 2880 2492 —-URANIO
2921 2436 3235 2495 DIACONO.

1275 2524 1499 2581 Dicendi
1541 2532 1678 2584 ratio
1715 2528 1929 2597 Optima,
1962 2524 2200 2592 simplex,
2231 2525 2341 2579 sine
2381 2524 2546 2592 fastu.

378 2621 445 2675 Ἦ
474 2622 581 2676 τῶν
607 2624 781 2695 ὀρθῶς
817 2627 912 2680 καὶ
960 2630 1098 2698 μετὰ
1134 2632 1296 2684 πόνου
1321 2632 1678 2689 διδασκόντων
1708 2632 1855 2704 ψυχὴ

2027 2631 2192 2685 Recte
2248 2630 2621 2698 laborioseque
2690 2632 2999 2687 docentium
3060 2636 3271 2690 animus
3332 2638 3531 2704 (multi

294 2712 517 2779 (πολλοὶ
562 2715 669 2786 γὰρ
719 2717 835 2785 μετ’
891 2719 1200 2782 ἐπιδείξεως
1247 2721 1342 2774 καὶ
1403 2725 1857 2792 καταφρονήσεως

1977 2722 2095 2775 :nim
2131 2736 2251 2775 cum
2282 2722 2649 2776 ostentatione
2675 2733 2838 2791 atque
2876 2735 3187 2791 ccutemptu
3236 2726 3526 2795 explanan-

295 2804 647 2874 ἐξηγούμενοι
695 2807 943 2861 ἐκλύουσι
982 2810 1079 2862 καὶ
1128 2810 1237 2863 τῶν
1284 2813 1566 2881 ἀκροατῶν
1596 2814 1692 2882 τὴν
1722 2830 1855 2882 προ·-

1978 2827 2034 2863 es
2082 2826 2329 2881 magnam
2371 2813 2684 2866 auditorum
2744 2814 2982 2867 discendi
3039 2817 3523 2883 promptitudincm

296 2892 539 2963 ὑυμίαν),
561 2896 777 2966 πρῶτον
807 2899 903 2968 μὲν
926 2899 1013 2953 διὰ
1038 2899 1145 2952 τῶν
1172 2901 1462 2971 ὀφθαλμῶν
1494 2902 1743 2971 ἐμφαίνει
1758 2900 1856 2971 τὴν

1977 2898 2294 2967 nfriuguut)
2320 2900 2552 2967 primum
2580 2901 2797 2968 quidem
2827 2902 2999 2957 oculis
3038 2904 3293 2971 pietatem
3327 2922 3437 2975 prae
3465 2924 3529 2963 se

294 2982 577 3038 εὐλάϐειαν
595 2997 610 3017 ⁴
636 2987 807 3040 πολλὰ
842 2993 951 3059 γὰρ
974 2988 1152 3043 αὐτῶν
1178 2992 1312 3060 πρὸς
1340 2992 1429 3045 τὸν
1452 2992 1606 3060 λόγον
1638 2993 1706 3045 τὰ
1735 2993 1854 3046 κέν·
1881 3012 1915 3070 C

1977 2991 2060 3043 'ert
2089 3008 2103 3045 :
2130 3006 2224 3045 eos
2252 2992 2394 3045 enim
2437 2992 2575 3044 oculi
2638 3007 2950 3047 sermonum
3007 2995 3253 3051 stimulos
3298 2998 3520 3052 addunt.

293 3094 416 3146 τρα·
447 3079 638 3133 ἔπειτα
663 3080 719 3134 δὲ
752 3083 845 3135 mi.
876 3084 964 3137 διὰ
1005 3084 1113 3136 τῶν
1153 3085 1367 3154 ὀφρύων
1399 3086 1739 3155 διασημαίνει
1762 3085 1852 3138 τὸν

1977 3081 2161 3134 )einde
2182 3082 2343 3136 etiam
2382 3083 2681 3150 superciliis
2712 3092 2942 3137 mentem
2969 3099 3295 3155 sensumque
3315 3089 3519 3142 doctri-

292 3168 417 3221 νοῦν
440 3170 546 3222 τῶν
573 3171 933 3242 διδαγμάτωνε
968 3174 1110 3245 λόγῳ
1141 3175 1199 3227 δὲ
1237 3175 1439 3246 μετρίῳ
1464 3176 1698 3246 χρῆται,
1730 3176 1853 3230 οὔτε

1983 3186 2042 3225 ta:
2068 3187 2177 3225 sua:
2209 3172 2482 3238 indicant;
2508 3172 2674 3242 639
2701 3174 2947 3226 oratione
2976 3188 3102 3228 vero
3140 3176 3309 3230 utitur
3339 3178 3524 3230 mode-

292 3256 398 3309 ὑπὸ
445 3259 657 3328 τρυφῆς
709 3261 1077 3331 ἐξυϐρίζοντι,
1129 3262 1251 3317 οὔτε
1321 3265 1425 3319 ὑπὸ
1473 3264 1856 3333 ταπεινότητος

1977 3273 2102 3327 rata,
2132 3263 2341 3317 deliciis
2375 3277 2481 3316 non
2510 3263 2844 3330 lasciviente,
2878 3279 3056 3331 neque
3110 3266 3419 3323 humilitate
3442 3272 3525 3323 ni-

291 3346 765 3419 ἑξευτελιζομένῳ.
812 3349 871 3402 Εἰ
899 3350 1006 3420 γὰρ
1044 3351 1137 3404 καὶ
1163 3354 1196 3422 ἡ
1233 3353 1429 3423 φράσις
1466 3354 1551 3422 εἴη
1578 3352 1853 3407 ἀναττίκι-

1981 3355 2063 3407 nis
2089 3363 2387 3407 attenuata.
2421 3354 2477 3409 Si
2504 3356 2645 3409 enim
2683 3354 2899 3424 phrasis
2938 3355 3116 3410 Attica
3156 3372 3262 3412 non
3299 3358 3392 3425 sit,
3428 3362 3529 3414 sed

294 3447 445 3497 στος,
475 3435 608 3491 ἀλλά
639 3453 702 3505 γε
731 3438 799 3491 τὰ
826 3439 1198 3509 ὑποδείγματα
1235 3442 1329 3494 καὶ
1368 3443 1428 3496 τὸ
1462 3444 1539 3507 εις
1570 3442 1855 3497 εὐλάϐειαν

1977 3446 2204 3513 simplex,
2235 3447 2478 3513 exempla
2512 3457 2689 3501 tamen
2719 3448 2787 3502 ad
2811 3447 3062 3516 pietatem
3085 3449 3325 3504 excitare
3350 3451 3522 3520 pluri-

294 3520 510 3592 βλέπειν
537 3525 883 3599 διαναστήσει
913 3530 1037 3593 τοὺς
1068 3533 1348 3602 φοιτητάς.

1001 3669 1069 3677 -
1099 3640 1326 3712 Hum.

1955 3554 2099 3593 mum
2133 3538 2422 3608 discipulos
2466 3540 2664 3593 valent.

2423 3645 2694 3701 CCLXIV.
2716 3647 3048 3704 -ΕὸΑΙᾹΞ,

1163 3731 1237 3786 De
1271 3733 1443 3787 activa
1470 3736 1575 3789 vita
1604 3751 1696 3790 seu
1725 3738 2011 3808 negotiosa.
2045 3732 2282 3809 (Confer.
2313 3738 2466 3806 epist.
2505 3738 2649 3809 HO.)

362 3831 456 3904 Μὴ
482 3830 562 3902 τῷ
587 3831 757 3897 δεινὸς
807 3830 946 3890 εῐναι
987 3839 1271 3910 πράγμασι
1305 3840 1559 3912 χρῆσθαι,
1582 3842 1656 3907 ὡς
1684 3844 1851 3916 ἁδρα-

291 3927 405 3988 νεῖς
448 3925 584 3994 ψέγε
630 3925 755 3989 τοὺς
799 3927 898 3998 τῆς
937 3930 1367 4001 ἀπραγμοσύνης
1415 3933 1655 4003 ἐρῶντας
1705 3936 1847 4006 (75)·

289 4014 427 4070 ἀλλὰ
456 4015 533 4086 τῷ
565 4015 820 4082 πολλάκις
850 4020 928 4082 εἰς
957 4021 1230 4090 χειμῶνας
1255 4023 1523 4093 χαλεποὺς
1556 4026 1849 4094 ἐμπεπτω-

2032 3847 2172 3902 Cave
2217 3860 2304 3912 ne,
2341 3847 2484 3915 quod
2527 3848 2602 3900 sis
2648 3847 2809 3902 rebus
2858 3850 3107 3916 gerendis
3164 3850 3408 3917 idoneus,
3461 3865 3520 3908 ut

1958 3938 2178 4008 ignavos
2212 3952 2436 4006 spernas
2462 3953 2577 4001 eos,
2601 3937 2693 4006 qui
2717 3939 2945 3992 otiosam
2970 3940 3322 4010 inutilemque
3353 3944 3515 3998 vitam

1958 4026 2375 4096 amplectuntur.
2421 4026 2526 4081 Sed
2569 4027 2709 4095 quod
2750 4042 2891 4097 saepe
2938 4029 2990 4082 in
3026 4039 3369 4101 tempestates
3406 4050 3519 4088 mo-

288 4106 462 4171 κέναι,
482 4106 750 4179 μακάριζε
774 4110 919 4175 τοὺς,
943 4110 1017 4173 ὡς
1032 4112 1320 4182 ἐνδέχεται,
1340 4114 1418 4176 είς
1434 4113 1523 4167 τὸν
1542 4114 1734 4185 λιμένα
1752 4116 1851 4185 τῆς

1980 4128 2228 4188 estasqne
2269 4118 2535 4188 procellas
2584 4118 2861 4184 incideris,
2897 4120 3083 4176 felices
3139 4137 3231 4178 eos
3263 4125 3519 4192 przedica,

287 4197 519 4267 ἡσυχίας
550 4198 853 4269 ὁρμῶντας.
891 4200 1025 4254 Είδὲ
1047 4203 1140 4255 καὶ⁸
1158 4204 1340 4267 αὐτοῖς
1374 4204 1631 4268 πολλάκις
1655 4208 1848 4260 σπιλά-

1977 4210 2095 4276 Iuod
2129 4224 2221 4265 eos
2244 4210 2352 4278 jam
2394 4210 2800 4279 tranquillitatis
2820 4213 3090 4282 exceperit
3120 4224 3324 4282 portus.
3355 4214 3517 4270 Tam-

286 4288 374 4351 δες
398 4290 897 4359 κατασκήπτουσιν,
925 4291 1037 4345 ἀλλ’
1070 4293 1167 4345 οὐκ
1191 4293 1335 4347 ἔστιν
1364 4291 1479 4348 ἴσον
1504 4297 1564 4348 τὸ
1589 4296 1661 4367 μὴ
1693 4297 1850 4366 μόνον
1884 4321 1915 4374 ῃ

1977 4301 2053 4352 :tsi
2093 4300 2235 4353 enim
2269 4300 2367 4369 ipsi
2412 4316 2552 4369 saepe
2597 4316 2659 4355 ex
2704 4315 2964 4370 aquarum
3008 4303 3305 4359 vorticihus
3344 4321 3513 4360 emer-

286 4377 357 4429 τὲι
380 4378 588 4447 πελάγη
614 4379 721 4431 τῶν
743 4382 1081 4451 πραγμάτων
1096 4382 1361 4449 διαπλεῖν,
1391 4386 1527 4441 ἀλλὰ
1548 4390 1638 4440 καὶ
1659 4389 1850 4441 ἑαυτὸν

1977 4390 2148 4454 ierint,
2190 4390 2304 4444 ﬁeri
2373 4401 2550 4445 tamen
2614 4394 2823 4461 nequit,
2869 4404 2927 4448 ut
2989 4396 3112 4464 quis
3178 4398 3516 4467 negotiorum

287 4469 367 4529 εἰς
408 4468 471 4520 τὸ
505 4468 738 4535 πέλαγος
764 4470 872 4523 τῶν
921 4471 1107 4526 παθῶν
1138 4473 1445 4543 ἐμϐάλλειν,
1476 4479 1569 4529 καὶ
1611 4479 1702 4531 τὸν
1728 4496 1849 4531 πει-

1985 4490 2250 4535 ransmeet
2274 4481 2513 4551 pelagus,
2544 4484 2673 4549 quin
2707 4483 2975 4538 interdum
3001 4487 3163 4540 etiam
3208 4488 3515 4556 passionum

289 4562 497 4632 ρασμὺν
552 4564 813 4631 ἐνεγκεῖν.
869 4566 940 4618 Τὸ
974 4567 1073 4636 μὲν
1120 4568 1231 4639 γὰρ
1261 4569 1647 4639 ῥιψοκινδύνων
1704 4572 1849 4624 ἐστὶν

1977 4570 2203 4624 luctibus
2228 4571 2605 4634 absorbeatur,
2630 4581 2685 4627 et
2710 4572 2761 4626 in
2805 4576 3131 4629 tentationes
3180 4576 3358 4630 varias
3391 4577 3515 4630 inci-

286 4654 515 4722 ἀνδρῶν,
562 4656 653 4707 καὶ
688 4657 987 4728 ἐμπορικὸν
1018 4658 1132 4728 βίον
1179 4660 1566 4733 ἀνῃρημένων·
1598 4662 1657 4715 τὸ
1684 4662 1739 4714 δὲ
1766 4663 1849 4715 δι-

1977 4661 2067 4714 lat.
2108 4659 2238 4713 Illud
2298 4662 2440 4714 enim
2487 4657 2738 4717 ~virorum
2791 4673 2877 4719 est
2944 4666 3218 4735 proprium
3263 4664 3516 4734 proiectae

287 4742 454 4793 καίων
481 4741 946 4813 δοκιμαζομένων,
996 4749 1089 4799 καὶ
1122 4746 1310 4819 ὥσπερ
1338 4749 1535 4820 χρυσὸς
1566 4748 1847 4818 βασανιζο-

1977 4752 2189 4805 ιιιᾶθοίεξξ
2234 4753 2720 4823 mercatoriamque
2788 4755 2952 4809 vitam
3011 4756 3329 4811 sectantium
3367 4776 3378 4812 :
3415 4758 3517 4812 hoc

294 4829 490 4899 μένων.
546 4832 606 4883 Ei
672 4832 728 4885 δὲ
771 4833 833 4886 τὸ
896 4836 1196 4903 πρακτικόν
1244 4854 1324 4890 σοι
1381 4841 1474 4891 καὶ
1526 4838 1846 4911 δραστήριον

1977 4857 2082 4897 'ero
2115 4857 2301 4898 corum
2352 4846 2442 4910 qui
2489 4843 2621 4911 justi
2677 4844 2962 4909 habentur,
2999 4860 3063 4899 ac
3114 4845 3279 4900 veluti
3312 4848 3363 4901 in
3396 4849 3523 4916 igne

285 4921 527 4989 ἀρέσκει,
561 4922 798 4992 μάνθανε
832 4926 912 4978 ὅτι
955 4927 1055 4979 οὐκ
1100 4927 1214 4980 ἔστι
1244 4928 1399 4981 τοῦτο
1427 4930 1454 4982 ὃ
1485 4932 1548 4983 σὺ
1576 4932 1700 5001 φής·
1731 4933 1852 4983 ἐπεὶ

1984 4951 2135 4987 urum
2171 4936 2385 5003 probari
2451 4936 2644 4990 solent.
2670 4935 2726 4990 Si
2761 4950 2892 4989 vero
2940 4938 3083 4990 actio
3148 4937 3244 4992 tibi
3288 4938 3505 5005 vitaque

286 5010 426 5063 κατὰ
467 5013 657 5082 μικρὸν
698 5014 923 5086 προῖὼν,
967 5017 1062 5070 καὶ
1093 5020 1219 5081 τοὺς
1253 5020 1592 5089 συκοφάντας
1628 5021 1734 5075 τῶν
1764 5038 1851 5089 φι-

1977 5022 2156 5076 πιπρθπι
2197 5025 2495 5093 negotiosa,
2529 5024 2678 5079 disce
2709 5039 2813 5078 non
2840 5039 2960 5079 esse
2983 5025 3125 5093 quod
3160 5034 3213 5079 tu
3241 5028 3507 5095 opinaris.

284 5093 543 5169 λοσόφων
569 5106 947 5174 προτιμήσεις,
979 5108 1073 5160 καὶ
1100 5109 1221 5172 τοὺς
1253 5110 1699 5181 παλιγκαπήλους
1740 5113 1850 5167 τῶν

1977 5114 2231 5167 ’aululum
2283 5115 2428 5169 enim
2463 5128 2783 5182 progressus
2820 5125 2875 5169 et
2922 5118 3284 5186 sycophantas
3337 5120 3512 5186 philo-

279 5191 599 5262 ἐλευθερίως
625 5195 1151 5265 μεταχειριζομένων
1174 5198 1243 5250 τὰ
1266 5199 1582 5270 πράγματα,
1614 5202 1706 5254 καὶ
1723 5203 1847 5265 τοὺς

1977 5206 2141 5275 ephis
2176 5207 2378 5261 honore
2417 5205 2692 5275 praeferes,
2732 5216 2789 5262 et
2844 5208 3119 5264 institores
3153 5208 3321 5265 libere
3350 5224 3511 5278 nego-

355 5347 580 5403 “Num.
607 5366 687 5421 χι,
726 5354 817 5422 21,
859 5352 949 5408 22.
1029 5352 1075 5383 "
1104 5351 1262 5407 Deut.
1309 5369 1479 5419 xxxu,
1510 5356 1599 5409 5i.

1272 5470 1278 5473 ’
1379 5469 1612 5525 ΥΑΠΙΑΞ
1651 5470 2026 5530 LECTIONES
2065 5473 2151 5529 ET
2190 5473 2419 5534 NOTAE.

354 5620 462 5688 (73)
495 5620 597 5677 Pro
652 5621 891 5692 ἐρῶντας
925 5622 1080 5679 ambo
1132 5622 1286 5679 codd.
1330 5624 1448 5679 Vat.
1494 5626 1595 5682 650
1644 5635 1694 5682 Cl.
1723 5630 1831 5684 All.

1977 5631 2187 5685 cribunt
2230 5631 2453 5701 ἔρωτας.
2490 5630 2699 5691 Possm.
