3974 6144
578 274 721 371 1491⁵
1721 314 1780 373 s.
1822 313 2115 375 ISIDORI
2154 316 2601 379 PELUS’IOTJE'
3661 318 3779 385 HQ!

576 436 619 485 tt
662 432 859 493 "tibus,
892 428 1107 484 l‘raudes
1158 430 1535 486 machinantcs
1585 430 1848 500 dolosque
1891 441 2136 496 suentes,

2202 466 2213 494 ι
2240 436 2339 499 τὰς
2382 436 2629 507 μηχανὰς
2668 435 2985 499 πλέκοντας,
3024 435 3117 489 καὶ
3151 434 3337 497 δόλους
3370 435 3660 505 ράπτοντας
3686 439 3771 492 τῶν

582 524 645 577 iis
687 520 1061 590 quijustitiam
1097 521 1148 574 in
1210 520 1386 589 lingua
1438 522 1858 587 circumferunt;
1889 523 1985 575 sed
2019 537 2137 576 eam

2243 526 2304 577 τὸ
2331 527 2535 580 δίκαιον
2562 527 2654 579 ἐπὶ
2679 525 2923 596 γλώττης
2960 526 3230 597 φερόντων
3252 541 3265 556 ³
3291 526 3423 579 ἀλλὰ
3464 527 3524 580 τὸ
3550 528 3641 593 τὰς
3670 530 3772 600 ἀρε-

583 613 745 665 vitam
820 612 1046 666 activam
1104 610 1329 666 virtutes
1384 626 1503 667 esse
1557 626 1719 666 cense
1767 626 2041 677 exercere,
2089 622 2145 667 et

2241 616 2339 675 τὰς
2378 616 2595 681 ἀσκεῖν,
2638 617 2733 670 καὶ
2777 618 2909 686 περὶ⁵
2943 615 3146 680 ταύτας
3207 618 3387 670 πᾶσαν
3435 619 3536 688 τὴν
3578 619 3773 690 σπουδὴν

580 715 737 755 omne
763 701 999 755 studium
1030 701 1097 755 iis
1130 701 1461 770 impendere.

1130 701 1461 770 impendere.
2247 706 2671 760 ἐπιδείκνυσθαι.

878 791 1129 848 CCLXV.
1146 823 1217 833 —
1232 792 1460 848 HELIIE
1508 794 1831 851 DIACONO.

2620 797 2781 852 ΣΞΕ’.
2818 826 2886 837 --
2921 795 3087 867 ΗΛΙᾼ
3124 797 3440 869 ΔΙΑΚΟΝῼ.

846 885 1095 940 Docentis
1132 903 1194 940 ac
1227 888 1587 941 conciouautis
1617 898 1695 942 est
1719 890 1866 955 prius
1887 906 2062 959 agere,
2090 888 2281 943 dehinc
2310 888 2515 945 docere.
2555 888 2793 959 (Confer.
2821 890 2975 955 epist.
3006 889 3059 953 4,
3092 890 3182 951 55,
3217 888 3322 943 ἳίῦ
3348 901 3396 942 ει
3423 890 3548 944 235.

649 994 1044 1050 Consulendum
1082 1006 1166 1051 est
1193 997 1424 1062 dicturo,
1473 1009 1531 1051 ut
1565 1013 1669 1052 non
1692 999 1873 1052 verbis
1907 1005 2144 1061 tantum,

2320 996 2678 1050 Βουλεύεσθαι
2705 997 2924 1069 χρὴντὺν
2955 996 3241 1066 ὑφηγητην
3279 997 3353 1067 μὴ
3378 997 3429 1049 τί
3462 998 3596 1051 εῐποι
3622 998 3771 1066 μόνον,

582 1087 673 1140 sed
733 1102 924 1156 reapse
970 1089 1288 1157 persuadeat
1356 1088 1714 1144 auditoribus.
1754 1088 1947 1144 Omnis
1997 1088 2141 1142 enim

2249 1088 2387 1141 ἀλλὰ
2424 1089 2477 1141 τι
2506 1087 2723 1159 πράξας
2762 1088 2942 1141 πείσοι
2969 1089 3096 1152 τοὺς
3128 1088 3407 1157 φοιτητὰς.
3441 1088 3552 1150 Πᾶς
3582 1089 3667 1157 μὲν
3688 1090 3771 1159 γὰρ

582 1176 755 1231 oratio
780 1191 941 1246 opere
991 1178 1246 1233 destituta
1290 1194 1395 1233 non
1449 1188 1657 1234 tantum
1710 1180 1868 1234 inane
1928 1178 2055 1247 quid
2089 1186 2146 1233 et

2250 1178 2426 1245 λόγος,
2476 1177 2606 1230 ὅταν
2669 1176 2831 1247 ἔργου
2888 1175 3120 1247 χηρεύῃ,
3177 1175 3239 1229 οὐ
3286 1175 3446 1245 μόνον
3491 1176 3695 1246 μάταιόν
3732 1194 3772 1229 τι

582 1267 865 1321 evanidum
897 1276 1001 1331 est,
1034 1268 1124 1322 sed
1145 1268 1306 1323 etiam
1345 1269 1691 1338 opprobrium
1710 1266 1887 1331 aﬂ‘ert,
1923 1268 2143 1338 potissi-

2253 1268 2502 1338 φαίνεται
2524 1267 2620 1322 καὶ⁵
2642 1267 2820 1330 κενὸν,
2846 1267 2983 1321 ἀλλὰ
3004 1267 3098 1321 καὶ
3122 1266 3201 1330 εἰς
3228 1265 3429 1329 ὄνειδος
3454 1266 3766 1335 περιίσταται·

585 1372 727 1411 mum
767 1357 990 1422 dicenti,
1016 1374 1045 1412 a
1077 1373 1185 1427 quo
1233 1358 1526 1426 profertur.
1545 1358 1763 1424 Quanto
1792 1359 1937 1413 enim
1980 1372 2145 1427 expe-

2258 1360 2492 1431 μάλιστα
2526 1359 2584 1412 δὲ
2628 1360 2661 1411 ό
2706 1359 2860 1429 παρὰ
2914 1357 3023 1411 τῶν
3068 1356 3351 1427 ἐξηγητῶν
3396 1358 3766 1427 προφερόμενος.

584 1449 777 1503 ditiore
807 1450 883 1504 uti
909 1465 1157 1505 sermone
1196 1452 1436 1515 student,
1463 1460 1611 1504 tanto
1637 1449 1815 1505 minus
1844 1450 2009 1504 etiam
2042 1448 2147 1503 illis

2262 1452 2412 1520 ὐσῳ
2458 1450 2564 1522 γὰρ
2600 1449 2925 1517 έτοιμότατα
2966 1446 3117 1516 αὐτῷ
3163 1446 3400 1517 χρῆσθαι
3441 1448 3766 1511 σπουδάζουσι,

583 1539 821 1592 creditur
850 1542 980 1594 :sed
1006 1551 1060 1594 et
1078 1541 1219 1596 risus
1240 1552 1629 1610 argumentum
1663 1554 1784 1595 esse
1807 1540 2146 1594 existimant.

2252 1542 2492 1611 τοσούτῳ
2543 1539 2742 1611 μᾶλλον
2789 1537 3110 1591 ἀπιστοῦσιν
3159 1539 3400 1599 ἅπαντες
3459 1536 3622 1607 αὐτῷ’
3662 1536 3766 1591 ἀλλὰ

584 1631 762 1693 Quare
786 1630 953 1700 magis
977 1632 1266 1701 agendum,
1302 1647 1461 1700 quam
1518 1630 1829 1687 dicendum.
1855 1630 1910 1685 Si
1963 1640 2141 1686 autem

2255 1631 2349 1685 καὶ
2376 1631 2609 1699 γέλωτος
2654 1629 2909 1682 ὑπόθεσιν
2946 1629 3108 1682 αὑτὸν
3148 1623 3289 1681 εἶναι
3316 1628 3627 1697 νομίζουσιν.
3657 1629 3765 1681 Οὐκ-

585 1722 759 1778 uolint
787 1737 963 1793 agere,
995 1738 1063 1777 ne
1086 1723 1268 1778 dicant
1294 1725 1532 1792 quidem.

2196 1719 2341 1797 306v
2384 1718 2614 1790 μάλιστα
2656 1717 2753 1787 μὲν
2790 1718 3082 1788 πρακτέον,
3114 1715 3210 1770 καὶ
3256 1716 3507 1770 λεκτέονο
3538 1719 3582 1769 εἰ
3622 1717 3670 1768 δὲ
3706 1716 3765 1786 μὴ

2259 1808 2551 1880 βούλοιντο,
2584 1807 2706 1861 οὐδὲ
2738 1806 2977 1860 λεκτέον.

795 1907 970 1963 εωιχ
983 1907 1066 1962 VI.
1084 1938 1155 1949 —
1173 1907 1430 1965 TIIEONI
1465 1905 1940 1963 PRESBYTERO.

2536 1898 2711 1964 ΣΞΕΓ.
2744 1928 2812 1938 -
2848 1897 3052 1951 ΘΕΩΝῙ
3085 1895 3546 1969 ΠΡΕΣΒΥΤΕΡῼ.

1591 1995 1815 2066 Tempus
1854 1995 1981 2066 quia
2008 1993 2230 2053 labitur,
2259 1988 2398 2041 ratio
2424 1988 2537 2056 ejus
2559 1986 2819 2041 habenda.

664 2091 741 2148 Ne
778 2102 986 2161 tempus
1041 2092 1194 2146 abire
1248 2106 1310 2145 ac
1363 2088 1528 2145 liuere
1586 2092 1917 2158 ignoremus,
1964 2086 2150 2142 multis

2314 2092 2444 2150 ’Ἵνα
2474 2094 2550 2167 μὴ
2583 2095 2722 2166 ῥέων
2746 2096 2774 2148 ό
2806 2094 2997 2166 χρόνος
3028 2094 3222 2166 ἄδηλος
3248 2091 3306 2169 ᾗ,
3343 2094 3545 2157 πολλοῖς
3569 2092 3762 2163 σημείοις

584 2182 885 2236 αειοηιιίιιιι·
915 2180 1085 2248 signis
1130 2188 1191 2234 et
1222 2180 1556 2247 argumentis
1590 2196 1603 2232 :
1638 2188 1765 2247 puta
1826 2187 2007 2240 nocte,
2035 2176 2144 2239 die,

2252 2184 2552 2254 κατάδηλος
2592 2184 2835 2251 γέγονεν,
2870 2184 3054 2255 ἡμέρᾳ
3090 2185 3183 2237 καὶ
3215 2184 3399 2247 νυκτὶ,
3438 2182 3661 2253 ἑϐδομάδι
3693 2181 3759 2233 καὶ

587 2267 940 2329 hebdomade,
982 2280 1187 2330 mense,
1216 2280 1377 2329 anno,
1417 2275 1577 2333 atque
1634 2263 1971 2335 Olympiade.
2004 2260 2144 2315 Olim

2256 2278 2409 2347 μηνὶ,
2452 2275 2684 2345 ὲνιαυτῷ
2724 2292 2784 2328 τε
2825 2277 2920 2327 καὶ
2957 2274 3303 2346 Ὀλυμπιάδι.
3331 2276 3520 2347 Πρώην
3554 2276 3644 2343 γὰρ
3672 2274 3758 2333 ταῖς

587 2356 729 2407 enim
791 2353 1195 2425 Olympiadibus
1255 2354 1693 2422 dignoscebatur.
1750 2353 2148 2421 lmperantibus

2268 2367 2596 2436 Ὀλυμπιάσι
2632 2366 3030 2433 διεγινώσκετο’
3063 2366 3367 2437 Ῥωμαίων
3388 2368 3441 2419 δὲ
3472 2364 3758 2437 βασιλευσάν-

591 2454 769 2498 autem
801 2445 1078 2508 Romanis,
1103 2445 1469 2499 consulatibus
1498 2445 1897 2514 designabatur.
1920 2444 1977 2498 Si
2006 2445 2148 2499 enim

2251 2475 2378 2523 1wv,
2402 2460 2523 2521 ταῖς
2548 2456 2833 2519 ὑπατείαις
2856 2456 3130 2528 γνώριμος
3153 2456 3491 2511 καθίσταται.
3516 2456 3671 2525 Εἰγὰρ
3690 2453 3758 2505 καὶ

591 2547 763 2591 motus
792 2536 938 2602 caeli,
969 2544 1026 2590 ut
1054 2537 1216 2590 tradit
1261 2534 1437 2600 Plato,
1469 2535 1632 2607 6&0
1681 2545 1896 2604 tempus
1926 2536 2149 2604 genuit;

2252 2547 2484 2620 οὐρανοῦ
2521 2548 2756 2619 κίνησις,
2793 2548 2870 2611 ὥς
2896 2565 3025 2618 φησι
3066 2548 3322 2613 Πλάτων,
3354 2548 3441 2601 τὸν
3460 2548 3624 2619 χρόνον
3643 2544 3753 2613 ἐγέν-

588 2627 876 2681 sol'autem
920 2626 1140 2680 metitur
1166 2634 1219 2679 et
1242 2626 1557 2681 consulatus
1609 2626 1980 2696 format(ipsi
2008 2626 2152 2679 enim

2254 2654 2452 2705 νησεν·
2490 2637 2603 2692 ἀλλ’
2652 2637 2802 2707 ἥλιος
2847 2640 3037 2707 μετρεί
3070 2636 3167 2691 καὶ
3204 2638 3437 2691 ὑπατεία
3476 2640 3646 2708 μορφοί
3678 2633 3756 2703 (τῷ

589 2734 729 2774 anno
760 2718 811 2773 id
845 2732 1060 2785 nomen,
1084 2718 1280 2787 quibus
1310 2727 1365 2772 et
1395 2719 1706 2773 consulibus
1738 2717 2019 2787 ornatur).
2046 2718 2150 2771 Ista

2258 2729 2368 2797 γὰρ
2393 2728 2623 2799 ἐνιαυτῷ
2652 2728 2810 2781 τοῦτο
2838 2729 3029 2799 ὄνομα,
3064 2724 3251 2800 ὧνπερ
3281 2732 3382 2783 καὶ
3423 2732 3615 2784 ὑπάτων
3636 2726 3754 2797 ἠξίω-

589 2825 717 2865 vero
743 2810 919 2865 omnia
949 2810 1084 2864 IIUIII.
1104 2810 1395 2879 signa,nec
1417 2818 1624 2863 tantum
1655 2818 1875 2878 propter
1898 2823 2148 2877 corpora,

2254 2820 2391 2889 ται).
2445 2819 2631 2874 Ταῦτα
2670 2820 2726 2872 δὲ
2769 2821 2947 2874 πάντα
2996 2820 3187 2889 γέγονε
3216 2822 3287 2874 τὰ
3339 2825 3539 2892 σημεῖα,
3564 2821 3612 2873 οὐ
3637 2819 3748 2887 μόνον

588 2911 641 2959 ct
672 2902 815 2967 vitae,
846 2910 902 2954 ut
934 2901 1083 2955 aiunt
1112 2899 1352 2968 quidam,
1382 2900 1594 2968 negotia
1645 2908 1811 2969 atque
1836 2909 2150 2954 contractus

2254 2910 2340 2965 διὰ
2368 2910 2437 2964 τὰ
2474 2910 2698 2981 σώματα
2719 2912 2809 2965 καὶ
2828 2912 2895 2965 τὰ
2926 2912 3171 2983 βιωτικὰ,
3201 2912 3279 2976 ὤς
3306 2914 3431 2981 φασί
3454 2928 3595 2975 τινες,
3623 2908 3746 2979 πρᾶγ·

588 2995 747 3056 (‘uam
773 3001 827 3045 et
852 2999 1176 3045 testamenta
1211 3000 1266 3045 et
1300 2989 1517 3055 tabuhe,
1553 2998 1606 3043 et
1659 2991 1865 3054 omnia,
1890 2998 1950 3043 ut
1989 2990 2149 3044 verbo

2179 3012 2220 3069 ο
2257 3003 2401 3073 ματά
2438 3020 2497 3055 τε
2528 3003 2622 3056 καὶ
2652 3003 2951 3073 συμϐόλαια
2980 3004 3104 3073 (καὶ
3146 3004 3258 3076 γὰρ
3312 3004 3405 3058 καὶ
3452 3004 3503 3056 αἱ
3539 3000 3743 3066 διαθῆκαι,

588 3080 785 3146 dicam,
808 3079 1116 3134 securitatis
1144 3080 1369 3149 pignora
1404 3094 1500 3147 per
1525 3080 1629 3134 ista
1670 3079 2004 3149 signantur)
2038 3095 2154 3133 ma-

2254 3095 2350 3146 καὶ
2390 3093 2458 3146 τὰ
2487 3097 2865 3164 γραμματεῖα,
2895 3094 2989 3148 καὶ
3018 3095 3227 3159 πάντα,
3268 3097 3346 3159 ὡς
3376 3094 3496 3157 ἔπος
3527 3092 3680 3150 εἰπεῖν,
3699 3084 3744 3135 τὰ

591 3169 787 3223 uil‘esta
815 3180 940 3223 sunt
964 3177 1017 3224 ct
1042 3169 1210 3235 clara,
1243 3169 1338 3223 sed
1364 3170 1527 3223 etiam
1570 3183 1638 3222 ne
1688 3177 1744 3223 et
1794 3184 1893 3223 nos
1926 3169 2072 3223 velut
2099 3170 2152 3222 in

2252 3184 2352 3253 τῆς
2397 3184 2695 3252 ἀσφαλείας
2742 3188 2972 3258 ἐνέχυρα
3024 3187 3112 3240 διὰ
3158 3186 3367 3240 τούτων
3422 3178 3742 3255 appulisti”,

590 3262 775 3329 ignoto
803 3259 990 3329 pelago
1020 3260 1363 3329 navigantes,
1398 3274 1499 3314 nec
1561 3259 1731 3329 signis
1778 3259 1908 3314 illud
1970 3261 2145 3314 dime-

2254 3275 2388 3344 δῆλά
2424 3276 2481 3327 τέ
2520 3278 2635 3329 ὲστι
2672 3279 2766 3330 καὶ
2802 3280 2967 3349 σαφῆο
3023 3278 3139 3331 ἀλλ’
3184 3280 3277 3332 ἴνα
3311 3280 3402 3332 καὶ
3447 3278 3582 3346 ἡμεῖς
3612 3271 3667 3340 μὴ
3692 3268 3742 3328 ὠς

591 3352 809 3415 tientes,
845 3360 1047 3403 temere
1072 3364 1135 3403 ac
1156 3359 1349 3416 sponte
1396 3350 1461 3402 ad
1518 3349 1701 3405 littora
1744 3352 2024 3406 venientes
2063 3366 2155 3405 va-

2256 3366 2435 3437 ἁδήλῳ
2480 3368 2707 3436 πελάγει
2757 3369 3036 3433 πλέοντες,
3083 3371 3178 3423 καὶ
3224 3371 3463 3441 σημείοις
3497 3367 3560 3436 μὴ
3594 3366 3739 3429 ἀνῆκ’

590 3442 717 3496 euis-
745 3440 992 3494 manibus
1045 3449 1255 3507 portum
1295 3441 1606 3506 subeamus,
1658 3442 1752 3495 sed
1806 3450 1865 3494 ut
1927 3444 2153 3509 tempori

2254 3456 2510 3526 τροῦντες
2546 3458 2723 3523 τοῦτο,
2759 3460 3084 3531 αὐτομάτως
3127 3463 3207 3525 εἰς
3244 3440 3370 3525 τοὺς
3399 3461 3590 3532 λιμένας
3615 3453 3738 3507 ἐλθόν·

590 3532 933 3585 velocissimo
954 3545 1018 3584 ac
1041 3530 1262 3585 retineri
1316 3530 1399 3585 vel
1451 3532 1650 3585 reverti
1682 3542 1773 3585 aut
1818 3532 1983 3586 etiam
2012 3544 2157 3587 Stare

2254 3563 2347 3611 τες
2375 3552 2557 3613 κεναῖς
2589 3551 2941 3622 ὁρμισθῶμεν
2975 3554 3192 3623 χερσίνο
3232 3553 3368 3607 ἀλλὰ
3400 3530 3471 3622 τῷ
3494 3550 3637 3621 χρόνῳ
3654 3544 3735 3607 ὀξυ·

593 3623 775 3678 nescio
819 3622 1215 3677 concurrentia-
1250 3621 1390 3675 bona
1429 3636 1591 3690 opera
1648 3623 2008 3691 possidentes,
2033 3640 2155 3679 cum

2256 3634 2403 3705 τάτῳ
2430 3636 2565 3700 ὄντι,
2595 3638 2689 3691 καὶ
2720 3621 2858 3709 μήτε
2882 3621 3170 3710 ἄγχεσθαι,
3206 3646 3347 3714 μήτε
3377 3621 3732 3709 παλινδρομῆσιιι

592 3713 775 3768 multis
803 3711 1068 3767 mercibus
1116 3712 1183 3766 ad
1233 3710 1411 3766 littora
1463 3711 1818 3782 appellamus.
1850 3712 2156 3769 Habeamus

2256 3723 2391 3777 ἀλλὰ
2417 3724 2550 3794 μηδὲ
2576 3726 2768 3795 στῆναι
2789 3727 3139 3799 ἐπισταμένῳ
3159 3710 3479 3791 σονδεούσας
3494 3726 3574 3786 τὰς
3588 3718 3734 3788 ἀγαθάς

593 3807 776 3873 itaque
820 3804 1073 3859 instantis
1115 3806 1385 3873 temporis
1424 3805 1713 3859 rationem.
1746 3804 1883 3860 Nam
1933 3816 2060 3860 tunc
2102 3815 2159 3861 et

2259 3817 2488 3886 πράξεις
2518 3818 2866 3888 κεκτημένοι,
2911 3820 3048 3889 μετὰ
3076 3820 3282 3893 πολλῆς
3315 3821 3412 3891 τῆς
3450 3814 3665 3888 ἐμπορίας
3681 3808 3731 3865 είς

592 3898 709 3965 capi
735 3906 910 3966 potest
945 3904 999 3950 et
1025 3896 1267 3951 retineri.
1297 3895 1638 3951 Praeteritum
1690 3898 1835 3952 enim
1890 3897 2159 3965 elapsum-

2260 3910 2385 3973 τοὺς
2412 3909 2636 3977 λιμένας
2657 3909 2964 3980 ἐλάσωμεν.
3003 3909 3295 3981 Ἐχώμεθα
3320 3911 3486 3964 τοίνυν
3508 3905 3584 3959 τοῦ
3602 3899 3730 3973 χρόωυ

592 4004 697 4055 que
745 3988 955 4057 assequi
1012 4004 1118 4043 non
1172 4002 1481 4056 possumus.
1513 3988 1728 4042 Alatum
1784 3989 1929 4043 enim
1956 3998 2040 4043 est
2101 4000 2159 4043 et

2259 3996 2687 4066 πλησιάζοντοςο
2735 3997 2913 4063 ἔξεστι
2970 4001 3079 4068 γὰρ
3121 4000 3247 4053 τότε
3296 4001 3388 4053 καὶ
3425 3992 3639 4049 λαϐέσθαι
3671 3983 3728 4037 καὶ

594 4080 767 4145 \elox,
802 4090 855 4134 et
894 4081 1053 4147 longe
1080 4094 1108 4131 a
1159 4088 1307 4148 tergo
1338 4079 1589 4147 relinquit
1631 4079 2004 4149 insequentes:
2028 4081 2157 4150 quin

2259 4092 2553 4157 κατασχεῖν
2572 4104 2587 4120 ⁸
2620 4091 3071 4161 παραδραμόντος
3101 4093 3211 4163 γὰρ
3256 4088 3577 4163 μεταδιώκειν
3596 4079 3727 4147 ἀνήνυ-

593 4174 755 4225 etiam
779 4171 1025 4226 coruinus
1049 4169 1313 4239 prehendi
1345 4170 1550 4238 nequit.

2259 4196 2373 4231 τον.
2447 4180 2859 4249 Ἐπτερωμένος
2916 4182 3023 4252 γὰρ
3069 4181 3145 4234 ὣν
3183 4185 3281 4236 καὶ
3322 4181 3488 4243 ὠκὺς,
3529 4166 3727 4244 πόρρωθεν

2265 4271 2365 4337 μὲν
2411 4270 2603 4339 ἀφίησι
2640 4272 2765 4334 τοὺς
2800 4271 3127 4338 διώκοντας,
3166 4274 3440 4344 ἀμήχανος
3478 4269 3524 4322 δέ
3552 4268 3637 4318 ἐστι
3667 4252 3726 4310 καὶ

2189 4335 2232 4387 D
2262 4335 2577 4432 favopé'vot;
2604 4363 2770 4432 ἐγγὺς
2797 4362 3088 4433 ληφθῆναι,

1060 4441 1435 4497 οοωινιι.-
1452 4441 1679 4499 EIDEM.
2749 4450 2907 4504 232'.
2932 4482 2998 4490 —
3018 4453 3105 4525 To
3134 4455 3332 4526 Αγτο.

1584 4542 1746 4596 Poma
1767 4545 1975 4612 quando
2012 4545 2316 4615 irroganda.
2354 4545 2505 4614 (Sup.
2542 4546 2693 4613 epist.
2732 4545 2848 4614 42.)

672 4641 805 4696 Dum
829 4639 1091 4695 elTnenate
1123 4636 1321 4691 insanit
1359 4636 1699 4706 improbitas,
1725 4652 1897 4705 neque
1946 4614 2156 4694 accedit

2147 4651 2156 4694 ι
2344 4639 2407 4691 Ἠ
2444 4640 2675 4709 πονηρία
2722 4638 2849 4690 ὅταν
2892 4637 3211 4701 ἁκαοέκτως
3259 4636 3501 4703 λυττήση,
3526 4626 3598 4681 καὶ
3632 4614 3716 4709 μηδὲ

480 4806 483 4813 _
596 4731 917 4797 moderatio,
946 4738 1073 4783 tunc
1124 4743 1283 4797 pinna
1334 4727 1509 4783 solum
1539 4742 1604 4783 ac
1654 4729 1917 4797 supplicio
1978 4745 2044 4797 po

2147 4740 2156 4784 ι
2263 4707 2640 4799 σωφρονισμὸν
2665 4728 2980 4800 προσίηται,
3013 4729 3117 4782 ὑπὸ
3140 4725 3402 4799 τιμωρίας
3430 4722 3569 4794 μόνης
3584 4707 3716 4767 κωλύε-

594 4822 854 4877 eoerceri.

2264 4820 2389 4873 σθαι
2424 4820 2684 4889 πέφυκεν.

811 4910 1129 4967 CCLXVIII.
1156 4908 1526 4965 -——CYRILLO
1580 4908 1929 4965 EPISCOPO.

2542 4912 2704 4965 2311'.
2734 4940 2798 4950 —
2836 4911 3143 4983 ΚΥΡΙΛΛῼ
3181 4906 3520 4973 ΕΠΙΣΚΟΗῼ.

601 5006 762 5075 Regia
790 5012 1019 5074 potestas
1064 5005 1264 5057 clerum
1284 5005 1336 5057 in
1376 5004 1606 5075 ordinent
1652 5003 1884 5075 redigere
1914 5020 1982 5056 an
2020 5003 2203 5075 possit.
2237 5003 2417 5072 (Conf.
2456 5005 2610 5072 epist.
2649 5005 2790 5067 9.7.8,
2830 5015 2877 5057 et
2911 5003 3004 5056 lib.
3042 5020 3105 5075 ιι,
3143 5003 3290 5075 epist.
3324 4998 3443 5062 9.34,
3484 5002 3525 5047 et
3568 4984 3634 5039 lii.
3667 4986 3709 5033 ην

1324 5074 1479 5140 epist.
1500 5072 1625 5126 219.
1674 5072 1799 5124 Vide
1837 5071 2110 5142 Chrysost.
2145 5073 2217 5128 De
2250 5071 2381 5143 regis
2410 5085 2455 5127 et
2486 5071 2736 5127 monachi
2761 5073 3190 5141 comparatione.)

661 5161 959 5217 Sacerdotii
1000 5161 1128 5214 olim
1172 5162 1406 5228 dignitas
1458 5172 1743 5231 peccantes
1796 5162 2155 5228 redarguebat

2141 5172 2155 5215 ι
2304 5136 2508 5215 γΙΙάλαι
2546 5164 2646 5233 μὲν
2756 5136 3021 5232 ἱερωσύνη
3074 5136 3366 5243 πταίουσαν
3396 5156 3482 5224 τὴν
3522 5136 3710 5243 βασιλείαν

597 5267 770 5321 reges,
794 5254 1141 5323 regebatque,
1170 5268 1312 5307 nunc
1339 5267 1464 5306 vero
1504 5252 1587 5306 his
1634 5252 1874 5321 subjecta
1904 5262 1985 5306 est
2010 5271 2023 5305 :
2058 5254 2153 5306 de-

2137 5280 2153 5292 ι
2260 5254 2555 5325 διωρθοῦτο
2597 5256 2692 5307 καὶ
2713 5254 3067 5325 ἐσωφρόνιζε,
3094 5253 3185 5306 νῦν
3216 5253 3270 5305 δὲ
3296 5241 3380 5303 ὑπ’
3418 5245 3593 5309 ἐκείνην
3612 5241 3706 5329 id?"

595 5357 690 5395 eus
722 5351 897 5397 tamen
927 5342 1210 5412 pristinum
1244 5358 1348 5396 non
1380 5343 1584 5408 amisit,
1619 5344 1714 5397 sed
1757 5345 1850 5412 qui
1901 5344 2154 5398 sacerdo-

2136 5373 2154 5383 -
2261 5360 2369 5408 νεν,
2424 5344 2495 5395 οὐ.
2522 5344 2584 5395 τὸ
2637 5345 2834 5396 οἰκεῖον
2873 5343 3087 5412 ἀξίωμα
3134 5342 3459 5401 ἀπολέσασα,
3493 5329 3599 5386 ἀλλὰ
3631 5330 3705 5412 τεῆ

597 5431 671 5483 tio
696 5432 889 5486 initiati
914 5443 1062 5498 sunt,
1091 5449 1191 5488 uou
1221 5434 1407 5488 eodem
1458 5431 1639 5499 modo,
1671 5447 1789 5501 quos
1808 5432 1957 5502 apud,
1983 5447 2155 5487 saecu-

2133 5462 2155 5471 -
2260 5404 2695 5501 ὲγχειρισοέντας
2732 5433 2831 5502 οὐχ
2863 5404 3081 5503 ὁμοίονς
3109 5435 3215 5495 τοῖς
3248 5432 3356 5502 (74)
3382 5425 3564 5483 ἐπὶτῶν
3580 5404 3702 5486 ἠμίτρ

1718 5549 1948 5604 VARUE
1990 5546 2368 5605 LECTIONES
2410 5552 2494 5605 ΕΤ
2534 5549 2761 5605 NOTAE.

676 5659 783 5713 ΓΗ)
813 5663 914 5718 I’ro
946 5665 1163 5719 ὁμοίους
1196 5670 1299 5723 τοῖς
1335 5666 1487 5721 codd.
1531 5665 1699 5721 Vatic.
1729 5666 1835 5722 650
1861 5676 1909 5722 ct
1939 5667 2041 5722 Alt.
2083 5667 2245 5730 legutr

1335 5666 1487 5721 codd.
1531 5665 1699 5721 Vatic.
1729 5666 1835 5722 650
1861 5676 1909 5722 ct
1939 5667 2041 5722 Alt.
2083 5667 2259 5730 legunt
2290 5666 2486 5729 ὁμοίως
2520 5665 2644 5719 τῶν.
2672 5664 2871 5719 Possm.
