3974 6144
305 265 441 334 1493

1173 281 1704 346 EPISTOLARUM
1734 287 1880 350 LIB.
1920 291 1986 351 ν.
2027 316 2094 325 -·
2131 293 2380 354 ΕΡΙδΤν
2402 296 2696 359 CCLXXI.

3410 289 3543 352 1-in

304 403 416 478 ρων
440 387 718 458 προγόνων
742 391 954 462 ἔχουσα.
990 390 1190 462 Πρώην
1223 393 1324 464 μὲν
1382 397 1490 467 γὰρ
1520 399 1872 467 εὐαγγελικὸν

1983 403 2082 458 lum
2128 406 2276 474 prius
2331 411 2606 463 memoriae
2655 424 2916 478 lllﬂjﬂl‘lllll
2977 421 3096 462 sese
3145 412 3360 476 gerunt.
3400 402 3544 457 Olim

306 477 403 531 καὶ
428 478 786 535 ἀποστολικδν
824 481 1260 552 πολιτευομένων
1297 484 1412 555 βίον
1435 485 1543 538 τῶν
1577 488 1676 557 τὴν
1719 491 1876 559 ἱερω-

304 567 472 652 σύνην
492 571 865 642 ὲστεμμένων,
911 573 1193 644 εἰκότωςὴ
1226 575 1493 648 ἱερωσύνη
1525 580 1590 648 τῇ
1627 578 1873 652 βασιλείᾳ

301 651 371 722 ἦν
402 656 632 729 φοϐερά·
667 659 760 712 νῦν
801 660 916 731 δὲή
953 660 1199 731 βασιλεία
1231 666 1298 733 τῇ
1339 664 1637 736 ἱερωσύνῃο
1672 651 1874 736 μᾶλλον

302 743 359 795 δὲ
404 744 502 797 οὐκ
540 747 698 818 αὐτῇ,
727 749 861 802 ἀλλά
887 754 999 814 τοῖς
1033 751 1280 822 ἱερᾶσθαι
1308 755 1410 824 μὲν
1434 755 1670 820 δοκοῦσι,
1698 757 1764 811 δι’
1797 752 1874 813 ὧν

303 833 361 885 δὲ
395 835 727 904 πράττουσιν
756 840 926 910 αὐτὴν
959 841 1262 912 ὑϐρίζουσι.
1305 844 1395 896 Διό
1419 861 1509 914 μοι
1529 846 1676 899 δοκεῖ
1710 849 1804 902 καὶ
1836 851 1871 920 ἡ

306 925 554 994 βασιλεία
575 929 798 993 εἰκότως
827 934 1028 985 ποιεῖν·
1058 934 1118 986 οὐ
1146 933 1253 1005 γάρ
1273 935 1371 1005 τὴν
1395 936 1696 1008 ἱερωσύνην
1720 938 1875 1010 ὑϐρί-

308 1033 396 1070 σαι
425 1020 806 1090 προῃρημένη,
833 1024 898 1092 ἢν
930 1023 1224 1088 ὲκθειάζει,
1253 1026 1370 1079 ἀλλ’
1393 1027 1676 1098 ἐκδικῆσαι
1716 1031 1873 1100 ὑϐρι-

307 1105 562 1179 ζομένην,
610 1111 738 1176 τοὺς
765 1113 826 1166 οὐ
869 1113 1096 1180 δεόντως
1131 1116 1268 1187 αὐτῇ
1301 1117 1617 1189 χρωμένους
1656 1137 1870 1191 σωφρο-

308 1198 461 1262 νίζει.

689 1399 847 1454 Σεθο.
883 1431 952 1443 -
984 1403 1152 1476 nam
1181 1402 1491 1478 ΔΙΑΚΟΝῼ.

1979 494 2124 546 enim
2182 511 2306 550 cum
2355 500 2723 568 evangelicam
2783 510 2838 553 et
2879 497 3232 567 apostolicam
3286 496 3548 549 ducerent

1978 583 2144 636 vitam
2191 587 2282 655 qui
2326 589 2496 643 sacris
2548 591 2651 645 rite
2698 591 3088 657 operabantur,
3120 588 3315 642 ιιιθτίίο
3379 585 3544 656 “Sim

1981 670 2227 740 dignitati
2290 687 2448 729 crant
2496 679 2738 732 terrori:
2777 692 2922 732 nunc
2967 692 3097 732 vero
3147 684 3340 730 contra
3387 675 3537 742 regia

1980 761 2237 830 majestas
2262 766 2551 820 sacerdoti.
2592 766 2682 822 Vel
2711 768 2890 836 potius
2929 783 3034 820 non
3075 766 3198 836 ipsi,
3226 765 3321 820 sed
3350 765 3435 829 iis,
3455 765 3547 833 qui

1980 855 2290 909 sacerdotes
2339 855 2556 924 quidem
2614 857 2884 920 videnlur,
2935 856 3091 911 factis
3143 865 3324 910 autem
3377 853 3544 909 statui

1979 953 2105 999 sunt
2127 945 2327 1013 injnrii.
2353 946 2520 1002 Recte
2539 949 2722 1016 itaque
2743 949 3037 1005 consulunt
3065 957 3340 1017 aguntque
3367 958 3546 1014 reges.
3625 940 3642 956 ⁸

1980 1033 2096 1088 Νοιι
2127 1037 2268 1090 enim
2315 1038 2677 1092 sacerdotium
2728 1039 2924 1094 laedere
2981 1039 3317 1109 propositum
3341 1047 3423 1092 est
3455 1035 3545 1099 iis,

1980 1129 2122 1196 quod
2156 1128 2402 1199 religiose
2425 1130 2522 1199 ipsi
2554 1141 2928 1196 revereantnr,
2947 1132 3040 1186 sed
3065 1130 3340 1185 vindicare
3365 1128 3549 1184 laesam

1982 1218 2298 1286 dignitatem
2349 1223 2416 1274 ab
2467 1221 2554 1288 iis,
2603 1221 2694 1293 qui
2754 1238 2864 1277 non
2915 1221 3096 1277 debite
3143 1219 3547 1276 administrant-

1981 1317 2248 1380 satagunt.

2280 1417 2552 1475 CCLXIX.
2578 1420 2884 1476 --IIELl1E
2941 1417 3253 1476 DIACONO.

307 1488 431 1542 Pati
471 1490 712 1557 adversa,
747 1493 985 1549 salutare
1009 1497 1216 1564 corpori
1267 1500 1576 1551 animwaue.
1609 1497 1842 1621 (Cap/et}.
1869 1506 2022 1569 epist.
2058 1506 2175 1609 25:5
2199 1518 2248 1561 et
2274 1508 2424 1577 260.)
2467 1529 2484 1562 ι
2511 1513 2551 1566 Α
2590 1511 2812 1568 Domino
2840 1512 3180 1580 corripiatur,
3215 1527 3279 1566 ne
3305 1526 3420 1564 cum
3445 1511 3543 1565 lto:

1567 1585 1710 1620 ιιιιιη(
1731 1585 1760 1621 ο
1793 1591 1808 1621 ι
1831 1588 2104 1621 munemur
2187 1616 2199 1621 -
2244 1598 2261 1621 Ι

1567 1585 1760 1621 mundo
1793 1585 2104 1628 damnentur
2131 1585 2199 1630 ".
2243 1598 2261 1628 ι

378 1668 454 1721 Οὔ
482 1669 610 1733 τοὺς
650 1670 961 1736 πταίοντας,
999 1665 1044 1727 ὧ
1089 1674 1208 1740 τᾶν,
1238 1673 1331 1727 καὶ
1377 1673 1770 1746 κολαζομένους
1797 1677 1887 1730 ὲν-

2056 1682 2466 1755 Delinquentes,
2499 1687 2630 1741 heus
2672 1696 2724 1740 tu
2754 1687 2767 1740 l
2810 1698 2864 1741 et
2895 1686 2946 1740 in
2996 1687 3096 1741 hac
3134 1687 3242 1741 vita
3278 1685 3526 1757 castigati

305 1759 481 1812 ταῦοα
511 1759 730 1832 θρηνεῖν
758 1763 886 1834 χρὴ,
915 1764 1049 1818 ἀλλὰ
1077 1765 1204 1825 τοὺς
1226 1766 1535 1837 ἀτιμωρητὶ
1555 1767 1870 1830 πταίοντας.

1970 1775 2281 1845 deplorandi
2315 1793 2421 1832 non
2465 1788 2614 1843 sunt,
2638 1779 2730 1833 sed
2776 1780 2867 1848 qui
2915 1777 3166 1848 itnpunlti
3203 1779 3428 1833 abeunt.
3469 1775 3543 1832 Ut

309 1853 520 1922 Ὥσπερ
551 1852 660 1923 γὰρ
693 1854 754 1908 οὐ
799 1855 861 1908 τὸ
898 1860 1072 1922 νοσεῖν
1119 1857 1310 1922 δεινὸν,
1343 1857 1480 1911 ἀλλά
1524 1857 1586 1911 τὺ
1614 1858 1875 1913 νοσοῦντα

1983 1867 2114 1920 enim
2145 1882 2247 1922 non
2275 1877 2383 1923 tam
2409 1869 2691 1924 molestum
2715 1879 2797 1924 est
2828 1881 3116 1938 azgrotare,
3150 1883 3312 1938 quam
3357 1867 3549 1921 morbo

306 1941 602 2010 θεραπείαν
653 1944 727 2014 μὴ
765 1946 1120 2016 προσίεσθαι’
1169 1949 1290 2002 οὐδὲ
1319 1949 1381 2002 τὸ
1421 1949 1564 2020 ἔχειν
1605 1951 1875 2020 σηπεδόνα

307 2030 520 2101 θρήνων
555 2032 726 2100 ἀξιον,
757 2035 892 2090 ἀλλά
928 2036 989 2090 τὸ
1021 2037 1214 2107 ἔχοντα
1246 2039 1322 2109 μὴ
1359 2039 1648 2093 ἀπολαύειν
1701 2042 1878 2112 ἰατρι-

307 2121 411 2190 κῆς
449 2123 642 2194 τέχνης
697 2123 747 2195 (ό
790 2124 896 2197 γὰρ
912 2127 1258 2197 ’τεμνόμενος
1289 2129 1384 2181 καὶ
1429 2129 1716 2199 καιόμενος
1742 2124 1876 2200 πρὸς

308 2211 608 2282 θεραπείαν
642 2213 835 2279 ὁδεύει,
865 2215 962 2286 τὴν
990 2217 1096 2270 ἀπὸ
1132 2219 1230 2288 τῆς
1263 2218 1556 2290 ἀλγηδόνος
1585 2218 1879 2291 θεραπείαν

309 2304 768 2375 καρπωσάμενος)
788 2321 800 2334 ’
821 2305 962 2360 οὕτω
987 2309 1081 2362 καὶ
1110 2309 1202 2361 ἐπὶ
1225 2309 1335 2364 τῶν
1363 2311 1553 2381 ψυχῶν
1577 2311 1878 2366 διακεῖσθαι

307 2395 437 2464 χρή.
469 2395 533 2447 Αἱ
566 2396 664 2466 μὲν
702 2399 809 2469 γὰρ
838 2398 1198 2471 κολαζόμεναι
1231 2402 1488 2467 ἐνταῦθα,
1522 2404 1660 2476 πρὸς
1690 2405 1879 2472 ὑγείαν

305 2486 587 2540 ἕλκονται·
633 2489 688 2543 αἱ
726 2489 782 2542 δὲ
820 2491 1126 2563 ἀτιμωρητὶ
1158 2493 1469 2561 πταίουσαι,
1519 2497 1600 2559 είς
1639 2495 1878 2568 ἀναλγη-

309 2575 429 2629 σίαν
458 2576 753 2634 ὁδεύουσιν.

657 2687 775 2743 ΣΟ’.
811 2720 882 2730 -ο
919 2691 1180 2764 ΕΡΜΙΝῼ
1218 2694 1509 2749 ΚΟΜΗΤΙ.

1980 1959 2241 2013 medelam
2272 1975 2376 2014 non
2400 1960 2619 2025 afferri;
2669 1961 2829 2032 641
2883 1975 2947 2014 ac
2999 1975 3173 2029 neque
3227 1969 3551 2028 putrescens

1984 2049 2135 2104 ulcus
2161 2049 2412 2105 lamentis
2445 2051 2782 2118 sit-lignum,
2817 2051 2909 2105 sed
2961 2052 3140 2120 potius
3192 2050 3492 2104 remedium
3517 2063 3547 2100 a

1984 2143 2194 2196 medico
2223 2157 2327 2196 non
2359 2130 2603 2197 adhiberi
2646 2161 2659 2197 :
2694 2141 2786 2212 qui
2814 2141 2958 2196 enim
3004 2149 3223 2196 secatur
3279 2139 3547 2207 uriturve,

1987 2232 2053 2284 ad
2079 2233 2414 2286 curationem
2449 2242 2724 2300 properat,
2749 2231 2992 2285 dolorum
3046 2239 3402 2298 percepturus
3433 2242 3550 2282 me-

1985 2321 2159 2375 delam
2193 2338 2206 2374 :
2237 2322 2377 2375 idem
2415 2321 2612 2376 animis
2635 2322 2925 2375 usuvenire
2976 2319 3399 2373 existimandum
3442 2325 3546 2370 est.

1983 2411 2114 2478 Quae
2163 2413 2309 2466 enim
2349 2412 2436 2468 hic
2479 2423 2654 2480 paena:
2702 2410 3073 2482 suppliciaque
3119 2409 3441 2475 tolerantur,
3481 2409 3552 2462 ad

1979 2503 2206 2558 salutem
2241 2503 2557 2570 traducunt;
2608 2513 2666 2558 at
2708 2502 2930 2572 impune
2971 2501 3062 2571 qui
3116 2499 3314 2562 lerunt.
3345 2499 3382 2554 ii
3435 2499 3573 2555 fere-

1981 2592 2109 2648 mali
2137 2594 2218 2648 sui
2243 2607 2460 2647 sensum
2500 2593 2773 2648 amittunt.

2260 2694 2513 2750 CCLXX.
2562 2683 2632 2738 —-'
2671 2693 2979 2749 ιιΕιιιιιΝο
3016 2692 3272 2748 conm.

728 2778 1062 2836 Tentationes
1093 2783 1326 2850 exemplo
1357 2784 1458 2838 Job
1483 2785 1646 2839 saluti
1673 2803 1803 2840 esse.
1847 2786 2082 2854 (Confer.
2113 2787 2262 2854 epist.
2287 2786 2380 2851 39,
2415 2785 2506 2848 68,
2539 2784 2625 2850 7|,
2652 2785 2742 2850 87,
2779 2784 2846 2838 96
2875 2793 2923 2837 et
2948 2781 3097 2851 9.26.)

379 2889 455 2941 Οὐ
480 2888 700 2952 πάντως
726 2891 792 2944 τὰ
819 2893 959 2945 αὐτά
981 2892 1128 2962 πάθη
1150 2891 1249 2956 τὰς
1269 2893 1440 2956 αὐτὰς
1461 2893 1617 2963 ῥίζας
1638 2892 1870 2964 ἔχουσιν,

302 2980 425 3033 οὐδὲ
465 2983 634 3034 πᾶσαι
664 2983 720 3036 αἱ
749 2983 1000 3046 κολάσεις
1047 2984 1281 3038 ἐνταῦθα
1300 2987 1364 3037 ὲκ
1387 2982 1876 3055 πλημμελημάτων

302 3070 402 3132 τὰς
432 3070 719 3135 ὑποθέσεις
763 3073 1004 3142 ἔχουσιν·
1035 3073 1150 3126 ἀλλ’
1182 3075 1232 3126 οί
1277 3074 1375 3142 μὲν
1408 3073 1476 3127 δι’
1503 3074 1880 3144 ἁμαρτήματα

309 3157 654 3224 κολάζονται,
705 3161 754 3213 oi
800 3161 857 3214 δὲ
903 3161 991 3213 διὰ
1036 3162 1096 3214 τὸ
1122 3161 1518 3232 δοκιμασθῆναι
1552 3163 1875 3232 πάσχουσιν,

304 3250 372 3301 ἶν’
421 3250 483 3301 oi.
537 3249 637 3320 μὲν
675 3250 854 3317 δίκας,
886 3252 936 3305 οἱ
983 3251 1041 3304 δὲ
1083 3252 1304 3321 δοκίμια
1340 3252 1440 3320 τῆς
1483 3253 1688 3323 ἀρετῆς
1717 3253 1875 3308 δοῖεν.

307 3337 572 3410 Καθάπερ
611 3340 720 3410 γάρ
769 3342 801 3409 ἡ
851 3340 1126 3409 βασανῖτις
1168 3341 1316 3406 λίθος
1361 3343 1452 3396 τὸν
1504 3345 1702 3414 χρυσὸν
1735 3345 1879 3398 δοκι-

310 3429 494 3500 μάζει,
527 3430 587 3494 ἐξ
630 3425 699 3503 ἧς
731 3431 880 3484 λίθου
916 3426 1071 3501 οἶμαι
1105 3433 1202 3485 καὶ
1229 3433 1291 3485 τὸ
1321 3432 1705 3503 βασανίζεσθαι
1739 3436 1876 3490 divo-

309 3522 812 3591 ματοπεποιῆσθαι·
869 3521 1013 3574 οὕτω
1061 3523 1155 3575 καὶ
1204 3522 1255 3574 οἱ
1300 3525 1598 3594 πειρασμοὶ
1634 3525 1762 3588 τοὺς
1801 3524 1878 3576 δι-

303 3611 499 3676 καίους
542 3612 873 3683 ἐλέγχουσιν,
917 3612 992 3674 ὼς
1026 3613 1119 3666 καὶ
1145 3612 1222 3683 τῷ
1275 3613 1394 3666 ἰὼϐ
1439 3614 1662 3686 έῤῥέθη·
1705 3634 1722 3666 ι
1761 3615 1877 3671 Οἴει

310 3719 377 3772 με
416 3702 593 3766 ἄλλως
630 3720 712 3756 σοι
737 3703 1223 3774 κεχρηματικέναι,
1256 3704 1288 3773 ἢ
1321 3703 1408 3758 ἵνα
1437 3705 1773 3777 ἀναφανείης
1797 3706 1877 3758 δί-

305 3809 500 3857 καιος;
545 3812 562 3845 ι
620 3795 682 3846 υί
727 3793 786 3847 δὲ
837 3795 1048 3863 ἀνόητοι
1097 3795 1204 3848 ἀπὸ
1251 3795 1359 3848 τῶν
1416 3797 1738 3866 πειρασμῶν
1785 3798 1879 3850 καὶ

2052 2894 2379 2950 Aﬂectiones
2409 2895 2608 2949 eadem
2663 2895 2876 2948 radices
2923 2893 3124 2946 habent
3178 2908 3283 2946 non
3329 2891 3551 2944 omnino

1982 2985 2219 3050 easdem,
2253 2994 2310 3038 nt
2359 2999 2532 3055 neque
2557 2999 2732 3053 preme
2763 2985 2848 3038 hic
2877 2995 3063 3038 omnes
3095 2997 3161 3036 ex
3193 2992 3430 3052 peccatis
3459 2982 3549 3036 ha-

1980 3077 2109 3130 bent
2140 3073 2403 3144 originem
2430 3091 2444 3126 :
2479 3074 2573 3130 sed
2608 3073 2697 3128 alii
2730 3077 2799 3128 ob
2829 3073 3060 3127 crimina
3103 3073 3416 3141 puniuntur,
3455 3072 3544 3126 alii

1982 3181 2131 3231 vero,
2168 3175 2226 3220 ut
2266 3166 2560 3236 probentur
2610 3165 3086 3232 explorenturque,
3130 3163 3251 3218 ideo
3276 3164 3546 3233 castigan-

1981 3266 2084 3310 tur.
2118 3254 2193 3309 llli
2217 3256 2430 3324 quidem
2472 3263 2530 3309 ut
2552 3268 2740 3324 poenas
2777 3255 2924 3313 dent.
2954 3254 3005 3306 hi
3060 3269 3190 3309 vero
3238 3264 3296 3307 ut
3335 3250 3548 3309 virtutis

1980 3346 2107 3398 dent
2135 3344 2427 3414 specimen.
2461 3343 2922 3410 Quemadmodmn
2982 3343 3114 3412 lapis
3155 3344 3300 3397 enim
3348 3341 3549 3412 Lydius

1981 3432 2292 3502 βασανίτης.
2321 3433 2637 3500 explorator,
2656 3433 2853 3493 dictus,
2881 3431 3021 3500 quod
3043 3446 3229 3484 aurum
3256 3430 3497 3498 exploret
3528 3449 3544 3484 :

1981 3524 2121 3578 unde
2167 3532 2223 3578 et
2247 3522 2492 3578 Grarcum
2521 3523 2741 3577 verbum
2793 3519 3178 3592 βασανίζεσθαι
3208 3535 3304 3590 pro
3344 3519 3548 3574 exami—

1981 3631 2108 3668 nare
2142 3623 2190 3668 et
2226 3613 2498 3681 explorare
2527 3612 2827 3666 derivatum
2859 3629 2872 3665 :
2922 3613 3002 3669 sic
3035 3622 3090 3668 et
3124 3613 3255 3681 ipsa:
3287 3610 3534 3664 tentatio-

1981 3721 2075 3760 nes
2119 3705 2293 3774 justos
2343 3705 2639 3758 ostendunt
2699 3718 2763 3758 ac
2822 3703 3070 3772 probant,
3130 3713 3188 3757 ιιι
3233 3701 3331 3756 Job
3363 3701 3542 3754 dixit:

1985 3812 2004 3846 ι
2049 3795 2211 3848 Putas
2235 3810 2317 3848 me
2342 3795 2502 3847 aliter
2523 3793 2866 3860 respondisse
2890 3793 2984 3848 tibi
3017 3808 3174 3862 quam
3200 3803 3256 3844 ut
3285 3803 3545 3858 apparens

307 3884 440 3945 τοὺς
490 3882 640 3951 βίους
685 3882 793 3937 τῶν
827 3883 1231 3954 πειραζομένων
1265 3885 1660 3941 διαϐάλλουσιν.
1701 3888 1878 3960 Ὅπερ

1983 3871 2154 3953 iustus
2182 3883 2261 3935 °‘?
2299 3902 2315 3933 ι
2360 3883 2678 3951 lnsipientes
2730 3897 2858 3936 vero
2910 3882 2980 3936 ob
3019 3881 3342 3935 tentationes
3384 3879 3544 3931 vitam

310 3976 408 4028 καὶ
438 3975 486 4026 οί
509 3972 604 4025 τοῦ
649 3971 768 4025 Ἰὼϐ
802 3972 963 4042 φίλοι,
1005 3975 1099 4028 καὶ
1131 3977 1158 4026 ό
1179 3976 1392 4046 Σεμεεὶ,
1423 3976 1514 4029 καὶ
1538 3977 1588 4029 οί
1615 3976 1879 4049 βάρϐαροι

309 4063 668 4117 πεπόνθασιν.
719 4065 780 4117 Οἱ
823 4063 922 4134 μὲν
955 4064 1063 4134 γὰρ
1101 4064 1285 4132 ἔλεγον
1318 4064 1393 4134 τῷ
1426 4066 1653 4136 ἀοιδίμῳ
1684 4083 1880 4134 στεφα-

307 4157 432 4230 νίτῃ
469 4155 548 4226 τῷ
601 4157 780 4208 πᾶσαν
820 4154 915 4208 τοῦ
966 4155 1212 4209 διαϐόλου
1269 4157 1602 4225 συγκόψαντι
1648 4157 1747 4228 τὴν
1790 4157 1880 4210 δύ-

1981 3975 2191 4026 illorum
2221 3974 2309 4042 qui
2342 3983 2617 4027 tentantur
2638 3973 3013 4036 criminantur,
3037 3981 3095 4024 nt
3122 3979 3174 4025 et
3199 3970 3355 4023 amici
3380 3969 3550 4039 ipsius

1979 4067 2100 4134 Job,
2123 4076 2178 4122 et
2207 4067 2407 4129 Semei,
2459 4081 2521 4119 ac
2560 4063 2773 4118 barbari
2807 4062 3076 4117 fecerunt.
3118 4059 3195 4114 Illi
3237 4061 3378 4113 enim
3423 4059 3546 4112 illu-

1980 4157 2076 4211 stri
2126 4157 2363 4222 athletae,
2399 4157 2488 4226 qui
2530 4172 2744 4212 omnem
2790 4154 3046 4211 daemonis
3081 4154 3239 4223 fregit
3269 4153 3546 4219 impetum,

308 4265 496 4317 ναμινο
535 4265 553 4298 ι
605 4247 719 4298 Οὐκ
753 4243 876 4310 ἀξια
903 4239 977 4299 ὧν
1007 4247 1332 4317 ἡμάρτηκας
1366 4248 1809 4318 μεμαστίγωσαις
1852 4269 1870 4301 ›

1983 4247 2233 4302 dixerunt
2275 4267 2287 4302 :
2340 4267 2359 4299 ι
2429 4247 2620 4304 Nonne
2677 4248 2834 4316 digne
2887 4246 2957 4302 ob
2997 4255 3213 4314 peccata
3254 4243 3548 4312 ﬂagellalus

318 4342 379 4393 Ὀ
427 4340 481 4392 δὲ
531 4338 854 4407 ἀνδροφόνον
900 4337 1085 4391 ἐκάλει
1118 4338 1206 4390 τὸν
1252 4338 1575 4407 πραότατον,
1622 4340 1729 4392 ἀπὸ
1776 4340 1876 4408 τῆς

311 4431 602 4500 συμφορᾶς
634 4429 839 4498 ταύτην
868 4428 1048 4498 φέρων
1079 4428 1208 4498 περὶ
1243 4429 1408 4482 αὐτοῦ
1449 4429 1548 4499 τὴν
1576 4429 1774 4499 ψῆφον.
1814 4431 1877 4483 Ol

310 4523 369 4574 δὲ
420 4519 609 4590 ἐπειδὴ
643 4519 671 4571 ὁ
705 4519 818 4589 ἔχις
858 4518 970 4590 (75)
1017 4518 1117 4587 τῆς
1159 4518 1341 4588 χειρὸς
1391 4518 1566 4588 εἴχετο
1617 4521 1718 4589 τῆς
1749 4521 1882 4573 ἀποτ-

313 4610 590 4680 στολικῆς,
627 4609 900 4677 ἔφασκονο
939 4628 958 4660 ι
992 4609 1217 4672 Πάντως
1250 4610 1439 4677 φονεύς
1468 4611 1581 4662 ἐστι
1615 4612 1642 4662 ὁ
1666 4610 1880 4680 ἀνθρω-

314 4719 416 4765 πος
453 4697 628 4765 οὗτος,
663 4701 722 4754 ὂν
753 4699 1087 4754 διασωθέντα
1131 4699 1195 4753 ὲκ
1225 4701 1325 4771 τῆς
1376 4699 1644 4770 θαλάττης
1673 4703 1706 4771 ἡ
1757 4700 1882 4773 δίκη

318 4795 418 4864 ζῇν
448 4793 546 4846 οὐκ
575 4793 776 4846 εἴασεν.
816 4809 836 4843 ι

725 4884 890 4937 ΣυΑ’.
940 4911 1010 4942 .-
1055 4883 1472 4954 ΘΕΟΓΝΩΣΤῼ.

1986 4353 2046 4394 es
2080 4339 2172 4392 "‘3
2213 4358 2232 4390 ι
2268 4339 2446 4394 Semei
2475 4355 2600 4392 vero
2629 4338 2969 4392 mitissimum
3007 4336 3258 4390 Davi-lem
3292 4335 3548 4387 inclamat

1987 4439 2045 4483 ιιι
2102 4430 2448 4493 homicidam,
2498 4429 2819 4484 calamitatis
2871 4429 2973 4482 hoc
3031 4425 3212 4480 ferens
3259 4423 3546 4490 judicium.

1983 4521 2203 4575 Barbari
2235 4537 2362 4575 vero
2419 4522 2493 4587 (in
2531 4520 2702 4575 Melita
2739 4519 2956 4588 insula),
2989 4533 3109 4572 cum
3156 4517 3345 4585 anguis
3395 4513 3547 4568 Pauli

1984 4626 2201 4664 manum
2241 4611 2702 4680 apprehendisset,
2730 4610 3042 4680 jactarnnt:
3087 4625 3105 4658 ι
3142 4605 3334 4673 Utique
3370 4603 3548 4657 homi-

1984 4700 2103 4755 cida
2136 4709 2219 4756 est
2243 4701 2328 4756 hic
2353 4701 2512 4756 homo
2541 4720 2555 4756 :
2613 4701 2703 4769 qui
2735 4716 2855 4755 cum
2880 4698 3112 4753 evaserit
3151 4711 3181 4750 e
3227 4694 3384 4759 mari,
3416 4691 3549 4745 ultio

1988 4808 2090 4846 non
2125 4792 2254 4848 sinit
2282 4807 2402 4848 eum
2435 4793 2614 4848 vivere
2644 4794 2706 4846 ³⁸.
2751 4811 2770 4843 ι

2337 4883 2610 4938 CCLXXI.
2627 4913 2697 4925 —-
2720 4876 3198 4956 TIIEOQNOS'I’O.

320 4977 546 5044 Divitiw,
575 4991 759 5041 nonor,
784 4986 832 5030 et
870 4977 1152 5044 prudentia
1186 4976 1436 5040 humana,
1463 4975 1833 5095 caducalsznt,
1867 4975 1898 5026 it

1605 5053 1652 5096 et
1699 5060 1714 5096 ι
1756 5082 1769 5095 .
1803 5058 1864 5096 ιιι

1985 4983 2327 5114 ᾳῖιεῖβιόιηειαι
2357 4975 2464 5029 Deo
2499 4975 2778 5043 conlidere.
2811 4971 2988 5042 (Cani.
3016 4971 3164 5038 epist.
3209 4970 3265 5031 5,
3288 4966 3355 5022 50
3378 4975 3424 5019 et
3455 4966 3544 5030 58,

1983 5062 2007 5098 δ
2037 5087 2049 5101 .
2115 5067 2147 5100 ο
2187 5083 2201 5098 .

1605 5057 1652 5096 et
1678 5057 1769 5096 ιιο.
1803 5058 1864 5096 ιιι
1899 5057 2049 5113 epist.
2077 5057 2201 5100 250.

387 5157 574 5220 Οὐδὲν,
608 5149 653 5210 ὧ
695 5154 989 5226 θαυμάσιε,
1032 5154 1060 5205 ὁ
1097 5151 1348 5216 πλοῦτος,
1382 5152 1485 5205 κᾶν
1529 5150 1691 5215 πολὺς
1790 5151 1882 5203 καὶ

318 5246 581 5302 πάντοθεν
608 5246 840 5318 ἐπιρρέῃ
860 5262 874 5276 °
915 5245 1064 5298 οὐδὲν
1104 5245 1164 5300 τὸ
1205 5243 1443 5313 ἀξίωμα,
1470 5240 1572 5296 κᾶν
1604 5240 1880 5312 βασιλικὸν

2058 5151 2290 5216 Divitiae,
2325 5152 2408 5205 vir
2444 5150 2776 5215 admirande,
2829 5147 2928 5203 etsi
2982 5145 3182 5210 multa},
3214 5153 3266 5198 et
3311 5141 3546 5211 undique

1987 5240 2285 5308 alliucntes,
2321 5241 2452 5296 nihil
2486 5250 2626 5306 sunt,
2662 5253 2834 5308 neque
2865 5237 3118 5306 dignitas,
3150 5251 3216 5292 ne
3260 5236 3408 5306 regia-
3433 5235 3553 5305 qui-

392 5403 435 5434 “
465 5399 630 5456 lCor.
669 5410 744 5461 ιιι,
777 5395 868 5450 32.
955 5394 1000 5425 “
1027 5392 1126 5449 Job
1162 5408 1356 5455 χχχιιι,
1383 5390 1470 5446 5'2.
1547 5392 1592 5423 θ’
1621 5391 1752 5447 ibid.
1828 5393 1898 5446 δελ

1983 5403 2014 5450 t.
2054 5410 2243 5456 xxvm.
2275 5395 2332 5450 4.

1413 5507 1647 5563 VARUS
1684 5507 2063 5565 LECTIONES
2105 5510 2189 5564 ET
2233 5510 2464 5566 NOT/‘E.

392 5649 506 5718 (75)
538 5646 638 5703 Pro
662 5645 689 5698 ὁ
719 5645 830 5715 ἔχις
858 5646 1014 5702 ambo
1037 5643 1189 5701 codd.
1217 5643 1411 5700 habent
1447 5643 1477 5711 ἠ
1505 5642 1635 5712 ἔχις.
1671 5643 1879 5700 Possm.
